  <div class='ocr_page' id='page_1' title='image "/cluster/home/n/w/nwhite01/storage/ocr_20150623/18/hvd.32044073501215/479.png"; bbox 0 0 4072 6342; ppageno 0'>
   <div class='ocr_carea' id='block_1_1' title="bbox 415 329 586 388">
    <p class='ocr_par' dir='ltr' id='par_1_1' title="bbox 415 329 586 388">
     <span class='ocr_line' id='line_1_1' title="bbox 415 329 586 388; baseline -0.023 0"><span class='ocrx_word' id='word_1_1' title='bbox 415 343 417 345; x_wconf 81' lang='grc'><strong>’</strong></span> <span class='ocrx_word' id='word_1_2' title='bbox 479 329 586 388; x_wconf 78' lang='lat'><strong>939</strong></span> 
     </span>
    </p>
   </div>
   <div class='ocr_carea' id='block_1_2' title="bbox 1820 298 2373 365">
    <p class='ocr_par' dir='ltr' id='par_1_2' title="bbox 1820 298 2373 365">
     <span class='ocr_line' id='line_1_2' title="bbox 1820 298 2373 365; baseline -0.024 1"><span class='ocrx_word' id='word_1_3' title='bbox 1820 309 2066 365; x_wconf 78' lang='lat' dir='ltr'><strong>LEONIS</strong></span> <span class='ocrx_word' id='word_1_4' title='bbox 2099 298 2373 361; x_wconf 76' lang='lat' dir='ltr'><strong>ALLATII</strong></span> 
     </span>
    </p>
   </div>
   <div class='ocr_carea' id='block_1_3' title="bbox 3633 284 3736 340">
    <p class='ocr_par' dir='ltr' id='par_1_3' title="bbox 3633 284 3736 340">
     <span class='ocr_line' id='line_1_3' title="bbox 3633 284 3736 340; baseline -0.019 0"><span class='ocrx_word' id='word_1_5' title='bbox 3633 284 3736 340; x_wconf 68' lang='lat' dir='ltr'><strong>9M)</strong></span> 
     </span>
    </p>
   </div>
   <div class='ocr_carea' id='block_1_4' title="bbox 551 402 2084 506">
    <p class='ocr_par' dir='ltr' id='par_1_4' title="bbox 551 429 2059 506">
     <span class='ocr_line' id='line_1_4' title="bbox 551 429 2059 506; baseline -0.012 -6"><span class='ocrx_word' id='word_1_6' title='bbox 551 442 713 506; x_wconf 84' lang='lat' dir='ltr'><strong>lbid.,</strong></span> <span class='ocrx_word' id='word_1_7' title='bbox 765 441 861 494; x_wconf 92' lang='lat' dir='ltr'><strong>lin.</strong></span> <span class='ocrx_word' id='word_1_8' title='bbox 914 438 968 492; x_wconf 90' lang='lat'><strong>9.</strong></span> <span class='ocrx_word' id='word_1_9' title='bbox 1009 436 1102 502; x_wconf 81' lang='grc' dir='ltr'>Ὠς</span> <span class='ocrx_word' id='word_1_10' title='bbox 1167 433 1566 489; x_wconf 65' lang='grc' dir='ltr'>ἀποϐαλοῦσα</span> <span class='ocrx_word' id='word_1_11' title='bbox 1612 431 1781 499; x_wconf 83' lang='grc' dir='ltr'>πρός.</span> <span class='ocrx_word' id='word_1_12' title='bbox 1828 429 2059 484; x_wconf 78' lang='lat' dir='ltr'><strong>Amissis</strong></span> 
     </span>
    </p>
   </div>
   <div class='ocr_carea' id='block_1_5' title="bbox 2185 402 3739 506">
    <p class='ocr_par' dir='ltr' id='par_1_5' title="bbox 2185 402 3739 491">
     <span class='ocr_line' id='line_1_5' title="bbox 2185 402 3739 491; baseline -0.013 -17"><span class='ocrx_word' id='word_1_13' title='bbox 2185 421 2248 475; x_wconf 72' lang='grc' dir='ltr'><strong>ῑιὰ</strong></span> <span class='ocrx_word' id='word_1_14' title='bbox 2269 419 2332 472; x_wconf 79' lang='grc' dir='ltr'><strong>τὸ</strong></span> <span class='ocrx_word' id='word_1_15' title='bbox 2360 417 2582 491; x_wconf 75' lang='grc' dir='ltr'>θαρρεῖν</span> <span class='ocrx_word' id='word_1_16' title='bbox 2605 414 2680 478; x_wconf 89' lang='grc' dir='ltr'>ὼς</span> <span class='ocrx_word' id='word_1_17' title='bbox 2707 414 2918 485; x_wconf 84' lang='grc' dir='ltr'>ἔχοντες</span> <span class='ocrx_word' id='word_1_18' title='bbox 2943 402 2988 479; x_wconf 78' lang='grc' dir='ltr'>ᾧ</span> <span class='ocrx_word' id='word_1_19' title='bbox 3015 406 3329 480; x_wconf 86' lang='grc' dir='ltr'>ἀμύνονται.</span> <span class='ocrx_word' id='word_1_20' title='bbox 3360 403 3494 472; x_wconf 61' lang='lat' dir='ltr'><strong>Qum</strong></span> <span class='ocrx_word' id='word_1_21' title='bbox 3528 404 3602 457; x_wconf 85' lang='lat' dir='ltr'><strong>ita</strong></span> <span class='ocrx_word' id='word_1_22' title='bbox 3634 408 3739 456; x_wconf 82' lang='lat' dir='ltr'><strong>La-</strong></span> 
     </span>
    </p>
   </div>
   <div class='ocr_carea' id='block_1_6' title="bbox 475 522 2054 596">
    <p class='ocr_par' dir='ltr' id='par_1_6' title="bbox 475 522 2054 596">
     <span class='ocr_line' id='line_1_6' title="bbox 475 522 2054 596; baseline -0.012 -4"><span class='ocrx_word' id='word_1_23' title='bbox 475 539 622 592; x_wconf 83' lang='lat' dir='ltr'><strong>enim</strong></span> <span class='ocrx_word' id='word_1_24' title='bbox 647 531 908 589; x_wconf 88' lang='lat' dir='ltr'><strong>cornibus</strong></span> <span class='ocrx_word' id='word_1_25' title='bbox 936 526 1285 584; x_wconf 78' lang='lat' dir='ltr'><strong>solitudinem</strong></span> <span class='ocrx_word' id='word_1_26' title='bbox 1316 531 1508 596; x_wconf 88' lang='lat' dir='ltr'><strong>petunt</strong></span> <span class='ocrx_word' id='word_1_27' title='bbox 1526 531 1578 578; x_wconf 91' lang='lat' dir='ltr'><strong>et</strong></span> <span class='ocrx_word' id='word_1_28' title='bbox 1599 524 1718 577; x_wconf 89' lang='lat' dir='ltr'><strong>loca</strong></span> <span class='ocrx_word' id='word_1_29' title='bbox 1740 522 2054 588; x_wconf 87' lang='lat' dir='ltr'><strong>inaccessa;</strong></span> 
     </span>
    </p>
   </div>
   <div class='ocr_carea' id='block_1_7' title="bbox 477 609 2056 698">
    <p class='ocr_par' dir='ltr' id='par_1_7' title="bbox 477 609 2056 698">
     <span class='ocr_line' id='line_1_7' title="bbox 477 609 2056 698; baseline -0.011 -16"><span class='ocrx_word' id='word_1_30' title='bbox 477 640 647 698; x_wconf 87' lang='lat' dir='ltr'><strong>quare</strong></span> <span class='ocrx_word' id='word_1_31' title='bbox 695 622 749 676; x_wconf 91' lang='lat' dir='ltr'><strong>id</strong></span> <span class='ocrx_word' id='word_1_32' title='bbox 797 626 958 690; x_wconf 90' lang='lat' dir='ltr'><strong>agant</strong></span> <span class='ocrx_word' id='word_1_33' title='bbox 1002 616 1140 670; x_wconf 88' lang='lat' dir='ltr'><strong>varii</strong></span> <span class='ocrx_word' id='word_1_34' title='bbox 1185 613 1335 669; x_wconf 90' lang='lat' dir='ltr'><strong>varie</strong></span> <span class='ocrx_word' id='word_1_35' title='bbox 1380 612 1742 667; x_wconf 89' lang='lat' dir='ltr'><strong>tradiderunt.</strong></span> <span class='ocrx_word' id='word_1_36' title='bbox 1777 609 2056 680; x_wconf 84' lang='lat' dir='ltr'><strong>Oppianus</strong></span> 
     </span>
    </p>
   </div>
   <div class='ocr_carea' id='block_1_8' title="bbox 484 707 1403 784">
    <p class='ocr_par' dir='ltr' id='par_1_8' title="bbox 484 707 1403 784">
     <span class='ocr_line' id='line_1_8' title="bbox 484 707 1403 784; baseline -0.014 -11"><span class='ocrx_word' id='word_1_37' title='bbox 484 723 711 784; x_wconf 78' lang='grc' dir='ltr'>Κυνηγ.</span> <span class='ocrx_word' id='word_1_38' title='bbox 741 730 775 767; x_wconf 90' lang='grc' dir='ltr'><strong>ιι</strong></span> <span class='ocrx_word' id='word_1_39' title='bbox 807 714 870 765; x_wconf 81' lang='lat' dir='ltr'><strong>ad</strong></span> <span class='ocrx_word' id='word_1_40' title='bbox 904 709 1165 780; x_wconf 84' lang='lat' dir='ltr'><strong>pudorem</strong></span> <span class='ocrx_word' id='word_1_41' title='bbox 1194 707 1360 763; x_wconf 88' lang='lat' dir='ltr'><strong>refert</strong></span> <span class='ocrx_word' id='word_1_42' title='bbox 1391 724 1403 760; x_wconf 91' lang='lat'>:</span> 
     </span>
    </p>
   </div>
   <div class='ocr_carea' id='block_1_9' title="bbox 477 810 2058 886">
    <p class='ocr_par' dir='ltr' id='par_1_9' title="bbox 477 810 2058 886">
     <span class='ocr_line' id='line_1_9' title="bbox 477 810 2058 886; baseline -0.014 -3"><span class='ocrx_word' id='word_1_43' title='bbox 477 830 798 884; x_wconf 81' lang='grc' dir='ltr'>Κεύθονται</span> <span class='ocrx_word' id='word_1_44' title='bbox 828 822 879 875; x_wconf 79' lang='grc' dir='ltr'>δ’</span> <span class='ocrx_word' id='word_1_45' title='bbox 906 819 1072 875; x_wconf 77' lang='grc' dir='ltr'>αὐτοὶ</span> <span class='ocrx_word' id='word_1_46' title='bbox 1099 816 1388 886; x_wconf 84' lang='grc' dir='ltr'>πυμάτοις</span> <span class='ocrx_word' id='word_1_47' title='bbox 1423 810 1694 886; x_wconf 74' lang='grc' dir='ltr'>λασίοισι</span> <span class='ocrx_word' id='word_1_48' title='bbox 1718 828 1788 886; x_wconf 57' lang='grc' dir='ltr'><strong>τε</strong></span> <span class='ocrx_word' id='word_1_49' title='bbox 1817 810 2058 880; x_wconf 81' lang='grc' dir='ltr'>θάμνοις</span> 
     </span>
    </p>
   </div>
   <div class='ocr_carea' id='block_1_10' title="bbox 480 881 1848 966">
    <p class='ocr_par' dir='ltr' id='par_1_10' title="bbox 480 881 1848 966">
     <span class='ocr_line' id='line_1_10' title="bbox 480 881 1848 966; baseline -0.014 -13"><span class='ocrx_word' id='word_1_50' title='bbox 480 881 1077 966; x_wconf 32' lang='grc' dir='ltr'>λὶδόμενοι-θήρεσσι</span> <span class='ocrx_word' id='word_1_51' title='bbox 1115 881 1381 966; x_wconf 62' lang='grc' dir='ltr'>καρήατα</span> <span class='ocrx_word' id='word_1_52' title='bbox 1418 884 1542 966; x_wconf 69' lang='grc' dir='ltr'>τοῖα</span> <span class='ocrx_word' id='word_1_53' title='bbox 1582 881 1848 966; x_wconf 49' lang='lat' dir='ltr'><strong>spari-ﬁrm</strong></span> 
     </span>
    </p>
   </div>
   <div class='ocr_carea' id='block_1_11' title="bbox 482 953 1949 1037">
    <p class='ocr_par' dir='ltr' id='par_1_11' title="bbox 482 953 1949 1037">
     <span class='ocr_line' id='line_1_11' title="bbox 482 953 1949 1037; baseline -0.014 -14"><span class='ocrx_word' id='word_1_54' title='bbox 482 953 712 1037; x_wconf 67' lang='grc' dir='ltr'>ιὐμῖοὰ,</span> <span class='ocrx_word' id='word_1_55' title='bbox 744 964 816 1018; x_wconf 82' lang='grc' dir='ltr'><strong>τά</strong></span> <span class='ocrx_word' id='word_1_56' title='bbox 844 953 930 1016; x_wconf 70' lang='grc' dir='ltr'>τὸι</span> <span class='ocrx_word' id='word_1_57' title='bbox 955 953 1312 1029; x_wconf 74' lang='grc' dir='ltr'>προπάροιθε</span> <span class='ocrx_word' id='word_1_58' title='bbox 1339 955 1635 1025; x_wconf 78' lang='grc' dir='ltr'>μετήορον</span> <span class='ocrx_word' id='word_1_59' title='bbox 1661 953 1949 1022; x_wconf 81' lang='grc' dir='ltr'><strong>ἀείροντο.</strong></span> 
     </span>
    </p>
   </div>
   <div class='ocr_carea' id='block_1_12' title="bbox 482 1065 2062 1137">
    <p class='ocr_par' dir='ltr' id='par_1_12' title="bbox 482 1065 2062 1137">
     <span class='ocr_line' id='line_1_12' title="bbox 482 1065 2062 1137; baseline -0.011 -2"><span class='ocrx_word' id='word_1_60' title='bbox 482 1079 806 1137; x_wconf 88' lang='lat' dir='ltr'><strong>Aristoteles</strong></span> <span class='ocrx_word' id='word_1_61' title='bbox 836 1083 1016 1129; x_wconf 88' lang='lat' dir='ltr'><strong>tamen</strong></span> <span class='ocrx_word' id='word_1_62' title='bbox 1057 1086 1181 1125; x_wconf 87' lang='lat' dir='ltr'><strong>cum</strong></span> <span class='ocrx_word' id='word_1_63' title='bbox 1213 1069 1336 1124; x_wconf 89' lang='lat' dir='ltr'><strong>aliis</strong></span> <span class='ocrx_word' id='word_1_64' title='bbox 1373 1067 1617 1122; x_wconf 83' lang='lat' dir='ltr'><strong>eamdem</strong></span> <span class='ocrx_word' id='word_1_65' title='bbox 1651 1080 1811 1135; x_wconf 88' lang='lat' dir='ltr'><strong>quam</strong></span> <span class='ocrx_word' id='word_1_66' title='bbox 1847 1065 1934 1118; x_wconf 92' lang='lat' dir='ltr'><strong>hic</strong></span> <span class='ocrx_word' id='word_1_67' title='bbox 1965 1077 2062 1118; x_wconf 85' lang='lat' dir='ltr'><strong>no-</strong></span> 
     </span>
    </p>
   </div>
   <div class='ocr_carea' id='block_1_13' title="bbox 484 1156 2060 1230">
    <p class='ocr_par' dir='ltr' id='par_1_13' title="bbox 484 1156 2060 1230">
     <span class='ocr_line' id='line_1_13' title="bbox 484 1156 2060 1230; baseline -0.013 -2"><span class='ocrx_word' id='word_1_68' title='bbox 484 1182 598 1230; x_wconf 81' lang='lat' dir='ltr'><strong>ster</strong></span> <span class='ocrx_word' id='word_1_69' title='bbox 630 1178 821 1224; x_wconf 89' lang='lat' dir='ltr'><strong>auctor</strong></span> <span class='ocrx_word' id='word_1_70' title='bbox 850 1180 1072 1220; x_wconf 81' lang='lat' dir='ltr'><strong>causam</strong></span> <span class='ocrx_word' id='word_1_71' title='bbox 1107 1162 1281 1223; x_wconf 80' lang='lat' dir='ltr'><strong>all‘ert,</strong></span> <span class='ocrx_word' id='word_1_72' title='bbox 1321 1159 1549 1213; x_wconf 87' lang='lat' dir='ltr'><strong>nimium</strong></span> <span class='ocrx_word' id='word_1_73' title='bbox 1584 1156 1711 1226; x_wconf 89' lang='lat' dir='ltr'><strong>quia</strong></span> <span class='ocrx_word' id='word_1_74' title='bbox 1751 1169 2060 1210; x_wconf 88' lang='lat' dir='ltr'><strong>muscarum</strong></span> 
     </span>
    </p>
   </div>
   <div class='ocr_carea' id='block_1_14' title="bbox 483 1250 2062 1322">
    <p class='ocr_par' dir='ltr' id='par_1_14' title="bbox 483 1250 2062 1322">
     <span class='ocr_line' id='line_1_14' title="bbox 483 1250 2062 1322; baseline -0.011 -4"><span class='ocrx_word' id='word_1_75' title='bbox 483 1276 726 1318; x_wconf 88' lang='lat' dir='ltr'><strong>morsum</strong></span> <span class='ocrx_word' id='word_1_76' title='bbox 787 1262 1058 1319; x_wconf 88' lang='lat' dir='ltr'><strong>metuunt,</strong></span> <span class='ocrx_word' id='word_1_77' title='bbox 1093 1267 1213 1322; x_wconf 64' lang='lat' dir='ltr'><strong>qua:</strong></span> <span class='ocrx_word' id='word_1_78' title='bbox 1261 1250 1473 1304; x_wconf 85' lang='lat' dir='ltr'><strong>radices</strong></span> <span class='ocrx_word' id='word_1_79' title='bbox 1535 1262 1800 1302; x_wconf 89' lang='lat' dir='ltr'><strong>cornuum</strong></span> <span class='ocrx_word' id='word_1_80' title='bbox 1845 1255 2062 1300; x_wconf 87' lang='lat' dir='ltr'><strong>teneras</strong></span> 
     </span>
    </p>
   </div>
   <div class='ocr_carea' id='block_1_15' title="bbox 486 1337 2062 1424">
    <p class='ocr_par' dir='ltr' id='par_1_15' title="bbox 486 1337 2062 1424">
     <span class='ocr_line' id='line_1_15' title="bbox 486 1337 2062 1424; baseline -0.015 -12"><span class='ocrx_word' id='word_1_81' title='bbox 486 1355 644 1412; x_wconf 78' lang='lat' dir='ltr'><strong>facile</strong></span> <span class='ocrx_word' id='word_1_82' title='bbox 674 1352 1040 1424; x_wconf 86' lang='lat' dir='ltr'><strong>perforarent,</strong></span> <span class='ocrx_word' id='word_1_83' title='bbox 1070 1361 1194 1399; x_wconf 90' lang='lat' dir='ltr'><strong>cum</strong></span> <span class='ocrx_word' id='word_1_84' title='bbox 1229 1356 1443 1398; x_wconf 89' lang='lat' dir='ltr'><strong>summo</strong></span> <span class='ocrx_word' id='word_1_85' title='bbox 1473 1355 1660 1394; x_wconf 90' lang='lat' dir='ltr'><strong>eorum</strong></span> <span class='ocrx_word' id='word_1_86' title='bbox 1697 1337 1903 1392; x_wconf 87' lang='lat' dir='ltr'><strong>dolore.</strong></span> <span class='ocrx_word' id='word_1_87' title='bbox 1930 1338 2062 1391; x_wconf 86' lang='lat' dir='ltr'><strong>ltem</strong></span> 
     </span>
    </p>
   </div>
   <div class='ocr_carea' id='block_1_16' title="bbox 485 1429 2066 1517">
    <p class='ocr_par' dir='ltr' id='par_1_16' title="bbox 485 1429 2066 1517">
     <span class='ocr_line' id='line_1_16' title="bbox 485 1429 2066 1517; baseline -0.012 -16"><span class='ocrx_word' id='word_1_88' title='bbox 485 1446 611 1517; x_wconf 69' lang='lat' dir='ltr'><strong>quia</strong></span> <span class='ocrx_word' id='word_1_89' title='bbox 639 1460 746 1498; x_wconf 90' lang='lat' dir='ltr'><strong>non</strong></span> <span class='ocrx_word' id='word_1_90' title='bbox 770 1441 1021 1500; x_wconf 84' lang='lat' dir='ltr'><strong>habeant,</strong></span> <span class='ocrx_word' id='word_1_91' title='bbox 1046 1451 1153 1507; x_wconf 91' lang='lat' dir='ltr'><strong>quo</strong></span> <span class='ocrx_word' id='word_1_92' title='bbox 1178 1450 1235 1490; x_wconf 87' lang='lat' dir='ltr'><strong>se</strong></span> <span class='ocrx_word' id='word_1_93' title='bbox 1265 1433 1334 1488; x_wconf 90' lang='lat' dir='ltr'><strong>ab</strong></span> <span class='ocrx_word' id='word_1_94' title='bbox 1367 1433 1489 1488; x_wconf 79' lang='lat' dir='ltr'><strong>aliis</strong></span> <span class='ocrx_word' id='word_1_95' title='bbox 1520 1432 1648 1485; x_wconf 86' lang='lat' dir='ltr'><strong>feris</strong></span> <span class='ocrx_word' id='word_1_96' title='bbox 1674 1429 2066 1500; x_wconf 83' lang='lat' dir='ltr'><strong>pr0pugnando</strong></span> 
     </span>
    </p>
   </div>
   <div class='ocr_carea' id='block_1_17' title="bbox 486 1519 2067 1593">
    <p class='ocr_par' dir='ltr' id='par_1_17' title="bbox 486 1519 2067 1593">
     <span class='ocr_line' id='line_1_17' title="bbox 486 1519 2067 1593; baseline -0.013 0"><span class='ocrx_word' id='word_1_97' title='bbox 486 1535 805 1593; x_wconf 74' lang='lat' dir='ltr'><strong>defendant,</strong></span> <span class='ocrx_word' id='word_1_98' title='bbox 841 1531 916 1584; x_wconf 89' lang='lat' dir='ltr'><strong>De</strong></span> <span class='ocrx_word' id='word_1_99' title='bbox 959 1530 1086 1582; x_wconf 85' lang='lat' dir='ltr'><strong>hist.</strong></span> <span class='ocrx_word' id='word_1_100' title='bbox 1141 1526 1330 1588; x_wconf 87' lang='lat' dir='ltr'><strong>anim.,</strong></span> <span class='ocrx_word' id='word_1_101' title='bbox 1364 1523 1456 1577; x_wconf 91' lang='lat' dir='ltr'><strong>lib.</strong></span> <span class='ocrx_word' id='word_1_102' title='bbox 1509 1538 1584 1584; x_wconf 81' lang='lat' dir='ltr'><strong>ix,</strong></span> <span class='ocrx_word' id='word_1_103' title='bbox 1623 1537 1744 1591; x_wconf 87' lang='lat' dir='ltr'><strong>cap.</strong></span> <span class='ocrx_word' id='word_1_104' title='bbox 1775 1521 1854 1575; x_wconf 84' lang='lat'><strong>5:</strong></span> <span class='ocrx_word' id='word_1_105' title='bbox 1899 1519 2067 1585; x_wconf 87' lang='lat' dir='ltr'><strong>Quasi</strong></span> 
     </span>
    </p>
   </div>
   <div class='ocr_carea' id='block_1_18' title="bbox 487 1610 2068 1683">
    <p class='ocr_par' dir='ltr' id='par_1_18' title="bbox 487 1610 2068 1683">
     <span class='ocr_line' id='line_1_18' title="bbox 487 1610 2068 1683; baseline -0.014 -1"><span class='ocrx_word' id='word_1_106' title='bbox 487 1628 624 1683; x_wconf 83' lang='lat' dir='ltr'><strong>enim</strong></span> <span class='ocrx_word' id='word_1_107' title='bbox 658 1641 757 1678; x_wconf 88' lang='lat' dir='ltr'><strong>sua</strong></span> <span class='ocrx_word' id='word_1_108' title='bbox 791 1621 1029 1675; x_wconf 84' lang='lat' dir='ltr'><strong>amiserit</strong></span> <span class='ocrx_word' id='word_1_109' title='bbox 1064 1634 1237 1680; x_wconf 89' lang='lat' dir='ltr'><strong>arma,</strong></span> <span class='ocrx_word' id='word_1_110' title='bbox 1278 1623 1422 1668; x_wconf 79' lang='lat' dir='ltr'><strong>caret</strong></span> <span class='ocrx_word' id='word_1_111' title='bbox 1465 1631 1526 1667; x_wconf 91' lang='lat' dir='ltr'><strong>ne</strong></span> <span class='ocrx_word' id='word_1_112' title='bbox 1571 1612 1789 1666; x_wconf 75' lang='lat' dir='ltr'><strong>inermis</strong></span> <span class='ocrx_word' id='word_1_113' title='bbox 1837 1610 2068 1679; x_wconf 83' lang='lat' dir='ltr'><strong>reperia-</strong></span> 
     </span>
    </p>
   </div>
   <div class='ocr_carea' id='block_1_19' title="bbox 491 1701 2067 1773">
    <p class='ocr_par' dir='ltr' id='par_1_19' title="bbox 491 1701 2067 1773">
     <span class='ocr_line' id='line_1_19' title="bbox 491 1701 2067 1773; baseline -0.013 -1"><span class='ocrx_word' id='word_1_114' title='bbox 491 1728 598 1772; x_wconf 87' lang='lat' dir='ltr'><strong>tur.</strong></span> <span class='ocrx_word' id='word_1_115' title='bbox 652 1714 716 1767; x_wconf 85' lang='lat' dir='ltr'><strong>Et</strong></span> <span class='ocrx_word' id='word_1_116' title='bbox 759 1712 990 1766; x_wconf 80' lang='lat' dir='ltr'><strong>inferius</strong></span> <span class='ocrx_word' id='word_1_117' title='bbox 1036 1727 1048 1762; x_wconf 88' lang='lat'><strong>:</strong></span> <span class='ocrx_word' id='word_1_118' title='bbox 1098 1706 1360 1760; x_wconf 81' lang='lat' dir='ltr'><strong>Amittunt</strong></span> <span class='ocrx_word' id='word_1_119' title='bbox 1404 1701 1625 1773; x_wconf 79' lang='lat' dir='ltr'><strong>singulis</strong></span> <span class='ocrx_word' id='word_1_120' title='bbox 1666 1701 1823 1754; x_wconf 87' lang='lat' dir='ltr'><strong>annis</strong></span> <span class='ocrx_word' id='word_1_121' title='bbox 1865 1715 2067 1753; x_wconf 85' lang='lat' dir='ltr'><strong>cornua</strong></span> 
     </span>
    </p>
   </div>
   <div class='ocr_carea' id='block_1_20' title="bbox 2159 501 3739 580">
    <p class='ocr_par' dir='ltr' id='par_1_20' title="bbox 2159 501 3739 580">
     <span class='ocr_line' id='line_1_20' title="bbox 2159 501 3739 580; baseline -0.013 -13"><span class='ocrx_word' id='word_1_122' title='bbox 2159 514 2272 567; x_wconf 89' lang='lat' dir='ltr'><strong>tine</strong></span> <span class='ocrx_word' id='word_1_123' title='bbox 2299 509 2564 580; x_wconf 80' lang='lat' dir='ltr'><strong>expressit</strong></span> <span class='ocrx_word' id='word_1_124' title='bbox 2603 505 2813 561; x_wconf 85' lang='lat' dir='ltr'><strong>Plinius</strong></span> <span class='ocrx_word' id='word_1_125' title='bbox 2847 524 2860 558; x_wconf 89' lang='lat'><strong>:</strong></span> <span class='ocrx_word' id='word_1_126' title='bbox 2901 501 3199 566; x_wconf 86' lang='lat' dir='ltr'><strong>Erumpunt</strong></span> <span class='ocrx_word' id='word_1_127' title='bbox 3236 507 3411 552; x_wconf 87' lang='lat' dir='ltr'><strong>autem</strong></span> <span class='ocrx_word' id='word_1_128' title='bbox 3459 512 3739 550; x_wconf 85' lang='lat' dir='ltr'><strong>renascen-</strong></span> 
     </span>
    </p>
   </div>
   <div class='ocr_carea' id='block_1_21' title="bbox 2159 587 3736 667">
    <p class='ocr_par' dir='ltr' id='par_1_21' title="bbox 2159 587 3736 667">
     <span class='ocr_line' id='line_1_21' title="bbox 2159 587 3736 667; baseline -0.013 -7"><span class='ocrx_word' id='word_1_129' title='bbox 2159 605 2298 660; x_wconf 88' lang='lat' dir='ltr'><strong>tibus</strong></span> <span class='ocrx_word' id='word_1_130' title='bbox 2351 599 2617 655; x_wconf 77' lang='lat' dir='ltr'><strong>tuberibus</strong></span> <span class='ocrx_word' id='word_1_131' title='bbox 2664 599 2836 667; x_wconf 88' lang='lat' dir='ltr'><strong>primo</strong></span> <span class='ocrx_word' id='word_1_132' title='bbox 2881 595 3050 649; x_wconf 74' lang='lat' dir='ltr'><strong>aridw</strong></span> <span class='ocrx_word' id='word_1_133' title='bbox 3092 594 3226 647; x_wconf 88' lang='lat' dir='ltr'><strong>cutis</strong></span> <span class='ocrx_word' id='word_1_134' title='bbox 3268 589 3490 644; x_wconf 80' lang='lat' dir='ltr'><strong>similia.</strong></span> <span class='ocrx_word' id='word_1_135' title='bbox 3541 587 3736 642; x_wconf 83' lang='lat' dir='ltr'><strong>Eadem</strong></span> 
     </span>
    </p>
   </div>
   <div class='ocr_carea' id='block_1_22' title="bbox 2160 680 3738 759">
    <p class='ocr_par' dir='ltr' id='par_1_22' title="bbox 2160 680 3738 759">
     <span class='ocr_line' id='line_1_22' title="bbox 2160 680 3738 759; baseline -0.013 -8"><span class='ocrx_word' id='word_1_136' title='bbox 2160 697 2347 751; x_wconf 85' lang='lat' dir='ltr'><strong>teneris</strong></span> <span class='ocrx_word' id='word_1_137' title='bbox 2397 695 2692 748; x_wconf 87' lang='lat' dir='ltr'><strong>increscunt</strong></span> <span class='ocrx_word' id='word_1_138' title='bbox 2745 689 2930 759; x_wconf 80' lang='lat' dir='ltr'><strong>ferulis</strong></span> <span class='ocrx_word' id='word_1_139' title='bbox 2977 683 3297 740; x_wconf 84' lang='lat' dir='ltr'><strong>arundineas</strong></span> <span class='ocrx_word' id='word_1_140' title='bbox 3347 683 3404 734; x_wconf 86' lang='lat' dir='ltr'><strong>in</strong></span> <span class='ocrx_word' id='word_1_141' title='bbox 3446 680 3738 748; x_wconf 83' lang='lat' dir='ltr'><strong>particulas</strong></span> 
     </span>
    </p>
   </div>
   <div class='ocr_carea' id='block_1_23' title="bbox 2160 774 3740 857">
    <p class='ocr_par' dir='ltr' id='par_1_23' title="bbox 2160 774 3740 857">
     <span class='ocr_line' id='line_1_23' title="bbox 2160 774 3740 857; baseline -0.013 -13"><span class='ocrx_word' id='word_1_142' title='bbox 2160 789 2308 843; x_wconf 88' lang='lat' dir='ltr'><strong>molli</strong></span> <span class='ocrx_word' id='word_1_143' title='bbox 2352 787 2593 857; x_wconf 87' lang='lat' dir='ltr'><strong>plumata</strong></span> <span class='ocrx_word' id='word_1_144' title='bbox 2635 783 2902 853; x_wconf 81' lang='lat' dir='ltr'><strong>lanugine.</strong></span> <span class='ocrx_word' id='word_1_145' title='bbox 2945 778 3194 846; x_wconf 74' lang='lat' dir='ltr'><strong>Quandiu</strong></span> <span class='ocrx_word' id='word_1_146' title='bbox 3219 784 3396 828; x_wconf 86' lang='lat' dir='ltr'><strong>carent</strong></span> <span class='ocrx_word' id='word_1_147' title='bbox 3440 774 3529 838; x_wconf 90' lang='lat' dir='ltr'><strong>iis,</strong></span> <span class='ocrx_word' id='word_1_148' title='bbox 3573 775 3740 826; x_wconf 68' lang='lat' dir='ltr'><strong>nocti-</strong></span> 
     </span>
    </p>
   </div>
   <div class='ocr_carea' id='block_1_24' title="bbox 2162 866 3740 949">
    <p class='ocr_par' dir='ltr' id='par_1_24' title="bbox 2162 866 3740 949">
     <span class='ocr_line' id='line_1_24' title="bbox 2162 866 3740 949; baseline -0.013 -13"><span class='ocrx_word' id='word_1_149' title='bbox 2162 882 2256 936; x_wconf 89' lang='lat' dir='ltr'><strong>bus</strong></span> <span class='ocrx_word' id='word_1_150' title='bbox 2290 876 2576 949; x_wconf 86' lang='lat' dir='ltr'><strong>procedunt</strong></span> <span class='ocrx_word' id='word_1_151' title='bbox 2617 878 2684 929; x_wconf 91' lang='lat' dir='ltr'><strong>ad</strong></span> <span class='ocrx_word' id='word_1_152' title='bbox 2714 873 2932 943; x_wconf 87' lang='lat' dir='ltr'><strong>pabula,</strong></span> <span class='ocrx_word' id='word_1_153' title='bbox 2984 869 3330 924; x_wconf 87' lang='lat' dir='ltr'><strong>increscentia</strong></span> <span class='ocrx_word' id='word_1_154' title='bbox 3373 866 3505 920; x_wconf 88' lang='lat' dir='ltr'><strong>solis</strong></span> <span class='ocrx_word' id='word_1_155' title='bbox 3556 880 3740 931; x_wconf 79' lang='lat' dir='ltr'><strong>vapore</strong></span> 
     </span>
    </p>
   </div>
   <div class='ocr_carea' id='block_1_25' title="bbox 2161 957 3740 1035">
    <p class='ocr_par' dir='ltr' id='par_1_25' title="bbox 2161 957 3740 1035">
     <span class='ocr_line' id='line_1_25' title="bbox 2161 957 3740 1035; baseline -0.011 -9"><span class='ocrx_word' id='word_1_156' title='bbox 2161 977 2378 1035; x_wconf 85' lang='lat' dir='ltr'><strong>durant,</strong></span> <span class='ocrx_word' id='word_1_157' title='bbox 2425 969 2493 1023; x_wconf 90' lang='lat' dir='ltr'><strong>ad</strong></span> <span class='ocrx_word' id='word_1_158' title='bbox 2538 967 2752 1021; x_wconf 87' lang='lat' dir='ltr'><strong>arbores</strong></span> <span class='ocrx_word' id='word_1_159' title='bbox 2791 963 3011 1019; x_wconf 83' lang='lat' dir='ltr'><strong>subinde</strong></span> <span class='ocrx_word' id='word_1_160' title='bbox 3038 962 3378 1030; x_wconf 76' lang='lat' dir='ltr'><strong>experientes,</strong></span> <span class='ocrx_word' id='word_1_161' title='bbox 3419 957 3508 1011; x_wconf 90' lang='lat' dir='ltr'><strong>ubi</strong></span> <span class='ocrx_word' id='word_1_162' title='bbox 3539 957 3740 1023; x_wconf 76' lang='lat' dir='ltr'><strong>placuit</strong></span> 
     </span>
    </p>
   </div>
   <div class='ocr_carea' id='block_1_26' title="bbox 2161 1051 3742 1129">
    <p class='ocr_par' dir='ltr' id='par_1_26' title="bbox 2161 1051 3742 1129">
     <span class='ocr_line' id='line_1_26' title="bbox 2161 1051 3742 1129; baseline -0.012 -9"><span class='ocrx_word' id='word_1_163' title='bbox 2161 1065 2323 1120; x_wconf 87' lang='lat' dir='ltr'><strong>robur</strong></span> <span class='ocrx_word' id='word_1_164' title='bbox 2351 1064 2401 1116; x_wconf 89' lang='lat' dir='ltr'><strong>in</strong></span> <span class='ocrx_word' id='word_1_165' title='bbox 2434 1069 2614 1129; x_wconf 87' lang='lat' dir='ltr'><strong>aperta</strong></span> <span class='ocrx_word' id='word_1_166' title='bbox 2657 1057 2935 1128; x_wconf 85' lang='lat' dir='ltr'><strong>prodeunt.</strong></span> <span class='ocrx_word' id='word_1_167' title='bbox 2970 1054 3076 1110; x_wconf 86' lang='lat' dir='ltr'><strong>Sed</strong></span> <span class='ocrx_word' id='word_1_168' title='bbox 3115 1052 3269 1108; x_wconf 57' lang='lat' dir='ltr'><strong>nefas</strong></span> <span class='ocrx_word' id='word_1_169' title='bbox 3316 1058 3400 1106; x_wconf 86' lang='lat' dir='ltr'><strong>est</strong></span> <span class='ocrx_word' id='word_1_170' title='bbox 3447 1051 3537 1104; x_wconf 89' lang='lat' dir='ltr'><strong>hic</strong></span> <span class='ocrx_word' id='word_1_171' title='bbox 3577 1051 3742 1102; x_wconf 89' lang='lat' dir='ltr'><strong>omit-</strong></span> 
     </span>
    </p>
   </div>
   <div class='ocr_carea' id='block_1_27' title="bbox 2162 1141 3744 1220">
    <p class='ocr_par' dir='ltr' id='par_1_27' title="bbox 2162 1141 3744 1220">
     <span class='ocr_line' id='line_1_27' title="bbox 2162 1141 3744 1220; baseline -0.009 -9"><span class='ocrx_word' id='word_1_172' title='bbox 2162 1163 2278 1211; x_wconf 87' lang='lat' dir='ltr'><strong>tere</strong></span> <span class='ocrx_word' id='word_1_173' title='bbox 2323 1153 2377 1208; x_wconf 91' lang='lat' dir='ltr'><strong>in</strong></span> <span class='ocrx_word' id='word_1_174' title='bbox 2431 1151 2674 1220; x_wconf 86' lang='lat' dir='ltr'><strong>subjecta</strong></span> <span class='ocrx_word' id='word_1_175' title='bbox 2718 1148 2946 1202; x_wconf 88' lang='lat' dir='ltr'><strong>materia</strong></span> <span class='ocrx_word' id='word_1_176' title='bbox 2977 1146 3200 1200; x_wconf 84' lang='lat' dir='ltr'><strong>verbum</strong></span> <span class='ocrx_word' id='word_1_177' title='bbox 3239 1143 3571 1204; x_wconf 88' lang='lat' dir='ltr'><strong>Aristotelis,</strong></span> <span class='ocrx_word' id='word_1_178' title='bbox 3599 1141 3744 1210; x_wconf 87' lang='lat' dir='ltr'><strong>quod</strong></span> 
     </span>
    </p>
   </div>
   <div class='ocr_carea' id='block_1_28' title="bbox 2167 1235 3745 1316">
    <p class='ocr_par' dir='ltr' id='par_1_28' title="bbox 2167 1235 3745 1316">
     <span class='ocr_line' id='line_1_28' title="bbox 2167 1235 3745 1316; baseline -0.008 -16"><span class='ocrx_word' id='word_1_179' title='bbox 2167 1245 2378 1316; x_wconf 82' lang='lat' dir='ltr'><strong>magnis</strong></span> <span class='ocrx_word' id='word_1_180' title='bbox 2420 1242 2555 1296; x_wconf 86' lang='lat' dir='ltr'><strong>viris</strong></span> <span class='ocrx_word' id='word_1_181' title='bbox 2589 1239 2865 1308; x_wconf 81' lang='lat' dir='ltr'><strong>negotium</strong></span> <span class='ocrx_word' id='word_1_182' title='bbox 2907 1235 3218 1295; x_wconf 81' lang='lat' dir='ltr'><strong>lacessisse,</strong></span> <span class='ocrx_word' id='word_1_183' title='bbox 3247 1249 3313 1289; x_wconf 81' lang='lat' dir='ltr'><strong>ex</strong></span> <span class='ocrx_word' id='word_1_184' title='bbox 3343 1248 3534 1288; x_wconf 91' lang='lat' dir='ltr'><strong>eorum</strong></span> <span class='ocrx_word' id='word_1_185' title='bbox 3571 1235 3745 1288; x_wconf 53' lang='lat' dir='ltr'><strong>inter.</strong></span> 
     </span>
    </p>
   </div>
   <div class='ocr_carea' id='block_1_29' title="bbox 2166 1325 3745 1406">
    <p class='ocr_par' dir='ltr' id='par_1_29' title="bbox 2166 1325 3745 1406">
     <span class='ocr_line' id='line_1_29' title="bbox 2166 1325 3745 1406; baseline -0.005 -16"><span class='ocrx_word' id='word_1_186' title='bbox 2166 1333 2560 1406; x_wconf 87' lang='lat' dir='ltr'><strong>pretationibus</strong></span> <span class='ocrx_word' id='word_1_187' title='bbox 2621 1328 2966 1384; x_wconf 82' lang='lat' dir='ltr'><strong>manifestum</strong></span> <span class='ocrx_word' id='word_1_188' title='bbox 3030 1335 3131 1382; x_wconf 88' lang='lat' dir='ltr'><strong>est.</strong></span> <span class='ocrx_word' id='word_1_189' title='bbox 3200 1327 3288 1379; x_wconf 90' lang='lat' dir='ltr'><strong>Ait</strong></span> <span class='ocrx_word' id='word_1_190' title='bbox 3359 1325 3745 1382; x_wconf 83' lang='lat' dir='ltr'><strong>Aristoteles:</strong></span> 
     </span>
    </p>
   </div>
   <div class='ocr_carea' id='block_1_30' title="bbox 2170 1418 3750 1497">
    <p class='ocr_par' dir='ltr' id='par_1_30' title="bbox 2170 1418 3750 1497">
     <span class='ocr_line' id='line_1_30' title="bbox 2170 1418 3750 1497; baseline -0.006 -16"><span class='ocrx_word' id='word_1_191' title='bbox 2170 1428 2308 1497; x_wconf 87' lang='grc' dir='ltr'>Ἤδη</span> <span class='ocrx_word' id='word_1_192' title='bbox 2341 1426 2399 1479; x_wconf 86' lang='grc' dir='ltr'>δὲ</span> <span class='ocrx_word' id='word_1_193' title='bbox 2453 1424 2704 1494; x_wconf 73' lang='grc' dir='ltr'>εἴληπται</span> <span class='ocrx_word' id='word_1_194' title='bbox 2733 1419 2957 1489; x_wconf 80' lang='grc' dir='ltr'>ἀχαίτης</span> <span class='ocrx_word' id='word_1_195' title='bbox 2997 1419 3190 1487; x_wconf 79' lang='grc' dir='ltr'>ἔλαφος</span> <span class='ocrx_word' id='word_1_196' title='bbox 3229 1419 3319 1471; x_wconf 79' lang='grc' dir='ltr'>ἐπὶ</span> <span class='ocrx_word' id='word_1_197' title='bbox 3352 1418 3458 1497; x_wconf 81' lang='grc' dir='ltr'>τῶν</span> <span class='ocrx_word' id='word_1_198' title='bbox 3504 1419 3750 1490; x_wconf 79' lang='grc' dir='ltr'><strong>κεράτων</strong></span> 
     </span>
    </p>
   </div>
   <div class='ocr_carea' id='block_1_31' title="bbox 2166 1494 3750 1591">
    <p class='ocr_par' dir='ltr' id='par_1_31' title="bbox 2166 1494 3750 1591">
     <span class='ocr_line' id='line_1_31' title="bbox 2166 1494 3750 1591; baseline -0.006 -18"><span class='ocrx_word' id='word_1_199' title='bbox 2166 1494 2499 1591; x_wconf 33' lang='grc' dir='ltr'>ἔχον-κιττὸν</span> <span class='ocrx_word' id='word_1_200' title='bbox 2529 1501 2697 1568; x_wconf 61' lang='grc' dir='ltr'>πολύν</span> <span class='ocrx_word' id='word_1_201' title='bbox 2731 1511 3009 1581; x_wconf 82' lang='grc' dir='ltr'><strong>πεφυκότα</strong></span> <span class='ocrx_word' id='word_1_202' title='bbox 3043 1511 3270 1582; x_wconf 82' lang='grc' dir='ltr'>χλωρὸν,</span> <span class='ocrx_word' id='word_1_203' title='bbox 3303 1510 3378 1574; x_wconf 83' lang='grc' dir='ltr'>ὡς</span> <span class='ocrx_word' id='word_1_204' title='bbox 3404 1494 3632 1564; x_wconf 75' lang='grc' dir='ltr'>ἁπαλῶν</span> <span class='ocrx_word' id='word_1_205' title='bbox 3661 1512 3750 1564; x_wconf 74' lang='grc' dir='ltr'><strong>ὅν-</strong></span> 
     </span>
    </p>
   </div>
   <div class='ocr_carea' id='block_1_32' title="bbox 2165 1600 3750 1678">
    <p class='ocr_par' dir='ltr' id='par_1_32' title="bbox 2165 1600 3750 1678">
     <span class='ocr_line' id='line_1_32' title="bbox 2165 1600 3750 1678; baseline -0.008 -11"><span class='ocrx_word' id='word_1_206' title='bbox 2165 1629 2272 1668; x_wconf 84' lang='grc' dir='ltr'><strong>των</strong></span> <span class='ocrx_word' id='word_1_207' title='bbox 2301 1610 2407 1663; x_wconf 84' lang='grc' dir='ltr'>τῶν</span> <span class='ocrx_word' id='word_1_208' title='bbox 2439 1608 2682 1678; x_wconf 77' lang='grc' dir='ltr'><strong>κεράτων</strong></span> <span class='ocrx_word' id='word_1_209' title='bbox 2711 1601 3007 1674; x_wconf 82' lang='grc' dir='ltr'>ὲμφύοντα,</span> <span class='ocrx_word' id='word_1_210' title='bbox 3041 1601 3231 1671; x_wconf 81' lang='grc' dir='ltr'>ὥσπερ</span> <span class='ocrx_word' id='word_1_211' title='bbox 3259 1603 3317 1654; x_wconf 83' lang='grc' dir='ltr'><strong>ὲν</strong></span> <span class='ocrx_word' id='word_1_212' title='bbox 3357 1600 3497 1668; x_wconf 82' lang='grc' dir='ltr'><strong>ξύλῳ</strong></span> <span class='ocrx_word' id='word_1_213' title='bbox 3530 1600 3750 1672; x_wconf 78' lang='grc' dir='ltr'>χλωρῷ.</span> 
     </span>
    </p>
   </div>
   <div class='ocr_carea' id='block_1_33' title="bbox 2168 1692 3752 1762">
    <p class='ocr_par' dir='ltr' id='par_1_33' title="bbox 2168 1692 3752 1762">
     <span class='ocr_line' id='line_1_33' title="bbox 2168 1692 3752 1762; baseline -0.008 -4"><span class='ocrx_word' id='word_1_214' title='bbox 2168 1703 2492 1759; x_wconf 82' lang='lat' dir='ltr'><strong>Theodorus</strong></span> <span class='ocrx_word' id='word_1_215' title='bbox 2523 1699 2668 1753; x_wconf 83' lang='lat' dir='ltr'><strong>Gaza</strong></span> <span class='ocrx_word' id='word_1_216' title='bbox 2709 1697 2784 1751; x_wconf 89' lang='lat' dir='ltr'><strong>ita</strong></span> <span class='ocrx_word' id='word_1_217' title='bbox 2816 1696 2974 1748; x_wconf 84' lang='lat' dir='ltr'><strong>vertit</strong></span> <span class='ocrx_word' id='word_1_218' title='bbox 3005 1713 3016 1748; x_wconf 96' lang='lat'>:</span> <span class='ocrx_word' id='word_1_219' title='bbox 3055 1692 3255 1762; x_wconf 79' lang='lat' dir='ltr'><strong>Captus</strong></span> <span class='ocrx_word' id='word_1_220' title='bbox 3293 1692 3411 1761; x_wconf 84' lang='lat' dir='ltr'><strong>jam</strong></span> <span class='ocrx_word' id='word_1_221' title='bbox 3443 1710 3622 1746; x_wconf 79' lang='lat' dir='ltr'><strong>cervus</strong></span> <span class='ocrx_word' id='word_1_222' title='bbox 3651 1701 3752 1755; x_wconf 86' lang='lat' dir='ltr'><strong>est,</strong></span> 
     </span>
    </p>
   </div>
   <div class='ocr_carea' id='block_1_34' title="bbox 492 1784 3754 1876">
    <p class='ocr_par' dir='ltr' id='par_1_34' title="bbox 492 1784 3754 1876">
     <span class='ocr_line' id='line_1_34' title="bbox 492 1784 3754 1876; baseline -0.006 -17"><span class='ocrx_word' id='word_1_223' title='bbox 492 1824 664 1863; x_wconf 80' lang='lat' dir='ltr'><strong>mense</strong></span> <span class='ocrx_word' id='word_1_224' title='bbox 684 1805 895 1875; x_wconf 84' lang='lat' dir='ltr'><strong>Aprili:</strong></span> <span class='ocrx_word' id='word_1_225' title='bbox 922 1818 1041 1872; x_wconf 77' lang='lat' dir='ltr'><strong>qua:</strong></span> <span class='ocrx_word' id='word_1_226' title='bbox 1071 1817 1188 1876; x_wconf 81' lang='lat' dir='ltr'><strong>cum</strong></span> <span class='ocrx_word' id='word_1_227' title='bbox 1221 1797 1517 1856; x_wconf 77' lang='lat' dir='ltr'><strong>amiserint.</strong></span> <span class='ocrx_word' id='word_1_228' title='bbox 1542 1794 1807 1849; x_wconf 76' lang='lat' dir='ltr'><strong>occultant</strong></span> <span class='ocrx_word' id='word_1_229' title='bbox 1833 1809 1887 1846; x_wconf 73' lang='lat' dir='ltr'><strong>se</strong></span> <span class='ocrx_word' id='word_1_230' title='bbox 1916 1793 2077 1846; x_wconf 68' lang='lat' dir='ltr'><strong>inler-</strong></span> <span class='ocrx_word' id='word_1_231' title='bbox 2108 1797 2148 1851; x_wconf 84' lang='grc' dir='ltr'><strong><em>Β</em></strong></span> <span class='ocrx_word' id='word_1_232' title='bbox 2178 1797 2420 1852; x_wconf 85' lang='lat' dir='ltr'><strong>hederam</strong></span> <span class='ocrx_word' id='word_1_233' title='bbox 2453 1793 2563 1847; x_wconf 86' lang='lat' dir='ltr'><strong>suis</strong></span> <span class='ocrx_word' id='word_1_234' title='bbox 2591 1798 2799 1845; x_wconf 85' lang='lat' dir='ltr'><strong>enatam</strong></span> <span class='ocrx_word' id='word_1_235' title='bbox 2828 1785 3072 1842; x_wconf 89' lang='lat' dir='ltr'><strong>cornibus</strong></span> <span class='ocrx_word' id='word_1_236' title='bbox 3099 1801 3279 1854; x_wconf 81' lang='lat' dir='ltr'><strong>gerens</strong></span> <span class='ocrx_word' id='word_1_237' title='bbox 3305 1784 3543 1844; x_wconf 84' lang='lat' dir='ltr'><strong>viridem,</strong></span> <span class='ocrx_word' id='word_1_238' title='bbox 3564 1795 3668 1839; x_wconf 89' lang='lat' dir='ltr'><strong>etc.</strong></span> <span class='ocrx_word' id='word_1_239' title='bbox 3691 1784 3754 1838; x_wconf 75' lang='lat' dir='ltr'><strong>Et</strong></span> 
     </span>
    </p>
   </div>
   <div class='ocr_carea' id='block_1_35' title="bbox 492 1883 2073 1965">
    <p class='ocr_par' dir='ltr' id='par_1_35' title="bbox 492 1883 2073 1965">
     <span class='ocr_line' id='line_1_35' title="bbox 492 1883 2073 1965; baseline -0.013 -10"><span class='ocrx_word' id='word_1_240' title='bbox 492 1902 605 1963; x_wconf 86' lang='lat' dir='ltr'><strong>diu,</strong></span> <span class='ocrx_word' id='word_1_241' title='bbox 641 1908 696 1952; x_wconf 89' lang='lat' dir='ltr'><strong>ut</strong></span> <span class='ocrx_word' id='word_1_242' title='bbox 726 1897 964 1965; x_wconf 83' lang='lat' dir='ltr'><strong>superius</strong></span> <span class='ocrx_word' id='word_1_243' title='bbox 997 1893 1132 1953; x_wconf 74' lang='lat' dir='ltr'><strong>dixi,</strong></span> <span class='ocrx_word' id='word_1_244' title='bbox 1165 1890 1320 1959; x_wconf 84' lang='lat' dir='ltr'><strong>idque</strong></span> <span class='ocrx_word' id='word_1_245' title='bbox 1362 1889 1537 1957; x_wconf 86' lang='lat' dir='ltr'><strong>opacis</strong></span> <span class='ocrx_word' id='word_1_246' title='bbox 1580 1886 1782 1948; x_wconf 70' lang='lat' dir='ltr'><strong>faciunt</strong></span> <span class='ocrx_word' id='word_1_247' title='bbox 1832 1883 1984 1944; x_wconf 86' lang='lat' dir='ltr'><strong>locis,</strong></span> <span class='ocrx_word' id='word_1_248' title='bbox 2015 1891 2073 1935; x_wconf 89' lang='lat' dir='ltr'><strong>ut</strong></span> 
     </span>
    </p>
   </div>
   <div class='ocr_carea' id='block_1_36' title="bbox 495 1974 2075 2051">
    <p class='ocr_par' dir='ltr' id='par_1_36' title="bbox 495 1974 2075 2051">
     <span class='ocr_line' id='line_1_36' title="bbox 495 1974 2075 2051; baseline -0.015 -2"><span class='ocrx_word' id='word_1_249' title='bbox 495 2007 794 2051; x_wconf 80' lang='lat' dir='ltr'><strong>muscarum</strong></span> <span class='ocrx_word' id='word_1_250' title='bbox 841 1988 997 2042; x_wconf 67' lang='lat' dir='ltr'><strong>taedio</strong></span> <span class='ocrx_word' id='word_1_251' title='bbox 1026 1995 1227 2039; x_wconf 85' lang='lat' dir='ltr'><strong>uacent.</strong></span> <span class='ocrx_word' id='word_1_252' title='bbox 1280 1981 1342 2036; x_wconf 83' lang='lat' dir='ltr'><strong>Et</strong></span> <span class='ocrx_word' id='word_1_253' title='bbox 1395 1981 1489 2035; x_wconf 88' lang='lat' dir='ltr'><strong>lib.</strong></span> <span class='ocrx_word' id='word_1_254' title='bbox 1540 1978 1677 2046; x_wconf 74' lang='grc' dir='ltr'>Περὶ</span> <span class='ocrx_word' id='word_1_255' title='bbox 1728 1974 2075 2044; x_wconf 80' lang='grc' dir='ltr'><strong>θαυμασίων</strong></span> 
     </span>
    </p>
   </div>
   <div class='ocr_carea' id='block_1_37' title="bbox 490 2067 2075 2154">
    <p class='ocr_par' dir='ltr' id='par_1_37' title="bbox 490 2067 2075 2154">
     <span class='ocr_line' id='line_1_37' title="bbox 490 2067 2075 2154; baseline -0.016 -12"><span class='ocrx_word' id='word_1_256' title='bbox 490 2083 918 2154; x_wconf 80' lang='grc' dir='ltr'>ἀκουσμάτων,</span> <span class='ocrx_word' id='word_1_257' title='bbox 963 2080 1030 2134; x_wconf 87' lang='lat' dir='ltr'><strong>de</strong></span> <span class='ocrx_word' id='word_1_258' title='bbox 1074 2078 1251 2132; x_wconf 85' lang='lat' dir='ltr'><strong>cervis</strong></span> <span class='ocrx_word' id='word_1_259' title='bbox 1301 2074 1552 2128; x_wconf 80' lang='lat' dir='ltr'><strong>Achaicis</strong></span> <span class='ocrx_word' id='word_1_260' title='bbox 1593 2089 1606 2124; x_wconf 92' lang='lat'><strong>:</strong></span> <span class='ocrx_word' id='word_1_261' title='bbox 1642 2069 1776 2123; x_wconf 71' lang='grc' dir='ltr'>Φασὶ</span> <span class='ocrx_word' id='word_1_262' title='bbox 1823 2083 1964 2130; x_wconf 87' lang='grc' dir='ltr'>τινες</span> <span class='ocrx_word' id='word_1_263' title='bbox 2017 2067 2075 2118; x_wconf 84' lang='grc' dir='ltr'>ὲν</span> 
     </span>
    </p>
   </div>
   <div class='ocr_carea' id='block_1_38' title="bbox 506 2159 2077 2248">
    <p class='ocr_par' dir='ltr' id='par_1_38' title="bbox 506 2159 2077 2248">
     <span class='ocr_line' id='line_1_38' title="bbox 506 2159 2077 2248; baseline -0.014 -17"><span class='ocrx_word' id='word_1_264' title='bbox 506 2178 697 2248; x_wconf 60' lang='grc' dir='ltr'><strong>’λὶχαῖᾳ⁵</strong></span> <span class='ocrx_word' id='word_1_265' title='bbox 723 2175 830 2228; x_wconf 83' lang='grc' dir='ltr'>τῶν</span> <span class='ocrx_word' id='word_1_266' title='bbox 864 2172 1099 2242; x_wconf 75' lang='grc' dir='ltr'>ἐλάφων,</span> <span class='ocrx_word' id='word_1_267' title='bbox 1138 2170 1263 2222; x_wconf 82' lang='grc' dir='ltr'>ὅταν</span> <span class='ocrx_word' id='word_1_268' title='bbox 1295 2166 1606 2220; x_wconf 79' lang='grc' dir='ltr'>ἀποϐάλωσι</span> <span class='ocrx_word' id='word_1_269' title='bbox 1634 2163 1701 2216; x_wconf 76' lang='grc' dir='ltr'><strong>τά</strong></span> <span class='ocrx_word' id='word_1_270' title='bbox 1740 2161 1962 2232; x_wconf 76' lang='grc' dir='ltr'>κέρατα,</span> <span class='ocrx_word' id='word_1_271' title='bbox 1997 2159 2077 2221; x_wconf 84' lang='grc' dir='ltr'><strong>εἰς</strong></span> 
     </span>
    </p>
   </div>
   <div class='ocr_carea' id='block_1_39' title="bbox 491 2253 2075 2335">
    <p class='ocr_par' dir='ltr' id='par_1_39' title="bbox 491 2253 2075 2335">
     <span class='ocr_line' id='line_1_39' title="bbox 491 2253 2075 2335; baseline -0.013 -11"><span class='ocrx_word' id='word_1_272' title='bbox 491 2270 715 2332; x_wconf 80' lang='grc' dir='ltr'><strong>τούτους</strong></span> <span class='ocrx_word' id='word_1_273' title='bbox 752 2268 877 2330; x_wconf 84' lang='grc' dir='ltr'>τοὺς</span> <span class='ocrx_word' id='word_1_274' title='bbox 914 2265 1112 2328; x_wconf 83' lang='grc' dir='ltr'><strong>τόπους</strong></span> <span class='ocrx_word' id='word_1_275' title='bbox 1143 2263 1418 2335; x_wconf 75' lang='grc' dir='ltr'>ἔρχεσθαι,</span> <span class='ocrx_word' id='word_1_276' title='bbox 1447 2259 1588 2312; x_wconf 81' lang='grc' dir='ltr'>ὥστε</span> <span class='ocrx_word' id='word_1_277' title='bbox 1634 2256 1708 2328; x_wconf 83' lang='grc' dir='ltr'>μὴ</span> <span class='ocrx_word' id='word_1_278' title='bbox 1749 2254 1944 2326; x_wconf 73' lang='grc' dir='ltr'>ῥᾳδίως</span> <span class='ocrx_word' id='word_1_279' title='bbox 1983 2253 2075 2304; x_wconf 83' lang='grc' dir='ltr'>εύ-</span> 
     </span>
    </p>
   </div>
   <div class='ocr_carea' id='block_1_40' title="bbox 411 2343 2076 2436">
    <p class='ocr_par' dir='ltr' id='par_1_40' title="bbox 411 2343 2076 2436">
     <span class='ocr_line' id='line_1_40' title="bbox 411 2343 2076 2436; baseline -0.014 -18"><span class='ocrx_word' id='word_1_280' title='bbox 411 2369 414 2372; x_wconf 78' lang='grc'><strong>’</strong></span> <span class='ocrx_word' id='word_1_281' title='bbox 497 2363 739 2436; x_wconf 81' lang='grc' dir='ltr'>ρεθῆναι.</span> <span class='ocrx_word' id='word_1_282' title='bbox 759 2359 929 2413; x_wconf 80' lang='grc' dir='ltr'>Τοῦτο</span> <span class='ocrx_word' id='word_1_283' title='bbox 943 2359 998 2410; x_wconf 76' lang='grc' dir='ltr'>δὲ</span> <span class='ocrx_word' id='word_1_284' title='bbox 1017 2360 1188 2410; x_wconf 80' lang='grc' dir='ltr'>ποιεῖν</span> <span class='ocrx_word' id='word_1_285' title='bbox 1203 2355 1289 2408; x_wconf 81' lang='grc' dir='ltr'><strong>διά</strong></span> <span class='ocrx_word' id='word_1_286' title='bbox 1305 2355 1364 2406; x_wconf 86' lang='grc' dir='ltr'><strong>τὸ</strong></span> <span class='ocrx_word' id='word_1_287' title='bbox 1393 2352 1466 2423; x_wconf 81' lang='grc' dir='ltr'>μὴ</span> <span class='ocrx_word' id='word_1_288' title='bbox 1500 2351 1664 2421; x_wconf 72' lang='grc' dir='ltr'>ἔχειν,</span> <span class='ocrx_word' id='word_1_289' title='bbox 1684 2343 1726 2415; x_wconf 78' lang='grc' dir='ltr'>ᾧ</span> <span class='ocrx_word' id='word_1_290' title='bbox 1743 2346 2076 2416; x_wconf 78' lang='grc' dir='ltr'>ἀμύνωνται,</span> 
     </span>
    </p>
   </div>
   <div class='ocr_carea' id='block_1_41' title="bbox 499 2435 2077 2513">
    <p class='ocr_par' dir='ltr' id='par_1_41' title="bbox 499 2435 2077 2513">
     <span class='ocr_line' id='line_1_41' title="bbox 499 2435 2077 2513; baseline -0.014 -5"><span class='ocrx_word' id='word_1_291' title='bbox 499 2456 593 2508; x_wconf 72' lang='grc' dir='ltr'><strong>καὶ</strong></span> <span class='ocrx_word' id='word_1_292' title='bbox 611 2454 699 2507; x_wconf 86' lang='grc' dir='ltr'><strong>διά</strong></span> <span class='ocrx_word' id='word_1_293' title='bbox 713 2452 772 2506; x_wconf 84' lang='grc' dir='ltr'><strong>τὸ</strong></span> <span class='ocrx_word' id='word_1_294' title='bbox 803 2454 983 2504; x_wconf 87' lang='grc' dir='ltr'>πονεῖν</span> <span class='ocrx_word' id='word_1_295' title='bbox 1004 2452 1128 2513; x_wconf 73' lang='grc' dir='ltr'>τοὺς</span> <span class='ocrx_word' id='word_1_296' title='bbox 1159 2450 1378 2509; x_wconf 82' lang='grc' dir='ltr'><strong>τόπους,</strong></span> <span class='ocrx_word' id='word_1_297' title='bbox 1397 2444 1517 2497; x_wconf 76' lang='grc' dir='ltr'>ὅθεν</span> <span class='ocrx_word' id='word_1_298' title='bbox 1543 2441 1611 2494; x_wconf 91' lang='grc' dir='ltr'><strong>τά</strong></span> <span class='ocrx_word' id='word_1_299' title='bbox 1645 2440 1851 2511; x_wconf 78' lang='grc' dir='ltr'>κέρατα</span> <span class='ocrx_word' id='word_1_300' title='bbox 1871 2435 2077 2490; x_wconf 82' lang='grc' dir='ltr'>ἀπέὁα-</span> 
     </span>
    </p>
   </div>
   <div class='ocr_carea' id='block_1_42' title="bbox 497 2525 2075 2612">
    <p class='ocr_par' dir='ltr' id='par_1_42' title="bbox 497 2525 2075 2612">
     <span class='ocr_line' id='line_1_42' title="bbox 497 2525 2075 2612; baseline -0.013 -12"><span class='ocrx_word' id='word_1_301' title='bbox 497 2546 608 2600; x_wconf 88' lang='grc' dir='ltr'>λον.</span> <span class='ocrx_word' id='word_1_302' title='bbox 637 2544 702 2598; x_wconf 80' lang='lat' dir='ltr'><strong>Et</strong></span> <span class='ocrx_word' id='word_1_303' title='bbox 732 2542 1172 2612; x_wconf 77' lang='lat' dir='ltr'><strong>Theophylactus</strong></span> <span class='ocrx_word' id='word_1_304' title='bbox 1206 2537 1511 2592; x_wconf 88' lang='lat' dir='ltr'><strong>Simocatus</strong></span> <span class='ocrx_word' id='word_1_305' title='bbox 1536 2535 1590 2587; x_wconf 91' lang='lat' dir='ltr'><strong>in</strong></span> <span class='ocrx_word' id='word_1_306' title='bbox 1615 2531 1808 2598; x_wconf 67' lang='lat' dir='ltr'><strong>Quaest.</strong></span> <span class='ocrx_word' id='word_1_307' title='bbox 1842 2525 2075 2582; x_wconf 87' lang='lat' dir='ltr'><strong>natural.</strong></span> 
     </span>
    </p>
   </div>
   <div class='ocr_carea' id='block_1_43' title="bbox 500 2619 2080 2702">
    <p class='ocr_par' dir='ltr' id='par_1_43' title="bbox 500 2619 2080 2702">
     <span class='ocr_line' id='line_1_43' title="bbox 500 2619 2080 2702; baseline -0.013 -13"><span class='ocrx_word' id='word_1_308' title='bbox 500 2635 537 2690; x_wconf 83' lang='lat'><strong>5</strong></span> <span class='ocrx_word' id='word_1_309' title='bbox 565 2651 580 2689; x_wconf 89' lang='lat'><strong>:</strong></span> <span class='ocrx_word' id='word_1_310' title='bbox 620 2630 768 2687; x_wconf 81' lang='grc' dir='ltr'>Οἶδεν</span> <span class='ocrx_word' id='word_1_311' title='bbox 803 2633 836 2702; x_wconf 79' lang='grc' dir='ltr'>ἡ</span> <span class='ocrx_word' id='word_1_312' title='bbox 866 2631 1079 2700; x_wconf 74' lang='grc' dir='ltr'>ἔλαφος,</span> <span class='ocrx_word' id='word_1_313' title='bbox 1115 2624 1520 2698; x_wconf 80' lang='grc' dir='ltr'><strong>ἀποκειραμένη</strong></span> <span class='ocrx_word' id='word_1_314' title='bbox 1551 2624 1618 2678; x_wconf 82' lang='grc' dir='ltr'><strong>τά</strong></span> <span class='ocrx_word' id='word_1_315' title='bbox 1659 2622 1884 2693; x_wconf 83' lang='grc' dir='ltr'>κέρατα,</span> <span class='ocrx_word' id='word_1_316' title='bbox 1919 2619 2080 2674; x_wconf 79' lang='grc' dir='ltr'>ἀσθε-</span> 
     </span>
    </p>
   </div>
   <div class='ocr_carea' id='block_1_44' title="bbox 501 2714 2077 2797">
    <p class='ocr_par' dir='ltr' id='par_1_44' title="bbox 501 2714 2077 2797">
     <span class='ocr_line' id='line_1_44' title="bbox 501 2714 2077 2797; baseline -0.011 -16"><span class='ocrx_word' id='word_1_317' title='bbox 501 2726 760 2797; x_wconf 83' lang='grc' dir='ltr'>νεσθέραν</span> <span class='ocrx_word' id='word_1_318' title='bbox 809 2724 904 2795; x_wconf 72' lang='grc' dir='ltr'><strong>τὴν</strong></span> <span class='ocrx_word' id='word_1_319' title='bbox 965 2721 1124 2793; x_wconf 87' lang='grc' dir='ltr'>φύσιν</span> <span class='ocrx_word' id='word_1_320' title='bbox 1175 2717 1471 2790; x_wconf 83' lang='grc' dir='ltr'>ἀμύνεσθαι</span> <span class='ocrx_word' id='word_1_321' title='bbox 1529 2716 1658 2778; x_wconf 77' lang='grc' dir='ltr'>τοὺς</span> <span class='ocrx_word' id='word_1_322' title='bbox 1710 2714 2077 2784; x_wconf 77' lang='grc' dir='ltr'>λυπήσαντας.</span> 
     </span>
    </p>
   </div>
   <div class='ocr_carea' id='block_1_45' title="bbox 503 2804 2082 2887">
    <p class='ocr_par' dir='ltr' id='par_1_45' title="bbox 503 2804 2082 2887">
     <span class='ocr_line' id='line_1_45' title="bbox 503 2804 2082 2887; baseline -0.01 -15"><span class='ocrx_word' id='word_1_323' title='bbox 503 2816 712 2874; x_wconf 78' lang='grc' dir='ltr'>οὐκοῦν</span> <span class='ocrx_word' id='word_1_324' title='bbox 759 2815 1166 2887; x_wconf 82' lang='grc' dir='ltr'>ἀποκρύπτεται</span> <span class='ocrx_word' id='word_1_325' title='bbox 1217 2807 1306 2866; x_wconf 78' lang='grc' dir='ltr'><strong>οἷα</strong></span> <span class='ocrx_word' id='word_1_326' title='bbox 1359 2806 1696 2882; x_wconf 83' lang='grc' dir='ltr'><strong>στρατιώτης</strong></span> <span class='ocrx_word' id='word_1_327' title='bbox 1745 2823 1829 2869; x_wconf 86' lang='grc' dir='ltr'><strong>τις</strong></span> <span class='ocrx_word' id='word_1_328' title='bbox 1885 2804 2082 2868; x_wconf 73' lang='grc' dir='ltr'>ἄοπλος</span> 
     </span>
    </p>
   </div>
   <div class='ocr_carea' id='block_1_46' title="bbox 506 2902 2082 2979">
    <p class='ocr_par' dir='ltr' id='par_1_46' title="bbox 506 2902 2082 2979">
     <span class='ocr_line' id='line_1_46' title="bbox 506 2902 2082 2979; baseline -0.006 -16"><span class='ocrx_word' id='word_1_329' title='bbox 506 2907 689 2972; x_wconf 61' lang='grc' dir='ltr'>δεδιὼς</span> <span class='ocrx_word' id='word_1_330' title='bbox 734 2905 1193 2979; x_wconf 79' lang='grc' dir='ltr'>παρατάττεσθαι.</span> <span class='ocrx_word' id='word_1_331' title='bbox 1249 2905 1358 2958; x_wconf 69' lang='grc' dir='ltr'><strong>Καὶ</strong></span> <span class='ocrx_word' id='word_1_332' title='bbox 1417 2904 1604 2976; x_wconf 78' lang='grc' dir='ltr'>πόρῤω</span> <span class='ocrx_word' id='word_1_333' title='bbox 1649 2921 1750 2956; x_wconf 90' lang='grc' dir='ltr'><strong>που</strong></span> <span class='ocrx_word' id='word_1_334' title='bbox 1801 2902 2082 2972; x_wconf 84' lang='grc' dir='ltr'>ἀπόμαχος</span> 
     </span>
    </p>
   </div>
   <div class='ocr_carea' id='block_1_47' title="bbox 503 2993 2082 3072">
    <p class='ocr_par' dir='ltr' id='par_1_47' title="bbox 503 2993 2082 3072">
     <span class='ocr_line' id='line_1_47' title="bbox 503 2993 2082 3072; baseline -0.006 -16"><span class='ocrx_word' id='word_1_335' title='bbox 503 2999 641 3056; x_wconf 74' lang='grc' dir='ltr'>εἶναι</span> <span class='ocrx_word' id='word_1_336' title='bbox 690 3001 1028 3072; x_wconf 84' lang='grc' dir='ltr'>βουλόμενος,</span> <span class='ocrx_word' id='word_1_337' title='bbox 1079 2999 1211 3071; x_wconf 82' lang='grc' dir='ltr'>πρὸς</span> <span class='ocrx_word' id='word_1_338' title='bbox 1259 2999 1352 3052; x_wconf 72' lang='grc' dir='ltr'>ἐπὶ</span> <span class='ocrx_word' id='word_1_339' title='bbox 1391 2997 1599 3060; x_wconf 85' lang='grc' dir='ltr'>τούτοις</span> <span class='ocrx_word' id='word_1_340' title='bbox 1642 2996 1794 3064; x_wconf 78' lang='grc' dir='ltr'>ἀλγεῖ</span> <span class='ocrx_word' id='word_1_341' title='bbox 1839 2994 1899 3048; x_wconf 78' lang='grc' dir='ltr'>τὸ</span> <span class='ocrx_word' id='word_1_342' title='bbox 1949 2993 2082 3060; x_wconf 79' lang='grc' dir='ltr'>ζῶον</span> 
     </span>
    </p>
   </div>
   <div class='ocr_carea' id='block_1_48' title="bbox 504 3086 2077 3166">
    <p class='ocr_par' dir='ltr' id='par_1_48' title="bbox 504 3086 2077 3166">
     <span class='ocr_line' id='line_1_48' title="bbox 504 3086 2077 3166; baseline -0.008 -18"><span class='ocrx_word' id='word_1_343' title='bbox 504 3095 603 3166; x_wconf 77' lang='grc' dir='ltr'><strong>τὴν</strong></span> <span class='ocrx_word' id='word_1_344' title='bbox 651 3095 796 3166; x_wconf 84' lang='grc' dir='ltr'>κάρα</span> <span class='ocrx_word' id='word_1_345' title='bbox 849 3092 1144 3146; x_wconf 75' lang='grc' dir='ltr'>δεινότατα.</span> <span class='ocrx_word' id='word_1_346' title='bbox 1203 3089 1432 3150; x_wconf 88' lang='lat' dir='ltr'><strong>Plinius.</strong></span> <span class='ocrx_word' id='word_1_347' title='bbox 1489 3089 1584 3144; x_wconf 90' lang='lat' dir='ltr'><strong>lib.</strong></span> <span class='ocrx_word' id='word_1_348' title='bbox 1646 3104 1762 3151; x_wconf 86' lang='lat' dir='ltr'><strong>vni,</strong></span> <span class='ocrx_word' id='word_1_349' title='bbox 1803 3102 1924 3156; x_wconf 91' lang='lat' dir='ltr'><strong>cap.</strong></span> <span class='ocrx_word' id='word_1_350' title='bbox 1965 3086 2077 3139; x_wconf 73' lang='lat'><strong>52:</strong></span> 
     </span>
    </p>
   </div>
   <div class='ocr_carea' id='block_1_49' title="bbox 2179 1873 3755 1946">
    <p class='ocr_par' dir='ltr' id='par_1_49' title="bbox 2179 1873 3755 1946">
     <span class='ocr_line' id='line_1_49' title="bbox 2179 1873 3755 1946; baseline -0.009 -4"><span class='ocrx_word' id='word_1_351' title='bbox 2179 1887 2387 1942; x_wconf 84' lang='lat' dir='ltr'><strong>Plinius</strong></span> <span class='ocrx_word' id='word_1_352' title='bbox 2411 1884 2513 1937; x_wconf 93' lang='lat' dir='ltr'><strong>hoc</strong></span> <span class='ocrx_word' id='word_1_353' title='bbox 2548 1880 2688 1936; x_wconf 88' lang='lat' dir='ltr'><strong>idem</strong></span> <span class='ocrx_word' id='word_1_354' title='bbox 2719 1887 2935 1934; x_wconf 85' lang='lat' dir='ltr'><strong>vertens</strong></span> <span class='ocrx_word' id='word_1_355' title='bbox 2961 1896 2974 1930; x_wconf 91' lang='lat'><strong>:</strong></span> <span class='ocrx_word' id='word_1_356' title='bbox 3001 1873 3254 1946; x_wconf 84' lang='lat' dir='ltr'><strong>Captique</strong></span> <span class='ocrx_word' id='word_1_357' title='bbox 3262 1875 3380 1944; x_wconf 87' lang='lat' dir='ltr'><strong>jam</strong></span> <span class='ocrx_word' id='word_1_358' title='bbox 3408 1885 3531 1929; x_wconf 86' lang='lat' dir='ltr'><strong>sunt</strong></span> <span class='ocrx_word' id='word_1_359' title='bbox 3561 1875 3755 1929; x_wconf 82' lang='lat' dir='ltr'><strong>hedera</strong></span> 
     </span>
    </p>
   </div>
   <div class='ocr_carea' id='block_1_50' title="bbox 2179 1969 3756 2040">
    <p class='ocr_par' dir='ltr' id='par_1_50' title="bbox 2179 1969 3756 2040">
     <span class='ocr_line' id='line_1_50' title="bbox 2179 1969 3756 2040; baseline -0.008 -5"><span class='ocrx_word' id='word_1_360' title='bbox 2179 1982 2232 2035; x_wconf 89' lang='lat' dir='ltr'><strong>in</strong></span> <span class='ocrx_word' id='word_1_361' title='bbox 2264 1975 2505 2034; x_wconf 87' lang='lat' dir='ltr'><strong>cornibus</strong></span> <span class='ocrx_word' id='word_1_362' title='bbox 2535 1975 2794 2030; x_wconf 82' lang='lat' dir='ltr'><strong>viridante</strong></span> <span class='ocrx_word' id='word_1_363' title='bbox 2822 1971 2885 2026; x_wconf 75' lang='lat' dir='ltr'><strong>ex</strong></span> <span class='ocrx_word' id='word_1_364' title='bbox 2908 1971 3094 2023; x_wconf 88' lang='lat' dir='ltr'><strong>attritu</strong></span> <span class='ocrx_word' id='word_1_365' title='bbox 3135 1969 3384 2024; x_wconf 87' lang='lat' dir='ltr'><strong>arborum</strong></span> <span class='ocrx_word' id='word_1_366' title='bbox 3408 1980 3464 2022; x_wconf 87' lang='lat' dir='ltr'><strong>ut</strong></span> <span class='ocrx_word' id='word_1_367' title='bbox 3499 1971 3553 2022; x_wconf 84' lang='lat' dir='ltr'><strong>in</strong></span> <span class='ocrx_word' id='word_1_368' title='bbox 3577 1971 3756 2040; x_wconf 77' lang='lat' dir='ltr'><strong>aliqua</strong></span> 
     </span>
    </p>
   </div>
   <div class='ocr_carea' id='block_1_51' title="bbox 2179 2061 3760 2142">
    <p class='ocr_par' dir='ltr' id='par_1_51' title="bbox 2179 2061 3760 2142">
     <span class='ocr_line' id='line_1_51' title="bbox 2179 2061 3760 2142; baseline -0.008 -14"><span class='ocrx_word' id='word_1_369' title='bbox 2179 2073 2320 2142; x_wconf 87' lang='lat' dir='ltr'><strong>ligno</strong></span> <span class='ocrx_word' id='word_1_370' title='bbox 2349 2069 2560 2131; x_wconf 86' lang='lat' dir='ltr'><strong>teneris,</strong></span> <span class='ocrx_word' id='word_1_371' title='bbox 2591 2068 2716 2120; x_wconf 89' lang='lat' dir='ltr'><strong>dum</strong></span> <span class='ocrx_word' id='word_1_372' title='bbox 2747 2066 3086 2133; x_wconf 70' lang='lat' dir='ltr'><strong>experiuntur</strong></span> <span class='ocrx_word' id='word_1_373' title='bbox 3113 2063 3317 2115; x_wconf 88' lang='lat' dir='ltr'><strong>innata.</strong></span> <span class='ocrx_word' id='word_1_374' title='bbox 3347 2061 3441 2114; x_wconf 86' lang='lat' dir='ltr'><strong>Sat</strong></span> <span class='ocrx_word' id='word_1_375' title='bbox 3477 2063 3615 2116; x_wconf 85' lang='lat' dir='ltr'><strong>bene</strong></span> <span class='ocrx_word' id='word_1_376' title='bbox 3641 2078 3760 2116; x_wconf 82' lang='lat' dir='ltr'><strong>om-</strong></span> 
     </span>
    </p>
   </div>
   <div class='ocr_carea' id='block_1_52' title="bbox 2181 2154 3762 2235">
    <p class='ocr_par' dir='ltr' id='par_1_52' title="bbox 2181 2154 3762 2235">
     <span class='ocr_line' id='line_1_52' title="bbox 2181 2154 3762 2235; baseline -0.009 -15"><span class='ocrx_word' id='word_1_377' title='bbox 2181 2166 2292 2225; x_wconf 91' lang='lat' dir='ltr'><strong>nia,</strong></span> <span class='ocrx_word' id='word_1_378' title='bbox 2327 2160 2552 2235; x_wconf 80' lang='lat' dir='ltr'><strong>quidni?</strong></span> <span class='ocrx_word' id='word_1_379' title='bbox 2589 2158 2820 2212; x_wconf 85' lang='lat' dir='ltr'><strong>Mentem</strong></span> <span class='ocrx_word' id='word_1_380' title='bbox 2873 2155 3184 2210; x_wconf 84' lang='lat' dir='ltr'><strong>Aristotelis</strong></span> <span class='ocrx_word' id='word_1_381' title='bbox 3243 2154 3436 2220; x_wconf 84' lang='lat' dir='ltr'><strong>habeo,</strong></span> <span class='ocrx_word' id='word_1_382' title='bbox 3469 2155 3632 2223; x_wconf 87' lang='lat' dir='ltr'><strong>plana</strong></span> <span class='ocrx_word' id='word_1_383' title='bbox 3680 2155 3762 2207; x_wconf 82' lang='lat' dir='ltr'><strong>vi-</strong></span> 
     </span>
    </p>
   </div>
   <div class='ocr_carea' id='block_1_53' title="bbox 2181 2245 3760 2317">
    <p class='ocr_par' dir='ltr' id='par_1_53' title="bbox 2181 2245 3760 2317">
     <span class='ocr_line' id='line_1_53' title="bbox 2181 2245 3760 2317; baseline -0.006 -8"><span class='ocrx_word' id='word_1_384' title='bbox 2181 2255 2379 2310; x_wconf 91' lang='lat' dir='ltr'><strong>dentur</strong></span> <span class='ocrx_word' id='word_1_385' title='bbox 2407 2266 2529 2307; x_wconf 85' lang='lat' dir='ltr'><strong>esse</strong></span> <span class='ocrx_word' id='word_1_386' title='bbox 2567 2250 2768 2305; x_wconf 89' lang='lat' dir='ltr'><strong>omnia.</strong></span> <span class='ocrx_word' id='word_1_387' title='bbox 2792 2246 2993 2302; x_wconf 81' lang='lat' dir='ltr'><strong>Verum</strong></span> <span class='ocrx_word' id='word_1_388' title='bbox 3041 2245 3171 2317; x_wconf 86' lang='lat' dir='ltr'><strong>quid</strong></span> <span class='ocrx_word' id='word_1_389' title='bbox 3223 2249 3294 2301; x_wconf 89' lang='lat' dir='ltr'><strong>sit</strong></span> <span class='ocrx_word' id='word_1_390' title='bbox 3346 2247 3580 2317; x_wconf 81' lang='grc' dir='ltr'>ἁχαίτης</span> <span class='ocrx_word' id='word_1_391' title='bbox 3629 2247 3760 2300; x_wconf 88' lang='lat' dir='ltr'><strong>illud</strong></span> 
     </span>
    </p>
   </div>
   <div class='ocr_carea' id='block_1_54' title="bbox 2183 2338 3762 2408">
    <p class='ocr_par' dir='ltr' id='par_1_54' title="bbox 2183 2338 3762 2408">
     <span class='ocr_line' id='line_1_54' title="bbox 2183 2338 3762 2408; baseline -0.005 -7"><span class='ocrx_word' id='word_1_392' title='bbox 2183 2360 2348 2402; x_wconf 88' lang='lat' dir='ltr'><strong>cervo</strong></span> <span class='ocrx_word' id='word_1_393' title='bbox 2379 2344 2620 2399; x_wconf 90' lang='lat' dir='ltr'><strong>additum</strong></span> <span class='ocrx_word' id='word_1_394' title='bbox 2649 2341 2888 2395; x_wconf 88' lang='lat' dir='ltr'><strong>nondum</strong></span> <span class='ocrx_word' id='word_1_395' title='bbox 2921 2339 3097 2394; x_wconf 83' lang='lat' dir='ltr'><strong>video.</strong></span> <span class='ocrx_word' id='word_1_396' title='bbox 3139 2339 3291 2404; x_wconf 86' lang='lat' dir='ltr'><strong>Quod</strong></span> <span class='ocrx_word' id='word_1_397' title='bbox 3327 2353 3451 2391; x_wconf 90' lang='lat' dir='ltr'><strong>cum</strong></span> <span class='ocrx_word' id='word_1_398' title='bbox 3483 2338 3762 2408; x_wconf 85' lang='lat' dir='ltr'><strong>posuisset</strong></span> 
     </span>
    </p>
   </div>
   <div class='ocr_carea' id='block_1_55' title="bbox 2183 2431 3765 2504">
    <p class='ocr_par' dir='ltr' id='par_1_55' title="bbox 2183 2431 3765 2504">
     <span class='ocr_line' id='line_1_55' title="bbox 2183 2431 3765 2504; baseline -0.004 -11"><span class='ocrx_word' id='word_1_399' title='bbox 2183 2437 2500 2494; x_wconf 68' lang='lat' dir='ltr'><strong>Aristoteles</strong></span> <span class='ocrx_word' id='word_1_400' title='bbox 2522 2475 2536 2499; x_wconf 89' lang='lat'><strong>,</strong></span> <span class='ocrx_word' id='word_1_401' title='bbox 2579 2436 2900 2504; x_wconf 81' lang='lat' dir='ltr'><strong>interprctcs</strong></span> <span class='ocrx_word' id='word_1_402' title='bbox 2933 2431 3050 2488; x_wconf 90' lang='lat' dir='ltr'><strong>sine</strong></span> <span class='ocrx_word' id='word_1_403' title='bbox 3082 2431 3309 2486; x_wconf 68' lang='lat' dir='ltr'><strong>inscitiae</strong></span> <span class='ocrx_word' id='word_1_404' title='bbox 3350 2439 3477 2484; x_wconf 89' lang='lat' dir='ltr'><strong>nota</strong></span> <span class='ocrx_word' id='word_1_405' title='bbox 3510 2431 3765 2487; x_wconf 82' lang='lat' dir='ltr'><strong>omittere</strong></span> 
     </span>
    </p>
   </div>
   <div class='ocr_carea' id='block_1_56' title="bbox 2185 2521 3766 2582">
    <p class='ocr_par' dir='ltr' id='par_1_56' title="bbox 2185 2521 3766 2582">
     <span class='ocr_line' id='line_1_56' title="bbox 2185 2521 3766 2582; baseline -0.003 0"><span class='ocrx_word' id='word_1_406' title='bbox 2185 2528 2408 2582; x_wconf 91' lang='lat' dir='ltr'><strong>minime</strong></span> <span class='ocrx_word' id='word_1_407' title='bbox 2459 2527 2782 2582; x_wconf 83' lang='lat' dir='ltr'><strong>debuerunt.</strong></span> <span class='ocrx_word' id='word_1_408' title='bbox 2829 2521 2934 2578; x_wconf 89' lang='lat' dir='ltr'><strong>Sed</strong></span> <span class='ocrx_word' id='word_1_409' title='bbox 2984 2521 3582 2576; x_wconf 86' lang='lat' dir='ltr'><strong>modestissimishisce</strong></span> <span class='ocrx_word' id='word_1_410' title='bbox 3634 2522 3766 2578; x_wconf 82' lang='lat' dir='ltr'><strong>viris</strong></span> 
     </span>
    </p>
   </div>
   <div class='ocr_carea' id='block_1_57' title="bbox 2185 2613 3765 2691">
    <p class='ocr_par' dir='ltr' id='par_1_57' title="bbox 2185 2613 3765 2691">
     <span class='ocr_line' id='line_1_57' title="bbox 2185 2613 3765 2691; baseline -0.002 -17"><span class='ocrx_word' id='word_1_411' title='bbox 2185 2619 2388 2691; x_wconf 90' lang='lat' dir='ltr'><strong>aliquid</strong></span> <span class='ocrx_word' id='word_1_412' title='bbox 2414 2618 2826 2674; x_wconf 87' lang='lat' dir='ltr'><strong>condonandum</strong></span> <span class='ocrx_word' id='word_1_413' title='bbox 2855 2625 2958 2671; x_wconf 90' lang='lat' dir='ltr'><strong>est.</strong></span> <span class='ocrx_word' id='word_1_414' title='bbox 2983 2614 3122 2681; x_wconf 88' lang='lat' dir='ltr'><strong>Quid</strong></span> <span class='ocrx_word' id='word_1_415' title='bbox 3154 2615 3563 2668; x_wconf 81' lang='lat' dir='ltr'><strong>orulatissiinus</strong></span> <span class='ocrx_word' id='word_1_416' title='bbox 3586 2613 3765 2671; x_wconf 85' lang='lat' dir='ltr'><strong>Julius</strong></span> 
     </span>
    </p>
   </div>
   <div class='ocr_carea' id='block_1_58' title="bbox 2189 2705 3767 2778">
    <p class='ocr_par' dir='ltr' id='par_1_58' title="bbox 2189 2705 3767 2778">
     <span class='ocr_line' id='line_1_58' title="bbox 2189 2705 3767 2778; baseline -0.003 -15"><span class='ocrx_word' id='word_1_417' title='bbox 2189 2707 2454 2778; x_wconf 83' lang='lat' dir='ltr'><strong>Scaliger,</strong></span> <span class='ocrx_word' id='word_1_418' title='bbox 2488 2722 2646 2777; x_wconf 88' lang='lat' dir='ltr'><strong>quem</strong></span> <span class='ocrx_word' id='word_1_419' title='bbox 2694 2705 2827 2759; x_wconf 87' lang='lat' dir='ltr'><strong>nihil</strong></span> <span class='ocrx_word' id='word_1_420' title='bbox 2854 2706 3110 2776; x_wconf 63' lang='lat' dir='ltr'><strong>praeterit,</strong></span> <span class='ocrx_word' id='word_1_421' title='bbox 3143 2712 3197 2758; x_wconf 91' lang='lat' dir='ltr'><strong>et</strong></span> <span class='ocrx_word' id='word_1_422' title='bbox 3236 2705 3289 2758; x_wconf 90' lang='lat' dir='ltr'><strong>in</strong></span> <span class='ocrx_word' id='word_1_423' title='bbox 3321 2718 3450 2773; x_wconf 92' lang='lat' dir='ltr'><strong>quo,</strong></span> <span class='ocrx_word' id='word_1_424' title='bbox 3481 2706 3526 2758; x_wconf 92' lang='lat' dir='ltr'><strong>si</strong></span> <span class='ocrx_word' id='word_1_425' title='bbox 3569 2720 3767 2759; x_wconf 87' lang='lat' dir='ltr'><strong>conce-</strong></span> 
     </span>
    </p>
   </div>
   <div class='ocr_carea' id='block_1_59' title="bbox 2185 2795 3769 2867">
    <p class='ocr_par' dir='ltr' id='par_1_59' title="bbox 2185 2795 3769 2867">
     <span class='ocr_line' id='line_1_59' title="bbox 2185 2795 3769 2867; baseline -0.004 -11"><span class='ocrx_word' id='word_1_426' title='bbox 2185 2801 2284 2856; x_wconf 90' lang='lat' dir='ltr'><strong>das</strong></span> <span class='ocrx_word' id='word_1_427' title='bbox 2329 2815 2546 2855; x_wconf 90' lang='lat' dir='ltr'><strong>errores</strong></span> <span class='ocrx_word' id='word_1_428' title='bbox 2596 2806 2650 2853; x_wconf 91' lang='lat' dir='ltr'><strong>et</strong></span> <span class='ocrx_word' id='word_1_429' title='bbox 2702 2797 2925 2867; x_wconf 87' lang='lat' dir='ltr'><strong>lapsus,</strong></span> <span class='ocrx_word' id='word_1_430' title='bbox 2977 2795 3044 2852; x_wconf 93' lang='lat' dir='ltr'><strong>de</strong></span> <span class='ocrx_word' id='word_1_431' title='bbox 3087 2795 3205 2866; x_wconf 89' lang='lat' dir='ltr'><strong>ejus</strong></span> <span class='ocrx_word' id='word_1_432' title='bbox 3256 2795 3419 2848; x_wconf 90' lang='lat' dir='ltr'><strong>etiam</strong></span> <span class='ocrx_word' id='word_1_433' title='bbox 3483 2795 3769 2851; x_wconf 72' lang='lat' dir='ltr'><strong>divinitate</strong></span> 
     </span>
    </p>
   </div>
   <div class='ocr_carea' id='block_1_60' title="bbox 2187 2888 3768 2958">
    <p class='ocr_par' dir='ltr' id='par_1_60' title="bbox 2187 2888 3768 2958">
     <span class='ocr_line' id='line_1_60' title="bbox 2187 2888 3768 2958; baseline -0.003 -10"><span class='ocrx_word' id='word_1_434' title='bbox 2187 2893 2376 2948; x_wconf 88' lang='lat' dir='ltr'><strong>tollere</strong></span> <span class='ocrx_word' id='word_1_435' title='bbox 2423 2906 2647 2946; x_wconf 80' lang='lat' dir='ltr'><strong>necesse</strong></span> <span class='ocrx_word' id='word_1_436' title='bbox 2695 2899 2798 2952; x_wconf 90' lang='lat' dir='ltr'><strong>est,</strong></span> <span class='ocrx_word' id='word_1_437' title='bbox 2848 2904 2947 2943; x_wconf 91' lang='lat' dir='ltr'><strong>nec</strong></span> <span class='ocrx_word' id='word_1_438' title='bbox 2993 2888 3375 2958; x_wconf 87' lang='lat' dir='ltr'><strong>dedignabitur</strong></span> <span class='ocrx_word' id='word_1_439' title='bbox 3425 2888 3593 2943; x_wconf 88' lang='lat' dir='ltr'><strong>etiam</strong></span> <span class='ocrx_word' id='word_1_440' title='bbox 3651 2889 3768 2958; x_wconf 86' lang='lat' dir='ltr'><strong>ipse</strong></span> 
     </span>
    </p>
   </div>
   <div class='ocr_carea' id='block_1_61' title="bbox 2187 2981 3769 3056">
    <p class='ocr_par' dir='ltr' id='par_1_61' title="bbox 2187 2981 3769 3056">
     <span class='ocr_line' id='line_1_61' title="bbox 2187 2981 3769 3056; baseline -0.001 -18"><span class='ocrx_word' id='word_1_441' title='bbox 2187 2983 2513 3056; x_wconf 82' lang='lat' dir='ltr'><strong>quandoque</strong></span> <span class='ocrx_word' id='word_1_442' title='bbox 2568 2991 2738 3038; x_wconf 87' lang='lat' dir='ltr'><strong>semet</strong></span> <span class='ocrx_word' id='word_1_443' title='bbox 2794 2982 3065 3035; x_wconf 90' lang='lat' dir='ltr'><strong>hominem</strong></span> <span class='ocrx_word' id='word_1_444' title='bbox 3113 2997 3235 3036; x_wconf 88' lang='lat' dir='ltr'><strong>esse</strong></span> <span class='ocrx_word' id='word_1_445' title='bbox 3286 2981 3466 3034; x_wconf 81' lang='lat' dir='ltr'><strong>fateri.</strong></span> <span class='ocrx_word' id='word_1_446' title='bbox 3525 2981 3769 3051; x_wconf 84' lang='lat' dir='ltr'><strong>Scaliger</strong></span> 
     </span>
    </p>
   </div>
   <div class='ocr_carea' id='block_1_62' title="bbox 2190 3071 3768 3144">
    <p class='ocr_par' dir='ltr' id='par_1_62' title="bbox 2190 3071 3768 3144">
     <span class='ocr_line' id='line_1_62' title="bbox 2190 3071 3768 3144; baseline -0.003 -14"><span class='ocrx_word' id='word_1_447' title='bbox 2190 3077 2371 3144; x_wconf 88' lang='lat' dir='ltr'><strong>itaque</strong></span> <span class='ocrx_word' id='word_1_448' title='bbox 2403 3073 2746 3129; x_wconf 78' lang='lat' dir='ltr'><strong>Aristotelem</strong></span> <span class='ocrx_word' id='word_1_449' title='bbox 2779 3073 2853 3126; x_wconf 91' lang='lat' dir='ltr'><strong>ita</strong></span> <span class='ocrx_word' id='word_1_450' title='bbox 2891 3072 3048 3125; x_wconf 90' lang='lat' dir='ltr'><strong>vertit</strong></span> <span class='ocrx_word' id='word_1_451' title='bbox 3083 3071 3244 3124; x_wconf 78' lang='lat' dir='ltr'><strong>:Jam</strong></span> <span class='ocrx_word' id='word_1_452' title='bbox 3277 3090 3393 3126; x_wconf 85' lang='lat' dir='ltr'><strong>vero</strong></span> <span class='ocrx_word' id='word_1_453' title='bbox 3437 3085 3625 3142; x_wconf 78' lang='lat' dir='ltr'><strong>captus</strong></span> <span class='ocrx_word' id='word_1_454' title='bbox 3655 3091 3768 3126; x_wconf 82' lang='lat' dir='ltr'><strong>cer-</strong></span> 
     </span>
    </p>
   </div>
   <div class='ocr_carea' id='block_1_63' title="bbox 505 3159 3768 3240">
    <p class='ocr_par' dir='ltr' id='par_1_63' title="bbox 505 3159 3768 3240">
     <span class='ocr_line' id='line_1_63' title="bbox 505 3159 3768 3240; baseline -0.006 0"><span class='ocrx_word' id='word_1_455' title='bbox 505 3184 697 3240; x_wconf 84' lang='lat' dir='ltr'><strong>Latent</strong></span> <span class='ocrx_word' id='word_1_456' title='bbox 725 3185 936 3238; x_wconf 86' lang='lat' dir='ltr'><strong>amissis</strong></span> <span class='ocrx_word' id='word_1_457' title='bbox 969 3183 1104 3237; x_wconf 85' lang='lat' dir='ltr'><strong>velut</strong></span> <span class='ocrx_word' id='word_1_458' title='bbox 1137 3183 1376 3237; x_wconf 87' lang='lat' dir='ltr'><strong>inermes.</strong></span> <span class='ocrx_word' id='word_1_459' title='bbox 1405 3179 1507 3236; x_wconf 88' lang='lat' dir='ltr'><strong>Sed</strong></span> <span class='ocrx_word' id='word_1_460' title='bbox 1550 3191 1600 3234; x_wconf 88' lang='lat' dir='ltr'><strong>et</strong></span> <span class='ocrx_word' id='word_1_461' title='bbox 1633 3180 1687 3234; x_wconf 88' lang='lat' dir='ltr'><strong>hi</strong></span> <span class='ocrx_word' id='word_1_462' title='bbox 1717 3180 1850 3234; x_wconf 89' lang='lat' dir='ltr'><strong>bono</strong></span> <span class='ocrx_word' id='word_1_463' title='bbox 1881 3195 1975 3234; x_wconf 88' lang='lat' dir='ltr'><strong>suo</strong></span> <span class='ocrx_word' id='word_1_464' title='bbox 2005 3178 2086 3231; x_wconf 87' lang='lat' dir='ltr'><strong>in-</strong></span> <span class='ocrx_word' id='word_1_465' title='bbox 2115 3159 2155 3214; x_wconf 62' lang='grc' dir='ltr'><strong>(ἶ</strong></span> <span class='ocrx_word' id='word_1_466' title='bbox 2190 3183 2281 3220; x_wconf 74' lang='grc' dir='ltr'>υιιδ</span> <span class='ocrx_word' id='word_1_467' title='bbox 2307 3176 2384 3220; x_wconf 74' lang='grc' dir='ltr'>εει</span> <span class='ocrx_word' id='word_1_468' title='bbox 2425 3181 2604 3236; x_wconf 73' lang='lat' dir='ltr'><strong>gerens</strong></span> <span class='ocrx_word' id='word_1_469' title='bbox 2636 3165 2689 3216; x_wconf 71' lang='grc' dir='ltr'><em>ἕη</em></span> <span class='ocrx_word' id='word_1_470' title='bbox 2724 3162 2968 3216; x_wconf 60' lang='lat' dir='ltr'><strong>camillus</strong></span> <span class='ocrx_word' id='word_1_471' title='bbox 2999 3172 3207 3216; x_wconf 70' lang='grc' dir='ltr'>εηαιαυη</span> <span class='ocrx_word' id='word_1_472' title='bbox 3253 3163 3498 3217; x_wconf 75' lang='lat' dir='ltr'><strong>hederam</strong></span> <span class='ocrx_word' id='word_1_473' title='bbox 3546 3166 3768 3217; x_wconf 71' lang='lat' dir='ltr'><strong>amttam</strong></span> 
     </span>
    </p>
   </div>
   <div class='ocr_carea' id='block_1_64' title="bbox 506 3272 2084 3342">
    <p class='ocr_par' dir='ltr' id='par_1_64' title="bbox 506 3272 2084 3342">
     <span class='ocr_line' id='line_1_64' title="bbox 506 3272 2084 3342; baseline -0.008 -8"><span class='ocrx_word' id='word_1_474' title='bbox 506 3279 754 3334; x_wconf 74' lang='lat' dir='ltr'><strong>videntes.</strong></span> <span class='ocrx_word' id='word_1_475' title='bbox 810 3277 1082 3342; x_wconf 61' lang='lat' dir='ltr'><strong>Elianus,</strong></span> <span class='ocrx_word' id='word_1_476' title='bbox 1135 3276 1229 3330; x_wconf 88' lang='lat' dir='ltr'><strong>lib.</strong></span> <span class='ocrx_word' id='word_1_477' title='bbox 1282 3291 1331 3329; x_wconf 69' lang='grc' dir='ltr'>γι</span> <span class='ocrx_word' id='word_1_478' title='bbox 1393 3273 1467 3328; x_wconf 89' lang='lat' dir='ltr'><strong>De</strong></span> <span class='ocrx_word' id='word_1_479' title='bbox 1508 3273 1694 3328; x_wconf 89' lang='lat' dir='ltr'><strong>histor.</strong></span> <span class='ocrx_word' id='word_1_480' title='bbox 1743 3272 1933 3334; x_wconf 89' lang='lat' dir='ltr'><strong>anim.,</strong></span> <span class='ocrx_word' id='word_1_481' title='bbox 1965 3285 2084 3339; x_wconf 91' lang='lat' dir='ltr'><strong>cap.</strong></span> 
     </span>
    </p>
   </div>
   <div class='ocr_carea' id='block_1_65' title="bbox 507 3363 2087 3437">
    <p class='ocr_par' dir='ltr' id='par_1_65' title="bbox 507 3363 2087 3437">
     <span class='ocr_line' id='line_1_65' title="bbox 507 3363 2087 3437; baseline -0.006 -11"><span class='ocrx_word' id='word_1_482' title='bbox 507 3373 562 3437; x_wconf 82' lang='lat'><strong>5,</strong></span> <span class='ocrx_word' id='word_1_483' title='bbox 592 3371 780 3428; x_wconf 89' lang='lat' dir='ltr'><strong>eadem</strong></span> <span class='ocrx_word' id='word_1_484' title='bbox 812 3371 997 3425; x_wconf 83' lang='lat' dir='ltr'><strong>refert.</strong></span> <span class='ocrx_word' id='word_1_485' title='bbox 1032 3368 1183 3422; x_wconf 84' lang='lat' dir='ltr'><strong>Multi</strong></span> <span class='ocrx_word' id='word_1_486' title='bbox 1239 3369 1405 3422; x_wconf 91' lang='lat' dir='ltr'><strong>etiam</strong></span> <span class='ocrx_word' id='word_1_487' title='bbox 1455 3379 1678 3420; x_wconf 85' lang='lat' dir='ltr'><strong>causam</strong></span> <span class='ocrx_word' id='word_1_488' title='bbox 1726 3378 1893 3432; x_wconf 88' lang='lat' dir='ltr'><strong>quare</strong></span> <span class='ocrx_word' id='word_1_489' title='bbox 1944 3363 2087 3416; x_wconf 88' lang='lat' dir='ltr'><strong>cervi</strong></span> 
     </span>
    </p>
   </div>
   <div class='ocr_carea' id='block_1_66' title="bbox 508 3455 2092 3520">
    <p class='ocr_par' dir='ltr' id='par_1_66' title="bbox 508 3455 2092 3520">
     <span class='ocr_line' id='line_1_66' title="bbox 508 3455 2092 3520; baseline -0.008 -2"><span class='ocrx_word' id='word_1_490' title='bbox 508 3479 715 3518; x_wconf 88' lang='lat' dir='ltr'><strong>cornua</strong></span> <span class='ocrx_word' id='word_1_491' title='bbox 750 3464 980 3516; x_wconf 87' lang='lat' dir='ltr'><strong>latenter</strong></span> <span class='ocrx_word' id='word_1_492' title='bbox 1013 3461 1308 3520; x_wconf 88' lang='lat' dir='ltr'><strong>dimittant,</strong></span> <span class='ocrx_word' id='word_1_493' title='bbox 1343 3459 1426 3512; x_wconf 85' lang='lat' dir='ltr'><strong>vel</strong></span> <span class='ocrx_word' id='word_1_494' title='bbox 1458 3467 1659 3512; x_wconf 88' lang='lat' dir='ltr'><strong>terram</strong></span> <span class='ocrx_word' id='word_1_495' title='bbox 1702 3455 1968 3509; x_wconf 79' lang='lat' dir='ltr'><strong>fodientes</strong></span> <span class='ocrx_word' id='word_1_496' title='bbox 1997 3469 2092 3508; x_wconf 85' lang='lat' dir='ltr'><strong>oc-</strong></span> 
     </span>
    </p>
   </div>
   <div class='ocr_carea' id='block_1_67' title="bbox 509 3547 2088 3624">
    <p class='ocr_par' dir='ltr' id='par_1_67' title="bbox 509 3547 2088 3624">
     <span class='ocr_line' id='line_1_67' title="bbox 509 3547 2088 3624; baseline -0.008 -13"><span class='ocrx_word' id='word_1_497' title='bbox 509 3557 734 3621; x_wconf 88' lang='lat' dir='ltr'><strong>cultent,</strong></span> <span class='ocrx_word' id='word_1_498' title='bbox 771 3555 1186 3624; x_wconf 86' lang='lat' dir='ltr'><strong>investigarunt.</strong></span> <span class='ocrx_word' id='word_1_499' title='bbox 1236 3551 1446 3606; x_wconf 86' lang='lat' dir='ltr'><strong>Plinius</strong></span> <span class='ocrx_word' id='word_1_500' title='bbox 1475 3551 1541 3604; x_wconf 89' lang='lat' dir='ltr'><strong>ad</strong></span> <span class='ocrx_word' id='word_1_501' title='bbox 1574 3549 1831 3605; x_wconf 85' lang='lat' dir='ltr'><strong>invidiam</strong></span> <span class='ocrx_word' id='word_1_502' title='bbox 1871 3547 2088 3610; x_wconf 85' lang='lat' dir='ltr'><strong>retulit;</strong></span> 
     </span>
    </p>
   </div>
   <div class='ocr_carea' id='block_1_68' title="bbox 509 3636 2091 3712">
    <p class='ocr_par' dir='ltr' id='par_1_68' title="bbox 509 3636 2091 3712">
     <span class='ocr_line' id='line_1_68' title="bbox 509 3636 2091 3712; baseline -0.007 -11"><span class='ocrx_word' id='word_1_503' title='bbox 509 3648 600 3702; x_wconf 80' lang='lat' dir='ltr'><strong>cui</strong></span> <span class='ocrx_word' id='word_1_504' title='bbox 630 3647 904 3703; x_wconf 86' lang='lat' dir='ltr'><strong>consentit</strong></span> <span class='ocrx_word' id='word_1_505' title='bbox 956 3645 1230 3706; x_wconf 70' lang='lat' dir='ltr'><strong>Ailianus,</strong></span> <span class='ocrx_word' id='word_1_506' title='bbox 1285 3646 1378 3699; x_wconf 89' lang='lat' dir='ltr'><strong>lib.</strong></span> <span class='ocrx_word' id='word_1_507' title='bbox 1431 3661 1524 3706; x_wconf 94' lang='grc' dir='ltr'>ιιι,</span> <span class='ocrx_word' id='word_1_508' title='bbox 1561 3657 1679 3712; x_wconf 85' lang='lat' dir='ltr'><strong>cap.</strong></span> <span class='ocrx_word' id='word_1_509' title='bbox 1727 3641 1794 3694; x_wconf 78' lang='grc' dir='ltr'><strong><em>Π</em></strong></span> <span class='ocrx_word' id='word_1_510' title='bbox 1831 3659 1843 3694; x_wconf 89' lang='lat'><strong>:</strong></span> <span class='ocrx_word' id='word_1_511' title='bbox 1886 3636 2006 3693; x_wconf 80' lang='grc' dir='ltr'>Οἵδε</span> <span class='ocrx_word' id='word_1_512' title='bbox 2036 3638 2091 3691; x_wconf 86' lang='grc' dir='ltr'>δὲ</span> 
     </span>
    </p>
   </div>
   <div class='ocr_carea' id='block_1_69' title="bbox 512 3727 2090 3803">
    <p class='ocr_par' dir='ltr' id='par_1_69' title="bbox 512 3727 2090 3803">
     <span class='ocr_line' id='line_1_69' title="bbox 512 3727 2090 3803; baseline -0.009 -11"><span class='ocrx_word' id='word_1_513' title='bbox 512 3739 606 3791; x_wconf 71' lang='grc' dir='ltr'><strong>καὶ</strong></span> <span class='ocrx_word' id='word_1_514' title='bbox 640 3736 833 3803; x_wconf 71' lang='grc' dir='ltr'>ἔλαφος</span> <span class='ocrx_word' id='word_1_515' title='bbox 862 3735 922 3786; x_wconf 89' lang='grc' dir='ltr'>τὸ</span> <span class='ocrx_word' id='word_1_516' title='bbox 961 3733 1133 3797; x_wconf 83' lang='grc' dir='ltr'>δεξιὸν</span> <span class='ocrx_word' id='word_1_517' title='bbox 1177 3734 1341 3801; x_wconf 77' lang='grc' dir='ltr'>κέρας</span> <span class='ocrx_word' id='word_1_518' title='bbox 1367 3732 1504 3801; x_wconf 78' lang='grc' dir='ltr'>ἔχων</span> <span class='ocrx_word' id='word_1_519' title='bbox 1537 3733 1616 3794; x_wconf 81' lang='grc' dir='ltr'><strong>εἰς</strong></span> <span class='ocrx_word' id='word_1_520' title='bbox 1653 3729 1822 3782; x_wconf 84' lang='grc' dir='ltr'>πολλά</span> <span class='ocrx_word' id='word_1_521' title='bbox 1867 3727 2090 3795; x_wconf 83' lang='grc' dir='ltr'>ἀγαθὸν,</span> 
     </span>
    </p>
   </div>
   <div class='ocr_carea' id='block_1_70' title="bbox 512 3817 2092 3896">
    <p class='ocr_par' dir='ltr' id='par_1_70' title="bbox 512 3817 2092 3896">
     <span class='ocr_line' id='line_1_70' title="bbox 512 3817 2092 3896; baseline -0.006 -15"><span class='ocrx_word' id='word_1_522' title='bbox 512 3829 607 3882; x_wconf 77' lang='grc' dir='ltr'>καὶ</span> <span class='ocrx_word' id='word_1_523' title='bbox 624 3826 802 3896; x_wconf 81' lang='grc' dir='ltr'>μέντοι</span> <span class='ocrx_word' id='word_1_524' title='bbox 825 3823 1142 3894; x_wconf 86' lang='grc' dir='ltr'>κατορύττει</span> <span class='ocrx_word' id='word_1_525' title='bbox 1160 3823 1290 3876; x_wconf 78' lang='grc' dir='ltr'>αὐτὸ</span> <span class='ocrx_word' id='word_1_526' title='bbox 1310 3824 1401 3876; x_wconf 74' lang='grc' dir='ltr'>καὶ</span> <span class='ocrx_word' id='word_1_527' title='bbox 1421 3821 1761 3892; x_wconf 86' lang='grc' dir='ltr'>ἀποκρύπτει</span> <span class='ocrx_word' id='word_1_528' title='bbox 1783 3819 1978 3890; x_wconf 86' lang='grc' dir='ltr'>φθόνῳ.</span> <span class='ocrx_word' id='word_1_529' title='bbox 1997 3817 2092 3871; x_wconf 80' lang='grc' dir='ltr'>τοῦ</span> 
     </span>
    </p>
   </div>
   <div class='ocr_carea' id='block_1_71' title="bbox 516 3909 2096 3991">
    <p class='ocr_par' dir='ltr' id='par_1_71' title="bbox 516 3909 2096 3991">
     <span class='ocr_line' id='line_1_71' title="bbox 516 3909 2096 3991; baseline -0.006 -19"><span class='ocrx_word' id='word_1_530' title='bbox 516 3920 591 3991; x_wconf 85' lang='grc' dir='ltr'>μὴ</span> <span class='ocrx_word' id='word_1_531' title='bbox 615 3916 870 3972; x_wconf 81' lang='grc' dir='ltr'>τοσοῦτον</span> <span class='ocrx_word' id='word_1_532' title='bbox 889 3916 984 3987; x_wconf 84' lang='lat' dir='ltr'><strong>(ita</strong></span> <span class='ocrx_word' id='word_1_533' title='bbox 1013 3917 1158 3970; x_wconf 89' lang='lat' dir='ltr'><strong>enim</strong></span> <span class='ocrx_word' id='word_1_534' title='bbox 1188 3916 1424 3982; x_wconf 76' lang='lat' dir='ltr'><strong>corrigo)</strong></span> <span class='ocrx_word' id='word_1_535' title='bbox 1443 3913 1565 3966; x_wconf 78' lang='grc' dir='ltr'>τινὰ</span> <span class='ocrx_word' id='word_1_536' title='bbox 1595 3909 2096 3966; x_wconf 57' lang='grc' dir='ltr'>ἀπολαῦσαιπιιιεο-</span> 
     </span>
    </p>
   </div>
   <div class='ocr_carea' id='block_1_72' title="bbox 514 4001 2094 4083">
    <p class='ocr_par' dir='ltr' id='par_1_72' title="bbox 514 4001 2094 4083">
     <span class='ocr_line' id='line_1_72' title="bbox 514 4001 2094 4083; baseline -0.008 -17"><span class='ocrx_word' id='word_1_537' title='bbox 514 4013 772 4083; x_wconf 82' lang='lat' dir='ltr'><strong>pbrastus</strong></span> <span class='ocrx_word' id='word_1_538' title='bbox 798 4008 937 4077; x_wconf 82' lang='grc' dir='ltr'>Περὶ</span> <span class='ocrx_word' id='word_1_539' title='bbox 955 4005 1072 4060; x_wconf 83' lang='grc' dir='ltr'><strong>τῶν</strong></span> <span class='ocrx_word' id='word_1_540' title='bbox 1094 4004 1431 4075; x_wconf 70' lang='grc' dir='ltr'>λεγομένων</span> <span class='ocrx_word' id='word_1_541' title='bbox 1447 4002 1602 4066; x_wconf 68' lang='grc' dir='ltr'><strong>ζώων</strong></span> <span class='ocrx_word' id='word_1_542' title='bbox 1624 4001 1888 4072; x_wconf 72' lang='grc' dir='ltr'>φθονεῖν,</span> <span class='ocrx_word' id='word_1_543' title='bbox 1909 4009 2094 4070; x_wconf 84' lang='lat' dir='ltr'><strong>aperte</strong></span> 
     </span>
    </p>
   </div>
   <div class='ocr_carea' id='block_1_73' title="bbox 515 4092 2096 4170">
    <p class='ocr_par' dir='ltr' id='par_1_73' title="bbox 515 4092 2096 4170">
     <span class='ocr_line' id='line_1_73' title="bbox 515 4092 2096 4170; baseline -0.008 -14"><span class='ocrx_word' id='word_1_544' title='bbox 515 4102 568 4156; x_wconf 90' lang='lat' dir='ltr'><strong>id</strong></span> <span class='ocrx_word' id='word_1_545' title='bbox 599 4106 758 4170; x_wconf 80' lang='lat' dir='ltr'><strong>ncgat</strong></span> <span class='ocrx_word' id='word_1_546' title='bbox 789 4115 900 4154; x_wconf 87' lang='lat' dir='ltr'><strong>non</strong></span> <span class='ocrx_word' id='word_1_547' title='bbox 934 4105 1144 4152; x_wconf 88' lang='lat' dir='ltr'><strong>tantum</strong></span> <span class='ocrx_word' id='word_1_548' title='bbox 1185 4097 1239 4150; x_wconf 92' lang='lat' dir='ltr'><strong>in</strong></span> <span class='ocrx_word' id='word_1_549' title='bbox 1283 4097 1481 4158; x_wconf 84' lang='lat' dir='ltr'><strong>cervis,</strong></span> <span class='ocrx_word' id='word_1_550' title='bbox 1513 4095 1607 4150; x_wconf 90' lang='lat' dir='ltr'><strong>sed</strong></span> <span class='ocrx_word' id='word_1_551' title='bbox 1641 4101 1696 4148; x_wconf 86' lang='lat' dir='ltr'><strong>et</strong></span> <span class='ocrx_word' id='word_1_552' title='bbox 1743 4094 1796 4148; x_wconf 93' lang='lat' dir='ltr'><strong>in</strong></span> <span class='ocrx_word' id='word_1_553' title='bbox 1831 4093 1951 4148; x_wconf 89' lang='lat' dir='ltr'><strong>aliis</strong></span> <span class='ocrx_word' id='word_1_554' title='bbox 1980 4092 2096 4145; x_wconf 86' lang='lat' dir='ltr'><strong>ani—</strong></span> 
     </span>
    </p>
   </div>
   <div class='ocr_carea' id='block_1_74' title="bbox 515 4186 2098 4262">
    <p class='ocr_par' dir='ltr' id='par_1_74' title="bbox 515 4186 2098 4262">
     <span class='ocr_line' id='line_1_74' title="bbox 515 4186 2098 4262; baseline -0.008 -13"><span class='ocrx_word' id='word_1_555' title='bbox 515 4195 770 4255; x_wconf 87' lang='lat' dir='ltr'><strong>malibus,</strong></span> <span class='ocrx_word' id='word_1_556' title='bbox 799 4207 920 4262; x_wconf 63' lang='lat' dir='ltr'><strong>quae</strong></span> <span class='ocrx_word' id='word_1_557' title='bbox 944 4205 1029 4244; x_wconf 88' lang='lat' dir='ltr'><strong>res</strong></span> <span class='ocrx_word' id='word_1_558' title='bbox 1056 4189 1177 4243; x_wconf 89' lang='lat' dir='ltr'><strong>aliis</strong></span> <span class='ocrx_word' id='word_1_559' title='bbox 1202 4188 1360 4242; x_wconf 86' lang='lat' dir='ltr'><strong>utiles</strong></span> <span class='ocrx_word' id='word_1_560' title='bbox 1388 4189 1471 4242; x_wconf 90' lang='lat' dir='ltr'><strong>vel</strong></span> <span class='ocrx_word' id='word_1_561' title='bbox 1498 4186 1839 4241; x_wconf 88' lang='lat' dir='ltr'><strong>abscondunt</strong></span> <span class='ocrx_word' id='word_1_562' title='bbox 1865 4186 1944 4240; x_wconf 90' lang='lat' dir='ltr'><strong>vel</strong></span> <span class='ocrx_word' id='word_1_563' title='bbox 1974 4199 2098 4240; x_wconf 80' lang='lat' dir='ltr'><strong>cor-</strong></span> 
     </span>
    </p>
   </div>
   <div class='ocr_carea' id='block_1_75' title="bbox 515 4275 2096 4352">
    <p class='ocr_par' dir='ltr' id='par_1_75' title="bbox 515 4275 2096 4352">
     <span class='ocr_line' id='line_1_75' title="bbox 515 4275 2096 4352; baseline -0.007 -13"><span class='ocrx_word' id='word_1_564' title='bbox 515 4290 796 4352; x_wconf 90' lang='lat' dir='ltr'><strong>rumpunt.</strong></span> <span class='ocrx_word' id='word_1_565' title='bbox 826 4280 1061 4335; x_wconf 89' lang='lat' dir='ltr'><strong>Tantum</strong></span> <span class='ocrx_word' id='word_1_566' title='bbox 1092 4280 1235 4333; x_wconf 86' lang='lat' dir='ltr'><strong>enim</strong></span> <span class='ocrx_word' id='word_1_567' title='bbox 1259 4279 1334 4332; x_wconf 86' lang='lat' dir='ltr'><strong>ait</strong></span> <span class='ocrx_word' id='word_1_568' title='bbox 1368 4277 1469 4332; x_wconf 88' lang='lat' dir='ltr'><strong>hoc</strong></span> <span class='ocrx_word' id='word_1_569' title='bbox 1501 4277 1906 4332; x_wconf 78' lang='lat' dir='ltr'><strong>existimatione</strong></span> <span class='ocrx_word' id='word_1_570' title='bbox 1927 4275 2096 4329; x_wconf 87' lang='lat' dir='ltr'><strong>homi-</strong></span> 
     </span>
    </p>
   </div>
   <div class='ocr_carea' id='block_1_76' title="bbox 516 4369 2093 4440">
    <p class='ocr_par' dir='ltr' id='par_1_76' title="bbox 516 4369 2093 4440">
     <span class='ocr_line' id='line_1_76' title="bbox 516 4369 2093 4440; baseline -0.003 -12"><span class='ocrx_word' id='word_1_571' title='bbox 516 4389 646 4428; x_wconf 91' lang='lat' dir='ltr'><strong>num</strong></span> <span class='ocrx_word' id='word_1_572' title='bbox 687 4372 822 4427; x_wconf 86' lang='lat' dir='ltr'><strong>falsa</strong></span> <span class='ocrx_word' id='word_1_573' title='bbox 867 4370 1134 4426; x_wconf 88' lang='lat' dir='ltr'><strong>accusari.</strong></span> <span class='ocrx_word' id='word_1_574' title='bbox 1174 4369 1246 4423; x_wconf 90' lang='lat' dir='ltr'><strong>Ea</strong></span> <span class='ocrx_word' id='word_1_575' title='bbox 1295 4385 1530 4440; x_wconf 88' lang='lat' dir='ltr'><strong>namque</strong></span> <span class='ocrx_word' id='word_1_576' title='bbox 1577 4371 1810 4424; x_wconf 88' lang='lat' dir='ltr'><strong>naturali</strong></span> <span class='ocrx_word' id='word_1_577' title='bbox 1858 4369 2093 4440; x_wconf 88' lang='lat' dir='ltr'><strong>quodam</strong></span> 
     </span>
    </p>
   </div>
   <div class='ocr_carea' id='block_1_77' title="bbox 517 4461 2091 4532">
    <p class='ocr_par' dir='ltr' id='par_1_77' title="bbox 517 4461 2091 4532">
     <span class='ocr_line' id='line_1_77' title="bbox 517 4461 2091 4532; baseline -0.002 -12"><span class='ocrx_word' id='word_1_578' title='bbox 517 4465 799 4526; x_wconf 89' lang='lat' dir='ltr'><strong>instinctu,</strong></span> <span class='ocrx_word' id='word_1_579' title='bbox 849 4463 963 4518; x_wconf 88' lang='lat' dir='ltr'><strong>sive</strong></span> <span class='ocrx_word' id='word_1_580' title='bbox 1017 4463 1178 4516; x_wconf 89' lang='lat' dir='ltr'><strong>etiam</strong></span> <span class='ocrx_word' id='word_1_581' title='bbox 1223 4461 1514 4530; x_wconf 87' lang='lat' dir='ltr'><strong>aliquando</strong></span> <span class='ocrx_word' id='word_1_582' title='bbox 1567 4461 1763 4516; x_wconf 88' lang='lat' dir='ltr'><strong>timore</strong></span> <span class='ocrx_word' id='word_1_583' title='bbox 1805 4461 1858 4517; x_wconf 90' lang='lat' dir='ltr'><strong>id</strong></span> <span class='ocrx_word' id='word_1_584' title='bbox 1912 4477 2091 4532; x_wconf 86' lang='lat' dir='ltr'><strong>agere,</strong></span> 
     </span>
    </p>
   </div>
   <div class='ocr_carea' id='block_1_78' title="bbox 517 4553 1992 4627">
    <p class='ocr_par' dir='ltr' id='par_1_78' title="bbox 517 4553 1992 4627">
     <span class='ocr_line' id='line_1_78' title="bbox 517 4553 1992 4627; baseline -0.001 -18"><span class='ocrx_word' id='word_1_585' title='bbox 517 4572 750 4627; x_wconf 87' lang='lat' dir='ltr'><strong>quorum</strong></span> <span class='ocrx_word' id='word_1_586' title='bbox 787 4565 965 4609; x_wconf 87' lang='lat' dir='ltr'><strong>tamen</strong></span> <span class='ocrx_word' id='word_1_587' title='bbox 993 4554 1256 4607; x_wconf 85' lang='lat' dir='ltr'><strong>rationein</strong></span> <span class='ocrx_word' id='word_1_588' title='bbox 1293 4569 1392 4607; x_wconf 92' lang='lat' dir='ltr'><strong>nos</strong></span> <span class='ocrx_word' id='word_1_589' title='bbox 1427 4554 1714 4624; x_wconf 85' lang='lat' dir='ltr'><strong>nequimus</strong></span> <span class='ocrx_word' id='word_1_590' title='bbox 1746 4553 1992 4609; x_wconf 88' lang='lat' dir='ltr'><strong>reddere.</strong></span> 
     </span>
    </p>
   </div>
   <div class='ocr_carea' id='block_1_79' title="bbox 591 4645 2102 4716">
    <p class='ocr_par' dir='ltr' id='par_1_79' title="bbox 591 4645 2102 4716">
     <span class='ocr_line' id='line_1_79' title="bbox 591 4645 2102 4716; baseline 0 -16"><span class='ocrx_word' id='word_1_591' title='bbox 591 4647 752 4712; x_wconf 77' lang='lat' dir='ltr'><strong>lbi:l.,</strong></span> <span class='ocrx_word' id='word_1_592' title='bbox 820 4648 916 4700; x_wconf 93' lang='lat' dir='ltr'><strong>lin.</strong></span> <span class='ocrx_word' id='word_1_593' title='bbox 951 4649 1036 4702; x_wconf 79' lang='grc'><strong>15.</strong></span> <span class='ocrx_word' id='word_1_594' title='bbox 1090 4647 1200 4701; x_wconf 80' lang='grc' dir='ltr'><strong>Καὶ</strong></span> <span class='ocrx_word' id='word_1_595' title='bbox 1252 4645 1474 4711; x_wconf 77' lang='grc' dir='ltr'>νυκτὸς</span> <span class='ocrx_word' id='word_1_596' title='bbox 1521 4645 1779 4716; x_wconf 82' lang='grc' dir='ltr'>νέμεται.</span> <span class='ocrx_word' id='word_1_597' title='bbox 1828 4645 2102 4711; x_wconf 68' lang='grc' dir='ltr'>Ᾰέιίδιιιιε,</span> 
     </span>
    </p>
   </div>
   <div class='ocr_carea' id='block_1_80' title="bbox 519 4738 2106 4810">
    <p class='ocr_par' dir='ltr' id='par_1_80' title="bbox 519 4738 2106 4810">
     <span class='ocr_line' id='line_1_80' title="bbox 519 4738 2106 4810; baseline -0.003 -16"><span class='ocrx_word' id='word_1_598' title='bbox 519 4738 616 4794; x_wconf 73' lang='grc' dir='ltr'>ιιι).</span> <span class='ocrx_word' id='word_1_599' title='bbox 641 4754 716 4802; x_wconf 79' lang='lat' dir='ltr'><strong>Vl,</strong></span> <span class='ocrx_word' id='word_1_600' title='bbox 744 4753 864 4808; x_wconf 84' lang='lat' dir='ltr'><strong>cap.</strong></span> <span class='ocrx_word' id='word_1_601' title='bbox 889 4739 922 4792; x_wconf 78' lang='grc'><strong>5</strong></span> <span class='ocrx_word' id='word_1_602' title='bbox 945 4758 956 4793; x_wconf 93' lang='lat'>:</span> <span class='ocrx_word' id='word_1_603' title='bbox 984 4739 1244 4808; x_wconf 81' lang='grc' dir='ltr'>Λέγονται</span> <span class='ocrx_word' id='word_1_604' title='bbox 1286 4738 1343 4792; x_wconf 85' lang='grc' dir='ltr'>δὲ</span> <span class='ocrx_word' id='word_1_605' title='bbox 1377 4740 1470 4792; x_wconf 73' lang='grc' dir='ltr'><strong>καὶ</strong></span> <span class='ocrx_word' id='word_1_606' title='bbox 1492 4738 1870 4807; x_wconf 82' lang='grc' dir='ltr'>φυλάττεσθαι,</span> <span class='ocrx_word' id='word_1_607' title='bbox 1899 4741 2106 4810; x_wconf 81' lang='grc' dir='ltr'>μήποτε</span> 
     </span>
    </p>
   </div>
   <div class='ocr_carea' id='block_1_81' title="bbox 521 4826 2106 4904">
    <p class='ocr_par' dir='ltr' id='par_1_81' title="bbox 521 4826 2106 4904">
     <span class='ocr_line' id='line_1_81' title="bbox 521 4826 2106 4904; baseline -0.003 -18"><span class='ocrx_word' id='word_1_608' title='bbox 521 4831 629 4904; x_wconf 80' lang='grc' dir='ltr'>ἄρα</span> <span class='ocrx_word' id='word_1_609' title='bbox 676 4835 888 4902; x_wconf 81' lang='grc' dir='ltr'>νεαροῖς</span> <span class='ocrx_word' id='word_1_610' title='bbox 932 4828 1080 4883; x_wconf 78' lang='grc' dir='ltr'>οὖσιν</span> <span class='ocrx_word' id='word_1_611' title='bbox 1128 4833 1307 4884; x_wconf 72' lang='grc' dir='ltr'>αὐτῶν</span> <span class='ocrx_word' id='word_1_612' title='bbox 1344 4835 1455 4895; x_wconf 89' lang='grc' dir='ltr'>τοῖς</span> <span class='ocrx_word' id='word_1_613' title='bbox 1488 4831 1690 4894; x_wconf 64' lang='grc' dir='ltr'><strong>ἱἕλκεσι,</strong></span> <span class='ocrx_word' id='word_1_614' title='bbox 1722 4826 1838 4885; x_wconf 84' lang='grc' dir='ltr'>εἶτα</span> <span class='ocrx_word' id='word_1_615' title='bbox 1877 4829 2106 4901; x_wconf 79' lang='grc' dir='ltr'>προσπί-</span> 
     </span>
    </p>
   </div>
   <div class='ocr_carea' id='block_1_82' title="bbox 522 4920 2105 4995">
    <p class='ocr_par' dir='ltr' id='par_1_82' title="bbox 522 4920 2105 4995">
     <span class='ocr_line' id='line_1_82' title="bbox 522 4920 2105 4995; baseline -0.003 -17"><span class='ocrx_word' id='word_1_616' title='bbox 522 4940 733 4978; x_wconf 84' lang='grc' dir='ltr'>πτουσα</span> <span class='ocrx_word' id='word_1_617' title='bbox 761 4925 794 4995; x_wconf 79' lang='grc' dir='ltr'><strong>ἡ</strong></span> <span class='ocrx_word' id='word_1_618' title='bbox 824 4924 983 4985; x_wconf 77' lang='grc' dir='ltr'>ἀκτὶς</span> <span class='ocrx_word' id='word_1_619' title='bbox 1021 4924 1207 4995; x_wconf 74' lang='grc' dir='ltr'>πρὶνῆ</span> <span class='ocrx_word' id='word_1_620' title='bbox 1246 4923 1504 4994; x_wconf 82' lang='grc' dir='ltr'>παγῆναι,</span> <span class='ocrx_word' id='word_1_621' title='bbox 1541 4923 1636 4977; x_wconf 72' lang='grc' dir='ltr'>καὶ</span> <span class='ocrx_word' id='word_1_622' title='bbox 1675 4924 1799 4985; x_wconf 79' lang='grc' dir='ltr'>τοὺς</span> <span class='ocrx_word' id='word_1_623' title='bbox 1835 4920 2105 4992; x_wconf 79' lang='grc' dir='ltr'>καλουμέ-</span> 
     </span>
    </p>
   </div>
   <div class='ocr_carea' id='block_1_83' title="bbox 522 5012 2108 5088">
    <p class='ocr_par' dir='ltr' id='par_1_83' title="bbox 522 5012 2108 5088">
     <span class='ocr_line' id='line_1_83' title="bbox 522 5012 2108 5088; baseline -0.002 -20"><span class='ocrx_word' id='word_1_624' title='bbox 522 5031 649 5079; x_wconf 85' lang='grc' dir='ltr'>νους</span> <span class='ocrx_word' id='word_1_625' title='bbox 702 5015 956 5088; x_wconf 86' lang='grc' dir='ltr'>χόνδρους</span> <span class='ocrx_word' id='word_1_626' title='bbox 1016 5015 1224 5068; x_wconf 79' lang='grc' dir='ltr'>λαϐεῖν.</span> <span class='ocrx_word' id='word_1_627' title='bbox 1263 5015 1395 5068; x_wconf 86' lang='grc' dir='ltr'>Ἥδε</span> <span class='ocrx_word' id='word_1_628' title='bbox 1455 5016 1553 5086; x_wconf 81' lang='grc' dir='ltr'><strong>τὴν</strong></span> <span class='ocrx_word' id='word_1_629' title='bbox 1603 5015 1779 5084; x_wconf 88' lang='grc' dir='ltr'>σάρκα</span> <span class='ocrx_word' id='word_1_630' title='bbox 1832 5012 2108 5086; x_wconf 73' lang='grc' dir='ltr'>ὑποσήψῃ.</span> 
     </span>
    </p>
   </div>
   <div class='ocr_carea' id='block_1_84' title="bbox 525 5103 2110 5175">
    <p class='ocr_par' dir='ltr' id='par_1_84' title="bbox 525 5103 2110 5175">
     <span class='ocr_line' id='line_1_84' title="bbox 525 5103 2110 5175; baseline -0.003 -15"><span class='ocrx_word' id='word_1_631' title='bbox 525 5106 870 5170; x_wconf 86' lang='lat' dir='ltr'><strong>Aristoteles,</strong></span> <span class='ocrx_word' id='word_1_632' title='bbox 902 5107 996 5160; x_wconf 88' lang='lat' dir='ltr'><strong>lib.</strong></span> <span class='ocrx_word' id='word_1_633' title='bbox 1031 5123 1084 5161; x_wconf 77' lang='lat' dir='ltr'><strong>ix</strong></span> <span class='ocrx_word' id='word_1_634' title='bbox 1129 5106 1204 5160; x_wconf 87' lang='lat' dir='ltr'><strong>De</strong></span> <span class='ocrx_word' id='word_1_635' title='bbox 1229 5107 1357 5160; x_wconf 86' lang='lat' dir='ltr'><strong>hist.</strong></span> <span class='ocrx_word' id='word_1_636' title='bbox 1384 5109 1571 5169; x_wconf 87' lang='lat' dir='ltr'><strong>anim.,</strong></span> <span class='ocrx_word' id='word_1_637' title='bbox 1603 5120 1726 5175; x_wconf 91' lang='lat' dir='ltr'><strong>cap.</strong></span> <span class='ocrx_word' id='word_1_638' title='bbox 1758 5105 1791 5158; x_wconf 81' lang='lat'><strong>5</strong></span> <span class='ocrx_word' id='word_1_639' title='bbox 1821 5123 1834 5157; x_wconf 87' lang='lat'>:</span> <span class='ocrx_word' id='word_1_640' title='bbox 1869 5103 2110 5158; x_wconf 83' lang='lat' dir='ltr'><strong>Pascun-</strong></span> 
     </span>
    </p>
   </div>
   <div class='ocr_carea' id='block_1_85' title="bbox 530 5197 2110 5270">
    <p class='ocr_par' dir='ltr' id='par_1_85' title="bbox 530 5197 2110 5270">
     <span class='ocr_line' id='line_1_85' title="bbox 530 5197 2110 5270; baseline -0.003 -18"><span class='ocrx_word' id='word_1_641' title='bbox 530 5207 616 5253; x_wconf 88' lang='lat' dir='ltr'><strong>tur</strong></span> <span class='ocrx_word' id='word_1_642' title='bbox 642 5216 734 5268; x_wconf 88' lang='lat' dir='ltr'><strong>per</strong></span> <span class='ocrx_word' id='word_1_643' title='bbox 764 5199 817 5253; x_wconf 88' lang='lat' dir='ltr'><strong>id</strong></span> <span class='ocrx_word' id='word_1_644' title='bbox 847 5209 1046 5270; x_wconf 84' lang='lat' dir='ltr'><strong>tempus</strong></span> <span class='ocrx_word' id='word_1_645' title='bbox 1079 5210 1235 5253; x_wconf 86' lang='lat' dir='ltr'><strong>noctu</strong></span> <span class='ocrx_word' id='word_1_646' title='bbox 1260 5197 1421 5253; x_wconf 86' lang='lat' dir='ltr'><strong>donec</strong></span> <span class='ocrx_word' id='word_1_647' title='bbox 1460 5199 1715 5267; x_wconf 85' lang='lat' dir='ltr'><strong>recipiant</strong></span> <span class='ocrx_word' id='word_1_648' title='bbox 1745 5213 1967 5259; x_wconf 75' lang='lat' dir='ltr'><strong>cornua,</strong></span> <span class='ocrx_word' id='word_1_649' title='bbox 1993 5212 2110 5265; x_wconf 75' lang='lat' dir='ltr'><strong>qua:</strong></span> 
     </span>
    </p>
   </div>
   <div class='ocr_carea' id='block_1_86' title="bbox 530 5287 2110 5362">
    <p class='ocr_par' dir='ltr' id='par_1_86' title="bbox 530 5287 2110 5362">
     <span class='ocr_line' id='line_1_86' title="bbox 530 5287 2110 5362; baseline -0.003 -19"><span class='ocrx_word' id='word_1_650' title='bbox 530 5291 759 5358; x_wconf 79' lang='lat' dir='ltr'><strong>primum</strong></span> <span class='ocrx_word' id='word_1_651' title='bbox 810 5290 966 5362; x_wconf 79' lang='lat' dir='ltr'><strong>quasi</strong></span> <span class='ocrx_word' id='word_1_652' title='bbox 1018 5299 1134 5344; x_wconf 78' lang='lat' dir='ltr'><strong>cute</strong></span> <span class='ocrx_word' id='word_1_653' title='bbox 1178 5291 1365 5343; x_wconf 80' lang='lat' dir='ltr'><strong>vestita</strong></span> <span class='ocrx_word' id='word_1_654' title='bbox 1394 5299 1442 5343; x_wconf 87' lang='lat' dir='ltr'><strong>et</strong></span> <span class='ocrx_word' id='word_1_655' title='bbox 1475 5287 1790 5342; x_wconf 86' lang='lat' dir='ltr'><strong>hirtiuscula</strong></span> <span class='ocrx_word' id='word_1_656' title='bbox 1826 5287 2110 5349; x_wconf 86' lang='lat' dir='ltr'><strong>emittunt;</strong></span> 
     </span>
    </p>
   </div>
   <div class='ocr_carea' id='block_1_87' title="bbox 531 5379 2112 5450">
    <p class='ocr_par' dir='ltr' id='par_1_87' title="bbox 531 5379 2112 5450">
     <span class='ocr_line' id='line_1_87' title="bbox 531 5379 2112 5450; baseline -0.003 -15"><span class='ocrx_word' id='word_1_657' title='bbox 531 5379 622 5435; x_wconf 87' lang='lat' dir='ltr'><strong>sed</strong></span> <span class='ocrx_word' id='word_1_658' title='bbox 650 5398 769 5436; x_wconf 88' lang='lat' dir='ltr'><strong>cum</strong></span> <span class='ocrx_word' id='word_1_659' title='bbox 806 5381 1057 5437; x_wconf 85' lang='lat' dir='ltr'><strong>creverint</strong></span> <span class='ocrx_word' id='word_1_660' title='bbox 1099 5381 1204 5435; x_wconf 87' lang='lat' dir='ltr'><strong>soli</strong></span> <span class='ocrx_word' id='word_1_661' title='bbox 1243 5388 1530 5450; x_wconf 72' lang='lat' dir='ltr'><strong>exponunt,</strong></span> <span class='ocrx_word' id='word_1_662' title='bbox 1574 5388 1630 5432; x_wconf 90' lang='lat' dir='ltr'><strong>ut</strong></span> <span class='ocrx_word' id='word_1_663' title='bbox 1677 5385 2036 5449; x_wconf 76' lang='lat' dir='ltr'><strong>excoquuntur</strong></span> <span class='ocrx_word' id='word_1_664' title='bbox 2060 5385 2112 5430; x_wconf 91' lang='lat' dir='ltr'><strong>et</strong></span> 
     </span>
    </p>
   </div>
   <div class='ocr_carea' id='block_1_88' title="bbox 532 5473 752 5528">
    <p class='ocr_par' dir='ltr' id='par_1_88' title="bbox 532 5473 752 5528">
     <span class='ocr_line' id='line_1_88' title="bbox 532 5473 752 5528; baseline 0.005 -2"><span class='ocrx_word' id='word_1_665' title='bbox 532 5473 752 5528; x_wconf 84' lang='lat' dir='ltr'><strong>siccent.</strong></span> 
     </span>
    </p>
   </div>
   <div class='ocr_carea' id='block_1_89' title="bbox 603 5560 2115 5636">
    <p class='ocr_par' dir='ltr' id='par_1_89' title="bbox 603 5560 2115 5636">
     <span class='ocr_line' id='line_1_89' title="bbox 603 5560 2115 5636; baseline -0.005 -19"><span class='ocrx_word' id='word_1_666' title='bbox 603 5563 762 5629; x_wconf 86' lang='lat' dir='ltr'><strong>lbid.,</strong></span> <span class='ocrx_word' id='word_1_667' title='bbox 786 5567 882 5622; x_wconf 87' lang='lat' dir='ltr'><strong>lin.</strong></span> <span class='ocrx_word' id='word_1_668' title='bbox 907 5567 994 5622; x_wconf 80' lang='lat' dir='ltr'><strong>l5.</strong></span> <span class='ocrx_word' id='word_1_669' title='bbox 1022 5563 1369 5636; x_wconf 72' lang='grc' dir='ltr'>Βουλομένη</span> <span class='ocrx_word' id='word_1_670' title='bbox 1398 5563 1466 5617; x_wconf 86' lang='grc' dir='ltr'>δὲ</span> <span class='ocrx_word' id='word_1_671' title='bbox 1486 5561 1821 5632; x_wconf 81' lang='grc' dir='ltr'>δοκιμάσαι.</span> <span class='ocrx_word' id='word_1_672' title='bbox 1844 5560 2115 5615; x_wconf 85' lang='lat' dir='ltr'><strong>Aristote-</strong></span> 
     </span>
    </p>
   </div>
   <div class='ocr_carea' id='block_1_90' title="bbox 536 5651 2113 5728">
    <p class='ocr_par' dir='ltr' id='par_1_90' title="bbox 536 5651 2113 5728">
     <span class='ocr_line' id='line_1_90' title="bbox 536 5651 2113 5728; baseline -0.004 -18"><span class='ocrx_word' id='word_1_673' title='bbox 536 5656 618 5712; x_wconf 84' lang='lat' dir='ltr'><strong>les</strong></span> <span class='ocrx_word' id='word_1_674' title='bbox 647 5654 842 5712; x_wconf 79' lang='lat' dir='ltr'><strong>ibidem</strong></span> <span class='ocrx_word' id='word_1_675' title='bbox 869 5675 885 5712; x_wconf 87' lang='lat'><strong>:</strong></span> <span class='ocrx_word' id='word_1_676' title='bbox 919 5659 1084 5712; x_wconf 88' lang='grc' dir='ltr'>Ὅταν</span> <span class='ocrx_word' id='word_1_677' title='bbox 1112 5657 1166 5710; x_wconf 79' lang='grc' dir='ltr'>δὲ</span> <span class='ocrx_word' id='word_1_678' title='bbox 1197 5655 1393 5728; x_wconf 80' lang='grc' dir='ltr'>μηκέτι</span> <span class='ocrx_word' id='word_1_679' title='bbox 1430 5654 1631 5710; x_wconf 87' lang='grc' dir='ltr'>πονῶσι</span> <span class='ocrx_word' id='word_1_680' title='bbox 1662 5654 1798 5725; x_wconf 73' lang='grc' dir='ltr'>πρὸς</span> <span class='ocrx_word' id='word_1_681' title='bbox 1823 5652 1892 5706; x_wconf 83' lang='grc' dir='ltr'><strong>τὰ</strong></span> <span class='ocrx_word' id='word_1_682' title='bbox 1921 5651 2113 5723; x_wconf 87' lang='grc' dir='ltr'>δένδρα</span> 
     </span>
    </p>
   </div>
   <div class='ocr_carea' id='block_1_91' title="bbox 536 5743 2111 5818">
    <p class='ocr_par' dir='ltr' id='par_1_91' title="bbox 536 5743 2111 5818">
     <span class='ocr_line' id='line_1_91' title="bbox 536 5743 2111 5818; baseline -0.003 -18"><span class='ocrx_word' id='word_1_683' title='bbox 536 5743 801 5818; x_wconf 82' lang='grc' dir='ltr'>κνώμενοι</span> <span class='ocrx_word' id='word_1_684' title='bbox 833 5749 989 5818; x_wconf 73' lang='grc' dir='ltr'>αὐτὰ,</span> <span class='ocrx_word' id='word_1_685' title='bbox 1018 5750 1137 5804; x_wconf 82' lang='grc' dir='ltr'>τότε</span> <span class='ocrx_word' id='word_1_686' title='bbox 1165 5749 1476 5802; x_wconf 69' lang='grc' dir='ltr'>ἐκλείπουσι</span> <span class='ocrx_word' id='word_1_687' title='bbox 1507 5747 1632 5812; x_wconf 78' lang='grc' dir='ltr'>τοὺς</span> <span class='ocrx_word' id='word_1_688' title='bbox 1659 5745 1858 5808; x_wconf 83' lang='grc' dir='ltr'>τόπους</span> <span class='ocrx_word' id='word_1_689' title='bbox 1887 5743 2111 5806; x_wconf 81' lang='grc' dir='ltr'>τούτους</span> 
     </span>
    </p>
   </div>
   <div class='ocr_carea' id='block_1_92' title="bbox 2191 3254 3770 3326">
    <p class='ocr_par' dir='ltr' id='par_1_92' title="bbox 2191 3254 3770 3326">
     <span class='ocr_line' id='line_1_92' title="bbox 2191 3254 3770 3326; baseline -0.002 -15"><span class='ocrx_word' id='word_1_690' title='bbox 2191 3255 2428 3323; x_wconf 82' lang='lat' dir='ltr'><strong>viridem,</strong></span> <span class='ocrx_word' id='word_1_691' title='bbox 2455 3255 2606 3326; x_wconf 87' lang='lat' dir='ltr'><strong>quasi</strong></span> <span class='ocrx_word' id='word_1_692' title='bbox 2636 3270 2751 3323; x_wconf 72' lang='lat' dir='ltr'><strong>qua:</strong></span> <span class='ocrx_word' id='word_1_693' title='bbox 2779 3269 2894 3306; x_wconf 86' lang='lat' dir='ltr'><strong>cum</strong></span> <span class='ocrx_word' id='word_1_694' title='bbox 2925 3254 3114 3307; x_wconf 87' lang='lat' dir='ltr'><strong>tenella</strong></span> <span class='ocrx_word' id='word_1_695' title='bbox 3155 3264 3349 3318; x_wconf 83' lang='lat' dir='ltr'><strong>essent,</strong></span> <span class='ocrx_word' id='word_1_696' title='bbox 3386 3255 3575 3309; x_wconf 88' lang='lat' dir='ltr'><strong>innata</strong></span> <span class='ocrx_word' id='word_1_697' title='bbox 3613 3257 3770 3322; x_wconf 79' lang='lat' dir='ltr'><strong>fuerit</strong></span> 
     </span>
    </p>
   </div>
   <div class='ocr_carea' id='block_1_93' title="bbox 2193 3343 3766 3418">
    <p class='ocr_par' dir='ltr' id='par_1_93' title="bbox 2193 3343 3766 3418">
     <span class='ocr_line' id='line_1_93' title="bbox 2193 3343 3766 3418; baseline 0.001 -16"><span class='ocrx_word' id='word_1_698' title='bbox 2193 3360 2442 3418; x_wconf 89' lang='lat' dir='ltr'><strong>tanquam</strong></span> <span class='ocrx_word' id='word_1_699' title='bbox 2482 3349 2534 3401; x_wconf 87' lang='lat' dir='ltr'><strong>in</strong></span> <span class='ocrx_word' id='word_1_700' title='bbox 2583 3347 2770 3400; x_wconf 84' lang='lat' dir='ltr'><strong>arbore</strong></span> <span class='ocrx_word' id='word_1_701' title='bbox 2810 3345 2986 3401; x_wconf 80' lang='lat' dir='ltr'><strong>viridi.</strong></span> <span class='ocrx_word' id='word_1_702' title='bbox 3035 3343 3112 3400; x_wconf 86' lang='lat' dir='ltr'><strong>Ne</strong></span> <span class='ocrx_word' id='word_1_703' title='bbox 3158 3345 3270 3399; x_wconf 88' lang='lat' dir='ltr'><strong>hilo</strong></span> <span class='ocrx_word' id='word_1_704' title='bbox 3294 3347 3516 3416; x_wconf 86' lang='lat' dir='ltr'><strong>quidem</strong></span> <span class='ocrx_word' id='word_1_705' title='bbox 3553 3351 3766 3405; x_wconf 70' lang='lat' dir='ltr'><strong>melius.</strong></span> 
     </span>
    </p>
   </div>
   <div class='ocr_carea' id='block_1_94' title="bbox 2191 3438 3768 3511">
    <p class='ocr_par' dir='ltr' id='par_1_94' title="bbox 2191 3438 3768 3511">
     <span class='ocr_line' id='line_1_94' title="bbox 2191 3438 3768 3511; baseline 0.002 -17"><span class='ocrx_word' id='word_1_706' title='bbox 2191 3440 2380 3494; x_wconf 87' lang='lat' dir='ltr'><strong>Adhuc</strong></span> <span class='ocrx_word' id='word_1_707' title='bbox 2404 3455 2601 3494; x_wconf 88' lang='lat' dir='ltr'><strong>nomen</strong></span> <span class='ocrx_word' id='word_1_708' title='bbox 2624 3438 2854 3509; x_wconf 82' lang='grc' dir='ltr'>ἀχαίτης</span> <span class='ocrx_word' id='word_1_709' title='bbox 2882 3439 3068 3493; x_wconf 90' lang='lat' dir='ltr'><strong>nescio</strong></span> <span class='ocrx_word' id='word_1_710' title='bbox 3099 3453 3204 3509; x_wconf 86' lang='lat' dir='ltr'><strong>qua</strong></span> <span class='ocrx_word' id='word_1_711' title='bbox 3229 3441 3436 3494; x_wconf 89' lang='lat' dir='ltr'><strong>ratione</strong></span> <span class='ocrx_word' id='word_1_712' title='bbox 3459 3442 3768 3511; x_wconf 80' lang='lat' dir='ltr'><strong>explosum.</strong></span> 
     </span>
    </p>
   </div>
   <div class='ocr_carea' id='block_1_95' title="bbox 2193 3530 3772 3604">
    <p class='ocr_par' dir='ltr' id='par_1_95' title="bbox 2193 3530 3772 3604">
     <span class='ocr_line' id='line_1_95' title="bbox 2193 3530 3772 3604; baseline 0.001 -18"><span class='ocrx_word' id='word_1_713' title='bbox 2193 3534 2323 3600; x_wconf 57' lang='lat' dir='ltr'><strong>Quae</strong></span> <span class='ocrx_word' id='word_1_714' title='bbox 2354 3533 2568 3587; x_wconf 86' lang='lat' dir='ltr'><strong>nescias</strong></span> <span class='ocrx_word' id='word_1_715' title='bbox 2596 3533 3021 3602; x_wconf 62' lang='lat' dir='ltr'><strong>prietermittere.</strong></span> <span class='ocrx_word' id='word_1_716' title='bbox 3057 3530 3160 3586; x_wconf 86' lang='lat' dir='ltr'><strong>Sed</strong></span> <span class='ocrx_word' id='word_1_717' title='bbox 3189 3532 3494 3599; x_wconf 81' lang='lat' dir='ltr'><strong>videamus,</strong></span> <span class='ocrx_word' id='word_1_718' title='bbox 3528 3535 3660 3604; x_wconf 88' lang='lat' dir='ltr'><strong>quid</strong></span> <span class='ocrx_word' id='word_1_719' title='bbox 3693 3537 3772 3588; x_wconf 85' lang='lat' dir='ltr'><strong>in-</strong></span> 
     </span>
    </p>
   </div>
   <div class='ocr_carea' id='block_1_96' title="bbox 2195 3621 3775 3690">
    <p class='ocr_par' dir='ltr' id='par_1_96' title="bbox 2195 3621 3775 3690">
     <span class='ocr_line' id='line_1_96' title="bbox 2195 3621 3775 3690; baseline -0.002 -10"><span class='ocrx_word' id='word_1_720' title='bbox 2195 3626 2375 3680; x_wconf 89' lang='lat' dir='ltr'><strong>nuerit</strong></span> <span class='ocrx_word' id='word_1_721' title='bbox 2419 3623 2758 3678; x_wconf 76' lang='lat' dir='ltr'><strong>Aristoteles.</strong></span> <span class='ocrx_word' id='word_1_722' title='bbox 2791 3621 2890 3676; x_wconf 91' lang='lat' dir='ltr'><strong>Diu</strong></span> <span class='ocrx_word' id='word_1_723' title='bbox 2931 3624 2985 3677; x_wconf 92' lang='lat' dir='ltr'><strong>in</strong></span> <span class='ocrx_word' id='word_1_724' title='bbox 3012 3638 3074 3676; x_wconf 90' lang='lat' dir='ltr'><strong>ea</strong></span> <span class='ocrx_word' id='word_1_725' title='bbox 3108 3622 3181 3677; x_wconf 90' lang='lat' dir='ltr'><strong>fui</strong></span> <span class='ocrx_word' id='word_1_726' title='bbox 3215 3626 3504 3690; x_wconf 79' lang='lat' dir='ltr'><strong>sententia|</strong></span> <span class='ocrx_word' id='word_1_727' title='bbox 3554 3627 3677 3679; x_wconf 85' lang='lat' dir='ltr'><strong>loco</strong></span> <span class='ocrx_word' id='word_1_728' title='bbox 3711 3626 3775 3680; x_wconf 73' lang='lat' dir='ltr'><strong>il-</strong></span> 
     </span>
    </p>
   </div>
   <div class='ocr_carea' id='block_1_97' title="bbox 2195 3716 3770 3787">
    <p class='ocr_par' dir='ltr' id='par_1_97' title="bbox 2195 3716 3770 3787">
     <span class='ocr_line' id='line_1_97' title="bbox 2195 3716 3770 3787; baseline 0.001 -16"><span class='ocrx_word' id='word_1_729' title='bbox 2195 3718 2300 3772; x_wconf 86' lang='lat' dir='ltr'><strong>lius</strong></span> <span class='ocrx_word' id='word_1_730' title='bbox 2357 3716 2751 3772; x_wconf 74' lang='lat' dir='ltr'><strong>rest;tuendum</strong></span> <span class='ocrx_word' id='word_1_731' title='bbox 2812 3730 2934 3770; x_wconf 84' lang='lat' dir='ltr'><strong>esse</strong></span> <span class='ocrx_word' id='word_1_732' title='bbox 2992 3716 3280 3787; x_wconf 78' lang='grc' dir='ltr'>Ἀχαϊκός,</span> <span class='ocrx_word' id='word_1_733' title='bbox 3339 3718 3650 3782; x_wconf 73' lang='lat' dir='ltr'><strong>Achaicus,</strong></span> <span class='ocrx_word' id='word_1_734' title='bbox 3709 3734 3770 3773; x_wconf 75' lang='lat' dir='ltr'><strong>es</strong></span> 
     </span>
    </p>
   </div>
   <div class='ocr_carea' id='block_1_98' title="bbox 2196 3806 3774 3879">
    <p class='ocr_par' dir='ltr' id='par_1_98' title="bbox 2196 3806 3774 3879">
     <span class='ocr_line' id='line_1_98' title="bbox 2196 3806 3774 3879; baseline -0.002 -14"><span class='ocrx_word' id='word_1_735' title='bbox 2196 3810 2401 3865; x_wconf 88' lang='lat' dir='ltr'><strong>Achaia</strong></span> <span class='ocrx_word' id='word_1_736' title='bbox 2439 3809 2676 3879; x_wconf 85' lang='lat' dir='ltr'><strong>regione,</strong></span> <span class='ocrx_word' id='word_1_737' title='bbox 2704 3808 2807 3862; x_wconf 89' lang='lat' dir='ltr'><strong>nisi</strong></span> <span class='ocrx_word' id='word_1_738' title='bbox 2837 3806 2889 3861; x_wconf 90' lang='lat' dir='ltr'><strong>id</strong></span> <span class='ocrx_word' id='word_1_739' title='bbox 2916 3806 3056 3861; x_wconf 88' lang='lat' dir='ltr'><strong>idem</strong></span> <span class='ocrx_word' id='word_1_740' title='bbox 3085 3807 3427 3863; x_wconf 87' lang='lat' dir='ltr'><strong>retinendum</strong></span> <span class='ocrx_word' id='word_1_741' title='bbox 3459 3819 3611 3864; x_wconf 85' lang='lat' dir='ltr'><strong>esset</strong></span> <span class='ocrx_word' id='word_1_742' title='bbox 3635 3825 3774 3864; x_wconf 84' lang='lat' dir='ltr'><strong>nova</strong></span> 
     </span>
    </p>
   </div>
   <div class='ocr_carea' id='block_1_99' title="bbox 2195 3897 3778 3971">
    <p class='ocr_par' dir='ltr' id='par_1_99' title="bbox 2195 3897 3778 3971">
     <span class='ocr_line' id='line_1_99' title="bbox 2195 3897 3778 3971; baseline 0.001 -18"><span class='ocrx_word' id='word_1_743' title='bbox 2195 3899 2427 3971; x_wconf 90' lang='lat' dir='ltr'><strong>quadam</strong></span> <span class='ocrx_word' id='word_1_744' title='bbox 2471 3898 2792 3953; x_wconf 79' lang='lat' dir='ltr'><strong>formatione</strong></span> <span class='ocrx_word' id='word_1_745' title='bbox 2831 3897 3103 3970; x_wconf 79' lang='grc' dir='ltr'>Ἀχαῖτης,</span> <span class='ocrx_word' id='word_1_746' title='bbox 3139 3914 3205 3953; x_wconf 78' lang='lat' dir='ltr'><strong>ex</strong></span> <span class='ocrx_word' id='word_1_747' title='bbox 3235 3897 3468 3962; x_wconf 84' lang='lat' dir='ltr'><strong>Achaia,</strong></span> <span class='ocrx_word' id='word_1_748' title='bbox 3508 3901 3778 3955; x_wconf 83' lang='lat' dir='ltr'><strong>Aristote-</strong></span> 
     </span>
    </p>
   </div>
   <div class='ocr_carea' id='block_1_100' title="bbox 2198 3987 3775 4060">
    <p class='ocr_par' dir='ltr' id='par_1_100' title="bbox 2198 3987 3775 4060">
     <span class='ocr_line' id='line_1_100' title="bbox 2198 3987 3775 4060; baseline 0 -13"><span class='ocrx_word' id='word_1_749' title='bbox 2198 3994 2412 4060; x_wconf 86' lang='lat' dir='ltr'><strong>lenique</strong></span> <span class='ocrx_word' id='word_1_750' title='bbox 2433 3991 2670 4046; x_wconf 87' lang='lat' dir='ltr'><strong>locutum</strong></span> <span class='ocrx_word' id='word_1_751' title='bbox 2702 3989 2769 4043; x_wconf 90' lang='lat' dir='ltr'><strong>de</strong></span> <span class='ocrx_word' id='word_1_752' title='bbox 2798 4005 2960 4044; x_wconf 80' lang='lat' dir='ltr'><strong>cervo</strong></span> <span class='ocrx_word' id='word_1_753' title='bbox 2982 3987 3151 4060; x_wconf 79' lang='lat' dir='ltr'><strong>capto</strong></span> <span class='ocrx_word' id='word_1_754' title='bbox 3173 3991 3423 4045; x_wconf 66' lang='lat' dir='ltr'><strong>videlicet</strong></span> <span class='ocrx_word' id='word_1_755' title='bbox 3461 3993 3516 4046; x_wconf 94' lang='lat' dir='ltr'><strong>in</strong></span> <span class='ocrx_word' id='word_1_756' title='bbox 3546 3993 3775 4047; x_wconf 82' lang='lat' dir='ltr'><strong>Achaia.</strong></span> 
     </span>
    </p>
   </div>
   <div class='ocr_carea' id='block_1_101' title="bbox 2197 4082 3776 4154">
    <p class='ocr_par' dir='ltr' id='par_1_101' title="bbox 2197 4082 3776 4154">
     <span class='ocr_line' id='line_1_101' title="bbox 2197 4082 3776 4154; baseline -0.001 -16"><span class='ocrx_word' id='word_1_757' title='bbox 2197 4082 2567 4138; x_wconf 82' lang='lat' dir='ltr'><strong>Confirmabat</strong></span> <span class='ocrx_word' id='word_1_758' title='bbox 2600 4096 2769 4136; x_wconf 87' lang='lat' dir='ltr'><strong>meam</strong></span> <span class='ocrx_word' id='word_1_759' title='bbox 2802 4084 3122 4136; x_wconf 89' lang='lat' dir='ltr'><strong>sententiam</strong></span> <span class='ocrx_word' id='word_1_760' title='bbox 3155 4083 3293 4134; x_wconf 89' lang='lat' dir='ltr'><strong>idem</strong></span> <span class='ocrx_word' id='word_1_761' title='bbox 3315 4083 3776 4154; x_wconf 88' lang='lat' dir='ltr'><strong>Aristoteles,qui</strong></span> 
     </span>
    </p>
   </div>
   <div class='ocr_carea' id='block_1_102' title="bbox 2198 4175 3775 4245">
    <p class='ocr_par' dir='ltr' id='par_1_102' title="bbox 2198 4175 3775 4245">
     <span class='ocr_line' id='line_1_102' title="bbox 2198 4175 3775 4245; baseline 0.001 -13"><span class='ocrx_word' id='word_1_762' title='bbox 2198 4179 2379 4233; x_wconf 91' lang='lat' dir='ltr'><strong>libello</strong></span> <span class='ocrx_word' id='word_1_763' title='bbox 2408 4176 2546 4244; x_wconf 80' lang='grc' dir='ltr'>Περὶ</span> <span class='ocrx_word' id='word_1_764' title='bbox 2574 4176 2918 4244; x_wconf 78' lang='grc' dir='ltr'>θαυμασίων</span> <span class='ocrx_word' id='word_1_765' title='bbox 2946 4175 3344 4245; x_wconf 77' lang='grc' dir='ltr'>ἀκουσμάτων</span> <span class='ocrx_word' id='word_1_766' title='bbox 3367 4177 3421 4230; x_wconf 90' lang='lat' dir='ltr'><strong>in</strong></span> <span class='ocrx_word' id='word_1_767' title='bbox 3451 4177 3659 4231; x_wconf 87' lang='lat' dir='ltr'><strong>Achaia</strong></span> <span class='ocrx_word' id='word_1_768' title='bbox 3695 4180 3775 4233; x_wconf 84' lang='lat' dir='ltr'><strong>di-</strong></span> 
     </span>
    </p>
   </div>
   <div class='ocr_carea' id='block_1_103' title="bbox 2198 4265 3775 4336">
    <p class='ocr_par' dir='ltr' id='par_1_103' title="bbox 2198 4265 3775 4336">
     <span class='ocr_line' id='line_1_103' title="bbox 2198 4265 3775 4336; baseline 0.001 -15"><span class='ocrx_word' id='word_1_769' title='bbox 2198 4275 2273 4321; x_wconf 86' lang='lat' dir='ltr'><strong>eit</strong></span> <span class='ocrx_word' id='word_1_770' title='bbox 2333 4281 2544 4329; x_wconf 88' lang='lat' dir='ltr'><strong>cervos,</strong></span> <span class='ocrx_word' id='word_1_771' title='bbox 2596 4265 2814 4319; x_wconf 87' lang='lat' dir='ltr'><strong>amissis</strong></span> <span class='ocrx_word' id='word_1_772' title='bbox 2862 4265 3139 4326; x_wconf 86' lang='lat' dir='ltr'><strong>cornibus,</strong></span> <span class='ocrx_word' id='word_1_773' title='bbox 3189 4265 3513 4320; x_wconf 87' lang='lat' dir='ltr'><strong>solitudines</strong></span> <span class='ocrx_word' id='word_1_774' title='bbox 3569 4275 3775 4336; x_wconf 85' lang='lat' dir='ltr'><strong>petere.</strong></span> 
     </span>
    </p>
   </div>
   <div class='ocr_carea' id='block_1_104' title="bbox 2197 4355 3777 4428">
    <p class='ocr_par' dir='ltr' id='par_1_104' title="bbox 2197 4355 3777 4428">
     <span class='ocr_line' id='line_1_104' title="bbox 2197 4355 3777 4428; baseline 0 -17"><span class='ocrx_word' id='word_1_775' title='bbox 2197 4358 2333 4412; x_wconf 76' lang='grc' dir='ltr'>Φασὶ</span> <span class='ocrx_word' id='word_1_776' title='bbox 2360 4357 2415 4409; x_wconf 83' lang='grc' dir='ltr'>δέ</span> <span class='ocrx_word' id='word_1_777' title='bbox 2447 4373 2599 4419; x_wconf 85' lang='grc' dir='ltr'>τινας</span> <span class='ocrx_word' id='word_1_778' title='bbox 2630 4358 2688 4408; x_wconf 78' lang='grc' dir='ltr'><strong>ὲν</strong></span> <span class='ocrx_word' id='word_1_779' title='bbox 2731 4356 2919 4428; x_wconf 81' lang='grc' dir='ltr'>Ἀχαΐᾳ</span> <span class='ocrx_word' id='word_1_780' title='bbox 2966 4355 3072 4408; x_wconf 83' lang='grc' dir='ltr'><strong>τῶν</strong></span> <span class='ocrx_word' id='word_1_781' title='bbox 3108 4355 3340 4424; x_wconf 79' lang='grc' dir='ltr'>ἐλάφων,</span> <span class='ocrx_word' id='word_1_782' title='bbox 3385 4373 3546 4426; x_wconf 89' lang='lat' dir='ltr'><strong>quem</strong></span> <span class='ocrx_word' id='word_1_783' title='bbox 3597 4358 3777 4411; x_wconf 82' lang='lat' dir='ltr'><strong>locum</strong></span> 
     </span>
    </p>
   </div>
   <div class='ocr_carea' id='block_1_105' title="bbox 2202 4446 3781 4518">
    <p class='ocr_par' dir='ltr' id='par_1_105' title="bbox 2202 4446 3781 4518">
     <span class='ocr_line' id='line_1_105' title="bbox 2202 4446 3781 4518; baseline -0.003 -15"><span class='ocrx_word' id='word_1_784' title='bbox 2202 4448 2451 4518; x_wconf 87' lang='lat' dir='ltr'><strong>superius</strong></span> <span class='ocrx_word' id='word_1_785' title='bbox 2482 4446 2908 4517; x_wconf 81' lang='lat' dir='ltr'><strong>exscripsimus,</strong></span> <span class='ocrx_word' id='word_1_786' title='bbox 2953 4447 3028 4501; x_wconf 90' lang='lat' dir='ltr'><strong>ibi</strong></span> <span class='ocrx_word' id='word_1_787' title='bbox 3075 4447 3217 4502; x_wconf 92' lang='lat' dir='ltr'><strong>enim</strong></span> <span class='ocrx_word' id='word_1_788' title='bbox 3274 4447 3456 4502; x_wconf 88' lang='lat' dir='ltr'><strong>subdit</strong></span> <span class='ocrx_word' id='word_1_789' title='bbox 3495 4465 3508 4500; x_wconf 93' lang='lat'><strong>:</strong></span> <span class='ocrx_word' id='word_1_790' title='bbox 3545 4447 3781 4509; x_wconf 82' lang='grc' dir='ltr'>Πολλαῖς</span> 
     </span>
    </p>
   </div>
   <div class='ocr_carea' id='block_1_106' title="bbox 2197 4538 3781 4611">
    <p class='ocr_par' dir='ltr' id='par_1_106' title="bbox 2197 4538 3781 4611">
     <span class='ocr_line' id='line_1_106' title="bbox 2197 4538 3781 4611; baseline -0.002 -16"><span class='ocrx_word' id='word_1_791' title='bbox 2197 4542 2254 4596; x_wconf 84' lang='grc' dir='ltr'><strong>δὲ</strong></span> <span class='ocrx_word' id='word_1_792' title='bbox 2291 4540 2477 4594; x_wconf 76' lang='grc' dir='ltr'>κισσὸν</span> <span class='ocrx_word' id='word_1_793' title='bbox 2524 4540 2898 4611; x_wconf 73' lang='grc' dir='ltr'>ἐπιπεφυκότα</span> <span class='ocrx_word' id='word_1_794' title='bbox 2945 4541 3002 4592; x_wconf 73' lang='grc' dir='ltr'><strong>ἐν</strong></span> <span class='ocrx_word' id='word_1_795' title='bbox 3043 4538 3121 4609; x_wconf 80' lang='grc' dir='ltr'>τῷ</span> <span class='ocrx_word' id='word_1_796' title='bbox 3175 4539 3284 4592; x_wconf 85' lang='grc' dir='ltr'>τῶν</span> <span class='ocrx_word' id='word_1_797' title='bbox 3334 4539 3581 4611; x_wconf 85' lang='grc' dir='ltr'>κεράτων</span> <span class='ocrx_word' id='word_1_798' title='bbox 3627 4540 3781 4611; x_wconf 81' lang='grc' dir='ltr'>τόπῳ</span> 
     </span>
    </p>
   </div>
   <div class='ocr_carea' id='block_1_107' title="bbox 2193 4632 3782 4706">
    <p class='ocr_par' dir='ltr' id='par_1_107' title="bbox 2193 4632 3782 4706">
     <span class='ocr_line' id='line_1_107' title="bbox 2193 4632 3782 4706; baseline 0 -18"><span class='ocrx_word' id='word_1_799' title='bbox 2193 4634 2440 4706; x_wconf 82' lang='grc' dir='ltr'>ὁρᾶσθαι.</span> <span class='ocrx_word' id='word_1_800' title='bbox 2478 4632 2603 4688; x_wconf 57' lang='lat' dir='ltr'><strong>Hac</strong></span> <span class='ocrx_word' id='word_1_801' title='bbox 2647 4643 2826 4689; x_wconf 88' lang='lat' dir='ltr'><strong>tamen</strong></span> <span class='ocrx_word' id='word_1_802' title='bbox 2872 4649 2972 4688; x_wconf 90' lang='lat' dir='ltr'><strong>nec</strong></span> <span class='ocrx_word' id='word_1_803' title='bbox 3002 4633 3190 4697; x_wconf 90' lang='lat' dir='ltr'><strong>dubio,</strong></span> <span class='ocrx_word' id='word_1_804' title='bbox 3219 4648 3320 4687; x_wconf 89' lang='lat' dir='ltr'><strong>nec</strong></span> <span class='ocrx_word' id='word_1_805' title='bbox 3363 4633 3646 4686; x_wconf 90' lang='lat' dir='ltr'><strong>hominum</strong></span> <span class='ocrx_word' id='word_1_806' title='bbox 3683 4649 3782 4688; x_wconf 77' lang='lat' dir='ltr'><strong>ex-</strong></span> 
     </span>
    </p>
   </div>
   <div class='ocr_carea' id='block_1_108' title="bbox 2195 4723 3782 4794">
    <p class='ocr_par' dir='ltr' id='par_1_108' title="bbox 2195 4723 3782 4794">
     <span class='ocr_line' id='line_1_108' title="bbox 2195 4723 3782 4794; baseline -0.004 -13"><span class='ocrx_word' id='word_1_807' title='bbox 2195 4724 2509 4794; x_wconf 75' lang='lat' dir='ltr'><strong>Spectationi</strong></span> <span class='ocrx_word' id='word_1_808' title='bbox 2540 4725 2864 4780; x_wconf 86' lang='lat' dir='ltr'><strong>videbantur</strong></span> <span class='ocrx_word' id='word_1_809' title='bbox 2887 4724 3042 4783; x_wconf 83' lang='lat' dir='ltr'><strong>satis.</strong></span> <span class='ocrx_word' id='word_1_810' title='bbox 3071 4740 3192 4778; x_wconf 88' lang='lat' dir='ltr'><strong>cum</strong></span> <span class='ocrx_word' id='word_1_811' title='bbox 3219 4723 3394 4777; x_wconf 88' lang='lat' dir='ltr'><strong>adhuc</strong></span> <span class='ocrx_word' id='word_1_812' title='bbox 3420 4733 3565 4776; x_wconf 89' lang='lat' dir='ltr'><strong>esset</strong></span> <span class='ocrx_word' id='word_1_813' title='bbox 3598 4723 3782 4777; x_wconf 86' lang='lat' dir='ltr'><strong>incer-</strong></span> 
     </span>
    </p>
   </div>
   <div class='ocr_carea' id='block_1_109' title="bbox 2196 4815 3782 4884">
    <p class='ocr_par' dir='ltr' id='par_1_109' title="bbox 2196 4815 3782 4884">
     <span class='ocr_line' id='line_1_109' title="bbox 2196 4815 3782 4884; baseline -0.001 -14"><span class='ocrx_word' id='word_1_814' title='bbox 2196 4827 2308 4870; x_wconf 89' lang='lat' dir='ltr'><strong>tum</strong></span> <span class='ocrx_word' id='word_1_815' title='bbox 2368 4832 2437 4870; x_wconf 91' lang='lat' dir='ltr'><strong>an</strong></span> <span class='ocrx_word' id='word_1_816' title='bbox 2495 4816 2561 4871; x_wconf 90' lang='lat' dir='ltr'><strong>de</strong></span> <span class='ocrx_word' id='word_1_817' title='bbox 2607 4817 2784 4871; x_wconf 89' lang='lat' dir='ltr'><strong>cervis</strong></span> <span class='ocrx_word' id='word_1_818' title='bbox 2840 4815 3096 4871; x_wconf 82' lang='lat' dir='ltr'><strong>Achaicis</strong></span> <span class='ocrx_word' id='word_1_819' title='bbox 3152 4815 3482 4884; x_wconf 82' lang='lat' dir='ltr'><strong>loqueretur,</strong></span> <span class='ocrx_word' id='word_1_820' title='bbox 3540 4829 3782 4884; x_wconf 91' lang='lat' dir='ltr'><strong>quorum</strong></span> 
     </span>
    </p>
   </div>
   <div class='ocr_carea' id='block_1_110' title="bbox 2196 4907 3779 4978">
    <p class='ocr_par' dir='ltr' id='par_1_110' title="bbox 2196 4907 3779 4978">
     <span class='ocr_line' id='line_1_110' title="bbox 2196 4907 3779 4978; baseline -0.001 -14"><span class='ocrx_word' id='word_1_821' title='bbox 2196 4910 2346 4964; x_wconf 87' lang='lat' dir='ltr'><strong>nulla</strong></span> <span class='ocrx_word' id='word_1_822' title='bbox 2367 4909 2506 4964; x_wconf 79' lang='lat' dir='ltr'><strong>facta</strong></span> <span class='ocrx_word' id='word_1_823' title='bbox 2538 4911 2834 4975; x_wconf 91' lang='lat' dir='ltr'><strong>mentione,</strong></span> <span class='ocrx_word' id='word_1_824' title='bbox 2863 4910 2956 4965; x_wconf 89' lang='lat' dir='ltr'><strong>sed</strong></span> <span class='ocrx_word' id='word_1_825' title='bbox 2990 4909 3096 4964; x_wconf 90' lang='lat' dir='ltr'><strong>alio</strong></span> <span class='ocrx_word' id='word_1_826' title='bbox 3111 4909 3274 4963; x_wconf 88' lang='lat' dir='ltr'><strong>ducto</strong></span> <span class='ocrx_word' id='word_1_827' title='bbox 3303 4908 3572 4978; x_wconf 90' lang='lat' dir='ltr'><strong>principio</strong></span> <span class='ocrx_word' id='word_1_828' title='bbox 3599 4907 3738 4962; x_wconf 84' lang='lat' dir='ltr'><strong>dicit</strong></span> <span class='ocrx_word' id='word_1_829' title='bbox 3764 4926 3779 4963; x_wconf 92' lang='lat'><strong>:</strong></span> 
     </span>
    </p>
   </div>
   <div class='ocr_carea' id='block_1_111' title="bbox 2197 4999 3785 5072">
    <p class='ocr_par' dir='ltr' id='par_1_111' title="bbox 2197 4999 3785 5072">
     <span class='ocr_line' id='line_1_111' title="bbox 2197 4999 3785 5072; baseline 0.003 -18"><span class='ocrx_word' id='word_1_830' title='bbox 2197 5001 2423 5064; x_wconf 84' lang='grc' dir='ltr'>Πολλαῖς</span> <span class='ocrx_word' id='word_1_831' title='bbox 2455 5000 2510 5053; x_wconf 85' lang='grc' dir='ltr'><strong>δὲ</strong></span> <span class='ocrx_word' id='word_1_832' title='bbox 2540 4999 2724 5055; x_wconf 84' lang='grc' dir='ltr'>κισσὸν</span> <span class='ocrx_word' id='word_1_833' title='bbox 2754 5001 3143 5070; x_wconf 76' lang='grc' dir='ltr'>ἐπιπεφυκότα.</span> <span class='ocrx_word' id='word_1_834' title='bbox 3179 4999 3282 5056; x_wconf 85' lang='lat' dir='ltr'><strong>Sed</strong></span> <span class='ocrx_word' id='word_1_835' title='bbox 3305 5017 3361 5056; x_wconf 89' lang='lat' dir='ltr'><strong>re</strong></span> <span class='ocrx_word' id='word_1_836' title='bbox 3385 5002 3578 5056; x_wconf 87' lang='lat' dir='ltr'><strong>melius</strong></span> <span class='ocrx_word' id='word_1_837' title='bbox 3599 5003 3785 5072; x_wconf 86' lang='lat' dir='ltr'><strong>inspe-</strong></span> 
     </span>
    </p>
   </div>
   <div class='ocr_carea' id='block_1_112' title="bbox 2198 5091 3779 5162">
    <p class='ocr_par' dir='ltr' id='par_1_112' title="bbox 2198 5091 3779 5162">
     <span class='ocr_line' id='line_1_112' title="bbox 2198 5091 3779 5162; baseline 0.001 -16"><span class='ocrx_word' id='word_1_838' title='bbox 2198 5102 2283 5146; x_wconf 91' lang='lat' dir='ltr'><strong>cta</strong></span> <span class='ocrx_word' id='word_1_839' title='bbox 2317 5091 2793 5162; x_wconf 81' lang='lat' dir='ltr'><strong>considerataque,</strong></span> <span class='ocrx_word' id='word_1_840' title='bbox 2848 5095 2922 5148; x_wconf 88' lang='lat' dir='ltr'><strong>ita</strong></span> <span class='ocrx_word' id='word_1_841' title='bbox 2964 5095 3143 5148; x_wconf 90' lang='lat' dir='ltr'><strong>locum</strong></span> <span class='ocrx_word' id='word_1_842' title='bbox 3178 5092 3481 5149; x_wconf 81' lang='lat' dir='ltr'><strong>Aristotelis</strong></span> <span class='ocrx_word' id='word_1_843' title='bbox 3510 5097 3779 5149; x_wconf 88' lang='lat' dir='ltr'><strong>restituo:</strong></span> 
     </span>
    </p>
   </div>
   <div class='ocr_carea' id='block_1_113' title="bbox 2204 5184 3784 5258">
    <p class='ocr_par' dir='ltr' id='par_1_113' title="bbox 2204 5184 3784 5258">
     <span class='ocr_line' id='line_1_113' title="bbox 2204 5184 3784 5258; baseline 0.003 -20"><span class='ocrx_word' id='word_1_844' title='bbox 2204 5185 2340 5256; x_wconf 83' lang='grc' dir='ltr'>Ἤδη</span> <span class='ocrx_word' id='word_1_845' title='bbox 2373 5184 2428 5237; x_wconf 82' lang='grc' dir='ltr'><strong>δὲ</strong></span> <span class='ocrx_word' id='word_1_846' title='bbox 2457 5184 2706 5256; x_wconf 77' lang='grc' dir='ltr'>εἴληπται</span> <span class='ocrx_word' id='word_1_847' title='bbox 2748 5187 2940 5256; x_wconf 83' lang='grc' dir='ltr'>ἀχαῖνὴ</span> <span class='ocrx_word' id='word_1_848' title='bbox 2987 5187 3202 5256; x_wconf 79' lang='grc' dir='ltr'>ἔλαφος,</span> <span class='ocrx_word' id='word_1_849' title='bbox 3244 5187 3322 5241; x_wconf 87' lang='lat' dir='ltr'><strong>vel</strong></span> <span class='ocrx_word' id='word_1_850' title='bbox 3359 5187 3606 5258; x_wconf 75' lang='grc' dir='ltr'>ἀχαΐνης,</span> <span class='ocrx_word' id='word_1_851' title='bbox 3633 5189 3784 5258; x_wconf 87' lang='lat' dir='ltr'><strong>quod</strong></span> 
     </span>
    </p>
   </div>
   <div class='ocr_carea' id='block_1_114' title="bbox 2200 5277 3780 5348">
    <p class='ocr_par' dir='ltr' id='par_1_114' title="bbox 2200 5277 3780 5348">
     <span class='ocr_line' id='line_1_114' title="bbox 2200 5277 3780 5348; baseline 0.001 -15"><span class='ocrx_word' id='word_1_852' title='bbox 2200 5287 2254 5333; x_wconf 87' lang='lat' dir='ltr'><strong>et</strong></span> <span class='ocrx_word' id='word_1_853' title='bbox 2283 5278 2500 5334; x_wconf 88' lang='lat' dir='ltr'><strong>melius.</strong></span> <span class='ocrx_word' id='word_1_854' title='bbox 2553 5277 2707 5332; x_wconf 87' lang='lat' dir='ltr'><strong>Libet</strong></span> <span class='ocrx_word' id='word_1_855' title='bbox 2755 5281 2897 5334; x_wconf 89' lang='lat' dir='ltr'><strong>enim</strong></span> <span class='ocrx_word' id='word_1_856' title='bbox 2943 5295 3164 5334; x_wconf 86' lang='lat' dir='ltr'><strong>cervum</strong></span> <span class='ocrx_word' id='word_1_857' title='bbox 3197 5278 3342 5333; x_wconf 89' lang='lat' dir='ltr'><strong>hunc</strong></span> <span class='ocrx_word' id='word_1_858' title='bbox 3379 5279 3453 5332; x_wconf 86' lang='lat' dir='ltr'><strong>ita</strong></span> <span class='ocrx_word' id='word_1_859' title='bbox 3482 5281 3780 5348; x_wconf 83' lang='lat' dir='ltr'><strong>appellare,</strong></span> 
     </span>
    </p>
   </div>
   <div class='ocr_carea' id='block_1_115' title="bbox 2201 5367 3781 5440">
    <p class='ocr_par' dir='ltr' id='par_1_115' title="bbox 2201 5367 3781 5440">
     <span class='ocr_line' id='line_1_115' title="bbox 2201 5367 3781 5440; baseline 0.001 -17"><span class='ocrx_word' id='word_1_860' title='bbox 2201 5370 2343 5439; x_wconf 91' lang='lat' dir='ltr'><strong>quod</strong></span> <span class='ocrx_word' id='word_1_861' title='bbox 2374 5367 2691 5440; x_wconf 86' lang='lat' dir='ltr'><strong>Etymologo</strong></span> <span class='ocrx_word' id='word_1_862' title='bbox 2719 5369 2991 5426; x_wconf 88' lang='lat' dir='ltr'><strong>referente</strong></span> <span class='ocrx_word' id='word_1_863' title='bbox 3025 5372 3171 5425; x_wconf 88' lang='lat' dir='ltr'><strong>circa</strong></span> <span class='ocrx_word' id='word_1_864' title='bbox 3216 5369 3531 5425; x_wconf 68' lang='lat' dir='ltr'><strong>Achaeinam</strong></span> <span class='ocrx_word' id='word_1_865' title='bbox 3564 5371 3781 5432; x_wconf 87' lang='lat' dir='ltr'><strong>urbem,</strong></span> 
     </span>
    </p>
   </div>
   <div class='ocr_carea' id='block_1_116' title="bbox 2202 5461 3784 5533">
    <p class='ocr_par' dir='ltr' id='par_1_116' title="bbox 2202 5461 3784 5533">
     <span class='ocr_line' id='line_1_116' title="bbox 2202 5461 3784 5533; baseline -0.003 -17"><span class='ocrx_word' id='word_1_866' title='bbox 2202 5462 2316 5517; x_wconf 87' lang='lat' dir='ltr'><strong>sive</strong></span> <span class='ocrx_word' id='word_1_867' title='bbox 2375 5461 2540 5516; x_wconf 89' lang='lat' dir='ltr'><strong>etiam</strong></span> <span class='ocrx_word' id='word_1_868' title='bbox 2591 5461 2887 5530; x_wconf 84' lang='lat' dir='ltr'><strong>regionem,</strong></span> <span class='ocrx_word' id='word_1_869' title='bbox 2940 5464 3051 5518; x_wconf 90' lang='lat' dir='ltr'><strong>sint</strong></span> <span class='ocrx_word' id='word_1_870' title='bbox 3096 5477 3291 5533; x_wconf 85' lang='lat' dir='ltr'><strong>genera</strong></span> <span class='ocrx_word' id='word_1_871' title='bbox 3335 5477 3619 5515; x_wconf 83' lang='lat' dir='ltr'><strong>cervorum</strong></span> <span class='ocrx_word' id='word_1_872' title='bbox 3667 5477 3784 5513; x_wconf 57' lang='lat' dir='ltr'><strong>ma.</strong></span> 
     </span>
    </p>
   </div>
   <div class='ocr_carea' id='block_1_117' title="bbox 2203 5551 3782 5623">
    <p class='ocr_par' dir='ltr' id='par_1_117' title="bbox 2203 5551 3782 5623">
     <span class='ocr_line' id='line_1_117' title="bbox 2203 5551 3782 5623; baseline 0.001 -19"><span class='ocrx_word' id='word_1_873' title='bbox 2203 5567 2455 5622; x_wconf 80' lang='lat' dir='ltr'><strong>gnarum,</strong></span> <span class='ocrx_word' id='word_1_874' title='bbox 2505 5552 2735 5621; x_wconf 88' lang='lat' dir='ltr'><strong>ideoque</strong></span> <span class='ocrx_word' id='word_1_875' title='bbox 2778 5569 2968 5608; x_wconf 88' lang='lat' dir='ltr'><strong>cervos</strong></span> <span class='ocrx_word' id='word_1_876' title='bbox 3009 5554 3082 5607; x_wconf 86' lang='lat' dir='ltr'><strong>ita</strong></span> <span class='ocrx_word' id='word_1_877' title='bbox 3133 5565 3394 5607; x_wconf 85' lang='lat' dir='ltr'><strong>vocatos:</strong></span> <span class='ocrx_word' id='word_1_878' title='bbox 3443 5551 3782 5623; x_wconf 76' lang='grc' dir='ltr'>’Λχαιῖνέαή</span> 
     </span>
    </p>
   </div>
   <div class='ocr_carea' id='block_1_118' title="bbox 2203 5643 3785 5719">
    <p class='ocr_par' dir='ltr' id='par_1_118' title="bbox 2203 5643 3785 5719">
     <span class='ocr_line' id='line_1_118' title="bbox 2203 5643 3785 5719; baseline 0 -23"><span class='ocrx_word' id='word_1_879' title='bbox 2203 5643 2417 5713; x_wconf 77' lang='grc' dir='ltr'>ἔλαφος,</span> <span class='ocrx_word' id='word_1_880' title='bbox 2463 5645 2878 5709; x_wconf 78' lang='grc' dir='ltr'>Ἀπολλώνιος...</span> <span class='ocrx_word' id='word_1_881' title='bbox 2904 5648 2972 5717; x_wconf 71' lang='grc' dir='ltr'><strong>ἦν</strong></span> <span class='ocrx_word' id='word_1_882' title='bbox 3001 5648 3049 5700; x_wconf 85' lang='grc' dir='ltr'>τ’</span> <span class='ocrx_word' id='word_1_883' title='bbox 3085 5649 3328 5719; x_wconf 77' lang='grc' dir='ltr'>ἀγρῶται</span> <span class='ocrx_word' id='word_1_884' title='bbox 3358 5647 3636 5718; x_wconf 80' lang='grc' dir='ltr'>ἁχαιῖνέην</span> <span class='ocrx_word' id='word_1_885' title='bbox 3681 5661 3785 5697; x_wconf 85' lang='grc' dir='ltr'>κα-</span> 
     </span>
    </p>
   </div>
   <div class='ocr_carea' id='block_1_119' title="bbox 2209 5735 3785 5809">
    <p class='ocr_par' dir='ltr' id='par_1_119' title="bbox 2209 5735 3785 5809">
     <span class='ocr_line' id='line_1_119' title="bbox 2209 5735 3785 5809; baseline 0 -18"><span class='ocrx_word' id='word_1_886' title='bbox 2209 5735 2418 5791; x_wconf 85' lang='grc' dir='ltr'>λέουσιν</span> <span class='ocrx_word' id='word_1_887' title='bbox 2442 5736 2547 5792; x_wconf 76' lang='grc' dir='ltr'><strong>ἁπὸ</strong></span> <span class='ocrx_word' id='word_1_888' title='bbox 2583 5739 2883 5809; x_wconf 82' lang='grc' dir='ltr'>Ἀχαιῖνέας</span> <span class='ocrx_word' id='word_1_889' title='bbox 2920 5740 3145 5809; x_wconf 85' lang='grc' dir='ltr'>πόλεως,</span> <span class='ocrx_word' id='word_1_890' title='bbox 3181 5743 3238 5797; x_wconf 80' lang='grc' dir='ltr'><strong>ὲν</strong></span> <span class='ocrx_word' id='word_1_891' title='bbox 3272 5737 3304 5808; x_wconf 82' lang='grc' dir='ltr'>ἦ</span> <span class='ocrx_word' id='word_1_892' title='bbox 3342 5742 3451 5807; x_wconf 78' lang='grc' dir='ltr'>εἴδη</span> <span class='ocrx_word' id='word_1_893' title='bbox 3488 5741 3626 5793; x_wconf 73' lang='grc' dir='ltr'>εἰσὶν</span> <span class='ocrx_word' id='word_1_894' title='bbox 3655 5736 3785 5792; x_wconf 64' lang='grc' dir='ltr'>ἐλάα</span> 
     </span>
    </p>
   </div>
  </div>
