4072 6342
327 345 425 400 9η

1224 340 1292 402 lN
1332 341 1706 403 EUSTATHII
1747 328 2221 403 llEXAEleRON
2263 338 2497 403 NCT/8.

3461 339 3565 401 θη

321 484 438 539 φων
497 470 765 540 μεγάλων.
823 468 886 524 Et
936 469 1274 534 Aristoteles,
1336 471 1428 525 lib.
1479 484 1515 523 ιι
1569 470 1644 524 De
1692 470 1890 525 histor.
1923 481 1965 535 Α
1996 486 2117 535 nus,
2151 486 2351 535 cervus,
2379 470 2561 530 dama,
2599 477 2651 523 et
2679 465 2842 538 paulo
2878 478 2999 539 post
3033 483 3045 521 ε
3078 464 3429 534 Quamobrem
3455 469 3568 536 puta

318 562 569 624 animal.,
604 577 724 631 cap.
770 561 856 625 15’,
914 563 1151 632 Αχαῖνάς
1181 564 1487 633 appellavit.
1532 564 1653 616 Τῶν
1683 564 1739 617 δὲ
1772 564 1889 619 ὲλάσ

319 669 435 722 (ρων
478 654 533 706 αἱ
593 655 809 723 ἀχαῖναὶ
859 653 1187 725 καλούμεναι
1230 655 1474 710 δοκοῦσιν
1533 655 1677 726 ἔχειν
1724 659 1781 710 ἐν
1831 660 1896 729 τῇ

316 747 502 817 κέρκῳ
560 747 760 817 χολήν,
806 763 947 817 quos
1012 748 1254 816 Scaliger
1301 749 1355 803 in
1411 765 1465 803 ix
1511 751 1627 802 vult
1677 758 1897 808 vocatas

317 837 564 908 ἀχαῖτας.
618 838 791 903 Quam
844 846 989 895 recte
1036 840 1263 893 aliorum
1317 848 1436 895 esto
1479 842 1770 908 judicium.
1820 841 1897 897 Ex

318 929 610 985 Aristotele
658 932 963 1003 Antigonus
1014 931 1295 1005 Carystius
1352 935 1405 988 in
1461 932 1658 987 Mirab.
1702 950 1722 988 :
1777 935 1897 990 Τῶν

315 1020 374 1073 δὲ
410 1022 622 1090 ὲλάφων
652 1025 777 1087 τοὺς
815 1026 1092 1095 ἀχαιϊνους
1129 1026 1491 1097 καλουμένους
1532 1027 1707 1081 δοκεῖν
1735 1030 1791 1081 ὲν
1828 1030 1893 1100 τῇ

315 1113 499 1185 κέρκῳ
523 1115 619 1187 τὴν
640 1116 802 1187 χολὴν
836 1117 997 1187 ἔχειν.
1036 1117 1266 1174 Dubium
1315 1128 1491 1197 tamen
1532 1135 1691 1175 omne
1735 1121 1896 1175 solvit

318 1207 460 1262 idem
511 1209 815 1279 Antigonus
845 1248 860 1276 ,
919 1212 1082 1266 verba
1151 1213 1466 1269 exscribens
1506 1215 1835 1269 oAristotelis
1875 1233 1892 1271 :

317 1300 458 1371 ’Ἤδη
502 1301 559 1353 δὲ
593 1302 898 1372 Ιδιειλῆφθαι
952 1306 1199 1376 ἁχαιῖνην
1240 1306 1433 1375 ἔλαφον
1466 1303 1644 1360 κιττὸν
1672 1307 1895 1377 ἔχουσαν

312 1393 405 1444 ἐπὶ
432 1392 537 1445 τῶν
563 1395 828 1466 κεράτων,
863 1395 937 1459 ὡς
968 1396 1032 1449 ἂν
1065 1397 1307 1469 ἐνύγρων
1338 1398 1526 1452 ὄντων.
1554 1398 1731 1464 Quare
1760 1403 1896 1455 scri-

313 1484 550 1538 bendum
588 1488 858 1551 existimo,
886 1488 987 1559 ἤδη
1020 1490 1075 1543 δὲ
1114 1490 1366 1561 εἴληπται
1395 1491 1644 1563 ἀχαιῖνης
1675 1492 1890 1561 ἔλαφος,

310 1584 368 1629 et
399 1580 751 1647 reddendum,
779 1582 903 1636 Jam
928 1600 1045 1637 vero
1075 1594 1259 1652 captus
1281 1593 1359 1637 est
1402 1584 1660 1640 achteines
1692 1603 1890 1641 cervus.

384 1672 540 1738 lbid.,
568 1674 664 1727 lin.
694 1675 779 1728 l9.
815 1675 969 1743 Πρὸς
1013 1676 1082 1729 δὲ
1124 1676 1195 1730 τὰ
1242 1676 1528 1745 δήγματα.
1575 1677 1893 1733 Aristotcles

312 1766 502 1821 eodem
537 1766 657 1820 loco
688 1785 700 1819 :
734 1763 884 1820 Cervi
917 1769 1079 1835 marsi
1116 1768 1191 1822 rel
1223 1784 1255 1821 a
1290 1768 1570 1837 phalangio
1612 1769 1688 1822 vel
1712 1787 1743 1821 α
1770 1785 1894 1838 quo-

1999 560 2117 614 chre
2150 578 2182 614 a
2211 560 2465 615 veteribus
2496 559 2691 614 dicitur
2718 559 2850 623 illis,
2875 562 2963 628 qui
2996 575 3212 614 causam
3238 576 3332 613 cur
3364 560 3567 613 diutius

1998 654 2220 718 vivatur,
2255 653 2392 722 fellis
2434 654 2748 707 vacuitatem
2796 668 2906 707 esse
2949 653 3117 718 aiunt,
3161 664 3467 723 argumento
3506 666 3571 706 ea:

1996 744 2285 810 solipedum
2328 758 2698 814 cervorumque
2743 758 2927 811 genere
2958 741 3181 795 deducto
3224 756 3242 796 :
3282 743 3392 796 lucc
3432 743 3569 796 enim

1995 846 2045 889 et
2090 836 2210 905 felle
2246 845 2454 899 vacant,
2502 844 2551 889 et
2597 836 2687 889 diu
2729 836 2923 889 vivunt.
2971 834 3179 890 Plinius
3212 836 3307 892 lib.
3342 850 3417 898 XI,
3446 850 3567 906 cap.

1996 929 2085 995 57,
2117 930 2260 999 quod
2290 930 2356 985 de
2378 930 2624 984 Achaino
2653 928 2770 983 solo
2801 928 3121 985 Aristotcles
3159 950 3170 985 :
3211 930 3328 1000 ipse
3356 930 3422 983 de
3451 944 3570 983 om-

1998 1019 2161 1073 nibus
2195 1020 2394 1073 tradit:
2424 1019 2560 1074 Sunt
2614 1020 2705 1090 qui
2749 1036 2878 1088 equo
2908 1037 3011 1073 non
3039 1020 3247 1089 quidem
3292 1020 3345 1073 in
3392 1019 3569 1089 jecore

1995 1127 2126 1176 esse,
2166 1112 2262 1166 sed
2297 1113 2351 1166 in
2383 1113 2498 1168 alvo
2533 1125 2735 1183 putent,
2765 1126 2815 1170 et
2844 1132 2989 1170 cervo
3026 1117 3081 1169 in
3114 1114 3285 1167 cauda
3314 1124 3404 1166 aut
3435 1115 3569 1167 inte-

1995 1208 2173 1263 stinis.
2208 1207 2417 1262 Plinius
2457 1209 2679 1275 ibidem,
2728 1210 2985 1266 intestina
3031 1223 3315 1265 cervorum
3356 1211 3563 1260 tantam

1995 1299 2196 1355 habere
2226 1302 2390 1356 tradit
2418 1304 2862 1367 amaritudinem,
2897 1313 2953 1357 ut
3002 1317 3031 1355 a
3066 1302 3296 1355 canibus
3342 1314 3449 1354 non
3485 1306 3563 1351 διε

1995 1390 2294 1461 tingantur.
2332 1392 2654 1447 Aristoteles
2679 1432 2693 1459 ,
2732 1392 2806 1447 De
2849 1393 2973 1449 hist.
3023 1393 3186 1446 anim.
3220 1390 3313 1444 lib.
3354 1405 3415 1456 ιι,
3440 1401 3560 1459 cap.

1998 1481 2084 1547 l5,
2128 1497 2190 1537 ea
2246 1483 2456 1546 scribit,
2489 1498 2519 1536 a
2549 1484 2781 1539 canibus
2830 1500 2940 1539 non
2986 1483 3201 1553 attingi,
3233 1482 3339 1536 nisi
3368 1492 3564 1535 cervus

1994 1574 2322 1645 praepinguis
2373 1574 2466 1629 sit.
2505 1574 2722 1631 Falsum
2758 1576 2809 1630 id
2863 1591 2984 1631 esse
3013 1575 3364 1645 experientia,
3392 1578 3445 1627 et
3473 1587 3567 1627 ve-

1994 1676 2212 1722 natores
2246 1667 2463 1733 docent,
2497 1669 2587 1738 qui
2634 1676 2793 1739 capto
2823 1683 2983 1723 cervo
3019 1669 3074 1721 in
3111 1681 3315 1721 morem
3366 1664 3564 1719 habent

1993 1755 2112 1825 ejus
2137 1757 2459 1819 visceribus.
2487 1759 2782 1822 intestinis,
2805 1768 2858 1814 et
2882 1760 3147 1829 sanguine
3170 1772 3333 1812 canes
3357 1757 3560 1811 cibare.

310 1857 389 1909 vis
421 1856 620 1925 generis
653 1856 905 1923 ejusdem,
932 1874 1151 1912 cancros
1179 1860 1358 1912 edunt.
1390 1858 1543 1924 Quod
1568 1859 1703 1912 idem
1727 1860 1879 1913 etiam

1995 1848 2348 1914 Aristoteles,
2403 1850 2480 1905 De
2520 1851 2644 1905 hist.
2703 1854 2867 1906 anim.
2922 1852 3017 1905 lib.
3072 1867 3144 1914 tv,
3190 1865 3310 1920 cap.
3344 1851 3560 1912 ultimo.

309 1943 513 1998 homini
561 1946 806 2014 prodesse
853 1956 1114 2016 putatur;
1158 1950 1249 2004 sed
1302 1968 1404 2004 non
1456 1959 1598 2004 caret
1646 1950 1886 2019 fastidio.

308 2037 659 2105 Plutarchus,
688 2042 726 2096 l.
769 2044 993 2111 Πότερα
1018 2042 1136 2096 τῶν
1156 2042 1329 2110 ζώων,
1370 2044 1641 2101 Nicander
1669 2047 1723 2100 in
1759 2045 1891 2100 Tlte-

306 2131 494 2196 riacis,
523 2129 801 2202 Oppianus
834 2136 1055 2204 Κυνηγ.
1089 2149 1126 2189 ιι
1159 2154 1174 2191 :

305 2244 507 2319 ᾼδτὰρ
538 2242 591 2307 ὃ,
625 2243 929 2319 γινώσκων
956 2247 1159 2319 θεόθεν
1191 2248 1370 2315 τόπερ
1405 2247 1632 2319 ἔλλαχε
1675 2233 1885 2319 δῶρον,

307 2313 515 2387 [hirta
538 2317 824 2387 μαστεύερ
853 2314 1145 2384 δνοφερὸν
1172 2313 1453 2387 ποταμοῖο
1471 2313 1735 2387 ρἐθρον.

304 2385 515 2458 Κεῖθεν
542 2385 898 2458 καρκινάδας
930 2386 997 2439 δὲ
1024 2388 1229 2458 φίλαις
1256 2385 1538 2457 ferream
1569 2385 1887 2458 δαμάσσας

308 2454 628 2525 Φάρμακον
655 2454 1083 2510 αὐτοδίδακτον
1108 2457 1231 2526 ἔχει
1262 2454 1690 2529 πολυπήμονος
1716 2454 1883 2529 (iran

305 2585 634 2640 Adnotanda
678 2585 928 2641 videntur
965 2589 1225 2642 nonnulla
1255 2590 1322 2645 de
1353 2593 1552 2657 cervis,
1590 2595 1645 2648 in
1679 2596 1883 2665 quibus

303 2688 562 2734 auctores
610 2677 893 2734 dissident.
951 2681 1274 2739 Aristoteles
1332 2684 1427 2739 lib.
1496 2701 1594 2740 vm
1672 2685 1877 2743 Hister.

306 2775 501 2838 enim,
535 2786 655 2843 cap.
686 2771 788 2841 28;
832 2770 1050 2839 Strabo,
1084 2773 1314 2839 Plinius,
1351 2775 1575 2844 Seneca,
1602 2778 1879 2847 Lucanus,

304 2865 636 2935 Antigonus,
683 2865 987 2922 Herodotus
1021 2866 1354 2937 Melpomene
1385 2885 1493 2923 uno
1522 2886 1616 2925 ore
1646 2872 1882 2927 fatentur

304 2960 364 3011 in
412 2957 575 3029 Libya
614 2974 790 3027 neque
834 2974 1053 3013 cervum
1096 2975 1271 3031 neque
1306 2964 1706 3037 aprumoullum
1734 2979 1875 3021 esse.

303 3046 589 3118 Oppianus
620 3048 818 3104 Africae
856 3050 1069 3115 tribuit,
1103 3052 1195 3105 lib.
1248 3069 1282 3105 ιι
1328 3056 1552 3122 Κυνηγι.
1577 3054 1879 3112 Commune

305 3142 363 3195 id
398 3142 588 3194 habuit
625 3157 749 3195 cum
783 3140 1030 3212 Virgilio.
1071 3142 1164 3212 qui
1197 3143 1289 3198 lib.
1318 3159 1333 3197 ι
1360 3153 1414 3199 et
1445 3162 1515 3211 IV,
1555 3145 1783 3202 Alneam
1819 3149 1874 3202 in

302 3235 490 3289 littore
522 3234 715 3289 Africa:
752 3251 940 3291 cervos
972 3236 1289 3306 agitantem,
1314 3246 1368 3292 et
1395 3239 1750 3310 conligentem
1788 3239 1871 3295 fa-

301 3324 405 3388 cit,
438 3333 490 3379 et
519 3340 641 3378 cum
670 3324 1001 3380 Philostrato
1031 3328 1312 3381 Albericus
1344 3330 1581 3398 gentilis,
1610 3330 1705 3386 lib.
1757 3330 1877 3385 Viru-

298 3418 400 3486 gil.
426 3418 567 3479 lect.,
609 3433 660 3473 c.
704 3417 758 3483 8,
792 3420 1068 3472 existimat
1096 3418 1379 3490 Virgilium
1422 3436 1544 3475 cum
1579 3431 1771 3479 cervos
1819 3424 1874 3478 in

300 3509 487 3563 Africa
527 3512 731 3579 posuit,
772 3520 1018 3565 secutum
1054 3527 1176 3567 esse
1223 3511 1485 3566 Timaeum
1525 3514 1872 3579 historicum,

298 3602 464 3671 cujus
518 3602 660 3655 haud
709 3602 999 3658 mediocris
1047 3604 1340 3659 auctoritas
1368 3614 1473 3661 est.
1521 3605 1586 3658 Et
1618 3605 1876 3663 Brodzeus

299 3693 493 3757 tradit,
527 3695 621 3750 lib.
660 3695 953 3750 Miscellan.
988 3712 1107 3761 vm,
1137 3713 1255 3767 cap.
1294 3699 1378 3764 l5,
1408 3697 1570 3754 ltalos
1597 3714 1625 3752 a
1665 3716 1724 3755 se
1750 3698 1876 3754 Cal-

303 3790 500 3859 {osque
544 3788 634 3859 qui
673 3790 902 3843 fuissent
948 3790 1000 3842 in
1039 3789 1222 3843 Africa
1265 3790 1618 3845 barbarorum
1654 3793 1872 3861 captivi,

300 3897 369 3936 ea
399 3882 466 3935 de
498 3897 555 3935 re
577 3882 939 3951 interrogatos
966 3898 1108 3944 esse,
1135 3897 1198 3934 ac
1232 3883 1598 3951 respondisse,
1619 3884 1672 3937 in
1689 3885 1872 3938 Africa

298 3987 496 4028 cervos
526 3988 585 4027 se
616 3973 817 4027 vidisse
852 3974 1166 4041 permultos.
1202 3973 1431 4040 Quidam
1472 3976 1635 4029 etiam
1680 3992 1744 4031 ex
1783 3990 1877 4032 ve-

298 4064 589 4117 natoribus
622 4064 697 4116 ita
735 4063 1027 4133 Virgilium
1046 4064 1334 4120 defendere
1363 4066 1463 4121 visi
1492 4076 1649 4134 sunt;
1682 4084 1875 4139 nempe

298 4155 453 4209 illum
500 4156 738 4207 locutum
790 4154 956 4210 fuisse
996 4172 1091 4226 per
1136 4158 1601 4227 anticipationem,
1646 4161 1870 4231 ﬁguram

298 4246 478 4317 poetis
517 4245 863 4302 familiarem.
900 4249 1096 4302 Dicunt
1140 4250 1304 4313 enim,
1344 4265 1532 4304 eorum
1557 4253 1648 4322 qui
1686 4253 1737 4306 id
1778 4271 1874 4309 ne-

296 4348 500 4407 garunt
528 4353 642 4390 aevo
682 4353 872 4394 cervos
916 4341 1095 4396 nullos
1133 4343 1186 4395 in
1221 4341 1402 4396 Africa
1441 4343 1631 4411 fuisse,
1662 4344 1875 4417 Virgilii

296 4436 481 4483 autem
513 4437 671 4483 aetate
707 4430 815 4499 jam
845 4432 1063 4487 aliunde
1095 4433 1351 4490 advectos
1378 4436 1676 4502 exstitisse,
1713 4439 1875 4492 adeo-

1994 1938 2205 1995 Gene'is
2235 1945 2426 1997 cervini
2452 1944 2648 2012 femina
2670 1960 2923 1998 cornuum
2954 1946 3121 2011 inops,
3148 1944 3438 2014 mutilaque
3460 1952 3560 2005 est,

1990 2041 2046 2088 et
2085 2033 2155 2088 De
2182 2045 2322 2103 part.
2357 2038 2521 2091 anim.
2550 2038 2644 2091 lib.
2677 2053 2761 2099 Ill,
2786 2052 2906 2107 cap.
2938 2037 2986 2101 l,
3015 2037 3346 2105 Quapropter
3369 2036 3423 2089 in
3450 2046 3563 2089 cere

1990 2143 2171 2180 varum
2206 2144 2407 2198 genere,
2437 2146 2556 2182 cum
2580 2129 2810 2182 maribus
2848 2146 3047 2183 cornua
3082 2128 3435 2197 sint,feminis
3471 2126 3563 2180 de-

1988 2230 2145 2283 sunt;
2175 2232 2229 2275 et
2276 2221 2439 2291 hujus
2491 2222 2546 2276 in
2573 2224 2761 2277 eodem
2811 2223 2988 2292 capite
3036 2223 3299 2276 rationem
3353 2220 3558 2275 subdit.

1988 2312 2175 2368 Pollux
2212 2314 2489 2371 Onomast.
2526 2318 2621 2371 lib.
2654 2334 2709 2381 v,
2749 2318 2857 2370 τῶν
2898 2316 3112 2386 ἐλάφων
3151 2315 3363 2385 ἄκερως
3390 2315 3423 2376 ἡ
3454 2308 3561 2366 Θείδ

1986 2404 2120 2459 λειαο
2166 2409 2193 2461 ό
2226 2407 2271 2461 δ’
2318 2409 2493 2481 eam.
2532 2410 2846 2482 κεροφὸρος,
2895 2410 2928 2480 ἢ
2974 2409 3265 2479 κεράστης.
3322 2407 3429 2459 Alii
3479 2405 3559 2460 le-

1987 2497 2151 2553 minis
2205 2514 2410 2554 cornua
2474 2502 2786 2555 tribuernnt
2838 2519 2850 2553 :
2903 2499 3172 2554 Pindarus
3233 2499 3441 2570 Olymp.
3501 2496 3557 2560 ὃ,

1983 2590 2328 2662 χρυσόκερων
2358 2592 2552 2662 ἔλαφον
2598 2592 2832 2664 θήλειαν.
2868 2591 3233 2647 Callimachus
3273 2591 3460 2663 hymn.
3503 2590 3559 2643 in

1984 2679 2208 2737 Dianam
2234 2698 2358 2737 cum
2396 2683 2463 2739 de
2496 2685 2675 2740 cervis
2711 2684 2928 2740 feminis
2964 2686 3299 2755 loqueretur.
3324 2677 3558 2754 κεραίων

1981 2772 2025 2826 δ’
2054 2774 2408 2846 ἀπελάμπετο
2430 2778 2650 2849 χρυσός.
2676 2775 2777 2833 Ubi
2813 2777 3144 2833 Scholiastes
3171 2778 3271 2831 hoc
3300 2782 3556 2846 tanquam

1982 2879 2180 2918 novum
2222 2872 2411 2932 notat,
2475 2869 2796 2939 σημείωσαι,
2852 2867 3051 2937 inquit,
3097 2869 3177 2921 ὅτι
3211 2867 3309 2931 τὰς
3342 2868 3557 2937 θηλείας

1981 2952 2211 3023 ἐλάφους
2240 2954 2636 3029 κερατοφόρους
2662 2953 2802 3010 εἷπε.
2846 2957 2985 3023 Quid
3038 2959 3125 3011 hic
3159 2958 3475 3011 adnotarem
3500 2956 3555 3010 lu

1982 3053 2132 3099 tanta
2166 3063 2352 3101 rerum
2391 3048 2644 3104 inscitia?
2683 3048 2938 3103 Solemne
2962 3050 3064 3103 hoc
3097 3048 3196 3102 fuit
3221 3049 3394 3119 poetis
3423 3062 3556 3102 cena

1980 3140 2160 3193 traria:
2209 3142 2492 3196 sententia:
2542 3143 2929 3208 assertoribus,
2976 3156 3210 3213 quorum
3262 3144 3556 3198 nonnullos

1977 3233 2284 3302 aggregavit
2304 3231 2573 3302 )Elianus,
2598 3233 2677 3288 De
2703 3235 2827 3290 hist.
2859 3236 3021 3290 anim.
3053 3234 3145 3289 lib.
3176 3251 3272 3297 vn,
3303 3250 3424 3306 cap.
3459 3232 3551 3299 39,

1978 3319 2302 3391 SOphoclem
2334 3324 2543 3379 scilicet
2582 3324 2636 3378 in
2680 3324 2935 3389 Aloadis;
2964 3323 3276 3394 Euripidem
3324 3328 3377 3380 in
3406 3326 3553 3395 Iphi-

1975 3415 2127 3484 genia
2158 3423 2211 3469 et
2247 3415 2539 3472 Temenidis
2558 3434 2576 3482 ,'
2594 3412 2913 3482 Pindarum,
2932 3418 3361 3487 Anacreontem;
3387 3428 3439 3474 et
3455 3418 3553 3474 Ju-

1979 3507 2088 3561 lius
2136 3505 2400 3577 Scaliger,
2451 3508 2545 3562 lib.
2587 3523 2671 3573 ιιι,
2719 3509 2895 3575 Poet.,
2946 3525 3068 3580 cap.
3106 3511 3161 3575 4,
3213 3512 3407 3567 scribit
3451 3526 3551 3570 sua

1976 3604 2133 3652 aatate
2167 3599 2220 3651 in
2266 3597 2441 3653 Gallia
2470 3606 2681 3670 captam
2718 3600 2888 3657 fuisse
2927 3617 3144 3657 cervam
3192 3604 3543 3676 cornigeram

1977 3696 2032 3744 et
2074 3691 2194 3759 ejus
2224 3691 2389 3746 etiam
2421 3704 2586 3763 caput
2613 3695 2840 3749 servari.
2870 3693 3110 3751 Joannes
3136 3696 3393 3768 Langins,
3423 3697 3551 3769 Epia

1976 3783 2098 3836 stol.
2126 3784 2451 3847 medicinal.,
2469 3800 2555 3855 ep.
2590 3785 2678 3849 70,
2706 3785 2800 3840 lib.
2826 3787 3151 3851 t,referente
3175 3788 3410 3845 Henrico
3433 3789 3553 3845 Sal.

1976 3874 2206 3937 muthio,
2256 3876 2650 3931 commentario
2692 3878 2744 3931 in
2781 3877 3037 3933 Guidonis
3093 3878 3366 3936 Panciroli
3414 3894 3547 3938 nova

1977 3979 2163 4037 repert.
2193 3970 2277 4025 tit.
2320 3969 2409 4036 l0,
2434 3970 2500 4026 de
2525 3971 2840 4042 horologiis,
2867 3974 3115 4029 scribunt
3145 3976 3199 4030 in
3224 3986 3379 4032 utero
3402 3983 3549 4035 cervl

1976 4060 2270 4131 cornigeri,
2304 4077 2467 4132 quam
2501 4062 2665 4120 Ottho
2711 4062 2995 4131 Henricus,
3045 4081 3227 4123 comes
3267 4068 3550 4127 Palatinus

1976 4167 2144 4224 prope
2208 4153 2519 4227 Odewangb
2584 4167 2821 4226 ceperat,
2876 4170 3147 4229 repertum
3188 4160 3377 4228 fuisse,
3422 4163 3548 4219 dum

1975 4247 2372 4302 evisceraretur
2390 4248 2675 4303 hinnulum
2696 4251 3086 4307 membranulis
3098 4254 3547 4326 circumseptum.

1977 4337 2268 4407 etquidem
2296 4354 2488 4395 cervos
2523 4337 2788 4410 quosdam
2825 4358 2991 4399 sexus
3019 4354 3270 4400 naturam
3312 4350 3547 4414 variare,

1979 4428 2104 4484 inde
2129 4431 2356 4501 colligit,
2393 4432 2536 4502 quod
2564 4434 2908 4490 observatum
2930 4437 3205 4492 sitcervas
3223 4438 3549 4511 quandoque

297 4536 408 4590 que
435 4531 645 4589 poetam
687 4537 749 4576 ea
782 4523 858 4575 uti
896 4524 1134 4579 voluisse
1162 4527 1353 4596 ligura,
1384 4542 1505 4595 qua:
1536 4526 1723 4582 Graece
1745 4529 1875 4582 dici.
1910 4544 1953 4597 υ
1979 4536 2206 4584 cornua,
2239 4538 2357 4592 qua:
2386 4525 2561 4578 virilia
2610 4542 2892 4582 cervorum
2924 4543 3073 4582 arma
3118 4540 3265 4594 sunt,
3310 4541 3546 4603 gestare.

296 4621 391 4667 tur
429 4611 715 4685 πρόληψις.
753 4614 906 4681 Quod
941 4615 1292 4687 probabiliter
1316 4618 1422 4672 dici
1462 4618 1735 4673 videbitur
1755 4618 1880 4672 Car-

296 4706 517 4776 patbios
560 4707 790 4775 lepores,
817 4722 1028 4760 necnon
1059 4716 1111 4761 et
1139 4707 1353 4763 Siculos
1375 4709 1873 4773 considerantibus,

293 4797 389 4865 qui
424 4811 547 4849 cum
580 4811 688 4850 non
714 4804 899 4851 essent
930 4798 1221 4866 importati,
1239 4799 1305 4852 ad
1331 4797 1609 4854 fastidium
1633 4816 1806 4869 usque
1821 4808 1877 4854 et

293 4902 495 4941 noxam
530 4888 893 4943 increverunt.
926 4884 1085 4944 Levis
1115 4898 1295 4946 tamen
1329 4900 1415 4946 est
1445 4892 1537 4945 illa
1577 4892 1875 4946 vindicatio

293 4978 343 5031 si
388 4994 575 5033 verum
616 4981 771 5034 lateri
827 4982 1099 5034 volumus.
1150 4981 1285 5035 Cum
1346 4976 1578 5045 Plinius,
1640 4981 1870 5048 Seneca,

294 5066 517 5133 Strabo,
552 5070 829 5133 Lucanus,
861 5072 1185 5142 Antigonus,
1220 5071 1516 5143 Virgiliano
1540 5089 1654 5128 levo
1688 5090 1869 5144 pares,

296 5171 359 5217 ut
403 5163 476 5216 ita
521 5164 719 5231 dicam,
759 5168 840 5219 vel
885 5166 1191 5232 inferiores,
1227 5165 1279 5219 id
1324 5182 1430 5220 non
1475 5168 1871 5222 animadverte-

295 5264 448 5319 runt,
478 5259 569 5326 qui
598 5273 789 5312 omnes
816 5259 1137 5318 osci:anti:c,
1172 5267 1230 5311 ut
1266 5270 1407 5313 umis
1439 5258 1697 5330 Virgilius
1721 5261 1870 5330 judi«

291 5355 469 5408 cetur,
494 5347 850 5417 redarguendi
874 5355 1023 5401 sunt.
1042 5348 1157 5400 Alia
1176 5349 1339 5418 igitur
1362 5348 1659 5403 vindicatio
1682 5358 1869 5419 peten-

289 5437 383 5499 da,
419 5437 694 5492 Aristotel.
728 5439 822 5492 lib.
856 5454 916 5500 η,
954 5453 1075 5508 cap.
1115 5438 1201 5501 15,
1236 5446 1395 5510 negat
1425 5440 1491 5495 fel
1521 5441 1574 5494 in
1606 5455 1768 5495 cervo
1811 5448 1865 5495 ct

288 5528 473 5594 dama,
504 5532 644 5585 sicut
674 5541 728 5585 et
760 5532 881 5586 aliis
911 5532 1236 5601 quibusdam
1266 5532 1615 5594 animalibus,
1648 5541 1700 5588 et
1730 5533 1862 5588 sub-

290 5621 372 5675 dit
398 5640 411 5677 :
444 5622 634 5678 Cervis
664 5624 921 5678 Achainis
949 5624 1272 5694 cognomine
1299 5624 1566 5679 contineri
1606 5627 1657 5678 in
1689 5626 1859 5680 cauda

290 5715 561 5780 creditur;
600 5723 656 5770 et
714 5716 806 5770 lib.
855 5731 929 5777 tv,
981 5715 1057 5771 De
1102 5726 1244 5785 part.
1281 5715 1531 5780 anlmal.,
1582 5718 1747 5787 capit.
1798 5721 1855 5783 2,

295 5806 548 5872 Quadam
579 5809 700 5877 felle
729 5810 939 5863 omnino
984 5820 1185 5877 carent,
1216 5818 1271 5863 ut
1298 5824 1482 5878 equus,
1517 5808 1712 5875 mulus,
1746 5811 1855 5865 asi-

1980 4610 2137 4677 Quali
2174 4614 2417 4667 marchio
2447 4616 2667 4684 quidam
2700 4617 2962 4673 Badensis
3000 4628 3156 4689 capta
3186 4620 3306 4689 ejus
3344 4636 3549 4678 cornua

1981 4701 2091 4771 regi
2127 4698 2401 4757 Gallorum
2446 4705 2591 4759 dono
2627 4708 2870 4771 miserat,
2910 4724 3031 4779 quae
3060 4710 3281 4765 Ambasi
3313 4711 3368 4765 in
3399 4713 3549 4782 regio

1980 4792 2138 4845 horto
2178 4809 2343 4863 prope
2364 4796 2589 4862 januam
2625 4799 2941 4855 interiorem
2979 4801 3169 4870 parieti
3201 4802 3385 4866 afﬁxa,
3419 4805 3552 4860 sub-

1978 4884 2199 4954 scriptis
2239 4887 2293 4939 in
2331 4888 2530 4942 tabella
2568 4891 2824 4957 testibus,
2852 4893 2945 4961 qui
2977 4895 3253 4949 venationi
3286 4895 3549 4951 interfue-

1979 4984 2126 5039 rant,
2159 4978 2457 5032 etiamnum
2481 4982 2652 5034 cerni.
2682 4982 2859 5049 Quare
2886 4981 3222 5041 Salmuthius
3246 4986 3452 5058 colligit
3483 4994 3550 5041 ex

1974 5068 2066 5122 illa
2113 5083 2378 5124 cornuum
2437 5073 2739 5142 gestatione
2790 5090 2954 5131 sexus
3010 5078 3361 5133 mutationem
3414 5077 3551 5134 satis

1974 5177 2083 5216 non
2117 5163 2356 5231 probari.
2384 5164 2727 5231 Aristoteles,
2765 5168 2857 5223 lib.
2896 5183 2970 5234 Ix,
3006 5171 3173 5240 capit.
3208 5170 3420 5235 ultimo,
3451 5170 3549 5234 ait,

1972 5255 2169 5317 cervis,
2212 5255 2255 5310 si
2285 5255 2501 5326 quidem
2531 5258 2770 5312 nondum
2826 5261 3041 5314 cornuti
3084 5260 3384 5325 evirentur,
3441 5276 3550 5315 non

1970 5361 2219 5402 crescere
2253 5362 2493 5415 cornua;
2531 5350 2617 5404 sin
2663 5359 2844 5405 autem
2882 5351 2995 5420 jam
3026 5352 3242 5406 cornuti
3292 5366 3551 5407 exsecen-

1969 5449 2077 5499 tur.
2135 5455 2357 5497 manere
2409 5442 2499 5495 illa
2555 5454 2775 5512 semper
2827 5442 3075 5513 ejusdem
3132 5442 3549 5514 magnitudinis.

1967 5530 2117 5587 Cervi
2149 5534 2195 5587 si
2226 5549 2346 5587 cum
2404 5547 2495 5604 per
2544 5545 2755 5590 aetatem
2808 5537 3040 5591 nondum
3089 5551 3291 5591 cornua
3341 5546 3551 5607 gerunt,

1967 5637 2291 5690 castrentur,
2318 5644 2422 5681 non
2443 5627 2603 5683 edunt
2634 5642 2835 5684 cornua
2864 5645 2882 5683 :
2908 5629 2998 5684 sed
3039 5630 3085 5684 si
3122 5630 3382 5700 cornigeri
3411 5630 3555 5684 euri-

1961 5720 2160 5772 duntur
2200 5733 2303 5773 non
2333 5719 2580 5774 decidunt
2618 5737 2840 5785 cornua,
2880 5730 2932 5774 et
2971 5721 3337 5792 magnitudine
3364 5720 3551 5775 eadem

1961 5819 2263 5869 sertumtur.
2298 5808 2538 5878 Plinius,
2575 5809 2695 5866 Non
2736 5810 2984 5867 decidunt
3042 5813 3294 5867 castratis
3330 5823 3552 5875 cornua,
