4072 6342
582 305 689 364 943

1944 298 2192 370 LEONlS
2229 311 2504 371 ALLATll

3713 323 3810 380 966

583 436 676 475 nec
704 419 1007 475 nascuntur.
1033 421 1178 478 Idem
1201 422 1443 479 sentiunt
1467 423 1710 508 Solinus
1733 431 1786 480 et
1808 423 2142 498 Porphyrius
2173 437 2214 492 Α
2242 429 2472 484 deantur
2493 431 2804 486 convenire.
2837 429 2928 488 Sic
2953 431 3116 488 etiam
3147 432 3444 506 Xenophon
3471 436 3527 492 in
3556 440 3808 508 Κυνηγε-

582 514 718 579 Περὶ
743 513 975 582 ἀπογῆς
1002 514 1300 584 ἐμψόγων.
1325 505 1602 586 Oppianus
1631 526 1810 572 tamen
1831 519 2052 588 Κυνηγ.
2080 534 2140 587 ιι,

582 605 914 658 contrarium
943 605 1142 660 cecinit
1177 623 1191 659 :

579 718 870 788 Κεύθουσι
906 719 1233 788 λαγόνεσσι
1259 718 1310 772 δ’
1352 720 1453 774 ὐπ’
1485 719 1676 788 αὐτὴν
1706 719 1903 774 ἔνδοθι
1947 720 2141 788 νηδὺν

591 787 1436 858 Ἀμφιδύμουςίόλκοὺς.’τοὺς
1477 793 1527 842 εὶ
1562 791 1663 842 καί
1701 807 1790 856 τις
1826 787 2136 859 ἀμήσέιεν,

575 859 799 911 Αὐτίκα
838 859 1034 928 θῆλυν
1066 859 1263 926 ἔθηκε,
1295 860 1532 927 πρόπαν
1557 859 1610 912 δ’
1640 859 1941 932 (irrepest
1957 862 2140 932 καρή-

587 994 902 1067 Ὀξὺκομον
941 995 1166 1066 κεράων
1197 996 1648 1052 πολυδαίδαλον
1696 1001 1906 1053 αἰόλον

641 1107 796 1174 lbid.,
829 1108 925 1162 lin.
955 1107 1045 1161 21.
1082 1107 1142 1160 Ἠ
1165 1095 1232 1160 δὲ
1254 1107 1352 1172 αἲξ
1378 1107 1415 1175 ἠ
1441 1107 1632 1176 ἀγρία.
1650 1107 1971 1167 Aristoteles
1997 1112 2135 1180 Περὶ

569 1202 911 1271 θαυμασίων
945 1198 1341 1268 ἀκουσμάτων
1368 1207 1420 1254 et
1455 1200 1548 1254 lib.
1585 1199 1661 1255 De
1691 1201 1814 1256 hist.
1835 1204 2022 1267 anim.,
2055 1221 2130 1271 Ix,

568 1309 688 1364 cap.
718 1294 750 1347 6
770 1293 1134 1364 ;.Antigonus,
1166 1291 1394 1356 Plinius,
1430 1291 1520 1345 lib.
1552 1308 1677 1355 xxv,
1706 1308 1825 1364 cap.
1860 1294 1927 1348 8:
1949 1293 2133 1350 Dicta—

566 1403 706 1439 mum
733 1375 1018 1450 ostendere,
1042 1395 1098 1439 ut
1123 1384 1462 1438 indicavimus
1486 1384 1771 1438 vulnerata:
1799 1394 1986 1454 pastor,
2016 1397 2131 1442 sta-

566 1481 658 1532 tim
687 1477 1041 1533 decidentibus
1083 1477 1218 1530 telis.
1252 1474 1611 1546 Theophrast.
1666 1476 1740 1531 De
1779 1478 1906 1532 hist.
1953 1479 2123 1546 plant.

564 1573 667 1627 lib.
687 1588 762 1635 Ix,
793 1587 912 1642 cap.
954 1571 1042 1635 16,
1082 1568 1300 1639 umet;
1324 1568 1380 1622 δέ
1409 1587 1570 1638 φασιν
1609 1564 1745 1622 εἶναι
1774 1571 1868 1623 καὶ
1898 1571 1958 1624 τὸ
1985 1573 2127 1644 ’πρὶ

561 1663 667 1715 τῶν
706 1659 896 1730 βελῶν,
941 1661 1021 1713 ὅτι
1057 1658 1355 1728 φαγούσας,
1396 1657 1522 1710 ὅταν
1551 1655 1893 1723 τοξευθῶσιν,
1937 1657 2128 1712 ἐκϐάλ-

561 1753 690 1808 λειν.
721 1752 998 1823 Virgilius,
1029 1751 1123 1806 lib.
1161 1765 1233 1804 χιι
1265 1748 1482 1803 ίΕηεὶιί.

628 1844 786 1908 lbid.,
815 1846 909 1898 lin.
949 1843 1040 1898 22.
1075 1843 1144 1896 Τὸ
1182 1843 1558 1911 καλούμενον
1592 1842 1901 1914 δίκταμον.
1934 1842 2123 1898 Δίκτον

557 1940 768 1994 vocavit
807 1937 1098 1992 Nicander.
1143 1936 1316 1990 Cretae
1363 1937 1643 2006 proprium
1690 1945 1804 2000 est,
1852 1953 1954 1992 nec
1993 1938 2123 1993 alibi

555 2033 821 2096 nascitur,
865 2017 1029 2087 etibi
1070 2047 1176 2085 non
1211 2033 1466 2100 spatiose.
1503 2032 1582 2086 Ad
1621 2033 1776 2102 plura
1817 2031 2122 2088 conducere

554 2126 719 2179 tradit
752 2122 1166 2194 Theophrastus
1211 2120 1288 2175 De
1319 2121 1441 2175 hist.
1487 2122 1657 2190 plant.
1699 2123 1792 2177 lib.
1835 2139 1963 2188 xxv,
1995 2138 2118 2192 cap.

551 2217 606 2281 8,
636 2217 864 2286 ejusque
892 2224 1003 2270 tres
1032 2212 1240 2282 species
1272 2213 1412 2267 inter
1448 2229 1506 2268 se
1542 2212 1833 2270 distinctas
1860 2215 2010 2268 facit.
2039 2213 2119 2270 Ex

547 2323 657 2377 quo
686 2322 784 2361 sua
813 2306 1000 2360 habuit
1029 2304 1258 2362 Plinius:
1288 2302 1693 2374 TheOphrastus
1721 2306 1886 2372 enim,
1926 2306 2117 2378 Χρῶν-

546 2415 637 2450 ται
667 2398 723 2450 δὲ
753 2401 863 2460 τοῖς
890 2395 1126 2466 φύλλοις,
1150 2396 1209 2448 οὗ
1238 2399 1350 2460 τοῖς
1381 2395 1600 2460 κλωσὶν,
1627 2397 1746 2450 οὐδὲ
1780 2397 1857 2467 τῷ
1899 2397 2110 2469 καρπῷ,

547 2489 600 2543 id
629 2494 734 2555 est,
764 2502 902 2544 usus
950 2488 1224 2552 foliorum,
1260 2503 1368 2542 non
1416 2503 1712 2552 ramorum,
1758 2504 1858 2544 nec
1904 2490 2115 2547 fructus

545 2590 648 2636 est.
678 2580 883 2635 Plinius
923 2581 1020 2644 ita,
1054 2578 1225 2634 Foliis
1263 2590 1464 2634 tantum
1507 2591 1746 2636 utuntur.
1779 2580 1907 2636 Flos
1936 2584 2112 2638 nullus

543 2675 612 2740 ei,
637 2682 728 2726 aut
755 2663 948 2737 semen,
976 2682 1066 2726 aut
1086 2673 1277 2727 caulis.
1311 2673 1367 2727 Si
1399 2673 1637 2726 dictamo
1670 2688 1778 2728 non
1803 2683 1888 2730 est
1936 2691 2110 2745 neque

543 2766 738 2830 caulis,
777 2781 951 2835 neque
993 2780 1198 2828 semen,
1235 2779 1363 2836 ergo
1398 2766 1480 2820 vel
1520 2765 1673 2820 inviti
1717 2767 1861 2823 foliis
1905 2769 1980 2822 uti
2015 2770 2112 2824 de-

544 2859 687 2912 bent.
722 2858 791 2912 At
821 2862 1006 2928 utique
1043 2866 1096 2912 et
1125 2857 1300 2923 ﬂoret,
1333 2865 1386 2912 et
1425 2858 1660 2913 fructum
1700 2859 1854 2914 aﬂ‘crt
1895 2877 1961 2916 ex
2003 2861 2108 2917 hoc

541 2950 902 3021 Theophrasti
939 2955 1079 3013 loco,
1113 2958 1168 3006 et
1213 2950 1544 3006 Dioscoridis
1593 2958 1801 3006 tentata
1846 2952 2102 3020 lectione,

538 3043 659 3102 οὔτε
693 3045 868 3110 ἄνθος,
907 3043 1029 3098 οὔτε
1069 3044 1280 3114 καρπὸς
1314 3043 1603 3115 συμφέρει,
1643 3052 1698 3098 et
1742 3042 1959 3117 Virgilii
2004 3047 2099 3102 lib.

539 3154 614 3192 xu
641 3136 879 3204 Αῑηείάη
909 3153 1050 3193 vers.
1081 3136 1227 3192 H2:

677 3251 1014 3322 Dictamnum
1049 3251 1278 3320 genitria:
1309 3249 1513 3307 Creta'a
1556 3253 1729 3322 carpit
1759 3255 1824 3306 ab
1859 3250 1962 3307 Ida

674 3321 964 3376 Puberibus
995 3323 1196 3375 caulem
1225 3322 1392 3391 foliis,
1420 3333 1469 3375 et
1501 3323 1630 3391 ﬂore
1655 3321 1958 3377 comantem

675 3393 966 3464 lfurpureo.
996 3409 1100 3445 non
1128 3393 1224 3445 illa
1257 3393 1381 3462 feris
1416 3393 1679 3464 incognita
1715 3396 1888 3462 capris

673 3459 948 3527 Gramina,
974 3479 1090 3516 cum
1117 3459 1265 3533 tergo
1289 3465 1518 3517 volucres
1534 3459 1742 3518 'hwsere
1758 3459 1989 3534 sagittis.

536 3569 675 3642 Ergo
707 3579 789 3627 est
821 3580 875 3626 et
902 3572 1094 3637 caulis,
1132 3579 1186 3625 et
1213 3569 1333 3636 flos,
1361 3582 1413 3626 et
1436 3587 1642 3638 semen,
1679 3569 1844 3637 Plini,
1886 3572 2000 3626 ἀλλ’
2033 3574 2093 3626 οὐ

535 3662 820 3734 συμφέρει,
853 3670 906 3718 et
930 3664 1050 3719 ideo
1085 3663 1253 3718 Foliis
1286 3675 1490 3718 tantum
1518 3673 1758 3730 utuntur,
1794 3673 1855 3721 ut
1893 3665 2096 3737 Optime

533 3765 794 3810 verteras.

603 3848 762 3913 lbid.,
793 3849 886 3904 lin.
913 3848 1005 3904 24.
1033 3852 1102 3905 At
1132 3849 1200 3902 δὲ
1234 3851 1574 3920 παρδάλεις.
1617 3852 1880 3924 Superius
1903 3867 2090 3908 eorum

529 3941 812 4011 opiniones
839 3943 1147 4007 retulimus,
1182 3944 1274 4013 qui
1308 3961 1473 3998 unum
1503 3954 1557 4001 et
1587 3945 1730 4001 idem
1761 3945 1962 4000 animal
1993 3963 2092 4018 pu-

530 4042 713 4088 tarunt
737 4048 860 4088 esse
884 4035 1170 4106 pardalim,
1201 4043 1254 4090 et
1286 4037 1604 4106 pantheram
1653 4047 1708 4093 et
1735 4054 1970 4108 quanam
2003 4055 2092 4094 ra-

529 4127 675 4180 tione
705 4125 1057 4196 distinguant.
1093 4126 1150 4180 lu
1179 4142 1288 4197 qua
1315 4143 1373 4182 re
1406 4143 1538 4184 sane
1580 4128 1798 4186 facilius
1835 4139 1920 4186 est
1943 4131 2088 4200 quod

526 4219 617 4273 alii
651 4218 902 4273 dixerunt
930 4234 1191 4289 pugnare,
1215 4235 1378 4290 quam
1412 4221 1544 4290 quid
1583 4223 1716 4277 certi
1757 4223 1813 4277 in
1845 4223 2084 4278 medium

525 4312 737 4375 all'erre,
765 4311 908 4382 quod
940 4312 1031 4367 alii
1064 4328 1172 4366 non
1211 4313 1546 4384 impugnent.
1577 4313 1789 4370 Etenim
1821 4317 1868 4372 si
1896 4316 2080 4382 Plinii,

523 4403 880 4474 Theophrasti
944 4410 999 4456 et
1049 4403 1355 4459 Aristotelis
1411 4405 1659 4473 vestigiis
1717 4407 2082 4462 insistendum

2248 522 2408 588 τικῷ,
2433 531 2486 579 et
2516 522 2792 594 Oppianus
2819 529 3042 597 Κυνητ.
3077 541 3137 590 ιι,
3169 528 3262 597 qui
3290 528 3358 584 de
3398 529 3485 585 his
3513 534 3803 601 separatim

2246 622 2430 684 agunt.
2481 613 2760 686 Oppianus
2803 618 2948 672 enim
3001 619 3125 674 loco
3176 620 3232 676 d.
3267 622 3334 675 ad
3387 621 3596 678 Musam
3652 641 3804 680 suum

2245 713 2566 764 convertens
2621 724 2956 775 sermonem,
3017 712 3095 765 ait
3153 727 3215 768 se
3276 713 3369 768 diu
3415 716 3562 772 nolle
3607 718 3803 772 morari

2243 797 2392 854 circa
2425 813 2615 869 parva,
2650 802 2744 856 sed
2782 803 2982 860 missas
3016 804 3196 860 facere
3226 806 3429 863 bestias
3458 808 3726 876 imbelles,
3753 823 3804 866 et

2242 889 2508 955 infelices,
2541 892 2617 945 uti
2648 893 2962 961 pantheras,
3001 898 3288 966 mustelas,
3321 900 3516 970 glires;
3544 910 3600 956 et
3621 908 3801 972 postea

2240 984 2339 1038 lib.
2373 1001 2456 1051 Ill,
2499 995 2723 1056 peracto
2761 1003 3014 1045 sermone
3063 992 3131 1048 de
3176 993 3449 1058 leonibus,
3498 997 3799 1066 pardalium

2240 1093 2432 1149 genus,
2484 1080 2561 1133 uti
2599 1089 2655 1135 et
2699 1082 2915 1146 robore,
2955 1091 3009 1139 et
3045 1086 3471 1155 pulchritudine,
3514 1095 3569 1144 et
3609 1106 3801 1158 genere

2238 1167 2419 1223 nobile
2443 1167 2644 1224 subdit.
2674 1168 2818 1226 Satis
2851 1172 3022 1243 liquet
3056 1191 3188 1246 ergo
3216 1175 3521 1247 Oppianum
3553 1180 3704 1234 aliud
3747 1188 3799 1237 et

2237 1259 2386 1314 aliud
2429 1275 2552 1316 esse
2585 1262 2848 1331 pardalim
2890 1274 2944 1319 et
2991 1267 3312 1336 pantheram
3344 1271 3711 1336 existimasse,
3747 1281 3798 1329 et

2236 1351 2428 1406 horum
2461 1352 2658 1422 duplex
2701 1355 2893 1410 statuit
2929 1373 3120 1426 genus.
3164 1359 3420 1426 Quaedam
3459 1363 3604 1417 enim
3640 1377 3796 1433 aspe-

2233 1451 2324 1499 ctu
2368 1447 2625 1516 majores.
2669 1459 2726 1506 et
2763 1451 2932 1507 dorso
2957 1453 3251 1522 ampliores
3280 1462 3431 1520 sunt,
3465 1455 3584 1509 aliae
3622 1455 3797 1511 mino-

2231 1553 2342 1602 res.
2370 1539 2466 1596 sed
2490 1542 2606 1612 pari
2632 1544 2847 1612 robore,
2881 1544 3044 1600 simili
3073 1544 3267 1610 forma,
3298 1562 3409 1601 non
3436 1548 3792 1619 inaequalibus

2230 1632 2482 1697 maculis,
2517 1648 2618 1689 nec
2661 1637 2910 1706 corporis
2955 1623 3323 1703 lineamentis,
3349 1640 3396 1696 si
3438 1640 3668 1697 caudam
3698 1641 3791 1697 de-

2229 1721 2482 1788 traxeris,
2526 1738 2647 1794 quae
2688 1724 2993 1782 minoribus
3025 1726 3219 1797 major,
3254 1738 3309 1785 et
3342 1735 3522 1785 minor
3564 1731 3790 1802 majori-

2155 1797 2197 1853 Β
2224 1809 2327 1866 bus
2353 1819 2462 1866 est.

2222 1921 2548 1998 ῌορδάυζιες
2566 1924 2627 1998 δ’
2661 1925 2848 1998 (ideal,
2876 1927 3128 1998 δίδυμον
3154 1927 3346 1998 γένος,
3380 1932 3440 1982 αι
3468 1929 3586 1997 μὲν
3611 1930 3790 1986 ἔασιν

2221 1993 2862 2066 Μείζονέςγείσιδέειν,
2897 1993 3342 2064 καίπάσὸυνές
3381 1993 3556 2066 sip-ea
3593 1999 3778 2054 νῶτα·

2220 2065 2301 2136 Al.
2339 2063 2392 2116 δ’
2431 2064 2514 2117 ἐτ’
2549 2065 2868 2136 ὁλιζότεραι
2908 2067 3052 2137 μὲν,
3099 2068 3246 2137 ἀτὰρ
3276 2063 3483 2140 μὲι-ορΑ
3509 2071 3637 2124 οὔτι
3690 2089 3785 2140 χε-

2217 2201 2397 2287 ξξιδεα
2423 2203 2474 2256 δ’
2501 2204 2921 2287 ᾀμςροτξροέσιν
2944 2208 3149 2287 bisalia
3168 2138 3712 2287 δαιδάλᾴοὲιίλῒὲιοῗς⁸

2215 2274 2410 2349 ᾼζόσςρι
2434 2276 2628 2349 μᾴνης
2659 2276 2865 2349 οῄρῆς,
2895 2275 2969 2349 τῇ
2986 2274 3043 2330 ’τ’
3065 2278 3326 2347 ἔμπαλιν
3347 2279 3712 2349 εἰσορὰαται.

2213 2343 2426 2397 Μείοσι
2445 2343 2563 2413 μὲν
2581 2345 2794 2414 μείζων
2813 2343 3054 2409 τελέθει,
3073 2343 3373 2418 μεγάλῃσι
3400 2343 3491 2403 cs'
3501 2353 3708 2420 μείων.

2285 2451 2421 2510 lbid.
2453 2455 2663 2524 Σαφῶς
2701 2456 2811 2525 γὰρ
2839 2455 3071 2513 εἰδυῖαι.
3114 2456 3321 2514 Caetera
3364 2461 3621 2516 animalia
3655 2480 3780 2534 par-

2210 2541 2414 2598 dalium
2438 2546 2626 2608 odore,
2657 2549 2825 2602 veluti
2849 2548 3101 2604 illecebra
3127 2551 3270 2622 trahi
3291 2553 3479 2606 retulit
3501 2553 3777 2620 Elianus.

2210 2636 2306 2690 lib.
2331 2653 2363 2690 v
2412 2636 2488 2691 De
2509 2638 2634 2692 hist.
2673 2641 2918 2705 animaL,
2945 2657 3064 2712 cap.
3099 2643 3199 2697 40:
3227 2645 3464 2709 Εὑωδίας
3493 2648 3635 2712 τινὸς
3657 2649 3782 2702 Θαυ-

2212 2729 2419 2798 μαστῆς
2448 2729 2544 2800 τὴν
2575 2730 2837 2802 πάρδαλιν
2885 2734 3258 2805 μετειληχέναι
3301 2738 3464 2809 φησὶν
3502 2741 3633 2810 ἡμῖν
3678 2744 3778 2812 μὲν

2207 2819 2518 2891 ἀπορρήτου
2538 2838 2552 2852 ’
2581 2822 2720 2894 αὐτὴ
2747 2823 2802 2876 δὲ
2826 2823 2934 2877 οἶδε
2963 2825 3024 2879 τὸ
3065 2826 3440 2900 πλεονέκτημα
3471 2831 3533 2884 τὸ
3557 2834 3776 2898 είκοῖον,

2205 2912 2299 2964 καὶ
2348 2911 2532 2980 μέντοι
2566 2913 2657 2967 καὶ
2692 2915 2760 2969 τὰ
2786 2913 2920 2971 ἄλλα
2947 2916 3064 2982 ζῶα
3096 2921 3477 2976 συνεπίσταται
3518 2924 3676 2977 τοῦτο
3707 2930 3775 2998 τῇ

2205 3003 2486 3074 παρδάλει,
2516 3006 2611 3059 καὶ
2646 3006 2925 3062 ἁλίσκεται
2962 3009 3149 3065 τοῦτον
3177 3011 3267 3066 τὸν
3297 3016 3520 3086 τρόπον.
3559 3018 3776 3090 Ἐκείντι

2129 3141 2175 3202 c
2205 3097 2238 3168 ἡ
2273 3095 2555 3168 πάρδαλις,
2595 3101 2798 3172 τροφῆς
2837 3101 3082 3174 δεομένη,
3130 3105 3325 3178 ἑαυτὴν
3357 3109 3776 3182 ὐπαποκρύπτει

2205 3187 2238 3258 ἢ
2269 3187 2442 3261 λόχμῃ
2474 3190 2641 3261 πολλῇ
2670 3191 2702 3262 ἢ
2735 3192 2960 3262 φυλλάδι
2998 3193 3209 3267 βαθείᾳ,
3239 3199 3333 3252 καὶ
3355 3201 3596 3271 ἐντυχεῖν
3625 3206 3776 3260 ἐστιν

2203 3276 2437 3348 ἀφανὴς,
2480 3280 2638 3350 μόνον
2669 3279 2726 3333 δὲ
2774 3281 3022 3338 ἀναπνεῖ.
3073 3285 3279 3340 Οὐκοῦν
3324 3290 3372 3341 οἱ
3425 3291 3630 3362 νεὸροὶ,
3682 3296 3776 3348 καὶ

2201 3366 2458 3438 δορκάδες
2495 3369 2589 3422 καὶ
2613 3364 2768 3438 αἶγες
2795 3372 2851 3424 αί
2892 3373 3103 3444 ἄγριαι,
3147 3377 3242 3429 καὶ
3284 3376 3354 3430 τὰ
3395 3379 3621 3434 τοιαῦτα
3664 3383 3774 3434 τῶν

2201 3458 2376 3527 ζώων,
2411 3461 2488 3524 ὡς
2524 3461 2630 3515 ὑπό
2668 3480 2809 3527 τινος
2849 3465 3032 3534 ἴυγγος
3058 3467 3154 3538 τῆς
3183 3468 3407 3534 εὐωδίας
3430 3470 3652 3526 ἕλκεται
3679 3475 3773 3528 καὶ

2199 3551 2404 3620 γίνεται
2442 3553 2697 3626 πλησίον·
2730 3558 2763 3628 ἡ
2803 3557 2861 3610 δὲ
2887 3558 3114 3630 ἐκπηδᾷ,
3147 3560 3239 3614 καὶ
3273 3561 3382 3633 ἔχει
3426 3563 3488 3617 τὸ
3517 3565 3768 3636 Θήραμα.

2197 3643 2433 3702 Consule
2456 3646 2807 3703 Plutarchum
2836 3649 2913 3704 De
2942 3653 3252 3706 animalium
3277 3655 3531 3719 solertia;
3560 3657 3772 3713 Aristo-

2198 3739 2378 3804 telem,
2408 3739 2484 3796 De
2509 3741 2694 3796 histor.
2720 3744 2938 3799 animal.
2965 3745 3059 3800 lib.
3091 3762 3167 3812 ix,
3197 3762 3316 3817 cap.
3349 3747 3415 3814 6;
3450 3747 3770 3819 Theophra-

2197 3841 2366 3900 stum,
2393 3834 2469 3890 De
2497 3837 2676 3890 causis
2703 3836 2873 3906 plant.
2904 3837 3000 3893 lib.
3031 3854 3106 3903 vt,
3132 3853 3251 3908 cap.
3277 3840 3332 3904 5,
3356 3841 3448 3910 qui
3477 3842 3606 3897 talis
3636 3844 3771 3898 odo-

2194 3927 2274 3984 ris
2305 3943 2527 3984 causam
2550 3931 2778 3988 reddere
2793 3939 3082 3987 conantur.
3105 3932 3424 3990 Aristoteles
3446 3938 3768 4006 graveolen-

2195 4020 2323 4076 tiam
2368 4022 2433 4076 ad
2493 4023 2811 4080 cruditatem
2863 4027 3154 4096 quamdam
3203 4027 3370 4083 refert
3405 4033 3764 4097 excrementi,

2192 4129 2313 4184 qua:
2341 4123 2395 4170 et
2421 4115 2559 4171 vivis
2589 4132 2754 4172 causa
2786 4117 2914 4173 findi
2943 4119 3144 4175 halitus
3163 4129 3269 4184 est,
3296 4129 3351 4176 et
3379 4124 3609 4178 mortuis
3635 4140 3762 4179 cum

2191 4211 2494 4280 putrescit:
2526 4219 2579 4266 et
2627 4211 2748 4267 ideo
2779 4213 3000 4284 pingue,
3046 4230 3131 4280 os,
3164 4216 3306 4286 pilus
3355 4217 3560 4272 fmdum
3611 4235 3762 4275 nun-

2189 4317 2352 4371 quam
2375 4303 2610 4359 reddunt
2636 4305 2881 4372 odorem,
2909 4307 3036 4376 quia
3068 4309 3266 4380 pingue
3293 4321 3618 4366 concoctum
3654 4322 3761 4376 est,

2188 4409 2315 4449 ossa
2346 4401 2400 4448 et
2434 4395 2526 4464 pili
2559 4395 2787 4452 humore
2834 4406 3049 4452 vacant.
3097 4399 3280 4456 Genus
3313 4411 3490 4457 autem
3542 4404 3762 4472 planta-

519 4501 622 4558 ρει,
658 4493 901 4561 ejusdem
944 4496 1160 4564 generis
1201 4495 1455 4548 animalia
1495 4511 1616 4552 esse
1667 4512 1776 4552 ηοη
1823 4498 2089 4554 inﬁdam-
2119 4499 2162 4553 υ
2191 4499 2308 4537 rum
2340 4485 2547 4538 nullum
2582 4486 2726 4540 intra
2757 4503 2816 4543 se
2844 4489 3119 4543 contrahit
3149 4503 3579 4555 excrementum,
3610 4505 3664 4550 et
3709 4497 3759 4551 si

520 4599 658 4637 mur.
685 4582 1092 4654 'l‘heOphrastus
1113 4586 1279 4647 enim,
1309 4585 1382 4639 De
1409 4589 1584 4642 causis
1621 4587 1856 4656 plantar.
1884 4591 1978 4645 lib.
2007 4607 2082 4656 vr,

517 4690 640 4744 cap.
692 4675 782 4738 26,
828 4677 1033 4731 nullum
1081 4679 1282 4732 animal
1329 4680 1404 4732 ait
1451 4694 1576 4734 esse
1618 4679 1926 4745 odoratum,
1978 4684 2083 4738 nisi

517 4768 642 4838 quis
675 4768 874 4824 dixerit
892 4771 1152 4841 pardalim
1186 4772 1551 4827 animantibus
1576 4772 1713 4828 bene
1745 4776 1912 4829 olere.
1937 4775 2083 4830 Ζῶον

515 4859 575 4912 δὲ
598 4860 769 4927 οὐδὲν,
807 4864 856 4916 εἰ
899 4863 973 4934 μὴ
1009 4862 1107 4933 τὴν
1141 4862 1402 4934 πάρδαλιν
1434 4881 1584 4932 φασι,
1622 4865 1871 4937 καθάπερ
1893 4867 2082 4939 ἐλέχθη

517 4956 628 5018 τοῖς
659 4955 886 5028 θηρίοις.
915 4955 1141 5011 Aristot.
1173 4955 1437 5010 Problem.
1479 4965 1613 5012 sect.
1651 4958 1741 5022 13,
1781 4959 1834 5023 4,
1871 4961 2080 5014 nullum

517 5047 717 5102 animal
761 5049 1001 5103 suaviter
1029 5049 1177 5103 olere
1212 5057 1437 5118 excepta
1470 5049 1678 5119 pardali
1725 5067 1844 5120 quze
1875 5061 1929 5107 et
1963 5051 2081 5123 ipsa

514 5139 733 5193 nonnisi
782 5138 972 5194 bestiis
1000 5138 1075 5192 ita
1105 5139 1255 5193 olere
1285 5133 1533 5194 aﬂirmat.
1566 5140 1774 5197 Plinius
1801 5143 1964 5197 etiam
1993 5144 2080 5197 illa

517 5228 802 5284 confundit
835 5230 929 5284 lib.
963 5247 1083 5295 vui,
1121 5246 1240 5298 cap.
1275 5229 1366 5294 Π,
1401 5228 1559 5284 Nunc
1586 5233 1766 5300 parias
1788 5242 1837 5286 et
1859 5233 2077 5303 ραι-ἀοι,

513 5323 602 5391 qui
642 5338 813 5376 mares
838 5331 981 5386 sunt,
1016 5323 1283 5392 appellant
1316 5325 1372 5378 in
1403 5339 1463 5378 eo
1493 5325 1639 5378 omni
1659 5340 1862 5392 genere,
1887 5325 2082 5380 creber-

513 5415 648 5467 rimo
690 5416 743 5470 in
788 5415 918 5468 Asia
973 5413 1252 5487 Syriaque.
1303 5415 1532 5482 Quidam
1578 5416 1644 5471 ab
1685 5417 1752 5470 iis
1798 5417 2080 5486 pantheras

512 5505 739 5561 candore
769 5507 883 5561 solo
927 5507 1267 5562 discernunt:
1303 5523 1396 5562 nec
1427 5507 1600 5562 adhuc
1638 5507 1802 5562 aliam
1831 5509 2080 5578 differen-

513 5597 643 5648 tiam
665 5597 852 5653 inveni.
884 5599 990 5655 Sed
1012 5599 1223 5654 diversa
1247 5615 1368 5656 esse
1394 5599 1508 5654 haec
1535 5600 1852 5654 animalium
1881 5614 2078 5670 genera

511 5686 668 5742 docet
707 5689 794 5744 hic
818 5697 1026 5758 noster,
1062 5691 1155 5759 qui
1185 5698 1440 5759 tanquam
1471 5689 1539 5745 de
1571 5691 1786 5746 duobus
1818 5689 2078 5746 diversis-

509 5778 664 5834 simis
702 5793 1007 5836 sermonem
1055 5780 1288 5835 instituit
1322 5799 1334 5836 :
1384 5781 1488 5838 etsi
1539 5781 1592 5836 in
1631 5781 1958 5852 quibusdam
1998 5783 2077 5836 vi-

2187 4574 2315 4643 quid
2351 4575 2574 4641 inesset,
2605 4577 2777 4632 calida
2807 4578 3063 4649 siccaque
3101 4591 3294 4635 natura
3346 4583 3481 4636 illud
3526 4587 3758 4655 expedi-

2186 4668 2295 4723 tius
2318 4669 2630 4739 concoquit,
2651 4678 2704 4725 et
2727 4671 2849 4725 ideo
2874 4671 3072 4726 humor
3095 4688 3286 4729 eorum
3327 4691 3434 4730 non
3467 4686 3556 4731 est
3586 4678 3758 4734 faecu-

2185 4759 2393 4827 lentus;
2443 4761 2608 4832 idque
2651 4763 3008 4818 confirmatur
3053 4766 3226 4835 plagis
3275 4777 3469 4831 terrae,
3519 4785 3648 4839 qua
3697 4782 3758 4826 ut

2186 4851 2562 4920 ferventiores,
2596 4857 2676 4912 sic
2707 4857 3049 4914 odoratiores
3081 4871 3227 4914 sunt.
3250 4859 3669 4938 The0phrastus
3698 4866 3756 4921 in

2183 4950 2508 5017 quibusdam
2534 4954 2788 5007 convenit
2829 4969 2953 5008 cum
2983 4953 3298 5020 Aristotele,
3335 4956 3390 5010 in
3418 4958 3756 5026 quibusdam

2181 5043 2453 5108 dissentit,
2485 5045 2551 5098 ad
2579 5061 2720 5114 quae,
2748 5061 2815 5100 ne
2843 5044 3053 5101 diutius
3074 5062 3386 5116 evagemur,
3417 5049 3756 5108 remittimus

2182 5133 2461 5189 lectorem.
2514 5133 2715 5190 Neuter
2758 5143 2942 5191 tamen
2991 5136 3057 5191 ad
3104 5139 3336 5207 primam
3388 5141 3754 5208 quaestionem

2180 5228 2482 5298 respondit,
2527 5245 2628 5283 nec
2678 5229 2879 5282 nodum
2929 5229 3183 5286 dissolvit
3226 5229 3583 5287 difﬁcultatis.
3638 5231 3754 5288 Nec

2179 5320 2323 5374 enim
2358 5320 2487 5373 dum
2528 5320 2594 5375 de
2631 5320 2860 5391 pardali,
2893 5337 3054 5392 quam
3097 5324 3271 5378 solam
3306 5324 3449 5379 inter
3489 5326 3754 5379 animalia

2177 5412 2458 5467 odoratam
2510 5429 2633 5470 esse
2679 5416 3072 5481 concedebant,
3121 5417 3405 5486 agebatur,
3452 5418 3588 5472 satis
3630 5425 3756 5472 erat

2177 5519 2399 5561 causam
2443 5514 2665 5576 propter
2710 5524 2872 5578 quam
2918 5510 3143 5564 arbores
3173 5518 3228 5566 et
3265 5510 3463 5580 planta:
3504 5512 3753 5565 odorata:

2178 5605 2326 5659 sunt,
2359 5598 2614 5654 animalia
2662 5618 2772 5657 non
2806 5605 2935 5659 item
2973 5606 3275 5675 assignare.
3317 5602 3424 5658 Sed
3462 5603 3598 5658 illud
3627 5613 3754 5660 erat

2177 5688 2576 5757 explicandum,
2603 5708 2838 5761 quanam
2863 5695 3074 5749 ratione
3098 5696 3240 5749 inter
3270 5701 3466 5748 caetera
3497 5695 3754 5747 animan-

2177 5779 2252 5834 tia
2278 5779 2395 5836 sola
2423 5781 2663 5852 pardalis
2697 5785 2834 5842 bene
2863 5787 2991 5856 olet,
3018 5793 3071 5842 et
3102 5785 3268 5855 hujus
3289 5784 3588 5841 animantis
3615 5783 3756 5839 odo-
