4072 6342
317 334 424 391 οιδ

1264 334 1328 388 IN
1370 333 1735 393 EUSTATHII
1772 334 2241 396 llEXAEMERON
2281 336 2513 394 ΝΟΤᾹΞ.

3442 340 3541 395 946

318 456 443 517 rati,
478 461 533 510 et
559 455 790 509 aliorum
829 469 938 509 non
982 454 1336 511 odoratorum
1368 455 1686 511 discrimen.
1727 454 1880 512 Tunc
1911 462 1955 518 Α
1984 459 2205 514 animal.
2253 459 2347 513 lib.
2380 474 2457 523 vi,
2492 472 2611 529 cap.
2652 457 2760 514 27:
2793 457 3015 513 Ferendi
3052 460 3187 512 uteri
3221 469 3417 528 tempus
3451 462 3545 515 alii

316 546 467 601 εηίω
508 546 711 616 οῐηίίηθ
754 546 1041 615 αυεεεῑίοηί
1084 545 1524 615 τθδροηάθτθῑυΐν
1571 544 1670 598 Αιά
1696 547 1749 598 τί
1778 546 1884 598 τῶν
1985 570 2180 607 annum
2211 562 2259 606 et
2282 568 2373 607 sex
2395 569 2616 620 menses,
2644 554 2739 607 alii
2765 554 3046 607 triennium
3072 560 3343 616 statuunt;
3374 564 3427 608 et
3455 554 3549 607 hu-

323 637 422 708 μὲν
463 635 618 701 ζώων
652 637 802 691 οὐδὲν
854 637 1049 700 εὐῶδές
1080 638 1228 690 ἐστιν
1259 636 1364 701 ἔξω
1404 638 1501 707 τῆς
1550 636 1884 708 παρδάλεως,

320 727 458 799 αὕτη
498 728 553 781 δὲ
580 728 674 781 καὶ
709 728 888 791 αὐτοῖς
927 732 1036 792 τοῖς
1069 726 1307 799 Θηρίοις;
1344 727 1448 781 etsi
1477 726 1888 795 Theophrastus

319 822 483 875 etiam
513 820 566 874 in
596 821 717 877 aliis
745 831 798 875 et
825 836 932 876 non
966 821 1020 874 in
1054 821 1169 875 sola
1206 819 1413 890 pardali
1438 818 1661 875 odorem
1696 834 1892 874 conce-

323 914 438 968 dat.
464 913 617 967 Tunc
636 924 755 969 erat
783 915 1011 969 ulterius
1040 914 1107 968 ab
1132 915 1252 983 ipso
1293 913 1695 983 explicandum,
1723 927 1893 983 quare

321 1022 454 1078 ergo
493 1006 561 1061 ab
593 1007 918 1063 animalibus
955 1008 1091 1061 odor
1129 1006 1217 1061 hic
1248 1022 1355 1061 non
1402 1006 1635 1060 sentitur
1670 1005 1726 1059 in
1771 1005 1892 1059 aliis

325 1100 432 1155 nisi
479 1099 535 1152 in
573 1099 688 1153 sola
722 1099 963 1169 pardali?
1010 1097 1207 1154 Verum
1245 1098 1374 1152 dum
1400 1096 1813 1167 Theophrastus
1842 1108 1896 1152 et

325 1191 648 1248 Aristoteles
688 1195 823 1246 tanti
854 1194 955 1250 viri
1003 1192 1281 1265 proposita
1327 1192 1647 1261 quaestione,
1690 1192 1797 1245 alio
1839 1207 1898 1246 se

324 1291 675 1346 convertunt,
716 1290 771 1337 et
800 1283 1224 1354 subterfugiunt,
1254 1283 1377 1353 quis
1409 1283 1483 1336 ita
1533 1282 1707 1336 audax
1760 1298 1819 1336 se
1845 1282 1899 1336 id

328 1374 547 1444 assequi
573 1373 839 1428 conﬁdet?
859 1374 1044 1429 Potest
1072 1375 1215 1430 Deus
1250 1378 1420 1427 multa
1450 1374 1651 1438 moliri,
1677 1381 1727 1427 et
1754 1374 1900 1428 varia

329 1467 633 1533 conﬁcere,
682 1483 804 1538 quae
860 1468 1167 1523 intellectus
1225 1467 1498 1521 humanus
1540 1482 1648 1520 non
1702 1467 1899 1535 capiet.

334 1560 501 1615 Multa
536 1561 638 1616 sibi
675 1559 817 1616 Deus
843 1559 966 1624 soli,
1001 1573 1300 1629 eorumque
1322 1559 1687 1629 cognitionem
1729 1573 1906 1615 reser-

332 1655 500 1709 vavit.
539 1654 595 1708 In
626 1655 836 1723 paucis,
872 1654 927 1707 in
964 1652 1226 1715 minimis,
1257 1651 1310 1705 in
1347 1652 1640 1714 οὐτιδανοῖς
1673 1650 1824 1713 felix,
1850 1658 1906 1705 et

335 1748 459 1815 ejus
498 1762 599 1817 ope
621 1747 693 1800 ita
724 1746 974 1816 superbis
1003 1757 1056 1799 et
1083 1745 1401 1811 insolescis;
1436 1745 1482 1799 si
1512 1744 1569 1799 in
1596 1744 1903 1800 secretiori-

340 1841 443 1894 bus
481 1841 658 1909 potior
686 1854 855 1903 esses,
885 1838 1016 1908 quid
1056 1837 1310 1892 faceres?
1351 1836 1495 1892 Cave
1532 1844 1628 1890 tuo
1664 1836 1902 1906 ingenio,

341 1929 453 1984 tuis
492 1928 702 1983 viribus
748 1929 975 1983 metiare
1013 1926 1215 1992 Deum;
1261 1925 1425 1981 nimis
1466 1932 1731 1997 angustus
1757 1939 1839 1990 es,
1872 1940 1906 1979 ο

342 2021 655 2076 homuncio.
1366 2055 1371 2060 .

414 2110 571 2177 ιδιά..
603 2112 699 2167 lin.
723 2112 811 2166 29.
848 2112 900 2164 '0
934 2111 1001 2166 δὲ
1040 2112 1273 2181 πάνθηρ
1300 2111 1501 2180 φίλον.
1537 2109 1613 2166 De
1648 2110 1907 2180 panthera

345 2204 546 2259 similia
576 2204 738 2259 habet
784 2203 977 2259 Petrus
1020 2204 1338 2267 Damianus,
1368 2204 1463 2258 lib.
1508 2218 1570 2267 ιι,
1604 2203 1765 2273 epist.
1808 2202 1906 2268 i8;

346 2293 574 2359 Plinius,
602 2296 698 2350 lib.
737 2311 853 2361 vin,
877 2311 998 2365 cap.
1038 2297 1121 2364 Π,
1161 2295 1426 2349 Panthera
1475 2303 1524 2349 et
1555 2295 1704 2363 tigris
1730 2310 1911 2347 macu-

350 2389 523 2442 larum
545 2390 797 2443 varietate
817 2404 974 2457 prope
993 2389 1122 2442 sola:
1150 2389 1435 2442 bestiarum
1463 2396 1783 2455 spectantur,
1809 2402 1913 2441 cte-

351 2482 474 2536 tcris
500 2498 657 2544 unus,
690 2497 751 2534 ac
779 2498 906 2534 suus
949 2481 1200 2550 cujusque
1227 2480 1426 2549 generis
1469 2478 1613 2532 color
1643 2486 1739 2532 est.
1784 2477 1912 2533 Inde

353 2573 565 2644 tigrinae
596 2581 650 2628 et
679 2572 1016 2642 pantherinm
1045 2587 1263 2636 mensae,
1295 2577 1349 2626 et
1397 2569 1577 2639 βάλιος
1624 2569 1913 2640 πανθήρων

351 2664 524 2735 δίκην.

424 2755 584 2816 lbid.,
626 2755 723 2809 lin.
755 2754 844 2808 51.
885 2752 993 2807 Kal
1033 2751 1142 2817 ἕως
1172 2751 1289 2820 μὲν
1326 2751 1399 2805 οὐ
1435 2749 1571 2818 χρή.
1614 2748 1913 2819 Oppianus,

358 2846 453 2901 lib.
483 2862 522 2900 ιι
567 2850 812 2913 Κυνηγ.,
842 2844 1227 2912 pantherarum
1258 2851 1310 2896 et
1339 2841 1571 2895 aliorum
1601 2840 1917 2894 animalium

360 2951 611 2993 somnum
642 2943 697 2990 et
727 2935 973 2989 inertiam
1022 2933 1241 2998 cecinit,
1273 2950 1432 3001 quem
1465 2932 1611 2987 vide.

429 3026 588 3090 ιδιά..
614 3028 709 3081 lin.
733 3027 822 3081 35.
865 3027 943 3079 Δι’
977 3021 1050 3095 ἧς
1078 3025 1148 3078 τὰ
1180 3024 1354 3078 ἄλλα.
1399 3023 1529 3089 Quae
1560 3023 1810 3093 superius
1853 3022 1921 3078 de

1983 647 2073 717 jus
2101 645 2420 702 differentiae
2450 656 2500 701 et
2532 644 2936 700 incertitudinis
2963 658 3183 698 causam
3212 644 3379 710 addit,
3404 646 3547 714 quod

1988 755 2094 794 non
2132 746 2310 809 pateat
2337 740 2531 794 coitus.
2568 738 2629 791 Et
2659 738 2751 792 lib.
2786 754 2836 802 v,
2871 752 2991 806 cap.
3024 735 3127 789 M:
3160 733 3373 788 Ulerum
3408 735 3551 788 bien-

1990 833 2076 885 nio
2102 832 2273 902 gerit:
2302 831 2443 899 parit
2485 829 2719 899 singulos
2741 843 2761 882 :
2798 828 3076 897 uniparum
3122 844 3341 898 namque
3376 839 3472 890 est,
3499 836 3554 882 et

1992 922 2113 975 libr.
2151 937 2203 975 iv
2234 920 2311 973 De
2332 927 2563 990 generat.
2598 917 2841 980 animal.,
2866 932 2984 985 cap.
3010 916 3221 982 ultimo,
3240 917 3379 971 idem
3413 916 3553 970 alIir-

1994 1021 2127 1077 mat,
2175 1021 2229 1068 et
2270 1026 2489 1068 causam
2528 1011 2649 1074 dat,
2677 1009 3112 1079 exsuperantiam
3144 1009 3551 1079 magnitudinis.

1996 1107 2226 1170 Plinius,
2263 1106 2387 1159 libr.
2423 1121 2544 1168 vm,
2582 1118 2703 1173 sap.
2752 1104 2835 1168 10,
2880 1111 3173 1171 utrumque
3209 1102 3409 1157 refert:
3448 1103 3554 1158 De-

1996 1213 2105 1249 cem
2146 1196 2298 1248 annis
2327 1204 2531 1264 gestare
2560 1194 2615 1245 in
2646 1202 2793 1246 utero
2829 1193 3011 1261 vulgus
3037 1192 3327 1256 existimat,
3357 1192 3557 1248 Aristo-

2001 1289 2122 1343 tetes
2156 1289 2387 1351 biennio,
2430 1303 2520 1341 nec
2550 1286 2775 1354 amplius
2816 1302 2973 1356 quant
3002 1286 3159 1339 semel
3182 1287 3409 1355 gignere,
3440 1287 3545 1355 plu‘

2001 1396 2144 1434 resve
2176 1395 2335 1449 quam
2365 1378 2622 1448 singulos.
2657 1376 2771 1431 Hoc
2810 1384 2989 1432 tamen
3035 1377 3285 1432 videlicet
3323 1379 3557 1447 singulos

2001 1481 2049 1525 et
2083 1470 2241 1524 semel
2284 1485 2487 1538 parere,
2535 1484 2645 1522 non
2680 1482 2842 1538 posse
2878 1483 2942 1522 ex
2989 1466 3280 1522 Aristotele
3326 1465 3559 1519 Plinium

2004 1561 2246 1633 proﬁteri
2280 1560 2541 1631 Scaliger,
2582 1560 2809 1615 exercit.
2848 1560 2975 1624 205,
3014 1560 3081 1615 de
3129 1558 3451 1622 subtilitate,
3494 1559 3560 1611 ad

2005 1657 2338 1719 Cardanum,
2390 1654 2603 1710 asserit.
2654 1652 2762 1709 Nec
2808 1652 3050 1707 additum
3101 1666 3130 1704 a
3187 1651 3424 1706 librariis
3472 1650 3562 1702 in-

2011 1750 2194 1803 sinuat
2231 1764 2299 1802 ex
2349 1746 2555 1809 Solino,
2602 1746 2694 1814 qui
2734 1760 2885 1800 more
2936 1759 3038 1799 suo
3084 1744 3150 1797 ad
3192 1744 3415 1798 verbum
3461 1742 3564 1795 hoc

2006 1838 2147 1893 idem
2206 1837 2379 1893 ﬁdelis
2428 1842 2766 1905 reposuerat,
2813 1844 2868 1890 et
2919 1835 3130 1889 ratione
3184 1834 3236 1888 id
3291 1849 3411 1887 esse
3464 1831 3567 1885 fal-

2008 1946 2127 1986 sum
2158 1930 2335 1998 palam
2372 1929 2647 1983 ostendit:
2680 1925 2823 1981 Nam
2862 1927 2909 1980 si
2949 1916 3083 1979 binis
3125 1925 3425 1995 parentibus
3461 1940 3568 1977 una

2008 2022 2234 2077 succedit
2291 2022 2512 2087 soboles,
2567 2037 2769 2074 necesse
2818 2028 2896 2073 est
2936 2017 3005 2072 ad
3064 2016 3282 2071 nihilum
3336 2017 3564 2069 tandem.

2012 2115 2133 2170 Non
2175 2115 2345 2168 solum
2392 2130 2508 2168 vero
2544 2114 2662 2182 plus
2700 2111 2859 2167 semel
2899 2111 3061 2180 parit,
3099 2127 3272 2164 verum
3305 2118 3354 2163 et
3394 2114 3567 2178 plures

2011 2207 2254 2277 singulis,
2304 2207 2383 2260 uti
2432 2206 2752 2259 dicebamus.
2820 2204 3043 2259 Dicebat
3090 2203 3234 2258 enim
3294 2205 3567 2272 superius,

2015 2298 2194 2370 Neque
2253 2298 2486 2369 singulos
2552 2298 2706 2351 modo
2758 2312 2971 2365 parere,
3030 2297 3213 2364 quippe
3267 2304 3316 2348 et
3377 2304 3570 2360 ternos,

2011 2402 2060 2445 et
2102 2400 2404 2460 quaternos,
2459 2398 2535 2444 tot
2591 2392 2729 2445 enim
2782 2389 3026 2442 comitari
3070 2390 3193 2441 risw
3242 2396 3383 2441 sunt.
3447 2386 3572 2440 Hinc

2015 2483 2203 2537 ultima
2231 2480 2489 2551 Scaligeri
2520 2482 2685 2537 verba
2722 2481 2774 2535 in
2804 2480 3051 2535 doctrina
3081 2478 3435 2549 Peripatetica
3461 2494 3571 2532 non

2016 2576 2150 2631 satis
2169 2582 2281 2629 tuta
2315 2590 2438 2630 esse
2472 2575 2741 2631 videntur.
2776 2574 3098 2644 Elephautes
3129 2573 3334 2628 scilicet
3378 2585 3484 2624 uno
3522 2577 3577 2624 et

2015 2668 2203 2722 eodem
2228 2676 2385 2736 partu
2410 2668 2591 2737 plures
2612 2667 2860 2736 gignere;
2885 2666 2986 2720 etsi
3007 2680 3114 2719 non
3138 2680 3223 2718 me
3249 2663 3384 2734 fugit
3407 2662 3577 2716 Elia-

2018 2776 2169 2823 num,
2199 2760 2291 2814 lib.
2326 2775 2441 2823 vui,
2466 2774 2587 2829 cap.
2611 2759 2702 2820 27,
2736 2758 2789 2811 id
2828 2758 3223 2826 quodammodo
3248 2758 3576 2818 insinuasse,

2019 2858 2203 2905 tamen
2236 2868 2300 2906 ex
2330 2852 2557 2906 aliorum
2591 2852 2859 2907 sententia
2895 2850 2947 2904 id
2977 2851 3263 2919 scripsisse
3304 2849 3437 2919 ipsis
3468 2864 3582 2903 ver-

2019 2944 2104 2999 bis
2129 2944 2493 2998 clarissimum
2531 2951 2635 2997 est.
2665 2942 2920 2995 Τίκτεται
2954 2941 3150 3010 ἐλέφας
3188 2940 3336 3013 κατὰ,
3360 2941 3455 3010 τὴν
3484 2957 3576 2992 κε-

2023 3036 2195 3107 φαλὴν
2224 3036 2492 3106 ὲκπηδῶν.
2526 3036 2599 3088 Τὸ
2625 3035 2681 3089 δὲ
2728 3033 2953 3105 μέγεθός
2987 3035 3101 3085 ἐστι.
3134 3031 3227 3084 τοῦ
3265 3029 3580 3099 τικτομένου

360 3122 591 3193 pardali,
619 3122 739 3191 ejus
769 3120 935 3174 odore
986 3127 1039 3172 et
1072 3118 1292 3173 solertia
1323 3116 1734 3187 explicavimus,
1767 3116 1920 3169 multi

2024 3128 2165 3182 κατὰ
2195 3126 2432 3195 δέλφακα
2477 3125 2571 3196 τὴν
2617 3126 2896 3197 μεγίστην.
2951 3126 3065 3195 Μιᾷ
3095 3124 3150 3175 δὲ
3201 3121 3367 3193 μητρὶ
3415 3120 3581 3172 πλείω

362 3215 640 3285 pantherae
674 3212 981 3275 ascribunt,
1021 3209 1105 3264 vel
1142 3224 1207 3264 eo
1247 3209 1423 3263 solum
1469 3206 1616 3277 quod
1663 3206 1923 3261 animalia

361 3307 734 3363 diversissima
768 3304 1107 3359 confundunt
1160 3310 1214 3357 et
1244 3303 1493 3363 miscent,
1520 3300 1640 3355 ideo
1671 3300 1923 3354 lectorem

364 3401 431 3456 ad
492 3400 581 3454 illa
632 3398 979 3462 remittimus,
1023 3411 1091 3450 ne
1137 3396 1339 3450 iterum
1386 3394 1574 3448 eadem
1632 3391 1927 3461 repetendo

363 3489 577 3545 molesti
614 3489 803 3545 simus.
847 3485 944 3542 Hic
975 3484 1261 3556 possemus
1299 3484 1462 3537 etiam
1490 3483 1758 3544 dubitare,
1794 3497 1929 3551 qua-

365 3595 491 3634 nam
521 3580 729 3633 ratione
773 3576 1024 3630 ammalia
1065 3575 1231 3629 odore
1260 3574 1647 3644 pantherarum
1680 3571 1929 3625 allician-

364 3680 475 3737 tur,
500 3680 559 3725 ut
584 3686 614 3725 a
647 3672 831 3725 multis
858 3668 1172 3722 auctoribus
1198 3665 1457 3721 traditum
1480 3674 1583 3727 est,
1608 3680 1732 3717 cum
1758 3662 1931 3717 Theo-

366 3764 646 3836 phrastus,
690 3761 761 3813 De
791 3761 966 3814 causis
999 3758 1232 3827 plantar.
1272 3758 1367 3812 lib.
1408 3774 1461 3825 v,
1504 3771 1622 3826 cap.
1662 3756 1717 3819 5,
1761 3754 1929 3818 dicat,

367 3858 510 3913 inter
536 3855 696 3909 bruta
740 3853 963 3908 omnino
1007 3852 1092 3907 vel
1141 3851 1373 3914 nullum,
1424 3850 1505 3904 vel
1554 3856 1703 3903 certe
1747 3863 1933 3902 rarum

408 3948 660 4001 t'modum
705 3961 826 4001 esse
867 3942 1012 4014 quod
1064 3942 1285 3998 odorem
1332 3951 1710 4012 persequatur,
1760 3956 1935 4010 neque

368 4040 544 4111 gratia
571 4038 754 4093 odoris
783 4038 1005 4101 sentire,
1031 4050 1205 4105 neque
1244 4035 1567 4105 dijudicare,
1597 4034 1937 4105 quandoqui-

368 4133 516 4194 dem,
547 4131 652 4185 etsi
689 4129 933 4200 quaadam
969 4129 1253 4192 sentirent,
1288 4144 1478 4182 eorum
1506 4134 1689 4181 tamen
1730 4133 1936 4180 naturae

371 4223 674 4286 adversari,
701 4230 755 4277 et
776 4222 843 4276 de
870 4222 1197 4276 insector-um
1229 4235 1424 4292 genere
1446 4219 1668 4283 dicitur,
1698 4218 1789 4287 qui
1817 4218 1937 4273 oleo

370 4315 725 4381 infestantur,
747 4313 960 4383 fugiunt
985 4313 1131 4368 enim
1166 4313 1512 4367 vehementer
1535 4313 1655 4381 ejus
1689 4312 1934 4374 odorem,

373 4406 566 4479 paucis
596 4405 741 4461 hunc
770 4404 975 4459 nodum
1009 4403 1325 4473 expediam;
1356 4402 1497 4457 haud
1536 4411 1790 4457 constare
1833 4400 1933 4455 ho-

2025 3218 2403 3287 ὲλεφαντίσκια
2430 3217 2641 3282 ἕπεται,
2681 3217 2866 3285 φασιν.
2911 3215 2976 3269 Ει
3012 3216 3220 3269 ratione
3248 3212 3582 3267 validissima

2027 3306 2285 3378 Scaligeri
2320 3307 2373 3361 id
2414 3310 2680 3362 allirmare
2725 3309 2914 3361 saltem
2953 3308 3007 3360 in
3046 3305 3329 3374 elephanto
3376 3304 3581 3366 Indico,

2024 3400 2108 3453 vel
2144 3399 2348 3453 invitus
2386 3407 2691 3469 cogeretur,
2724 3399 2873 3462 dum,
2910 3399 3004 3452 lib.
3058 3413 3170 3460 vni,
3212 3412 3333 3465 cap.
3361 3395 3446 3458 i7,
3489 3396 3582 3460 ait,

2026 3506 2121 3545 eos
2163 3490 2483 3561 elephantos
2526 3492 2695 3546 semel
2728 3491 2784 3545 in
2820 3491 2926 3545 vita
2958 3489 3126 3543 coire.
3161 3486 3341 3551 ’Ἀπαξ
3370 3485 3499 3555 γοῦν
3529 3490 3585 3539 ὲν

2025 3582 2103 3653 τῷ
2159 3581 2260 3653 βίῳ
2306 3581 2385 3652 τῷ
2434 3581 2678 3653 σφετέρῳ
2736 3580 3157 3653 μνημονεύουσιν
3226 3578 3540 3649 Ἀφροδίτης
3568 3594 3584 3610 ’

2028 3675 2214 3745 ὅτανὴ
2269 3673 2458 3745 Θήλεια
2490 3674 2734 3745 ὑπομένῃ
2783 3674 2877 3727 καὶ
2922 3673 3080 3743 αὐτή.
3128 3666 3259 3724 Εἶτα
3305 3670 3590 3741 ἐμπλήσας

2028 3765 2256 3828 ἕκαστος
2300 3765 2398 3836 τὴν
2445 3762 2728 3835 σύννομον,
2758 3764 2820 3817 τὸ
2859 3762 3107 3816 ἐντεῦθεν
3134 3762 3226 3815 ἐπὶ
3256 3760 3461 3824 τούτοις
3492 3760 3591 3814 οὐκ

2031 3846 2169 3906 εἶδεν
2215 3853 2404 3924 αὑτήν.
2464 3852 2556 3909 Vel
2603 3853 2767 3925 igitur
2816 3868 2986 3924 genus
3040 3852 3141 3907 hoc
3182 3851 3590 3922 elephantorum

2036 3944 2221 4014 plures
2256 3944 2487 4015 singulis
2528 3945 2792 4014 partubus
2839 3952 3124 4015 generant,
3175 3945 3254 3998 vel
3285 3960 3407 3998 cum
3450 3944 3593 3997 binis

2006 4037 2354 4107 parentibus
2381 4053 2489 4091 una
2535 4037 2791 4091 succedet
2830 4036 3068 4098 soboles,
3098 4035 3311 4089 tandem
3347 4033 3414 4087 ad
3448 4033 3595 4087 nihi-

2036 4130 2149 4183 lum
2180 4136 2325 4185 esset
2375 4128 2789 4184 deveniendum.
2835 4126 2941 4182 Sed
2987 4128 3214 4182 ulterius
3260 4127 3334 4181 ita
3365 4125 3594 4186 Plinius.

2037 4221 2132 4276 lib.
2170 4238 2224 4285 Χ,
2259 4237 2380 4291 cap.
2407 4223 2498 4287 55,
2529 4220 2776 4291 Singulos
2805 4220 3043 4291 gignunt,
3071 4220 3350 4290 elephanti,
3388 4218 3594 4280 cameli,

2035 4315 2184 4384 equi;
2214 4324 2270 4368 et
2302 4313 2551 4377 inferius,
2583 4312 2882 4379 Elephanti,
2905 4322 2959 4365 ut
2979 4311 3233 4373 diximus,
3259 4312 3469 4380 pariunt
3498 4309 3601 4362 sin-

2037 4407 2209 4477 gulos,
2242 4406 2601 4477 magnitudine
2637 4406 2787 4459 vituli
2828 4404 3123 4459 trimestris.
3172 4403 3283 4459 Nec
3312 4403 3425 4456 haec
3473 4415 3601 4456 sen-

374 4497 639 4562 minibus,
676 4514 744 4553 an
790 4497 1011 4552 odorem
1045 4497 1303 4558 sentiant,
1348 4495 1577 4565 ejusque
1621 4494 1794 4565 gratia
1823 4507 1936 4546 rem
1970 4479 2015 4537 ί)
2043 4498 2209 4553 tentia
2231 4499 2445 4554 videtur
2472 4498 2541 4552 ab
2567 4496 2909 4552 Aristotelica
2943 4496 3253 4555 dissentire.
3281 4492 3603 4549 Aristoteles

374 4589 658 4645 odoratam
692 4598 1108 4660 persequantur,
1142 4604 1210 4643 an
1241 4588 1513 4659 appetitus
1543 4594 1753 4641 tantum
1793 4584 1939 4641 fera-

373 4691 467 4739 tur
523 4682 591 4737 ad
648 4684 827 4753 ipsum
882 4683 1452 4753 pabulum,‘ejusque
1510 4694 1678 4735 causa
1732 4678 1823 4734 sit.
1876 4678 1943 4731 Et

376 4778 630 4848 quamvis
673 4777 969 4831 animantia
999 4774 1263 4829 olfactum
1308 4773 1445 4844 ipsis
1483 4771 1797 4827 hominibus
1844 4769 1943 4825 ob.

378 4872 590 4928 tineant
641 4871 1073 4942 exquisitiorem,
1110 4885 1219 4924 non
1266 4877 1447 4924 tamen
1495 4875 1704 4924 certum
1736 4874 1822 4922 est
1862 4866 1945 4921 vel

378 4964 602 5020 odorem
639 4965 862 5025 sentire,
893 4963 974 5016 vel
1006 4962 1124 5030 ejus
1152 4961 1326 5032 gratia
1351 4959 1496 5013 duci.

450 5057 613 5121 lbid.,
645 5058 743 5113 lin.
786 5058 876 5112 41.
914 5059 968 5110 '0
999 5057 1068 5111 δὲ
1102 5056 1325 5126 ἐλέφας
1369 5057 1577 5126 ἐτκυμ.
1625 5053 1853 5110 Plautus
1893 5055 1945 5109 iu

382 5147 565 5205 Sticho
582 5165 601 5204 :

520 5262 713 5317 Audivi
739 5277 874 5331 sirpe
903 5262 1056 5333 vulgo
1088 5279 1120 5315 a
1152 5261 1333 5333 multis
1360 5261 1545 5324 dicier,

523 5332 704 5389 Solere
731 5329 1059 5400 elephantum
1100 5332 1371 5403 gravidam
1404 5340 1673 5400 perpetuos
1704 5329 1878 5403 decem

523 5402 656 5459 Esse
684 5420 849 5458 annos
874 5419 896 5459 :
915 5404 1028 5473 ejus
1057 5419 1084 5457 e
1102 5400 1304 5457 semine
1331 5402 1441 5458 haec
1475 5411 1612 5456 certo
1641 5410 1719 5455 est
1762 5400 1947 5470 fames.

381 5514 662 5577 Elianus,
697 5514 773 5567 De
815 5514 940 5569 hist.
980 5515 1143 5569 anim.
1186 5514 1222 5568 Ι.
1268 5530 1342 5576 iv,
1377 5528 1498 5584 cap.
1540 5512 1601 5567 51
1637 5531 1651 5567 :
1694 5511 1860 5565 Κύειν
1895 5510 1951 5565 δὲ

382 5610 726 5679 πυνθάνομαι
753 5609 846 5663 δύο
883 5609 1019 5663 ὲτῶν
1050 5610 1141 5662 τὸν
1187 5608 1468 5678 ἐλέφαντα.
1498 5610 1561 5661 Οἱ
1591 5607 1645 5660 δὲ
1675 5608 1735 5660 ού
1764 5605 1951 5658 τοσοῦ-

382 5719 475 5755 τον
533 5702 741 5772 χρόνον,
799 5701 933 5754 ἀλλὰ
991 5700 1364 5754 ὀκτωκαίδεκα
1422 5699 1606 5771 μηνῶν
1660 5697 1954 5769 ὁμολογοῦ-

387 5809 493 5848 σιν.
533 5793 874 5861 Aristoteles,
909 5810 974 5849 ex
1025 5793 1257 5848 aliorum
1306 5793 1597 5858 sententia,
1635 5790 1711 5846 De
1763 5791 1979 5853 histor.

2041 4604 2296 4659 namque,
2324 4588 2396 4642 De
2419 4598 2652 4659 generat.
2688 4588 2907 4643 animal.
2935 4588 3027 4641 lib.
3060 4594 3130 4651 Iv,
3151 4602 3271 4656 cap.
3296 4586 3329 4640 ι
3359 4604 3372 4639 :
3405 4583 3606 4657 Πρῶτα

2045 4679 2141 4749 μὲν
2159 4676 2250 4732 οὖν
2278 4679 2365 4733 διὰ
2390 4681 2443 4733 τί
2470 4680 2539 4733 τὰ
2569 4681 2667 4750 μὲν
2693 4680 2808 4733 ἐστι
2831 4678 3122 4741 πολυτόκα,
3139 4678 3207 4730 τὰ
3231 4677 3288 4731 δὲ
3318 4675 3600 4747 μονοτόκα,

2041 4768 2183 4823 τοῦτ’
2213 4768 2277 4823 ἄν
2304 4787 2386 4833 τις
2412 4769 2613 4836 δόξειεν
2646 4770 2877 4837 εὐλόγως
2903 4767 3216 4839 θαυμάζειν.
3243 4767 3323 4820 Τὰ
3353 4765 3459 4837 γὰρ
3508 4766 3604 4836 μέ-

2044 4882 2204 4936 γιστα
2236 4865 2503 4935 μονοτόκα
2528 4862 2633 4917 τῶν
2659 4862 2810 4928 ζώων
2843 4862 3009 4925 ἐστὶν,
3035 4856 3145 4915 οἷον
3175 4860 3391 4929 ἐλέφας,
3424 4857 3606 4929 κάμη-

2044 4960 2155 5024 λος,
2187 4959 2370 5022 ἵππος,
2404 4958 2498 5011 καὶ
2528 4954 2598 5011 τὰ
2628 4954 2869 5027 μώνυχα.
2906 4954 2970 5007 Et
3007 4952 3131 5024 quia
3180 4951 3513 5024 probabilius
3555 4949 3609 5003 id

2046 5051 2354 5115 videbatur,
2386 5048 2590 5119 majora
2626 5048 2901 5109 animalia,
2934 5060 3060 5101 cum
3096 5045 3215 5114 plus
3261 5042 3486 5100 seminis
3531 5041 3612 5097 ef-

2048 5143 2190 5199 ferre
2217 5151 2460 5214 possent,
2494 5141 2649 5211 plura
2684 5139 2845 5194 etiam
2889 5152 3170 5208 generare,
3205 5135 3363 5205 cujus
3394 5142 3612 5189 contra-

2048 5234 2193 5289 rium
2240 5233 2438 5289 mirum
2485 5239 2588 5288 est.
2622 5229 2932 5301 Respondet
2958 5230 3086 5284 huic
3135 5234 3456 5299 argumento
3478 5225 3614 5279 vali-a

2049 5326 2277 5382 dissima
2309 5326 2539 5388 ratione,
2568 5323 2913 5392 maximeque
2940 5322 3155 5386 idonea,
3186 5317 3613 5390 magnitudinem

2051 5416 2259 5473 scilicet
2289 5431 2477 5471 eorum
2525 5412 2580 5467 id
2623 5412 2799 5467 facere
2835 5428 2903 5466 ne
2947 5411 3118 5465 multa
3160 5409 3414 5480 pariant;
3460 5406 3616 5461 cibus

2051 5509 2198 5567 enim
2248 5508 2305 5563 in
2357 5508 2426 5563 iis
2466 5507 2771 5562 absumitur
2801 5504 2857 5558 in
2903 5502 3152 5573 corporis
3188 5501 3615 5565 incrementum;

2054 5602 2357 5657 minoribus
2405 5614 2531 5655 vero
2572 5606 2769 5652 natura
2818 5595 3086 5650 demendo
3114 5595 3180 5650 de
3221 5589 3615 5665 magnitudine,

2055 5710 2275 5765 augere.
2311 5693 2364 5746 in
2431 5696 2779 5746 excremento
2843 5687 3091 5743 seminali
3153 5684 3617 5755 exsuperantiam.

2055 5789 2218 5861 quue
2249 5785 2531 5843 conﬁrmat
2558 5782 2663 5838 alia
2696 5781 2928 5849 ratione,
2956 5779 3205 5837 videlicet
3233 5779 3355 5850 plus
3396 5772 3621 5834 seminis
