4072 6342
488 321 591 378 947

1859 306 2106 367 ιΕοΝιε
2143 306 2414 363 ΑιιΑτιι

3627 298 3731 351 913

490 437 747 511 genitalis
788 452 931 499 esse,
985 434 1129 506 quod
1170 431 1399 503 majoris
1443 439 1532 489 est
1572 429 1848 493 animalis,
1888 427 2071 482 minus
2099 430 2145 487 Α
2173 427 2305 480 ticas
2340 425 2671 489 solitudines,
2703 434 2752 480 et
2780 425 2832 478 in
2863 422 3194 478 Mauritania
3217 438 3234 477 :
3257 421 3429 492 {erant
3458 415 3590 471 .Eth
3614 433 3731 484 opes

492 536 672 595 autem
734 524 880 596 quod
921 524 1149 579 minoris
1198 537 1423 580 necesse
1455 529 1559 578 est.
1609 520 1681 574 At
1706 516 1879 574 multa
1924 515 2062 573 ellici

491 630 658 691 parve
702 615 756 670 in
787 614 978 672 eodem
1016 623 1269 685 possunt,
1307 615 1477 670 multa
1511 626 1706 684 magna
1750 610 1886 669 ellici
1927 609 2064 665 dim-

493 707 599 763 cile
625 711 709 763 est
735 722 751 771 ι
785 703 1155 762 mediocribus
1187 721 1311 763 vero
1345 704 1741 776 magnitudinis
1766 701 2003 759 medium
2032 714 2065 755 a

497 804 692 857 natura
721 795 906 851 datum
933 802 1038 856 est.
1072 794 1214 863 Quid
1243 796 1408 867 igitur
1437 797 1495 851 in
1522 794 1775 851 doctrina
1799 793 2066 849 Aristote-

497 888 566 947 lis
593 885 832 942 clarius?
876 886 1007 957 quid
1050 886 1299 943 certius?
1343 886 1670 958 Elephantes
1717 892 1942 957 propter
1980 882 2065 940 sui

497 978 743 1049 corporis
769 978 987 1044 molem,
1019 979 1403 1051 ingentemque
1433 977 1885 1048 magnitudinem,
1912 976 2067 1047 plura

497 1071 686 1128 eodem
745 1071 879 1129 nixu
914 1086 1126 1142 parere,
1161 1086 1265 1128 nec
1318 1078 1570 1142 possunt,
1606 1085 1711 1127 nec
1745 1070 1979 1137 debent;
2020 1067 2069 1124 si

497 1164 609 1223 vim
649 1165 884 1236 juraque
928 1172 1137 1222 natura:
1175 1164 1381 1220 Violare
1431 1178 1543 1219 non
1570 1163 1822 1219 velimus.
1863 1161 2068 1218 Contra

499 1257 615 1316 hinc
648 1264 825 1312 tamen
853 1271 919 1311 ει
947 1255 1068 1327 ipso
1113 1254 1427 1321 Aristotele,
1461 1254 1649 1310 nescio
1685 1253 1815 1324 quid
1843 1252 2067 1308 dubium

502 1347 595 1406 ille
616 1346 807 1403 aﬂ‘erre
839 1353 1060 1417 possent
1085 1364 1099 1401 :
1130 1346 1206 1401 ait
1227 1361 1492 1417 namque:
1514 1344 1654 1400 Sunt
1682 1345 1787 1400 alia
1816 1344 2067 1413 unipara,

503 1440 610 1497 alia
643 1442 957 1511 paucipara,
1002 1442 1108 1499 alia
1158 1440 1472 1510 multipara,
1499 1448 1554 1496 et
1589 1452 1783 1511 magna
1819 1453 1886 1493 ex
1921 1442 2073 1506 parte

505 1535 735 1607 unipara
791 1544 940 1602 sunt,
988 1551 1111 1608 qua
1151 1533 1428 1606 solipeda;
1473 1532 1788 1604 paucipara,
1822 1545 1942 1602 quae
1990 1531 2075 1586 bi-

505 1627 693 1689 sulca;
725 1626 1035 1697 multipara,
1066 1640 1187 1697 qum
1214 1625 1501 1688 multifida,
1547 1623 1645 1680 sed
1693 1622 1916 1692 elephas
1947 1635 2073 1676 sen-

505 1717 676 1777 tentia
707 1719 990 1789 ipsiusmet
1017 1717 1328 1775 Aristotelis
1359 1716 1683 1773 multifidum
1715 1723 1831 1782 est;
1881 1721 1936 1769 et
1975 1713 2071 1768 lib.

2163 527 2213 572 et
2245 517 2601 590 Troglodytce,
2639 526 2696 571 ut
2729 515 2929 570 dictum
2967 524 3045 570 est
3075 531 3093 570 :
3134 513 3225 569 sed
3256 512 3518 566 maximos
3550 507 3731 568 India,

2165 609 2519 681 bellantesque
2569 627 2688 666 cum
2747 611 2814 665 iis
2858 621 3109 678 perpetua
3163 605 3433 661 discordia
3480 603 3732 656 dracones

2166 712 2328 760 tanta:
2365 702 2763 775 magnitudinis,
2810 711 2870 756 nt
2908 711 2958 758 et
3004 702 3147 771 ipsos
3198 697 3540 767 circumﬂexu
3587 693 3735 765 facili

2166 795 2423 859 ambiant,
2463 811 2696 865 nexuque
2721 793 2845 849 nodi
2870 794 3260 863 priestringant.
3294 787 3650 844 Commoritur
3672 801 3735 838 ea

2166 887 2461 953 dimicatio,
2501 888 2768 959 victusque
2799 903 3048 942 corruens
3076 882 3398 952 complexum
3425 880 3575 935 elidit
3601 894 3735 945 pon-

2167 981 2309 1036 dere.
2357 979 2433 1036 De
2461 978 2761 1035 draconum
2789 987 2841 1034 et
2871 979 3281 1049 elephantorum
3313 989 3445 1030 nece
3474 980 3529 1027 et
3559 984 3736 1041 pugna

2168 1074 2571 1147 elegantissime
2602 1073 2759 1129 Philo
2788 1072 2927 1142 Περὶ
2956 1069 3294 1141 ἀφθαρσίας
3335 1068 3588 1136 κόσμου.
3632 1062 3740 1117 Cu—

2164 1169 2256 1239 jus
2283 1167 2446 1224 verba
2465 1167 2551 1221 hic
2571 1182 2680 1221 non
2702 1167 2969 1238 gravabor
2987 1165 3225 1220 scribere
3242 1182 3255 1222 :
3273 1161 3346 1215 Τὺ
3361 1156 3740 1231 παραπλήσιον

2174 1258 2355 1330 μέντοι
2401 1256 2496 1311 καὶ
2526 1259 2652 1320 τοὺς
2682 1255 2826 1311 κατὰ
2856 1255 2953 1328 τὴν
2999 1253 3223 1324 Ἰνδικὴν
3253 1248 3561 1323 ,δράκοντάς
3607 1263 3739 1316 φασι

2171 1348 2421 1423 πάσχειν.
2459 1348 2819 1419 Ἀνέρποντας
2842 1344 2951 1417 γάρ
2979 1344 3073 1398 ἐπὶ
3099 1343 3166 1396 τά
3189 1342 3418 1413 μέγιστα
3447 1338 3600 1404 ζώων
3630 1336 3744 1390 ἐλέ-

2172 1457 2398 1510 φαντας,
2433 1440 2561 1512 περὶ
2602 1438 2670 1492 τά
2693 1438 2838 1494 νῶτα
2864 1438 2958 1491 καὶ
2997 1435 3158 1505 νηδὺν
3200 1434 3417 1491 ἅπασαν
3444 1431 3739 1484 εἰλείσϐαι·

2175 1532 2347 1605 φλέϐα
2377 1533 2421 1587 δ’
2448 1534 2515 1605 ἣν
2540 1533 2604 1587 ἂν
2628 1532 2766 1605 τύχῃ
2792 1530 3061 1595 διελόντας
3088 1528 3334 1599 ὲμπίνειν
3366 1524 3458 1578 τοῦ
3488 1524 3742 1594 αἵματος,

2174 1626 2469 1697 ἀπλήστως
2504 1623 2919 1695 ὲπισπωμένους
2969 1620 3127 1693 βιαίῳ
3167 1617 3436 1693 πνεύματι
3482 1617 3578 1669 καὶ
3619 1632 3745 1668 συν-

2182 1717 2321 1788 τόνῳ
2374 1715 2558 1788 ῥοίζῳ.
2597 1717 2772 1787 Μέχρι
2830 1715 2926 1786 μὲν
2983 1709 3076 1766 οὖν
3123 1728 3266 1775 τινος
3316 1706 3748 1776 ἑξαναλουμένης

506 1823 546 1865 ll
590 1806 667 1866 De
710 1808 836 1864 hist.
880 1808 1067 1874 anim.,
1107 1823 1231 1879 cap.
1279 1808 1333 1873 1,
1364 1807 1578 1872 scribit,
1616 1804 1967 1877 Elephantum
1994 1804 2069 1860 di-

2186 1809 2416 1873 ὲκείνους
2440 1808 2685 1880 ἀντέχειν
2706 1807 2798 1861 ὑπ’
2827 1805 3135 1877 ἀμηχανίας
3164 1799 3629 1873 ἀνασκιρτῶντας,
3651 1795 3748 1851 καὶ

506 1905 644 1979 gitos
679 1919 894 1959 numero
922 1903 1146 1973 quinque
1186 1900 1461 1965 indiuisos,
1512 1901 1788 1969 leviterque
1824 1900 2077 1954 discretos

508 1995 717 2060 habere,
748 2002 801 2051 et
832 1995 929 2051 lib.
958 2011 997 2050 ιι
1026 1994 1104 2049 De
1125 2005 1266 2063 part.
1299 1994 1486 2058 anim.,
1515 2008 1637 2064 cap.
1681 1992 1770 2057 {6,
1818 1991 2081 2059 Elephan-

509 2099 585 2148 tes
619 2105 722 2145 non
752 2089 1003 2152 bisulcas,
1035 2105 1139 2143 non
1163 2087 1362 2142 solidos
1390 2086 1543 2158 pedes
1571 2086 1781 2148 habent,
1817 2084 1907 2139 sed
1944 2084 2082 2154 digi-

512 2190 668 2241 tatos.
700 2181 933 2238 Necesse
958 2180 1141 2251 itaque
1170 2189 1276 2244 est,
1309 2194 1406 2235 eos
1436 2194 1544 2234 non
1573 2192 1743 2237 unum
1771 2176 1864 2231 sed
1898 2176 2081 2245 plures

513 2289 624 2331 uno
664 2274 793 2328 nixu
826 2284 1037 2343 parere.
1080 2270 1218 2327 Nolo
1263 2270 1354 2326 hic
1382 2270 1592 2326 diutius
1621 2267 1920 2325 immorari.
1953 2264 2083 2321 Pete

512 2381 703 2426 eorum
733 2365 1059 2425 solutionem
1086 2380 1152 2420 ex
1178 2364 1411 2433 ipsemet
1443 2361 1734 2416 Aristotele
1768 2361 1889 2415 loco
1917 2359 1974 2414 d.
2007 2357 2082 2413 De

511 2473 686 2529 gener.
716 2458 883 2518 anim,
939 2455 1253 2526 Magnitudo
1278 2461 1332 2510 et
1361 2454 1532 2510 moles
1567 2452 1817 2523 corporis
1854 2450 1921 2507 ad
1953 2467 2082 2522 par-

512 2556 629 2607 tum
673 2549 950 2611 eunducit.
988 2564 1097 2604 non
1129 2548 1323 2619 pedum
1362 2547 1581 2603 diversa
1613 2561 1832 2617 genere,
1869 2553 1925 2600 et
1955 2553 2083 2598 nota

511 2640 679 2699 verba
724 2641 837 2705 illa,
874 2640 1075 2713 Magna
1120 2657 1187 2696 ea:
1221 2649 1404 2711 parte;
1453 2654 1562 2694 non
1614 2638 1761 2693 enim
1813 2637 2084 2693 sententia

513 2733 606 2792 illa
661 2734 956 2804 regulaque
985 2749 1199 2805 semper
1239 2747 1388 2796 vera,
1420 2731 1523 2787 etsi
1554 2730 1880 2801 quandoque
1911 2743 2083 2801 oppo-

515 2823 703 2888 silum,
734 2825 817 2879 vel
853 2824 1110 2897 Scaliger.
1151 2823 1237 2880 vel
1268 2823 1409 2881 alius
1442 2822 1628 2878 nescio
1661 2822 1807 2892 quis,
1841 2819 1975 2873 vidit
2033 2826 2087 2873 et

513 2917 872 2975 observavit:
908 2917 1069 2974 habet
1124 2923 1307 2972 tamen
1365 2930 1524 2971 suum
1583 2913 1799 2985 pondus
1850 2921 1905 2967 et
1974 2913 2085 2966 vim

514 3009 860 3074 Aristotelian
894 3010 1056 3075 ratio,
1086 3023 1186 3064 nec
1213 3008 1337 3065 ideo
1376 3007 1571 3063 falsam
1618 3023 1742 3064 esse
1784 3004 2089 3061 constitue-

2174 1906 2241 1975 τῇ
2298 1900 2607 1973 προνομαίᾳ
2638 1899 2736 1971 τὴν
2769 1897 3008 1970 πλευρὰν
3049 1896 3368 1956 τύπτοντας,
3405 1890 3480 1954 ὡς
3527 1886 3748 1951 καθιζοσ-

2182 1995 2377 2066 μένους
2419 1991 2529 2045 τῶν
2573 1989 2881 2059 δρακόντων
2900 2003 2913 2017 ⁸
2959 1982 3094 2051 εἶτα,
3150 1984 3238 2038 ἀεὶ
3278 1978 3604 2050 κενουμένου
3655 1974 3749 2028 τοῦ

2178 2083 2432 2151 ζωτικοῦ,
2477 2083 2653 2154 πηδᾷν
2694 2081 2790 2152 μὲν
2841 2079 3035 2150 μηκέτι
3073 2074 3351 2136 δύνασθαι,
3390 2067 3752 2139 κραδαινομὲς

2179 2197 2301 2245 νους
2327 2176 2371 2237 δ’
2406 2177 2646 2232 ἑστάναι.
2682 2175 2891 2247 Μικρὸν
2919 2173 2961 2226 δ’
2989 2172 3215 2242 ὕστερον
3260 2166 3355 2219 καὶ
3404 2163 3511 2217 τῶν
3544 2157 3754 2213 σκελῶν

2179 2267 2669 2339 ἑξασθενησάντων,
2704 2263 3155 2322 κατασεισθέντας
3186 2255 3509 2327 ἁποψύχειν.
3557 2250 3756 2305 Πεσόνο

2178 2380 2277 2426 τας
2312 2362 2368 2415 δὲ
2394 2363 2521 2425 τοὺς
2550 2359 2751 2422 αἰτίους
2788 2356 2879 2411 τοῦ
2931 2355 3158 2410 θανάτου
3206 2346 3599 2404 συναπολλύναι
3632 2344 3731 2415 τρό

2181 2473 2268 2527 πῳ
2298 2453 2506 2524 τοιῷδε.
2552 2450 2758 2522 Μηκέτ’
2788 2448 3001 2519 ἔχοντες
3024 2443 3230 2517 τροφὴν
3256 2440 3305 2493 οἱ
3347 2438 3661 2510 δράκοντες,
3695 2432 3755 2486 ὃν

2182 2525 2505 2618 περιέθεσαν
2534 2540 2730 2613 δεσμὸν
2758 2537 3121 2610 ἐπιχειροῦσιν
3152 2532 3385 2594 ἐκλύειν,
3434 2525 3755 2598 ἀπαλλαγὴν

2182 2639 2280 2711 ἤδη
2309 2635 2620 2699 ποθοῦντες.
2660 2632 2796 2686 Ὑπὸ
2839 2631 2896 2683 δὲ
2945 2628 3039 2683 τοῦ
3075 2628 3272 2700 βάρους
3310 2623 3419 2677 τῶν
3448 2620 3756 2689 ἐλεφάντων

2183 2709 2487 2801 σλιϐόμενοι
2526 2725 2823 2790 πιέζονται,
2862 2723 2957 2778 καὶ
2989 2720 3122 2775 πολὺ
3157 2717 3354 2790 μᾶλλον
3381 2712 3598 2767 ἐπειδὰν
3618 2709 3759 2801 τύχη

2184 2799 2456 2895 στέριφος,
2500 2820 2592 2873 καὶ
2617 2816 2837 2878 λιθῶδες
2870 2813 3083 2882 ἔδαφος.
3117 2805 3500 2877 Ἰλυσπώμενοι
3527 2802 3637 2872 γὰρ
3663 2799 3759 2853 καὶ

2185 2917 2361 2974 πάντα
2407 2911 2683 2973 ποιοῦντες
2716 2910 2796 2972 είς
2828 2905 3068 2965 διάλυσιν
3105 2902 3210 2957 ὑπὸ
3237 2902 3335 2972 τῆς
3369 2897 3463 2952 τοῦ
3504 2895 3759 2955 πεσόντος

2187 3008 2309 3082 βίας
2353 3004 2673 3078 πεδηθέντες
2718 3000 2942 3063 ἑαυτοὺς
2987 2995 3336 3067 πολυτρόπως
3367 2994 3425 3043 ὲν
3452 2987 3762 3060 ἀμηχάνοις

516 3120 660 3165 mus.
694 3102 899 3160 Omnes
928 3105 1073 3159 enim
1105 3117 1321 3175 semper
1347 3101 1625 3164 dixerunt,
1664 3101 1945 3155 mulierem
1974 3111 2085 3153 uno

2188 3080 2282 3157 καὶ
2305 3100 2527 3169 ἀπόροις
2544 3095 2915 3167 γυμνάσαντες
2934 3087 3296 3157 ἐξασθενοῦσι,
3314 3082 3566 3152 καθάπερ
3589 3080 3643 3133 οί
3660 3095 3759 3131 κα-

517 3204 701 3272 partu,
736 3211 903 3251 unum
932 3202 1144 3250 tantum
1171 3208 1397 3265 parere;
1431 3193 1557 3264 quis
1586 3192 1640 3248 id
1669 3191 1927 3263 negabit?
1951 3189 2085 3245 vidi-

517 3301 642 3348 mus
666 3287 1023 3346 nihilominus
1054 3286 1352 3352 multoties,
1372 3299 1536 3343 unam
1560 3284 1749 3341 eodem
1781 3290 1938 3354 partu
1971 3283 2091 3352 plu-

520 3393 611 3440 res
646 3378 785 3437 filios
832 3380 1108 3450 genuisse,
1155 3386 1212 3435 et
1245 3379 1351 3433 alia
1395 3375 1653 3432 animalia
1699 3375 1802 3429 etsi
1849 3372 2091 3443 solipeda

521 3477 674 3529 sunt.
706 3468 847 3538 Quid
898 3470 1062 3528 inde?
1087 3471 1233 3542 quod
1283 3470 1340 3525 in
1387 3476 1585 3525 natura
1612 3480 1741 3521 raro
1786 3465 2004 3531 accidit,
2036 3465 2091 3519 in

521 3577 654 3627 uno,
685 3564 768 3619 vel
791 3564 845 3621 in
870 3562 1221 3633 quibusdam,
1249 3577 1358 3617 non
1393 3561 1448 3616 in
1478 3557 1735 3614 omnibus
1760 3565 1814 3613 et
1844 3570 2089 3626 semper;

523 3653 932 3716 emrmabimus.
961 3653 1271 3726 Gignuntur
1297 3653 1459 3709 etiam
1492 3650 1822 3723 quandoque
1848 3655 2094 3703 monstra

523 3754 579 3805 et
626 3744 896 3820 ἀλλοειδῆ.
952 3761 1062 3803 non
1114 3753 1294 3805 tamen
1345 3744 1401 3803 id
1457 3744 1537 3804 uti
1590 3741 1870 3815 proprium
1921 3738 2095 3797 ascri-

523 3839 738 3899 bemus.

594 3932 755 3996 lbid.,
791 3932 886 3988 lin.
922 3931 1013 3991 43.
1046 3930 1232 3986 Ὅταν
1262 3928 1314 3984 δ’
1341 3929 1407 3997 ἐς
1443 3928 1690 3996 βόθρον.
1729 3922 1959 3986 Plinius,
1996 3922 2091 3976 lib.

524 4040 643 4090 vui,
674 4039 793 4094 cap.
830 4024 885 4089 8,
925 4022 1114 4092 Africa
1158 4021 1319 4091 foveis
1365 4020 1529 4088 capit,
1558 4020 1612 4073 in
1653 4032 1787 4087 quas
1824 4015 2095 4070 deerrante

526 4119 703 4190 aliqua
726 4117 968 4187 protinus
995 4114 1171 4169 ueteri
1205 4119 1486 4182 congerunt
1513 4124 1713 4172 ramos,
1740 4106 1902 4161 moles
1921 4104 2096 4159 devol-

527 4219 676 4276 vunt,
716 4224 929 4279 aggeres
951 4212 1281 4269 construunt,
1303 4203 1544 4273 omnique
1563 4201 1613 4260 vi
1635 4208 1894 4254 conantur
1916 4206 2096 4252 extra.-

527 4305 667 4363 here.
744 4301 895 4357 Alias
948 4297 1199 4370 capiendi
1260 4293 1628 4369 domandique
1675 4291 1916 4349 rationes
1974 4287 2098 4343 vide

530 4395 671 4467 apud
702 4394 948 4453 eumdem
1000 4391 1222 4455 ibidem,
1258 4397 1312 4445 et
1343 4387 1689 4451 Strabonem,
1722 4384 1816 4441 lib.
1860 4399 1949 4437 xv.
1986 4380 2097 4436 Nec

2189 3190 2593 3252 ταλευσθέντες,
2619 3189 2669 3241 οἳ
2691 3186 2900 3255 τείχους
2925 3180 3187 3251 αἰφνίδιον
3222 3173 3607 3244 ὑπενεχθέντες
3632 3186 3765 3239 προ-

2190 3282 2649 3355 καταληφθέντες,
2673 3279 2733 3333 οὐ
2768 3277 2814 3337 δ’
2837 3277 2959 3330 ὅσον
2986 3271 3257 3341 ἀνακύψαι
3280 3269 3566 3337 δυνάμενοι
3596 3263 3762 3355 πνιτῇ

2188 3374 2530 3432 τελευτῶσιν.
2566 3372 2741 3428 Aliam
2780 3368 2944 3438 hujus
2986 3378 3177 3437 pugna:
3227 3360 3490 3415 rationem
3526 3354 3764 3424 explicat

2192 3469 2466 3531 Elianus,
2492 3466 2588 3521 lib.
2633 3479 2709 3526 v1,
2737 3477 2858 3532 cap.
2896 3458 2987 3523 21,
3021 3471 3179 3529 quem
3210 3452 3353 3507 vide.
3402 3449 3678 3519 Attingam
3710 3454 3765 3498 et

2192 3562 2282 3617 hic
2327 3556 2590 3614 nonnulla
2619 3554 2686 3610 de
2729 3551 3019 3622 elephanto
3067 3560 3217 3602 more
3264 3558 3407 3606 meo,
3442 3539 3685 3595 breviter
3710 3546 3764 3591 et

2194 3649 2493 3714 succincte,
2525 3648 2581 3701 in
2618 3645 2817 3716 quibus
2847 3639 3153 3714 gravissimi
3194 3642 3447 3692 auctores
3502 3647 3613 3686 non
3635 3644 3767 3683 con~

2192 3744 2439 3802 veniunt.
2487 3739 2723 3800 Plinius,
2749 3735 2845 3792 lib.
2877 3747 2997 3799 vni,
3026 3744 3147 3800 cap.
3185 3726 3273 3794 10,
3312 3724 3634 3795 elephantos
3691 3721 3785 3797 ait'

2194 3833 2507 3895 animalium
2531 3829 2766 3887 maxime
2790 3823 2973 3878 odisse
2999 3835 3227 3882 murem,
3245 3818 3320 3871 ita
3339 3824 3396 3870 ut
3425 3812 3682 3886 pabulum
3711 3809 3765 3862 in

2193 3924 2459 3998 praesepio
2475 3920 2712 3992 positum
2737 3915 3000 3980 fastidiat,
3025 3912 3069 3968 si
3094 3925 3124 3964 a
3146 3922 3299 3964 mure
3321 3913 3527 3963 tactum
3545 3915 3768 3968 compe—

2194 3989 2349 4073 rerit.
2370 3989 2620 4069 Eli—auus
2637 4009 2712 4064 De
2740 4009 2927 4063 histor.
2960 4001 3205 4064 animal.,
3236 3999 3331 4056 lib.
3357 4013 3451 4059 vn,
3486 3993 3652 4064 capit.
3670 3989 3763 4056 3i,

2194 4118 2250 4167 et
2271 4109 2368 4164 lib.
2403 4121 2515 4170 xw,
2544 4119 2665 4173 cap.
2694 4100 2785 4166 56,
2818 4113 2970 4155 suem
2996 4110 3102 4152 non
3140 4105 3349 4147 murem
3389 4087 3596 4149 odisse,
3628 4083 3768 4138 scri-

2196 4206 2295 4261 bit.
2335 4199 2403 4254 Et
2427 4194 2777 4257 Plutarchus,
2811 4189 3050 4252 Εἰκότως
3095 4185 3152 4244 δὲ
3184 4183 3278 4239 καὶ
3302 4180 3381 4253 τῷ
3406 4180 3578 4233 λέοντι
3629 4173 3767 4246 πρὸς

2195 4297 2285 4351 τὸν
2326 4289 2675 4362 ἀλεκτρυόνα,
2722 4287 2816 4341 καὶ
2838 4282 2916 4354 τῷ
2954 4281 3203 4350 ἐλέφαντι
3230 4276 3363 4348 πρὸς
3387 4274 3476 4326 τὸν
3507 4264 3572 4324 ὗν
3611 4273 3767 4342 μῖσος

2199 4383 2415 4457 ἰσχυρὸν
2439 4375 2816 4450 γεγενηκέναι,
2846 4373 2940 4427 καὶ
2974 4371 3062 4424 τὸν
3094 4366 3277 4439 φόϐον.
3309 4362 3607 4435 Gregorius
3638 4363 3767 4415 item

531 4463 881 4549 invenustum
909 4496 1012 4549 est,
1051 4497 1152 4541 nec
1191 4483 1260 4537 ab
1291 4480 1508 4551 ingenio
1536 4477 1943 4551 elephantorum
1965 4472 2096 4528 alie—
2126 4489 2172 4545 ι)
2197 4477 2432 4540 Pisidas,
2474 4471 2553 4526 De
2599 4467 2782 4524 muniti
2812 4463 3041 4535 api/icio,

531 4597 686 4646 num,
706 4580 850 4653 quod
876 4586 1066 4639 narrat
1093 4576 1347 4639 Allienus
1377 4575 1445 4629 de
1474 4572 1577 4635 his,
1600 4572 1694 4627 lib.
1723 4585 1817 4625 vm
1863 4567 1942 4625 De
1968 4567 2094 4623 hist.

532 4673 721 4739 anim,
754 4686 875 4741 cap.
909 4671 997 4736 15,
1031 4671 1160 4725 dum
1201 4669 1380 4725 fossas
1408 4664 1687 4724 transilire
1715 4679 1825 4718 non
1868 4666 2097 4732 queunt.

534 4764 701 4821 Ὅταν
730 4762 1030 4834 ὑπερϐῆναι
1065 4761 1271 4832 τάφρον
1294 4759 1345 4813 οἱ
1385 4757 1675 4828 ἐλέφαντες
1703 4753 1777 4826 μὴ
1815 4752 2098 4815 δύνωνται,

530 4851 613 4922 εἷς
649 4858 678 4910 ὁ
718 4855 971 4926 μέγιστος
1017 4853 1207 4907 ἑαυτὸν
1236 4849 1515 4922 ἐμϐάλλει,
1546 4848 1642 4907 καὶ
1673 4845 1902 4914 πλάγιος
1950 4843 2103 4899 ἵστα-

529 4968 642 5017 ται,
678 4952 772 5011 καὶ
794 4949 1023 5021 γεφυροῖ
1051 4947 1114 4999 τὸ
1145 4945 1319 5009 κενὸν,
1360 4944 1455 4999 καὶ
1492 4942 1613 5001 κατ’
1640 4937 1804 5001 αὑτοῦ
1832 4936 2102 5008 βαίνοντες

530 5046 611 5108 εἰς
646 5042 708 5097 τὸ
736 5041 1036 5111 ἀντιπέραν
1067 5042 1203 5103 ῐασι,
1230 5038 1324 5092 καὶ
1350 5033 1805 5106 ἀποδιδράσκουσι
1842 5029 2103 5101 πρότερον

535 5132 719 5207 μέντοι
773 5134 978 5191 ἐκεῖνον
1018 5128 1415 5191 ἀνασώσαντες.
1475 5124 1533 5178 '0
1581 5122 1637 5177 δὲ
1681 5123 1781 5192 τῆς
1832 5117 2104 5188 σωτηρίας

529 5225 733 5296 τρόπος
757 5219 909 5289 οὗτός
935 5226 1101 5283 ἐστιν.
1143 5219 1379 5280 ’Ᾱνωθέν
1410 5235 1495 5281 τις
1520 5216 1612 5270 τὸν
1641 5213 1775 5268 πόδα
1811 5208 2101 5289 προτείνει,

534 5318 628 5377 καὶ
661 5316 856 5389 ἐκείνῳ
883 5316 1114 5389 παρέχει
1142 5316 1243 5388 τὴν
1274 5311 1604 5386 προϐοσκίδα
1649 5303 1989 5379 περιπλέξαι.
2040 5302 2104 5359 οἱ

534 5410 592 5465 δὲ
633 5410 785 5467 ἄλλοι
830 5388 1084 5483 φρύγανα
1116 5406 1472 5481 ἐμϐάλλουσιν
1500 5404 1560 5469 et;
1600 5401 1729 5473 ὕλης
1773 5400 1998 5459 ἕκαστα,
2030 5388 2106 5450 ὧν

538 5501 834 5557 ἐπιϐαίνων
867 5501 1148 5573 είλημένος
1174 5501 1299 5562 τοὺς
1327 5496 1512 5562 πόδας,
1550 5496 1694 5569 μάλα
1723 5492 2004 5565 ἐγκρατῶς
2045 5507 2105 5547 τε

539 5596 634 5657 καὶ
665 5592 908 5659 εὐλαϐῶς
938 5593 1248 5649 ἀνασπᾶται
1281 5593 1474 5662 ῥᾷστα.

612 5683 775 5748 lbid.,
815 5684 911 5739 lin.
948 5683 1038 5738 47.
1081 5681 1136 5735 '0
1181 5680 1250 5735 es
1291 5677 1528 5749 δράκων
1569 5679 1603 5731 ό
1656 5675 1826 5730 κατὰ.
1874 5672 2106 5735 Plinius,

542 5781 788 5848 lib.‘vnt,
816 5776 982 5853 capit.
1010 5775 1096 5842 ll,
1124 5772 1437 5849 Elepltantes
1466 5770 1570 5841 [ert
1592 5768 1794 5837 Africa,
1825 5767 1969 5825 ultra
1986 5765 2112 5833 Sur-

2303 4588 2414 4645 Καὶ
2442 4586 2562 4641 τῶν
2593 4573 3285 4654 ἐλεφάνζῳνρὲριφρϐοῢοςι
3316 4571 3380 4626 τὸ
3409 4566 3627 4654 κράτος

2309 4637 2583 4729 ’μὶφῐρἀ
2607 4637 3000 4726 ﬂammea
3025 4637 3144 4701 ἰνῶν
3169 4644 3383 4715 χοίρων
3399 4637 3623 4707 βρέφη.

2199 4722 2429 4822 Quidam
2452 4722 2685 4806 Plinium
2710 4745 2994 4814 deceptum
3019 4738 3190 4796 fuisse
3213 4734 3468 4793 afﬁnitate
3487 4744 3685 4786 vocum
3706 4722 3771 4789 ὗς

2199 4854 2254 4902 ει
2294 4843 2398 4916 μῦς
2430 4845 2762 4898 asseverant.
2794 4835 3061 4891 Cmterum
3092 4829 3326 4892 Plinius,
3358 4826 3462 4880 sub
3503 4824 3610 4879 line
3644 4837 3769 4893 cap.

2201 4939 2255 5002 9,
2291 4914 2514 4992 eosdem
2561 4931 2787 4986 minimo
2813 4926 2930 4983 suis
2965 4922 3186 4980 stridori
3217 4917 3415 4974 terreri
3446 4915 3626 4981 dixit;
3660 4914 3773 4968 He-

2203 5046 2321 5093 rus,
2348 5029 2444 5085 lib.
2477 5041 2540 5092 ιι,
2567 5040 2688 5094 cap.
2718 5021 2789 5077 85
2809 5027 2863 5074 et
2885 5018 2974 5082 86,
3000 5016 3222 5071 arietem
3252 5019 3308 5066 et
3330 5024 3481 5066 suem
3512 5009 3769 5072 horrere;

2202 5120 2492 5178 conﬁrmat
2519 5115 2791 5178 Allienus,
2842 5111 2937 5166 lib.
2972 5127 2988 5164 ι
3030 5107 3103 5162 De
3143 5105 3265 5159 hist.
3305 5103 3447 5160 anim
3476 5142 3491 5168 ,
3520 5113 3644 5168 cap.
3676 5097 3769 5151 38.

2205 5216 2404 5286 Sicque
2431 5212 2706 5269 Romanos
2732 5205 2929 5279 Pyrrhi
2959 5203 3304 5274 Epirotarum
3334 5198 3479 5268 regis
3512 5195 3776 5266 elephan-

2206 5317 2292 5364 tos
2319 5284 2381 5361 Vin
2428 5304 2609 5375 fugam
2644 5300 2895 5361 vertisse,
2929 5304 2984 5352 et
3017 5293 3302 5364 victoriam
3344 5289 3617 5351 retulisse,
3648 5284 3773 5358 ὀρ-

2206 5398 2368 5471 ρωδεῐ
2415 5398 2444 5451 ὁ
2490 5393 2687 5463 ἐλέφας
2734 5390 3006 5463 κεράστην
3039 5386 3213 5459 κριὸν,
3254 5382 3350 5437 καὶ
3397 5380 3581 5471 χοίρου
3618 5376 3769 5471 pcipi:

2206 5465 2363 5551 δύτω
2389 5487 2592 5548 τοίνυν,
2621 5484 2773 5555 φασὶ,
2812 5483 2906 5537 καὶ
2919 5481 3173 5551 Ῥωμαῖοι
3201 5476 3327 5541 τοὺς
3357 5475 3453 5528 σὺν
3476 5470 3679 5543 Πύρρῳ
3694 5465 3775 5539 τῷ

2218 5578 2531 5653 Ἠπειρώτῃ
2551 5576 2842 5651 ἐτρέψαντο
2855 5571 3147 5640 ἐλέφαντας
3163 5584 3179 5600 ’
3211 5568 3304 5623 καὶ
3328 5567 3361 5638 ἡ
3389 5563 3511 5634 νίκη
3542 5563 3637 5614 σὺν
3661 5560 3775 5621 τοῖς

2219 5672 2513 5745 Ῥωμαίοις
2531 5666 2795 5741 λαμπρῶς
2821 5663 3054 5735 ἐγένετο,
3092 5661 3236 5716 Idem
3266 5658 3495 5721 Plinius,
3528 5655 3623 5710 lih.
3648 5666 3771 5714 vui,

2214 5780 2333 5826 can.
2372 5764 2425 5824 5.
2467 5760 2671 5817 Pudore
2704 5769 2970 5815 nunquam
3001 5750 3106 5807 nisi
3122 5751 3184 5805 in
3219 5747 3398 5805 abdito
3425 5751 3632 5809 coeunt,
3657 5755 3773 5796 mas
