4072 6342
338 334 445 392 949

1339 326 1407 381 ΙΝ
1454 322 1827 381 EUSTATllll
1866 314 2340 376 HEXAEMERON
2382 312 2614 369 NOTAE.

3474 307 3579 359 εῖςο

333 455 703 524 quinquennis.
748 450 943 519 femina
981 448 1242 504 decennis.
1293 448 1613 504 Aristoteles
1641 488 1655 513 ,
1704 446 1800 499 lib.
1844 460 1888 497 v1

2000 440 2135 510 πρὸς
2153 436 2334 507 φιλίαν
2354 432 2701 507 μνημονικόν.
2725 429 3072 491 Aristoteles,
3092 426 3169 481 De
3184 426 3367 479 histor.
3386 427 3572 489 anim.,

331 544 414 599 De
446 546 633 598 histor.
660 545 846 603 animi.
880 558 997 611 cap.
1031 543 1123 605 27,
1181 542 1399 597 nonnisi
1434 540 1693 595 vicesimo
1725 538 1900 593 aetatis

333 651 480 689 anno
511 636 659 690 coire
704 634 886 688 tradit.
927 633 1267 702 Elephantus,
1320 641 1427 685 tam
1465 647 1578 685 mas
1618 646 1775 699 quam
1818 628 1898 698 fe-

334 729 505 791 mina,
531 728 712 795 incipit
742 728 883 781 coire
904 743 1040 779 anno
1070 725 1243 778 astatis
1263 724 1521 778 vicesimo.
1556 722 1750 775 Mirum
1768 734 1900 774 sane

331 833 569 889 quanam
604 819 815 872 ratione
841 817 1057 886 quidam
1082 815 1135 869 in
1169 814 1222 867 d.
1256 814 1435 868 locum
1467 812 1629 865 Plinii
1664 827 1727 865 ex
1771 809 1898 861 Ari-

334 910 528 965 stotele
543 908 891 969 adnotaruut,
918 923 1039 961 eum
1067 905 1300 970 tradere,
1335 905 1634 972 elephantos
1663 920 1766 956 non
1795 900 1899 954 nisi

329 1012 449 1069 post
485 1002 781 1055 vicesimum
834 1015 1030 1053 annum
1072 1000 1234 1068 coire,
1285 1006 1377 1049 aut
1421 996 1646 1066 gignere.
1687 993 1897 1048 Plinius

329 1092 402 1147 de
427 1106 613 1146 eorum
648 1090 1007 1160 appellatione
1040 1088 1093 1140 in
1120 1087 1293 1147 Italia,
1323 1099 1445 1154 cap.
1490 1084 1542 1145 6,
1577 1081 1896 1150 Elephantos

330 1184 498 1238 Italia
527 1184 753 1251 primum
782 1181 909 1234 vidit
942 1179 1135 1249 Pyrrhi
1176 1178 1309 1248 regis
1341 1177 1495 1239 bello,
1519 1187 1567 1230 et
1614 1174 1761 1228 boves
1793 1172 1897 1225 Lu-

330 1288 422 1325 cas
463 1270 760 1339 appellarit,
792 1271 844 1322 in
886 1268 1111 1322 Lucanis
1143 1269 1277 1322 visos
1309 1283 1446 1321 anno
1472 1265 1615 1319 urbis
1643 1264 1897 1335 quadrin-

327 1365 610 1434 gentesimo
648 1362 1022 1429 septuagesimo
1053 1360 1296 1415 secundo.
1333 1358 1468 1412 Hine
1496 1365 1549 1412 et
1597 1356 1744 1410 boves
1790 1354 1897 1407 Lu-

328 1455 452 1507 cani
489 1462 752 1508 vocantur
799 1455 864 1504 ab
892 1449 1122 1513 Isidoro,
1161 1452 1257 1504 lib.
1290 1466 1349 1512 ιι,
1382 1448 1546 1519 capit.
1579 1447 1647 1512 2;
1698 1445 1893 1509 Varro,

326 1536 427 1603 lib;
456 1563 530 1611 Vt,
560 1546 635 1600 De
664 1548 842 1616 lingua
874 1544 1090 1609 Latina,
1132 1558 1231 1599 nec
1260 1559 1289 1597 a
1337 1542 1525 1613 Libya,
1571 1555 1670 1595 nec
1707 1555 1737 1593 a
1783 1538 1894 1592 Lu-

327 1641 490 1694 cania
524 1640 703 1693 dictos
740 1647 915 1708 putat,
948 1636 1040 1693 sed
1073 1653 1100 1690 a
1149 1636 1283 1699 luce.
1316 1635 1461 1705 quod
1490 1635 1650 1703 longe
1685 1633 1897 1686 reluce-

328 1736 459 1788 bant
493 1742 711 1804 propter
740 1734 1020 1786 inauratos
1060 1730 1239 1800 regios
1280 1730 1524 1801 clypeos,
1554 1727 1751 1798 quibus
1781 1735 1895 1778 tur-

2000 502 2093 591 lib.
2126 544 2199 592 νι,
2225 543 2348 597 cap.
2378 525 2469 589 22,
2504 522 2905 577 Salacissimum
2944 519 3196 583 onmium,
3218 528 3325 569 tum
3356 502 3578 584 femina-~

1999 637 2115 673 rum
2137 629 2247 673 tum
2278 619 2527 678 marium.
2554 631 2713 685 equus
2730 622 2829 677 est,
2849 612 3056 665 homine
3081 619 3310 675 excepto.
3334 618 3387 663 et
3407 622 3576 677 equas

1998 712 2222 767 libidine
2252 709 2511 764 ~maxime
2558 705 2775 763 incendi
2812 713 3002 758 auctor
3047 710 3131 757 est
3157 701 3431 763 1Elianus.
3474 700 3569 756 lib.

1999 819 2050 857 tv
2079 803 2154 857 De
2189 802 2377 856 histor.
2413 799 2661 863 animal.,
2694 814 2816 868 cap.
2864 796 2922 850 ll
2951 813 2965 861 ;
3021 810 3190 864 quare
3225 802 3276 848 et
3318 793 3576 846 mulieres

1999 895 2321 949 libidinosas
2351 893 2419 947 ab
2444 892 2525 946 eis
2555 892 2645 962 qui
2684 888 2993 945 convicium
3024 886 3203 939 facere
3229 885 3450 939 student
3479 898 3576 937 vo-

1997 985 2109 1038 cari
2149 984 2324 1039 solere
2364 998 2547 1051 equos.
2605 979 2788 1042 Μόνας
2830 978 3012 1031 ἀκούω
3042 976 3147 1030 τῶν
3180 975 3331 1039 ζώων
3361 974 3458 1037 τὰς
3486 975 3575 1027 ἵπ-

2000 1091 2133 1137 πους
2167 1074 2261 1126 καὶ
2295 1071 2531 1133 κυούσας
2558 1069 2847 1140 ὑπομένειν
2873 1069 2972 1139 τὴν
2995 1067 3103 1120 τῶν
3137 1067 3380 1138 ἀρρένων
3408 1064 3568 1135 μίξιν.

1998 1161 2149 1218 Εἶναι
2179 1165 2285 1235 γὰρ
2308 1161 2666 1230 λαγνιστὰτας
2690 1176 2703 1188 θ
2726 1159 2812 1211 διὰ
2840 1156 3012 1210 ταῦτα
3030 1174 3117 1233 ,τοι
3146 1157 3235 1207 καὶ
3260 1156 3364 1207 τῶν
3392 1170 3575 1221 γυναι-

1999 1256 2107 1310 κῶν
2133 1256 2230 1319 τὰς
2260 1254 2609 1316 ἀκολάστους,
2641 1252 2745 1305 ὑπὸ
2781 1251 2887 1304 τῶν
2930 1249 3263 1320 σεμνοτέροις
3292 1247 3457 1310 αὑτὰς
3478 1246 3570 1300 εὐ-

1998 1346 2258 1399 θυνόντων
2299 1343 2578 1398 κοιλεῖσθαι
2625 1344 2840 1404 ἵππους.
2896 1340 2961 1393 Et
3010 1339 3328 1394 Aristotcles
3374 1352 3569 1407 equam

1995 1450 2189 1494 natura
2222 1437 2562 1491 libidinosam
2596 1435 2828 1496 vocavit.
2857 1433 2949 1486 lib.
2986 1448 3036 1486 tv
3076 1430 3150 1484 De
3179 1446 3350 1501 gener.
3380 1430 3566 1493 anim.,

1997 1546 2116 1599 cap.
2153 1531 2205 1585 5.
2241 1528 2369 1584 Sola
2394 1528 2531 1583 enim
2570 1526 2903 1586 animalium.
2944 1531 3004 1577 ut
3045 1523 3183 1577 idem
3217 1521 3410 1591 inquit,
3449 1537 3569 1573 ηιιι-

1997 1621 2096 1675 lier
2125 1630 2173 1675 et
2210 1637 2340 1692 equa
2384 1619 2601 1691 gravida
2641 1620 2831 1673 coitum
2881 1618 3198 1683 patiuntur;
3239 1622 3292 1669 et
3334 1614 3459 1669 libr.
3492 1628 3567 1666 vtt

2000 1712 2076 1766 De
2098 1712 2285 1767 histor.
2322 1712 2570 1778 animal.,
2605 1726 2725 1780 cap.
2763 1710 2817 1773 ι,
2850 1707 3044 1763 Mulier
3068 1715 3115 1760 et
3151 1723 3302 1775 equa.
3337 1707 3568 1760 omnium

328 1842 417 1879 res
448 1841 633 1879 eorum
665 1831 870 1876 ornatae
897 1823 1132 1877 fuerunt.
1164 1825 1325 1875 Arma
1352 1834 1563 1881 eorum,
1600 1825 1660 1870 ut
1686 1833 1749 1871 ex
1780 1815 1888 1868 Pli-

1996 1802 2219 1855 maxime
2238 1802 2568 1864 animalium,
2587 1799 2815 1869 gravida:
2830 1799 3020 1850 coitum
3037 1796 3338 1864 patiuntur:
3356 1802 3565 1863 (cetera,

325 1917 442 1983 nio,
474 1932 594 1985 cap.
646 1917 700 1976 5.
746 1916 1028 1977 habemus,
1062 1911 1198 1967 Juba
1234 1930 1325 1968 rex
1360 1927 1554 1966 cornua
1576 1908 1883 1979 appellavit.

325 2004 502 2059 Varro
559 2019 797 2074 quoque.
836 2004 930 2057 lib.
978 2018 1031 2057 γι
1075 2002 1150 2056 De
1179 2003 1356 2073 lingua
1403 2000 1615 2070 Latina,
1649 2006 1738 2059 illa
1767 2018 1888 2059 esse

322 2112 531 2151 cornua
583 2103 756 2165 putat,
827 2104 881 2149 et
925 2095 1244 2159 Pausanias,
1299 2096 1392 2150 lib.
1442 2112 1493 2155 ν.
1538 2107 1591 2151 et
1637 2097 1887 2151 Elianus

323 2188 449 2241 libr.
481 2204 570 2240 xtv
605 2186 673 2239 De
705 2185 893 2240 histor.
932 2187 1119 2248 anim.,
1151 2186 1317 2255 capit.
1364 2202 1417 2244 ν,
1444 2193 1497 2239 et
1534 2186 1627 2242 lib.
1662 2203 1734 2252 tv,
1764 2203 1883 2256 cap.

319 2279 418 2343 3|;
450 2286 502 2334 et
548 2279 844 2348 Oppianus,
877 2278 1000 2333 libr.
1039 2294 1077 2332 ιι
1107 2280 1353 2346 Κυνηγη
1382 2278 1728 2347 reprehendit
1770 2280 1889 2333 vul-

323 2387 504 2442 garem
551 2371 862 2440 opinionem
912 2371 979 2424 de
1024 2370 1182 2425 dente
1229 2371 1537 2439 elephanti,
1588 2379 1641 2424 et
1694 2371 1887 2442 probat

321 2462 535 2516 duobus
559 2462 915 2531 argumentis,
945 2468 1055 2513 tum
1081 2459 1224 2529 quod
1254 2478 1283 2515 e
1314 2460 1490 2529 capite
1518 2462 1747 2523 oriatur,
1775 2462 1886 2516 sive

324 2569 391 2608 ex
438 2553 649 2615 cranio,
696 2552 841 2621 quod
895 2568 1099 2607 cornua
1156 2554 1432 2621 proprium
1498 2553 1728 2617 habent;
1771 2563 1883 2607 tum

320 2644 466 2715 quod
494 2660 554 2698 se
586 2644 917 2713 poliendum,
945 2643 1261 2705 secandum,
1293 2643 1615 2713 ﬁngendum,
1646 2645 1886 2698 forman-

321 2737 561 2805 dumque
613 2736 866 2804 praebeat.
911 2734 1052 2804 quod
1101 2750 1366 2803 nusquam
1418 2734 1607 2788 dentes
1659 2734 1881 2787 iaciunt.

326 2824 522 2879 Dentes
554 2832 733 2879 tamen
767 2840 888 2878 esse
924 2864 939 2887 .
980 2832 1033 2877 et
1080 2840 1187 2877 non
1219 2839 1421 2877 cornua
1454 2832 1675 2877 tuentur
1714 2823 1885 2877 Hero-

323 2916 519 2982 dotus;
549 2916 889 2978 Aristoteles,
923 2915 1016 2969 lib.
1054 2931 1112 2968 ιιι
1146 2916 1217 2967 De
1248 2915 1441 2983 partib.
1486 2915 1729 2981 animal.,
1761 2930 1880 2984 cap.

321 3004 374 3065 2.
423 3014 477 3059 et
522 3007 646 3058 libr.
682 3022 718 3058 ιι
771 3005 974 3059 Histor.
1020 3006 1260 3069 animal.,
1313 3020 1435 3075 cap.
1484 3006 1547 3071 5;
1595 3004 1882 3076 Dionysius

320 3095 473 3159 Afer,
504 3095 897 3166 ‘HSptmnioet.
920 3098 1150 3158 Plinius,
1182 3097 1302 3149 libr.
1337 3113 1454 3159 vm,
1483 3112 1602 3165 cap.
1636 3098 1880 3162 3;Clau-

1993 1892 2081 1945 ubi
2100 1892 2317 1963 gravida
2341 1892 2554 1961 fuerint,
2573 1892 2777 1961 fugiunt
2808 1906 2997 1952 mares,
3030 1904 3092 1942 ea
3118 1887 3316 1941 scilicet
3344 1900 3566 1956 quorum

1993 1995 2184 2039 natura
2201 1985 2520 2055 superfetare
2536 2000 2677 2036 more
2692 1982 2880 2051 leporis
2894 1989 3116 2034 recusat.
3134 1979 3362 2041 Plinius,
3392 1978 3485 2031 lib.
3509 1993 3562 2040 ι,

1992 2090 2111 2144 cap.
2142 2076 2231 2138 45,
2257 2082 2309 2130 et
2335 2092 2484 2131 suem
2508 2074 2810 2144 conjungil.
2842 2072 3037 2126 Mirum
3074 2081 3129 2123 ut
3169 2068 3564 2141 quadrupedum

1990 2176 2316 2236 pra’gnantes
2363 2166 2606 2220 Venerem
2638 2174 2836 2225 arcent,
2872 2172 3062 2233 prwter
3097 2170 3281 2233 equam
3320 2169 3368 2215 et
3398 2177 3561 2214 suem.

1992 2256 2275 2312 Rationem
2321 2258 2485 2327 hujus
2534 2258 2702 2311 habes
2751 2255 2892 2324 apud
2934 2254 3303 2317 Aristotelem,
3358 2252 3451 2307 lib.
3511 2267 3566 2307 tv

1993 2346 2069 2399 De
2107 2349 2440 2416 generatione
2478 2347 2721 2412 animal.,
2767 2361 2887 2414 cap.
2926 2344 2978 2400 5.
3014 2343 3080 2396 Et
3103 2343 3229 2413 quia
3266 2342 3439 2397 solida
3468 2357 3564 2396 na-

1992 2445 2113 2491 tura
2136 2447 2222 2493 est
2252 2456 2266 2493 :
2299 2449 2352 2493 et
2386 2439 2557 2494 solida
2595 2447 2723 2493 sunt
2753 2435 2982 2491 Veneris
3014 2437 3407 2504 appetentiora,
3439 2448 3587 2488 cum:

1993 2541 2211 2585 careant
2243 2533 2582 2602 purgatione,
2609 2545 2726 2600 qua:
2753 2528 2973 2598 perinde
2998 2538 3079 2583 est
3110 2526 3345 2589 feminis,
3377 2533 3434 2579 ιιι
3452 2525 3566 2578 coi-

1992 2633 2081 2677 tus
2119 2622 2393 2685 maribus;
2431 2630 2484 2675 et
2512 2637 2650 2690 equa
2687 2630 2966 2674 menstrua
3004 2618 3224 2673 minime
3250 2617 3468 2672 emittit.
3501 2613 3565 2669 Et

1990 2711 2136 2783 quod
2166 2712 2243 2766 illi
2291 2713 2495 2782 aliquid
2531 2713 2692 2782 spatii
2731 2712 2786 2766 in
2822 2720 2977 2766 utero
3018 2717 3290 2779 superest,
3331 2707 3565 2776 amplius

1990 2819 2153 2875 quam
2176 2810 2235 2858 ut
2264 2803 2331 2857 ab
2354 2818 2461 2856 uno
2489 2810 2807 2871 occupetur,
2830 2803 3035 2855 arctius
3060 2814 3222 2869 quam
3253 2806 3310 2850 ut
3333 2798 3563 2850 alterum

1991 2893 2231 2963 perfecte
2275 2893 2448 2963 possit
2494 2892 2854 2961 superfetari;
2900 2900 2952 2945 et
2998 2890 3091 2944 lib.
3135 2904 3205 2943 vn
3254 2888 3327 2941 De
3373 2888 3559 2941 histor.

1991 2986 2239 3047 animal.,
2269 3000 2391 3054 cap.
2421 2984 2511 3047 29.,
2545 2998 2810 3053 equorum
2863 2991 2992 3037 tunc
3034 2988 3335 3035 armentum
3383 2977 3561 3048 perle-

1990 3087 2140 3131 ctum
2179 3090 2323 3141 esse.
2366 3091 2488 3129 cum
2536 3085 2785 3145 parentes
2810 3089 2962 3129 suam
3007 3074 3193 3126 ineunt
3222 3070 3449 3140 prolem,
3479 3070 3562 3123 vel

320 3186 536 3251 dianus.
567 3160 659 3241 lib.
690 3160 773 3240 ’.ιι
798 3187 871 3242 De
912 3188 1154 3243 laudibus
1185 3187 1492 3251 Stiliconis;
1526 3160 1724 3253 limus,
1761 3190 1883 3243 libr.

1991 3166 2121 3235 pulli
2167 3172 2391 3218 matres.
2429 3163 2702 3233 Quidquid
2748 3170 2926 3217 tamen
2966 3163 3057 3225 sit,
3094 3161 3324 3231 insignis
3370 3160 3563 3229 legitur

324 3289 385 3335 ιι,
414 3289 531 3343 cap.
571 3274 658 3327 88.
695 3275 846 3328 Hanc
875 3277 1198 3329 sententiam
1225 3277 1411 3329 multis
1436 3276 1735 3332 rationibus
1767 3294 1892 3333 con-

323 3362 500 3417 ﬁrmat
526 3365 910 3430 Philostratus,
944 3367 1064 3420 libr.
1094 3383 1131 3420 ιι
1164 3366 1240 3420 De
1279 3366 1397 3419 Vita
1428 3368 1713 3436 Apollonii.
1746 3372 1891 3423 Pana

320 3458 489 3511 sapiae
526 3467 844 3529 argumenta
890 3476 988 3528 pro
1041 3461 1215 3530 prima
1265 3462 1535 3515 sententia
1581 3478 1743 3531 quam
1783 3464 1892 3518 sint

322 3549 537 3604 inﬁrma
590 3551 749 3607 docet
802 3550 1041 3607 Joannes
1096 3552 1359 3609 Bodinus.
1417 3552 1730 3621 Juvenalis,
1792 3554 1891 3609 Sa-

320 3652 424 3713 tyr.
464 3641 520 3695 il
544 3662 557 3697 :

425 3731 679 3806 gentibus
707 3750 771 3787 ea:
792 3735 899 3806 illis
930 3751 1056 3802 quos
1081 3736 1248 3806 mittit
1280 3752 1439 3805 porca
1465 3754 1665 3806 syenes,

433 3802 497 3875 Et
531 3802 712 3856 Mauri
740 3805 948 3870 celeres,
982 3816 1041 3858 et.
1069 3805 1125 3857 Μ
1131 3823 1262 3859 auro
1280 3802 1565 3860 obscurior
1595 3807 1783 3875 Indus,

427 3873 496 3924 Et
520 3891 647 3942 quos
673 3874 908 3942 deposuit
939 3875 1213 3930 Nabatheo
1245 3877 1417 3930 bellua
1446 3879 1609 3942 saltu,

426 3942 552 3996 Jam
586 3946 797 4007 nimios.
834 3947 1091 4015 capitique
1123 3964 1326 4015 graves.

320 4053 387 4108 Et
415 4055 632 4109 tandem
655 4065 711 4109 ut
730 4055 812 4110 his
837 4058 1227 4113 controversiis
1252 4058 1578 4115 enarrandis
1604 4059 1765 4113 linem
1793 4059 1890 4113 im-

322 4160 543 4214 ponam.
562 4144 846 4201 Cardanus
877 4155 1038 4216 negat
1059 4148 1227 4201 ullum
1247 4149 1447 4203 animal
1469 4151 1659 4204 tandiu
1685 4152 1886 4215 vivere,

321 4239 461 4291 duce
496 4248 548 4291 et
596 4239 857 4307 magistro
888 4238 1197 4305 Aristotele,
1228 4241 1321 4310 qui
1352 4242 1447 4295 lib.
1501 4241 1573 4295 De
1626 4242 1810 4312 longit.
1838 4251 1887 4296 et

322 4330 575 4384 brevitate
634 4332 757 4383 vita:
824 4331 897 4383 ait
965 4332 1280 4385 animalium
1352 4334 1698 4403 elephantum
1767 4350 1889 4389 eSse

318 4431 375 4475 et
406 4422 735 4491 longissima:
781 4425 905 4477 vitae
938 4443 950 4477 :
988 4432 1042 4477 et
1072 4424 1222 4478 varie
1253 4438 1473 4479 causam
1532 4426 1884 4495 longitudinis

1992 3254 2234 3304 narratio
2261 3250 2329 3305 de
2358 3254 2608 3305 castitate
2640 3266 2934 3319 equorum;
2969 3251 3053 3303 ubi
3072 3250 3215 3303 enim
3247 3248 3562 3318 pullus.do—

1991 3340 2123 3395 losis
2152 3340 2525 3402 valramentis.
2553 3341 2794 3408 olcisque
2826 3338 3189 3407 fragrantibus
3218 3345 3272 3391 et
3299 3335 3563 3390 odoribus

1990 3432 2271 3501 deceptus.
2290 3446 2413 3485 cum
2442 3440 2704 3495 matre,et
2728 3431 2843 3499 ipsa
2873 3430 3066 3491 inscia.
3088 3430 3352 3483 incestum
3384 3427 3561 3481 admi-

1989 3526 2186 3590 sisset;
2229 3540 2288 3579 re
2319 3530 2441 3594 post
2481 3524 2588 3578 tale
2628 3523 2886 3593 ﬂagitium
2923 3523 3161 3592 cognita,
3193 3531 3245 3576 et
3289 3520 3471 3588 pullus
3504 3530 3560 3575 et

1990 3624 2165 3670 mater
2185 3615 2493 3684 praecipites
2517 3629 2578 3669 se
2597 3622 2846 3684 egerunt.
2869 3613 2997 3667 Eam
3023 3613 3192 3668 habes
3217 3611 3360 3682 apud
3388 3608 3561 3665 Elia-

1989 3723 2142 3771 num.
2186 3707 2262 3761 De
2302 3707 2430 3763 hist.
2476 3708 2697 3761 animal.
2743 3706 2836 3761 lib.
2868 3721 2942 3768 tv.
2987 3719 3106 3773 cap.
3142 3704 3205 3770 7;
3252 3702 3559 3772 Oppianum

1988 3801 2199 3871 Κυνηγ.
2235 3799 2326 3853 lib.
2356 3814 2429 3863 tt;
2459 3798 2808 3853 Aristotelem
2842 3838 2857 3861 ,
2907 3797 3000 3851 lib.
3036 3812 3087 3850 ιιι
3129 3794 3206 3849 De
3235 3794 3421 3849 histor.
3447 3795 3561 3847 ani-

1990 3888 2143 3954 mal.,
2174 3903 2294 3957 cap.
2334 3888 2441 3949 47;
2484 3888 2742 3953 Plinium,
2775 3888 2870 3943 lib.
2901 3904 3018 3953 vttt,
3067 3901 3187 3957 cap.
3210 3886 3313 3951 42;
3358 3883 3561 3939 Varro-

1988 3992 2134 4040 nem.
2185 3977 2282 4032 lib.
2320 3992 2359 4032 ιι
2395 3977 2473 4032 De
2530 3995 2587 4032 re
2641 3979 2859 4041 rustica.
2896 3992 3016 4047 cap.
3063 3977 3117 4031 7.
3154 3975 3256 4040 Qui
3303 3975 3404 4030 etsi
3451 3989 3559 4029 non

1986 4083 2177 4123 omnes
2206 4069 2262 4123 in
2284 4070 2537 4125 omnibus
2564 4070 2915 4133 conveniunt,
2938 4068 3032 4123 sed
3053 4067 3209 4121 aliter
3236 4067 3377 4120 alius
3409 4080 3559 4119 com-

1988 4165 2272 4223 memoret.
2305 4167 2507 4214 statum
2546 4159 2598 4213 id
2629 4170 2729 4224 est.
2754 4159 3097 4227 ﬁrmumque,
3116 4172 3393 4225 equosque
3432 4155 3556 4208 illos

1989 4264 2102 4304 suae
2128 4251 2468 4305 castimoniae
2505 4260 2877 4313 monumenta.
2912 4259 3086 4303 morte
3118 4248 3336 4318 propria
3367 4258 3554 4316 poste-

1987 4342 2062 4395 ris
2092 4343 2401 4411 reliquisse.
2451 4342 2659 4397 Similia
2693 4357 2908 4413 qquue
2936 4341 3003 4395 de
3037 4338 3260 4395 camelis
3294 4336 3561 4389 Aristote-

1988 4434 2067 4488 les
2095 4434 2228 4491 ibid.
2264 4422 2471 4497 narrat.
2504 4443 2557 4489 et
2595 4436 2792 4504 repetit
2826 4434 2965 4501 Περὶ
3005 4431 3351 4502 θαυμασίων
3380 4429 3558 4482 ἀκου-

320 4514 602 4568 brevitatis
658 4515 780 4569 vitae
840 4517 1220 4585 prosequitur,
1277 4524 1330 4570 et
1371 4515 1449 4570 De
1494 4526 1725 4585 generat.
1775 4520 1886 4571 ani-

1991 4524 2247 4593 σμάτων,
2280 4533 2332 4579 et
2354 4524 2606 4580 Elianus
2636 4526 2729 4579 lib.
2762 4541 2842 4586 ιιι,
2870 4541 2988 4595 cap.
3026 4524 3115 4578 47.

320 4606 448 4657 mal.
485 4605 576 4658 lib.
606 4622 675 4666 IV,
702 4620 820 4675 cap.
854 4606 942 4671 10,
977 4608 1248 4662 hominem
1284 4608 1405 4677 plus
1439 4609 1698 4679 temporis
1720 4625 1883 4678 quam

319 4698 549 4767 quodvis
588 4700 786 4753 animal
822 4700 1002 4754 vivere
1051 4701 1262 4763 scribit,
1299 4708 1525 4767 excepto
1571 4701 1880 4771 elephanto.

319 4792 494 4847 Julius
528 4791 770 4862 Scaliger
818 4796 1040 4847 exet-cit.
1091 4792 1197 4847 204
1244 4794 1578 4847 contrarium
1634 4795 1765 4846 vult.
1821 4794 1883 4848 Ni

321 4883 527 4950 majora
564 4900 647 4938 me
677 4884 745 4937 ab
781 4885 970 4937 harum
997 4884 1446 4939 exercitationum
1471 4886 1652 4939 studio
1684 4886 1886 4939 distra-

320 4975 533 5033 herent,
574 4975 916 5028 ostenderem
942 4983 1094 5029 tanto
1122 4976 1258 5039 viro,
1287 4985 1547 5045 quantum
1580 4977 1633 5029 in
1673 4976 1885 5031 Aristo-

319 5075 335 5115 t
376 5063 441 5116 lis
470 5064 715 5117 doctrina
750 5065 935 5119 varius
960 5084 973 5119 :
996 5077 1259 5135 quantum
1287 5067 1357 5121 ab
1390 5067 1508 5135 ipso
1536 5067 1881 5131 Aristoteles,

317 5165 370 5208 et
396 5156 516 5222 ejus
557 5156 971 5225 argumentandi
1004 5159 1186 5223 modo.
1218 5160 1701 5229 perquirendisque
1743 5161 1885 5215 veri-

318 5246 449 5298 tatis
480 5248 691 5301 ratione
725 5248 975 5303 diversus
1003 5249 1237 5304 aberret.

386 5336 504 5389 Col.
564 5336 687 5399 7-H,
736 5338 833 5395 lin.
881 5338 935 5393 4.
990 5340 1212 5408 Θερμὸς
1262 5343 1295 5394 ό
1352 5341 1552 5407 ἵππος.
1616 5340 1881 5407 Basilius,

318 5426 466 5478 ltum.
496 5429 565 5482 9:
604 5428 875 5502 ’ἰδιώμασι
902 5431 959 5484 δὲ
985 5431 1258 5502 διαφόροις
1307 5430 1535 5484 ἕκαστον
1580 5432 1688 5485 τῶν
1731 5430 1885 5495 ζώων

318 5517 589 5588 κέκριται.
614 5522 894 5595 Εὐσταθὴς
919 5523 1015 5594 μὲν
1042 5523 1150 5594 γὰρ
1180 5525 1208 5576 ὁ
1231 5523 1376 5594 βοῦς,
1406 5523 1580 5594 νωθὴς
1607 5525 1663 5578 δὲ
1696 5527 1725 5578 ὁ
1743 5525 1881 5590 ὄνος,

318 5609 519 5682 θερμὸς
545 5611 600 5666 δὲ
631 5615 661 5666 ό
690 5615 852 5679 ἵππος
884 5616 1020 5686 πρὸς
1068 5617 1357 5687 ἐπιθυμίαν
1388 5616 1481 5670 τοῦ
1513 5616 1721 5689 θήλεος,
1763 5620 1883 5673 ἀτι-

317 5697 611 5765 θάσσευτος
636 5706 665 5757 ό
703 5702 886 5769 λύκος,
909 5706 1123 5777 δολερὸν
1163 5707 1195 5776 ή
1226 5706 1469 5777 ἀλώπηξ,
1504 5708 1674 5763 δειλὸν
1702 5712 1733 5779 ὴ
1764 5709 1884 5762 51a.—

320 5810 438 5860 (ξος,
467 5796 495 5849 ὁ
532 5795 753 5869 μύρμηξ
800 5798 1100 5869 φιλόπονος,
1153 5801 1467 5872 εὐχάριστον
1512 5804 1539 5855 ό
1582 5803 1745 5866 κύων,
1792 5806 1882 5857 καὶ

2057 4616 2194 4671 Ibid.
2251 4619 2452 4683 Νωθὸς
2506 4620 2539 4671 ό
2594 4618 2734 4683 ὄνος
2792 4617 2913 4673 καί.
2976 4616 3245 4677 Basilius.
3298 4614 3445 4669 hom.
3482 4615 3553 4670 8:

1987 4704 2105 4760 Οἵδε
2130 4706 2227 4778 τὴν
2262 4708 2462 4778 συνήθη
2511 4709 2691 4778 φωνὴν
2726 4710 2752 4761 ό
2780 4710 2918 4773 ὄνος,
2952 4704 3089 4760 οἶδεν
3121 4706 3236 4759 ὁδὸν
3262 4707 3326 4778 ἢν
3358 4706 3555 4759 πολλά-

1987 4814 2073 4859 κις
2099 4797 2331 4861 ἐϐάδισε,
2367 4798 2459 4851 καί
2494 4816 2596 4849 που
2626 4798 2718 4851 καὶ
2757 4797 2946 4867 όδηγὸς
2987 4795 3155 4849 ἐνίοτε
3192 4795 3555 4862 ἀποσφαλέντι

1985 4891 2191 4959 γίνεται
2224 4890 2301 4961 τῷ
2329 4892 2456 4945 ἄνω.
2494 4892 2567 4944 Τὸ
2588 4892 2643 4946 δὲ
2673 4891 2928 4963 όξυήκοον
2956 4890 3048 4942 τοῦ
3087 4888 3243 4953 ζώου,
3276 4888 3395 4941 οὐδὲ
3431 4888 3556 4942 ἄλλο

1984 5000 2035 5035 τι
2086 4982 2229 5053 ἔχειν
2259 4983 2474 5050 λέγεται
2524 4984 2631 5036 τῶν
2687 4983 2974 5055 χερσαίων.
3012 4980 3284 5043 Ᾰειίιιηιιε,
3328 4980 3422 5034 lib.
3456 4996 3553 5041 vn.

1986 5088 2105 5142 Cap.
2133 5076 2199 5129 19
2227 5094 2239 5128 :
2276 5075 2383 5128 Καὶ
2420 5075 2593 5128 ταῦτα
2626 5076 2682 5129 δὲ
2722 5075 2791 5128 τὰ
2824 5075 2927 5129 ἴδια
2960 5073 3067 5126 τῶν
3106 5072 3257 5137 ζώων
3291 5074 3464 5125 εἰπεῖν
3494 5072 3556 5126 οὐ

1985 5165 2163 5237 χεῖρόν
2207 5166 2344 5220 ἐστι.
2405 5166 2752 5239 Νωθέστερόν
2798 5183 2915 5229 πως
2955 5165 3099 5217 δοκεῖ
3143 5161 3411 5234 πρόϐατον
3464 5165 3556 5216 καὶ

1986 5256 2120 5318 ὄνος.
2316 5258 2323 5267 “

2058 5347 2219 5410 Ibid,
2271 5348 2366 5402 lin.
2421 5349 2473 5403 5.
2521 5348 2915 5414 Μνησίκακον
2945 5345 3230 5415 κάμηλος.
3287 5345 3551 5404 Basilius.

1988 5442 2132 5495 hom.
2171 5441 2240 5495 8:
2272 5440 2346 5493 Τὸ
2373 5441 2426 5494 δὲ
2454 5440 2561 5493 τῶν
2592 5439 2849 5511 καμήλων
2882 5437 3234 5508 μνησίκακον,
3257 5437 3349 5491 καὶ
3387 5436 3553 5507 βαρύ-

1989 5550 2138 5603 μηνι,
2174 5533 2266 5585 καὶ
2295 5533 2513 5603 διαρκὲς
2538 5532 2672 5604 πρὸς
2699 5530 2865 5602 ὀργὴν
2894 5529 2945 5582 τί
2978 5529 3045 5583 ἂν
3074 5529 3411 5601 μιμήσασθαι
3448 5528 3552 5581 τῶν

1987 5623 2281 5677 θαλαττίων
2324 5623 2570 5689 δύναιτο;
2600 5623 2771 5676 Πάλαι
2812 5622 2939 5675 ποτὲ
2982 5622 3247 5691 πληγεῖσα
3291 5620 3549 5691 κάμηλος,

1990 5714 2185 5785 μακρῷ
2218 5714 2391 5785 χρόνῳ
2432 5713 2836 5784 ταμιευσαμὲνη
2869 5712 2965 5782 τὴν
3003 5714 3182 5783 μῆνιν,
3223 5712 3440 5765 ἐπειδὰν
3460 5710 3553 5763 εζ-

1991 5807 2209 5877 καιρξας
2232 5806 2480 5877 λάϐηται,
2513 5806 2570 5859 τὸ
2599 5805 2763 5859 κακὸν
2793 5806 3139 5862 ἀντιδίδωςίν.
3161 5806 3551 5861 Coulirmautt‘-
