4072 6342
485 305 583 362 951

1823 294 2072 355 LEONIS
2115 295 2384 352 ALLATII

3652 302 3762 359 95!

482 444 588 498 que
610 426 859 498 exemplo
889 425 958 482 ab
985 425 1279 482 Aristotele
1323 434 1378 482 et
1400 424 1620 481 Eliano
1642 424 1840 480 allato:
1872 439 2059 479 morsu

2171 439 2267 477 ναν
2305 425 2532 492 ἐναλλὰξ
2563 427 2814 499 ἀμείϐειν
2841 429 2902 482 τὸ
2938 427 3109 501 ᾶρῤεν
3140 429 3199 489 ἐς
3226 427 3288 482 τδ
3319 426 3453 498 θῆλυ
3479 427 3611 498 παρ’
3639 425 3762 489 ἔτος

481 521 628 576 enim
654 520 855 584 deﬁxo,
887 531 1175 593 postquam
1222 520 1427 575 coitum
1458 519 1690 576 absolvit
1714 517 2066 573 camelarium

484 613 786 675 interemit.
837 612 958 668 Non
993 613 1187 668 tacebo
1234 612 1547 668 Aristotelis
1583 612 1637 666 in
1670 611 1811 667 uteri
1861 610 2066 666 ferendi

482 717 727 780 tempore
780 707 1009 762 camelis
1075 705 1368 763 statuendo
1415 704 1661 776 πλάνην;
1717 705 1835 776 ipse
1883 703 2065 767 enim,

482 797 577 853 lib.
603 815 658 865 v,
693 813 815 870 cap.
855 797 938 860 l4,
965 797 1042 851 De
1061 797 1249 851 histor.
1284 797 1475 858 anim.,
1518 795 1594 850 ait
1635 793 1776 850 ferre
1822 801 2066 848 ventrem

482 891 771 948 duodecim
807 905 1045 954 menses,
1078 890 1214 944 Κύει
1245 888 1302 943 δὲ
1333 887 1542 941 δώδεκα
1578 889 1778 958 μῆνας·
1815 886 1987 938 τίκτει
2011 884 2069 937 δὲ

480 986 560 1041 ἓν.
597 986 753 1038 Ἔστι
807 984 917 1058 γὰρ
974 983 1283 1055 μονοτόκον.
1330 979 1394 1035 Et
1442 981 1538 1036 lib.
1570 997 1646 1044 Vt,
1691 994 1812 1049 cap.
1845 978 1937 1040 26,
1992 978 2070 1031 ait

480 1093 698 1135 menses
731 1077 940 1140 decem,
985 1075 1047 1128 'H
1069 1075 1126 1130 δὲ
1151 1073 1396 1153 κάμηλος
1428 1072 1548 1126 κύει
1578 1073 1676 1146 μὲν
1701 1072 1830 1125 δέκα
1871 1071 2066 1142 μῆνας,

478 1174 654 1230 τίκτει
698 1173 756 1228 δὲ
792 1173 900 1226 αἰεὶ
933 1170 989 1233 ἓν
1019 1171 1198 1251 μόνον.
1240 1168 1544 1229 Μονοτόκον
1579 1166 1685 1237 γάρ
1725 1166 1892 1218 ἐστιν.
1933 1163 2068 1228 Quis

483 1268 587 1322 hoc
619 1267 674 1329 in
699 1266 993 1329 Aristotele
1035 1279 1142 1321 non
1172 1262 1560 1326 admiraretur,
1590 1268 1645 1321 et
1681 1258 2072 1316 erubesceret?

549 1360 712 1425 lbid.,
747 1360 845 1422 lin,
887 1358 941 1414 6.
987 1356 1311 1427 Ἀνήμερος
1358 1358 1566 1429 λύκος.
1615 1353 1962 1414 Aristotcles,
1992 1350 2071 1406 De

481 1455 608 1518 hist.
653 1455 817 1510 anim.
867 1453 963 1507 lib.
1009 1467 1048 1516 ι,
1089 1465 1210 1522 cap.
1259 1450 1309 1503 l.
1353 1448 1510 1503 Addo
1552 1447 1720 1504 etiam
1771 1446 1908 1506 alias
1945 1460 2069 1500 esse

480 1547 718 1610 cicures,
753 1545 888 1603 alias
922 1543 1106 1610 feras;
1152 1549 1206 1597 et
1258 1540 1397 1601 alias
1450 1546 1717 1612 perpetuo
1752 1538 1968 1598 cicures
2012 1544 2070 1596 ut

477 1638 778 1700 hominem,
809 1645 863 1698 et
907 1637 1140 1704 mulum,
1176 1634 1314 1694 alias
1359 1641 1620 1711 perpetuo
1649 1631 1794 1689 feras
1839 1639 1896 1685 ut
1930 1645 2068 1704 pan-

477 1737 714 1798 theram,
741 1743 793 1788 et
825 1731 1035 1803 lupum.
1507 1803 1512 1808 ι

549 1824 710 1892 lbid.,
733 1825 831 1879 lin.
849 1823 1534 1894 7.Εὐχάριστοςόκύων.
1561 1819 1793 1884 Plinius,
1818 1820 1913 1879 lib.
1937 1833 2057 1884 vm,

477 1921 642 1992 capit.
686 1923 756 1980 40
781 1943 793 1977 :
829 1921 914 1976 Ea:
952 1923 1034 1977 Itis
1063 1939 1264 1993 quoque
1288 1920 1610 1976 animalibus
1639 1935 1756 1988 qua:
1787 1917 2058 1975 nobiscum

476 2014 894 2085 degunt,~multa
949 2026 1072 2070 sunt
1117 2016 1328 2086 cognitu
1356 2015 1564 2086 digna:
1593 2011 2062 2082 ﬁdelissimumque

478 2117 600 2168 ante
629 2110 809 2163 omnia
832 2109 1034 2165 homini
1065 2110 1236 2172 canis,
1265 2119 1421 2179 atque
1448 2124 1635 2178 equus.
1669 2105 1938 2175 Pugnasse
1963 2101 2031 2156 ad
2041 2129 2062 2142 -

476 2216 656 2258 versus
691 2199 921 2253 latrones
967 2215 1150 2254 canem
1181 2215 1274 2268 pro
1309 2197 1544 2259 domino,
1584 2195 1896 2264 accepimus,
1935 2209 2061 2248 con-

477 2291 772 2361 fectumque
812 2289 982 2359 plagis
1015 2306 1047 2342 a
1089 2303 1306 2356 corpore
1334 2303 1438 2342 non
1483 2286 1776 2347 recessisse,
1825 2284 2058 2337 volucres

476 2390 527 2435 et
550 2382 692 2450 feras
724 2381 1039 2451 abigentem.
1070 2378 1148 2432 Ab
1171 2378 1278 2432 alio
1310 2378 1363 2430 in
1397 2376 1558 2445 Epiro
1587 2377 1821 2446 agnitum
1853 2377 1905 2428 in
1935 2391 2060 2428 con-

477 2490 565 2529 ven
574 2483 630 2529 tu
643 2488 1001 2543 percussorem
1018 2470 1218 2524 domini
1233 2471 1438 2525 laniatu
1452 2479 1500 2523 et
1518 2469 1715 2523 latratu
1731 2480 1874 2522 coact
1883 2483 1967 2522 um
1984 2467 2060 2536 fa-

479 2566 577 2620 teri
599 2565 787 2620 scelus.
820 2563 877 2618 ln
899 2563 1090 2618 eodem
1121 2563 1299 2633 capite
1321 2564 1480 2633 plura
1512 2562 1580 2618 de
1615 2577 1797 2617 amore
1818 2570 1871 2616 et
1891 2561 2059 2616 bene-

479 2658 720 2712 volentia
751 2671 880 2727 erga
914 2656 1190 2712 dominos.
1221 2655 1296 2711 De
1326 2657 1410 2710 his
1444 2655 1678 2726 plurima
1707 2664 1760 2708 et
1787 2668 2058 2708 memora-

2168 519 2414 575 ἕκαστον.
2451 521 2544 576 Sic
2567 523 2760 578 scribit
2791 522 3173 578 Artemidorus
3195 521 3520 576 Oneiroerit.
3556 520 3649 573 lib.
3688 533 3757 583 ιι,

2170 630 2292 684 cap.
2317 615 2407 676 l2,
2435 623 2488 670 et
2507 614 2719 672 Plinius
2741 616 2904 686 hujus
2927 616 3206 686 Opinionis
3233 614 3480 670 meminit
3514 613 3610 667 lib.
3634 627 3756 673 vni,

2167 721 2288 780 cap.
2316 708 2404 765 50.
2430 708 2649 780 l-lyaznis
2679 715 2967 779 utramque
2987 723 3109 763 esse
3138 715 3414 769 naturam,
3447 714 3503 760 et
3527 704 3758 758 alternis

2168 804 2328 858 annis
2385 819 2586 865 mares,
2632 801 2858 856 alternis
2917 801 3151 856 feminas
3203 800 3340 863 ﬁeri,
3391 813 3587 870 parere
3633 797 3758 850 sine

2167 912 2320 952 mare
2349 899 2546 967 vulgus
2581 895 2775 950 credit.
2806 893 3020 950 Similia
3052 893 3217 948 habet
3243 903 3296 946 et
3314 891 3511 946 Petrus
3543 889 3758 942 Damiao

2168 1005 2296 1054 nus,
2339 988 2434 1043 lib.
2465 1003 2528 1054 ιι,
2567 989 2784 1058 epistol.
2821 987 2934 1053 l8;
2961 994 3014 1042 et
3063 984 3459 1047 Tertullianus,
3491 981 3754 1052 Hywnam

2167 1082 2215 1134 si
2248 1080 2507 1142 observes,
2563 1096 2720 1134 sexus
2763 1080 2976 1134 annalis
3010 1087 3108 1140 est,
3147 1094 3349 1131 marem
3395 1086 3443 1130 et
3498 1076 3754 1147 feminam

2169 1174 2420 1228 alternat.
2453 1173 2770 1229 Aristoteles
2794 1180 2989 1243 negat:
3017 1187 3114 1242 pro
3136 1187 3247 1242 quo
3272 1170 3395 1226 vide
3411 1168 3756 1224 Baucbinun

2169 1267 2247 1321 De
2273 1266 2644 1336 hermaphrod.
2678 1265 2773 1320 lib.
2808 1280 2869 1330 tt,
2903 1278 3024 1334 cap.
3063 1263 3116 1318 5.

2243 1359 2404 1424 lbid.,
2438 1360 2534 1414 lin.
2559 1359 2647 1414 14.
2681 1360 2839 1428 Ἔχει
2883 1357 2952 1411 δὲ
2995 1359 3109 1426 οὐχ
3141 1355 3348 1422 οὕτως.
3384 1353 3492 1410 Pro
3529 1360 3758 1410 auctore

2168 1459 2360 1507 nostro
2384 1450 2516 1505 facit
2537 1451 2879 1514 Aristoteles,
2901 1451 2996 1521 qui
3025 1451 3190 1505 stulte
3209 1464 3304 1505 eos
3331 1463 3638 1520 magnoque
3667 1464 3755 1503 er-

2169 1558 2294 1598 rore
2325 1543 2586 1608 scribere,
2611 1543 2706 1597 lib.
2735 1559 2793 1596 ιιι
2824 1541 2901 1596 De
2940 1559 3111 1613 gener.
3143 1543 3335 1605 anim.,
3363 1543 3457 1605 ait,
3487 1542 3581 1612 qui
3609 1542 3757 1612 hyae-

2171 1652 2294 1691 nam
2353 1637 2480 1691 iniri
2517 1626 2578 1692 et
2626 1637 2767 1691 inire
2813 1637 2972 1691 annis
3023 1637 3246 1691 alternis
3302 1635 3668 1698 afﬁrmabant,
3699 1641 3756 1688 ct

2171 1731 2344 1786 visam
2369 1746 2493 1786 esse.
2530 1730 2774 1809 hyaenam
2808 1746 3036 1791 marem.
3074 1741 3125 1784 et
3155 1729 3409 1783 feminam
3439 1729 3524 1784 sui
3555 1728 3756 1783 discri-

2174 1826 2317 1880 mine
2343 1824 2626 1896 genitalis;
2675 1834 2728 1879 et
2760 1825 2855 1879 lib.
2903 1839 2956 1878 vt
3007 1823 3083 1878 De
3112 1822 3300 1876 histor.
3340 1823 3590 1886 animal.,
3623 1838 3750 1892 cap.

2166 1918 2256 1984 52,
2291 1919 2516 1976 scribit:
2554 1918 2708 1991 Quod
2739 1927 2914 1972 autem
2943 1917 3007 1973 de
3035 1934 3096 1971 ea
3128 1916 3297 1984 fertur
3323 1916 3548 1987 genitale
3591 1915 3757 1970 simul

2165 2022 2214 2066 et
2245 2014 2407 2068 maris
2433 2023 2480 2066 et
2498 2012 2704 2085 femina:
2719 2009 2953 2069 eamdem
2972 2009 3181 2073 habere,
3199 2008 3618 2062 commentitium
3651 2017 3750 2061 est.

2235 2107 2396 2169 lbid.,
2427 2107 2525 2162 lin.
2559 2107 2642 2159 lii.
2668 2105 2787 2174 Πρὸ
2805 2101 2912 2158 tot"!
2929 2107 3115 2178 πόρου
3129 2102 3247 2158 ὑπὸ
3268 2102 3403 2168 τήν.
3429 2102 3756 2158 Aristoteles

2165 2200 2289 2254 loco
2302 2200 2471 2262 dicto,
2491 2198 2627 2252 Ἀλλ’
2643 2199 2756 2271 ἔχει
2772 2197 2832 2250 τὸ
2856 2197 2953 2267 μὲν
2978 2195 3071 2249 τοῦ
3093 2199 3318 2267 spesve;
3333 2197 3518 2266 ὅμοιον
3541 2195 3621 2267 τῷ
3643 2195 3756 2251 τῶν

2164 2293 2341 2346 λύκων
2355 2292 2566 2346 καὶτῶν
2582 2290 2842 2346 κυνῶψτὸ
2852 2290 2908 2343 δὲ
2921 2289 3106 2342 δοκοῦν
3119 2287 3244 2360 Θηλε
3253 2287 3335 2351 ίας
3347 2283 3482 2341 εἶναι
3496 2288 3746 2343 tit-toxica

2169 2385 2264 2456 μὲν
2287 2383 2399 2436 ἐστι
2425 2384 2522 2455 τῆς
2549 2382 2769 2453 κέρκου,
2793 2381 3170 2452 παραπλήσιον
3192 2380 3236 2438 δ’
3261 2381 3378 2432 ἐστὶ
3405 2380 3483 2450 τῷ
3513 2381 3756 2450 σχήματι

2163 2477 2256 2530 τοῦ
2272 2475 2480 2546 θήλεος.
2496 2476 2610 2528 Οὐκ
2628 2474 2739 2544 ἔχει
2771 2473 2951 2544 μέντοι
2969 2472 3158 2527 οὐδένα
3176 2471 3364 2545 πόρον.
3392 2471 3686 2525 ’Υποκάτω
3706 2471 3756 2526 ε’

2165 2570 2312 2622 ἐστὶν
2341 2567 2504 2622 αὑτοῦ
2533 2570 2561 2620 ὁ
2592 2567 2693 2637 τῆς
2735 2563 3115 2638 περιττὼσεως
3146 2565 3328 2627 τόπος.
3370 2564 3432 2616 Ἦ
3472 2563 3528 2616 δὲ
3563 2563 3756 2634 θήλεια

2166 2661 2464 2731 ὕαιναι-’ἕχει
2513 2660 2699 2732 μέντοι
2745 2660 2930 2730 ὅμοιον
2963 2657 3038 2728 τῷ
3070 2657 3171 2728 τῆς
3213 2655 3435 2727 Θηλείας
3474 2654 3757 2724 λεγομένῳ

477 2751 609 2806 bilia
651 2747 981 2819 Rodiginus,
1015 2749 1111 2803 lib.
1155 2763 1290 2813 xvn,
1323 2763 1445 2818 cap.
1491 2747 1590 2813 18;
1643 2745 1948 2801 Alexander
1991 2745 2060 2799 ab

2171 2755 2371 2826 αἰδοίῳ,
2421 2753 2532 2823 ἔχει
2567 2753 2612 2806 δ’
2652 2751 2841 2824 ὥσπερ
2875 2753 2903 2803 ὁ
2950 2751 3125 2821 apem
3170 2746 3301 2802 αὐτὸ
3353 2746 3618 2799 ὑποκάτω
3655 2745 3758 2815 τῆς

477 2841 812 2904 Alexandro,
841 2841 938 2898 lib.
963 2857 1002 2904 ι,
1039 2856 1160 2910 cap.
1191 2841 1259 2908 5;
1291 2839 1567 2902 Albanus,
1601 2838 1679 2893 De
1720 2838 1846 2897 hist.
1894 2838 2056 2894 anim.

2171 2848 2398 2918 κέρκου·
2431 2847 2597 2918 πόρον
2629 2845 2685 2898 δὲ
2719 2843 2909 2897 οὐδένα
2948 2841 3081 2912 ἔχει.
3113 2839 3268 2895 Μετὰ
3298 2838 3355 2892 δὲ
3394 2838 3553 2891 τοῦτο
3588 2839 3617 2890 ὀ
3656 2839 3758 2906 τῆς

477 2935 574 2993 lib.
608 2950 710 2997 vn,
742 2949 864 3004 cap.
890 2932 960 2987 29
984 2951 998 2999 ;
1023 2933 1118 2986 lib.
1158 2949 1218 2994 ιι,
1244 2947 1366 3002 cap.
1398 2931 1502 3000 40;
1551 2932 1646 2986 lib.
1682 2945 1782 2996 vn,
1819 2945 1940 2999 cap.
1991 2929 2060 2986 58

2171 2937 2548 3012 περιττώσεὼς
2597 2940 2713 2990 ἐστι
2747 2935 2936 3007 πόρος,
2966 2932 3224 2986 ὑποκάτω
3257 2930 3315 2984 δὲ
3349 2929 3541 2982 τούτου
3568 2928 3758 2999 ἀληθι-

477 3037 533 3087 et
569 3027 638 3083 10
669 3044 684 3094 ;
733 3026 828 3082 lib.
860 3043 938 3094 vt,
985 3040 1106 3096 cap.
1147 3025 1219 3080 25
1258 3037 1310 3081 et
1339 3025 1442 3091 62;
1499 3024 1594 3079 lib.
1646 3040 1744 3086 xu,
1777 3039 1922 3094 cap._
1953 3024 2057 3090 55;

2171 3033 2256 3090 νὺν
2299 3033 2513 3087 αἰδοῖον.
2554 3029 2619 3086 Εῑ
2647 3029 2721 3085 De
2751 3035 2983 3100 generat.
3032 3024 3282 3088 animal.,
3315 3021 3508 3077 Verum
3553 3021 3759 3090 hymni:

480 3120 576 3174 lib.
611 3135 650 3183 ι,
685 3133 808 3190 cap.
841 3118 908 3185 8;
935 3119 1281 3182 Aristoteles,
1315 3116 1617 3173 Belisarins
1653 3115 1955 3186 Aquivivus
1994 3114 2060 3168 de

2171 3136 2278 3180 tam
2329 3141 2501 3183 mares
2528 3140 2686 3194 quam
2721 3122 2930 3192 femina:
2969 3119 3161 3174 habent
3211 3117 3305 3171 sub
3337 3120 3512 3170 cauda
3562 3115 3759 3168 lineam

479 3210 786 3272 venatione.
811 3217 866 3265 εί
896 3210 1008 3276 alii:
1034 3209 1301 3291 qllidqmd
1329 3209 1477 3270 dicat
1501 3205 1678 3268 Julius
1697 3206 1959 3276 δοθιὶεθτ·
1985 3203 2061 3262 De
2165 3217 2454 3290 quamdam
2487 3216 2713 3271 similem
2741 3213 2962 3286 genitali
2994 3211 3238 3281 femineo,
3261 3226 3376 3280 qua:
3397 3208 3608 3279 quidem
3634 3217 3760 3260 nota

479 3301 797 3372 praestantia
838 3315 1038 3355 canum
1085 3299 1522 3356 Britannicorum
1568 3297 1690 3352 vide
1735 3295 2061 3356 Gulielmum

480 3391 820 3448 Camdenum
846 3391 901 3446 in
937 3391 1244 3456 Britannia,
1275 3408 1397 3463 pag.
1425 3391 1547 3446 l9'5.

550 3481 713 3549 lbid.,
745 3483 845 3544 lin.
880 3483 969 3538 12.
1007 3483 1127 3552 Τὴν
1161 3482 1230 3539 δὲ
1260 3484 1497 3542 ὕμιν-αν.
1534 3483 1688 3540 Hanc
1729 3483 1934 3555 byrsam
1965 3498 2063 3536 na-

481 3585 664 3638 turam
698 3578 1080 3647 monstriﬁoam
1117 3579 1454 3648 nuncupavit
1482 3578 1714 3642 Plinius.
1738 3579 1836 3635 lib.
1866 3592 2060 3641 xxvnt,

485 3687 608 3742 cap.
636 3669 690 3734 8,
724 3677 948 3739 propter
980 3684 1066 3734 ea,
1092 3687 1212 3740 quae
1236 3672 1351 3742 ipsa
1387 3670 1706 3727 admiranda
1729 3671 2061 3744 aggreditur,

487 3765 575 3832 vel
602 3759 773 3814 audit.
815 3759 1132 3815 Sermonem
1161 3761 1457 3817 humanum
1486 3763 1627 3818 inter
1651 3771 1931 3834 pastorum
1953 3774 2068 3820 sta-

492 3852 620 3906 bula
645 3851 952 3906 assimulat.
979 3849 1212 3907 Nomina
1238 3852 1440 3909 addicit
1468 3870 1680 3921 eorum,
1713 3871 1854 3926 quos
1873 3871 2067 3912 evoca-

488 3955 575 4000 tos
605 3943 828 4000 laceret.
867 3942 1232 3999 Vomitionem
1265 3945 1500 4000 hominis
1526 3946 1794 4011 imitatur,
1826 3949 1891 4003 ad
1917 3949 2068 4004 solli-

487 4037 739 4093 citandos
777 4051 945 4092 canes
991 4053 1130 4102 quos
1181 4038 1409 4094 invadit.
1463 4039 1728 4110 Sepulcra
1772 4057 2066 4112 corporum

489 4129 864 4202 inquisitionis
903 4144 1034 4201 ergo
1075 4132 1237 4185 eruit.
1269 4129 1406 4185 Huic
1442 4139 1730 4204 utramque
1749 4149 1874 4190 esse
1905 4143 2068 4188 natu-

488 4239 628 4290 ram,
665 4232 721 4278 et
768 4223 1065 4294 quotannis
1107 4224 1308 4278 mutari
1349 4225 1404 4278 in
1460 4240 1666 4280 marem
1696 4233 1768 4296 _et
1811 4226 2069 4282 feminam

491 4317 731 4390 prodidit
762 4315 1069 4388 Oppianus,
1097 4317 1193 4372 lib.
1221 4332 1283 4372 ιιι
1313 4321 1538 4388 Κυνηγ.
1581 4335 1600 4372 ι
1688 4388 1695 4394 _

492 4432 699 4503 Θαῦμα
720 4431 788 4487 δὲ
805 4433 902 4505 καὶ
931 4433 1050 4505 τόδ’
1075 4433 1309 4487 ἄκουσα
1335 4433 1468 4502 περὶ
1486 4434 1808 4503 στικτῇσιν
1833 4437 2069 4505 ὑαίνης·

495 4507 759 4572 Ἀρσενα
793 4504 893 4558 καὶ
925 4503 1175 4570 θήλειαν
1200 4505 1548 4572 ἀμείϐεσθαι
1572 4507 1932 4561 λυκάϐαντι·
1982 4503 1990 4517 τ

489 4577 604 4648 Kal
628 4576 685 4642 ῤ’
713 4575 814 4648 ets
1006 4574 1275 4648 τελέθειν
1320 4575 1653 4648 δυσδερθιέα
1683 4576 2082 4648 γυμερευτῆρα

491 4644 771 4717 Νωῐεμὲς
804 4647 1103 4716 ἱμεῲοντα
1133 4645 1353 4715 γάμων,
1387 4647 1534 4700 ποτὲ
1553 4647 1604 4698 δ’
1633 4643 1805 4714 αὖθιξι
1819 4643 2082 4717 ’ὁρᾶσθαι

499 4715 845 4787 Θηλυτέρην
874 4717 1139 4789 νύμφην,
1171 4718 1412 4788 λοχίην,
1443 4717 1542 4770 καὶ
1571 4719 1801 4792 μητέρα
1839 4715 2079 4787 κεδνήν.

498 4823 651 4891 Phile
679 4827 733 4881 in
760 4825 981 4889 lambis.
1023 4827 1299 4894 Elianus,
1323 4829 1421 4883 lib.
1461 4845 1501 4898 ι,
1525 4846 1648 4903 cap.
1679 4831 1750 4887 25
1777 4851 1790 4889 :
1815 4832 1924 4908 Τὴν
1966 4833 2084 4888 ὕαι-

497 4935 595 4972 ιαν
616 4922 776 4993 τῆτες
811 4920 910 4990 μὲν
938 4920 1143 4996 ἄρρενα
1166 4924 1214 4976 εἰ
1245 4921 1478 4990 θεάσοιο,
1507 4924 1604 4996 τὴν
1633 4925 1802 4997 αὐτὴν
1833 4928 1891 4989 ἐς
1912 4925 2084 4982 νέωτα

494 5010 616 5081 ὄψει
652 5011 871 5082 θήλειαν
903 5011 1000 5080 (ita
1027 5013 1172 5072 enim
1197 5016 1457 5086 corrigo),
1487 5017 1582 5070 καὶ
1612 5018 1753 5089 μετὰ
1787 5018 1962 5073 ταῦτα
1983 5021 2083 5093 ἄῤ-

500 5105 652 5175 ῥενα.
694 5101 1026 5158 Κοινωνοῢσί
1066 5121 1126 5167 τε
1163 5105 1482 5176 Ἀφροδίτης
1521 5106 1807 5178 ἑκατέραςν
1855 5110 1949 5162 καὶ
1980 5127 2082 5180 Υα’

501 5193 664 5273 μοῦσί
688 5212 748 5250 τε
780 5196 876 5258 καὶ
907 5195 1212 5267 γαμοῦνται
1248 5197 1353 5251 ἀνὰ
1384 5197 1502 5262 ἔτος
1527 5201 1633 5253 πᾶν
1667 5199 1991 5271 ὰμείδουσαι
2022 5201 2084 5254 τὸ

498 5287 675 5359 γένος.
749 5286 965 5356 Horus,
1015 5289 1110 5344 lib.
1176 5304 1252 5354 tt,
1308 5305 1432 5362 cap.
1475 5290 1542 5347 69
1579 5293 1770 5365 εΛῦτη
1829 5294 1938 5367 γὰρ
1994 5295 2082 5348 ὁτὲ

500 5378 601 5453 μὲν
649 5380 825 5453 eam
871 5381 1102 5453 γίνεται,
1160 5381 1248 5448 ὁτὲ
1302 5383 1360 5440 δὲ
1417 5383 1625 5457 θήλεια.
1657 5383 1882 5448 Ovidius
1911 5386 2085 5450 Meta-

497 5473 702 5541 morph.
738 5491 806 5539 xv
827 5491 842 5527 :

1027 5628 1032 5633 ι
1136 5608 1355 5662 ..ηᾳιιω
1382 5592 1534 5646 modo
1567 5593 1763 5663 femina
1799 5605 1943 5666 tergo

500 5656 677 5720 Passa
698 5675 895 5713 marem
915 5671 1012 5725 est,
1035 5677 1172 5714 nunc
1193 5656 1306 5716 esse
1324 5679 1520 5727 murem
1545 5656 1798 5718 miremur
1819 5656 2077 5731 hy'tznam.

502 5771 755 5839 Clemens
782 5772 1184 5832 Alexandrinus
1216 5790 1253 5830 ιι
1277 5775 1496 5844 Ρωάασ.
1524 5793 1573 5834 c.
1617 5779 1704 5846 l8,
1742 5780 1851 5848 Τὴν
1883 5781 1938 5836 δὲ
1963 5781 2082 5842 bat-

2166 3313 2403 3382 quamvis
2423 3310 2714 3372 communis
2731 3309 2820 3370 sit,
2856 3316 3031 3362 tamen
3048 3306 3100 3358 in
3133 3302 3370 3356 maribus
3387 3303 3562 3371 potius
3594 3301 3764 3354 ternio

2169 3413 2277 3464 tur.
2311 3406 2435 3468 quia
2473 3420 2668 3464 mares,
2702 3417 2862 3472 quam
2903 3399 3112 3468 femina:
3146 3397 3316 3466 magis
3343 3395 3650 3463 capiuntur.

2239 3496 2402 3562 lbid.,
2447 3496 2544 3550 lin.
2586 3495 2678 3552 25.
2711 3494 2890 3548 ’Ὅθεν
2931 3487 3368 3546 σπανιώτατον.
3431 3487 3763 3543 Aristoteles

2169 3592 2307 3646 locis
2342 3591 2545 3654 citatis.
2595 3588 2773 3644 Mares
2814 3604 2972 3658 quam
2999 3586 3207 3656 femina!
3241 3585 3412 3656 magis
3452 3586 3761 3652 capiuntur,

2171 3695 2244 3748 et,
2276 3684 2378 3739 Sed
2419 3700 2544 3740 raro
2573 3683 2763 3754 hga'na
2796 3682 2989 3751 femina
3023 3681 3248 3748 capitur,
3277 3679 3397 3748 jam
3429 3681 3568 3731 inter
3599 3676 3764 3731 unde~

2173 3779 2274 3833 cim
2302 3794 2520 3832 numero
2545 3794 2706 3832 unam
2733 3785 2939 3830 tantum
2968 3775 3168 3845 cepisse
3205 3783 3421 3829 venator
3449 3771 3632 3824 retulit
3653 3773 3766 3840 qui-

2172 3872 2319 3928 dam.
2346 3871 2414 3925 Et
2460 3870 2696 3935 Plinius,
2734 3870 2831 3925 lib.
2877 3884 2998 3935 vm,
3035 3883 3158 3942 cap.
3196 3866 3288 3931 50,
3329 3863 3592 3922 feminam
3635 3879 3766 3919 raro

2175 3967 2296 4036 capi
2329 3971 2522 4018 auctor
2555 3971 2659 4019 est.

2245 4055 2406 4121 lbid.,
2441 4056 2536 4110 lin.
2575 4054 2666 4108 2t).
2703 4054 2765 4107 Ὀ
2801 4050 2871 4106 δὲ
2915 4049 3153 4121 lambe
3179 4051 3350 4118 πρός.
3385 4047 3618 4125 choris
3640 4046 3766 4100 libi-

2176 4149 2382 4214 dinem,
2415 4155 2469 4202 et
2515 4145 2786 4219 petulcam
2829 4143 3193 4208 salacitatem,
3241 4141 3482 4212 itemque
3517 4139 3767 4194 fecundi-

2178 4251 2343 4297 tatem
2372 4241 2572 4295 cecinit
2599 4237 2880 4310 Oppianus
2905 4239 3130 4304 Κυνηγ.
3162 4249 3221 4288 ιιι
3250 4253 3264 4289 ι

2177 4374 2450 4444 Νωλεμὲς
2479 4373 2790 4443 ιμείρουσι·
2821 4370 3022 4444 γάμων
3042 4370 3092 4426 δ’
3127 4369 3218 4444 ἔτι
3241 4367 3422 4444 ἐγγὺς
3445 4364 3660 4444 ὲρῦσᾳι

2183 4435 2396 4522 017.39?
2411 4435 2773 4522 ili-valuerant
2814 4435 3027 4522 stoc-tot;
3069 4435 3445 4522 πολύρούρον
3476 4435 3691 4522 ἐρωὴν,

2109 4504 2154 4558 D
2183 4517 2318 4572 Οὐδ’
2401 4515 2500 4569 ὅτε
2555 4513 2769 4585 γαστρὶ
2833 4504 3084 4582 spepondi
3148 4504 3543 4585 πολύάπορογ
3603 4504 3769 4585 dmin-

2184 4657 2411 4727 Ἕξοχα
2426 4655 2536 4726 τὰρ
2561 4655 2698 4727 τόδε
2715 4655 2931 4727 φῦλρν,
2966 4651 3058 4727 do"
3075 4652 3342 4727 ᾷξτλετος
3365 4579 3765 4727 ἕτὲιέξεῑξῐὶᾳ.

2180 4719 2530 4799 umidiora?
2548 4719 2790 4799 τελέθει.
2823 4724 2896 4777 Τὸ
2916 4724 3032 4792 μὲν
3060 4722 3150 4799 ἄρ’
3167 4723 3302 4799 πυρὶ
3336 4719 3769 4799 νηδύρςᾷἐκτὸε

2187 4789 2488 4870 Ἔμϐῥυον
2551 4797 2875 4866 ἐκθρώσκει
2918 4789 3408 4862 ’τετελεσμένον
3475 4790 3695 4931 digii”
3711 4789 3766 4841 δ’

3564 4875 3613 4913 cr
3694 4876 3766 4913 εν

3564 4875 3770 4913 σωσεν

2183 4943 2379 5009 Νόσφι
2398 4939 2594 5009 τριχὸς
2620 4937 2840 5008 φορέει,
2866 4937 2932 5009 τὸ
2958 4935 3010 4988 δ’
3040 4934 3131 5002 ἄρ’
3159 4930 3555 5009 ἡμιτέέεᾳτοιί·
3575 4930 3765 5009 ἀέξει·

2187 4999 2377 5066 Ἀλᾶο
2425 4999 2835 5080 δ”ᾶὶ-’ἷιρᾶρονγ
2878 5007 3002 5078 ἔχει
3063 4999 3270 5074 θορόεν
3321 5002 3552 5080 ,ϐρέφος
3590 4999 3770 5080 ⁸ὠπή-

2183 5155 2428 5221 βΕξεί-ης
2455 5152 2634 5205 τίκτει
2656 5149 2744 5210 δὲ,
2771 5149 2867 5204 καὶ
2907 5143 3356 5221 obaorcbftlvc
3378 5072 3694 5221 digii???

2183 5213 2419 5290 Λήθετο
2432 5223 2852 5292 μαχλοσύνης,
2877 5217 3063 5274 τελέει
3091 5217 3144 5292 δ’
3172 5215 3291 5292 liga
3317 5216 3515 5292 ῥυμὸς
3549 5213 3767 5283 ἀνώγει

2190 5285 2326 5351 οὐδ’
2359 5285 2567 5360 αὺὶαῗξ·
2592 5285 3180 5359 ὡδῖσιῦἁναινομένη
3207 5285 3548 5354 Κυθέρειαν.

2185 5411 2441 5468 ΑΞιίιιιιιιε
2471 5409 2566 5464 lib.
2605 5423 2668 5471 ιι,
2725 5406 2800 5461 De
2848 5407 2972 5460 hist.
3003 5406 3191 5469 anim.,
3235 5417 3359 5472 cap.
3391 5400 3478 5463 12,
3518 5398 3678 5469 Φέρει
3707 5396 3766 5450 δὲ

2187 5505 2280 5558 καὶ
2307 5504 2364 5555 ἐν
2395 5504 2460 5574 τῇ
2493 5499 2646 5572 νηδύϊ
2691 5499 2760 5552 τὰ
2801 5499 2898 5570 μὲν
2947 5496 3180 5569 ἡμιτελῆ
3203 5495 3271 5548 τὰ
3302 5495 3357 5547 δὲ
3388 5493 3586 5556 ὠδίνει,
3613 5490 3682 5544 τὰ
3705 5490 3768 5545 δὲ

2187 5599 2290 5670 ήδη
2322 5598 2369 5650 οἱ
2402 5597 2667 5651 τέτεκται.
2704 5594 2858 5650 Phile
2891 5592 2950 5649 in
2998 5590 3242 5654 Iambis;
3277 5589 3507 5651 Plinius,
3560 5585 3658 5640 lib.
3705 5601 3762 5645 ι,

2189 5706 2309 5760 cap.
2352 5690 2441 5753 45,
2474 5688 2778 5758 Dasypoaes
2813 5687 2954 5741 omni
2988 5701 3160 5740 mense
3187 5682 3421 5754 pariunt,
3452 5690 3500 5734 et
3532 5677 3769 5746 superfe-

2191 5792 2300 5838 tant
2335 5781 2470 5836 sicut
2511 5779 2726 5838 lepores.
2760 5776 3080 5840 Aristoteles
3110 5775 3181 5830 De
3205 5774 3331 5834 hist.
3357 5772 3522 5827 anim.
3552 5770 3649 5825 lib.
3682 5783 3760 5835 vt,
