4072 6342
285 302 399 361 955

1273 305 1341 362 IN
1376 303 1747 364 EUS’I’ATIIII
1789 304 2267 363 HEXAEMERON
2304 307 2534 365 ΝΟΤᾹΣ.

3434 310 3541 365 954

286 432 410 489 cap.
440 418 528 478 55,
554 415 793 488 Singulis
818 420 1085 476 mensibus
1108 434 1380 494 generant,
1412 425 1501 479 sed
1541 424 1678 494 fetus
1707 421 1860 478 edunt

1966 439 2049 475 τοι
2093 423 2202 477 τῶν
2248 423 2475 479 λεόντων
2536 426 2967 497 παραπλησίους.
3006 425 3362 497 Κατάπτερον
3390 425 3446 479 δὲ
3477 425 3549 480 τὰ

286 525 392 563 non
420 510 727 574 universos;
759 512 1087 583 interpositis
1118 516 1257 569 enim
1287 515 1491 582 diebus,
1515 526 1640 587 quot
1668 533 1750 570 res
1780 525 1866 569 tu-

287 601 409 654 terit
434 611 691 671 peragunt
714 605 1032 672 partionem.
1067 605 1267 661 Eorum
1297 607 1683 663 fecunditatem
1716 614 1867 663 retu-

288 694 490 758 lerunt,
545 694 776 761 Plinius,
827 698 921 753 lib.
968 715 1088 765 vm,
1139 715 1258 771 cap.
1296 702 1365 755 29
1420 710 1477 756 et
1511 702 1607 766 55;
1644 701 1861 765 Strabo,

287 786 382 840 lib.
425 802 520 853 Ill;
554 786 809 853 Basilius,
842 789 988 845 hom.
1022 792 1055 845 8
1085 792 1376 855 Hexaem.;
1407 791 1643 866 Symeou
1683 793 1863 865 Logo-

284 876 437 931 theta
466 893 533 933 ex
569 879 761 934 eodem
790 879 1015 945 Basilio,
1050 892 1193 937 orat.
1226 900 1292 949 v;
1316 886 1639 941 Ambrosius
1660 886 1756 939 lib.
1788 884 1863 940 De

288 969 333 1025 Τ
334 970 477 1039 obia,
511 987 634 1043 cap.
671 974 759 1036 15,
788 984 842 1029 et
870 991 1092 1032 causam
1121 986 1317 1048 prreter
1345 979 1694 1035 Aristotelem
1728 979 1865 1034 Pro-

284 1061 441 1116 blem.
476 1072 612 1119 sect.
660 1066 760 1121 107
790 1076 845 1123 et
876 1084 927 1122 ιν
968 1069 1045 1123 De
1089 1080 1322 1139 generat.
1371 1073 1592 1126 animal.
1632 1087 1754 1143 cap.
1804 1072 1860 1135 5,

285 1152 467 1208 reddit
520 1155 830 1215 Herodotus
858 1159 912 1214 in
954 1161 1148 1215 Thalia
1193 1177 1211 1216 :
1240 1164 1349 1217 Καί
1382 1182 1493 1229 κως
1523 1163 1618 1217 τοῦ
1647 1164 1793 1217 Θείου
1825 1168 1860 1237 ή

282 1247 511 1317 προνοίη
548 1248 736 1321 ὥσπερ
772 1253 864 1304 καὶ
894 1252 1041 1317 εἰκός
1071 1255 1217 1307 ἐστιν
1250 1254 1415 1308 ὲοῦσα
1445 1256 1605 1326 σοφή·
1630 1257 1731 1309 ὅσα
1764 1256 1863 1325 μὲν

282 1340 394 1411 γάρ
425 1340 605 1411 ψυχήν
635 1360 696 1395 τε
722 1343 888 1408 δειλὰ,
924 1347 1016 1397 καὶ⁵
1050 1344 1307 1416 ἐδώδιμα,
1339 1347 1513 1401 ταῦτα
1551 1348 1650 1418 μὲν
1684 1348 1863 1400 πάντα

250 1488 261 1495 ,
282 1432 557 1503 πολύγονα
593 1436 914 1507 πεποίηκεν,
942 1438 1029 1492 ἵνα
1080 1440 1154 1511 μὴ
1200 1440 1545 1512 ὲπιλείπηται
1578 1441 1863 1495 κατεσθιό-

284 1542 443 1596 μενα,
464 1528 562 1580 ὅσα
576 1529 633 1581 δὲ
654 1530 869 1600 σχέτλια
899 1533 992 1586 καὶ
1019 1533 1216 1604 ἀνιηρά
1244 1533 1543 1602 ὀλιγόγονα,
1572 1533 1728 1586 τοῦτο
1764 1534 1862 1605 μὲν

280 1618 365 1671 ὅτι
397 1619 627 1687 λαγωὸς,
661 1622 766 1674 ὑπὸ
812 1624 1009 1687 παντὸς
1057 1625 1347 1696 Θηρεύεται
1368 1625 1577 1696 Θηρίου,
1602 1627 1695 1679 καὶ
1716 1626 1863 1697 δρνι-

281 1709 394 1775 6ος,
430 1713 525 1764 καὶ
552 1713 855 1785 ἀνθρώπου.
883 1715 1039 1769 Οὕτω
1065 1717 1128 1788 δή
1146 1736 1228 1772 τοι
1257 1719 1318 1771 τὸ
1346 1718 1637 1788 πολύγονόν
1669 1722 1818 1773 ἐστιν
1842 1736 1856 1750 ⁸

280 1803 660 1859 ἐπικυΐσκεται
690 1807 883 1877 μοῦνον
914 1808 1131 1863 πάντων
1160 1809 1269 1862 τῶν
1296 1810 1497 1881 θηρίων
1517 1828 1531 1842 ⁸
1559 1812 1654 1865 καὶ
1674 1812 1735 1865 τὸ
1763 1812 1859 1882 μὲν
1893 1791 1933 1845 Β

280 1895 417 1949 δασὺ
467 1897 573 1949 τῶν
617 1897 823 1951 τέκνων
854 1902 911 1954 ὲν
936 1902 1000 1972 τῇ
1032 1904 1251 1973 γαστρὶ,
1300 1903 1362 1955 τὸ
1403 1902 1459 1955 δὲ
1504 1901 1676 1972 ψιλὸν,
1709 1903 1769 1955 τὸ
1803 1904 1861 1957 δὲ

280 1988 408 2060 ἄρτι
438 1993 496 2043 ἐν
525 1994 649 2062 τῇσι
687 1992 924 2065 μήτρῃσι
968 1993 1285 2060 πλάσσεται,
1320 1996 1381 2049 τὸ
1433 1996 1491 2050 δὲ
1529 1997 1857 2068 ἀναιρέεται.

281 2081 386 2137 Hic
436 2084 599 2139 etiam
659 2084 791 2138 illud
850 2086 1393 2142 animadvertendum
1424 2088 1479 2142 in
1513 2089 1616 2143 hoc
1663 2105 1861 2160 genere

280 2176 625 2244 animalium,
657 2193 765 2232 non
823 2187 1036 2232 tantum
1080 2179 1311 2235 feminas
1372 2193 1589 2236 uterum
1627 2181 1769 2236 ferre
1806 2190 1862 2237 et

282 2267 507 2338 gignere
564 2268 908 2325 observatum
939 2286 1082 2335 esse,
1129 2271 1247 2337 sed,
1281 2272 1425 2342 quod
1478 2282 1563 2327 est
1612 2273 1861 2329 mirabile

280 2358 457 2423 dictu,
486 2360 649 2415 etiam
685 2377 863 2416 mares
892 2377 959 2416 ex
990 2377 1111 2417 sese
1135 2378 1326 2432 parere
1348 2373 1402 2418 et
1428 2364 1661 2419 nutrire.
1692 2364 1863 2419 [Elia-

282 2467 388 2506 nus
414 2453 603 2507 scribit
621 2454 921 2524 probatque
946 2455 1179 2511 hominis
1205 2457 1533 2512 auctoritate
1559 2457 1661 2512 llde
1683 2458 1860 2527 digni,

280 2545 377 2599 lib.
396 2562 494 2599 xm
514 2546 590 2601 De
604 2548 728 2601 hist.
756 2550 944 2611 anim.,
961 2564 1081 2618 cap.
1117 2549 1203 2615 12,
1226 2549 1539 2621 Θηρατοῦδὲ
1556 2552 1747 2623 ἀνδρὸς
1767 2554 1861 2606 καὶ

280 2636 353 2688 τά
373 2636 537 2707 ἔτερα
557 2638 783 2705 ἀγαθοῦ,
801 2639 913 2691 οἴου
942 2639 1017 2710 μὴ
1036 2640 1101 2692 ἂν
1112 2640 1435 2709 ψεύσασθαι,
1454 2643 1607 2711 λόγον
1630 2646 1859 2715 ἥκουσα,

278 2729 378 2781 καὶ
402 2730 552 2799 αὑτῷ
583 2731 942 2794 πεπίστευκα,
972 2733 1086 2803 lege
1115 2735 1566 2803 experimentum,
1589 2746 1641 2792 et
1673 2754 1864 2792 narra-

278 2820 483 2874 tionem
514 2837 621 2875 uon
645 2823 1017 2891 injucundam,
1038 2826 1236 2894 quibus
1249 2827 1431 2881 subdit
1450 2847 1462 2881 :
1482 2829 1572 2900 Μὴ
1586 2830 1862 2885 πιστεύειν

275 2906 372 2963 οὖν
433 2911 509 2983 τῷ
559 2912 702 2984 λόγῳ
768 2917 950 2968 πεῖσαι
1010 2919 1247 2988 ἐμαυτὸν
1297 2920 1357 2971 οὐ
1404 2920 1657 2991 δύναμαι,
1692 2923 1753 2975 τὸ
1805 2923 1862 2976 δὲ

276 3004 451 3057 αἴτιον
504 3008 537 3075 ἡ
588 3006 680 3059 τοῦ
757 3008 947 3079 ἀνδρὸς
1007 3009 1251 3078 γλῶττα,
1306 3012 1428 3065 οὕτε
1490 3013 1683 3083 ψεῦδος
1737 3015 1861 3070 οὒτε

278 3093 495 3163 κόμπον
525 3097 813 3165 ἠπίστατο.
845 3100 1083 3170 Ideoque
1113 3118 1213 3157 nec
1245 3104 1440 3157 mirum
1482 3105 1653 3160 videri
1699 3108 1859 3164 debet
1887 3134 1929 3190 ρ

278 3187 326 3239 si
353 3188 573 3257 quidam
597 3190 965 3246 existimarint
997 3194 1211 3264 lepores
1232 3212 1353 3252 esse
1378 3200 1662 3270 utriusque
1688 3218 1851 3259 sexus

278 3281 594 3349 participes.
626 3281 760 3336 Cum
789 3285 933 3338 enim
956 3288 1205 3344 eumdem
1233 3290 1480 3345 viderent
1496 3299 1548 3346 ct
1571 3294 1853 3348 muliebria

278 3371 391 3441 pati
440 3380 493 3425 et
549 3372 678 3427 item
720 3390 899 3445 agere,
932 3385 986 3431 et
1015 3378 1159 3446 quod
1207 3380 1390 3448 potius
1424 3381 1664 3451 gignere,
1693 3384 1855 3438 sobo-

284 3462 501 3533 lemque
551 3466 807 3531 educarc,
838 3483 945 3522 non
976 3470 1096 3525 sine
1129 3473 1342 3527 ratione
1376 3473 1427 3528 id
1458 3484 1515 3528 ut
1547 3476 1851 3541 crederent,

279 3554 431 3611 ducti
487 3567 637 3616 sunt.
687 3560 844 3627 Quod
901 3560 1111 3617 Plinius
1165 3565 1491 3620 Archelaum
1550 3568 1855 3626 alﬁrmasse

280 3649 496 3714 scribit,
531 3659 585 3706 et
629 3650 973 3708 Democritus
1005 3654 1057 3708 in
1096 3654 1399 3724 Ceoponicis
1433 3658 1675 3713 tradidit.

348 3738 621 3804 Ibid.,lin.
646 3743 735 3797 27.
763 3746 873 3799 Καὶ
899 3747 1159 3801 τεκοῦσα
1179 3749 1387 3803 πάλιν.
1419 3748 1649 3812 Plinius.
1676 3751 1770 3806 lib.
1800 3770 1852 3818 ι,

278 3847 403 3902 cap.
460 3833 530 3887 45
564 3853 577 3888 :
611 3836 652 3886 Α
715 3848 874 3906 partu
915 3841 1098 3894 statim
1140 3842 1461 3909 implentur;
1524 3845 1849 3913 concipiunt,

277 3928 517 3998 quamvis
554 3930 716 3983 ubera
756 3932 988 3986 siccante
1037 3933 1166 4003 fetu.
1198 3934 1263 3988 Et
1313 3936 1408 3990 lib.
1441 3953 1561 3999 vm,
1602 3953 1722 4007 cap.
1749 3939 1851 3994 55:

276 4018 447 4087 Lepus
477 4023 707 4075 omnium
732 4025 927 4093 pra’dte
951 4044 1191 4088 nascens,
1224 4028 1367 4081 solus
1405 4041 1595 4098 prazter
1626 4031 1856 4099 dasypo-

277 4111 394 4163 dem
427 4115 741 4182 superfetut,
798 4118 949 4171 aliud
978 4118 1230 4184 educans,
1276 4121 1423 4177 aliud
1459 4123 1509 4177 in
1552 4132 1699 4176 utero
1730 4124 1853 4193 pilis

278 4206 545 4269 vestitum,
577 4208 725 4261 aliud
748 4210 1017 4279 implume,
1045 4213 1192 4265 aliud
1219 4214 1521 4269 inchoatum
1551 4232 1729 4287 gerens
1758 4234 1855 4285 pa-

278 4299 425 4354 riter.
467 4298 657 4355 Solum
689 4304 1047 4373 superlctare,
1076 4314 1135 4359 ut
1163 4324 1347 4361 verum
1380 4309 1472 4372 sit,
1508 4311 1702 4365 viderit
1738 4312 1854 4381 ipse

277 4388 513 4448 Plinius.
551 4392 735 4465 Equas
775 4404 829 4451 et
853 4399 1109 4453 mulieres
1148 4415 1366 4469 quoque
1394 4401 1730 4471 super-fetare
1756 4418 1854 4471 pro

1964 515 2127 579 νῶτα,
2158 516 2253 569 καὶ
2304 516 2508 571 τούτων
2539 516 2648 570 τῶν
2678 517 2893 589 πτερῶν
2943 518 3043 589 τὴν
3085 516 3250 589 χρόαν
3292 517 3548 588 μέλαιναν

1963 605 2101 661 εἶναι
2155 606 2358 678 ᾄδουσι.
2395 606 2477 661 Τὰ
2535 608 2592 661 δὲ
2640 608 2875 680 πρόσθια
2928 607 3135 680 ἐρυθρά
3164 624 3316 674 φασι,
3342 607 3440 671 τάς
3484 624 3547 675 γε

1966 700 2071 772 μὴν
2105 701 2383 772 πτέρυγας
2434 699 2603 764 αὐτὰς
2640 701 2825 753 οὐκέτι
2857 699 3129 763 τοιαύτας,
3162 699 3298 752 ἀλλὰ
3324 699 3545 762 λευκὰς,

1960 793 2058 865 τὴν
2110 794 2272 865 δέρην
2313 794 2370 847 δὲ
2408 794 2587 847 αὐτῶν
2632 797 2849 856 κυανοίς
2896 792 3199 862 διηνθίσθαι
3244 794 3355 854 τοῖς
3412 808 3544 843 πτε-

1964 890 2076 959 ροῖς
2100 888 2343 957 Κτησίας
2371 889 2589 959 ἱστορεῖ.
2610 887 2791 957 Στόμα
2817 885 2873 937 δὲ
2898 885 3039 955 ἔχειν
3069 884 3321 947 ἀετῶδες,
3340 884 3432 936 καὶ
3448 882 3546 953 τὴν

1961 978 2201 1049 κεφαλὴν
2245 979 2432 1031 ὁποίαν
2480 980 2530 1031 οἱ
2586 977 3031 1049 χειρουργοῦντες
3061 975 3331 1047 γράφουσί
3362 993 3421 1027 τε
3450 976 3547 1029 καὶ

1962 1070 2276 1124 πλάττουσι.
2298 1070 2593 1139 Φλογώδεις
2619 1070 2675 1123 δέ
2706 1087 2838 1139 φασι
2866 1072 2992 1132 τοὺς
3019 1069 3329 1138 ὀφθαλμοὺς
3354 1067 3541 1122 αὐτοῦ.

1962 1160 2191 1227 Plinius,
2224 1162 2318 1217 lib.
2354 1179 2449 1225 vn,
2473 1178 2592 1232 cap.
2622 1162 2659 1215 ‘2
2690 1182 2703 1217 :
2746 1163 3043 1231 Arimaspis
3090 1161 3301 1215 assidue
3353 1159 3545 1214 bellum

1960 1270 2073 1308 esse
2089 1255 2231 1307 circa
2255 1255 2473 1308 metalla
2488 1271 2606 1307 cum
2623 1255 2856 1325 gryphis,
2876 1256 3113 1323 ferarum
3140 1253 3339 1307 volucri
3361 1268 3545 1322 genere

1961 1350 2117 1418 quale
2166 1349 2317 1420 vulgo
2372 1348 2625 1411 traditur,
2671 1361 2883 1402 eruente
2921 1364 2986 1402 ea:
3020 1348 3280 1401 cuniculis
3329 1363 3543 1410 aurum,

1962 1444 2100 1495 mira
2120 1442 2425 1510 cupiditate,
2450 1451 2499 1495 et
2544 1442 2671 1511 feris
2702 1441 3139 1505 custodientibus,
3165 1450 3216 1495 et
3259 1442 3543 1509 arimaspis

1963 1535 2310 1603 rapientibus,
2345 1536 2517 1601 multi,
2557 1534 2646 1589 sed
2680 1537 2909 1589 maxime
2956 1534 3191 1588 illustres
3243 1532 3543 1587 Herodotus

1962 1636 2011 1682 et
2068 1629 2303 1683 Aristeas
2366 1627 2782 1692 Proconnesius,
2819 1627 3073 1681 scribunt.
3130 1626 3329 1681 Eorum
3378 1627 3543 1680 etiam

1963 1721 2257 1776 meminere
2305 1713 2547 1782 Solinus,
2588 1719 2894 1773 PauSanius
2934 1720 2989 1773 in
3018 1719 3318 1783 Arcadicis,
3354 1716 3540 1770 Philo-

1962 1822 2166 1868 stratus
2194 1815 2247 1867 in
2297 1812 2412 1867 Vita
2461 1814 2747 1882 Apollonii.
2774 1813 2899 1868 Ilaec
2931 1822 3110 1866 tamen
3140 1827 3264 1867 esse
3295 1810 3542 1865 fabulosa

1961 1906 2295 1961 existimavit
2320 1905 2531 1961 Plinius
2558 1906 2683 1961 libr.
2730 1922 2783 1970 χ,
2809 1921 2929 1976 cap.
2972 1905 3060 1969 49,
3090 1904 3321 1975 Pegasos
3354 1904 3543 1973 equino

1960 1998 2129 2065 capite
2176 1997 2432 2061 volucres,
2485 2006 2534 2050 et
2568 1996 2797 2067 gryphas
2854 1996 3034 2049 aurita
3097 1994 3404 2046 aduncitate
3459 2008 3543 2044 ro-

1960 2089 2079 2152 stri,
2100 2088 2369 2158 fabulosos
2400 2106 2517 2143 reor
2551 2090 2669 2142 illos
2703 2090 2757 2141 in
2782 2086 3020 2158 Scythia,
3046 2086 3139 2140 hos
3160 2087 3213 2139 in
3238 2084 3541 2154 Ethiopia.

2028 2179 2187 2245 lbid.,
2245 2181 2340 2235 lin.
2395 2180 2484 2235 51.
2545 2178 2807 2248 Ἀρπάζει
2852 2178 2920 2231 δὲ
2976 2179 3215 2233 λέοντα.
3273 2177 3543 2246 Georgius

1961 2272 2194 2337 Pisides,
2242 2271 2318 2326 De
2364 2272 2547 2324 mundi
2586 2272 2818 2340 api/icio,
2846 2286 2971 2324 eum
3000 2276 3054 2323 et
3080 2269 3274 2323 bovem
3305 2267 3543 2337 rapidis-

1961 2366 2101 2422 sime
2154 2342 2433 2435 arreptum
2464 2365 2571 2418 alte
2604 2365 2817 2419 elevare
2850 2361 3108 2415 afﬁrmat.

2032 2480 2225 2551 Πόθεν
2257 2478 2325 2551 δὲ
2357 2476 2519 2551 min}
2555 2474 2840 2551 εῄσθεγὲς
2879 2474 3080 2551 λαϐὼν
3107 2472 3345 2551 κράτος,

2033 2550 2141 2603 Kal
2179 2548 2341 2613 ,βοῦν
2366 2546 2658 2601 ἀνασπῶν
2698 2546 2766 2608 ἐξ
2807 2546 3056 2613 ἑτοίμων
3088 2545 3367 2613 ἁρπαγῶν

2032 2620 2141 2674 Kal
2162 2612 2391 2687 πτηνὸς
2426 2614 2619 2687 ἦρται,
2662 2616 2762 2670 καὶ
2789 2613 3018 2680 βαδίζει
3048 2612 3414 2681 τετράπους;

1964 2732 2215 2791 Elianus
2272 2740 2452 2784 tamen
2510 2746 2633 2783 cum
2693 2729 2814 2783 aliis
2877 2727 3250 2781 animantibus
3305 2726 3544 2796 gryphas

1962 2832 2280 2882 concertare
2310 2831 2365 2878 et
2394 2822 2614 2876 vincere
2662 2820 2876 2882 scribit,
2912 2819 3006 2874 sed
3042 2833 3276 2889 pugnam
3320 2819 3539 2871 leonum

1962 2932 2016 2978 et
2056 2921 2470 2992 elephantorum
2503 2916 2818 2979 abhorrere,
2847 2931 3022 2984 neque
3048 2930 3171 2968 cum
3216 2914 3297 2967 eis
3335 2914 3388 2966 in
3419 2928 3539 2967 cer-

1964 3027 2144 3070 tamen
2197 3008 2531 3067 descendere
2581 3007 2803 3061 ibidem.
2842 3007 2951 3058 Καὶ
2983 3003 3398 3073 διαγωνίζεσθαι
3442 3004 3542 3073 μὲν

1964 3109 2098 3180 πρὸς
2130 3107 2201 3160 τὰ
2233 3104 2366 3159 ἄλλα
2400 3102 2535 3167 ζῶα,
2568 3102 2660 3155 καὶ
2686 3102 2907 3171 κρατεῖν
2938 3101 3129 3172 ῥᾷστα.
3162 3097 3350 3151 Λέοντι
3381 3098 3438 3150 δὲ
3465 3097 3541 3169 μὴ

1956 3200 2328 3262 ἀνθίστασθαι,
2364 3198 2497 3269 μηδὲ
2530 3194 2802 3263 ἐλέφαντι.

2028 3294 2188 3355 Ibid.,
2217 3292 2310 3345 lin.
2337 3292 2425 3345 52.
2474 3288 2671 3353 Ἀετὸς
2694 3287 2829 3354 παρ’
2870 3284 3034 3354 ἡμῖν.
3058 3284 3405 3348 Aristoteles,
3439 3284 3536 3338 lib.

1958 3405 2011 3442 lx
2044 3387 2118 3440 De
2140 3387 2267 3438 hist.
2301 3385 2464 3437 anim.
2490 3397 2539 3435 c.
2576 3381 2680 3434 δὶς
2716 3380 2950 3432 Venatur
2973 3378 3155 3446 aquila
3185 3376 3541 3446 lepores.hiu-

1956 3481 2133 3542 nulos,
2159 3479 2358 3547 vulpes,
2382 3485 2431 3531 et
2460 3474 2664 3544 reliqua
2694 3489 2810 3543 qua:
2847 3473 3046 3525 vincere
3068 3470 3261 3524 ualeat.
3286 3469 3541 3525 Elianus

1957 3574 2050 3628 lib.
2068 3590 2121 3626 ix
2146 3571 2221 3625 De
2250 3570 2376 3624 hist.
2406 3568 2737 3635 anim.,cap.
2758 3564 2823 3618 IO
2844 3583 2859 3619 :
2878 3562 3057 3626 Ἀετὸς
3074 3562 3210 3628 ζῶον
3227 3562 3541 3615 πλεονεκτι-

1957 3666 2074 3726 κὸν,
2105 3664 2197 3717 καὶ
2223 3662 2287 3715 δι’
2315 3659 2579 3732 ἁρπαγῶν
2619 3656 2896 3711 ποιοῦνται
2941 3656 3166 3726 τροφὰς,
3185 3654 3278 3708 καὶ
3322 3652 3540 3726 σαρκῶν

1958 3758 2215 3811 ἐσθίουσιο
2267 3756 2362 3808 καὶ⁸
2387 3754 2495 3825 γὰρ
2523 3752 2673 3821 λαγὼ
2709 3749 3035 3822 ἁρπάζουσι,
3064 3748 3159 3801 καὶ
3205 3746 3417 3818 νεϐρὸν,
3446 3746 3541 3799 xui.

1956 3850 2093 3921 χῆνα
2114 3847 2173 3912 ἐξ
2191 3846 2380 3917 αὐλῆς,
2404 3846 2498 3898 καὶ
2518 3844 2671 3898 ἀλλα.
2687 3842 2920 3911 Ideoque
2946 3856 3071 3895 eum
3108 3840 3415 3909 aquilarum
3449 3853 3540 3892 vo-

1955 3956 2072 3996 cem
2128 3940 2363 3994 maxime
2406 3938 2621 4002 timere,
2674 3936 2817 3991 sicut
2849 3944 2903 3991 et
2958 3936 3187 3989 aliarum
3251 3934 3456 3997 avium,
3508 3949 3539 3987 a

1955 4034 2158 4104 quibus
2198 4033 2337 4086 male
2365 4038 2624 4100 exceptus
2652 4030 3002 4085 interimitur.
3030 4029 3173 4082 Idem
3201 4026 3276 4080 ait
3300 4027 3392 4081 lib.
3419 4042 3537 4087 xm,

1956 4143 2076 4195 cap.
2116 4127 2173 4180 lI
2206 4143 2219 4191 ;
2248 4123 2480 4188 Plinius,
2507 4124 2603 4179 lib.
2640 4139 2693 4185 ι,
2719 4138 2839 4191 cap.
2869 4123 2924 4181 4.
2953 4122 3258 4192 aquilarum
3289 4120 3457 4188 primo
3489 4127 3537 4171 et

1956 4218 2184 4273 secundo
2222 4218 2423 4288 generi,
2469 4234 2571 4269 non
2607 4218 2867 4269 minorum
2902 4226 3107 4270 tantum
3141 4212 3539 4284 quadrupedum

1956 4313 2169 4382 rapina,
2202 4312 2293 4364 sed
2330 4290 2491 4365 etiam
2526 4327 2643 4363 cum
2675 4313 2837 4365 cervis
2864 4310 3071 4377 pra'lia.
3110 4309 3340 4369 Multum
3361 4307 3539 4376 pulce-

1957 4423 2065 4461 rem
2108 4406 2344 4459 uolutatu
2367 4404 2664 4462 collectum.
2700 4403 2935 4457 insidens
2972 4402 3215 4455 cornibus
3259 4399 3453 4452 excutit
3484 4398 3535 4449 in

276 4484 591 4540 indubitalo
644 4487 894 4543 habetur.
943 4488 1047 4544 Sed
1080 4492 1144 4545 ad
1176 4508 1289 4546 rem
1335 4493 1656 4549 Aristoteles
1703 4496 1852 4559 item,
1888 4486 1933 4540 Ι)
1963 4499 2177 4560 oculos,
2221 4498 2400 4566 pennis
2447 4514 2542 4550 ora
2590 4495 2887 4554 verberans,
2935 4494 3097 4547 donec
3150 4492 3438 4561 pra’cipitet
3482 4491 3535 4543 in

278 4578 403 4636 libr.
445 4595 498 4631 vr
532 4578 607 4632 De
644 4580 835 4637 histor.
890 4583 1136 4648 animal.,
1174 4586 1340 4654 capit.
1404 4587 1474 4640 55
1511 4604 1523 4639 :
1564 4586 1734 4641 liabet
1772 4590 1850 4656 fe-

274 4672 423 4727 mina
464 4673 550 4728 lac
586 4673 734 4743 prius
775 4692 933 4745 quam
986 4679 1186 4745 pariat,
1212 4688 1262 4732 et
1313 4697 1345 4733 a
1396 4694 1556 4747 partu
1601 4684 1849 4736 continuo

277 4766 460 4837 repetit
486 4766 681 4819 coitum
703 4776 788 4821 :et
817 4769 1021 4823 lactans
1053 4769 1224 4823 adhuc
1252 4772 1480 4840 concipit
1509 4772 1693 4841 fetum.
1725 4774 1852 4828 Haec

277 4859 405 4913 Item
460 4861 662 4914 omnia.
698 4860 750 4915 in
807 4861 1196 4927 Quwstionibus
1249 4864 1500 4935 physicis,
1534 4874 1729 4936 quaest.
1761 4866 1849 4933 II,

278 4950 598 5021 complexus
627 4959 709 5005 est
740 4950 1185 5023 TheOphylactus
1223 4954 1555 5012 Simocatus.
1610 4958 1623 4971 ‘

346 5042 509 5104 Ibid..
548 5044 641 5096 lin.
680 5045 767 5098 50.
808 5046 917 5097 Τὸν
944 5045 1012 5099 δὲ
1038 5047 1235 5117 γρῦπὰ
1286 5066 1493 5118 φασιν.
1534 5049 1787 5105 ᾸΖΙῘθηιιε
1822 5065 1853 5105 e

276 5135 458 5195 Ctesia
490 5149 680 5189 eorum
710 5134 936 5191 formam
967 5136 1259 5206 describit;
1288 5156 1411 5195 esse
1445 5142 1588 5196 enim
1618 5141 1852 5211 gryphes

274 5227 682 5297 quadrupedes.
754 5228 1155 5286 robustissimis
1229 5232 1538 5302 unguibus;
1591 5234 1853 5287 anteriori

276 5318 528 5389 corporis
569 5330 721 5388 parte
775 5320 993 5384 rubros,
1025 5322 1126 5375 alis
1176 5324 1443 5387 candidis,
1469 5324 1633 5380 dorso
1661 5326 1853 5396 pennis

278 5413 451 5481 nigris
507 5412 748 5473 indutos.
804 5416 1016 5470 cervice
1066 5416 1335 5477 crcruleis,
1390 5426 1444 5470 et
1500 5416 1729 5479 ﬂoridis,
1760 5433 1854 5473 ore

274 5504 542 5573 aquilino,
575 5513 629 5558 et
660 5505 857 5574 capite,
883 5507 1057 5561 oculis
1082 5506 1276 5577 igneis.
1317 5508 1410 5561 lib.
1449 5524 1501 5561 IV
1546 5508 1622 5561 De
1661 5507 1851 5563 histor.

275 5596 522 5661 animal,,
540 5613 661 5666 cap.
679 5598 781 5652 9.7:
815 5598 917 5651 Τὸν
940 5599 1125 5671 γρύπα
1155 5600 1336 5654 ἀκούω
1364 5600 1424 5653 τὸ
1456 5600 1595 5666 ζῶον
1619 5602 1680 5655 τὸ
1710 5602 1856 5656 Ἰνδι-

278 5691 372 5742 κδν
414 5690 720 5758 τετράπουν
771 5687 909 5745 εἶναι
962 5694 1103 5748 κατὰ
1144 5695 1267 5758 τοὺς
1312 5694 1554 5760 λέοντας,
1586 5697 1679 5749 καὶ
1711 5696 1854 5766 ἔχειν

270 5780 473 5855 ὄνυχας
506 5783 808 5855 καρτεροὺς
839 5784 913 5849 ὡς
941 5785 1021 5839 ὅτι
1054 5784 1309 5857 μάλιστα,
1344 5788 1436 5841 καὶ
1472 5788 1693 5854 τούτους
1728 5790 1853 5861 μένε

1958 4608 2130 4661 rupes.
2162 4590 2273 4646 Nec
2304 4606 2415 4646 non
2449 4597 2502 4643 et
2533 4598 2721 4643 tauros
2750 4588 2935 4641 venari
2968 4598 3160 4641 auctor
3192 4596 3276 4640 est
3304 4586 3456 4640 Phile
3482 4586 3535 4638 in

1956 4682 2155 4735 lumbis
2172 4724 2188 4747 ,

2030 4774 2187 4841 Θηρᾷ
2210 4774 2278 4826 δὲ
2308 4774 2405 4827 καὶ
2445 4773 2551 4825 τὸν
2590 4770 2770 4841 χῆνα,
2812 4770 2908 4823 καὶ
2932 4769 3045 4836 τὴν
3074 4767 3337 4841 δορκάδα

2026 4840 2135 4899 Kal
2162 4840 2279 4897 κτὸν
2303 4840 2671 4914 λαγωὸν,καὶ
2706 4844 2769 4896 τὸ
2795 4841 2912 4895 τῶν
2942 4842 3172 4909 ταύρων
3200 4840 3392 4909 γένος.

1959 4961 2024 5014 Et
2079 4959 2355 5022 Ailianus,
2402 4959 2473 5013 De
2515 4958 2705 5013 histor.
2750 4957 2971 5011 animal.
3019 4957 3113 5011 lib.
3170 4971 3231 5019 ιι,
3282 4969 3402 5026 cap.
3442 4952 3536 5014 59,

1957 5052 2262 5123 aquilarqu
2321 5066 2514 5120 genus,
2566 5051 2711 5118 quod
2770 5047 2992 5118 quidam
3048 5044 3389 5116 χρυσαίετον,
3443 5043 3535 5098 alii

1958 5144 2238 5216 ἀστερίαν,
2272 5144 2326 5197 in
2357 5143 2518 5197 Creta
2549 5142 2597 5196 vi
2628 5141 2861 5210 quadam
2892 5148 2946 5194 et
2976 5138 3241 5192 industria
3273 5136 3533 5208 singulari

1958 5249 2148 5293 tauros
2195 5237 2345 5307 ipsos
2406 5235 2683 5296 invadere,
2719 5242 2773 5289 et
2828 5233 3064 5304 praedam
3100 5230 3203 5285 sibi
3243 5230 3536 5299 cibumque

1958 5345 2151 5399 parare
2187 5347 2201 5382 :
2234 5344 2299 5381 ex
2345 5326 2562 5381 insidiis
2606 5326 2749 5379 enim
2807 5323 3005 5378 cervici
3064 5322 3307 5376 insidens
3357 5337 3535 5375 rOStro

1958 5437 2118 5491 quam
2151 5420 2417 5497 acerrime
2450 5419 2659 5489 pungit.
2684 5415 2898 5470 Taurus
2928 5416 3127 5470 ictibus
3158 5415 3370 5487 pulsus,
3397 5414 3524 5467 furi.

1960 5512 2178 5568 bundus
2203 5512 2255 5564 in
2281 5510 2460 5581 fugam
2485 5508 2735 5574 vertitur,
2753 5508 2842 5561 ubi
2870 5508 3046 5562 locum
3070 5507 3363 5577 proclivem
3394 5519 3533 5574 pcre-

1959 5605 2289 5675 cipitemque
2338 5600 2665 5666 accesserit,
2705 5601 2990 5669 explicatis
3020 5601 3074 5654 in
3100 5601 3286 5655 orbem
3328 5600 3428 5654 alis
3465 5598 3529 5652 iI-

1959 5699 2067 5754 lius
2116 5698 2306 5752 oculos
2342 5696 2495 5763 tegit,
2521 5695 2612 5764 qui
2640 5694 2921 5765 praacipitii
2958 5693 3180 5763 ignarus
3209 5692 3449 5753 subsilit,
3478 5698 3534 5747 et

1957 5804 2199 5861 praeceps
2220 5785 2515 5842 dilaniatus
2532 5786 2828 5852 emoritur;
2853 5792 2905 5841 et
2922 5783 3016 5841 lib.
3039 5800 3113 5852 Ix,
3132 5785 3297 5855 capit.
3332 5783 3417 5849 I0,
3437 5781 3529 5846 ait,
