4072 6342
575 289 667 344 )55

1865 289 2112 347 LEONIS
2146 287 2416 344 ALLA’I‘II

3695 283 3808 338 956

565 407 798 473 aquilam
829 421 991 476 quam
1023 407 1176 464 Jovis
1209 410 1572 480 appellarunt,
1596 425 1788 464 carnes
1830 427 1939 466 non
1970 412 2136 466 attin—
2168 417 2204 472 Α
2237 421 2428 465 auctor
2467 418 2651 465 uoster
2701 411 2892 466 scribit
2932 424 3092 464 nemo
3126 424 3236 464 non
3281 407 3446 470 Vldt‘l,
3485 421 3608 460 cum
3645 405 3804 460 illum

564 513 706 565 gere,
743 497 836 552 sed
861 498 1081 553 herbam
1107 501 1155 554 ei
1197 503 1262 556 ad
1294 504 1498 556 vietum
1529 502 1663 558 satis
1693 518 1835 558 esse.

632 587 792 652 lbid.,
843 590 938 645 lin.
1001 592 1090 646 55,
1149 594 1321 646 Ἐστι
1355 593 1423 646 δὲ
1461 592 1605 654 ζῶον
1641 594 1976 666 χαραδριός.
2011 595 2134 651 Haec

563 679 833 737 Eustathii
871 695 998 740 ante
1029 687 1220 742 oculos
1271 688 1488 742 videtur
1532 689 1789 744 habuisse
1821 693 2002 743 omnia
2032 691 2132 746 Pe-

561 780 678 826 trus
705 773 1021 838 Damianus,
1045 776 1172 830 dum
1207 777 1302 830 lib.
1342 793 1401 840 ll,
1437 777 1597 846 epist.
1632 779 1720 843 18,
1747 780 1814 833 de
1843 780 2132 835 cbaradrio

562 865 898 934 loqueretur.
935 865 1110 936 Hujus
1141 868 1490 938 proprietatis
1522 884 1744 924 causam
1769 871 1944 924 reddit
1963 871 2134 927 Theo-

560 958 849 1027 phylactus
902 959 1212 1015 Simocatus
1269 961 1322 1015 in
1379 962 1581 1026 Quam.
1628 972 1764 1027 nat.,
1818 973 2011 1034 quaest.
2045 965 2128 1027 15,

559 1065 683 1120 pag.
717 1050 804 1105 18.
843 1049 918 1104 Ita
952 1061 1178 1108 vocatus
1208 1053 1315 1106 ἀπὸ
1342 1053 1434 1106 τοῦ
1463 1053 1561 1116 τὰς
1599 1054 1874 1125 χαράδρας
1923 1056 2129 1127 διατρί-

560 1139 710 1203 ϐειν,
757 1156 822 1195 ex
869 1138 1174 1197 Scholiaste
1227 1143 1633 1211 Aristophanis,
1694 1153 1748 1199 et
1785 1145 2128 1208 Aristoteles,

560 1229 654 1284 lib.
694 1247 768 1291 ix,
799 1247 920 1301 cap.
955 1231 1041 1294 ll,
1077 1232 1187 1294 Τὰς
1213 1231 1269 1284 δὲ
1298 1233 1540 1303 οἰκήσεις
1567 1235 1596 1286 6
1621 1235 1718 1304 μὲν
1743 1235 1869 1306 περὶ
1896 1237 1994 1300 τὰς
2030 1254 2128 1306 χα-

561 1322 782 1394 ράδρας,
815 1324 863 1376 οἱ
908 1323 964 1376 δὲ
997 1326 1278 1394 χηραμοὺς
1316 1324 1607 1388 ποιοῦνται,
1646 1328 1738 1380 καὶ
1767 1328 1988 1398 πέτρας.
2017 1326 2130 1384 οἷον

555 1418 586 1470 6
611 1415 938 1486 καλούμενος
965 1418 1272 1490 χαραδριός.
1307 1418 1460 1472 Hunc
1496 1419 1757 1474 bitumine
1790 1423 1972 1476 necari
2003 1437 2131 1476 nar-

558 1514 644 1562 rat
671 1507 937 1566 ASliauus.
977 1510 1069 1564 lib.
1103 1527 1176 1573 Vl,
1217 1509 1292 1563 De
1323 1511 1509 1567 histor.
1543 1513 1787 1574 animal.,
1838 1514 2000 1584 capit.
2035 1515 2124 1570 46.

630 1597 790 1653 lbid..
819 1616 868 1668 p.
902 1601 990 1654 3i.
1018 1603 1386 1668 Λευκότατος
1415 1603 1489 1656 δι’
1511 1603 1676 1658 ὅλου.
1714 1604 2048 1676 Epiphanius
2075 1609 2126 1662 in

562 1687 881 1759 Physiologo
905 1731 918 1752 ,
954 1707 1074 1762 cap.
1105 1692 1194 1753 25,
1246 1695 1299 1747 ὐ
1336 1696 1650 1764 φυσιολόγος
1682 1697 1826 1762 ἔλεξε
1858 1701 1984 1770 περὶ
2009 1700 2129 1752 τού-

555 1793 670 1842 του,
722 1780 801 1832 ὅτι
844 1781 962 1834 ὅλον
997 1781 1184 1836 λευκόν
1210 1785 1346 1848 ἐστι,
1379 1787 1510 1856 μηδὲ
1543 1786 1676 1850 ὅλως
1705 1788 1960 1858 μελανίαν
1985 1790 2124 1860 ἕχον.

555 1872 911 1937 Aristoteles,
975 1876 1096 1930 libr.
1165 1893 1213 1930 ix
1270 1877 1344 1930 De
1383 1879 1567 1931 histor.
1611 1881 1829 1933 animal.
1883 1896 2002 1951 cap.
2040 1884 2125 1945 il,

556 1978 712 2016 avem
775 1965 914 2018 banc
968 1981 1189 2035 pravam
1231 1975 1285 2020 et
1324 1969 1528 2034 colore,
1575 1979 1628 2022 et
1665 1985 1798 2024 voce
1836 1974 1930 2034 ait,
1962 1981 2125 2026 noctu

555 2069 838 2125 apparere,
888 2057 980 2111 diu
1031 2059 1312 2129 aufugero.
1377 2058 1631 2115 Albertus
1675 2077 1797 2116 cum
1843 2061 2128 2120 Eusutthio

554 2147 742 2211 sentit,
785 2156 839 2201 et
879 2149 1057 2202 albam
1092 2165 1215 2204 esse
1255 2158 1423 2203 totam
1455 2159 1707 2207 testatur.

624 2236 739 2292 ibid
771 2279 786 2304 ,
838 2239 937 2292 lin.
983 2240 1052 2293 59
1083 2258 1096 2294 :
1131 2242 1316 2292 Ὅταν
1365 2240 1475 2310 γάρ
1529 2259 1735 2310 φασιν.
1795 2244 2126 2314 Epiphanius

553 2329 702 2383 dicto
732 2333 882 2384 Ιοιόε
919 2332 1026 2385 Καὶ
1064 2333 1155 2386 ὲάν
1180 2348 1263 2394 τις
1289 2335 1488 2402 νοσῇ,ή
1520 2333 1670 2396 νόσος
1690 2333 1782 2387 ἑοῦ
1817 2335 2122 2407 ἀνθρώπου,

551 2422 600 2472 εἰ
631 2419 776 2474 ἔστιν
803 2424 881 2484 εἰς
911 2422 1156 2486 θάνατον,
1191 2422 1519 2493 ἀποστρέφει
1569 2424 1676 2476 ἀπὸ
1719 2425 1811 2478 τοῦ
1843 2429 2124 2491 νοσοῦντος

550 2512 614 2564 τὸ
647 2511 931 2582 πρόσωπον
957 2513 1117 2566 αὐτοῦ
1149 2515 1177 2565 6
1212 2513 1518 2584 χαραδριὸς,
1543 2515 1636 2568 ἐὰν
1669 2515 1776 2586 δὲὴ
1805 2517 1957 2580 νόσος
1988 2519 2123 2590 πρὸς

553 2600 700 2672 ζωήν
727 2605 892 2660 ἐστιν,
923 2603 1158 2667 ἁτενίζει
1183 2605 1272 2658 τὸν
1299 2606 1554 2658 νοσοῦντα
1579 2607 1606 2658 6
1635 2608 1943 2679 χαραδριὸς,
1970 2611 2062 2662 καὶ
2095 2613 2122 2663 6

551 2693 722 2745 νοσῶν
770 2693 862 2746 τὸν
910 2695 1089 2749 αὐτόν.
1138 2695 1254 2750 Non
1313 2697 1598 2752 dissimilia
1648 2699 1814 2753 refert
1845 2701 2119 2762 Albertus,

555 2796 748 2840 auctor
794 2802 1098 2858 anonymus
1141 2789 1343 2844 Psalm.
1369 2804 1644 2847 comment.
1675 2794 1868 2863 psalm.
1903 2809 2119 2859 Luxlv,

554 2893 735 2940 versu,
769 2876 901 2932 Deus
925 2889 980 2932 tu
1001 2897 1276 2935 conversus
1301 2883 1584 2952 viviﬁcabis
1605 2902 1719 2948 nos,
1737 2897 1786 2940 et
1812 2886 1901 2938 alii
1933 2900 2118 2939 recen-

550 2971 739 3026 tiores.
797 2970 964 3042 Magis
1013 2989 1302 3028 commune
1351 2983 1530 3030 tamen
1569 2986 1652 3032 est
1702 2977 1970 3031 charadrii
2003 2993 2121 3046 pro-

551 3069 793 3130 spectum
825 3065 974 3133 regio
1007 3063 1195 3118 morbo
1241 3065 1616 3120 laborantibus
1655 3067 2120 3136 prodesse.A§lia-
2147 3096 2189 3154 ο

553 3169 656 3208 nus
695 3155 788 3208 lib.
815 3169 947 3217 xvn,
984 3170 1105 3224 cap.
1141 3155 1206 3208 13
1233 3173 1245 3208 :
1277 3155 1583 3229 Χαραδριοῦ
1623 3157 1677 3209 δὲ
1714 3152 1781 3228 ἦν
1814 3158 1920 3229 ἄρα
1951 3158 2120 3230 δῶρον

547 3244 722 3308 τοῦτο,
774 3245 832 3297 ὃν
863 3246 922 3298 οὺ
963 3245 1037 3315 μὰ
1072 3245 1168 3299 Διὰ
1199 3247 1482 3316 ἀτιμάζειν
1510 3247 1672 3314 ἄξιον.
1709 3250 1809 3301 Ἢν
1841 3250 1990 3317 γοῦν,
2019 3253 2120 3304 ὐπ-

547 3334 908 3407 αναπλησθεὶς
931 3337 990 3390 τὸ
1026 3336 1183 3408 σῶμα
1210 3338 1419 3410 ἰκτέρου
1447 3357 1550 3402 τις,
1580 3337 1696 3395 εἶτα
1727 3341 1774 3394 οἱ
1816 3343 1978 3413 δριμὺ
2012 3346 2121 3398 ἐνο-

533 3427 685 3502 ’ρὼῃ,
713 3429 740 3480 6
767 3427 822 3481 δὲ
854 3428 1170 3502 ἀντιϐλέπῃ,
1205 3430 1296 3482 καὶ
1328 3431 1469 3500 μάλα
1495 3448 1553 3484 τε
1584 3433 1893 3508 ᾁτρέπτωρ,
1930 3433 2118 3507 ὥσπερ

546 3514 638 3574 οὖν
677 3518 1158 3590 ἀντιουμούμενος,
1187 3524 1218 3592 ἡ
1251 3521 1470 3592 τοιαύτη
1502 3521 1792 3593 ἀνάϐλεψις
1831 3526 1973 3578 ἰᾶται
2021 3525 2114 3580 τοῦ

547 3610 943 3681 προειρημένου
975 3610 1174 3668 πάθους
1203 3612 1292 3663 τὸν
1318 3612 1620 3684 ἄνθρωπον.

619 3698 779 3763 lbid.,
813 3701 908 3752 lin.
933 3701 1022 3754 45.
1068 3703 1123 3753 '0
1140 3700 1207 3752 δὲ
1227 3706 1563 3772 μονόκερως
1593 3705 1756 3766 ζῶον.
1784 3706 1976 3764 Petrus
2011 3708 2116 3763 Da-

547 3794 786 3856 mianus,
812 3793 903 3848 lib.
933 3811 995 3858 lt,
1025 3812 1110 3867 ep.
1145 3797 1240 3852 l8:
1271 3799 1401 3864 Quis
1425 3799 1560 3854 hanc
1588 3800 1962 3871 ingenuitatem
1994 3806 2114 3858 uni-

546 3888 696 3940 corni
727 3887 968 3950 contulit,
1005 3899 1063 3942 ut
1095 3888 1402 3960 dedignetur
1451 3892 1649 3944 viribus
1699 3894 1858 3958 vinci,
1891 3895 2110 3948 humili-

547 3977 674 4031 tatis
699 3987 812 4032 arte
844 3980 1080 4047 patiatur
1113 3997 1167 4034 se
1200 3980 1359 4050 facile
1390 3985 1674 4050 superari?
1710 4001 1978 4055 nunquam
2011 3990 2112 4041 sci-

546 4069 666 4123 licet
725 4087 756 4124 a
791 4073 1120 4127 venatoribus
1171 4075 1400 4140 capitur,
1436 4076 1540 4128 nisi
1591 4077 1740 4144 prius
1795 4077 1846 4130 in
1895 4079 2109 4148 virginis

542 4164 738 4233 gremio
768 4167 1068 4221 reclinetur.
1092 4165 1375 4220 Cardanus
1399 4179 1746 4222 monocerota
1773 4185 1896 4224 cum
1927 4172 2110 4225 rhino-

544 4264 723 4311 cerote
763 4255 1080 4312 confudisse
1127 4258 1542 4327 reprehenditur
1569 4275 1601 4314 a
1635 4259 1780 4316 Julio
1807 4261 2103 4335 Scaligero,

543 4362 727 4403 exerc.
765 4348 888 4403 205.
922 4347 1024 4403 Alii
1060 4365 1277 4420 orygem
1310 4357 1471 4420 atque
1522 4364 1920 4410 monoeerotem
1961 4374 2108 4413 eum-

542 4436 664 4490 dem
701 4451 822 4492 esse
853 4439 1097 4493 arbitrati
1139 4448 1284 4493 sunt.
1315 4437 1486 4509 llujns
1521 4442 1859 4498 confusionis
1890 4445 1978 4498 illa
2013 4446 2111 4500 fuit
2147 4452 2188 4502 ι)

542 4527 714 4595 origo,
741 4527 884 4596 quod
920 4529 1174 4598 pleraque
1204 4529 1458 4582 animalia
1501 4532 1660 4585 unico
1696 4539 1904 4586 tantum
1937 4550 2109 4589 cornu

542 4616 950 4681 decorarcntur,
995 4627 1155 4688 atque
1212 4629 1581 4676 armarentur.
1629 4622 1810 4688 Quare
1859 4626 2108 4680 nonnulli

542 4719 744 4778 septem
787 4711 1100 4764 animalium
1144 4727 1339 4780 genera
1371 4713 1532 4766 unico
1563 4729 1732 4768 cornu
1778 4715 2110 4771 adnotarunt

543 4801 598 4854 in
631 4800 826 4854 Plinio.
850 4799 1091 4869 Scaliger
1121 4801 1237 4855 loco
1270 4803 1323 4857 d.
1351 4820 1415 4858 ex
1441 4805 1688 4872 corporis
1719 4806 1890 4860 forma
1925 4808 2107 4865 diver-

543 4893 821 4949 sissimum
849 4907 972 4946 esse
993 4893 1331 4948 rhinocerota
1350 4912 1376 4947 a
1395 4906 1737 4950 monocerote
1753 4898 2104 4956 demonstrat.

539 4985 747 5038 Plinius
780 4985 875 5044 ita,
904 4985 1183 5054 graphice,
1211 4986 1437 5049 lib.vm,
1464 5002 1585 5057 cap.
1618 4987 1682 5041 21
1709 5007 1721 5041 :
1745 4989 2104 5057 Asperrimam

540 5085 711 5128 autem
751 5074 920 5142 feram
944 5086 1323 5130 monocerotem
1352 5078 1548 5147 reliquo
1571 5095 1784 5147 corpore
1815 5097 1942 5151 equo
1967 5084 2106 5136 simi-

539 5169 660 5229 lem,
709 5169 877 5236 capite
929 5185 1099 5231 cervo,
1140 5171 1354 5239 pedibus
1378 5171 1675 5239 elephanto,
1727 5174 1898 5227 cauda
1949 5190 2098 5241 apro,

537 5261 734 5329 mugitu
782 5263 950 5332 gravi,
978 5280 1080 5317 uno
1118 5281 1280 5316 cornu
1323 5267 1472 5334 nigro
1503 5265 1672 5319 media
1705 5266 1875 5334 fronte
1900 5266 2103 5319 cubito-

539 5367 650 5402 rum
687 5351 860 5404 decem
884 5354 1158 5408 eminente.
1186 5353 1232 5407 ll
1241 5373 1336 5408 anc
1369 5355 1535 5424 feram
1559 5357 1722 5410 tivam
1756 5366 1940 5425 negant
1963 5359 2099 5426 capi.

537 5439 664 5495 ltem
691 5442 930 5504 Solinus,
962 5459 1082 5513 cap.
1113 5445 1219 5510 35;
1255 5445 1656 5501 Vartomannus
1685 5463 1750 5501 ex
1785 5446 2096 5517 Scaligero:

543 5533 889 5590 L'nicornibus
947 5538 1064 5605 equi
1114 5537 1440 5606 magnitudo,
1495 5554 1674 5600 crura,
1720 5539 1893 5607 pedes,
1943 5549 2101 5610 caput

537 5626 690 5688 cerei,
705 5627 800 5694 pili
829 5627 973 5682 color
1000 5628 1192 5692 balius,
1218 5631 1336 5698 equi
1354 5629 1488 5698 juba
1511 5631 1707 5693 rarior,
1740 5630 1940 5684 brevior
1957 5647 2101 5686 coxa:

536 5716 764 5785 villosis,
800 5726 906 5774 etc.
939 5719 1109 5786 Quem
1157 5723 1391 5781 maxime
1434 5717 1648 5778 diﬂ‘erre
1695 5723 1762 5779 ab
1791 5722 1892 5778 hoc
1935 5741 2096 5795 quem

2235 519 2480 573 parvum,
2498 503 2633 557 haedi
2666 503 3051 574 magnitudine,
3066 503 3260 556 eximia
3283 502 3603 572 pernicitate
3625 508 3679 552 et
3703 513 3808 551 ve-

2231 594 2525 662 hementia,
2555 610 2727 650 cornu
2766 595 2819 648 in
2853 595 3165 650 summitate
3211 593 3404 662 capitis
3435 591 3620 657 unico,
3653 589 3806 644 dicat

2230 703 2369 742 esse.

2300 778 2458 840 lbid.,
2483 778 2578 831 lin.
2613 777 2699 832 46.
2737 779 3093 847 Δριμύτατον
3113 775 3362 845 σφόδρα.
3387 773 3540 828 Phile
3567 773 3622 826 in
3654 769 3806 824 Iam-

2229 870 2342 933 bis,
2387 870 2452 923 ad
2510 884 2742 939 pugnam
2800 869 3303 938 promptitudinem,
3363 882 3428 920 e1.
3482 865 3802 918 vulneribus

2229 964 2350 1016 aliis
2378 963 2747 1016 animantibus
2779 961 3042 1031 pericula,
3069 975 3238 1013 cornu
3288 959 3448 1026 quale
3488 958 3582 1015 sit,
3621 957 3801 1024 ipsum

2227 1055 2447 1116 animal,
2481 1053 2751 1123 quomodo
2803 1061 3151 1106 mansuescat
3203 1051 3386 1103 multis
3425 1048 3798 1116 prosequitur.

2227 1145 2396 1215 Negat
2429 1156 2608 1200 tamen
2641 1144 3040 1199 Vartomaunus
3075 1149 3306 1198 ferocem
3336 1157 3480 1196 esse.

2302 1237 2458 1301 lbid.,
2485 1239 2578 1291 lin.
2603 1237 2692 1291 51.
2724 1238 2894 1290 Ἔστι
2918 1235 2985 1288 δὲ
3007 1234 3149 1296 ζῶον
3187 1234 3578 1300 καλούμενον.
3603 1227 3805 1283 Petrus

2229 1328 2522 1382 Damianus
2557 1329 2679 1382 libr.
2723 1344 2782 1390 ll,
2814 1328 2972 1396 epist.
2997 1342 3126 1380 svnt
3161 1326 3229 1379 ad
3257 1324 3596 1379 Desiderium
3629 1320 3800 1373 abba-

2229 1426 2358 1481 tem,
2396 1417 2587 1472 Castor
2630 1417 2804 1486 itaque
2845 1433 2963 1470 cum
2993 1433 3047 1470 se
3080 1417 3212 1470 videt
3254 1433 3285 1468 a
3324 1424 3564 1468 rettulere
3589 1423 3806 1479 propter

2227 1510 2478 1580 genitalia
2513 1511 2771 1580 persequi,
2805 1509 2916 1563 ha'c
2956 1510 3221 1562 mordicus
3271 1507 3554 1565 abscindit.
3585 1514 3636 1558 et
3683 1514 3806 1556 ante

2228 1603 2488 1656 venatoris
2540 1601 2728 1662 faciem
2782 1602 3010 1670 projicit.
3050 1600 3140 1655 Sic
3170 1600 3310 1654 illico
3340 1611 3552 1653 venator
3578 1597 3801 1656 accedit,

2229 1691 2354 1744 dum
2384 1691 2437 1745 id
2467 1701 2680 1761 propter
2700 1691 2836 1761 quod
2866 1708 2980 1744 eum
3014 1689 3414 1759 persequebatur
3444 1689 3690 1742 extorsit.
3742 1686 3802 1739 Si

2230 1800 2346 1836 vero
2399 1783 2695 1852 contigerit,
2738 1794 2792 1835 ut
2844 1783 2979 1836 alter
3024 1800 3139 1836 eum
3185 1798 3368 1834 cursus
3417 1790 3631 1834 venator
3669 1780 3804 1831 inve-

2228 1874 2360 1933 niat,
2403 1889 2619 1942 eumque
2668 1874 2843 1926 acrius
2893 1883 2941 1925 et
2975 1874 3260 1925 instantius
3298 1887 3630 1940 persequens,
3676 1885 3802 1922 eva-

2227 1961 2384 2014 dendi
2426 1963 2631 2015 aditum
2659 1962 2890 2030 jamjam
2925 1961 3198 2030 desperare
3247 1962 3544 2029 compellat,
3569 1961 3624 2013 in
3655 1969 3802 2013 arcto

2226 2056 2358 2110 situs
2400 2057 2454 2109 in
2495 2073 2551 2109 os
2585 2073 2637 2110 se
2667 2056 2928 2110 venatoris
2961 2057 3113 2126 erigit
3163 2055 3362 2124 sibique
3391 2055 3567 2107 deesse
3600 2053 3800 2114 virilia,

2223 2158 2434 2217 propter
2457 2165 2574 2218 qua:
2627 2161 2954 2218 perurgetur,
3003 2148 3248 2200 ostendit.
3291 2147 3381 2201 Sic
3434 2146 3497 2198 ab
3529 2146 3801 2198 insectan-

2227 2249 2293 2293 tts
2325 2240 2576 2294 venabulo
2622 2239 2875 2292 liberatur
2900 2240 3024 2292 dum
3063 2238 3286 2292 ostendit
3310 2238 3408 2291 sibi
3453 2235 3630 2290 deesse
3665 2236 3803 2304 quod

2223 2333 2495 2401 quwritur.
2557 2329 2788 2393 Plinius,
2850 2332 2942 2385 lib.
2980 2345 3098 2394 vri,
3150 2345 3268 2398 cap.
3303 2330 3392 2392 ὃς),
3432 2329 3652 2381 Animal
3687 2328 3807 2380 hor-

2223 2423 2372 2478 rcndi
2404 2443 2630 2488 morsus,
2675 2425 2887 2479 arbores
2911 2423 3079 2494 juxta
3107 2423 3408 2494 ﬂuminth
3435 2422 3588 2494 fesso
3620 2421 3800 2477 (Νη.

2227 2515 2470 2571 Hominis
2523 2529 2672 2586 parte
2725 2519 3091 2586 comprehensa
3150 2536 3250 2571 non
3300 2529 3581 2587 antequam
3625 2519 3803 2585 fracta

2223 2615 2617 2676 concrepuerint
2648 2628 2791 2672 ossa,
2830 2628 3034 2665 morsus
3086 2611 3312 2665 resolvit.
3343 2610 3519 2680 Hujus
3567 2613 3620 2663 in
3670 2628 3801 2680 pm-

2224 2687 2530 2759 sternentlis
2560 2705 2844 2758 arboribus
2870 2704 3143 2758 solertiam
3179 2713 3232 2757 et
3277 2719 3500 2772 seupum
3548 2703 3620 2756 ab
3666 2719 3802 2756 ocu-

2225 2795 2333 2846 lato
2367 2803 2504 2849 teste
2529 2795 2631 2850 sibi
2675 2795 2904 2850 relatum
2941 2795 3106 2848 tradit
3135 2794 3417 2849 Conradus
3443 2793 3801 2848 Rittbvrsbu-

2224 2887 2360 2948 sius,
2407 2886 2708 2940 Comment.
2739 2888 2789 2939 in
2821 2888 2915 2940 lib.
2959 2903 2974 2940 ι
3015 2888 3265 2941 Ἀλιευτ.
3297 2886 3546 2956 Oppiani.
3593 2884 3794 2938 Hiram

2220 2977 2507 3044 praedicant
2537 2995 2647 3032 esse
2679 2977 2835 3044 hujus
2868 2977 3100 3033 bestiolae
3125 2978 3421 3040 solertiam,
3453 2994 3556 3047 qua
3589 2978 3644 3029 in
3680 2992 3795 3045 pro-

2222 3069 2512 3123 sternendis
2559 3070 2834 3124 arboribus
2889 3081 3090 3126 utatur.
3132 3071 3348 3137 Quoties
3393 3069 3637 3124 dentibus
3685 3071 3794 3123 suis

2227 3159 2386 3212 ictum
2420 3160 2616 3228 inﬂixit
2669 3160 2863 3217 arbori.
2898 3163 3050 3214 toties
3092 3160 3154 3214 ob
3185 3159 3364 3214 eadem
3395 3163 3687 3229 procurrit,
3721 3162 3792 3215 ri-

2225 3264 2341 3300 sum
2370 3265 2436 3301 an
2471 3259 2635 3312 nutet,
2688 3267 2754 3302 an
2806 3251 3017 3302 ruinam
3062 3251 3308 3312 minetur,
3356 3267 3417 3303 ne
3449 3251 3584 3315 forte
3619 3249 3689 3304 ab
3731 3267 3791 3303 ea

2225 3344 2583 3407 Opprimatur;
2605 3339 2690 3392 ubi
2711 3341 2843 3393 nihil
2870 3339 3090 3410 periculi
3105 3358 3217 3395 esse
3239 3343 3395 3396 videt.
3416 3343 3605 3395 arbore
3621 3341 3793 3394 adhuc

2223 3429 2381 3495 ﬁrma
2420 3431 2632 3499 plagam
2679 3431 2878 3498 repetit.
2926 3430 3052 3483 dum
3106 3448 3167 3484 ea
3214 3431 3422 3486 tandem
3455 3431 3786 3499 prolabatur.

2223 3516 2331 3573 Cur
2367 3531 2540 3573 autem
2573 3521 2782 3574 arbores
2811 3521 2968 3575 cadit
2998 3539 3059 3576 ac
3085 3525 3332 3592 proruit?
3371 3525 3620 3577 ninnrum
3653 3525 3787 3582 ideo.

2222 3626 2278 3665 ut
2310 3613 2362 3666 in
2398 3631 2563 3684 aquas
2621 3614 2901 3682 prolapsw,
2944 3615 3088 3684 {aliis
3121 3625 3170 3670 et
3208 3617 3370 3669 ramis
3393 3615 3518 3669 limo
3551 3615 3788 3669 obductis

2219 3707 2384 3773 pisces
2429 3705 2691 3768 alliciant,
2745 3723 2872 3776 quos
2916 3709 3092 3777 capiat
3124 3725 3184 3761 ac
3227 3706 3432 3761 devoret
3477 3707 3625 3775 ﬁber.
3665 3706 3790 3760 (ltrc

2220 3799 2420 3851 amicus
2449 3797 2662 3866 quidam
2685 3807 2956 3866 paternus,
2989 3800 3078 3870 qui
3109 3799 3221 3862 eius
3252 3801 3324 3852 rei
3351 3801 3625 3868 αὐτόπτης
3665 3799 3785 3867 fuit,

2219 3889 2506 3959 aliquando
2559 3889 2683 3942 mihi
2739 3890 2940 3944 retulit.
3001 3889 3338 3946 Mansuetum
3398 3907 3518 3945 esse
3569 3901 3787 3945 castora

2217 3991 2407 4036 contra
2469 3982 2791 4038 Cardanum'
2854 3992 3013 4052 negat
3081 3982 3340 4054 Scaliger,
3407 4000 3590 4038 exere.
3655 3984 3782 4048 ΞΗ,

2217 4089 2365 4127 num.
2400 4073 2452 4128 6.

2287 4165 2444 4226 lbid..
2476 4166 2571 4219 lin.
2601 4166 2688 4220 52.
2733 4167 3085 4235 Χρησιμεύει
3123 4167 3190 4221 δὲ
3228 4168 3299 4221 τὰ
3328 4168 3541 4224 αἰδοῖα.
3581 4167 3781 4222 Eorum

2216 4256 2270 4310 in
2302 4256 2582 4311 medicinis
2609 4274 2764 4311 usum
2800 4257 2968 4312 babes
2996 4259 3136 4327 apud
3170 4257 3425 4324 Plinium,
3472 4260 3567 4314 lib.
3603 4275 3781 4322 snit,

2213 4347 2376 4416 capit.
2412 4347 2466 4411 3,
2497 4356 2551 4401 et
2580 4347 2717 4402 alios
2747 4347 3007 4403 medicus.

2285 4437 2444 4501 lbid.,
2497 4439 2594 4492 lin.
2643 4440 2731 4493 55.
2779 4441 3144 4508 Διωκόμενον
3186 4435 3314 4493 οὖν.
3355 4437 3408 4492 Si
3458 4438 3678 4509 quando
3723 4440 3780 4493 in

2215 4531 2454 4599 periculo
2485 4539 2633 4594 sunt,
2685 4530 3101 4600 insequentibus
3137 4531 3363 4585 canibus
3409 4537 3461 4584 et
3499 4529 3780 4584 venatori-

2211 4625 2331 4686 bus,
2366 4639 2659 4695 prannorsa
2693 4623 2794 4678 sibi
2825 4638 2922 4678 sua
2955 4624 3208 4694 genitalia
3236 4625 3676 4693 abjieere.atque
3705 4625 3779 4677 ita

2210 4715 2456 4781 evadere,
2491 4730 2521 4768 a
2554 4715 2814 4785 .pluribus
2863 4715 3223 4784 scriptoribus
3274 4716 3548 4771 memoria:
3592 4717 3781 4785 prodi-

2210 4814 2322 4860 tum
2353 4814 2457 4870 est,
2497 4822 2664 4876 seque
2702 4822 2764 4860 ea
2796 4815 2949 4876 parte
2977 4809 3222 4877 corporis
3257 4807 3522 4863 redimere
3552 4821 3779 4878 propter

2208 4912 2370 4966 quam
2419 4899 2656 4952 maxime
2685 4905 3034 4967 expetuntur.
3072 4896 3250 4954 Horus
3283 4900 3372 4954 lib.
3414 4893 3474 4965 ιί,
3507 4915 3628 4968 cap.
3663 4897 3772 4954 65:

2219 4988 2456 5049 Ἐκεῖνος
2508 4986 2615 5057 γὰρ
2663 4987 3128 5058 καταδιωκόμενος
3171 4991 3248 5052 εἰς
3305 4990 3400 5060 τὴν
3441 4990 3616 5060 ἄγραν
3649 4992 3777 5053 τοὺς

2208 5079 2368 5142 ἰδίους
2413 5077 2666 5149 διδύμους
2712 5080 2972 5132 ἀποσπῶν
3019 5081 3220 5149 ῥίπτει.
3263 5079 3472 5136 Plinius
3513 5082 3604 5135 lib.
3647 5097 3774 5146 rm,

2203 5187 2328 5238 cap.
2370 5171 2439 5225 30
2470 5189 2482 5222 :
2517 5169 2742 5224 Easdem
2777 5181 2952 5239 partes
2991 5171 3092 5225 sibi
3130 5173 3230 5240 ipsi
3260 5171 3466 5226 Pontici
3497 5185 3774 5242 amputant

2204 5265 2324 5332 ﬁbri
2351 5263 2579 5332 periculo
2603 5273 2834 5334 urgente,
2879 5263 2942 5318 ob
2970 5263 3067 5317 hoc
3106 5280 3162 5317 se
3187 5267 3293 5335 peti
3319 5266 3491 5335 gnari.
3532 5265 3773 5322 Juvena-

2203 5355 2291 5417 lis,
2326 5354 2439 5408 Sat.
2473 5355 2558 5419 l2,

2756 5465 3006 5521 Imitatus
3035 5478 3267 5534 castora,
3297 5470 3385 5536 qui
3411 5486 3464 5523 se

2204 5537 2511 5591 Eunuchum
2549 5538 2657 5606 ipse
2685 5538 2812 5606 facit
2841 5541 3049 5606 cupiens
3074 5542 3288 5592 evadere
3306 5540 3519 5603 damno,

2207 5608 2588 5662 Testiculorum
2619 5608 2748 5662 adeo
2779 5609 3086 5662 meditatum
3121 5610 3359 5680 intelligit
3399 5612 3626 5680 inguem.

2202 5723 2524 5780 Ammianus
2549 5723 2899 5781 Marcellinus
2926 5725 3022 5781 lib.
3053 5741 3162 5781 ινιτ
3191 5743 3205 5795 ;
3251 5723 3500 5785 ΑΞιίοιιυε
3530 5727 3606 5785 De
3637 5727 3764 5789 hist.
