4072 6342
289 340 398 396 957

1297 338 1365 394 IN
1401 308 1770 394 susurru!
1809 333 2284 394 nexu-suumn
2321 339 2551 396 none.

3414 342 3520 397 958

287 459 453 512 anim.
496 451 590 509 lib.
613 471 686 518 vr,
722 469 842 524 cap.
867 455 968 522 ὄις
1002 453 1243 518 Solinus,
1271 454 1436 526 capit.
1461 453 1554 518 2‘5,
1580 454 1671 523 qui
1702 451 1846 506 idem
1875 454 1922 510 Α
1949 450 2044 506 lib.
2085 469 2180 508 νιιι
2199 493 2214 518 ,
2239 469 2360 526 cap.
2400 458 2470 512 50
2494 478 2506 512 :
2535 459 2719 528 Africa
2741 463 3010 517 asinorum
3049 460 3364 515 silvestrium
3388 459 3520 512 mut-

287 548 451 614 capit.
503 544 574 600 28
627 546 696 601 de
748 546 1051 614 elephantis
1104 546 1334 612 scribit;
1392 545 1671 607 Alciatus,
1735 557 1850 597 em-

287 637 449 692 blem.
485 637 621 692 £52:

283 727 358 784 Et
388 728 603 795 pedibus
635 729 828 798 segnis,
855 729 1055 783 tumida
1082 739 1130 784 et
1177 727 1532 798 propendulus
1560 727 1677 782 aluo

356 802 484 869 Haec
513 807 682 852 tamen
713 799 934 869 insidias
963 801 1142 869 effugit
1175 813 1287 852 arte
1318 801 1464 867 ﬁber.

287 867 562 922 Mordicus
594 870 700 936 ipse
728 868 829 922 sibi
870 867 1130 923 medicata
1163 870 1336 923 virilia
1369 869 1533 932 vellit,

362 939 761 1009 Atqueabjicit,
784 955 902 1009 sese
928 957 1124 1009 gnarus
1154 940 1214 991 ob
1247 939 1340 992 illa
1379 941 1500 1009 peti.

288 1009 467 1072 Huius
499 1008 562 1060 ab
589 1008 822 1076 exemplo
851 1008 1018 1063 disces
1057 1026 1158 1064 non
1187 1025 1398 1076 parcere
1427 1008 1602 1068 rebus,

357 1077 428 1132 Et
459 1080 620 1132 uitam
651 1089 707 1131 ut
737 1080 987 1144 redimas,
1027 1080 1260 1134 hostibus
1293 1095 1404 1133 tera
1436 1079 1582 1132 dare.

282 1185 352 1240 Et
385 1189 568 1259 plures
590 1189 700 1242 alii.
731 1187 866 1242 Hinc
890 1198 944 1243 et
970 1188 1148 1243 fabula
1176 1188 1453 1259 Esopica,
1485 1195 1538 1242 et
1565 1186 1846 1257 Apuleius,

283 1281 382 1334 lib.
424 1296 440 1334 ι
489 1280 670 1345 Asini,
722 1279 1038 1334 'l‘hessalam
1085 1282 1375 1336 veneficam
1409 1280 1600 1336 scribit
1641 1286 1850 1332 amato-

282 1386 400 1426 rem
430 1387 609 1436 suum,
645 1372 900 1442 quoniam
928 1373 1152 1427 alterius
1191 1372 1432 1428 mulieris
1460 1371 1851 1427 consuetudine

281 1478 421 1518 usus
451 1463 681 1529 fuisset,
724 1463 780 1518 in
829 1472 1098 1518 castorem
1150 1475 1406 1529 mutasse,
1445 1472 1501 1517 ut
1547 1470 1849 1532 ampularet

281 1553 390 1608 sibi
422 1555 698 1625 genitalia,
736 1553 782 1609 si
821 1553 1043 1624 quando
1072 1562 1360 1608 venatores
1405 1554 1844 1621 insequerentur.

279 1643 466 1714 Longe
495 1653 676 1700 tamen
707 1646 810 1699 alia
837 1659 921 1700 est
947 1645 1218 1700 sententia
1265 1644 1431 1699 Sextii
1479 1643 1670 1699 medici
1704 1643 1845 1713 apud

278 1735 541 1801 Plinium,
576 1737 666 1791 lib.
711 1753 869 1802 χχιιι,
900 1752 1019 1807 cap.
1059 1738 1130 1792 ὗε
1167 1737 1480 1802 Spectabilis
1523 1749 1726 1791 naturw
1753 1752 1846 1805 po-

1952 547 2225 600 titudinem
2259 549 2452 616 fundit.
2486 550 2664 607 Mares
2687 557 2739 608 in
2771 571 2830 609 eo
2861 571 3040 625 genere
3062 553 3255 622 singuli
3288 553 3513 620 femina-

1949 651 2066 690 rum
2087 639 2322 709 gregibus
2352 642 2673 710 imperitant.
2703 645 2984 716 Oppianus
3011 651 3234 714 Κυιιητ.
3263 661 3318 698 ιιι
3343 661 3356 709 ;
3390 645 3516 713 Api-

1953 730 2171 786 mianus
2201 733 2566 799 Marcellinus.
2591 739 2684 793 lib.
2714 757 2880 796 xxiv:
2915 741 3196 794 Asinorum
3231 739 3513 808 agrestium

1949 823 2233 881 multitudo
2273 830 2325 881 in
2360 831 2618 885 tractibus
2642 831 2908 886 Parthicis
2943 842 3018 885 est
3057 834 3349 886 innumera.
3391 829 3514 883 Ideo

1949 916 2110 970 simul
2129 917 2393 980 incedens,
2420 931 2476 973 ut
2500 925 2877 991 constipatione
2899 923 3061 978 densa
3085 923 3280 992 feroces
3308 921 3513 975 leonum

1948 1004 2236 1072 frustretur
2264 1010 2520 1065 assultus.

2020 1096 2155 1152 lbid.
2214 1099 2322 1154 Kal
2357 1101 2476 1155 τῶν
2513 1102 2861 1173 γενομένων.
2891 1102 3119 1164 Plinius.
3147 1102 3343 1158 ibidem
3371 1121 3383 1155 :
3423 1100 3512 1155 Ti-

1948 1198 2090 1242 ment
2129 1186 2365 1244 libidinis
2398 1191 2632 1254 mutulos,
2677 1201 2726 1246 et
2763 1192 2877 1246 ideo
2914 1193 3159 1263 grauidas
3186 1190 3507 1252 custodiunt,

1950 1296 2229 1349 morsuque
2249 1294 2403 1336 natos
2433 1298 2604 1338 mares
2629 1293 2887 1344 castrant.
2921 1295 3105 1338 contra
3126 1283 3356 1354 grauidae
3379 1284 3511 1336 late-

1950 1370 2071 1426 bras
2105 1381 2304 1440 petunt,
2333 1383 2383 1427 et
2422 1391 2605 1441 parere
2642 1376 2786 1442 furto
2820 1379 3054 1445 cupiunt,
3081 1377 3403 1446 gaudentque
3425 1392 3512 1428 eo-

1946 1462 2035 1528 pia
2064 1461 2320 1516 libidinis.
2356 1463 2632 1533 Oppianus
2659 1465 2791 1519 ibid.
2819 1466 3196 1529 disertissime,
3219 1482 3376 1535 quem
3402 1481 3512 1518 om-

1947 1553 2078 1607 nino
2103 1555 2352 1621 consule;
2372 1555 2630 1620 lsidorus,
2651 1555 2689 1611 l.
2727 1571 2824 1619 xu,
2850 1571 2972 1626 cap.
3008 1557 3060 1621 1;
3092 1554 3258 1610 Olaus
3289 1554 3510 1622 Magnus

1946 1644 2228 1700 confundit
2259 1647 2398 1702 male
2418 1662 2652 1717 onagros
2678 1663 2799 1701 cum
2833 1649 3059 1702 alcibus.
3087 1648 3177 1702 Est
3225 1657 3275 1701 et
3300 1661 3504 1700 memo-

1947 1739 2040 1790 ria:
2065 1751 2172 1790 non
2203 1737 2480 1806 indignum
2509 1738 2651 1806 quod
2674 1736 2824 1793 Phile
2851 1739 2904 1792 in
2937 1737 3158 1801 lambis,
3191 1747 3244 1792 et.
3267 1738 3508 1790 Ammia-

280 1829 445 1882 tentia
476 1832 528 1881 in
559 1828 638 1882 his
670 1845 889 1898 quoque,
922 1830 1108 1899 quibus
1137 1839 1184 1882 et
1225 1831 1280 1882 in
1323 1830 1496 1890 terris,
1537 1837 1584 1882 et
1625 1829 1677 1881 in
1708 1844 1845 1897 aqua
1879 1827 1918 1855 "
1949 1844 2054 1883 nus
2084 1827 2431 1882 Marcellinus
2462 1830 2496 1882 l.
2543 1844 2702 1890 χχιιι,
2729 1830 2795 1884 de
2821 1829 2928 1884 illis
2958 1830 3182 1885 scribit:
3219 1830 3388 1888 Asini.
3422 1831 3507 1884 in-

277 1922 447 1974 uictus
484 1929 583 1983 est,
628 1922 766 1974 sicut
802 1930 850 1974 et
897 1922 1067 1990 ﬁbris,
1104 1937 1229 1990 quos
1264 1931 1502 1974 castoras
1551 1927 1753 1981 vocant,
1797 1926 1846 1972 et

276 2023 521 2067 castorea
553 2022 704 2066 testes
747 2029 948 2067 eorum.
976 2012 1257 2081 Amputari
1299 2012 1391 2065 hos
1437 2012 1502 2064 ab
1547 2012 1696 2079 ipsis,
1726 2027 1844 2063 cum

275 2106 578 2172 capiantur.
611 2115 763 2176 negat
813 2104 1022 2163 Sextius
1070 2105 1508 2175 diligentissimus
1551 2103 1841 2156 medicinae.

277 2196 526 2262 Quinimo
561 2213 749 2263 parvos
777 2212 908 2258 esse,
957 2195 1384 2265 substrictosque,
1424 2206 1472 2248 et
1508 2195 1838 2248 adhmentes

274 2286 462 2354 spina,
485 2303 645 2357 neque
666 2287 828 2340 adimi
855 2287 968 2340 sine
999 2287 1106 2340 vita
1137 2287 1384 2339 animalis
1411 2301 1581 2354 posse.
1617 2284 1844 2354 Negavit

274 2377 420 2432 idem
470 2378 835 2442 Dioscorides,
881 2379 972 2432 lib.
1023 2393 1081 2445 ιι,
1118 2393 1238 2447 cap.
1282 2378 1374 2440 29.
1423 2386 1476 2432 et
1517 2375 1842 2433 Franciscus

275 2464 567 2527 Vallesius.
601 2466 676 2523 De
703 2484 857 2521 saera
892 2467 1183 2537 philosoph.
1213 2483 1332 2538 cap.
1367 2469 1419 2523 π.

349 2563 508 2628 lbid.,
542 2565 635 2618 lin.
669 2565 757 2619 55.
791 2563 1249 2617 Ἐπιδιωκόντων
1293 2563 1360 2616 δὲ
1401 2563 1624 2618 ἄλλων.
1664 2563 1835 2616 [Elia-

274 2670 381 2709 nus
409 2653 486 2709 De
511 2655 632 2709 hist.
665 2655 828 2710 anim.
861 2655 985 2709 libr.
1009 2671 1085 2719 vi,
1119 2669 1239 2724 cap.
1267 2655 1371 2709 ὅδε
1401 2653 1528 2707 Ἐὰν
1559 2655 1614 2706 δὲ
1643 2650 1676 2726 ᾖ
1719 2653 1843 2725 πρό-

272 2763 431 2816 τερον
463 2745 708 2816 ἐκτεμὼν
758 2747 852 2798 καὶ
888 2746 1098 2810 σωθεὶς,
1135 2741 1253 2798 εἷτα
1283 2745 1440 2799 πάλιν
1480 2744 1736 2816 διώκηται
1759 2762 1774 2777 ο
1813 2747 1841 2798 ὀ

271 2840 332 2893 δέ
374 2839 681 2908 ἀναστήσας
715 2837 924 2899 ἐαυτὸν,
970 2837 1063 2892 καὶ
1095 2837 1383 2903 ἐπιδείξας,
1415 2838 1496 2890 ὅτι
1532 2838 1630 2908 τῆς
1664 2839 1842 2892 αὐτῶν

276 2929 512 2999 σπουδῆς
535 2929 634 2982 οὑκ
659 2928 769 3000 ἔχει
792 2929 888 3000 τὴν
918 2927 1175 2981 ὑπόθεσιν
1203 2928 1296 2981 τοῦ
1331 2929 1636 3000 περαιτέρω
1664 2931 1843 3000 καμάρ

271 3035 391 3084 του,
429 3019 702 3092 παρέλυσε
749 3021 873 3084 τοὺς
921 3019 1194 3092 Θηρατάς·
1241 3015 1402 3090 ἦττον
1451 3019 1559 3090 γὰρ
1609 3019 1687 3076 ἔτι
1731 3021 1840 3074 τῶν

1947 1921 2084 1990 quit,
2119 1920 2220 1989 feri
2240 1937 2358 1973 cum
2381 1921 2650 1974 venatibus
2675 1923 2948 1991 agitantur
2977 1925 3052 1975 ita
3074 1923 3274 1975 eminus
3309 1922 3508 1988 lapides

1943 2022 2060 2083 post
2089 2022 2234 2084 terga
2275 2014 2604 2070 calcitrando
2626 2016 2892 2076 emittunt,
2923 2024 2979 2067 ut
3009 2015 3267 2082 perforent
3300 2024 3508 2082 pectora

1952 2105 2298 2172 sequentium,
2334 2114 2424 2156 aut
2458 2104 2744 2174 perforatis
2793 2104 2996 2158 ossibus
3031 2106 3206 2174 capita
3245 2105 3361 2172 ipsa
3398 2104 3509 2157 dis-

1942 2195 2180 2264 plodant.
2238 2195 2423 2266 Neque
2478 2197 2610 2251 illud
2665 2197 2856 2252 silebo.
2918 2195 3216 2267 Oppianus,
3276 2198 3396 2252 loco
3449 2197 3504 2250 d.

1943 2302 2271 2358 onagrorum
2295 2303 2490 2344 carnes
2532 2304 2656 2345 esse
2696 2289 2896 2344 bonum
2919 2289 3175 2358 pabulum
3211 2287 3339 2344 feris
3372 2288 3504 2343 scri-

1943 2379 2047 2433 bit:

1954 2470 2105 2525 Ἀλλ’
2125 2473 2303 2538 αὐτὸς
2326 2472 2630 2543 κρατεροῖς
2649 2473 2840 2542 ἀγαθὴ
2861 2474 3045 2538 ,βόσις
3064 2472 3280 2526 ἔπλετο
3308 2472 3486 2541 θηρσί
3491 2510 3505 2524 .

1941 2561 2006 2616 Ει
2046 2565 2316 2617 consentit
2345 2563 2664 2634 Xenophon,
2721 2566 2753 2618 I.
2803 2581 2821 2618 ι
2863 2565 3055 2619 Ἀναϐ.
3104 2564 3272 2630 Κύρ.,
3308 2570 3359 2616 et
3399 2562 3506 2616 Pli-

1940 2654 2086 2708 nius.
2133 2654 2384 2712 Aﬂlianus
2417 2657 2526 2711 .lib.
2572 2673 2604 2708 v
2649 2656 2726 2710 De
2755 2656 2878 2710 hist.
2925 2657 3113 2716 anim.,
3155 2671 3339 2710 eorum
3383 2669 3509 2708 car—

1939 2762 2061 2800 nem
2095 2762 2332 2800 amaram
2357 2763 2477 2802 esse
2502 2749 2714 2809 scribit,
2744 2757 2798 2802 et
2821 2747 2972 2803 Phile
3006 2749 3062 2803 in
3107 2747 3328 2812 lambis,
3357 2741 3418 2801 οὗ
3449 2746 3509 2800 τὸ

1941 2839 2108 2909 κρέας
2132 2840 2179 2891 τ’
2208 2839 2449 2910 ἄϐρωτον
2475 2839 2532 2906 ἐξ
2558 2839 2765 2910 ἀηδίας.

2009 2929 2170 2986 lbid..
2201 2931 2294 2983 lin.
2323 2931 2407 2984 10.
2450 2931 2502 2980 '0
2545 2930 2614 2983 δὲ
2657 2931 2854 3000 ἐχῖνος
2897 2932 2977 2996 ὡς
3017 2929 3259 2999 σφαῖρα.
3303 2928 3506 2984 Horum

1939 3020 2048 3074 duo
2077 3036 2270 3090 genera
2303 3020 2429 3075 facit
2460 3019 2737 3092 Oppianus
2768 3026 2989 3092 Κυνηγ.
3022 3022 3114 3075 lib.
3147 3038 3182 3076 ιι
3211 3040 3224 3076 :

274 3113 452 3182 κρεῶν
483 3115 709 3176 ἐκείνοις
744 3113 961 3184 φροντίς
999 3115 1134 3164 ἐστι.
1177 3111 1444 3203 Πολλάκις
1479 3112 1534 3165 δέ
1575 3113 1668 3166 καὶ
1693 3111 1838 3203 ἔνορξ
1867 3141 1912 3199 C
1939 3136 2058 3187 οὐκ
2091 3131 2233 3200 ἐρέω
2265 3134 2520 3202 κρυερὸν
2560 3134 2734 3203 γένος
2767 3136 3124 3203 ὀκρυόεντος
3159 3135 3366 3202 ἐχίνου

273 3223 360 3277 χοι
389 3205 558 3268 ὅντες,
586 3205 661 3268 ὡς
697 3203 1032 3276 πορρωτάτω
1064 3203 1288 3265 ἐαυτοίις
1319 3202 1733 3266 ἀποσπάσαντες
1762 3202 1838 3273 τῷ

270 3297 475 3368 δρόμῳ,
512 3293 629 3349 εἶτα
658 3295 1069 3358 ὑποστείλαντες
1096 3292 1157 3346 τὸ
1189 3293 1616 3364 σπουδαζόμενον
1651 3295 1836 3366 μέρος,

273 3392 418 3442 πάνυ
462 3388 640 3456 σοφῶς
689 3389 782 3441 καὶ
848 3385 1171 3456 πανούργως
1211 3384 1580 3457 ἐξηπάτησαν,
1629 3388 1703 3450 ὼς
1741 3387 1840 3441 οὐκ

272 3479 489 3550 ἔχοντες
513 3479 547 3533 ἃ
573 3478 874 3549 κρύψαντες
900 3477 1130 3546 ἔχουσιν.
1164 3476 1262 3532 llic
1290 3477 1466 3532 obiter
1501 3477 1840 3532 animadver-

273 3571 498 3625 tendum
543 3587 572 3624 a
604 3571 880 3642 Sealigero
905 3569 1211 3624 Cardanum
1242 3569 1563 3638 reprehendi
1593 3569 1735 3638 quod
1773 3569 1832 3622 fi-

274 3661 362 3716 bri
401 3669 568 3718 testes
619 3678 742 3715 eum
798 3662 1023 3716 moscho
1073 3670 1276 3715 temere
1323 3660 1653 3726 confuderit,
1685 3662 1841 3716 dece—

275 3762 426 3824 ptum
484 3770 550 3809 ex
585 3755 723 3808 mala
768 3753 1211 3822 interpretatione
1244 3750 1598 3806 Vartomanni
1656 3768 1836 3809 exere.

272 3846 400 3908 ΞΗ,
433 3861 584 3898 num.
613 3845 666 3907 6,
692 3853 744 3899 et
766 3860 948 3899 exere.
978 3845 1103 3902 210.
1138 3860 1290 3898 ιιιιιιι.
1322 3843 1376 3899 3.
1409 3843 1657 3899 Errorem
1688 3852 1840 3900 notat

272 3936 560 3992 Varronis.
595 3937 684 4007 qui
734 3935 947 4000 librum,
981 3937 1178 3991 lutram
1223 3937 1307 3992 vel
1344 3935 1628 4007 enhydrim
1669 3952 1838 3992 unum

274 4033 464 4089 fecerit
505 4049 624 4102 qua:
649 4041 703 4088 et
743 4032 910 4089 Olaus
949 4033 1177 4106 Magnus
1209 4043 1357 4089 recte
1395 4033 1707 4104 distinguit,
1742 4034 1835 4089 lib.

272 4140 430 4189 xvm,
474 4133 528 4179 et
563 4125 674 4179 alii.

343 4217 462 4272 Col.
494 4218 616 4282 745,
645 4218 741 4272 lin.
778 4216 828 4272 l.
870 4218 921 4271 Ὀ
959 4215 1026 4270 δὲ
1052 4217 1504 4286 μυρμηκολέων.
1539 4215 1839 4288 Myrmeco-

272 4312 446 4367 leonis
471 4320 676 4366 natura:
704 4310 1114 4365 fundamentum
1147 4310 1354 4380 absque
1379 4310 1543 4364 dubio
1574 4318 1658 4366 est
1693 4310 1837 4380 quod

271 4404 468 4474 legitur
515 4403 655 4472 apud
699 4401 822 4466 Job,
863 4418 982 4472 cap.
1029 4419 1104 4467 Iv,
1159 4418 1301 4457 vers.
1357 4403 1444 4464 ll,
1491 4401 1837 4473 Myrmecoleo

268 4489 424 4556 periit
452 4503 511 4541 eo
536 4487 672 4556 quod
701 4504 802 4540 non
837 4487 1042 4540 haberet
1065 4486 1320 4554 praedam.
1360 4486 1534 4557 Hujus
1566 4489 1666 4541 loci
1697 4489 1839 4557 opti-
1872 4496 1915 4551 Ι)

269 4595 414 4634 mam
444 4578 857 4648 explicationem
885 4577 1053 4634 habes
1077 4578 1219 4648 apud
1250 4577 1503 4632 Photium
1535 4594 1600 4632 ex
1633 4577 1844 4649 Eulogii

270 4670 621 4726 Alexandrini
651 4670 774 4725 libr.
808 4686 879 4733 ιν,
911 4679 1103 4724 contra
1127 4671 1477 4724 Novatianos.
1509 4669 1579 4724 De
1605 4670 1688 4726 his
1709 4670 1846 4739 Aga-

203 4827 208 4832 Ι
271 4757 624 4816 tbarchides:
657 4761 777 4814 Τῶν
807 4761 861 4813 δὲ
886 4761 1230 4832 καλουμένων
1273 4761 1758 4832 μυρμηκολεόντων
1792 4762 1842 4814 ol

275 4853 374 4924 μὲν
406 4851 647 4906 πλεῖστοι
669 4853 808 4905 κατὰ
833 4853 930 4923 τὴν
961 4853 1100 4906 ἰδέαν
1121 4853 1226 4906 τῶν
1247 4851 1446 4905 λοιπῶν
1465 4851 1616 4909 οὐδὲν
1636 4851 1842 4922 παραλο

269 4945 540 5007 λάττουσι,
583 4943 681 5015 τὴν
718 4943 774 4995 δὲ
804 4941 912 4996 τῶν
937 4942 1148 4996 αἰδοίων
1183 4941 1342 5010 φύσιν
1380 4941 1841 5013 ἀπεστραμμένην

270 5036 487 5106 ἔχουσιν
519 5035 767 5089 ἐναντίαν
793 5037 903 5099 τοῖς
939 5035 1137 5099 ἄλλοις.
1171 5036 1276 5089 Alii
1313 5036 1525 5099 dicunt,
1557 5050 1682 5090 esse
1725 5033 1842 5088 exi-

264 5140 436 5196 guum
461 5124 846 5178 animalculum
883 5124 1125 5180 formicis
1148 5125 1456 5188 adversum,
1487 5122 1629 5194 quod
1655 5140 1712 5178 se
1739 5123 1841 5178 sub

271 5217 494 5288 pulvere
531 5215 840 5279 abscondit,
872 5227 924 5271 et
967 5216 1224 5272 formicas
1259 5218 1527 5272 frumenta
1561 5225 1838 5288 gestantes

270 5307 553 5370 interficit,
586 5305 903 5386 interfectus
953 5309 1250 5364 consumit.
1299 5308 1500 5378 Sicque
1545 5319 1793 5363 vocatum
1821 5324 1852 5366 ε,

270 5415 395 5454 nam
430 5398 886 5469 quemadmodum
921 5400 1007 5454 leo
1040 5401 1456 5456 imbecilliorum
1497 5403 1834 5465 animalium,

269 5493 345 5548 ita
404 5493 509 5547 hoc
556 5492 942 5546 animalculum
1001 5492 1350 5547 formicarum
1405 5496 1638 5564 prasdam
1685 5494 1831 5564 agit:

271 5600 396 5638 cum
434 5592 616 5638 tamen
663 5583 980 5641 volucribus
1022 5584 1158 5639 nihil
1204 5585 1353 5641 aliud
1400 5588 1472 5642 sit
1517 5603 1678 5658 quam
1724 5585 1836 5639 for—

272 5675 436 5730 mica.

343 5763 504 5832 lbid.,
538 5763 635 5819 lin.
667 5763 720 5819 8.
754 5763 807 5817 '0
839 5763 906 5817 δὲ
941 5765 1191 5841 δναγρος
1215 5766 1569 5838 ἀγελάρχης.
1601 5765 1831 5836 Plinius,

1945 3203 2238 3274 Μείζονος,
2276 3204 2621 3273 (ἀμφίδυμοι
2645 3205 2752 3274 γὰρ
2773 3206 2996 3272 ἐχίνοις
3021 3205 3409 3272 ὀξυκόμοισιν

1957 3272 2253 3345 Ἄργαλέαι
2277 3272 2498 3343 μορφαί
2515 3277 2551 3341 ·)
2571 3272 2822 3345 κρὺερόν
2847 3291 2909 3345 τε
2937 3275 3290 3342 περίδρομον
3313 3275 3505 3343 ἕρκος.

1949 3347 2010 3397 Ol
2037 3344 2154 3413 μὲν
2178 3345 2288 3413 γὰρ
2307 3345 2472 3407 ,βαιοί
2498 3362 2559 3398 τε
2583 3346 2679 3398 καὶ
2711 3344 3005 3398 οὐτιδανοὶ
3032 3345 3400 3406 τελέθουσιν,

1951 3417 2096 3466 Τυτθ
2107 3412 2245 3480 ᾖσιν
2271 3415 2633 3482 φρίσσοντες
2656 3415 2752 3466 ἐπὶ
2789 3413 3158 3481 προϐολῇσιν
3185 3414 3503 3481 ἀκάνθαις·

1948 3487 2012 3537 Ol
2041 3485 2092 3537 δ’
2121 3485 2236 3552 ἄρα
2265 3484 2361 3539 καὶ
2382 3484 2611 3555 μεγέθει
2648 3484 2804 3538 πολὺ
2826 3482 3108 3554 μείζονες,
3144 3483 3237 3551 ἠδ’
3275 3485 3509 3555 ἑκάτερ-

1956 3622 2117 3685 Ὀξέα
2144 3623 2507 3693 πεφρίκασιν
2530 3623 2939 3693 ἀρειοτέρῃονιν
2963 3624 3238 3689 ἀκωκαῑς.
3293 3553 3434 3626 [θεν

2014 3735 2173 3799 lbid.,
2205 3737 2300 3792 lin.
2329 3736 2414 3791 12.
2463 3740 2780 3806 Πορεύεται
2806 3739 2953 3810 γοῦν
2999 3741 3095 3794 ἐπὶ
3144 3742 3266 3794 τόν.
3306 3740 3504 3796 Eadem

1944 3825 2105 3881 habet
2140 3827 2333 3884 Petrus
2363 3829 2676 3896 Damianus,
2720 3831 2757 3886 l.
2793 3845 2854 3898 ιι,
2880 3846 2966 3902 ep.
3003 3833 3086 3887 l8.
3117 3831 3320 3890 Versus
3363 3834 3505 3887 anti-

1943 3919 2034 3988 qui
2066 3919 2141 3973 illi
2166 3935 2275 3974 non
2317 3921 2669 3992 inelegantes,

1941 4033 2305 4106 Κῴμιξυλος,
2325 4036 2434 4106 τιξν
2476 4035 2865 4106 ἐχῖνονίῖδὼν
2903 4035 3001 4089 ἐπὶ
3048 4034 3205 4089 νῶτα
3251 4036 3507 4106 φέροντα

2025 4102 2247 4173 Ῥᾶγας,
2275 4102 2620 4160 ἀπέκτεινεν
2645 4105 2723 4173 τῷ
2746 4105 2797 4159 δ’
2828 4106 2926 4160 ἐπὶ
2958 4102 3299 4172 θειλοπέδῴ.

1944 4217 2009 4272 Ει
2042 4217 2129 4272 ille
2150 4257 2164 4276 .

1954 4332 2318 4401 Ῥαγολόγων
2344 4331 2652 4399 γλυκερῶν
2681 4332 2926 4402 σίντοριι
2955 4333 3297 4400 θειλοπέδῳ.

1944 4445 2053 4501 Nec
2079 4446 2324 4501 absimile
2347 4448 2479 4502 illud
2508 4446 2687 4502 Philes
2711 4447 2766 4501 in
2798 4446 3018 4511 lambis,

2095 4555 2319 4627 Ἐχῖνος
2354 4557 2422 4610 ἐκ
2449 4555 2558 4627 τῆς
2589 4553 2696 4610 οἷδ’
2721 4558 3037 4612 (indu-(hum
3060 4557 3266 4625 βρύων

2080 4628 2186 4697 Kal
2221 4625 2359 4693 τῇσι
2384 4625 2654 4696 πρασιαῖς
2684 4628 3118 4682 ἐκκυλιι-δεῖται
3151 4630 3366 4697 κρύφα,

2079 4695 2189 4749 Καὶ
2223 4697 2327 4767 τὰς
2353 4695 2578 4750 ἐκεῖθεν
2601 4697 2965 4766 ἑμπαρείσας
2995 4695 3250 4767 ἰσχάδας

2078 4768 2182 4830 Εἰς
2210 4766 2349 4832 τοὺς
2371 4767 2585 4819 ἑαυτοῦ
2616 4768 2883 4836 φωλεοὺς
2911 4766 3306 4835 θησαυρίσας,

2082 4839 2202 4888 Οὐκ
2235 4836 2338 4905 ἔχε
2368 4837 2545 4906 λιμοῦ
2578 4839 2894 4906 συμφορὰν
2922 4840 3211 4908 ὀλεθρίου.

2009 4945 2166 5010 lbid.,
2195 4947 2289 5002 lin.
2325 4949 2410 5001 16.
2458 4949 2717 5016 Δολερὸν
2756 4949 2793 5018 ἡ
2837 4947 3107 5018 ἀλώπηξ.
3156 4950 3322 5006 Multa
3377 4967 3508 5007 sane

1940 5046 2090 5101 sunt,
2121 5053 2242 5107 quae
2279 5039 2494 5108 vulpem
2527 5039 2772 5094 fallacem
2821 5049 2874 5094 et
2906 5041 3204 5111 improbam
3234 5058 3352 5097 esse
3377 5061 3504 5097 con-

1937 5128 2182 5189 vincunt,
2214 5127 2413 5196 quibus
2442 5136 2496 5181 et
2525 5129 2870 5197 semetipsum
2905 5129 2972 5180 ab
3009 5128 3243 5183 hostium
3289 5129 3504 5184 insidiis

1936 5227 2140 5284 tuetur,
2192 5227 2245 5274 et
2289 5219 2397 5274 illis
2432 5235 2642 5280 necem,
2690 5219 2791 5272 sibi
2843 5219 3024 5272 cibum
3083 5229 3135 5274 et
3183 5221 3502 5275 medicinam

1940 5319 2134 5382 parat;
2167 5326 2336 5381 quare
2370 5311 2438 5365 ab
2469 5311 2760 5365 Aristotele
2794 5311 2865 5364 De
2911 5311 3096 5366 histor.
3133 5315 3295 5366 anim.
3329 5314 3418 5367 lib.
3462 5329 3498 5377 ι,

1935 5418 2055 5472 cap.
2090 5403 2142 5464 l,
2175 5402 2316 5455 inter
2347 5401 2637 5464 malitiosa,
2673 5408 2866 5455 astuta
2908 5411 2961 5455 et
3000 5403 3196 5456 callida
3241 5419 3502 5457 annume-

1935 5503 2105 5547 ratur.
2132 5493 2410 5563 Oppianus
2437 5496 2656 5562 Κυνηγ.
2680 5509 2741 5546 ιιι
2760 5502 2963 5557 narrat,
2993 5510 3061 5550 ne
3091 5510 3120 5548 a
3155 5496 3502 5550 venatoribus

1935 5583 2318 5639 insidiantibus
2344 5584 2398 5636 in
2426 5583 2648 5651 laqueos
2676 5583 2991 5654 conjiciatur.
3053 5594 3255 5655 septem
3279 5584 3502 5640 forami-

1933 5675 2095 5730 nibus
2151 5675 2310 5728 nidos
2355 5687 2729 5741 eavernasque
2780 5691 2908 5734 suas
2963 5677 3395 5744 cucummuniri,
3441 5686 3500 5733 ut

1935 5767 2058 5842 fuga
2094 5768 2163 5823 sit
2196 5769 2363 5822 tutior
2391 5765 2730 5836 faciliorque.
