4072 6342
555 289 683 348 951,

1869 283 2116 341 LEONIS
2153 282 2421 338 ALLATII

3710 275 3823 336 90°

574 409 686 486 Nai
720 409 863 486 μὴν.
890 409 1439 486 Δαἰολόσορλοςζ,επ.ν
1482 409 1836 486 ᾀγραιξλοισι
1880 405 2138 486 μᾴζιιστα

2243 420 2298 458 se
2325 403 2486 457 coriis
2515 399 2784 463 loricauit,
2802 399 2858 452 in
2881 398 3274 452 dimicationem
3303 395 3472 466 pergit
3490 411 3507 448 :
3523 395 3578 448 in
3601 412 3665 449 ea
3687 411 3825 449 cau-

575 479 760 547 Θηρσὶ
791 478 955 532 πέλει
995 479 1180 546 κερδὼ
1216 478 1358 548 μάλ’
1395 477 1604 546 ἀρήϊος
1647 479 1716 530 ἐν
1756 477 2139 542 πραπίδεσσι,

572 551 680 602 Καὶ
711 549 929 615 πινυτὴ
961 551 1112 601 ναίει
1144 547 1433 617 πυμάτας
1459 549 1548 602 ἐνὶ
1576 549 1940 616 φωλειοῖσιν,

587 621 999 683 Ἐπταπύλους
1027 619 1243 683 εἴξασα
1272 619 1492 686 δόμους
1519 618 1732 686 τρητάς
1759 637 1823 672 τε
1867 617 2075 682 καλιὰς

577 691 621 742 Τ
617 690 782 754 ηλόιν
807 690 907 741 ἀπ’
936 691 1244 756 ἀλλήλων,
1265 688 1350 757 μή
1378 706 1486 756 μιν
1517 688 1836 756 θηρήτορες
1862 688 2074 756 ἄνδρες

585 759 746 827 Ἀμφὶ
769 760 918 827 θύρῃ
943 763 1278 828 λοχόωντες
1304 759 1422 813 ὑπὸ
1446 759 1843 828 βροχίὸεσσιν
1870 759 2141 828 ἄγωνται.

572 869 653 923 Ad
698 871 841 939 quod
873 871 1112 942 respexit
1149 879 1201 925 et
1246 869 1563 924 Lactantius
1594 868 1928 934 Firmianus,
1955 869 2032 922 De
2059 871 2143 922 ira

573 959 691 1020 Dei,
739 975 861 1030 cap.
899 960 967 1014 7:
1006 959 1140 1013 Sunt
1180 960 1459 1023 animalia,
1507 961 1705 1030 inquit,
1748 976 1864 1030 qua:
1907 959 2142 1012 latibulis

569 1053 684 1107 suis
739 1052 969 1107 diversos
1013 1063 1062 1107 et
1101 1053 1278 1124 plures
1319 1056 1489 1108 exitus
1519 1053 1778 1124 pandunt,
1811 1064 1890 1116 ut,
1916 1053 1963 1107 si
2006 1053 2144 1123 quod

572 1148 864 1214 periculum
905 1148 1172 1211 inciderit,
1209 1149 1334 1218 fuga
1379 1158 1554 1216 pateat
1587 1148 1841 1227 obsessis;
1875 1147 2013 1218 quod
2041 1165 2145 1201 non

573 1239 805 1308 facerent
853 1243 956 1294 nisi
999 1242 1188 1296 inesset
1234 1243 1344 1295 illis
1390 1242 1735 1312 intelligentia
1774 1252 1822 1296 et
1869 1242 2141 1312 cogitatio.

571 1330 736 1386 Plura
768 1333 873 1387 alia
913 1335 1054 1403 apud
1088 1344 1339 1390 auctores
1365 1335 1548 1390 videre
1590 1333 1830 1404 poteris;
1857 1349 1958 1389 nos
1996 1335 2143 1389 enim

573 1425 627 1478 in
665 1427 922 1495 praesenti
966 1443 1072 1481 non
1119 1427 1436 1481 animalium
1487 1426 1772 1482 historiam
1824 1426 2142 1491 scribimus,

573 1516 668 1570 sed
702 1525 913 1570 tantum
939 1525 1184 1572 nostrum
1216 1525 1493 1573 auctorem
1519 1517 1574 1572 in
1608 1517 1773 1572 rebus
1804 1517 2144 1572 naturalibus

575 1623 682 1661 non
714 1624 873 1674 nova,
903 1625 1078 1680 neque
1103 1611 1408 1682 peregrina,
1440 1609 1535 1665 sed
1564 1611 1817 1681 genuina,
1844 1617 1897 1664 et
1926 1610 1993 1664 ab
2021 1609 2144 1664 aliis

571 1700 770 1755 tradita
816 1703 1101 1758 enuntiare
1148 1703 1508 1759 ostendimus.
1566 1702 1676 1758 Nec
1731 1718 1868 1772 opus
1917 1710 2002 1756 est
2057 1702 2145 1755 hic

573 1792 731 1860 plura
776 1807 1072 1862 congerere
1113 1793 1182 1848 ad
1225 1793 1344 1863 ejus
1383 1795 1641 1850 astutiam
1693 1803 1744 1850 et
1791 1794 2145 1850 calliditatem
2179 1798 2218 1852 Β
2245 1783 2272 1820 ⁸

571 1885 1080 1941 demonstrandam.

641 1974 800 2039 lbid.,
844 1977 942 2033 lin.
991 1979 1080 2033 i7.
1116 1978 1400 2048 Εὑροῦσα
1435 1979 1546 2050 γὰρ
1591 1977 1942 2049 τελμιστήν.
1981 1975 2143 2030 Plura

570 2067 639 2123 de
679 2070 799 2139 ejus
834 2073 888 2124 in
922 2081 1118 2125 venatu
1161 2082 1215 2126 et
1260 2073 1472 2143 piscatu
1501 2073 1711 2128 artibus
1742 2069 2015 2134 Elianus,
2047 2070 2142 2124 lib.

571 2179 649 2228 vi,
679 2180 797 2234 cap.
831 2164 921 2227 24,
963 2173 1018 2219 et
1065 2165 1162 2220 lib.
1206 2183 1257 2232 ι,
1307 2182 1428 2237 cap.
1472 2167 1573 2234 36;
1616 2167 1711 2222 lib.
1761 2182 1836 2230 Iv,
1868 2181 1990 2234 cap.
2037 2165 2142 2231 38;

571 2255 667 2312 lib.
696 2273 766 2320 vl,
791 2273 910 2328 cap.
942 2257 1011 2313 65
1037 2277 1051 2324 ς
1097 2259 1192 2314 lib.
1221 2275 1341 2314 xm.
1372 2259 1504 2329 Ejus
1540 2269 1732 2314 contra
1761 2275 1888 2315 aves
1912 2260 2141 2315 insidias

569 2349 1027 2418 quemadmodum
1067 2359 1122 2406 et
1157 2351 1245 2406 hic
1279 2363 1470 2407 noster
1501 2361 1695 2406 auctor
1738 2353 1942 2422 optime
1971 2351 2144 2421 expli-

568 2440 715 2494 cavit
747 2439 1024 2510 Oppianus
1062 2442 1317 2498 'A.1tevt.
1349 2459 1409 2508 ιι,
1439 2453 1492 2500 et
1528 2445 1792 2514 Epiphan.
1831 2446 1886 2499 in
1919 2445 2142 2516 Physio-

571 2531 688 2602 loga
721 2546 739 2584 :
772 2533 836 2585 'H
866 2531 1090 2604 ἀλώπηξ
1117 2536 1234 2589 ἐστὶ
1266 2536 1601 2606 πολύτροπον
1640 2535 1796 2601 ζῶον.
1833 2536 2142 2590 Πεινάσασα

568 2621 625 2676 δὲ
659 2623 752 2676 καὶ
791 2624 1069 2695 ἀποροῦσα
1102 2628 1308 2700 τροφῆς
1343 2629 1638 2699 ἀπέρχεται
1685 2628 1778 2682 ἐπὶ
1819 2629 1946 2693 τοὺς
1991 2629 2144 2700 ἡλια-

571 2715 702 2778 κοὺς
729 2716 928 2781 τόπους
948 2735 962 2747 ·
991 2721 1439 2792 καταρρίπτουσα
1471 2721 1640 2794 αὐτὴν
1665 2723 1723 2785 ἐς
1748 2723 1871 2794 γῆν,
1907 2725 2000 2776 καὶ
2043 2725 2139 2777 ἀν-

569 2807 803 2880 εχομένη
832 2809 929 2883 τὴν
960 2814 1146 2883 πνοὴν,
1173 2815 1265 2868 καὶ
1293 2816 1663 2887 ὑποκρινουσα
1699 2815 2022 2887 τεθνηκυῖαν
2038 2819 2143 2870 κεῖ-

567 2914 659 2953 ται
711 2900 908 2967 ὑπτία,
960 2905 1086 2969 τοὺς
1133 2905 1442 2977 ὀφθαλμοὺς
1496 2907 1592 2961 καὶ
1637 2908 1765 2971 τοὺς
1818 2907 1982 2971 πόδας
2031 2908 2141 2962 ἄνω

568 2991 785 3062 ἔχουσα.
835 2995 1246 3068 Ἐπερχομένων
1277 2999 1334 3052 δὲ
1374 2999 1481 3052 τῶν
1523 3000 1805 3064 πετεινῶν,
1853 3001 1946 3054 καὶ
1971 3000 2140 3071 αὐτὴν

569 3087 873 3142 κατεσθίειν
904 3087 1262 3162 βουλομένων,
1291 3093 1471 3165 ἐκείνη
1505 3093 1733 3165 ἑτοίμως
1762 3091 1901 3146 αὐτὰ
1924 3095 2117 3164 κρατεῖ

570 3179 663 3234 καὶ
689 3180 790 3234 ὅσα
818 3180 1062 3252 βούλεται
1094 3184 1456 3258 κατατρώγει.
1491 3184 1690 3241 Eadem
1726 3192 1851 3240 sunt
1873 3184 2014 3254 apud
2044 3182 2142 3238 lsi-

569 3271 787 3337 dorum,
813 3275 907 3330 lib.
945 3292 1043 3340 xu,
1067 3293 1187 3348 cap.
1212 3279 1286 3346 2;
1320 3278 1538 3334 Petrum
1572 3277 1918 3341 Damianum,
1951 3277 2045 3331 lib.
2077 3291 2138 3341 ιι,

567 3381 654 3436 ep.
687 3367 782 3434 l8;
809 3368 1112 3436 Albertum,
1141 3370 1431 3442 Georgium
1462 3370 1794 3442 Agricolam,
1825 3367 2140 3424 Michaelem

567 3457 815 3531 Glycam,
850 3471 902 3516 et
939 3462 1077 3518 alios
1113 3465 1467 3519 recentiores.

642 3551 804 3614 lbid.,
836 3553 934 3608 lin.
971 3553 1063 3609 24.
1106 3555 1177 3611 Ἠ
1220 3555 1418 3623 σαῦρα
1447 3554 1786 3625 γηράσασα.
1820 3553 2142 3610 Aristoteles

567 3642 855 3711 lacertum,
876 3656 928 3700 et
959 3655 1293 3703 senectutem
1321 3662 1544 3710 exuere,
1571 3654 1627 3702 et
1649 3647 1825 3702 oculis
1848 3646 2142 3701 connivere

568 3735 822 3804 tradidit;
845 3738 1118 3806 quomodo
1141 3747 1321 3798 autem
1344 3739 1525 3793 lumen
1549 3739 1834 3795 oculorum
1859 3745 2141 3796 senectute

568 3829 834 3884 amissum
869 3838 1154 3899 recuperet
1182 3845 1289 3884 non
1321 3830 1636 3900 explicavit.

637 3918 776 3976 Ibid.
799 3962 815 3986 ,
853 3922 950 3976 lin.
983 3923 1071 3980 58.
1112 3924 1298 3978 Ἀλλὰ
1335 3922 1436 3977 καὶ
1482 3923 1748 3991 αὔξησιν
1767 3921 2027 3993 μείζονα.
2065 3920 2141 3978 De

565 4014 944 4084 magnitudine
988 4016 1286 4070 draconqu
1323 4024 1377 4070 et
1409 4024 1724 4086 serpentum
1767 4031 1799 4070 e
1845 4013 2138 4069 Metasthe-

566 4123 635 4163 ne
677 4116 730 4164 et
762 4109 908 4173 aliis,
956 4109 1079 4164 vide
1107 4107 1376 4172 Plinium,
1414 4109 1509 4165 lib.
1547 4124 1682 4172 vni,
1711 4123 1833 4178 cap.
1871 4107 1962 4172 l2,
1992 4107 2058 4160 15
2086 4117 2141 4161 et

565 4200 673 4269 μς
725 4200 868 4271 apud
917 4199 1278 4263 Strabonem,
1319 4201 1414 4257 lib.
1455 4216 1544 4256 xv.
1589 4198 1930 4255 Onesicritus
1972 4199 2138 4254 refert

563 4294 708 4364 apud
733 4294 1022 4350 Abisarum
1055 4294 1221 4349 India:
1252 4309 1430 4365 regem
1463 4294 1603 4348 duos
1648 4292 1817 4348 fuisse
1846 4291 2134 4355 dracones,

562 4387 794 4441 alterum
843 4385 1042 4456 pedum
1083 4386 1182 4441 M0
1207 4427 1221 4451 ,
1257 4389 1487 4442 alterum
1520 4385 1607 4441 80.
1640 4383 1919 4440 Nearchus
1955 4393 2134 4437 autem

2243 499 2367 552 dam
2401 498 2650 551 attollens
2682 496 2816 550 ictus
2865 495 3046 549 irritos
3097 492 3344 546 adversus
3392 491 3615 559 excipit,
3655 492 3827 548 donec

2243 590 2451 660 obliquo
2481 591 2650 660 capite
2671 590 2971 658 speculatus
3005 586 3220 641 invadat
3258 587 3311 638 in
3337 583 3538 653 fauces.
3582 583 3696 638 Nec
3723 585 3826 639 hoc

2241 692 2536 744 contentus,
2557 681 2709 734 aliud
2739 681 2880 733 haud
2907 681 3093 734 mitius
3118 678 3344 738 debellat
3365 678 3591 734 animal.
3619 677 3684 732 Et
3709 677 3825 749 Op-

2242 773 2436 842 pianus
2458 812 2473 836 ,
2506 772 2600 826 lib.
2636 789 2695 825 ιιι
2725 775 2973 842 Κυνηγ..
3011 771 3126 826 haec
3181 781 3368 824 nostra
3409 770 3824 838 elegantissime

2241 860 2532 930 expressit.
2589 858 2862 915 Nicander
2935 860 3062 914 item
3136 859 3195 914 in
3257 858 3572 925 Theriacis;
3633 859 3823 914 Elia-

2243 967 2346 1007 nus
2370 951 2447 1005 De
2475 951 2664 1006 histor.
2705 953 2870 1006 anim.
2892 993 2908 1018 ,
2948 952 3044 1007 lib.
3094 967 3194 1015 ιιι,
3244 966 3366 1021 cap.
3401 951 3508 1013 22,
3551 960 3607 1006 et
3637 953 3732 1007 lib.
3763 969 3821 1018 x,

2242 1056 2362 1112 cap.
2405 1043 2510 1107 47,
2556 1053 2611 1098 et
2652 1044 2748 1099 lib.
2803 1060 2890 1107 νι,
2939 1058 3062 1113 cap.
3109 1043 3214 1108 58,
3265 1043 3455 1100 scribit
3502 1045 3820 1099 ichneumo-

2243 1143 2365 1182 nem
2397 1128 2604 1198 aspidis
2627 1143 2728 1183 ova
2750 1127 3084 1198 disperdere,
3109 1135 3165 1183 et
3193 1137 3452 1199 tanquam
3477 1129 3682 1184 catulis
3705 1129 3824 1185 suis

2244 1219 2483 1274 futuram
2536 1220 2788 1274 hostilem
2840 1220 3137 1290 perniciem
3201 1221 3549 1276 submovere.
3613 1219 3822 1284 Horas,

2245 1311 2337 1365 lib.
2369 1326 2442 1377 ιι,
2478 1325 2601 1380 cap.
2638 1312 2728 1375 55,
2768 1327 2875 1366 non
2921 1311 3099 1366 solum
3147 1311 3203 1365 in
3245 1322 3552 1383 serpentem
3584 1312 3823 1376 irruere,

2243 1399 2337 1456 sed
2370 1401 2578 1456 vocatis
2608 1401 2761 1471 prius
2803 1401 3044 1456 clamore
3076 1401 3234 1466 aliis,
3260 1417 3382 1471 quae
3419 1401 3606 1456 omnia
3658 1401 3824 1456 simul

2241 1490 2449 1546 addidit
2470 1491 2816 1556 Aristoteles,
2847 1491 2920 1547 De
2946 1493 3136 1546 histor.
3169 1494 3358 1559 anim.,
3393 1493 3488 1548 lib.
3520 1507 3585 1556 ιι,
3613 1507 3740 1562 cap.
3767 1492 3821 1554 6,

2243 1581 2528 1638 Ichneumo
2550 1582 2791 1655 Egypti,
2805 1583 2896 1638 ubi
2917 1583 3151 1653 aspidem
3173 1601 3394 1656 anguem
3421 1601 3580 1639 suum
3606 1584 3818 1640 hostem

2242 1684 2522 1743 aspexerit,
2560 1692 2662 1729 non
2691 1676 2836 1743 prius
2897 1675 3198 1746 aggreditur
3243 1693 3402 1746 quam
3433 1677 3608 1731 socios
3655 1687 3821 1739 vocet,

2277 1776 2292 1819 t
2319 1766 2444 1819 limo
2471 1764 2718 1831 obducto,
2745 1775 2928 1820 contra
2954 1767 3090 1820 ictus
3119 1783 3426 1837 morsusque
3452 1783 3567 1821 sese
3608 1766 3821 1831 loricet,

2245 1858 2432 1913 modus
2459 1857 2708 1912 armandi
2743 1868 2802 1912 ut
2835 1859 3066 1926 primum
3088 1857 3410 1929 madefaciat
3447 1873 3667 1927 corpus,
3691 1867 3744 1913 et
3771 1859 3825 1911 in

2245 1957 2390 2006 terra
2423 1965 2478 2004 se
2505 1950 2719 2004 volutet.

2319 2037 2436 2094 Col.
2473 2039 2572 2094 748
2595 2079 2610 2106 ,
2642 2039 2738 2094 lin.
2774 2040 2825 2094 l.
2861 2039 3062 2109 Σαῦρα
3092 2039 3162 2094 δὲ
3195 2041 3233 2109 ἡ
3263 2039 3579 2110 λεγομένη.
3624 2040 3824 2098 Petrus

2246 2128 2560 2198 Damianus,
2591 2131 2688 2188 lib.
2719 2147 2777 2195 ιι,
2805 2147 2894 2202 ep.
2929 2132 3026 2187 i8:
3051 2132 3433 2197 Salamandra,
3459 2149 3666 2204 quoque
3707 2134 3823 2187 licet

2242 2223 2456 2292 exigua,
2486 2223 2780 2278 mirabilem
2811 2225 2980 2294 fertur
3009 2223 3198 2279 habere
3223 2233 3506 2288 naturam;
3539 2225 3675 2279 adeo
3699 2236 3755 2278 ut
3775 2228 3822 2280 si

2244 2332 2371 2369 casu
2413 2315 2698 2386 aliquando
2742 2318 2795 2371 in
2847 2319 2963 2388 igne
3013 2317 3286 2388 mergitur,
3336 2318 3505 2372 omnis
3550 2319 3712 2388 ignea
3747 2320 3821 2372 eis

2246 2417 2494 2478 tanquam
2530 2408 2840 2464 inundantis
2889 2426 3040 2480 aqua:
3069 2410 3327 2479 proﬂuuio
3356 2411 3599 2481 protinus
3621 2413 3821 2467 exstin-

2242 2510 2455 2569 guatur.
2491 2497 2785 2567 Nicander,
2812 2501 2866 2556 in
2893 2501 3161 2557 Theriacis
3187 2518 3204 2556 :

2242 2591 2350 2644 Kal
2376 2591 2859 2660 σαλαμάνδρειον
2889 2593 3094 2648 δόλιον
3124 2591 3308 2660 δάκος
3333 2593 3465 2661 ᾳιὲν
3487 2592 3751 2661 ἀπεχθὲς

2245 2661 2385 2716 "lite
2417 2662 2514 2715 καὶ
2538 2659 2859 2716 ἀσϐέστοιο
2885 2663 2960 2717 δι’
2997 2664 3065 2717 ἐκ
3100 2659 3289 2729 πυρός
3312 2659 3482 2731 οἶμον
3513 2659 3750 2728 exonera

2246 2732 2542 2786 Ἔσσυται
2593 2733 2889 2802 ἄκμηνος,
2933 2734 3034 2788 καὶ
3081 2731 3424 2799 ἁνώδυνος,
3462 2732 3603 2786 οὐδέ
3655 2735 3714 2787 τι
3764 2736 3817 2787 ol

2241 2871 2474 2938 Σίνεται
2510 2872 2777 2940 ἀσϐέστη
2800 2871 3024 2941 career
3057 2872 3231 2952 δέρος
3265 2872 3420 2946 ἄντρα
3447 2802 3749 2944 reﬁgi.

2309 2961 2375 3015 Et
2403 2963 2457 3018 in
2488 2963 2944 3031 Alexipharmacis
2973 2977 2992 3016 :

2245 3054 2351 3108 Ἦν
2378 3053 2446 3108 δὲ
2467 3055 2834 3124 λιπορῤίνοιο
2873 3053 3059 3107 ποτὸν
3088 3051 3476 3124 amanto"
3510 3055 3668 3124 Mm"

2122 3134 2136 3158 ν
2167 3131 2209 3188 C
2243 3125 2615 3194 Φαρμακίδος
2659 3127 2890 3194 σαύρης
2930 3123 3305 3192 πολυκηδέος
3328 3165 3343 3189 ,
3375 3123 3456 3192 ἦν
3491 3123 3814 3197 calamita-

2239 3264 2580 3332 κλείουσιν,
2619 3261 2734 3333 τὴν
2770 3263 2912 3320 οὐδὲ
2941 3264 3132 3333 πυρὸς
3157 3259 3471 3333 λωϐήσᾰὶο
3497 3196 3735 3337 hiant};

2243 3371 2482 3430 Serenus
2511 3393 2524 3428 :

2241 3486 2346 3542 Seu
2371 3487 2731 3544 Salamandra
2761 3497 2967 3558 potens,
3003 3489 3263 3561 nullisque
3299 3490 3527 3544 obnoxia
3556 3492 3811 3560 ﬂammis.

2240 3577 2468 3644 Plinius,
2518 3579 2613 3634 lib.
2654 3595 2721 3646 x,
2757 3595 2880 3652 cap.
2907 3581 2975 3636 67
3009 3600 3024 3637 :
3055 3580 3204 3637 Sicut
3236 3581 3598 3638 Salamandra
3623 3585 3813 3638 lacerti

2240 3670 2439 3741 ﬁgura,
2485 3671 2790 3738 stellatum,
2835 3689 3102 3742 nunquam
3153 3675 3256 3728 nisi
3291 3676 3492 3746 magnis
3532 3675 3815 3741 imbribus,

2237 3766 2564 3833 proveniens,
2585 3774 2635 3820 et
2654 3766 2934 3820 serenitate
2962 3766 3227 3836 deficiens.
3265 3767 3405 3821 Huic
3435 3778 3616 3822 tantus
3647 3771 3812 3839 rigor,

2239 3867 2296 3910 ut
2325 3857 2496 3928 ignem
2522 3867 2719 3912 tactum
2741 3859 3042 3928 exstinguat
3073 3875 3174 3913 non
3202 3859 3310 3913 alio
3341 3860 3494 3914 modo
3514 3878 3677 3931 quam
3697 3862 3815 3931 gla-

2238 3951 2363 4005 cies.
2391 3951 2661 4014 Elianus,
2700 3951 2778 4006 De
2802 3950 2928 4004 hist.
2963 3952 3153 4016 anim.,
3200 3952 3297 4008 lib.
3326 3967 3387 4018 ιι,
3430 3969 3555 4025 cap.
3588 3954 3654 4008 51
3679 3972 3696 4021 ;
3723 3954 3815 4011 Pi-

2238 4044 2406 4106 sides,
2445 4042 2520 4097 De
2549 4042 2732 4097 mundi
2765 4043 2978 4112 api/icio
3004 4059 3023 4097 :

2343 4136 2547 4202 ΠοΙαις
2580 4136 2648 4189 δὲ
2673 4137 2890 4204 πηγαῖς
2922 4135 2961 4202 ἢ
2987 4134 3201 4201 βυθοῖς
3242 4135 3670 4204 κεκρυμμένοις

2343 4205 2458 4273 Δρᾷ
2485 4205 2878 4274 σαλαμώοδρα
2907 4209 3012 4272 τὰς
3039 4207 3326 4275 καμίνους
3354 4205 3611 4274 alatian
3633 4224 3652 4270 ,°

2237 4297 2656 4368 Olympiodorus
2701 4298 2845 4368 apud
2903 4296 3240 4368 Scaligerum
3289 4297 3356 4352 de
3406 4299 3711 4355 subtilitate
3737 4305 3808 4359 ad

2237 4389 2546 4444 Cardanum
2563 4405 2748 4444 exere.
2781 4389 2868 4453 74,
2893 4407 3044 4444 num.
3077 4391 3131 4450 5,
3158 4390 3283 4453 Τοῖς
3309 4389 3585 4460 ὑελέψαις,
3611 4391 3810 4459 inquit,

561 4479 734 4535 visam
773 4480 1010 4549 viperam
1071 4480 1325 4535 feminam
1366 4480 1674 4534 cubitorum
1708 4478 1962 4533 sedecim.
2000 4475 2134 4530 Vide

2241 4478 2406 4550 πολλὴ
2437 4479 2656 4550 φροντὶς
2687 4478 2779 4532 τοῦ
2815 4479 3090 4535 τινάσσειν
3122 4479 3222 4550 τὴν
3263 4480 3514 4551 πάπυρον
3534 4519 3551 4544 ,
3596 4477 3685 4533 ἵνα
3733 4483 3812 4553 μὴ

561 4571 863 4635 Aidanum,
901 4573 998 4626 lib.
1032 4589 1065 4627 x
1105 4572 1176 4626 De
1209 4572 1334 4627 hist.
1362 4573 1551 4636 anim.,
1587 4585 1708 4640 cap.
1741 4567 1832 4625 59.

631 4665 768 4720 Ibid.
810 4664 996 4719 Ἐπὰν
1024 4660 1138 4720 οὗν
1169 4663 1277 4718 τὸν
1315 4667 1511 4734 opum.
1551 4663 1758 4725 Horus,
1793 4661 1888 4716 lib.
1929 4675 1977 4724 I,
2009 4673 2130 4728 cap.

563 4757 587 4811 1
621 4775 636 4812 :
669 4755 919 4826 Ἐπειδὴ,
945 4754 1112 4826 τριῶν
1145 4755 1316 4824 γενῶν
1380 4755 1583 4824 ὄφεων
1620 4750 1975 4807 καθεστώτων
2000 4788 2016 4807 ,
2065 4747 2134 4800 τὰ

563 4849 662 4921 μὲν
692 4847 854 4901 λοιπὰ
890 4845 1060 4918 Θνητὰ
1085 4847 1353 4922 ὑπάρχει,
1387 4844 1546 4900 τοῦτο
1571 4845 1627 4898 δὲ
1660 4843 1818 4915 μόνον
1846 4841 2130 4901 ἀθάνατον,

559 4942 588 4996 ὃ
612 4942 705 4996 καὶ
745 4939 1136 5012 προσφυσῆσαν
1165 4939 1337 5012 ἑτέρῳ
1384 4938 1548 4991 παντὶ
1577 4935 1700 5008 ζὼῳ
1744 4935 1868 5006 δίχα
1915 4933 2010 4986 καὶ
2037 4929 2131 4982 τοῦ

557 5035 741 5088 δακεῖν
776 5033 1004 5104 ἀναιρεῖ.

631 5125 792 5190 lbid.,
822 5127 919 5179 lin.
945 5124 1036 5179 42.
1073 5124 1262 5190 Τούτῳ
1284 5125 1316 5178 ό
1357 5121 1670 5194 ἰχνεύμων.
1702 5121 1984 5190 Quomodo
2011 5139 2132 5178 ser-

559 5228 750 5290 pentes
771 5227 826 5273 et
847 5216 1156 5272 crocodilos
1188 5224 1366 5282 necat,
1390 5217 1670 5287 eleganter
1717 5214 2000 5290 Oppianus
2021 5220 2130 5270 Κυ-

559 5330 692 5382 νηγ.
729 5311 824 5367 lib.
853 5326 935 5367 ιιι.
1573 5303 1576 5306 ’

625 5405 761 5460 Ibid.
791 5446 808 5473 ,
854 5405 952 5460 lin.
985 5403 1074 5460 M.
1117 5403 1303 5459 uua
1353 5401 1482 5472 μὴν
1525 5401 1624 5456 καὶ
1676 5403 1846 5470 πρός.
1896 5397 2128 5465 Plinius,

558 5495 655 5551 lib.
685 5513 806 5562 vm,
848 5513 968 5568 cap.
998 5496 1106 5550 τις
1145 5497 1298 5560 Aspis
1333 5495 1489 5550 habet
1514 5493 1703 5553 deinde
1751 5494 2130 5548 internecinum

559 5587 752 5641 bellum
781 5605 898 5642 cum
943 5589 1298 5646 ichneumone.
1330 5586 1532 5643 Notum
1557 5597 1636 5641 est
1669 5586 1870 5642 animal
1895 5587 1992 5640 hac
2013 5586 2131 5656 glo-

559 5679 642 5733 ria
667 5681 892 5735 maxime
918 5682 970 5733 in
1007 5680 1188 5735 eadem
1219 5693 1404 5735 natum
1429 5681 1680 5751 xl'gypto.
1707 5677 1896 5749 Mergit
1922 5695 1976 5732 se
2005 5679 2130 5734 limo

557 5770 774 5839 swpius,
800 5769 1062 5840 siccatque
1098 5770 1224 5827 sole.
1252 5769 1380 5826 Mox
1407 5770 1495 5825 ubi
1515 5770 1752 5840 pluribus
1778 5769 1955 5825 eodem
1978 5768 2128 5824 modo

2239 4571 2387 4635 ἐντὸς
2419 4572 2738 4644 περιέχηται
2777 4573 2810 4643 ἡ
2849 4571 3234 4642 σαλαμάνδρα’
3270 4573 3540 4643 ζημιῶδες
3569 4573 3680 4646 γὰρ
3707 4577 3814 4630 αὒ-

2237 4667 2349 4729 τοῖς
2374 4664 2450 4737 τῷ
2484 4664 2672 4718 σϐέσαι
2706 4665 2806 4736 τὴν
2833 4664 3081 4735 κάμινον.
3139 4663 3499 4730 Aristoteles,
3530 4667 3626 4721 lib.
3663 4683 3696 4720 v
3734 4667 3815 4721 De

2238 4755 2364 4809 hist.
2393 4757 2582 4823 anim.,
2619 4770 2741 4826 cap.
2774 4756 2878 4822 l9;
2921 4755 3300 4811 Nazianzenus
3333 4758 3384 4810 in
3419 4756 3709 4818 Basiliam.
3756 4769 3814 4814 et

2240 4846 2512 4902 Para’nesi
2539 4847 2607 4900 ad
2647 4847 2905 4915 Virgines.
2948 4845 3085 4900 lluic
3124 4855 3305 4900 tamen
3337 4849 3619 4903 sententia:
3653 4847 3815 4905 Dios-

2236 4939 2450 4994 corides
2491 4937 2827 5009 refragatur,
2871 4948 2925 4994 et
2975 4936 3216 4992 Galenus
3245 4938 3299 4992 in
3335 4937 3614 5006 Simplic.,
3645 4941 3815 4996 σαλα-

2240 5029 2479 5100 μάνδρας
2511 5030 2804 5102 καυθεεσης
2830 5030 3114 5094 meminit;
3162 5037 3216 5085 et
3247 5046 3298 5084 Iv
3332 5030 3489 5085 Κατὰ
3519 5032 3670 5098 τόπ.,
3704 5035 3814 5088 Σα-

2235 5121 2546 5193 λαμάνδρας
2574 5124 2918 5196 κεκαυμένης
2954 5123 3152 5176 σποδόν
3180 5123 3431 5193 requirit.

2308 5211 2442 5269 ibid.
2471 5253 2486 5278 ,
2535 5214 2630 5267 lin.
2663 5215 2716 5268 5.
2771 5213 2924 5267 Φασὶ
2966 5213 3034 5266 δὲ
3082 5212 3198 5282 τὴν
3245 5214 3512 5281 ἐχιδναν.
3547 5213 3810 5280 Basilius,

2236 5306 2384 5362 hom.
2491 5324 2504 5362 :
2539 5305 2650 5360 Καὶ
2691 5305 2894 5376 ἔχιδναι
2922 5305 3021 5369 τὰς
3057 5306 3267 5377 μήτρας
3293 5304 3649 5376 ὲκφαγοῦσαι,
3671 5324 3810 5378 προσ

2235 5399 2503 5472 έρχονται,
2551 5397 2858 5471 πρέποντας
2893 5401 2958 5469 τῇ
2992 5398 3370 5471 γεννησαμένῃ
3414 5401 3541 5463 τοὺς
3581 5398 3811 5470 μισθοὺς

2235 5489 2630 5545 ὲκτιννύουσαι.
2679 5487 2988 5544 Notandum
3047 5501 3132 5544 est
3183 5490 3330 5560 quod
3354 5498 3543 5544 narrat
3607 5489 3808 5547 Petrus

2239 5583 2567 5650 Damianus,
2615 5582 2712 5637 lib.
2750 5598 2832 5646 ιι,
2881 5583 3098 5652 epistol.
3135 5581 3234 5644 l8,
3267 5582 3334 5637 de
3369 5582 3471 5636 hac
3500 5581 3688 5637 eadem
3725 5597 3804 5636 re.

2249 5676 2470 5744 Vipera,
2503 5675 2708 5746 inquit,
2739 5673 2836 5728 hac
2870 5675 3090 5729 coeundi
3137 5675 3217 5729 uel
3250 5673 3492 5744 pariendi
3522 5685 3806 5728 consuetu-

2236 5768 2359 5824 dine
2403 5767 2640 5823 naturali
2669 5767 2944 5839 potiuntur
2975 5767 3195 5839 imperio
3231 5776 3286 5821 ut
3337 5765 3599 5821 masculus
3639 5766 3697 5820 in
3745 5782 3804 5822 os
