4072 6342
331 292 433 348 961

1326 288 1392 344 ΙΝ
1435 287 1801 345 EUSTATBII
1840 285 2309 344 llEXAEMERON
2347 286 2580 345 ΝΟΤΔΕ.

3362 264 3367 269 ”
3458 293 3563 349 csa

332 410 543 480 femine
574 415 729 476 caput
757 408 1051 479 impingat,
1076 406 1221 478 quod
1252 407 1349 461 illa
1376 423 1488 477 pra:
1516 408 1671 461 nimii
1700 407 1898 461 amoris
1926 412 1973 469 Α
2003 420 2141 471 ram,
2175 404 2321 475 quod
2353 412 2406 461 et
2436 405 2661 460 tradidit
2708 405 3029 477 Apollonius
3078 406 3221 478 apud
3256 406 3562 465 Philostra-

329 502 663 569 impatic'ntia
694 500 976 554 mordenda
1001 501 1277 569 pra'cidat,
1322 517 1383 553 ac
1401 508 1595 568 prresto
1620 498 1895 569 deglutiat,

327 610 396 647 es
420 592 568 662 cujus
614 593 803 661 capitis
845 592 1011 645 oculis
1055 591 1160 644 duo
1196 591 1359 645 catuli
1406 600 1784 659 procreantur,
1808 590 1900 659 qui

327 694 515 753 partus
553 692 781 750 tempore
816 692 1056 736 materna
1103 683 1274 736 latera
1312 682 1554 752 utrinque
1589 681 1896 748 corrodunt,

327 785 381 828 et
405 775 481 828 sic
508 774 822 827 altrinsecus
847 773 1006 825 simul
1026 773 1337 836 occidentes,
1355 781 1402 826 et
1434 780 1703 825 nascentes
1723 787 1898 825 erum-

326 874 481 933 punt.
504 864 619 930 'Qui
642 864 891 917 nimirum
912 874 1032 917 ante
1060 873 1180 918 sunt
1206 864 1486 932 parricida:
1518 880 1675 933 quam
1701 864 1819 932 filii,
1848 872 1897 916 et

306 956 450 1009 ideo
483 943 748 1024 nunquam
775 965 966 1024 praeter
993 956 1124 1009 duos
1148 956 1283 1010 valet
1324 956 1481 1024 hujus
1511 960 1712 1026 generis
1747 971 1897 1008 exce-

329 1049 459 1102 dens
488 1049 687 1116 aliquid
719 1048 961 1103 inveniri.
996 1048 1110 1102 Duo
1143 1056 1323 1102 tamen
1359 1048 1447 1101 hic
1472 1047 1540 1102 de
1570 1056 1766 1101 natura
1798 1047 1896 1101 hu-

323 1134 421 1202 jus
446 1136 714 1205 serpentis
737 1176 753 1200 ,
785 1152 906 1205 quae
955 1135 1119 1191 refert
1150 1138 1236 1191 hic
1269 1143 1461 1191 auctor
1481 1176 1496 1202 ,
1528 1146 1582 1191 et
1614 1138 1766 1191 multi
1803 1137 1894 1190 alii

328 1241 442 1280 uno
472 1241 587 1290 ore,
639 1227 1035 1282 consideranda
1064 1235 1213 1291 sunt,
1244 1236 1299 1283 et
1343 1228 1577 1298 primum
1614 1228 1682 1282 de
1714 1230 1891 1295 coitu;

325 1319 406 1373 ait
442 1320 622 1382 enim,
664 1320 904 1389 viperam
947 1337 1041 1390 per
1068 1335 1132 1374 os
1184 1335 1370 1375 semen
1416 1321 1687 1389 excipere,
1723 1336 1893 1376 mem-

328 1410 601 1480 brumque
631 1413 798 1466 maris
827 1426 923 1466 ore
948 1411 1218 1475 excidere,
1252 1412 1354 1467 hac
1384 1412 1597 1467 ratione
1627 1417 1761 1466 mari
1796 1428 1892 1468 ne—

324 1518 446 1557 cem
472 1503 732 1571 parando.
755 1503 868 1558 Hoc
902 1504 1040 1558 idem
1069 1505 1229 1557 aliter
1256 1504 1348 1557 alii
1382 1512 1627 1567 narrant,
1648 1505 1890 1572 viperam

324 1592 592 1647 duntaxat
623 1594 705 1647 ori
734 1609 836 1648 suo
868 1594 1033 1648 maris
1064 1600 1235 1663 caput
1282 1594 1483 1649 habere
1529 1595 1795 1649 insertum
1834 1595 1889 1649 in

324 1684 496 1745 coitu,
529 1688 582 1739 et
612 1681 743 1736 illud
774 1682 967 1737 ardore
999 1682 1238 1737 libidinis
1277 1697 1634 1751 praemorsum
1665 1682 1887 1736 abscin-

2000 503 2150 560 tum,
2179 505 2234 550 et
2282 496 2549 552 Maximus
2599 496 2819 569 Tyrius.
2868 497 2935 551 Et
2957 497 3144 553 Romae
3178 500 3477 569 saepissime
3508 505 3564 558 in

1997 589 2189 658 ligneis
2218 590 2391 645 thecis
2433 597 2596 645 enata
2642 590 2861 645 soboles
2902 590 2970 645 ab
2999 592 3253 646 omnibus
3297 593 3564 661 cernitur,

1994 689 2049 736 et
2088 698 2288 752 parens
2337 682 2489 738 salva
2534 698 2600 737 ac
2636 678 2919 753 superstes
2956 700 2971 749 ;
3024 691 3077 736 et
3107 699 3205 752 ego
3239 684 3404 738 etiam
3432 685 3562 738 vidi.

1996 773 2233 829 Consule
2260 772 2612 843 Rodiginum,
2640 774 2736 831 lib.
2755 790 2967 844 vl,cap.
2997 775 3084 829 15.
3118 774 3253 828 lllud
3278 776 3439 831 etiam
3468 777 3563 831 ad-

1993 866 2140 929 dam,
2192 866 2502 921 Cardanum
2544 882 2574 920 a
2612 866 2888 937 Scaligero
2936 882 3117 923 exere.
3175 868 3278 923 125
3328 877 3382 923 et
3431 868 3560 933 185,

1995 974 2145 1012 num.
2181 958 2268 1022 15,
2306 958 2651 1029 reprehendi,
2690 960 2835 1028 quod
2865 960 3073 1015 scilicet
3102 961 3344 1030 aspidem
3401 966 3454 1015 et
3482 962 3563 1014 vi-

1993 1064 2178 1119 peram
2230 1065 2394 1104 unam
2444 1058 2498 1103 et
2545 1050 2788 1105 eamdem
2834 1050 3154 1119 agnoverit;
3188 1051 3330 1105 sicut
3366 1050 3420 1104 in
3448 1052 3565 1122 epi-

1993 1138 2131 1192 stola
2154 1138 2386 1207 quadam
2409 1152 2569 1191 manu
2594 1138 2813 1208 propria
2841 1137 3076 1192 Cardani
3102 1140 3306 1209 scripta
3337 1156 3395 1195 se
3426 1140 3564 1195 Sca-

1991 1228 2126 1299 liger
2174 1227 2377 1282 vidisse
2424 1235 2694 1292 testatur,
2742 1246 2867 1285 eum
2908 1228 3189 1301 dipsadem
3221 1250 3345 1287 cum
3378 1235 3563 1304 vipera

1991 1320 2134 1374 idem
2161 1320 2529 1375 existimasse.
2562 1321 2758 1377 Petrus
2794 1323 2922 1377 item
2955 1323 3253 1392 Bellonius,
3284 1326 3557 1382 Observat.

1992 1411 2088 1466 lib.
2126 1428 2201 1476 ιι,
2232 1428 2354 1482 cap.
2386 1412 2453 1466 54
2475 1452 2489 1476 ,
2520 1411 2719 1468 fatetur
2766 1430 2825 1470 se
2851 1415 3033 1470 verbis
3070 1416 3433 1472 Aristotelicis
3461 1419 3563 1472 im-

1989 1505 2207 1574 pulsum
2232 1543 2246 1567 ,
2281 1507 2498 1574 viperas
2530 1516 2880 1576 praegnantes
2907 1510 3231 1564 observasse
3255 1528 3269 1564 :
3302 1525 3422 1579 qua:
3443 1511 3563 1565 sine

1989 1597 2195 1653 tunicis
2228 1597 2471 1653 sobolem
2502 1600 2779 1669 peperisse
2807 1602 2938 1654 visae
2968 1609 3114 1655 sunt.
3145 1599 3245 1667 Qui
3272 1610 3455 1656 tamen
3481 1603 3565 1656 vi-

1990 1703 2178 1760 peram
2213 1703 2331 1742 eam
2369 1688 2643 1759 intelligit,
2674 1705 2837 1759 quam
2886 1690 3239 1748 Turonenses
3295 1701 3349 1747 et
3378 1691 3559 1747 Ceno-

326 1774 477 1830 dere.
498 1774 694 1837 Horus,
726 1776 820 1830 lib.
853 1790 915 1832 u.
947 1790 1064 1845 cap.
1084 1774 1183 1830 59:
1208 1773 1355 1846 Αὕτη
1384 1775 1512 1846 γὰρ,
1543 1775 1669 1827 ὅταν
1695 1773 1887 1842 συγγέ-

1991 1781 2176 1834 manui
2202 1780 2361 1846 Aspic
2389 1782 2673 1836 nominant
2695 1797 2813 1853 quae
2841 1799 3002 1854 quam
3031 1799 3161 1840 vera
3189 1784 3298 1839 sint
3331 1785 3559 1841 alterius

325 1883 485 1938 νηται
502 1865 582 1936 τῷ
600 1865 804 1937 ἄρρενι,
830 1866 1005 1936 στόμα
1036 1865 1260 1936 στόματι
1283 1863 1611 1935 ἐμϐαλοῦσα,
1630 1864 1724 1917 καὶ
1752 1862 1889 1933 μετὰ

322 1959 389 2012 τὸ
415 1958 834 2029 ἀποζευχθῆναι,
856 1955 1197 2010 ὰποδακοῦσα
1220 1955 1316 2026 τὴν
1347 1954 1585 2026 κεφαλὴν
1610 1953 1702 2008 τοῦ
1728 1954 1891 2024 ἄρρε-

322 2068 437 2115 νος,
465 2052 695 2121 ἀναιρεῖ.
726 2049 979 2112 Basilius,
998 2047 1199 2103 Contra
1228 2048 1546 2115 feneratores
1566 2086 1582 2111 ,
1622 2056 1678 2100 et
1705 2044 1781 2099 De
1808 2047 1889 2099 in-

323 2144 491 2206 vidia;
522 2142 790 2204 .‘Elianus,
822 2139 899 2194 De
921 2140 1046 2194 hist.
1079 2140 1269 2204 anim.,
1302 2139 1396 2193 lib.
1429 2154 1468 2202 ι,
1499 2152 1621 2208 cap.
1653 2136 1743 2203 M,
1779 2137 1888 2193 etsi

326 2233 607 2303 paululqu
636 2232 704 2286 ab
731 2232 852 2285 aliis
880 2230 1064 2285 varius
1091 2227 1262 2294 Phile,
1298 2228 1352 2282 in
1371 2226 1573 2281 lambis
1590 2242 1611 2282 :

436 2346 604 2415 Ἐ’χις
633 2346 700 2399 δὲ
727 2345 938 2416 θερμὸς
970 2343 1382 2416 προσπλακεὶς
1407 2342 1483 2411 τῇ
1510 2340 1761 2416 συζύτῳ,

415 2413 543 2471 Καὶ
572 2417 679 2470 τὸν
700 2413 843 2482 τέώῤ
876 2415 1126 2482 ἥδιστον
1153 2415 1243 2483 ἄρ’
1274 2415 1509 2479 ἀνύσας
1535 2413 1746 2483 γάμον,

430 2489 626 2543 Κεῖται
658 2486 968 2555 φονευθεὶς
995 2486 1141 2540 ὑπαὶ
1169 2484 1275 2552 τῆς
1307 2485 1623 2555 ἐραστρίας

438 2553 799 2612 Τούτουοὺν
828 2554 973 2624 ὀργῇ
1002 2556 1416 2619 λανθανόντως
1439 2553 1728 2622 ἐχομένης

438 2627 702 2696 Σοόαρὸν
725 2627 773 2679 τ’
800 2626 1033 2680 ἐκεῖνον
1060 2626 1429 2694 ἐκτεμούσης
1451 2623 1696 2692 αὐχένα.

326 2739 690 2805 Prudentius,
748 2738 1195 2810 Hamartigenia;
1232 2737 1474 2802 Plinius,
1524 2738 1623 2792 lib.
1661 2754 1689 2791 x
1714 2777 1729 2801 ,
1761 2752 1882 2807 cap.

326 2831 415 2893 42,
462 2831 661 2899 Vipera:
687 2846 799 2883 mas
830 2838 986 2897 caput
1015 2829 1199 2882 inserit
1231 2829 1284 2881 in
1316 2845 1397 2895 os,
1425 2827 1563 2897 quod
1602 2828 1696 2881 illa
1730 2828 1887 2882 abro—

326 2926 405 2976 dit
437 2923 718 2991 voluptatis
744 2921 1033 2975 dulcedine.
1074 2920 1139 2973 Et
1166 2936 1232 2975 ex
1260 2920 1657 2975 recentioribus
1688 2920 1883 2976 Adria-

328 3028 432 3067 nus
459 3010 675 3075 Junius,
705 3012 958 3065 emblem.
984 3010 1072 3065 '58.

397 3102 559 3173 lbid.,
593 3107 687 3159 lin.
722 3106 774 3160 5.
805 3105 966 3173 Αὕτη
995 3103 1063 3157 δὲ
1092 3103 1323 3173 ἔγγυος.
1358 3101 1670 3158 Secundum
1701 3111 1783 3159 est
1817 3102 1884 3159 de
1913 3120 1954 3176 ο

324 3207 483 3269 partu
528 3215 749 3264 eorum;
788 3198 940 3251 aiunt
982 3212 1217 3267 namque
1266 3197 1411 3268 quod
1460 3196 1585 3260 filii,
1631 3195 1885 3266 disrupta

324 3301 513 3347 ventre
535 3332 550 3355 ,
587 3306 853 3360 exesaque
884 3291 1041 3345 vulva
1089 3297 1381 3359 erumpunt
1405 3329 1419 3353 ,
1454 3298 1747 3359 pensantes
1773 3327 1789 3354 ,
1821 3303 1885 3343 ac

1987 1872 2089 1926 erit
2113 1871 2320 1941 negotii
2351 1872 2648 1929 discutere.

2057 1962 2191 2018 lbid.
2214 2002 2230 2027 ,
2276 1965 2375 2017 lin.
2406 1965 2459 2019 9.
2502 1966 2789 2035 Γηράσας
2824 1968 2891 2021 δὲ
2919 1973 2952 2024 ό
2990 1970 3144 2040 ὄφις.
3176 1968 3253 2026 De
3282 1981 3557 2045 serpente,

1987 2054 2108 2124 ejus
2148 2064 2379 2120 natura,
2424 2066 2478 2113 et
2520 2062 2793 2129 quomodo
2836 2072 3110 2118 senectam
3137 2076 3334 2129 exuat,
3362 2064 3558 2121 Petrus

1987 2148 2316 2217 Damianus,
2360 2151 2456 2206 lib.
2492 2168 2565 2219 ll,
2607 2155 2771 2224 epist.
2820 2156 2932 2222 l8;
2976 2154 3261 2221 Elianus,
3306 2157 3381 2212 De
3426 2160 3553 2213 hist.

1987 2243 2150 2299 anim.
2186 2243 2280 2298 lib.
2314 2260 2528 2315 Ix,cap.
2560 2246 2761 2312 l6,ait,
2796 2257 3104 2319 serpentem
3136 2250 3397 2307 fcenieulo
3426 2268 3557 2307 ocu-

1986 2332 2057 2389 lis
2081 2334 2341 2391 afl‘ricatis
2363 2339 2644 2394 oculorum
2676 2341 3058 2395 hebetudinem
3093 2342 3364 2412 abjicere;
3398 2360 3558 2400 sene-

1986 2438 2146 2482 scunt
2172 2429 2315 2482 enim
2351 2431 2496 2484 oculi
2531 2439 2585 2485 et
2623 2431 2780 2486 sicuti
2820 2433 3085 2502 reliquum
3124 2449 3357 2504 corpus,
3402 2435 3473 2488 ita
3502 2443 3557 2489 et

1985 2520 2128 2575 oculi
2157 2536 2268 2575 suae
2297 2522 2651 2592 perfectionis
2682 2524 2883 2578 habent
2920 2526 3212 2579 terminum
3281 2542 3439 2596 quem
3469 2535 3554 2579 at-

1985 2611 2225 2682 tingant,
2255 2629 2414 2683 quem
2441 2615 2487 2670 si
2516 2617 2853 2671 excesserint
2885 2617 3066 2671 lumen
3097 2619 3429 2682 absumunt,
3472 2620 3557 2673 in—

1985 2702 2233 2775 ﬁrmique
2264 2705 2598 2772 redduntur,
2641 2710 2805 2763 Ὅταν
2852 2710 3185 2779 ἁποδύσηται
3221 2712 3282 2764 τὸ
3318 2711 3495 2783 γῆρας
3532 2712 3561 2764 ὁ

1983 2794 2139 2863 ὄφις,
2180 2798 2556 2869 ὑπαρχομένου
2594 2800 2650 2853 δὲ
2678 2801 2770 2854 τοῦ
2808 2797 2941 2873 ἦρος
2981 2802 3082 2873 δρᾷ
3112 2801 3300 2867 τοῦτο,
3330 2802 3562 2857 ἐνταῦθά

1982 2901 2065 2939 τοι
2095 2888 2191 2940 καὶ
2219 2888 2327 2943 τῶν
2364 2891 2660 2963 ὀφθαλμῶν
2683 2894 2779 2965 τὴν
2814 2895 3001 2963 ἀχλὺν,
3034 2896 3129 2948 καὶ
3156 2895 3217 2947 τὸ
3248 2896 3428 2965 ἀμϐλὺ
3458 2896 3559 2965 τῆς

1984 2977 2159 3047 ὅψεως
2190 2980 2433 3050 ρίπτεται
2453 3022 2467 3045 ,
2491 2985 2585 3036 καὶ
2610 2986 2783 3037 ἐκεῖνο
2813 2986 2888 3048 ὡς
2921 2986 3099 3057 γῆρας
3127 2985 3439 3057 ὀφθαλμῶν.
3469 2985 3560 3055 Τῷ

1985 3069 2042 3123 δὲ
2075 3072 2337 3144 μαράθρῳ
2371 3076 2802 3145 προῦποθήγων,
2845 3077 2936 3129 καὶ
2967 3078 3279 3149 περιψήχων
3307 3076 3369 3128 τὸ
3404 3077 3559 3147 ὄμμα

1988 3166 2281 3239 ἑκάτερον,
2324 3164 2440 3222 εἶτα
2482 3169 2709 3240 ὲξάνθης
2749 3169 2901 3223 τοῦδε
2931 3170 3022 3224 τοῦ
3066 3171 3269 3233 πάθους
3325 3170 3554 3239 γίνεταιι

1988 3256 2352 3325 Ἀμδλυώττει
2386 3258 2442 3311 δὲ
2484 3258 2592 3328 ἄρα
2638 3258 2725 3312 διὰ
2751 3258 2844 3311 τοῦ
2888 3259 3152 3330 χειμῶνος
3180 3258 3460 3328 φωλεύσας
3499 3260 3557 3312 ὲν

326 3384 652 3438 ulciscentes
704 3346 932 3453 primam
1004 3382 1180 3452 pejori
1242 3346 1538 3452 impleta-te.
1590 3380 1774 3447 Phile,
1828 3381 1887 3436 in

1989 3346 2142 3417 μυχῷ
2163 3348 2257 3399 καὶ
2284 3348 2477 3419 σκότῳ.
2501 3348 2707 3402 Οὐκοῦν
2737 3348 3069 3402 παλαιοῦσαν
3098 3351 3162 3402 ὲκ
3184 3348 3294 3402 τῶν
3323 3349 3555 3421 κρυμῶν
3648 3374 3651 3375 ν

2026 3436 2051 3447 ..
2140 3435 2163 3453 ν
2186 3437 2198 3451 ,
2362 3438 2373 3453 .
2460 3437 2482 3453 .
2502 3439 2514 3453 .
2618 3440 2631 3453 .
2717 3437 2742 3453 λ
2895 3439 2917 3453 ..
3066 3438 3079 3453 .
3175 3440 3186 3453 .
3272 3438 3296 3453 ι.
3496 3439 3522 3453 ..

327 3474 527 3528 lambis
544 3488 563 3527 :

429 3565 604 3634 Πλὴν
629 3566 766 3619 ἀλλ’
795 3567 827 3618 ὀ
855 3564 972 3633 μὲν
999 3565 1302 3631 τέθνηκεν.
1327 3565 1366 3633 ἡ
1396 3563 1463 3617 δὲ
1490 3563 1606 3617 νῦν
1637 3565 1763 3618 κύει
1782 3578 1795 3592 ο
1845 3560 1849 3565 ’

430 3638 591 3691 Μετὰ
616 3635 683 3687 δὲ
715 3638 928 3704 μικρόν
958 3652 1086 3687 τινα
1112 3634 1264 3688 αὐτὰ
1291 3637 1361 3687 τὰ
1382 3635 1580 3701 βρέφη
1611 3637 1832 3704 χρόνον

434 3707 553 3772 Τὴν
572 3703 868 3775 μητρικὴν
888 3704 1376 3775 ρήξανταᾼνηδὺν
1404 3703 1602 3767 ἐξέδυ.

426 3777 522 3846 Μὴ
740 3775 1090 3845 τετιμώρηκε
1117 3773 1194 3840 τῷ
1223 3775 1603 3843 φυτοσπόρῳ.

328 3892 536 3955 Horus,
568 3892 661 3945 lib.
696 3907 769 3955 ιι,
802 3905 924 3961 cap.
968 3890 1075 3957 60;
1115 3889 1419 3959 Antigonus
1453 3888 1771 3959 Carystius,
1807 3887 1885 3941 De

327 3985 598 4049 mirabil.,
643 3985 779 4038 Οὐδὲ
834 3985 1011 4055 ἔχιδνα
1059 3984 1159 4048 δίς.
1194 3982 1394 4036 Ἐσθιει
1443 3981 1552 4051 γὰρ
1594 3980 1761 4051 αὐτῆς
1786 3980 1885 4051 τὴν

324 4078 530 4131 κοιλίαν
555 4076 625 4129 τὰ
650 4076 877 4147 ἔμϐρυα.
910 4075 1176 4141 Αῖιὶευιιε,
1201 4075 1292 4129 lib.
1317 4090 1333 4129 ι
1368 4073 1446 4128 De
1471 4074 1658 4128 histor.
1695 4076 1881 4138 anim.,

322 4184 443 4236 cap.
476 4167 547 4219 24
570 4206 584 4229 ,
613 4175 666 4221 et
716 4167 809 4220 lib.
848 4182 914 4220 xv
943 4209 958 4232 ,
993 4181 1112 4235 cap.
1148 4165 1213 4219 16
1237 4205 1252 4229 ,
1292 4182 1359 4221 ex
1402 4167 1670 4219 sententia
1701 4164 1882 4220 Theo-

322 4258 531 4328 phrasti
557 4258 651 4320 ait,
685 4266 927 4310 ventrem
960 4270 1068 4309 non
1121 4256 1334 4310 corrodi
1360 4296 1375 4321 ,
1407 4271 1584 4325 neque
1616 4256 1882 4325 disrumpi

322 4364 352 4400 a
388 4346 534 4411 liliis,
567 4346 663 4401 sed
710 4347 837 4416 quia
873 4354 1139 4416 angustus
1182 4354 1267 4400 est
1315 4348 1455 4400 mole
1488 4347 1692 4401 sobolis
1726 4346 1883 4415 pelli-

1984 3436 2091 3489 τῶν
2135 3435 2287 3499 ζώων
2322 3438 2422 3509 τὴν
2457 3437 2579 3507 ὄψιν
2610 3437 3004 3510 ὑποθερμαῖνον
3030 3438 3091 3491 τὸ
3122 3438 3395 3510 μάραθρον
3424 3439 3555 3493 καθ-

1982 3527 2146 3599 αίρει,
2176 3530 2268 3581 καὶ
2295 3529 2698 3601 ὀξυωπέστερον
2753 3529 3063 3599 ἀποφαίνει.
3100 3529 3167 3584 Et
3192 3530 3421 3596 Plinius,
3456 3532 3552 3586 lib.

1984 3635 2101 3683 vm,
2121 3635 2240 3689 cap.
2274 3621 2342 3674 27
2370 3638 2383 3673 :
2409 3622 2604 3692 Anguis
2622 3622 2853 3692 hyberna
2874 3623 3076 3677 latebra
3108 3625 3221 3677 visu
3250 3624 3552 3689 obscurato,

1985 3713 2255 3765 marathro
2300 3712 2471 3767 herba:
2502 3730 2612 3768 sese
2655 3706 2953 3782 a/fricans,
2980 3715 3158 3769 oculos
3201 3716 3444 3785 inungit,
3493 3732 3557 3769 ac

1986 3805 2181 3874 refovet
2206 3820 2223 3868 ;
2246 3807 2293 3859 si
2322 3822 2438 3859 vero
2476 3821 2710 3875 squama:
2746 3807 3086 3875 obtorpuere,
3119 3809 3285 3877 spinis
3319 3808 3555 3877 juniperi

1983 3912 2038 3951 se
2064 3895 2250 3951 scabit.
2280 3897 2346 3950 Et
2374 3898 2467 3952 lib.
2499 3914 2553 3963 Χ,
2572 3913 2692 3968 cap.
2724 3898 2795 3953 25
2819 3915 2831 3950 :
2859 3898 3189 3954 Faeniculum
3219 3902 3556 3955 nobilitatem

1983 4000 2239 4059 serpentes
2276 4000 2508 4061 gustatu,
2541 4002 2598 4044 ut
2627 3990 2763 4056 dixi,
2794 4004 3053 4047 senectam
3086 3994 3341 4056 exuendo,
3371 3995 3553 4047 oculo-

1984 4099 2198 4155 rumque
2229 4087 2391 4138 aciem
2420 4101 2574 4138 succo
2607 4085 2718 4154 ejus
2768 4086 3061 4155 refovendo.
3102 4087 3424 4141 Aristoteles
3468 4092 3555 4138 ta-

1984 4188 2105 4227 men
2127 4213 2142 4238 ,
2177 4174 2273 4228 lib.
2303 4189 2396 4228 vm
2431 4173 2502 4228 De
2539 4174 2663 4229 hist.
2713 4177 2875 4229 anim.
2897 4217 2913 4241 ,
2958 4191 3078 4245 cap.
3116 4176 3215 4241 17,
3244 4177 3457 4230 videtur
3495 4176 3548 4229 in

1983 4278 2044 4318 ea
2082 4280 2204 4319 esse
2233 4267 2503 4320 sententia
2525 4305 2539 4329 ,
2583 4266 2628 4322 si
2664 4278 2810 4321 reetc
2842 4267 2962 4336 ejus
3002 4267 3165 4321 verba
3193 4267 3553 4321 consideren-

1985 4364 2106 4419 tur,
2136 4356 2388 4411 videlicet
2426 4368 2705 4427 serpentes
2734 4374 2843 4412 non
2876 4374 2997 4413 esse
3026 4374 3199 4415 cureos
3234 4378 3246 4413 :
3289 4359 3384 4414 sed
3422 4359 3553 4428 quia

321 4448 431 4501 tur,
455 4438 546 4507 qui
579 4452 701 4491 cum
731 4436 892 4490 reniti
915 4452 1024 4491 non
1057 4437 1229 4505 possit
1253 4437 1643 4505 perrumpitur,
1667 4445 1721 4491 et
1748 4451 1881 4493 acus

1987 4453 2143 4522 pellis
2165 4453 2254 4506 illa
2279 4454 2392 4507 sive
2417 4460 2634 4508 senecta
2658 4453 2891 4522 primum
2921 4452 3227 4507 detrahitur
3256 4454 3324 4506 ab
3350 4454 3548 4517 oculis,

322 4531 547 4585 marinae
579 4529 825 4599 exemplo
858 4528 1184 4598 persuadere
1215 4538 1461 4591 conatur,
1486 4544 1606 4597 quae
1636 4530 1763 4597 quia
1788 4543 1879 4582 ca-

322 4639 509 4693 pacem
532 4624 710 4676 alvum
742 4638 847 4675 non
872 4622 1071 4677 habent
1096 4622 1347 4677 similiter
1367 4620 1674 4675 adiciuntur
1702 4637 1731 4675 a
1765 4623 1880 4677 suis

324 4716 546 4771 fetibus.
571 4714 801 4779 Plinius,
835 4716 870 4768 l.
900 4714 989 4768 d.:
1026 4714 1205 4767 Tertia
1225 4714 1308 4767 die
1338 4716 1480 4767 intra
1502 4723 1709 4766 uterum
1731 4724 1881 4766 catu-

322 4808 400 4860 los
429 4806 693 4869 excludit,
728 4804 911 4858 deinde
952 4805 1184 4874 singulos
1225 4798 1404 4857 diebus
1446 4804 1665 4871 singulis
1715 4804 1877 4871 parit,

320 4900 502 4968 viginti
544 4899 650 4965 fere
677 4914 913 4951 numero.
944 4894 1130 4965 Itaque
1157 4896 1335 4949 σαντενὶ
1396 4895 1664 4948 tarditatis
1693 4896 1881 4963 impa—

321 4998 502 5046 tientes
533 4998 873 5059 perrumpunt
907 4989 1073 5041 latera
1107 4988 1280 5040 occisa
1305 4997 1537 5055 parente.
1563 4988 1879 5042 Aristoteles

319 5096 522 5146 tamen,
558 5084 633 5137 De
666 5084 790 5137 hist.
820 5082 1009 5143 anim.,
1044 5081 1135 5133 lib.
1165 5096 1227 5141 ν,
1256 5096 1378 5149 cap.
1412 5080 1532 5143 ult.,
1566 5079 1723 5132 aliter
1754 5095 1879 5133 sen-

317 5181 381 5231 tit
424 5186 479 5234 et
519 5185 726 5231 narrat.
785 5174 1013 5244 Ideoque
1060 5176 1129 5228 ab
1166 5174 1440 5243 aliquibus
1482 5173 1582 5227 hoc
1629 5173 1789 5227 sicuti
1824 5182 1879 5227 et

316 5271 551 5338 primum
581 5268 647 5323 de
669 5269 973 5338 viperarum
999 5268 1146 5321 coitu
1179 5268 1256 5321 uti
1282 5266 1587 5321 fabulosum
1612 5265 1874 5334 rejicitur.

318 5360 473 5413 Parit
502 5360 707 5412 catulos
755 5358 1025 5412 obvolutos
1075 5360 1392 5412 membranis
1415 5398 1430 5423 ,
1461 5374 1576 5427 quae
1604 5359 1760 5412 tertia
1793 5357 1878 5412 die

316 5461 650 5520 rumpuntur.
683 5450 949 5521 Contingit
976 5467 1091 5505 vero
1141 5467 1512 5521 nonnunquam
1538 5491 1553 5516 ,
1591 5460 1647 5502 ut
1687 5451 1775 5520 qui
1823 5451 1877 5503 in

312 5554 461 5597 utero
509 5544 677 5596 adhuc
717 5553 839 5597 sunt
889 5543 1092 5597 abrosis
1147 5543 1463 5596 membranis
1510 5551 1873 5610 prorumpunt.

314 5636 563 5706 Singulos
589 5635 768 5689 diebus
804 5638 1024 5705 singulis
1068 5636 1243 5704 parit,
1272 5636 1448 5702 plures
1473 5652 1629 5705 quam
1671 5636 1872 5705 viginti.

316 5725 674 5784 Verissimum
709 5726 889 5797 itaque
917 5735 1000 5781 est
1041 5740 1328 5796 superesse
1372 5727 1548 5797 partui
1593 5740 1695 5781 suo
1727 5724 1874 5794 vipe-

1981 4544 2109 4600 dum
2132 4553 2427 4608 exuuntur,
2446 4545 2567 4599 ideo
2590 4546 2657 4599 iis
2673 4546 2763 4615 qui
2785 4560 2897 4599 rem
2921 4560 3025 4598 non
3054 4544 3359 4613 intelligunt
3384 4547 3550 4600 videri

1980 4651 2154 4690 careas
2183 4636 2319 4698 ﬁeri,
2340 4636 2506 4688 Ὅταν
2525 4636 2581 4688 δὲ
2614 4636 2887 4707 ἄρχωνται
2916 4634 3155 4688 ὲκδύνειν
3179 4638 3225 4687 οἱ
3254 4634 3426 4702 ὄφεις,
3445 4636 3553 4688 ἀπὸ

1977 4729 2084 4781 τῶν
2122 4728 2412 4798 ὀφθαλμῶν
2442 4727 2768 4795 ἀφίστασθαι
2800 4727 3012 4799 πρῶτόν
3049 4743 3245 4795 φασιν,
3287 4726 3425 4779 ὥστε
3464 4728 3552 4779 δο-

1979 4822 2093 4872 κεῖν
2133 4819 2375 4886 γίνεσθαι
2415 4819 2647 4886 τυφλοὺς
2690 4821 2801 4881 τοῖς
2846 4819 2918 4889 μὴ
2959 4818 3197 4872 συνιοῦσι
3248 4818 3308 4872 τὸ
3355 4818 3546 4881 πάθος.

1978 4909 2181 4965 Natura
2213 4910 2630 4980 perfectioribus
2657 4911 2983 4964 animalibus
3016 4911 3220 4973 invida,
3254 4914 3336 4964 sui
3368 4919 3546 4963 tamen

1980 5004 2034 5057 in
2067 5004 2408 5072 serpentibus
2451 5002 2679 5073 prodiga
2735 5004 3092 5073 conspicitur.
3144 5003 3198 5056 Si
3259 5004 3345 5057 cui
3404 5002 3547 5056 enim

1978 5097 2062 5150 vel
2097 5096 2430 5151 levissimum
2466 5096 2593 5165 quid
2622 5096 2675 5149 in
2707 5097 2896 5149 oculos
2928 5095 3203 5163 injcceris,
3228 5104 3425 5163 praeter
3451 5093 3544 5145 do-

1979 5184 2121 5238 lores
2147 5184 2462 5247 immensos,
2480 5192 2533 5239 et
2554 5184 2841 5255 lacrymas,
2861 5200 2980 5253 qua:
2996 5184 3260 5238 continuo
3281 5182 3543 5243 deﬂuunt,

1976 5282 2061 5328 est
2106 5286 2159 5328 et
2201 5276 2503 5345 perieulum
2560 5276 2701 5337 illis,
2742 5292 2808 5330 ne
2867 5276 3057 5329 morbo
3098 5276 3316 5328 obnoxii
3362 5275 3545 5327 lumen

1976 5365 2249 5420 amittant.
2277 5366 2432 5432 Quod
2465 5369 2511 5422 si
2549 5368 2876 5436 contigerit,
2915 5382 3182 5437 nusquam
3212 5367 3277 5420 ail
3312 5366 3542 5434 primam

1977 5456 2122 5511 illam
2172 5458 2342 5513 aciem
2379 5460 2589 5530 regredi
2613 5462 2816 5516 valent.
2849 5461 3205 5528 Serpentibus
3236 5460 3287 5513 id
3318 5474 3543 5514 conces-

1976 5550 2082 5612 sit,
2110 5565 2343 5618 quorum
2374 5553 2565 5607 oculos
2595 5553 2639 5607 si
2673 5553 3021 5615 laceraveris,
3049 5553 3138 5605 alii
3166 5558 3539 5617 renascentur,

1974 5648 2028 5694 et
2070 5640 2212 5695 idem
2257 5658 2379 5696 cum
2421 5644 2697 5712 prioribus
2731 5660 2930 5698 munus
2961 5644 3313 5714 praestabunt.
3347 5642 3542 5698 Notavi

1975 5741 2039 5781 ex
2069 5727 2381 5791 Aristotele,
2411 5727 2484 5782 De
2512 5730 2637 5784 hist.
2676 5730 2862 5795 anim.,
2897 5729 2989 5786 lib.
3029 5744 3101 5793 ιι,
3125 5744 3243 5793 cap.
3278 5728 3376 5792 17,
3412 5726 3541 5783 Evt.-
