4072 6342
543 263 649 319 903

1836 258 2082 316 LEONIS
2115 257 2384 313 ALLATII

3687 261 3797 315 964

541 383 656 434 nire
693 377 1019 447 senpentibus
1049 376 1188 431 idem
1219 376 1356 447 quod
1387 374 1548 445 pullis
1591 374 1934 428 hirundinum
1969 391 2108 428 non—

2218 389 2316 434 τας
2332 389 2346 402 ο
2381 371 2617 435 καὶτοὺς
2645 371 2851 436 ἰδόντας
2874 371 3036 428 αὐτόν
3057 389 3068 400 ·
3090 373 3186 428 καὶ
3206 375 3288 428 δτι
3308 375 3418 428 τῶν
3445 375 3621 432 ἄλλων
3638 374 3802 439 ζώων

541 471 678 526 nulli
706 472 888 531 aiunt;
904 470 1071 524 oculis
1091 470 1230 524 enim
1253 477 1549 536 serpentum
1575 468 1844 531 laceratis,
1863 467 2113 520 subnasci

543 562 678 616 alios
703 561 973 630 referunt;
1004 560 1192 614 cauda
1227 560 1388 613 etiam
1418 559 1632 612 lacertis
1674 567 1829 628 atque
1854 558 2110 627 serpenti-

544 653 640 706 bus
670 662 958 720 amputata:
990 663 1360 705 renascuntur.
1391 649 1620 711 Plinius,
1639 648 1733 703 lib.
1766 663 1843 711 χι,
1866 663 1988 717 cap.
2021 646 2111 710 '57,

546 744 856 814 Serpentum
872 744 1063 796 catulis
1079 753 1129 797 et
1157 742 1500 796 hirundinum
1523 741 1703 812 pullis,
1722 741 1768 792 si
1797 740 1914 808 quis
1937 746 2110 801 eruat,

543 839 749 892 renasci
781 837 1020 889 tradunt.

615 927 748 982 Ibid.
765 927 874 981 Kal
891 927 1239 995 νηστεύσας
1254 923 1496 994 ἡμέρας.
1525 923 1866 982 Aristoteles,
1885 922 1958 977 De
1985 923 2109 977 hist.

542 1021 708 1074 anim.
740 1020 776 1073 ι.
805 1034 925 1082 vm,
967 1035 1016 1072 υ.
1053 1018 1106 1083 4,
1139 1016 1231 1070 diu
1255 1025 1307 1070 et
1337 1023 1616 1085 serpentes
1648 1023 1703 1068 et
1725 1014 2013 1084 pbalangia
2040 1011 2115 1067 vi-

541 1127 667 1166 vere
711 1125 871 1180 posse
909 1110 1028 1164 sine
1065 1109 1188 1163 cibo
1246 1107 1498 1169 alIirmat,
1536 1103 1679 1175 quod
1717 1120 1784 1158 ex
1833 1104 1921 1168 iis,
1973 1118 2114 1173 quos

540 1185 1175 1274 pharntacopolte'alunt
1205 1201 1550 1268 perspicuum
1599 1205 1703 1253 est.
1757 1197 2111 1267 Epiphanius.

542 1297 596 1350 in
638 1294 876 1364 Physiol.
906 1309 956 1347 c.
984 1293 1050 1345 13
1076 1311 1088 1346 :
1125 1293 1294 1345 Ὅταν
1326 1291 1602 1362 γηράσκῃ,
1635 1290 1995 1360 ἀμϐλύνονται
2021 1289 2116 1342 αὺ-

540 1385 634 1438 τοῦ
667 1387 716 1438 οἱ
747 1384 1032 1454 ὀφθαλμοὶ,
1064 1383 1156 1436 καὶ
1187 1381 1281 1435 ἐὰν
1329 1382 1642 1445 ἀνανεάζειν
1687 1381 1872 1434 ἑαυτὸν
1918 1381 2114 1453 βούλη-

539 1495 650 1540 ται,
677 1475 923 1546 νηστεύει
950 1477 1162 1546 ἡμέρας
1190 1474 1616 1546 τεσσαράκοντα,
1636 1474 1740 1536 ἕως
1767 1472 1832 1526 ἂν
1859 1473 1920 1526 τὸ
1945 1473 2114 1544 δέμας

542 1569 706 1624 αὑτοῦ
760 1568 1045 1640 χαυνωθῇ,
1085 1567 1180 1621 καὶ
1228 1567 1473 1638 εὑρίσκει
1530 1567 1755 1636 πέτραν,
1803 1568 1898 1620 καὶ
1946 1571 2114 1638 para-

540 1661 787 1715 δαστεύει
807 1678 820 1691 ο
861 1659 1146 1733 προκύψας
1177 1659 1233 1711 δὲ
1271 1659 1358 1712 διὰ
1402 1659 1499 1730 τῆς
1527 1658 1665 1730 ὀπῆς
1694 1657 1911 1712 ὠθεῖται
1943 1659 2114 1730 περά-

543 1768 668 1814 σαιρ
707 1753 799 1804 καί
845 1750 1095 1804 ἐκϐάλλει
1146 1749 1206 1802 τὸ
1252 1749 1464 1820 γῆρας,
1518 1750 1612 1803 καὶ
1657 1749 1947 1806 ἀποϐαλὼν
1983 1749 2114 1804 αὐτὸ

539 1843 822 1915 τερπωλὴν
860 1844 1087 1915 παρέχει
1123 1841 1438 1898 νεανίσκων.

614 1934 771 2000 Ibid.,
805 1937 903 1990 lin.
936 1937 1022 1990 10.
1075 1934 1190 1988 Kal
1219 1933 1550 2003 εἰσέρχεται
1581 1935 1669 2000 εἰς
1691 1937 1828 2005 par.
1881 1933 2116 2005 Serpen-

540 2037 626 2084 tes
656 2040 928 2085 senectam
970 2044 1170 2084 exuere
1217 2029 1466 2083 scribunt
1493 2029 1834 2092 Aristoteles,
1870 2028 1947 2082 De
1987 2029 2110 2085 hist.

541 2121 703 2175 anim.
757 2121 848 2174 lib.
901 2135 1020 2181 vnt,
1063 2135 1113 2174 c.
1153 2119 1249 2185 l7;
1287 2119 1558 2183 IEIianus,
1607 2121 1642 2174 Ι.
1673 2135 1748 2183 ix,
1780 2134 1830 2175 c.
1881 2121 1983 2189 l6;
2020 2121 2113 2174 Ni-

541 2213 766 2274 cander.
821 2213 876 2266 in
930 2211 1234 2271 Tlteriacis;
1288 2212 1582 2282 Virgilius,
1642 2227 1678 2265 ιι
1731 2210 1918 2282 Georg.
1973 2223 2026 2268 et
2073 2230 2112 2267 ιι

542 2301 798 2367 ΑΞιιεὶιι.;
840 2301 1087 2367 Nonnus,
1121 2302 1474 2373 Dionysiacon
1523 2304 1557 2356 Ι.
1593 2319 1712 2369 xu;
1749 2303 2024 2363 Simmias,
2057 2305 2111 2358 in

541 2392 705 2456 Ala.;
743 2391 1014 2446 Theudor.
1064 2393 1102 2446 Ι.
1137 2407 1150 2445 ι
1189 2392 1540 2461 Therapeut.;
1582 2391 1812 2454 Plinius,
1847 2394 1882 2448 l.
1910 2409 2029 2457 vm,
2060 2410 2109 2450 c.

537 2484 608 2537 27
637 2502 649 2536 :
681 2483 883 2552 Anguis
913 2481 1142 2552 ltyberno
1173 2484 1277 2536 situ
1313 2483 1613 2537 membrana
1636 2487 1868 2554 corporis
1888 2486 2113 2539 obducta

541 2574 773 2644 feniculi
804 2589 957 2626 succo
988 2573 1413 2640 impedimentum
1457 2574 1591 2627 illud
1623 2577 1787 2637 exuit,
1815 2575 2113 2646 nitidusque

539 2676 741 2721 cernat.
793 2665 956 2720 Exuit
984 2676 1157 2718 autem
1193 2681 1225 2718 a
1263 2666 1430 2733 capite
1471 2667 1723 2734 primum,
1759 2683 1850 2721 nec
1893 2668 2112 2722 celerius

539 2776 698 2831 quam
731 2775 832 2812 uno
859 2759 964 2820 die,
997 2776 1059 2812 ac
1093 2769 1239 2812 nocte
1270 2757 1548 2826 replicans.
1578 2770 1633 2812 ut
1661 2774 1810 2815 extra
1835 2762 1931 2830 ﬁat
1952 2778 2113 2814 mem-

542 2851 730 2910 brana,
783 2847 920 2920 quod
970 2849 1143 2917 fuerat
1190 2849 1368 2912 intus;
1421 2847 1620 2914 llorus,
1655 2849 1689 2904 Ι.
1743 2865 1780 2914 l,
1829 2867 1879 2905 c.
1911 2850 1967 2905 2.
2003 2849 2113 2906 Nec

542 2941 716 3010 parcit
759 2938 859 2993 hac
890 2939 943 2992 in
981 2955 1039 2993 re
1083 2938 1336 2993 Cardano
1379 2936 1643 3009 Scaliger,
1677 2955 1856 2995 exere.
1893 2941 2013 3004 189,
2053 2958 2106 2997 ιι.

542 3032 598 3096 5,
638 3031 732 3088 sed
767 3046 987 3085 causam
1027 3030 1315 3085 adductam
1349 3047 1516 3101 quare
1539 3041 1818 3101 serpentes
1857 3045 2109 3088 senectu-

541 3129 650 3178 tem
708 3129 910 3176 exuant
966 3129 1189 3191 propter
1244 3121 1544 3174 siccitatem
1593 3121 1858 3176 duntaxat
1915 3123 2112 3178 refellit

540 3215 788 3283 exemplo
819 3213 1108 3276 stellionis,
1140 3213 1232 3282 qui
1262 3227 1371 3266 non
1403 3219 1489 3267 est
1539 3213 1722 3268 siccus
1759 3221 1812 3268 et
1853 3215 2024 3279 exuit,
2059 3223 2113 3270 et

540 3309 798 3362 arborum
843 3307 1159 3369 sicciorum,
1191 3305 1284 3376 qui
1323 3305 1581 3360 corticem
1624 3307 1830 3359 nullum
1861 3315 2110 3375 mutant;

541 3401 949 3463 cantharidum,
981 3414 1104 3470 quae
1134 3399 1274 3452 inter
1302 3399 1508 3452 insecta
1533 3398 1853 3454 siccissimas
1879 3407 2027 3461 sunt,
2059 3406 2113 3453 et

541 3495 798 3548 cimicum
836 3492 1159 3556 volantium,
1190 3505 1330 3561 quos
1362 3491 1479 3560 ipse
1517 3506 1576 3546 se
1609 3491 1798 3562 igneos
1827 3499 2111 3562 expertum

541 3599 667 3640 esse
703 3586 921 3638 fatetur.

616 3675 776 3737 Ibid”
813 3676 911 3729 lin.
941 3675 1028 3728 15.
1051 3677 1236 3729 Ὅταν
1268 3677 1337 3730 δὲ
1369 3675 1627 3748 διψήσῃ.
1660 3673 1736 3730 De
1757 3674 1962 3744 vipera,
1991 3689 2112 3743 quas

541 3782 810 3820 venenum
857 3767 1074 3835 exspuit
1108 3767 1234 3820 dum
1278 3783 1401 3821 cum
1444 3782 1684 3821 muraena
1736 3766 2106 3836 congreditur,

542 3858 682 3914 idem
701 3858 947 3913 scribunt
969 3859 1249 3929 Oppianus
1275 3860 1527 3914 Ἀλιευτ.
1549 3875 1564 3913 ι
1587 3877 1600 3927 ;
1625 3859 1776 3916 Phile
1793 3860 1850 3914 in
1863 3859 1892 3913 1
1897 3859 2066 3914 ambis
2086 3876 2106 3925 ,'

539 3949 779 4003 Achilles
809 3947 1020 4008 Tatius,
1057 3958 1112 4004 el.
1149 3950 1261 4003 alii.

612 4040 772 4102 lbid.,
812 4042 907 4095 lin.
944 4040 1031 4096 l9.
1063 4042 1124 4094 '0
1155 4040 1224 4094 δὲ
1244 4042 1616 4108 ,ϐασιλίσκος
1639 4043 1750 4097 ἱόν.
1783 4042 2106 4098 Basiliscum

537 4141 592 4188 et
613 4133 812 4187 olfactu
848 4140 1150 4194 nec-antem,
1185 4140 1238 4185 et
1267 4133 1538 4187 hominem
1567 4135 1611 4189 si
1640 4135 1866 4204 aspiciat
1895 4141 2105 4188 tantum

539 4226 853 4280 interimere
885 4226 1019 4278 dicit
1063 4223 1295 4285 Plinius,
1333 4227 1426 4278 lib.
1463 4242 1610 4291 χχιιι,
1642 4242 1762 4297 cap.
1808 4227 1862 4290 4,
1910 4228 1964 4282 in
1998 4244 2107 4298 quo

539 4318 659 4372 loco
711 4334 808 4387 pro
858 4317 1080 4386 olfactu,
1133 4318 1312 4388 afﬂatu
1360 4319 1705 4374 restituerem
1737 4336 1802 4374 ex
1828 4322 2104 4375 communi

2213 463 2267 515 si
2293 480 2345 516 τι
2379 463 2471 516 καὶ
2500 464 2695 533 ἅψαιτο
2740 464 2836 516 τοῦ
2884 464 3024 530 {dion
3057 467 3383 538 amppévou,
3415 468 3511 521 καὶ
3538 467 3672 521 αὐτὸ
3699 485 3798 521 τε-

2211 553 2376 625 λευτᾷ
2401 554 2621 619 εὐθέως,
2651 571 2746 608 και
2770 555 2859 609 διὰ
2885 555 3043 610 τοῦτο
3076 559 3186 612 πᾶν
3219 557 3384 613 αὑτοῦ
3414 560 3478 613 τὺ
3504 559 3662 629 γένος
3682 561 3799 616 τῶν

2211 645 2383 700 ἄλλων
2428 645 2634 716 θηρίων
2681 647 2848 715 ἐγγὺς
2895 643 3034 701 εἶναι
3065 649 3412 718 φυλάττεται.
3462 649 3668 706 Eadem
3704 667 3798 708 re-

2215 736 2320 790 fert
2353 735 2554 802 Horus,
2602 738 2694 792 lib.
2747 753 2787 801 l,
2823 753 2945 808 cap.
2979 740 3034 803 1,
3082 747 3139 794 et
3175 741 3270 795 lib.
3312 757 3372 802 ιι,
3405 756 3528 812 cap.
3559 739 3621 796 6i
3650 761 3665 808 ;
3698 743 3798 796 Al-

2213 829 2401 883 bertus
2443 829 2690 899 Magnus,
2722 829 2816 884 lib.
2846 845 2954 884 xxv
2983 829 3060 884 De
3087 833 3276 896 anim.,
3296 835 3578 888 nominum
3609 834 3795 889 diver—

2213 921 2371 976 sitate
2416 920 2696 991 deceptus,
2730 922 3044 978 basiliscum
3069 913 3502 991 congeminando
3544 927 3684 981 duas
3718 928 3791 981 il-

2213 1010 2318 1066 lius
2374 1012 2584 1080 species
2661 1012 2908 1069 diversas
2957 1015 3272 1080 constituit;
3348 1016 3618 1086 siquidem
3676 1017 3788 1073 duo

2212 1104 2391 1169 capita
2444 1100 2592 1165 facit,
2631 1102 2862 1157 alterum
2895 1103 2962 1159 de
3015 1105 3290 1171 basilisco,
3325 1108 3554 1162 alterum
3586 1108 3656 1163 de
3704 1125 3795 1162 ar-

2213 1207 2389 1246 mene.
2414 1191 2693 1248 Avicenna
2715 1193 2949 1262 dubitat,
2976 1198 3119 1252 sitne
3141 1197 3282 1253 idem
3310 1215 3537 1268 serpens
3565 1215 3791 1258 armene

2215 1299 2339 1336 cum
2374 1283 2650 1348 basilisco,
2702 1287 2787 1341 vel
2817 1288 3089 1345 diversus.
3141 1289 3399 1346 Nicolaus
3444 1291 3791 1350 Leonicenus

2214 1390 2493 1430 armenem
2522 1383 2578 1431 et
2605 1377 2922 1434 basiliscam
2952 1381 3167 1444 unicam
3187 1397 3310 1438 esse
3333 1385 3573 1454 speciem
3605 1395 3662 1440 et
3681 1402 3791 1442 non

2215 1467 2354 1523 duas
2384 1470 2570 1525 multis
2617 1473 2956 1542 argumentis
3005 1488 3069 1528 ac
3111 1475 3414 1531 rationibus
3444 1478 3662 1547 probat,
3704 1495 3791 1534 re-

2214 1557 2458 1630 fellitque
2508 1561 2812 1625 Albertum,
2842 1570 2898 1617 et
2940 1563 3297 1629 Avieennam,
3336 1575 3392 1620 et
3415 1568 3787 1637 quorumdam

2215 1651 2444 1706 aliorum
2476 1651 2810 1724 opinionem,
2837 1655 2932 1726 qui
2974 1670 3250 1712 armenem
3282 1674 3448 1713 unum
3481 1675 3609 1714 cum
3640 1672 3793 1716 cato.

2147 1720 2189 1778 Β
2216 1743 2374 1814 blepa
2419 1720 3130 1817 coristituebantibecepti,
3168 1759 3226 1804 ut
3251 1759 3408 1819 puto,
3458 1753 3790 1808 auctoritate

2216 1835 2399 1901 Plinii,
2445 1838 2537 1908 qui
2577 1838 2672 1894 lib.
2716 1856 2834 1902 vni,
2868 1841 3030 1912 capit.
3065 1841 3156 1906 2i,
3190 1843 3287 1907 ait,
3323 1845 3788 1914 quemadmodum

2215 1927 2553 1994 basiliscum,
2580 1929 2652 1982 ita
2679 1936 2734 1985 et
2761 1932 3096 2002 catoblepam
3121 1932 3206 1986 vel
3226 1933 3343 1987 solo
3361 1944 3587 2004 aspectu
3615 1936 3790 1989 homi-

2216 2034 2314 2073 nes
2370 2028 2535 2090 atque
2565 2021 2672 2076 alia
2699 2023 2952 2077 animalia
2978 2024 3308 2080 interimere.
3348 2025 3504 2083 Mons
3532 2027 3665 2082 item
3695 2031 3787 2099 qui

2213 2107 2495 2180 Narsingze
2547 2125 2773 2182 regnum
2825 2111 3021 2166 dividit
3069 2129 3100 2167 a
3132 2112 3422 2172 Malabaris
3457 2117 3662 2172 multas
3693 2118 3789 2172 alit

2215 2201 2380 2268 feras,
2416 2203 2557 2256 inter
2585 2220 2723 2274 quas
2749 2206 2925 2261 alatos
2955 2222 3163 2278 angues
3201 2207 3493 2264 arboribus
3521 2211 3790 2267 insisten-

2216 2300 2321 2357 tes,
2354 2309 2494 2364 quos
2525 2295 2680 2350 aiunt
2720 2298 2839 2353 solo
2870 2298 3083 2363 aﬂlatu,‘
3110 2301 3195 2356 vel
3243 2303 3407 2356 etiam
3442 2304 3661 2369 obtutu,
3693 2321 3790 2361 eos

2213 2387 2306 2454 qui
2361 2389 2583 2456 prOpius
2635 2389 2903 2444 accedunt
2953 2392 3276 2448 interﬁcere.
3328 2393 3508 2451 Julius
3541 2396 3790 2467 Scaliger

2214 2477 2269 2528 in
2302 2475 2632 2544 Cardanum,
2669 2482 2894 2534 εχει·ρὶι.
2919 2481 3040 2537 249.
3075 2483 3260 2549 refert,
3288 2501 3348 2541 se
3399 2487 3597 2557 legisse
3641 2491 3786 2559 apud

2214 2569 2544 2625 recentiores
2567 2569 2750 2626 Romae
2769 2571 2949 2627 Leone
2972 2577 3226 2644 pontifice
3256 2578 3495 2632 maximo
3519 2580 3591 2634 ad
3615 2582 3787 2635 edem

2211 2658 2394 2716 Lucia:
2431 2663 2532 2717 sub
2564 2663 2768 2720 fornice
2794 2666 3128 2721 stabulatum
3157 2683 3282 2726 esse
3314 2669 3659 2736 basiliscum,
3692 2689 3788 2728 cu‘

2209 2753 2301 2824 jus
2331 2756 2510 2810 aﬂlatu
2545 2772 2737 2825 magna
2773 2758 2858 2812 lue
2891 2759 3081 2814 aﬂecta
3119 2759 3294 2816 Roma
3327 2764 3520 2828 ‘fuerit,
3552 2781 3788 2836 eumque

2213 2843 2357 2899 illico
2414 2845 2688 2914 pontificis
2742 2847 2995 2916 precibus
3036 2850 3392 2910 exstinctum.
3459 2851 3785 2909 Basiliscum

2212 2953 2322 2992 non
2353 2938 2620 2992 incantari
2651 2946 2903 2994 testatum
2926 2950 3009 2996 est
3027 2943 3200 2997 sacris
3217 2941 3440 3000 Litteris
3467 2965 3480 3000 :
3506 2945 3639 3001 Ecce
3670 2964 3783 3018 ego,

2213 3029 2379 3099 inquit
2417 3029 2691 3096 Dominus,
2717 3033 2921 3086 mittam
2955 3035 3097 3089 vobis
3124 3049 3381 3106 serpentes
3409 3042 3638 3112 regulos,
3669 3047 3786 3115 qui-

2213 3119 2306 3174 bus
2332 3138 2432 3175 non
2454 3132 2528 3176 est
2557 3123 2865 3190 incantatio,
2885 3135 2933 3180 et
2956 3129 3260 3183 mordebant
3287 3135 3427 3187 vos'.
3462 3132 3602 3200 Quin
3620 3140 3782 3192 etiam
3873 3117 3888 3130 '

2211 3211 2429 3282 quidam
2461 3214 3140 3275 credideruntbasiliscum
3176 3221 3584 3282 incantamenta
3605 3227 3784 3286 discu-

2191 3319 2344 3390 .tere.
2379 3318 2433 3364 et
2462 3309 2533 3364 ab
2562 3312 2649 3366 bis
2684 3313 2796 3382 jam
2833 3323 3026 3385 captos
3057 3318 3195 3374 alios
3243 3331 3525 3392 serpentes
3560 3326 3701 3381 solvi
3734 3338 3785 3384 et

2212 3401 2452 3458 liberari.
2500 3401 2686 3458 Obiter
2729 3406 2969 3460 notanda
3000 3417 3084 3463 est
3132 3410 3217 3465 hic
3251 3411 3542 3483 Augustini
3598 3417 3783 3491 Euga-

2210 3492 2324 3547 bini
2370 3497 2662 3560 sententia,
2716 3498 2810 3567 qui
2855 3499 2910 3554 in
2957 3498 3285 3571 Cosmopleia
3335 3518 3646 3577 serpentem
3691 3516 3782 3584 qui

2210 3583 2375 3639 Evam
2426 3587 2636 3660 decepit
2694 3589 2865 3647 fuisse
2912 3592 3233 3650 basiliscum
3277 3611 3484 3664 censet,
3529 3615 3590 3658 ut
3638 3583 3783 3662 sicut

2209 3677 2480 3743 diabolus,
2511 3683 2601 3751 qui
2633 3685 2861 3738 tentavit
2891 3685 3081 3753 Evam,
3115 3691 3372 3762 princeps
3401 3693 3576 3752 fuisse
3604 3702 3784 3754 credi-

2211 3775 2301 3822 tur
2333 3771 2660 3838 daetnonum,
2691 3773 2764 3827 ita
2805 3792 2938 3832 usus
2971 3778 3043 3833 sit
3084 3788 3141 3833 ut
3176 3797 3380 3851 organo
3411 3801 3477 3839 eo
3507 3800 3781 3858 serpente,

2210 3861 2305 3930 qui
2365 3863 2609 3917 omnium
2665 3875 2980 3936 serpentum
3048 3878 3306 3941 tanquam
3368 3893 3461 3932 rex
3527 3879 3780 3939 habetur.

2211 3949 2366 4006 Hunc
2394 3969 2522 4008 vero
2555 3970 2678 4012 esse
2721 3958 3060 4023 basiliscnm.
3093 3971 3145 4017 et
3193 3981 3391 4020 nomen
3430 3968 3608 4038 ipsum
3642 3974 3784 4028 indi-

2207 4053 2316 4106 cat,
2347 4053 2401 4099 et
2445 4063 2566 4117 quae
2612 4049 2680 4104 de
2736 4051 3043 4108 incredibili
3090 4056 3209 4125 ejus
3262 4059 3328 4113 ad
3379 4064 3690 4121 nocendum
3727 4070 3778 4124 vi

2207 4133 2414 4191 Plinius
2441 4145 2494 4192 et
2526 4137 2744 4196 Solinus
2779 4143 3022 4200 tradunt.

2281 4228 2440 4295 lbid.,
2472 4231 2564 4285 lin.
2598 4231 2687 4285 22.
2734 4233 3069 4302 Ἶστοροῦσι
3094 4237 3162 4292 δὲ
3191 4243 3395 4296 αὐτόν.
3431 4243 3696 4318 Origenes
3723 4251 3774 4306 in

2207 4327 2396 4374 catena
2443 4320 2625 4377 Gratca
2661 4325 2715 4378 in
2767 4324 2988 4392 Jerem.,
3022 4345 3141 4400 cap.
3173 4331 3240 4386 49
3273 4337 3422 4392 ;,Καὶ
3467 4338 3623 4406 ὄφεις
3673 4345 3782 4414 γὰρ

539 4419 824 4464 auctorum
878 4411 1170 4473 sententia,
1220 4410 1311 4479 qui
1371 4410 1549 4464 amatu
1596 4427 1754 4466 suum
1783 4413 1934 4468 virus
1989 4414 2102 4467 cir-

2209 4413 2473 4478 ἱοῦόλλους
2519 4417 2983 4484 εῐκατακλείσεις,
3034 4423 3154 4492 ὕψει
3189 4427 3316 4490 τοὺς
3373 4429 3621 4495 ἀσθενεῖς
3676 4410 3782 4487 ὑπὸ

538 4517 922 4571 culnspargere
948 4501 1161 4564 dicunt,
1191 4509 1244 4556 et
1278 4501 1452 4572 ipsius
1484 4501 1640 4556 Plinii
1674 4504 1876 4565 verbis,
1917 4505 1952 4558 l.
1984 4521 2103 4566 vm,

537 4607 587 4645 c.
621 4591 684 4645 21
712 4612 724 4646 :
749 4591 942 4647 Eadem
964 4603 1012 4646 et
1043 4593 1280 4647 basilisci
1303 4595 1554 4661 serpentis
1586 4603 1664 4647 est
1698 4595 1790 4648 vis.
1817 4594 2109 4664 Cyrenaica

536 4681 672 4734 hunc
696 4692 904 4752 generat
944 4685 1237 4751 provincia,
1280 4700 1353 4737 xtl
1404 4700 1505 4736 non
1543 4685 1770 4753 amplius
1819 4688 2105 4755 digitorum

537 4774 912 4841 magnitudine,
949 4775 1177 4829 candida
1223 4777 1275 4829 in
1309 4778 1480 4846 capite
1512 4779 1742 4841 macula,
1792 4788 1848 4832 ut
1875 4780 2105 4851 quodam

533 4864 832 4918 diademate
872 4867 1145 4935 insignem.
1197 4867 1365 4920 Sibilo
1413 4884 1587 4922 omnes
1623 4869 1774 4938 fugat
1820 4881 2102 4940 serpentes,

535 4974 626 5012 nec
667 4958 807 5027 ﬂexu
842 4961 1119 5028 multiplici
1150 4970 1206 5013 ut
1250 4960 1465 5030 reliqua:
1507 4978 1694 5032 corpus
1739 4964 1982 5032 impellit,
2012 4965 2104 5018 sed

533 5051 702 5103 celsus
740 5062 788 5104 ct
832 5063 1032 5105 erectus
1079 5052 1132 5105 in
1181 5052 1348 5106 medio
1379 5054 1637 5107 incedens.
1693 5052 1858 5108 Necat
1889 5056 2104 5123 frutices

535 5157 636 5196 non
672 5151 938 5196 contactos
970 5143 1143 5206 ntodo,
1191 5157 1365 5198 verum
1410 5157 1458 5199 et
1507 5145 1709 5216 amatos
1737 5162 1754 5199 :
1781 5148 1954 5200 exurit
1985 5147 2104 5201 lter-

532 5228 670 5284 bas:
703 5235 896 5300 rumpit
925 5250 1080 5296 saxa,
1130 5236 1253 5289 talis
1286 5237 1360 5290 vis
1389 5237 1530 5290 malo
1569 5246 1666 5292 est.
1711 5237 1970 5304 Galenus,
2003 5239 2101 5294 lib.

536 5320 612 5374 De
640 5321 893 5380 Tlteriaca
923 5324 989 5377 ad
1037 5324 1286 5381 Pisonem
1322 5345 1334 5380 :
1384 5325 1443 5382 '0
1473 5328 1571 5398 μὲν
1616 5327 1726 5398 γὰρ
1769 5327 2098 5398 βασιλίσκος.

535 5413 692 5467 Ἔστι
725 5415 834 5485 γὰρ
876 5415 936 5468 τὸ
964 5415 1147 5487 θηρίον
1173 5419 1489 5484 ὑπόξανθον,
1526 5421 1619 5473 καὶ
1661 5421 1754 5472 ἐπὶ
1795 5423 1860 5491 τῇ
1893 5421 2100 5492 κεφαλῇ

531 5509 680 5576 τρεῖς
731 5507 1002 5577 ὑπεροχὰς
1051 5508 1210 5578 ἔχων,
1259 5509 1335 5574 ὥς
1393 5527 1577 5580 φασιν,
1626 5513 1708 5564 ὅτι
1746 5511 1838 5565 καὶ
1888 5510 2101 5582 ὀραθεὶς

533 5597 691 5671 μόνον
721 5601 813 5652 καὶ
843 5602 1104 5670 συρίττων
1134 5601 1417 5668 ἀκουσθεὶς
1439 5605 1651 5674 ἀναιρεῖ
1679 5605 1804 5667 τοὺς
1829 5603 2096 5658 ἀκούσαν-

603 5695 644 5727 ¹⁸
675 5693 874 5754 Ιεινθιιι.
914 5713 1030 5766 vm,
1063 5697 1150 5750 l7.

2208 4504 2316 4558 τῶν
2352 4505 2732 4579 δυνατωτέρων
2761 4507 2867 4563 ἀπὸ
2894 4510 3050 4583 λιμοῦ
3081 4517 3550 4589 κατεσθιομένους,
3587 4525 3695 4588 ἕως
3720 4521 3780 4580 οὗ

2205 4597 2234 4649 ὁ
2263 4596 2476 4650 πάντων
2507 4599 2854 4669 ἰσχυρότατος
2876 4603 3185 4674 πληρωθεὶς
3217 4607 3321 4660 ὑπὸ
3345 4611 3452 4662 τῶν
3477 4611 3656 4680 ὄφεων
3686 4616 3781 4678 οὓς

2207 4688 2562 4758 κατεδήδοκεν
2607 4691 2636 4742 ὁ
2682 4692 3010 4764 καλούμενος
3061 4697 3283 4768 γένηται
3330 4700 3664 4771 βασιλίσκος.
3703 4708 3780 4760 ιὺν

2207 4778 2346 4850 ἔχων
2394 4781 2458 4833 ἐκ
2504 4780 2671 4853 μόνης
2729 4783 2856 4847 Θέας
2918 4790 3264 4861 καρποφόρον
3313 4792 3528 4866 δένδρον
3589 4797 3782 4870 ξηραί⁴

2205 4887 2383 4925 νοντα.
2424 4870 2780 4942 Epiphanius,
2825 4875 3044 4930 Advers.
3084 4877 3270 4934 ltmres.
3316 4882 3410 4937 lib.
3446 4898 3486 4949 ι,
3525 4893 3662 4941 tom.
3703 4890 3776 4952 Il,

2207 4961 2400 5018 haeres.
2431 4964 2521 5028 22,
2555 4974 2742 5019 narrat
2773 4965 2914 5020 hanc
2947 4982 2978 5021 a
3025 4970 3306 5028 veteribus
3337 4974 3620 5033 historiam
3653 4995 3780 5050 ιιι-οι

2204 5055 2371 5108 ditant
2401 5071 2521 5111 esse
2553 5074 2567 5110 :
2605 5055 2737 5112 Cum
2767 5059 2940 5127 plures
2963 5061 3249 5132 aliquando
3277 5067 3485 5136 aspidas
3525 5073 3580 5125 in
3613 5091 3778 5130 unum

2203 5145 2364 5213 ﬁctile
2423 5163 2513 5202 vas
2565 5149 2848 5219 conjectis,
2905 5162 2954 5206 et
2987 5154 3038 5207 in
3071 5157 3428 5224 fundamentis
3457 5166 3777 5234 angulorum

2201 5246 2428 5306 quatuor
2457 5239 2707 5311 cujusque
2737 5243 3002 5298 idolorum
3061 5251 3238 5317 templi
3267 5253 3322 5306 in
3363 5253 3594 5326 .Egypto
3623 5260 3778 5329 depo-

2201 5328 2321 5383 silaz
2347 5339 2539 5393 essent,
2571 5347 2635 5385 ea:
2662 5333 2728 5387 iis
2756 5335 3027 5404 aspidibus
3047 5356 3163 5410 qule
3183 5342 3376 5410 fortior
3403 5356 3520 5400 erat
3541 5349 3593 5402 in
3632 5328 3775 5404 alias

2199 5429 2412 5490 invasit,
2450 5446 2640 5499 easque
2673 5434 2956 5498 devoravit,
2978 5453 3093 5506 qua:
3113 5455 3231 5492 cum
3261 5441 3376 5495 sola
3410 5448 3771 5510 remansisset,

2199 5525 2249 5569 et
2272 5532 2374 5585 quo
2405 5534 2458 5571 se
2487 5519 2650 5574 aleret
2677 5521 2887 5578 haberet
2930 5526 3080 5592 nihil,
3115 5529 3170 5581 in
3208 5547 3266 5584 se
3295 5533 3462 5599 ipsam
3492 5543 3690 5590 retorta
3721 5547 3771 5592 et

2201 5621 2232 5658 a
2255 5606 2427 5659 cauda
2454 5609 2713 5675 paulatim
2741 5612 2992 5668 arrudens
3029 5627 3180 5684 parte
3201 5637 3257 5674 se
3275 5623 3608 5691 aliquatenus
3646 5639 3768 5683 coro
