4072 6342
319 289 430 342 965

1313 287 1375 341 IN
1419 284 1792 342 EUbTATHlI
1833 283 2307 342 HEXAL’MERON
2350 286 2584 341 NOTAE.

3467 287 3574 346 966

317 407 466 475 poris
506 405 726 470 depasta
765 413 863 467 est,
912 402 1041 457 adeo
1084 414 1139 456 ut
1168 420 1272 457 non
1314 403 1541 469 amplius
1569 402 1773 467 integra
1810 397 1900 452 sed
1926 402 1974 460 Α
2002 400 2224 470 signito,
2274 408 2427 470 tergo
2458 399 2712 461 caeruleo,
2754 397 2928 453 cauda
2973 397 3249 453 turbinata
3285 410 3449 471 atque
3483 406 3568 458 in-

318 494 547 548 dimidia
612 494 696 546 sui
750 502 898 561 parte
944 495 1192 547 mutilata
1241 492 1587 560 permanserit
1631 507 1648 544 :
1695 490 1892 543 idcirco

318 584 799 656 Aspidogorgonem
829 601 945 639 eam
976 585 1331 653 appellarunt.
1385 584 1475 637 Sic
1521 581 1663 651 apud
1726 580 1893 650 Spar-

315 679 528 731 tianum
556 677 609 731 in
633 677 909 731 Antonino
938 676 1055 739 Pio,
1086 676 1237 730 Visus
1265 686 1339 729 est
1370 676 1422 729 in
1446 674 1647 727 Arabia
1667 675 1890 743 jubatus

316 768 507 837 anguis
529 766 702 835 major
726 766 917 831 solitis,
941 770 1029 837 qui
1053 784 1107 820 se
1130 784 1162 820 a
1185 768 1358 820 cauda
1383 766 1610 820 medium
1642 766 1885 819 comedit.

316 858 531 929 Saepius
556 875 641 913 me
673 859 889 912 memini
919 861 1158 923 audisse,
1197 870 1249 915 et
1276 861 1470 931 vulgus
1492 861 1609 915 sine
1642 861 1751 914 ulla
1778 861 1889 914 hae-

311 951 572 1006 sitatione
604 948 854 1013 allirmat,
886 949 1199 1004 basiliscum
1246 952 1397 1005 nasci
1425 967 1488 1005 ex
1530 966 1635 1005 ovo
1657 952 1805 1020 galli,
1839 952 1885 1005 si

310 1043 533 1113 quando
582 1057 610 1094 a
652 1043 865 1103 rubeta.
913 1058 1008 1096 seu
1058 1042 1259 1097 bul'one
1306 1043 1472 1097 fotum
1524 1044 1614 1097 sit.
1654 1042 1797 1096 Sane
1832 1042 1885 1095 id

310 1137 433 1191 sine
467 1135 632 1189 dubio
662 1146 868 1189 certum
898 1143 1002 1195 est,
1035 1142 1087 1188 et
1110 1134 1444 1205 experientia
1468 1134 1708 1204 quotidie
1734 1134 1887 1187 vide-

310 1241 436 1280 mus
467 1226 638 1295 gallos
666 1225 779 1295 jam
812 1233 968 1279 aetate
1002 1224 1251 1280 defessos
1278 1241 1402 1280 cum
1434 1226 1882 1285 veneris.virium

313 1317 709 1378 imbecillitate,
776 1332 953 1386 neque
999 1318 1236 1371 fructum
1288 1334 1465 1386 neque
1507 1334 1663 1372 nsum
1711 1319 1883 1372 ullum

312 1409 571 1469 habeant,
602 1424 763 1462 ovum
792 1423 1001 1477 parcre,
1030 1409 1331 1462 orbiculata
1362 1410 1553 1480 ﬁgura,
1589 1411 1772 1464 colore
1804 1412 1884 1463 ln-

310 1508 424 1564 teo,
472 1499 805 1565 ﬁavescenti,
856 1502 1054 1556 lurido.
1110 1500 1175 1555 Et
1224 1502 1379 1567 mihi,
1443 1502 1569 1555 dum
1628 1500 1883 1558 Lucaniae

307 1610 483 1653 eram.
514 1602 791 1649 ostensum
827 1594 946 1656 fuit,
998 1595 1049 1649 in
1086 1612 1194 1665 quo
1228 1606 1421 1665 praeter
1467 1597 1633 1653 hosce
1668 1599 1880 1653 colores

306 1688 668 1743 circumcirca
718 1686 887 1756 ﬁgura
910 1692 1155 1756 quaedam
1189 1704 1253 1743 ex
1289 1690 1493 1744 cortice
1517 1690 1634 1744 ovis
1678 1690 1878 1744 exube-

2001 506 2169 545 curva
2196 532 2211 554 ,
2266 493 2413 546 hiatu
2467 493 2722 560 rictuque
2766 492 2881 546 oris
2924 506 3024 561 pro
3056 493 3304 562 corporis
3338 512 3544 568 proper

1994 585 2141 637 tione
2174 584 2461 638 immenso.
2497 582 2657 649 Quod
2688 583 2829 637 inter
2853 592 3136 653 serpentes
3174 587 3375 655 potius,
3404 605 3568 660 quam

1991 674 2281 730 basiliscos
2311 675 2653 731 referendum
2705 685 2808 738 est,
2856 691 2980 729 cum
3022 692 3121 731 nec
3157 678 3325 732 halitu
3378 691 3557 734 conta-

1990 767 2151 837 gione
2182 768 2438 830 alliciant,
2473 783 2572 822 uec
2604 776 2832 837 aspectu
2862 770 3400 826 necent-adorientes
3425 776 3567 839 agri-

1988 861 2157 925 colas,
2196 862 2249 914 ni
2281 862 2518 931 regionis
2563 861 2709 916 illius
2743 861 2914 931 frigus
2946 865 3201 933 aerisque
3247 875 3397 920 certa
3431 877 3563 921 tem-

1988 953 2166 1024 paries
2197 968 2463 1007 venenum
2496 954 2628 1006 illud
2675 954 2747 1007 ita
2782 969 3151 1025 compescere,
3195 958 3567 1030 impedireque

1987 1063 2057 1101 ne
2096 1046 2407 1101 eﬂttndatur
2455 1038 2722 1099 allirmare
2752 1046 3003 1101 velimus.
3056 1046 3211 1113 Quod
3264 1050 3317 1104 in
3353 1052 3565 1109 adustis

1986 1139 2296 1207 regionibus
2347 1139 2788 1208 torrentibusque
2830 1154 2938 1192 non
2972 1140 3235 1194 eveniret.
3261 1139 3563 1213 Oppianus.

1986 1225 2081 1279 lib.
2132 1241 2147 1278 ι
2195 1226 2418 1279 Ἀλιευτ
2449 1267 2462 1291 ,
2497 1228 2665 1296 piscis
2708 1226 2996 1296 cujusdam
3048 1229 3289 1284 basilisci
3346 1249 3566 1291 nonnne

1986 1318 2257 1372 meminit.

2056 1408 2216 1469 Ibid..
2249 1409 2344 1463 lin.
2377 1409 2468 1463 28.
2513 1410 2623 1464 Ἰὸν
2649 1408 2807 1477 ἔχων
2843 1410 3137 1479 χαλεπώτ.
3167 1411 3240 1466 Ea
3271 1413 3434 1485 hujus
3466 1432 3561 1471 ve-

1985 1498 2112 1552 neni
2163 1500 2266 1563 vis,
2309 1506 2369 1551 ut
2422 1513 2532 1553 non
2585 1500 2761 1554 solum
2801 1507 2951 1555 tactu
3000 1502 3273 1570 absumat,
3312 1506 3409 1559 sed
3440 1522 3561 1562 eam

1983 1590 2147 1643 etiam
2175 1590 2341 1645 rebus
2374 1605 2403 1643 a
2436 1606 2495 1644 se
2528 1591 2869 1661 consumptis
2900 1593 3153 1662 pestifere
3180 1611 3375 1665 repens
3412 1599 3564 1670 inge-

1987 1691 2088 1743 rat,
2123 1682 2192 1734 ita
2222 1691 2277 1733 ut
2314 1689 2366 1734 et
2400 1682 2504 1736 illa:
2533 1684 2698 1736 etiam
2730 1699 2998 1737 venenum
3034 1699 3296 1758 spargant
3324 1699 3379 1743 et
3416 1690 3557 1745 inte-

305 1796 441 1836 rans
489 1754 857 1849 spectabatur,
909 1754 1165 1849 tactuque
1206 1781 1407 1850 optime
1453 1781 1878 1852 dignoscebatur
1912 1754 1952 1808 Β
1983 1774 2201 1827 rimant.
2232 1773 2462 1838 Plinius,
2495 1774 2589 1829 lib.
2622 1791 2739 1840 vni,
2772 1792 2895 1847 cap.
2936 1777 2999 1832 21
3044 1754 3361 1835 εῗϐνιῖάίιιιηι
3391 1799 3563 1852 quon-

304 1873 477 1927 variis
517 1871 744 1927 ﬂexibus
784 1873 1158 1941 contortisque
1200 1872 1346 1942 gyris
1394 1873 1449 1926 in
1501 1873 1728 1926 formam
1762 1889 1877 1928 ser-

304 1965 487 2034 pentis
536 1962 828 2025 desinens,
876 1963 1214 2030 relatumque
1262 1960 1365 2016 fuit
1410 1977 1573 2017 ovum
1623 1962 1756 2016 illud
1810 1979 1877 2018 ex

303 2056 450 2126 gallo
479 2063 687 2110 natum.
728 2052 870 2122 Ἐγὼ
901 2053 958 2106 δέ
993 2070 1073 2105 τοι
1105 2053 1166 2105 οὐ
1189 2052 1541 2124 ταχυπειθής,
1574 2069 1660 2109 me
1685 2070 1874 2109 eorum

302 2148 574 2203 inscitiam
605 2147 785 2200 mirari
817 2146 1099 2211 dicebam;
1133 2144 1247 2199 ﬁeri
1280 2146 1425 2200 enim
1463 2161 1643 2215 posse,
1677 2154 1735 2199 ut
1757 2147 1874 2217 gal-

302 2240 391 2293 lus
436 2245 683 2307 pareret:
718 2237 792 2290 illi
846 2236 1289 2306 reprehensionis
1318 2237 1661 2306 impatientes
1690 2238 1875 2307 plures

300 2330 583 2384 adducunt
613 2336 780 2383 testes
812 2329 934 2381 aliis
960 2328 1117 2382 annis
1142 2328 1194 2382 id
1218 2330 1381 2383 etiam
1422 2329 1696 2394 evenisse,
1723 2339 1777 2384 et
1811 2331 1877 2383 ilo

298 2423 384 2477 los
415 2437 535 2477 esse
568 2429 735 2476 testes
758 2421 811 2473 in
849 2422 949 2472 hoc
980 2420 1245 2481 oculatos,
1271 2428 1324 2474 et
1356 2419 1458 2474 ﬁde
1486 2421 1699 2490 dignos.
1734 2420 1873 2476 Dum

299 2514 481 2568 adhuc
512 2514 808 2577 obstarem,
844 2520 897 2565 et
945 2512 1100 2581 quasi
1144 2526 1333 2566 eorum
1375 2510 1496 2567 ﬁdei
1530 2522 1875 2585 contemptor

297 2610 503 2663 abirem
537 2622 763 2661 aversus
784 2647 798 2669 ,
830 2606 1160 2660 contrahunt
1192 2615 1418 2671 vestem,
1449 2608 1610 2677 vique
1654 2616 1871 2677 raptum

297 2708 522 2764 cogunt,
558 2708 617 2753 ut
663 2714 770 2752 una
819 2678 1193 2769 procederem.
1245 2698 1382 2764 Quid
1428 2700 1703 2755 facerem?
1740 2716 1870 2771 pro-

296 2792 463 2855 cessi,
513 2797 731 2845 domum
786 2792 838 2843 in
890 2806 996 2860 quo
1028 2791 1202 2859 gallus
1252 2800 1389 2854 erat,
1470 2792 1779 2857 invisimus,
1818 2799 1873 2847 et

294 2898 456 2936 ovum
493 2881 635 2936 unde
667 2881 1002 2935 abstulerant
1044 2881 1341 2951 deponunt.
1374 2882 1562 2938 Gallus
1591 2884 1684 2953 qui
1726 2883 1873 2939 vide-

296 2975 458 3028 batur
499 2975 685 3029 nescio
718 2974 993 3044 quomodo
1028 2977 1303 3033 turbatus.
1334 2976 1514 3030 statim
1552 2977 1736 3045 agnito
1760 2976 1869 3030 fetu

295 3066 583 3127 acclamat,
632 3067 889 3131 accurrit,
945 3072 1121 3119 rostro
1160 3065 1317 3134 quasi
1359 3065 1710 3125 deosculans,
1768 3066 1870 3119 alis

296 3158 553 3228 expansis
608 3158 992 3227 superinsedit.
1054 3156 1415 3212 Discedimus.
1463 3158 1595 3211 Post
1646 3157 1867 3210 tertium

294 3249 439 3304 diem
474 3249 671 3304 accedo
702 3258 924 3304 vocatus
948 3267 959 3301 :
980 3249 1155 3318 gallus
1184 3264 1345 3303 ovum
1378 3248 1613 3315 fovebat,
1643 3247 1748 3301 cibi
1771 3263 1869 3317 po-

293 3351 493 3411 tusque
527 3344 843 3407 immemor;
894 3356 1170 3412 nunquam
1214 3342 1305 3395 illo
1346 3340 1526 3394 triduo
1557 3341 1749 3395 cistam
1782 3356 1868 3395 re-

294 3434 551 3501 liquerat.
605 3432 678 3486 Eo
727 3434 919 3499 minis},
977 3432 1280 3501 baculoque
1325 3432 1551 3501 depulso
1599 3446 1761 3485 ovum
1810 3430 1865 3485 in

295 3524 570 3578 fornacem
610 3522 883 3590 abjicitur.
932 3521 1156 3575 Pariunt
1206 3522 1389 3591 itaque
1423 3522 1571 3592 galli,
1618 3528 1672 3576 et
1709 3521 1864 3574 incu-

292 3617 445 3670 bant.
479 3613 676 3668 V'erum
718 3630 784 3667 an
819 3629 881 3666 ex
925 3614 1014 3666 illa
1055 3613 1404 3667 incubatione
1453 3612 1742 3667 basiliscus
1782 3611 1864 3681 gis

292 3706 584 3778 gneretur?
631 3705 872 3759 Dicerem
915 3705 1135 3775 aliquod
1165 3705 1387 3766 animal,
1421 3704 1585 3774 idque
1628 3720 1865 3758 veneno-

291 3813 415 3853 sum
445 3799 679 3868 prodire,
729 3814 854 3851 cum
903 3798 1077 3867 putris
1108 3797 1197 3850 illa
1234 3798 1480 3859 materia,
1512 3813 1632 3866 qua:
1670 3797 1722 3849 in
1758 3811 1864 3850 ovo

290 3890 441 3955 latet,
491 3899 744 3944 concreta
776 3890 828 3943 id
872 3889 1070 3943 habeat
1119 3890 1265 3959 quod
1314 3889 1513 3943 similia
1572 3888 1859 3957 producat,

288 3998 411 4053 qua!
439 3991 492 4037 et
525 3983 650 4052 galli
685 3983 879 4047 halitu,
929 3983 1009 4036 vel
1041 3982 1265 4034 alterius
1303 3982 1597 4035 animantis
1630 3978 1860 4034 animari

289 4092 451 4147 posse
489 4092 593 4129 non
627 4076 835 4138 dubito,
869 4083 926 4128 nt
952 4062 1201 4129 videmus
1235 4076 1287 4128 in
1323 4075 1409 4135 iis,
1442 4090 1562 4144 qua:
1589 4089 1653 4128 ex
1682 4076 1859 4143 putri-

287 4171 375 4224 dis
425 4170 747 4238 corporibus
800 4176 1155 4222 enascuntur.
1208 4169 1390 4233 Quare
1444 4172 1497 4221 et
1550 4183 1647 4221 sua
1702 4168 1859 4221 laude

288 4260 512 4330 dignum
543 4260 1019 4331 estzEgyptiorum
1052 4262 1353 4323 inventum,
1386 4262 1476 4330 qui
1511 4262 1630 4315 ovis
1659 4260 1857 4315 ibidem

287 4351 637 4415 insidiantur,
670 4363 991 4421 repertaque
1023 4353 1299 4421 frangunt,
1332 4367 1399 4405 ne
1439 4351 1658 4405 noxium
1701 4352 1859 4422 quid-

1979 1865 2105 1919 dam
2150 1882 2213 1920 ex
2259 1882 2389 1936 equo
2421 1870 2592 1921 occiso
2638 1867 2816 1934 hasta,
2849 1880 2899 1923 et
2937 1888 3029 1939 per
3058 1889 3174 1926 eam
3218 1875 3470 1930 subeunte
3510 1878 3560 1931 vi

1981 1975 2083 2012 non
2125 1960 2345 2030 equitem
2389 1960 2543 2014 modo
2591 1960 2681 2015 sed
2737 1978 2924 2033 equum
2953 1980 3154 2035 quoque
3199 1965 3555 2037 absumptum.

1979 2052 2255 2117 Elianus,
2308 2056 2403 2110 lib.
2452 2072 2485 2109 ιι
2534 2056 2609 2110 De
2652 2056 2778 2112 hist.
2814 2059 3002 2121 anim.,
3037 2075 3158 2125 cap.
3197 2059 3249 2121 5,
3287 2061 3349 2113 Et
3384 2062 3439 2113 δὲ
3465 2063 3559 2117 ἄν-

1979 2144 2197 2213 Θρωπος
2241 2145 2459 2214 κατέχει
2512 2144 2727 2215 ῥάϐδον,
2763 2142 2879 2199 εἶτα
2910 2147 3113 2218 ταύτην
3136 2151 3343 2213 ἐκεῖνος
3392 2150 3554 2224 δάκῃ,

1976 2235 2237 2306 τέθνηκεν
2260 2238 2288 2289 ὁ
2313 2236 2499 2308 κύριος
2530 2237 2630 2307 τῆς
2663 2237 2849 2305 λύγου.

2053 2321 2213 2384 lbid.,
2268 2324 2362 2376 litt.
2415 2324 2504 2377 29.
2573 2326 2665 2391 ’.Ως
2716 2326 2812 2380 καὶ
2871 2328 2987 2380 ἀπὸ
3034 2330 3248 2397 μόνου.
3293 2330 3555 2401 Superius

1977 2411 2236 2478 diximus,
2273 2416 2589 2471 basiliscnm
2620 2418 2740 2475 solo
2778 2421 3063 2474 oculorum
3107 2430 3329 2492 aspectu
3378 2426 3554 2479 homi-

1976 2505 2139 2560 nibus
2189 2523 2372 2561 necem
2425 2508 2663 2573 inlerre,‘
2698 2512 2866 2565 variis
2906 2512 3151 2567 historiis
3182 2515 3233 2567 id
3269 2516 3556 2571 referenti-

1976 2596 2097 2651 bus.
2129 2596 2457 2655 Franciscus
2488 2599 2780 2665 Vallesius,
2811 2602 2889 2656 De
2921 2621 3076 2658 sacra
3111 2606 3404 2677 plu'losoph.
3429 2624 3549 2680 cap.

1975 2687 2065 2756 68,
2097 2689 2211 2743 haec
2242 2690 2489 2746 fabulosa
2522 2708 2645 2748 esse
2675 2695 2975 2760 contendit,
3005 2714 3104 2751 nec
3136 2714 3299 2767 posse
3355 2701 3552 2756 adduci

1976 2790 2036 2834 ut
2073 2784 2277 2838 credat.
2310 2783 2463 2849 Quod
2506 2786 2711 2840 dictum
2756 2804 2917 2856 quam
2948 2790 3020 2843 sit
3063 2791 3116 2843 in
3151 2792 3196 2843 vi
3214 2807 3268 2843 ro
3311 2793 3553 2863 philoso-

1974 2874 2083 2943 pho
2122 2876 2385 2946 ineptum,
2420 2894 2529 2932 non
2573 2889 2657 2934 est
2691 2896 2828 2949 opus
2864 2884 3050 2938 multis
3092 2888 3387 2953 explicare,
3424 2903 3550 2941 cum

1975 2968 2276 3023 rationibus
2299 2978 2351 3024 et
2380 2974 2755 3039 experientiis,
2788 2989 2893 3026 non
2922 2977 3246 3046 pertinacia,
3269 2993 3377 3031 non
3406 2981 3551 3051 igna-

1972 3057 2056 3111 via
2091 3060 2146 3113 in
2188 3061 2350 3115 rebus
2381 3064 2622 3134 physicis
2650 3065 2916 3135 agendum
2950 3070 3038 3123 sit.
3070 3066 3181 3123 Nec
3218 3070 3430 3125 videtur
3460 3089 3549 3126 sa-

1973 3152 2171 3220 pientis
2207 3155 2259 3207 id
2290 3170 2432 3220 esse,
2492 3156 2620 3211 dum
2676 3174 2735 3213 se
2785 3162 3011 3229 opponit
3060 3162 3349 3217 dillicultas
3380 3180 3544 3234 quam

1971 3259 2080 3298 non
2113 3244 2384 3317 intelligit,
2417 3248 2564 3302 illico
2595 3258 2853 3319 tanquam
2887 3252 3157 3315 fabulosa,
3190 3270 3310 3323 qua:
3333 3256 3404 3309 ab
3423 3257 3546 3312 aliis

1968 3352 2078 3391 uno
2137 3352 2408 3394 consensu
2467 3340 2760 3406 dicuntur,
2822 3343 3066 3411 rejicere.
3140 3343 3245 3399 Sed
3302 3357 3362 3400 ut
3428 3348 3544 3401 hcce

1967 3431 2197 3499 quaastio
2246 3432 2441 3487 habeat
2492 3433 2669 3488 lucem
2718 3436 2979 3505 aliquam,
3015 3440 3411 3494 consideranda
3461 3453 3544 3499 est

1967 3538 2131 3577 causa
2178 3540 2300 3593 qua:
2348 3523 2643 3580 Vallesium
2696 3529 2942 3598 impulit,
3003 3539 3062 3583 ut
3111 3532 3225 3586 hazc
3286 3541 3541 3604 tanquam

1967 3607 2100 3661 falsa
2131 3608 2435 3664 damnaret.
2469 3609 2604 3664 Cum
2631 3612 2777 3666 enim
2829 3623 3013 3684 ageret
3050 3616 3117 3670 de
3156 3615 3541 3683 fascinatione,

1965 3712 2066 3752 nec
2117 3714 2306 3753 eorum
2342 3701 2651 3770 opinionem
2690 3702 2852 3758 vellet
2894 3705 3202 3769 admittere,
3245 3710 3338 3778 qui
3379 3709 3543 3764 lasci-

1965 3792 2239 3847 nationem
2261 3792 2373 3847 ﬁeri
2405 3793 2661 3848 dicebant
2681 3798 3007 3852 exeuntibus
3030 3800 3248 3854 visoriis
3281 3802 3468 3863 radiis,
3489 3810 3541 3855 et

1963 3899 2085 3938 cum
2119 3884 2203 3939 his
2235 3884 2435 3939 delerri
2470 3901 2700 3956 vapores
2718 3904 3180 3959 venenosos,qua:
3208 3893 3395 3961 opinio
3428 3911 3537 3949 non

1962 3976 2245 4031 videbatur
2274 3978 2349 4031 illi
2384 3979 2715 4044 communis,
2740 3981 2833 4035 sed
2866 3990 3073 4035 tantum
3100 3981 3534 4047 Platonicorum,

1965 4083 2033 4122 ne
2066 4078 2370 4139 cogeretur,
2405 4072 2654 4141 quamvis
2680 4073 2795 4142 ipse
2817 4072 2871 4126 id
2902 4089 3009 4127 non
3046 4074 3300 4145 attingat,
3336 4078 3388 4130 in
3415 4093 3535 4131 eam

1962 4162 2042 4217 ire
2090 4163 2437 4227 sententiam,
2478 4165 2524 4219 si
2572 4166 2815 4221 basilisci
2857 4182 3196 4221 venenosum
3255 4178 3535 4239 aspectum

1961 4256 2305 4319 concederet,
2368 4255 2612 4311 fabulosa
2663 4272 2786 4312 esse
2815 4273 2935 4327 quae
2983 4258 3050 4313 de
3095 4259 3352 4314 basilisca
3398 4261 3535 4314 tanti

1960 4346 2063 4398 viri
2118 4346 2460 4400 tradiderunt
2508 4348 2807 4422 contendit.
2858 4348 3012 4414 Quod
3056 4353 3304 4419 quamvis
3347 4361 3536 4409 contra

288 4448 429 4517 piam
451 4447 571 4501 inde
592 4448 1069 4517 trahatoriginem,
1104 4448 1238 4508 sive,
1258 4445 1855 4515 ntipsiexistimabant,
1891 4458 1934 4512 ι)
1963 4439 2271 4494 Aristotelis
2299 4440 2625 4493 sententiam
2650 4440 2837 4494 nescio
2871 4444 3150 4509 quomodo
3186 4442 3364 4497 facere
3392 4444 3532 4499 video

286 4538 598 4594 basiliscus.
661 4539 872 4593 Etenim
909 4556 1029 4592 cum
1062 4539 1234 4593 ibidcs
1266 4548 1579 4593 venatorum
1612 4539 1854 4593 venatio-

287 4633 449 4685 nibus
484 4632 773 4700 gaudeant,
824 4630 1277 4699 serpentibusque
1310 4630 1688 4696 inferciantur,
1722 4631 1853 4685 nulli

285 4725 509 4778 dubium
545 4723 832 4794 aliquando
881 4739 945 4777 ex
992 4738 1179 4777 eorum
1211 4726 1329 4776 ovis
1376 4722 1693 4793 pestiferum
1723 4723 1853 4793 quid

284 4817 646 4871 nasciturum.
698 4814 932 4869 Consule
981 4813 1445 4885 TheOphylactum
1495 4814 1850 4878 Simocatum,

286 4907 353 4972 ρ.
406 4916 541 4969 nat.,
574 4913 768 4977 quast.
814 4905 898 4968 14,
945 4905 1091 4974 Ποὶῳ
1133 4903 1275 4973 λόγῳ
1309 4903 1378 4955 τὰ
1433 4902 1541 4955 τῶν
1578 4902 1736 4955 ἴϐεων
1770 4903 1852 4955 tbi:

284 4999 647 5071 εὐχερέστατα
680 4998 922 5051 τίκτουσι
960 4995 1307 5066 βασιλίσκους
1338 4994 1524 5064 δφεις;
1564 4996 1736 5049 Aliam
1770 5004 1854 5049 ta-

284 5109 405 5147 men
436 5092 675 5145 basilisci
705 5090 1103 5161 generationem
1147 5096 1338 5141 narrat
1379 5089 1466 5144 hic
1511 5089 1851 5142 Eustathius.

283 5184 556 5254 Quidquid
590 5191 767 5237 tamen
792 5184 883 5244 sit,
910 5182 1156 5238 historici
1190 5182 1411 5236 tradunt
1440 5183 1563 5236 illos
1594 5182 1649 5235 in
1670 5181 1850 5234 Africa

282 5277 553 5348 generari,
583 5284 636 5331 et
675 5274 899 5330 torridis
936 5275 1043 5328 illis
1078 5274 1393 5344 regionibus
1437 5274 1695 5329 nidulari.
1745 5272 1853 5328 Re-

283 5371 384 5426 fert
414 5369 648 5423 chinns
665 5367 941 5427 Lemnius,
966 5367 1041 5421 De
1062 5371 1251 5421 occult.
1287 5376 1399 5421 nat.
1436 5368 1622 5421 mirae.
1647 5367 1745 5420 lib.
1775 5384 1848 5433 tv,

280 5479 399 5535 cap.
438 5462 524 5539 12,
560 5465 615 5517 in
662 5462 897 5517 Saxonis
945 5462 1184 5516 basilisci
1231 5461 1506 5532 quoddam
1549 5476 1720 5531 genus
1755 5461 1849 5515 sil-

280 5562 460 5608 vestre
486 5554 692 5623 passim
743 5552 1008 5622 conspici,
1059 5553 1235 5620 capite
1278 5553 1613 5614 acuminata,
1666 5553 1851 5607 colore

276 5646 437 5709 ﬂavo,
467 5647 800 5716 longitudine
830 5644 1157 5709 dodrantali,
1182 5645 1438 5701 inusitata
1460 5645 1847 5710 crassitudine,

276 5751 465 5797 ventre
512 5741 808 5807 maculoso,
857 5741 1152 5812 multisque
1199 5740 1447 5797 candidis
1500 5739 1717 5810 punctis
1764 5740 1849 5796 in-

1967 4539 2073 4594 tur,
2116 4538 2296 4583 tamen
2349 4544 2449 4583 nec
2496 4528 2895 4584 Platonicorum
2927 4532 3111 4599 opinio
3156 4534 3531 4597 conﬁrmatur,

1963 4638 2064 4677 nec
2096 4621 2576 4691 Peripateticorum
2628 4622 2912 4677 refellitur.
2965 4623 3260 4679 Basiliscus
3300 4640 3534 4695 namque

1962 4730 2071 4770 non
2106 4714 2399 4770 emissione
2428 4713 2727 4774 radiorum,
2753 4715 2954 4783 quibus
2991 4723 3248 4783 tanquam
3272 4718 3535 4773 vehiculis

1961 4821 2229 4860 venenum
2278 4814 2333 4860 et
2372 4820 2515 4859 noxa
2548 4806 2662 4860 viso
2692 4805 2991 4868 deferatur,
3028 4808 3122 4861 sed
3160 4807 3382 4863 humido
3407 4825 3533 4863 ocu-

1961 4896 2158 4959 lorum,
2190 4896 2244 4949 in
2277 4911 2385 4966 quo
2415 4905 2672 4967 tanquam
2708 4896 2956 4965 subjecto
3002 4912 3269 4951 venenum
3309 4908 3412 4961 est,
3448 4901 3533 4953 in-

1963 4988 2074 5041 ﬁcit
2102 5003 2251 5054 aera,
2282 4998 2335 5043 et
2365 5004 2459 5059 per
2495 4990 2644 5042 illum
2688 4988 2984 5052 hominem,
3015 4999 3069 5043 et
3110 4999 3363 5060 aspectus
3405 4998 3530 5045 tan-

1960 5088 2076 5134 tum
2109 5081 2404 5149 requiritur
2446 5089 2505 5134 ut
2538 5079 2739 5150 dirigat
2778 5081 2909 5134 illud
2952 5097 3218 5136 venenum
3264 5081 3318 5135 in
3349 5082 3528 5135 homi-

1958 5189 2082 5229 nem
2133 5190 2292 5243 quem
2334 5174 2498 5227 videt.
2553 5171 2696 5226 Nulli
2753 5174 2896 5227 enim
2932 5172 3156 5226 dubium
3190 5188 3313 5228 esse
3343 5172 3525 5235 debet,

1960 5271 2064 5324 hoc
2096 5270 2296 5324 animal
2328 5285 2486 5325 suum
2512 5272 2852 5340 pestilentem
2882 5270 3131 5335 halitum,
3175 5285 3282 5323 non
3314 5278 3524 5323 tantum

1959 5380 2120 5435 quem
2158 5379 2251 5419 ore
2297 5364 2488 5432 spirat,
2531 5364 2622 5419 sed
2654 5371 2708 5418 et
2742 5378 2901 5432 quem
2951 5371 3065 5415 toto
3097 5377 3323 5432 corpore
3360 5363 3525 5417 exha-

1958 5459 2053 5517 lat.
2108 5457 2384 5513 eﬁ‘undere
2436 5457 2792 5511 circumcirca
2842 5471 2937 5525 per
2984 5464 3153 5509 totum
3204 5471 3384 5510 aerem
3415 5470 3526 5509 am-

1957 5552 2214 5613 bientem,
2263 5566 2494 5620 eumque
2532 5551 2771 5605 inlicere.
2814 5548 3089 5618 Singulari
3132 5557 3312 5601 tamen
3359 5548 3522 5603 modo

1953 5645 2235 5700 oculorum
2267 5652 2439 5708 motu,
2472 5657 2650 5695 aerem
2683 5655 3047 5703 commovere,
3080 5648 3134 5695 et
3166 5640 3521 5709 perniciosio-

1954 5754 2068 5795 rem
2098 5736 2343 5792 reddere.
2384 5734 2489 5790 Sed
2521 5734 2687 5788 multa
2726 5734 2971 5791 fabulosa
3020 5740 3075 5791 et
3108 5733 3230 5787 lit-ta
3261 5732 3520 5799 Vallesio,
