4072 6342
541 258 648 318 967

1881 250 2124 310 LEONIS
2163 251 2440 308 ALLATII

3683 250 3795 306 968

541 379 724 440 etiam,
750 373 882 444 proh
913 371 1100 428 nefas!
1129 388 1198 428 ex
1227 370 1400 427 sacris
1427 369 1748 442 Scripturis,
1781 371 1927 441 quod
1949 387 2112 441 quam

2222 387 2308 442 ρος
2325 370 2382 423 ὲν
2397 368 2575 439 εὑδινῇ
2593 364 2920 421 καταστάσει
2935 366 3356 440 φυλαττομένου.
3381 362 3597 437 Ἀμέλει
3609 365 3711 418 οὐκ
3724 366 3798 419 ἂν

545 469 716 538 pium,
741 482 902 537 quam
925 473 1122 529 tutum,
1145 480 1305 536 quam
1329 463 1698 520 Christianum
1727 464 1820 518 alii
1845 463 2113 534 judicent.

546 557 739 612 Melius
782 565 868 612 est
914 557 1188 612 inscitiam
1238 556 1394 610 fateri
1443 569 1622 618 suam,
1673 569 1836 624 quam
1889 556 1979 610 ubi
2032 569 2118 609 res

547 648 693 716 ipsas
749 663 856 701 non
902 646 1142 712 noveris,
1194 646 1437 700 scientia:
1477 645 1865 716 sapientiaeque
1925 646 2117 698 obtutu

548 739 761 794 inﬁcias
826 738 904 792 ire
939 757 952 793 :
986 747 1042 792 et
1072 753 1193 808 qua:
1223 735 1459 806 Spiritus
1489 743 1714 796 sanctus
1754 737 1869 806 ipse
1896 735 2120 789 dictavit

546 828 790 899 negando
815 830 872 882 in
905 843 1122 884 sensum
1158 827 1322 880 alium
1352 825 1699 896 detorquere.

617 917 777 984 lbid.,
809 920 904 973 lin.
937 921 1024 973 5t).
1071 919 1125 972 '0
1159 918 1228 972 δὲ
1252 917 1564 984 κάνθαρος.
1598 915 1674 970 lta
1716 916 1877 970 etiam
1915 914 2117 980 llorus,

547 1010 643 1064 lib.
711 1028 750 1072 I,
804 1025 926 1081 cap.
979 1010 1078 1074 10,
1129 1009 1248 1079 βοὸς
1308 1008 1606 1078 ἀφόδευμα.
1681 1007 1877 1063 Suidas
1939 1019 2118 1064 tamen

547 1103 690 1156 ὄνου.
720 1101 932 1157 Plinius
967 1117 1033 1158 ex
1067 1100 1314 1171 Virgilio,
1359 1099 1611 1170 Virgilius
1632 1101 1975 1168 juvencorum
2010 1118 2123 1154 cor-

547 1209 672 1261 pore
704 1194 1029 1255 exanimato,
1069 1193 1203 1247 sicut
1226 1208 1473 1262 equorum
1498 1207 1699 1260 vespas,
1731 1201 1885 1260 atque
1913 1193 2123 1249 crabro-

550 1303 660 1349 nes,
690 1287 826 1339 sicut
871 1287 1140 1339 asinorum
1183 1283 1480 1338 scarabmos
1520 1292 1753 1337 mutante
1792 1294 2010 1346 natura,
2057 1301 2122 1339 ex

549 1377 674 1431 aliis
705 1377 945 1447 quazdam
983 1378 1037 1430 in
1063 1376 1192 1431 alia.
1238 1374 1370 1428 Vide
1408 1375 1769 1444 Epiphaniam
1798 1374 1852 1428 in
1883 1375 2118 1430 Ancirat.

548 1469 800 1525 Clemens
823 1471 947 1524 item
993 1469 1187 1540 Hypot.
1219 1485 1295 1530 v1,
1339 1468 1584 1523 homines
1621 1468 1986 1537 voluptatibus
2030 1468 2126 1523 im-

551 1562 776 1631 pensius
814 1561 1046 1625 deditos,
1080 1569 1135 1614 et
1184 1560 1489 1624 immersos,
1527 1574 1591 1613 ac
1633 1559 1816 1614 ebrios
1863 1566 2122 1631 tanquam

551 1649 844 1703 cantharos
873 1650 927 1702 in
956 1658 1195 1704 stercore
1225 1648 1460 1702 volutari
1488 1648 1699 1703 scribit.

2219 463 2348 525 ἴδοις
2363 459 2565 531 ὄμϐρον
2594 460 2658 512 ὲκ
2673 460 2847 530 νεφῶν
2864 458 3205 528 ἀπορρυέντα
3230 458 3360 528 παρ’
3375 455 3497 510 ὅσον
3517 455 3706 526 χρόνον
3725 457 3799 509 ὲκ

2216 551 2325 604 τῶν
2345 551 2647 622 μυρμήκων
2667 552 2694 602 6
2709 553 2853 613 σῖτος
2870 549 3251 622 προϐέϐληται.
3273 548 3473 613 Horus,
3493 547 3586 602 lib.
3612 537 3792 618 t,eap.

2217 642 2306 701 5‘2.
2326 643 2422 707 ait,
2439 642 2694 698 formicas
2709 646 2764 698 in
2783 644 3011 700 hiemem
3030 645 3133 699 sibi
3151 647 3302 702 cibos
3318 663 3614 718 congerere
3627 661 3683 703 et
3705 665 3801 704 eo.

2218 751 2338 789 rum
2353 736 2590 790 studium
2617 736 2672 791 in
2693 737 2935 806 parando
2969 737 3071 792 sibi
3099 737 3243 799 cibo.
3258 746 3312 793 et
3338 740 3662 809 colligendis
3685 740 3800 795 [ru-

2218 826 2396 882 ctibus
2420 827 3047 896 expressitAristoteles,
3079 829 3168 884 lib.
3193 845 3269 895 ix,
3301 846 3420 901 cap.
3449 832 3540 886 38..
3558 830 3792 894 Plinius.

2219 916 2311 970 lib.
2349 933 2426 979 ιιι,
2468 933 2590 987 cap.
2633 917 2720 982 50,
2751 935 2813 972 ex
2838 918 3150 981 Aristotele,
3198 920 3413 975 Semina
3447 939 3638 976 arrosa
3667 940 3795 976 con-

2218 1006 2373 1072 dunt,
2428 1024 2491 1062 ne
2536 1024 2721 1062 rursus
2765 1010 2822 1063 in
2857 1010 3034 1079 fruges
3074 1021 3258 1065 exeant
3295 1028 3323 1066 e
3361 1022 3523 1066 terra.
3579 1014 3794 1082 Majora

2221 1101 2290 1153 ad
2321 1102 2594 1154 introitum
2633 1100 2893 1156 dividunt.
2943 1101 3248 1172 Madefacta
3289 1105 3451 1158 imbre
3490 1107 3793 1174 proferunt,

2221 1203 2374 1264 atque
2401 1194 2622 1250 siccant.
2651 1193 2949 1262 Operantur
2971 1203 3020 1246 et
3041 1209 3195 1248 noctu
3214 1197 3366 1264 plena
3392 1197 3537 1252 luna.
3577 1196 3793 1252 Ewdem

2221 1284 2502 1339 interlunio
2525 1296 2748 1341 cessant.
2767 1285 2894 1340 lam
2920 1287 2975 1340 in
2992 1303 3143 1352 opere
3161 1288 3248 1357 qui
3279 1288 3464 1342 labor!
3490 1305 3608 1358 quce
3633 1291 3790 1344 sedato

2222 1372 2385 1425 litas!
2421 1373 2693 1436 IElianus,
2730 1375 2822 1428 lib.
2857 1389 2919 1439 ιι,
2959 1391 3080 1444 cap.
3110 1375 3214 1442 25;
3250 1375 3512 1448 Georgius
3552 1377 3791 1443 Pisides.

2222 1461 2302 1517 De
2333 1464 2514 1517 mundi
2542 1466 2786 1534 api/icio;
2817 1465 3170 1536 Epiphanius,
3211 1467 3267 1521 in
3297 1465 3640 1540 Physiologo.
3665 1486 3790 1541 cap.

2223 1572 2392 1621 xvtu;
2445 1564 2637 1611 auctor
2687 1557 2930 1627 epistolae
2967 1557 3035 1610 ad
3087 1557 3417 1627 praesidium,
3475 1558 3576 1614 Dio
3625 1561 3800 1635 Chry-

2225 1658 2518 1712 sostomus.
2545 1649 2792 1704 oratione
2814 1650 3034 1719 politica
3065 1650 3118 1704 in
3151 1651 3436 1712 concione,
3465 1654 3576 1706 Καὶ
3609 1654 3797 1724 μέντοι

623 1743 756 1796 Ibid.
785 1741 1153 1809 Κυκλοτερὲς
1167 1741 1389 1812 σχῆμα.
1422 1739 1622 1803 Horus,
1653 1741 1748 1795 lib.
1783 1756 1820 1805 ι,
1860 1757 1982 1812 cap.
2012 1741 2078 1796 10
2105 1759 2121 1797 :

2225 1742 2317 1794 καὶ
2356 1740 2650 1812 μύρμηκας
2678 1717 2829 1794 πάνυ*
2849 1742 3020 1814 ἡδέως
3060 1741 3185 1795 ἰδεῖν
3215 1743 3382 1809 ἐστιν,
3403 1745 3551 1810 ὅπως
3579 1717 3681 1816 μὲν
3727 1751 3798 1801 ol-

549 1833 784 1887 Πλάσσει
819 1833 1154 1903 σφαιροειδὲς
1187 1833 1567 1904 παραπλήσιον
1587 1831 1662 1902 τῷ
1691 1832 1880 1903 κόσμῳ
1915 1831 2121 1903 σχῆμα,

548 1925 576 1976 ὅ
606 1928 670 1978 ὲκ
698 1925 804 1978 τῶν
837 1925 1098 1979 ὀπισθίων
1144 1923 1323 1996 μερῶν
1349 1924 1574 1988 κυλίσας
1602 1924 1709 1978 ἀπὸ
1753 1924 2017 1996 ἀνατολῆς
2045 1929 2126 1988 είς

548 2016 699 2070 δύσιν
731 2017 891 2080 αὐτὸς
917 2017 1052 2088 πρὸς
1083 2015 1342 2086 ἀνατολὴν
1373 2015 1579 2085 βλέπει,
1606 2016 1692 2069 ῖνα
1727 2017 1911 2088 ἁποδῷ
1946 2017 2007 2070 τὸ
2031 2019 2123 2072 τοῦ

549 2109 754 2179 κόσμου
804 2109 1009 2180 σχῆμα.
1043 2106 1310 2178 Georgius
1350 2105 1582 2172 Pisides,
1628 2107 1703 2161 De
1745 2108 1934 2161 mundi
1971 2111 2126 2178 opifi-

550 2202 668 2265 cio;
704 2198 988 2264 Elianus,
1017 2200 1112 2256 lib.
1162 2217 1216 2264 χ,
1260 2215 1381 2270 cap.
1419 2200 1527 2254 15:
1571 2200 1628 2253 ὐ
1664 2200 1932 2272 κάνθαρος
1955 2201 2124 2273 ἄθηλυ

549 2293 688 2356 ζῶόν
721 2295 853 2346 ἐστι.
884 2294 1100 2365 Σπείρει
1119 2292 1176 2344 δὲ
1203 2294 1280 2356 είς
1299 2291 1398 2362 τὴν
1418 2295 1648 2364 σφαῖραν
1671 2293 1736 2363 ὴν
1752 2291 1921 2345 κυλίει
1938 2309 1952 2323 ·
1980 2292 2124 2347 ὀκτὼ

550 2383 606 2436 δὲ
670 2383 765 2436 καὶ
814 2383 985 2436 εἴκοσι
1019 2381 1242 2453 ἡμερῶν
1299 2381 1454 2435 τοῦτο
1504 2381 1730 2452 δράσας,
1788 2384 1882 2436 καὶ
1918 2374 2124 2453 θάλψας

549 2475 741 2546 αὐτὴν,
757 2471 874 2528 εἶτα
896 2475 1075 2545 μέντοι
1093 2477 1159 2545 τῇ
1185 2473 1276 2527 ἐπὶ
1298 2472 1520 2537 ταύταις
1536 2474 1763 2544 προάγει
1779 2474 1868 2528 τὸν
1889 2475 2121 2533 νεοττόν.

619 2565 778 2630 lbid.,
807 2565 904 2620 lin.
937 2565 1027 2619 si.
1076 2564 1230 2617 Φασὶ
1254 2562 1322 2618 δὲ
1351 2565 1559 2620 αὐτόν.
1595 2562 1756 2620 Forte
1792 2553 1862 2620 ait
1906 2565 2008 2620 hoc
2040 2581 2124 2622 re-

551 2657 728 2724 spexit
769 2657 1115 2721 Aristoteles,
1165 2655 1243 2710 De
1288 2656 1415 2710 hist.
1457 2657 1625 2710 anim.
1660 2657 1755 2712 lib.
1801 2675 1852 2722 v,
1881 2673 2002 2728 cap.
2032 2657 2120 2724 l9,

548 2744 823 2802 Scarabaii
853 2747 1093 2818 pilularii
1127 2748 1182 2801 in
1209 2747 1335 2817 ﬁmo
1373 2763 1525 2818 quem
1573 2747 1780 2802 volvunt
1823 2749 2124 2804 conduntur

548 2857 642 2910 per
678 2841 897 2894 hiemem
942 2856 1227 2910 parvosque
1273 2839 1582 2894 vermiculos
1623 2841 1864 2910 pariunt,
1913 2857 1978 2896 ea:
2005 2843 2124 2912 qui-

549 2935 646 2987 hus
677 2933 778 3000 ipsi
799 2945 1162 3002 procreantur.

616 3045 777 3110 lbid.,
812 3046 910 3099 lin.
938 3042 1028 3098 52.
1063 3044 1144 3096 Οὐ
1187 3042 1296 3114 γὰρ
1321 3039 1512 3110 θῆλυς
1539 3039 1719 3110 ὑπάρ.
1756 3040 1955 3105 Hortis,
2000 3041 2120 3097 loco
2147 3063 2188 3120 ο

549 3140 716 3194 citato
747 3137 819 3191 De
865 3135 988 3190 hist.
1021 3135 1182 3188 anim.
1219 3133 1313 3188 lib.
1350 3149 1406 3198 ι,
1451 3147 1572 3203 cap.
1606 3133 1694 3198 l5,
1735 3134 1926 3189 scribit
1949 3133 2117 3205 Egy-

550 3231 786 3301 ptiorum
804 3227 1093 3283 bellatores
1109 3226 1164 3280 in
1194 3224 1412 3279 annulis
1433 3224 1765 3294 insculptum
1783 3226 2114 3280 scarabaeum

548 3329 796 3394 gestasse
825 3321 892 3375 ad
928 3317 1344 3390 signiﬁcandum
1373 3317 1506 3373 solis
1541 3317 1787 3372 maribus
1815 3332 1912 3386 pro
1943 3319 2116 3388 patria

548 3431 672 3470 esse
703 3412 1034 3475 bellandum,
1058 3410 1204 3481 quod
1248 3395 1558 3466 scarabaeus
1601 3417 1754 3465 caret
1787 3409 2003 3466 femina.
2027 3413 2120 3464 Al—

549 3505 793 3574 γυπτίων
847 3503 903 3557 δὲ
949 3503 999 3556 οἱ
1038 3501 1264 3573 μάχιμοι
1312 3500 1405 3554 ἐπὶ
1463 3499 1572 3553 τῶν
1632 3499 1931 3553 δακτυλίων
1974 3496 2120 3572 εἶχον

551 3594 988 3670 ὲγγεγλυμμένον
1033 3592 1323 3663 κάνθαρον,
1363 3591 1732 3662 αἰνιττομένου
1759 3591 1853 3646 τοῦ
1891 3593 2118 3663 νομοθέ-

550 3707 646 3746 του
677 3689 786 3741 δεῖν
818 3686 1051 3758 ἇρρενας
1094 3677 1233 3735 εἶναι
1265 3680 1472 3743 πάντας
1510 3680 1686 3750 πάντη
1716 3679 1842 3743 τοὺς
1882 3681 2120 3751 μαχομέ-

552 3799 674 3844 νους
708 3779 847 3848 ὑπὲρ
881 3776 978 3846 τῆς
1005 3773 1208 3844 χώρας.
1251 3773 1402 3826 Ἐπεὶ
1430 3773 1526 3826 καὶ
1550 3774 1578 3825 6
1604 3771 1870 3844 κάνθαρος
1901 3771 2119 3843 θηλείας

553 3870 768 3942 φύσεως
791 3867 852 3919 οὺ
884 3863 1218 3936 μετείληχεν.

623 3959 754 4017 Ibid.
789 3956 895 4011 Kal
929 3956 983 4008 οι
1017 3954 1320 4022 Αἰγύπτιοι
1351 3950 1452 4004 διὰ
1490 3950 1624 4017 τήν.
1677 3951 1877 4006 Praeter
1909 3951 2122 4008 Plutar-

552 4055 716 4111 chum
745 4059 800 4105 et
831 4038 1130 4107 Amanum,
1172 4041 1441 4096 Eusebius
1475 4041 1569 4094 lib.
1599 4055 1658 4094 ιιι
1711 4039 1788 4095 De
1829 4052 2116 4110 praeparat.

550 4145 783 4216 evangcl.
817 4143 958 4196 idem
1009 4141 1164 4195 affert
1190 4155 1255 4194 ex
1286 4138 1380 4193 lib.
1413 4137 1678 4208 Porphyr.
1710 4137 1849 4204 Περὶ
1873 4136 1980 4205 τῆς
2003 4138 2122 4192 τῶν

550 4240 836 4308 ἐμψύχων
851 4231 1102 4303 ἀποχῆς.
1125 4230 1408 4301 Αἰγύπτιοι
1437 4230 1494 4283 δὲ
1519 4229 1821 4298 ὲσέφθησαν
1840 4229 1915 4293 ὡς
1939 4231 2122 4286 εἰκόνα

552 4333 703 4402 ηλιίου
752 4328 1023 4400 ἔμψυχον,
1065 4325 1120 4378 in
1153 4338 1312 4393 quem
1357 4322 1620 4377 acerrime
1664 4321 1939 4378 invehitur
1979 4321 2120 4377 Pisi-

2223 1833 2383 1888 κοῦσι.
2407 1833 2524 1906 μετ’
2551 1833 2795 1904 ἀλλήλων
2831 1833 3086 1898 εὐκόλως,
3119 1835 3266 1898 ὅπως
3295 1835 3350 1889 δὲ
3388 1824 3614 1903 ἐξίασιν,
3645 1840 3794 1905 ὅπως

2221 1927 2276 1980 δὲ
2299 1927 2368 1980 τά
2395 1926 2534 1998 βάρη
2563 1925 3083 1997 μεταλαμϐάνουσιν,
3113 1927 3260 1992 ὅπως
3289 1927 3344 1980 δὲ
3372 1931 3796 2002 παραχωροῦσιν

2223 2017 2470 2088 ἀλλήλοις
2505 2016 2615 2070 τῶν
2649 2016 2801 2070 ὁδῶν.
2839 2015 2913 2070 De
2952 2017 3304 2072 formicarum
3334 2020 3388 2074 in
3429 2021 3616 2076 labore
3657 2024 3796 2078 assi-

2222 2107 2430 2166 duitate
2448 2125 2555 2163 non
2572 2107 2866 2177 injucunda
2883 2117 2966 2162 est
2981 2108 3275 2179 Aphthonii
3293 2111 3551 2181 sophista:
3574 2112 3792 2169 fabella.

2294 2201 2453 2268 lbid.,
2498 2201 2594 2255 lin.
2634 2201 2724 2256 43.
2763 2201 3000 2255 Βδέλλα
3035 2201 3486 2270 σκωληκοειδές.
3532 2203 3607 2261 De
3641 2206 3798 2260 hiru-

2221 2295 2443 2350 dinibus
2486 2293 2855 2360 Dioscorides,
2896 2293 2990 2348 lib.
3038 2309 3115 2358 νι,
3147 2310 3268 2365 cap.
3310 2294 3400 2360 32,
3429 2304 3485 2352 et
3519 2296 3796 2369 Apsyrtus

2222 2387 2362 2457 apud
2393 2387 2606 2441 collect.
2638 2384 2918 2455 Ceoponic.
2944 2385 3036 2440 lib.
3074 2402 3184 2442 va.

2290 2476 2449 2542 lbid.,
2481 2477 2576 2532 lin.
2607 2477 2697 2531 54.
2741 2477 2862 2532 Τῶν
2891 2477 2959 2530 δὲ
2985 2478 3177 2547 ὄφεων
3207 2479 3304 2533 καί
3336 2479 3472 2535 τῶν.
3503 2480 3796 2552 'l‘lieOphy-

2219 2568 2396 2624 lactus
2428 2567 2739 2622 Simocatus
2767 2568 2818 2622 in
2857 2567 3059 2634 Quam.
3093 2571 3448 2638 naturalibus,
3480 2584 3677 2636 quast.
3704 2574 3793 2640 Μ,

2219 2661 2287 2715 de
2319 2661 2481 2722 ibide,
2514 2660 2735 2714 ’Ἠδεται
2759 2660 2909 2713 τουτὶ
2929 2660 2990 2713 τὸ
3015 2659 3201 2731 ὄρνεον
3225 2662 3347 2715 τινὰ
3372 2662 3579 2733 δυσώδη
3615 2665 3793 2718 σιτοὺο

2224 2769 2380 2822 μενον
2401 2769 2413 2780 ’
2431 2751 2609 2823 χαίρει
2633 2751 2689 2805 δὲ
2715 2752 2946 2822 μάλιστα
2962 2753 3054 2806 καὶ
3069 2755 3188 2816 ταῖς
3211 2753 3318 2805 τῶν
3337 2746 3557 2808 ἰοϐόλων
3573 2756 3793 2826 ἄγραις,

2221 2842 2660 2914 πολυϐορώτατον
2685 2843 2764 2898 ὅν.
2811 2843 2968 2896 Ἀλλὰ
2997 2845 3089 2898 καὶ¹
3125 2847 3235 2908 τοῖς
3254 2845 3442 2915 ὄφεσιν
3475 2846 3605 2910 ἴϐις,
3633 2848 3797 2902 mea.

2221 2949 2327 3004 περ
2364 2933 2393 2985 6
2435 2931 2763 3002 βασιλίσκος,
2809 2932 3084 3002 πολέμιον.
3136 2931 3226 2986 Διὸ
3278 2936 3371 2988 καὶ
3422 2937 3596 3005 πτερὰ
3634 2937 3795 2991 ἴϐεων

2223 3023 2458 3095 πολέμια
2498 3023 2703 3092 ὄφεσιν.
2753 3024 3099 3094 Ἐμφορεῖται
3124 3023 3181 3077 δὲ
3229 3025 3446 3097 σαρκῶν
3476 3026 3653 3095 ὅρεων
3702 3031 3795 3083 καὶ

2224 3117 2517 3188 σκορπίων,
2548 3118 2642 3171 καὶ
2674 3117 2905 3188 γέγηθεν
2933 3118 3024 3170 ἐπὶ
3051 3116 3218 3189 ταύτῃ
3247 3118 3311 3188 τῇ
3335 3118 3494 3190 θήρᾳ.
3533 3114 3670 3176 Vide
3696 3119 3796 3177 Pe-

2222 3215 2364 3262 trum
2379 3206 2721 3270 Damianum,
2747 3207 2838 3261 lib.
2856 3223 2917 3269 ιι,
2934 3223 3053 3277 cap.
3073 3207 3157 3262 l8.
3179 3207 3282 3262 Sed
3302 3209 3521 3265 deibide
3539 3212 3793 3268 inferius.

2289 3297 2426 3354 Ibid.
2473 3300 2599 3366 Τοῖς
2640 3299 2709 3354 δὲ
2758 3299 3096 3369 κεράσταις.
3150 3298 3425 3365 ιΕΙὶιιιιιιε,
3467 3303 3546 3357 De
3600 3307 3792 3359 histor.

2223 3391 2447 3445 animal.
2481 3391 2576 3445 lib.
2610 3407 2664 3454 Χ,
2703 3405 2824 3461 cap.
2866 3391 2954 3454 M,
2983 3391 3195 3460 Ὀφεών
3223 3408 3281 3444 τε
3310 3392 3402 3446 καὶ
3433 3394 3674 3449 δακετῶν
3701 3398 3797 3468 Θη-

2225 3483 2356 3556 ρίων
2384 3483 2544 3547 αὐτός
2583 3485 2730 3536 ἐστιν
2762 3483 3024 3554 ἔχθιστος.
3055 3485 3170 3538 Οὐκ
3208 3483 3273 3538 ἂν
3302 3485 3432 3552 γοῦν
3472 3488 3636 3540 αὑτὸν
3677 3489 3795 3542 δια-

2222 3574 2380 3646 λάθῃ,
2417 3573 2540 3627 οῠτε
2585 3575 2726 3643 δφις,
2755 3573 2878 3628 οὔτε
2922 3577 3201 3647 σκορπίος,
3243 3577 3364 3631 οὔτε
3396 3579 3505 3650 μὴν
3551 3581 3796 3652 πονηρᾶς

2225 3665 2356 3736 ὕλης
2383 3665 2508 3720 ἄλλο
2527 3684 2579 3720 τι
2610 3666 2848 3722 ἕκτοκον.
3851 3665 3860 3670 ’

2295 3758 2456 3822 lbid.,
2496 3758 2593 3812 lin.
2626 3759 2714 3813 57.
2750 3760 2922 3812 Ἐστι
2953 3757 3021 3811 δὲ
3062 3759 3236 3813 τοῦτο
3282 3773 3472 3827 (rvunt.
3515 3758 3795 3826 Elianus.

2225 3852 2320 3907 lib.
2352 3869 2388 3906 ιι
2421 3851 2494 3906 De
2521 3851 2646 3906 hist.
2681 3853 3007 3923 anim.,cap.
3042 3851 3113 3906 42
3144 3871 3157 3906 :
3189 3851 3398 3923 Νεκρὸν
3426 3851 3482 3904 δὲ
3508 3852 3796 3925 ἄνθρωπον

2179 3976 2189 3984 -
2227 3943 2380 4014 ίὲραξ
2412 3941 2554 4007 ἰδὼν,
2579 3942 2853 3996 ἐπιϐάλλει
2889 3943 2995 4012 γῆς
3021 3943 3098 4014 τῷ
3127 3940 3337 4013 άτᾶφῳ.
3365 3943 3474 3996 Καὶ
3502 3943 3660 3996 τοῦτο
3692 3944 3793 4014 μὲν

2223 4034 2284 4086 οὐ
2324 4032 2533 4086 κελεύει
2581 4031 2730 4102 αὑτῷ
2765 4035 2794 4084 6
2840 4030 3035 4096 Σόλων,
3065 4031 3140 4095 ὡς
3180 4032 3493 4103 Ἀθηναίους
3535 4032 3793 4086 ἐκέλευσε

2224 4123 2387 4194 δρᾷνο
2414 4123 2535 4176 οὐδὲ
2564 4119 2813 4193 σώματος
2849 4120 2944 4194 (ita
2981 4121 3126 4176 enim
3157 4121 3395 4192 corrigo)
3425 4121 3644 4192 ἅψεταις
3674 4115 3792 4175 Μέ-

2225 4230 2305 4266 νει
2335 4213 2392 4266 δὲ
2432 4212 2689 4280 ἄγευστος
2735 4213 2830 4264 καὶ
2868 4211 3031 4264 ποτοῦ
3079 4211 3172 4264 ἐὰν
3201 4214 3280 4274 είς
3318 4212 3525 4266 αῦλακα
3566 4213 3795 4283 ἑποχευο

2225 4302 2356 4376 τεύη
2385 4298 2464 4367 εἷς
2492 4303 2773 4373 ἄνθρωπος
2792 4318 2805 4331 ·
2845 4302 3174 4356 πεπίστευκε
3197 4303 3306 4375 γὰρ
3331 4303 3492 4356 αὐτὸν
3525 4304 3797 4375 πονούμεέ

554 4387 671 4487 (les,
700 4387 979 4476 De'm'un‘d.
1003 4387 1200 4486 opiﬁc.-:
1226 4413 1454 4480 Plinius,
1479 4413 1571 4469 lib.
1601 4429 1729 4477 xxx,
1752 4429 1872 4484 cap.
1898 4415 1983 4478 ll,
2013 4430 2123 4470 sca-

2227 4413 2315 4448 νον
2335 4393 2562 4465 ζημιοῦν
2578 4393 2972 4465 ὑφαιρούμενος
2987 4396 3051 4447 ὲκ
3067 4393 3166 4463 τῆς
3191 4395 3398 4447 ἐκείνου
3416 4395 3604 4465 χρείας
3627 4387 3791 4466 ὕδωρ.

554 4516 791 4569 rabzeum
840 4515 934 4583 qui
980 4510 1179 4582 pilulas
1223 4506 1411 4568 volvit,
1467 4504 1688 4575 Propter
1725 4507 1860 4558 hunc
1902 4505 2125 4576 JEgypti

556 4623 750 4677 magna
786 4621 909 4674 pars
958 4603 1286 4657 scarabaaos‘
1301 4602 1438 4654 inter
1470 4600 1686 4652 numina
1727 4597 1878 4662 colit,
1915 4600 2125 4651 curiosa

559 4695 777 4762 Apionis
827 4691 1274 4761 interpretatione,
1323 4707 1427 4759 qua
1473 4689 1690 4758 colligat
1729 4687 1860 4742 solis
1908 4703 2121 4756 operum

557 4782 957 4838 similitudinem
983 4783 1102 4834 huic
1127 4779 1348 4833 animali
1373 4795 1484 4844 esse
1509 4778 1576 4830 ad
1609 4777 1934 4832 excusandas
1958 4778 2124 4847 gentis

558 4892 668 4930 sua:
714 4876 869 4928 ritus.
913 4873 1090 4927 Horus
1128 4880 1385 4942 praeterea
1421 4870 1579 4923 aliam
1622 4870 1786 4938 hujus
1822 4873 2126 4924 veneratio-

560 4966 646 5022 nis
681 4979 904 5021 causam
956 4961 1151 5025 reddit,
1191 4959 1334 5030 quod
1372 4957 1582 5013 scilicet
1631 4972 1811 5013 mares
1848 4959 1960 5014 sint
2011 4973 2126 5013 om-

560 5073 656 5112 nes
713 5054 995 5118 scarabaei,
1033 5053 1180 5108 nulla
1221 5051 1438 5106 femina.
1471 5048 1604 5104 Vide
1638 5047 1986 5120 Rodiginum,
2026 5050 2121 5105 lib.

559 5166 681 5213 viii,
720 5165 842 5219 cap.
877 5148 930 5202 5.

630 5241 788 5304 lbid.,
825 5240 1025 5295 lin.59.
1051 5241 1115 5292 Ol
1134 5237 1202 5291 δὲ
1224 5237 1527 5306 μύρμηκες
1547 5234 1670 5288 τόν.
1691 5231 1945 5297 Basilius,
1975 5231 2122 5288 hom.

559 5334 611 5394 9.
647 5335 788 5389 inter
812 5333 1020 5402 reliqua
1049 5349 1063 5386 :
1090 5329 1377 5383 Διακόπτει
1415 5325 1522 5397 γὰρ
1558 5325 1679 5388 ταῖς
1715 5323 1906 5378 ἑαυτοῦ
1934 5323 2127 5394 χηλαῖς

559 5428 666 5479 τῶν
716 5424 944 5496 καρπῶν
980 5423 1041 5476 τὸ
1102 5421 1443 5493 μεσαίτατον,
1493 5419 1568 5483 ὡς
1609 5418 1675 5472 ἂν
1721 5417 1796 5490 μὴ
1837 5417 2128 5486 ὲκφυέντες

561 5516 820 5587 ἄχρηστοι
858 5515 993 5586 πρὸς
1027 5513 1231 5584 τροφὴν
1268 5511 1416 5582 αὐτῷ
1451 5511 1722 5578 γένοιντο·
1749 5507 1844 5562 καί
1882 5507 2129 5577 διαψύχει

561 5609 798 5671 τούτους,
837 5608 964 5661 ὅταν
987 5606 1240 5676 αἴσθηται
1276 5604 1454 5657 αὐτῶν
1482 5602 1800 5674 διαϐρόχων,
1831 5600 1924 5654 καὶ
1953 5601 2052 5653 οὐκ
2073 5601 2130 5653 ὲν

565 5700 728 5755 παντὶ
753 5697 1040 5776 προϐάλλει
1057 5697 1250 5767 καιρῷ,
1272 5695 1386 5750 ἀλλ’
1403 5695 1527 5748 ὅταν
1555 5691 1913 5764 προαίσθηται
1938 5691 2030 5746 τοῦ
2047 5691 2129 5746 at.

2227 4489 2289 4542 El
2337 4487 2394 4542 δὲ
2448 4487 2664 4552 πλείους
2714 4487 3028 4558 ὲπάρδοιεν,
3077 4488 3334 4556 ἀφθονίαν
3381 4487 3475 4542 τοῦ
3523 4489 3794 4560 ῥεύματος

2223 4579 2364 4652 όρῶν
2405 4578 2479 4643 ὡς
2525 4578 2838 4651 φιλοτησίας
2876 4577 3019 4642 τινὸς
3051 4578 3109 4645 ἐξ
3157 4579 3331 4632 αὐτῶν
3362 4577 3792 4650 μεταλαμϐάνει,

2224 4672 2319 4727 καὶ
2347 4667 2489 4725 πίνει
2517 4672 2705 4742 ἡδέως.

2293 4764 2412 4819 Col.
2447 4760 2572 4825 749,
2598 4763 2692 4817 lin.
2718 4762 2771 4817 4.
2800 4760 2959 4816 Μετὰ
2980 4760 3048 4815 δὲ
3077 4761 3192 4830 τὴν
3219 4759 3324 4816 τοῦ
3348 4763 3600 4831 κόσμου.
3640 4763 3794 4819 Sicut

2225 4857 2292 4912 de
2328 4856 2599 4927 principio
2634 4863 2689 4910 et
2724 4854 3002 4910 creatione
3031 4855 3191 4923 hujus
3220 4853 3405 4908 mundi
3453 4856 3621 4909 varia:
3650 4851 3793 4926 apud

2226 4951 2368 5013 illos,
2401 4950 2602 5020 quibus
2641 4948 2825 5002 lumen
2851 4946 3126 5019 Evangelii
3165 4963 3275 5002 non
3315 4946 3542 5010 affulsit,
3573 4959 3798 5004 t-ontrua

2226 5058 2398 5099 versa:
2430 5040 2708 5097 sententia:
2735 5039 2910 5104 fuere,
2945 5054 3067 5110 qua:
3106 5055 3297 5094 omnes
3323 5054 3352 5092 a
3391 5039 3620 5095 veritate
3645 5043 3798 5094 aber-

2225 5143 2454 5202 rarunt;
2491 5136 2564 5188 ita
2595 5143 2648 5189 et
2687 5134 2741 5188 in
2772 5133 3047 5188 creatione
3093 5131 3330 5186 hominis
3370 5131 3508 5185 varii
3545 5131 3796 5188 dissidiis

2227 5231 2550 5299 semetipsos
2595 5235 2880 5281 vexarunt.
2927 5225 3156 5292 Quidam
3195 5225 3339 5280 enim
3387 5233 3640 5278 naturam
3696 5227 3795 5279 lm-

2229 5336 2444 5375 manam
2473 5326 2730 5373 aeternam
2767 5325 3182 5372 asseverarunt:
3217 5316 3306 5369 alii
3333 5316 3568 5385 primum
3615 5308 3670 5368 in
3701 5307 3785 5366 At.

2227 5415 2338 5468 tica
2372 5421 2532 5466 natos
2563 5411 2732 5466 fuisse
2774 5411 3056 5474 homines;
3090 5410 3178 5463 alii
3222 5409 3274 5462 in
3307 5408 3577 5470 Arcadia;
3610 5402 3700 5459 alii
3743 5407 3794 5456 in

2228 5502 2482 5574 Egypto.
2509 5496 2905 5562 Tbeodoretns,
2932 5494 3098 5552 Graio.
3122 5493 3296 5567 olfect.
3322 5497 3414 5552 lib.
3438 5513 3469 5548 v
3489 5513 3503 5562 ;
3524 5493 3791 5556 Justinus,

2234 5593 2440 5649 ﬂistor.
2475 5593 2568 5647 lib.
2603 5606 2667 5656 ιι,
2695 5590 2966 5644 diuturna:
2984 5591 3346 5644 contentionis
3389 5582 3534 5640 inter
3559 5583 3794 5655 Scythas

2230 5697 2283 5748 et
2328 5685 2612 5758 Egyptios
2648 5681 2716 5737 de
2752 5683 2967 5755 generis
2995 5688 3264 5738 vetustate
3300 5677 3582 5745 meminit;
3610 5682 3666 5732 et
3700 5687 3791 5731 eos
