4072 6342
1574 153 1619 187 δ’

349 307 452 366 969

1328 299 1390 351 ΙΝ
1434 293 1801 350 EUSTATllll
1842 289 2313 344 HEXALMERUN
2354 287 2580 340 NU'IAS.

3474 283 3578 339 970

347 441 468 481 rum
498 422 1117 496 argumentis'expositis
1153 420 1421 493 Egyptiis
1467 416 1740 488 superatis
1767 416 1905 469 anti-
1935 421 1974 473 Α
2007 427 2127 467 nem
2178 414 2549 481 comparatum
2606 404 3009 491 exprimerent?
3059 405 3298 462 futurum
3343 424 3579 481 namque

347 516 567 587 quiores
607 513 837 585 Scythas
863 528 1074 582 semper
1097 513 1246 567 visos
1272 518 1476 564 narrat.
1564 580 1567 583 Ἴ

417 605 540 661 Col.
574 605 699 669 749,
733 605 843 661 lin.‘
863 606 916 659 5.
961 602 1045 669 Τῷ
1072 602 1188 672 μὲν
1233 599 1440 670 θερμῷ.
1489 598 1724 654 Necesse
1762 597 1904 652 enim

345 703 486 759 erat,
527 703 586 749 ut
604 695 767 748 homo
785 702 929 763 apte,
958 708 1021 747 ac
1053 700 1346 762 temperate
1375 688 1821 752 constitueretur,
1841 703 1908 742 ne

348 787 670 859 urgentibus
697 786 985 840 humerum
1022 784 1150 838 hinc
1188 782 1313 837 inde
1338 780 1679 847 differentiis,
1707 787 1759 835 et
1780 796 1909 835 con-

350 879 720 934 trarietatibus
749 877 1045 933 distractus
1064 876 1380 947 gravissime
1405 873 1802 938 oﬂ‘enderetur;
1828 874 1909 928 sic

347 975 492 1028 enim
522 979 803 1043 promptus
832 979 885 1026 et
916 971 1134 1034 alacris,
1167 970 1264 1035 illi,
1321 968 1388 1022 ad
1416 968 1559 1038 quod
1594 975 1711 1027 erat
1728 973 1907 1029 natus,

350 1065 654 1120 instructus
670 1065 1025 1126 incumberet,
1041 1062 1315 1131 mentique
1331 1061 1624 1116 deserviret
1640 1065 1911 1128 spectator

347 1172 666 1227 superarum
691 1171 890 1220 rerum,
910 1163 1069 1227 atque
1098 1154 1420 1210 caelestium.
1439 1152 1568 1218 Quae
1586 1151 1767 1207 omnia
1792 1151 1911 1206 aliis

347 1248 716 1304 animantibus
745 1250 1004 1321 denegata
1022 1256 1181 1304 sunt:
1205 1256 1258 1304 et
1276 1248 1378 1303 hoc
1405 1246 1620 1317 quidem
1646 1246 1874 1301 calidius
1892 1284 1908 1309 ,

346 1331 578 1411 ideoque
592 1340 931 1404 iracundum,
951 1356 1138 1418 rapax,
1154 1338 1476 1409 superbum;
1498 1338 1627 1392 illud
1640 1336 1911 1407 frigidius.

348 1432 579 1503 ideoque
606 1448 792 1502 segne,
821 1431 1165 1502 pestiferum,
1191 1431 1625 1494 somnolentum;
1657 1436 1711 1484 et
1743 1428 1823 1483 sic
1846 1428 1913 1484 de

348 1524 473 1581 aliis
515 1539 808 1594 possumus
848 1523 1237 1595 philosophari.
1271 1521 1486 1595 Optime
1527 1524 1711 1592 itaque
1740 1536 1771 1575 a
1804 1520 1913 1575 Deo

347 1623 589 1673 extrema
620 1631 932 1687 compressa
954 1625 1116 1683 sunt;
1144 1624 1198 1673 et
1219 1616 1381 1672 homo
1407 1616 1476 1672 ab
1500 1616 1647 1671 omni
1679 1622 1833 1686 parte
1858 1614 1912 1667 in

347 1707 525 1766 media
553 1708 785 1780 quadam
820 1707 1000 1779 frigidi
1023 1716 1076 1763 et
1104 1708 1287 1773 calidi,
1312 1705 1440 1763 sicci
1469 1715 1521 1762 et
1550 1705 1755 1760 humidi
1782 1719 1914 1760 con-

346 1797 636 1855 stitutione
649 1797 932 1862 formatus,
951 1798 1175 1853 mirifice
1189 1804 1469 1867 promptus
1484 1795 1550 1850 ad
1569 1803 1723 1850 actus
1746 1807 1925 1850 neces’

348 1890 526 1946 sarios
554 1889 906 1960 coinperitur.
940 1887 1055 1943 Hoc
1087 1898 1276 1959 postea
1318 1887 1609 1943 humerum
1654 1895 1916 1958 tempera-

346 1987 589 2035 mentum
619 1978 761 2034 sicut
786 1985 839 2034 et
872 1978 1041 2032 multa
1065 1978 1169 2031 alia
1185 1976 1323 2032 dona
1347 1992 1377 2031 a
1409 1976 1519 2032 Deo
1559 1976 1662 2032 sibi
1694 1977 1911 2041 collata,

348 2081 597 2141 peccato,
632 2078 687 2126 et
715 2071 974 2141 praecepti
1000 2070 1294 2126 violatione
1323 2069 1632 2124 infirmavit.

416 2157 576 2227 lbid.,
608 2159 706 2216 lin.
744 2160 794 2214 7.
830 2161 1084 2229 Ἔχοντα
1122 2159 1320 2214 πάντα
1360 2159 1431 2214 τὰ
1458 2159 1633 2237 μέρη.
1681 2160 1915 2232 Ideoque

348 2264 457 2305 non
484 2250 696 2307 insulse
723 2267 824 2307 nec
847 2251 1148 2307 oscitanter
1192 2241 1389 2315 homo,
1429 2268 1620 2319 parvus
1666 2251 1909 2316 mundus,

348 2358 381 2396 ιι
431 2342 705 2414 plerisque
758 2353 1128 2415 nuncupatur.
1182 2341 1475 2414 Gregorius
1536 2341 1790 2398 Nazianz.
1828 2345 1911 2399 °in

347 2433 554 2492 Christi
591 2436 928 2493 nativitatem
964 2455 978 2492 :
1009 2435 1177 2491 Τοῦτο
1220 2437 1285 2509 δὴ
1325 2435 1599 2508 βουληθεὶς
1622 2436 1913 2507 ὁτεχνίτης

348 2525 713 2592 ἐπιδείξασθαι
734 2526 920 2595 Λόγος,
943 2526 1037 2579 καὶ
1061 2525 1196 2591 ζῶον
1217 2527 1275 2581 ἓν
1303 2525 1360 2593 ἐξ
1383 2527 1726 2599 ἀμφοτέρων,
1759 2528 1915 2599 ἀορά-

346 2633 442 2671 του
473 2634 533 2670 τε
563 2617 726 2686 λέγω,
752 2618 846 2672 καὶ
870 2618 1068 2690 ὁρατῆς
1093 2617 1324 2688 φύσεως,
1344 2617 1661 2691 δημιουργεῖ
1693 2618 1783 2672 τὸν
1819 2620 1912 2674 ἄν·

349 2707 597 2783 θρωπον·
648 2709 743 2763 καὶ
787 2708 936 2781 παρὰ
970 2709 1069 2780 μὲν
1101 2710 1201 2781 τῆς
1234 2710 1366 2782 ὕλης
1414 2708 1592 2764 λαϐὼν
1633 2710 1693 2765 τὸ
1734 2710 1910 2781 σῶμα,

350 2800 449 2872 ήδη
480 2801 913 2872 προῦποστάσης,
949 2802 1077 2872 παρ’
1110 2800 1301 2857 ἑαυτοῦ
1330 2801 1386 2855 δὲ
1412 2800 1555 2873 ζωὴν
1583 2800 1773 2866 ἐνθεὶς,
1795 2801 1823 2854 ὃ
1849 2801 1911 2872 δὴ

350 2898 542 2960 νοεραν
585 2889 761 2962 ψυχὴν
809 2893 901 2945 καὶ
931 2892 1117 2947 εἰκόνα
1150 2892 1282 2946 Θεοῦ
1337 2888 1474 2947 εἶδεν
1509 2894 1537 2945 ὁ
1562 2892 1754 2961 Λόγος.
1803 2885 1913 2945 οἷον

349 2998 473 3036 τινα
511 2980 713 3053 κόσμον
743 2982 989 3054 δεύτερον
1030 2985 1087 3038 ὲν
1127 2982 1306 3056 μικρῷ
1343 2984 1512 3055 μέγαν
1557 2983 1650 3037 ἐπὶ
1684 2984 1781 3055 τῆς
1812 2983 1913 3054 γῆς

351 3075 583 3147 ἵστησιν,
606 3076 831 3146 ἄγγελον
855 3077 1010 3132 ἄλλον
1035 3076 1408 3149 προσκυνητὴν
1436 3077 1644 3148 μικτὸν,
1672 3076 1912 3147 ἐπόπτην

350 3170 451 3241 τῆς
479 3169 677 3240 ὁρατῆς
708 3170 957 3234 κτίσεως,
993 3168 1199 3240 μύστην
1226 3168 1325 3239 τῆς
1350 3168 1662 3239 νοουμένης,
1695 3166 1914 3236 βασιλέα

351 3262 460 3316 τῶν
500 3264 592 3316 ἐπὶ
628 3264 752 3333 γῆς,
794 3262 1205 3334 βασιλευόμενον
1250 3260 1488 3326 ἄνωθεν,
1532 3260 1770 3328 ἐπίγειον
1824 3260 1916 3312 καὶ

351 3356 412 3408 οὐ
423 3355 622 3427 ράνιον,
649 3356 981 3427 πρόσκαιρον
1004 3355 1099 3408 καὶ
1131 3352 1415 3417 ἀθάνατον,
1442 3353 1632 3423 ὁρατὸν
1664 3351 1757 3406 καὶ
1778 3350 1920 3405 νοού-

295 3480 305 3487 ρ
357 3460 536 3513 μενον,
570 3442 727 3513 μέσον
766 3442 1025 3513 μεγέθους
1072 3443 1163 3496 καὶ
1198 3442 1598 3512 ταπεινότητος,
1630 3441 1721 3495 τὸν
1758 3442 1916 3496 αὐτὸν

355 3532 571 3602 πνεῦμα
605 3533 698 3586 καὶ
729 3534 924 3604 σάρκα,
966 3533 1176 3603 πνεῦμα
1199 3532 1285 3585 διὰ
1300 3532 1399 3605 τὴν
1428 3530 1607 3602 χάριν,
1630 3532 1804 3603 σάρκα
1832 3531 1918 3585 διὰ

353 3622 452 3693 τὴν
482 3622 729 3695 ἔπαρσιν,
763 3624 824 3676 τὸ
858 3623 956 3693 μὲν
986 3623 1072 3677 ἵνα
1110 3623 1264 3694 μένῃ,
1296 3623 1388 3675 καὶ
1413 3618 1605 3693 δοξάζῃ
1647 3620 1736 3673 τὸν
1767 3621 1919 3692 εὐερ-

353 3715 541 3786 γέτην,
560 3714 621 3766 τὸ
649 3713 705 3766 δὲ
730 3714 815 3768 ἵνα
838 3715 1042 3787 πάσχῃ,
1069 3716 1160 3768 καὶ
1190 3714 1392 3783 πάσχον
1416 3713 1914 3785 ὐπομιμνήσκηται,

354 3806 449 3860 καὶ
506 3806 842 3877 παιδεύηται,
882 3807 959 3879 τῷ
1008 3805 1223 3878 μεγέθει
1279 3804 1742 3876 φιλοτιμούμενος,
1782 3803 1917 3868 ζῶον

356 3894 589 3949 ἐνταῦθα
621 3896 1083 3967 οἰκονομούμενον,
1114 3896 1207 3950 καὶ
1235 3894 1467 3966 ἀλλαχοῦ
1509 3894 1914 3967 μεθιστάμενον,

355 3986 452 4038 καὶ
480 3985 652 4057 πέρας
685 3985 775 4040 τοῦ
811 3987 1107 4058 μυστηρίου
1139 3989 1203 4058 τῇ
1239 3987 1371 4059 πρὸς
1400 3986 1530 4039 Θεὸν
1559 3984 1735 4039 νεύσει
1768 3984 1918 4038 0506-

360 4089 540 4147 μενον.
565 4073 800 4138 Nicetas,
826 4075 1129 4131 Comment.
1152 4078 1204 4130 in
1220 4075 1467 4131 eumdem
1489 4093 1502 4129 :
1522 4076 1632 4129 Καὶ
1656 4075 1814 4147 ἔθηκε
1827 4075 1917 4128 τὸν

355 4165 639 4237 ἄνθρωπον
663 4166 754 4220 ἐπὶ
778 4166 876 4237 τῆς
894 4167 996 4237 γῆς
1027 4166 1199 4237 μέγαν
1222 4166 1420 4238 κόσμον
1442 4170 1500 4221 ἐν
1522 4166 1700 4239 μικρῷ
1730 4167 1917 4238 κόσμῳ

353 4254 434 4327 τῷ
468 4255 726 4328 αἰσθητῷ.
760 4255 970 4330 Μικρὸς
995 4257 1104 4329 γὰρ
1143 4259 1171 4311 ὁ
1208 4255 1394 4329 παρὼν
1422 4258 1622 4329 κόσμος
1658 4258 1792 4329 πρὸς
1828 4258 1917 4310 τὸν

354 4348 659 4419 ἄνθρωπον,
685 4342 746 4402 οὗ
773 4348 933 4402 ἕνεκα
958 4350 1134 4402 πάντα
1161 4349 1401 4417 ἐγένοντο
1419 4365 1431 4378 ·
1454 4348 1516 4401 τὸ
1537 4349 1643 4421 γὰρ
1668 4342 1727 4401 οὗ
1757 4348 1916 4402 ἕνεκα

2010 517 2093 563 est
2124 516 2183 562 ut
2215 507 2416 578 pariter
2440 506 2634 561 caelum
2662 503 2766 559 hoc
2799 503 3052 565 volubile,
3081 510 3225 558 terra
3266 505 3579 561 mutationi-

2014 603 2111 656 bus
2135 599 2389 662 obnoxia,
2420 604 2616 653 cuncta
2643 595 2876 665 denique
2900 595 2986 650 his
3010 597 3424 667 comprehensa,
3452 614 3577 653 cum

2014 711 2076 747 eo
2104 694 2222 762 ipso
2280 691 2423 763 quod
2482 690 2686 753 ambit,
2749 688 3001 744 universa
3045 690 3334 745 intereant.
3372 688 3577 747 Verum

2014 792 2197 855 posset
2235 781 2553 836 Eustathius
2602 780 2969 850 respondere:
3023 795 3198 850 neque
3246 780 3417 835 solam
3461 784 3578 836 ani-

2015 893 2175 941 mam,
2213 891 2385 945 neque
2462 874 2636 928 solum
2688 888 2885 943 corpus
2948 872 3216 928 hominem
3271 889 3428 939 esse,
3483 876 3576 931 sed

2016 976 2305 1037 utrumque
2356 981 2524 1020 unum
2574 964 2784 1020 efﬁcere
2841 964 3135 1028 hominem,
3186 966 3279 1037 qui
3329 968 3577 1037 quamvis

2016 1074 2242 1129 corpore
2290 1060 2450 1112 morti
2500 1058 2764 1113 obnoxius
2814 1057 2976 1119 vivat,
3019 1059 3202 1112 animo
3252 1067 3431 1116 tamen
3475 1062 3576 1115 im-

2018 1150 2283 1213 mortalis,
2332 1148 2643 1220 praestantia
2689 1156 2743 1203 ct
2797 1148 3134 1212 excellentia,
3166 1157 3218 1204 et
3261 1152 3481 1217 coelum,
3521 1162 3576 1209 et

2016 1251 2238 1306 terram,
2264 1250 2564 1311 casteraque
2596 1255 2716 1310 qua:
2750 1238 3020 1295 intereunt
3049 1250 3290 1310 superat,
3318 1245 3580 1297 maxima-

2016 1348 2121 1404 que
2149 1333 2201 1387 iu
2228 1332 2444 1387 homine
2486 1331 2575 1384 illa
2614 1331 2732 1386 laus
2760 1341 2863 1394 est,
2889 1346 3051 1400 quam
3096 1340 3245 1388 certe
3284 1334 3415 1387 nulli
3448 1350 3578 1389 con-

2018 1440 2226 1481 cessam
2270 1422 2646 1494 cognovimus,
2690 1421 2737 1476 si
2778 1437 2969 1490 parvus
3002 1423 3222 1477 mundus
3256 1426 3575 1495 appeltatur.

2018 1519 2135 1586 Quo
2172 1519 2390 1572 nomine
2415 1530 2523 1570 non
2555 1529 2660 1568 una
2695 1515 2860 1569 totius
2894 1515 3135 1571 universi
3164 1531 3291 1586 pars
3335 1532 3456 1572 esse
3494 1518 3576 1571 vi-

2018 1612 2195 1676 detur,
2236 1610 2328 1665 sed
2357 1616 2549 1673 totum,
2590 1615 2644 1661 et
2685 1622 2873 1663 omnes
2920 1609 3161 1663 omnium
3193 1608 3425 1679 partium
3457 1626 3579 1680 per-

2020 1702 2280 1758 fectiones
2314 1701 2367 1756 iu
2398 1715 2455 1755 se
2485 1700 2600 1755 solo
2634 1699 2941 1771 complecti,
2973 1701 3117 1771 quod
3151 1702 3219 1756 de
3268 1702 3390 1757 aliis
3436 1701 3576 1757 aﬂir—
3618 1704 3625 1712 '

1959 1781 1997 1832 Β
2025 1810 2172 1849 mare
2215 1807 2322 1847 non
2351 1806 2661 1863 possumus.
2712 1790 2883 1865 Homo
2921 1792 3065 1847 enim
3122 1793 3293 1857 solus,
3324 1800 3377 1848 et
3414 1793 3574 1856 cmlo,

2013 1894 2067 1941 et
2096 1894 2274 1949 terrae,
2309 1892 2364 1940 et
2398 1884 2650 1940 omnibus
2680 1884 3044 1940 animantibus
3072 1899 3171 1955 par
3212 1894 3333 1941 eSse
3364 1886 3580 1957 conspi-

2013 1980 2174 2042 citur,
2204 1984 2258 2032 et
2303 1977 2543 2031 omnium
2583 1977 2811 2031 aliorum
2862 1976 3307 2047 perfectionibus,
3338 1993 3444 2032 una
3491 1977 3575 2031 sui

2014 2069 2186 2124 solius
2231 2066 2514 2137 perfectio,
2556 2082 2667 2121 non
2707 2066 2932 2123 inferior
2967 2067 3277 2138 respondet.
3306 2067 3577 2134 Quemad-

2013 2160 2232 2215 modum
2284 2159 2427 2214 enim
2475 2158 2709 2224 cmlum,
2762 2166 2817 2213 ct
2867 2159 3127 2214 cmlorum
3178 2161 3472 2225 varietate,
3521 2167 3577 2215 et

2012 2260 2256 2306 motuum
2305 2251 2530 2321 perenni
2568 2257 2623 2305 et
2652 2249 2900 2304 ordinata
2940 2265 3217 2315 mensura,
3258 2254 3576 2323 suoquc‘iu-

2012 2343 2158 2399 ﬂuxu
2188 2352 2406 2400 terrena
2436 2344 2550 2399 haec
2574 2351 2629 2399 et
2670 2341 2815 2399 foret
2868 2354 2920 2398 et
2947 2343 3063 2408 alit,
3103 2344 3236 2397 nulli
3283 2345 3574 2415 ingratum,

2011 2435 2266 2492 omnibus
2293 2437 2527 2491 amicum
2563 2439 2845 2506 complexu
2882 2450 2982 2490 suo
3015 2435 3285 2501 ambiens;
3320 2436 3399 2490 sic
3438 2443 3490 2490 et
3524 2437 3576 2490 in

2013 2528 2231 2584 homine
2254 2529 2472 2583 animus
2510 2542 2574 2582 ac
2597 2543 2751 2583 mens
2782 2527 2898 2582 suis
2937 2526 3289 2583 facultatibus
3331 2527 3578 2597 corporis

2014 2628 2195 2691 partes
2223 2610 2597 2688 illuminando,
2627 2618 2695 2674 ad
2723 2617 2897 2673 officia
2938 2633 3209 2689 quamque
3251 2634 3351 2675 sua
3386 2620 3574 2690 impel-

2013 2712 2196 2778 lendo,
2225 2712 2408 2783 dirigit
2434 2721 2488 2767 et
2517 2711 2822 2782 compellat,
2855 2711 3042 2777 vitam,
3092 2713 3338 2783 spiritus,
3376 2721 3577 2775 motus,

2013 2813 2069 2861 et
2114 2814 2368 2861 sexcenta
2410 2804 2514 2857 alia
2538 2803 2862 2874 elargiendo.
2917 2802 2984 2857 Et
3007 2804 3151 2874 quod
3185 2803 3577 2867 admirabilius,

2014 2912 2121 2952 non
2157 2907 2412 2967 tanquam
2436 2895 2563 2966 quid
2594 2905 2763 2959 motu,
2810 2912 2977 2952 sensu
3026 2912 3090 2950 ac
3140 2899 3352 2952 ratione
3386 2912 3578 2952 carens

2015 2988 2083 3043 ad
2131 2988 2472 3057 operationes
2521 2988 2573 3043 vi
2604 2988 2835 3059 quadam
2883 2987 3120 3042 naturali
3175 2988 3425 3054 ducitur,
3483 2989 3578 3043 sed

1940 3111 1981 3168 ε
2015 3079 2169 3151 prius
2199 3094 2259 3134 re
2300 3079 2592 3144 intellecta,
2618 3079 2835 3134 tandem
2866 3080 2970 3134 sibi
3017 3079 3175 3133 finem
3206 3080 3477 3150 proponit,
3512 3081 3578 3133 ad

2017 3186 2175 3243 quem
2209 3187 2308 3228 sua
2340 3170 2545 3241 dirigit,
2576 3186 2685 3225 non
2708 3170 3080 3235 coactus,'sed
3106 3170 3274 3235 'liber,
3320 3185 3383 3225 ac
3413 3171 3579 3225 veluti

2018 3263 2270 3318 dominus
2298 3261 2562 3318 ministris
2592 3269 2651 3316 ut
2678 3260 2782 3316 sibi
2806 3260 3070 3330 placuerit
3100 3261 3392 3331 imperans.
3419 3259 3576 3327 Quod

2018 3356 2154 3413 nulli
2192 3356 2281 3410 alii
2306 3367 2625 3410 concessum
2658 3360 2761 3417 est,
2794 3360 3004 3407 tantum
3037 3352 3191 3408 abest
3232 3363 3289 3406 ut
3338 3354 3498 3423 pulici
3525 3364 3578 3407 et

2018 3448 2180 3502 muri.
2235 3445 2353 3512 Quo
2393 3447 2660 3515 prteconio
2712 3460 2777 3500 ac
2826 3444 2983 3499 laude
3023 3444 3152 3514 quid
3197 3448 3580 3516 prmstantius?

2018 3539 2148 3612 quid
2175 3539 2477 3595 excelsius?

2089 3630 2248 3695 [bid.,
2276 3629 2371 3683 lin.
2412 3629 2464 3684 8.
2501 3629 2726 3698 ’Ὠσπερ
2760 3629 2866 3698 γὰρ
2893 3630 2931 3696 ἡ
2957 3627 3055 3698 γῆ.
3075 3626 3225 3683 Haud
3257 3629 3455 3693 dubiis,
3483 3629 3578 3683 scd

2028 3721 2353 3777 certissimis
2411 3719 2713 3774 rationibus
2762 3727 2976 3774 constat
3018 3728 3215 3802 terrgm
3254 3720 3442 3775 mundi
3489 3729 3578 3774 to—

2022 3815 2135 3870 tius
2173 3813 2424 3878 mediam,
2473 3819 2525 3867 et
2565 3812 2721 3882 quasi
2768 3821 3032 3867 centrum.
3087 3811 3314 3878 Plinius,
3352 3814 3388 3868 1.
3436 3831 3494 3877 ιι,
3528 3831 3578 3873 c.

2019 3905 2109 3972 69,
2140 3906 2389 3977 plurimis
2424 3904 2475 3959 id
2504 3905 2836 3975 argumentis
2863 3904 3130 3974 probavit.
3165 3903 3345 3959 Primo
3372 3921 3438 3960 ex
3468 3922 3583 3960 cer-

2018 3998 2089 4052 tis
2122 3997 2273 4052 boris
2324 3996 2654 4066 aequinoctii,
2709 3996 2949 4050 secundo
2982 4011 3047 4051 ex
3081 3995 3327 4066 dioptris,
3363 4011 3458 4050 seu
3494 3998 3578 4050 in-

2019 4096 2442 4143 strumentorum
2488 4088 2729 4158 regulis;
2779 4088 2938 4142 tertio
2982 4102 3014 4141 a
3056 4087 3327 4143 solstitiali
3366 4096 3575 4143 exortu.

2019 4180 2354 4245 Cleomedes,
2404 4180 2496 4235 lib.
2535 4195 2553 4233 1
2588 4177 2831 4245 Meteon,
2864 4180 3134 4236 uberrime
3178 4179 3232 4234 id
3272 4178 3412 4235 idem
3455 4194 3582 4251 pro-

2021 4272 2112 4326 bat
2153 4272 2222 4326 ab
2268 4273 2581 4326 umbrarum
2628 4271 2962 4327 differentiis.
3004 4272 3343 4336 Aristoteles,
3393 4271 3487 4327 lib.
3539 4288 3579 4326 il

2021 4362 2098 4417 De
2126 4363 2276 4430 εοειο,
2303 4379 2424 4433 cap.
2468 4364 2555 4428 ﬂ,
2587 4364 2832 4434 pluribus
2882 4364 3201 4431 confirmat;
3252 4371 3306 4419 et
3332 4364 3447 4421 lib.
3503 4364 3581 4419 De

361 4436 541 4508 μεῖζον
563 4439 656 4491 καὶ
689 4436 1008 4509 τιμιώτερον
1026 4455 1041 4470 ⁸
1072 4439 1164 4491 καὶ
1190 4439 1486 4510 κατέστησε
1514 4440 1603 4492 τὸν
1636 4439 1914 4510 ἄνθρωπον

2023 4457 2205 4510 mundi
2234 4456 2441 4527 fabrica
2487 4455 2553 4510 ad
2596 4455 2856 4511 Alerand.
2889 4453 3043 4511 Unde
3089 4455 3374 4511 Lucretius
3398 4464 3580 4527 poeta,

360 4527 579 4599 βασιλέα
612 4527 720 4581 τῶν
756 4528 859 4581 ὑπὸ
886 4528 982 4599 τὴν
1007 4528 1231 4600 σελήνην
1265 4528 1536 4593 ἁπάντων,
1569 4529 1655 4583 ἵνα
1682 4529 1911 4601 δεσπόζῃ

356 4617 465 4673 τῶν
497 4619 588 4672 ὑπ’
634 4618 797 4673 αὐτοῦ
834 4620 1137 4690 γενομένων
1173 4620 1504 4690 κτισμάτων.
1558 4618 1695 4674 Vide
1742 4621 1915 4691 Chry-

355 4718 656 4766 sostomnm
686 4727 936 4766 sermone
989 4712 1045 4765 in
1078 4725 1325 4782 magnam
1358 4709 1713 4767 Parasceven.
1745 4710 1916 4767 Geor-

357 4801 480 4872 gius
512 4800 740 4868 Pisides,
776 4801 850 4855 De
880 4802 1108 4857 vanitate
1129 4804 1279 4865 vitae,

466 4893 717 4964 Σμικρὸς
740 4894 850 4965 γάρ
868 4896 997 4949 ἐστι
1015 4896 1240 4965 κόσμος
1263 4894 1574 4963 ἀνθρώπου
1606 4896 1809 4965 φύσις.

428 4983 721 5055 Gregorius
765 4995 946 5040 tamen
986 4984 1282 5057 Nyssenus,
1316 4986 1391 5041 De
1431 4988 1636 5056 opil’icio
1673 4988 1916 5054 hominis,

359 5090 482 5147 cap.
531 5076 618 5141 16,
647 5077 861 5133 videtur
891 5080 1195 5149 improbare
1229 5095 1417 5135 eorum
1460 5083 1790 5152 Opinionem,
1824 5085 1918 5153 qui

361 5182 487 5223 cum
511 5168 782 5225 hominem
804 5170 1293 5234 vellentextollere,
1311 5175 1430 5242 ejus
1453 5188 1576 5229 cum
1595 5174 1696 5228 hoc
1718 5175 1920 5229 mundo

362 5259 513 5314 facta
530 5259 840 5325 collatione,
866 5276 1083 5331 parvum
1101 5262 1348 5315 mundum
1368 5277 1631 5318 vocavere
1651 5281 1666 5330 ;
1696 5262 1919 5334 indigna

359 5353 509 5405 enim
578 5350 827 5405 humanae
887 5352 1224 5407 excellentia:
1293 5354 1729 5426 imaginabatur,
1796 5370 1918 5410 cum

362 5441 477 5497 hinc
536 5442 646 5497 sint
694 5443 1023 5509 communia,
1071 5452 1125 5499 et
1173 5445 1335 5499 culici
1384 5453 1437 5501 et
1478 5450 1642 5511 muri,
1688 5462 1812 5501 cum
1867 5454 1922 5502 et

361 5533 478 5589 haec
506 5549 571 5588 ex
602 5542 837 5603 quatuor
872 5545 1124 5589 constent
1163 5518 1464 5599 elementis,
1496 5544 1550 5592 et
1591 5552 1753 5593 sensu
1786 5553 1922 5608 prae-

360 5624 473 5680 dita
525 5625 655 5681 sint.
695 5624 835 5690 Quid
875 5626 1000 5682 inde
1036 5626 1255 5697 dignum
1284 5627 1501 5683 homine
1543 5630 1919 5700 loquebantur,

361 5716 491 5773 dum
526 5716 797 5773 hominem
835 5717 902 5772 ad
946 5717 1131 5772 mundi
1178 5718 1465 5785 imaginem
1515 5728 1568 5776 et
1612 5721 1924 5777 similitudi-

639 5813 907 5873 Ρηιιοι..
953 5814 1068 5874 Gn.
1114 5812 1347 5877 Χνιιι.

2016 4548 2111 4604 lib.
2144 4564 2178 4603 v
2211 4568 2224 4603 :

2092 4664 2351 4736 Terraque
2380 4672 2439 4718 ut
2466 4664 2522 4736 iu
2547 4664 2717 4736 media
2738 4647 2917 4729 mundi
2947 4666 3150 4734 regione
3173 4667 3427 4736 quiescat,

2088 4733 2337 4806 [fortibus
2365 4735 2529 4788 aereis
2559 4734 2760 4797 mundi,
2791 4736 2974 4806 quibus
3001 4733 3194 4797 ἱηδὶειι.⁷
3208 4737 3350 4790 vivit.

2089 4804 2373 4876 Propterea
2395 4821 2497 4859 non
2521 4813 2599 4858 est
2626 4804 2975 4875 oneri,’neque
2993 4805 3237 4876 deprimit
3267 4822 3446 4869 auras,

2093 4872 2163 4927 Ut
2189 4891 2288 4929 sua
2314 4876 2497 4945 cuique
2526 4876 2722 4930 homini
2757 4872 2904 4930 nullo
2933 4878 3038 4930 sint
3057 4872 3295 4946 pondere
3326 4875 3580 4932 membra.

2020 4984 2276 5040 Plurimis
2322 4985 2389 5040 de
2436 4986 2539 5040 hac
2586 5000 2647 5041 re
2699 4985 3029 5056 philosophi.
3084 4986 3220 5041 Illud
3268 4996 3446 5043 tamen
3488 4988 3580 5040 hic

2021 5076 2317 5132 notandum
2364 5093 2431 5132 ex
2467 5078 2568 5131 hoc
2616 5086 2856 5143 auctore,
2908 5087 3108 5134 terram
3154 5095 3185 5133 a
3230 5080 3441 5135 duobus
3471 5081 3578 5134 ele-

2023 5172 2240 5235 mentis,
2274 5184 2397 5225 aere
2440 5171 2645 5226 scilicet
2674 5178 2728 5225 et
2764 5185 2937 5242 aqua,
2974 5172 3287 5243 circumagi.
3321 5171 3579 5238 Quamvis

2022 5260 2167 5313 enim
2214 5273 2376 5328 supra
2411 5267 2610 5313 terram
2658 5275 2829 5329 aquas
2872 5259 3099 5315 diﬂ‘undi
3143 5277 3367 5317 necesse
3409 5270 3577 5326 esset,

2025 5358 2202 5405 tamen
2249 5351 2302 5404 id
2346 5351 2527 5405 divina
2573 5352 2867 5423 contigisse
2899 5353 3280 5423 providentia:
3321 5369 3391 5409 ne
3424 5354 3582 5424 aquis

2024 5458 2124 5496 nos
2153 5441 2398 5496 homines
2440 5443 2679 5498 obvoluti
2725 5443 3111 5500 sull‘ocaremur
3146 5446 3444 5503 intercluso
3473 5449 3584 5517 spi-

2026 5533 2157 5595 ritu,
2190 5532 2285 5589 sed
2314 5548 2437 5589 aere
2467 5535 2797 5591 circumfuso
2830 5537 3182 5607 spiraremus.
3508 5607 3515 5615 ι

2095 5624 2254 5691 lbid.,
2307 5625 2403 5679 lin.
2469 5627 2555 5680 il.
2611 5627 2773 5681 Οὕτω
2815 5628 2892 5698 δὴ
2930 5629 3027 5683 καὶ
3069 5634 3103 5684 ό
3156 5630 3253 5685 ἄν.
3302 5628 3379 5685 De
3420 5629 3591 5697 admi,

2027 5719 2197 5774 raada
2241 5720 2476 5775 hominis
2511 5728 2782 5778 structura
2822 5724 2976 5794 plura
3022 5725 3229 5795 antiqui
3262 5724 3594 5795 philosophi.

3159 5818 3227 5877 31
