4072 6342
621 265 723 327 9ἳ1

1886 264 2134 322 LEONIS
2173 260 2448 317 ALLATH

3707 264 3797 320 972

619 387 673 432 et
697 376 886 431 Patres
932 375 1163 433 Basilius
1220 375 1478 449 Magnus,
1525 375 1816 448 Gregorius
1859 374 2174 447 Nyssenus,
2207 388 2246 444 Α
2277 371 2636 426 abhorruisse
2664 371 2950 440 aliquando
2980 369 3212 437 videtur,
3232 371 3528 427 Comment.
3553 389 3697 440 super
3713 373 3800 429 Ec-

619 469 850 526 Basilius
905 467 1216 532 Seleucius,
1260 468 1575 532 Nemesius,
1622 469 1964 531 Ambrosius,
2006 467 2176 523 Geor-

617 563 738 634 gius
761 560 989 622 Pisides,
1019 560 1089 614 ita
1123 571 1178 614 ut
1207 560 1429 615 minime
1457 575 1634 630 opera:
1665 560 1895 630 pretium
1923 559 1992 614 sit
2022 561 2177 630 plura

620 653 677 707 in
705 652 896 707 horum
925 649 1191 705 dictorum
1251 651 1660 720 explicationem
1699 665 2011 719 congerere.
2047 649 2180 706 Vide

619 754 874 818 praeterea
921 743 1181 799 Galenum
1239 744 1316 797 De
1357 761 1452 798 usu
1500 745 1751 814 partium,
1800 743 2175 815 Theophilum,

618 840 911 901 Melutium,
939 839 1206 892 Andream
1235 835 1534 891 Vessalium
1565 847 1619 892 et
1646 838 1802 892 alios.

688 932 802 987 Col.
821 930 942 994 749,
977 931 1070 984 litt.
1102 929 1192 983 ‘25.
1221 927 1329 982 Τὸν
1352 928 1661 996 ἄνθρωπον
1687 929 1753 982 ἐκ
1779 928 1888 997 τῆς
1919 927 2048 999 γῆς.
2071 927 2181 981 Nu-

618 1023 902 1095 gacissime
936 1023 990 1076 in
1024 1022 1125 1076 hac
1160 1036 1219 1075 re
1263 1020 1495 1074 delirant
1537 1017 1926 1084 Mahumetani,
1965 1021 2056 1090 qui
2099 1021 2181 1074 di-

619 1125 749 1168 cunt
787 1113 953 1167 Deum
993 1125 1208 1165 creasse
1259 1110 1518 1163 mundum
1562 1125 1626 1164 ex
1680 1111 1898 1180 pulvere
1941 1110 2178 1163 omnium

618 1208 878 1271 colorum,
913 1213 966 1259 et
999 1203 1262 1256 Adamum
1297 1217 1363 1256 ex
1394 1202 1521 1255 limo
1549 1202 1726 1256 omnis
1756 1201 1970 1272 generis
2004 1208 2177 1257 terra-

621 1315 757 1354 rum.
790 1296 923 1352 Nam
976 1296 1020 1350 si
1073 1295 1301 1349 fuissent
1352 1293 1514 1347 unius
1565 1291 1915 1362 ejusdemque
1960 1293 2179 1355 coloris,

619 1405 807 1447 omnes
836 1404 923 1443 res
959 1387 1187 1443 invicem
1234 1385 1438 1442 similes
1488 1385 1698 1440 futuras
1737 1384 1923 1447 fuisse,
1959 1401 2057 1439 nec
2085 1385 2180 1437 ho-

2283 461 2546 523 clesiast.;
2577 459 2888 530 Cajctanus,
2924 462 2978 514 in
3002 461 3194 530 psalm.
3230 476 3436 528 cxxxv;
3474 462 3796 532 Augustinus,

2286 551 2378 606 lib.
2420 567 2457 604 ιι
2490 550 2567 604 De
2604 550 2787 606 Cenes.
2820 551 2888 604 ad
2939 552 3068 614 litt.,
3108 566 3228 622 cap.
3285 553 3374 619 18,
3416 562 3469 607 et
3513 550 3711 607 Enchir.
3743 559 3799 608 ad

2284 641 2644 704 Laurentium,
2677 659 2796 713 cap.
2827 642 2915 697 58.
2969 641 3242 698 Refellunt
3283 659 3404 698 eam
3454 642 3670 700 Basilius
3709 645 3798 702 Ma-

2283 749 2443 806 gnus,
2477 734 2622 788 hom.
2641 734 2674 788 5
2704 735 2757 787 in
2785 733 3062 799 Hexaem.,
3082 744 3135 788 et
3166 734 3548 798 Damascenus,
3567 735 3652 788 lib.
3681 750 3714 788 ιι
3741 734 3804 789 De

2283 825 2386 893 ﬁde
2409 826 2636 891 orthod.,
2657 841 2777 896 cap.
2814 826 2868 880 6.
2901 826 3041 892 Quid
3081 826 3152 880 sit
3183 826 3238 880 in
3272 826 3375 880 hac
3409 841 3467 880 re
3503 826 3802 882 sentiendum

2283 917 2484 984 optime
2515 917 2746 986 explicat
2780 915 2838 970 S.
2874 915 3133 982 Thomas,
3167 932 3184 970 ι
3228 924 3394 986 part.,
3447 927 3628 987 quaest.
3657 918 3733 986 70,
3759 932 3803 974 et

2285 1023 2455 1076 nuper
2476 1009 2543 1062 de
2577 1009 2678 1062 hac
2707 1008 2894 1063 eadem
2921 1024 2977 1063 re
3005 1009 3272 1079 singulari
3311 1010 3529 1078 pietate,
3567 1019 3618 1064 et
3651 1011 3806 1065 erudi-

2286 1100 2432 1154 tione
2450 1100 2553 1165 vir,
2581 1105 2635 1154 et
2662 1099 2765 1154 mei
2808 1099 3171 1156 amicissimus
3193 1099 3370 1155 Julius
3399 1101 3574 1155 Caesar
3595 1100 3802 1172 Lagalla,

2287 1190 2526 1244 libellum
2555 1191 2621 1245 de
2652 1190 2754 1244 hac
2775 1205 2834 1246 re
2857 1191 3180 1260 scripserat;
3209 1207 3371 1262 quem
3402 1207 3503 1261 ego
3531 1191 3597 1246 ob
3621 1195 3806 1263 elegan-

2285 1280 2436 1343 tiam,
2479 1287 2533 1334 et
2583 1279 2842 1335 doctrinm
2878 1279 3245 1350 peripatetica:
3283 1296 3548 1335 summam
3571 1283 3803 1350 peritiam,

2283 1371 2410 1425 dum
2435 1369 2806 1442 Haidclbergae
2827 1387 3216 1435 commorarer,
3239 1373 3478 1426 maxime
3501 1373 3806 1445 philosopho-

620 1467 817 1538 niinem
854 1497 1018 1536 unum
1049 1481 1116 1534 ab
1145 1479 1354 1534 alterno
1385 1478 1592 1533 secerni
1635 1478 1894 1547 potuisse.
1936 1474 2180 1530 Ridicula

2281 1477 2405 1516 rum
2426 1461 2976 1531 desiderioedendum
2999 1464 3206 1518 curavi.
3227 1462 3402 1530 Quem
3426 1465 3618 1532 adesis,
3645 1467 3803 1530 lector,

619 1581 745 1638 item
789 1587 868 1633 est
919 1576 1234 1631 Mohametis
1261 1574 1506 1630 doctrina
1558 1575 1625 1629 de
1667 1573 1875 1628 factura
1922 1574 2180 1631 hominis.

616 1688 722 1744 qua
753 1673 884 1727 dicit.
927 1671 1200 1726 hominem
1248 1685 1315 1724 ex
1345 1669 1531 1737 humo,
1567 1669 1710 1724 stilla
1746 1667 2048 1722 hirundinis
2071 1667 2184 1722 sive

2285 1556 2330 1609 si
2357 1571 2510 1625 purae
2545 1556 2901 1627 philosophia:
2930 1555 3170 1611 fontibus
3200 1556 3522 1620 delectaris;
3567 1558 3610 1612 si
3651 1567 3802 1614 nostra

2286 1647 2401 1700 haec
2425 1657 2665 1716 tempora
2687 1647 3084 1716 antiquioribus
3130 1646 3257 1714 illis,
3317 1662 3418 1704 nec
3463 1647 3702 1703 inferiora
3728 1651 3798 1702 Iit-

616 1735 977 1837 sanguisuga},
1004 1770 1058 1817 et
1086 1760 1503 1816 manducatione
1534 1760 1712 1814 fictum
1745 1775 1883 1816 esse.
1919 1759 2062 1814 Ordo
2089 1759 2180 1828 qui
2216 1735 2258 1795 Β
2288 1737 3032 1837 “7351989.C9Siliflffnibus
3068 1739 3419 1805 οὒεουτίοηυ
3455 1756 3554 1837 nec.
3579 1740 3805 1796 melhodis

615 1859 934 1912 observatur
972 1869 1134 1924 super
1173 1852 1240 1908 iis
1290 1853 1440 1922 quia
1476 1851 1762 1906 Saracenis
1806 1851 1874 1904 ad
1917 1850 2183 1904 Christia-

614 1967 740 2005 nam
783 1947 940 2002 ftdem
991 1961 1050 2002 se
1095 1951 1454 2000 convertunt:
1496 1941 1901 2012 Ἀναθεματῐξω
1929 1941 2025 2012 τὴν
2054 1943 2183 2014 ’περὶ¹

612 2042 710 2112 τῆς
762 2038 1006 2100 πλάσεως
1039 2034 1131 2087 τοῦ
1191 2033 1474 2105 ἀνθρώπου
1513 2033 1856 2087 διδασκαλίαν
1888 2032 1978 2086 τοῦ
2021 2033 2186 2086 Μωὰ-

619 2133 733 2203 μεδ,
771 2134 826 2184 ὲν
924 2145 1108 2200 φησιν,
1153 2127 1234 2180 ὅτι
1283 2125 1524 2196 ἐπλάσθη
1559 2127 1587 2177 ὁ
1627 2124 1906 2196 ἄνθρωπος
1934 2124 2040 2178 ἀπὸ
2076 2124 2182 2195 χώ-

620 2240 783 2296 ματος
823 2221 916 2274 καὶ
950 2217 1230 2286 σταγόνος,
1270 2217 1364 2269 καὶ
1398 2216 1644 2288 paena»,
1681 2215 1775 2268 καὶ
1810 2216 2180 2285 μασσήματος.

615 2318 681 2372 Ει
707 2313 1030 2385 Euthymius
1062 2310 1117 2364 in
1171 2307 1466 2377 f’unoplia:
1531 2307 1628 2360 Ἐκ
1654 2306 1874 2378 βδέλλης
1904 2306 2184 2377 ἄνθρωπον

616 2405 860 2476 γίνεσθαι
904 2403 1069 2468 λέγει.
1113 2399 1274 2453 Ἀλλὰ
1321 2399 1436 2462 πῶς
1484 2400 1547 2452 ὲκ
1620 2398 1711 2452 τοῦ
1762 2398 2082 2468 ἁτιμοτάτου
2124 2397 2185 2450 τὸ

615 2498 961 2570 τιμιώτατον,
986 2493 1079 2547 καὶ
1106 2493 1170 2544 ἐκ
1196 2490 1287 2544 τοῦ
1312 2489 1503 2559 ἀλόγου
1530 2488 1591 2542 τὸ
1619 2487 1852 2557 λογικὸν,
1885 2488 1979 2541 καὶ
2005 2489 2068 2540 ὲκ
2091 2486 2184 2541 τοῦ

617 2591 850 2663 φευκτοῦ
886 2590 944 2642 τὸ
972 2588 1194 2653 εὑκτόν;
1225 2586 1335 2642 Nec
1360 2584 1541 2640 minus
1571 2583 1966 2638 Mahumetanis
1989 2583 2182 2637 absur-

616 2688 721 2742 dus
747 2682 1074 2738 Franciscus
1102 2679 1386 2750 Georgius,
1418 2677 1509 2748 qui
1541 2677 1610 2732 de
1634 2677 1763 2732 limo
1793 2684 1949 2732 terra:
1994 2682 2066 2730 ita
2093 2691 2187 2730 ex-

617 2779 803 2850 plicet,
830 2783 890 2830 ut
915 2772 1224 2839 concludat,
1252 2770 1485 2824 animam
1510 2776 1719 2823 tantum
1735 2783 1856 2824 esse
1875 2767 2185 2831 hominem;

618 2876 691 2930 ita
723 2872 864 2927 enim
894 2870 1008 2923 ait:
1052 2864 1323 2921 Format'it
1366 2860 1505 2917 Deus
1542 2861 1800 2915 hominem
1839 2875 2097 2930 putverent
2125 2857 2188 2913 de

620 2980 780 3030 terra,
814 2964 866 3018 id
892 2971 990 3024 est,
1024 2960 1193 3015 induit
1216 2975 1334 3013 eum
1366 2965 1500 3012 veste
1525 2965 1714 3020 terrea,
1739 2969 1924 3022 corpus
1952 2951 2187 3006 videlicet

619 3071 898 3116 terrenum.
950 3053 1132 3108 Primo
1172 3052 1309 3106 enim
1350 3048 1488 3102 Deus
1537 3046 1757 3101 decrevit
1801 3045 2059 3098 hominem
2103 3041 2212 3122 [αι’

619 3171 764 3218 cere;
798 3160 977 3222 postea
1019 3146 1206 3200 creavit
1229 3160 1344 3199 eum
1361 3144 1415 3196 in
1440 3140 1601 3204 coelo;
1627 3140 1777 3194 tertio
1803 3137 2047 3207 formavit
2070 3153 2188 3189 cor-

619 3265 714 3319 pus
741 3245 852 3315 ejus
882 3241 1040 3297 veluti
1064 3249 1273 3294 vestem.
1308 3235 1439 3302 Quae
1478 3232 1741 3289 sententia
1772 3228 2190 3319 reprehensione

622 3315 730 3396 non
782 3343 972 3396 caret,
1017 3333 1071 3386 in
1111 3328 1346 3385 concilio
1391 3321 1682 3379 Viennensi
1739 3321 2010 3375 damnata.
2055 3315 2191 3372 Vide

622 3432 778 3502 plura
811 3426 972 3495 hujus
1001 3421 1276 3476 Francisci
1304 3422 1628 3487 nugamenta
1667 3411 1809 3483 apud
1851 3409 2064 3465 Sixtum
2095 3406 2192 3464 Se-

623 3537 868 3587 nensem,
900 3515 1152 3573 Biblioth.
1187 3509 1470 3567 sanct.lih.
1503 3523 1542 3563 ι.
1578 3505 1910 3576 Augustinus
1936 3511 2192 3574 praeterea

621 3616 718 3670 lib.
763 3629 801 3666 ιι
826 3611 898 3665 De
916 3606 1100 3662 Genes.
1137 3604 1352 3673 allegor.
1377 3600 1559 3664 docet,
1594 3611 1793 3667 corpus
1823 3595 2056 3651 hominis
2082 3608 2191 3648 non

622 3707 793 3761 fuisse
839 3699 1114 3756 conditum
1157 3703 1282 3750 ante
1325 3692 1518 3747 animai
1552 3688 1904 3752 creationem,
1949 3684 2042 3741 sed
2084 3699 2192 3739 una

624 3811 749 3852 cum
790 3795 908 3864 ipsa
961 3790 1139 3845 anima
1187 3787 1242 3841 in
1284 3784 1474 3841 eodem
1519 3780 1682 3839 simul
1722 3787 1981 3850 tempore.
2037 3775 2192 3843 Quod

625 3895 815 3961 postea
861 3881 1168 3955 reprobavit
1197 3879 1290 3951 lib.
1345 3892 1362 3931 ι
1409 3874 1664 3938 Retract.,
1712 3885 1832 3942 cap.
1893 3869 1982 3925 10.
2035 3868 2191 3924 ,ιόεε-

624 3981 787 4052 phus,
831 3977 1004 4046 Antiq.
1036 3973 1164 4026 Jud.
1199 3970 1293 4024 lib.
1325 3984 1364 4030 ι.
1395 3983 1514 4038 cap.
1555 3966 1612 4032 2,
1641 3963 1905 4019 Adamum
1937 3962 2014 4016 ait
2041 3975 2194 4017 crea-

626 4083 744 4126 tum
773 4086 803 4126 e
835 4067 955 4124 rufa
987 4068 1150 4121 humo
1189 4063 1530 4126 fermentata,
1551 4058 1676 4114 talis
1705 4056 1848 4112 enim
1884 4062 1965 4110 est
1992 4054 2191 4108 intacta

628 4171 776 4216 terra
813 4166 867 4213 et
917 4170 1078 4221 vera;
1133 4153 1360 4220 ideoque
1409 4157 1660 4203 vocatum
1707 4145 1974 4201 Adamum
2034 4144 2191 4216 quasi

629 4253 811 4308 rufum
843 4270 855 4304 :
891 4248 949 4302 Ὀ
976 4247 1034 4301 δὲ
1060 4244 1342 4316 ἄνθρωπος
1365 4234 1515 4305 οὗτος
1549 4238 1787 4309 ’Ἄδαμος
1832 4234 2061 4308 ὲκλήθη’
2098 4252 2193 4306 σηε

633 4345 811 4418 μαίνει
843 4342 900 4396 δὲ
928 4338 1084 4392 τοῦτο
1108 4333 1249 4390 κατὰ
1272 4332 1516 4402 γλῶτταν
1545 4330 1642 4402 τὴν
1673 4328 1934 4401 Ἐϐραίων
1965 4326 2190 4418 πυρρὸν,

2286 1843 2351 1882 ac
2381 1827 2625 1883 scientiis
2646 1827 2970 1898 ignobiliora
3005 1842 3339 1899 cognoscere
3380 1830 3604 1899 appetis.

2357 1919 2516 1986 lbid.,
2546 1920 2644 1975 lin.
2677 1921 2767 1974 24.
2807 1921 2916 1974 Τοῦ
2950 1921 3345 1988 παραδείσου.
3374 1921 3535 1975 Plura
3580 1921 3704 1992 apud
3735 1920 3807 1976 Pa.

2290 2023 2399 2070 tres
2437 2015 2503 2069 de
2547 2015 2803 2084 paradiso
2849 2014 3162 2082 voluptatis,
3225 2015 3502 2084 variaeque
3531 2015 3594 2069 de
3639 2029 3696 2068 eo
3721 2030 3804 2068 non

2288 2113 2497 2159 tantum
2534 2105 2676 2176 apud
2713 2106 2987 2174 antiquos,
3019 2105 3113 2160 sed
3145 2114 3199 2161 et
3242 2109 3574 2162 recentiores
3617 2107 3807 2176 scripto-

2288 2214 2400 2264 res,
2432 2197 2774 2252 difﬁcultates
2800 2197 3148 2253 elucubratas.
3180 2196 3336 2252 Multi
3375 2200 3500 2254 item
3529 2198 3681 2253 libros
3697 2199 3806 2253 inte-

2289 2306 2413 2374 gt'os
2439 2291 2507 2346 de
2552 2291 2655 2346 hoc
2677 2291 2928 2361 paradiso
2975 2291 3319 2362 conscriptos
3349 2292 3404 2346 in
3431 2292 3616 2362 vulgus
3661 2290 3804 2346 edide-

2289 2391 2437 2447 runt,
2471 2383 2524 2437 in
2565 2383 2763 2450 quibus
2801 2389 2883 2438 sat
2915 2382 3090 2453 plura.

2367 2471 2504 2526 Ibid.
2541 2473 2897 2540 Ἐπίμοχθον
2940 2471 3119 2538 αὐτῷ.
3178 2471 3400 2528 Deirius
3437 2490 3490 2528 ιη
3526 2489 3632 2542 cap.
3661 2489 3708 2526 ιιι
3728 2471 3805 2526 Ge-

2290 2581 2402 2621 nes.
2434 2581 2454 2618 :
2499 2562 2566 2617 In
2621 2564 2872 2632 paradiso
2921 2564 3182 2618 innocenti
3242 2565 3456 2618 Adamo
3514 2565 3654 2620 tellus
3691 2582 3802 2634 longe

2291 2658 2468 2712 omnia
2505 2657 2905 2726 suppeditasset,
2959 2657 3117 2711 levem
3154 2674 3276 2711 cum
3331 2659 3587 2728 voluptate
3636 2671 3803 2728 operata

2291 2748 2606 2816 impendenti
2625 2765 2642 2801 :
2658 2749 2938 2816 peccatori,
2962 2760 3007 2801 et
3030 2757 3180 2802 extra
3197 2750 3516 2818 paradisum
3540 2749 3698 2805 eadem
3716 2765 3802 2803 nt:-

2295 2843 2436 2913 ligna
2466 2842 2646 2896 nutrix
2674 2842 2887 2894 inarata
2918 2841 3074 2906 nihil,
3121 2852 3277 2895 arata
3306 2859 3475 2912 parce
3508 2843 3738 2916 quadam,
3763 2855 3802 2893 et

2293 2934 2603 3005 quibusdam
2653 2934 2778 2988 locis
2811 2933 3082 2988 redditura
3119 2932 3488 2990 denuntiatur.
3527 2934 3587 2989 Et
3616 2934 3800 2989 Basilius

2297 3024 2678 3092 Seleuciensis,
2720 3033 2859 3081 orat.
2897 3025 2933 3078 2
2961 3025 3037 3079 De
3076 3025 3247 3078 Adam
3277 3041 3296 3080 :
3347 3027 3742 3098 Ἐπικατάρατος
3772 3028 3798 3094 ἡ

2213 3093 2256 3152 C
2288 3118 2361 3189 γῆ
2394 3119 2450 3172 ἐν
2480 3121 2591 3182 τοῖς
2633 3118 2814 3190 ἔργοις
2847 3135 2959 3170 σου.
2993 3118 3213 3189 Τρυφῆς
3249 3118 3460 3191 ἐφάνης
3489 3093 3696 3183 avditae.
3717 3093 3797 3178 τοῖξ

2290 3209 2420 3281 περὶ
2446 3210 2547 3280 γῆν
2580 3209 2797 3282 ἱδρῶσιν
2835 3208 3095 3278 ὑπάρξεις
3151 3209 3482 3280 κατάρατος,
3530 3209 3614 3264 καὶ
3663 3209 3800 3267 πόνοις

2293 3301 2570 3374 μετρήσας
2601 3299 2702 3370 τῆς
2734 3299 2876 3372 ζωῆς
2917 3315 3010 3352 σου
3045 3298 3135 3352 τὸν
3163 3299 3381 3371 χρόνον,
3415 3301 3575 3370 τάφον
3600 3299 3799 3370 εὑρήσεις

2291 3394 2384 3450 τοῦ
2441 3395 2552 3466 βίου
2587 3395 2846 3466 διάδοχον.

2367 3483 2527 3550 Ibid.,
2550 3485 2646 3540 lin.
2670 3484 2760 3555 29‘.
2801 3484 3110 3552 Γνωρισας
3142 3478 3255 3538 οὖν
3295 3485 3435 3551 τήν.
3489 3483 3798 3538 Rabhinorum

2295 3575 2513 3645 quidam
2535 3584 2758 3630 censent
2787 3573 2906 3629 Evae
2944 3589 3136 3629 zonam
3181 3575 3240 3628 in
3288 3575 3549 3645 paradiso
3587 3575 3797 3630 solutam,

2295 3667 2672 3737 Adamumque
2699 3682 2918 3736 operam
2947 3666 3128 3721 liberis
3155 3665 3378 3723 dedisse
3405 3667 3581 3722 statim
3602 3673 3654 3720 ut
3673 3661 3733 3717 ad
3753 3661 3802 3715 il-

2300 3761 2410 3816 lum
2445 3760 2675 3816 adducta
2705 3766 2790 3816 est
2820 3758 2950 3814 Eva.
2999 3759 3153 3825 Quod
3187 3759 3502 3815 insinuatur
3521 3759 3665 3816 etiam
3690 3755 3798 3809 lib.t

2297 3852 2684 3926 Sibyllinorum
2714 3853 3058 3909 oraculorum
3087 3853 3233 3907 circa
3283 3854 3626 3926 principium.
3661 3847 3799 3904 Caba-

2295 3948 2433 4002 lista:
2465 3946 2827 4002 insulsissime
2855 3952 3105 4000 asserunt
3135 3944 3327 4015 genios
3358 3945 3544 4000 noxios
3573 3940 3692 3996 lilith
3726 3953 3800 4007 ap-

2300 4039 2528 4110 pellatos
2558 4039 2766 4109 genitos
2796 4037 2964 4092 fuisse
2994 4052 3060 4091 ex
3102 4034 3371 4106 proﬂuvio
3398 4035 3610 4093 seminis
3629 4031 3799 4092 Adami,

2297 4139 2585 4200 antequam
2608 4144 2729 4183 cum
2759 4127 2868 4183 Eva
2899 4142 3065 4182 uxore
3093 4126 3537 4197 congrederetur,
3565 4131 3614 4180 et
3647 4119 3803 4176 habere

2297 4220 2515 4292 quidem
2543 4235 2636 4275 eos
2660 4235 2859 4288 corpus
2877 4219 3161 4289 palpabile,
3176 4226 3233 4273 et
3255 4219 3510 4274 sensibus
3531 4215 3803 4286 subjectum,

2298 4311 2394 4367 sed
2426 4325 2664 4374 aereum,
2693 4309 2892 4364 subtile
2923 4318 2976 4363 et
3011 4308 3320 4364 evanidum.
3350 4309 3544 4363 Eorum
3573 4307 3715 4361 vitam
3734 4317 3807 4356 an-

628 4401 922 4507 ἑπριδήπερ
949 4431 1056 4486 ἀπὸ
1080 4430 1177 4500 τῆς
1205 4401 1416 4496 πυρρᾶς
1444 4423 1545 4495 γῆς
1571 4401 1904 4494 φυραθείσης
1927 4417 2188 4506 ἐγεγόνει.

2229 4434 2269 4489 D
2300 4418 2494 4458 norum
2526 4401 2673 4456 mille
2716 4408 2963 4457 statuunt
3006 4401 3264 4470 vegetari,
3297 4409 3356 4455 et
3394 4412 3663 4456 senescere
3688 4407 3806 4448 more

2359 4498 2390 4507 ..
2645 4495 2656 4507 .
2773 4493 2784 4504 .
3035 4506 3040 4507 ν
3104 4506 3108 4507 ,
3171 4506 3178 4507 ,
3225 4494 3237 4504 .
3560 4485 3780 4507 ,_._‘__,,

629 4529 862 4598 Τσ;αύτη
883 4527 990 4595 γάρ
1016 4525 1158 4575 ἐστιν
1183 4521 1216 4591 ἡ
1242 4515 1505 4588 παρθένος
1527 4516 1597 4586 γῆ
1618 4513 1712 4568 καὶ
1737 4510 1982 4584 ἀληθινή.

705 4618 838 4674 Ibid.
869 4615 981 4669 Kal.
1022 4611 1166 4676 δοὺς
1210 4604 1389 4672 αὐτῷ.
1445 4601 1522 4658 lta
1562 4611 1622 4657 ut
1660 4603 1763 4657 hoc
1815 4600 1934 4657 solo
1983 4599 2186 4661 animo,

633 4708 858 4764 rationis
888 4707 1149 4761 duntaxat
1180 4707 1428 4767 compete
1474 4710 1504 4748 a
1535 4693 1742 4750 caeteris
1775 4691 1918 4758 aliis,
1969 4691 2082 4746 sive
2108 4690 2192 4744 his

635 4800 989 4858 inferioribus
1028 4799 1141 4851 sive
1186 4787 1584 4863 superioribus,
1615 4784 1882 4842 creaturis
1941 4781 2192 4848 diﬁcrat;

636 4897 691 4952 in
720 4907 892 4963 eoque
948 4905 1106 4946 suum
1141 4901 1302 4941 omne
1334 4883 1592 4943 decus,et
1618 4875 1994 4934 excellentiam
2025 4873 2188 4963 sitam

637 4994 917 5060 agnoscat.
939 4980 1095 5049 Quod
1135 4979 1202 5032 ab
1240 4975 1460 5031 homine
1488 4972 1534 5028 si
1567 4969 1774 5031 demas,
1804 4979 2072 5035 nusquam
2108 4962 2192 5019 vel

635 5055 834 5144 brutis,
848 5077 934 5132 vel
966 5073 1265 5135 vermibus,
1287 5068 1371 5124 vel
1401 5063 1624 5137 plantis,
1648 5061 1730 5116 vel
1759 5057 2028 5128 lapidibus
2062 5055 2195 5125 ipsis

637 5170 890 5241 superior
927 5168 1052 5223 erit.
1083 5164 1226 5231 Quin
1265 5158 1508 5216 omnium
1548 5151 1979 5215 infelicissimus,
2019 5150 2197 5241 etimi—

638 5240 904 5318 serrimus
934 5262 1102 5314 vitam
1137 5261 1340 5326 ageret.
1373 5249 1493 5304 Non
1538 5244 1757 5301 defuere
1812 5251 2014 5308 tamen,
2051 5240 2198 5310 iique

638 5351 1077 5427 praestantissimi
1110 5348 1237 5410 viri,
1274 5343 1368 5414 qui
1412 5342 1647 5395 animum
1680 5335 2102 5427 ratiocinantem
2130 5330 2201 5386 si-

639 5421 882 5511 deribus,
912 5444 1188 5511 rebusque
1225 5437 1352 5491 aliis
1409 5433 1780 5501 assignarunt,
1837 5423 2000 5479 veluti
2046 5421 2200 5478 Philo

639 5541 884 5605 Judaeus,
916 5538 1014 5592 lib.
1048 5535 1124 5590 De
1169 5529 1388 5588 somniis
1431 5534 1484 5580 et
1519 5525 1592 5576 De
1640 5520 1768 5588 opif.
1819 5533 1911 5572 sea:
1958 5516 2198 5578 dierum;

643 5633 925 5702 Origenes,
951 5639 1086 5686 tom.
1115 5645 1150 5691 ι,
1179 5624 1488 5679 Comment.
1519 5618 1572 5670 in
1607 5612 1771 5667 Joan.
1795 5619 1849 5666 et
1872 5610 2047 5680 primo
2065 5605 2203 5674 Περὶ

643 5723 864 5797 ἀρχῶν,
899 5737 1017 5791 cap.
1075 5721 1122 5772 '7.
1161 5717 1521 5784 Hieronymus
1549 5708 1615 5762 ab
1655 5707 1755 5761 hac
1786 5701 2052 5761 sententia
2094 5713 2203 5754 non

2295 4498 2626 4567 reliquorum
2645 4493 2942 4556 hominum,
2957 4494 3239 4564 propagari
3266 4507 3456 4547 eorum
3487 4491 3696 4562 speciem
3712 4485 3805 4555 pol-

2297 4587 2597 4644 lutionibus
2613 4586 2918 4648 nocturnis,
2962 4593 3016 4640 et
3036 4582 3294 4640 Venereis
3321 4584 3558 4639 virorum
3585 4575 3804 4636 somniis;

2297 4697 2420 4735 cum
2455 4681 2563 4736 sint
2611 4678 2886 4733 libidinosi
2935 4677 3225 4746 plurimum
3259 4674 3514 4732 delectari
3542 4675 3803 4727 menstruo-

2299 4788 2419 4827 rum
2480 4770 2738 4832 lluxihus,
2799 4768 2996 4838 quibus
3046 4768 3212 4822 robur
3265 4774 3567 4828 assumunt,
3618 4763 3805 4828 ideoque

2299 4873 2463 4919 noctu
2492 4861 2759 4917 accubare
2786 4858 3098 4929 juvenibus,
3136 4856 3377 4924 titillare,
3415 4856 3627 4928 spiritus
3675 4844 3805 4902 semi-

2300 4956 2454 5012 nales
2482 4954 2742 5018 excitare,
2787 4953 3030 5006 relaxare
3066 4965 3196 5005 vasa
3256 4949 3556 5007 seminalia,
3612 4953 3663 4997 ut
3707 4950 3803 4992 sese

2300 5049 2386 5104 his
2419 5043 2809 5118 pollutionibus
2842 5041 3106 5097 reﬁciant.
3156 5038 3288 5105 Quis
3316 5053 3424 5092 non
3458 5036 3593 5090 videt
3629 5022 3806 5098 nugas?

2299 5142 2407 5196 Alii
2433 5141 2736 5208 item,quos
2764 5144 2818 5191 et
2850 5141 3046 5189 nostra:
3070 5132 3404 5203 tempestatis
3436 5123 3659 5184 haeretici
3680 5132 3804 5174 .non-

2303 5233 2439 5287 nulli
2471 5238 2798 5301 sequuntur,
2835 5227 3018 5282 statim
3053 5232 3174 5295 post
3201 5233 3501 5294 peccatum.
3535 5215 3629 5270 Alii
3655 5227 3712 5266 ex
3734 5221 3807 5301 re-

2304 5324 2436 5379 riori
2463 5296 2738 5392 opinione,
2795 5323 2918 5388 post
2956 5314 3326 5383 expulsionem
3381 5327 3412 5366 e
3455 5304 3704 5379 paradiso.
3735 5296 3806 5392 lla

2307 5381 2566 5477 lrenaeds,
2597 5411 2703 5473 lib.
2725 5381 2812 5473 in,
2836 5422 2956 5476 cap.
2984 5381 3417 5472 33;Procopius,
3446 5414 3561 5468 cap.
3591 5409 3638 5447 iv
3663 5391 3706 5442 in
3728 5381 3806 5438 Ge-

2304 5524 2411 5561 nes.
2433 5522 2452 5570 ;
2498 5501 2851 5574 Epiphanius,
2883 5497 2975 5553 l-ib.
3014 5512 3072 5551 ιιι
3118 5495 3315 5550 Contra
3359 5493 3564 5549 Ιιωτεε..
3602 5477 3807 5538 Justinus

2305 5599 2520 5668 dialogo
2550 5595 2747 5650 Contra
2781 5590 3123 5662 Tryphonem.
3164 5585 3408 5653 Quandin
3438 5582 3574 5637 enim
3604 5576 3651 5628 in

2305 5693 2424 5749 diso
2453 5654 2638 5752 ‘fuere,
2693 5685 2929 5754 virgines
2965 5679 3330 5752 permansisse
3375 5670 3663 5730 existimant
3698 5654 3803 5711 Ter.
