4072 6342
335 326 439 386 975

1358 325 1427 379 1N
1468 322 1832 379 EUSTATHII
1872 318 2341 375 HEXAEMERON
2368 316 2594 372 NOTAE.

3477 312 3579 370 976

334 442 617 505 tullianus,
654 443 748 500 lib.
789 443 863 498 De
888 443 1092 498 vetand.
1117 443 1330 514 virgin.,
1355 457 1478 513 cap.
1503 442 1574 505 5;
1626 439 1894 510 Hierony-
1926 446 1969 501 Α
2002 434 2239 505 probari.
2287 435 2573 490 Reclamat
2610 432 2860 489 Justinus
2900 431 3099 503 Martyr
3130 430 3193 484 ad
3229 429 3582 485 Orthodoxos

334 553 479 604 mus,
505 537 703 593 Contra
732 536 1105 602 Iovinianum;
1127 537 1471 600 Ambrosius,
1504 534 1599 588 lib.
1629 533 1702 587 De
1734 533 1904 586 instit.

333 632 626 704 virginum;
659 631 916 699 Basilius,
946 634 1107 703 epist.
1133 632 1199 687 ad
1224 630 1527 692 Letorium,
1551 627 1629 681 De
1657 643 1777 681 vera
1806 626 1909 679 vir.

330 724 585 792 ginitate;
624 722 1025 795 Chrysostom.,
1064 723 1211 778 hom.
1244 723 1312 777 18
1359 722 1413 774 in
1450 717 1661 783 Genes.;
1702 716 1905 771 Marius

333 814 545 881 Victor,
577 816 671 870 lib.
725 830 763 869 ιι
820 817 876 869 in
904 814 1114 879 Cenes.;
1172 815 1533 885 Augustinus,
1585 811 1681 865 lib.
1734 814 1795 863 Iit
1831 808 1907 864 De

334 906 519 963 Cenes.
557 908 625 961 ad
651 909 780 970 litt.;
808 908 1040 969 Delrius,
1071 909 1125 960 in
1164 905 1348 961 Cenes.
1381 921 1503 975 cap.
1543 919 1617 958 tv.
1669 901 1779 957 Nec
1807 902 1907 955 ali-

333 1010 420 1057 ter
452 1002 618 1057 sentit
661 1000 982 1073 Proc0pius.
1018 1000 1084 1055 Et
1112 1000 1167 1055 in
1194 999 1383 1068 Cyrilli
1424 996 1903 1068 Hierosolymitani

336 1090 611 1147 cateehesi
652 1090 738 1158 12,
769 1091 841 1145 ita
863 1090 1234 1163 reponendum
1259 1089 1507 1145 nonnulli
1527 1088 1864 1143 contendunt
1889 1108 1900 1142 :

332 1183 564 1237 Accessit
592 1181 663 1236 ad
689 1183 959 1238 mulierem
987 1185 1158 1238 adhuc
1184 1184 1454 1255 virginem.
1496 1180 1639 1235 Nam
1661 1190 1779 1249 post
1814 1196 1905 1233 ca-

331 1292 447 1330 sum
471 1277 529 1328 in
580 1276 853 1345 paradiso,
895 1284 1017 1330 tunc
1046 1278 1276 1346 primum
1306 1276 1547 1347 cognovit
1594 1273 1781 1329 Evam.
1839 1271 1905 1326 Et

332 1369 437 1422 hoc
473 1367 747 1424 Eustathii
789 1368 909 1423 loco
936 1368 1339 1439 cognoscimus,
1396 1368 1601 1439 primos
1632 1366 1900 1428 homines,

331 1458 510 1529 quoad
542 1458 760 1513 fuerunt
791 1459 844 1513 in
885 1458 1162 1528 paradiso,
1208 1459 1447 1530 virgines
1484 1458 1672 1514 fuisse.
1719 1456 1900 1511 Prima

331 1550 475 1605 enim
509 1565 698 1605 eorum
752 1550 1067 1604 commistio
1098 1558 1222 1621 post
1254 1565 1534 1619 egressum
1579 1565 1610 1605 e
1648 1550 1901 1619 paradiso

332 1652 811 1699 commemoratur.
853 1640 1129 1712 Recteque
1189 1642 1493 1697 Methodius
1547 1641 1603 1695 in
1658 1642 1796 1696 libro
1828 1640 1901 1694 De

333 1736 435 1803 fine
465 1735 649 1787 mundi
679 1752 697 1789 :
725 1734 940 1799 Ἰστέον,
980 1736 1083 1799 ὅτι,
1124 1733 1428 1799 ἐξελθόντες
1458 1734 1546 1786 ὅτε
1602 1732 1772 1803 Ἀδὰμ
1806 1732 1899 1785 καὶ

2009 536 2201 599 quaest.
2265 527 2387 591 H9,
2431 529 2485 581 in
2539 542 2647 597 qua
2698 528 2971 580 fructuum
3018 532 3070 579 et
3127 524 3373 577 carnium
3422 538 3580 576 usqu

2008 621 2161 675 Abeli
2190 630 2244 676 et
2267 620 2436 675 Caino
2480 620 2754 675 concedit.

2081 713 2241 778 lbid.,
2287 714 2385 768 lin.
2425 713 2514 768 '52.
2550 712 2934 781 Προσήνεγκε
2989 710 3056 764 δὲ
3082 712 3283 765 Ἀϐελ.
3338 707 3581 763 Primum

2009 804 2117 860 Deo
2162 806 2385 861 Abelem
2439 807 2629 862 litasse
2692 816 2775 862 est
2819 804 3128 859 communis
3180 803 3292 858 fere
3336 802 3579 856 omnium

2006 902 2206 969 opinio.
2241 898 2411 954 Judaei
2450 898 2659 955 Adamo
2690 899 2743 953 id
2777 899 3047 962 tribuunt,
3086 907 3139 950 et
3170 910 3293 951 eum
3346 895 3579 965 primum

2009 993 2197 1047 bovem
2256 993 2619 1058 sacriﬁcasse,
2654 1002 2709 1047 et
2738 993 2903 1047 ritum
2950 991 3102 1045 illum
3136 989 3278 1045 ﬁlios
3306 988 3578 1044 docuisse.

2004 1084 2283 1140 Gilbertus
2310 1084 2718 1145 Genebrardus.
2759 1084 3007 1140 Clironol.
3048 1084 3143 1141 lib.
3175 1099 3214 1138 I.

2077 1176 2235 1242 lbid.,
2265 1178 2362 1232 lin.
2395 1178 2482 1233 55.
2514 1180 2622 1232 Kal
2654 1180 2691 1246 ἡ
2712 1178 2894 1233 θυσία
2936 1175 3143 1232 αὑτοῦ.
3177 1173 3334 1240 Quod
3374 1173 3585 1228 scilicet

2005 1268 2128 1337 igne
2151 1268 2219 1324 de
2248 1269 2401 1324 caelis
2424 1270 2664 1325 demisso
2695 1270 3027 1324 oblationem
3051 1268 3169 1338 ejus
3193 1267 3582 1337 absumpserit,

2003 1362 2159 1417 Caini
2213 1363 2471 1418 intactam
2501 1364 2805 1433 reliquerit.
2833 1366 2910 1418 Ita
2958 1363 3281 1435 Procopius,
3314 1361 3584 1431 Hierony—

2002 1470 2156 1521 mus;
2209 1455 2444 1527 Cyrillus
2497 1457 2550 1510 in
2624 1454 2806 1510 Cenes.
2868 1470 2988 1526 cap.
3049 1473 3101 1511 IV
3149 1464 3203 1512 et
3252 1455 3491 1527 Glaphyr
3531 1456 3586 1509 in

2004 1543 2185 1600 Cenes.
2216 1548 2338 1601 libr.
2401 1565 2450 1613 ι;
2498 1547 2734 1603 Faustus
2776 1546 3119 1619 Rhegiensis,
3172 1549 3282 1604 lib.‘
3306 1565 3343 1602 ιι
3376 1547 3453 1602 De
3490 1547 3581 1601 lib.

2006 1638 2197 1702 arbit.,
2246 1654 2368 1709 cap.
2416 1642 2469 1705 (ἱ,
2506 1648 2558 1695 et
2590 1641 2681 1694 alii
2716 1659 2730 1695 :
2762 1642 2907 1711 quod
2946 1649 3000 1696 et
3030 1648 3459 1696 consentaneum
3499 1649 3586 1695 est

2003 1732 2139 1785 mori
2170 1732 2375 1786 divino.
2412 1733 2583 1789 Levit.
2609 1734 2933 1802 ix,9‘l;Jud.
2952 1734 3188 1805 v1,21;l
3207 1735 3447 1804 Paralip.
3470 1751 3582 1800 nl,

333 1826 443 1882 Εὕα
472 1829 537 1880 ἐκ
577 1826 671 1880 τοῦ
704 1826 1048 1901 παραδείσου,
1089 1825 1344 1897 παρθένοι
1382 1825 1696 1895 ἐτύγχανον.
1727 1826 1813 1877 Ἐν
1839 1824 1894 1877 δὲ

2009 1822 2059 1891 2;
2079 1823 2139 1877 II
2164 1824 2398 1895 Paralip.
2419 1843 2526 1893 vn;
2555 1827 2939 1899 IllReg.xvm
2957 1836 3009 1884 et
3026 1846 3227 1885 xxxviii
3249 1846 3263 1895 ;
3285 1828 3347 1882 11
3366 1828 3587 1882 Maelia-

334 1918 407 1991 τῷ
429 1920 737 1993 τριακοστῷ
764 1920 870 1972 ἔτει
896 1919 995 1991 τῆς
1023 1918 1201 1984 ἐξόδου
1234 1917 1413 1972 αὐτῶν
1446 1917 1539 1970 τοῦ
1569 1916 1893 1989 παραδείσου

334 2014 553 2067 τέτοκαν
606 2014 745 2067 Κὰῖν
772 2012 861 2066 τὸν
894 2012 1233 2085 πρωτότοκον
1272 2012 1364 2065 καὶ
1401 2011 1500 2083 τὴν
1534 2010 1767 2081 ἀδελφὴν
1800 2010 1898 2062 αὐ-

332 2104 420 2160 τοῦ
458 2106 775 2178 Καλμάναν.
798 2105 934 2161 Nota
958 2113 1042 2162 est
1072 2105 1198 2160 item
1223 2119 1386 2175 super
1430 2105 1531 2159 hac
1565 2118 1624 2158 re
1652 2102 1898 2173 Gregorii

332 2197 560 2270 Nysseni
596 2199 998 2269 sententia,qui
1032 2198 1110 2253 De
1142 2198 1317 2267 opiﬁc.
1352 2198 1601 2260 hominis,
1648 2212 1770 2266 cap.
1804 2196 1895 2259 24,

334 2290 410 2344 ait
439 2309 453 2344 :
484 2289 641 2356 Quod
686 2291 965 2362 generatio
995 2292 1186 2361 prolis,
1231 2300 1284 2345 et
1318 2289 1634 2361 propagatio
1675 2289 1899 2345 humani

333 2383 569 2451 generis,
623 2383 668 2438 si
712 2383 874 2453 primi
933 2391 1187 2454 parentes
1232 2399 1341 2437 non
1399 2390 1734 2453 peccassent,
1792 2398 1900 2436 non

335 2472 525 2531 fuisset
558 2490 656 2546 per
681 2476 908 2541 coitum,
943 2476 1037 2531 sed
1068 2475 1302 2532 fuissent
1340 2476 1683 2546 multiplicati
1712 2476 1897 2530 multi-

334 2564 645 2635 plicationis
680 2565 843 2620 modo
889 2565 1125 2635 quodam
1166 2564 1590 2637 perfectissimo,
1640 2566 1899 2636 quemad-

335 2656 553 2713 modum
578 2658 753 2729 angeli
788 2677 801 2711 :
835 2660 1110 2728 generatio
1144 2673 1378 2729 namque
1402 2658 1537 2723 haec,
1573 2673 1694 2729 quae
1725 2658 1782 2711 ﬁt
1807 2673 1902 2727 per

334 2748 708 2812 concubitum,
734 2763 832 2819 per
850 2756 1132 2819 peccatum
1159 2758 1241 2806 est
1258 2749 1588 2804 introducta.
1609 2750 1753 2806 Idem
1775 2765 1900 2806 seu-

336 2841 401 2895 tit
426 2839 586 2895 Joan.
625 2839 1028 2912 Chrysostom.,
1058 2842 1208 2897 hom.
1236 2842 1302 2897 18
1335 2843 1387 2895 in
1419 2840 1645 2905 θείαιδά
1700 2842 1904 2897 Proco-

335 2934 458 3003 pius
485 2933 540 2987 in
574 2931 757 2987 Cenes.
785 2948 906 3004 cap.
938 2950 1022 2999 1V;
1066 2932 1453 2999 Damascenus,
1494 2934 1587 2989 lib.
1614 2952 1667 2989 iv
1696 2934 1773 2989 De
1802 2935 1904 3004 ﬁde

336 3024 569 3091 orthod.,
607 3041 726 3096 cap.
779 3024 889 3092 25;
940 3024 1265 3097 Euthymius
1320 3027 1375 3079 in
1425 3026 1617 3096 psalm.
1675 3043 1740 3095 1.;
1794 3028 1905 3082 Au-

337 3117 591 3188 gustinus
619 3118 674 3171 in
710 3116 893 3172 Cenes.
952 3115 1093 3183 Quid
1125 3125 1305 3172 autem
1340 3118 1395 3171 in
1438 3118 1540 3172 hac
1572 3133 1631 3173 re
1660 3125 1905 3173 statuen-
1931 3155 1978 3218 Ο

336 3210 465 3264 dum
497 3210 591 3276 sit,
618 3209 923 3266 S.Thomas
948 3211 1181 3281 explicat
1206 3210 1378 3282 prima
1412 3218 1575 3281 part.,
1598 3219 1789 3281 quast.
1814 3210 1902 3277 98,

336 3313 440 3359 art.
472 3303 527 3370 2,
558 3312 613 3359 et
642 3319 768 3359 cum
809 3319 876 3360 eo
903 3305 1087 3376 plures
1110 3305 1201 3359 alii
1228 3304 1502 3360 doctores.

406 3393 528 3453 Col.
543 3397 670 3461 7A9,
693 3397 792 3451 lin.
805 3397 896 3452 29.
911 3397 1081 3464 Υιοὺς
1096 3396 1204 3451 δύο
1220 3395 1565 3468 ἐγέννησεν.
1580 3394 1699 3450 Non
1715 3394 1909 3468 gemel-

338 3485 443 3549 los,
460 3496 519 3541 ut
544 3503 667 3543 cum
690 3488 939 3545 rabbinis
961 3488 1166 3562 colligit
1188 3504 1322 3545 ausu
1342 3488 1634 3545 temerario
1650 3486 1908 3544 Calvinus

340 3575 592 3648 ambigua
640 3576 897 3633 Methodii
946 3578 1178 3634 lectione
1236 3578 1517 3649 deceptus,
1548 3578 1644 3635 sed
1693 3578 1909 3634 diverso

338 3676 523 3737 partu,
554 3684 665 3723 uno
697 3670 906 3725 scilicet
959 3668 1115 3736 Cain,
1142 3670 1276 3726 Abel
1333 3673 1505 3726 altero
1537 3690 1550 3726 :
1584 3672 1745 3727 verba
1803 3669 1910 3726 Me-

340 3762 513 3818 thodii
543 3770 670 3818 sunt
700 3764 820 3817 :‘Ev
854 3763 910 3817 δὲ
947 3763 1024 3835 τῷ
1062 3763 1363 3835 τριακοστῷ
1394 3764 1569 3836 χρόνῳ
1599 3765 1698 3836 τῆς
1730 3763 1909 3829 ἐξόδου

337 3854 521 3909 αὐτῶν
550 3855 643 3909 τοῦ
670 3857 995 3927 παραδείσου
1020 3857 1244 3911 τέτοκαν
1266 3858 1405 3911 Κάῖν
1432 3857 1521 3911 τὸν
1547 3856 1906 3931 πρωτότοκον,

340 3947 435 4002 καὶ
464 3948 563 4019 τὴν
597 3949 827 4021 ἀδελφὴν
864 3950 1027 4004 αὐτοῦ
1076 3949 1394 4019 Καλμάναν.
1432 3951 1542 4003 Καὶ
1571 3950 1709 4021 μετὰ
1753 3966 1909 4021 τρια-

339 4040 533 4094 κοστὸν
558 4040 741 4112 ἕτερον
778 4042 897 4106 ἔτος
928 4042 1185 4114 ἐγέννησε
1210 4042 1301 4096 τὸν
1333 4041 1496 4095 Ἀὁελ
1530 4042 1626 4095 σὺν
1658 4045 1724 4114 τῇ
1767 4043 1912 4112 Λεμ-

340 4133 478 4205 ϐόρᾳ
506 4137 571 4205 τῇ
592 4134 792 4207 ἀδελφῇ
814 4135 998 4190 αὑτοῦ.
1026 4133 1157 4201 Quae
1183 4135 1308 4205 quis
1338 4150 1447 4189 non
1475 4133 1619 4189 videt
1641 4134 1909 4189 diversam

340 4241 371 4279 a
404 4225 632 4282 Calvino
662 4228 989 4283 sententiam
1050 4227 1373 4283 continere?

417 4318 575 4384 lbid.,
615 4320 711 4376 lin.
754 4320 843 4375 '50.
880 4318 989 4373 Τόν
1015 4317 1184 4373 Κὰῖν.
1221 4319 1396 4389 Hujus
1430 4319 1668 4376 nominis
1693 4327 1909 4392 etymon

338 4417 396 4465 et
416 4410 711 4467 declaratio
733 4412 962 4469 habetur
990 4414 1043 4468 in
1075 4414 1207 4483 ipsis
1236 4413 1409 4468 sacris
1438 4412 1656 4468 Litteris
1690 4427 1703 4465 :
1738 4412 1910 4482 Etpe-

1999 1913 2228 1968 bteorum
2252 1932 2287 1969 ι.
2321 1916 2591 1975 Lutherus
2612 1928 2663 1974 et
2685 1919 2944 1976 Calvinus
2966 1922 3209 1977 veritatis
3228 1920 3587 1976 infensissimi

1998 2006 2204 2072 hostes,
2228 2017 2277 2061 et
2303 2024 2584 2064 sacrarum
2624 2010 3027 2083 Scripturarum
3077 2015 3493 2079 obtrectatores,
3530 2012 3586 2068 id

2002 2106 2271 2152 tantorum
2299 2098 2519 2156 Patrum
2541 2103 2863 2159 auctoritate
2892 2103 3162 2159 ﬁrmatum
3212 2114 3409 2175 negant
3437 2104 3583 2175 inju-

2001 2193 2089 2256 rii,
2115 2193 2436 2266 fabulasque
2463 2195 2718 2254 Judaicas
2741 2215 2864 2255 esse
2889 2202 3252 2271 nugacissimc
3282 2210 3582 2256 autumant.

2074 2284 2206 2339 l-bid.
2250 2287 2302 2339 '0
2335 2287 2403 2341 δὲ
2442 2287 2593 2343 Κάΐν
2632 2289 2885 2357 πρῶτος.
2914 2290 3204 2347 Vcrissima
3236 2309 3367 2347 sane
3395 2310 3583 2355 causa,

2001 2382 2057 2428 et
2084 2375 2465 2433 efﬁcacissima
2497 2379 2565 2434 ad
2600 2382 2983 2451 explicandum
3037 2400 3207 2454 quare
3239 2384 3381 2441 Deus
3413 2389 3580 2442 sacri-

2004 2466 2186 2521 ﬁcium
2240 2472 2423 2539 potius
2458 2470 2643 2527 Abelis
2688 2490 2849 2545 quam
2885 2475 3039 2530 Caini
3080 2479 3393 2548 aspexerit;
3426 2480 3586 2535 aliam

2006 2557 2160 2613 affert
2189 2558 2479 2632 Iosephus,
2512 2565 2627 2630 scd,
2660 2574 2717 2620 ut
2744 2576 2990 2638 apparet,
3025 2585 3133 2623 non
3163 2570 3318 2624 multi
3352 2572 3585 2635 roboris,

2006 2650 2252 2719 maleque
2298 2652 2366 2707 ab
2403 2653 2523 2724 ipso
2562 2658 2869 2726 conﬁctam,
2898 2661 3148 2718 videlicet
3180 2665 3323 2733 quod
3372 2666 3587 2720 sacriﬁ-

2007 2741 2150 2796 cium
2200 2744 2385 2801 Abelis
2433 2755 2627 2817 sponte
2672 2760 2879 2806 natura:
2907 2754 3106 2824 genitis
3146 2765 3444 2825 constaret,
3487 2772 3587 2813 sua

2008 2850 2137 2889 vero
2195 2836 2330 2892 Cain
2416 2839 2576 2894 homo
2628 2858 2826 2900 avarus
2876 2854 2931 2900 et
2984 2847 3289 2904 industrius
3340 2864 3436 2917 per
3479 2851 3585 2904 vim

2009 2928 2299 2997 quamdam
2323 2946 2352 2985 a
2378 2939 2571 2986 natura
2594 2941 2916 2991 extorserat.
2953 2938 3125 2992 Θῠσαι
3164 2940 3242 3012 τῷ
3273 2939 3389 3010 Θεῴ
3429 2940 3586 3005 δόξαν

2009 3019 2210 3084 αὐτοῖς,
2236 3023 2264 3074 6
2298 3020 2396 3091 μὲν
2431 3024 2568 3076 Κάῖν
2598 3025 2704 3078 ἀπὸ
2738 3026 2836 3098 τῆς
2857 3031 3131 3100 γεωργίας
3154 3034 3247 3085 καὶ
3280 3033 3387 3087 τῶν
3407 3035 3586 3103 φυτῶν

2010 3112 2253 3183 καρποὺς
2292 3114 2618 3185 ἀπήνεγκεν,
2668 3118 2889 3185 Ἀϐελος
2917 3121 2974 3176 δὲ
3009 3122 3169 3192 γάλα,
3205 3125 3299 3178 καὶ
3327 3125 3393 3179 τὰ
3436 3144 3586 3198 πρω-

2008 3206 2204 3259 τότοκα
2252 3206 2358 3260 τῶν
2416 3209 2867 3281 βοσκημάτων.⁹0
2913 3213 3045 3279 Θεὸς
3092 3216 3149 3271 δὲ
3188 3218 3355 3291 ταύτῃ
3387 3220 3586 3290 μᾶλλον

2008 3297 2192 3369 ἥδεται
2245 3301 2311 3371 τῇ
2360 3298 2537 3373 θυσίᾳ,
2591 3306 2702 3368 τοῖς
2746 3306 3092 3377 αὐτομάτοις,
3126 3311 3390 3366 καὶκατὰ
3425 3314 3586 3384 φύσιν

2009 3389 2254 3457 γεγονόσι
2289 3390 2628 3463 τιμώμενος,
2672 3395 2788 3450 ἀλλ’
2842 3398 2963 3470 οὐχὶ
3019 3404 3131 3464 τοῖς
3182 3405 3302 3456 κατ’
3346 3406 3587 3461 ἐπίνοιαν

2010 3482 2296 3550 ἀνθρώπου
2328 3484 2650 3539 πλεονέκτου
2679 3488 2819 3542 κατά
2853 3489 2971 3559 βίαν
2996 3493 3317 3563 πεφυκόσιν.
3352 3494 3586 3552 Basilius

2013 3576 2296 3632 Seleucius
2326 3580 2574 3635 oratione
2625 3580 2692 3636 de
2714 3581 2848 3637 Cain
2892 3592 2945 3640 et
2975 3585 3141 3642 Abele
3170 3589 3234 3642 ad
3261 3605 3371 3643 rem
3402 3592 3586 3655 εΚάῖν

2014 3667 2111 3738 μὲν
2138 3668 2246 3740 γὰρ
2274 3669 2372 3741 τὴν
2402 3670 2592 3726 Θυσίαν
2624 3671 2827 3745 ζημίαν
2854 3676 3154 3749 ἡγούμενος
3181 3682 3245 3734 ἐκ
3276 3682 3382 3736 τῶν
3408 3683 3583 3738 ἀδοκί-

2015 3777 2130 3829 μων
2164 3761 2261 3832 τὴν
2294 3760 2456 3834 τιμὴν
2484 3760 2560 3833 τῷ
2609 3765 2902 3837 τιμωμένῳ
2948 3770 3310 3843 προσεκόμιξε
3346 3774 3587 3829 νενοθευ-

2015 3848 2149 3920 μένῃ
2191 3849 2384 3922 γνώμῃ
2424 3852 2522 3921 τὴν
2555 3854 2719 3924 τιμὴν
2752 3856 3107 3926 καπηλεύων·
3150 3863 3178 3913 6
3206 3862 3260 3915 δὲ
3298 3863 3461 3919 Ἀϐελ
3490 3867 3590 3939 οὐχ

2011 3941 2214 4007 οὕτως’
2250 3942 2370 4007 ὅλος
2399 3945 2457 3998 δὲ
2500 3944 2592 3998 τοῦ
2645 3946 2817 4020 δώρου
2848 3951 3136 4022 γενόμενος
3173 3954 3454 4027 εἰλικρινεῖ
3477 3959 3588 4013 δια·-

2013 4036 2132 4109 νοίᾳ
2166 4038 2456 4110 θεραπεύει
2482 4040 2572 4095 τὸν
2602 4043 2920 4113 Κρείττονα.
2958 4046 3068 4098 Καὶ
3099 4046 3189 4100 τὸν
3226 4048 3325 4117 τῆς
3356 4051 3588 4123 ποίμνης

2012 4131 2211 4203 δοτῆρα
2251 4136 2363 4197 τοῖς
2392 4135 2491 4206 τῆς
2525 4135 2760 4208 ποίμνης
2792 4137 3094 4210 ἐξαιρέτοις
3122 4140 3303 4212 ὲτίμα,
3330 4143 3427 4212 τῆς
3451 4143 3590 4213 γνώ-

2018 4240 2125 4293 μης
2148 4223 2247 4295 τὴν
2275 4227 2476 4298 ἀρετὴν
2498 4229 2783 4282 συνάπτων
2808 4233 2920 4293 τοῖς
2949 4230 3161 4303 δώροις,
3184 4234 3276 4288 καὶ
3302 4234 3470 4307 αὐτὴν
3490 4235 3590 4307 τὴν

2013 4314 2192 4387 ψυχὴν
2272 4320 2710 4391 συμπροσφέρων
2771 4322 2849 4393 τῷ
2896 4323 3189 4396 δεχομένῳ.
3240 4326 3303 4381 Et
3350 4326 3589 4399 Cyrillus

2016 4409 2415 4467 Alexandrinus
2470 4413 2727 4486 Glaphyr.
2768 4418 2825 4469 in
2872 4416 3054 4472 Cenes.
3106 4419 3202 4473 lib.
3254 4437 3269 4474 ι
3312 4423 3589 4494 ε”Αγειδὴ

340 4504 477 4571 perit
528 4500 683 4568 Cain,
728 4504 929 4569 dicens,
966 4504 1187 4559 Possedi
1238 4504 1496 4559 hominem
1527 4522 1618 4574 per
1657 4504 1823 4559 Deum
1840 4504 1905 4558 ⁸⁸.

2015 4499 2107 4555 οὖν
2135 4506 2162 4557 ό
2197 4505 2293 4574 μὲν
2326 4507 2467 4577 ἱερός
2504 4525 2563 4559 τε
2598 4510 2691 4561 καὶ
2721 4508 2995 4580 πάνσοφος
3028 4512 3191 4566 ’Ἅϐελ
3223 4514 3294 4568 τὰ
3326 4515 3424 4586 τῆς
3456 4518 3587 4585 ἁγέο

342 4597 524 4663 Quare
568 4614 677 4653 non
722 4609 868 4654 recte
918 4599 1206 4665 Eusebius,
1247 4602 1340 4656 lib.
1389 4617 1427 4654 ιι
1483 4599 1559 4653 De
1622 4609 1906 4668 prwparal.

339 4708 549 4762 evang.,
597 4707 719 4763 cap.
755 4693 809 4759 4,
852 4691 987 4748 Cain
1036 4696 1425 4763 interpretatur
1460 4693 1734 4755 invidiam,
1765 4693 1908 4762 quod

340 4783 557 4839 scilicet
607 4784 763 4849 Cain,
810 4784 993 4841 fratris
1052 4787 1134 4842 sui
1179 4786 1432 4842 sacriﬁcii
1479 4799 1609 4854 ergo
1638 4784 1908 4848 invidens,

337 4889 467 4929 eum
506 4875 788 4931 occiderit.

411 4967 551 5022 Ibid.
584 4967 691 5021 Καὶ
721 4971 753 5022 ό
776 4966 893 5037 μὲν
917 4964 1067 5021 Κάϊν
1091 4962 1190 5037 ἦν.
1231 4965 1467 5022 Joannes
1516 4967 1757 5022 Zonaras
1803 4967 1912 5019 An-

337 5060 547 5113 nalium
587 5068 717 5113 tom.
749 5057 769 5111 l
796 5078 808 5113 :
844 5059 952 5113 Καὶ
974 5062 1002 5112 6
1031 5059 1126 5130 μὲν
1142 5059 1305 5112 Ἀόελ
1329 5061 1522 5131 νομεὺς
1542 5055 1608 5130 ἦν
1641 5059 1909 5129 ποιμνίου,

337 5154 434 5207 καὶ
482 5154 681 5225 ἀρετῆς
734 5154 1093 5224 ὲπεμέλετο,ό
1118 5153 1173 5206 δὲ
1208 5154 1344 5207 Κάῖν
1377 5152 1638 5226 ἐγεώργει
1678 5152 1773 5224 τὴν
1812 5153 1913 5223 γῆν

340 5243 705 5318 πονηρότατος
729 5244 822 5300 ὢν.
857 5246 956 5301 Hic
986 5248 1287 5301 notandum
1320 5247 1568 5301 carnium
1599 5262 1753 5302 esum
1790 5253 1914 5300 ante

341 5338 610 5393 diluvium
643 5354 751 5393 non
794 5338 965 5395 fuisse
1007 5347 1308 5409 receptum,
1344 5338 1539 5395 Cenes.
1583 5354 1702 5407 cap.
1739 5353 1810 5394 Ix.
1850 5336 1914 5390 Et

342 5431 610 5496 oleribus,
646 5431 937 5501 herbisque
973 5446 1144 5501 genus
1176 5432 1470 5486 humanum
1506 5438 1629 5486 ante
1648 5430 1912 5485 diluvium

341 5525 592 5595 potuisse
633 5526 932 5581 sustentari
962 5524 1222 5582 facillimo
1252 5525 1468 5596 negotio
1494 5531 1678 5595 posset
1700 5540 1765 5579 ex
1791 5539 1913 5579 ver-

337 5616 648 5675 bisJuliani
670 5616 962 5688 Apostataa,
987 5635 1106 5690 qua:
1133 5617 1297 5703 refert
1320 5618 1517 5707 Suidas
1542 5619 1596 5673 in
1614 5616 1909 5681 Herodoto,

414 5772 461 5804 ἰ
498 5770 633 5827 Cen.
672 5787 744 5839 Iv,
789 5773 838 5830 l.

2015 4595 2389 4665 ληςὰπόλεκτα
2421 4600 2511 4651 καὶ
2543 4600 2850 4673 ἀριστίνδην
2877 4604 3321 4677 ὲγκεκρυμμένα·
3354 4609 3590 4679 Ἤνεγκε

2014 4690 2143 4760 γὰρ,
2167 4692 2349 4761 φησὶν,
2372 4692 2478 4745 ἀπὸ
2499 4693 2606 4747 τῶν
2636 4696 2992 4767 πρωτοτόκων
3018 4698 3125 4751 τῶν
3155 4700 3341 4769 ἀμνῶν
3368 4703 3459 4756 καὶ
3483 4703 3592 4757 ἀπὸ

2013 4778 2121 4833 τῶν
2144 4782 2380 4835 στείιτων
2404 4784 2603 4851 αὐτῶν,
2627 4787 2871 4839 τουτέστι
2894 4788 2961 4843 τὰ
2987 4789 3310 4862 προῦχοντα,
3329 4794 3421 4847 καὶ
3449 4796 3592 4861 ἐξαί-

2019 4890 2168 4947 ρεταο
2204 4876 2412 4930 καὶτὸν
2443 4877 2542 4948 τῆς
2577 4879 2884 4951 ἱερουργίας
2909 4882 3009 4937 οὐκ
3045 4883 3317 4955 ἀγνοήσας
3365 4889 3588 4958 τρόπον,

2016 4966 2293 5037 παρετίθει
2337 4968 2405 5021 τὰ
2443 4968 2674 5023 στέατα’
2733 4972 2871 5025 Κόιῖν
2926 4974 2982 5026 δὲ
3029 4975 3127 5046 οὐχ
3178 4975 3339 5042 οὕτω,
3374 4979 3506 5033 πολὺ
3536 4980 3594 5035 δὲ

2016 5058 2134 5113 λίαν
2186 5061 2471 5132 ἀτημελῶς
2498 5082 2509 5092 ·
2553 5066 2621 5118 τὰ
2667 5068 2765 5136 μὲν
2797 5068 2905 5140 γὰρ
2934 5069 3015 5121 ὅτι
3049 5070 3280 5140 μάλιστα
3318 5073 3423 5126 τῶν
3458 5073 3590 5142 ὠρί-

2020 5169 2135 5220 μων
2164 5153 2415 5224 ἐκπρεπῆ
2445 5158 2565 5219 ταῖς
2605 5156 2759 5221 ἰδίαις
2804 5158 3084 5230 ἐχαρίζετο
3108 5167 3366 5233 τρυφαῖς*
3406 5164 3595 5219 ἐλύπει

2016 5242 2073 5296 δὲ
2106 5246 2215 5307 τοῖς
2248 5243 2517 5317 δευτέροις
2545 5248 2633 5301 τὸν
2659 5250 2752 5303 ἐπὶ
2777 5253 2990 5305 πάντων
3021 5255 3172 5308 Θεόν.

2089 5334 2247 5399 lbid.,
2278 5335 2373 5390 lin.
2410 5337 2496 5391 56.
2535 5339 2858 5409 Ὀργισθείς
2890 5344 2987 5396 ἐπὶ
3031 5346 3239 5411 τούτῳ.
3288 5347 3593 5403 Methodius

2018 5426 2333 5485 Patarensis
2387 5432 2572 5488 Abelis
2620 5434 2820 5491 caedem
2873 5452 3018 5492 anno
3060 5441 3438 5498 ducentesimo
3471 5445 3593 5498 vita!

2017 5521 2210 5575 Adami
2242 5524 2560 5594 contigisse,
2593 5533 2646 5581 et
2693 5529 2972 5598 planctum
3007 5532 3198 5587 Adami
3248 5541 3302 5588 et
3330 5533 3452 5591 Eva:
3499 5549 3595 5605 per

2018 5621 2235 5669 centum
2271 5614 2439 5672 fuisse
2472 5625 2829 5690 protractum,
2858 5624 3068 5679 scribit.
3128 5626 3216 5697 Τῷ
3244 5628 3299 5681 δὲ
3328 5628 3599 5683 διακοσιο-
