4072 6342
555 341 661 400 975

1870 324 2115 381 LEONIS
2150 323 2424 380 ALLATII

3680 306 3776 363 976

556 456 666 530 .7:va
692 457 801 508 ἔτει
840 455 939 524 τῆς
977 451 1121 522 ζῶης
1152 449 1245 502 τοῦ
1282 449 1454 519 ’Δδᾰμ
1474 447 1755 503 ἀπέκτεινε
1789 447 1927 500 Κάῐν
1957 446 2120 499 Ἅϐελ

2289 444 2447 506 lbid.,
2483 411 2575 496 lin.
2624 439 2714 494 45.
2746 436 2979 505 Πρῶτος
3008 434 3075 487 δὲ
3094 432 3260 488 Κάϊν.
3283 429 3521 487 Joannes
3542 426 3782 482 Zonaras

555 552 645 605 τὸν
692 546 917 616 ἀδελφὸν
969 542 1153 598 αὑτοῦ.
1197 542 1307 594 Καὶ
1344 540 1605 611 ἐποίησαν
1646 540 1735 593 τὸν
1757 540 1981 593 κοπετὸν
2005 540 2034 591 ὅ
2061 556 2120 591 τε

570 639 740 710 Ἀδὰμ
784 637 878 690 καὶ
928 633 1041 688 Εὔα
1091 632 1175 686 ἐπ’
1205 630 1366 685 αύτοῦ
1406 633 1499 685 ἐπὶ
1530 631 1755 702 χρόνους
1790 628 1855 701 ρ’.
1884 626 2119 699 Ideoque

558 730 950 789 Constantinus
970 727 1246 781 Manasses
1285 725 1340 778 in
1361 722 1555 776 Annal.
1586 723 1791 776 luctum
1817 721 2121 776 inconsola-

561 827 719 882 bilem
753 820 1109 890 nuncupavit,
1140 816 1330 879 πένθος
1360 814 1757 886 ἀπαράκλητον.

627 915 743 970 Col.
772 914 903 976 7A9,
943 911 1036 964 lin.
1064 908 1152 962 '58.
1189 908 1250 959 '0
1278 905 1345 958 δὲ
1372 902 1615 972 πολλὴν
1660 901 2118 973 περινοστήσας.

562 1010 823 1070 Zonaras,
846 1003 1042 1058 Annal.
1067 1010 1198 1057 tom.
1229 998 1249 1052 l
1284 1018 1296 1053 :
1328 998 1385 1050 '0
1416 996 1471 1050 δὲ
1489 997 1759 1068 φθονήσας
1787 995 1879 1050 ἐπὶ
1901 998 1966 1067 τῇ
1999 1012 2126 1066 προ-

562 1102 779 1173 τιμήσει
816 1095 1016 1153 κτείνει
1040 1091 1199 1146 αύτὺν
1229 1089 1322 1143 ml.
1354 1088 1626 1158 ἐπάρατος
1645 1086 1851 1155 γίνεται
1877 1085 1954 1155 τῷ
1985 1082 2122 1154 Θεῷ,

562 1192 654 1245 καί
680 1190 915 1249 στένειν,
941 1186 1034 1239 καὶ
1055 1182 1275 1254 τρέμειν
1298 1178 1763 1235 καταδεδίκασται.
1814 1176 2127 1247 Ἐκὸληθεὶς

561 1282 616 1335 δὲ
655 1279 764 1335 ἀπὸ
790 1276 883 1330 τοῦ
917 1272 1206 1346 προσώπου
1234 1269 1325 1323 τοῦ
1362 1267 1517 1333 Θεοῦ,
1543 1269 1599 1322 ἐν
1626 1270 1697 1338 γῇ
1725 1265 1861 1320 Ναῖδ
1892 1264 2125 1337 ᾤκησεν,

559 1372 690 1427 ἔνθα.
731 1371 825 1424 καὶ
872 1367 1062 1428 παῖδας
1102 1363 1363 1432 ἐγείνατο.
1397 1359 1790 1414 Constantinus
1823 1356 2122 1416 Manasscs,

562 1467 619 1519 in
653 1460 988 1516 Annalibus:
1018 1454 1292 1510 Ἐντεῦθεν
1314 1454 1453 1507 Κάῖν
1499 1450 1740 1515 ἐλασθεὶς
1773 1448 1873 1520 τῆς
1908 1446 2128 1519 πρώτης

565 1556 854 1629 παροικίας
865 1593 880 1619 ,

561 1650 673 1706 Kal
715 1646 832 1717 γῆν
875 1641 1112 1717 amuli?
1146 1637 1479 1717 ἐπιδραμὼτ
1507 1634 1695 1717 ἔπηξε
1716 1633 1822 1698 τὰς
1853 1631 2128 1716 αὐλαίας,

567 1700 966 1773 δέκθᾶίξιαλὸν
1010 1700 1131 1777 τοῖς
1175 1700 1500 1779 ὀφθαλμοῖς
1533 1700 1765 1759 ἐκείνου
1806 1700 2126 1770 κατεφάνη.

2224 536 2415 590 Annal.
2436 546 2564 589 tom.
2584 531 2637 586 l:
2664 526 2831 593 Οὗτος
2858 530 3030 599 μέτρα
3051 544 3110 580 τε
3134 526 3229 579 καὶ
3254 520 3782 592 στάθμιαέπενόησε,

2222 629 2316 682 καὶ
2342 626 2552 697 πρῶτος
2583 625 2742 696 ὅρους
2784 621 3021 693 ἐπήξατο
3048 618 3152 688 γῆς
3184 614 3449 687 πονηρίας
3472 610 3785 682 καθηγητὴς

2222 717 2637 790 χρηματισθεὶς,
2666 715 2757 769 καὶ
2805 714 2957 766 πόλιν
3001 712 3082 774 είς
3122 709 3292 778 ὄνομα
3326 704 3421 759 τοῦ
3444 701 3786 776 πρωτοτόκου

2223 812 2338 866 υἱοῦ
2361 809 2523 864 αὑτοῦ
2562 807 2724 871 Ἐνὼς
2756 800 3412 877 ιξ›κοδόμησεν.]οεεριιυε
3445 798 3577 853 item
3602 795 3792 849 invene

2223 903 2424 957 tionem
2483 899 2780 971 ponderum
2831 908 2883 952 et
2931 907 3309 950 mensurarum
3356 894 3640 959 acceptam
3686 884 3792 941 fert

2225 995 2318 1049 lib.
2349 1009 2365 1047 ι
2400 992 2680 1062 Αηιὲᾳιιὶιη
2713 1004 2834 1060 cap.
2856 989 2891 1043 5
2959 986 3070 1041 Καὶ
3107 986 3204 1056 τὴν
3238 979 3669 1054 ἀπραγμοσύνην
3694 976 3794 1048 μὲν

2224 1079 2259 1160 ᾖ
2286 1085 2546 1157 πρότερον
2580 1081 2812 1145 συνέζων
2840 1081 2890 1133 οἱ
2911 1078 3186 1150 ἄνθρωποι
3216 1073 3426 1146 μέτρων
3460 1070 3679 1139 ἐπινοίᾳ
3700 1068 3798 1122 καὶ

2227 1158 2478 1245 σταθμῶν
2508 1172 2890 1243 μετεστήσατο,
2918 1167 3176 1239 ἀκέραιον
3202 1164 3385 1226 αὐτοῖς
3417 1161 3546 1215 ὅντα
3564 1159 3658 1214 τὸν
3686 1158 3798 1229 βίον

2225 1270 2291 1322 ἐκ
2340 1267 2441 1337 τῆς
2471 1264 2672 1319 τούτων
2717 1260 2972 1332 ἀμαθίας,
3006 1258 3099 1314 καὶ
3141 1255 3511 1329 μεγαλόψυχον
3545 1252 3626 1315 είς
3659 1268 3799 1304 παν-

2225 1359 2448 1432 ουργίας
2492 1354 2732 1427 ἀγαγών.
2784 1352 3100 1421 Eutropius,
3160 1349 3260 1403 lib.
3294 1363 3335 1410 ι,
3371 1343 3530 1401 initio
3560 1343 3804 1414 (haesitat

2229 1430 2407 1505 tamen
2457 1444 2883 1515 Christophorus
2936 1439 3250 1496 Roﬁniacus
3300 1438 3354 1491 in
3405 1432 3623 1488 Comm.
3666 1430 3802 1486 hist.

2229 1554 2360 1595 num
2402 1550 2527 1593 vera
2569 1541 2700 1591 sunt
2725 1548 2845 1604 qua:
2879 1531 2948 1587 de
2974 1528 3179 1586 exteris
3213 1527 3378 1582 rebus
3409 1523 3647 1578 admista
3672 1527 3805 1576 sunt

2230 1628 2532 1697 Eutropio:
2574 1639 2701 1680 nam
2755 1624 2803 1679 is
2856 1622 3001 1678 solas
3059 1617 3351 1675 Romanas.
3396 1623 3456 1670 ut
3486 1611 3807 1669 doctissimi

2233 1721 2527 1792 scriptores
2558 1723 2850 1781 testantur,
2864 1709 3190 1781 contexuit),
3213 1724 3279 1765 eo
3310 1707 3553 1776 tempore
3570 1717 3807 1759 mensu—

517 1803 520 1806 ’
564 1812 630 1866 Ει
660 1809 948 1878 Iosephus,
980 1804 1159 1873 Antiq.
1195 1800 1411 1855 Judaic.
1450 1798 1545 1852 lib.
1585 1812 1623 1862 ι,
1666 1810 1789 1865 cap.
1817 1796 1892 1850 ὃς
1927 1792 2132 1861 Πολλὴν

2237 1829 2328 1869 ras
2351 1791 2427 1867 iet
2456 1808 2695 1880 pondera
2746 1807 2965 1861 inventa
2998 1802 3185 1866 tradit,
3214 1815 3325 1869 quo
3376 1795 3521 1867 apud
3559 1794 3809 1848 Albanos

563 1904 621 1958 δὲ
650 1898 890 1954 ἐπελθὼν
918 1897 1043 1967 γῆν,
1078 1892 1316 1967 ἱδρύεται
1363 1888 1499 1962 μετὰ
1543 1888 1640 1959 τῆς
1683 1886 1937 1956 γυναικὸς
1988 1884 2127 1937 Κάῖν

565 1993 738 2048 Ναΐδα
787 1991 949 2044 τόπον
987 1986 1127 2041 οὕτω
1159 1983 1508 2054 καλούμενον,
1535 1982 1629 2034 καὶ
1680 1977 1863 2032 αὐτόοι
1904 1978 2132 2029 ποιεῖται

565 2084 665 2155 τὴν
711 2080 1044 2149 κατοίκησιν,
1099 2074 1225 2129 ἔνθα
1287 2072 1380 2126 καὶ
1423 2069 1607 2133 παῖδες
1654 2068 1916 2137 ἐγένοντο.
1951 2063 2133 2119 Prima

568 2178 733 2249 igitur
777 2174 928 2229 orbis
977 2181 1244 2225 terrarum
1277 2165 1468 2220 civitas
1504 2161 1779 2218 llenochia
1806 2158 1910 2214 fuit
1946 2156 2133 2212 aCain

569 2247 869 2325 exstructa.
885 2263 1117 2319 Berosus
1135 2257 1353 2312 lictitius
1369 2254 1462 2309 lib.
1480 2253 1558 2308 De
1588 2249 1926 2320 temporibus,
1956 2247 2109 2303 Heno
2122 2277 2134 2287 -

571 2363 747 2415 thiam
795 2357 1067 2412 civitatem
1101 2350 1289 2407 scribit
1320 2362 1442 2404 esse
1482 2344 1756 2401 conditam
1798 2344 1945 2397 circa
1970 2340 2132 2395 Liba-

571 2469 699 2510 num
758 2456 1020 2508 montem,
1057 2444 1150 2513 qui
1181 2449 1267 2498 est
1304 2440 1372 2495 ad
1402 2439 1669 2495 orientem
1727 2434 2134 2505 comparatione

572 2541 809 2614 regionis
854 2537 1223 2600 Damascenze,
1256 2531 1534 2601 fuisseque
1594 2526 1987 2597 amplissimam
2038 2539 2133 2578 ur-

572 2637 716 2697 hem,
766 2637 821 2688 et
861 2627 1248 2684 habitationem
1302 2622 1599 2694 gigantum.
1672 2617 1769 2673 His
1818 2615 1967 2671 addit
2016 2616 2132 2669 An-

572 2726 719 2787 nius,
775 2737 876 2777 suo
927 2721 1090 2776 etiam
1144 2724 1387 2784 tempore
1443 2712 1589 2767 illius
1644 2709 1886 2766 civitatis
1937 2706 2134 2761 diruta:

573 2815 723 2871 cerni
755 2813 808 2868 in
840 2820 1020 2865 monte
1048 2806 1256 2862 Libano
1277 2803 1512 2859 maxima
1551 2809 1606 2858 et
1650 2800 1891 2872 ingentia
1941 2796 2134 2853 funda-

575 2914 778 2966 menta,
801 2911 854 2959 et
882 2902 1043 2973 vulgo
1075 2899 1145 2954 ab
1175 2896 1371 2953 incolis
1404 2895 1551 2951 illius
1585 2892 1824 2965 regionis
1862 2889 2134 2946 nominari

574 2997 849 3051 civitatem
909 2992 1066 3057 Cain,
1117 3000 1283 3059 atque
1340 2986 1395 3042 id
1436 3000 1496 3042 se
1528 3000 1595 3040 ex
1637 2981 2030 3039 mercatoribus
2084 2989 2137 3035 et

576 3085 1005 3159 peregrinis,qui
1039 3083 1094 3138 in
1125 3082 1330 3137 Libano
1371 3088 1425 3135 et
1446 3077 1711 3132 Damasco
1733 3074 1935 3131 versati
1960 3079 2133 3135 erant,

578 3181 874 3249 accepisse.
930 3174 1296 3244 Hieronymus
1350 3179 1534 3225 tamen
1565 3176 1619 3224 et
1662 3167 1753 3222 alii
1784 3168 1941 3221 aliter
1967 3163 2140 3234 expli»

576 3279 722 3335 cant,
765 3266 879 3324 Nod
922 3282 1030 3322 non
1058 3280 1179 3321 esse
1218 3278 1414 3319 nomen
1444 3260 1722 3333 proprium
1763 3258 1887 3323 loci,
1924 3257 2019 3313 sed
2047 3272 2143 3327 ap-

580 3362 889 3434 pellativum
916 3359 1110 3414 Latine
1138 3355 1706 3428 significans,vagum,
1733 3350 2024 3416 ﬂuctuans,
2055 3349 2141 3404 in-

579 3452 795 3519 stabile,
830 3466 893 3506 ac
921 3450 1069 3506 sedis
1107 3449 1346 3503 incertae.

648 3544 806 3609 lbid.,
849 3544 944 3597 lin.
992 3542 1082 3597 40.
1134 3540 1243 3595 Kal
1295 3537 1500 3593 πᾶσαν·
1543 3536 1835 3605 ἀῤῥητοετ.
1874 3531 2143 3603 Iosephus

580 3638 673 3692 lib.
708 3655 725 3690 I
769 3635 1028 3704 Antiquit.
1059 3631 1301 3695 ludaic.,
1338 3645 1457 3700 cap.
1487 3628 1521 3683 '5
1553 3647 1566 3682 :
1597 3628 1710 3681 Οὐκ
1760 3626 1854 3679 ἐπὶ
1898 3624 2146 3695 νουθεσίᾳ

578 3720 637 3783 δὲ
659 3729 757 3798 τὴν
786 3727 1003 3781 κόλασιν
1031 3723 1238 3789 ἐλαϐεν,
1265 3723 1376 3777 ἀλλ’
1423 3723 1507 3775 ἐπ’
1537 3720 1760 3792 αὐξήσει
1802 3719 1903 3790 τῆς
1930 3717 2143 3782 κακίας,

578 3819 772 3891 ἡδονὴν
806 3819 900 3889 μὲν
928 3818 1106 3870 πᾶσαν
1136 3815 1440 3886 ἐκπορίζων
1472 3812 1636 3865 αὐτοϋ
1675 3811 1753 3883 τῷ
1782 3810 2011 3883 σώματι,
2043 3810 2146 3864 κᾶν

583 3907 701 3979 μεθ’
732 3906 939 3978 ὕϐρεως
968 3903 1073 3958 τῶν
1102 3904 1364 3958 συνόντων
1395 3902 1488 3974 δέῃ
1535 3900 1735 3971 ταύτην
1764 3900 1904 3971 ἔχειν
1922 3916 1935 3929 ο
1967 3897 2144 3963 αὔξων

579 4000 635 4053 δὲ
668 4000 757 4053 τὸν
782 3995 927 4051 οἷκον
955 3996 1146 4069 πλήθει
1192 3995 1487 4066 χρημάτων
1525 3993 1582 4058 ἐξ
1618 3994 1870 4065 ἁρπαγῆς
1905 3992 1997 4045 καὶ
2029 3992 2146 4061 βίας

579 4093 717 4164 πρὸς
737 4091 932 4163 ἡδονὴν
961 4091 1053 4144 καὶ
1077 4087 1329 4161 λῃστείαν
1361 4087 1486 4148 τοὺς
1515 4085 1938 4154 ἐντυγχάνοντας
1968 4099 2145 4153 παρα-

577 4180 1104 4247 καλῶν,διδάσκαλος
1128 4178 1307 4241 αὐτοῖς
1335 4176 1584 4248 πονηρῶν
1611 4175 1851 4246 ὑπῆρχεν
1872 4171 2149 4243 ἐπιτηδευ-

583 4275 787 4346 μάτων.
816 4270 1094 4325 Manasses
1127 4270 1178 4323 in
1214 4267 1407 4321 Annal.
1429 4283 1447 4320 :

578 4365 689 4420 Καὶ
717 4363 946 4433 πρῶτος
978 4361 1270 4433 ἐπενόησε
1301 4361 1508 4433 «dum
1537 4357 2006 4433 ὀχυροςτύργους.

577 4426 853 4504 Νηχύτου
873 4426 1193 4504 γενομένου
1209 4431 1276 4483 δὲ
1300 4429 1405 4483 τοῦ
1434 4430 1644 4504 γένους
1672 4426 1791 4504 τῶι⁴
1805 4426 2143 4494 ἀνθρώπων,

589 4497 843 4570 Ὀδῗταις
873 4497 1191 4565 ἐπετίθετο,
1232 4499 1543 4570 λῃστείαις
1569 4497 1877 4570 ἐπεχείρει,

589 4566 939 4637 Ἐσκύλευε,
971 4566 1308 4640 διήρπαζεν,
1339 4569 1577 4638 ἔκραινε
1608 4569 1808 4637 χεῖρας
1840 4566 2071 4635 φόνοις.

576 4663 696 4719 Non
728 4663 916 4729 Caino,
977 4662 1072 4719 sed
1112 4666 1231 4732 ejus
1272 4660 1399 4714 ﬁliis
1438 4669 1490 4713 et
1534 4656 1748 4713 ﬁliabus
1794 4654 2142 4726 ﬂagitiosani,

578 4770 643 4809 ac
676 4754 964 4809 nefandam
1002 4753 1277 4809 libidinem
1314 4753 1454 4804 hanc
1490 4748 1797 4804 Methodius
1830 4745 2143 4803 Patarensis

576 4846 785 4900 tribuit.
821 4844 911 4915 Τῷ
948 4845 1005 4898 δὲ
1036 4841 1469 4912 πεντακοσιοστῷ
1494 4841 1668 4913 χρόνῳ
1701 4841 1799 4910 τῆς
1830 4846 1879 4892 α’
1911 4837 2144 4909 χιλιάδος

576 4938 623 4989 οἱ
679 4937 784 4988 υἱοὶ
824 4933 917 4988 τοῦ
969 4936 1106 4988 Κάῖν
1148 4931 1591 5004 κατεστρώννυον
1623 4929 1720 4993 τὰς
1752 4930 2012 4996 γυναῖκας
2037 4927 2144 4980 τῶν

576 5027 817 5098 ἀδελφῶν
838 5027 1033 5081 αὐτῶν.
1060 5027 1224 5090 Γνοὺς
1238 5025 1295 5078 δὲ
1317 5022 1486 5078 ταῦτα
1507 5025 1535 5076 ὁ
1559 5021 1683 5097 Ἀδά
1692 5038 1730 5092 μ
1750 5019 1991 5091 ἐλυπήθη
2017 5019 2145 5088 σφό-

573 5120 693 5193 δρα.
736 5120 823 5175 Ἒν
865 5121 921 5174 δὲ
959 5119 1038 5191 τῷ
1075 5117 1435 5186 ὲξακοσιοστῷ
1463 5116 1570 5169 ἔτει
1602 5117 1701 5186 τῆς
1725 5115 1948 5187 πρώτης
1972 5113 2145 5185 χιλιά-

572 5212 661 5276 δος
684 5213 882 5284 οἴστρῳ
913 5212 1112 5284 ἔρωτος
1133 5210 1386 5282 πορνείας
1410 5210 1465 5262 αἱ
1489 5206 1694 5260 τούτων
1715 5208 1969 5275 γυναῖκες
2018 5222 2145 5258 κατ-

572 5304 1003 5376 εσχέθησανχαὶ
1031 5306 1111 5366 είς
1143 5301 1335 5373 μανίαν
1364 5299 1699 5372 ἐτράπησαν,
1730 5299 1823 5351 καὶ
1855 5300 1965 5360 τοῖς
1998 5296 2144 5359 ἰδίοις

572 5398 828 5471 ἀνδράσιν
851 5396 944 5450 ἆτε
972 5393 1214 5465 γυναιξὶν
1242 5393 1558 5464 ἐκέχρηντο,
1582 5392 1674 5443 καὶ
1695 5390 1916 5459 γέγονεν
1931 5387 2144 5459 ἀληθῶς

572 5490 849 5561 προῦπτος
905 5487 1133 5558 αἰσχύνη
1184 5489 1296 5548 τοῖς
1340 5484 1524 5555 ὁρῶσι.
1558 5482 1648 5553 Τῷ
1710 5482 1765 5534 δὲ
1825 5483 2142 5535 όκτακοσιο-

575 5583 685 5651 στῷ
726 5585 899 5654 χρόνῳ
943 5582 1042 5651 τῆς
1087 5581 1231 5652 ζωῆς
1287 5579 1381 5633 τοῦ
1445 5578 1615 5648 Ἀδὰμ
1668 5576 2038 5631 κατεπλάτυνε
2083 5573 2143 5626 τὸ

575 5676 731 5745 μῖσος
759 5674 859 5742 τῆς
889 5673 1142 5744 πορνείας
1171 5674 1228 5726 ἐν
1258 5674 1323 5742 τῇ
1357 5673 1426 5741 γῇ
1450 5670 1553 5723 ὑπὸ
1579 5668 1684 5722 τῶν
1712 5667 1841 5721 υἱῶν
1866 5665 1954 5720 τοῦ
1991 5662 2145 5718 ἀδελ-

574 5765 832 5831 φοκτόνευ
864 5764 1021 5818 Κάῖν.

2237 1905 2459 1967 Procas,
2494 1901 2636 1971 apud
2667 1898 2882 1954 Iudaeos
2903 1895 3015 1950 Aza
3046 1896 3365 1964 regnarunt.
3392 1886 3499 1942 Alii
3524 1884 3810 1939 Palamedi

2238 1993 2602 2051 inventionem
2657 1990 2800 2043 hanc
2842 1985 3234 2055 ascripserunt,
3267 1996 3297 2035 a
3329 1978 3530 2050 quibus
3552 1990 3666 2030 non
3693 1973 3811 2029 dis-

2238 2087 2402 2143 sentit
2450 2083 2678 2153 Gorgias
2730 2077 3028 2134 Leontinus
3077 2074 3324 2129 oratione
3384 2071 3654 2153 apologet.
3706 2081 3813 2137 pro

2237 2174 2524 2230 Palamede
2554 2152 2583 2223 :7
2607 2171 2701 2235 Τίς
2730 2169 2839 2242 γὰρ
2862 2168 2927 2223 ἂν
2957 2165 3179 2236 ἐποίησε
3194 2165 3284 2217 τὸν
3322 2152 3660 2232 ἀνθρώπινον
3694 2156 3814 2227 βίον

2239 2265 2468 2335 πόριμον
2499 2261 2556 2328 ea
2589 2260 2813 2332 ἀπόρου,
2855 2259 2949 2313 καὶ
3002 2251 3410 2325 κεκοσμημένον
3449 2249 3509 2315 ἐξ
3538 2248 3813 2317 ἀκόσμου,

2238 2355 2418 2419 τάξεις
2458 2370 2521 2405 τε
2554 2348 2853 2422 πολεμικὰς
2884 2345 3057 2419 εὑρὼν
3091 2345 3343 2416 μέγιστον
3376 2343 3455 2403 είς
3482 2336 3816 2405 πλεονεκτή-

2243 2465 2410 2520 ματα,
2445 2446 2643 2525 νόμους
2673 2460 2732 2496 τε
2761 2442 3059 2514 γραπτοὺς,
3084 2435 3329 2508 φύλακάς
3360 2450 3420 2487 τε
3457 2431 3551 2486 τοῦ
3572 2430 3813 2491 δικαίου,

2240 2520 2542 2614 γράμματά
2564 2555 2623 2591 τε
2652 2535 2870 2607 μνήμης
2899 2532 3149 2604 ὄργανον,
3170 2528 3343 2599 μέτρα
3364 2543 3421 2580 τε
3447 2523 3543 2580 καὶ
3572 2520 3813 2592 σταθμὰ,

2242 2630 2584 2701 συναλλαγῶν
2622 2628 2883 2701 εὐπόρους
2910 2621 3219 2692 διαλλαγάς,
3242 2618 3473 2692 ἀριθμόν
3499 2634 3561 2670 τε
3591 2615 3817 2688 χρημά-

2240 2741 2346 2777 των
2380 2720 2621 2791 φύλακα,
2656 2714 2895 2789 πυρσούς
2938 2730 2996 2767 τε
3021 2704 3365 2783 κρατίστους,
3396 2707 3491 2761 καὶ
3522 2706 3817 2776 ταχίστους

2241 2812 2522 2883 ἀγγέλους,
2553 2808 2784 2872 πεσσούς
2815 2822 2876 2860 τε
2918 2802 3109 2875 σχολῆς
3142 2801 3343 2856 ἄλυπον
3396 2798 3719 2870 διατριϐήν;
3750 2795 3818 2848 Et

2241 2904 2550 2960 Alcidamas
2601 2899 2902 2956 acerrimus
2950 2893 3257 2950 Palamedis
3306 2898 3596 2947 accusator
3643 2890 3701 2944 in
3750 2904 3815 2943 ea

2241 3011 2405 3069 quam
2439 3000 2631 3050 contra
2668 2988 3013 3045 Palamedem
3054 2982 3385 3053 conscripsit
3413 2981 3669 3036 oratione
3707 2978 3815 3033 etsi

2243 3100 2426 3143 rerum
2458 3084 2709 3145 aliarum,
2737 3081 2795 3136 in
2823 3078 3022 3150 quibus
3052 3073 3429 3130 inventoribus
3460 3072 3581 3125 laus
3629 3070 3814 3138 aliqua

2242 3188 2345 3246 est,
2392 3178 2495 3249 ipsi
2538 3177 2785 3245 deneget,
2831 3179 2886 3229 et
2936 3169 3074 3224 alios
3126 3164 3413 3221 Palamede
3466 3163 3815 3233 antiquiores

2242 3274 2653 3333 commemorat,
2710 3265 2908 3336 quibus
2954 3261 3191 3315 humana
3221 3266 3419 3311 natura
3453 3256 3679 3310 inventa
3722 3253 3815 3308 illa

2242 3364 2421 3427 debet,
2454 3369 2634 3416 tamen
2666 3358 2808 3413 hanc
2843 3364 3225 3411 mensurarum
3276 3360 3331 3405 et
3375 3345 3684 3419 ponderum
3734 3344 3818 3399 in-

2243 3456 2551 3512 ventionem
2600 3448 2876 3505 Palamedi
2925 3461 3037 3501 non
3074 3444 3304 3514 denegat
3333 3459 3347 3495 :
3372 3439 3567 3511 Μέτρα
3613 3437 3674 3491 δὲ
3721 3436 3816 3489 καὶ

2246 3548 2458 3620 σταθμὰ
2489 3546 2696 3619 ἐξεῦρε,
2730 3543 3016 3616 καπήλοις,
3044 3540 3139 3595 καὶ
3186 3536 3463 3609 ἀγοραίοις
3501 3532 3818 3606 ἀνθρώποις

2244 3642 2456 3705 ἀπάτας
2514 3639 2609 3693 καὶ
2654 3636 2955 3708 ἐπιορκίας,
2982 3631 3207 3695 πεττούς
3235 3646 3298 3699 γε
3331 3629 3437 3699 μὴν
3465 3630 3578 3690 τοῖς
3620 3626 3819 3697 ἀργοῖς

2245 3734 2351 3787 τῶν
2400 3730 2605 3804 ἀνδρῶν
2669 3728 2843 3801 ἐριδας
2895 3726 2989 3781 καὶ
3041 3722 3322 3795 λοιδορίας.
3356 3720 3466 3774 Καὶ
3508 3717 3713 3780 κύϐους
3747 3711 3816 3770 αὖ

2249 3824 2498 3895 μέγιστον
2544 3819 2707 3875 κακὸν
2756 3816 3010 3882 ἐδίδαξεν,
3042 3817 3152 3877 τοῖς
3190 3812 3286 3881 μὲν
3319 3806 3595 3881 ἡττηθεῖσι
3634 3804 3816 3869 λύπας

2246 3919 2340 3973 καὶ
2382 3915 2601 3988 ζημίας,
2629 3915 2739 3975 τοῖς
2762 3911 2817 3965 δέ
2848 3909 3041 3964 νικῶσι
3087 3904 3433 3974 καταγέλωτα
3465 3900 3561 3955 καὶ
3587 3899 3812 3963 ὄνειδος.

2249 4010 2313 4065 Et
2359 4007 2564 4063 Gellius
2603 4004 2869 4060 referente
2921 3999 3093 4053 Plinio
3150 3999 3187 4050 1.
3224 4013 3317 4058 vn.
3366 4010 3416 4049 c.
3457 3993 3547 4055 56,
3582 3991 3637 4046 id
3668 3990 3816 4046 idem

2248 4101 2479 4157 Phidoni
2516 4098 2717 4169 Argivo
2766 4093 2977 4152 tribuit,
3008 4090 3095 4147 cui
3131 4087 3414 4145 sententia:
3444 4095 3498 4140 et
3537 4083 3819 4139 Eusebius

2250 4197 2305 4250 in
2336 4190 2686 4261 Chronologia
2718 4183 3110 4254 subscripsisse
3157 4180 3386 4235 videtur.
3436 4176 3637 4232 Strabo
3683 4176 3816 4230 item

2248 4289 2342 4343 lib.
2367 4302 2460 4341 vni
2505 4284 2667 4352 hujus
2709 4278 2975 4343 meminit,
2998 4285 3051 4331 et
3085 4275 3229 4329 illius
3272 4271 3602 4327 inventionis
3641 4289 3657 4324 :
3703 4269 3821 4322 Καὶ

2253 4380 2423 4451 μέτρα
2454 4374 2641 4446 ἐξεῦρε
2672 4371 2740 4425 τὰ
2771 4369 3027 4441 φειδώνια
3070 4366 3164 4420 καὶ
3197 4365 3490 4435 σταθμοὺς,
3532 4362 3626 4416 καὶ
3657 4361 3817 4433 νόμι-

2179 4486 2220 4538 ι)
2251 4489 2363 4543 σμα
2394 4465 2821 4541 κεχαραγμένον,
2852 4462 2910 4515 τό
2940 4478 2998 4514 τε
3038 4458 3164 4513 ἄλλο
3207 4456 3301 4510 καὶ
3334 4455 3394 4509 τὺ
3429 4452 3730 4526 ἀργυροῦνο
3766 4461 3821 4507 ct

2245 4540 2467 4622 Pollux,
2492 4559 2588 4613 lib.
2614 4573 2709 4619 vti,
2757 4568 2878 4623 cap.
2919 4550 2985 4605 56
3013 4567 3026 4603 :
3052 4548 3148 4619 Εἴη
3181 4545 3247 4600 ἂν
3278 4544 3373 4598 καὶ
3406 4541 3602 4612 φείδων
3632 4557 3689 4593 τι
3717 4540 3821 4607 ἀγ-

2244 4657 2389 4724 γεῖον
2430 4648 2680 4720 ἐλαιηρὸν
2713 4645 2820 4699 ἀπὸ
2852 4642 2959 4696 τῶν
2990 4636 3310 4709 φειδωνείων
3346 4634 3556 4706 μέτρων
3593 4631 3818 4701 ώνομα·

2247 4744 2477 4815 σμένων,
2515 4740 2653 4811 ὑπὲρ
2689 4730 2762 4790 ὧν
2794 4736 2851 4788 ἐν
2887 4731 3114 4803 Ἀργείῳ
3154 4726 3395 4797 πολιτείᾳ
3435 4722 3817 4796 Ἀριστοτέλης

2244 4839 2411 4907 λέγει,
2451 4843 2505 4890 οι
2546 4835 2600 4888 in
2633 4830 2870 4887 Scholiis
2919 4824 3227 4881 Pindaricis
3270 4822 3386 4877 haec
3417 4818 3811 4890 reperiuntur:

2243 4930 2439 4983 Φείδων
2469 4944 2552 4990 τις
2582 4921 2865 4995 Κορίνθιος
2894 4914 3021 4990 εὗρε
3052 4916 3226 4989 μέτρα
3251 4914 3345 4969 καὶ
3366 4911 3586 4983 σταθμά
3606 4928 3621 4941 ’
3647 4924 3825 4964 νοω.»

2244 5029 2335 5076 tur
2367 5027 2548 5075 autem
2576 5013 2920 5077 Corinthius,
2952 5025 3064 5065 non
3093 5010 3220 5079 quia
3249 5006 3500 5063 Corinthi
3528 5011 3698 5061 natus
3722 5020 3814 5060 es-

2236 5121 2346 5175 ‘set.
2379 5111 2473 5168 sed
2503 5107 2650 5180 quod
2683 5106 2756 5160 ibi
2798 5110 3066 5159 maneret.
3110 5101 3187 5154 Ex
3226 5100 3312 5155 his
3341 5104 3579 5169 quatuor
3609 5097 3666 5151 in
3697 5111 3812 5151 uno

2245 5202 2516 5261 versiculo
2544 5201 2731 5269 lapsus
2755 5193 3018 5250 Roﬁniaci
3048 5190 3437 5262 deprehendes.
3465 5188 3710 5242 Primum
3742 5203 3808 5243 ex

2244 5296 2508 5355 Phidone,
2536 5290 2861 5346 Phaedonem
2893 5287 3022 5342 facit
3049 5285 3104 5341 in
3141 5282 3427 5338 Strabone.
3465 5278 3804 5339 Secundum,

2245 5389 2407 5442 alium
2442 5387 2588 5440 hunc
2622 5393 2783 5453 atque
2826 5380 3104 5435 diversum
3152 5377 3219 5430 ab
3271 5391 3336 5430 eo
3384 5374 3544 5444 cujus
3598 5371 3806 5428 mentio

2244 5477 2384 5549 apud
2426 5475 2662 5529 Plinium
2693 5482 2798 5538 est,
2830 5471 3136 5532 constituit,
3169 5484 3293 5522 cum
3338 5467 3409 5520 sit
3456 5465 3622 5519 idem.
3672 5462 3806 5518 Ter-

2244 5572 2378 5624 tium
2405 5567 2569 5639 hujus
2605 5567 2740 5643 artis
2771 5571 3048 5619 auctorem
3079 5559 3338 5631 appellari
3373 5573 3402 5610 a
3432 5557 3702 5611 Strabone
3725 5556 3805 5607 al-

2245 5666 2442 5728 lirmat,
2477 5676 2600 5716 cum
2636 5674 2736 5714 nec
2774 5671 2962 5712 verum
3012 5654 3064 5709 id
3115 5652 3300 5716 fuerit,
3336 5664 3436 5705 nec
3466 5649 3665 5703 Strabo
3698 5663 3801 5701 un-

2243 5771 2403 5827 quam
2459 5749 2770 5808 somniavit.
2822 5748 3018 5802 Earum
3054 5745 3200 5802 enim
3233 5755 3640 5807 mensurarum,
3687 5752 3804 5810 qua:
