4072 6342
295 321 407 377 977

1274 322 1342 376 ΙΝ
1384 320 1755 380 EUSTATHII
1791 319 2270 378 HEXAEMERON
2308 318 2541 377 NOTAE.

3439 323 3544 379 978

297 440 369 495 ab
396 436 521 508 ejus
566 438 789 494 nomine
833 438 1113 496 Pbidoniat
1163 449 1370 497 vocata:
1412 447 1562 505 sunt,
1617 440 1872 496 inventor
1898 450 1943 503 Α
1972 450 2093 498 sent
2124 440 2376 496 eumdem
2419 452 2658 512 superna
2703 446 2875 496 matre
2904 447 3114 504 natum,
3155 456 3319 512 quam
3362 443 3546 512 perhi-

294 530 545 598 exstitit;
569 530 624 585 id
654 538 709 586 et
740 532 965 602 scripsit
994 530 1213 598 Strabo,
1247 533 1540 602 caeterique
1571 531 1869 603 scriptores

295 620 650 677 confirmant.
689 620 959 688 Quartum
990 637 1056 677 ex
1095 622 1319 694 Argivo,
1368 622 1673 678 Elidensem
1716 624 1868 679 facit.

293 711 557 778 Quamvis
585 711 731 767 enim
762 720 816 768 et
839 713 1039 784 Argos,
1066 723 1120 769 et
1147 712 1262 770 Elis
1290 715 1345 769 in
1369 714 1780 787 Peloponneso:
1817 726 1871 770 at

292 814 563 879 quantum
596 805 839 860 distant?

366 896 621 965 Cotus,
644 897 740 954 lin.
754 898 960 954 45.Kal
981 899 1159 969 ὅρους
1172 886 1287 970 γῆς
1298 901 1641 959 ἐπεν.οιιίηο
1654 918 1872 975 quoque

292 988 555 1053 limitum,
588 990 682 1059 qui
708 989 855 1060 agris
881 991 1043 1046 linem
1069 991 1451 1060 decernerent,
1470 1002 1524 1050 et
1553 995 1769 1065 urbium
1798 1010 1868 1051 1P-

294 1078 699 1136 dilicandarum
717 1084 949 1153 primam
967 1084 1233 1140 rationem
1252 1096 1530 1158 acceptam
1549 1088 1753 1144 ferunt.
1774 1087 1840 1143 Jo
1854 1116 1870 1129 -

296 1172 503 1242 sephus
529 1173 709 1243 Antiq.
739 1173 832 1229 lib.
869 1190 908 1237 ι,
944 1189 1067 1247 cap.
1098 1178 1170 1232 5:
1212 1178 1410 1249 Ὅρους
1441 1195 1499 1233 τε
1532 1180 1637 1251 γῆς
1660 1180 1872 1251 πρῶτος

295 1266 471 1330 ἔθετο,
508 1266 603 1320 καὶ
643 1266 797 1321 πόλιν
825 1267 1097 1339 ἐδείματο,
1144 1269 1240 1322 καὶ
1283 1270 1516 1341 τείχεσιν
1559 1272 1869 1345 ὠχύρωσεν,

295 1353 380 1416 είς
407 1350 573 1405 ταύτὸ
600 1353 869 1407 συνελθεῖν
903 1358 1028 1419 τοὺς
1054 1357 1285 1422 οἰκείους
1315 1361 1754 1429 καταναγκάσας,
1780 1362 1874 1415 καὶ

295 1443 398 1513 τὴν
444 1442 599 1497 πόλιν
631 1442 688 1497 δὲ
722 1444 924 1517 ταύτην
957 1446 1065 1499 ἀπὸ
1113 1446 1345 1503 Ἐνώσου
1379 1451 1473 1504 τοῦ
1501 1452 1872 1523 πρεσϐυτάτου

296 1533 489 1598 παιδὸς
535 1533 1079 1592 Ἐνώσανηὲκάλεσεν.
1116 1538 1452 1610 Theophilus
1474 1542 1871 1608 Antiochenus,

296 1626 398 1680 lib.
429 1642 467 1681 ll
488 1627 557 1680 ad
600 1627 914 1700 Autolycum
942 1647 961 1684 :
1005 1630 1064 1684 Ὀ
1108 1627 1202 1685 οὖν
1230 1631 1372 1685 Κάῖν
1403 1635 1497 1688 καὶ
1526 1636 1688 1700 αὐτὸς
1718 1636 1875 1707 ἔσχεν

294 1716 411 1771 υἱὸν
439 1717 608 1789 ὄνομα
622 1717 812 1790 Ἑνὼχ,
832 1721 925 1775 καὶ
943 1722 1259 1794 ᾠκοδόμησε
1285 1724 1458 1790 πόλιν,
1496 1727 1561 1798 ἦν
1586 1729 1877 1799 ἐπωνόμα-

297 1825 393 1862 σεν
417 1809 509 1862 ἐπὶ
527 1808 604 1880 τῷ
626 1811 848 1883 ὀνόματι
875 1792 968 1867 τού
996 1792 1128 1868 υίοῦή
1147 1792 1310 1870 αύτού
1348 1792 1533 1889 Ἐνώχί
1584 1820 1716 1873 Ἀπὸ
1753 1792 1872 1874 τότε
1908 1792 1945 1845 Β

297 1898 443 1970 ἀρχὴ
485 1899 700 1968 ιγένετο
728 1902 822 1956 τοῦ
873 1904 1266 1975 οἰκοδομεῖσθαι
1324 1909 1526 1973 πόλεις,
1581 1910 1675 1964 καὶ
1710 1910 1870 1966 τοῦτο

297 1992 409 2045 πρὸ
444 1994 846 2066 κατακλυσμοῦ,
896 1998 993 2069 οὐχ
1028 1998 1102 2063 ὡς
1120 2000 1365 2073 ’Όμηρος
1398 2001 1649 2072 ψεύδεται
1681 2003 1869 2073 λέγων·

373 2087 456 2139 Οὐ
472 2084 582 2156 γάρ
596 2102 685 2141 πω
702 2092 1032 2145 πεπόλιστο
1054 2094 1233 2160 πόλις
1240 2096 1518 2163 μερόπων
1531 2096 1869 2165 ἀνθρώπων.

373 2176 511 2231 Ibid.
534 2217 550 2243 ,
600 2180 698 2234 lin.
735 2180 825 2235 48.
882 2180 936 2235 '0
965 2182 1033 2237 δὲ
1086 2185 1257 2256 Ἀδὰμ
1282 2186 1500 2257 μένων.
1541 2187 1707 2246 Filias
1738 2190 1874 2245 duas

296 2268 573 2326 Adamum
615 2288 956 2343 procreasse,
1001 2276 1237 2333 Azuram
1284 2289 1339 2336 et
1363 2282 1583 2351 Asvam,
1619 2285 1866 2349 tradunt,

298 2360 395 2413 alii
434 2361 747 2418 Calmanam
781 2373 836 2420 et
867 2364 1216 2426 Lemboram.
1269 2370 1629 2442 Epiphanius,
1676 2374 1869 2431 haeres.

298 2451 392 2517 39,
425 2468 491 2507 ex
517 2451 756 2510 Jobilwis
800 2458 965 2513 refert
1009 2461 1246 2516 Azuram
1284 2461 1435 2519 Setbi
1463 2464 1637 2522 fuisse
1672 2468 1869 2535 conju-

300 2559 444 2613 gem.
479 2544 680 2601 Asvam
710 2563 864 2614 vero,
900 2551 1013 2605 sive
1065 2551 1284 2620 Savam,
1335 2563 1395 2609 ut
1444 2555 1562 2626 ipse
1616 2559 1869 2628 appellat,

300 2636 479 2693 Caini.
531 2638 814 2696 Cedrenus
867 2643 1115 2698 eamdem
1158 2644 1325 2701 Setino
1385 2649 1654 2720 assignat,
1709 2666 1871 2721 quam

301 2729 501 2782 Asvam
555 2739 733 2786 vocat.
791 2731 1099 2791 Methodius
1157 2736 1472 2796 Patarensis
1507 2741 1637 2793 :‘Ev
1689 2740 1745 2794 δὲ
1796 2742 1874 2812 τῷ

302 2823 609 2894 τριακοστῷ
646 2826 823 2898 χρόνῳ
855 2828 952 2899 τῆς
995 2827 1175 2893 ἐξόδου
1214 2831 1390 2884 αὐτῶν
1422 2831 1516 2886 τοῦ
1548 2833 1871 2905 παραδείσου

302 2914 532 2970 τέτοκαν
559 2917 699 2972 Κάῑν
726 2919 815 2972 τὸν
836 2921 1178 2992 πρωτότοκον
1205 2923 1300 2977 καὶ
1326 2922 1423 2995 τὴν
1448 2925 1683 2997 ἀδελφὴν
1709 2926 1871 2981 αὐτοῦ

305 3006 624 3078 Καλμάναν.
659 3011 769 3065 Καὶ
814 3014 951 3084 μετά
994 3015 1308 3085 τριακοστὸν
1352 3017 1535 3087 ἕτερον
1572 3018 1690 3081 ἔτος
1725 3020 1874 3087 ἐγέν-

304 3115 437 3170 νησε
464 3100 553 3154 τὸν
580 3102 745 3156 Ἀϐελ
773 3105 869 3158 σὺν
899 3107 963 3176 τῇ
996 3105 1253 3177 Λεμϐόρᾳ
1279 3109 1343 3177 τῇ
1369 3106 1569 3180 ἀδελφῇ
1600 3110 1785 3164 αὐτοῦ.

377 3191 534 3259 lbid.,
574 3194 671 3251 lin.
689 3194 778 3252 49.
822 3197 917 3251 Ἐν
946 3192 1043 3264 οἷς
1075 3197 1393 3266 ἐξαίρετος.
1429 3199 1722 3271 Josephus,
1764 3206 1873 3256 Αη-

307 3285 488 3354 tiquit.
515 3286 610 3342 lib.
647 3304 686 3352 ι,
718 3304 836 3360 cap.
872 3291 907 3345 5
940 3308 955 3347 :
985 3292 1231 3345 Γίνονται
1264 3294 1359 3363 μὲν
1378 3289 1472 3347 οὖν
1499 3294 1681 3359 παῖδες
1709 3295 1871 3357 αὑτοῦ

303 3375 455 3430 ἄλλοι
486 3394 543 3431 τε
568 3380 662 3433 καὶ
688 3380 923 3446 πλείους,
946 3384 1042 3436 καὶ
1062 3384 1253 3455 Σῆθος.
1297 3385 1456 3440 Ἀλλά
1488 3387 1616 3458 περὶ
1644 3387 1743 3458 μὲν
1766 3387 1873 3441 τῶν

304 3468 481 3523 ἄλλων
511 3473 718 3544 μακρὸν
743 3474 811 3528 ἂν
842 3475 926 3546 εἴη
953 3476 1131 3545 λέγειν
1153 3494 1166 3509 ·
1195 3480 1529 3550 πειράσομαι
1560 3479 1615 3533 δὲ
1643 3480 1778 3550 μόνα
1808 3481 1872 3534 τά

302 3562 412 3616 τῶν
438 3564 546 3617 ἀπὸ
577 3565 748 3637 Σήθου
772 3568 1015 3623 διελθεῖν.
1034 3571 1273 3642 Τραφεὶς
1302 3571 1411 3643 γὰρ
1436 3568 1605 3636 οὗτος,
1623 3575 1716 3626 καὶ
1735 3590 1874 3644 παρ-

303 3654 473 3708 ελθὼν
510 3658 590 3721 εἰς
622 3657 859 3730 ἡλικίαν,
903 3662 1003 3732 ἤδη
1036 3662 1104 3716 τὰ
1144 3663 1282 3717 καλὰ
1327 3665 1531 3736 κρίνειν
1559 3665 1869 3737 δυνάμενος,

303 3747 507 3818 ἀρετὴν
558 3750 905 3820 ἐπετήδευσε,
959 3753 1051 3806 καὶ
1097 3755 1384 3825 γενόμενος
1425 3757 1585 3822 αὐτὸς
1631 3758 1868 3829 ἄριστος,

307 3835 550 3905 μιμητὰς
596 3838 760 3892 αὐτοῦ
804 3841 929 3904 τοὺς
977 3842 1275 3910 ἀπογόνους
1321 3845 1629 3902 κατέλιπεν.
1678 3850 1740 3900 Οἱ
1789 3849 1866 3909 δὲ,

304 3927 505 3990 πάντες
533 3926 726 3996 ἀγαθοὶ
750 3929 942 3998 φύντες
966 3932 1067 4002 γῆν
1090 3949 1149 3985 τε
1164 3933 1329 4004 αὐτὴν
1358 3935 1708 3990 ἀστασίαστοι
1731 3955 1868 3992 κατ-

301 4014 638 4086 ῳκήσαντες,
684 4018 1075 4091 εὐδαιμόνησαν
1095 4062 1109 4083 ,
1144 4024 1369 4094 μηδενὸς
1400 4025 1580 4090 αὐτοῖς
1616 4026 1742 4097 ἄχρι
1785 4045 1871 4081 τε-

301 4107 497 4176 λευτῆς
532 4110 789 4165 δυσκόλου
824 4114 1243 4182 προσπεσόντος.
1272 4114 1472 4170 Eadem
1505 4117 1668 4172 habet
1694 4118 1870 4173 Zona-

302 4215 419 4268 ras,
453 4202 649 4257 Annal.
694 4210 828 4259 tom.
874 4203 913 4258 Ι.
941 4204 990 4261 Is
1044 4206 1227 4276 itaque
1258 4218 1310 4262 et
1347 4208 1472 4263 vitae
1504 4210 1866 4264 sanctimonia

306 4292 559 4363 insignis,
594 4302 650 4349 et
683 4295 944 4350 virtutum
986 4297 1228 4352 omnium
1272 4299 1570 4356 honoribus
1599 4301 1867 4357 condeco-

306 4392 486 4447 ratus,
506 4385 725 4455 pietatis
753 4386 926 4441 divini
960 4388 1200 4444 nominis
1232 4390 1534 4457 studiosus,
1566 4390 1701 4445 Deus
1728 4391 1863 4462 ipse,

1971 534 2102 589 bent
2122 532 2449 589 convenisse
2468 547 2594 588 cum
2620 547 2859 604 superno
2884 539 3039 603 patre
3060 540 3121 587 ut
3146 533 3271 589 inde
3295 534 3545 590 divinum

1971 641 2155 680 semen
2180 624 2329 681 aliud
2356 633 2679 681 nasceretur
2724 632 2985 696 tanquam
3035 626 3270 682 filiorum
3307 625 3425 682 Dei.
3467 625 3545 682 De

1970 733 2201 790 quorum
2249 732 2387 771 vana
2434 717 2692 786 opinione
2734 718 2859 773 vide
2910 718 2975 774 D.
3030 718 3261 789 August.
3307 720 3401 777 lib.
3465 720 3546 775 De

1971 806 2282 869 Itwresibus,
2340 806 2409 860 ad
2452 806 2907 872 Quodvultdeum.
2961 807 3175 866 Delrius
3244 816 3449 874 tamen,
3486 811 3540 864 in

1971 902 2077 956 ﬁne
2109 915 2232 971 cap.
2269 915 2321 955 tv
2361 898 2572 964 δίκαι,
2606 900 2787 969 rejicit
2826 900 2968 957 hanc
3006 903 3316 974 opinionem
3365 913 3544 959 tanto-

1972 1009 2092 1048 rum
2141 992 2363 1048 Patrum
2416 991 2748 1048 testimoniis
2800 993 3093 1051 tirmatam.
3146 996 3382 1060 Domini,
3440 995 3543 1051 He—

1974 1085 2171 1150 braice,
2209 1084 2409 1155 inquit,
2448 1096 2525 1139 est
2560 1093 3059 1153 tetragrammaton,
3091 1087 3230 1157 quod
3260 1088 3360 1143 soli
3391 1104 3543 1142 sem-

1971 1191 2062 1245 per
2110 1175 2215 1230 Deo
2253 1175 2663 1246 datum:quare
2702 1193 2971 1248 nunquam
3013 1176 3267 1231 tributum
3306 1177 3540 1241 Enoelto,

1974 1277 2067 1322 aut
2094 1268 2224 1338 [iliis
2251 1267 2406 1331 eius;
2436 1266 2552 1322 ideo
2578 1285 2679 1321 non
2709 1278 2831 1322 sunt
2860 1269 3108 1324 audiendi
3140 1268 3289 1339 (nota
3318 1270 3419 1324 viri
3455 1284 3543 1325 re-

1974 1359 2155 1431 ligiosi
2189 1360 2244 1414 in
2279 1367 2501 1416 sanctos
2545 1359 2737 1415 Patres
2780 1360 3165 1431 reverentiam)
3195 1376 3378 1431 graves
3405 1359 3543 1414 alio-

1974 1454 2098 1523 quin
2126 1453 2429 1521 scriptores,
2466 1451 2720 1523 Cyrillus,
2758 1451 3134 1517 Theodoretus,
3166 1451 3468 1519 Emisenus,
3490 1460 3543 1506 et

1977 1542 2192 1610 Suidas,
2222 1550 2312 1614 qui
2339 1552 2602 1613 exponunt
2629 1554 2750 1598 tunc
2779 1543 3012 1610 Enoclto,
3048 1553 3259 1614 propter
3286 1546 3541 1615 insignem

1974 1635 2238 1702 pietatem,
2257 1633 2373 1700 Dei,
2390 1643 2438 1688 et
2456 1633 2663 1700 liberis,
2696 1635 2927 1699 ﬁliorum
2957 1635 3054 1690 Dei
3091 1651 3276 1690 nomen
3309 1634 3495 1689 datum
3523 1650 3542 1687 :

1976 1725 2163 1796 quibus
2194 1726 2392 1780 resistit
2422 1724 2674 1781 Hebraeus
2703 1736 2996 1781 contextus.
3030 1725 3245 1797 Decepit
3270 1743 3378 1792 eos,
3404 1725 3542 1796 quod

1978 1833 2077 1870 non
2118 1815 2407 1871 distinxere
2442 1817 2583 1871 inter
2611 1816 2839 1883 Hcloim,
2892 1817 3029 1889 quod
3080 1827 3157 1872 est
3195 1833 3310 1887 cap.
3372 1833 3445 1883 vl,
3486 1817 3539 1878 1,

1974 1919 2022 1963 et
2052 1909 2316 1979 ineffabile
2348 1926 2534 1964 nomen
2561 1910 2701 1980 quod
2728 1910 2812 1963 hic
2835 1910 3084 1979 positum.

2046 1998 2203 2056 lbid..
2230 2000 2325 2053 lin.
2368 2000 2456 2055 52.
2488 1997 2677 2068 Οὗτος
2708 2001 2819 2071 γὰρ
2848 2000 3100 2069 πρῶτος.
3137 1999 3336 2055 Suidas
3364 2018 3377 2054 :
3410 2000 3541 2053 Θεὸν

1974 2091 2083 2163 γάρ
2110 2090 2200 2144 τὸν
2231 2091 2339 2163 Σὴθ
2367 2092 2417 2145 oi
2448 2092 2568 2146 τότε
2601 2092 2875 2164 ἄνθρωποι
2910 2093 3331 2165 προσηγόρευον,
3362 2092 3450 2145 διὰ
3481 2092 3543 2144 τὸ

1976 2183 2325 2255 ἐξευρηκέναι
2353 2183 2423 2237 τά
2453 2201 2511 2237 τε
2550 2183 2812 2256 Ἐϐραῖκά
2849 2184 3173 2257 γράμματα,
3198 2184 3296 2247 τάς
3339 2199 3398 2236 τε
3428 2181 3543 2243 ,τῶν

1975 2275 2217 2348 ἀστέρων
2257 2275 2571 2347 ὀνομασίας,
2603 2277 2695 2330 καὶ
2730 2276 2869 2346 πρὸς
2906 2276 3111 2340 τούτοις
3141 2275 3340 2346 πολλὴν
3389 2274 3544 2329 succ-

1975 2368 2126 2421 ϐειαν
2150 2365 2313 2421 αὐτοῦ
2348 2365 2744 2438 θαυμάσαντες,
2772 2366 2847 2431 ὥς
2880 2383 2946 2434 γε
2979 2367 3071 2421 καὶ
3103 2366 3314 2438 πρῶτος
3347 2368 3543 2425 ἐπικα-

1975 2456 2179 2511 λεῖσθαι
2206 2456 2338 2521 Θεὸς
2371 2460 2465 2511 καὶ
2497 2455 2877 2529 ὀνομάζεσθαι.
2915 2457 3193 2513 Manasses
3224 2456 3278 2511 in
3311 2455 3542 2512 .4nn1l.:

1975 2551 2079 2605 Τὸν
2106 2549 2214 2615 Σὴθ
2243 2553 2424 2615 αὐτοῖς
2452 2550 2542 2605 τὸν
2570 2551 2777 2604 δίκαιον
2806 2550 2938 2614 Θεὸς
2961 2549 3349 2622 ἀντιδωρεῖται.

2051 2646 2155 2710 Ὃς
2168 2645 2387 2713 ἔθηκεν
2402 2644 2661 2713 ὀνόματα
2673 2643 2799 2710 τοῖς
2812 2645 3113 2712 οὐρανίοις
3130 2642 3391 2712 ἄστροις.

1975 2736 2276 2791 Alexander
2320 2735 2626 2807 Polyhistor
2660 2736 2800 2805 apud
2836 2735 3147 2799 Eusebium,
3184 2735 3262 2790 De
3284 2749 3546 2804 praapara-

1976 2831 2115 2883 tione
2146 2829 2372 2899 evangel.
2408 2844 2528 2899 cap.
2560 2826 3061 2896 ult.,et.losephus,
3085 2827 3267 2899 Antiq.
3288 2828 3380 2882 lib.
3399 2844 3440 2894 ι,
3468 2830 3544 2883 di-

1975 2927 2106 2975 cunt
2126 2919 2495 2973 Abrahamum
2511 2920 2743 2989 primum
2759 2917 3032 2990 Egyptiis
3052 2919 3358 2990 astrologiae
3370 2927 3542 2973 artem

1976 3010 2278 3081 aperuisse,
2303 3010 2500 3065 deinde
2529 3025 2559 3064 a
2588 3009 2857 3065 Chaldaeis
2893 3009 2949 3064 in
2984 3008 3244 3065 Graeciam
3280 3011 3540 3076 ﬂuxisse;

1923 3139 1940 3153 η
1977 3101 2043 3155 de
2079 3101 2280 3170 quibus
2322 3100 2571 3156 inferius.
2601 3097 2874 3169 Josephus
2904 3108 3084 3155 tamen
3116 3100 3395 3155 inventum
3438 3100 3540 3154 hoc

1979 3194 2145 3251 Setino
2176 3195 2389 3250 tribuit.
2426 3194 2597 3264 Cujus
2628 3209 2760 3249 sane
2783 3193 2981 3249 divina}
3001 3195 3139 3250 artis
3169 3194 3538 3260 inventionem

1975 3303 2006 3342 a
2047 3286 2314 3359 profanis,
2360 3286 2609 3359 profanis
2649 3286 2964 3341 hominibus
3007 3288 3209 3342 ascribi
3271 3286 3400 3358 quid
3438 3288 3536 3340 mi-

1974 3379 2136 3434 rum?
2180 3378 2387 3433 Plinius
2435 3378 2532 3434 lib.
2572 3394 2670 3443 vn,
2703 3391 2826 3447 cap.
2867 3377 2959 3441 56,
3000 3378 3353 3448 Astrologiam
3384 3378 3537 3432 Atlas

1973 3470 2153 3542 Libya:
2182 3473 2350 3542 ﬁlius,
2380 3482 2437 3526 ut
2476 3472 2573 3526 alii
2602 3471 2867 3543 ﬂgyptii,
2898 3480 2953 3524 ut
2988 3471 3085 3524 alii
3115 3471 3347 3541 Assyrii.
3382 3469 3537 3525 Ideo-

1974 3578 2079 3633 que
2100 3563 2296 3619 cmlum
2326 3563 2571 3619 humeris
2599 3572 2843 3634 gestasse
2871 3561 3234 3617 tradiderunt.
3269 3560 3536 3617 Diodorus

1975 3656 2245 3727 Egyptiis
2299 3657 2604 3720 exordium,
2639 3655 2859 3710 Servius
2884 3653 2919 3707 6
2942 3651 3150 3723 Virgilii
3184 3651 3380 3723 Ecloga
3409 3652 3537 3708 Pro-

1974 3747 2184 3802 metheo
2242 3746 2492 3801 sideralis
2549 3745 2716 3815 hujus
2766 3742 3008 3798 scientiae
3063 3741 3275 3795 tribuit.
3332 3741 3536 3797 Catena

1971 3840 2156 3893 Grtnca
2184 3840 2236 3892 in
2263 3837 2501 3891 Exedunt
2530 3853 2546 3891 :
2576 3836 2745 3907 Ἑνὼχ
2776 3835 2989 3908 πρῶτος
3023 3833 3190 3904 ἔμαθε
3215 3834 3536 3905 γράμματα,

1972 3930 2064 3983 καὶ
2092 3928 2296 4000 ἔγραψε
2321 3929 2391 3984 τὰ
2426 3932 2623 4001 σημεῖα
2652 3927 2747 3983 τοῦ
2775 3925 3004 3996 οὐρανοῦ
3050 3927 3145 3979 καὶ
3184 3925 3281 3989 τὰς
3309 3926 3535 3997 τροπὰς,

1972 4019 2064 4072 καὶ
2097 4019 2218 4081 τοὺς
2252 4018 2446 4089 μῆνας.

2043 4109 2200 4177 lbid.,
2239 4111 2333 4164 lin.
2370 4110 2461 4165 55.
2486 4108 2743 4163 Μέλλων
2767 4108 2877 4177 γὰρ
2901 4106 3208 4175 τελευτᾷν.
3242 4105 3535 4189 JosephttS.

1970 4204 2150 4275 Antiq.
2186 4203 2279 4259 lib.
2313 4217 2489 4272 I,cap.
2517 4203 2583 4257 5:
2616 4201 2814 4272 Σοφίαν
2840 4218 2899 4255 τε
2932 4202 3031 4271 τὴν
3064 4200 3287 4273 περὶτὰ
3310 4200 3537 4272 οὐράνια

1969 4298 2059 4353 καὶ
2089 4297 2186 4369 τὴν
2204 4297 2394 4351 τούτου
2422 4296 2779 4367 διακόσμησιν
2809 4295 3124 4363 ἐπενόησαν.
3164 4293 3333 4365 Ὑπὲρ
3359 4293 3415 4346 δὲ
3438 4293 3534 4346 τοῦ

1972 4389 2045 4460 μὴ
2087 4389 2367 4458 διαφυγεῖν
2403 4387 2529 4450 τοὺς
2561 4385 2878 4456 ἀνθρώπους
2919 4384 2989 4437 τὰ
3026 4384 3323 4455 εὑρημένα,
3375 4383 3532 4454 μηδὲ,

305 4485 367 4529 ιιι
390 4474 574 4537 videre
602 4484 686 4532 est
714 4492 778 4531 ex
817 4475 982 4532 Snida
1017 4486 1071 4534 et
1097 4478 1241 4542 aliis,
1274 4481 1470 4534 meruit
1500 4482 1780 4551 appellari,
1810 4491 1865 4536 et

1970 4483 2095 4549 πρὶν
2116 4481 2195 4544 εἰς
2214 4479 2413 4548 γνῶσιν
2430 4477 2623 4539 ἐλθεῖν,
2641 4476 2928 4548 φθαρῆναι,
2951 4491 3091 4545 προῃ
3100 4474 3323 4544 ρηκότος
3345 4475 3535 4542 ἀφανι-

304 4569 403 4623 lilii
449 4568 602 4638 ejus,
648 4570 749 4639 ﬁlii
791 4570 910 4635 Dei,
958 4586 1069 4626 non
1116 4578 1324 4626 tantum
1356 4577 1483 4643 quia
1521 4589 1749 4643 corpore
1781 4591 1868 4628 ro-

301 4659 489 4726 busto,
523 4675 770 4730 procero,
799 4668 853 4717 et
887 4661 1120 4732 eleganti
1149 4672 1326 4726 erant,
1357 4671 1411 4717 et
1451 4664 1674 4734 reliquis
1700 4666 1863 4719 etiam

300 4768 486 4809 rerum
512 4754 868 4809 humanarum
896 4755 1236 4812 excellentiis
1263 4756 1421 4826 longe
1445 4757 1657 4812 caeteris
1678 4766 1865 4813 essent

302 4844 654 4917 insigniores.
695 4845 831 4902 Vide
871 4844 1155 4918 Cyrillum,
1201 4847 1298 4903 lib.
1352 4863 1405 4903 ix
1456 4857 1639 4902 contra
1685 4848 1865 4902 Julia-

299 4953 462 5003 num;
507 4946 561 4994 et
588 4937 655 4994 de
678 4938 786 4995 illis
813 4940 992 4994 locum
1018 4939 1170 4994 illum
1202 4955 1373 4995 sacrae
1408 4939 1724 5011 Scriptum,
1760 4941 1865 4996 Vi-

299 5031 483 5085 dentes
512 5030 613 5099 ﬁlii
648 5029 747 5085 Dei
781 5030 925 5101 ﬁlias
956 5031 1229 5085 hominum
1253 5032 1319 5095 '°.,
1345 5038 1477 5095 etc.,
1512 5048 1633 5088 csse
1664 5033 1866 5088 intelli-

297 5124 535 5193 gendum
575 5123 851 5178 existimat
884 5122 1333 5194 Cbrysostomus,
1380 5124 1526 5180 born.
1572 5123 1642 5177 22
1681 5124 1735 5177 in
1763 5122 1862 5179 Ge-

300 5230 451 5278 nes.,'
478 5214 835 5285 Augustinus,
877 5215 971 5269 lib.
1015 5231 1084 5268 xv
1113 5214 1189 5269 De
1214 5215 1423 5270 civitate
1462 5215 1576 5279 Dei,
1609 5230 1729 5284 cap.
1756 5214 1859 5283 25;

301 5304 700 5370 Theodoretus,
729 5314 922 5377 quaest.
952 5305 1023 5359 47
1049 5306 1103 5360 in
1128 5307 1350 5369 Genes.;
1382 5306 1622 5363 Joannes
1652 5308 1865 5363 Cassia-

300 5412 426 5461 nus,
463 5398 646 5453 collat.
677 5399 732 5462 8,
757 5414 859 5470 cap
905 5398 1006 5465 2i;
1042 5398 1302 5469 Cyrillus,
1335 5400 1430 5455 lib.
1463 5416 1517 5454 Ix
1547 5412 1731 5455 contra
1759 5400 1863 5454 Ju-

302 5492 534 5555 lianum;
565 5490 858 5561 Rupertus,
889 5493 986 5547 lib.
1012 5510 1063 5547 tv
1089 5494 1141 5546 in
1171 5491 1334 5547 Cenes
1365 5534 1380 5558 ,
1405 5509 1523 5563 cap.
1557 5493 1623 5546 i9.
1666 5502 1719 5548 et
1746 5497 1858 5549 alii.

301 5582 472 5649 Quem
501 5583 708 5639 utinam
739 5598 848 5639 non
878 5584 1149 5653 fabulosa,
1184 5595 1238 5641 et
1266 5586 1517 5641 husretica
1551 5588 1862 5652 dignatione

304 5677 546 5733 Scthiani
580 5677 818 5734 haeretici
857 5679 1237 5736 ltonorassent.
1271 5679 1387 5736 Non
1423 5682 1564 5735 enim
1601 5679 1860 5736 allirmas-

369 5774 416 5806 ⁸⁰
438 5773 574 5829 Gen.
608 5789 683 5839 vr,
711 5773 764 5827 2.

1970 4572 2104 4642 σμὸν
2148 4569 2376 4639 Ἀδάμου
2428 4568 2536 4620 τῶν
2564 4566 2698 4621 ὅλων
2726 4554 2950 4619 ἔσεσθαι
2972 4565 3065 4618 τὸν
3101 4566 3197 4635 μὲν
3228 4564 3348 4619 κατ’
3381 4565 3534 4635 ἰσχὺν

1970 4661 2158 4732 πυρὸς,
2200 4660 2290 4713 τὸν
2322 4659 2510 4731 ἕτερον
2551 4658 2607 4711 δὲ
2653 4659 2794 4712 κατά
2825 4657 2947 4727 βίαν
2968 4657 3062 4710 καὶ
3088 4655 3290 4725 πλῆθος
3324 4655 3531 4719 ὓδατος,

1970 4753 2165 4824 στήλας
2192 4752 2285 4806 δύο
2316 4752 2694 4823 ποιησάμενοι,
2738 4751 2836 4821 τὴν
2879 4749 2975 4820 μὲν
3008 4751 3073 4802 ὲκ
3107 4748 3345 4813 πλίνθου,
3374 4749 3471 4820 τὴν
3492 4748 3534 4800 δ’

1968 4844 2158 4914 ἑτέραν
2197 4844 2260 4896 ὲκ
2302 4842 2491 4905 λίθων,
2536 4839 2869 4911 ἀμφοτέραις
2915 4838 3219 4911 ἐνέγραψαν
3260 4839 3328 4892 τά
3367 4840 3530 4909 εὑρη-

1969 4936 2126 5008 μένα,
2153 4937 2261 5003 ἵνα,
2291 4938 2394 4992 καὶ
2424 4934 2825 5010 τῆςπὲιινθίνης
2869 4932 3255 5007 acquum-3:ng
3280 4930 3532 4998 mme

1967 5030 2288 5101 ἐπομϐρίας,
2324 5034 2357 5100 ή
2386 5030 2559 5101 λιθίνη
2608 5030 2840 5101 μείνασα
2887 5028 3144 5098 παράσχῃ
3189 5025 3380 5096 μαθεῖν
3421 5026 3530 5087 τοῖς

1965 5121 2270 5192 ἀνθρώποις
2300 5117 2379 5175 τὰί
2391 5121 2836 5193 ἐγγεγραμμένα,
2868 5119 3101 5192 δηλοῦσα
3127 5120 3222 5173 καὶ
3254 5115 3529 5186 πλινθίνην

1962 5214 2006 5267 δ’
2037 5215 2126 5267 ὑπ’
2157 5213 2336 5268 αὐτῶν
2382 5215 2724 5286 ἀνατεθῆναι.
2772 5214 2941 5267 Μένει
2984 5213 3028 5266 δ’
3069 5212 3197 5282 ἄχρι
3235 5208 3329 5262 τοῦ
3371 5208 3529 5281 δεῦρο

1964 5307 2103 5361 κατά
2150 5308 2247 5378 τὴν
2297 5307 2550 5377 Συριάδα.
2601 5307 2801 5361 Eadem
2848 5305 2959 5360 fere
3007 5305 3271 5366 Zonaras,
3328 5302 3523 5356 Annal.

1965 5410 2094 5453 tom.
2128 5400 2169 5460 1,
2196 5398 2395 5467 quibus
2418 5399 2702 5452 columnas
2742 5398 2907 5452 hasce
2945 5412 2975 5449 a
3010 5397 3179 5451 Sctho
3218 5397 3332 5451 sive
3363 5398 3524 5450 etiam

1964 5488 2083 5557 ejus
2121 5489 2415 5557 nepotibus
2452 5487 2747 5557 superstite
2776 5487 2982 5541 Atlamo
3012 5486 3183 5541 fuisse
3220 5492 3525 5540 exstructas

1967 5582 2314 5636 manifestum
2363 5588 2465 5635 est.
2513 5579 2790 5635 Marianus
2821 5579 3019 5634 Sestus
3056 5594 3168 5633 non
3199 5579 3268 5632 ab
3298 5577 3523 5633 Adamo.

1966 5674 2057 5728 scd
2091 5674 2156 5729 ab
2186 5674 2494 5729 Abrahamo
2528 5682 2873 5732 constructas
2914 5675 3096 5730 rcl‘crt.
3144 5673 3524 5730 Geuehrardts
