4072 6342
597 304 700 358 979

1948 309 2192 366 LEONIS
2225 311 2497 370 ALLATII

3671 336 3677 341 ’
3713 333 3804 388 980

595 425 992 497 Chronograpli.
1025 425 1121 484 lib.
1155 441 1194 491 ι,
1228 441 1324 484 eas
1354 428 1517 484 modo
1545 429 1784 493 tabulas,
1819 429 1982 497 modo
2009 439 2168 485 vocat
2197 437 2242 492 Α
2271 435 2407 488 mine
2450 435 2540 488 ubi
2587 446 2910 507 regnaretur,
2957 440 3171 494 condita
3229 453 3302 496 est
3359 445 3564 502 ciuitas.
3621 447 3800 506 Tertius

593 518 912 582 columnas;
939 517 1153 573 tandem
1180 520 1371 574 scribit
1422 536 1517 577 eas
1542 521 1711 578 fuisse
1742 521 1975 587 tabulas,
2009 540 2170 578 unam

592 624 798 663 teneam
832 616 1027 663 contra
1071 625 1228 679 aqua:
1272 613 1589 676 illuvioues,
1625 616 1850 670 alteram
1884 616 2171 672 lateritiam

591 708 781 754 contra
813 700 957 770 ignis
974 701 1468 773 conﬂagrationes;
1505 707 1559 760 in
1590 722 1821 776 quarum
1847 708 2020 777 prima
2043 709 2172 764 libe-

594 790 738 845 rales
772 801 919 848 artes
951 796 1253 864 praesertim
1285 797 1591 852 doctrinam
1625 800 1693 854 de
1718 799 1847 865 Deo,
1873 808 1926 855 et
1960 803 2170 858 mathe-

593 883 810 946 matica,
861 885 916 940 in
966 886 1140 941 altera
1184 889 1605 957 promissionem
1635 893 1703 946 de
1742 893 1973 957 semine,
2005 894 2058 948 id
2087 906 2172 951 est

589 974 832 1039 Christo,
887 977 1019 1032 Adae
1069 977 1292 1045 factam,
1350 981 1619 1046 caelatam,
1667 986 2039 1053 scripserunt;
2075 986 2170 1042 sed

591 1072 848 1123 auctores
880 1069 1024 1124 unde
1057 1069 1171 1126 haec
1199 1072 1395 1126 haheat
1422 1072 1808 1130 Genebrardus
1829 1091 1938 1130 non
1961 1077 2165 1144 laudat,

589 1173 728 1228 quos
758 1167 890 1230 puto
920 1177 1030 1216 non
1065 1163 1268 1217 multos
1296 1171 1535 1227 exstare,
1575 1173 1630 1220 et
1664 1166 1709 1222 si
1741 1167 1865 1237 quis
1895 1168 1986 1222 ille.
2019 1177 2168 1225 esset

590 1266 700 1304 non
726 1253 1027 1321 probabilia
1059 1255 1326 1322 dicerent,
1358 1271 1458 1311 nec
1489 1257 1544 1311 in
1573 1257 1802 1313 historia
1837 1267 1951 1314 tuta
1977 1269 2031 1316 et
2056 1261 2166 1332 pri—

589 1360 738 1398 mum
768 1355 960 1401 contra
987 1345 1397 1402 Genebrardum
1435 1350 1752 1405 necessario
1787 1351 2164 1408 allirmandum

587 1445 693 1499 cst,
732 1437 787 1491 in
819 1437 927 1493 illis
958 1437 1161 1494 tabulis
1189 1440 1302 1495 sive
1331 1441 1606 1497 columnis
1640 1442 1827 1496 caelata
1857 1457 1969 1498 non
1997 1442 2166 1500 fuisse

587 1527 827 1592 diversa,
852 1536 908 1584 et
937 1529 1044 1583 alia
1081 1544 1146 1583 ac
1175 1531 1280 1584 alia
1306 1549 1321 1587 :
1353 1533 1447 1587 sed
1477 1549 1599 1602 qua:
1633 1533 1689 1588 in
1721 1549 1851 1600 una,
1891 1535 2080 1590 eadem
2110 1544 2165 1592 et

589 1619 644 1675 in
674 1621 801 1676 alia.
841 1621 1042 1680 Demus
1069 1625 1214 1680 enim
1244 1626 1391 1696 quod
1418 1633 1472 1681 et
1505 1625 1574 1682 de
1604 1625 1734 1694 Deo,
1773 1634 1827 1683 et
1864 1627 2164 1682 mathema-

587 1713 718 1777 tica,
756 1724 811 1770 et
849 1715 918 1771 de
946 1717 1314 1787 promissione
1351 1719 1600 1782 seminis,
1633 1719 1780 1789 quod
1803 1727 1950 1776 esset
1981 1720 2160 1775 adhuc

2275 525 2502 590 Caidatl,
2537 545 2686 595 quem
2711 532 2887 599 genuit
2923 530 3100 584 Enoch
3126 547 3144 584 :
3183 545 3399 604 quartus
3431 536 3643 603 Maniel,
3674 558 3802 610 quem

2271 619 2446 684 genuit
2495 616 2703 672 Gaidad
2739 637 2757 674 :
2812 622 3025 692 quintus
3077 621 3397 691 Mathusael,
3456 645 3600 698 quem
3653 635 3802 700 genuit

2272 708 2470 764 Maniel
2493 727 2510 764 :
2535 722 2712 767 sextus
2746 711 2992 778 Lamech,
3025 731 3174 784 quem
3205 717 3379 785 genuit
3407 717 3709 782 Mathusael,
3729 725 3805 791 qui

2269 803 2518 870 septimus
2544 814 2618 858 est
2652 804 2715 858 ab
2743 805 2916 860 Adam
2946 823 3038 877 per
3066 805 3221 862 Cain.
3246 808 3654 866 cherationem
3682 811 3803 868 hanc

2269 893 2485 962 vulgata
2532 893 2699 948 editio
2745 897 2849 950 etsi
2889 905 3098 952 mutato
3143 899 3362 954 nomine
3416 901 3575 956 habet
3619 916 3728 972 cap.
3759 919 3802 958 tv

2270 982 2494 1040 Genes.:
2522 984 2688 1040 Porro
2720 987 2822 1056 ipsi
2857 986 3068 1043 Henoch
3099 999 3254 1045 natus
3278 1000 3355 1045 est
3395 990 3544 1054 Irad,
3575 991 3694 1046 Irad
3722 1011 3802 1047 au-

2271 1083 2370 1127 tem
2391 1077 2568 1144 genuit
2592 1074 2867 1141 Mehviael,
2886 1077 3141 1132 Melwiael
3169 1082 3344 1151 genuit
3369 1079 3680 1149 Mathusnel,
3701 1083 3802 1138 Ha-

2269 1167 2472 1223 thusael
2515 1185 2631 1222 rero
2671 1173 2848 1240 genuit
2895 1169 3150 1237 Lantech;
3177 1182 3228 1225 At
3259 1171 3486 1228 Lamech
3518 1174 3682 1239 duxit,
3711 1185 3799 1231 etc.

2269 1257 2619 1331 Septuaginta
2667 1263 2850 1332 legunt
2897 1264 3244 1319 Μαθουσάλα.
3289 1265 3640 1320 Levissimam
3683 1267 3801 1324 hanc

2265 1355 2618 1424 exscriptoris
2640 1355 2846 1426 πλάνην
2863 1354 3290 1425 agnovitCatena
3314 1355 3504 1411 Graeca
3526 1360 3578 1412 in
3605 1357 3799 1414 Cenem

2265 1446 2423 1519 Παρὰ
2461 1451 2572 1511 τοῖς
2630 1447 3026 1518 Ἐσδομήκοντα
3067 1447 3394 1503 Μαθουσάλα
3428 1451 3620 1505 κεῖται.
3657 1451 3801 1504 Τοῦτο

2263 1537 2321 1592 δὲ
2357 1536 2529 1608 πλάνη
2574 1537 2814 1609 γραφική
2853 1538 3017 1591 ἐστιν.
3061 1537 3120 1590 '0
3157 1537 3267 1609 γὰρ
3294 1539 3620 1592 Μαθουσάλα
3642 1541 3698 1592 ἐκ
3720 1541 3801 1604 τῆς

2267 1628 2604 1698 συνεστώσης
2647 1630 2838 1696 γενεᾶς
2879 1629 3000 1682 ἐστι
3039 1628 3133 1682 τοῦ
3182 1629 3313 1700 Σήθ.
3369 1629 3427 1684 '0
3463 1629 3571 1704 ’,ὰρ
3600 1631 3698 1684 ἀπὸ
3721 1633 3798 1685 τοῦ

2265 1721 2406 1775 Κάῖν
2443 1719 2770 1776 Μαθουσάλα
2813 1720 3078 1788 καλεῖται,
3124 1721 3199 1785 ὡς
3233 1720 3522 1794 ὲξώρισται
3557 1722 3685 1794 μετὰ
3712 1723 3799 1777 τῶν

560 1804 802 1861 .‹Ιὶίῐίοἱιο
848 1809 1104 1880 probatu,
1149 1811 1473 1881 scripserint
1521 1813 1575 1866 in
1625 1828 1775 1868 amca
1809 1830 1824 1868 :
1853 1813 2159 1869 necessario

2265 1813 2484 1866 λοιπῶν.

595 1905 775 1953 tamen
808 1898 1086 1956 fatendum
1119 1911 1222 1967 est,
1259 1902 1376 1957 haec
1405 1902 1595 1958 eadem
1635 1911 1692 1958 et
1721 1903 1776 1958 in
1810 1904 2046 1960 lateritia
2070 1904 2167 1960 de-

594 1990 906 2061 scripsisse,
935 2001 991 2049 et
1019 2010 1132 2049 non
1167 1995 1407 2051 diversa.
1448 1993 1710 2052 Sciebant
1749 1997 2012 2052 mundum
2053 1998 2166 2052 col-

591 2083 897 2153 lapsurum,
941 2085 1092 2141 dubii
1137 2102 1206 2142 an
1255 2089 1415 2158 aquis
1457 2089 1800 2154 immersam,
1832 2091 1918 2146 vel
1948 2091 2164 2161 ignibus

582 2176 982 2250 conflagratum
1017 2187 1120 2234 :ut
1163 2179 1471 2236 doctrinam
1523 2189 1828 2247 servarent,
1859 2189 1913 2238 et
1945 2183 2165 2254 utrique

587 2268 934 2324 incommodo
983 2271 1339 2328 subvenirent
1386 2281 1682 2329 exstruunt
1734 2273 1834 2329 has
1883 2274 2020 2330 duas
2069 2290 2164 2332 co-

584 2365 821 2425 lumnas,
863 2365 1090 2420 alteram
1136 2380 1201 2420 ex
1245 2381 1377 2431 tere,
1412 2368 1497 2422 vel
1537 2375 1595 2421 ut
1636 2367 1814 2437 placet
1847 2376 2036 2423 nostro
2063 2384 2164 2422 au-

581 2454 744 2516 ctori,
802 2452 1178 2526 digniorisque
1232 2464 1375 2512 nota:
1426 2457 1811 2528 scriptoribus,
1861 2474 1926 2513 ex
1960 2459 2157 2528 lapide,

582 2546 807 2600 alteram
836 2563 905 2602 ex
936 2548 1228 2604 coctilibus
1261 2549 1559 2604 laterculis.
1613 2548 1704 2604 Sic
1749 2549 1894 2606 enim
1933 2565 2040 2606 tere
2078 2552 2160 2606 vel

580 2637 760 2708 lapide
792 2639 970 2708 aquis,
1016 2639 1298 2696 laterculis
1328 2641 1440 2711 igni
1472 2641 1813 2707 resisterent,
1856 2653 1908 2696 et
1952 2643 2031 2696 sic
2061 2643 2160 2696 do-

578 2729 813 2784 ctrinam
854 2729 1180 2786 mandarent
1223 2732 1288 2787 ad
1337 2743 1608 2803 posteros.
1652 2733 1793 2800 Quid
1843 2733 2010 2805 igitur
2051 2735 2162 2791 illis

579 2820 878 2890 profuisset
929 2823 976 2878 si
1023 2823 1239 2878 diversa
1280 2824 1674 2895 scripsissent?
1709 2826 1993 2892 Quomodo
2034 2830 2157 2900 igne

582 2911 731 2965 illato
761 2927 882 2981 quae
914 2921 1073 2966 erant
1128 2913 1182 2968 in
1227 2914 1441 2984 lapide,
1490 2917 1650 2986 aquis
1698 2915 1886 2974 eﬁ‘usis
1935 2934 2056 2989 quae
2103 2921 2156 2975 in

579 3003 860 3058 laterculis
895 3005 1358 3060 conservassem?
1398 3005 1547 3062 Dicet
1582 3007 1815 3065 fortasse
1848 3009 2156 3066 Gencbrar-

2335 1901 2466 1957 Ibid.
2491 1900 2600 1956 Καὶ
2619 1904 2651 1955 o'
2673 1901 2873 1972 Λάμεχ
2905 1900 3378 1973 δύο.ΤΙ)θορίιίιυε
3406 1903 3475 1958 ad
3498 1904 3794 1974 Autolycum,

2264 1993 2357 2048 lib.
2391 2010 2431 2048 tt
2469 2012 2482 2048 :
2512 1995 2569 2046 '0
2597 1994 2655 2047 δὲ
2685 1995 2875 2066 Λάμεχ
2897 1994 3085 2049 ἔλαϐεν
3111 1996 3288 2067 ἑαυτῷ
3319 1996 3415 2050 δύο
3437 1999 3703 2066 γυναῖκας,
3724 1993 3796 2062 αἷς

2260 2085 2498 2156 ὀνόματα
2539 2085 2666 2139 Ἀδᾶ
2701 2088 2794 2140 καὶ
2837 2085 2994 2142 Σελᾶ.
3025 2087 3248 2141 Ἔκτοτε
3302 2089 3450 2160 ἀρχὴ
3487 2089 3688 2158 ἐγένετο
3719 2089 3797 2160 τῆς

2262 2176 2604 2248 πολυμιξίας,
2631 2176 2768 2231 ἀλλὰ
2795 2179 2890 2232 καὶ
2916 2179 3018 2250 τῆς
3059 2179 3350 2251 μουσικῆς.
3385 2179 3658 2251 Nugantur
3695 2181 3793 2234 raho

2260 2269 2396 2334 bini,
2420 2269 2512 2339 qui
2553 2269 2746 2324 volunt
2767 2270 2921 2341 prius
2942 2271 3010 2325 ab
3034 2285 3103 2326 eo
3133 2272 3282 2327 viros
3319 2280 3564 2336 necatos,
3592 2279 3700 2342 post
3721 2271 3796 2326 ad-

2257 2361 2454 2416 ductas
2498 2377 2715 2417 uxores.
2748 2361 2962 2417 Primus
2997 2361 3222 2416 Lamech
3268 2372 3397 2418 ante
3440 2363 3679 2418 diluvium
3705 2364 3794 2422 fors

2257 2463 2307 2507 et
2335 2453 2554 2507 ultimus
2591 2453 2946 2524 polggamiam
3007 2471 3191 2518 ausus,
3223 2464 3273 2508 et
3326 2471 3489 2509 unum
3532 2471 3720 2510 carnem
3752 2455 3793 2508 in

2257 2542 2392 2597 duas
2422 2558 2612 2596 uxores
2640 2541 2840 2609 divisit,
2882 2543 2956 2598 ait
2995 2541 3215 2598 Hieron.
3269 2544 3373 2600 lib.
3409 2561 3424 2600 ι
3457 2545 3644 2601 Contra
3671 2543 3791 2600 lori-

2257 2635 2473 2689 nianum
2498 2650 2518 2700 ;
2579 2642 2632 2689 et
2666 2633 2918 2698 Tertul|.,
2951 2635 3043 2690 lib.
3094 2634 3169 2688 De
3189 2635 3400 2691 exhort.
3429 2646 3582 2701 cast.,
3609 2636 3788 2706 τεμεῖ

2257 2723 2471 2780 Primus
2507 2735 2610 2780 tres
2650 2726 2704 2778 in
2735 2741 2897 2780 unam
2925 2742 3134 2780 carnem
3155 2727 3352 2794 effecit.
3381 2726 3624 2782 Peccavit
3645 2728 3792 2796 itaque

2255 2817 2514 2882 Lamech,
2538 2832 2648 2872 non
2681 2817 2807 2887 quia
2829 2817 3012 2887 plures
3052 2833 3251 2874 uxores
3292 2818 3510 2882 habuit,
3559 2819 3646 2874 sed
3689 2818 3789 2888 quia

2253 2911 2438 2982 plures
2468 2926 2576 2965 uno
2600 2918 2860 2978 tempore.
2883 2907 3023 2980 Lege
3067 2907 3253 2975 Delrii,
3283 2924 3414 2981 cap.
3442 2927 3492 2964 1v
3521 2910 3659 2973 Gem,
3678 2909 3790 2980 opti-

2255 3018 2396 3057 mam
2429 3001 2962 3058 animadversionem
3012 3000 3068 3054 in
3119 3016 3370 3056 errorem
3413 3002 3706 3058 Tertulliani
3732 3000 3790 3053 De

576 3094 701 3160 dus,
735 3093 861 3150 illos
884 3110 992 3150 nou
1022 3095 1239 3160 dubios,
1270 3098 1364 3153 sed
1394 3107 1575 3156 certos
1598 3099 1665 3156 de
1688 3101 1849 3156 modo
1870 3109 1922 3157 et
1946 3104 2153 3160 ratione
2178 3121 2228 3185 ε
2257 3095 2619 3166 ῐῐιειηοεθῐηία-
2637 3093 3021 3150 Genebral'dus
3038 3094 3203 3150 fere”
3228 3109 3292 3149 ex
3324 3091 3786 3160 rabbiniS.Lame¢b

577 3188 1067 3244 consummationis
1104 3190 1290 3244 mundi
1322 3191 1607 3249 columnas
1631 3193 1896 3249 erexisse.
1926 3193 2154 3252 Frustra

580 3278 745 3346 igitur
777 3280 992 3337 diversa
1041 3282 1133 3335 illa
1178 3283 1559 3338 columnarum
1606 3287 1890 3347 materies:
1938 3297 1992 3342 et
2025 3304 2157 3354 una,

577 3385 697 3438 qua:
719 3372 909 3427 mundi
930 3373 1146 3427 excidio
1179 3374 1469 3430 incolumis
1493 3385 1678 3446 posset
1695 3395 2004 3449 superesse,
2023 3382 2156 3438 satis

578 3459 808 3528 fuisset;
843 3461 959 3526 sed,
981 3464 1108 3534 quia
1149 3463 1343 3518 incerti
1382 3469 1664 3523 materiam
1698 3470 1838 3525 hanc
1869 3471 1952 3526 vel
1995 3472 2154 3526 aliam

577 3555 790 3609 incerto
819 3557 1004 3621 modo,
1046 3566 1100 3612 et
1127 3559 1328 3615 rationi
1363 3562 1562 3616 excidii
1599 3573 1997 3633 praepararunt.
2044 3563 2158 3618 Pli-

578 3645 726 3709 nius,
760 3646 857 3701 lib.
890 3662 986 3710 vu,
1019 3663 1142 3718 cap.
1174 3649 1263 3712 56,
1300 3666 1365 3705 ex
1403 3651 1641 3723 Epigeue
1673 3654 1740 3708 de
1767 3655 1852 3710 his
1885 3655 2157 3711 columnis

577 3739 694 3794 haec
751 3739 914 3794 habet
948 3755 962 3789 :
996 3739 1044 3792 Ε
1098 3741 1304 3798 direrso
1361 3743 1610 3815 Epigenes
1656 3746 1796 3815 apud
1834 3747 2154 3819 Babylonios

576 3844 749 3887 cccxx
817 3849 1079 3886 annorum
1143 3834 1532 3890 observationes
1592 3837 1826 3892 siderum
1881 3839 2154 3894 coctilibus

575 3923 851 3977 laterculis
887 3924 1170 3994 inscriptas
1215 3927 1384 3992 docet,
1415 3929 1594 3997 gravis
1626 3939 1812 3982 auctor
1838 3930 1892 3982 in
1925 3931 2155 3997 primis:

577 4016 667 4086 qui
705 4016 981 4070 minimum
1013 4016 1264 4080 Berosus,
1297 4029 1344 4072 et
1385 4017 1714 4074 Critodemus
1755 4035 2028 4075 ccccuxx
2059 4038 2155 4076 an-

576 4126 787 4164 norum.
822 4108 909 4162 Eat
935 4126 1036 4180 quo
1060 4121 1276 4180 apparet
1303 4121 1529 4166 wternus
1556 4113 1855 4168 litterarum
1887 4131 2033 4170 usus.

643 4201 765 4256 Col.
799 4202 920 4265 752,
954 4203 1052 4259 lin.
1098 4203 1182 4259 Η.
1240 4203 1555 4274 Ἐγέ-ννησε
1607 4205 1676 4258 δὲ
1726 4208 1758 4259 ό
1800 4205 1966 4260 Κάϊν.
2004 4205 2155 4262 ilanc

575 4292 731 4349 Caini
767 4295 1012 4350 sobolem
1049 4298 1203 4352 multi
1237 4297 1386 4366 parvi
1413 4298 1706 4362 duxerunt,
1743 4314 1866 4353 cum
1899 4300 1953 4353 in
1987 4313 2156 4369 aqua-

579 4402 698 4440 rum
731 4387 1090 4444 inundatione
1121 4390 1335 4460 penitus
1371 4390 1658 4461 absumpta
1691 4390 1784 4454 sit,
1833 4390 2063 4460 ideoque
2096 4391 2149 4445 in

2260 3187 2564 3243 venationis
2587 3188 2892 3258 exemplum
2918 3187 3152 3258 posteris
3171 3188 3490 3258 reliquisse,
3512 3203 3650 3242 arma
3671 3188 3787 3242 inve.

2258 3281 2424 3346 uisse,
2454 3288 2507 3337 et
2540 3282 2861 3348 fabricasse,
2891 3282 3094 3352 quibus
3123 3281 3305 3337 caedes
3343 3282 3552 3339 ﬁerent.
3582 3278 3786 3349 Josephn

2257 3372 2352 3427 lib.
2390 3389 2408 3428 ι
2438 3372 2642 3444 Antiq.,
2691 3388 2809 3442 cap.
2836 3374 2890 3437 5,
2921 3372 3109 3428 scribit
3147 3373 3295 3427 hunc
3338 3389 3612 3430 sacrarum
3641 3385 3784 3426 rerum

2256 3465 2489 3535 peritum
2527 3482 2584 3521 se
2634 3466 2894 3521 luiturum
2948 3481 3138 3537 patrias
3199 3467 3526 3536 prmdixisse
3580 3466 3787 3520 fraterna:

2255 3557 2420 3613 caedis
2465 3573 2495 3611 a
2529 3557 2703 3613 Caino
2753 3557 2929 3625 factae,
2979 3557 3125 3612 haud
3173 3557 3347 3614 dubie
3391 3557 3610 3614 diluvio.
3653 3555 3784 3612 Idem.

2256 3640 2663 3704 Genebrardus.

2327 3739 2491 3806 Ibid.,
2510 3739 2605 3792 lin.
2629 3739 2714 3793 15.
2742 3739 2842 3792 Ἐκ
2857 3736 2972 3807 μὲν·
2999 3735 3108 3805 τῆς
3129 3735 3336 3792 Ἀδὰν.
3362 3735 3479 3792 Non
3508 3737 3615 3807 ipse
3636 3739 3786 3805 pasto-

2256 3834 2396 3887 ritite
2427 3831 2560 3886 artis
2589 3830 2871 3886 institutor
2917 3829 3001 3886 vel
3047 3836 3238 3884 auctor
3272 3847 3284 3883 :
3329 3828 3428 3884 sed
3484 3841 3608 3882 nece
3637 3821 3786 3878 Abelis

2258 3927 2696 3988 intermortuam,
2718 3932 2772 3976 et
2798 3923 2954 3992 quasi
2987 3922 3216 3992 sopitam
3245 3937 3353 3976 suo
3387 3921 3563 3976 studio
3585 3913 3787 3986 ingenio-

2255 4035 2362 4090 que
2390 4017 2651 4080 restituit,
2677 4023 2732 4070 et
2761 4014 2876 4085 ipse
2898 4029 3114 4086 gregem
3144 4015 3308 4084 pavit.
3328 4010 3784 4069 Tabernaculorum

2257 4111 2384 4166 item
2410 4124 2568 4164 usum
2596 4107 2816 4177 adjecit.
2840 4104 3173 4178 Theophilus
3192 4105 3258 4158 ad
3282 4104 3598 4169 Autol.,lib.
3621 4116 3655 4157 ιι
3671 4119 3682 4155 :
3699 4093 3787 4150 Καὶ

2257 4206 2284 4257 ὁ
2323 4200 2601 4273 μὲνἈϐὴλ
2629 4201 2846 4268 ἐγένετο
2879 4197 3017 4268 ἀνὴρ
3050 4199 3108 4250 ὲν
3146 4200 3321 4270 σκηνῇ
3359 4195 3730 4268 κτηνοτρόφων.

2327 4294 2486 4358 lbid.,
2521 4293 2616 4348 lin.
2650 4292 2738 4346 16.
2770 4292 2876 4346 Καὶ
2908 4292 3013 4344 τὸν
3041 4290 3294 4346 Ἰουϐάλ.
3349 4290 3592 4346 Psalterii
3636 4294 3682 4342 et
3722 4281 3786 4335 ci-

2258 4387 2422 4441 tharas
2449 4401 2608 4441 usum
2642 4385 2912 4441 invenisse
2932 4382 3150 4437 tradunt
3173 4389 3370 4454 praster
3385 4398 3564 4439 sacras
3592 4380 3785 4433 Litteras

576 4493 638 4530 ea
664 4493 772 4534 non
801 4481 1136 4536 conveniunt
1161 4492 1449 4548 auctores;
1473 4483 1524 4538 in
1547 4498 1610 4538 ea
1636 4491 1816 4538 tamen
1844 4481 2148 4538 enarranda

2260 4478 2543 4549 Iosephus,
2562 4476 2896 4546 Theophilus
2927 4474 3149 4529 (Μυσοί
3182 4473 3392 4528 ἰουὸὰλ
3422 4473 3476 4527 δέ
3499 4470 3676 4526 ἐστινὸ
3707 4481 3786 4518 κα-

580 4579 771 4627 uoster
806 4571 1127 4630 Eustathius
1145 4585 1366 4631 secutus
1399 4583 1485 4630 est
1513 4574 1730 4630 divinas
1761 4574 2015 4638 Litteras,
2033 4589 2153 4644 quae

579 4681 688 4719 non
726 4665 832 4718 alia
863 4665 1098 4729 ratione,
1135 4666 1240 4721 nisi
1273 4681 1438 4742 parva
1470 4665 1750 4720 nominum
1782 4665 2026 4720 formula:
2051 4666 2152 4720 im-

577 4757 880 4812 mutatione
909 4765 1338 4828 prosequuntur.

652 4851 810 4915 lbid.,
848 4850 944 4905 lin.
975 4852 1063 4905 15.
1100 4852 1209 4907 Καὶ
1244 4847 1421 4916 οὗτος
1451 4851 1557 4906 τὸν
1587 4851 1807 4921 Λάμεχ.
1848 4848 2150 4905 Genebrar--

574 4940 681 4997 dus
711 4941 788 4995 ait
819 4956 916 4996 eos
959 4956 1167 5005 errare,
1224 4943 1317 5012 qui
1353 4941 1587 4997 Lamcch
1625 4942 1792 4996 filium
1838 4940 2153 4996 Mathusalae

575 5031 854 5102 accipiunt
883 5047 898 5092 ;
931 5031 1200 5086 rationem
1235 5039 1417 5086 tamen
1467 5047 1637 5100 quare
1685 5031 1739 5085 id
1773 5031 1918 5085 dicat
1947 5032 2152 5086 nullam

575 5124 821 5180 adducit.
866 5123 1065 5178 Errant
1104 5138 1234 5194 ergo
1280 5125 1499 5178 maximi
1543 5125 1747 5194 quique
1779 5122 1991 5187 Patres,
2027 5141 2150 5178 cum

566 5222 634 5273 iis
677 5215 1018 5278 Eustathius,
1038 5212 1372 5283 Theophilus
1405 5212 1472 5266 ad
1506 5214 1820 5283 Autolycum
1853 5215 1945 5269 lib.
1969 5231 2004 5267 lt
2027 5232 2038 5266 :
2065 5214 2154 5284 Τῷ

562 5312 617 5370 δὲ
668 5306 837 5377 Ἑνὼχ
873 5306 1138 5378 ἐγεννήθη
1174 5307 1288 5370 υἱὸς
1327 5307 1552 5377 ὀνόματι
1583 5307 1872 5371 Γαῖδᾶς,ὂς
1900 5308 2153 5379 ἐγέννησε

562 5399 654 5451 ’.ὸν
696 5397 1028 5467 καλούμενον
1054 5397 1227 5468 Μεὴλ,
1263 5397 1355 5450 καὶ
1389 5397 1542 5470 Μεὴλ
1565 5399 1653 5450 τὸν
1686 5397 2035 5461 Μαθουσάλα,
2063 5401 2155 5451 καὶ

563 5491 900 5545 Μαθουσάλα
944 5491 1034 5543 τὸν
1080 5490 1287 5561 Λάμεχ.
1342 5491 1398 5543 Ὁ
1445 5491 1500 5543 δὲ
1551 5491 1738 5561 Λάμεχ
1785 5491 1974 5544 ἔλαϐεν
2008 5491 2155 5563 αὑτῷ

569 5579 659 5633 ,ιύο
692 5585 974 5649 γυναῖκας.
1013 5583 1230 5636 Errarit
1262 5583 1626 5653 Augustinus,
1660 5585 1756 5640 lib.
1806 5603 1872 5638 xv
1913 5584 1990 5638 De
2028 5587 2155 5640 civi«

569 5682 674 5728 Jate
711 5673 828 5736 Dei,
863 5690 984 5745 cap.
1008 5675 1079 5730 ΞΟ
1110 5691 1122 5726 :
1168 5673 1367 5729 (lorum
1403 5693 1580 5745 regum
1610 5677 1812 5746 primus
1844 5695 1956 5733 esse
1986 5680 2155 5748 potuit

574 5781 684 5830 ipse
715 5763 848 5822 Cain
884 5783 900 5822 .'
940 5767 1192 5821 secundus
1221 5767 1363 5831 ﬁ’ius
1395 5769 1505 5832 eius
1542 5768 1742 5834 Enoch,
1779 5771 1830 5825 in
1871 5772 2019 5834 cujus
2060 5787 2155 5826 no-

2256 4571 2505 4638 ταδείξας
2533 4569 2836 4640 ψαλτήριον
2867 4569 2961 4621 καὶ
2993 4567 3247 4639 κιθάραν.
3268 4565 3345 4621 De
3369 4567 3456 4622 his
3486 4559 3784 4618 Metltodius:

2256 4665 2345 4736 Τῷ
2388 4663 2779 4738 τριακοσιοστῷ
2805 4661 3220 4732 τεσσαρακοστῷ
3239 4660 3341 4732 τῆς
3379 4660 3624 4730 δευτέρας
3651 4651 3786 4726 χιλιάι

2253 4759 2340 4820 bo;
2373 4756 2483 4809 ἔτει
2510 4754 2880 4825 ἐπανέστησαν
2905 4753 3222 4823 κακότεχνοι
3254 4751 3467 4824 ἄνδρες,
3492 4747 3698 4818 πονηροὶ
3711 4741 3786 4794 καὶ

2255 4849 2580 4920 παράνομοι,
2617 4848 2842 4918 πλήρεις
2872 4845 3101 4916 ἀνομίας
3149 4847 3214 4898 ἐκ
3240 4843 3352 4897 τῶν
3376 4843 3508 4896 υἱῶν
3535 4839 3622 4894 τοῦ
3652 4836 3782 4931 Reiz.

2268 4942 2336 4992 ’lo
2357 4939 2472 5010 »ὅὴλ
2497 4941 2587 4992 καὶ
2618 4937 2902 5009 Θουκιδὴλ,
2932 4937 3097 4989 τέκνα
3124 4934 3217 4988 τοῦ
3256 4935 3445 5006 Λάμεχ
3488 4932 3577 4985 τοῦ
3595 4927 3784 4997 τυφλοῦν

2254 5031 2347 5084 ⁸ατοῦ
2375 5031 2790 5092 ἀποκτείναντος
2822 5029 2912 5082 τὸν
2941 5027 3102 5090 Κὰῖν,
3124 5021 3199 5081 ὧν
3228 5029 3321 5083 καὶ
3345 5026 3626 5099 κυριεύσας
3649 5020 3674 5072 ὁ
3694 5014 3782 5071 διά-

2256 5124 2409 5186 ϐολος
2438 5122 2784 5194 ὲτροπὼσατο
2808 5123 3004 5185 αὐτοὺς
3034 5120 3178 5175 ἅπαν
3211 5117 3350 5184 εἶδος
3379 5117 3624 5191 μουσικὸν
3648 5125 3782 5167 κατα-

2259 5215 2549 5278 σκευάσας.
2593 5212 2798 5268 Horum
2833 5228 2991 5267 usum
3033 5211 3175 5267 sicut
3211 5220 3264 5267 et
3291 5213 3519 5266 aliorum
3572 5205 3781 5261 nationes

2256 5308 2590 5362 recentiores
2617 5306 2752 5368 suis,
2776 5305 2860 5359 vel
2889 5304 3014 5358 aliis
3036 5303 3137 5359 sibi
3161 5303 3407 5374 cognatis
3429 5297 3776 5368 ascripserunt.

2257 5398 2362 5452 Alii
2388 5398 2532 5452 enim
2562 5395 2874 5466 Amphioni,
2905 5396 2996 5448 alii
3037 5394 3273 5464 Orpheo,
3305 5396 3519 5464 quidam
3557 5380 3777 5459 Apollini.

2257 5501 2312 5547 et
2337 5491 2427 5546 alii
2456 5491 2579 5545 aliis
2631 5488 2996 5545 inventionem
3029 5489 3173 5542 hanc
3227 5493 3500 5557 acceptam
3551 5480 3775 5536 referunt.

2257 5584 2592 5654 Theophilus
2649 5582 2886 5637 ibidem:
2920 5581 3079 5635 Ἀλλὰ
3132 5582 3236 5651 μὴν
3283 5580 3371 5634 καὶ
3418 5577 3485 5632 τὰ
3537 5571 3655 5644 περὶ
3700 5565 3777 5632 τῆς

2261 5677 2524 5750 μουσικῆς
2556 5676 2902 5746 ὲφλυάρησάν
2947 5691 3090 5738 τινες
3121 5673 3344 5746 εὑρετὴν
3390 5668 3675 5724 Ἀπόλλωνα
3706 5674 3778 5726 γε-

2258 5769 2514 5835 γενῆσθαι
2537 5787 2547 5800 ο
2583 5768 2728 5824 ἄλλοι
2755 5769 2809 5823 δὲ
2836 5768 3036 5836 Ὀρφέα
3064 5767 3170 5822 ἀπὸ
3189 5767 3288 5833 τῆς
3320 5765 3420 5820 τῶν
3440 5759 3650 5829 ὀρνίθων
3676 5753 3776 5820 ἠδυ-
