  <div class='ocr_page' id='page_1' title='image "/cluster/home/n/w/nwhite01/storage/ocr_20150623/18/hvd.32044073501215/500.png"; bbox 0 0 4072 6342; ppageno 0'>
   <div class='ocr_carea' id='block_1_1' title="bbox 322 322 421 376">
    <p class='ocr_par' dir='ltr' id='par_1_1' title="bbox 322 322 421 376">
     <span class='ocr_line' id='line_1_1' title="bbox 322 322 421 376; baseline -0.02 0"><span class='ocrx_word' id='word_1_1' title='bbox 322 322 421 376; x_wconf 82' lang='grc'><strong>981</strong></span> 
     </span>
    </p>
   </div>
   <div class='ocr_carea' id='block_1_2' title="bbox 1333 326 2584 385">
    <p class='ocr_par' dir='ltr' id='par_1_2' title="bbox 1333 326 2584 385">
     <span class='ocr_line' id='line_1_2' title="bbox 1333 326 2584 385; baseline 0.004 -5"><span class='ocrx_word' id='word_1_2' title='bbox 1333 326 1396 380; x_wconf 87' lang='grc' dir='ltr'><strong>ΙΝ</strong></span> <span class='ocrx_word' id='word_1_3' title='bbox 1438 326 1809 383; x_wconf 79' lang='lat' dir='ltr'><strong>EUSTATHH</strong></span> <span class='ocrx_word' id='word_1_4' title='bbox 1852 327 2323 385; x_wconf 71' lang='lat' dir='ltr'><strong>HEXAEMERON</strong></span> <span class='ocrx_word' id='word_1_5' title='bbox 2356 327 2584 385; x_wconf 66' lang='lat' dir='ltr'><strong>NOTIE.</strong></span> 
     </span>
    </p>
   </div>
   <div class='ocr_carea' id='block_1_3' title="bbox 3427 330 3533 388">
    <p class='ocr_par' dir='ltr' id='par_1_3' title="bbox 3427 330 3533 388">
     <span class='ocr_line' id='line_1_3' title="bbox 3427 330 3533 388; baseline -0.038 1"><span class='ocrx_word' id='word_1_6' title='bbox 3427 330 3533 388; x_wconf 74' lang='lat'><strong>982</strong></span> 
     </span>
    </p>
   </div>
   <div class='ocr_carea' id='block_1_4' title="bbox 314 432 3531 517">
    <p class='ocr_par' dir='ltr' id='par_1_4' title="bbox 314 432 3531 517">
     <span class='ocr_line' id='line_1_4' title="bbox 314 432 3531 517; baseline 0.004 -30"><span class='ocrx_word' id='word_1_7' title='bbox 314 432 717 505; x_wconf 58' lang='grc' dir='ltr'><strong>φωνίαξφασὶν</strong></span> <span class='ocrx_word' id='word_1_8' title='bbox 751 434 1099 517; x_wconf 53' lang='grc' dir='ltr'><strong>ἐξευρηκέναι</strong></span> <span class='ocrx_word' id='word_1_9' title='bbox 1130 442 1226 512; x_wconf 78' lang='grc' dir='ltr'><strong>τὴν</strong></span> <span class='ocrx_word' id='word_1_10' title='bbox 1282 446 1563 514; x_wconf 78' lang='grc' dir='ltr'>μουσικήν.</span> <span class='ocrx_word' id='word_1_11' title='bbox 1607 446 1775 509; x_wconf 80' lang='grc' dir='ltr'><strong>Κενὸς</strong></span> <span class='ocrx_word' id='word_1_12' title='bbox 1814 446 1872 499; x_wconf 82' lang='grc' dir='ltr'><strong>δὲ</strong></span> <span class='ocrx_word' id='word_1_13' title='bbox 1901 451 1946 508; x_wconf 77' lang='grc' dir='ltr'><strong>Α</strong></span> <span class='ocrx_word' id='word_1_14' title='bbox 1972 446 2064 499; x_wconf 90' lang='grc' dir='ltr'><strong>τοῦ</strong></span> <span class='ocrx_word' id='word_1_15' title='bbox 2094 445 2199 514; x_wconf 84' lang='grc' dir='ltr'><strong>Σὴθ</strong></span> <span class='ocrx_word' id='word_1_16' title='bbox 2234 446 2429 499; x_wconf 88' lang='grc' dir='ltr'><strong>δίκαιοι</strong></span> <span class='ocrx_word' id='word_1_17' title='bbox 2466 446 2768 514; x_wconf 79' lang='grc' dir='ltr'><strong>γεγόνασιν,</strong></span> <span class='ocrx_word' id='word_1_18' title='bbox 2798 443 2918 499; x_wconf 75' lang='grc' dir='ltr'><strong>ὅθεν</strong></span> <span class='ocrx_word' id='word_1_19' title='bbox 2945 447 2976 514; x_wconf 86' lang='grc' dir='ltr'>ἡ</span> <span class='ocrx_word' id='word_1_20' title='bbox 3007 444 3195 517; x_wconf 69' lang='grc' dir='ltr'>Γραφὴ</span> <span class='ocrx_word' id='word_1_21' title='bbox 3226 448 3388 517; x_wconf 67' lang='grc' dir='ltr'>ἑαυτῇ</span> <span class='ocrx_word' id='word_1_22' title='bbox 3403 447 3531 499; x_wconf 69' lang='grc' dir='ltr'><strong>ἀχο-</strong></span> 
     </span>
    </p>
   </div>
   <div class='ocr_carea' id='block_1_5' title="bbox 314 512 1877 619">
    <p class='ocr_par' dir='ltr' id='par_1_5' title="bbox 314 512 1877 619">
     <span class='ocr_line' id='line_1_5' title="bbox 314 512 1877 619; baseline 0.006 -38"><span class='ocrx_word' id='word_1_23' title='bbox 436 529 713 619; x_wconf 50' lang='grc' dir='ltr'><strong>μέτεαισςὸ</strong></span> <span class='ocrx_word' id='word_1_24' title='bbox 747 528 899 596; x_wconf 64' lang='grc' dir='ltr'>λόγος</span> <span class='ocrx_word' id='word_1_25' title='bbox 919 512 1095 586; x_wconf 65' lang='grc' dir='ltr'>αὐτῶν</span> <span class='ocrx_word' id='word_1_26' title='bbox 1122 512 1410 588; x_wconf 79' lang='grc' dir='ltr'><strong>δείκνυται.</strong></span> <span class='ocrx_word' id='word_1_27' title='bbox 1440 512 1594 590; x_wconf 53' lang='lat' dir='ltr'><strong>Meti</strong></span> <span class='ocrx_word' id='word_1_28' title='bbox 1616 537 1723 608; x_wconf 78' lang='grc' dir='ltr'>γὰρ</span> <span class='ocrx_word' id='word_1_29' title='bbox 1754 538 1877 591; x_wconf 84' lang='grc' dir='ltr'>πολ-</span> 
     </span>
    </p>
   </div>
   <div class='ocr_carea' id='block_1_6' title="bbox 312 608 1876 695">
    <p class='ocr_par' dir='ltr' id='par_1_6' title="bbox 312 608 1876 695">
     <span class='ocr_line' id='line_1_6' title="bbox 312 608 1876 695; baseline 0.011 -25"><span class='ocrx_word' id='word_1_30' title='bbox 312 608 506 692; x_wconf 66' lang='grc' dir='ltr'><strong>Σὰ’.ξτῆ</strong></span> <span class='ocrx_word' id='word_1_31' title='bbox 535 619 626 673; x_wconf 75' lang='grc' dir='ltr'><strong>τοῦ</strong></span> <span class='ocrx_word' id='word_1_32' title='bbox 658 621 1043 693; x_wconf 80' lang='grc' dir='ltr'><strong>κατακλυσμοῦ</strong></span> <span class='ocrx_word' id='word_1_33' title='bbox 1073 620 1216 678; x_wconf 74' lang='grc' dir='ltr'>οὗτοι</span> <span class='ocrx_word' id='word_1_34' title='bbox 1247 627 1510 695; x_wconf 74' lang='grc' dir='ltr'><strong>ἐγένοντο.</strong></span> <span class='ocrx_word' id='word_1_35' title='bbox 1529 628 1690 683; x_wconf 87' lang='lat' dir='ltr'><strong>Plura</strong></span> <span class='ocrx_word' id='word_1_36' title='bbox 1710 629 1775 685; x_wconf 91' lang='lat' dir='ltr'><strong>de</strong></span> <span class='ocrx_word' id='word_1_37' title='bbox 1795 633 1876 687; x_wconf 99' lang='lat' dir='ltr'><strong>his</strong></span> 
     </span>
    </p>
   </div>
   <div class='ocr_carea' id='block_1_7' title="bbox 318 709 1878 782">
    <p class='ocr_par' dir='ltr' id='par_1_7' title="bbox 318 709 1878 782">
     <span class='ocr_line' id='line_1_7' title="bbox 318 709 1878 782; baseline 0.006 -19"><span class='ocrx_word' id='word_1_38' title='bbox 318 709 622 782; x_wconf 71' lang='lat' dir='ltr'><strong>Polydorus</strong></span> <span class='ocrx_word' id='word_1_39' title='bbox 643 709 906 782; x_wconf 75' lang='lat' dir='ltr'><strong>Virgilius</strong></span> <span class='ocrx_word' id='word_1_40' title='bbox 932 712 1005 766; x_wconf 88' lang='lat' dir='ltr'><strong>De</strong></span> <span class='ocrx_word' id='word_1_41' title='bbox 1042 714 1235 771; x_wconf 86' lang='lat' dir='ltr'><strong>invent.</strong></span> <span class='ocrx_word' id='word_1_42' title='bbox 1278 734 1471 771; x_wconf 82' lang='lat' dir='ltr'><strong>rerum.</strong></span> <span class='ocrx_word' id='word_1_43' title='bbox 1499 718 1760 773; x_wconf 72' lang='lat' dir='ltr'><strong>Dicuntur</strong></span> <span class='ocrx_word' id='word_1_44' title='bbox 1782 735 1878 773; x_wconf 74' lang='lat' dir='ltr'><strong>an~</strong></span> 
     </span>
    </p>
   </div>
   <div class='ocr_carea' id='block_1_8' title="bbox 317 804 1875 879">
    <p class='ocr_par' dir='ltr' id='par_1_8' title="bbox 317 804 1875 879">
     <span class='ocr_line' id='line_1_8' title="bbox 317 804 1875 879; baseline 0.006 -22"><span class='ocrx_word' id='word_1_45' title='bbox 317 812 506 859; x_wconf 83' lang='lat' dir='ltr'><strong>tem-et</strong></span> <span class='ocrx_word' id='word_1_46' title='bbox 552 804 608 858; x_wconf 79' lang='lat' dir='ltr'><strong>hi</strong></span> <span class='ocrx_word' id='word_1_47' title='bbox 640 820 800 859; x_wconf 89' lang='lat' dir='ltr'><strong>suum</strong></span> <span class='ocrx_word' id='word_1_48' title='bbox 832 806 1070 861; x_wconf 88' lang='lat' dir='ltr'><strong>musices</strong></span> <span class='ocrx_word' id='word_1_49' title='bbox 1104 808 1382 863; x_wconf 89' lang='lat' dir='ltr'><strong>inventum</strong></span> <span class='ocrx_word' id='word_1_50' title='bbox 1423 811 1875 879; x_wconf 83' lang='lat' dir='ltr'><strong>quemadmodum</strong></span> 
     </span>
    </p>
   </div>
   <div class='ocr_carea' id='block_1_9' title="bbox 315 896 1878 969">
    <p class='ocr_par' dir='ltr' id='par_1_9' title="bbox 315 896 1878 969">
     <span class='ocr_line' id='line_1_9' title="bbox 315 896 1878 969; baseline 0.006 -19"><span class='ocrx_word' id='word_1_51' title='bbox 315 904 369 951; x_wconf 91' lang='lat' dir='ltr'><strong>et</strong></span> <span class='ocrx_word' id='word_1_52' title='bbox 402 896 499 951; x_wconf 83' lang='lat' dir='ltr'><strong>ﬁlii</strong></span> <span class='ocrx_word' id='word_1_53' title='bbox 530 896 680 951; x_wconf 90' lang='lat' dir='ltr'><strong>Sethi</strong></span> <span class='ocrx_word' id='word_1_54' title='bbox 703 912 787 962; x_wconf 93' lang='lat' dir='ltr'><strong>ea,</strong></span> <span class='ocrx_word' id='word_1_55' title='bbox 816 913 936 969; x_wconf 75' lang='lat' dir='ltr'><strong>quae</strong></span> <span class='ocrx_word' id='word_1_56' title='bbox 968 897 1035 954; x_wconf 89' lang='lat' dir='ltr'><strong>de</strong></span> <span class='ocrx_word' id='word_1_57' title='bbox 1064 898 1301 955; x_wconf 86' lang='lat' dir='ltr'><strong>siderum</strong></span> <span class='ocrx_word' id='word_1_58' title='bbox 1346 904 1584 958; x_wconf 82' lang='lat' dir='ltr'><strong>motibus</strong></span> <span class='ocrx_word' id='word_1_59' title='bbox 1636 911 1691 959; x_wconf 91' lang='lat' dir='ltr'><strong>et</strong></span> <span class='ocrx_word' id='word_1_60' title='bbox 1711 905 1878 960; x_wconf 83' lang='lat' dir='ltr'><strong>disci-</strong></span> 
     </span>
    </p>
   </div>
   <div class='ocr_carea' id='block_1_10' title="bbox 316 989 1503 1060">
    <p class='ocr_par' dir='ltr' id='par_1_10' title="bbox 316 989 1503 1060">
     <span class='ocr_line' id='line_1_10' title="bbox 316 989 1503 1060; baseline 0.005 -17"><span class='ocrx_word' id='word_1_61' title='bbox 316 991 464 1060; x_wconf 81' lang='lat' dir='ltr'><strong>plina</strong></span> <span class='ocrx_word' id='word_1_62' title='bbox 498 997 833 1059; x_wconf 88' lang='lat' dir='ltr'><strong>repererant,</strong></span> <span class='ocrx_word' id='word_1_63' title='bbox 863 989 918 1044; x_wconf 91' lang='lat' dir='ltr'><strong>in</strong></span> <span class='ocrx_word' id='word_1_64' title='bbox 954 990 1225 1048; x_wconf 85' lang='lat' dir='ltr'><strong>columnis</strong></span> <span class='ocrx_word' id='word_1_65' title='bbox 1255 995 1503 1051; x_wconf 73' lang='lat' dir='ltr'><strong>caclasse.</strong></span> 
     </span>
    </p>
   </div>
   <div class='ocr_carea' id='block_1_11' title="bbox 384 1078 1878 1156">
    <p class='ocr_par' dir='ltr' id='par_1_11' title="bbox 384 1078 1878 1156">
     <span class='ocr_line' id='line_1_11' title="bbox 384 1078 1878 1156; baseline 0.005 -22"><span class='ocrx_word' id='word_1_66' title='bbox 384 1078 501 1134; x_wconf 86' lang='lat' dir='ltr'><strong>Col.</strong></span> <span class='ocrx_word' id='word_1_67' title='bbox 518 1078 763 1143; x_wconf 75' lang='lat' dir='ltr'><strong>752,1in.</strong></span> <span class='ocrx_word' id='word_1_68' title='bbox 786 1078 873 1135; x_wconf 78' lang='grc'><strong>1⁸7.</strong></span> <span class='ocrx_word' id='word_1_69' title='bbox 892 1081 995 1135; x_wconf 84' lang='grc' dir='ltr'><strong>Ἐκ</strong></span> <span class='ocrx_word' id='word_1_70' title='bbox 1021 1080 1210 1149; x_wconf 84' lang='grc' dir='ltr'><strong>δὲτῆς</strong></span> <span class='ocrx_word' id='word_1_71' title='bbox 1224 1083 1440 1153; x_wconf 82' lang='grc' dir='ltr'><strong>Σελάμ.</strong></span> <span class='ocrx_word' id='word_1_72' title='bbox 1460 1084 1760 1156; x_wconf 83' lang='lat' dir='ltr'><strong>Sculptura:</strong></span> <span class='ocrx_word' id='word_1_73' title='bbox 1778 1084 1878 1141; x_wconf 78' lang='lat' dir='ltr'><strong>fuit</strong></span> 
     </span>
    </p>
   </div>
   <div class='ocr_carea' id='block_1_12' title="bbox 316 1168 1875 1240">
    <p class='ocr_par' dir='ltr' id='par_1_12' title="bbox 316 1168 1875 1240">
     <span class='ocr_line' id='line_1_12' title="bbox 316 1168 1875 1240; baseline 0.007 -16"><span class='ocrx_word' id='word_1_74' title='bbox 316 1181 526 1233; x_wconf 86' lang='lat' dir='ltr'><strong>auctor,</strong></span> <span class='ocrx_word' id='word_1_75' title='bbox 560 1168 807 1225; x_wconf 83' lang='lat' dir='ltr'><strong>fabrilem</strong></span> <span class='ocrx_word' id='word_1_76' title='bbox 837 1180 1007 1227; x_wconf 82' lang='lat' dir='ltr'><strong>artem</strong></span> <span class='ocrx_word' id='word_1_77' title='bbox 1043 1174 1269 1239; x_wconf 85' lang='lat' dir='ltr'><strong>invenit,</strong></span> <span class='ocrx_word' id='word_1_78' title='bbox 1294 1176 1508 1231; x_wconf 87' lang='lat' dir='ltr'><strong>metalla</strong></span> <span class='ocrx_word' id='word_1_79' title='bbox 1532 1176 1739 1240; x_wconf 81' lang='lat' dir='ltr'><strong>eii‘odit,</strong></span> <span class='ocrx_word' id='word_1_80' title='bbox 1778 1194 1875 1234; x_wconf 74' lang='lat' dir='ltr'><strong>eo—</strong></span> 
     </span>
    </p>
   </div>
   <div class='ocr_carea' id='block_1_13' title="bbox 316 1264 1877 1335">
    <p class='ocr_par' dir='ltr' id='par_1_13' title="bbox 316 1264 1877 1335">
     <span class='ocr_line' id='line_1_13' title="bbox 316 1264 1877 1335; baseline 0.004 -18"><span class='ocrx_word' id='word_1_81' title='bbox 316 1278 437 1317; x_wconf 90' lang='lat' dir='ltr'><strong>rum</strong></span> <span class='ocrx_word' id='word_1_82' title='bbox 480 1278 639 1317; x_wconf 92' lang='lat' dir='ltr'><strong>usum</strong></span> <span class='ocrx_word' id='word_1_83' title='bbox 684 1265 917 1332; x_wconf 89' lang='lat' dir='ltr'><strong>aperuit.</strong></span> <span class='ocrx_word' id='word_1_84' title='bbox 956 1264 1291 1335; x_wconf 82' lang='lat' dir='ltr'><strong>TheOpbilus</strong></span> <span class='ocrx_word' id='word_1_85' title='bbox 1342 1268 1541 1324; x_wconf 85' lang='lat' dir='ltr'><strong>ibidem</strong></span> <span class='ocrx_word' id='word_1_86' title='bbox 1575 1287 1588 1323; x_wconf 90' lang='lat'><strong>:</strong></span> <span class='ocrx_word' id='word_1_87' title='bbox 1619 1269 1788 1324; x_wconf 78' lang='grc' dir='ltr'><strong>Θόδελ</strong></span> <span class='ocrx_word' id='word_1_88' title='bbox 1818 1271 1877 1324; x_wconf 78' lang='grc' dir='ltr'><strong>δὲ</strong></span> 
     </span>
    </p>
   </div>
   <div class='ocr_carea' id='block_1_14' title="bbox 316 1353 1875 1436">
    <p class='ocr_par' dir='ltr' id='par_1_14' title="bbox 316 1353 1875 1436">
     <span class='ocr_line' id='line_1_14' title="bbox 316 1353 1875 1436; baseline 0.008 -30"><span class='ocrx_word' id='word_1_89' title='bbox 316 1353 532 1422; x_wconf 80' lang='grc' dir='ltr'>ἐγένετο</span> <span class='ocrx_word' id='word_1_90' title='bbox 580 1356 938 1426; x_wconf 78' lang='grc' dir='ltr'>σφυροκόπος,</span> <span class='ocrx_word' id='word_1_91' title='bbox 980 1357 1210 1427; x_wconf 79' lang='grc' dir='ltr'>χαλκεὺς</span> <span class='ocrx_word' id='word_1_92' title='bbox 1262 1358 1461 1429; x_wconf 81' lang='grc' dir='ltr'><strong>χαλκοῦ</strong></span> <span class='ocrx_word' id='word_1_93' title='bbox 1506 1361 1597 1415; x_wconf 73' lang='grc' dir='ltr'><strong>καὶ</strong></span> <span class='ocrx_word' id='word_1_94' title='bbox 1634 1362 1875 1436; x_wconf 84' lang='grc' dir='ltr'>σιδήρου.</span> 
     </span>
    </p>
   </div>
   <div class='ocr_carea' id='block_1_15' title="bbox 318 1444 1877 1519">
    <p class='ocr_par' dir='ltr' id='par_1_15' title="bbox 318 1444 1877 1519">
     <span class='ocr_line' id='line_1_15' title="bbox 318 1444 1877 1519; baseline 0.008 -21"><span class='ocrx_word' id='word_1_95' title='bbox 318 1444 492 1515; x_wconf 79' lang='lat' dir='ltr'><strong>Hujus</strong></span> <span class='ocrx_word' id='word_1_96' title='bbox 536 1446 673 1501; x_wconf 88' lang='lat' dir='ltr'><strong>artis</strong></span> <span class='ocrx_word' id='word_1_97' title='bbox 725 1448 870 1502; x_wconf 85' lang='lat' dir='ltr'><strong>nacti</strong></span> <span class='ocrx_word' id='word_1_98' title='bbox 918 1450 1257 1505; x_wconf 82' lang='lat' dir='ltr'><strong>occasionem</strong></span> <span class='ocrx_word' id='word_1_99' title='bbox 1306 1452 1571 1519; x_wconf 89' lang='lat' dir='ltr'><strong>homines,</strong></span> <span class='ocrx_word' id='word_1_100' title='bbox 1608 1463 1667 1508; x_wconf 90' lang='lat' dir='ltr'><strong>ut</strong></span> <span class='ocrx_word' id='word_1_101' title='bbox 1719 1455 1877 1513; x_wconf 88' lang='lat' dir='ltr'><strong>Philo</strong></span> 
     </span>
    </p>
   </div>
   <div class='ocr_carea' id='block_1_16' title="bbox 316 1529 1877 1617">
    <p class='ocr_par' dir='ltr' id='par_1_16' title="bbox 316 1529 1877 1617">
     <span class='ocr_line' id='line_1_16' title="bbox 316 1529 1877 1617; baseline 0.007 -24"><span class='ocrx_word' id='word_1_102' title='bbox 316 1546 371 1594; x_wconf 92' lang='lat' dir='ltr'><strong>et</strong></span> <span class='ocrx_word' id='word_1_103' title='bbox 405 1537 673 1608; x_wconf 69' lang='lat' dir='ltr'><strong>Iosephus</strong></span> <span class='ocrx_word' id='word_1_104' title='bbox 703 1539 1063 1605; x_wconf 89' lang='lat' dir='ltr'><strong>tradiderunt,</strong></span> <span class='ocrx_word' id='word_1_105' title='bbox 1103 1543 1281 1613; x_wconf 89' lang='lat' dir='ltr'><strong>primo</strong></span> <span class='ocrx_word' id='word_1_106' title='bbox 1310 1529 1640 1617; x_wconf 86' lang='lat' dir='ltr'><strong>sculptilium</strong></span> <span class='ocrx_word' id='word_1_107' title='bbox 1667 1558 1721 1603; x_wconf 87' lang='lat' dir='ltr'><strong>et</strong></span> <span class='ocrx_word' id='word_1_108' title='bbox 1761 1548 1877 1604; x_wconf 87' lang='lat' dir='ltr'><strong>ido-</strong></span> 
     </span>
    </p>
   </div>
   <div class='ocr_carea' id='block_1_17' title="bbox 318 1633 1876 1703">
    <p class='ocr_par' dir='ltr' id='par_1_17' title="bbox 318 1633 1876 1703">
     <span class='ocr_line' id='line_1_17' title="bbox 318 1633 1876 1703; baseline 0.007 -17"><span class='ocrx_word' id='word_1_109' title='bbox 318 1634 495 1687; x_wconf 83' lang='lat' dir='ltr'><strong>lorum</strong></span> <span class='ocrx_word' id='word_1_110' title='bbox 528 1633 853 1703; x_wconf 82' lang='lat' dir='ltr'><strong>imaginibus</strong></span> <span class='ocrx_word' id='word_1_111' title='bbox 883 1633 1177 1689; x_wconf 90' lang='lat' dir='ltr'><strong>adorandis</strong></span> <span class='ocrx_word' id='word_1_112' title='bbox 1207 1652 1265 1692; x_wconf 92' lang='lat' dir='ltr'><strong>se</strong></span> <span class='ocrx_word' id='word_1_113' title='bbox 1304 1637 1588 1694; x_wconf 90' lang='lat' dir='ltr'><strong>dederunt.</strong></span> <span class='ocrx_word' id='word_1_114' title='bbox 1626 1640 1876 1698; x_wconf 88' lang='lat' dir='ltr'><strong>Secundo</strong></span> 
     </span>
    </p>
   </div>
   <div class='ocr_carea' id='block_1_18' title="bbox 319 1723 1872 1799">
    <p class='ocr_par' dir='ltr' id='par_1_18' title="bbox 319 1723 1872 1799">
     <span class='ocr_line' id='line_1_18' title="bbox 319 1723 1872 1799; baseline 0.006 -22"><span class='ocrx_word' id='word_1_115' title='bbox 319 1723 548 1787; x_wconf 77' lang='lat' dir='ltr'><strong>ferrum,</strong></span> <span class='ocrx_word' id='word_1_116' title='bbox 580 1730 632 1776; x_wconf 90' lang='lat' dir='ltr'><strong>et</strong></span> <span class='ocrx_word' id='word_1_117' title='bbox 651 1740 725 1779; x_wconf 77' lang='lat' dir='ltr'><strong>aes</strong></span> <span class='ocrx_word' id='word_1_118' title='bbox 760 1724 892 1779; x_wconf 88' lang='lat' dir='ltr'><strong>rude</strong></span> <span class='ocrx_word' id='word_1_119' title='bbox 922 1725 976 1778; x_wconf 90' lang='lat' dir='ltr'><strong>in</strong></span> <span class='ocrx_word' id='word_1_120' title='bbox 1002 1725 1126 1779; x_wconf 86' lang='lat' dir='ltr'><strong>belli</strong></span> <span class='ocrx_word' id='word_1_121' title='bbox 1154 1726 1511 1784; x_wconf 88' lang='lat' dir='ltr'><strong>instrumenta</strong></span> <span class='ocrx_word' id='word_1_122' title='bbox 1551 1733 1872 1799; x_wconf 76' lang='lat' dir='ltr'><strong>exacuendi,</strong></span> 
     </span>
    </p>
   </div>
   <div class='ocr_carea' id='block_1_19' title="bbox 1974 534 3530 607">
    <p class='ocr_par' dir='ltr' id='par_1_19' title="bbox 1974 534 3530 607">
     <span class='ocr_line' id='line_1_19' title="bbox 1974 534 3530 607; baseline 0 -17"><span class='ocrx_word' id='word_1_123' title='bbox 1974 536 2235 591; x_wconf 79' lang='grc' dir='ltr'>λουθοῦσα</span> <span class='ocrx_word' id='word_1_124' title='bbox 2263 536 2399 607; x_wconf 80' lang='grc' dir='ltr'>μετὰ</span> <span class='ocrx_word' id='word_1_125' title='bbox 2419 536 2589 590; x_wconf 72' lang='grc' dir='ltr'>ταῦτά</span> <span class='ocrx_word' id='word_1_126' title='bbox 2615 553 2792 607; x_wconf 80' lang='grc' dir='ltr'>φησιν·</span> <span class='ocrx_word' id='word_1_127' title='bbox 2830 557 2846 587; x_wconf 84' lang='grc'><strong>‹</strong></span> <span class='ocrx_word' id='word_1_128' title='bbox 2878 534 3027 589; x_wconf 75' lang='grc' dir='ltr'>Εἶδον</span> <span class='ocrx_word' id='word_1_129' title='bbox 3056 539 3104 589; x_wconf 80' lang='grc' dir='ltr'>οἱ</span> <span class='ocrx_word' id='word_1_130' title='bbox 3141 537 3247 589; x_wconf 75' lang='grc' dir='ltr'>υἱοὶ</span> <span class='ocrx_word' id='word_1_131' title='bbox 3268 537 3359 589; x_wconf 86' lang='grc' dir='ltr'><strong>τοῦ</strong></span> <span class='ocrx_word' id='word_1_132' title='bbox 3398 537 3530 590; x_wconf 80' lang='grc' dir='ltr'>Θεοῦ</span> 
     </span>
    </p>
   </div>
   <div class='ocr_carea' id='block_1_20' title="bbox 1973 620 3528 699">
    <p class='ocr_par' dir='ltr' id='par_1_20' title="bbox 1973 620 3528 699">
     <span class='ocr_line' id='line_1_20' title="bbox 1973 620 3528 699; baseline -0.001 -17"><span class='ocrx_word' id='word_1_133' title='bbox 1973 628 2072 692; x_wconf 82' lang='grc' dir='ltr'><strong>τὰς</strong></span> <span class='ocrx_word' id='word_1_134' title='bbox 2100 628 2403 699; x_wconf 83' lang='grc' dir='ltr'><strong>θυγατέρας</strong></span> <span class='ocrx_word' id='word_1_135' title='bbox 2429 627 2536 683; x_wconf 85' lang='grc' dir='ltr'>τῶν</span> <span class='ocrx_word' id='word_1_136' title='bbox 2565 620 2881 698; x_wconf 56' lang='grc' dir='ltr'><strong>ἀνθρώπων,</strong></span> <span class='ocrx_word' id='word_1_137' title='bbox 2903 648 2921 679; x_wconf 74' lang='grc' dir='ltr'><strong><em>ι</em></strong></span> <span class='ocrx_word' id='word_1_138' title='bbox 2960 628 3229 681; x_wconf 73' lang='grc' dir='ltr'><strong>τουτέστιν</strong></span> <span class='ocrx_word' id='word_1_139' title='bbox 3253 629 3528 690; x_wconf 80' lang='grc' dir='ltr'><strong>οἱ,δίκαιοι.</strong></span> 
     </span>
    </p>
   </div>
   <div class='ocr_carea' id='block_1_21' title="bbox 1976 716 3531 793">
    <p class='ocr_par' dir='ltr' id='par_1_21' title="bbox 1976 716 3531 793">
     <span class='ocr_line' id='line_1_21' title="bbox 1976 716 3531 793; baseline 0.001 -20"><span class='ocrx_word' id='word_1_140' title='bbox 1976 721 2050 773; x_wconf 84' lang='grc' dir='ltr'><strong>Οὐ</strong></span> <span class='ocrx_word' id='word_1_141' title='bbox 2086 721 2192 793; x_wconf 83' lang='grc' dir='ltr'>γὰρ</span> <span class='ocrx_word' id='word_1_142' title='bbox 2218 716 2287 791; x_wconf 80' lang='grc' dir='ltr'>ἦν</span> <span class='ocrx_word' id='word_1_143' title='bbox 2310 719 2558 792; x_wconf 78' lang='grc' dir='ltr'><strong>ἐπιμιξία</strong></span> <span class='ocrx_word' id='word_1_144' title='bbox 2584 720 2691 774; x_wconf 84' lang='grc' dir='ltr'>τῶν</span> <span class='ocrx_word' id='word_1_145' title='bbox 2724 720 2852 773; x_wconf 83' lang='grc' dir='ltr'><strong>υἱῶν</strong></span> <span class='ocrx_word' id='word_1_146' title='bbox 2884 720 2989 791; x_wconf 74' lang='grc' dir='ltr'><strong>Σὴθ</strong></span> <span class='ocrx_word' id='word_1_147' title='bbox 3019 719 3151 792; x_wconf 85' lang='grc' dir='ltr'>πρὸς</span> <span class='ocrx_word' id='word_1_148' title='bbox 3185 720 3409 790; x_wconf 57' lang='grc' dir='ltr'>τὰίάπὺ</span> <span class='ocrx_word' id='word_1_149' title='bbox 3441 722 3531 775; x_wconf 84' lang='grc' dir='ltr'><strong>τοῦ</strong></span> 
     </span>
    </p>
   </div>
   <div class='ocr_carea' id='block_1_22' title="bbox 1974 812 2135 868">
    <p class='ocr_par' dir='ltr' id='par_1_22' title="bbox 1974 812 2135 868">
     <span class='ocr_line' id='line_1_22' title="bbox 1974 812 2135 868; baseline 0.019 -3"><span class='ocrx_word' id='word_1_150' title='bbox 1974 812 2135 868; x_wconf 83' lang='grc' dir='ltr'>Κάῖν.</span> 
     </span>
    </p>
   </div>
   <div class='ocr_carea' id='block_1_23' title="bbox 2044 900 3532 971">
    <p class='ocr_par' dir='ltr' id='par_1_23' title="bbox 2044 900 3532 971">
     <span class='ocr_line' id='line_1_23' title="bbox 2044 900 3532 971; baseline 0.002 -17"><span class='ocrx_word' id='word_1_151' title='bbox 2044 900 2203 968; x_wconf 86' lang='lat' dir='ltr'><strong>lbid.,</strong></span> <span class='ocrx_word' id='word_1_152' title='bbox 2234 903 2328 957; x_wconf 92' lang='lat' dir='ltr'><strong>lin.</strong></span> <span class='ocrx_word' id='word_1_153' title='bbox 2359 902 2450 957; x_wconf 79' lang='lat'><strong>27.</strong></span> <span class='ocrx_word' id='word_1_154' title='bbox 2481 902 2591 957; x_wconf 83' lang='grc' dir='ltr'>Τοῦ</span> <span class='ocrx_word' id='word_1_155' title='bbox 2623 900 2691 955; x_wconf 83' lang='grc' dir='ltr'><strong>δὲ</strong></span> <span class='ocrx_word' id='word_1_156' title='bbox 2716 901 2904 971; x_wconf 77' lang='grc' dir='ltr'><em>Ἰάρεδ</em></span> <span class='ocrx_word' id='word_1_157' title='bbox 2946 903 3094 969; x_wconf 77' lang='grc' dir='ltr'><strong>υἱός.</strong></span> <span class='ocrx_word' id='word_1_158' title='bbox 3125 902 3386 967; x_wconf 80' lang='lat' dir='ltr'><strong>Zonaras,</strong></span> <span class='ocrx_word' id='word_1_159' title='bbox 3425 905 3532 957; x_wconf 81' lang='lat' dir='ltr'><strong>An-</strong></span> 
     </span>
    </p>
   </div>
   <div class='ocr_carea' id='block_1_24' title="bbox 1976 992 3532 1066">
    <p class='ocr_par' dir='ltr' id='par_1_24' title="bbox 1976 992 3532 1066">
     <span class='ocr_line' id='line_1_24' title="bbox 1976 992 3532 1066; baseline 0 -20"><span class='ocrx_word' id='word_1_160' title='bbox 1976 992 2086 1047; x_wconf 82' lang='lat' dir='ltr'><strong>nal.</strong></span> <span class='ocrx_word' id='word_1_161' title='bbox 2122 1002 2252 1048; x_wconf 90' lang='lat' dir='ltr'><strong>tom.</strong></span> <span class='ocrx_word' id='word_1_162' title='bbox 2284 993 2303 1046; x_wconf 93' lang='lat' dir='ltr'><strong>l</strong></span> <span class='ocrx_word' id='word_1_163' title='bbox 2335 1012 2349 1049; x_wconf 90' lang='lat'><strong>:</strong></span> <span class='ocrx_word' id='word_1_164' title='bbox 2376 992 2717 1065; x_wconf 79' lang='grc' dir='ltr'>Εὑηρέστησε</span> <span class='ocrx_word' id='word_1_165' title='bbox 2756 994 2813 1047; x_wconf 84' lang='grc' dir='ltr'>δὲ</span> <span class='ocrx_word' id='word_1_166' title='bbox 2855 992 3023 1065; x_wconf 86' lang='grc' dir='ltr'>Ἑνὼχ</span> <span class='ocrx_word' id='word_1_167' title='bbox 3064 993 3139 1065; x_wconf 79' lang='grc' dir='ltr'>τῷ</span> <span class='ocrx_word' id='word_1_168' title='bbox 3179 994 3383 1066; x_wconf 80' lang='grc' dir='ltr'><strong>Κυρίῳ,</strong></span> <span class='ocrx_word' id='word_1_169' title='bbox 3439 996 3532 1047; x_wconf 75' lang='grc' dir='ltr'><strong>καὶ</strong></span> 
     </span>
    </p>
   </div>
   <div class='ocr_carea' id='block_1_25' title="bbox 1980 1085 3534 1158">
    <p class='ocr_par' dir='ltr' id='par_1_25' title="bbox 1980 1085 3534 1158">
     <span class='ocr_line' id='line_1_25' title="bbox 1980 1085 3534 1158; baseline -0.001 -18"><span class='ocrx_word' id='word_1_170' title='bbox 1980 1086 2260 1157; x_wconf 80' lang='grc' dir='ltr'><strong>μετετέθη,</strong></span> <span class='ocrx_word' id='word_1_171' title='bbox 2296 1086 2386 1140; x_wconf 80' lang='grc' dir='ltr'><strong>καὶ</strong></span> <span class='ocrx_word' id='word_1_172' title='bbox 2419 1086 2517 1155; x_wconf 82' lang='grc' dir='ltr'><strong>οὐχ</strong></span> <span class='ocrx_word' id='word_1_173' title='bbox 2556 1086 2836 1158; x_wconf 73' lang='grc' dir='ltr'>εὑρίσκετο</span> <span class='ocrx_word' id='word_1_174' title='bbox 2861 1086 2993 1138; x_wconf 76' lang='grc' dir='ltr'><strong>ὲτῶν</strong></span> <span class='ocrx_word' id='word_1_175' title='bbox 3035 1085 3269 1154; x_wconf 76' lang='grc' dir='ltr'><strong>γεγονὼς</strong></span> <span class='ocrx_word' id='word_1_176' title='bbox 3316 1103 3534 1156; x_wconf 84' lang='grc' dir='ltr'>τριακο-</span> 
     </span>
    </p>
   </div>
   <div class='ocr_carea' id='block_1_26' title="bbox 1978 1172 3535 1247">
    <p class='ocr_par' dir='ltr' id='par_1_26' title="bbox 1978 1172 3535 1247">
     <span class='ocr_line' id='line_1_26' title="bbox 1978 1172 3535 1247; baseline -0.001 -18"><span class='ocrx_word' id='word_1_177' title='bbox 1978 1176 2109 1229; x_wconf 84' lang='grc' dir='ltr'>σίων</span> <span class='ocrx_word' id='word_1_178' title='bbox 2138 1175 2394 1247; x_wconf 76' lang='grc' dir='ltr'><strong>ἑξήκοντα</strong></span> <span class='ocrx_word' id='word_1_179' title='bbox 2421 1174 2513 1228; x_wconf 68' lang='grc' dir='ltr'><strong>καὶ</strong></span> <span class='ocrx_word' id='word_1_180' title='bbox 2544 1174 2724 1228; x_wconf 78' lang='grc' dir='ltr'><strong>πέντε.</strong></span> <span class='ocrx_word' id='word_1_181' title='bbox 2752 1172 2991 1228; x_wconf 86' lang='lat' dir='ltr'><strong>Primum</strong></span> <span class='ocrx_word' id='word_1_182' title='bbox 3038 1174 3126 1229; x_wconf 83' lang='lat' dir='ltr'><strong>hic</strong></span> <span class='ocrx_word' id='word_1_183' title='bbox 3152 1174 3535 1231; x_wconf 77' lang='lat' dir='ltr'><strong>advertendum</strong></span> 
     </span>
    </p>
   </div>
   <div class='ocr_carea' id='block_1_27' title="bbox 1978 1264 3537 1337">
    <p class='ocr_par' dir='ltr' id='par_1_27' title="bbox 1978 1264 3537 1337">
     <span class='ocr_line' id='line_1_27' title="bbox 1978 1264 3537 1337; baseline 0.001 -18"><span class='ocrx_word' id='word_1_184' title='bbox 1978 1264 2363 1337; x_wconf 80' lang='lat' dir='ltr'><strong>Hieronymum</strong></span> <span class='ocrx_word' id='word_1_185' title='bbox 2403 1266 2564 1321; x_wconf 90' lang='lat' dir='ltr'><strong>veluti</strong></span> <span class='ocrx_word' id='word_1_186' title='bbox 2601 1266 2863 1321; x_wconf 79' lang='lat' dir='ltr'><strong>memoria</strong></span> <span class='ocrx_word' id='word_1_187' title='bbox 2914 1266 3122 1336; x_wconf 88' lang='lat' dir='ltr'><strong>lapsum</strong></span> <span class='ocrx_word' id='word_1_188' title='bbox 3167 1266 3345 1320; x_wconf 91' lang='lat' dir='ltr'><strong>notari</strong></span> <span class='ocrx_word' id='word_1_189' title='bbox 3373 1281 3404 1321; x_wconf 84' lang='lat' dir='ltr'><strong>a</strong></span> <span class='ocrx_word' id='word_1_190' title='bbox 3436 1264 3537 1321; x_wconf 85' lang='lat' dir='ltr'><strong>Pe-</strong></span> 
     </span>
    </p>
   </div>
   <div class='ocr_carea' id='block_1_28' title="bbox 1977 1356 3538 1428">
    <p class='ocr_par' dir='ltr' id='par_1_28' title="bbox 1977 1356 3538 1428">
     <span class='ocr_line' id='line_1_28' title="bbox 1977 1356 3538 1428; baseline -0.002 -14"><span class='ocrx_word' id='word_1_191' title='bbox 1977 1361 2121 1414; x_wconf 88' lang='lat' dir='ltr'><strong>rerio</strong></span> <span class='ocrx_word' id='word_1_192' title='bbox 2158 1360 2212 1413; x_wconf 84' lang='lat' dir='ltr'><strong>in</strong></span> <span class='ocrx_word' id='word_1_193' title='bbox 2238 1356 2446 1422; x_wconf 83' lang='lat' dir='ltr'><strong>Genes.,</strong></span> <span class='ocrx_word' id='word_1_194' title='bbox 2482 1357 2577 1412; x_wconf 91' lang='lat' dir='ltr'><strong>lib.</strong></span> <span class='ocrx_word' id='word_1_195' title='bbox 2609 1374 2686 1413; x_wconf 83' lang='lat' dir='ltr'><strong>vn</strong></span> <span class='ocrx_word' id='word_1_196' title='bbox 2712 1356 2788 1427; x_wconf 91' lang='lat' dir='ltr'><strong>(id</strong></span> <span class='ocrx_word' id='word_1_197' title='bbox 2829 1357 2994 1428; x_wconf 91' lang='lat' dir='ltr'><strong>quod,</strong></span> <span class='ocrx_word' id='word_1_198' title='bbox 3044 1364 3103 1411; x_wconf 90' lang='lat' dir='ltr'><strong>ut</strong></span> <span class='ocrx_word' id='word_1_199' title='bbox 3147 1357 3260 1427; x_wconf 89' lang='lat' dir='ltr'><strong>ipse</strong></span> <span class='ocrx_word' id='word_1_200' title='bbox 3300 1357 3395 1423; x_wconf 91' lang='lat' dir='ltr'><strong>ait,</strong></span> <span class='ocrx_word' id='word_1_201' title='bbox 3422 1372 3538 1411; x_wconf 85' lang='lat' dir='ltr'><strong>ma-</strong></span> 
     </span>
    </p>
   </div>
   <div class='ocr_carea' id='block_1_29' title="bbox 1975 1449 3536 1524">
    <p class='ocr_par' dir='ltr' id='par_1_29' title="bbox 1975 1449 3536 1524">
     <span class='ocr_line' id='line_1_29' title="bbox 1975 1449 3536 1524; baseline -0.002 -17"><span class='ocrx_word' id='word_1_202' title='bbox 1975 1453 2098 1524; x_wconf 87' lang='lat' dir='ltr'><strong>gnis</strong></span> <span class='ocrx_word' id='word_1_203' title='bbox 2121 1452 2276 1516; x_wconf 91' lang='lat' dir='ltr'><strong>viris,</strong></span> <span class='ocrx_word' id='word_1_204' title='bbox 2306 1450 2394 1505; x_wconf 92' lang='lat' dir='ltr'><strong>vel</strong></span> <span class='ocrx_word' id='word_1_205' title='bbox 2437 1450 2603 1505; x_wconf 90' lang='lat' dir='ltr'><strong>nimia</strong></span> <span class='ocrx_word' id='word_1_206' title='bbox 2649 1450 2925 1506; x_wconf 75' lang='lat' dir='ltr'><strong>memoria:</strong></span> <span class='ocrx_word' id='word_1_207' title='bbox 2956 1449 3173 1514; x_wconf 89' lang='lat' dir='ltr'><strong>ﬁducia,</strong></span> <span class='ocrx_word' id='word_1_208' title='bbox 3205 1451 3288 1506; x_wconf 84' lang='lat' dir='ltr'><strong>vel</strong></span> <span class='ocrx_word' id='word_1_209' title='bbox 3327 1449 3431 1504; x_wconf 89' lang='lat' dir='ltr'><strong>alia</strong></span> <span class='ocrx_word' id='word_1_210' title='bbox 3480 1450 3536 1504; x_wconf 91' lang='lat' dir='ltr'><strong>in</strong></span> 
     </span>
    </p>
   </div>
   <div class='ocr_carea' id='block_1_30' title="bbox 1975 1542 3535 1614">
    <p class='ocr_par' dir='ltr' id='par_1_30' title="bbox 1975 1542 3535 1614">
     <span class='ocr_line' id='line_1_30' title="bbox 1975 1542 3535 1614; baseline -0.001 -15"><span class='ocrx_word' id='word_1_211' title='bbox 1975 1560 2035 1600; x_wconf 90' lang='lat' dir='ltr'><strong>re</strong></span> <span class='ocrx_word' id='word_1_212' title='bbox 2093 1544 2274 1601; x_wconf 89' lang='lat' dir='ltr'><strong>studio</strong></span> <span class='ocrx_word' id='word_1_213' title='bbox 2320 1558 2561 1614; x_wconf 88' lang='lat' dir='ltr'><strong>curaque</strong></span> <span class='ocrx_word' id='word_1_214' title='bbox 2604 1542 2950 1599; x_wconf 88' lang='lat' dir='ltr'><strong>vehementer</strong></span> <span class='ocrx_word' id='word_1_215' title='bbox 2988 1543 3208 1597; x_wconf 89' lang='lat' dir='ltr'><strong>intentis</strong></span> <span class='ocrx_word' id='word_1_216' title='bbox 3259 1557 3369 1597; x_wconf 89' lang='lat' dir='ltr'><strong>non</strong></span> <span class='ocrx_word' id='word_1_217' title='bbox 3410 1557 3535 1597; x_wconf 88' lang='lat' dir='ltr'><strong>raro</strong></span> 
     </span>
    </p>
   </div>
   <div class='ocr_carea' id='block_1_31' title="bbox 1976 1634 3538 1709">
    <p class='ocr_par' dir='ltr' id='par_1_31' title="bbox 1976 1634 3538 1709">
     <span class='ocr_line' id='line_1_31' title="bbox 1976 1634 3538 1709; baseline -0.001 -19"><span class='ocrx_word' id='word_1_218' title='bbox 1976 1635 2281 1709; x_wconf 78' lang='lat' dir='ltr'><strong>contingit);</strong></span> <span class='ocrx_word' id='word_1_219' title='bbox 2301 1637 2346 1692; x_wconf 89' lang='lat' dir='ltr'><strong>si</strong></span> <span class='ocrx_word' id='word_1_220' title='bbox 2375 1634 2588 1709; x_wconf 87' lang='lat' dir='ltr'><strong>quidem</strong></span> <span class='ocrx_word' id='word_1_221' title='bbox 2617 1635 2759 1706; x_wconf 89' lang='lat' dir='ltr'><strong>quod</strong></span> <span class='ocrx_word' id='word_1_222' title='bbox 2789 1635 2893 1690; x_wconf 90' lang='lat' dir='ltr'><strong>hoc</strong></span> <span class='ocrx_word' id='word_1_223' title='bbox 2922 1636 3042 1691; x_wconf 91' lang='lat' dir='ltr'><strong>loco</strong></span> <span class='ocrx_word' id='word_1_224' title='bbox 3070 1634 3347 1705; x_wconf 86' lang='lat' dir='ltr'><strong>Scriptura</strong></span> <span class='ocrx_word' id='word_1_225' title='bbox 3375 1634 3538 1689; x_wconf 82' lang='lat' dir='ltr'><strong>tradit</strong></span> 
     </span>
    </p>
   </div>
   <div class='ocr_carea' id='block_1_32' title="bbox 1978 1725 3533 1797">
    <p class='ocr_par' dir='ltr' id='par_1_32' title="bbox 1978 1725 3533 1797">
     <span class='ocr_line' id='line_1_32' title="bbox 1978 1725 3533 1797; baseline -0.003 -14"><span class='ocrx_word' id='word_1_226' title='bbox 1978 1727 2045 1783; x_wconf 84' lang='lat' dir='ltr'><strong>de</strong></span> <span class='ocrx_word' id='word_1_227' title='bbox 2074 1726 2282 1794; x_wconf 89' lang='lat' dir='ltr'><strong>Enoch,</strong></span> <span class='ocrx_word' id='word_1_228' title='bbox 2312 1727 2402 1797; x_wconf 87' lang='lat' dir='ltr'><strong>qui</strong></span> <span class='ocrx_word' id='word_1_229' title='bbox 2428 1726 2689 1796; x_wconf 90' lang='lat' dir='ltr'><strong>septimus</strong></span> <span class='ocrx_word' id='word_1_230' title='bbox 2726 1726 2829 1780; x_wconf 82' lang='lat' dir='ltr'><strong>fuit</strong></span> <span class='ocrx_word' id='word_1_231' title='bbox 2861 1725 2930 1781; x_wconf 88' lang='lat' dir='ltr'><strong>ab</strong></span> <span class='ocrx_word' id='word_1_232' title='bbox 2964 1725 3189 1789; x_wconf 85' lang='lat' dir='ltr'><strong>Adamo,</strong></span> <span class='ocrx_word' id='word_1_233' title='bbox 3223 1727 3338 1796; x_wconf 91' lang='lat' dir='ltr'><strong>ipse</strong></span> <span class='ocrx_word' id='word_1_234' title='bbox 3378 1725 3533 1779; x_wconf 87' lang='lat' dir='ltr'><strong>attri-</strong></span> 
     </span>
    </p>
   </div>
   <div class='ocr_carea' id='block_1_33' title="bbox 320 1796 3537 1891">
    <p class='ocr_par' dir='ltr' id='par_1_33' title="bbox 320 1796 3537 1891">
     <span class='ocr_line' id='line_1_33' title="bbox 320 1796 3537 1891; baseline 0 -22"><span class='ocrx_word' id='word_1_235' title='bbox 320 1822 375 1869; x_wconf 90' lang='lat' dir='ltr'><strong>et</strong></span> <span class='ocrx_word' id='word_1_236' title='bbox 406 1814 784 1869; x_wconf 77' lang='lat' dir='ltr'><strong>conformandi</strong></span> <span class='ocrx_word' id='word_1_237' title='bbox 830 1824 1080 1872; x_wconf 83' lang='lat' dir='ltr'><strong>auctores</strong></span> <span class='ocrx_word' id='word_1_238' title='bbox 1117 1817 1267 1874; x_wconf 80' lang='lat' dir='ltr'><strong>fuere</strong></span> <span class='ocrx_word' id='word_1_239' title='bbox 1292 1836 1306 1883; x_wconf 90' lang='lat'><strong>;</strong></span> <span class='ocrx_word' id='word_1_240' title='bbox 1335 1832 1625 1891; x_wconf 87' lang='lat' dir='ltr'><strong>utrumque</strong></span> <span class='ocrx_word' id='word_1_241' title='bbox 1671 1796 1878 1879; x_wconf 68' lang='lat' dir='ltr'><strong>natura:</strong></span> <span class='ocrx_word' id='word_1_242' title='bbox 1912 1796 1951 1850; x_wconf 78' lang='grc' dir='ltr'><strong>Β</strong></span> <span class='ocrx_word' id='word_1_243' title='bbox 1981 1819 2098 1873; x_wconf 88' lang='lat' dir='ltr'><strong>buit</strong></span> <span class='ocrx_word' id='word_1_244' title='bbox 2126 1817 2271 1873; x_wconf 86' lang='lat' dir='ltr'><strong>Enos</strong></span> <span class='ocrx_word' id='word_1_245' title='bbox 2320 1796 2430 1873; x_wconf 89' lang='lat' dir='ltr'><strong>ﬁlio</strong></span> <span class='ocrx_word' id='word_1_246' title='bbox 2462 1817 2614 1884; x_wconf 88' lang='lat' dir='ltr'><strong>Setb,</strong></span> <span class='ocrx_word' id='word_1_247' title='bbox 2646 1817 2833 1873; x_wconf 85' lang='lat' dir='ltr'><strong>Adami</strong></span> <span class='ocrx_word' id='word_1_248' title='bbox 2864 1817 3065 1888; x_wconf 91' lang='lat' dir='ltr'><strong>nepoti.</strong></span> <span class='ocrx_word' id='word_1_249' title='bbox 3106 1815 3197 1872; x_wconf 90' lang='lat' dir='ltr'><strong>Sic</strong></span> <span class='ocrx_word' id='word_1_250' title='bbox 3225 1818 3367 1873; x_wconf 91' lang='lat' dir='ltr'><strong>enim</strong></span> <span class='ocrx_word' id='word_1_251' title='bbox 3400 1816 3537 1871; x_wconf 78' lang='lat' dir='ltr'><strong>scri~</strong></span> 
     </span>
    </p>
   </div>
   <div class='ocr_carea' id='block_1_34' title="bbox 320 1905 1130 1975">
    <p class='ocr_par' dir='ltr' id='par_1_34' title="bbox 320 1905 1130 1975">
     <span class='ocr_line' id='line_1_34' title="bbox 320 1905 1130 1975; baseline -0.001 -15"><span class='ocrx_word' id='word_1_252' title='bbox 320 1907 566 1960; x_wconf 70' lang='lat' dir='ltr'><strong>humanae</strong></span> <span class='ocrx_word' id='word_1_253' title='bbox 591 1905 1130 1975; x_wconf 83' lang='lat' dir='ltr'><strong>perniciosissimum.</strong></span> 
     </span>
    </p>
   </div>
   <div class='ocr_carea' id='block_1_35' title="bbox 388 1995 1879 2069">
    <p class='ocr_par' dir='ltr' id='par_1_35' title="bbox 388 1995 1879 2069">
     <span class='ocr_line' id='line_1_35' title="bbox 388 1995 1879 2069; baseline 0.009 -20"><span class='ocrx_word' id='word_1_254' title='bbox 388 1995 548 2061; x_wconf 76' lang='lat' dir='ltr'><strong>Ibid,</strong></span> <span class='ocrx_word' id='word_1_255' title='bbox 583 1998 677 2052; x_wconf 93' lang='lat' dir='ltr'><strong>lin.</strong></span> <span class='ocrx_word' id='word_1_256' title='bbox 711 1997 799 2051; x_wconf 81' lang='grc'><strong>19.</strong></span> <span class='ocrx_word' id='word_1_257' title='bbox 847 1997 908 2050; x_wconf 90' lang='lat'><strong>&#39;0</strong></span> <span class='ocrx_word' id='word_1_258' title='bbox 941 1997 1009 2051; x_wconf 81' lang='grc' dir='ltr'><em>δὲ</em></span> <span class='ocrx_word' id='word_1_259' title='bbox 1048 1998 1229 2068; x_wconf 83' lang='grc' dir='ltr'><strong>Ἀδὰμ</strong></span> <span class='ocrx_word' id='word_1_260' title='bbox 1259 1998 1464 2069; x_wconf 77' lang='grc' dir='ltr'><strong>ζήσας.</strong></span> <span class='ocrx_word' id='word_1_261' title='bbox 1489 2001 1668 2059; x_wconf 86' lang='lat' dir='ltr'><strong>Editio</strong></span> <span class='ocrx_word' id='word_1_262' title='bbox 1694 2005 1879 2062; x_wconf 75' lang='lat' dir='ltr'><strong>Graeca</strong></span> 
     </span>
    </p>
   </div>
   <div class='ocr_carea' id='block_1_36' title="bbox 321 2083 1880 2159">
    <p class='ocr_par' dir='ltr' id='par_1_36' title="bbox 321 2083 1880 2159">
     <span class='ocr_line' id='line_1_36' title="bbox 321 2083 1880 2159; baseline 0.008 -19"><span class='ocrx_word' id='word_1_263' title='bbox 321 2083 678 2157; x_wconf 79' lang='lat' dir='ltr'><strong>Septuaginta</strong></span> <span class='ocrx_word' id='word_1_264' title='bbox 718 2087 1080 2159; x_wconf 87' lang='lat' dir='ltr'><strong>Interpretum</strong></span> <span class='ocrx_word' id='word_1_265' title='bbox 1122 2088 1179 2143; x_wconf 89' lang='lat' dir='ltr'><strong>in</strong></span> <span class='ocrx_word' id='word_1_266' title='bbox 1227 2094 1614 2149; x_wconf 87' lang='lat' dir='ltr'><strong>enumerandis</strong></span> <span class='ocrx_word' id='word_1_267' title='bbox 1660 2096 1880 2152; x_wconf 90' lang='lat' dir='ltr'><strong>humani</strong></span> 
     </span>
    </p>
   </div>
   <div class='ocr_carea' id='block_1_37' title="bbox 317 2178 1880 2245">
    <p class='ocr_par' dir='ltr' id='par_1_37' title="bbox 317 2178 1880 2245">
     <span class='ocr_line' id='line_1_37' title="bbox 317 2178 1880 2245; baseline 0.008 -14"><span class='ocrx_word' id='word_1_268' title='bbox 317 2178 533 2245; x_wconf 78' lang='lat' dir='ltr'><strong>generis</strong></span> <span class='ocrx_word' id='word_1_269' title='bbox 564 2185 848 2233; x_wconf 84' lang='lat' dir='ltr'><strong>auctorum</strong></span> <span class='ocrx_word' id='word_1_270' title='bbox 896 2178 1056 2234; x_wconf 86' lang='lat' dir='ltr'><strong>annis</strong></span> <span class='ocrx_word' id='word_1_271' title='bbox 1092 2194 1218 2234; x_wconf 89' lang='lat' dir='ltr'><strong>cum</strong></span> <span class='ocrx_word' id='word_1_272' title='bbox 1264 2179 1531 2237; x_wconf 82' lang='lat' dir='ltr'><strong>Hebraica</strong></span> <span class='ocrx_word' id='word_1_273' title='bbox 1568 2183 1880 2243; x_wconf 69' lang='lat' dir='ltr'><strong>Iudaeorum</strong></span> 
     </span>
    </p>
   </div>
   <div class='ocr_carea' id='block_1_38' title="bbox 317 2265 1878 2343">
    <p class='ocr_par' dir='ltr' id='par_1_38' title="bbox 317 2265 1878 2343">
     <span class='ocr_line' id='line_1_38' title="bbox 317 2265 1878 2343; baseline 0.01 -23"><span class='ocrx_word' id='word_1_274' title='bbox 317 2283 426 2322; x_wconf 89' lang='lat' dir='ltr'><strong>non</strong></span> <span class='ocrx_word' id='word_1_275' title='bbox 451 2265 734 2336; x_wconf 78' lang='lat' dir='ltr'><strong>conv&#39;enit;</strong></span> <span class='ocrx_word' id='word_1_276' title='bbox 756 2285 942 2325; x_wconf 88' lang='lat' dir='ltr'><strong>eorum</strong></span> <span class='ocrx_word' id='word_1_277' title='bbox 958 2270 1316 2327; x_wconf 73' lang='lat' dir='ltr'><strong>diﬁ‘erentiam</strong></span> <span class='ocrx_word' id='word_1_278' title='bbox 1345 2274 1527 2343; x_wconf 89' lang='lat' dir='ltr'><strong>plures</strong></span> <span class='ocrx_word' id='word_1_279' title='bbox 1552 2284 1878 2336; x_wconf 91' lang='lat' dir='ltr'><strong>tractarunt.</strong></span> 
     </span>
    </p>
   </div>
   <div class='ocr_carea' id='block_1_39' title="bbox 321 2359 1879 2432">
    <p class='ocr_par' dir='ltr' id='par_1_39' title="bbox 321 2359 1879 2432">
     <span class='ocr_line' id='line_1_39' title="bbox 321 2359 1879 2432; baseline 0.01 -24"><span class='ocrx_word' id='word_1_280' title='bbox 321 2359 456 2415; x_wconf 78' lang='lat' dir='ltr'><strong>Vide</strong></span> <span class='ocrx_word' id='word_1_281' title='bbox 508 2363 651 2432; x_wconf 91' lang='lat' dir='ltr'><strong>apud</strong></span> <span class='ocrx_word' id='word_1_282' title='bbox 692 2362 904 2417; x_wconf 78' lang='lat' dir='ltr'><strong>Sixtum</strong></span> <span class='ocrx_word' id='word_1_283' title='bbox 957 2362 1276 2429; x_wconf 83' lang='lat' dir='ltr'><strong>Senensem,</strong></span> <span class='ocrx_word' id='word_1_284' title='bbox 1310 2365 1586 2423; x_wconf 80' lang='lat' dir='ltr'><strong>Pererium</strong></span> <span class='ocrx_word' id='word_1_285' title='bbox 1637 2377 1691 2424; x_wconf 87' lang='lat' dir='ltr'><strong>et</strong></span> <span class='ocrx_word' id='word_1_286' title='bbox 1724 2371 1879 2428; x_wconf 89' lang='lat' dir='ltr'><strong>alios.</strong></span> 
     </span>
    </p>
   </div>
   <div class='ocr_carea' id='block_1_40' title="bbox 322 2450 1879 2527">
    <p class='ocr_par' dir='ltr' id='par_1_40' title="bbox 322 2450 1879 2527">
     <span class='ocr_line' id='line_1_40' title="bbox 322 2450 1879 2527; baseline 0.006 -23"><span class='ocrx_word' id='word_1_287' title='bbox 322 2450 493 2504; x_wconf 74' lang='lat' dir='ltr'><strong>Graeci</strong></span> <span class='ocrx_word' id='word_1_288' title='bbox 527 2459 744 2506; x_wconf 87' lang='lat' dir='ltr'><strong>centum</strong></span> <span class='ocrx_word' id='word_1_289' title='bbox 793 2466 968 2508; x_wconf 89' lang='lat' dir='ltr'><strong>annos</strong></span> <span class='ocrx_word' id='word_1_290' title='bbox 1003 2455 1125 2524; x_wconf 93' lang='lat' dir='ltr'><strong>plus</strong></span> <span class='ocrx_word' id='word_1_291' title='bbox 1156 2456 1402 2510; x_wconf 91' lang='lat' dir='ltr'><strong>tribuunt</strong></span> <span class='ocrx_word' id='word_1_292' title='bbox 1432 2474 1593 2527; x_wconf 88' lang='lat' dir='ltr'><strong>quam</strong></span> <span class='ocrx_word' id='word_1_293' title='bbox 1648 2458 1879 2526; x_wconf 74' lang='lat' dir='ltr'><strong>Hebraei,</strong></span> 
     </span>
    </p>
   </div>
   <div class='ocr_carea' id='block_1_41' title="bbox 324 2542 1883 2611">
    <p class='ocr_par' dir='ltr' id='par_1_41' title="bbox 324 2542 1883 2611">
     <span class='ocr_line' id='line_1_41' title="bbox 324 2542 1883 2611; baseline 0.008 -16"><span class='ocrx_word' id='word_1_294' title='bbox 324 2553 516 2611; x_wconf 64' lang='lat' dir='ltr'><strong>praeter</strong></span> <span class='ocrx_word' id='word_1_295' title='bbox 546 2542 796 2599; x_wconf 88' lang='lat' dir='ltr'><strong>Lamechi</strong></span> <span class='ocrx_word' id='word_1_296' title='bbox 828 2560 1022 2611; x_wconf 89' lang='lat' dir='ltr'><strong>annos,</strong></span> <span class='ocrx_word' id='word_1_297' title='bbox 1059 2547 1152 2602; x_wconf 90' lang='lat' dir='ltr'><strong>ubi</strong></span> <span class='ocrx_word' id='word_1_298' title='bbox 1201 2563 1292 2603; x_wconf 81' lang='lat' dir='ltr'><strong>sex</strong></span> <span class='ocrx_word' id='word_1_299' title='bbox 1328 2549 1483 2603; x_wconf 88' lang='lat' dir='ltr'><strong>annis</strong></span> <span class='ocrx_word' id='word_1_300' title='bbox 1538 2558 1746 2606; x_wconf 86' lang='lat' dir='ltr'><strong>tantum</strong></span> <span class='ocrx_word' id='word_1_301' title='bbox 1800 2553 1883 2607; x_wconf 85' lang='lat' dir='ltr'><strong>di-</strong></span> 
     </span>
    </p>
   </div>
   <div class='ocr_carea' id='block_1_42' title="bbox 321 2635 1882 2712">
    <p class='ocr_par' dir='ltr' id='par_1_42' title="bbox 321 2635 1882 2712">
     <span class='ocr_line' id='line_1_42' title="bbox 321 2635 1882 2712; baseline 0.008 -23"><span class='ocrx_word' id='word_1_302' title='bbox 321 2643 496 2701; x_wconf 83' lang='lat' dir='ltr'><strong>stant,</strong></span> <span class='ocrx_word' id='word_1_303' title='bbox 527 2644 579 2691; x_wconf 91' lang='lat' dir='ltr'><strong>et</strong></span> <span class='ocrx_word' id='word_1_304' title='bbox 610 2635 824 2705; x_wconf 85' lang='lat' dir='ltr'><strong>Noethi,</strong></span> <span class='ocrx_word' id='word_1_305' title='bbox 850 2638 904 2691; x_wconf 92' lang='lat' dir='ltr'><strong>in</strong></span> <span class='ocrx_word' id='word_1_306' title='bbox 944 2640 1143 2708; x_wconf 84' lang='lat' dir='ltr'><strong>quibus</strong></span> <span class='ocrx_word' id='word_1_307' title='bbox 1176 2640 1611 2712; x_wconf 89' lang='lat' dir='ltr'><strong>quingentesimo</strong></span> <span class='ocrx_word' id='word_1_308' title='bbox 1641 2654 1692 2699; x_wconf 91' lang='lat' dir='ltr'><strong>et</strong></span> <span class='ocrx_word' id='word_1_309' title='bbox 1727 2662 1882 2701; x_wconf 81' lang='lat' dir='ltr'><strong>sexa-</strong></span> 
     </span>
    </p>
   </div>
   <div class='ocr_carea' id='block_1_43' title="bbox 320 2729 1881 2804">
    <p class='ocr_par' dir='ltr' id='par_1_43' title="bbox 320 2729 1881 2804">
     <span class='ocr_line' id='line_1_43' title="bbox 320 2729 1881 2804; baseline 0.008 -22"><span class='ocrx_word' id='word_1_310' title='bbox 320 2729 535 2798; x_wconf 77' lang='lat' dir='ltr'><strong>gesimo</strong></span> <span class='ocrx_word' id='word_1_311' title='bbox 589 2730 808 2783; x_wconf 86' lang='lat' dir='ltr'><strong>omnino</strong></span> <span class='ocrx_word' id='word_1_312' title='bbox 849 2731 1201 2786; x_wconf 87' lang='lat' dir='ltr'><strong>conveniunt.</strong></span> <span class='ocrx_word' id='word_1_313' title='bbox 1255 2732 1329 2788; x_wconf 90' lang='lat' dir='ltr'><strong>De</strong></span> <span class='ocrx_word' id='word_1_314' title='bbox 1369 2736 1645 2804; x_wconf 80' lang='lat' dir='ltr'><strong>sepultura</strong></span> <span class='ocrx_word' id='word_1_315' title='bbox 1690 2738 1881 2795; x_wconf 83' lang='lat' dir='ltr'><strong>Adami</strong></span> 
     </span>
    </p>
   </div>
   <div class='ocr_carea' id='block_1_44' title="bbox 319 2821 1882 2889">
    <p class='ocr_par' dir='ltr' id='par_1_44' title="bbox 319 2821 1882 2889">
     <span class='ocr_line' id='line_1_44' title="bbox 319 2821 1882 2889; baseline 0.008 -14"><span class='ocrx_word' id='word_1_316' title='bbox 319 2831 581 2877; x_wconf 89' lang='lat' dir='ltr'><strong>constans</strong></span> <span class='ocrx_word' id='word_1_317' title='bbox 628 2830 712 2877; x_wconf 91' lang='lat' dir='ltr'><strong>est</strong></span> <span class='ocrx_word' id='word_1_318' title='bbox 745 2821 1088 2878; x_wconf 73' lang='lat' dir='ltr'><strong>Hebraeorum</strong></span> <span class='ocrx_word' id='word_1_319' title='bbox 1138 2825 1382 2889; x_wconf 89' lang='lat' dir='ltr'><strong>traditio,</strong></span> <span class='ocrx_word' id='word_1_320' title='bbox 1417 2828 1682 2884; x_wconf 84' lang='lat' dir='ltr'><strong>Adamum</strong></span> <span class='ocrx_word' id='word_1_321' title='bbox 1734 2848 1882 2887; x_wconf 87' lang='lat' dir='ltr'><strong>mor-</strong></span> 
     </span>
    </p>
   </div>
   <div class='ocr_carea' id='block_1_45' title="bbox 321 2914 1879 2993">
    <p class='ocr_par' dir='ltr' id='par_1_45' title="bbox 321 2914 1879 2993">
     <span class='ocr_line' id='line_1_45' title="bbox 321 2914 1879 2993; baseline 0.008 -28"><span class='ocrx_word' id='word_1_322' title='bbox 321 2922 475 2968; x_wconf 81' lang='lat' dir='ltr'><strong>tuum</strong></span> <span class='ocrx_word' id='word_1_323' title='bbox 519 2920 574 2968; x_wconf 93' lang='lat' dir='ltr'><strong>et</strong></span> <span class='ocrx_word' id='word_1_324' title='bbox 620 2914 889 2984; x_wconf 90' lang='lat' dir='ltr'><strong>sepultum</strong></span> <span class='ocrx_word' id='word_1_325' title='bbox 935 2915 993 2968; x_wconf 91' lang='lat' dir='ltr'><strong>in</strong></span> <span class='ocrx_word' id='word_1_326' title='bbox 1050 2924 1195 2970; x_wconf 86' lang='lat' dir='ltr'><strong>terra</strong></span> <span class='ocrx_word' id='word_1_327' title='bbox 1262 2917 1436 2988; x_wconf 26' lang='lat' dir='ltr'><strong>Israel.</strong></span> <span class='ocrx_word' id='word_1_328' title='bbox 1482 2937 1648 2991; x_wconf 91' lang='lat' dir='ltr'><strong>prope</strong></span> <span class='ocrx_word' id='word_1_329' title='bbox 1693 2938 1879 2993; x_wconf 84' lang='lat' dir='ltr'><strong>agrum</strong></span> 
     </span>
    </p>
   </div>
   <div class='ocr_carea' id='block_1_46' title="bbox 322 3005 1882 3081">
    <p class='ocr_par' dir='ltr' id='par_1_46' title="bbox 322 3005 1882 3081">
     <span class='ocr_line' id='line_1_46' title="bbox 322 3005 1882 3081; baseline 0.008 -23"><span class='ocrx_word' id='word_1_330' title='bbox 322 3005 738 3067; x_wconf 76' lang='lat' dir='ltr'><strong>Damascenum,</strong></span> <span class='ocrx_word' id='word_1_331' title='bbox 769 3007 844 3060; x_wconf 90' lang='lat' dir='ltr'><strong>ibi</strong></span> <span class='ocrx_word' id='word_1_332' title='bbox 896 3007 1041 3061; x_wconf 91' lang='lat' dir='ltr'><strong>enim</strong></span> <span class='ocrx_word' id='word_1_333' title='bbox 1099 3007 1276 3062; x_wconf 81' lang='lat' dir='ltr'><strong>fuerat</strong></span> <span class='ocrx_word' id='word_1_334' title='bbox 1333 3021 1669 3081; x_wconf 90' lang='lat' dir='ltr'><strong>procreatus,</strong></span> <span class='ocrx_word' id='word_1_335' title='bbox 1704 3015 1778 3069; x_wconf 89' lang='lat' dir='ltr'><strong>ibi</strong></span> <span class='ocrx_word' id='word_1_336' title='bbox 1829 3025 1882 3072; x_wconf 89' lang='lat' dir='ltr'><strong>et</strong></span> 
     </span>
    </p>
   </div>
   <div class='ocr_carea' id='block_1_47' title="bbox 1978 1908 3535 1967">
    <p class='ocr_par' dir='ltr' id='par_1_47' title="bbox 1978 1908 3535 1967">
     <span class='ocr_line' id='line_1_47' title="bbox 1978 1908 3535 1967; baseline -0.001 -2"><span class='ocrx_word' id='word_1_337' title='bbox 1978 1911 2075 1965; x_wconf 88' lang='lat' dir='ltr'><strong>bit.</strong></span> <span class='ocrx_word' id='word_1_338' title='bbox 2104 1912 2199 1967; x_wconf 89' lang='lat' dir='ltr'><strong>lib.</strong></span> <span class='ocrx_word' id='word_1_339' title='bbox 2232 1928 2247 1965; x_wconf 89' lang='grc' dir='ltr'>ι</span> <span class='ocrx_word' id='word_1_340' title='bbox 2292 1910 2548 1967; x_wconf 84' lang='lat' dir='ltr'><strong>Adversus</strong></span> <span class='ocrx_word' id='word_1_341' title='bbox 2594 1910 2936 1965; x_wconf 72' lang='lat' dir='ltr'><strong>Iovinianum</strong></span> <span class='ocrx_word' id='word_1_342' title='bbox 2968 1928 2985 1965; x_wconf 90' lang='lat'><strong><em>:</em></strong></span> <span class='ocrx_word' id='word_1_343' title='bbox 3027 1909 3147 1964; x_wconf 83' lang='lat' dir='ltr'><strong>Non</strong></span> <span class='ocrx_word' id='word_1_344' title='bbox 3192 1927 3309 1965; x_wconf 80' lang='lat' dir='ltr'><strong>reor</strong></span> <span class='ocrx_word' id='word_1_345' title='bbox 3338 1908 3535 1964; x_wconf 80' lang='lat' dir='ltr'><strong>idcirco</strong></span> 
     </span>
    </p>
   </div>
   <div class='ocr_carea' id='block_1_48' title="bbox 1980 2000 3536 2074">
    <p class='ocr_par' dir='ltr' id='par_1_48' title="bbox 1980 2000 3536 2074">
     <span class='ocr_line' id='line_1_48' title="bbox 1980 2000 3536 2074; baseline -0.001 -19"><span class='ocrx_word' id='word_1_346' title='bbox 1980 2004 2299 2057; x_wconf 81' lang='lat' dir='ltr'><strong>translatum</strong></span> <span class='ocrx_word' id='word_1_347' title='bbox 2327 2003 2525 2067; x_wconf 84' lang='lat' dir='ltr'><strong>Enoch,</strong></span> <span class='ocrx_word' id='word_1_348' title='bbox 2557 2002 2694 2074; x_wconf 85' lang='lat' dir='ltr'><strong>quod</strong></span> <span class='ocrx_word' id='word_1_349' title='bbox 2722 2019 2939 2057; x_wconf 78' lang='lat' dir='ltr'><strong>uxorem</strong></span> <span class='ocrx_word' id='word_1_350' title='bbox 2967 2003 3228 2067; x_wconf 83' lang='lat' dir='ltr'><strong>habuerit,</strong></span> <span class='ocrx_word' id='word_1_351' title='bbox 3265 2002 3353 2055; x_wconf 80' lang='lat' dir='ltr'><strong>sed</strong></span> <span class='ocrx_word' id='word_1_352' title='bbox 3398 2000 3536 2071; x_wconf 80' lang='lat' dir='ltr'><strong>quod</strong></span> 
     </span>
    </p>
   </div>
   <div class='ocr_carea' id='block_1_49' title="bbox 1979 2091 3537 2161">
    <p class='ocr_par' dir='ltr' id='par_1_49' title="bbox 1979 2091 3537 2161">
     <span class='ocr_line' id='line_1_49' title="bbox 1979 2091 3537 2161; baseline -0.001 -16"><span class='ocrx_word' id='word_1_353' title='bbox 1979 2094 2181 2161; x_wconf 84' lang='lat' dir='ltr'><strong>primus</strong></span> <span class='ocrx_word' id='word_1_354' title='bbox 2204 2094 2517 2148; x_wconf 82' lang='lat' dir='ltr'><strong>invocaverit</strong></span> <span class='ocrx_word' id='word_1_355' title='bbox 2571 2093 2756 2157; x_wconf 86' lang='lat' dir='ltr'><strong>Deum,</strong></span> <span class='ocrx_word' id='word_1_356' title='bbox 2798 2104 2847 2147; x_wconf 87' lang='lat' dir='ltr'><strong>et</strong></span> <span class='ocrx_word' id='word_1_357' title='bbox 2879 2092 3154 2147; x_wconf 81' lang='lat' dir='ltr'><strong>crediderit</strong></span> <span class='ocrx_word' id='word_1_358' title='bbox 3201 2093 3252 2146; x_wconf 89' lang='lat' dir='ltr'><strong>in</strong></span> <span class='ocrx_word' id='word_1_359' title='bbox 3290 2091 3537 2146; x_wconf 85' lang='lat' dir='ltr'><strong>Salvato-</strong></span> 
     </span>
    </p>
   </div>
   <div class='ocr_carea' id='block_1_50' title="bbox 1982 2182 3538 2255">
    <p class='ocr_par' dir='ltr' id='par_1_50' title="bbox 1982 2182 3538 2255">
     <span class='ocr_line' id='line_1_50' title="bbox 1982 2182 3538 2255; baseline 0.001 -18"><span class='ocrx_word' id='word_1_360' title='bbox 1982 2201 2110 2238; x_wconf 84' lang='lat' dir='ltr'><strong>rem.</strong></span> <span class='ocrx_word' id='word_1_361' title='bbox 2142 2184 2209 2237; x_wconf 83' lang='lat' dir='ltr'><strong>At</strong></span> <span class='ocrx_word' id='word_1_362' title='bbox 2242 2185 2474 2255; x_wconf 88' lang='lat' dir='ltr'><strong>primum</strong></span> <span class='ocrx_word' id='word_1_363' title='bbox 2499 2184 2759 2249; x_wconf 90' lang='lat' dir='ltr'><strong>omnium,</strong></span> <span class='ocrx_word' id='word_1_364' title='bbox 2783 2187 2873 2255; x_wconf 91' lang='lat' dir='ltr'><strong>qui</strong></span> <span class='ocrx_word' id='word_1_365' title='bbox 2902 2199 3096 2239; x_wconf 90' lang='lat' dir='ltr'><strong>nomen</strong></span> <span class='ocrx_word' id='word_1_366' title='bbox 3133 2182 3342 2238; x_wconf 91' lang='lat' dir='ltr'><strong>Domini</strong></span> <span class='ocrx_word' id='word_1_367' title='bbox 3371 2184 3538 2253; x_wconf 73' lang='lat' dir='ltr'><strong>cmpit</strong></span> 
     </span>
    </p>
   </div>
   <div class='ocr_carea' id='block_1_51' title="bbox 1982 2274 3534 2347">
    <p class='ocr_par' dir='ltr' id='par_1_51' title="bbox 1982 2274 3534 2347">
     <span class='ocr_line' id='line_1_51' title="bbox 1982 2274 3534 2347; baseline -0.001 -17"><span class='ocrx_word' id='word_1_368' title='bbox 1982 2276 2236 2332; x_wconf 87' lang='lat' dir='ltr'><strong>invocare</strong></span> <span class='ocrx_word' id='word_1_369' title='bbox 2257 2292 2365 2332; x_wconf 90' lang='lat' dir='ltr'><strong>non</strong></span> <span class='ocrx_word' id='word_1_370' title='bbox 2394 2276 2597 2342; x_wconf 87' lang='lat' dir='ltr'><strong>Enoch,</strong></span> <span class='ocrx_word' id='word_1_371' title='bbox 2626 2276 2719 2333; x_wconf 86' lang='lat' dir='ltr'><strong>sed</strong></span> <span class='ocrx_word' id='word_1_372' title='bbox 2747 2276 2891 2333; x_wconf 89' lang='lat' dir='ltr'><strong>Enos</strong></span> <span class='ocrx_word' id='word_1_373' title='bbox 2923 2276 3087 2333; x_wconf 78' lang='lat' dir='ltr'><strong>fuisse</strong></span> <span class='ocrx_word' id='word_1_374' title='bbox 3107 2291 3227 2347; x_wconf 91' lang='lat' dir='ltr'><strong>cap.</strong></span> <span class='ocrx_word' id='word_1_375' title='bbox 3258 2292 3330 2340; x_wconf 73' lang='grc' dir='ltr'><strong>ιν,</strong></span> <span class='ocrx_word' id='word_1_376' title='bbox 3353 2274 3534 2330; x_wconf 83' lang='lat' dir='ltr'><strong>Cenes.</strong></span> 
     </span>
    </p>
   </div>
   <div class='ocr_carea' id='block_1_52' title="bbox 1989 2363 3537 2439">
    <p class='ocr_par' dir='ltr' id='par_1_52' title="bbox 1989 2363 3537 2439">
     <span class='ocr_line' id='line_1_52' title="bbox 1989 2363 3537 2439; baseline -0.001 -20"><span class='ocrx_word' id='word_1_377' title='bbox 1989 2366 2154 2422; x_wconf 87' lang='lat' dir='ltr'><strong>tradit</strong></span> <span class='ocrx_word' id='word_1_378' title='bbox 2190 2367 2425 2439; x_wconf 79' lang='lat' dir='ltr'><strong>Moyses.</strong></span> <span class='ocrx_word' id='word_1_379' title='bbox 2478 2366 2785 2421; x_wconf 89' lang='lat' dir='ltr'><strong>Secundum</strong></span> <span class='ocrx_word' id='word_1_380' title='bbox 2822 2381 2837 2418; x_wconf 93' lang='lat'><strong>:</strong></span> <span class='ocrx_word' id='word_1_381' title='bbox 2884 2364 3181 2435; x_wconf 87' lang='lat' dir='ltr'><strong>Procopius</strong></span> <span class='ocrx_word' id='word_1_382' title='bbox 3234 2363 3440 2420; x_wconf 86' lang='lat' dir='ltr'><strong>Gazeus</strong></span> <span class='ocrx_word' id='word_1_383' title='bbox 3471 2381 3537 2420; x_wconf 84' lang='lat' dir='ltr'><strong>ex</strong></span> 
     </span>
    </p>
   </div>
   <div class='ocr_carea' id='block_1_53' title="bbox 1984 2455 3538 2529">
    <p class='ocr_par' dir='ltr' id='par_1_53' title="bbox 1984 2455 3538 2529">
     <span class='ocr_line' id='line_1_53' title="bbox 1984 2455 3538 2529; baseline -0.005 -16"><span class='ocrx_word' id='word_1_384' title='bbox 1984 2459 2159 2513; x_wconf 72' lang='lat' dir='ltr'><strong>Verbis</strong></span> <span class='ocrx_word' id='word_1_385' title='bbox 2178 2458 2461 2528; x_wconf 76' lang='lat' dir='ltr'><strong>Scriptura:</strong></span> <span class='ocrx_word' id='word_1_386' title='bbox 2487 2466 2637 2529; x_wconf 88' lang='lat' dir='ltr'><strong>putat</strong></span> <span class='ocrx_word' id='word_1_387' title='bbox 2662 2457 2840 2512; x_wconf 88' lang='lat' dir='ltr'><strong>Enoch</strong></span> <span class='ocrx_word' id='word_1_388' title='bbox 2864 2466 2989 2513; x_wconf 89' lang='lat' dir='ltr'><strong>ante</strong></span> <span class='ocrx_word' id='word_1_389' title='bbox 3020 2456 3186 2511; x_wconf 78' lang='lat' dir='ltr'><strong>fuisse</strong></span> <span class='ocrx_word' id='word_1_390' title='bbox 3212 2455 3538 2525; x_wconf 61' lang='lat' dir='ltr'><strong>improbum,</strong></span> 
     </span>
    </p>
   </div>
   <div class='ocr_carea' id='block_1_54' title="bbox 1982 2545 3536 2620">
    <p class='ocr_par' dir='ltr' id='par_1_54' title="bbox 1982 2545 3536 2620">
     <span class='ocr_line' id='line_1_54' title="bbox 1982 2545 3536 2620; baseline -0.005 -15"><span class='ocrx_word' id='word_1_391' title='bbox 1982 2562 2030 2605; x_wconf 86' lang='lat' dir='ltr'><strong>et</strong></span> <span class='ocrx_word' id='word_1_392' title='bbox 2058 2548 2400 2620; x_wconf 83' lang='lat' dir='ltr'><strong>ﬂagitiosum,</strong></span> <span class='ocrx_word' id='word_1_393' title='bbox 2433 2549 2527 2606; x_wconf 88' lang='lat' dir='ltr'><strong>sed</strong></span> <span class='ocrx_word' id='word_1_394' title='bbox 2568 2557 2749 2618; x_wconf 86' lang='lat' dir='ltr'><strong>postea</strong></span> <span class='ocrx_word' id='word_1_395' title='bbox 2782 2546 2944 2618; x_wconf 88' lang='lat' dir='ltr'><strong>digna</strong></span> <span class='ocrx_word' id='word_1_396' title='bbox 2974 2554 3027 2602; x_wconf 90' lang='lat' dir='ltr'><strong>et</strong></span> <span class='ocrx_word' id='word_1_397' title='bbox 3054 2545 3289 2617; x_wconf 82' lang='lat' dir='ltr'><strong>perfecta</strong></span> <span class='ocrx_word' id='word_1_398' title='bbox 3314 2560 3536 2600; x_wconf 89' lang='lat' dir='ltr'><strong>suorum</strong></span> 
     </span>
    </p>
   </div>
   <div class='ocr_carea' id='block_1_55' title="bbox 1983 2634 3535 2711">
    <p class='ocr_par' dir='ltr' id='par_1_55' title="bbox 1983 2634 3535 2711">
     <span class='ocr_line' id='line_1_55' title="bbox 1983 2634 3535 2711; baseline -0.006 -16"><span class='ocrx_word' id='word_1_399' title='bbox 1983 2641 2248 2695; x_wconf 89' lang='lat' dir='ltr'><strong>scelerum</strong></span> <span class='ocrx_word' id='word_1_400' title='bbox 2279 2640 2597 2711; x_wconf 68' lang='lat' dir='ltr'><strong>poenitentia</strong></span> <span class='ocrx_word' id='word_1_401' title='bbox 2622 2654 2730 2693; x_wconf 89' lang='lat' dir='ltr'><strong>non</strong></span> <span class='ocrx_word' id='word_1_402' title='bbox 2763 2646 2970 2691; x_wconf 88' lang='lat' dir='ltr'><strong>tantum</strong></span> <span class='ocrx_word' id='word_1_403' title='bbox 2998 2635 3319 2691; x_wconf 88' lang='lat' dir='ltr'><strong>emendasse</strong></span> <span class='ocrx_word' id='word_1_404' title='bbox 3350 2634 3535 2695; x_wconf 84' lang='lat' dir='ltr'><strong>vitam,</strong></span> 
     </span>
    </p>
   </div>
   <div class='ocr_carea' id='block_1_56' title="bbox 1983 2725 3539 2800">
    <p class='ocr_par' dir='ltr' id='par_1_56' title="bbox 1983 2725 3539 2800">
     <span class='ocr_line' id='line_1_56' title="bbox 1983 2725 3539 2800; baseline -0.006 -13"><span class='ocrx_word' id='word_1_405' title='bbox 1983 2733 2075 2787; x_wconf 88' lang='lat' dir='ltr'><strong>sed</strong></span> <span class='ocrx_word' id='word_1_406' title='bbox 2107 2731 2239 2786; x_wconf 87' lang='lat' dir='ltr'><strong>adeo</strong></span> <span class='ocrx_word' id='word_1_407' title='bbox 2290 2731 2397 2785; x_wconf 87' lang='lat' dir='ltr'><strong>Deo</strong></span> <span class='ocrx_word' id='word_1_408' title='bbox 2447 2730 2735 2800; x_wconf 86' lang='lat' dir='ltr'><strong>placuisse,</strong></span> <span class='ocrx_word' id='word_1_409' title='bbox 2769 2738 2829 2781; x_wconf 88' lang='lat' dir='ltr'><strong>ut</strong></span> <span class='ocrx_word' id='word_1_410' title='bbox 2879 2734 3180 2783; x_wconf 87' lang='lat' dir='ltr'><strong>mereretur</strong></span> <span class='ocrx_word' id='word_1_411' title='bbox 3223 2725 3412 2780; x_wconf 89' lang='lat' dir='ltr'><strong>mortis</strong></span> <span class='ocrx_word' id='word_1_412' title='bbox 3444 2739 3539 2777; x_wconf 82' lang='lat' dir='ltr'><strong>ex-</strong></span> 
     </span>
    </p>
   </div>
   <div class='ocr_carea' id='block_1_57' title="bbox 1984 2814 3537 2893">
    <p class='ocr_par' dir='ltr' id='par_1_57' title="bbox 1984 2814 3537 2893">
     <span class='ocr_line' id='line_1_57' title="bbox 1984 2814 3537 2893; baseline -0.006 -15"><span class='ocrx_word' id='word_1_413' title='bbox 1984 2840 2108 2893; x_wconf 84' lang='lat' dir='ltr'><strong>pers</strong></span> <span class='ocrx_word' id='word_1_414' title='bbox 2160 2823 2213 2876; x_wconf 89' lang='lat' dir='ltr'><strong>in</strong></span> <span class='ocrx_word' id='word_1_415' title='bbox 2262 2822 2469 2877; x_wconf 79' lang='lat' dir='ltr'><strong>felicem</strong></span> <span class='ocrx_word' id='word_1_416' title='bbox 2513 2824 2635 2877; x_wconf 61' lang='lat' dir='ltr'><strong>vitae</strong></span> <span class='ocrx_word' id='word_1_417' title='bbox 2688 2828 2891 2877; x_wconf 88' lang='lat' dir='ltr'><strong>statum</strong></span> <span class='ocrx_word' id='word_1_418' title='bbox 2937 2818 3239 2875; x_wconf 80' lang='lat' dir='ltr'><strong>transferri.</strong></span> <span class='ocrx_word' id='word_1_419' title='bbox 3294 2814 3537 2871; x_wconf 88' lang='lat' dir='ltr'><strong>Tertium</strong></span> 
     </span>
    </p>
   </div>
   <div class='ocr_carea' id='block_1_58' title="bbox 1983 2907 3540 2968">
    <p class='ocr_par' dir='ltr' id='par_1_58' title="bbox 1983 2907 3540 2968">
     <span class='ocr_line' id='line_1_58' title="bbox 1983 2907 3540 2968; baseline -0.004 -2"><span class='ocrx_word' id='word_1_420' title='bbox 1983 2915 2314 2968; x_wconf 84' lang='lat' dir='ltr'><strong>Abenezram</strong></span> <span class='ocrx_word' id='word_1_421' title='bbox 2357 2927 2477 2965; x_wconf 91' lang='lat' dir='ltr'><strong>cum</strong></span> <span class='ocrx_word' id='word_1_422' title='bbox 2557 2911 2676 2965; x_wconf 89' lang='lat' dir='ltr'><strong>aliis</strong></span> <span class='ocrx_word' id='word_1_423' title='bbox 2707 2907 3378 2965; x_wconf 64' lang='lat' dir='ltr'><strong>contendissezi‘lnochum</strong></span> <span class='ocrx_word' id='word_1_424' title='bbox 3396 2919 3540 2960; x_wconf 82' lang='lat' dir='ltr'><strong>mor—</strong></span> 
     </span>
    </p>
   </div>
   <div class='ocr_carea' id='block_1_59' title="bbox 1988 2997 3535 3073">
    <p class='ocr_par' dir='ltr' id='par_1_59' title="bbox 1988 2997 3535 3073">
     <span class='ocr_line' id='line_1_59' title="bbox 1988 2997 3535 3073; baseline -0.006 -14"><span class='ocrx_word' id='word_1_425' title='bbox 1988 3015 2138 3060; x_wconf 90' lang='lat' dir='ltr'><strong>tuum</strong></span> <span class='ocrx_word' id='word_1_426' title='bbox 2172 3021 2313 3068; x_wconf 88' lang='lat' dir='ltr'><strong>esse,</strong></span> <span class='ocrx_word' id='word_1_427' title='bbox 2342 3013 2394 3059; x_wconf 89' lang='lat' dir='ltr'><strong>et</strong></span> <span class='ocrx_word' id='word_1_428' title='bbox 2429 3004 2501 3057; x_wconf 89' lang='lat' dir='ltr'><strong>ita</strong></span> <span class='ocrx_word' id='word_1_429' title='bbox 2540 3003 2837 3073; x_wconf 70' lang='lat' dir='ltr'><strong>Scriptura:</strong></span> <span class='ocrx_word' id='word_1_430' title='bbox 2878 3003 3056 3056; x_wconf 88' lang='lat' dir='ltr'><strong>locum</strong></span> <span class='ocrx_word' id='word_1_431' title='bbox 3110 2997 3535 3069; x_wconf 83' lang='lat' dir='ltr'><strong>intelligendum,</strong></span> 
     </span>
    </p>
   </div>
   <div class='ocr_carea' id='block_1_60' title="bbox 326 3093 3545 3180">
    <p class='ocr_par' dir='ltr' id='par_1_60' title="bbox 326 3093 3545 3180">
     <span class='ocr_line' id='line_1_60' title="bbox 326 3093 3545 3180; baseline -0.003 -24"><span class='ocrx_word' id='word_1_432' title='bbox 326 3102 496 3152; x_wconf 70' lang='lat' dir='ltr'><strong>vitam</strong></span> <span class='ocrx_word' id='word_1_433' title='bbox 529 3099 788 3154; x_wconf 79' lang='lat' dir='ltr'><strong>traduxit.</strong></span> <span class='ocrx_word' id='word_1_434' title='bbox 822 3099 929 3153; x_wconf 85' lang='lat' dir='ltr'><strong>Alii</strong></span> <span class='ocrx_word' id='word_1_435' title='bbox 962 3115 1027 3155; x_wconf 83' lang='lat' dir='ltr'><strong>ex</strong></span> <span class='ocrx_word' id='word_1_436' title='bbox 1060 3098 1238 3156; x_wconf 69' lang='lat' dir='ltr'><strong>Josuaa</strong></span> <span class='ocrx_word' id='word_1_437' title='bbox 1271 3118 1323 3155; x_wconf 77' lang='grc' dir='ltr'>ιν</span> <span class='ocrx_word' id='word_1_438' title='bbox 1351 3104 1499 3158; x_wconf 86' lang='lat' dir='ltr'><strong>aiunt</strong></span> <span class='ocrx_word' id='word_1_439' title='bbox 1534 3106 1682 3159; x_wconf 74' lang='lat' dir='ltr'><strong>illum</strong></span> <span class='ocrx_word' id='word_1_440' title='bbox 1709 3110 1887 3179; x_wconf 67' lang='lat' dir='ltr'><strong>sepul-</strong></span> <span class='ocrx_word' id='word_1_441' title='bbox 1916 3124 1956 3180; x_wconf 72' lang='grc' dir='ltr'><strong>ο</strong></span> <span class='ocrx_word' id='word_1_442' title='bbox 1992 3098 2175 3152; x_wconf 89' lang='lat' dir='ltr'><strong>multis</strong></span> <span class='ocrx_word' id='word_1_443' title='bbox 2204 3097 2529 3159; x_wconf 88' lang='lat' dir='ltr'><strong>rationibus,</strong></span> <span class='ocrx_word' id='word_1_444' title='bbox 2558 3096 2650 3151; x_wconf 88' lang='lat' dir='ltr'><strong>sed</strong></span> <span class='ocrx_word' id='word_1_445' title='bbox 2673 3104 2874 3150; x_wconf 88' lang='lat' dir='ltr'><strong>temere</strong></span> <span class='ocrx_word' id='word_1_446' title='bbox 2892 3102 3121 3149; x_wconf 85' lang='lat' dir='ltr'><strong>conatur</strong></span> <span class='ocrx_word' id='word_1_447' title='bbox 3140 3093 3545 3147; x_wconf 89' lang='lat' dir='ltr'><strong>demonstrare..</strong></span> 
     </span>
    </p>
   </div>
   <div class='ocr_carea' id='block_1_61' title="bbox 323 3186 1883 3264">
    <p class='ocr_par' dir='ltr' id='par_1_61' title="bbox 323 3186 1883 3264">
     <span class='ocr_line' id='line_1_61' title="bbox 323 3186 1883 3264; baseline 0.011 -25"><span class='ocrx_word' id='word_1_448' title='bbox 323 3197 437 3241; x_wconf 91' lang='lat' dir='ltr'><strong>tum</strong></span> <span class='ocrx_word' id='word_1_449' title='bbox 473 3188 526 3241; x_wconf 91' lang='lat' dir='ltr'><strong>in</strong></span> <span class='ocrx_word' id='word_1_450' title='bbox 560 3186 760 3243; x_wconf 86' lang='lat' dir='ltr'><strong>Ebron.</strong></span> <span class='ocrx_word' id='word_1_451' title='bbox 807 3187 1129 3243; x_wconf 85' lang='lat' dir='ltr'><strong>Nostrorum</strong></span> <span class='ocrx_word' id='word_1_452' title='bbox 1163 3201 1339 3245; x_wconf 91' lang='lat' dir='ltr'><strong>tamen</strong></span> <span class='ocrx_word' id='word_1_453' title='bbox 1372 3196 1638 3249; x_wconf 87' lang='lat' dir='ltr'><strong>sententia</strong></span> <span class='ocrx_word' id='word_1_454' title='bbox 1677 3209 1779 3264; x_wconf 91' lang='lat' dir='ltr'><strong>est,</strong></span> <span class='ocrx_word' id='word_1_455' title='bbox 1829 3202 1883 3256; x_wconf 93' lang='lat' dir='ltr'><strong>in</strong></span> 
     </span>
    </p>
   </div>
   <div class='ocr_carea' id='block_1_62' title="bbox 322 3278 1883 3350">
    <p class='ocr_par' dir='ltr' id='par_1_62' title="bbox 322 3278 1883 3350">
     <span class='ocr_line' id='line_1_62' title="bbox 322 3278 1883 3350; baseline 0.01 -18"><span class='ocrx_word' id='word_1_456' title='bbox 322 3287 509 3335; x_wconf 86' lang='lat' dir='ltr'><strong>monte</strong></span> <span class='ocrx_word' id='word_1_457' title='bbox 552 3278 798 3349; x_wconf 61' lang='lat' dir='ltr'><strong>Golgota,</strong></span> <span class='ocrx_word' id='word_1_458' title='bbox 856 3280 909 3333; x_wconf 92' lang='lat' dir='ltr'><strong>in</strong></span> <span class='ocrx_word' id='word_1_459' title='bbox 960 3296 1068 3350; x_wconf 89' lang='lat' dir='ltr'><strong>quo</strong></span> <span class='ocrx_word' id='word_1_460' title='bbox 1117 3280 1377 3339; x_wconf 89' lang='lat' dir='ltr'><strong>Dominus</strong></span> <span class='ocrx_word' id='word_1_461' title='bbox 1433 3288 1728 3346; x_wconf 78' lang='lat' dir='ltr'><strong>cruciﬁxus</strong></span> <span class='ocrx_word' id='word_1_462' title='bbox 1764 3293 1883 3348; x_wconf 83' lang='lat' dir='ltr'><strong>fuit.</strong></span> 
     </span>
    </p>
   </div>
   <div class='ocr_carea' id='block_1_63' title="bbox 322 3368 1887 3443">
    <p class='ocr_par' dir='ltr' id='par_1_63' title="bbox 322 3368 1887 3443">
     <span class='ocr_line' id='line_1_63' title="bbox 322 3368 1887 3443; baseline 0.009 -19"><span class='ocrx_word' id='word_1_463' title='bbox 322 3368 582 3440; x_wconf 82' lang='lat' dir='ltr'><strong>Origenes</strong></span> <span class='ocrx_word' id='word_1_464' title='bbox 628 3378 789 3424; x_wconf 88' lang='lat' dir='ltr'><strong>tract.</strong></span> <span class='ocrx_word' id='word_1_465' title='bbox 817 3369 886 3424; x_wconf 82' lang='grc'><strong>55</strong></span> <span class='ocrx_word' id='word_1_466' title='bbox 919 3371 971 3423; x_wconf 89' lang='lat' dir='ltr'><strong>in</strong></span> <span class='ocrx_word' id='word_1_467' title='bbox 1009 3369 1271 3437; x_wconf 80' lang='lat' dir='ltr'><strong>Marcum,</strong></span> <span class='ocrx_word' id='word_1_468' title='bbox 1326 3372 1660 3443; x_wconf 88' lang='lat' dir='ltr'><strong>Epiphanius</strong></span> <span class='ocrx_word' id='word_1_469' title='bbox 1694 3382 1747 3434; x_wconf 89' lang='lat' dir='ltr'><strong>in</strong></span> <span class='ocrx_word' id='word_1_470' title='bbox 1784 3383 1887 3439; x_wconf 88' lang='lat' dir='ltr'><strong>ﬁne</strong></span> 
     </span>
    </p>
   </div>
   <div class='ocr_carea' id='block_1_64' title="bbox 326 3461 1885 3545">
    <p class='ocr_par' dir='ltr' id='par_1_64' title="bbox 326 3461 1885 3545">
     <span class='ocr_line' id='line_1_64' title="bbox 326 3461 1885 3545; baseline 0.008 -30"><span class='ocrx_word' id='word_1_471' title='bbox 326 3461 573 3539; x_wconf 53' lang='lat' dir='ltr'><strong>Parqrii,</strong></span> <span class='ocrx_word' id='word_1_472' title='bbox 602 3461 935 3517; x_wconf 82' lang='lat' dir='ltr'><strong>Athanasius</strong></span> <span class='ocrx_word' id='word_1_473' title='bbox 968 3463 1041 3516; x_wconf 90' lang='lat' dir='ltr'><strong>De</strong></span> <span class='ocrx_word' id='word_1_474' title='bbox 1070 3465 1313 3531; x_wconf 72' lang='lat' dir='ltr'><strong>passione</strong></span> <span class='ocrx_word' id='word_1_475' title='bbox 1338 3464 1571 3535; x_wconf 83' lang='lat' dir='ltr'><strong>Domini,</strong></span> <span class='ocrx_word' id='word_1_476' title='bbox 1602 3470 1885 3545; x_wconf 84' lang='lat' dir='ltr'><strong>Theophy-</strong></span> 
     </span>
    </p>
   </div>
   <div class='ocr_carea' id='block_1_65' title="bbox 327 3552 1884 3632">
    <p class='ocr_par' dir='ltr' id='par_1_65' title="bbox 327 3552 1884 3632">
     <span class='ocr_line' id='line_1_65' title="bbox 327 3552 1884 3632; baseline 0.01 -26"><span class='ocrx_word' id='word_1_477' title='bbox 327 3553 505 3608; x_wconf 83' lang='lat' dir='ltr'><strong>lactus</strong></span> <span class='ocrx_word' id='word_1_478' title='bbox 549 3554 602 3607; x_wconf 88' lang='lat' dir='ltr'><strong>in</strong></span> <span class='ocrx_word' id='word_1_479' title='bbox 635 3552 807 3607; x_wconf 70' lang='lat' dir='ltr'><strong>Mat/1.</strong></span> <span class='ocrx_word' id='word_1_480' title='bbox 844 3570 1015 3618; x_wconf 78' lang='lat' dir='ltr'><strong>xxvu,</strong></span> <span class='ocrx_word' id='word_1_481' title='bbox 1044 3554 1365 3625; x_wconf 79' lang='lat' dir='ltr'><strong>Euthymius</strong></span> <span class='ocrx_word' id='word_1_482' title='bbox 1396 3558 1547 3625; x_wconf 87' lang='lat' dir='ltr'><strong>ibid.,</strong></span> <span class='ocrx_word' id='word_1_483' title='bbox 1580 3560 1884 3632; x_wconf 78' lang='lat' dir='ltr'><strong>Cyprianus</strong></span> 
     </span>
    </p>
   </div>
   <div class='ocr_carea' id='block_1_66' title="bbox 322 3646 1880 3725">
    <p class='ocr_par' dir='ltr' id='par_1_66' title="bbox 322 3646 1880 3725">
     <span class='ocr_line' id='line_1_66' title="bbox 322 3646 1880 3725; baseline 0.007 -25"><span class='ocrx_word' id='word_1_484' title='bbox 322 3661 573 3701; x_wconf 85' lang='lat' dir='ltr'><strong>sermone</strong></span> <span class='ocrx_word' id='word_1_485' title='bbox 607 3646 678 3701; x_wconf 88' lang='lat' dir='ltr'><strong>De</strong></span> <span class='ocrx_word' id='word_1_486' title='bbox 706 3648 1101 3713; x_wconf 76' lang='lat' dir='ltr'><strong>resurrectione,</strong></span> <span class='ocrx_word' id='word_1_487' title='bbox 1148 3648 1471 3705; x_wconf 83' lang='lat' dir='ltr'><strong>Ambrosius</strong></span> <span class='ocrx_word' id='word_1_488' title='bbox 1505 3652 1598 3706; x_wconf 89' lang='lat' dir='ltr'><strong>lib.</strong></span> <span class='ocrx_word' id='word_1_489' title='bbox 1636 3670 1688 3718; x_wconf 87' lang='lat' dir='ltr'><strong>v,</strong></span> <span class='ocrx_word' id='word_1_490' title='bbox 1721 3657 1880 3725; x_wconf 87' lang='lat' dir='ltr'><strong>epist.</strong></span> 
     </span>
    </p>
   </div>
   <div class='ocr_carea' id='block_1_67' title="bbox 322 3740 662 3801">
    <p class='ocr_par' dir='ltr' id='par_1_67' title="bbox 322 3740 662 3801">
     <span class='ocr_line' id='line_1_67' title="bbox 322 3740 662 3801; baseline 0 -7"><span class='ocrx_word' id='word_1_491' title='bbox 322 3740 415 3801; x_wconf 74' lang='grc'><strong>19,</strong></span> <span class='ocrx_word' id='word_1_492' title='bbox 430 3747 486 3794; x_wconf 84' lang='lat' dir='ltr'><strong>et</strong></span> <span class='ocrx_word' id='word_1_493' title='bbox 514 3740 662 3794; x_wconf 87' lang='lat' dir='ltr'><strong>alibi.</strong></span> 
     </span>
    </p>
   </div>
   <div class='ocr_carea' id='block_1_68' title="bbox 394 3827 1884 3909">
    <p class='ocr_par' dir='ltr' id='par_1_68' title="bbox 394 3827 1884 3909">
     <span class='ocr_line' id='line_1_68' title="bbox 394 3827 1884 3909; baseline 0.007 -25"><span class='ocrx_word' id='word_1_494' title='bbox 394 3827 553 3894; x_wconf 91' lang='lat' dir='ltr'><strong>lbid.,</strong></span> <span class='ocrx_word' id='word_1_495' title='bbox 583 3832 676 3887; x_wconf 93' lang='lat' dir='ltr'><strong>lin.</strong></span> <span class='ocrx_word' id='word_1_496' title='bbox 712 3830 802 3887; x_wconf 65' lang='lat'><strong>2|.</strong></span> <span class='ocrx_word' id='word_1_497' title='bbox 833 3832 1016 3899; x_wconf 81' lang='grc' dir='ltr'><strong>Ἐνὼς</strong></span> <span class='ocrx_word' id='word_1_498' title='bbox 1041 3833 1109 3887; x_wconf 83' lang='grc' dir='ltr'><strong>δὲ</strong></span> <span class='ocrx_word' id='word_1_499' title='bbox 1135 3834 1265 3899; x_wconf 80' lang='grc' dir='ltr'><strong>υἱὸς</strong></span> <span class='ocrx_word' id='word_1_500' title='bbox 1286 3833 1411 3888; x_wconf 85' lang='grc' dir='ltr'>τοῦ.</span> <span class='ocrx_word' id='word_1_501' title='bbox 1444 3834 1686 3892; x_wconf 69' lang='lat' dir='ltr'><strong>Paternae</strong></span> <span class='ocrx_word' id='word_1_502' title='bbox 1712 3839 1884 3909; x_wconf 90' lang='lat' dir='ltr'><strong>pieta-</strong></span> 
     </span>
    </p>
   </div>
   <div class='ocr_carea' id='block_1_69' title="bbox 323 3923 1883 3995">
    <p class='ocr_par' dir='ltr' id='par_1_69' title="bbox 323 3923 1883 3995">
     <span class='ocr_line' id='line_1_69' title="bbox 323 3923 1883 3995; baseline 0.008 -21"><span class='ocrx_word' id='word_1_503' title='bbox 323 3923 395 3977; x_wconf 91' lang='lat' dir='ltr'><strong>tis</strong></span> <span class='ocrx_word' id='word_1_504' title='bbox 443 3923 667 3993; x_wconf 83' lang='lat' dir='ltr'><strong>vestigia</strong></span> <span class='ocrx_word' id='word_1_505' title='bbox 702 3924 1063 3994; x_wconf 85' lang='lat' dir='ltr'><strong>amplexatus,</strong></span> <span class='ocrx_word' id='word_1_506' title='bbox 1107 3925 1351 3995; x_wconf 90' lang='lat' dir='ltr'><strong>proniori</strong></span> <span class='ocrx_word' id='word_1_507' title='bbox 1405 3929 1584 3982; x_wconf 91' lang='lat' dir='ltr'><strong>animo</strong></span> <span class='ocrx_word' id='word_1_508' title='bbox 1630 3929 1794 3985; x_wconf 90' lang='lat' dir='ltr'><strong>Deum</strong></span> <span class='ocrx_word' id='word_1_509' title='bbox 1829 3932 1883 3986; x_wconf 94' lang='lat' dir='ltr'><strong>in</strong></span> 
     </span>
    </p>
   </div>
   <div class='ocr_carea' id='block_1_70' title="bbox 319 4015 1881 4088">
    <p class='ocr_par' dir='ltr' id='par_1_70' title="bbox 319 4015 1881 4088">
     <span class='ocr_line' id='line_1_70' title="bbox 319 4015 1881 4088; baseline 0.006 -21"><span class='ocrx_word' id='word_1_510' title='bbox 319 4028 482 4082; x_wconf 86' lang='lat' dir='ltr'><strong>quem</strong></span> <span class='ocrx_word' id='word_1_511' title='bbox 504 4029 600 4069; x_wconf 89' lang='lat' dir='ltr'><strong>sua</strong></span> <span class='ocrx_word' id='word_1_512' title='bbox 632 4015 814 4070; x_wconf 89' lang='lat' dir='ltr'><strong>omnia</strong></span> <span class='ocrx_word' id='word_1_513' title='bbox 848 4016 1385 4088; x_wconf 84' lang='lat' dir='ltr'><strong>referebat,publice,</strong></span> <span class='ocrx_word' id='word_1_514' title='bbox 1407 4036 1507 4075; x_wconf 88' lang='lat' dir='ltr'><strong>nec</strong></span> <span class='ocrx_word' id='word_1_515' title='bbox 1536 4022 1881 4078; x_wconf 87' lang='lat' dir='ltr'><strong>tenebrarum</strong></span> 
     </span>
    </p>
   </div>
   <div class='ocr_carea' id='block_1_71' title="bbox 324 4105 1879 4180">
    <p class='ocr_par' dir='ltr' id='par_1_71' title="bbox 324 4105 1879 4180">
     <span class='ocr_line' id='line_1_71' title="bbox 324 4105 1879 4180; baseline 0.008 -23"><span class='ocrx_word' id='word_1_516' title='bbox 324 4105 623 4161; x_wconf 82' lang='lat' dir='ltr'><strong>involucris</strong></span> <span class='ocrx_word' id='word_1_517' title='bbox 671 4106 938 4170; x_wconf 88' lang='lat' dir='ltr'><strong>adoravit,</strong></span> <span class='ocrx_word' id='word_1_518' title='bbox 988 4108 1188 4163; x_wconf 89' lang='lat' dir='ltr'><strong>avitam</strong></span> <span class='ocrx_word' id='word_1_519' title='bbox 1244 4110 1559 4180; x_wconf 82' lang='lat' dir='ltr'><strong>religionem</strong></span> <span class='ocrx_word' id='word_1_520' title='bbox 1616 4115 1879 4169; x_wconf 86' lang='lat' dir='ltr'><strong>retinens.</strong></span> 
     </span>
    </p>
   </div>
   <div class='ocr_carea' id='block_1_72' title="bbox 322 4194 1884 4268">
    <p class='ocr_par' dir='ltr' id='par_1_72' title="bbox 322 4194 1884 4268">
     <span class='ocr_line' id='line_1_72' title="bbox 322 4194 1884 4268; baseline 0.007 -20"><span class='ocrx_word' id='word_1_521' title='bbox 322 4194 511 4251; x_wconf 88' lang='lat' dir='ltr'><strong>Latius</strong></span> <span class='ocrx_word' id='word_1_522' title='bbox 541 4196 656 4251; x_wconf 59' lang='lat' dir='ltr'><strong>haec</strong></span> <span class='ocrx_word' id='word_1_523' title='bbox 684 4199 1031 4268; x_wconf 88' lang='lat' dir='ltr'><strong>prosequitur</strong></span> <span class='ocrx_word' id='word_1_524' title='bbox 1056 4199 1319 4255; x_wconf 84' lang='lat' dir='ltr'><strong>Vatablus</strong></span> <span class='ocrx_word' id='word_1_525' title='bbox 1344 4212 1635 4259; x_wconf 89' lang='lat' dir='ltr'><strong>comment.</strong></span> <span class='ocrx_word' id='word_1_526' title='bbox 1654 4204 1709 4258; x_wconf 92' lang='lat' dir='ltr'><strong>in</strong></span> <span class='ocrx_word' id='word_1_527' title='bbox 1739 4206 1884 4259; x_wconf 91' lang='lat' dir='ltr'><strong>hunc</strong></span> 
     </span>
    </p>
   </div>
   <div class='ocr_carea' id='block_1_73' title="bbox 322 4287 1885 4356">
    <p class='ocr_par' dir='ltr' id='par_1_73' title="bbox 322 4287 1885 4356">
     <span class='ocr_line' id='line_1_73' title="bbox 322 4287 1885 4356; baseline 0.006 -16"><span class='ocrx_word' id='word_1_528' title='bbox 322 4287 525 4343; x_wconf 71' lang='lat' dir='ltr'><strong>iac-um.</strong></span> <span class='ocrx_word' id='word_1_529' title='bbox 548 4288 688 4343; x_wconf 79' lang='lat' dir='ltr'><strong>Ante</strong></span> <span class='ocrx_word' id='word_1_530' title='bbox 723 4288 886 4349; x_wconf 85' lang='lat' dir='ltr'><strong>Enos,</strong></span> <span class='ocrx_word' id='word_1_531' title='bbox 914 4291 1103 4354; x_wconf 87' lang='lat' dir='ltr'><strong>Adam,</strong></span> <span class='ocrx_word' id='word_1_532' title='bbox 1129 4290 1282 4356; x_wconf 87' lang='lat' dir='ltr'><strong>Abel,</strong></span> <span class='ocrx_word' id='word_1_533' title='bbox 1318 4292 1446 4346; x_wconf 80' lang='lat' dir='ltr'><strong>Seth</strong></span> <span class='ocrx_word' id='word_1_534' title='bbox 1496 4301 1549 4347; x_wconf 92' lang='lat' dir='ltr'><strong>et</strong></span> <span class='ocrx_word' id='word_1_535' title='bbox 1594 4293 1758 4350; x_wconf 90' lang='lat' dir='ltr'><strong>Deum</strong></span> <span class='ocrx_word' id='word_1_536' title='bbox 1792 4310 1885 4350; x_wconf 82' lang='lat' dir='ltr'><strong>co-</strong></span> 
     </span>
    </p>
   </div>
   <div class='ocr_carea' id='block_1_74' title="bbox 328 4380 1879 4454">
    <p class='ocr_par' dir='ltr' id='par_1_74' title="bbox 328 4380 1879 4454">
     <span class='ocr_line' id='line_1_74' title="bbox 328 4380 1879 4454; baseline 0.006 -22"><span class='ocrx_word' id='word_1_537' title='bbox 328 4380 505 4443; x_wconf 89' lang='lat' dir='ltr'><strong>luere,</strong></span> <span class='ocrx_word' id='word_1_538' title='bbox 527 4388 574 4434; x_wconf 90' lang='lat' dir='ltr'><strong>et</strong></span> <span class='ocrx_word' id='word_1_539' title='bbox 608 4380 896 4437; x_wconf 88' lang='lat' dir='ltr'><strong>sacriﬁciis</strong></span> <span class='ocrx_word' id='word_1_540' title='bbox 925 4382 1121 4437; x_wconf 90' lang='lat' dir='ltr'><strong>oblatis</strong></span> <span class='ocrx_word' id='word_1_541' title='bbox 1150 4384 1442 4454; x_wconf 88' lang='lat' dir='ltr'><strong>pr0pitium</strong></span> <span class='ocrx_word' id='word_1_542' title='bbox 1466 4385 1569 4439; x_wconf 91' lang='lat' dir='ltr'><strong>sibi</strong></span> <span class='ocrx_word' id='word_1_543' title='bbox 1596 4386 1879 4443; x_wconf 87' lang='lat' dir='ltr'><strong>reddidere</strong></span> 
     </span>
    </p>
   </div>
   <div class='ocr_carea' id='block_1_75' title="bbox 1991 3182 3549 3258">
    <p class='ocr_par' dir='ltr' id='par_1_75' title="bbox 1991 3182 3549 3258">
     <span class='ocr_line' id='line_1_75' title="bbox 1991 3182 3549 3258; baseline -0.006 -15"><span class='ocrx_word' id='word_1_544' title='bbox 1991 3189 2133 3244; x_wconf 84' lang='lat' dir='ltr'><strong>Mera</strong></span> <span class='ocrx_word' id='word_1_545' title='bbox 2168 3187 2412 3258; x_wconf 88' lang='lat' dir='ltr'><strong>prodigia</strong></span> <span class='ocrx_word' id='word_1_546' title='bbox 2440 3197 2585 3254; x_wconf 90' lang='lat' dir='ltr'><strong>sunt,</strong></span> <span class='ocrx_word' id='word_1_547' title='bbox 2616 3194 2669 3241; x_wconf 90' lang='lat' dir='ltr'><strong>et</strong></span> <span class='ocrx_word' id='word_1_548' title='bbox 2698 3186 2868 3240; x_wconf 88' lang='lat' dir='ltr'><strong>aniles</strong></span> <span class='ocrx_word' id='word_1_549' title='bbox 2904 3184 3118 3249; x_wconf 75' lang='lat' dir='ltr'><strong>fabulze,</strong></span> <span class='ocrx_word' id='word_1_550' title='bbox 3152 3198 3270 3253; x_wconf 64' lang='lat' dir='ltr'><strong>qum</strong></span> <span class='ocrx_word' id='word_1_551' title='bbox 3300 3182 3549 3237; x_wconf 82' lang='lat' dir='ltr'><strong>haeretici</strong></span> 
     </span>
    </p>
   </div>
   <div class='ocr_carea' id='block_1_76' title="bbox 1988 3275 3539 3337">
    <p class='ocr_par' dir='ltr' id='par_1_76' title="bbox 1988 3275 3539 3337">
     <span class='ocr_line' id='line_1_76' title="bbox 1988 3275 3539 3337; baseline -0.007 0"><span class='ocrx_word' id='word_1_552' title='bbox 1988 3283 2054 3337; x_wconf 86' lang='lat' dir='ltr'><strong>de</strong></span> <span class='ocrx_word' id='word_1_553' title='bbox 2086 3290 2259 3335; x_wconf 91' lang='lat' dir='ltr'><strong>morte</strong></span> <span class='ocrx_word' id='word_1_554' title='bbox 2294 3279 2499 3335; x_wconf 88' lang='lat' dir='ltr'><strong>Enochi</strong></span> <span class='ocrx_word' id='word_1_555' title='bbox 2536 3278 2894 3333; x_wconf 89' lang='lat' dir='ltr'><strong>tradiderunt.</strong></span> <span class='ocrx_word' id='word_1_556' title='bbox 2940 3275 3219 3330; x_wconf 84' lang='lat' dir='ltr'><strong>Enochum</strong></span> <span class='ocrx_word' id='word_1_557' title='bbox 3267 3288 3375 3329; x_wconf 89' lang='lat' dir='ltr'><strong>non</strong></span> <span class='ocrx_word' id='word_1_558' title='bbox 3418 3288 3539 3328; x_wconf 84' lang='lat' dir='ltr'><strong>esse</strong></span> 
     </span>
    </p>
   </div>
   <div class='ocr_carea' id='block_1_77' title="bbox 1986 3367 3553 3442">
    <p class='ocr_par' dir='ltr' id='par_1_77' title="bbox 1986 3367 3553 3442">
     <span class='ocr_line' id='line_1_77' title="bbox 1986 3367 3553 3442; baseline -0.004 -16"><span class='ocrx_word' id='word_1_559' title='bbox 1986 3382 2259 3428; x_wconf 90' lang='lat' dir='ltr'><strong>mortuum</strong></span> <span class='ocrx_word' id='word_1_560' title='bbox 2309 3372 2651 3442; x_wconf 83' lang='lat' dir='ltr'><strong>separatione</strong></span> <span class='ocrx_word' id='word_1_561' title='bbox 2697 3371 2890 3424; x_wconf 70' lang='lat' dir='ltr'><strong>animae</strong></span> <span class='ocrx_word' id='word_1_562' title='bbox 2929 3384 2958 3422; x_wconf 91' lang='lat' dir='ltr'><strong>a</strong></span> <span class='ocrx_word' id='word_1_563' title='bbox 3003 3384 3230 3437; x_wconf 82' lang='lat' dir='ltr'><strong>corpore</strong></span> <span class='ocrx_word' id='word_1_564' title='bbox 3268 3367 3498 3422; x_wconf 88' lang='lat' dir='ltr'><strong>violenta</strong></span> <span class='ocrx_word' id='word_1_565' title='bbox 3523 3406 3553 3430; x_wconf 91' lang='lat'><strong>,.</strong></span> 
     </span>
    </p>
   </div>
   <div class='ocr_carea' id='block_1_78' title="bbox 1988 3463 3540 3536">
    <p class='ocr_par' dir='ltr' id='par_1_78' title="bbox 1988 3463 3540 3536">
     <span class='ocr_line' id='line_1_78' title="bbox 1988 3463 3540 3536; baseline -0.005 -14"><span class='ocrx_word' id='word_1_566' title='bbox 1988 3467 2082 3522; x_wconf 90' lang='lat' dir='ltr'><strong>sed</strong></span> <span class='ocrx_word' id='word_1_567' title='bbox 2108 3468 2215 3521; x_wconf 89' lang='lat' dir='ltr'><strong>alio</strong></span> <span class='ocrx_word' id='word_1_568' title='bbox 2244 3483 2383 3522; x_wconf 84' lang='lat' dir='ltr'><strong>novo</strong></span> <span class='ocrx_word' id='word_1_569' title='bbox 2420 3467 2600 3531; x_wconf 89' lang='lat' dir='ltr'><strong>modo,</strong></span> <span class='ocrx_word' id='word_1_570' title='bbox 2628 3481 2817 3536; x_wconf 87' lang='lat' dir='ltr'><strong>nempe</strong></span> <span class='ocrx_word' id='word_1_571' title='bbox 2851 3476 3011 3519; x_wconf 80' lang='lat' dir='ltr'><strong>exuta</strong></span> <span class='ocrx_word' id='word_1_572' title='bbox 3036 3473 3243 3518; x_wconf 86' lang='lat' dir='ltr'><strong>tantum</strong></span> <span class='ocrx_word' id='word_1_573' title='bbox 3272 3463 3540 3531; x_wconf 83' lang='lat' dir='ltr'><strong>corrupti-</strong></span> 
     </span>
    </p>
   </div>
   <div class='ocr_carea' id='block_1_79' title="bbox 1986 3555 3542 3625">
    <p class='ocr_par' dir='ltr' id='par_1_79' title="bbox 1986 3555 3542 3625">
     <span class='ocr_line' id='line_1_79' title="bbox 1986 3555 3542 3625; baseline -0.004 -11"><span class='ocrx_word' id='word_1_574' title='bbox 1986 3560 2080 3614; x_wconf 88' lang='lat' dir='ltr'><strong>bili</strong></span> <span class='ocrx_word' id='word_1_575' title='bbox 2127 3566 2340 3625; x_wconf 87' lang='lat' dir='ltr'><strong>natura,</strong></span> <span class='ocrx_word' id='word_1_576' title='bbox 2372 3567 2427 3613; x_wconf 88' lang='lat' dir='ltr'><strong>et</strong></span> <span class='ocrx_word' id='word_1_577' title='bbox 2465 3559 2771 3613; x_wconf 86' lang='lat' dir='ltr'><strong>absolutum</strong></span> <span class='ocrx_word' id='word_1_578' title='bbox 2818 3572 2846 3610; x_wconf 89' lang='lat' dir='ltr'><strong>a</strong></span> <span class='ocrx_word' id='word_1_579' title='bbox 2893 3558 3128 3612; x_wconf 90' lang='lat' dir='ltr'><strong>miseriis</strong></span> <span class='ocrx_word' id='word_1_580' title='bbox 3161 3556 3319 3625; x_wconf 86' lang='lat' dir='ltr'><strong>hujus</strong></span> <span class='ocrx_word' id='word_1_581' title='bbox 3358 3555 3542 3612; x_wconf 82' lang='lat' dir='ltr'><strong>saeculi</strong></span> 
     </span>
    </p>
   </div>
   <div class='ocr_carea' id='block_1_80' title="bbox 1985 3648 3543 3722">
    <p class='ocr_par' dir='ltr' id='par_1_80' title="bbox 1985 3648 3543 3722">
     <span class='ocr_line' id='line_1_80' title="bbox 1985 3648 3543 3722; baseline -0.001 -17"><span class='ocrx_word' id='word_1_582' title='bbox 1985 3652 2198 3722; x_wconf 90' lang='lat' dir='ltr'><strong>placida</strong></span> <span class='ocrx_word' id='word_1_583' title='bbox 2228 3651 2461 3721; x_wconf 87' lang='lat' dir='ltr'><strong>quadam</strong></span> <span class='ocrx_word' id='word_1_584' title='bbox 2490 3666 2553 3705; x_wconf 81' lang='lat' dir='ltr'><strong>ex</strong></span> <span class='ocrx_word' id='word_1_585' title='bbox 2588 3650 2688 3704; x_wconf 92' lang='lat' dir='ltr'><strong>hoc</strong></span> <span class='ocrx_word' id='word_1_586' title='bbox 2733 3650 2934 3705; x_wconf 86' lang='lat' dir='ltr'><strong>mundo</strong></span> <span class='ocrx_word' id='word_1_587' title='bbox 2966 3650 3309 3719; x_wconf 86' lang='lat' dir='ltr'><strong>migratione.</strong></span> <span class='ocrx_word' id='word_1_588' title='bbox 3344 3648 3408 3702; x_wconf 89' lang='lat' dir='ltr'><strong>Et</strong></span> <span class='ocrx_word' id='word_1_589' title='bbox 3455 3648 3543 3703; x_wconf 88' lang='lat' dir='ltr'><strong>ad-</strong></span> 
     </span>
    </p>
   </div>
   <div class='ocr_carea' id='block_1_81' title="bbox 1986 3740 3549 3811">
    <p class='ocr_par' dir='ltr' id='par_1_81' title="bbox 1986 3740 3549 3811">
     <span class='ocr_line' id='line_1_81' title="bbox 1986 3740 3549 3811; baseline -0.003 -16"><span class='ocrx_word' id='word_1_590' title='bbox 1986 3742 2139 3806; x_wconf 90' lang='lat' dir='ltr'><strong>dunt,</strong></span> <span class='ocrx_word' id='word_1_591' title='bbox 2192 3758 2250 3797; x_wconf 90' lang='lat' dir='ltr'><strong>se</strong></span> <span class='ocrx_word' id='word_1_592' title='bbox 2293 3742 2438 3810; x_wconf 90' lang='lat' dir='ltr'><strong>loqui</strong></span> <span class='ocrx_word' id='word_1_593' title='bbox 2482 3743 2547 3795; x_wconf 91' lang='lat' dir='ltr'><strong>de</strong></span> <span class='ocrx_word' id='word_1_594' title='bbox 2591 3740 2706 3805; x_wconf 87' lang='lat' dir='ltr'><strong>tali,</strong></span> <span class='ocrx_word' id='word_1_595' title='bbox 2735 3742 2910 3811; x_wconf 88' lang='lat' dir='ltr'><strong>qualis</strong></span> <span class='ocrx_word' id='word_1_596' title='bbox 2962 3740 3151 3795; x_wconf 82' lang='lat' dir='ltr'><strong>fuisset</strong></span> <span class='ocrx_word' id='word_1_597' title='bbox 3189 3740 3452 3795; x_wconf 89' lang='lat' dir='ltr'><strong>transitus</strong></span> <span class='ocrx_word' id='word_1_598' title='bbox 3486 3741 3549 3792; x_wconf 39' lang='lat' dir='ltr'><strong>in.</strong></span> 
     </span>
    </p>
   </div>
   <div class='ocr_carea' id='block_1_82' title="bbox 1985 3833 3540 3903">
    <p class='ocr_par' dir='ltr' id='par_1_82' title="bbox 1985 3833 3540 3903">
     <span class='ocr_line' id='line_1_82' title="bbox 1985 3833 3540 3903; baseline -0.003 -14"><span class='ocrx_word' id='word_1_599' title='bbox 1985 3841 2124 3889; x_wconf 89' lang='lat' dir='ltr'><strong>statu</strong></span> <span class='ocrx_word' id='word_1_600' title='bbox 2180 3834 2522 3898; x_wconf 54' lang='lat' dir='ltr'><strong>innocentiie,</strong></span> <span class='ocrx_word' id='word_1_601' title='bbox 2557 3845 2611 3888; x_wconf 93' lang='lat' dir='ltr'><strong>et</strong></span> <span class='ocrx_word' id='word_1_602' title='bbox 2657 3835 2833 3903; x_wconf 86' lang='lat' dir='ltr'><strong>qualis</strong></span> <span class='ocrx_word' id='word_1_603' title='bbox 2885 3833 3100 3889; x_wconf 83' lang='lat' dir='ltr'><strong>futurus</strong></span> <span class='ocrx_word' id='word_1_604' title='bbox 3145 3849 3356 3897; x_wconf 88' lang='lat' dir='ltr'><strong>eorum,</strong></span> <span class='ocrx_word' id='word_1_605' title='bbox 3404 3845 3540 3902; x_wconf 65' lang='lat' dir='ltr'><strong>quoe</strong></span> 
     </span>
    </p>
   </div>
   <div class='ocr_carea' id='block_1_83' title="bbox 1985 3926 3545 3997">
    <p class='ocr_par' dir='ltr' id='par_1_83' title="bbox 1985 3926 3545 3997">
     <span class='ocr_line' id='line_1_83' title="bbox 1985 3926 3545 3997; baseline -0.001 -17"><span class='ocrx_word' id='word_1_606' title='bbox 1985 3926 2100 3981; x_wconf 92' lang='lat' dir='ltr'><strong>dies</strong></span> <span class='ocrx_word' id='word_1_607' title='bbox 2135 3927 2359 3983; x_wconf 87' lang='lat' dir='ltr'><strong>ultimus</strong></span> <span class='ocrx_word' id='word_1_608' title='bbox 2391 3928 2717 3997; x_wconf 87' lang='lat' dir='ltr'><strong>superstites</strong></span> <span class='ocrx_word' id='word_1_609' title='bbox 2755 3928 3021 3992; x_wconf 79' lang='lat' dir='ltr'><strong>inveniet;</strong></span> <span class='ocrx_word' id='word_1_610' title='bbox 3058 3934 3219 3996; x_wconf 85' lang='lat' dir='ltr'><strong>atque</strong></span> <span class='ocrx_word' id='word_1_611' title='bbox 3246 3928 3317 3979; x_wconf 90' lang='lat' dir='ltr'><strong>ita</strong></span> <span class='ocrx_word' id='word_1_612' title='bbox 3350 3926 3402 3978; x_wconf 91' lang='lat' dir='ltr'><strong>in</strong></span> <span class='ocrx_word' id='word_1_613' title='bbox 3437 3939 3545 3979; x_wconf 73' lang='lat' dir='ltr'><strong>cte-</strong></span> 
     </span>
    </p>
   </div>
   <div class='ocr_carea' id='block_1_84' title="bbox 1984 4018 3541 4089">
    <p class='ocr_par' dir='ltr' id='par_1_84' title="bbox 1984 4018 3541 4089">
     <span class='ocr_line' id='line_1_84' title="bbox 1984 4018 3541 4089; baseline -0.003 -15"><span class='ocrx_word' id='word_1_614' title='bbox 1984 4019 2172 4074; x_wconf 88' lang='lat' dir='ltr'><strong>lestem</strong></span> <span class='ocrx_word' id='word_1_615' title='bbox 2208 4020 2436 4089; x_wconf 88' lang='lat' dir='ltr'><strong>patriam</strong></span> <span class='ocrx_word' id='word_1_616' title='bbox 2484 4018 2666 4073; x_wconf 85' lang='lat' dir='ltr'><strong>Enoch</strong></span> <span class='ocrx_word' id='word_1_617' title='bbox 2707 4019 3033 4075; x_wconf 85' lang='lat' dir='ltr'><strong>translatum</strong></span> <span class='ocrx_word' id='word_1_618' title='bbox 3065 4018 3251 4081; x_wconf 84' lang='lat' dir='ltr'><strong>fuisse,</strong></span> <span class='ocrx_word' id='word_1_619' title='bbox 3279 4033 3385 4071; x_wconf 86' lang='lat' dir='ltr'><strong>non</strong></span> <span class='ocrx_word' id='word_1_620' title='bbox 3416 4018 3541 4084; x_wconf 89' lang='lat' dir='ltr'><strong>qui-</strong></span> 
     </span>
    </p>
   </div>
   <div class='ocr_carea' id='block_1_85' title="bbox 1984 4106 3542 4179">
    <p class='ocr_par' dir='ltr' id='par_1_85' title="bbox 1984 4106 3542 4179">
     <span class='ocr_line' id='line_1_85' title="bbox 1984 4106 3542 4179; baseline -0.003 -14"><span class='ocrx_word' id='word_1_621' title='bbox 1984 4110 2103 4165; x_wconf 89' lang='lat' dir='ltr'><strong>dem</strong></span> <span class='ocrx_word' id='word_1_622' title='bbox 2129 4111 2368 4164; x_wconf 84' lang='lat' dir='ltr'><strong>futurum</strong></span> <span class='ocrx_word' id='word_1_623' title='bbox 2388 4110 2496 4164; x_wconf 91' lang='lat' dir='ltr'><strong>illic</strong></span> <span class='ocrx_word' id='word_1_624' title='bbox 2516 4110 2834 4179; x_wconf 88' lang='lat' dir='ltr'><strong>participem</strong></span> <span class='ocrx_word' id='word_1_625' title='bbox 2866 4110 3050 4179; x_wconf 78' lang='lat' dir='ltr'><strong>gloria:</strong></span> <span class='ocrx_word' id='word_1_626' title='bbox 3080 4108 3339 4169; x_wconf 77' lang='lat' dir='ltr'><strong>cmiestis,</strong></span> <span class='ocrx_word' id='word_1_627' title='bbox 3374 4122 3431 4161; x_wconf 91' lang='lat' dir='ltr'><strong>se</strong></span> <span class='ocrx_word' id='word_1_628' title='bbox 3448 4106 3542 4160; x_wconf 55' lang='lat' dir='ltr'><strong>ab;</strong></span> 
     </span>
    </p>
   </div>
   <div class='ocr_carea' id='block_1_86' title="bbox 1985 4200 3542 4265">
    <p class='ocr_par' dir='ltr' id='par_1_86' title="bbox 1985 4200 3542 4265">
     <span class='ocr_line' id='line_1_86' title="bbox 1985 4200 3542 4265; baseline -0.004 -7"><span class='ocrx_word' id='word_1_629' title='bbox 1985 4204 2221 4258; x_wconf 82' lang='lat' dir='ltr'><strong>solutum</strong></span> <span class='ocrx_word' id='word_1_630' title='bbox 2257 4205 2518 4257; x_wconf 82' lang='lat' dir='ltr'><strong>duntaxat</strong></span> <span class='ocrx_word' id='word_1_631' title='bbox 2550 4219 2579 4257; x_wconf 92' lang='lat' dir='ltr'><strong>a</strong></span> <span class='ocrx_word' id='word_1_632' title='bbox 2614 4203 2848 4258; x_wconf 79' lang='lat' dir='ltr'><strong>miseriis</strong></span> <span class='ocrx_word' id='word_1_633' title='bbox 2867 4202 3071 4265; x_wconf 71' lang='lat' dir='ltr'><strong>sreculi,</strong></span> <span class='ocrx_word' id='word_1_634' title='bbox 3101 4202 3271 4256; x_wconf 89' lang='lat' dir='ltr'><strong>donec</strong></span> <span class='ocrx_word' id='word_1_635' title='bbox 3294 4200 3542 4255; x_wconf 86' lang='lat' dir='ltr'><strong>Christus</strong></span> 
     </span>
    </p>
   </div>
   <div class='ocr_carea' id='block_1_87' title="bbox 1986 4291 3545 4358">
    <p class='ocr_par' dir='ltr' id='par_1_87' title="bbox 1986 4291 3545 4358">
     <span class='ocr_line' id='line_1_87' title="bbox 1986 4291 3545 4358; baseline -0.003 -9"><span class='ocrx_word' id='word_1_636' title='bbox 1986 4297 2038 4349; x_wconf 93' lang='lat' dir='ltr'><strong>in</strong></span> <span class='ocrx_word' id='word_1_637' title='bbox 2059 4296 2254 4350; x_wconf 74' lang='lat' dir='ltr'><strong>ccelnm</strong></span> <span class='ocrx_word' id='word_1_638' title='bbox 2273 4295 2608 4351; x_wconf 86' lang='lat' dir='ltr'><strong>ascenderet.</strong></span> <span class='ocrx_word' id='word_1_639' title='bbox 2630 4295 2890 4348; x_wconf 80' lang='lat' dir='ltr'><strong>Martinus</strong></span> <span class='ocrx_word' id='word_1_640' title='bbox 2907 4296 3032 4349; x_wconf 89' lang='lat' dir='ltr'><strong>item</strong></span> <span class='ocrx_word' id='word_1_641' title='bbox 3068 4293 3378 4354; x_wconf 83' lang='lat' dir='ltr'><strong>Borrhains,</strong></span> <span class='ocrx_word' id='word_1_642' title='bbox 3397 4291 3545 4358; x_wconf 87' lang='lat' dir='ltr'><strong>ejus-</strong></span> 
     </span>
    </p>
   </div>
   <div class='ocr_carea' id='block_1_88' title="bbox 1986 4384 3538 4442">
    <p class='ocr_par' dir='ltr' id='par_1_88' title="bbox 1986 4384 3538 4442">
     <span class='ocr_line' id='line_1_88' title="bbox 1986 4384 3538 4442; baseline -0.006 0"><span class='ocrx_word' id='word_1_643' title='bbox 1986 4388 2105 4442; x_wconf 87' lang='lat' dir='ltr'><strong>dem</strong></span> <span class='ocrx_word' id='word_1_644' title='bbox 2143 4387 2327 4441; x_wconf 61' lang='lat' dir='ltr'><strong>farinae</strong></span> <span class='ocrx_word' id='word_1_645' title='bbox 2364 4388 2544 4441; x_wconf 90' lang='lat' dir='ltr'><strong>homo.</strong></span> <span class='ocrx_word' id='word_1_646' title='bbox 2574 4386 2771 4441; x_wconf 79' lang='lat' dir='ltr'><strong>fatetur</strong></span> <span class='ocrx_word' id='word_1_647' title='bbox 2814 4384 3087 4438; x_wconf 82' lang='lat' dir='ltr'><strong>Enochum</strong></span> <span class='ocrx_word' id='word_1_648' title='bbox 3113 4399 3238 4439; x_wconf 82' lang='lat' dir='ltr'><strong>vere</strong></span> <span class='ocrx_word' id='word_1_649' title='bbox 3270 4390 3538 4434; x_wconf 89' lang='lat' dir='ltr'><strong>mortuum</strong></span> 
     </span>
    </p>
   </div>
   <div class='ocr_carea' id='block_1_89' title="bbox 324 4468 3543 4549">
    <p class='ocr_par' dir='ltr' id='par_1_89' title="bbox 324 4468 3543 4549">
     <span class='ocr_line' id='line_1_89' title="bbox 324 4468 3543 4549; baseline 0 -26"><span class='ocrx_word' id='word_1_650' title='bbox 324 4468 467 4536; x_wconf 82' lang='lat' dir='ltr'><strong>Quin</strong></span> <span class='ocrx_word' id='word_1_651' title='bbox 497 4468 733 4541; x_wconf 86' lang='lat' dir='ltr'><strong>Cyrillus</strong></span> <span class='ocrx_word' id='word_1_652' title='bbox 765 4472 859 4526; x_wconf 91' lang='lat' dir='ltr'><strong>lib.</strong></span> <span class='ocrx_word' id='word_1_653' title='bbox 892 4488 908 4526; x_wconf 85' lang='grc' dir='ltr'><strong><em>ι</em></strong></span> <span class='ocrx_word' id='word_1_654' title='bbox 942 4472 1139 4527; x_wconf 86' lang='lat' dir='ltr'><strong>Contra</strong></span> <span class='ocrx_word' id='word_1_655' title='bbox 1165 4474 1462 4539; x_wconf 70' lang='lat' dir='ltr'><strong>Iulianum,</strong></span> <span class='ocrx_word' id='word_1_656' title='bbox 1523 4479 1730 4540; x_wconf 82' lang='lat' dir='ltr'><strong>scribit,</strong></span> <span class='ocrx_word' id='word_1_657' title='bbox 1784 4481 1881 4534; x_wconf 90' lang='lat' dir='ltr'><strong>ho-</strong></span> <span class='ocrx_word' id='word_1_658' title='bbox 1914 4486 1959 4542; x_wconf 89' lang='grc'><strong>1)</strong></span> <span class='ocrx_word' id='word_1_659' title='bbox 1987 4479 2162 4549; x_wconf 89' lang='lat' dir='ltr'><strong>quoad</strong></span> <span class='ocrx_word' id='word_1_660' title='bbox 2221 4495 2419 4548; x_wconf 84' lang='lat' dir='ltr'><strong>corpus</strong></span> <span class='ocrx_word' id='word_1_661' title='bbox 2474 4493 2625 4532; x_wconf 86' lang='lat' dir='ltr'><strong>more</strong></span> <span class='ocrx_word' id='word_1_662' title='bbox 2675 4487 3013 4539; x_wconf 70' lang='lat' dir='ltr'><strong>czetcrurum,</strong></span> <span class='ocrx_word' id='word_1_663' title='bbox 3045 4477 3139 4531; x_wconf 90' lang='lat' dir='ltr'><strong>sed</strong></span> <span class='ocrx_word' id='word_1_664' title='bbox 3185 4475 3397 4545; x_wconf 91' lang='lat' dir='ltr'><strong>sepulto</strong></span> <span class='ocrx_word' id='word_1_665' title='bbox 3423 4487 3543 4526; x_wconf 87' lang='lat' dir='ltr'><strong>cor-</strong></span> 
     </span>
    </p>
   </div>
   <div class='ocr_carea' id='block_1_90' title="bbox 324 4562 1880 4634">
    <p class='ocr_par' dir='ltr' id='par_1_90' title="bbox 324 4562 1880 4634">
     <span class='ocr_line' id='line_1_90' title="bbox 324 4562 1880 4634; baseline 0.006 -21"><span class='ocrx_word' id='word_1_666' title='bbox 324 4562 502 4616; x_wconf 89' lang='lat' dir='ltr'><strong>mines</strong></span> <span class='ocrx_word' id='word_1_667' title='bbox 536 4564 602 4613; x_wconf 88' lang='lat' dir='ltr'><strong>ah</strong></span> <span class='ocrx_word' id='word_1_668' title='bbox 625 4562 820 4626; x_wconf 84' lang='lat' dir='ltr'><strong>Adam,</strong></span> <span class='ocrx_word' id='word_1_669' title='bbox 859 4579 1032 4633; x_wconf 92' lang='lat' dir='ltr'><strong>usque</strong></span> <span class='ocrx_word' id='word_1_670' title='bbox 1061 4565 1126 4619; x_wconf 91' lang='lat' dir='ltr'><strong>ad</strong></span> <span class='ocrx_word' id='word_1_671' title='bbox 1169 4564 1291 4619; x_wconf 77' lang='lat' dir='ltr'><strong>Seni</strong></span> <span class='ocrx_word' id='word_1_672' title='bbox 1335 4564 1503 4619; x_wconf 89' lang='lat' dir='ltr'><strong>lilium</strong></span> <span class='ocrx_word' id='word_1_673' title='bbox 1538 4565 1670 4634; x_wconf 79' lang='lat' dir='ltr'><strong>Noe,</strong></span> <span class='ocrx_word' id='word_1_674' title='bbox 1712 4568 1880 4623; x_wconf 85' lang='lat' dir='ltr'><strong>Deum</strong></span> 
     </span>
    </p>
   </div>
   <div class='ocr_carea' id='block_1_91' title="bbox 323 4654 1882 4731">
    <p class='ocr_par' dir='ltr' id='par_1_91' title="bbox 323 4654 1882 4731">
     <span class='ocr_line' id='line_1_91' title="bbox 323 4654 1882 4731; baseline 0.004 -22"><span class='ocrx_word' id='word_1_675' title='bbox 323 4654 661 4709; x_wconf 79' lang='lat' dir='ltr'><strong>Conditorem</strong></span> <span class='ocrx_word' id='word_1_676' title='bbox 709 4657 967 4719; x_wconf 91' lang='lat' dir='ltr'><strong>coluisse,</strong></span> <span class='ocrx_word' id='word_1_677' title='bbox 1001 4672 1101 4710; x_wconf 91' lang='lat' dir='ltr'><strong>nec</strong></span> <span class='ocrx_word' id='word_1_678' title='bbox 1153 4658 1317 4711; x_wconf 92' lang='lat' dir='ltr'><strong>ullum</strong></span> <span class='ocrx_word' id='word_1_679' title='bbox 1374 4660 1693 4727; x_wconf 80' lang='lat' dir='ltr'><strong>reprehendi</strong></span> <span class='ocrx_word' id='word_1_680' title='bbox 1738 4663 1882 4731; x_wconf 81' lang='lat' dir='ltr'><strong>quod</strong></span> 
     </span>
    </p>
   </div>
   <div class='ocr_carea' id='block_1_92' title="bbox 323 4745 1882 4814">
    <p class='ocr_par' dir='ltr' id='par_1_92' title="bbox 323 4745 1882 4814">
     <span class='ocr_line' id='line_1_92' title="bbox 323 4745 1882 4814; baseline 0.007 -17"><span class='ocrx_word' id='word_1_681' title='bbox 323 4754 451 4797; x_wconf 86' lang='lat' dir='ltr'><strong>ante</strong></span> <span class='ocrx_word' id='word_1_682' title='bbox 480 4745 740 4799; x_wconf 87' lang='lat' dir='ltr'><strong>diluvium</strong></span> <span class='ocrx_word' id='word_1_683' title='bbox 773 4746 879 4802; x_wconf 85' lang='lat' dir='ltr'><strong>diis</strong></span> <span class='ocrx_word' id='word_1_684' title='bbox 927 4749 1138 4814; x_wconf 88' lang='lat' dir='ltr'><strong>alienis,</strong></span> <span class='ocrx_word' id='word_1_685' title='bbox 1185 4748 1267 4803; x_wconf 89' lang='lat' dir='ltr'><strong>vel</strong></span> <span class='ocrx_word' id='word_1_686' title='bbox 1306 4748 1641 4804; x_wconf 57' lang='lat' dir='ltr'><strong>daemonibus</strong></span> <span class='ocrx_word' id='word_1_687' title='bbox 1668 4752 1882 4808; x_wconf 88' lang='lat' dir='ltr'><strong>deditus</strong></span> 
     </span>
    </p>
   </div>
   <div class='ocr_carea' id='block_1_93' title="bbox 321 4834 1883 4897">
    <p class='ocr_par' dir='ltr' id='par_1_93' title="bbox 321 4834 1883 4897">
     <span class='ocr_line' id='line_1_93' title="bbox 321 4834 1883 4897; baseline 0.006 -9"><span class='ocrx_word' id='word_1_688' title='bbox 321 4834 598 4890; x_wconf 86' lang='lat' dir='ltr'><strong>obtulerit.</strong></span> <span class='ocrx_word' id='word_1_689' title='bbox 637 4834 712 4892; x_wconf 88' lang='lat' dir='ltr'><strong>De</strong></span> <span class='ocrx_word' id='word_1_690' title='bbox 745 4838 1060 4893; x_wconf 88' lang='lat' dir='ltr'><strong>solemniori</strong></span> <span class='ocrx_word' id='word_1_691' title='bbox 1110 4846 1289 4895; x_wconf 88' lang='lat' dir='ltr'><strong>autem</strong></span> <span class='ocrx_word' id='word_1_692' title='bbox 1322 4842 1471 4894; x_wconf 82' lang='lat' dir='ltr'><strong>cultu</strong></span> <span class='ocrx_word' id='word_1_693' title='bbox 1516 4841 1691 4896; x_wconf 86' lang='lat' dir='ltr'><strong>locum</strong></span> <span class='ocrx_word' id='word_1_694' title='bbox 1736 4843 1883 4897; x_wconf 91' lang='lat' dir='ltr'><strong>hunc</strong></span> 
     </span>
    </p>
   </div>
   <div class='ocr_carea' id='block_1_94' title="bbox 323 4930 1884 5001">
    <p class='ocr_par' dir='ltr' id='par_1_94' title="bbox 323 4930 1884 5001">
     <span class='ocr_line' id='line_1_94' title="bbox 323 4930 1884 5001; baseline 0.004 -16"><span class='ocrx_word' id='word_1_695' title='bbox 323 4930 699 5001; x_wconf 89' lang='lat' dir='ltr'><strong>intelligimus.</strong></span> <span class='ocrx_word' id='word_1_696' title='bbox 721 4930 784 4985; x_wconf 86' lang='lat' dir='ltr'><strong>Et</strong></span> <span class='ocrx_word' id='word_1_697' title='bbox 805 4946 927 4987; x_wconf 89' lang='lat' dir='ltr'><strong>cum</strong></span> <span class='ocrx_word' id='word_1_698' title='bbox 952 4935 1130 4987; x_wconf 68' lang='lat' dir='ltr'><strong>caeteri</strong></span> <span class='ocrx_word' id='word_1_699' title='bbox 1156 4935 1353 4988; x_wconf 88' lang='lat' dir='ltr'><strong>artium</strong></span> <span class='ocrx_word' id='word_1_700' title='bbox 1382 4935 1705 4999; x_wconf 87' lang='lat' dir='ltr'><strong>inventione,</strong></span> <span class='ocrx_word' id='word_1_701' title='bbox 1722 4938 1884 4992; x_wconf 90' lang='lat' dir='ltr'><strong>rebus</strong></span> 
     </span>
    </p>
   </div>
   <div class='ocr_carea' id='block_1_95' title="bbox 320 5025 1885 5092">
    <p class='ocr_par' dir='ltr' id='par_1_95' title="bbox 320 5025 1885 5092">
     <span class='ocr_line' id='line_1_95' title="bbox 320 5025 1885 5092; baseline 0.003 -14"><span class='ocrx_word' id='word_1_702' title='bbox 320 5025 476 5080; x_wconf 83' lang='lat' dir='ltr'><strong>hisce</strong></span> <span class='ocrx_word' id='word_1_703' title='bbox 508 5025 742 5080; x_wconf 87' lang='lat' dir='ltr'><strong>terrenis</strong></span> <span class='ocrx_word' id='word_1_704' title='bbox 792 5027 1198 5092; x_wconf 82' lang='lat' dir='ltr'><strong>incumbentes,</strong></span> <span class='ocrx_word' id='word_1_705' title='bbox 1239 5028 1451 5082; x_wconf 90' lang='lat' dir='ltr'><strong>lucrum</strong></span> <span class='ocrx_word' id='word_1_706' title='bbox 1502 5037 1556 5083; x_wconf 92' lang='lat' dir='ltr'><strong>et</strong></span> <span class='ocrx_word' id='word_1_707' title='bbox 1601 5029 1885 5084; x_wconf 89' lang='lat' dir='ltr'><strong>commoda</strong></span> 
     </span>
    </p>
   </div>
   <div class='ocr_carea' id='block_1_96' title="bbox 323 5115 1884 5187">
    <p class='ocr_par' dir='ltr' id='par_1_96' title="bbox 323 5115 1884 5187">
     <span class='ocr_line' id='line_1_96' title="bbox 323 5115 1884 5187; baseline 0.003 -17"><span class='ocrx_word' id='word_1_708' title='bbox 323 5123 714 5187; x_wconf 76' lang='lat' dir='ltr'><strong>praepararent,</strong></span> <span class='ocrx_word' id='word_1_709' title='bbox 740 5115 885 5169; x_wconf 83' lang='lat' dir='ltr'><strong>Enos</strong></span> <span class='ocrx_word' id='word_1_710' title='bbox 913 5116 1026 5185; x_wconf 90' lang='lat' dir='ltr'><strong>ipse</strong></span> <span class='ocrx_word' id='word_1_711' title='bbox 1059 5116 1256 5186; x_wconf 80' lang='lat' dir='ltr'><strong>spretis</strong></span> <span class='ocrx_word' id='word_1_712' title='bbox 1286 5116 1560 5182; x_wconf 89' lang='lat' dir='ltr'><strong>omnibus,</strong></span> <span class='ocrx_word' id='word_1_713' title='bbox 1590 5117 1754 5173; x_wconf 89' lang='lat' dir='ltr'><strong>Deum</strong></span> <span class='ocrx_word' id='word_1_714' title='bbox 1780 5119 1884 5174; x_wconf 89' lang='lat' dir='ltr'><strong>sibi</strong></span> 
     </span>
    </p>
   </div>
   <div class='ocr_carea' id='block_1_97' title="bbox 325 5209 1885 5280">
    <p class='ocr_par' dir='ltr' id='par_1_97' title="bbox 325 5209 1885 5280">
     <span class='ocr_line' id='line_1_97' title="bbox 325 5209 1885 5280; baseline 0.003 -17"><span class='ocrx_word' id='word_1_715' title='bbox 325 5210 503 5263; x_wconf 83' lang='lat' dir='ltr'><strong>solum</strong></span> <span class='ocrx_word' id='word_1_716' title='bbox 536 5224 646 5280; x_wconf 70' lang='lat' dir='ltr'><strong>pra:</strong></span> <span class='ocrx_word' id='word_1_717' title='bbox 673 5209 885 5264; x_wconf 65' lang='lat' dir='ltr'><strong>caneris</strong></span> <span class='ocrx_word' id='word_1_718' title='bbox 934 5210 1285 5279; x_wconf 66' lang='lat' dir='ltr'><strong>praepositum</strong></span> <span class='ocrx_word' id='word_1_719' title='bbox 1329 5212 1593 5273; x_wconf 81' lang='lat' dir='ltr'><strong>adoravit,</strong></span> <span class='ocrx_word' id='word_1_720' title='bbox 1624 5213 1738 5267; x_wconf 86' lang='lat' dir='ltr'><strong>suis</strong></span> <span class='ocrx_word' id='word_1_721' title='bbox 1776 5212 1885 5267; x_wconf 81' lang='lat' dir='ltr'><strong>for-</strong></span> 
     </span>
    </p>
   </div>
   <div class='ocr_carea' id='block_1_98' title="bbox 324 5300 1889 5362">
    <p class='ocr_par' dir='ltr' id='par_1_98' title="bbox 324 5300 1889 5362">
     <span class='ocr_line' id='line_1_98' title="bbox 324 5300 1889 5362; baseline 0.004 -7"><span class='ocrx_word' id='word_1_722' title='bbox 324 5302 476 5356; x_wconf 91' lang='lat' dir='ltr'><strong>tunis</strong></span> <span class='ocrx_word' id='word_1_723' title='bbox 505 5302 560 5355; x_wconf 90' lang='lat' dir='ltr'><strong>in</strong></span> <span class='ocrx_word' id='word_1_724' title='bbox 589 5315 656 5355; x_wconf 90' lang='lat' dir='ltr'><strong>eo</strong></span> <span class='ocrx_word' id='word_1_725' title='bbox 696 5301 996 5356; x_wconf 88' lang='lat' dir='ltr'><strong>collocatis.</strong></span> <span class='ocrx_word' id='word_1_726' title='bbox 1042 5300 1118 5355; x_wconf 91' lang='lat' dir='ltr'><strong>llli</strong></span> <span class='ocrx_word' id='word_1_727' title='bbox 1151 5317 1240 5358; x_wconf 90' lang='lat' dir='ltr'><strong>res</strong></span> <span class='ocrx_word' id='word_1_728' title='bbox 1264 5302 1330 5356; x_wconf 87' lang='lat' dir='ltr'><strong>ad</strong></span> <span class='ocrx_word' id='word_1_729' title='bbox 1364 5304 1503 5358; x_wconf 89' lang='lat' dir='ltr'><strong>hanc</strong></span> <span class='ocrx_word' id='word_1_730' title='bbox 1533 5305 1695 5358; x_wconf 88' lang='lat' dir='ltr'><strong>vitam</strong></span> <span class='ocrx_word' id='word_1_731' title='bbox 1732 5307 1889 5362; x_wconf 86' lang='lat' dir='ltr'><strong>utiles</strong></span> 
     </span>
    </p>
   </div>
   <div class='ocr_carea' id='block_1_99' title="bbox 326 5391 1884 5464">
    <p class='ocr_par' dir='ltr' id='par_1_99' title="bbox 326 5391 1884 5464">
     <span class='ocr_line' id='line_1_99' title="bbox 326 5391 1884 5464; baseline 0.002 -16"><span class='ocrx_word' id='word_1_732' title='bbox 326 5394 736 5462; x_wconf 82' lang='lat' dir='ltr'><strong>exc’ogitabant,</strong></span> <span class='ocrx_word' id='word_1_733' title='bbox 780 5391 835 5446; x_wconf 90' lang='lat' dir='ltr'><strong>hi</strong></span> <span class='ocrx_word' id='word_1_734' title='bbox 866 5392 931 5446; x_wconf 89' lang='lat' dir='ltr'><strong>ad</strong></span> <span class='ocrx_word' id='word_1_735' title='bbox 968 5391 1225 5446; x_wconf 81' lang='lat' dir='ltr'><strong>futuram.</strong></span> <span class='ocrx_word' id='word_1_736' title='bbox 1257 5395 1434 5460; x_wconf 80' lang='lat' dir='ltr'><strong>Quare</strong></span> <span class='ocrx_word' id='word_1_737' title='bbox 1461 5395 1515 5448; x_wconf 92' lang='lat' dir='ltr'><strong>hi</strong></span> <span class='ocrx_word' id='word_1_738' title='bbox 1540 5394 1636 5449; x_wconf 86' lang='lat' dir='ltr'><strong>Dei</strong></span> <span class='ocrx_word' id='word_1_739' title='bbox 1657 5395 1777 5464; x_wconf 82' lang='lat' dir='ltr'><strong>ﬁlii,</strong></span> <span class='ocrx_word' id='word_1_740' title='bbox 1812 5397 1884 5451; x_wconf 84' lang='lat' dir='ltr'><strong>illi</strong></span> 
     </span>
    </p>
   </div>
   <div class='ocr_carea' id='block_1_100' title="bbox 324 5482 1886 5556">
    <p class='ocr_par' dir='ltr' id='par_1_100' title="bbox 324 5482 1886 5556">
     <span class='ocr_line' id='line_1_100' title="bbox 324 5482 1886 5556; baseline 0.004 -19"><span class='ocrx_word' id='word_1_741' title='bbox 324 5485 430 5556; x_wconf 73' lang='lat' dir='ltr'><strong>ﬁlii</strong></span> <span class='ocrx_word' id='word_1_742' title='bbox 463 5485 753 5539; x_wconf 85' lang='lat' dir='ltr'><strong>hominum.</strong></span> <span class='ocrx_word' id='word_1_743' title='bbox 786 5482 1387 5541; x_wconf 81' lang='lat' dir='ltr'><strong>Eusebius’Ernissenus</strong></span> <span class='ocrx_word' id='word_1_744' title='bbox 1417 5486 1620 5542; x_wconf 90' lang='lat' dir='ltr'><strong>Catena</strong></span> <span class='ocrx_word' id='word_1_745' title='bbox 1641 5488 1693 5542; x_wconf 93' lang='lat' dir='ltr'><strong>in</strong></span> <span class='ocrx_word' id='word_1_746' title='bbox 1721 5488 1886 5543; x_wconf 70' lang='lat' dir='ltr'><strong>Gem:</strong></span> 
     </span>
    </p>
   </div>
   <div class='ocr_carea' id='block_1_101' title="bbox 336 5575 1891 5648">
    <p class='ocr_par' dir='ltr' id='par_1_101' title="bbox 336 5575 1891 5648">
     <span class='ocr_line' id='line_1_101' title="bbox 336 5575 1891 5648; baseline 0.002 -19"><span class='ocrx_word' id='word_1_747' title='bbox 336 5578 427 5629; x_wconf 82' lang='grc' dir='ltr'>Ἐν</span> <span class='ocrx_word' id='word_1_748' title='bbox 465 5575 543 5648; x_wconf 81' lang='grc' dir='ltr'>τῷ</span> <span class='ocrx_word' id='word_1_749' title='bbox 577 5576 847 5647; x_wconf 73' lang='grc' dir='ltr'><strong>Ἐϐραϊκῷ</strong></span> <span class='ocrx_word' id='word_1_750' title='bbox 882 5577 979 5646; x_wconf 80' lang='grc' dir='ltr'>οὐχ</span> <span class='ocrx_word' id='word_1_751' title='bbox 1006 5575 1147 5630; x_wconf 82' lang='grc' dir='ltr'>οῦτω</span> <span class='ocrx_word' id='word_1_752' title='bbox 1172 5577 1338 5644; x_wconf 79' lang='grc' dir='ltr'><strong>λέγει,</strong></span> <span class='ocrx_word' id='word_1_753' title='bbox 1372 5576 1484 5630; x_wconf 84' lang='grc' dir='ltr'><strong>ἀλλ’</strong></span> <span class='ocrx_word' id='word_1_754' title='bbox 1517 5578 1687 5642; x_wconf 71' lang='grc' dir='ltr'>οὕτως</span> <span class='ocrx_word' id='word_1_755' title='bbox 1710 5598 1722 5611; x_wconf 89' lang='grc'><strong>·</strong></span> <span class='ocrx_word' id='word_1_756' title='bbox 1760 5581 1891 5633; x_wconf 82' lang='grc' dir='ltr'><strong>Ἥλ-</strong></span> 
     </span>
    </p>
   </div>
   <div class='ocr_carea' id='block_1_102' title="bbox 328 5669 1886 5741">
    <p class='ocr_par' dir='ltr' id='par_1_102' title="bbox 328 5669 1886 5741">
     <span class='ocr_line' id='line_1_102' title="bbox 328 5669 1886 5741; baseline 0.001 -17"><span class='ocrx_word' id='word_1_757' title='bbox 328 5687 485 5724; x_wconf 79' lang='grc' dir='ltr'>πισεν</span> <span class='ocrx_word' id='word_1_758' title='bbox 548 5669 922 5727; x_wconf 70' lang='grc' dir='ltr'><strong>ἐπικαλεῖσθαι</strong></span> <span class='ocrx_word' id='word_1_759' title='bbox 964 5670 1043 5739; x_wconf 82' lang='grc' dir='ltr'>τῷ</span> <span class='ocrx_word' id='word_1_760' title='bbox 1092 5669 1311 5739; x_wconf 79' lang='grc' dir='ltr'><strong>ὀνόματι</strong></span> <span class='ocrx_word' id='word_1_761' title='bbox 1352 5672 1552 5741; x_wconf 81' lang='grc' dir='ltr'>Κυρίου</span> <span class='ocrx_word' id='word_1_762' title='bbox 1596 5671 1690 5723; x_wconf 78' lang='grc' dir='ltr'><strong>τοῦ</strong></span> <span class='ocrx_word' id='word_1_763' title='bbox 1733 5673 1886 5725; x_wconf 77' lang='grc' dir='ltr'>Θεοῦ’</span> 
     </span>
    </p>
   </div>
   <div class='ocr_carea' id='block_1_103' title="bbox 324 5759 1889 5834">
    <p class='ocr_par' dir='ltr' id='par_1_103' title="bbox 324 5759 1889 5834">
     <span class='ocr_line' id='line_1_103' title="bbox 324 5759 1889 5834; baseline 0.001 -19"><span class='ocrx_word' id='word_1_764' title='bbox 324 5762 601 5817; x_wconf 77' lang='grc' dir='ltr'>τουτέστιν</span> <span class='ocrx_word' id='word_1_765' title='bbox 632 5760 761 5825; x_wconf 71' lang='grc' dir='ltr'><strong>Υἱὸς</strong></span> <span class='ocrx_word' id='word_1_766' title='bbox 796 5759 930 5813; x_wconf 84' lang='grc' dir='ltr'>Θεοῦ</span> <span class='ocrx_word' id='word_1_767' title='bbox 958 5761 1207 5829; x_wconf 67' lang='grc' dir='ltr'><strong>λέγεσθαι</strong></span> <span class='ocrx_word' id='word_1_768' title='bbox 1245 5763 1337 5815; x_wconf 73' lang='grc' dir='ltr'><strong>καὶ</strong></span> <span class='ocrx_word' id='word_1_769' title='bbox 1372 5762 1521 5825; x_wconf 79' lang='grc' dir='ltr'><strong>Θεός.</strong></span> <span class='ocrx_word' id='word_1_770' title='bbox 1552 5765 1611 5817; x_wconf 81' lang='lat' dir='ltr'><strong>Ui</strong></span> <span class='ocrx_word' id='word_1_771' title='bbox 1649 5763 1755 5834; x_wconf 81' lang='grc' dir='ltr'><strong>γὰρ</strong></span> <span class='ocrx_word' id='word_1_772' title='bbox 1786 5764 1889 5817; x_wconf 81' lang='grc' dir='ltr'><strong>ἀπὸ</strong></span> 
     </span>
    </p>
   </div>
   <div class='ocr_carea' id='block_1_104' title="bbox 1985 4565 3541 4641">
    <p class='ocr_par' dir='ltr' id='par_1_104' title="bbox 1985 4565 3541 4641">
     <span class='ocr_line' id='line_1_104' title="bbox 1985 4565 3541 4641; baseline -0.006 -16"><span class='ocrx_word' id='word_1_773' title='bbox 1985 4587 2117 4641; x_wconf 87' lang='lat' dir='ltr'><strong>pore</strong></span> <span class='ocrx_word' id='word_1_774' title='bbox 2166 4571 2342 4641; x_wconf 91' lang='lat' dir='ltr'><strong>quoad</strong></span> <span class='ocrx_word' id='word_1_775' title='bbox 2411 4571 2643 4624; x_wconf 87' lang='lat' dir='ltr'><strong>animam</strong></span> <span class='ocrx_word' id='word_1_776' title='bbox 2714 4576 2931 4638; x_wconf 87' lang='lat' dir='ltr'><strong>propter</strong></span> <span class='ocrx_word' id='word_1_777' title='bbox 2996 4569 3112 4623; x_wconf 79' lang='lat' dir='ltr'><strong>lidri</strong></span> <span class='ocrx_word' id='word_1_778' title='bbox 3174 4565 3541 4638; x_wconf 59' lang='lat' dir='ltr'><strong>praestantiam</strong></span> 
     </span>
    </p>
   </div>
   <div class='ocr_carea' id='block_1_105' title="bbox 1987 4660 3537 4725">
    <p class='ocr_par' dir='ltr' id='par_1_105' title="bbox 1987 4660 3537 4725">
     <span class='ocr_line' id='line_1_105' title="bbox 1987 4660 3537 4725; baseline -0.006 -9"><span class='ocrx_word' id='word_1_779' title='bbox 1987 4663 2309 4717; x_wconf 88' lang='lat' dir='ltr'><strong>translatum</strong></span> <span class='ocrx_word' id='word_1_780' title='bbox 2366 4662 2417 4714; x_wconf 92' lang='lat' dir='ltr'><strong>in</strong></span> <span class='ocrx_word' id='word_1_781' title='bbox 2450 4662 2670 4725; x_wconf 77' lang='lat' dir='ltr'><strong>cmlum,</strong></span> <span class='ocrx_word' id='word_1_782' title='bbox 2719 4668 2779 4713; x_wconf 89' lang='lat' dir='ltr'><strong>et</strong></span> <span class='ocrx_word' id='word_1_783' title='bbox 2816 4660 2935 4712; x_wconf 84' lang='lat' dir='ltr'><strong>ideo</strong></span> <span class='ocrx_word' id='word_1_784' title='bbox 2969 4661 3072 4713; x_wconf 74' lang='lat' dir='ltr'><strong>dici</strong></span> <span class='ocrx_word' id='word_1_785' title='bbox 3117 4676 3221 4712; x_wconf 87' lang='lat' dir='ltr'><strong>non</strong></span> <span class='ocrx_word' id='word_1_786' title='bbox 3252 4665 3537 4711; x_wconf 85' lang='lat' dir='ltr'><strong>mortuum.</strong></span> 
     </span>
    </p>
   </div>
   <div class='ocr_carea' id='block_1_106' title="bbox 1986 4745 3542 4820">
    <p class='ocr_par' dir='ltr' id='par_1_106' title="bbox 1986 4745 3542 4820">
     <span class='ocr_line' id='line_1_106' title="bbox 1986 4745 3542 4820; baseline -0.006 -16"><span class='ocrx_word' id='word_1_787' title='bbox 1986 4752 2379 4820; x_wconf 84' lang='lat' dir='ltr'><strong>Antiquissima</strong></span> <span class='ocrx_word' id='word_1_788' title='bbox 2411 4758 2589 4803; x_wconf 87' lang='lat' dir='ltr'><strong>tamen</strong></span> <span class='ocrx_word' id='word_1_789' title='bbox 2638 4750 2892 4803; x_wconf 70' lang='lat' dir='ltr'><strong>Ecclesia:</strong></span> <span class='ocrx_word' id='word_1_790' title='bbox 2921 4750 3160 4811; x_wconf 82' lang='lat' dir='ltr'><strong>traditio,</strong></span> <span class='ocrx_word' id='word_1_791' title='bbox 3196 4756 3247 4801; x_wconf 87' lang='lat' dir='ltr'><strong>et</strong></span> <span class='ocrx_word' id='word_1_792' title='bbox 3279 4745 3542 4800; x_wconf 81' lang='lat' dir='ltr'><strong>Christia-</strong></span> 
     </span>
    </p>
   </div>
   <div class='ocr_carea' id='block_1_107' title="bbox 1986 4836 3544 4911">
    <p class='ocr_par' dir='ltr' id='par_1_107' title="bbox 1986 4836 3544 4911">
     <span class='ocr_line' id='line_1_107' title="bbox 1986 4836 3544 4911; baseline -0.007 -13"><span class='ocrx_word' id='word_1_793' title='bbox 1986 4859 2180 4898; x_wconf 89' lang='lat' dir='ltr'><strong>norum</strong></span> <span class='ocrx_word' id='word_1_794' title='bbox 2204 4843 2449 4896; x_wconf 89' lang='lat' dir='ltr'><strong>omnium</strong></span> <span class='ocrx_word' id='word_1_795' title='bbox 2471 4841 2775 4911; x_wconf 87' lang='lat' dir='ltr'><strong>persuasio,</strong></span> <span class='ocrx_word' id='word_1_796' title='bbox 2801 4850 2853 4895; x_wconf 91' lang='lat' dir='ltr'><strong>et</strong></span> <span class='ocrx_word' id='word_1_797' title='bbox 2883 4856 3113 4895; x_wconf 79' lang='lat' dir='ltr'><strong>concors</strong></span> <span class='ocrx_word' id='word_1_798' title='bbox 3146 4840 3361 4891; x_wconf 85' lang='lat' dir='ltr'><strong>Patrum</strong></span> <span class='ocrx_word' id='word_1_799' title='bbox 3389 4836 3544 4889; x_wconf 60' lang='lat' dir='ltr'><strong>theo-</strong></span> 
     </span>
    </p>
   </div>
   <div class='ocr_carea' id='block_1_108' title="bbox 1989 4929 3548 5006">
    <p class='ocr_par' dir='ltr' id='par_1_108' title="bbox 1989 4929 3548 5006">
     <span class='ocr_line' id='line_1_108' title="bbox 1989 4929 3548 5006; baseline -0.006 -17"><span class='ocrx_word' id='word_1_800' title='bbox 1989 4938 2230 5006; x_wconf 81' lang='lat' dir='ltr'><strong>logorum</strong></span> <span class='ocrx_word' id='word_1_801' title='bbox 2277 4934 2582 4993; x_wconf 87' lang='lat' dir='ltr'><strong>sententia,</strong></span> <span class='ocrx_word' id='word_1_802' title='bbox 2643 4934 2975 4987; x_wconf 72' lang='lat' dir='ltr'><strong>contrarium</strong></span> <span class='ocrx_word' id='word_1_803' title='bbox 3023 4933 3205 4985; x_wconf 79' lang='lat' dir='ltr'><strong>sentit.</strong></span> <span class='ocrx_word' id='word_1_804' title='bbox 3254 4929 3403 4981; x_wconf 82' lang='lat' dir='ltr'><strong>illam</strong></span> <span class='ocrx_word' id='word_1_805' title='bbox 3454 4943 3548 4981; x_wconf 73' lang='lat' dir='ltr'><strong>ex-</strong></span> 
     </span>
    </p>
   </div>
   <div class='ocr_carea' id='block_1_109' title="bbox 1988 5019 3545 5098">
    <p class='ocr_par' dir='ltr' id='par_1_109' title="bbox 1988 5019 3545 5098">
     <span class='ocr_line' id='line_1_109' title="bbox 1988 5019 3545 5098; baseline -0.004 -18"><span class='ocrx_word' id='word_1_806' title='bbox 1988 5043 2173 5098; x_wconf 88' lang='lat' dir='ltr'><strong>presse</strong></span> <span class='ocrx_word' id='word_1_807' title='bbox 2228 5025 2450 5080; x_wconf 88' lang='lat' dir='ltr'><strong>tradunt</strong></span> <span class='ocrx_word' id='word_1_808' title='bbox 2482 5026 2731 5081; x_wconf 89' lang='lat' dir='ltr'><strong>Clemens</strong></span> <span class='ocrx_word' id='word_1_809' title='bbox 2781 5023 3052 5078; x_wconf 78' lang='lat' dir='ltr'><strong>Romanus</strong></span> <span class='ocrx_word' id='word_1_810' title='bbox 3092 5024 3179 5076; x_wconf 91' lang='lat' dir='ltr'><strong>lib.</strong></span> <span class='ocrx_word' id='word_1_811' title='bbox 3230 5039 3262 5075; x_wconf 91' lang='lat' dir='ltr'><strong>v</strong></span> <span class='ocrx_word' id='word_1_812' title='bbox 3319 5019 3545 5074; x_wconf 70' lang='lat' dir='ltr'><strong>Coltstit.</strong></span> 
     </span>
    </p>
   </div>
   <div class='ocr_carea' id='block_1_110' title="bbox 1990 5112 3549 5190">
    <p class='ocr_par' dir='ltr' id='par_1_110' title="bbox 1990 5112 3549 5190">
     <span class='ocr_line' id='line_1_110' title="bbox 1990 5112 3549 5190; baseline -0.006 -15"><span class='ocrx_word' id='word_1_813' title='bbox 1990 5129 2155 5190; x_wconf 85' lang='lat' dir='ltr'><strong>apost.</strong></span> <span class='ocrx_word' id='word_1_814' title='bbox 2180 5160 2194 5183; x_wconf 92' lang='lat'><strong>,</strong></span> <span class='ocrx_word' id='word_1_815' title='bbox 2227 5135 2344 5189; x_wconf 87' lang='lat' dir='ltr'><strong>cap.</strong></span> <span class='ocrx_word' id='word_1_816' title='bbox 2383 5120 2448 5186; x_wconf 83' lang='lat'><strong>6;</strong></span> <span class='ocrx_word' id='word_1_817' title='bbox 2504 5118 2756 5181; x_wconf 66' lang='lat' dir='ltr'><strong>Irenaaus,</strong></span> <span class='ocrx_word' id='word_1_818' title='bbox 2788 5120 2882 5173; x_wconf 92' lang='lat' dir='ltr'><strong>lib.</strong></span> <span class='ocrx_word' id='word_1_819' title='bbox 2914 5136 2986 5182; x_wconf 82' lang='lat' dir='ltr'><strong>iv,</strong></span> <span class='ocrx_word' id='word_1_820' title='bbox 3028 5132 3146 5185; x_wconf 85' lang='lat' dir='ltr'><strong>cap.</strong></span> <span class='ocrx_word' id='word_1_821' title='bbox 3178 5116 3279 5179; x_wconf 81' lang='lat'><strong>30;</strong></span> <span class='ocrx_word' id='word_1_822' title='bbox 3335 5112 3549 5166; x_wconf 89' lang='lat' dir='ltr'><strong>Tertul-</strong></span> 
     </span>
    </p>
   </div>
   <div class='ocr_carea' id='block_1_111' title="bbox 1989 5205 3546 5278">
    <p class='ocr_par' dir='ltr' id='par_1_111' title="bbox 1989 5205 3546 5278">
     <span class='ocr_line' id='line_1_111' title="bbox 1989 5205 3546 5278; baseline -0.004 -14"><span class='ocrx_word' id='word_1_823' title='bbox 1989 5212 2188 5276; x_wconf 89' lang='lat' dir='ltr'><strong>lianus,</strong></span> <span class='ocrx_word' id='word_1_824' title='bbox 2218 5210 2311 5263; x_wconf 83' lang='lat' dir='ltr'><strong>lib.</strong></span> <span class='ocrx_word' id='word_1_825' title='bbox 2348 5209 2422 5262; x_wconf 90' lang='lat' dir='ltr'><strong>De</strong></span> <span class='ocrx_word' id='word_1_826' title='bbox 2472 5226 2667 5262; x_wconf 83' lang='lat' dir='ltr'><strong>resurr.</strong></span> <span class='ocrx_word' id='word_1_827' title='bbox 2703 5227 2872 5274; x_wconf 87' lang='lat' dir='ltr'><strong>carn.,</strong></span> <span class='ocrx_word' id='word_1_828' title='bbox 2905 5224 3025 5278; x_wconf 86' lang='lat' dir='ltr'><strong>cap.</strong></span> <span class='ocrx_word' id='word_1_829' title='bbox 3072 5207 3174 5271; x_wconf 83' lang='lat'><strong>58;</strong></span> <span class='ocrx_word' id='word_1_830' title='bbox 3220 5205 3546 5275; x_wconf 81' lang='lat' dir='ltr'><strong>Cyprianus,</strong></span> 
     </span>
    </p>
   </div>
   <div class='ocr_carea' id='block_1_112' title="bbox 1991 5293 3551 5371">
    <p class='ocr_par' dir='ltr' id='par_1_112' title="bbox 1991 5293 3551 5371">
     <span class='ocr_line' id='line_1_112' title="bbox 1991 5293 3551 5371; baseline -0.006 -14"><span class='ocrx_word' id='word_1_831' title='bbox 1991 5305 2085 5358; x_wconf 89' lang='lat' dir='ltr'><strong>lib.</strong></span> <span class='ocrx_word' id='word_1_832' title='bbox 2124 5303 2197 5356; x_wconf 85' lang='lat' dir='ltr'><strong>De</strong></span> <span class='ocrx_word' id='word_1_833' title='bbox 2227 5302 2353 5358; x_wconf 85' lang='lat' dir='ltr'><strong>Sion</strong></span> <span class='ocrx_word' id='word_1_834' title='bbox 2380 5311 2427 5355; x_wconf 91' lang='lat' dir='ltr'><strong>et</strong></span> <span class='ocrx_word' id='word_1_835' title='bbox 2457 5301 2619 5363; x_wconf 86' lang='lat' dir='ltr'><strong>Sina;</strong></span> <span class='ocrx_word' id='word_1_836' title='bbox 2674 5301 3003 5371; x_wconf 80' lang='lat' dir='ltr'><strong>Epiphanius</strong></span> <span class='ocrx_word' id='word_1_837' title='bbox 3031 5298 3085 5352; x_wconf 94' lang='lat' dir='ltr'><strong>in</strong></span> <span class='ocrx_word' id='word_1_838' title='bbox 3116 5299 3418 5358; x_wconf 59' lang='lat' dir='ltr'><strong>Ancorata&#39;,‘</strong></span> <span class='ocrx_word' id='word_1_839' title='bbox 3446 5293 3551 5348; x_wconf 76' lang='lat' dir='ltr'><strong>Nc~</strong></span> 
     </span>
    </p>
   </div>
   <div class='ocr_carea' id='block_1_113' title="bbox 1990 5388 3547 5459">
    <p class='ocr_par' dir='ltr' id='par_1_113' title="bbox 1990 5388 3547 5459">
     <span class='ocr_line' id='line_1_113' title="bbox 1990 5388 3547 5459; baseline -0.004 -13"><span class='ocrx_word' id='word_1_840' title='bbox 1990 5393 2215 5457; x_wconf 80' lang='lat' dir='ltr'><strong>mesius,</strong></span> <span class='ocrx_word' id='word_1_841' title='bbox 2250 5393 2345 5448; x_wconf 86' lang='lat' dir='ltr'><strong>lib.</strong></span> <span class='ocrx_word' id='word_1_842' title='bbox 2379 5392 2451 5445; x_wconf 90' lang='lat' dir='ltr'><strong>De</strong></span> <span class='ocrx_word' id='word_1_843' title='bbox 2486 5401 2591 5447; x_wconf 86' lang='lat' dir='ltr'><strong>nat.</strong></span> <span class='ocrx_word' id='word_1_844' title='bbox 2647 5391 2867 5453; x_wconf 83' lang='lat' dir='ltr'><strong>homin.,</strong></span> <span class='ocrx_word' id='word_1_845' title='bbox 2901 5406 3020 5459; x_wconf 88' lang='lat' dir='ltr'><strong>cap.</strong></span> <span class='ocrx_word' id='word_1_846' title='bbox 3051 5390 3123 5454; x_wconf 70' lang='lat'><strong>4;</strong></span> <span class='ocrx_word' id='word_1_847' title='bbox 3169 5388 3547 5457; x_wconf 78' lang='lat' dir='ltr'><strong>Hieronymus,</strong></span> 
     </span>
    </p>
   </div>
   <div class='ocr_carea' id='block_1_114' title="bbox 1992 5477 3546 5552">
    <p class='ocr_par' dir='ltr' id='par_1_114' title="bbox 1992 5477 3546 5552">
     <span class='ocr_line' id='line_1_114' title="bbox 1992 5477 3546 5552; baseline -0.005 -15"><span class='ocrx_word' id='word_1_848' title='bbox 1992 5485 2084 5538; x_wconf 89' lang='lat' dir='ltr'><strong>lib.</strong></span> <span class='ocrx_word' id='word_1_849' title='bbox 2112 5500 2170 5537; x_wconf 79' lang='lat' dir='ltr'><strong>tu</strong></span> <span class='ocrx_word' id='word_1_850' title='bbox 2196 5483 2395 5537; x_wconf 87' lang='lat' dir='ltr'><strong>Contra</strong></span> <span class='ocrx_word' id='word_1_851' title='bbox 2426 5483 2631 5552; x_wconf 54' lang='lat' dir='ltr'><strong>Pelag;</strong></span> <span class='ocrx_word' id='word_1_852' title='bbox 2679 5481 3037 5552; x_wconf 80' lang='lat' dir='ltr'><strong>Augustinus,</strong></span> <span class='ocrx_word' id='word_1_853' title='bbox 3066 5480 3157 5534; x_wconf 93' lang='lat' dir='ltr'><strong>lib.</strong></span> <span class='ocrx_word' id='word_1_854' title='bbox 3185 5495 3253 5532; x_wconf 80' lang='lat' dir='ltr'><strong>xv</strong></span> <span class='ocrx_word' id='word_1_855' title='bbox 3293 5477 3368 5529; x_wconf 83' lang='lat' dir='ltr'><strong>De</strong></span> <span class='ocrx_word' id='word_1_856' title='bbox 3408 5477 3546 5530; x_wconf 79' lang='lat' dir='ltr'><strong>civit.</strong></span> 
     </span>
    </p>
   </div>
   <div class='ocr_carea' id='block_1_115' title="bbox 1992 5570 3550 5647">
    <p class='ocr_par' dir='ltr' id='par_1_115' title="bbox 1992 5570 3550 5647">
     <span class='ocr_line' id='line_1_115' title="bbox 1992 5570 3550 5647; baseline -0.004 -18"><span class='ocrx_word' id='word_1_857' title='bbox 1992 5575 2109 5641; x_wconf 84' lang='lat' dir='ltr'><strong>Dei,</strong></span> <span class='ocrx_word' id='word_1_858' title='bbox 2140 5590 2260 5646; x_wconf 87' lang='lat' dir='ltr'><strong>cap.</strong></span> <span class='ocrx_word' id='word_1_859' title='bbox 2292 5574 2403 5646; x_wconf 6' lang='lat'><strong>29;,</strong></span> <span class='ocrx_word' id='word_1_860' title='bbox 2432 5576 2877 5647; x_wconf 83' lang='lat' dir='ltr'><strong>Chrysostomus,</strong></span> <span class='ocrx_word' id='word_1_861' title='bbox 2920 5572 3067 5628; x_wconf 90' lang='lat' dir='ltr'><strong>hom.</strong></span> <span class='ocrx_word' id='word_1_862' title='bbox 3099 5574 3159 5627; x_wconf 77' lang='grc'>51</span> <span class='ocrx_word' id='word_1_863' title='bbox 3193 5574 3244 5625; x_wconf 88' lang='lat' dir='ltr'><strong>in</strong></span> <span class='ocrx_word' id='word_1_864' title='bbox 3276 5570 3457 5625; x_wconf 84' lang='lat' dir='ltr'><strong>Cenes.</strong></span> <span class='ocrx_word' id='word_1_865' title='bbox 3497 5579 3550 5624; x_wconf 90' lang='lat' dir='ltr'><strong>et</strong></span> 
     </span>
    </p>
   </div>
   <div class='ocr_carea' id='block_1_116' title="bbox 1994 5662 3549 5739">
    <p class='ocr_par' dir='ltr' id='par_1_116' title="bbox 1994 5662 3549 5739">
     <span class='ocr_line' id='line_1_116' title="bbox 1994 5662 3549 5739; baseline -0.005 -17"><span class='ocrx_word' id='word_1_866' title='bbox 1994 5669 2047 5722; x_wconf 90' lang='lat' dir='ltr'><strong>iu</strong></span> <span class='ocrx_word' id='word_1_867' title='bbox 2078 5685 2197 5739; x_wconf 89' lang='lat' dir='ltr'><strong>cap.</strong></span> <span class='ocrx_word' id='word_1_868' title='bbox 2244 5685 2298 5723; x_wconf 76' lang='grc' dir='ltr'><strong>ιι</strong></span> <span class='ocrx_word' id='word_1_869' title='bbox 2337 5669 2405 5720; x_wconf 89' lang='lat' dir='ltr'><strong>ad</strong></span> <span class='ocrx_word' id='word_1_870' title='bbox 2453 5667 2736 5731; x_wconf 74' lang='lat' dir='ltr'><strong>Ilebrtzos;</strong></span> <span class='ocrx_word' id='word_1_871' title='bbox 2777 5664 3097 5737; x_wconf 86' lang='lat' dir='ltr'><strong>Ephremius</strong></span> <span class='ocrx_word' id='word_1_872' title='bbox 3125 5662 3549 5733; x_wconf 84' lang='lat' dir='ltr'><strong>Theopolitanus</strong></span> 
     </span>
    </p>
   </div>
   <div class='ocr_carea' id='block_1_117' title="bbox 1998 5756 3549 5833">
    <p class='ocr_par' dir='ltr' id='par_1_117' title="bbox 1998 5756 3549 5833">
     <span class='ocr_line' id='line_1_117' title="bbox 1998 5756 3549 5833; baseline -0.005 -18"><span class='ocrx_word' id='word_1_873' title='bbox 1998 5762 2301 5833; x_wconf 82' lang='lat' dir='ltr'><strong>patriarcha</strong></span> <span class='ocrx_word' id='word_1_874' title='bbox 2340 5763 2477 5832; x_wconf 88' lang='lat' dir='ltr'><strong>apud</strong></span> <span class='ocrx_word' id='word_1_875' title='bbox 2512 5761 2764 5817; x_wconf 86' lang='lat' dir='ltr'><strong>Photium</strong></span> <span class='ocrx_word' id='word_1_876' title='bbox 2791 5762 2842 5815; x_wconf 90' lang='lat' dir='ltr'><strong>in</strong></span> <span class='ocrx_word' id='word_1_877' title='bbox 2866 5759 3107 5822; x_wconf 83' lang='lat' dir='ltr'><strong>Bibliot.,</strong></span> <span class='ocrx_word' id='word_1_878' title='bbox 3134 5758 3253 5813; x_wconf 83' lang='lat' dir='ltr'><strong>cod.</strong></span> <span class='ocrx_word' id='word_1_879' title='bbox 3285 5757 3408 5814; x_wconf 65' lang='lat'><strong>228.</strong></span> <span class='ocrx_word' id='word_1_880' title='bbox 3443 5756 3549 5809; x_wconf 64' lang='lat' dir='ltr'><strong>Nec</strong></span> 
     </span>
    </p>
   </div>
  </div>
