4072 6342
315 247 418 312 985'

1331 261 1399 318 IN
1436 260 1805 319 EUSTATHll
1845 260 2313 318 IIEXAEMERON
2343 260 2572 317 NOTAE.

3427 259 3534 323 980

313 376 564 444 lapsuum
596 373 910 444 paenitentia
938 377 1170 444 tristem,
1211 395 1399 434 verum
1430 390 1485 432 et
1517 379 1746 432 aliorum
1779 378 1873 432 (ιρ-
1902 386 1942 438 Λ
1973 379 2114 434 dinis
2161 378 2310 435 mille
2352 378 2787 448 octingentorum
2841 377 3170 444 cubitorum,
3225 378 3534 437 latitudini!

312 468 458 522 lictis
487 468 644 537 quasi
687 466 922 524 stimulis
965 470 1290 540 quibusdam
1323 480 1500 525 actum
1541 471 1731 526 intime
1763 470 1870 527 fre—

310 558 538 622 muisse,
562 568 614 612 et
643 558 896 628 lacrymis
920 561 1214 630 supplicem
1251 561 1318 615 ad
1352 560 1520 616 Deum
1549 561 1871 630 delinquen-

309 652 458 706 tibus
489 651 708 719 Optimis
738 654 959 708 monitis
991 656 1360 718 succurrisse,
1388 655 1578 724 sicque
1615 663 1866 708 naturam

306 743 600 797 humanam
641 742 894 805 debilem,
926 753 978 799 et
1011 745 1352 816 languentem
1394 761 1495 816 ope
1528 745 1622 800 D'ei
1655 747 1867 800 instau-

305 850 480 890 rasse.
509 833 637 900 Qua:
679 834 929 900 felicitas,
962 835 1089 890 dum
1129 848 1180 891 et
1206 838 1335 902 vita,
1365 845 1418 892 et
1449 837 1691 908 spiritus,
1727 837 1867 891 inte-

305 942 404 996 gra
427 927 662 982 duravit.
694 927 984 999 Postquam
1019 929 1274 994 decessit,
1303 931 1547 984 homines
1579 929 1865 983 amandata

303 1018 633 1073 verecundia
681 1020 922 1089 quotidie
969 1019 1033 1073 ad
1076 1021 1303 1090 majora,
1336 1030 1390 1074 et
1427 1020 1742 1076 scelestiora
1786 1018 1868 1072 la-

302 1111 493 1164 cinora
522 1111 808 1181 prolapsos
838 1126 945 1164 non
996 1119 1078 1166 est
1112 1115 1329 1168 mirum.
1372 1111 1600 1178 Quando
1636 1121 1688 1167 et
1735 1119 1864 1166 tunc

300 1199 400 1254 ﬁlii
434 1199 525 1255 Dei
561 1199 776 1256 ﬁliabus
805 1200 1083 1255 hominum
1132 1219 1190 1257 se
1216 1203 1535 1271 junxerunt.
1570 1201 1862 1257 Posteritas

301 1292 514 1348 scilicet
544 1291 672 1346 Seth
724 1293 921 1363 pietate
953 1294 1181 1348 celebris
1217 1303 1271 1348 et
1314 1293 1424 1348 Deo
1453 1309 1662 1349 suuuue
1698 1293 1863 1347 chara

297 1386 659 1454 conjunxerat
692 1400 750 1440 se
804 1399 928 1438 cum
970 1386 1286 1454 posteritate
1311 1385 1464 1439 Caini
1500 1386 1661 1454 impia
1689 1393 1742 1439 et
1767 1400 1863 1439 nc-

295 1477 687 1560 quam._Quasi
726 1478 931 1532 diceret
960 1478 1151 1534 iisdem
1181 1478 1474 1532 sceleribus
1521 1493 1583 1532 ac
1609 1465 1861 1532 facinori-

293 1570 404 1624 bus
433 1553 706 1638 complexa
735 1585 921 1624 eorum
955 1571 1139 1634 vitam,
1168 1586 1226 1625 se
1257 1570 1571 1634 immiscuit,
1604 1578 1656 1626 et
1688 1571 1740 1624 in
1766 1585 1859 1624 ea-

295 1662 423 1716 dem
473 1662 598 1716 vitia
631 1663 882 1733 prolapsa
914 1661 1170 1718 est.Vide
1209 1661 1501 1717 Chronican
1542 1662 1858 1717 Alexandri-

295 1772 446 1809 num.
470 1742 477 1749 ’

374 1848 484 1901 Ε(·1.
511 1847 631 1912 752,
655 1848 748 1901 lin.
770 1847 858 1904 59.
876 1848 966 1914 Ὠς
981 1845 1094 1902 οὖν
1108 1851 1140 1901 ὁ
1154 1847 1295 1901 Νῶε.
1314 1846 1580 1917 Iosephus
1598 1847 1850 1917 Antiquit.

293 1941 393 1993 lib.
428 1956 466 2004 ι,
497 1955 614 2009 cap.
641 1941 674 1993 4
707 1961 718 1995 :
769 1941 826 1995 Ὀ
860 1941 1047 2011 Νῶχος
1078 1941 1133 1993 δὲ
1155 1945 1266 2003 τοῖς
1297 1941 1387 1993 ὑπ’
1421 1939 1595 1992 αὐτῶν
1621 1957 1853 2010 πραττο-

295 2031 478 2101 μένοις
516 2031 895 2101 δυσχεραίνων,
925 2034 1016 2086 καὶ
1055 2032 1304 2102 ἀλγηρῶς
1333 2031 1489 2102 ἔχων,
1530 2031 1740 2085 ἔπειθεν
1763 2033 1854 2086 ἐπὶ

287 2123 355 2175 τὸ
385 2125 624 2193 κρεῖττον
646 2123 741 2193 τὴν
763 2124 994 2178 διάνοιαν
1019 2123 1112 2176 καὶ
1140 2123 1235 2186 τὰς
1257 2124 1478 2194 πράξεις
1509 2123 1851 2193 μεταφέρειν.

301 2216 475 2287 Ὀρῶν
517 2217 560 2268 δ’
593 2217 691 2268 οὐκ
725 2215 1036 2278 ἐνδιδόντας.
1073 2215 1183 2268 ἀλλ’
1221 2215 1450 2286 ἰσχυρῶς
1483 2216 1586 2268 ὑπὸ
1611 2216 1706 2285 τῆς
1733 2215 1852 2287 ἡδο-

288 2308 390 2376 νῆς
420 2307 524 2360 τῶν
557 2307 740 2361 κακῶν
774 2307 1228 2378 κεκρατημένους,
1275 2308 1367 2359 καὶ
1410 2306 1591 2370 δείσας
1639 2306 1711 2377 μὴ
1757 2325 1851 2376 φο·

287 2400 550 2454 νεύσωσιν
577 2399 735 2451 αὑτὸν
761 2399 893 2469 μετὰ
926 2398 1214 2465 γυναικῶν,
1246 2401 1353 2456 καὶ,
1370 2398 1590 2461 τέκνων,
1619 2399 1712 2452 καὶ⁹
1741 2398 1849 2452 τῶν

286 2491 500 2554 τούτοις
546 2491 821 2554 συνοίκων,
870 2489 1170 2561 ἐξεχώρησε
1217 2489 1316 2559 τῆς
1360 2489 1480 2560 γῆς.
1521 2490 1576 2542 '0
1618 2490 1674 2543 δὲ
1720 2489 1850 2554 Θεὸς

285 2583 478 2636 τοῦτον
533 2581 632 2653 μὲν
677 2582 777 2652 τῆς
815 2580 1159 2651 δικαιοσύνης
1202 2581 1487 2651 ἠγάπησε·
1529 2580 1848 2646 κατεδίκαζε

284 2675 347 2726 δὲ
379 2675 478 2727 οὐκ
507 2676 680 2727 ἐκεῖνο
716 2673 871 2744 μόνον
913 2673 1010 2742 τῆς
1040 2673 1256 2736 κακίας.
1297 2671 1431 2724 ἀλλὰ
1463 2672 1556 2725 καὶ
1588 2672 1695 2724 πᾶν
1726 2672 1848 2724 ὅσον

283 2759 356 2835 ἦν
388 2762 720 2835 ἀνθρώπινον
748 2763 864 2815 τότε
895 2761 1049 2828 δόξαν
1078 2761 1224 2831 αὐτῷ
1250 2761 1552 2832 διαφθεῖραι
1580 2760 1672 2813 καὶ
1695 2760 1848 2830 ποιῆ-

288 2874 382 2910 σαι
433 2855 588 2924 γένος
635 2855 820 2925 ἕτερον
861 2853 1119 2924 πονηρίας
1157 2852 1414 2922 καθαρὸν,
1463 2852 1846 2921 ἐπιτεμόμενος

285 2950 469 3003 αὐτῶν
500 2950 590 3002 τὸν
621 2947 752 3018 βίον,
785 2949 878 3001 καὶ
906 2949 1131 3018 ποιήσας
1161 2946 1294 2999 ἐτῶν
1325 2947 1422 3016 οὐχ
1454 2946 1551 2998 ὅσα
1585 2945 1846 3017 πρότερον

285 3041 446 3106 ἔζων,
482 3041 593 3094 ἀλλ’
627 3039 818 3094 ἑκατὸν
850 3038 1072 3102 εἴκοσιν,
1119 3040 1196 3100 εἰς
1234 3037 1503 3090 θάλασσαν
1549 3037 1644 3108 τὴν
1689 3038 1846 3108 ἤπει-

286 3147 382 3202 ρον
416 3129 700 3200 μετέϐαλε.
729 3130 838 3184 Καὶ
857 3131 906 3182 οἱ
939 3129 1034 3200 μὲν
1063 3126 1233 3191 οὕτως
1255 3126 1599 3196 ἀφανίζονται
1626 3126 1844 3189 πάντες.

217 3213 223 3218 ’
283 3219 476 3288 Νῶχος
498 3219 554 3272 δὲ
581 3219 806 3283 σώζεται
838 3217 1014 3288 μόνον,
1046 3216 1379 3287 ὑποθεμένου
1405 3215 1649 3288 μηχανὴν
1678 3216 1843 3288 αὐτῷ,

284 3311 381 3363 καὶ
425 3310 588 3381 πόρον
625 3311 759 3383 πρὸς
793 3313 1065 3383 σωτηρίαν
1097 3310 1188 3363 τοῦ
1225 3310 1358 3363 Θεοῦ
1397 3311 1670 3382 τοιαύτην.

359 3403 523 3465 lbid.,
574 3404 672 3459 lin.
721 3404 811 3457 41.
854 3405 961 3458 Καὶ
1013 3403 1362 3472 προστάττει
1417 3402 1596 3468 αὐτῷ.
1641 3400 1846 3457 Μοιιίιιι

283 3497 472 3567 itaque
499 3496 766 3567 jussuque
811 3495 906 3552 Dei
959 3513 1085 3550 arca
1135 3503 1413 3552 exstructa
1463 3505 1565 3552 est.
1603 3495 1847 3566 Nugatur

281 3605 416 3659 ergo
450 3588 653 3664 pseudo
688 3589 922 3645 Berosus
957 3589 1264 3653 Annianus,
1289 3591 1378 3660 qui
1405 3591 1500 3655 ait,
1535 3589 1646 3643 Noe
1668 3597 1846 3644 astro-

285 3681 441 3751 logiae
489 3680 914 3735 scientissimum
965 3697 1032 3735 ex
1081 3687 1350 3736 astrorum
1398 3681 1736 3752 inspectione
1791 3689 1846 3735 et

281 3771 663 3826 observatione
710 3771 1025 3841 praevidisse
1062 3769 1344 3834 diluvium,
1384 3787 1484 3826 nec
1528 3771 1695 3826 tutior
1736 3769 1844 3824 An-

283 3863 411 3916 nius
443 3881 456 3915 :
492 3861 634 3915 Alibi
654 3863 963 3930 scripsimus
995 3873 1150 3932 atque
1195 3863 1550 3932 probavimus,
1589 3863 1698 3918 lucc
1739 3862 1842 3917 duo

282 3951 444 4006 simul
485 3951 612 4005 dare
645 3951 1043 4006 inundationem
1075 3963 1330 4006 terrarum
1355 3971 1386 4006 a
1417 3955 1593 4007 causis
1623 3963 1842 4007 natura-

282 4046 421 4099 libus
448 4046 779 4112 processisse,
809 4063 938 4115 quas
967 4046 1188 4100 studiosi
1216 4047 1270 4099 in
1296 4056 1680 4100 monumentum
1706 4047 1841 4100 exci-

280 4137 490 4199 derunt,
522 4145 572 4190 et
594 4154 626 4190 a
650 4137 826 4190 divina
847 4138 1172 4206 providentia
1203 4137 1361 4190 simul
1388 4138 1452 4190 ab
1475 4148 1669 4191 (eterna
1698 4138 1840 4192 ordi-

281 4239 486 4290 natam,
512 4233 571 4279 ut
597 4244 698 4296 quo
731 4229 1059 4296 potissimum
1101 4240 1325 4296 tempore
1353 4227 1583 4282 homines
1613 4227 1841 4283 demere-

280 4326 464 4370 rentur
496 4319 738 4386 perirent.
770 4319 1028 4385 Quamvis
1063 4320 1206 4373 enim
1245 4318 1540 4385 Avicenna,
1567 4321 1842 4374 nonnulli-

1970 478 2361 534 trecentorum,
2395 471 2700 527 altitudinis
2733 478 2950 525 centum
2990 472 3286 542 octoginta,
3332 475 3536 531 vastis-

1969 564 2159 618 simam
2209 579 2341 620 sane
2385 564 2600 628 molem,
2651 563 2695 619 si
2745 564 2811 618 ad
2857 564 3070 620 cubitos
3107 566 3396 632 solemnes,
3433 583 3532 625 seu

1968 670 2283 711 communes
2335 655 2566 711 reducas
2611 676 2625 711 :
2680 656 2785 712 hoc
2825 665 2932 720 est,
2973 658 3137 712 duum
3193 660 3421 714 millium
3465 664 3533 716 ‘et

1968 746 2431 817 septingentorum
2475 746 2673 818 pedum
2732 749 2786 803 in
2835 749 3079 820 longum,
3111 751 3532 821 quadringento-

1966 855 2087 905 rum
2130 847 2184 893 et
2236 840 2631 911 quinquaginta
2674 841 2732 895 in
2769 841 2968 905 latum;
3002 842 3228 898 altitudo
3268 844 3530 900 ducento-

1966 948 2085 986 rum
2133 933 2497 1003 septuaginta.
2549 932 2700 988 llanc
2751 923 3077 989 sententiam
3138 950 3260 989 cum
3317 936 3529 990 Isidoro

1964 1024 2145 1079 Clario
2184 1025 2430 1094 sequitur
2466 1023 2698 1091 Delrius,
2747 1026 2873 1097 quia
2920 1026 3200 1096 proﬁtetur
3241 1026 3523 1098 Origenes,

1964 1132 2084 1187 qum
2132 1119 2435 1174 traditurus
2483 1119 2550 1175 de
2587 1135 2711 1174 arca
2760 1120 3028 1188 majorum
3078 1121 3368 1178 tradilione
3421 1125 3520 1178 ha-

1964 1209 2167 1274 buisse,
2191 1220 2242 1267 et
2269 1212 2394 1282 quia
2412 1227 2519 1266 non
2542 1213 2816 1283 displicuit
2843 1212 3132 1281 Augustin.
3155 1214 3191 1268 l.
3212 1231 3226 1268 ι
3247 1215 3450 1279 Quaest.
3469 1215 3527 1270 in

1963 1297 2088 1353 Gen.
2126 1309 2180 1355 et
2217 1302 2365 1365 alibi,
2397 1302 2489 1371 qui
2521 1303 2883 1371 objectinnem
2936 1304 3082 1358 illam
3109 1305 3177 1359 de
3225 1320 3365 1360 arca}
3404 1322 3523 1360 ma-

1960 1393 2241 1464 gnitudine
2271 1405 2428 1448 vocat
2459 1395 2855 1465 ineptissimam
2883 1398 3234 1464 calumniam,
3270 1407 3326 1453 et
3360 1401 3522 1455 solvit

1962 1486 2318 1541 similitudine
2347 1489 2563 1542 urbium
2588 1489 2877 1556 majorum.
2913 1489 3029 1544 Non
3057 1491 3334 1560 displicuit
3357 1492 3522 1546 etiam

1959 1579 2262 1649 Cajetano;
2307 1587 2360 1634 ct
2400 1579 2580 1635 Delrio
2611 1581 2899 1636 ridiculum
2939 1583 3173 1647 videtur,
3209 1586 3370 1639 malle
3402 1586 3522 1638 ani-

1960 1672 2162 1725 mantia
2197 1672 2252 1726 in
2299 1681 2507 1727 arctum
2562 1672 2672 1728 illic
2717 1681 2997 1744 compacta
3041 1675 3232 1741 fuisse,
3279 1684 3337 1730 ut
3368 1692 3521 1732 com-

1961 1763 2118 1817 mode
2161 1778 2219 1818 se
2258 1778 2475 1818 movere
2514 1773 2569 1818 et
2599 1765 2800 1820 cubare
2841 1765 3153 1834 nequirent,
3187 1782 3348 1836 quam
3398 1757 3521 1824 laxe

1959 1864 2012 1913 et
2047 1856 2336 1911 salubriter
2362 1855 2577 1927 degere.

2027 1948 2185 2009 lbid.,
2227 1949 2320 2003 lin.
2361 1948 2450 2004 48.
2503 1950 2952 2019 Ἐπενεχθέντος
2990 1950 3059 2004 δὲ
3103 1952 3227 2006 τοῦ.
3273 1951 3518 2006 Maxima;

1957 2039 2103 2093 illius
2143 2053 2403 2108 aquarum
2437 2039 2831 2103 inundationis,
2867 2049 2922 2096 et
2953 2041 3268 2112 cataclysmi
3299 2043 3518 2097 univer-

1957 2131 2087 2186 salis
2130 2146 2196 2185 ex
2231 2131 2616 2186 vetustissimis
2659 2131 3025 2200 scriptoribus
3061 2133 3355 2187 meminere
3383 2133 3518 2187 Abi-

1956 2222 2152 2286 denus,
2185 2221 2421 2278 Berosus
2472 2230 2525 2279 et
2553 2222 2666 2288 alii,
2703 2239 2841 2293 quos
2871 2236 3116 2279 recenset
3145 2223 3408 2280 Eusebius
3438 2225 3516 2280 De

1953 2313 2336 2381 prwparatione
2381 2312 2676 2382 evangelica
2719 2313 2812 2367 lib.
2843 2330 2920 2375 lx,
2953 2322 3006 2367 ct
3045 2313 3293 2369 Chronici
3341 2317 3515 2384 prima

1956 2413 2126 2474 parte.
2160 2403 2292 2475 Ejus
2337 2405 2638 2475 elegantem
2686 2404 3107 2476 descriptionem
3163 2407 3331 2462 habes
3371 2407 3512 2478 apud

1955 2496 2258 2552 Hanassem
2294 2498 2348 2552 in
2377 2497 2694 2562 Annalibus,
2726 2505 2779 2552 et
2806 2497 3060 2552 Basilium
3087 2496 3509 2556 Seleuciensem.

1953 2588 2277 2644 Albumasar
2320 2603 2350 2641 a
2399 2587 2586 2641 mundi
2631 2586 2786 2642 initio
2835 2589 2900 2642 ad
2949 2589 3208 2644 diluvium
3263 2596 3515 2644 numerat

1954 2691 2127 2731 annos
2169 2677 2408 2746 integros
2459 2677 2567 2730 duo
2610 2676 2778 2730 millia
2827 2675 3095 2733 ducentos
3140 2679 3329 2748 viginti
3363 2686 3510 2733 octo.

1952 2769 2296 2832 Alliaccnsis,
2348 2771 2442 2824 lib.
2492 2768 2569 2822 De
2604 2768 2882 2824 concordia
2933 2771 3235 2840 astrologia’
3267 2781 3316 2824 et
3345 2771 3510 2825 histo-

1952 2861 2066 2923 rice,
2097 2860 2165 2915 ab
2202 2859 2371 2913 Adam
2413 2860 2478 2914 ad
2509 2860 2773 2915 diluvium
2801 2877 2978 2915 annos
3008 2862 3089 2916 bis
3123 2863 3270 2916 mille
3305 2863 3512 2918 ducen-

1951 2958 2036 3008 tos
2088 2950 2447 3022 quadraginta
2495 2959 2619 3006 octo
2667 2951 2911 3015 ﬂuxisse,
2957 2951 3119 3022 idque
3169 2954 3510 3024 astrologicis

1951 3042 2263 3097 rationibus
2296 3043 2467 3112 ipsius
2511 3043 2698 3097 mundi
2733 3045 2995 3113 genitura:
3038 3043 3506 3116 thematepropo-

1951 3135 2056 3190 sito
2087 3134 2280 3188 nititur
2311 3135 2558 3204 probare.
2593 3133 2728 3188 Eum
2758 3132 2954 3188 refellit
2985 3132 3223 3189 Joannes
3254 3133 3415 3191 Picus
3448 3137 3506 3190 in

1945 3225 2148 3280 Astrol.
2181 3225 2275 3280 lib.
2307 3242 2359 3279 v.
2404 3224 2478 3278 De
2505 3227 2590 3282 his
2636 3226 2756 3281 vide
2785 3227 2940 3297 plura
2984 3227 3123 3297 apud
3168 3227 3506 3299 chronogra-

1945 3317 2101 3388 phos.
2139 3317 2495 3388 Augustinus,
2535 3317 2628 3371 lib.
2681 3334 2814 3372 xvm
2859 3317 2936 3372 De
2973 3320 3184 3374 civitate
3212 3319 3325 3383 Dei,
3368 3336 3418 3375 c.
3446 3320 3500 3386 8,

1943 3408 2147 3463 nullam
2204 3407 2372 3463 fuisse
2404 3423 2504 3463 nec
2563 3410 2703 3479 apud
2741 3407 2981 3472 Graecos,
3042 3425 3144 3464 nec
3171 3411 3310 3480 apud
3351 3409 3504 3465 Lati-

1945 3515 2044 3556 nos
2075 3499 2238 3569 hujus
2268 3499 2454 3554 diluvii
2477 3514 2654 3568 neque
2677 3499 2945 3562 notitiam,
2970 3515 3148 3568 neque
3177 3515 3504 3556 commemo-

1943 3592 2208 3646 rationem
2267 3591 2482 3646 scribit.
2543 3589 2954 3660 Varronemque
3009 3599 3201 3646 testem
3259 3591 3500 3655 adducit,

1943 3683 2033 3754 qui
2067 3682 2288 3752 scripsit
2332 3682 2386 3735 in
2418 3682 2789 3736 monumentis
2822 3682 3125 3736 litterarum
3155 3681 3356 3738 veteris
3390 3697 3502 3736 me-

1942 3771 2149 3835 moriae,
2179 3771 2314 3824 nihil
2363 3771 2560 3841 Ogygis
2589 3771 2815 3836 diluvio,
2866 3770 3008 3840 quod
3062 3771 3247 3826 multis
3285 3773 3502 3828 sarculis

1940 3871 2062 3932 post
2095 3860 2375 3916 Noeticum
2412 3861 2630 3924 accidit,
2656 3862 2881 3932 reperiri
2909 3864 3197 3916 vetustius.
3228 3861 3286 3916 ld
3318 3872 3500 3918 tamen

1941 3954 2122 4023 negari
2157 3954 2273 4008 sine
2296 3955 2627 4007 contumacia
2653 3953 2924 4016 Percrius,
2953 3954 3046 4008 lib.
3071 3969 3145 4006 xu
3194 3953 3246 4006 in
3288 3951 3497 4018 (ἕρπει,

1941 4047 2015 4101 ait
2044 4061 2150 4100 nou
2182 4061 2342 4116 posse
2371 4061 2436 4100 ex
2463 4045 2680 4116 Josepbi
2715 4046 3027 4101 testimonio
3066 4045 3162 4100 lib.
3190 4060 3207 4100 ι
3234 4045 3495 4116 Antiquit.

1939 4155 2059 4210 cap.
2093 4141 2128 4194 4
2159 4158 2170 4194 :
2199 4139 2375 4209 Hujus
2425 4147 2600 4192 autem
2661 4139 2845 4192 diluvii
2889 4147 2937 4193 et
2981 4155 3118 4193 arcte
3159 4139 3496 4192 meminerunt

1938 4232 2113 4286 omnés
2145 4231 2431 4286 barbarica:
2457 4231 2689 4284 historia:
2719 4232 3020 4300 scriptores,
3055 4241 3103 4284 et
3133 4231 3186 4284 in
3220 4231 3299 4284 his
3333 4230 3496 4284 Bero-

1939 4342 2027 4379 sus
2062 4324 2362 4389 Chaldwus,
2390 4340 2615 4377 narrans
2642 4323 2778 4376 enim
2805 4321 2868 4375 de
2893 4323 2989 4374 hoc
3015 4321 3208 4375 diluvio
3238 4323 3313 4374 sic
3333 4322 3496 4390 ferme

279 4425 388 4470 que
427 4411 516 4464 alii
556 4411 858 4465 astronomi
910 4409 1228 4475 delendam,
1279 4411 1513 4465 ellicacia
1553 4426 1838 4466 causarum
1868 4418 1916 4476 ι)
1943 4417 2158 4471 scribit:
2179 4435 2196 4468 ι
2223 4411 2415 4469 Fertur
2435 4425 2629 4477 autem,
2653 4425 2701 4468 et
2725 4414 2918 4483 navigii
2933 4413 3086 4480 hujus
3102 4430 3225 4481 pars
3243 4414 3295 4466 in
3314 4415 3495 4467 Arme~

278 4503 628 4566 naturalium,
662 4517 958 4571 earumque
989 4502 1039 4557 vi
1085 4501 1198 4556 ﬁeri
1240 4516 1399 4572 posse
1441 4511 1646 4556 tantam
1671 4517 1835 4572 aqua-

276 4610 399 4648 rum
430 4595 745 4649 ell‘usionem
772 4612 786 4661 ;
811 4603 863 4647 et
911 4593 1114 4648 Seneca
1155 4595 1247 4647 lib.
1313 4611 1370 4647 ιιι
1423 4594 1615 4648 Natur.
1647 4604 1831 4664 quwst.

275 4687 373 4745 ait,
411 4687 652 4740 futurum
687 4687 980 4756 aliquando
1014 4687 1118 4740 tale
1149 4687 1432 4753 diluvium,
1463 4695 1516 4742 ct
1547 4702 1654 4741 non
1679 4703 1835 4742 secus

275 4795 438 4847 quam
464 4779 714 4842 hiemem,
740 4793 900 4848 quam
927 4787 1188 4838 aastatcm.
1216 4781 1330 4848 lege
1350 4780 1535 4833 numdi
1561 4794 1623 4833 ac
1645 4787 1836 4849 sponte

276 4879 588 4922 venturum.
641 4868 827 4923 Verior
865 4879 1042 4924 tamen
1087 4870 1524 4940 probabiliorque
1567 4869 1833 4925 sententia

273 4960 550 5012 contraria
578 4968 682 5015 est.
717 4959 844 5015 Eam
874 4963 1159 5016 constituit
1195 4962 1512 5017 Aristoteles
1553 4962 1646 5016 lib.
1679 4978 1695 5015 1
1728 4961 1833 5015 Me-

276 5057 434 5110 teon,
465 5063 585 5118 cap.
620 5050 706 5114 l4,
747 5060 797 5105 et
824 5052 937 5105 alii.
984 5052 1232 5123 Consule;
1255 5052 1646 5109 Damascenum
1688 5053 1783 5108 lib.
1814 5068 1831 5106 ι

275 5140 431 5195 Fidei
462 5142 694 5205 orthod.,
731 5158 850 5212 cap.
883 5145 916 5199 5

350 5231 505 5294 lbid.,
536 5232 628 5285 liu.
661 5231 749 5286 Η.
778 5233 1232 5288 Κατασκευάσαι
1257 5235 1518 5289 κιϐωτόν.
1550 5234 1704 5290 Philo
1729 5235 1832 5291 sul)

276 5325 435 5379 ﬁnem
472 5325 565 5379 lib.
617 5341 655 5379 ιι
708 5325 838 5380 Vita:
869 5327 1106 5398 Moysis;
1139 5328 1406 5398 Josephus
1438 5331 1617 5402 Antiq.
1651 5332 1742 5386 lib.
1790 5347 1828 5395 ι,

275 5431 325 5469 c.
357 5410 514 5479 4.,1ιι
555 5415 674 5484 ejus
703 5417 948 5484 partibus
977 5419 1323 5488 assignandis
1366 5423 1831 5478 constituendisve

274 5505 488 5558 variant
512 5503 786 5562 doctores.
818 5505 1066 5579 Origenis
1101 5510 1155 5563 in
1187 5510 1334 5565 hom.
1367 5511 1421 5575 2,
1441 5512 1625 5582 opinio
1648 5513 1830 5582 exagi-

277 5603 422 5651 tatur
465 5597 626 5653 hodie
662 5600 945 5656 sentientis
989 5601 1158 5658 fuisse
1189 5603 1401 5658 cubitos
1447 5607 1826 5673 geometricas,

275 5704 508 5761 quorum
535 5692 733 5762 singuli
759 5708 1077 5751 communes
1111 5711 1202 5752 sex
1235 5698 1548 5763 continent;
1590 5697 1826 5766 longitu-

1937 4511 2024 4562 nia
2055 4507 2192 4577 apud
2219 4517 2440 4561 montem
2476 4504 2834 4559 Cordiworum
2857 4519 3139 4571 superesse,
3165 4513 3212 4557 et
3240 4504 3491 4573 quosdam

1937 4604 2161 4656 bitumen
2208 4602 2326 4655 inde
2369 4603 2616 4654 ubrasum
2674 4615 2848 4652 secum
2901 4608 3188 4664 reportare,
3243 4615 3344 4668 quo
3390 4599 3495 4652 vice

1938 4695 2154 4748 amuleti
2183 4694 2409 4762 lociejus
2435 4693 2665 4745 homines
2695 4690 2976 4745 utisolent.
3004 4711 3021 4742 ι
3041 4689 3280 4744 Meminit
3310 4691 3493 4744 horum

1933 4796 1982 4841 et
2012 4785 2361 4854 Hieronymus
2387 4783 2686 4854 /Egyptius,
2717 4783 2805 4852 qui
2829 4783 3168 4852 antiquitates
3192 4781 3493 4837 Phoenicum

1933 4878 2162 4946 scripsit,
2201 4887 2248 4930 et
2280 4875 2547 4936 Mnaseas,
2577 4884 2624 4928 et
2672 4874 2769 4928 alii
2807 4873 3001 4941 plures.
3051 4873 3190 4937 Quin
3233 4882 3280 4926 et
3322 4870 3494 4925 Nico-

1933 4972 2050 5025 laus
2086 4969 2463 5031 Damascenus,
2493 4967 2587 5020 lib.
2636 4983 2781 5028 XCVI,
2815 4966 2878 5019 de
2906 4965 2986 5019 his
3028 4966 3178 5018 rebus
3223 4973 3407 5017 narrat
3437 4965 3490 5016 in

1929 5065 2038 5117 haec
2073 5062 2225 5117 verba
2257 5078 2275 5115 :
2304 5081 2322 5111 ί
2357 5059 2448 5112 Est
2473 5075 2628 5127 super
2654 5061 2913 5128 regionem
2945 5054 3247 5125 Minyarum
3268 5070 3488 5124 magnus

1933 5171 2080 5209 mons
2115 5155 2168 5207 in
2190 5152 2458 5213 Armenia,
2491 5151 2695 5204 nomine
2724 5149 2901 5214 Baris,
2937 5149 2992 5202 in
3020 5165 3120 5219 quo
3144 5147 3336 5201 multos
3365 5161 3489 5214 pro-

1934 5247 2083 5317 fugos
2127 5245 2311 5297 diluvii
2353 5253 2578 5310 tempore
2615 5248 2844 5295 servatos
2891 5240 3084 5308 ferunt.
3117 5239 3185 5293 Et
3213 5237 3485 5310 quemdam

1934 5355 2060 5392 arca
2087 5347 2282 5391 vectum
2326 5337 2378 5388 in
2408 5334 2561 5403 hujus
2583 5334 2771 5387 vertice
2806 5333 3039 5398 haesisse,
3064 5341 3110 5387 et
3142 5331 3390 5402 reliquias
3421 5330 3486 5384 li-

1929 5442 2147 5497 gnorum
2193 5424 2304 5493 ejus
2348 5423 2499 5493 longo
2541 5433 2765 5491 tempore
2805 5421 3093 5486 duravisse,
3151 5423 3240 5491 qui
3291 5421 3486 5490 fortas-

1928 5519 2000 5571 sis
2043 5517 2086 5568 is
2122 5515 2242 5581 fuit,
2284 5512 2347 5568 de
2385 5529 2485 5584 quo
2521 5513 2681 5566 etiam
2711 5510 2919 5580 Moyses
2962 5511 3141 5564 scribit
3175 5511 3483 5566 Judteorum

1929 5607 2214 5678 legislutor.
2253 5623 2270 5655 ι
2320 5606 2383 5658 Et
2425 5604 2643 5659 Eusebii
2705 5604 2800 5659 lib.
2864 5619 2916 5656 Ix
2960 5603 3036 5658 De
3097 5605 3483 5672 pra’paratione

1928 5697 2254 5767 evangelica,
2305 5698 2399 5769 qui
2454 5696 2635 5752 verbis
2691 5694 2912 5765 Josepbi
2968 5711 3031 5752 ex
3085 5696 3341 5768 Abydeno
3393 5696 3481 5750 bi-
