4072 6338
573 274 680 343 9ῑῖ

1939 281 2180 338 LEONIS
2219 280 2493 335 ALLATll

3704 273 3814 328 988.

572 406 782 462 storico
813 403 994 460 subdit
1044 404 1302 457 nonnulla
1350 411 1404 459 et
1431 404 1612 478 Cyrilli
1647 403 2020 469 Alexandrini,
2047 402 2140 474 qui
2172 409 2218 464 Α
2245 415 2306 456 ca
2328 401 2410 455 vel
2440 399 2652 454 Latina.
2693 397 2788 454 Sin
2841 397 3004 454 etiam
3041 395 3324 459 scientias,
3343 400 3398 451 et
3431 401 3578 449 artes
3615 408 3809 478 omnes

576 493 644 550 ad
674 494 776 548 hoc
815 492 1156 564 probandum
1209 491 1379 549 refert
1439 495 1807 550 testimonium
1851 495 2146 551 Alexandri

577 586 954 658 Polyhistoris.
996 584 1106 640 Nec
1147 584 1303 640 Plato
1338 585 1389 639 id
1418 586 1695 656 ignorasse
1750 587 1962 642 videtur
1984 603 2050 642 ex
2080 587 2146 642 iis

578 692 697 746 qua:
729 678 890 732 habet
918 677 971 730 in
998 676 1218 741 Tima’o,
1247 685 1372 731 ante
1398 677 1750 745 particularia
1773 675 1978 731 diluvia
2005 676 2145 747 apud

576 762 795 825 Graecos
875 770 1206 838 celebratam
1277 767 1447 822 fuisse
1495 767 1797 836 antiquitus
1851 767 2143 821 maximam

579 861 866 930 quamdam
891 872 1155 930 aquarum
1179 859 1588 914 inundationem
1606 868 1869 930 terraeque
1890 860 2148 915 vastatio.

582 967 726 1009 nem.
759 952 838 1006 Ad
869 953 973 1007 hoc
1020 953 1146 1006 item
1181 952 1418 1022 pertinet
1457 950 1603 1021 quod
1631 949 1963 1022 Pomponius
1988 951 2146 1018 Mela,

578 1044 670 1098 lib.
707 1057 746 1109 ι,
775 1059 826 1098 c.
849 1043 949 1110 εις
978 1051 1032 1099 et
1069 1043 1276 1099 Plinius
1311 1043 1346 1098 l.
1383 1059 1434 1107 v,
1466 1058 1519 1098 c.
1553 1043 1639 1110 l3,
1671 1051 1725 1098 et
1758 1043 1998 1108 Solinus,
2023 1059 2146 1116 cap.

577 1135 682 1198 57,
737 1133 960 1205 Joppem
1020 1135 1208 1190 urbem
1263 1133 1462 1189 Judaeae
1513 1135 1838 1190 maritimam
1868 1135 2150 1206 praedicari

579 1223 823 1280 omnium
908 1231 1068 1279 terrae
1139 1224 1354 1280 urbium
1404 1224 1832 1280 vetustissimam
1894 1225 2151 1294 credique

581 1315 756 1371 fuisse
807 1322 935 1370 ante
985 1314 1273 1371 diluvium.
1329 1314 1461 1380 Quae
1523 1321 1783 1385 praeterea
1836 1313 1904 1370 de
1947 1315 2153 1371 diluvio

582 1406 927 1463 Deucalionis
960 1403 1308 1471 Plutarchus,
1336 1407 1433 1462 lib.
1458 1406 1536 1463 De
1559 1406 1776 1461 solertia
1807 1407 1970 1461 anim.
1996 1415 2149 1464 retu-

582 1499 648 1553 lit
695 1498 762 1554 de
813 1497 1083 1560 columba,
1109 1498 1177 1554 ad
1215 1497 1496 1554 Noeticum
1547 1497 1810 1555 diluvium
1851 1499 2147 1570 pertinent.

587 1589 705 1645 Huc
736 1591 861 1644 item
893 1596 1160 1659 spectant,
1201 1605 1322 1659 quae
1343 1589 1410 1645 de
1443 1589 1648 1644 diluvio
1684 1590 1722 1644 l.
1752 1607 1766 1644 ι
1799 1587 2146 1657 Hetamorph.

587 1680 813 1737 Ovidius
868 1680 1076 1736 scribit.
1107 1677 1306 1735 Verum
1359 1680 1633 1746 Pererius,
1667 1683 1759 1752 qui
1802 1690 1924 1752 post
1961 1683 2149 1752 Augu—

584 1773 714 1828 stini
754 1773 822 1827 de
857 1773 1052 1827 notitia
1082 1771 1272 1827 diluvii
1317 1771 1640 1828 sententiam
1673 1750 1976 1842 expositam
2001 1750 2151 1826 aflir-
2182 1750 2223 1804 Β

583 1865 750 1917 mavit
785 1863 836 1916 id
875 1878 983 1917 non
1008 1877 1170 1934 posse
1191 1862 1375 1934 negari
1406 1863 1524 1918 sine
1544 1863 1910 1926 contumacia,
1941 1878 2064 1916 cum
2095 1861 2150 1916 id

583 1959 764 2007 tamen
796 1961 1050 2023 negasset
1075 1953 1431 2025 Augustinus,
1462 1968 1528 2008 ne
1556 1953 1830 2008 videretur
1857 1962 2005 2008 tanto
2032 1953 2150 2008 viro

581 2051 765 2101 notam
825 2045 1184 2098 contumaciae
1237 2045 1319 2098 vel
1367 2044 1707 2114 ignorantiae,
1735 2053 1829 2098 aut
1858 2044 2152 2100 oblivionis

585 2133 826 2190 historia:
873 2135 1112 2200 inurere,
1141 2135 1291 2189 illum
1342 2149 1612 2192 excusans
1649 2136 1743 2203 ait,
1774 2131 2149 2206 Augustinum

584 2241 695 2280 non
748 2226 972 2295 praecise
1014 2225 1220 2284 dixisse
1254 2226 1422 2282 nullis
1449 2226 1728 2282 historicis
1761 2235 1950 2282 notum
1980 2225 2151 2282 fuisse

583 2315 844 2370 diluvium
876 2314 1009 2383 Noe,
1047 2317 1140 2372 sed
1164 2324 1372 2371 tantum
1412 2317 1582 2374 fuisse
1607 2319 1912 2390 ignoratum
1943 2333 1974 2374 a
2005 2318 2155 2376 Grae-

581 2406 667 2463 cis
695 2415 752 2462 et
790 2404 1052 2462 Romanis
1108 2408 1408 2474 historicis,
1434 2409 1570 2463 nihil
1598 2408 1664 2464 de
1707 2409 1957 2466 barbaris
1983 2411 2153 2466 histo-

586 2497 683 2552 riis
725 2498 992 2563 locutum;
1036 2504 1090 2551 et
1125 2497 1177 2552 id
1235 2513 1424 2552 verum
1470 2513 1612 2563 esse,
1661 2514 1784 2554 cum
1842 2500 1964 2558 illos
2009 2516 2149 2572 quos

587 2587 702 2656 ipse
731 2585 980 2642 Pererius
1007 2587 1193 2641 citavit
1220 2588 1483 2645 barbaros
1525 2588 1694 2644 fuisse
1727 2598 1782 2645 et
1814 2605 1996 2646 rerum
2027 2593 2152 2648 bar-

588 2677 897 2732 baricarum
923 2679 1220 2749 scriptores
1271 2688 1474 2735 certum
1523 2681 1612 2736 sit.
1665 2679 1789 2737 Haec
1848 2693 2028 2738 tamen
2058 2698 2154 2738 ex-

586 2770 805 2837 plicatio
836 2771 918 2840 pia
952 2777 1057 2835 est,
1117 2762 1242 2841 quis
1276 2771 1329 2826 id
1358 2772 1759 2842 negabit?dum
1787 2773 2152 2846 Augustinum

590 2859 661 2914 ab
699 2861 1004 2931 ignorantia
1035 2861 1294 2928 defendit,
1317 2871 1370 2918 et
1398 2865 1738 2920 contumacia
1768 2881 1974 2936 suaque
1999 2866 2154 2921 laude

589 2967 698 3008 non
747 2963 917 3008 caret.
965 2953 1100 3008 Mihi
1146 2962 1326 3009 tamen
1361 2955 1430 3010 ab
1472 2956 1618 3010 omni
1659 2956 1992 3013 humanitate
2023 2959 2154 3013 alie-

594 3059 722 3096 num
756 3048 889 3124 esse
933 3045 1147 3100 videtur
1196 3045 1340 3102 serio
1397 3061 1687 3114 accusare,
1743 3064 1903 3120 quem
1942 3048 2151 3122 frigidis

589 3134 849 3205 falsisque
904 3137 1206 3193 rationibus
1262 3137 1460 3210 [postea
1504 3154 1614 3194 non
1654 3141 1793 3196 valet
1837 3141 2142 3200 defendere.

590 3225 658 3280 Ut
680 3227 825 3282 enim
855 3244 1040 3284 verum
1085 3229 1275 3295 fatear,
1303 3231 1424 3302 quis
1456 3248 1691 3308 unquam
1739 3233 1876 3288 dixit
1940 3243 1996 3290 et
2026 3236 2148 3291 Ale-

587 3319 855 3374 xandrum
904 3320 1322 3393 Polyhistorem,
1371 3333 1424 3378 et
1469 3323 1843 3393 Plutarchum,
1873 3337 1927 3382 et
1968 3327 2153 3384 Plato-

590 3425 733 3469 neut.
756 3419 809 3466 et
833 3410 1103 3476 Ovidium,
1123 3421 1174 3468 et
1198 3414 1455 3477 Plinium,
1479 3423 1534 3470 et
1563 3413 1830 3482 Solinum,
1864 3427 1918 3473 et
1957 3418 2146 3474 Melam

593 3501 852 3557 barbaros
877 3502 1064 3568 fuisse,
1094 3519 1297 3577 eosque
1331 3505 1502 3563 fuisse
1528 3523 1706 3563 rerum
1739 3510 2147 3567 barbaricarum

591 3592 927 3661 scriptores?
955 3610 1233 3666 nunquam
1268 3599 1491 3653 memini
1524 3614 1609 3655 me
1630 3601 1857 3672 legisse;
1895 3618 1994 3659 nec
2026 3614 2152 3674 puto

598 3685 650 3738 id
687 3688 849 3741 etiam
882 3687 1081 3745 litteris
1112 3691 1380 3760 proditum
1404 3691 1572 3748 lulsse
1595 3692 1831 3763 Graecos,
1851 3694 2154 3752 Romanos-

592 3791 701 3845 que
759 3776 1022 3833 barbaros
1064 3779 1250 3847 fuisse.
1275 3780 1376 3847 Qui
1422 3783 1468 3838 si
1518 3783 1754 3852 barbari,
1788 3787 1910 3856 quis
1953 3787 2007 3840 in
2042 3794 2154 3841 toto

595 3879 866 3925 terrarum
901 3872 1031 3928 orbe
1055 3874 1122 3928 ab
1159 3874 1263 3928 hac
1305 3889 1362 3929 se
1393 3883 1518 3929 nota
1553 3876 1844 3932 immunem
1869 3877 2157 3935 defendet?

600 3961 670 4017 Ut
701 3978 831 4033 ergo
879 3963 1014 4019 falso
1078 3973 1366 4020 accusatus
1429 3965 1764 4036 Augustinus
1814 3969 2154 4038 defendatur,

594 4055 811 4111 barbari
854 4072 1076 4120 omnes,
1121 4069 1175 4114 et
1213 4057 1462 4122 Romani,
1489 4068 1541 4113 et
1564 4057 1736 4115 Graeci
1763 4061 1987 4118 erimus.
2018 4064 2159 4119 Con-

591 4156 674 4202 tra
730 4147 820 4216 jus
882 4148 1071 4217 fasque
1140 4149 1475 4220 Augustinus
1539 4157 1794 4218 tanquam
1867 4165 2158 4213 contumax

593 4246 914 4305 accusatur,
936 4249 990 4294 et
1018 4245 1206 4294 contra
1231 4239 1322 4309 jus
1341 4239 1528 4311 fasque
1549 4248 1600 4295 et
1631 4240 1890 4310 Romani,
1909 4254 1962 4301 et
1987 4246 2158 4304 Graeci

591 4330 808 4386 barbari
841 4330 1172 4401 judicantur.
1217 4330 1485 4397 Profecto,
1521 4335 1662 4389 dicet
1696 4336 1820 4405 quis
1850 4338 1952 4403 vel,
1979 4355 2078 4397 nos
2106 4343 2159 4396 in

3634 477 3799 485 ———-————

2243 499 2297 547 et
2327 491 2562 558 Graecas,
2592 501 2644 546 et
2682 489 2902 545 Latinas
2949 503 3172 544 necesse
3214 488 3319 543 erit
3357 485 3651 548 afﬁrmare,
3682 499 3808 539 cum

2245 582 2312 638 de
2358 583 2465 638 illis
2517 591 2679 652 agant
2724 580 2910 635 Graece
2944 587 2999 635 et
3030 578 3220 634 Latine
3260 587 3513 633 auctores
3555 574 3730 630 Graeci
3755 581 3812 630 et

2244 673 2458 740 Latini;
2490 689 2664 746 neque
2701 673 2828 728 talis
2862 671 3056 726 modus
3084 668 3408 725 elocutionis
3443 668 3608 722 talem
3639 666 3811 722 efﬁcit

2247 765 2527 820 scientiam
2581 765 2664 818 vel
2703 772 2893 819 artem.
2926 761 3157 829 Quando
3201 769 3256 815 et
3284 757 3532 830 Dionysii
3563 756 3814 812 Halicar-

2246 856 2447 919 nassei,
2484 863 2538 910 et
2567 854 2754 911 Dionis
2797 854 2995 917 Cassii,
3029 860 3084 908 et
3117 851 3344 906 aliorum
3379 850 3670 905 historiam
3699 847 3815 903 Ro-

2246 963 2461 1003 manam
2480 947 2722 1003 Graecam
2741 961 2865 1002 esse
2885 945 3297 1009 contendemus,
3312 951 3602 1014 postquam
3626 941 3815 1012 lingua

2247 1037 2432 1093 Graeca
2453 1037 2731 1093 enuntiata
2761 1042 2865 1093 est.
2893 1034 3003 1091 Res
3026 1050 3178 1105 ergo,
3205 1049 3314 1089 non
3346 1032 3608 1096 elocutio,
3639 1045 3820 1101 neque

2248 1137 2439 1185 auctor
2489 1130 2607 1200 ipse
2653 1128 2781 1183 facit
2812 1128 3102 1183 historiam
3133 1125 3294 1195 hujus
3321 1124 3502 1196 potius
3549 1121 3821 1188 nationis,

2247 1237 2410 1292 quam
2435 1221 2682 1276 alterius.
2709 1219 2874 1274 Multa
2902 1217 2969 1274 de
2997 1216 3128 1282 Deo,
3169 1218 3237 1274 de
3272 1215 3460 1272 mundi
3513 1214 3822 1277 creatione,

2247 1312 2316 1368 de
2351 1312 2684 1383 providentia
2731 1311 2936 1375 divina,
2966 1309 3034 1364 de
3064 1307 3372 1364 Christiana
3419 1306 3712 1378 religione,
3754 1305 3826 1360 de

2249 1404 2516 1459 sexcentis
2537 1403 2657 1458 aliis
2686 1402 2997 1473 philosophi
3025 1400 3320 1464 Platonici,
3344 1409 3399 1455 et
3420 1399 3674 1454 historici
3699 1412 3827 1469 pro-

2250 1494 2359 1548 fani
2407 1495 2464 1548 in
2505 1495 2620 1550 suis
2662 1493 3068 1549 commentariis
3099 1491 3404 1563 prodidere,
3429 1489 3575 1560 quod
3599 1490 3675 1542 ita
3705 1503 3827 1544 ma-

2250 1585 2506 1640 nifestum
2530 1593 2615 1640 est
2646 1584 2726 1640 uti
2751 1584 3078 1654 probatione
3106 1597 3214 1638 non
3231 1587 3385 1651 egeat
3421 1599 3434 1635 :
3468 1579 3590 1634 ideo
3615 1592 3686 1631 ne
3707 1576 3825 1642 illa,

2251 1685 2305 1731 et
2351 1675 2590 1732 Graecam
2647 1675 3072 1747 philosophiam,
3137 1679 3192 1728 et
3238 1671 3482 1727 Graecam
3527 1669 3827 1724 historiam

2255 1766 2483 1835 illosque
2510 1763 2708 1819 Graecae
2731 1764 3103 1835 philosophiae,
3135 1761 3222 1817 vel
3255 1761 3496 1815 historia:
3520 1759 3827 1829 scriptores

2257 1858 2426 1913 fuisse
2475 1855 2889 1919 affirmabimus,
2921 1854 3070 1910 aliud
3111 1853 3334 1910 omnino
3367 1859 3452 1909 est
3486 1852 3671 1907 alieno
3702 1867 3826 1919 ore,

2255 1950 2399 2004 aliud
2449 1948 2668 2019 proprio
2717 1948 2886 2018 loqui.
2912 1947 3125 2018 Optime
3156 1947 3337 2016 itaque
3367 1946 3714 2016 Augustinus
3746 1945 3829 1998 di-

2255 2040 2460 2095 luvium
2494 2053 2593 2094 nec
2623 2038 2830 2102 Graeca,
2865 2053 2966 2092 nec
2991 2037 3181 2091 Latina
3208 2033 3436 2089 historia
3483 2042 3826 2103 compertum

2259 2130 2430 2185 fuisse
2477 2127 2788 2188 afﬁrmavit,
2818 2127 2945 2198 quia
2977 2125 3078 2183 etsi
3119 2126 3186 2182 de
3223 2125 3317 2180 illo
3361 2123 3689 2187 meminere,
3722 2138 3828 2178 non

2254 2236 2323 2278 ex
2353 2219 2660 2275 Graecorum
2718 2217 3147 2286 Latinorumque
3204 2213 3483 2270 historicis
3523 2211 3826 2274 thesauris,

2257 2312 2352 2369 sed
2379 2318 2727 2367 externorum
2760 2309 2913 2365 libris
2939 2307 2992 2362 id
3023 2307 3286 2372 hausere;
3319 2321 3466 2370 cum,
3487 2313 3551 2360 ut
3577 2305 3726 2360 idem
3755 2304 3828 2358 ait

2255 2403 2588 2475 Augustinus
2616 2417 2679 2456 ex
2702 2400 2966 2476 varrone,
2991 2398 3183 2454 Latina
3213 2397 3440 2453 historia
3470 2397 3609 2451 nihil
3635 2395 3829 2450 habuit

2257 2495 2532 2566 antiquius
2558 2493 2758 2566 Ogygis
2807 2493 3030 2547 diluvio.
3060 2489 3352 2545 Possemus
3386 2489 3513 2543 item
3545 2487 3826 2552 dubitare,

2257 2603 2324 2642 an
2353 2587 2542 2641 Latina
2575 2585 2802 2641 historia
2840 2593 2894 2640 et
2914 2583 3155 2638 Romana
3177 2581 3318 2636 idem
3349 2581 3442 2637 sit.
3478 2580 3824 2651 Augustinus

2257 2679 2400 2734 enim
2440 2677 2536 2742 ait,
2570 2675 2721 2743 Quod
2749 2676 2976 2748 gentium
3005 2691 3166 2745 neque
3195 2673 3398 2736 Grceca,
3431 2688 3595 2742 neque
3627 2670 3826 2724 Latina

2258 2767 2397 2821 novit
2426 2765 2670 2821 historia.
2702 2766 2769 2819 At
2796 2765 3043 2820 Pererius
3070 2764 3198 2820 dum
3224 2764 3418 2834 repetit
3447 2763 3599 2817 illius
3631 2761 3823 2828 verba,

2258 2859 2340 2912 vel
2371 2856 2545 2912 saltim
2573 2857 2917 2917 sententiam,
2967 2853 3068 2910 Sed
3095 2863 3296 2908 tantum
3321 2853 3458 2906 dixit
3487 2853 3656 2921 fuisse
3675 2853 3824 2922 igno-

2260 2957 2434 3002 ratum
2471 2947 2525 3000 in
2553 2943 2771 3010 ercis,
2801 2955 2850 3000 et
2893 2945 3142 3000 Romanis
3169 2945 3426 3006 historiis,
3459 2942 3594 2997 nihil
3614 2941 3680 2995 de
3699 2942 3824 2994 baro

2263 3039 2452 3093 baricis
2497 3038 2732 3093 historiis
2783 3039 3008 3092 locutus.
3071 3035 3150 3090 En
3203 3035 3478 3106 quomodo
3524 3050 3590 3089 ex
3629 3033 3822 3088 Latina

2261 3129 2508 3193 historia,
2543 3127 2788 3184 Romana
2845 3127 2986 3182 facta
3011 3134 3114 3183 est.
3150 3125 3256 3182 Sed
3285 3133 3484 3181 caetera
3517 3139 3820 3196 prosequa-

2255 3237 2376 3277 mur
2411 3235 2442 3275 a
2477 3228 2664 3276 nostro
2706 3218 2954 3275 instituto
2985 3217 3206 3272 minime
3242 3217 3440 3272 aliena.

2323 3335 2438 3390 Col.
2457 3335 2579 3400 759,
2598 3334 2693 3388 lin.
2713 3333 2800 3388 48.
2819 3333 3155 3401 Ἐκαλύφθη
3170 3331 3240 3385 τὰ
3250 3328 3823 3401 ὑψηλά.Τῒιθοιι1ιί1ιις

2256 3429 2326 3481 ad
2358 3427 2686 3496 Aulolycum,
2727 3425 2822 3480 lib.
2859 3441 2940 3488 Ill,
2973 3424 3050 3478 ait
3073 3424 3132 3476 τὸ
3149 3423 3288 3493 ὕδωρ
3322 3422 3604 3492 ὑψωθῆναι
3643 3424 3828 3490 ἐπάνω.

2256 3518 2455 3582 παντὸς
2480 3517 2637 3588 ὅρους
2659 3514 2860 3586 ὑψηλοῦ
2894 3514 3282 3568 πεντεκαίδεκα
3316 3516 3530 3585 πήχεις,
3573 3523 3631 3569 et
3671 3514 3824 3570 Albi-

2258 3626 2381 3674 nus,
2420 3609 2619 3674 Quwst.
2659 3609 2714 3662 in
2747 3605 2957 3672 Genes.,
2990 3607 3093 3660 hoc
3140 3605 3255 3661 ﬁeri
3287 3606 3533 3675 potuisse
3561 3605 3824 3671 affirmat,

2257 3705 2503 3774 quamvis
2550 3701 2616 3756 ad
2642 3700 2786 3755 illam
2821 3707 3024 3770 partem
3055 3697 3197 3753 aeris
3219 3698 3544 3768 pervenerit,
3572 3699 3630 3752 in
3660 3715 3826 3768 quam

2258 3811 2358 3852 nec
2380 3803 2570 3850 ventus
2595 3793 2869 3855 invadere,
2889 3791 3181 3847 ncc'nubes
3207 3790 3530 3846 condensari
3555 3805 3824 3864 possunt:

2262 3887 2321 3942 Si
2358 3897 2497 3941 terra
2541 3886 2768 3954 spatium
2813 3884 2958 3938 illius
3010 3881 3282 3952 tranquilli
3318 3881 3524 3936 aetheris
3581 3883 3831 3939 invadere

2260 3985 2445 4045 potest,
2477 3991 2572 4028 cur
2601 3991 2704 4027 non
2735 3982 2784 4027 et
2815 3989 2952 4041 aqua
2983 3970 3298 4027 crescendo?
3333 3969 3466 4026 Sunt
3500 3982 3677 4028 tamen
3710 3977 3830 4044 qui-

2261 4067 2404 4130 dam,
2440 4067 2528 4136 qui
2549 4073 2732 4134 putant
2775 4080 2864 4118 nec
2894 4074 3043 4118 terra:
3084 4063 3495 4132 inaequalitatem
3527 4065 3710 4130 talem,
3739 4083 3832 4121 nec

2263 4159 2516 4212 montium
2570 4155 2904 4209 altitudinem
2955 4165 3160 4209 tantam
3205 4164 3324 4209 ante
3363 4155 3621 4210 diluvium
3664 4159 3832 4228 fuisse

2263 4247 2395 4300 sicut
2439 4261 2574 4298 nunc
2617 4253 2716 4299 est.
2750 4243 2945 4298 Verum
2985 4244 3503 4315 philoSOphicarum,
3535 4262 3599 4302 ac
3641 4266 3831 4305 rerum

2265 4338 2764 4391 mathematicarum
2789 4338 2962 4407 perito
2995 4337 3217 4392 minime
3247 4339 3359 4392 haec
3387 4341 3660 4396 sententia
3691 4345 3833 4399 arri-

591 4424 820 4480 lcctione
843 4432 1125 4479 auctorum
1157 4424 1247 4495 qui
1285 4426 1351 4480 de
1387 4425 1590 4481 diluvio
1625 4431 1787 4484 verba
1825 4430 2024 4500 fecere,
2059 4451 2160 4492 ea»
2200 4456 2243 4514 ο
2269 4429 2434 4484 όρὺίι-
2465 4427 2725 4494 Quam'is
2749 4430 2892 4484 enim
2926 4429 3010 4483 his
3035 4431 3373 4500 ιθωροτίῢυε
3421 4443 3637 4490 montes
3667 4437 3832 4492 altio-

592 4517 868 4582 cutimus;
910 4518 994 4572 vel
1031 4518 1368 4588 Augustinus
1421 4519 1578 4574 aliter
1617 4535 1681 4575 ac
1735 4537 1823 4576 res
1857 4534 1975 4578 erat
2003 4543 2169 4600 expo-

593 4609 722 4671 suit,
755 4611 847 4679 qui
903 4616 1092 4664 contra
1141 4611 1305 4665 sentit
1353 4617 1406 4665 et
1450 4611 1632 4681 lapsus
1669 4621 1772 4677 est,
1824 4615 2062 4676 historia:
2109 4635 2164 4678 et

592 4700 939 4768 antiquitatis
959 4709 1052 4753 aut
1081 4701 1317 4766 inscitia,
1348 4710 1441 4755 aut
1463 4703 1757 4763 oblivione.
1788 4705 2160 4782 Nequaquam.

591 4787 837 4859 Namque
891 4788 1230 4859 Augustinus
1287 4790 1364 4843 ait
1423 4791 1476 4846 id
1533 4808 1642 4847 non
1702 4796 1925 4853 novisse
1987 4816 2165 4871 neque

592 4879 860 4944 Gra~cam,
893 4896 1067 4950 neque
1085 4879 1330 4935 Latinam
1357 4883 1660 4951 historiam,
1679 4889 1823 4956 quod
1848 4905 2036 4946 verum
2058 4903 2162 4958 est,

591 4985 640 5027 et
673 4973 876 5028 rationi
909 4974 1232 5044 veritatique
1261 4975 1502 5030 historiae
1528 4989 1988 5047 consentaneum;
2023 5000 2166 5040 nun-

597 5080 762 5133 quam
798 5065 943 5119 enim
979 5066 1210 5123 historia
1249 5069 1363 5124 sive
1385 5069 1589 5130 Graeca.
1616 5073 1731 5128 sive
1761 5073 1954 5130 Latina
1987 5093 2016 5132 a
2051 5079 2166 5135 suis

603 5159 966 5226 scriptoribus
1009 5161 1380 5216 monumentis
1418 5162 1684 5232 publicis,
1726 5167 1840 5222 sive
1884 5169 2164 5225 hominum

605 5249 898 5306 traditione
957 5249 1009 5304 id
1060 5251 1275 5318 habuit,
1327 5250 1606 5308 Noeticum
1666 5254 1930 5312 diluvium
1976 5257 2161 5314 fuisse.

610 5344 824 5400 Recens
886 5351 971 5398 est
1017 5352 1070 5399 et
1112 5343 1329 5414 juvenis
1379 5345 1607 5400 historia
1633 5345 1940 5403 Graecorum
1979 5358 2034 5405 et
2068 5350 2169 5404 La-

595 5435 872 5502 tinorum;
913 5434 1354 5503 antiquissimum
1385 5433 1669 5491 Noeticum
1692 5437 1980 5504 diluvium,
2009 5439 2083 5493 ita
2108 5445 2167 5493 ut

601 5527 725 5593 ejus
769 5527 1031 5580 memoria
1072 5525 1416 5580 traditionem
1453 5541 1666 5583 omnem
1695 5528 1937 5598 effugiat.
1971 5527 2168 5584 Habuit

604 5615 752 5675 illius
795 5615 1044 5670 notitiam
1082 5615 1432 5672 Hebraeorum
1479 5618 1705 5674 historia
1745 5618 2043 5689 Scriptura:
2079 5636 2169 5676 sa-

605 5720 710 5764 cra
739 5708 1105 5765 monumentis
1137 5724 1403 5780 nusquam
1433 5718 1608 5767 tamen
1642 5721 1724 5767 cst
1753 5712 1980 5767 historia
2018 5713 2170 5771 Grae-

2272 4533 2356 4571 rcs
2388 4516 2770 4579 concedamus,
2800 4532 2908 4572 non
2951 4524 3132 4572 tamen
3171 4529 3489 4588 sequeretur
3537 4531 3671 4578 tunc
3705 4524 3831 4579 alti-

2267 4609 2510 4665 tudinem
2563 4611 2828 4664 montium
2867 4625 2974 4686 non
3030 4609 3201 4666 fuisse
3248 4617 3477 4678 tantam,
3500 4615 3644 4670 sicut
3683 4632 3830 4672 nunc

2242 4702 2528 4756 .cernitur.
2569 4700 2856 4770 Nunquam
2912 4701 3058 4755 enim
3105 4713 3394 4758 creverunt
3438 4716 3678 4770 montes.
3729 4727 3830 4767 nec

2266 4795 2320 4848 in
2373 4796 2631 4864 majorem
2662 4794 2998 4849 altitudinem
3025 4809 3084 4850 se
3115 4807 3425 4865 erexerunt,
3453 4801 3616 4854 etiam
3649 4803 3696 4859 si
3735 4820 3831 4859 su-

2266 4887 2548 4942 blimiorcs
2581 4887 2861 4950 videntur;
2883 4886 3115 4941 vallibus
3141 4887 3285 4940 enim
3315 4888 3372 4942 in
3401 4889 3567 4944 imum
3593 4891 3829 4957 effossis,

2269 4985 2415 5032 terra
2447 4978 2755 5032 labentibus
2794 4975 2950 5046 aquis
2984 4977 3309 5032 decurrente
3339 4987 3432 5032 aut
3457 4981 3618 5036 etiam
3640 4983 3832 5039 ﬂuvia-

2270 5067 2432 5128 libus,
2459 5074 2668 5120 montes
2699 5065 2920 5120 altiores
2945 5073 3262 5136 assurgunt,
3294 5082 3402 5121 non
3433 5070 3580 5138 quod
3623 5071 3828 5143 aliquid

2268 5157 2376 5213 illis
2413 5158 2480 5213 de
2525 5171 2667 5211 novo
2705 5157 2776 5212 sit
2817 5157 3154 5224 adjunctum,
3185 5163 3279 5212 sed
3305 5159 3433 5228 quia
3465 5160 3520 5214 in
3546 5161 3830 5226 lateribus,

2270 5252 2355 5306 vel
2386 5251 2493 5304 ima
2523 5255 2674 5319 parte
2705 5249 2921 5318 aliquod
2950 5255 3035 5304 est
3061 5249 3388 5316 detractum,
3425 5258 3479 5306 et
3512 5266 3645 5308 sane
3671 5269 3830 5309 mon-

2267 5353 2352 5400 tes
2389 5345 2496 5415 ipsi
2534 5342 2776 5414 quotidie
2814 5350 3120 5412 temporum
3168 5341 3429 5399 edacitati
3483 5345 3706 5401 obnoxii
3737 5347 3830 5404 de.

2269 5443 2544 5493 crescunt.
2573 5433 2908 5489 Fabulantur
2927 5433 3121 5496 Judaei,
3146 5435 3225 5505 0g
3258 5449 3436 5505 regem
3460 5434 3634 5492 Basan
3662 5437 3829 5496 fuisse

2269 5544 2335 5584 ex
2383 5527 2692 5599 gigantibus
2733 5526 2872 5593 illis,
2899 5525 2966 5581 de
2990 5527 3192 5596 quibus
3221 5527 3420 5582 dicitur
3459 5527 3587 5584 Gen.
3619 5546 3743 5595 vm,
3775 5533 3827 5585 in

2271 5620 2541 5676 altissimo
2575 5624 2758 5674 monte
2799 5617 3212 5683 consistentem,
3263 5619 3504 5676 evasisse
3543 5621 3824 5685 diluvium,

2272 5711 2513 5781 illudque
2542 5709 2772 5780 probant
2787 5724 2853 5764 ex
2869 5724 2933 5764 co
2947 5709 3091 5779 quod
3115 5708 3344 5764 habetur
3364 5709 3512 5766 Deut.
3539 5726 3596 5766 III
3624 5731 3637 5766 :
3675 5712 3825 5768 Solus
