4072 6338
267 315 377 375 98')

1308 310 1378 366 1N
1417 311 1789 369 EUSTATHII
1828 310 2299 367 HEXAEMERON
2336 311 2543 368 NOTAE

3403 314 3508 374 990

224 452 227 453 '
271 433 355 504 Og
381 433 645 486 restiterat
675 430 739 485 de
765 431 925 500 stirpe
954 428 1242 500 gigantum.
1270 429 1336 482 Et
1371 408 1491 485 falsi
1524 439 1831 502 arguuntur
1868 436 1902 487 Α
1938 432 2121 485 feriret
2158 434 2209 484 iu
2243 432 2420 487 fronte
2477 430 2705 502 accepit.
2766 430 3121 485 Pcrcussioue
3167 429 3268 485 hac
3324 430 3511 487 furore

270 522 679 586 Thalmudistaa,
713 521 804 591 qui
856 521 1066 587 dicunt,
1119 521 1385 575 diluvium
1428 536 1538 575 non
1590 522 1839 592 attigisse

268 621 510 671 montem
564 612 717 676 Sion,
762 614 864 668 hoc
926 615 1042 669 solo
1090 625 1410 685 argumento
1458 612 1605 683 quod
1653 627 1838 667 semen

268 708 551 779 gigantum
598 707 877 761 inventum
921 708 991 763 sit
1017 715 1140 776 post
1174 706 1437 760 diluvium
1470 706 1525 759 in
1556 706 1675 759 loco
1700 720 1840 775 pra:-

268 802 438 857 dicto.
462 800 617 855 Plato
638 800 694 854 in
727 800 944 863 Timavo,
962 810 1014 854 et
1036 799 1305 855 Diodorus
1323 798 1542 853 Siculus
1563 796 1837 861 Biblioth.,

269 896 365 951 lib.
400 912 474 958 vr,
518 896 586 950 ab
629 894 732 949 hac
775 894 1044 950 sententia
1086 892 1338 947 videntur
1377 894 1694 955 abhorrere,
1747 892 1842 946 sed

268 986 434 1041 iidem
467 986 524 1040 in
562 1001 621 1038 re
645 1000 708 1038 ac
742 985 965 1038 materia
993 983 1233 1046 diversa,
1263 983 1517 1053 quamvis
1548 983 1602 1036 iu
1628 981 1841 1036 caeteris

267 1076 398 1133 falsi
446 1078 815 1133 consentiunt.
850 1074 1098 1129 Tradunt
1156 1075 1300 1129 enim
1346 1084 1590 1144 tempore
1632 1072 1841 1139 diluvii,

268 1185 460 1241 magos
496 1168 831 1239 confugisse,
863 1168 1267 1238 nonnullosque
1297 1166 1432 1221 alios
1476 1165 1695 1237 Egypti
1747 1180 1839 1235 po-

270 1262 430 1332 pulos
457 1261 510 1315 in
542 1261 670 1330 juga
702 1261 969 1315 montium
1008 1259 1190 1329 ibique
1214 1267 1564 1312 monumenta
1591 1257 1844 1312 recondi-

270 1353 498 1409 tissima'.
543 1351 1033 1421 vetnstissimaaque
1075 1350 1401 1405 eruditionis
1436 1364 1664 1421 quaeque
1693 1362 1843 1402 com-

270 1454 542 1515 portasse,
582 1458 1004 1513 asservasseque
1037 1445 1092 1497 in
1127 1444 1357 1512 gratiam
1386 1448 1441 1496 et
1471 1456 1631 1495 usum
1658 1438 1845 1493 mundi

271 1536 608 1607 superstitis.
664 1536 791 1592 lude
843 1543 1030 1606 postea
1080 1534 1325 1592 inferunt
1365 1548 1396 1586 a
1463 1531 1634 1603 magis
1681 1530 1848 1602 Egy-

269 1628 514 1698 ptiisque
551 1626 773 1681 Graeciae
805 1627 1021 1697 p0pulis
1055 1624 1482 1682 communicata.
1507 1621 1639 1689 Quae
1666 1623 1846 1676 omnia

267 1718 522 1789 quamvis
568 1725 771 1772 temere
818 1717 1179 1780 affirmentur,
1250 1717 1351 1769 hos
1416 1715 1617 1783 tamen;
1648 1719 1847 1766 aucto-

269 1824 367 1866 res
408 1808 601 1880 lepidis
641 1808 792 1863 hisce
838 1808 1055 1863 fabellis
1118 1804 1251 1860 illud
1313 1805 1562 1859 innuisse
1635 1810 1844 1857 certum

271 1908 366 1955 est
407 1917 420 1952 :
457 1912 487 1951 a
516 1896 843 1967 quibusdam
890 1904 943 1950 et
991 1896 1190 1965 pietate
1250 1903 1305 1948 et
1351 1892 1659 1949 eruditione
1716 1905 1849 1945 con-

270 1990 486 2062 spicuis
529 1972 663 2043 viris
712 1994 831 2042 arte
878 1987 1114 2057 quadam
1156 1985 1449 2039 multarum
1494 1981 1848 2039 scientiarum

268 2080 577 2147 methodos,
617 2082 875 2145 rationes,
909 2080 1169 2149 variaque
1218 2078 1589 2148 experimenta
1638 2075 1845 2133 futuris

270 2171 605 2236 hominibus,
636 2170 704 2224 ab
744 2169 992 2223 eluvione
1025 2168 1119 2221 illa
1163 2182 1429 2238 aquarum
1467 2181 1845 2223 conservasse.

270 2262 412 2319 Illud
439 2264 493 2316 in
527 2263 612 2318 his
642 2262 898 2318 omnibus
936 2275 1122 2315 verum
1154 2268 1258 2321 est,
1288 2274 1477 2315 omnes
1503 2260 1847 2314 summitates

269 2354 561 2417 montium,
594 2360 653 2407 ut
692 2353 887 2407 divinae
931 2352 1155 2407 tradunt
1183 2352 1422 2413 Littera,
1443 2358 1591 2405 certa
1613 2350 1845 2419 quadam

271 2453 539 2510 aquarum
578 2452 831 2492 mensura
883 2445 1168 2507 coopertas
1196 2478 1210 2501 ,
1256 2452 1353 2507 per
1388 2436 1440 2489 id
1476 2435 1709 2505 spatium
1738 2448 1848 2504 quo

270 2531 493 2585 duravit
527 2530 787 2584 diluvium
824 2529 927 2583 sub
955 2528 1110 2598 aquis
1141 2527 1389 2591 latuisse,
1413 2542 1513 2583 nec
1544 2526 1847 2582 audiendus

269 2624 587 2693 Cajetanus,
620 2624 711 2693 qui
734 2630 886 2693 putat
933 2622 1165 2677 vertices
1195 2622 1410 2691 aliquos
1435 2620 1703 2674 montium
1736 2633 1847 2673 non

274 2718 448 2772 fuisse
486 2725 706 2786 opertos
739 2715 896 2784 aquis
938 2712 1148 2774 diluvii.
1185 2729 1285 2768 nec
1320 2714 1423 2767 hoc
1461 2709 1737 2767 adversari
1766 2710 1849 2764 di-

274 2811 418 2863 vinae
449 2807 779 2877 Scriptura;
802 2805 1077 2876 quomodo
1104 2804 1155 2858 id
1178 2804 1414 2875 potuerit
1440 2820 1563 2860 esse
1590 2804 1843 2874 explicat,

271 2908 330 2954 (ιι
390 2907 514 2954 ante
563 2896 880 2967 Cajetanum
932 2896 1178 2950 nonnulli
1234 2894 1289 2949 id
1348 2893 1693 2949 afﬁrmarunt
1745 2908 1845 2949 eos

273 2998 513 3051 montes,
560 3002 791 3058 quorum
845 2987 1078 3040 altitudo
1111 2982 1342 3041 'excedit
1392 2987 1570 3041 locum
1619 3000 1847 3057 genera-

274 3080 444 3135 tionis
495 3079 750 3134 imbrium
788 3079 902 3134 sive
937 3078 1168 3132 mediam
1205 3079 1480 3148 regionem
1536 3079 1703 3144 aeris,
1736 3093 1845 3132 non
1875 3115 1918 3173 C

276 3172 451 3229 fuisse
483 3177 720 3240 opertos,
748 3184 873 3224 cum
925 3169 1185 3223 diluvium
1241 3157 1559 3239 generatum
1589 3184 1620 3223 a
1651 3169 1850 3240 pluviis

276 3278 391 3318 non
434 3261 669 3332 potuerit
698 3261 1002 3314 increscere
1036 3274 1204 3328 supra
1235 3259 1415 3313 locum
1462 3259 1555 3313 ubi
1586 3275 1852 3330 generan-

277 3364 371 3408 tur
396 3352 611 3423 pluvite.
646 3351 794 3404 llanc
818 3350 1129 3420 opinionem
1154 3348 1492 3419 Augustinus
1523 3363 1853 3404 commemo-

278 3452 387 3508 rat,
411 3452 465 3497 et
504 3442 723 3505 refellit,
759 3440 796 3495 l.
829 3456 896 3493 xv
928 3438 1002 3491 De
1031 3439 1240 3491 civitate
1272 3437 1394 3502 Dei,
1417 3454 1537 3509 cap.
1568 3438 1636 3491 27
1664 3456 1678 3493 :
1719 3438 1849 3508 Opi-

279 3544 480 3590 nantur
510 3534 725 3604 quidam
745 3571 761 3595 ,
792 3541 902 3585 tam
937 3548 1182 3601 maguum
1213 3532 1326 3600 ﬁeri
1361 3548 1464 3586 non
1517 3533 1747 3601 potuisse
1773 3532 1856 3585 di-

280 3628 500 3689 luvium,
530 3636 587 3679 ut
623 3626 911 3679 altissimos
947 3634 1145 3678 montes
1169 3624 1461 3695 quindecim
1490 3626 1679 3678 cubitis
1717 3643 1856 3696 aqua

281 3718 557 3777 crescendo
615 3720 1017 3778 transcenderet.
1069 3728 1279 3787 propter
1346 3716 1555 3788 Olympi
1612 3721 1855 3773 verticem

282 3813 502 3876 montis,
533 3827 693 3880 supra
746 3827 895 3881 quem
959 3810 1291 3878 perhibentur
1342 3810 1501 3864 nubes
1552 3828 1655 3866 non
1699 3828 1855 3880 posse

280 3904 658 3968 conscendere;
687 3914 744 3957 ut
766 3921 866 3958 non
894 3903 965 3957 ibi
992 3904 1060 3957 sit
1091 3920 1181 3957 aer
1205 3903 1303 3957 iste
1324 3904 1556 3957 crassior
1589 3906 1677 3957 ubi
1699 3906 1854 3970 venti,

282 3999 813 4070 nebulw,imbresque
841 3999 1150 4069 gignuntur,
1186 4014 1275 4052 nec
1310 3999 1605 4065 attendunt,
1628 4000 1857 4053 omnium

279 4094 659 4147 elementorum
687 4092 1074 4145 crassissimam
1120 4100 1317 4144 terram
1353 4091 1426 4144 ibi
1467 4108 1579 4145 esse
1606 4094 1855 4161 potuisse.

282 4190 366 4242 An
402 4188 537 4257 forte
584 4196 763 4257 negent
789 4202 899 4241 esse
929 4188 1064 4239 hanc
1095 4195 1289 4240 terram
1337 4187 1578 4241 verticem
1628 4188 1858 4244 montis?

283 4280 394 4337 Cur
448 4281 611 4352 igitur
663 4296 824 4344 usque
867 4278 933 4331 ad
963 4278 1059 4331 illa
1091 4279 1205 4332 cwli
1238 4281 1407 4346 spatia
1432 4281 1590 4334 terris
1629 4280 1859 4335 exaltari

283 4375 517 4437 licuisse,
568 4382 616 4428 et
668 4374 817 4437 aquis
848 4372 1079 4447 exaltari
1111 4388 1213 4425 non
1255 4372 1467 4426 licuisse
1505 4373 1853 4438 contendunt,

1940 529 2104 591 atque
2141 524 2220 599 ira
2249 524 2331 577 leo
2353 522 2579 588 exarsit,
2609 530 2662 575 et
2693 521 2915 591 spiravit
2950 520 3311 586 vehementer,
3350 529 3409 575 ut
3442 536 3513 577 ex

1938 615 2056 683 ejus
2095 631 2229 670 naso
2262 624 2417 670 catus
2451 616 2712 685 prodierit
2739 616 2968 669 soricem
2997 614 3295 669 devorans!
3324 614 3367 667 Ο
3401 613 3513 668 Ma-

1940 706 2287 761 humetanam
2321 707 2676 777 elegantiam!
2706 721 2739 759 o
2765 708 3038 759 arcamlo
3091 720 3289 759 numen
3327 703 3513 757 Mahu-

1942 800 2101 852 metis
2156 800 2521 853 stercoreum!
2552 814 2584 851 ο
2616 799 3024 868 percussionem
3057 797 3231 853 leonis
3271 805 3380 850 tam
3404 796 3513 849 uti-

1942 889 2081 943 lem!
2117 904 2149 942 o
2178 897 2359 943 catum
2392 890 2459 944 de
2504 890 2741 943 lnnnano
2764 905 2960 958 genere
2994 889 3131 943 bene
3165 889 3450 943 meritum!
3481 903 3513 942 ο

1942 994 2173 1049 nequam
2232 981 2487 1045 soricem,
2536 980 2854 1061 nequiorem
2894 978 3517 1048 elephantum,uequis-

1944 1074 2139 1128 simum
2174 1075 2264 1144 qui
2305 1075 2419 1129 haec
2474 1075 2649 1141 audit,
2677 1082 2731 1130 et
2782 1074 2979 1140 credit,
3033 1090 3135 1130 nec
3191 1083 3517 1144 aspernatur

1944 1166 2055 1230 liri,
2096 1167 2185 1220 liri

2013 1308 2129 1363 Col.
2182 1306 2304 1371 753,
2358 1306 2453 1362 lin.
2505 1307 2553 1361 Ῑ.
2602 1309 2707 1373 Εἷς
2734 1306 2926 1376 ἄκραν
2956 1307 3087 1361 τινὰ
3123 1308 3318 1377 ὄρους.
3362 1308 3517 1364 Mons

1946 1416 2110 1470 super
2136 1415 2297 1470 quem
2334 1400 2537 1455 resedit
2567 1414 2716 1465 arca,
2758 1403 2908 1456 varie
2938 1401 3009 1455 ab
3038 1402 3357 1457 auctoribus
3400 1411 3515 1457 trao

1944 1494 2091 1549 ditur
2120 1490 2390 1546 :Berosus
2439 1491 2725 1546 Chaldaeus
2756 1493 2899 1562 apud
2941 1491 3261 1562 Joseplntm.
3336 1493 3512 1563 Antiq.

1947 1584 2042 1638 lib.
2091 1600 2130 1647 ι,
2206 1583 2441 1653 appellat
2494 1591 2731 1637 montem
2797 1583 3213 1653 Gordyaeorum;
3262 1580 3517 1638 Nicolaus

1946 1675 2318 1731 Damascenus
2373 1676 2618 1729 nominat
2668 1675 2868 1729 Barim.
2892 1675 3067 1730 Verba
3096 1674 3314 1745 Iosephi
3356 1690 3518 1746 supe«

1878 1776 1918 1831 Β
1946 1767 2060 1823 rius
2085 1768 2496 1838 exscripsimus,
2529 1776 2582 1823 et
2613 1783 2677 1821 ex
2708 1782 2772 1821 co
2811 1766 3051 1821 Zonaras
3080 1767 3273 1821 Annal.
3306 1774 3437 1821 tom.
3472 1766 3515 1822 1.

1948 1860 2057 1915 Cur
2105 1868 2286 1914 autem
2324 1859 2646 1914 Ambrosius
2698 1874 2821 1913 eum
2878 1858 3226 1929 appellaverit
3282 1869 3513 1913 montem

1948 1951 2229 2019 Quadrati,
2262 1949 2514 2006 Pererius
2551 1951 2695 2005 nulla
2725 1951 3039 2020 conjectura
3097 1951 3181 2007 vel
3206 1952 3517 2021 suspicione

1947 2060 2006 2099 se
2044 2060 2202 2115 posse
2233 2044 2496 2115 attingere
2530 2044 2724 2099 scribit
2753 2043 2849 2097 lib.
2883 2059 2979 2097 χιιι
3027 2044 3081 2096 in
3108 2043 3290 2098 Cenes.
3314 2044 3517 2098 Textus

1947 2146 2127 2193 tamen
2172 2136 2472 2207 Scriptura:
2530 2135 2771 2200 Graacus,
2825 2144 2879 2191 et
2934 2135 3191 2191 Hebraeus
3248 2137 3519 2206 expressit

1945 2229 2161 2294 Ararat,
2195 2232 2339 2300 quod
2375 2228 2435 2283 D.
2470 2228 2832 2299 Hieronymus
2872 2228 2948 2281 ait
3002 2227 3313 2283 Armeniam
3347 2243 3467 2283 esse
3499 2245 3512 2281 :

1950 2329 2080 2376 sunt
2115 2328 2332 2374 montes
2357 2320 2648 2385 Armeniae,
2668 2327 2721 2374 et
2741 2334 2867 2389 pars
2887 2317 3073 2381 Tauri,
3096 2319 3187 2388 qui
3210 2318 3358 2372 varia
3382 2318 3516 2372 locis

1947 2410 2178 2465 diversis
2205 2410 2428 2464 nomina
2456 2409 2689 2478 accepit.
2718 2407 3053 2477 Epiphanius
3084 2408 3137 2460 in
3162 2406 3396 2461 Panario
3418 2407 3516 2462 has

1948 2517 2138 2557 omnes
2170 2503 2452 2558 nominum
2487 2501 2835 2557 diversitates
2869 2501 3367 2565 conciliat,dicens,
3396 2509 3517 2574 post

1947 2596 2204 2650 diluvium
2233 2595 2763 2666 requievissejarcam
2798 2592 2909 2648 Noe
2942 2593 2995 2647 in
3017 2593 3293 2649 montibus
3320 2594 3515 2649 Ararat

1948 2687 2091 2758 (esse
2139 2686 2538 2758 Septuaginta),
2591 2686 2785 2742 mediis
2834 2689 2977 2741 inter
3023 2686 3407 2741 Armeniorum
3464 2695 3520 2740 et

1946 2780 2327 2851 Cardyaaorum
2378 2778 2511 2833 lines
2557 2778 2701 2849 (esse
2742 2776 3025 2848 Vulgatam
3073 2780 3415 2846 versionem,
3466 2785 3521 2834 et

1946 2872 2181 2927 Chaldaei
2202 2870 2603 2941 paraphrasin),
2620 2871 2672 2924 in
2693 2878 2873 2926 monte
2889 2869 3067 2924 Lubar
3085 2871 3370 2941 appellato,
3392 2885 3522 2925 ecce

1946 2965 2091 3037 quod
2130 2965 2500 3019 Damascenus
2533 2963 2791 3033 prodidit,
2826 2963 2883 3016 ἐν
2908 2965 3016 3027 τοῖς
3046 2963 3197 3034 ὄρεσι
3230 2966 3341 3027 τοῖς
3367 2964 3521 3033 Ἀρα-

1952 3056 2049 3129 ρὰτ
2101 3055 2371 3127 ἁναμέσον
2412 3054 2714 3125 Ἀρμενίων
2772 3055 2868 3107 καὶ
2910 3055 3263 3125 Καρδυαίων,
3327 3055 3382 3107 ὲν
3440 3052 3521 3122 τῷ

1951 3148 2167 3221 Λουὸὰρ
2196 3148 2310 3220 ὄρει
2338 3146 2671 3218 καλουμένῳ.
2701 3146 2997 3216 Procopius
3032 3166 3045 3200 :
3079 3146 3277 3200 Ararat
3316 3144 3518 3199 medius

1951 3241 2087 3295 inter
2120 3238 2443 3301 Armeniam,
2466 3247 2516 3290 et
2547 3234 2824 3288 Part/tiam
2852 3235 3085 3288 excurrit
3126 3250 3302 3289 versus
3332 3234 3522 3287 Adra-

1953 3331 2199 3385 benorum
2230 3330 2508 3400 regionem.
2543 3326 2807 3398 Sibyllina
2831 3326 3050 3380 oracula
3085 3327 3179 3380 lib.
3218 3342 3269 3388 ι.
3297 3339 3395 3396 pro
3419 3324 3522 3377 Ar-

1953 3423 2131 3479 menia
2160 3422 2450 3493 Phrygiam
2498 3418 2799 3475 obtrudunt
2832 3435 2846 3485 ;
2878 3418 3072 3473 falsum
3127 3418 3288 3487 plane
3314 3457 3328 3481 ,
3362 3424 3421 3471 ut
3467 3423 3524 3471 et

1954 3515 2083 3569 illud
2123 3514 2265 3584 quod
2313 3515 2494 3567 subdit
2540 3512 2733 3567 eadem
2774 3511 3012 3583 Sibylla,
3067 3526 3127 3567 se
3173 3526 3295 3566 cum
3327 3510 3523 3565 marito

1956 3620 2055 3662 suo
2090 3607 2145 3660 in
2174 3619 2301 3659 arca
2335 3604 2601 3658 inclusam
2632 3602 2818 3657 fuisse.

2022 3734 2194 3801 lbid.,
2240 3738 2337 3792 lin.
2376 3736 2425 3790 5.
2467 3736 2573 3790 Καὶ
2612 3734 2685 3789 τὰ
2727 3735 3008 3804 λείψανα.
3062 3733 3394 3804 Theophilus
3456 3733 3524 3788 ad

1956 3830 2289 3898 Autolycum,
2330 3828 2425 3883 lib.
2461 3843 2519 3881 ιιι
2555 3847 2567 3881 :
2601 3822 2707 3891 Ἧς
2740 3826 2970 3881 κιϐωτοῦ
3003 3825 3071 3880 τὰ
3104 3826 3330 3895 λείψανα
3362 3824 3526 3897 μέχρι

1955 3923 2053 3993 τῆς
2081 3923 2236 3993 δεῦρο
2259 3920 2528 3973 δείκνυται
2555 3914 2691 3972 εἶναι
2716 3921 2772 3972 ὲν
2799 3918 3197 3989 τοῖςἈραϐίοις
3219 3918 3387 3988 ὄρεσι.
3418 3916 3527 3971 Ζο-

1957 4029 2139 4075 naras,
2162 4013 2279 4066 loco
2308 4011 2364 4067 (Ι.
2388 4030 2402 4065 :
2437 4010 2830 4080 Ἀποϐατήριον
2855 4008 2909 4061 δὲ
2940 4007 3029 4061 τὸν
3058 4007 3219 4060 τόπον
3249 4006 3527 4060 καλεῖσθαι

1956 4108 2066 4167 τοῖς
2098 4104 2400 4175 Ἀρμενίοις
2443 4105 2606 4173 φησὶν
2638 4100 2897 4171 Ἰώσηπος
2934 4099 3025 4151 καὶ
3062 4098 3288 4167 λείψανα
3313 4096 3527 4151 δείκνυ-

1959 4196 2082 4251 σθαι
2121 4200 2219 4267 τῆς
2265 4196 2532 4267 λάρνακος
2585 4196 2718 4248 ἐκεῖ.
2766 4192 2831 4247 Et
2877 4190 3147 4262 Josephus
3190 4206 3256 4246 ex
3306 4188 3528 4244 Nicolao

1958 4288 2296 4344 Damasceno
2328 4306 2342 4342 :
2376 4290 2487 4342 Καὶ
2530 4288 2793 4350 Νικόλαος
2821 4286 2877 4339 δὲ
2926 4288 2955 4338 ό
2994 4283 3346 4356 Δαμασκηνὸς
3374 4284 3432 4336 ὲν
3458 4285 3527 4353 τῇ

1960 4381 2283 4448 ἐνενηκοστῇ
2315 4379 2408 4430 καὶ
2442 4377 2576 4449 ἕκτῃ
2617 4376 2782 4446 βίϐλῳ
2826 4377 3027 4446 ἱστορεῖ
3073 4375 3200 4446 περὶ
3235 4372 3410 4427 αὐτῶν
3443 4371 3535 4426 λέ-

283 4486 405 4523 cum
449 4468 538 4522 isti
598 4482 863 4521 mensores
918 4472 968 4518 et
1015 4479 1259 4533 pensores
1296 4465 1662 4519 elementorum
1701 4482 1851 4536 aqua:

1967 4487 2077 4539 γων
2123 4468 2326 4532 οὕτως’
2373 4470 2557 4521 Ἔστιν
2604 4467 2745 4537 ὑπὲρ
2782 4469 2879 4538 τὴν
2922 4466 3166 4520 Μινυάδα
3222 4466 3360 4535 μέγα
3404 4464 3529 4536 ὅρος

284 4562 440 4615 terris
485 4560 787 4628 perltibeant
835 4561 1148 4625 superiores,
1195 4566 1348 4627 atque
1410 4559 1665 4615 leviores?
1718 4559 1859 4625 Quid

284 4655 459 4721 itaque
512 4652 733 4705 rationis
787 4651 1034 4720 afferunt,
1067 4665 1229 4720 quare
1269 4660 1409 4703 terra
1434 4651 1668 4719 gravior,
1706 4660 1753 4705 et
1781 4651 1865 4703 in-

283 4748 447 4816 ferior
468 4746 637 4798 locum
683 4744 798 4799 cmli
868 4742 1248 4813 tranquillioris
1308 4743 1557 4797 invaserit
1586 4758 1678 4811 per
1718 4744 1864 4796 volu-

284 4841 431 4893 mina
477 4848 549 4892 tot
586 4854 865 4901 annorum,
908 4846 957 4890 et
1005 4852 1145 4905 aqua
1196 4835 1356 4889 levior
1386 4852 1446 4889 ac
1473 4837 1710 4903 superior
1758 4853 1862 4889 non

281 4932 543 5000 permissa
578 4932 645 4983 sit
685 4929 781 4981 hoc
816 4929 988 4999 facere
1018 4928 1206 4982 saltem
1249 4929 1317 4982 ad
1349 4942 1549 4997 tempus
1577 4930 1863 5000 exiguum?

285 5019 529 5073 Tandem
576 5019 812 5074 ridendas
868 5027 996 5075 sunt
1038 5034 1194 5089 nugre
1238 5018 1662 5081 Mahumetante,
1741 5036 1861 5090 qute

288 5128 397 5167 non
433 5113 645 5174 dicunt,
670 5111 765 5166 sed
797 5111 1112 5173 insaniunt,
1146 5126 1326 5165 arcam
1351 5114 1706 5166 excrementis
1738 5128 1862 5181 gra-

283 5211 467 5257 vatam
502 5204 742 5272 periculo
770 5202 1071 5272 proximam
1110 5201 1311 5266 fuisse;
1348 5212 1675 5274 quapropter
1724 5203 1856 5271 Noe,

283 5310 413 5349 cum
457 5294 524 5347 ad
568 5293 735 5347 Deum
783 5291 1139 5362 confugisset,
1184 5308 1510 5363 responsum
1543 5296 1770 5365 accepit,
1800 5303 1859 5349 ut

286 5394 509 5439 curaret
538 5384 888 5454 elephantum
913 5383 969 5437 in
991 5383 1194 5438 cloacis
1218 5384 1497 5437 hominum
1521 5401 1739 5455 egerere
1760 5401 1857 5439 sua

287 5489 555 5534 stercora.
610 5476 690 5530 Ex
756 5477 958 5547 quibus
1024 5490 1120 5529 sus
1176 5476 1499 5546 pergrandis
1570 5486 1856 5546 generatus

289 5569 571 5625 immunda
614 5568 704 5623 illa
750 5566 1047 5628 devoravit,
1083 5583 1146 5621 ex
1176 5567 1291 5622 suis
1317 5567 1489 5623 fetore
1536 5577 1856 5638 procreatus

296 5676 459 5717 sorex
491 5675 673 5715 arcam
704 5663 925 5723 arrosit.
961 5678 1025 5718 ac
1055 5660 1369 5732 perforavit,
1398 5661 1473 5715 ita
1504 5669 1564 5715 ut
1592 5676 1730 5733 aqua
1760 5663 1858 5717 in—

296 5753 627 5825 grederetur.
675 5750 788 5809 Noe
837 5753 1029 5826 majori
1068 5754 1305 5826 periculo
1336 5767 1366 5813 tt
1403 5751 1512 5810 Deo
1546 5762 1601 5809 ut.
1642 5756 1851 5813 leonem

1966 4562 2105 4615 κατὰ
2137 4562 2233 4632 τὴν
2267 4560 2555 4632 Ἀρμενίαν
2588 4560 2755 4631 Βάρις
2787 4560 3093 4629 λεγόμενον,
3128 4559 3208 4619 εἰς
3244 4557 3272 4609 ὂ
3305 4556 3533 4622 πολλοὺς

1968 4652 2347 4722 συμφυγόντας
2381 4654 2472 4704 ἐπὶ
2511 4651 2603 4704 τοῦ
2640 4651 3020 4721 κατακλυσμοῦ
3050 4651 3204 4718 λόγος
3236 4648 3346 4718 ἔχει
3376 4666 3531 4719 περι-

1966 4743 2221 4813 σωθῆναι,
2252 4743 2344 4797 καί
2373 4760 2493 4795 τινα
2540 4743 2633 4795 ἐπὶ
2673 4742 2937 4814 λάρνακος
2971 4740 3262 4813 ὀχούμενον
3304 4739 3395 4791 ἐπὶ
3431 4739 3533 4809 τὴν

1964 4840 2272 4910 ἀκρώρειαν
2322 4840 2563 4901 ὀκεῖλαι,
2596 4840 2689 4892 καὶ
2732 4839 2801 4893 τὰ
2842 4839 3067 4908 λείψανα
3091 4838 3196 4891 τῶν
3240 4835 3409 4902 ξύλων
3437 4836 3530 4890 ἐπὶ

1962 4932 2094 4986 πολὺ
2130 4932 2386 5003 σωθῆναι.
2424 4932 2637 4985 Γένοιτο
2664 4933 2709 4986 δ’
2742 4932 2806 4985 ἂν
2835 4929 2985 4995 οὗτος
3020 4933 3201 4984 ὅντινα
3244 4930 3338 4983 καὶ
3364 4930 3530 4994 Matii-

1964 5024 2060 5094 σῆς
2090 5023 2393 5094 ἀνέγραψεν
2422 5026 2450 5077 ὁ
2481 5024 2589 5077 τῶν
2617 5024 2884 5077 Ἰουδαίων
2914 5022 3228 5094 νομοθέτης.
3271 5018 3534 5074 Nicolaus

1964 5116 2250 5179 Salconus,
2277 5117 2373 5171 lib.
2395 5116 2601 5171 Histor.
2627 5126 2763 5185 part.
2795 5116 3024 5171 Orientis
3054 5130 3117 5169 ex
3146 5128 3240 5168 ore
3256 5110 3530 5183 Haytboni

1960 5209 2171 5265 ordinis
2222 5208 2759 5266 Prtemonstratensis
2798 5208 2904 5263 :ln
2945 5207 3193 5261 Armenia
3248 5215 3327 5259 est
3368 5204 3531 5257 altior

1960 5318 2143 5366 mons,
2174 5304 2263 5372 qui
2311 5303 2379 5355 sit
2425 5303 2480 5356 in
2529 5312 2635 5356 toto
2684 5300 2807 5355 orbe
2855 5311 3136 5361 terrarum,
3168 5296 3257 5367 qui
3291 5292 3527 5349 Ararath

1958 5394 2107 5463 vulgo
2141 5404 2505 5462 nuncupatur,
2532 5404 2579 5447 et
2626 5394 2679 5446 in
2705 5392 2973 5445 cacumine
3004 5389 3151 5443 illius
3180 5387 3371 5441 montis
3399 5401 3526 5438 arca

1962 5483 2076 5538 Noe
2123 5494 2239 5552 post
2276 5484 2531 5539 diluvium
2556 5486 2724 5553 primo
2740 5484 2891 5545 sedit.
2912 5493 2961 5537 et
2991 5483 3107 5537 licet
3123 5490 3334 5550 propter
3356 5478 3525 5533 abun-

1956 5575 2197 5627 dantiam
2228 5576 2446 5639 nivium,
2478 5593 2593 5647 qua:
2625 5591 2823 5644 semper
2850 5577 2903 5628 in
2940 5574 3032 5627 illo
3061 5582 3232 5627 monte
3254 5570 3523 5640 reperiun-

1957 5672 2073 5723 tur,
2108 5672 2215 5715 tam
2246 5663 2410 5719 [neme
2451 5682 2608 5736 quam
2659 5675 2873 5730 testate,
2908 5680 3056 5719 nemo
3080 5663 3213 5717 valet
3245 5662 3521 5716 ascendere

1955 5765 2178 5811 montem
2215 5757 2399 5829 illum,
2442 5776 2638 5830 semper
2689 5768 2857 5814 tamen
2900 5768 3114 5829 apparet
3157 5759 3207 5812 in
3262 5756 3375 5827 ejus
3425 5770 3515 5809 ca-
