4072 6338
544 278 647 334 991

1919 276 2162 337 LEONIS
2211 277 2486 336 ALLATH

3690 277 3794 334 992

546 395 759 451 cumino
782 394 1046 468 quoddam
1078 397 1314 466 nigrum,
1342 399 1480 467 quod
1508 398 1573 453 ab
1598 398 1892 454 hominibus
1924 398 2118 453 dicitur
2145 399 2193 455 A
2219 392 2478 452 titlc'atum
2523 352 2722 463 Saleio,
2763 409 2882 466 quae
2919 393 3311 450 Melchisedech
3362 393 3791 451 administravit.
3864 400 3871 405 ’

561 502 676 541 6888
695 500 843 540 arca.

609 578 728 633 Col.
750 577 875 640 755,
893 576 993 631 lin.
1021 578 1074 632 6.
1096 576 1206 631 Kal
1231 575 1305 645 τῇ
1319 576 1626 646 ἀσφάλτῳ.
1646 576 1893 639 Albinus.
1917 575 2122 643 Quwst.

547 672 605 725 in
637 669 823 726 Geues.
852 670 918 725 de
934 678 1129 724 natura
1148 657 1427 725 bituminis
1447 688 1459 722 :
1481 669 1722 724 Bitumen
1736 679 1814 724 est
1841 669 2125 737 ferventis-

550 764 746 817 simum
770 770 819 816 et
851 762 1282 816 uiolentissimum
1305 761 1504 832 gluten,
1525 761 1676 831 cujus
1695 771 1773 816 est
1797 761 1907 815 lucc
1935 763 2121 824 virtus,

551 863 612 908 ut
640 852 786 924 ligna
811 869 871 908 eo
903 852 1092 918 oblita,
1127 870 1218 907 nec
1250 854 1509 907 vermibus
1541 852 1724 917 exedi,
1753 869 1843 908 nec
1868 854 1995 907 solis
2019 869 2125 906 ar—

540 944 707 1009 dore,
758 961 851 999 nec
890 944 1108 1015 ﬂatibus
1160 954 1464 1011 ventorum,
1502 961 1593 999 nec
1624 962 1881 1016 aquarum
1923 946 2125 1015 possint

547 1039 894 1095 inundatione
923 1041 1164 1095 dissolvi.
1197 1039 1467 1110 Josephus
1501 1039 1682 1110 Antiq.
1716 1040 1812 1096 lib.
1848 1054 1888 1102 ι,
1923 1053 2042 1108 cap.
2067 1037 2121 1101 4,

546 1130 615 1185 de
642 1144 785 1186 arca:
812 1130 1078 1185 bitumine
1109 1146 1175 1185 ex
1209 1128 1412 1185 Beroso
1440 1128 1690 1184 Chaldaeo
1710 1144 1724 1181 :
1748 1127 1854 1182 Τοῦ
1874 1128 1931 1181 δὲ
1964 1144 2127 1181 κατα-

547 1220 789 1292 κλυσμοῦ
824 1220 1011 1274 τούτου
1036 1221 1128 1274 καὶ
1169 1220 1270 1291 τῆς
1297 1221 1564 1292 λάρνακος
1593 1222 1892 1293 μέμνηνται
1918 1221 2120 1284 πάντες

536 1314 593 1365 οἱ
628 1312 728 1376 τὰς
756 1311 1096 1385 βαρϐαρικὰς
1135 1313 1373 1383 ἱστορίας
1414 1312 1853 1385 ἀναγράφοντες,
1892 1306 1965 1366 ὧν
2004 1314 2121 1365 ἐστι

544 1405 642 1459 κοιλ¹
670 1405 963 1477 Βηρωσσὸς
996 1408 1024 1460 ό
1053 1406 1337 1469 Χαλδαῖος.
1371 1405 1736 1477 Διηγούμενος
1766 1405 1873 1478 γὰρ
1901 1407 1967 1460 τὰ
1996 1406 2124 1478 περὶ

544 1498 635 1552 τὸν
663 1497 1043 1570 κατακλυσμὸν
1072 1498 1214 1552 οὕτω
1248 1515 1364 1561 πως
1410 1498 1647 1563 διέξεισι⁸
1680 1499 1911 1568 Λέγεται
1939 1499 1996 1552 δὲ
2029 1500 2123 1553 καὶ

542 1587 640 1641 τοῦ
675 1588 856 1642 πλοίου
890 1592 947 1643 ἐν
975 1594 1038 1663 τῇ
1066 1591 1331 1664 Ἀρμενίᾳ
1364 1591 1498 1663 πρὸς
1523 1592 1598 1663 τῷ
1625 1591 1741 1663 ὄρει
1768 1592 1875 1645 τῶν
1907 1593 2121 1664 Καρδυ-

543 1681 679 1736 αίων
723 1682 801 1736 ἔτι
846 1683 1011 1756 μέρος
1083 1701 1134 1736 τι
1172 1679 1350 1747 εἶναι,
1398 1685 1492 1737 καὶ
1545 1686 1791 1755 κομίζειν
1837 1684 1986 1748 τινὰς
2023 1685 2120 1756 τῆς

2292 486 2450 553 Ibid,
2481 488 2576 541 lin.
2606 488 2694 541 32.
2729 484 2965 554 Νεὸρὼθ
2994 486 3231 540 ἔπειθεν
3256 487 3311 540 ὁ.
3346 483 3619 555 Iosephus
3644 525 3660 549 ,
3695 486 3794 555 lib.

2222 595 2239 632 ι
2278 579 2559 649 Antiquit.,
2587 593 2708 648 cap.
2740 577 2774 633 5
2805 598 2820 633 :
2852 576 3047 650 Ἐξῆρε
3071 577 3129 631 δὲ
3157 577 3354 640 αὐτοὺς
3379 575 3518 648 πρός
3538 593 3599 630 τε
3636 575 3797 650 ὓϐριν

2220 671 2314 726 τοῦ
2346 671 2503 733 Θεοῦ,
2542 671 2636 724 καὶ
2672 670 3074 742 καταφρόνησιν
3110 668 3436 741 Νεὸρώδης,
3482 669 3560 733 ὡς
3598 668 3799 734 υἱωνὸς

2225 763 2323 835 μὲν
2362 762 2437 816 ὢν
2482 763 2672 834 Χάμου
2717 761 2809 815 τοῦ
2850 761 3073 835 Νώχου·
3115 761 3385 835 τολμηρὸς
3420 762 3479 816 δὲ
3514 762 3614 816 καὶ
3654 762 3798 817 κατὰ

2222 859 2380 928 χεῖρα
2406 858 2669 924 γενναῖος,
2694 854 2909 908 ἔπειθεν
2931 855 3129 919 αὐτοὺς
3154 854 3230 926 μὴ
3252 855 3329 926 τῷ
3349 854 3466 927 Θεῷ
3500 854 3701 910 διδόναι
3733 857 3797 910 τὸ

2220 947 2286 1001 δι’
2312 948 2516 1000 ἐκεῖνον
2536 946 2890 1017 εὐδαιμονεῖν,
2924 945 3059 1000 ἀλλὰ
3083 947 3182 1016 τὴν
3216 946 3352 1000 ίδίαν
3382 947 3583 1019 ἀρετὴν
3622 932 3805 1001 ταῦτα

2222 1039 2481 1110 παρέχειν
2507 1038 2689 1101 αὐτοῖς
2703 1036 2972 1107 ἡγεῖσθαι.
2996 1036 3258 1107 Περίιστα
3281 1037 3338 1091 δὲ
3362 1039 3482 1091 κατ’
3508 1037 3690 1106 ὀλίγον
3717 1040 3787 1102 είς

2221 1128 2508 1200 τυραννίδα
2533 1127 2602 1182 τὰ
2630 1127 2951 1200 πράγματα,
2986 1127 3164 1198 μόνως
3190 1126 3334 1182 οὕτω
3387 1127 3627 1199 νομίζων
3660 1129 3789 1182 ἁπο-

2224 1222 2438 1291 στήσειν
2466 1221 2593 1284 τοὺς
2617 1220 2935 1293 ἀνθρώπους
2965 1221 3116 1293 παρὰ
3143 1220 3237 1275 τοῦ
3261 1220 3417 1284 Θεοῦ,
3442 1222 3494 1274 εί
3519 1221 3795 1292 χρώμενοι

2221 1313 2285 1382 τῇ
2312 1310 2473 1363 αὐτοῦ
2502 1311 2726 1382 δυνάμει
2754 1311 3062 1365 διατελεῖεν.
3082 1311 3426 1383 Ἀμυνεῖσθαί
3453 1328 3517 1365 τε
3540 1312 3635 1364 τὸν
3661 1312 3796 1367 Θεὸν

2223 1398 2382 1454 πάλιν
2439 1401 2652 1471 ἠπείλει
2701 1400 2800 1472 τὴν
2859 1402 2963 1472 γῆν
3017 1401 3412 1457 ὲπικλύσασθαι
3462 1402 3789 1473 θελήσαντω

2228 1491 2432 1569 πύργον
2472 1494 2579 1564 γὰρ
2620 1493 2990 1566 οἰκοδομήσειν
3033 1493 3395 1565 ὑψηλότερον,
3442 1494 3476 1564 ἢ
3532 1495 3595 1548 τὸ
3648 1494 3795 1566 ὕδωρ

2220 1582 2484 1656 ἀναὸῆεμι
2528 1583 2816 1655 δυνηθείη·
2864 1584 3281 1654 μετελεύσεσθαι
3320 1585 3378 1639 δὲ
3436 1586 3659 1656 καὶτῆς
3683 1587 3794 1640 τῶν

2223 1675 2500 1746 προγόνων
2524 1673 2813 1739 ἀπωλείας.
2849 1674 2965 1729 Non
3006 1676 3291 1731 dissimilia
3324 1685 3510 1731 narrat
3539 1676 3699 1748 [iugo
3729 1678 3797 1734 de

542 1770 817 1842 ἀσφάλτου
848 1749 1243 1845 *ἀφαιροῦντας
1279 1773 1534 1846 Χρῶνται
1584 1749 1643 1828 δὲ
1682 1776 1916 1845 μάλιστα
1954 1776 2002 1827 οί
2038 1749 2121 1829 ἄν·

2229 1764 2430 1820 Sancto
2476 1764 2694 1822 Victore
2740 1767 2935 1822 Annot.
2985 1768 3038 1822 in
3073 1766 3258 1823 Cenes.
3303 1777 3358 1824 et
3405 1768 3791 1841 Hieronymus,

544 1866 751 1939 θρωποι
827 1867 906 1938 τῷ
971 1868 1317 1940 κομιζομένῳ
1384 1869 1522 1940 πρὸς
1578 1868 1707 1931 τοὺς
1772 1870 2122 1938 ἀποτροπια-

544 1958 734 2030 σμούς.
750 1957 846 2014 His
857 1974 919 2014 ex
939 1958 1174 2030 Josepho
1191 1960 1376 2016 subdit
1396 1961 1654 2015 nonnulla
1676 1975 1742 2014 ex
1758 1958 2003 2015 Ahideno
2024 1959 2122 2012 Eu-

548 2050 665 2106 seb.
689 2050 766 2104 De
792 2066 1020 2121 praepar.
1056 2069 1239 2122 evang.
1260 2092 1277 2116 ,
1303 2053 1398 2108 lib.
1430 2070 1505 2116 Ix,
1542 2053 1684 2107 inter
1712 2059 1905 2105 caetera
1927 2070 1940 2105 :
1963 2051 2035 2103 Τὸ
2062 2051 2119 2104 δὲ

541 2142 722 2197 πλοῖον
756 2144 816 2197 ὲν
856 2144 1118 2215 Ἀρμενίῃ
1168 2145 1444 2215 περίαπτα
1487 2144 1659 2211 ξύλων
1702 2141 2121 2214 ἀλεξιφάρμακα

539 2235 708 2287 τοῖσιν
742 2228 1082 2304 ὲπιχωρίοισι
1118 2234 1430 2305 παρείχετο.
1462 2234 1527 2288 Ει
1562 2233 1945 2290 Chronicorum
1976 2243 2115 2305 part.

542 2339 581 2382 ι,
612 2338 680 2378 ex
716 2321 1028 2377 Alexandro
1061 2323 1405 2394 Polyhistore
1441 2343 1455 2379 :
1488 2324 1593 2377 Τοῦ
1631 2326 1686 2378 δὲ
1715 2324 1900 2377 πλοίου
1931 2325 2118 2378 τούτου

541 2417 960 2483 κατακλιθέντος
989 2419 1045 2470 ἐν
1072 2421 1138 2489 τῇ
1165 2418 1431 2489 Ἀρμενίᾳ
1464 2418 1629 2490 μέρος
1658 2435 1708 2471 τι
1746 2414 1883 2472 εἶναι
1915 2420 1974 2471 ὲν
2008 2421 2120 2482 τοῖς

540 2510 901 2580 Κορκοραίοις
943 2508 1083 2580 (lego
1135 2509 1477 2581 Κορδυαίοις)
1516 2509 1670 2581 ὄρεσι
1698 2511 1796 2581 τῆς
1828 2509 2118 2581 Ἀρμενίας

539 2595 829 2665 διαμένον,
867 2597 960 2651 καί
1000 2614 1154 2662 τινας
1195 2598 1304 2651 ἀπὸ
1338 2597 1429 2652 τοῦ
1470 2598 1653 2651 πλοίου
1690 2600 1938 2671 κομίζειν
1983 2601 2116 2653 ἀπο-

542 2684 763 2752 ξύοντας
791 2688 1063 2758 ἄσφαλτον
1083 2704 1096 2717 ’
1129 2689 1363 2759 χρᾶσθαι
1388 2690 1445 2743 δὲ
1475 2689 1643 2762 αὐτὴν
1670 2692 1805 2761 πρὸς
1834 2692 1960 2755 τοὺς
1990 2692 2120 2745 ἁπο-

542 2784 937 2857 τροπιασμούς.
986 2783 1080 2840 Ηεε
1124 2793 1303 2840 autem
1339 2800 1479 2840 arcae
1515 2787 1760 2857 reliquiae
1782 2828 1797 2852 ,
1830 2797 1891 2843 ut
1937 2790 2119 2845 videre

544 2884 631 2931 est
662 2892 727 2931 ex
756 2875 994 2947 Josepho
1019 2917 1035 2942 ,
1084 2892 1205 2948 quae
1237 2877 1305 2932 ad
1348 2894 1446 2933 sua
1479 2886 1721 2950 tempora
1752 2880 2120 2951 perdurarunt

543 2983 642 3039 per
673 2986 848 3025 annos
876 2971 1111 3041 amplius
1139 2971 1221 3026 bis
1255 2972 1434 3040 mille,
1466 2988 1534 3027 an
1571 2975 1769 3028 virtute
1812 2975 2115 3039 bituminis.

544 3060 613 3114 de
641 3074 751 3130 quo
796 3061 950 3129 plura
978 3058 1211 3122 Plinius.
1244 3062 1338 3117 lio.
1384 3078 1550 3126 xxxv,
1583 3077 1683 3131 cap
1738 3063 1827 3131 15,
1852 3072 1906 3118 et
1932 3081 1997 3119 ex
2025 3065 2119 3119 Al-

543 3150 675 3205 bino
701 3149 962 3208 Rahanus
995 3152 1273 3208 :Bitumen
1302 3165 1381 3209 est
1409 3155 1873 3224 ferventissimam,
1912 3167 1962 3211 et
1998 3158 2122 3211 vio-

545 3245 896 3299 lentissimum
933 3246 1111 3317 gluten
1136 3287 1152 3312 ,
1185 3247 1335 3317 cujus
1368 3248 1478 3302 hazc
1526 3257 1605 3302 est
1649 3248 1849 3313 virtus,
1884 3260 1942 3304 ut
1977 3251 2120 3321 ligna

543 3354 662 3408 qua:
691 3356 750 3395 eo
784 3340 949 3394 oblita
983 3341 1202 3411 fuerint,
1245 3358 1336 3394 nec
1382 3341 1644 3395 vermibus
1671 3340 1842 3405 exedi,
1879 3359 1968 3397 nec
1993 3345 2121 3398 solis

542 3428 754 3494 ardore,
790 3446 879 3483 nec
925 3440 1193 3484 ventorum
1228 3430 1468 3499 ﬂatibus,
1498 3448 1589 3485 nec
1621 3449 1884 3502 aquarum
1913 3436 2117 3502 possint

538 3519 790 3575 violentia
816 3519 1075 3587 dissolvi;
1106 3537 1174 3577 an
1226 3522 1302 3577 ita
1342 3521 1454 3577 Deo
1502 3522 1829 3593 disponente
1852 3563 1867 3589 ,
1898 3524 2041 3595 quod
2068 3535 2122 3582 et

541 3612 749 3678 verius,
774 3620 834 3668 ut
859 3615 1118 3671 mortales
1151 3624 1436 3686 aeternum,
1470 3624 1529 3671 ut
1558 3617 1632 3671 ita
1667 3616 1872 3683 dicam,
1894 3618 2120 3688 justitiae

458 3753 471 3763 ,
540 3700 761 3768 divinae,
793 3716 894 3758 nec
940 3718 1048 3758 non
1094 3711 1148 3757 et
1191 3704 1580 3761 misericordia:
1609 3721 1721 3777 prae
1749 3702 1923 3763 Oculis
1951 3708 2119 3763 habe-

543 3798 665 3846 rent
696 3792 1133 3847 monimentum?

610 3879 748 3935 lbid.
773 3920 789 3946 ,
832 3881 930 3936 lin.
968 3881 1021 3936 8.
1065 3883 1117 3936 '0
1159 3882 1229 3936 os
1272 3882 1400 3939 Νῶε
1442 3883 2120 3956 ὲτελεύτησεν.Ρεειιάο-

541 3970 779 4028 Berosus
798 3973 1085 4031 Annianus
1131 3975 1225 4032 lib.
1259 3991 1343 4042 ιιι,
1368 3978 1538 4032 multa
1555 3977 1622 4034 de
1655 3978 1768 4035 Noe
1786 4022 1802 4047 ,
1838 3989 1894 4036 et
1913 3980 1981 4036 iis
2004 3998 2125 4051 quae

541 4065 660 4136 ipse
675 4073 799 4136 post
832 4066 1097 4122 diluvium
1125 4069 1315 4139 gessit,
1352 4069 1487 4125 ﬁdes
1519 4071 1590 4126 sit
1622 4086 1787 4142 penes
1820 4080 2119 4129 auctorem.

609 4155 771 4222 lbid.,
804 4158 900 4212 lin.
938 4159 992 4214 9.
1025 4159 1135 4213 Kal
1166 4159 1282 4213 υἱοὶ
1333 4161 1542 4215 αὑτοῦ.
1583 4162 1933 4220 Hebraeorum
1958 4167 2125 4237 pleri-

542 4263 649 4318 que
680 4248 880 4304 docent
900 4288 914 4314 ,
944 4248 1141 4320 Japhet
1183 4251 1359 4321 primo
1409 4253 1529 4307 loco
1560 4269 1590 4308 a
1623 4253 1737 4311 Noe
1774 4255 1947 4314 fuisse
1971 4259 2143 4330 geni-i

544 4347 659 4395 tum
680 4381 695 4407 ,
720 4341 890 4397 Cham
925 4342 1167 4399 secundo
1188 4384 1201 4406 ,
1235 4341 1361 4398 Sem
1402 4345 1646 4401 omnium
1675 4356 1975 4417 postremo.
2011 4352 2124 4405 Au-

2230 1854 2625 1910 Traditionibus
2662 1855 2820 1910 Hebr.
2852 1858 2906 1910 in
2923 1855 3165 1913 Genesin.
3189 1857 3443 1923 Nemrod,
3472 1860 3675 1929 inquit,
3705 1877 3797 1913 ar-

2227 1948 2387 2013 ripuit
2414 1947 2672 2001 insuetum
2700 1949 2902 2015 primus
2930 1950 2986 2003 in
3014 1950 3207 2019 populo
3239 1949 3568 2021 tyrannidem
3602 1969 3793 2021 regna-

2226 2042 2395 2110 vitque
2432 2041 2486 2093 in
2529 2039 2831 2110 Babylone,
2874 2058 2990 2111 qua:
3023 2041 3089 2095 ab
3140 2058 3199 2097 eo
3222 2082 3237 2105 ,
3286 2042 3422 2112 quod
3451 2042 3525 2096 ibi
3554 2039 3809 2114 confusw'

2225 2142 2346 2187 sunt
2375 2132 2587 2202 linguae,
2612 2134 2773 2187 turris
2799 2132 3177 2191 a'diﬁcantium
3207 2133 3372 2188 Babel
3398 2135 3667 2203 appellata
3692 2146 3790 2191 est.

2230 2221 2531 2276 Methodius
2554 2223 2630 2275 ait
2657 2223 2801 2277 hunc
2836 2223 3002 2279 fuisse
3035 2232 3283 2293 nepotem
3316 2224 3439 2281 Seni
3467 2241 3481 2277 :
3510 2227 3661 2298 Πρὸς
3678 2227 3798 2282 τοῦ·

2225 2330 2314 2366 τον
2343 2311 2576 2382 κατῆλθε
2618 2310 2870 2383 Νεϐρὼδ,
2898 2313 2994 2365 καὶ
3020 2312 3328 2376 παιδευθεὶς
3362 2316 3492 2385 παρ’
3519 2314 3690 2368 αὐτοῦ
3720 2316 3796 2367 εί-

2225 2404 2361 2476 ληφε
2390 2402 2582 2475 βουλὴν
2613 2405 2698 2474 ἐφ’
2722 2399 2766 2473 ᾧ
2800 2404 3113 2475 βασιλεῦσαι
3144 2405 3322 2459 αὐτόν.
3356 2402 3522 2469 υῦτος
3549 2406 3608 2459 δὲ
3642 2407 3794 2461 ὀΝε-

2225 2497 2371 2570 ὄρὼδ
2431 2497 2657 2567 ἀδελφὸς
2711 2497 2820 2551 τῶν
2883 2498 3075 2571 ἡρώων
3124 2498 3385 2571 ἐτύγχανε
3433 2499 3543 2552 τῶν
3584 2499 3793 2553 τέκνων

2224 2590 2318 2645 τοῦ
2359 2591 2498 2661 Σήμ.
2539 2591 2646 2644 Καὶ
2686 2590 2846 2656 αὐτὸς
2886 2592 3102 2664 πρῶτος
3150 2593 3495 2648 ἐϐασίλευσεν
3539 2595 3636 2647 ἐπὶ
3691 2594 3793 2664 τῆς

2224 2684 2345 2755 γῆς.
2377 2681 2532 2748 Quod
2584 2681 2781 2738 falsum
2826 2700 2950 2739 esse
2976 2685 3140 2740 verba
3182 2684 3382 2757 Moysis
3431 2686 3788 2751 convincunt,

2224 2791 2345 2846 qua:
2366 2789 2488 2829 eum
2512 2773 2717 2829 faciunt
2740 2783 2987 2845 nepotem
3014 2776 3203 2831 Chami
3221 2796 3238 2831 :
3259 2775 3391 2831 Filii
3412 2776 3598 2840 Cham,
3627 2775 3790 2842 Cbas,

2226 2866 2510 2930 Mesraim,
2554 2866 2729 2934 Phut,
2769 2877 2819 2921 et
2862 2866 3151 2922 Chanaam.
3203 2867 3375 2924 Porro
3429 2867 3570 2925 Cltus
3615 2870 3803 2940 genuit

2228 2958 2483 3017 Nemrod.
2512 2959 2575 3016 Et
2591 2960 2952 3031 Augustinus.
2978 2961 3073 3015 lib.
3107 2978 3197 3016 xv:
3230 2961 3309 3016 De
3335 2963 3479 3018 civit.
3504 2962 3601 3018 Dei
3620 3008 3634 3026 .
3664 2979 3786 3034 cap.

2224 3052 2259 3105 4
2291 3069 2306 3105 :
2350 3051 2498 3108 Unde
2523 3052 2809 3124 colligitur,
2855 3053 3115 3122 gigantem
3156 3054 3309 3108 illum
3345 3053 3602 3108 Nemrotlt
3628 3056 3790 3121 fuisse

2222 3143 2369 3198 illius
2397 3144 2739 3212 conditorem,
2762 3144 2899 3216 quod
2929 3147 3167 3215 superius
3204 3146 3424 3201 breviter
3449 3147 3627 3216 fuerat
3659 3149 3787 3202 inti-

2222 3244 2424 3289 matum
2450 3277 2465 3300 ,
2502 3236 2591 3291 ubi
2637 3253 2754 3291 cum
2795 3235 2859 3291 de
2891 3236 2984 3291 illo
3027 3239 3303 3308 Scriptura
3329 3240 3627 3311 loqueretur
3648 3284 3663 3307 ,
3690 3244 3787 3306 ait,

2222 3328 2431 3382 initium
2458 3329 2604 3399 regni
2628 3328 2741 3398 ejus
2769 3329 2870 3399 fuit
2902 3329 3143 3401 Babylon
3168 3330 3210 3365 "
3231 3373 3247 3398 ,
3284 3332 3341 3385 id
3370 3342 3466 3395 est,
3493 3350 3611 3403 que
3646 3333 3792 3388 civi—

2225 3428 2393 3471 tatum
2421 3428 2731 3473 ca'terarum
2763 3430 2957 3491 gereret
2984 3421 3357 3489 principatum,
3389 3421 3480 3477 ubi
3508 3435 3648 3479 esset
3675 3434 3792 3478 tan-

2221 3525 2378 3579 quam
2415 3510 2470 3563 in
2501 3511 2773 3579 metropoli
2810 3509 3167 3564 habitaculum
3200 3513 3373 3583 regni,
3397 3516 3638 3584 quamvis
3674 3531 3790 3583 per—

2224 3600 2362 3669 fecta
2394 3616 2496 3654 non
2526 3601 2684 3669 fuerit
2715 3616 2875 3672 usque
2923 3602 2977 3654 in
3013 3611 3215 3655 tantum
3242 3603 3480 3668 modum,
3530 3617 3790 3675 quernum

2223 3693 2445 3763 superba
2466 3693 2729 3764 cogitabat
2750 3694 3012 3758 impietas.
3034 3693 3098 3748 Et
3124 3694 3381 3750 inferius:
3409 3693 3790 3767 Erigebatergo

2224 3802 2341 3840 cum
2383 3786 2494 3841 suis
2528 3784 2732 3856 populis
2783 3795 2979 3840 turrem
3018 3798 3203 3840 contra
3230 3785 3545 3851 Dominum,
3582 3806 3688 3859 qua
3715 3800 3789 3845 est

2224 3877 2387 3947 impia
2415 3879 2715 3947 signiﬁcata
2746 3879 3010 3945 superbia.
3048 3877 3214 3933 Plura
3232 3879 3298 3935 de
3329 3880 3430 3935 hac
3460 3883 3635 3938 turris
3662 3882 3792 3937 ardi-

2225 3969 2474 4024 ﬁcatione
2522 3985 2619 4041 per
2667 3968 3014 4026 Neinrothem
3062 3971 3231 4028 habes
3282 3973 3424 4042 apud
3467 3973 3788 4031 historicos.

2224 4061 2398 4114 Aliter
2419 4069 2600 4116 tamen
2624 4060 2798 4116 sensit
2819 4059 3136 4127 Caietanus,
3158 4077 3281 4116 cum
3311 4069 3471 4133 negat
3506 4071 3789 4119 auctorem

2225 4152 2390 4223 hujus
2421 4154 2587 4208 turris
2618 4154 2789 4210 fuisse
2820 4152 3079 4209 Nemroth
3102 4194 3116 4219 ,
3147 4155 3396 4226 quamvis
3418 4156 3530 4225 jam
3567 4157 3793 4212 inchoa-

2224 4252 2293 4299 t:e
2330 4253 2452 4314 post
2480 4245 2855 4301 confusionem
2903 4245 3208 4316 linguarum
3243 4256 3656 4318 occupatorem.
3685 4247 3791 4305 Ne—

2226 4354 2330 4407 que
2361 4336 2643 4401 Nemroth,
2674 4338 2881 4407 inquit,
2915 4352 3090 4406 neque
3112 4337 3344 4407 aliquem
3370 4348 3578 4394 certum
3616 4339 3793 4395 homi-

544 4432 832 4512 gustinus,
866 4433 961 4488 lib.
993 4450 1084 4488 xvr
1118 4433 1197 4489 De
1241 4435 1449 4489 civitate
1479 4435 1576 4491 Dei
1596 4476 1612 4504 ,
1657 4414 1868 4510 {gap},
1921 4439 2119 4512 Japhe;
2151 4448 2195 4503 υ
2226 4446 2347 4484 nem
2378 4414 2655 4485 auctorem
2688 4428 2861 4487 fuisse
2910 4430 3056 4486 illius
3080 4430 3300 4485 fabrica:
3326 4431 3570 4485 declarat
3592 4433 3794 4487 exhor-

546 4527 836 4583 minimum
868 4536 1045 4599 putat,
1080 4528 1205 4585 Sem
1242 4531 1562 4585 maximum.

616 4619 777 4686 lbid.,
807 4619 904 4674 lin.
925 4619 1011 4673 12.
1041 4618 1186 4673 Ἀπὸ
1214 4619 1319 4673 τοῦ
1351 4620 1553 4689 ὄρους.
1582 4620 1696 4678 Noe
1726 4622 1894 4689 enim,
1918 4632 1973 4680 et
2004 4625 2119 4692 ﬁlii,

544 4711 758 4767 relictis
809 4712 1092 4768 montibus
1128 4713 1402 4768 Armenia:
1446 4724 1569 4785 post
1611 4713 1909 4783 diluvium,
1964 4726 2124 4776 terra:

544 4804 830 4875 planitiem
874 4812 1277 4876 assequuntur,
1307 4806 1518 4877 fuitque
1559 4809 1735 4879 prima
1778 4811 2041 4867 habitatio
2066 4814 2121 4868 in

546 4903 691 4949 terra
722 4892 1007 4959 Sennaar,
1038 4910 1148 4966 quo
1175 4895 1230 4949 in
1278 4896 1395 4951 loco
1435 4905 1626 4967 postea
1672 4899 1913 4972 Babylon
1954 4904 2125 4958 aedili-

545 4996 667 5041 cata
716 4987 838 5042 fuit.
858 4986 1127 5044 Eusebius
1149 5027 1165 5051 ,
1197 4995 1341 5058 part.
1377 5003 1394 5042 1
1427 4987 1672 5044 Chronic.
1706 5007 1775 5046 ex
1812 4991 2123 5051 Alexandro

544 5081 887 5155 Polyhistore
923 5084 1249 5150 ιἘλθόντας
1294 5082 1387 5141 οὖν
1436 5087 1657 5152 τούτους
1703 5091 1784 5155 εἰς
1828 5084 2125 5148 Βαϐυλῶνα

542 5173 615 5226 τά
640 5190 701 5226 τε
730 5176 795 5227 ὲκ
822 5176 1121 5248 Σιππάρων
1149 5177 1454 5250 γράμματα
1497 5179 1752 5252 ἀνορύξαι
1771 5222 1785 5247 ,
1820 5185 1912 5237 καὶ
1941 5185 2120 5250 πόλεις

545 5265 747 5331 πολλὰς
789 5269 1107 5335 κτίζοντας,
1147 5270 1242 5326 καὶ
1291 5272 1412 5344 ιερὰ
1453 5272 1916 5345 ἀνιδρυσαμένους
1956 5278 2121 5331 πάλαι

544 5358 820 5415 ὲπικτίσαι
863 5361 966 5434 τὴν
988 5362 1303 5418 Βαϐυλῶνα.
1337 5362 1545 5419 Hebraei
1579 5375 1869 5433 asserunt,
1911 5362 2026 5426 Noe
2055 5388 2119 5427 ex

544 5448 804 5507 Armenia
832 5452 1065 5510 rediisse
1090 5454 1148 5511 in
1176 5462 1416 5512 veterem
1450 5458 1679 5528 patriam
1700 5502 1715 5523 ,
1765 5458 1817 5514 id
1850 5469 1933 5517 est
1958 5503 1973 5528 ,
2002 5463 2119 5519 loca

547 5541 816 5602 Damasco
854 5547 1034 5603 vicina
1059 5589 1074 5617 ,
1103 5549 1196 5606 ubi
1238 5551 1530 5608 constituit
1583 5568 1807 5626 regnum
1836 5595 1850 5623 ,
1884 5565 1938 5615 et
1985 5574 2121 5631 pon~

623 5704 668 5737 ⁸¹
693 5703 829 5763 Gen.
859 5724 913 5777 ι,
948 5710 1033 5765 10.

2224 4523 2379 4588 talio,
2409 4529 2463 4577 et
2492 4522 2740 4577 incitatio
2771 4521 3033 4576 attributa
3066 4537 3200 4593 vage
3224 4530 3278 4577 et
3309 4520 3593 4577 indeﬁnite
3624 4524 3795 4579 homi-

2223 4618 2406 4675 nibus.
2438 4622 2499 4669 ut
2531 4615 2902 4686 intelligamus
2931 4615 3094 4678 hinc,
3129 4616 3273 4685 quod
3303 4615 3564 4671 Nemroth
3595 4619 3793 4673 civita-

2223 4710 2328 4756 tz-m
2347 4703 2651 4774 Babylonia:
2672 4704 3003 4767 inchoatam,
3020 4706 3295 4759 communi
3322 4715 3466 4767 voto,
3483 4712 3540 4760 et
3566 4718 3792 4771 conatu.

2224 4803 2345 4864 post
2376 4794 2750 4851 confusionem
2792 4795 3101 4866 linguarum
3146 4798 3689 4869 ipse;occupaverit,
3742 4809 3796 4857 et

2225 4885 2421 4940 ibidem
2453 4900 2680 4956 regnare
2703 4886 2952 4957 ceperit.

2296 5017 2451 5084 lhid.,
2473 5019 2570 5073 lin.
2601 5019 2692 5074 25.
2720 5020 2828 5074 Kal
2856 5018 2932 5089 δὴ
2967 5021 3215 5091 πύργον.
3247 5019 3322 5076 De
3350 5021 3452 5076 hac
3482 5023 3623 5077 turri
3649 5022 3797 5094 Aby-

2222 5110 2394 5187 denus
2426 5112 2566 5182 apud
2598 5110 2890 5166 Eusebium
2912 5153 2926 5177 ,
2963 5112 3041 5166 De
3080 5124 3369 5182 prwparat.
3407 5117 3670 5187 evangcl.,
3697 5118 3790 5173 lib.

2224 5214 2275 5253 Ix
2302 5185 2477 5254 ε”Εντὶ
2502 5201 2545 5253 δ’
2569 5201 2617 5255 οἳ
2650 5200 2864 5270 λέγουσι
2891 5204 3015 5267 τοὺς
3031 5202 3281 5275 πρώτους
3311 5206 3373 5259 ὲκ
3405 5206 3507 5277 γῆς
3539 5185 3794 5277 ἀνασχόν-

2221 5308 2340 5355 τας,
2374 5289 2532 5366 ῥώμῃ
2557 5308 2615 5344 τε
2648 5291 2742 5346 καὶ
2768 5292 2983 5364 μεγέθει
3014 5294 3409 5366 χαυνωθὲντας,
3436 5297 3530 5353 13‘.
3555 5298 3622 5370 δὴ
3656 5299 3795 5353 θεῶν

2223 5386 2769 5456 καταφρονήσαντας,
2813 5385 3099 5458 ἀμείνονας
3148 5382 3287 5442 εἶναι
3340 5388 3563 5461 πύργων
3599 5390 3793 5464 τύρσιν

2221 5472 2472 5543 ἠλίϐατον
2508 5476 2744 5549 ἀείρειν,
2792 5476 2877 5531 ἴνα
2922 5476 3018 5532 νῦν
3062 5477 3315 5534 Βαϐυλών
3367 5479 3533 5547 ἔστιν,
3596 5482 3702 5555 ἠδη
3733 5501 3791 5536 τε

2223 5561 2388 5621 ἆσσον
2430 5562 2569 5623 εἶναι
2608 5567 2698 5622 τοῦ
2740 5568 2967 5640 ούρανοῦ
2990 5610 3003 5635 ,
3038 5571 3131 5625 καὶ
3179 5572 3305 5635 τοὺς
3343 5570 3793 5643 ἀνέμους-θεοῖσι
