4072 6338
311 256 414 310 993

1380 249 1446 302 ΙΝ
1483 246 1855 303 EUSTATHH
1901 244 2364 302 HEXAEMEBON
2397 243 2625 300 ΝΟΤΧΕ.

3438 252 3542 308 994

313 369 612 440 βωθέοντας
637 367 932 437 ἀνατρέψαι
968 368 1094 439 περὶ
1119 369 1328 420 αὑτοῖσι
1349 368 1410 420 τὸ
1433 367 1645 437 μηχὰνη
1655 382 1750 435 μα.
1769 365 1852 416 Tol

1948 363 2140 432 pedes
2187 362 2426 424 ducenti,
2471 361 2700 415 latitudo
2749 361 3157 434 quinquageni:
3195 365 3249 419 in
3299 367 3546 438 singulos

309 460 444 532 δῆτα
494 459 708 530 ἐρείπια
741 459 991 526 λέγεσθαι
1044 459 1352 512 Βαϐυλῶνα.
1388 457 1688 512 Alexander
1717 455 1874 526 Poly-

311 553 488 607 histor
514 568 579 606 ex
607 551 901 621 Eupolemo
921 570 933 605 :
957 551 1264 621 Εὐπόλεμος
1293 551 1348 604 δὲ
1381 553 1437 603 ὲν
1471 549 1546 620 τῷ
1577 549 1706 619 περὶ
1743 547 1871 600 Ἰου-

306 644 472 697 δαίων
510 643 610 712 τῆς
653 642 941 712 Ἀσσυρίας
980 644 1111 711 φησι
1158 641 1305 694 πόλιν
1335 640 1626 694 Βαϐυλῶνα
1660 639 1872 710 πρῶτον

311 736 412 806 μὲν
434 735 714 804 κτισθῆναι
740 735 843 788 ὑπὸ
857 735 962 788 τῶν
991 733 1359 787 διασωθέντων
1391 735 1453 785 ὲκ
1484 733 1577 785 τοῦ
1604 733 1871 785 κατακλυ-

308 825 471 896 σμοῦ,
523 822 658 878 εἶναι
703 825 759 878 δὲ
793 827 986 888 αὐτοὺς
1021 826 1310 893 γίγαντας,
1355 823 1654 892 οἰκοδομεῖν
1687 823 1742 874 δὲ
1780 823 1870 874 τὸν

309 917 687 988 ἱστορούμενον
712 917 934 988 πύργον.
958 918 1218 980 Πεσόντος
1242 917 1298 968 δὲ
1323 915 1508 967 τούτου
1530 914 1632 966 ὑπὸ
1653 915 1753 984 τῆς
1775 912 1868 966 τοῦ

305 1009 444 1061 Θεοῦ
473 1009 766 1080 ἐνεργείας,
791 1010 918 1071 τοὺς
945 1008 1202 1076 γίγαντας
1215 1003 1570 1078 διασπαρῆναι
1601 1007 1720 1060 καθ’
1743 1007 1868 1077 ὃλην

305 1101 405 1172 τὴν
421 1103 541 1171 γῆν.
568 1099 723 1155 Dictu
749 1101 883 1155 mira
917 1101 1095 1170 prodit
1121 1099 1480 1172 Hieronymus
1505 1101 1558 1153 in
1592 1115 1683 1154 xw
1705 1108 1866 1170 caput

306 1193 482 1248 Esaia:
533 1194 599 1248 de
651 1193 939 1249 altitudine
983 1193 1146 1263 hujus
1196 1195 1364 1248 turris
1412 1193 1480 1247 ad
1545 1193 1878 1259 miraculum

305 1302 502 1355 usque,
531 1302 689 1356 quem
721 1287 859 1341 vide.

375 1379 491 1431 Col.
519 1378 642 1443 755,
681 1378 774 1432 lin.
802 1378 892 1432 26.
933 1377 1219 1432 Ἀπειλῶν
1240 1377 1345 1431 τὸν
1377 1379 1542 1432 Θεόν.
1586 1377 1730 1442 Ideo,
1763 1377 1858 1440 ait,

300 1471 429 1525 illos
458 1471 703 1524 homines
729 1471 920 1524 turrim
948 1470 1263 1533 aedificasse,
1285 1478 1551 1524 utcontra
1575 1470 1855 1531 diluvium,

300 1564 469 1616 etiam
504 1561 609 1615 Deo
633 1563 870 1624 uolente,
917 1562 1021 1617 sibi
1074 1563 1442 1616 consulerent.
1476 1561 1672 1615 Eadem
1701 1561 1857 1616 Josev-

302 1653 468 1722 phus,
498 1653 588 1707 lib.
621 1669 635 1706 l
683 1654 965 1723 Antiquit.,
989 1654 1145 1724 cujus
1175 1655 1337 1708 verba
1367 1670 1530 1724 supra
1555 1656 1852 1725 posuimus.

302 1745 666 1816 Augustinus,
725 1746 818 1799 lib.
863 1762 950 1800 XVI
997 1747 1070 1800 De
1107 1748 1315 1801 civitate
1358 1747 1474 1816 Dei,
1504 1763 1626 1819 cap.
1673 1749 1726 1814 4,
1767 1767 1860 1805 ve-

303 1854 436 1892 sana
491 1839 568 1893 ait
597 1839 826 1908 quadam
859 1839 1023 1893 animi
1073 1839 1328 1903 elatione,
1359 1856 1422 1894 ac
1470 1841 1777 1905 insolentia,
1806 1851 1858 1897 et

303 1929 567 1984 adversus
605 1928 772 1982 Deum
816 1931 1089 2000 impietate
1114 1929 1371 1986 Nemroth
1409 1931 1540 1986 illud
1571 1933 1857 1988 aediﬁcium

299 2023 656 2087 exstruxisse,
682 2030 741 2076 ut
769 2030 959 2076 contra
989 2021 1157 2078 Deum
1190 2024 1293 2079 sibi
1321 2034 1536 2094 pararet
1559 2041 1860 2097 propugna-

299 2114 507 2176 culum,
533 2113 792 2183 illumque
822 2116 1250 2185 quotiescunque
1278 2115 1528 2171 libuisset
1557 2116 1855 2180 infestaret,

299 2215 464 2275 atque
489 2204 805 2271 offenderet,
836 2207 1081 2262 aliialias
1107 2207 1381 2262 adducunt
1415 2224 1629 2264 causas.
1663 2209 1858 2265 Noster

298 2296 623 2353 Eustathius
657 2307 964 2370 utramque,
998 2310 1052 2355 et
1071 2298 1315 2372 Josephi,
1345 2311 1398 2355 et
1420 2300 1706 2372 Augustini
1732 2318 1860 2358 con-

294 2389 500 2458 junxit,
531 2398 584 2445 et
627 2391 784 2460 quasi
833 2406 992 2445 unam
1025 2394 1303 2462 exposuit;
1351 2409 1453 2449 nec
1493 2395 1740 2450 homines
1779 2396 1856 2450 illi

298 2481 446 2534 aliud
467 2481 517 2534 in
547 2491 724 2537 mente
741 2482 1068 2537 habuerunt.
1087 2482 1273 2540 Solent
1288 2487 1430 2540 enim
1456 2487 1738 2555 praeteritis
1750 2502 1858 2540 ma-

297 2571 373 2624 lis
397 2572 600 2634 amicti,
624 2571 805 2627 futura
843 2574 1025 2628 studio
1051 2583 1275 2646 arteque
1301 2578 1622 2646 propellere,
1652 2593 1720 2632 ne
1769 2579 1854 2633 bis

300 2661 491 2717 iisdem
541 2663 787 2719 infestari
841 2667 1158 2738 contingat;
1199 2678 1251 2722 et
1289 2669 1416 2722 dum
1455 2678 1662 2724 natura:
1697 2669 1855 2726 donis

296 2754 544 2819 allluunt,
575 2757 789 2822 robore,
819 2758 1042 2822 divitiis,
1068 2762 1498 2831 auctoritateque
1527 2764 1733 2832 stipati,
1771 2764 1854 2816 in-

295 2860 433 2899 Salio
463 2862 599 2901 ausu
633 2847 842 2914 furere;
866 2856 921 2904 et
948 2865 1072 2904 cum
1091 2849 1205 2919 jam
1231 2850 1506 2905 hominum
1536 2867 1594 2907 se
1617 2867 1739 2907 esse
1760 2868 1854 2907 su-

297 2940 540 3009 periores
592 2941 982 3009 perscnserint,
1029 2952 1218 2996 contra
1267 2941 1434 2997 Deum
1482 2944 1847 3010 insolescere;

293 3032 511 3100 sibique
540 3046 719 3101 posse,
739 3033 1174 3103 quandocunque
1197 3033 1249 3089 id
1276 3034 1437 3089 fuerit
1460 3049 1615 3105 opus,
1640 3037 1706 3088 ab
1731 3036 1847 3104 ejus
1875 3071 1918 3127 α

293 3137 460 3174 manu
481 3136 670 3176 cavere
690 3123 898 3190 opinari
921 3139 934 3188 ;
963 3123 1092 3192 quin
1117 3131 1170 3177 et
1199 3124 1443 3178 molestia
1466 3125 1614 3178 illum
1637 3123 1848 3180 afficere

293 3219 649 3280 prasumunt.
698 3213 742 3265 0
791 3213 1077 3267 ridiculam
1118 3214 1464 3268 industriam!
1495 3230 1528 3267 o
1558 3213 1847 3268 nefandum

290 3301 569 3358 studium!
618 3319 651 3357 ο
699 3305 1016 3358 sceleratam
1047 3307 1486 3374 prmvidentiam!
1523 3304 1613 3360 Na:
1647 3307 1746 3371 illi,
1794 3314 1848 3362 et

289 3396 489 3460 oculis,
519 3405 572 3449 et
603 3397 848 3462 auribus,
876 3405 929 3451 et
961 3400 1140 3452 animo
1166 3399 1293 3453 caeci
1327 3409 1470 3454 sunt.

363 3483 523 3550 lbid.,
557 3487 650 3540 lin.
694 3487 780 3540 5|.
827 3487 888 3539 '0
923 3487 1067 3553 Θεὸς
1111 3487 1225 3556 τὴν
1266 3487 1594 3542 διάλεκτον.
1644 3488 1845 3560 Sibylla

288 3578 433 3646 apud
463 3577 788 3634 Eusebium:
825 3579 1044 3632 Πάντων
1084 3579 1375 3650 ὁμοφώνων
1408 3581 1574 3634 ὄντων
1610 3581 1716 3634 τῶν
1753 3583 1847 3635 ἀν-

287 3667 546 3738 θρώπων,
578 3668 782 3738 πύργον
827 3654 1181 3740 ᾠκοδόμησάν
1227 3687 1368 3732 τινες
1397 3670 1745 3741 ὑῂλότατον,
1773 3672 1848 3735 ὡς

283 3761 381 3813 ἐπὶ
411 3759 498 3812 τὸν
535 3760 757 3830 οὐρανὸν
799 3760 1186 3830 ἀναϐησόμενοι
1217 3761 1281 3813 δι’
1312 3761 1492 3814 αὐτοῦ.
1533 3763 1594 3814 Ol
1627 3762 1682 3815 δὲ
1715 3763 1845 3826 θεοὶ,

286 3852 524 3921 ἀνέμους
560 3853 983 3922 ἐπιπέμψαντες,
1019 3853 1314 3924 ἀνέτρεψαν
1355 3853 1448 3906 τὸν
1490 3853 1713 3925 πύργον,
1754 3855 1847 3908 καὶ

287 3945 428 3998 ἰδίαν
458 3945 668 4014 ἑκάστῳ
699 3943 876 4014 φωνὴν
899 3945 1121 4007 ἔδωκαν,
1145 3945 1237 3998 καὶ
1262 3944 1348 3998 διὰ
1371 3945 1525 3999 τοῦτο
1557 3947 1846 4000 Βαϐυλῶνα

286 4035 485 4108 συνέϐη
521 4036 780 4106 κληθῆναι
825 4035 922 4107 τὴν
960 4035 1130 4088 πόλιν.
1177 4035 1240 4087 Ει
1291 4034 1562 4092 Ηθειιηαιυε
1591 4055 1604 4091 :
1630 4035 1748 4089 Τῶν
1790 4038 1844 4090 δὲ

286 4135 476 4205 ἱερέων
504 4136 626 4197 τοὺς
661 4135 1037 4200 διασωθέντας,
1067 4136 1134 4189 τὰ
1164 4136 1256 4189 τοῦ
1296 4137 1567 4190 Ἐνυαλίου
1604 4135 1726 4199 Διὸς
1768 4136 1844 4187 is-

285 4228 516 4298 ρώματα
547 4227 824 4290 λαϐόντας,
865 4230 945 4290 είς
981 4229 1219 4300 Σενναὰρ
1257 4229 1353 4298 τῆς
1390 4227 1728 4291 Βαϐυλωνίας
1761 4227 1845 4280 ὲλ-

283 4318 417 4371 θεῖν.
443 4319 754 4372 Σκίδνανται
793 4319 855 4390 δὴ
884 4319 943 4372 τὸ
973 4319 1154 4373 λοιπὸν
1183 4318 1426 4372 ἐντεῦθεν
1461 4321 1565 4372 ὑπὸ
1587 4320 1683 4391 τῆς
1709 4321 1843 4389 ὁμο-

1977 457 2143 524 pedes
2174 454 2343 510 ternis
2369 454 2553 523 digitis
2581 469 2834 508 mensura
2861 455 3124 526 ampliore
3145 471 3304 526 quam
3331 467 3538 516 nostra.

1977 545 2072 598 Via
2104 546 2159 599 in
2191 546 2464 599 mmnibus
2505 545 2639 614 ipsis
2687 553 2794 598 tam
2838 547 2968 610 lata,
3023 555 3076 599 ut
3120 549 3400 620 quadriga:
3439 553 3544 609 sibi

1972 636 2201 691 invicem
2275 643 2628 690 occurrentes
2673 635 2832 689 facile
2879 639 3213 704 pertransirc
3275 650 3543 708 possent;

1970 727 2116 797 quod
2164 727 2450 796 Antipater
2496 727 2765 796 expressit
2813 743 2934 781 cum
2987 729 3279 800 ἐπίδρομον
3334 731 3542 802 ἅρμασι
3638 768 3644 773 ο

1969 823 2145 888 τεῖχος
2177 833 2390 872 murum
2420 819 2802 888 appellavit,et
2825 816 3098 888 Propert.,
3134 820 3225 874 lib.
3253 835 3311 874 Ill
3350 840 3364 874 :

2043 912 2109 963 Et
2147 911 2250 963 duo
2283 913 2336 962 in
2369 911 2643 964 adversum
2682 912 2823 962 misit
2861 927 2952 978 per
2983 912 3174 964 mwnia
3209 929 3400 968 currus

2110 980 2191 1034 Ne
2223 993 2432 1049 possent
2475 990 2615 1033 tacto
2646 983 2902 1049 stringere
2942 981 3005 1033 ab
3034 997 3132 1034 axe
3167 983 3331 1038 latus.

1969 1067 2100 1136 Ejus
2147 1069 2396 1122 conditor
2447 1069 2694 1122 laudatur
2759 1069 3040 1134 Nemroth,
3087 1057 3341 1140 Josepho,
3386 1073 3480 1126 lib.
3518 1089 3536 1128 ι

1965 1161 2168 1232 Antiq.,
2187 1160 2429 1223 Zonaras,
2453 1161 2718 1227 Ccdreno,
2741 1162 2892 1217 aliis:
2914 1162 3246 1228 Marcellino,
3268 1165 3359 1219 lib.
3377 1182 3536 1234 XXIII,

1963 1250 2152 1318 Belus;
2178 1250 2450 1321 Stephano
2478 1252 2716 1322 Babylon
2751 1252 2888 1306 Medi
2915 1253 3060 1308 tilius
3091 1272 3102 1306 :
3129 1253 3380 1308 Βαϐυλὼν
3398 1257 3537 1328 Περ-

1964 1341 2088 1413 σικὴ
2118 1343 2288 1404 πόλις,
2321 1341 2668 1412 μητρόπολις,
2705 1342 2959 1396 Σελευκία
2996 1342 3297 1414 καλουμένη
3324 1384 3337 1408 ,
3371 1344 3537 1399 Βαϐυ-

1960 1435 2126 1498 λῶνος
2156 1435 2344 1505 ἀνδρὸς
2384 1435 2586 1504 κτίσμα
2624 1435 2972 1498 παλαίτατον,
3008 1431 3315 1504 οῖονιςωτάτου
3347 1440 3534 1504 παιδὸς

1958 1525 2164 1596 Μήδου,
2197 1527 2312 1595 οὐχ,
2345 1525 2419 1588 ὡς
2453 1526 2748 1596 Ἡρόδοτος,
2768 1527 2871 1580 ὑπὸ
2903 1529 3294 1600 Σεμιράμιδος’
3330 1533 3532 1603 ταύτης

1957 1611 2064 1681 γὰρ
2099 1609 2164 1682 ἦν
2207 1613 2533 1685 ἀρχαιοτέρα
2555 1614 2698 1668 ἔτεσι
2731 1617 2918 1686 χιλίοις
2949 1618 3070 1684 δύο,
3120 1621 3196 1683 ὡς
3235 1619 3528 1693 Ἐῤῥάνιος.

1894 1717 1932 1770 Β
1961 1703 2212 1773 Plerique
2237 1706 2328 1758 alii
2357 1704 2766 1762 Semiramidem
2793 1719 3071 1778 parentem
3104 1712 3328 1769 faciunt.
3363 1715 3531 1770 Clau-

1960 1796 2177 1860 dianus,
2210 1797 2264 1849 in
2300 1795 2446 1851 Ruﬁ.
2477 1798 2571 1853 lib.
2611 1814 2628 1852 ι
2671 1815 2684 1848 :

2036 1887 2283 1964 greditur
2305 1899 2353 1943 et
2389 1899 2591 1943 centum
2619 1893 2784 1964 portis
2815 1891 3088 1962 Babylona
3113 1897 3388 1964 superbam

2032 1957 2314 2014 Femineas
2345 1963 2603 2015 struxisse
2619 1957 2626 1960 ⁷
2643 1963 2811 2036 labor.

1957 2048 2021 2101 Et
2047 2046 2292 2120 Propert.
2332 2050 2427 2105 lib.
2460 2065 2518 2104 III
2541 2068 2554 2104 :

2025 2139 2531 2214 Persarumstatuit
2564 2143 2838 2214 Babylona
2861 2145 3171 2202 Semiramis
3203 2149 3385 2203 urbem

2103 2210 2170 2264 Ut
2199 2213 2423 2266 solidum
2454 2224 2598 2268 cocto
2629 2210 2828 2269 tolleret
2854 2235 3037 2287 aggere
3072 2235 3221 2286 opus.

1956 2297 2031 2354 De
2057 2299 2328 2372 Babylone
2348 2301 2470 2357 vide
2497 2305 2650 2372 plura
2678 2306 2817 2373 apud
2837 2305 3518 2364 Abrahamumllortelium

1955 2389 2010 2442 in
2036 2383 2301 2444 Thesauro
2324 2394 2627 2462 geograph.,
2665 2393 2976 2449 blattbmum
3009 2395 3279 2451 Raderum
3303 2398 3356 2451 in
3384 2397 3526 2451 Mar-

1955 2481 2156 2549 tialem,
2191 2483 2284 2536 lib.
2319 2499 2356 2547 ι,
2386 2487 2545 2555 epist.
2585 2486 2634 2551 1;
2671 2484 3017 2551 Strabonem,
3050 2488 3142 2544 lib.
3174 2505 3295 2555 va;
3333 2488 3528 2546 Diodo-

1954 2587 2071 2624 rum
2121 2572 2387 2640 Siculum,
2424 2577 2518 2629 lib.
2569 2593 2666 2643 III;
2706 2577 3002 2642 Justinum,
3060 2581 3153 2634 lib.
3189 2598 3226 2646 I,
3257 2581 3523 2638 Joannem

1953 2662 2220 2718 Bodinum
2256 2665 2310 2718 in
2363 2667 2693 2736 Compendio
2735 2669 3019 2736 historico,
3073 2670 3420 2742 Bodiginum,
3467 2681 3524 2727 et.

1955 2755 2110 2810 alios.
2142 2755 2304 2810 Plura
2331 2772 2430 2812 nos
2458 2758 2583 2812 item
2612 2759 2934 2815 notabamus
2966 2762 3168 2816 nostris
3193 2763 3246 2816 in
3277 2762 3524 2819 Philonis

1952 2843 2195 2914 Byzantii
2219 2845 2285 2901 de
2302 2855 2504 2917 septem
2519 2847 2668 2901 orbis
2683 2850 3008 2918 spectaculis
3021 2850 3279 2916 libellum,
3307 2855 3490 2923 elegan
3504 2883 3521 2893 -

1951 2936 2219 2991 tissimum
2256 2937 2403 2991 illum
2438 2938 2676 3008 quidem,
2700 2939 2766 2993 de
2792 2938 3063 3010 Babylone
3093 2950 3146 2996 et
3181 2943 3298 3012 ejus
3324 2945 3516 2999 muris.

2019 3051 2179 3113 lbid.,
2233 3053 2330 3107 lin.
2385 3051 2473 3106 56.
2508 3054 2802 3118 Ἕκαστος
2852 3053 3000 3124 γοῦν
3056 3054 3187 3120 τήν.
3251 3054 3512 3110 ῡίεῐίηινιιε

1949 3143 2239 3198 admodum
2288 3154 2473 3200 noster
2504 3144 2822 3200 Eustathius
2861 3147 3237 3202 successiones
3283 3147 3513 3202 filiorum

1947 3237 2059 3291 Noe
2103 3236 2470 3306 prosequithr,
2505 3244 2558 3291 et
2608 3245 2764 3291 terra:
2794 3237 3137 3293 divisiOnem.
3181 3238 3244 3292 lli
3279 3255 3514 3310 namque

1947 3326 2189 3380 omnium
2239 3325 2517 3379 hominum
2568 3337 2820 3396 parentes
2871 3329 3064 3381 merito
3109 3329 3214 3383 dici
3261 3339 3512 3398 possunt,

1947 3432 2070 3472 cum
2104 3415 2298 3486 reliqui
2328 3431 2591 3486 aquarum
2634 3417 2724 3470 illa
2752 3418 3109 3474 inundatione
3137 3420 3421 3488 obiisscnt,
3455 3429 3510 3475 et

1947 3525 2013 3564 ex
2046 3507 2130 3563 bis
2174 3515 2486 3563 nostrorum
2525 3509 2766 3562 omnium
2800 3519 2956 3564 ortus
2998 3511 3376 3580 agnoscendus
3404 3522 3509 3567 est.

1951 3597 2048 3652 Per
2073 3613 2262 3653 omnes
2286 3597 2428 3653 enim
2462 3599 2649 3653 mundi
2697 3610 2878 3669 partes
2908 3601 3086 3654 diﬂ‘usi
3121 3619 3292 3672 genus
3322 3603 3513 3657 huma-

1948 3705 2076 3743 num
2108 3700 2492 3761 propagarunt,
2523 3706 2729 3762 suaque
2759 3693 2992 3762 posteris
3020 3696 3240 3749 nomina
3290 3696 3514 3750 immor-

1947 3781 2191 3844 talitatis,
2216 3790 2269 3835 et
2298 3781 2571 3836 memoria
2607 3798 2737 3850 ergo
2769 3784 3210 3839 transmiserunt.

2014 3873 2174 3937 llIid.,
2221 3873 2316 3926 lin.
2363 3873 2452 3926 41.
2501 3872 2621 3927 Τῶν
2657 3874 2960 3942 Ἑλλήνων
3003 3876 3172 3944 μετά.
3207 3875 3331 3932 Haec
3377 3891 3511 3933 sane

1946 3964 2047 4018 fuit
2086 3963 2393 4018 Graecorum
2441 3966 2776 4034 praestantia,
2814 3965 2926 4018 haec
2956 3967 3148 4029 virtus,
3199 3967 3330 4021 solis
3374 3968 3508 4036 ipsis

1944 4072 2225 4118 concessa,
2268 4057 2526 4125 denegata
2574 4057 2805 4122 cmteris,
2837 4065 2895 4109 ut
2941 4065 3150 4127 reperta
3189 4057 3257 4111 ab
3299 4057 3506 4111 aliisin

1944 4145 2216 4200 meliorem
2272 4145 2480 4218 frugem
2531 4148 2872 4214 reducerent,
2920 4147 3108 4200 mutila
3146 4148 3503 4217 perlicerent,

1943 4235 2168 4292 confusa
2200 4238 2610 4305 distribuerent,
2651 4254 2842 4294 manca
2869 4239 3203 4308 supplerent,
3233 4239 3505 4309 superflua

1943 4329 2252 4397 demerent;
2279 4346 2386 4385 non
2412 4333 2661 4399 barbare,
2690 4347 2798 4388 non
2832 4332 3165 4396 indistincte,
3183 4331 3278 4387 sed
3300 4331 3505 4400 optima

281 4410 552 4477 γλωσσίας
577 4409 674 4473 τὰς
725 4410 993 4472 συνοικίας
1025 4409 1374 4478 ποιησάμενοι
1410 4409 1704 4480 πανταχοῦ,
1748 4409 1839 4461 καὶ

1948 4422 2216 4486 methodo,
2249 4423 2614 4492 pulcherrimo
2641 4422 2878 4492 eloquio,
2904 4430 2956 4476 et
2985 4422 3266 4492 aptissima
3297 4421 3504 4474 oratio-

279 4502 387 4571 γῆν
419 4502 635 4554 ἕκαστοι
664 4501 1064 4571 κατελάμϐανον
1096 4501 1191 4571 τὴν
1220 4501 1560 4572 ἐντυχοῦσαν.

357 4593 514 4657 Ibid.,
546 4595 639 4646 lin.
672 4593 760 4648 55.
785 4593 909 4646 Kc’ttc
937 4593 1150 4645 τούτου
1178 4595 1210 4645 ὀ
1243 4593 1328 4647 τό.
1361 4593 1720 4662 Augustinus,
1764 4593 1842 4648 De

280 4687 491 4739 civitate
528 4684 641 4748 Dei,
674 4686 766 4739 lib.
796 4701 908 4746 va,
941 4700 1061 4754 cap.
1089 4685 1150 4738 ὥς
1175 4682 1287 4738 Ista
1313 4685 1495 4738 civitas
1517 4701 1631 4755 qua:
1661 4685 1839 4754 appel-

281 4779 394 4830 l‘ata
418 4785 494 4830 est
524 4776 779 4844 confusio,
810 4777 922 4845 ipsa
949 4787 1026 4829 est
1059 4775 1317 4846 Babylon,
1355 4776 1505 4845 cujus
1546 4776 1838 4830 mirabilem

277 4867 718 4921 constructionem
764 4867 992 4936 gentium
1035 4867 1191 4919 etiam
1235 4865 1556 4919 commendat
1593 4865 1833 4920 historia.

275 4958 519 5029 Babylon
533 4959 713 5028 quippe
739 4959 1112 5028 interpretatur
1127 4958 1396 5013 confusio.
1419 4957 1482 5010 Et
1506 4957 1796 5028 Abydenus
1818 4973 1831 5009 :

288 5051 351 5104 '0
378 5050 434 5102 δὲ
461 5051 620 5114 τόπος
648 5042 705 5104 ὲν
729 5044 773 5119 ᾧ
803 5050 892 5103 τὸν
921 5049 1124 5121 πῦργον
1150 5041 1518 5120 ᾡκοδόμησᾶν,
1541 5049 1634 5102 νῦν
1666 5049 1838 5101 Βαϐυ-

274 5141 387 5194 λὼν
415 5142 656 5196 καλεῖται
688 5142 775 5195 διὰ
805 5143 902 5212 τὴν
943 5141 1200 5211 σύγχυσιν
1258 5141 1349 5195 τοῦ
1381 5142 1508 5214 περὶ
1538 5142 1635 5212 τὴν
1662 5141 1835 5194 διάλε-

275 5251 406 5287 κτον
445 5234 656 5304 πρῶτον
699 5233 979 5304 ἐναργοῦς.
1011 5233 1246 5304 Ἑϐραῖοι
1292 5234 1399 5304 γὰρ
1439 5233 1537 5305 τὴν
1578 5233 1836 5302 σύγχυσιν

275 5325 446 5397 βαϐὲλ
478 5327 746 5378 καλοῦσιν.
779 5325 906 5378 Eam
951 5335 1202 5380 accurate
1234 5326 1548 5382 describunt
1591 5323 1834 5379 Herodo-

274 5428 390 5482 tus,
421 5418 517 5472 lib.
551 5418 866 5485 I;Curtius.
916 5419 1008 5473 lib.
1051 5435 1120 5485 v;
1167 5418 1531 5473 Philostratus
1559 5433 1595 5472 I.
1629 5416 1834 5473 Pausa—

275 5510 398 5564 nias
435 5508 600 5562 tradit
640 5511 880 5563 omnium
911 5524 1072 5580 quam
1103 5524 1340 5578 unquam
1373 5509 1454 5564 sol
1500 5509 1708 5578 aspexit
1740 5525 1834 5562 ur-

275 5601 426 5654 bium
447 5603 736 5655 maximam
757 5621 772 5670 ;
797 5603 936 5657 muri
955 5604 1214 5656 ambitum
1235 5601 1418 5656 habuit
1441 5608 1830 5665 trecentorum,

276 5700 329 5748 ct
360 5695 635 5766 octoginta
660 5697 898 5768 quinque
946 5695 1282 5763 stadiorum;
1330 5709 1560 5765 quorum
1603 5694 1830 5750 altitudo

1939 4514 2027 4568 nis
2059 4522 2366 4582 structura;
2399 4516 2568 4569 multa
2594 4515 2754 4569 etiam
2791 4515 2893 4585 ipsi
2913 4515 3236 4582 invenirent,
3270 4529 3390 4585 quae
3423 4514 3501 4569 ita

1939 4605 2276 4674 perﬁcerent,
2318 4613 2377 4658 ut
2405 4620 2565 4660 nemo
2594 4607 2676 4660 vel
2712 4605 2779 4660 iis
2810 4606 3009 4675 aptius,
3042 4607 3125 4660 vel
3155 4604 3497 4659 commodius

1938 4695 2118 4750 dicere
2155 4697 2409 4764 potuerit.
2450 4695 2591 4762 Quid
2615 4697 2830 4767 gannis,
2878 4705 2931 4750 et
2959 4696 3193 4749 blateras
3225 4695 3500 4763 ineptissi-

1938 4799 2058 4837 mus
2084 4783 2246 4852 Anni,
2276 4785 2340 4839 iis
2365 4800 2458 4854 per
2487 4799 2626 4854 quos
2657 4784 2988 4854 profeceras,
3021 4786 3065 4838 si
3095 4785 3223 4854 quid
3259 4798 3496 4852 unquam

1937 4874 1992 4928 in
2027 4875 2221 4931 litteris
2274 4876 2577 4945 proiecisti,
2617 4877 2818 4932 rustice
2863 4874 3230 4947 ingratus?Si
3261 4873 3431 4928 Graeci
3463 4876 3498 4926 ii

1937 4973 2084 5032 sunt,
2118 4982 2256 5036 quos
2297 4976 2354 5022 tu
2384 4967 2649 5033 somnias,
2681 4969 2809 5039 quid
2851 4977 2929 5022 tot
2958 4967 3264 5038 vigiliarum
3296 4965 3352 5019 in
3389 4964 3499 5020 illis

1936 5047 2318 5114 elucubrandis
2388 5060 2758 5130 nugamenta?
2787 5058 2926 5126 Quid
2965 5067 3044 5113 tot
3079 5065 3368 5128 congestas
3413 5058 3508 5111 in-

1935 5149 2109 5218 eptias
2139 5149 2345 5204 insulse
2377 5147 2679 5219 impendis?
2711 5150 2850 5215 Quid
2879 5151 2933 5203 in
2963 5149 3069 5202 illis
3091 5147 3503 5204 commentariis

1936 5239 2272 5294 illustrandis
2316 5254 2533 5309 operam
2568 5240 2790 5310 perdis?
2819 5239 2911 5294 Nae
2961 5249 3016 5294 tu
3058 5256 3162 5293 una
3201 5256 3323 5294 cum
3365 5240 3498 5302 illis,

1933 5347 2070 5400 quos
2106 5331 2302 5386 studiis
2354 5331 2572 5394 adoras,
2611 5333 2793 5402 lingua
2839 5332 3019 5400 iniqua
3051 5331 3392 5400 impudenter
3417 5330 3496 5384 la-

1934 5437 2108 5484 ceras,
2148 5423 2232 5475 vel
2268 5423 2528 5485 insanire,
2560 5422 2642 5476 vel
2674 5423 2858 5485 fallax,
2887 5430 2939 5475 et
2972 5421 3236 5490 impostor
3258 5435 3380 5474 esse
3406 5419 3501 5474 (ie—

1933 5512 2316 5584 prehenderis!
2355 5513 2523 5567 Gnaei
2549 5521 2695 5575 sunt,
2729 5529 2867 5581 quos
2891 5514 3003 5582 ipse
3031 5513 3198 5567 duces
3225 5511 3490 5581 sequeris,

1933 5612 1980 5660 el
2021 5620 2085 5660 eo
2113 5606 2222 5660 illis
2265 5605 2590 5675 pcrversior,
2633 5605 2776 5674 quod
2821 5619 2942 5657 eum
2975 5619 3070 5658 eos
3107 5612 3361 5674 tanquam
3389 5605 3494 5657 im-

1933 5703 2180 5765 postores
2227 5713 2474 5764 accuses,
2509 5711 2698 5752 eorum
2745 5703 2925 5752 tamen
2973 5695 3216 5763 vestigiis
3255 5696 3492 5751 insistis.
