4072 6338
297 270 406 329 997

1374 275 1443 331 IN
1484 274 1850 333 EUSTATHII
1886 272 2358 336 HEXAEMERON
2386 282 2615 343 NOTAE.

3428 295 3532 351 998

298 405 609 462 ronymum,
657 405 723 445 ex
764 390 1005 448 Hebraeis
1040 391 1333 465 Josephum
1358 436 1373 462 ,
1412 402 1467 451 et
1502 411 1569 452 ex
1603 394 1869 451 Cbaldzeis
1896 397 1945 455 Δ
1974 393 2268 468 Scriptum
2304 402 2424 458 loca
2461 403 2615 475 bene}
2648 386 3082 474 considerentur,
3120 409 3277 466 aliam
3315 421 3531 484 gentem

294 482 579 537 Berosum.
636 480 931 539 Eusebium
979 486 1095 540 scio
1130 486 1378 542 Graecum
1422 490 1641 543 natione
1670 486 1860 554 fuisse,

294 572 544 629 Graecum
571 574 681 629 late
711 588 927 645 sumpto
950 580 1234 645 vocabulo,
1260 579 1553 651 Graeceque
1573 581 1862 652 scripsisse

292 666 725 736 Hieronymum;
763 667 859 722 sed
901 678 1020 724 esto
1077 670 1334 736 Latinus;
1383 671 1680 743 Josephum
1732 676 1861 729 reli-

292 755 456 825 gione
491 756 762 826 Iudaeum,
820 760 1122 830 scriptione
1168 762 1439 819 Grmcum.
1494 763 1589 819 Sat
1618 767 1773 833 bene,
1804 776 1859 822 at

292 846 566 904 Eusebius
595 850 869 918 quomodo
896 850 1163 908 Latinus?
1190 855 1270 909 An
1303 857 1432 926 quia
1453 857 1566 926 ipse
1598 868 1720 913 eum
1757 859 1857 911 La-

289 940 468 995 tinum
495 942 728 1011 legerit?
755 943 851 997 sed
886 943 1014 1014 legit
1042 952 1095 999 et
1118 944 1369 1001 Latinum
1397 947 1692 1019 Iosepbum
1724 952 1853 1020 (non

287 1030 438 1085 enim
489 1031 625 1084 tanti
686 1030 789 1085 fuit
833 1033 920 1088 hic
967 1046 1160 1091 auctor
1207 1046 1265 1092 ut
1304 1038 1521 1097 Graacos
1580 1053 1852 1109 auctores,

287 1118 475 1176 Graece
514 1121 794 1191 loquentes
830 1128 1179 1192 percurrerit,
1210 1136 1270 1181 ut
1304 1130 1508 1199 passim
1554 1132 1739 1189 videre
1770 1143 1855 1189 est

286 1212 347 1266 in
372 1212 474 1269 hoc
503 1214 729 1283 libello),
749 1223 803 1269 et
834 1214 1086 1272 Latinum
1118 1220 1402 1287 Berosum,
1435 1240 1536 1279 nec
1565 1234 1744 1281 tamen
1770 1228 1854 1283 in-

283 1312 373 1360 ter
399 1304 622 1361 Latinos
655 1318 996 1364 annumerat.
1047 1311 1104 1366 Si
1154 1314 1338 1384 itaque
1371 1332 1481 1372 non
1536 1322 1849 1391 scriptione,

282 1396 383 1452 sed
410 1406 602 1454 natura
631 1408 684 1456 et
716 1402 821 1456 ritu
848 1419 1020 1475 genus
1045 1404 1244 1462 Tarafa
1273 1410 1555 1482 dijudicat,
1584 1413 1851 1472 Eusebius

282 1490 393 1544 erit
424 1489 662 1548 Graecus.

356 1580 473 1636 Col.
504 1581 631 1647 753,
667 1584 759 1639 lin.
796 1587 883 1641 52.
910 1591 1127 1659 Γαμερ,
1153 1590 1320 1659 ὅστις
1336 1598 1647 1665 Γαμαρεῖς.
1673 1600 1849 1655 Chro-

281 1673 440 1727 nicon
479 1674 895 1733 Alexandrinum
938 1683 1216 1750 Κελκαίοι,
1237 1685 1525 1752 Eusebius,
1549 1691 1845 1747 Καππάδο-

1966 494 2020 542 et
2056 490 2331 547 nationem
2360 493 2617 561 innuunt,
2650 512 2813 568 quam
2853 516 2975 556 eam
3020 502 3088 557 ad
3138 518 3301 573 quam
3348 508 3532 560 omnia

1964 577 2053 634 isti
2089 578 2197 634 duo
2238 592 2491 641 auctores
2533 587 2795 645 referunt.
2831 590 3021 663 Populi
3070 609 3305 665 namque
3346 598 3534 654 Ibero-

1964 685 2082 723 rum
2113 682 2269 727 erant
2300 674 2354 729 in
2384 677 2513 730 Asia
2550 680 2759 734 nationi
2785 680 3087 753 Chalybum
3116 685 3317 746 vicina,
3343 686 3533 757 ibique

1963 777 2130 818 venas
2157 768 2457 823 metallicas
2485 774 2989 840 perscrutabantur.
3026 776 3159 831 Nam
3194 786 3246 832 et
3280 776 3529 835 Ezechiel

1963 855 2197 910 collocat
2249 858 2461 914 Thubal
2520 862 2577 916 in
2648 868 3097 934 septentrionem.
3148 869 3400 926 Iustinus
3428 872 3524 928 lib.

1962 954 2235 1014 postremo
2294 952 2483 1006 scribit
2539 953 2807 1027 Chalybes
2857 959 2911 1012 in
2948 960 3264 1029 Hispaniam
3291 964 3523 1028 venisse,

1962 1048 2020 1091 ut
2073 1039 2334 1095 credibile
2364 1043 2436 1096 sit
2487 1043 2635 1102 illius
2680 1048 2928 1104 homines
2983 1054 3300 1121 quaesivisse
3356 1072 3525 1112 venas

1959 1130 2276 1197 metallicas,
2310 1140 2362 1187 et
2389 1135 2443 1188 in
2480 1138 2608 1191 aliis
2653 1140 2832 1194 terris.
2875 1140 3167 1207 Eusebius,
3216 1146 3419 1211 Θωϐὲλ,
3465 1150 3523 1216 ἐξ

1956 1215 2017 1274 οὗ
2047 1222 2322 1277 Θετταλοί.
2356 1225 2651 1283 Chronicon
2687 1232 3126 1299 Alexandrinum,
3158 1236 3341 1302 Θοὸὲλ,
3375 1240 3432 1306 ἐξ
3461 1215 3523 1294 οὗ

1957 1314 2289 1368 Μακουακοί.
2344 1319 2442 1375 His
2493 1336 2592 1376 nec
2640 1323 2851 1380 Annius
2885 1340 2987 1381 nec
3037 1327 3231 1383 Tarafa
3279 1330 3521 1386 animum

1957 1403 2327 1461 adverterunt.

2025 1495 2185 1562 Ibid.,
2240 1499 2336 1551 lin.
2392 1499 2478 1552 57.
2541 1500 2717 1569 ὀσύχ
2746 1505 3185 1574 Μεσχηναίους.
3228 1506 3517 1577 Iosephus,

1954 1584 2063 1636 Kal.
2090 1587 2347 1656 Μεσχινο¹ι
2376 1590 2432 1642 δὲ
2468 1591 2570 1643 ὑπὸ
2597 1592 2813 1663 Μέσχου
2848 1596 3174 1660 κτισθέντες,
3223 1600 3517 1653 Καππάδο-

1953 1693 2046 1740 κες
2081 1679 2176 1748 μὲν
2209 1680 2315 1751 γὰρ
2337 1681 2458 1753 ἄρτι
2492 1683 2815 1755 κέκληνται,
2848 1690 2945 1759 τῆς
2980 1689 3035 1741 δὲ
3076 1690 3303 1760 ἀρχαίας
3337 1692 3517 1745 αὐτῶν

279 1780 399 1829 κες.
446 1766 578 1820 Cum
627 1768 912 1828 Eustathio
960 1784 1043 1831 est
1067 1776 1334 1847 Iosephus
1372 1782 1517 1836 lib.i
1559 1782 1833 1854 Antiquit.,

1949 1770 2315 1840 προσηγορίας
2352 1776 2574 1843 σημεῖον
2607 1755 2913 1831 δείκνυται.-
2932 1780 3092 1843 Πόλις
3247 1784 3360 1836 ἐστι
3388 1784 3515 1856 παρ’

278 1874 402 1929 cap.
435 1860 465 1912 7
502 1880 515 1917 :
555 1863 691 1928 Τοὺς
744 1867 841 1936 μὲν
885 1868 992 1941 γὰρ
1039 1870 1133 1926 νῦν
1182 1873 1271 1943 ὑφ’
1317 1875 1578 1947 Ἑλλήνων
1607 1879 1847 1945 Γαλάτας

277 1949 677 2020 καλουμένους,
739 1956 1008 2030 Γομαρεῖς
1065 1962 1121 2015 δὲ
1180 1962 1520 2035 λεγομένους,
1604 1970 1846 2043 Γομαρδς

278 2037 483 2093 ἔκτισε.
518 2041 600 2095 Ab
635 2043 737 2098 hoc
766 2055 917 2102 ortos
964 2064 1085 2104 esse
1133 2050 1473 2120 Cimmerios,
1515 2060 1607 2127 qui
1656 2037 1845 2129 postea

276 2130 485 2185 Cimbri
516 2134 647 2188 dicti
677 2148 804 2191 sunt
833 2139 1052 2208 quidam
1078 2144 1410 2211 existimant,
1444 2158 1498 2204 et
1522 2150 1844 2210 Cimmerios

287 2222 460 2277 fuisse
516 2225 659 2279 ultra
715 2227 1002 2285 Thraciam
1053 2234 1197 2288 circa
1255 2236 1559 2295 Moeotidem
1591 2244 1841 2311 paludem

274 2315 513 2382 probant
547 2332 613 2371 ex
646 2333 765 2389 cap.
813 2338 1022 2377 xxxvm
1056 2325 1372 2394 Ezechielis,
1414 2332 1507 2402 qui
1540 2332 1737 2390 Gomer
1786 2345 1841 2391 et

271 2400 533 2474 Iogorma
562 2408 731 2464 latera
758 2427 880 2468 esse
906 2413 1197 2485 Aquilonis
1228 2400 1449 2477 scribit.'

345 2492 509 2561 Ibid.,
555 2498 649 2552 lin.
694 2500 783 2555 54.
827 2503 1003 2576 Ἁτὼγ
1038 2510 1356 2579 Μαγώδεις.
1397 2512 1685 2586 Iosephus,
1714 2521 1838 2574 Ma-

269 2582 460 2657 γὼγης
492 2587 548 2642 δὲ
594 2592 717 2655 τοὺς
770 2595 861 2648 ὑπ’
912 2597 1074 2652 αὐτοῦ
1120 2603 1398 2672 Μαγώγας
1445 2582 1839 2679 ὀνομασθέντας

269 2674 474 2746 ᾤκισε,
529 2679 738 2745 Σκύθας
775 2684 846 2769 δὲ
895 2686 985 2740 ὑπ’
1018 2689 1197 2743 αὐτῶν
1247 2674 1833 2769 προσαγορευομένους.

267 2763 561 2833 Eusebius,
613 2771 673 2836 ἐξ
724 2767 785 2827 οὗ
835 2776 1048 2843 Κελτοὶ,
1095 2782 1189 2834 και
1231 2763 1505 2843 Γαλάται(
1543 2763 1834 2847 amnica}:

265 2856 714 2928 Alexandrinum,
744 2858 893 2927 ὲξοῦ
938 2869 1274 2941 Ἀκυρτανοί.
1310 2874 1533 2932 Gentem
1560 2880 1699 2936 hanc
1722 2884 1834 2937 Ma-

264 2962 527 3019 gogorum
582 2950 829 3010 Ezechiel
885 2963 1357 3028 septentrionalem
1411 2984 1535 3025 esse
1591 2973 1723 3028 diett
1780 2983 1833 3031 et

263 3042 507 3096 externis
551 3048 883 3116 temporibus
918 3051 1034 3107 late
1083 3064 1412 3114 vastaturam
1450 3064 1641 3130 Israel,
1686 3070 1830 3125 unde

260 3144 378 3183 non
400 3130 667 3188 immerito
703 3134 978 3208 Scythiam
1011 3158 1133 3199 esse
1175 3156 1361 3201 noster
1404 3148 1720 3210 Eustathius
1746 3159 1829 3211 af-

259 3222 466 3276 ﬁrmat.
513 3222 836 3297 Scytharum
872 3232 1057 3301 plures
1104 3238 1353 3294 nationes
1398 3249 1451 3295 et
1495 3258 1682 3301 eorum
1728 3265 1829 3304 no.

258 3316 412 3370 mina
444 3316 563 3373 vide
595 3321 737 3390 apud
752 3323 1120 3381 Abrahamum
1142 3331 1440 3388 Hortelium
1471 3336 1527 3390 in
1561 3338 1826 3397 Thesauro

256 3403 626 3470 geographica.
678 3404 873 3462 Strabo
908 3411 1116 3475 scribit,
1146 3414 1240 3471 lib.
1276 3432 1312 3479 ι,
1338 3433 1534 3474 omnes
1580 3426 1825 3494 cognitas

260 3493 517 3562 regiones
564 3512 758 3554 versus
802 3506 1222 3571 septentrionem
1256 3523 1365 3561 uno
1395 3513 1549 3578 prius
1582 3493 1821 3583 nomine,

256 3584 344 3638 vel
379 3584 629 3657 Scythas,
670 3593 753 3647 vel
787 3601 844 3646 ut
871 3595 939 3649 ab
968 3598 1207 3652 Homero
1231 3597 1501 3658 Nomades
1527 3607 1824 3675 appellatas

254 3674 400 3731 idem
432 3681 646 3736 videtur
674 3700 939 3752 asserere,
974 3698 1027 3745 et
1063 3692 1099 3745 l.
1139 3708 1197 3747 ιι.

325 3769 489 3837 Ibid.,
518 3773 615 3828 lin.
644 3776 732 3831 55.
778 3778 940 3835 Ἀδικεῖ
961 3784 1283 3851 Μαδαίους.
1306 3784 1595 3859 Iosephus,
1626 3790 1745 3847 Τῶν
1769 3793 1824 3848 δὲ

267 3860 484 3931 Ἰάφθου
520 3867 721 3921 παίδων
758 3870 993 3926 Ἰαυάνου
1026 3876 1118 3928 καὶ
1164 3878 1371 3932 Μάδου.
1412 3880 1544 3935 Ἀπὸ
1587 3884 1686 3954 μὲν
1728 3902 1821 3939 του

252 3953 487 4009 Μαδαῖοι
520 3958 814 4027 γίγνονται,
863 3964 1014 4029 ἔθνος
1062 3967 1089 4020 ὃ
1141 3970 1275 4042 πρὸς
1335 3953 1603 4045 Ἑλλήνων
1649 3979 1822 4047 Μῆδοι

252 4045 566 4119 κέκληνται.
589 4050 875 4121 Eusebius,
896 4056 956 4122 ἐξ
983 4053 1044 4111 οὗ
1067 4060 1257 4131 Μῆδοι.
1285 4062 1579 4121 Chronicon
1597 4045 1824 4126 Alexan-

250 4138 488 4203 drinum,
518 4142 698 4195 Μαδαῒ
723 4144 780 4210 εξ
806 4140 866 4199 οὗ
900 4148 1205 4219 Βρεττανοί.
1236 4152 1373 4209 Medi
1418 4172 1605 4215 versus
1645 4163 1821 4218 orien-

252 4240 365 4286 tem
411 4239 685 4305 progressi
713 4249 859 4308 sunt,
895 4256 1027 4312 gens
1062 4244 1263 4299 nobilis
1286 4255 1339 4301 et
1370 4248 1522 4307 dives
1569 4253 1614 4307 si
1646 4252 1819 4310 Hero-

251 4322 405 4390 doto,
458 4325 824 4398 Xenophonti,
877 4333 1108 4405 aliisque
1157 4338 1515 4409 scriptoribus
1546 4343 1681 4401 lldes
1717 4347 1819 4402 ha-

250 4417 431 4473 benda
458 4429 563 4477 est.

319 4510 458 4567 Ibid.
496 4514 685 4570 Ἰουὰν
724 4520 961 4578 Ἰωνίαν.
996 4523 1286 4595 Iosephus,
1332 4528 1464 4581 Ἀπὸ
1489 4529 1545 4583 δὲ
1581 4530 1815 4587 Ἰαυάνου

260 4605 437 4660 Ἰωνία
484 4609 580 4662 καὶ
624 4612 824 4676 πάντες
868 4615 1125 4685 ’Έλληνες
1169 4619 1473 4686 γεγόνασιν.
1527 4621 1814 4689 Eusebius,

260 4696 469 4762 Ἰωυὰν,
505 4698 565 4765 ἐξ
616 4695 678 4754 οὗ
726 4703 983 4775 ’Έλληνες
1034 4708 1128 4759 καὶ
1179 4709 1228 4759 οἱ
1262 4708 1463 4772 Ἴωνες.
1521 4708 1814 4765 Chronicon

246 4786 692 4856 Alexandrinum,
735 4793 892 4847 ‘Iwua‘r
924 4795 1143 4861 Σπάνοι,
1169 4799 1215 4850 οἱ
1246 4799 1337 4852 καὶ
1366 4800 1668 4870 Τυράννιοι.
1709 4804 1817 4872 Αρ-

246 4881 543 4950 pellatione
568 4883 766 4940 Ionum
788 4890 1174 4957 comprehendi
1208 4889 1426 4945 Graecos
1459 4891 1628 4947 ﬁrmis
1662 4896 1816 4948 testi.

243 4977 448 5032 moniis
477 4980 698 5047 probari
739 4989 915 5051 potest
944 4998 1011 5038 ex
1042 4982 1281 5051 Daniele,
1318 5000 1441 5039 cum
1475 4986 1813 5042 eversionem

242 5069 400 5137 regni
450 5068 741 5127 Persarum
793 5072 961 5128 Iavan
1008 5078 1269 5143 nominet,
1312 5086 1366 5131 et
1416 5086 1595 5147 potest
1646 5079 1813 5134 etiam

240 5163 599 5231 profanorum
632 5166 958 5236 scriptorum
989 5171 1313 5226 auctoritate
1339 5172 1669 5227 conﬁrmari.

316 5251 479 5317 Ibid.,
515 5254 612 5309 lin.
644 5254 731 5309 56.
782 5257 941 5311 Ὀόὲλ
976 5261 1319 5327 Θεοϐέλους.
1343 5260 1638 5333 Iosephus,
1666 5267 1812 5319 Κατ-

239 5344 437 5408 οικίζει
488 5345 543 5398 δὲ
605 5350 700 5400 καὶ
746 5348 1016 5419 Θοῦὴλους
1063 5352 1320 5422 Θὸϐηλος,
1370 5356 1565 5418 οἵτινες
1599 5359 1655 5409 ὲν
1701 5362 1814 5422 τοῖς

241 5436 339 5491 νῦν
372 5439 588 5511 Ἴϐηρες
612 5442 921 5498 καλοῦνται.
946 5444 1199 5501 Pluribus
1228 5448 1277 5501 id
1314 5450 1542 5517 probare
1567 5451 1814 5504 nituntur

241 5530 480 5593 Annius,
512 5540 566 5585 et
596 5531 812 5593 Tarafa,
844 5551 909 5589 ex
941 5536 1269 5605 quibusdam
1309 5539 1497 5592 lberize
1531 5540 1811 5594 civitatum

244 5623 560 5679 nominibus
590 5625 821 5695 sumptis
852 5630 1210 5697 argumentis,
1254 5647 1414 5701 quem
1457 5641 1509 5685 et
1543 5633 1814 5702 Hispano-

245 5729 365 5774 rum
398 5720 631 5790 primum
683 5736 863 5790 regem
904 5724 1263 5777 constituunt.
1308 5722 1505 5779 Verum
1546 5725 1591 5779 si
1642 5740 1810 5779 sacrm

1951 1857 2132 1920 αὐτοῖς
2171 1858 2248 1912 ἔτι
2283 1862 2375 1915 καὶ
2408 1862 2502 1917 νῦν
2549 1865 2785 1929 Μάζακα
2835 1868 3066 1938 δηλοῦσα
3112 1874 3222 1934 τοῖς
3276 1874 3513 1928 συνιέναι

1946 1948 2257 2021 δυναμένοις
2290 1953 2429 2007 οὕτω
2455 1958 2583 2009 ποτὲ
2615 1963 3045 2033 προσαγορευθὲν
3081 1966 3139 2016 τὸ
3171 1964 3341 2030 ἔθνος.
3404 1968 3513 2023 Eu-

1946 2041 2150 2105 sebius,
2199 2044 2401 2114 Μεσὸχ,
2447 2045 2505 2109 ἐξ
2552 2040 2610 2098 οῦ
2659 2047 2919 2119 Ἰλλυριοί.
2954 2051 3249 2108 Chroniron
3279 2056 3513 2112 Alexan-

1944 2132 2173 2197 drinum,
2202 2134 2409 2205 Μεσὸχ,
2440 2135 2498 2200 ἐξ
2525 2130 2585 2188 οὗ
2635 2138 2674 2188 Γ
2678 2139 2902 2191 ετουλοί.
2945 2138 3174 2205 Quidam
3203 2143 3513 2202 existimant

1943 2219 2043 2276 hos
2064 2236 2184 2277 esse
2211 2222 2535 2281 Moschoviae
2558 2230 2808 2298 populos,
2836 2231 2929 2300 qui
2953 2245 2984 2285 a
3009 2236 3282 2288 veteribus
3305 2235 3510 2307 Μοσχι-

1943 2315 2027 2367 κοί
2074 2324 2128 2371 et
2174 2318 2535 2374 Μοσσύνοικοι
2589 2323 2842 2392 appellati
2902 2331 3050 2377 sunt.
3106 2325 3282 2395 Hujus
3332 2328 3509 2396 gentis

1939 2408 2114 2476 prima
2144 2409 2299 2464 sedes
2330 2408 2431 2463 fuit
2460 2410 2613 2465 littus
2642 2412 2802 2466 Ponti
2829 2410 3052 2478 Euxini,
3078 2422 3265 2484 postea
3298 2414 3512 2485 Cappa-

1938 2499 2103 2555 doces
2161 2499 2357 2567 fuere;
2412 2500 2606 2558 deinde
2659 2518 2853 2560 versus
2903 2506 3326 2575 septentrionem
3377 2522 3508 2576 pro-

1940 2605 2125 2661 gressa
2160 2600 2261 2647 est.

2007 2684 2123 2740 Col.
2159 2685 2281 2751 756,
2324 2686 2419 2740 lin.
2454 2686 2505 2740 1.
2543 2688 2750 2755 Θείρας
2775 2688 2915 2755 τοὺς
2942 2691 3168 2758 Θείρας.
3214 2691 3505 2761 Iosephus,

1938 2776 2133 2847 Θείρης
2163 2777 2219 2831 δὲ
2247 2776 2442 2847 Θείρας
2470 2778 2568 2849 μὲν
2599 2780 2876 2844 ἐκάλεσεν,
2905 2776 2980 2835 ὧν
3012 2777 3175 2853 ἦρξεν
3196 2800 3210 2812 ·
3247 2783 3506 2853 Ἕλληνες

1936 2869 1994 2921 δὲ
2037 2870 2255 2939 Θρᾷκας
2315 2870 2510 2933 αὐτοὺς
2574 2873 2983 2942 μετωνόμασαν.
3029 2873 3330 2939 Eusebius,
3391 2874 3503 2944 Θη-

1938 2962 2069 3034 ρὰς,
2104 2959 2162 3025 ἐξ
2201 2955 2260 3015 οῦ
2293 2960 2522 3031 Θρᾷκες.
2577 2960 2869 3016 Chronicon
2922 2965 3359 3030 Alexandrinum,
3394 2966 3504 3035 Θη-

1940 3054 2067 3126 ρὰς,
2104 3053 2161 3118 ἐξ
2183 3050 2244 3108 οὗ
2287 3054 2493 3125 Ἀφροί.
2542 3052 2637 3108 Est
2665 3063 2718 3108 et
2748 3055 2804 3108 in
2836 3054 3031 3109 Russia
3063 3055 3257 3109 ﬂuvius
3283 3056 3504 3112 nomine

1934 3144 2150 3209 Thiras,
2183 3159 2350 3215 quare
2382 3144 2626 3199 nonnulli
2659 3144 3009 3214 suspicantur
3039 3147 3106 3199 ab
3140 3146 3240 3200 hac
3266 3147 3504 3217 appella.-

1934 3237 2079 3291 tione
2105 3235 2202 3290 lilii
2238 3235 2451 3309 Japhet,
2478 3244 2530 3292 et
2555 3236 2777 3292 ﬂuvium
2808 3244 2862 3292 et
2882 3246 3092 3308 gentem
3125 3246 3500 3309 nuncupatum

1932 3342 2072 3383 esse.

2007 3417 2163 3484 Ibid.,
2199 3419 2296 3473 lin.
2324 3419 2377 3473 2.
2412 3419 2653 3489 Σχανὰξ
2687 3419 2756 3483 ἐξ
2796 3414 2890 3475 οὗ.
2919 3417 3208 3488 Iosephus,
3238 3420 3494 3491 Γαμάρου

1932 3509 1988 3563 δὲ
2020 3509 2184 3580 τριῶν
2226 3508 2357 3562 υἱῶν
2410 3509 2732 3578 γενομένων,
2784 3508 3114 3580 Ἀσχανάξης
3150 3510 3248 3579 μὲν
3301 3510 3495 3582 ’Λαχα-

1930 3602 2094 3668 νάξας
2131 3602 2349 3673 ᾤκισεν,
2382 3603 2429 3657 οἶ
2476 3602 2567 3657 νῦν
2622 3603 2866 3673 Ῥηγίνες
2914 3603 3019 3656 ὑπὸ
3058 3602 3168 3656 τῶν
3230 3604 3494 3676 Ἐλλήνων

1931 3694 2236 3749 καλοῦνται.
2290 3694 2578 3758 Eusebius,
2646 3696 2931 3765 Ἀσχανὰξ,
2988 3696 3047 3762 ἐξ
3094 3691 3155 3751 οὗ
3226 3698 3489 3770 Ῥηγῖνες.

1929 3785 2220 3840 Chronicon
2265 3785 2702 3851 Alexandrinum,
2771 3786 3073 3858 ’Δσχανὰθ,
3130 3788 3190 3854 ἐξ
3252 3786 3314 3845 οὗ
3372 3791 3493 3847 Μά-

1929 3880 2095 3943 ζικες.

1999 3971 2157 4037 Ibid.,
2195 3972 2290 4027 lin.
2328 3973 2381 4027 5,
2433 3972 2661 4041 Ῥιερὰθ,
2684 3972 2753 4037 ἐξ
2771 3968 2864 4029 οὗ.
2899 3970 3188 4045 Iosephus,
3230 3975 3491 4047 Ῥιφάθης

1925 4064 1981 4119 δὲ
2024 4065 2334 4134 Ῥιφαθέους
2377 4066 2501 4128 τοὺς
2545 4065 2900 4133 Παφλαγόνας
2944 4066 3285 4136 λεγομένους.
3323 4065 3491 4121 Euse-

1926 4159 2068 4225 bius,
2111 4160 2314 4230 Ῥιχὰδ,
2345 4158 2403 4223 ἐξ
2435 4152 2494 4213 οῦ
2530 4160 2895 4232 Σαυρομάται.
2926 4156 3220 4213 Chronicon
3254 4158 3489 4211 Alexan-

1927 4254 2160 4319 drinum,
2219 4251 2442 4321 Ῥυφὰθ,
2477 4252 2535 4320 ἐξ
2562 4248 2626 4307 οῦ
2655 4252 3011 4323 Ταράμαντες
3051 4250 3323 4321 ὲξὼτεροι,
3369 4252 3488 4321 qui-

1925 4346 2049 4401 dam
2083 4353 2273 4416 putant
2307 4346 2589 4415 legendum
2617 4345 2989 4415 Γαράμαντες.

1851 4454 1896 4509 ι)
1993 4438 2152 4505 Ibid.,
2184 4438 2278 4492 lin.
2308 4437 2359 4491 ὁ.
2387 4435 2807 4507 Θυγραμμὰεις.
2829 4432 3116 4505 Iosephus.
3147 4434 3487 4505 Θυγράμμης

1918 4532 1974 4585 δὲ
2023 4530 2476 4602 Θυγραμμάνους,
2528 4528 2577 4581 οἶ
2629 4527 2784 4591 δόξαν
2815 4527 3040 4597 Ἕλλησι
3085 4525 3293 4597 Φρύγες
3348 4526 3483 4579 ὠνο-

1919 4624 2220 4696 μάσθησαν.
2279 4621 2564 4683 Eusebius,
2623 4618 2907 4691 Θοργαμὰ,
2961 4618 3019 4683 ἐξ
3064 4613 3123 4673 οὗ
3188 4618 3479 4689 Ἀρμένιοι.

1916 4715 2213 4769 Chronicon
2274 4711 2724 4777 Alexandrinum,
2784 4711 3114 4782 Θοσμαγαο.
3166 4710 3223 4773 ἐξ
3277 4706 3337 4764 οῦ
3385 4708 3483 4764 Βο-

1955 4803 2098 4859 άδες.

1918 4820 2145 4959 “ibid”
2184 4895 2277 4947 lin.
2319 4892 2370 4946 6.
2403 4893 2712 4958 Ἑλίσιισα,
2746 4892 2813 4955 ἐξ
2835 4887 2929 4947 οὗ.
2962 4889 3250 4961 Iosephus,
3307 4891 3481 4944 Ἰαυά-

1914 5004 2003 5040 νου
2036 4986 2091 5040 δὲ
2139 4985 2229 5039 τοῦ
2276 4986 2488 5055 Ἰάφθου
2520 4984 2684 5055 τριῶν
2715 4983 2877 5037 αὑτοῦ
2908 4983 3109 5037 παίδων
3153 4984 3480 5054 γενομένων,

1926 5078 2137 5143 Ἀλίσας
2167 5078 2264 5149 μὲν
2308 5079 2608 5143 Ἀλισαίους
2638 5079 2913 5140 ἐκάλεσεν,
2945 5071 3019 5130 ὧν
3049 5072 3237 5147 ἦρχεν,
3274 5075 3480 5139 Αἰολεῖς

1911 5170 1966 5223 δὲ
1996 5170 2089 5225 νῦν
2116 5174 2240 5224 εἰσι.
2285 5171 2573 5236 Eusebius,
2605 5171 2840 5235 Ἐλισσά,
2866 5169 2925 5235 ἐξ
2963 5161 3024 5223 οὗ
3053 5168 3279 5221 Σικελοί.
3312 5167 3482 5222 Chro-

1913 5264 2064 5316 nicon
2103 5264 2541 5329 Alexandrinum,
2586 5265 2824 5326 Ἐλισσὰ,
2860 5262 2916 5329 ἐξ
2946 5258 3006 5314 οῦ
3037 5261 3268 5332 Μαῦροι.

1984 5354 2143 5418 Ibid.,
2181 5357 2276 5409 lin.
2314 5357 2366 5411 7.
2405 5355 2665 5424 Θαρσῆς,
2695 5357 2795 5425 ἀφ’
2825 5352 2918 5411 οὗ.
2955 5353 3244 5423 Iosephus,
3270 5353 3481 5425 Θάρσος

1912 5449 1966 5501 δὲ
1995 5450 2241 5520 Θαρσεῖς.
2291 5447 2446 5501 Οῦτω
2480 5449 2586 5520 γὰρ
2616 5449 2858 5501 ἐκαλεῖτο
2900 5448 2959 5499 τὸ
2994 5446 3219 5500 παλαιὸν
3258 5449 3290 5517 ἡ
3322 5444 3479 5501 Κιλιη

1913 5542 2023 5595 κία,
2062 5543 2291 5612 Σημείον
2342 5541 2431 5593 δέ·
2469 5540 2678 5611 Θαρσὸς
2726 5540 2835 5612 γὰρ
2885 5542 3013 5612 παρ’
3046 5541 3226 5603 αὐτοῖς
3250 5539 3357 5593 τῶν
3383 5540 3477 5595 πᾶ·

1914 5632 2049 5684 λεων
2100 5633 2130 5701 ή
2162 5631 2560 5700 ἀξιολογωτάτη
2595 5632 2840 5684 καλεῖται
2876 5630 3211 5700 μητρόπολις
3237 5625 3390 5684 οὖσα.
3416 5628 3480 5685 τὸ

1911 5724 2012 5777 ταῦ
2046 5724 2182 5795 πρὸς
2215 5723 2312 5796 τὴν
2342 5723 2529 5794 κλῆσιν
2560 5724 2679 5776 ἀντὶ
2711 5723 2802 5777 τοῦ
2838 5723 2974 5793 θῆτα
3016 5721 3473 5793 μεταϐαλλόντων.
