4072 6338
564 271 670 326 υυυ

1936 252 2180 311 LEONlS
2217 252 2486 309 ALLATII

3643 254 3784 311 1000

566 385 855 449 Eusebius,
904 380 1151 451 Θαρσεῖς,
1191 376 1250 443 ἐξ
1292 372 1353 433 οὗ
1386 378 1620 450 Ἴϐηρες.
1657 376 1951 432 Chronicon
1999 376 2125 431 Ale-

2244 376 2414 440 iabus,
2442 373 2707 438 masculis,
2730 372 2918 436 brutis,
2945 380 2995 427 et
3028 373 3204 443 quovis
3225 373 3331 427 alio
3356 389 3559 444 genere,
3601 373 3666 428 ob
3691 375 3786 429 hoc

569 462 906 542 iandrinum,
938 476 1187 546 Θαρσεῖς,
1218 472 1277 539 ἐξ
1303 467 1365 526 οὗ
1390 471 1733 543 Ταράναντες
1758 468 2033 541 ὲσώτεροι.

640 572 733 627 Col
746 569 895 629 .756.
913 568 1009 622 lin.
1029 564 1116 620 10.
1134 564 1344 633 Χεθεὶμ
1367 559 1632 630 Χεθειμά.
1657 558 1946 630 Josepbus,
1962 557 2127 611 Χέθι-

573 685 671 740 μος
696 665 754 720 δὲ
801 659 1014 731 Χεθιμά
1062 658 1159 730 τὴν
1188 657 1350 728 νῆσον
1402 654 1546 725 ἔσχε.
1583 652 1807 723 Κύπρος
1853 650 1989 721 αῦτη
2034 648 2129 705 νῦν

570 760 836 818 καλεῖται,
863 755 954 808 καὶ
984 754 1076 807 ἀπ’
1098 751 1264 821 αὐτῆς
1284 746 1436 819 νῆσοί
1467 761 1526 799 τε
1553 746 1723 798 πᾶσαι
1748 745 1838 798 καὶ
1860 741 1931 796 τὰ
1962 741 2129 795 πλείω

570 849 678 904 τῶν
710 844 862 918 παρᾶ
910 843 1180 898 Θάλασσαν
1214 836 1393 907 Χεθὶμ
1422 834 1528 888 ὑπὸ
1577 833 1839 905 Ἐϐραίων
1869 832 2127 903 ὀνομάζε-

570 958 680 995 ται.
713 939 936 1009 Μάρτυς
981 933 1036 987 δέ
1073 948 1174 1004 μου
1218 927 1312 982 τοῦ
1355 926 1512 995 λόγου
1545 924 1640 996 μία
1679 924 1787 977 τῶν
1816 925 1874 979 ὲν
1920 923 2130 993 Κύπρῳ

571 1031 778 1087 πόλεων
810 1028 1070 1099 ἰσχύσασα
1105 1024 1204 1095 τὴν
1242 1018 1607 1091 προσηγορίαν
1639 1013 1900 1087 φυλάξαι.
1929 1014 2130 1086 Κήθιος

572 1126 682 1197 γάρ
712 1122 817 1176 ὑπὸ
854 1118 961 1173 τῶν
1003 1113 1454 1185 ἐξελληνισάντων
1500 1110 1666 1180 αὐτὴν
1713 1107 1976 1169 καλεῖται,
2007 1105 2130 1177 μηδ’

570 1216 713 1270 οὕτω
740 1210 1100 1280 διαφεύγουσα
1131 1205 1223 1259 τοῦ
1259 1203 1495 1274 Χεθίμου
1524 1202 1584 1254 τὸ
1603 1201 1791 1271 ὄνομα.
1841 1198 2127 1263 Eusebius,

576 1308 774 1366 Κίτιοι,
828 1303 889 1367 ἐξ
918 1296 978 1355 οῦ
1020 1300 1233 1353 Λατῖνοι
1272 1297 1330 1349 οἱ
1374 1295 1468 1347 καὶ
1508 1294 1784 1363 Ῥωμαῖοι.
1837 1290 2130 1346 Chronicon

575 1395 1012 1454 Alexandrinum,
1053 1386 1356 1467 'P65t0t,.ég
1394 1378 1457 1439 οὗ
1496 1385 1774 1456 Ῥωμαῖοι,
1819 1384 1868 1436 ot
1906 1382 1999 1436 καὶ
2018 1382 2130 1437 Λα-

573 1493 728 1544 τῖνοι.
763 1486 897 1553 Quis
927 1485 1040 1538 baec
1064 1482 1245 1551 legens
1270 1494 1376 1532 non
1405 1476 1707 1546 deplorabit
1734 1473 2131 1545 exscriptorum

577 1578 869 1643 inscitiam,
905 1570 1223 1628 dictantium
1250 1566 1618 1629 oscitantiam,
1650 1570 1704 1618 et
1734 1570 2019 1617 auctorum
2047 1561 2129 1616 la-

578 1677 692 1723 tum
731 1667 1001 1737 iniquum,
1030 1658 1123 1731 qui
1159 1672 1223 1713 ea
1257 1669 1377 1726 quae
1419 1668 1593 1723 neque
1630 1652 1986 1722 scripserunt.
2034 1663 2132 1704 ne-

2230 467 2421 538 ejectus
2457 483 2489 519 a
2517 464 2658 518 lano
2689 466 2945 535 piissimo,
2968 474 3017 520 et
3040 466 3350 519 castimonia
3391 476 3548 535 atque
3580 466 3788 535 pudici-

2233 560 2307 612 tia
2368 557 2730 627 refertissimo,
2761 556 2980 609 sortitus
3031 565 3111 610 est
3169 565 3568 629 cognomentum
3620 556 3786 611 Chens

2233 649 2463 715 Esenua,
2488 648 2544 703 id
2570 657 2671 713 est,
2711 647 2870 703 Chem
2919 647 3135 718 infamis
3169 658 3218 701 et
3274 647 3591 715 impudicus,
3638 650 3792 702 incu-

2233 740 2325 795 bus
2353 749 2701 810 propagator;
2757 750 2834 795 est
2862 738 2999 792 enim
3038 736 3194 792 Esem
3228 737 3363 806 apud
3399 737 3627 808 Scythas
3649 740 3792 793 Ara-

2232 830 2397 883 intras
2452 828 2709 897 infamis,
2760 836 2809 883 et
2872 826 3199 897 impudicus.
3261 826 3415 882 Enua
3493 844 3612 882 vero
3671 838 3785 882 tum

2233 920 2551 990 impudicus,
2614 930 2725 973 tum
2774 929 3116 990 propagator,
3171 925 3278 975 etc.
3329 920 3487 991 Apud
3518 920 3793 978 Joannem

2233 1010 2553 1066 Cassianum
2587 1009 2825 1066 Serenus
2855 1013 3047 1075 abbas,
3081 1012 3264 1065 collat.
3294 1012 3348 1078 8,
3374 1027 3497 1082 cap.
3532 1012 3629 1078 21,
3678 1023 3795 1069 tra—

2233 1098 2332 1161 dit,
2389 1099 2721 1169 magicarum
2780 1102 3252 1169 superstitionum,
3290 1109 3342 1158 et
3386 1105 3793 1175 praestigiarum

2234 1189 2438 1258 primos
2480 1199 2732 1247 auctores
2789 1197 2845 1247 et
2893 1192 3184 1262 magistros
3245 1192 3414 1249 fuisse
3454 1195 3633 1250 malos
3697 1213 3796 1251 an-

2234 1281 2383 1349 gelos
2448 1280 2722 1351 quondam
2777 1296 2900 1336 cum
2940 1282 3263 1337 mulieribus
3320 1284 3549 1351 mistos;
3597 1301 3794 1341 earum

2233 1387 2364 1428 vero
2391 1372 2585 1426 artium
2619 1372 3105 1437 studiosissimum,
3129 1382 3183 1429 et
3202 1374 3590 1445 peritissimum
3620 1376 3800 1434 fuisse

2235 1463 2401 1520 Cham
2424 1463 2593 1519 lilium
2614 1448 2750 1529 Noe,
2780 1464 2874 1534 qui
2900 1480 2993 1521 eas
3022 1472 3167 1521 artes
3196 1481 3264 1521 ne
3306 1466 3511 1521 diluvio
3552 1469 3801 1538 perirent

2234 1553 2571 1610 diversorum
2599 1556 2942 1611 metallorum
2992 1555 3209 1611 laminis
3248 1565 3302 1611 et
3354 1556 3669 1615 durissimis
3715 1561 3799 1614 la-

2235 1647 2449 1716 pidibus
2491 1646 2792 1717 insculptas
2839 1648 3204 1714 conservavit,
3240 1656 3299 1703 et
3350 1658 3473 1720 post
3526 1650 3798 1707 diluvium

579 1776 686 1832 que
719 1758 1061 1815 somniarunt
1113 1750 1354 1823 quidem,
1406 1754 1676 1819 coguntur
1738 1744 1860 1800 aliis
1915 1742 2138 1832 legenda
2168 1759 2209 1813 Β
2237 1753 2331 1832 eas
2364 1739 2549 1832 docuit
2575 1746 2821 1810 posteros
2836 1755 2982 1805 suos,
3005 1748 3055 1796 et
3072 1755 3170 1810 per
3184 1740 3369 1796 orbem
3396 1740 3796 1798 disseminavit.

580 1830 921 1923 proponere?
979 1844 1218 1898 Victoris
1262 1838 1561 1910 presbyteri
1609 1834 1899 1905 explicatio
1943 1835 2003 1923 in
2044 1830 2137 1887 Je-

581 1922 821 2006 rentiam,
854 1953 973 2007 cap.
1001 1936 1058 1999 2,
1088 1932 1345 2001 Χεττιεὶμ
1375 1931 1408 2001 ὴ
1438 1927 1659 2000 Κύπρος
1687 1924 1823 1979 ἐστί.
1869 1922 2058 1996 Κηδὰρ
2080 1922 2138 1976 δὲ

580 2028 649 2105 ἦν
682 2033 795 2096 υίὸς
833 2027 1053 2100 Ἰσμαὴλ
1095 2024 1209 2079 υἱοῦ
1254 2020 1523 2094 Ἀϐραάμ,
1568 2019 1627 2083 ἐξ
1670 2011 1732 2071 οὗ
1759 2019 1792 2087 ἡ
1838 2016 1991 2088 χώρα
2036 2015 2139 2068 Σα-

586 2124 834 2203 ρακηνῶν
890 2120 1294 2191 ἐπωνόμασται.
1348 2113 1789 2203 Olympiodorus,
1846 2109 2001 2173 Τινὲς
2042 2108 2139 2180 μὲν

581 2200 859 2291 Κυπρίους
885 2213 1039 2284 φασὶ,
1073 2211 1213 2273 τινὲς
1241 2209 1299 2262 δὲ
1327 2205 1502 2260 Ἰνδῶν
1521 2204 1667 2275 ἔθνη.
1695 2200 2136 2291 Οδηεοδῑοᾉηιιιε,

581 2289 807 2374 ibidem,
838 2301 1101 2373 Χεττιείμ
1147 2315 1292 2362 τινες
1339 2297 1546 2366 ἔφασαν
1572 2291 1869 2365 Κυπρίους,
1901 2289 2045 2355 τινὲς
2083 2289 2141 2344 δὲ

581 2401 764 2464 Χίους.

653 2514 814 2577 lbid.,
842 2512 939 2566 lin.
969 2510 1054 2564 15.
1079 2509 1143 2561 Ol
1156 2505 1224 2560 ss
1255 2503 1372 2560 υἱοὶ
1399 2503 1504 2558 τοῦ
1520 2502 1665 2572 Χάμ.
1685 2500 1976 2571 Iosephus.
2007 2496 2141 2551 υίδὲ

581 2607 771 2678 Χάμου
787 2604 993 2669 παῖδες,
1005 2600 1098 2672 τὴν
1122 2597 1229 2653 άπὸ
1244 2597 1462 2671 Συρίας,
1477 2595 1571 2648 καὶ
1598 2593 1856 2664 Ἀμάνου,
1876 2591 1969 2646 καὶ
1983 2590 2144 2644 Λιϐά⁴

580 2717 674 2758 νου
689 2696 795 2751 τῶν
810 2698 947 2768 ὅρων
969 2694 1073 2764 γῆν
1098 2689 1377 2760 κατέσχον,
1406 2688 1504 2741 ὅσα
1523 2685 1656 2758 πρὸς
1683 2684 1955 2738 θάλασσαν
1973 2681 2141 2752 αὐτῆς

583 2792 879 2863 ἐτέτραπτο
923 2781 1338 2846 καταλαϐόντες,
1387 2780 1482 2834 καὶ
1507 2778 1575 2832 τά
1605 2778 1763 2850 μέχρι
1784 2774 1876 2830 τοῦ
1901 2771 2140 2828 ὠκεανοῦ

584 2880 1006 2951 ἐξιδιωσάμενοι.
1041 2876 1107 2929 Al
1150 2873 1332 2946 μέντοι
1361 2869 1719 2944 προσηγορίαι
1764 2865 1871 2920 τῶν
1922 2865 2017 2936 μὲν
2051 2864 2143 2917 καὶ

583 2971 856 3035 παντελῶς
882 2969 1112 3040 ἐξίτηλοι
1140 2964 1444 3035 γεγόνασιν,
1493 2960 1648 3015 ἐνίων
1687 2958 1746 3013 δὲ
1782 2955 2143 3028 μεταϐάλλου-

584 3086 693 3133 σαι,
733 3063 826 3120 καὶ
862 3055 1409 3135 μεταρρυθμισθεῖσαι
1437 3053 1573 3125 πρὸς
1602 3050 1790 3121 ἑτέρας
1817 3047 2142 3118 δύσγνωστοι

582 3155 954 3225 τυγχάνουσιν.
992 3149 1281 3223 Eusebius,
1329 3145 1459 3217 Χὰμ
1503 3143 1560 3196 δὲ
1597 3140 1676 3213 τῷ
1716 3139 1948 3212 δευτέρῳ
1982 3135 2143 3191 αὑτοῦ

584 3248 685 3318 υἱῷ
732 3246 916 3316 ἄγοντι
970 3242 1088 3305 ἔτος
1139 3238 1254 3304 υκξν
1301 3237 1466 3291 ἔδωκε
1511 3234 1611 3305 τὴν
1658 3232 1794 3304 πρὸς
1841 3231 2011 3297 νότον,
2054 3228 2148 3318 καὶ

584 3317 730 3402 λίϐα,
759 3336 851 3388 καὶ
887 3332 1049 3404 μέρος
1087 3330 1184 3400 τῆς
1213 3327 1413 3389 δύσεως
1447 3324 1553 3379 ἀπὸ
1603 3320 2020 3392 Ῥινοκορούρων
2049 3317 2148 3387 τῆς

584 3427 880 3497 Αἰγύπτου,
944 3420 1245 3486 Αἰθιοπίαν,
1295 3419 1389 3472 καὶ
1441 3416 1730 3484 Αἴγυπτον,
1778 3412 1871 3465 καὶ
1919 3407 2143 3480 Λιϐύην.

599 3516 882 3590 Ἀφρικὴν,
927 3515 1021 3567 καὶ
1069 3509 1440 3583 Μαυριτανίαν
1482 3506 1586 3569 ἕως
1642 3500 1976 3575 Ἡρακλείων
2018 3516 2148 3571 στη-

586 3610 714 3675 λῶν,
766 3608 883 3678 ἦτοι
915 3605 1036 3667 ’ἕως
1076 3602 1171 3658 τοῦ
1212 3598 1426 3655 δυτικοῦ
1473 3599 1567 3652 καὶ
1603 3594 1835 3650 Λιϐυκοῦ
1869 3590 2106 3647 ὠκεανοῦ
2128 3607 2144 3622 ·

589 3698 831 3769 ποταμὸν
868 3696 925 3749 δὲ
955 3694 1255 3766 διορίζοντα
1282 3692 1373 3745 τὸν
1405 3690 1616 3756 Νεῖλον,
1643 3689 1702 3751 ὃς
1733 3688 1827 3741 καὶ
1864 3685 2009 3741 Γεὼν
2058 3684 2150 3739 καὶ

591 3787 944 3862 Χρυπρῤόας
1007 3786 1251 3853 λέγεται.
1331 3780 1625 3837 Chronicon
1700 3778 2146 3839 Alexandrinum,

591 3882 723 3953 Χάμ
755 3880 813 3933 δὲ
865 3878 944 3950 τῷ
973 3877 1207 3948 δευτέρῳ
1244 3873 1343 3945 υίῷ
1383 3871 1475 3926 τοῦ
1513 3870 1636 3925 Νῶε
1681 3871 1786 3923 ὑπὸ
1820 3866 2150 3942 Ῥινοκορού-

594 3990 703 4047 ρων
746 3972 853 4036 ἓως
882 3968 1202 4041 Γαδαρηνῶν
1244 3967 1533 4035 Αἴγυπτον,
1566 3963 1660 4016 καὶ
1694 3962 1868 4015 πάντα
1907 3961 1974 4013 τὰ
2015 3959 2148 4029 πρὸς

591 4067 742 4122 νότον
785 4064 1061 4119 ὑπέπεσαν
1115 4059 1254 4113 πάνυ
1301 4056 1583 4111 δοκοῦντα
1607 4050 1921 4124 καυματικά
1975 4051 2150 4121 ὑπάρ-

592 4174 725 4229 χειν.
768 4151 1248 4210 Pseudo-Berosus
1296 4149 1392 4211 ait,
1437 4146 1581 4201 hunc
1620 4143 1883 4228 Cliamunt
1929 4141 2150 4213 magicae

592 4259 648 4307 et
692 4245 948 4304 veneﬁca:
993 4244 1095 4298 arti
1150 4240 1458 4304 studuisse,
1508 4236 1737 4306 ideoque
1799 4232 2149 4289 Zoroastrum

594 4342 988 4407 nuncupatum.
1027 4330 1161 4385 Erat
1198 4328 1301 4394 illi,
1335 4335 1392 4380 ut
1421 4325 1671 4389 diximus,
1707 4323 1851 4394 ﬁlius
1879 4338 1944 4378 ea:
1979 4321 2148 4377 tribus

2238 1830 2478 1887 Historia
2513 1832 2641 1888 item
2669 1833 2994 1889 scholastica
3039 1835 3096 1889 in
3139 1832 3323 1889 Cenes.
3368 1849 3490 1904 cap.
3530 1851 3684 1899 xxix,
3714 1835 3803 1892 his

2237 1922 2417 1979 allinia
2437 1921 2646 1979 scribit.
2678 1922 2874 1991 Ninus,
2906 1924 3102 1996 inquit,
3133 1925 3260 1980 vidit
3291 1923 3477 1989 Citam,
3507 1926 3598 1996 qui
3627 1926 3802 1980 adhuc

2237 2013 2435 2069 vivebat
2480 2022 2531 2069 et
2573 2014 2825 2087 regnabat
2871 2016 3010 2086 apud
3052 2015 3387 2081 Bactrianos,
3418 2020 3495 2072 vel
3524 2028 3583 2071 ut
3628 2020 3804 2089 placet

2238 2108 2383 2173 aliis,
2402 2108 2458 2163 in
2479 2107 2790 2172 Thracia,et
2816 2107 3180 2179 appellabatur
3205 2107 3536 2175 Zoroastres,
3562 2111 3805 2166 inmittor

2238 2202 2454 2273 magica:
2490 2203 2646 2266 artis,
2675 2203 2763 2272 qui
2793 2211 2843 2257 et
2881 2200 3014 2256 hanc
3044 2211 3095 2256 et
3147 2212 3337 2272 septem
3373 2202 3616 2259 liberales
3658 2214 3805 2259 artes

2239 2295 2294 2349 in
2331 2293 2725 2365 quatuordecim
2751 2295 3010 2350 columnis
3054 2297 3286 2365 scripsit,
3317 2306 3512 2366 septem
3539 2299 3725 2361 terreis,
3750 2307 3805 2350 et

2239 2394 2429 2455 septem
2463 2385 2709 2441 lateritiis
2734 2396 2919 2441 contra
2946 2389 3137 2457 duplex
3169 2388 3310 2442 orbis
3336 2389 3627 2454 excidium,
3660 2389 3803 2460 quod

2241 2479 2479 2547 futurum
2506 2478 2771 2544 audierat,
2803 2479 3026 2534 alterum
3046 2495 3138 2548 per
3173 2496 3388 2551 aquam,
3418 2481 3644 2535 alterum
3682 2498 3804 2536 vero

2238 2587 2330 2642 per
2359 2574 2547 2643 ignem.
2580 2569 2754 2626 Ninus
2798 2584 2970 2627 autem
3004 2573 3165 2627 libros
3191 2574 3306 2642 ejus
3338 2573 3646 2628 combussit.
3695 2573 3806 2629 Ho-

2241 2667 2362 2719 rum
2391 2664 2524 2719 ﬁdes
2546 2678 2712 2735 penes
2743 2664 2813 2719 sit
2851 2664 3000 2734 ipsos
3043 2673 3313 2721 auctores.
3336 2666 3475 2720 “Mihi
3520 2682 3807 2737 nunquam

2242 2755 2297 2810 id
2330 2755 2733 2827 persuadebunt
2787 2762 2842 2811 et
2895 2757 3065 2811 Cham
3120 2758 3348 2828 magicis
3393 2757 3604 2813 artibus
3648 2760 3807 2812 incu-

2243 2848 2447 2914 buisse,
2480 2855 2535 2903 et
2557 2848 2817 2903 veneﬁcia
2844 2848 3102 2905 adversus
3142 2854 3348 2917 patrem
3382 2849 3717 2911 exercuisse,
3748 2856 3806 2902 et

2243 2939 2510 2994 columnis
2547 2941 2733 3006 aeneis,
2780 2947 2873 2993 aut
2910 2939 3181 3003 lateritiis,
3214 2940 3461 3009 magieen
3492 2953 3524 2994 a
3552 2940 3801 3010 parenti-

2244 3032 2346 3087 bus
2392 3040 2669 3102 acceptam
2720 3031 2981 3087 adversus
3030 3031 3175 3085 illam
3230 3045 3497 3101 aquarum
3557 3032 3801 3088 iliuviem

2247 3138 2621 3193 conservasse,
2655 3131 2709 3179 et
2736 3123 3077 3179 Zoroastrem
3123 3125 3463 3178 nominatum
3520 3140 3634 3178 una
3679 3141 3801 3178 cum

2247 3214 2387 3270 Nino
2424 3215 2763 3270 atrocissime
2789 3228 3081 3285 pugnasse,
3136 3228 3165 3267 a
3211 3229 3320 3284 quo
3354 3216 3583 3280 victum,
3614 3223 3670 3270 et
3715 3232 3807 3271 su-

2247 3317 2514 3378 peratum,
2546 3307 2798 3377 illiusque
2842 3306 3012 3362 libros
3054 3307 3369 3365 combustos
3418 3308 3625 3374 fuisse;
3682 3325 3806 3363 cum

2248 3415 2350 3455 nec
2394 3407 2695 3468 temporum
2746 3399 2908 3462 ratio,
2939 3414 3040 3454 nec
3081 3400 3379 3455 auctoritas
3420 3400 3673 3465 Patrum,
3708 3418 3806 3456 nec

2247 3494 2427 3547 divina
2458 3492 2671 3562 eloquia
2705 3492 2760 3547 id
2789 3501 3056 3548 asseram.
3087 3491 3379 3546 Maximum
3407 3493 3549 3548 inter
3580 3491 3805 3559 Ninum,

2247 3592 2302 3640 et
2359 3583 2738 3649 Zoroastrem,
2791 3589 2845 3638 et
2900 3581 3181 3638 Noeticum
3239 3584 3503 3637 diluvium
3546 3586 3808 3654 temporis

2250 3676 2484 3747 spatium
2517 3675 2844 3730 intercessit.

2317 3765 2477 3835 lbid.,
2511 3768 2605 3823 lin.
2633 3766 2724 3822 20.
2752 3766 2906 3832 Χοῦς
2932 3766 3001 3832 ἐξ
3025 3762 3096 3823 οὗ
3130 3767 3271 3822 Χοῦ.
3325 3765 3599 3836 Joseplius
3632 3786 3645 3820 :
3673 3764 3808 3820 τεσ-

2251 3859 2430 3930 σάρων
2461 3858 2568 3930 γάρ
2598 3858 2783 3929 Χάμου
2811 3858 3013 3914 παίδων
3035 3858 3362 3929 γενομένων,
3414 3860 3684 3910 Χουσαῖον
3714 3858 3809 3927 μὲν

2248 3954 2396 4008 οὐδὲν
2420 3953 2647 4023 ἔϐλαψεν
2677 3954 2705 4004 ὁ
2728 3952 2914 4023 χρόνος
2937 3968 2951 3983 ο
2980 3950 3235 4013 Αἰθίοπες
3261 3950 3389 4020 γὰρ,
3410 3944 3484 4003 ὧν
3510 3945 3700 4022 ἧρξεν,
3730 3950 3811 4002 ἔτι

2248 4047 2344 4100 καὶ
2373 4046 2465 4099 νῦν
2497 4045 2600 4098 ὑπὸ
2642 4043 2845 4097 ἑαυτῶν
2872 4060 2932 4097 τε
2964 4044 3055 4097 καὶ
3098 4042 3205 4095 τῶν
3229 4044 3287 4095 ὲν
3322 4046 3386 4114 τῇ
3414 4042 3566 4112 Ἀσία
3592 4043 3812 4096 πάντων

2248 4140 2504 4192 Χουσαῖοι
2536 4136 2842 4189 καλοῦνται.
2864 4133 3217 4199 Eusebius,et
3246 4134 3545 4190 Chronicon
3573 4135 3815 4208 Alexan-

2250 4232 2486 4296 drinum,
2550 4228 2692 4294 Χοῦς
2721 4229 2778 4295 ἐξ
2806 4223 2866 4285 οὗ
2898 4227 3174 4294 Αἰθίοπες,
3209 4229 3371 4299 stirps
3393 4227 3716 4298 Ethiopum
3754 4226 3813 4281 in

2251 4320 2440 4376 ultima
2485 4334 2582 4373 ora
2616 4319 2848 4386 Africae;
2882 4327 2937 4372 et
2966 4319 3107 4389 apud
3156 4317 3503 4374 Ptolenueum
3559 4319 3622 4372 in
3669 4319 3817 4374 inte-

591 4430 778 4502 primis
811 4423 1187 4481 adolescentior
1239 4420 1425 4483 Cham,
1468 4419 1557 4489 qui
1605 4415 1805 4486 semper
1860 4415 2071 4487 magica
2099 4423 2149 4468 et
2182 4440 2225 4495 D
2251 4413 2394 4467 riore
2421 4419 2573 4481 parte
2613 4412 2791 4482 Libya:
2819 4427 3014 4467 nomen
3044 4421 3128 4467 est
3162 4411 3416 4468 Chusiue.

590 4520 830 4591 ueneﬁca:
858 4516 1094 4580 studens,
1127 4512 1401 4569 Zoroastri
1426 4525 1610 4565 nomen
1655 4517 1958 4563 consecutus
2006 4514 2140 4562 erat.

593 4612 651 4669 Is
681 4621 883 4683 patrem
928 4606 1053 4663 Noa
1094 4605 1214 4662 odio
1246 4601 1488 4665 habebat,
1522 4601 1646 4672 quia
1679 4600 1813 4653 alios
1844 4599 2029 4652 ultimo
2063 4613 2147 4667 ge-

589 4704 729 4759 nitos
759 4699 1029 4755 ardentius
1059 4693 1295 4757 amabat,
1330 4709 1383 4746 se
1409 4707 1525 4746 vero
1557 4689 1751 4758 despici
1778 4686 2000 4742 videbat.
2037 4686 2147 4740 Po-

593 4794 791 4850 tissime
821 4808 938 4847 vero
966 4788 1104 4844 idem
1124 4786 1359 4853 infensus
1380 4793 1493 4839 erat
1521 4783 1661 4852 patri
1687 4780 1749 4836 ob
1773 4782 1919 4835 uitia.
1964 4779 2149 4849 Itaque

592 4896 780 4941 nactus
810 4883 1269 4954 opportunitatem,
1314 4893 1432 4932 cum
1475 4874 1597 4929 Noa
1625 4878 1773 4944 pater
1797 4873 2037 4928 madidus
2056 4872 2150 4942 ja-

592 4989 750 5042 ceret.
771 4978 919 5034 illius
948 4975 1121 5030 virilia
1147 4968 1600 5042 comprehendens,
1631 4969 1880 5037 taciteque
1907 4970 2151 5021 submur-

592 5089 810 5128 murans
839 5069 1072 5125 carmine
1101 5066 1303 5136 magico
1328 5065 1469 5133 patri
1501 5061 1690 5124 illusit,
1717 5060 1893 5122 simul,
1922 5068 1971 5113 et
1998 5059 2151 5112 illum

592 5165 822 5221 sterilem
850 5162 1060 5233 perinde
1086 5170 1241 5228 atque
1264 5164 1554 5211 castratum
1575 5153 1762 5221 effecit.
1795 5150 1974 5218 Neque
2005 5150 2152 5205 dein-

593 5274 710 5330 ceps
764 5256 885 5310 Noa
934 5252 1198 5323 femellam
1236 5249 1467 5319 aliquam
1522 5244 1801 5315 fecundare
1841 5246 2026 5319 potuit.
2071 5244 2150 5301 0b

595 5350 900 5421 bene/icium
934 5348 1151 5400 inventa:
1170 5343 1289 5397 uitis
1338 5349 1388 5396 et
1428 5339 1535 5394 vini
1566 5338 1813 5409 dignatus
1842 5346 1919 5391 est
1964 5354 2155 5406 cogno-

593 5454 765 5498 mento
792 5440 953 5503 lano,
997 5436 1132 5509 quod
1158 5434 1401 5488 Arameis
1440 5444 1591 5486 sonat
1626 5430 1824 5499 vitifer,
1861 5439 1911 5484 et
1944 5430 2148 5500 rinifer.

591 5538 662 5591 At
692 5552 810 5590 vero
846 5532 1015 5588 Citam
1049 5544 1168 5584 cum
1203 5526 1408 5597 publice
1437 5534 1786 5592 corrumperet
1819 5522 2036 5575 mortale
2061 5538 2151 5591 ge-

594 5643 714 5691 nus,
736 5640 971 5679 asserens
983 5631 1032 5677 et
1058 5622 1227 5689 reipsa
1250 5634 1530 5688 exsequens
1565 5614 1997 5684 congrediendum
2019 5629 2149 5677 esse,

591 5724 652 5771 ut
695 5723 816 5768 ante
847 5712 1260 5774 inundationem,
1296 5724 1412 5761 cum
1445 5707 1722 5772 matribus,
1755 5706 2041 5771 sororibus,
2086 5706 2152 5773 ﬁ-

2322 4503 2456 4559 lbid.
2486 4502 2759 4572 Μεστρὲμ
2776 4504 2845 4568 ἐξ
2866 4499 2961 4560 οὗ.
2980 4501 3247 4575 Iosephus
3274 4524 3287 4559 :
3333 4506 3606 4580 Ἐτηρὴθη
3636 4510 3695 4563 δὲ
3722 4512 3819 4564 καὶ

2246 4597 2540 4669 Μεσραίοις
2570 4598 2603 4670 ἡ
2637 4597 2774 4652 κατὰ
2804 4598 2901 4669 τὴν
2931 4599 3298 4671 προσηγορίαν
3329 4602 3538 4673 μνήμη.
3570 4602 3686 4676 Τὴν
3708 4606 3819 4676 γὰρ

2248 4690 2518 4758 Αἴγυπτον
2547 4687 2788 4761 Μέσρην,
2841 4689 2935 4742 καὶ
2977 4690 3284 4763 Μεσραίους
3315 4693 3438 4757 τοὺς
3477 4695 3821 4761 Αἰγυπτίους

2250 4780 2487 4844 ἅπαντες
2517 4781 2566 4833 οί
2599 4780 2800 4852 ταύτην
2829 4780 3099 4847 οἰκοῦντες
3147 4783 3433 4855 καλοῦμεν.
3496 4784 3776 4842 Eusebius
3801 4828 3818 4852 ,

2248 4874 2564 4946 Μεστραϊμ,
2599 4871 2892 4928 Chronicon
2916 4872 3333 4929 Alexandrinum
3360 4916 3375 4940 ,
3409 4877 3726 4949 Μεσραεὶμ,
3758 4879 3819 4945 ἐξ

2248 4957 2310 5018 οῦ
2343 4965 2643 5034 Αἰγύπτιοι,
2668 4972 2723 5020 et
2760 4964 2995 5021 Joannes
3023 4965 3392 5023 Antiochcnus
3423 4969 3475 5022 in
3503 4970 3821 5025 Arclucolo-

2248 5059 2358 5131 gia,
2393 5060 2450 5111 Ὀ
2484 5058 2590 5111 άπὸ
2649 5059 2779 5130 Χὰμ
2826 5058 2920 5113 τοῦ
2958 5059 3075 5113 υἱοῦ
3126 5061 3249 5114 Νῶε
3282 5064 3541 5134 Μεστρὲμ
3595 5068 3679 5128 είς
3718 5065 3818 5117 Δῖ-

2249 5167 2453 5222 γυπτον
2484 5150 2768 5223 ἀπῳκίσθη
2795 5168 2809 5181 ο
2846 5152 2939 5206 καὶ
2972 5153 3067 5206 ἀπ’
3103 5153 3266 5207 αὑτοῦ
3312 5154 3513 5227 ἐκλήθη
3546 5158 3579 5228 ἠ
3625 5157 3815 5229 χώρα·

2249 5241 2311 5294 τὸ
2335 5241 2444 5313 γὰρ
2471 5243 2730 5314 Μεστρὲμ
2756 5242 3029 5315 Ἐϐραϊστὶ
3066 5245 3334 5313 Αἴγυπτον
3360 5246 3527 5317 δηλοῖ.

2321 5332 2480 5396 lbib.,
2505 5337 2599 5389 lin.
2624 5338 2715 5390 21.
2760 5337 2917 5389 eos:
2953 5340 3183 5391 Φουτοί.
3236 5338 3504 5410 Iosephus
3536 5357 3550 5393 :
3588 5343 3817 5398 Ἕκτισε

2249 5424 2308 5479 δὲ
2331 5428 2424 5480 καὶ
2448 5427 2652 5499 Φούτης
2683 5430 2780 5502 τὴν
2807 5430 3028 5502 Λιϐύην,
3057 5433 3288 5498 Φούτους
3313 5434 3407 5489 ἀπ’
3435 5436 3602 5490 αὐτοῦ
3655 5439 3819 5493 καλέ-

2255 5535 2352 5581 σας
2372 5520 2497 5583 τοὺς
2539 5522 2879 5592 ἐπιχωρίους.
2918 5524 3071 5577 Ἔστι
3117 5525 3175 5579 δὲ
3221 5530 3315 5582 καὶ
3364 5530 3607 5600 ποταμὸς
3655 5532 3714 5583 ὲν
3746 5533 3815 5604 τῇ

2253 5611 2492 5682 Μαύρων
2525 5613 2677 5684 χώρᾳ
2702 5614 2858 5668 τοῦτο
2899 5615 3037 5686 ἔχων
3066 5618 3126 5671 τὸ
3152 5620 3339 5691 ὄνομα.
3372 5622 3536 5676 Ὅθεν
3566 5626 3665 5678 καὶ
3690 5627 3817 5690 τοὺς

2257 5704 2537 5770 πλείστους
2566 5707 2672 5763 τῶν
2700 5709 3021 5774 Ἑλληνικῶν
3054 5712 3476 5777 ἱστοριογράφων
3508 5716 3658 5771 ἐστιν
3691 5721 3815 5773 ἰδεῖν
