4072 6338
585 332 718 389 1007

1965 322 2209 382 LEONIS
2244 321 2513 379 ALLATII

3652 323 3794 380 £008

647 453 765 508 Col.
793 451 911 518 757,
929 449 1022 504 lin.
1042 449 1130 504 37.
1149 445 1500 519 Αἰογιζόμεθα
1513 445 1644 517 γάρ.
1669 444 1819 500 Hanc
1832 444 2141 516 opinionem
2170 454 2216 510 Α
2243 461 2363 516 cap.
2403 443 2608 508 Helec.,
2643 451 2696 499 et
2724 450 2958 500 tractatu
2988 444 3068 500 De
3093 444 3422 510 idololatria,
3452 456 3572 514 cap.
3596 437 3789 505 Libne,

585 558 637 600 et
664 545 814 600 multi
849 541 1028 612 magni
1052 540 1286 597 nominis
1305 540 1493 595 Patres
1516 540 1686 596 secuti
1713 548 1858 594 sunt.
1889 536 2138 596 Justinus

578 637 780 707 Martyr
807 633 888 689 Ad
915 632 1065 688 Gent.
1099 641 1293 705 quaest.
1348 633 1443 697 7t;
1475 631 1709 687 lrenaaus
1737 631 1832 686 lib.
1866 648 1897 686 v
1919 631 2138 686 Advers.

577 731 758 781 haeres.
791 741 912 795 cap.
942 726 1074 792 ult.;
1120 723 1458 788 Lactantius,
1485 723 1581 779 lib.
1627 738 1696 778 vu
1725 720 1967 777 Institut.
2011 737 2136 792 cap.

579 813 610 865 7
633 830 648 878 ;
687 811 923 865 Hilarius
955 824 1078 864 can.
1099 809 1154 862 in
1184 806 1493 862 Matthwum
1511 807 2012 879 xvn;Augustinus
2039 807 2136 865 lib.

575 918 647 958 xx
677 902 751 958 De
771 903 978 958 civitate
1019 900 1116 955 Dei
1137 917 1157 965 ;
1184 899 1545 971 Hieronymus
1567 900 1781 972 epistol.
1815 901 1881 956 ad
1909 901 2137 972 Cypria-

580 1011 731 1057 num,
770 1002 824 1049 et
853 993 1156 1048 Comment.
1198 993 1255 1045 in
1284 990 1587 1057 Hic/imam,
1624 1006 1746 1062 cap.
1794 1009 1847 1047 tv
1873 1010 1889 1059 ;
1912 990 2138 1048 Germa-

580 1103 684 1144 nus
710 1084 1097 1142 Constantinus
1134 1083 1229 1138 lib.
1264 1082 1338 1138 De
1371 1083 1593 1136 Theoria
1620 1099 1794 1137 rerum
1823 1083 2137 1139 ecclesiasti-

576 1194 780 1243 carum,
810 1177 877 1232 ad
906 1176 1052 1231 hunc
1071 1190 1353 1230 numerum
1379 1175 1685 1247 quingentis
1707 1176 1953 1246 adjectis,
1983 1184 2035 1232 et
2059 1177 2134 1232 ait

577 1278 700 1324 ante
730 1271 907 1338 ipsum
937 1266 1123 1322 eadem
1169 1266 1373 1322 dixisse
1403 1273 1457 1321 et
1487 1266 1835 1338 Hippolytum
1879 1283 1910 1322 e
1937 1265 2127 1332 Roma,

575 1369 629 1416 et
684 1361 741 1414 S.
793 1356 1050 1429 Cyrillum
1102 1357 1161 1412 in
1201 1357 1297 1411 lib.
1353 1357 1429 1411 De
1469 1357 1829 1422 Antichristo,
1895 1359 2132 1430 itemque

575 1452 1042 1522 Chrysostomum.
1077 1447 1400 1519 Opinionem
1446 1450 1606 1505 istam
1638 1465 1747 1506 non
1775 1467 1899 1508 esse
1945 1468 2130 1510 veram

577 1543 691 1613 ipSa
721 1542 1053 1612 experientia
1083 1540 1362 1608 docemur,
1399 1542 1668 1612 praecipue
1696 1541 1743 1598 si
1782 1541 2130 1614 Septuaginta

577 1634 1072 1705 interpretationem
1129 1632 1536 1688 consideremus
1567 1672 1582 1698 ,
1642 1647 1806 1704 quam
1859 1645 1917 1689 ut
1961 1633 2130 1705 pluri-

576 1743 722 1782 mum
752 1727 923 1782 secuti
953 1735 1079 1781 sunt
1114 1735 1363 1782 auctores
1401 1741 1565 1797 supra
1595 1726 1770 1792 citati,
1797 1727 1888 1798 qui
1921 1727 1976 1782 id
2004 1742 2124 1782 mo-

576 1820 724 1874 deste
779 1825 1149 1873 asseruerunt.
1217 1815 1442 1888 Semper
1493 1816 1698 1873 dictum
1753 1816 1960 1872 Christi
2020 1798 2201 1888 prae.B

574 1908 747 1963 oculis
807 1907 1072 1963 habentes
1121 1906 1285 1962 Marci
1349 1923 1468 1973 xui,
1517 1907 1586 1962 52
1619 1926 1632 1963 :
1668 1906 1745 1962 De
1769 1907 1853 1963 die
1893 1909 2007 1975 illo,
2067 1928 2128 1964 ac

577 2009 822 2069 tempore,
851 2015 998 2054 nemo
1015 2000 1175 2062 novit,
1209 2015 1368 2070 neque
1392 1999 1564 2069 angeli
1582 1999 1786 2069 quidem
1815 2001 1903 2071 qui
1926 2001 1977 2054 in
2001 2001 2128 2054 coelo

574 2100 714 2157 sunt,
737 2106 895 2160 neque
918 2090 1024 2156 ipse
1046 2087 1250 2153 Filius;
1274 2097 1326 2144 et
1357 2088 1472 2144 Act.
1498 2105 1538 2155 ι,
1572 2088 1602 2141 7
1622 2107 1636 2143 :
1656 2086 1779 2143 Non
1801 2099 1879 2144 est
1906 2099 2127 2145 vestrum

573 2197 723 2236 nosse
750 2192 980 2250 tempora
1014 2179 1090 2233 vel
1124 2189 1403 2247 momenta,
1433 2195 1550 2250 qua:
1577 2180 1717 2234 Deus
1745 2181 1916 2248 posuit
1945 2183 1998 2235 in
2031 2199 2127 2236 sua

573 2280 844 2341 potestate.
893 2269 1213 2341 Nuperrime
1269 2279 1445 2326 tamen
1485 2270 1840 2328 Cunmannus
1878 2270 2128 2328 Flinsba-

573 2361 729 2417 chius
794 2360 979 2416 lurore
1051 2361 1374 2416 insanientis
1429 2359 1861 2416 Lutheranorum
1905 2361 2126 2418 haeresis

573 2464 750 2518 actus,
786 2451 971 2507 libello
1005 2450 1070 2507 de
1103 2451 1206 2505 hac
1255 2467 1313 2506 re
1359 2451 1507 2507 edito
1554 2461 1784 2507 conatur
1815 2453 2121 2518 ostendere,

573 2543 756 2597 Mundi
807 2542 960 2613 hujus
1021 2551 1227 2598 aetatem
1276 2558 1435 2612 supra
1489 2559 1580 2598 sex
1624 2545 1796 2599 millia
1844 2562 2121 2612 annorum,

574 2641 818 2703 tanquam
866 2644 1059 2688 certam
1106 2642 1154 2688 et
1199 2634 1469 2688 immotam
1523 2644 1733 2700 metam,
1776 2653 1931 2706 quam
1982 2636 2123 2691 Deus

573 2724 784 2792 mundo,
814 2726 1033 2794 sapienti
1075 2735 1123 2780 et
1145 2725 1475 2780 inscrutabili
1495 2727 1711 2782 consilio
1737 2727 2120 2795 determinavit,

574 2832 674 2868 non
722 2830 1062 2871 excursuram
1109 2834 1238 2872 esse.
1270 2817 1470 2872 Deinde
1497 2819 1739 2873 ultimum
1771 2820 2122 2875 millenarium

572 2915 794 2972 sextum,
830 2909 883 2961 in
935 2926 1035 2979 quo
1078 2926 1213 2964 nunc
1268 2910 1505 2977 vivimus,
1543 2928 1643 2965 non
1683 2913 1990 2982 completum
2032 2914 2121 2970 iri.

574 3000 764 3053 Decem
791 3000 1119 3069 conjecturis
1163 3002 1291 3055 hinc
1322 3001 1448 3057 inde
1481 3002 1548 3057 ab
1581 3001 1826 3072 ejusdem
1852 3004 2121 3062 haereseos

2238 547 2292 594 et
2339 543 2556 592 tractat.
2612 535 2690 591 De
2721 534 2972 590 Sabbato.
3031 535 3169 607 Ejus
3235 535 3588 606 conjecturas
3633 531 3793 586 alters

2240 627 2410 684 Rabbi
2459 627 2611 684 Isaac
2657 626 2712 680 in
2753 635 2915 697 caput
2940 626 3140 683 Cenes.
3169 626 3410 684 secundo
3439 637 3509 680 ex
3541 621 3678 677 locis
3707 619 3793 675 di-
3833 688 3852 708 .

2236 721 2373 773 vina:
2405 714 2718 786 Scriptum.
2778 714 2962 771 Tertio
3010 713 3210 770 mirum
3255 722 3342 772 est
3381 718 3653 770 secretum
3687 708 3792 764 hoc

2235 807 2302 862 de
2343 804 2618 861 mundana
2654 803 2941 860 duratione
2967 803 3116 858 omni
3153 803 3357 859 nationi
3387 797 3790 863 absconditum,

2233 896 2399 952 etiam
2442 895 2669 966 angelis,
2702 903 2757 950 et
2805 892 2946 950 Filio
2987 894 3248 958 hominis,
3279 893 3423 964 quod
3455 908 3522 949 ex
3567 897 3791 950 senten-

2232 988 2306 1041 tia
2330 982 2550 1040 Patrum
2594 993 2648 1040 et
2677 984 3016 1055 expositione
3044 983 3451 1056 intelligendum
3484 990 3590 1049 est,
3616 981 3790 1039 fuisse

2230 1079 2524 1134 revelatum
2576 1076 2724 1143 Eliaa,
2755 1085 2810 1134 et
2866 1077 2936 1132 ab
2977 1092 3045 1134 eo
3075 1077 3174 1132 toti
3211 1077 3449 1145 humano
3484 1075 3699 1149 generi,
3734 1081 3791 1131 et

2230 1182 2412 1228 tamen
2460 1173 2743 1244 ignorasse
2799 1172 3102 1243 apostolos.
3139 1171 3344 1238 Quarto
3373 1187 3438 1228 ex
3481 1172 3791 1242 Augustino

2229 1267 2286 1322 in
2310 1265 2652 1321 enarratione
2674 1266 2869 1335 psalm.
2883 1279 3084 1320 Lxxxtx
3098 1282 3112 1319 :
3125 1266 3258 1320 Ausi
3268 1275 3388 1319 sunt
3401 1266 3634 1320 homines
3653 1281 3792 1334 prc-

2228 1375 2431 1414 sumere
2460 1358 2732 1414 scientiam
2783 1366 3087 1426 temporum,
3116 1355 3251 1428 quod
3293 1357 3424 1411 scire
3463 1357 3790 1425 cupientibus

2227 1450 2497 1520 discipulis
2525 1449 2776 1502 Dominus
2808 1449 2924 1505 ait:
2955 1465 2974 1499 t
3003 1448 3123 1501 Non
3149 1457 3228 1502 est
3247 1458 3470 1502 vestrum
3501 1451 3638 1502 scire
3652 1459 3788 1502 tem-

2229 1557 2379 1610 pora,
2408 1558 2522 1612 qua:
2544 1539 2705 1595 Pater
2733 1540 2905 1610 posuit
2935 1542 2986 1593 in
3019 1555 3116 1595 sua
3141 1549 3417 1609 potestate,
3444 1559 3463 1592 ι
3488 1548 3538 1594 et
3565 1539 3790 1608 deﬁnie-

2226 1643 2348 1686 runt
2393 1615 2489 1686 hoc
2532 1632 2782 1687 steculum
2841 1646 2931 1685 sea:
2959 1646 3216 1684 annorum
3251 1631 3503 1696 millibus,
3535 1641 3788 1699 tanquam

2225 1739 2316 1777 sea:
2341 1723 2519 1778 diebus
2536 1739 2684 1792 posse
2701 1721 2988 1792 ﬁniri;nec
3033 1722 3364 1776 attenderunt
3407 1719 3542 1790 quod
3583 1719 3786 1772 dictum

2227 1825 2324 1882 est,
2375 1826 2622 1887 tanquam
2665 1815 2776 1870 dies
2823 1831 2978 1877 unus,
3018 1814 3109 1884 qui
3161 1814 3412 1881 praeteriit
3443 1827 3460 1864 :
3489 1829 3592 1866 non
3641 1813 3782 1865 enim

2227 1906 2432 1977 quando
2463 1906 2558 1960 hoc
2585 1907 2784 1961 dictum
2819 1914 2898 1960 est
2938 1905 3041 1958 soli
3066 1905 3208 1958 mille
3249 1905 3374 1957 anni
3395 1904 3785 1972 prwterierant;

2225 2008 2275 2053 et
2301 1999 2438 2070 quod
2476 2016 2560 2053 eos
2597 2000 2821 2052 maxime
2861 1997 3036 2051 debuit
3071 1995 3366 2058 admonere,
3399 2011 3461 2049 ne
3491 2005 3782 2063 temporum

2228 2091 2526 2146 inderentur
2574 2092 2788 2151 incerto,
2815 2088 2946 2142 illud
2983 2098 3083 2152 est,
3111 2088 3245 2141 sicut
3292 2087 3468 2156 vigilia
3510 2087 3565 2140 in
3606 2098 3785 2150 nocte;

2227 2197 2384 2251 neque
2427 2183 2563 2234 enim
2600 2180 2663 2235 de
2686 2195 2776 2234 sea:
2805 2178 2983 2233 diebus
3015 2177 3214 2248 aliquid
3245 2177 3522 2232 verisimile
3542 2177 3785 2231 videntur

2226 2273 2425 2340 opinati
2444 2281 2652 2342 propter
2679 2286 2768 2324 sex
2797 2269 2907 2324 dies
2929 2269 3148 2338 primos,
3177 2267 3362 2337 quibus
3393 2265 3532 2320 Deus
3563 2266 3784 2336 perfecit

2225 2380 2382 2433 opera
2438 2381 2558 2430 sua,
2589 2363 2664 2417 sic
2693 2363 2851 2416 etiam
2883 2377 2973 2415 sea:
3006 2359 3229 2430 vigilias,
3271 2358 3324 2412 id
3363 2368 3463 2422 est,
3502 2358 3660 2414 horas
3691 2358 3786 2414 de-

2224 2470 2332 2508 cem
2371 2462 2420 2507 et
2465 2463 2578 2507 octo
2622 2467 2845 2520 possunt
2895 2450 2979 2504 illi
3025 2449 3315 2520 opinationi
3352 2460 3618 2517 cooptare.
3647 2450 3786 2506 Vide

2223 2545 2348 2600 item
2377 2545 2719 2602 Ambrosium
2752 2545 2846 2600 lib.
2888 2559 2962 2599 vn
3003 2543 3214 2598 Comm.
3243 2543 3296 2597 in
3333 2541 3531 2598 Lucam
3563 2544 3620 2598 in
3647 2543 3784 2599 illud

2225 2636 2478 2696 Matthxi.
2515 2653 2648 2704 xvn,
2678 2637 2734 2702 2,
2760 2636 2886 2690 Post
2913 2637 3022 2690 dies
3051 2651 3141 2690 sea:
3170 2636 3580 2706 transﬁguratus
3612 2647 3713 2689 est.

2291 2728 2448 2794 lbid.,
2480 2729 2580 2784 lin.
2613 2727 2700 2782 44.
2750 2727 2872 2780 Ἐπὶ
2913 2725 2981 2780 δὲ
3017 2725 3129 2794 τὴν
3164 2725 3291 2779 τοῦ.
3325 2726 3783 2796 Chronographo-

2223 2836 2341 2876 rum
2370 2821 2436 2876 de
2466 2821 2567 2874 hac
2611 2836 2668 2875 re
2717 2829 2772 2874 et
2811 2833 2954 2873 anno
3001 2818 3300 2873 nativitatis
3353 2815 3558 2872 Christi
3615 2822 3788 2873 varia

2223 2913 2438 2968 luerunt
2463 2913 2764 2977 sententiae,
2796 2925 3027 2981 quarum
3048 2909 3338 2963 nonnullas
3365 2908 3419 2963 in
3457 2923 3556 2964 sua
3577 2907 3784 2964 Biblio-

2223 3005 2366 3058 theca
2392 3005 2575 3060 retulit
2599 3002 2784 3059 Sixtus
2810 3001 3086 3058 Senensis.
3101 3000 3212 3058 Nos
3241 3001 3368 3056 item
3392 2999 3460 3055 ad
3493 3001 3777 3056 illustran-

571 3090 894 3161 primatibus
954 3091 1158 3162 petitis,
1207 3101 1266 3147 ut
1324 3091 1428 3147 sibi
1469 3092 1686 3149 videtur
1715 3093 1972 3152 ostendit.
2011 3095 2114 3152 Sed
2143 3129 2184 3184 ε
2219 3099 2343 3152 dum
2387 3097 2530 3152 hunc
2563 3098 2738 3151 locum
2781 3097 2989 3168 aliquas
3018 3095 3392 3165 subjiciemus.
3419 3093 3548 3161 Quae
3597 3103 3780 3151 autem

569 3183 752 3237 omnia
808 3184 1013 3255 peregit
1050 3192 1246 3254 praeter
1285 3183 1393 3240 hoc
1429 3201 1598 3240 unum
1644 3187 1748 3242 sibi
1780 3191 2115 3259 propositum

572 3275 901 3342 institutum,
919 3276 1281 3331 insulsissime
1308 3276 1476 3342 enim,
1493 3285 1548 3332 et
1569 3278 1928 3349 undequaque
1957 3281 2120 3335 etiam

571 3367 806 3422 inaniter
857 3369 1148 3423 occasione
1201 3377 1416 3439 arrepta
1463 3369 1516 3424 in
1557 3368 1857 3426 Ecclesiam
1897 3372 2125 3427 catholi-

570 3472 688 3510 cam
724 3465 916 3527 praeter
939 3472 1154 3514 omnem
1185 3459 1407 3514 modum
1429 3467 1484 3516 et
1513 3459 1779 3516 rationem
1804 3461 2122 3532 impiissime

570 3563 766 3616 spurco
812 3549 1181 3620 maledicoque
1235 3565 1331 3606 ore
1387 3550 1682 3607 invehitur.
1730 3551 2028 3609 Commune
2069 3553 2122 3608 id

571 3638 844 3702 omnibus,
896 3641 988 3708 qui
1043 3640 1271 3696 veritate
1327 3642 1572 3712 neglecta
1621 3642 1745 3698 aliis
1801 3644 2122 3716 copulantur

571 3731 784 3785 vesanis
825 3733 1171 3802 opinionibus
1228 3745 1280 3790 et
1326 3737 1627 3792 erroribus.
1665 3735 1852 3807 Itaque
1888 3753 2010 3793 cum
2055 3737 2122 3792 de

573 3841 672 3879 suo
726 3827 858 3881 nihil
918 3828 1176 3900 proferat,
1208 3831 1372 3886 habet
1421 3833 1475 3887 id
1525 3833 1687 3888 etiam
1722 3833 1866 3905 quod
1905 3835 2121 3889 aliunde

571 3929 784 3989 arrepta
827 3920 883 3975 in
928 3921 1164 3992 pejorem
1200 3925 1525 3979 sententiam
1557 3925 1787 3990 deferat,
1823 3942 1924 3982 nec
1959 3943 2118 3982 unam

570 4013 622 4064 in
654 4019 799 4064 tanta
826 4010 1264 4083 conjecturarum
1311 4015 1496 4073 illuvie
1538 4033 1659 4088 qua:
1691 4017 1975 4075 discursus
2007 4019 2119 4073 for-

567 4117 731 4166 mam,
765 4104 849 4158 vel
899 4107 1385 4173 argumentationis
1431 4108 1761 4178 praesel‘erat,
1797 4109 1852 4163 in
1883 4109 2116 4164 medium

567 4195 740 4250 all'ert.
771 4193 901 4264 Ejus
930 4197 1274 4266 conjecturas
1309 4197 1575 4267 refellere,
1606 4215 1707 4255 nec
1741 4199 1986 4266 interest,
2019 4217 2118 4256 nec

569 4289 670 4343 mei
703 4286 938 4342 instituti
961 4303 1080 4344 esse
1111 4286 1251 4343 duco
1277 4305 1291 4355 ;
1327 4290 1571 4344 ultimam
1601 4297 1781 4346 tamen
1813 4306 1973 4362 quam
2005 4292 2120 4361 ipse

566 4379 809 4433 omnium
851 4379 1288 4448 conjecturarum
1341 4395 1605 4435 summam
1661 4382 1914 4452 appellat,
1959 4383 2121 4436 attin-

2228 3188 2294 3243 de
2340 3189 2440 3242 hac
2481 3203 2542 3242 re
2585 3188 2654 3242 sit
2683 3195 2869 3242 nostra
2907 3187 3178 3243 sententia
3220 3187 3275 3242 in
3314 3186 3383 3242 iis
3416 3202 3534 3256 qua:
3577 3187 3646 3243 de
3677 3189 3782 3241 line

2228 3288 2526 3349 temporum
2557 3278 2665 3349 jam
2697 3293 2970 3348 paramus,
3021 3277 3322 3334 luculenter
3361 3278 3778 3348 explicabimus.

2227 3373 2528 3426 Abraamus
2589 3371 2957 3426 Bucholcerus
3014 3369 3068 3424 in
3129 3369 3348 3441 lsagoge
3397 3369 3781 3436 chronologica

2228 3465 2380 3538 ponit
2417 3480 2588 3520 annos
2625 3465 2793 3529 3970;
2825 3479 2946 3520 cum
2990 3479 3134 3519 enim
3163 3478 3426 3518 annorum
3459 3463 3648 3518 mundi
3692 3479 3779 3520 sc-

2227 3555 2361 3609 riem
2408 3555 2464 3609 in
2511 3553 2615 3607 tria
2663 3553 2892 3624 partitus
2923 3552 3115 3610 luisset
3142 3559 3442 3623 temporum
3493 3539 3693 3623 sp'atia,
3727 3554 3780 3610 in

2227 3647 2400 3717 primo
2452 3645 2697 3701 videlicet
2751 3661 2780 3700 a
2827 3646 3101 3701 creatione
3157 3644 3342 3699 mundi
3398 3644 3466 3698 ad
3517 3647 3779 3715 templum

2229 3739 2535 3793 Salomonis
2590 3744 2872 3792 enumerat
2918 3752 3090 3792 annos
3132 3735 3303 3802 2935;
3367 3738 3422 3791 in
3463 3738 3710 3793 secundo
3751 3754 3782 3789 ι

2227 3831 2444 3886 condito
2492 3831 2692 3899 templo
2739 3829 2807 3884 ad
2838 3830 2956 3900 ejus
2991 3829 3399 3896 desolationem,
3430 3837 3485 3884 et
3537 3829 3668 3885 inde
3715 3830 3781 3884 ad

2226 3923 2554 3993 captivitatis
2583 3921 2921 3994 Babylonica:
2966 3922 3127 3976 tinem
3155 3935 3328 3976 annos
3371 3921 3469 3978 50l
3495 3938 3514 3988 ;
3537 3922 3596 3977 in
3622 3923 3782 3977 tertio

2226 4032 2256 4069 a
2303 4018 2407 4070 [ine
2453 4015 2783 4086 captivitatis
2816 4013 3153 4085 Babylonica:
3185 4014 3249 4068 ad
3281 4023 3466 4068 natum
3499 4012 3780 4070 Christum

2226 4109 2348 4172 557,
2378 4109 2469 4178 qui
2502 4123 2710 4171 omnes,
2745 4107 2790 4161 si
2820 4107 2980 4161 simul
3001 4117 3304 4169 sumantur,
3323 4107 3780 4162 constituuntnuo

2227 4216 2433 4257 merum
2462 4189 2796 4254 5970.Hisce
2824 4206 3002 4253 autem
3034 4198 3208 4254 tribus
3231 4197 3597 4254 Eusebianam
3622 4199 3782 4254 chrov

2225 4292 2516 4362 nologiam,
2547 4297 2600 4344 et
2629 4290 2854 4344 aliorum
2880 4289 3152 4360 praecipue
3179 4287 3515 4354 Graecorum,
3544 4289 3637 4360 qui
3674 4307 3780 4346 nu-

2225 4397 2494 4439 merosex
2514 4381 2865 4452 Septuaginta
2891 4383 3120 4437 mutuati
3153 4391 3301 4447 sunt,
3321 4398 3441 4437 cum
3468 4397 3568 4437 sua
3598 4385 3782 4438 conci-

566 4485 707 4539 gam,
730 4477 786 4523 ut
813 4484 880 4526 ex
901 4470 1002 4525 hac
1032 4471 1201 4527 lector
1239 4479 1292 4527 et
1320 4472 1558 4543 reliquas
1577 4473 1898 4544 dignoscere
1920 4476 2114 4530 valeat.
2150 4483 2194 4541 ο
2221 4476 2334 4541 Iiat,
2349 4473 2520 4544 primo
2545 4475 2882 4530 correctione
2899 4489 3245 4529 numerorum
3267 4476 3534 4530 versionis
3553 4475 3779 4541 Graeca.

566 4563 686 4615 Jam
707 4563 968 4618 coronidis
993 4565 1098 4618 vice
1129 4565 1465 4634 subjiciemus
1499 4567 1759 4637 egregium
1777 4567 1911 4620 illud
1926 4567 2124 4621 dictum

567 4653 702 4708 Elia:
735 4655 1194 4727 prophetw,quod,
1225 4659 1324 4712 etsi
1351 4659 1404 4711 in
1424 4657 1626 4727 lBibliis
1655 4675 1911 4729 nusquam
1935 4669 2120 4724 exstet,

567 4755 736 4802 tamen
755 4749 879 4818 quia
904 4750 1222 4816 reliquarum
1236 4750 1465 4803 onmium
1482 4749 1898 4818 conjecturarum
1919 4767 2124 4806 summa

562 4848 661 4904 est,
678 4853 725 4894 et
741 4840 895 4909 quasi
917 4840 1216 4908 explicatio,
1236 4839 1472 4894 omnibus
1487 4841 1815 4896 notissimum
1830 4858 1939 4896 esse
1952 4841 2120 4905 debet,

570 4941 620 4985 et
649 4932 878 4985 maxime
909 4931 1206 5000 faciendum
1227 4941 1322 4986 est.
1339 4929 1620 4987 Seatmillia
1635 4949 1890 4988 annorum
1920 4934 2118 4997 mundi,

561 5035 608 5078 et
637 5033 815 5092 postea
842 5024 1146 5086 destructio,
1177 5023 1279 5078 duo
1303 5025 1472 5078 millia
1493 5025 1664 5082 inane,
1691 5023 1794 5078 duo
1819 5025 1988 5078 millia
2017 5025 2119 5087 lex,

561 5114 665 5166 duo
681 5114 844 5167 millia
865 5111 1125 5178 Christus,
1147 5125 1195 5168 et
1219 5115 1267 5167 si
1289 5114 1415 5186 quid
1429 5129 1492 5168 ea:
1512 5115 1591 5168 his
1612 5115 1789 5174 deerit,
1809 5114 1974 5168 deerit
2002 5131 2122 5182 pro-

561 5214 673 5274 pter
698 5216 909 5274 peccata
940 5215 1121 5259 nostra
1147 5222 1262 5276 qua:
1287 5223 1474 5280 magna
1503 5217 1552 5262 et
1581 5209 1853 5263 innumera
1876 5216 2017 5262 sunt.
2041 5206 2120 5260 En

563 5296 870 5352 Cunmanni
930 5296 1270 5363 coronidem,
1307 5313 1376 5354 en
1409 5297 1558 5353 dicta
1608 5298 1846 5372 egregia,
1878 5313 1945 5354 eu
1994 5314 2122 5370 pro-

564 5389 780 5457 plietam
808 5399 960 5444 extra
1002 5386 1339 5458 Scripturas,
1367 5404 1435 5444 en
1461 5403 1752 5454 summam,
1783 5405 1850 5444 en
1880 5390 2113 5458 explica-

563 5481 788 5547 tionem,
825 5498 946 5552 quae
974 5484 1163 5554 quanti
1205 5481 1454 5539 facienda
1487 5482 1560 5537 sit
1587 5481 1909 5536 videbimus.
1936 5480 2119 5536 Primo

564 5568 759 5625 falsum
787 5583 870 5628 est
891 5572 1095 5627 dictum
1130 5573 1258 5627 illud
1287 5587 1411 5628 esse
1432 5570 1561 5626 Eliaa
1586 5570 1860 5626 Thesbitae
1883 5569 2117 5640 prophe-

563 5669 653 5726 tae,
677 5678 800 5717 cum
842 5667 913 5719 sit
943 5665 1224 5735 cujusdam
1264 5665 1393 5720 Elise
1436 5665 1648 5718 rabbini
1679 5662 1988 5718 Judaeorum
2025 5677 2117 5714 ca-

566 5757 799 5814 balistici
827 5763 1192 5812 commentum
1216 5757 1270 5811 in
1293 5755 1604 5822 Thalmud.,
1639 5761 1780 5810 tract
1808 5753 2114 5822 Sanedrim,

2223 4566 2418 4622 Cenes.
2471 4583 2504 4621 v
2551 4574 2604 4621 et
2649 4579 2742 4630 xi;
2778 4565 3018 4620 secundo
3061 4565 3355 4622 amissione
3411 4566 3666 4624 decennii
3725 4569 3780 4624 in

2223 4674 2387 4729 regno
2432 4657 2661 4712 Ammon
2704 4655 2771 4710 IV
2814 4656 3018 4728 Regum
3067 4673 3173 4724 xit;
3221 4659 3378 4712 tertio
3413 4660 3780 4729 applicatione

2222 4749 2350 4803 anni
2373 4748 2548 4803 ultimi
2565 4748 2894 4820 captivitatis
2913 4747 3250 4820 Babylonica:
3271 4749 3337 4804 ad
3358 4757 3604 4821 tempora
3627 4751 3777 4824 Cyri.

2221 4839 2572 4896 Cunmannus
2595 4839 2982 4895 Flinsbachius
3018 4841 3070 4894 in
3099 4840 3462 4912 chronologize
3487 4842 3781 4898 continua-

2222 4933 2367 4986 tione
2425 4940 2704 4986 enumerat
2743 4945 2917 4986 annos
2953 4929 3112 4995 5362,
3143 4931 3392 4986 videlicet
3433 4947 3466 4986 a
3499 4936 3783 4990 creatione

2221 5022 2408 5076 mundi
2442 5021 2509 5076 ad
2543 5020 2804 5076 diluvium
2853 5021 3062 5086 1656,a
3105 5021 3313 5078 diluvio
3339 5021 3406 5078 ad
3436 5025 3780 5081 vocationem

2218 5115 2449 5170 Abrahte
2495 5114 2619 5177 567,
2676 5129 2706 5167 a
2758 5117 3043 5170 vocatione
3098 5115 3326 5170 Abrahae
3366 5115 3432 5169 ad
3476 5117 3686 5170 exitum
3714 5115 3785 5172 de

2222 5203 2454 5276 Egypto
2483 5203 2606 5265 450.
2639 5205 2708 5258 ab
2731 5206 2883 5261 exitu
2919 5204 2987 5261 de
3016 5203 3250 5277 Egypto
3285 5203 3352 5259 ad
3393 5203 3654 5262 Davidem
3695 5221 3786 5262 ro-

2219 5316 2340 5371 gem
2385 5299 2510 5364 457,
2554 5315 2584 5354 a
2616 5299 2820 5356 Davide
2868 5299 2936 5355 ad
2984 5301 3352 5372 captivitatem
3395 5299 3783 5372 Babylonicam

2220 5394 2341 5448 50!.
2373 5391 2672 5462 Captivitas
2714 5392 3037 5465 Babylonica
3067 5392 3161 5459 70;
3196 5409 3227 5447 a
3254 5393 3568 5464 captivitate
3607 5393 3787 5467 Baby-

2208 5485 2397 5542 lonica
2423 5499 2596 5554 usque
2626 5483 2693 5538 ad
2724 5483 3002 5539 Christum
3030 5491 3219 5539 natum
3246 5484 3370 5548 50l,
3399 5499 3592 5540 omnes
3619 5485 3785 5540 simul

2218 5573 2378 5629 3969..
2408 5572 2644 5630 Joannes
2675 5573 2948 5631 Funccius
2993 5575 3048 5630 in
3082 5591 3181 5630 sua
3211 5573 3580 5651 Chronologia
3619 5575 3784 5642 3963,

2218 5664 2465 5722 videlicet
2505 5681 2537 5719 a
2585 5667 2860 5722 creatione
2911 5666 3101 5722 mundi
3159 5683 3334 5737 usque
3373 5667 3440 5721 ad
3487 5666 3782 5723 Persarum

2215 5755 2584 5813 monarchiam
2601 5757 2758 5825 3406,
2776 5773 2804 5811 a
2821 5757 3108 5814 Persarum
3129 5759 3442 5814 monarchia
3464 5760 3531 5816 ad
3559 5774 3783 5833 regnum
