4072 6338
345 356 481 411 1009

1346 356 1412 413 IN
1451 338 1818 415 eusrunu
1858 357 2325 416 nexseusaox
2366 355 2638 415 nomn

3421 357 3557 412 1010

343 468 657 523 Graecorum
712 474 836 538 post
888 467 1180 523 Alexandri
1224 468 1450 527 martem
1501 471 1627 536 254,
1670 489 1701 527 a
1747 490 1908 543 regno
1937 481 1978 534 Α
2007 482 2267 541 quuntur.
2303 469 2474 527 Rabbi
2511 466 2760 523 Nahsson
2809 467 2863 522 in
2890 468 2985 523 lib.
3020 466 3093 523 De
3131 468 3276 538 cyclo
3305 466 3557 523 Pan-Itali

338 555 649 612 Grecorum
700 570 871 625 usque
922 556 990 611 ad
1019 554 1387 614 Romanorum
1431 563 1798 617 monarchiam
1841 570 1894 615 et

335 649 543 706 Christi
590 648 1065 721 nativitatem.322
1098 668 1112 706 :
1143 658 1272 706 sunt
1320 653 1450 707 anni
1506 667 1694 710 omnes
1732 655 1893 711 simul

334 741 496 797 3963.
528 738 684 797 Ubbo
734 740 979 797 Emmius
1001 740 1210 797 Frisius
1244 743 1299 798 in
1342 744 1691 818 chronologia
1715 757 1767 803 et
1803 764 1895 802 ca-

330 833 498 888 nonis
542 831 790 888 chronici
822 833 1143 905 compendio
1174 834 1494 891 brevissimo
1547 844 1601 892 et
1642 838 1889 908 pleniori,

335 939 510 980 annos
534 922 695 987 3950,
724 924 929 981 scilicet
959 940 989 981 a
1015 928 1289 982 creatione
1315 928 1500 983 mundi
1536 924 1602 985 ad
1629 930 1887 985 diluvium

336 1034 512 1074 annos
533 1017 691 1082 1657,
717 1018 784 1073 ad
806 1020 1142 1076 vocationem
1169 1022 1395 1077 Abrahae
1412 1021 1576 1088 2024,
1596 1022 1663 1079 ad
1687 1024 1887 1079 exitum

333 1125 400 1167 ex
434 1108 668 1181 Egypto
694 1108 855 1175 2455,
880 1111 947 1167 ad
977 1112 1235 1182 templum
1264 1112 1567 1171 Salomonis
1611 1116 1886 1171 conditum

331 1197 496 1264 2932,
547 1200 614 1255 ad
668 1201 926 1271 templum
959 1201 1193 1257 deletum
1223 1203 1382 1269 3360,
1408 1204 1476 1259 ad
1510 1206 1765 1275 templum
1802 1207 1887 1261 in-

334 1299 638 1346 stauratum
671 1292 829 1356 3531,
860 1292 925 1347 ad
958 1292 1235 1350 Christum
1268 1295 1321 1351 in
1349 1303 1495 1351 terra
1521 1304 1707 1353 natum
1725 1297 1881 1353 3950.

328 1380 569 1439 Joannes
598 1384 891 1441 Boulaasius
917 1385 1078 1449 3960,
1107 1387 1269 1459 idque
1298 1388 1499 1461 triplici
1536 1391 1622 1444 via
1661 1389 1885 1446 demon-

329 1483 487 1530 strat.
515 1474 695 1533 Prima
727 1478 983 1535 saeculum
1031 1480 1265 1535 ethnicis
1298 1481 1540 1551 ignotum
1573 1490 1698 1538 ante
1737 1481 1881 1538 dilu-

328 1565 475 1620 vium
508 1566 665 1630 1657,
707 1583 931 1626 aureum
962 1570 1219 1626 saeculum
1257 1571 1380 1635 249,
1406 1584 1716 1645 argenteum
1755 1575 1877 1639 450,

326 1672 536 1712 aeneum
582 1656 715 1725 448,
765 1666 1046 1715 stanneum
1083 1660 1206 1721 427,
1256 1661 1488 1718 ferreum
1535 1663 1661 1727 240,
1709 1666 1880 1735 plum-

326 1747 487 1802 heum
516 1762 641 1802 cum
674 1747 949 1804 additione
976 1749 1063 1817 46,
1089 1751 1214 1816 510,
1239 1759 1293 1807 et
1331 1752 1435 1808 hoc
1465 1755 1626 1810 modo
1653 1770 1879 1811 consur-

1994 564 2152 629 5740,
2183 562 2356 619 Rabbi
2388 562 2513 618 Levi
2554 562 2607 616 in
2642 578 2719 618 xu
2750 561 2992 617 Dahielis
3018 561 3179 627 3781,
3217 560 3385 617 Rabbi
3446 561 3557 618 Mo-

1993 670 2080 712 ses
2102 655 2473 713 Gerundensls
2497 653 2662 717 4058,
2687 645 2902 708 mensas
2933 653 2985 709 5.
3007 652 3073 706 Et
3101 653 3292 708 horum
3338 660 3556 707 senten-

1990 747 2096 812 tiae,
2125 747 2203 802 uti
2232 746 2414 803 videre
2445 756 2546 810 est,
2583 746 2833 815 quamvis
2888 745 3074 809 variae,
3109 760 3209 800 nec
3254 744 3553 801 uniformes

1989 836 2261 903 videntur,
2312 844 2492 890 tamen
2552 848 2838 889 numerum
2894 830 3068 903 quinti
3108 831 3396 888 millenarii
3441 847 3550 888 non

1988 927 2277 985 excedunt.
2324 928 2507 982 Altera
2557 933 2640 981 est
2694 941 2905 989 eorum,
2942 925 3035 995 qui
3089 939 3251 995 supra
3300 926 3549 995 quintum

1988 1021 2352 1076 millenariu’m
2403 1018 2610 1074 addunt
2666 1018 2865 1072 multos
2918 1032 3113 1081 annos,
3145 1032 3320 1087 neque
3370 1024 3549 1071 tamen

1987 1114 2357 1170 consentiunt.
2390 1112 2730 1181 Augustinus
2756 1116 3010 1164 numerat
3041 1124 3213 1164 annos
3243 1109 3375 1165 5351
3406 1127 3421 1177 ;
3452 1110 3552 1166 lsi-

1986 1202 2154 1258 dorus
2192 1218 2226 1256 v
2274 1199 2603 1271 'Etymolog.,
2659 1198 2817 1254 5210.
2873 1195 3099 1254 Orosius
3151 1198 3306 1263 5190,
3358 1198 3548 1255 Alton-

1984 1310 2079 1350 sus
2107 1292 2269 1357 5984,
2304 1291 2568 1347 Eusebius
2594 1289 2735 1345 idem
2775 1290 2939 1343 sentit
2970 1304 3092 1344 cum
3121 1288 3339 1356 Orosio,
3372 1289 3549 1346 Theo-

1986 1384 2163 1453 philus
2212 1382 2584 1438 Antiochenus
2635 1381 2703 1435 ad
2749 1380 3061 1449 Autolycum
3109 1379 3266 1434 5476.
3333 1379 3547 1436 Nicetas

1983 1475 2075 1529 lib.
2103 1491 2116 1527 ι
2160 1471 2365 1527 Histor.
2396 1488 2516 1542 cap.
2562 1473 2629 1527 10
2648 1512 2662 1537 ,
2686 1471 2859 1538 5503;
2886 1470 3164 1526 Cedrcnus
3190 1469 3349 1537 5506,
3375 1470 3545 1527 Graeci

1980 1565 2139 1634 vulgo
2165 1564 2303 1619 5508
2332 1573 2391 1619 ut
2411 1564 2465 1617 in
2483 1562 2646 1619 Sexta
2680 1561 2885 1634 synodo
2917 1576 3037 1633 cap.
3066 1562 3122 1617 3.
3152 1562 3208 1616 ln
3242 1561 3543 1634 Horologio,

1978 1665 2031 1711 et
2063 1657 2206 1726 cyclo
2248 1654 2499 1709 Paschali
2552 1653 2879 1712 Nicodamus
2925 1656 2991 1710 de
3040 1656 3443 1711 resurrectione
3492 1659 3545 1710 e't

1979 1749 2234 1817 passione
2280 1745 2493 1800 Domini
2538 1760 2665 1800 ann.
2719 1746 2880 1813 5500,
2934 1746 3037 1801 hoc
3080 1753 3164 1802 est
3201 1761 3229 1799 a
3268 1748 3544 1802 creatione

325 1846 461 1909 gunt
506 1839 575 1894 ab
606 1841 737 1896 orbe
765 1842 984 1897 condito
1022 1842 1090 1896 ad
1121 1842 1327 1899 Christi
1356 1845 1688 1901 nativitatem
1722 1846 1879 1902 3960.
1912 1821 1953 1875 Β
1981 1837 2110 1891 Adae
2157 1836 2226 1890 ad
2279 1836 2539 1891 diluvium
2591 1836 2752 1901 2219-.
2777 1853 2806 1890 θ
2834 1837 3038 1892 diluvio
3074 1853 3245 1908 usque
3271 1838 3337 1893 ad
3372 1839 3542 1894 Abra-

328 1929 604 1993 Secunda,
628 1932 696 1985 ab
726 1932 882 1986 initio
907 1934 1090 1988 seculi
1119 1934 1185 1989 ad
1217 1934 1478 1989 diluvium
1507 1935 1659 2002 1656,
1688 1952 1718 1990 a
1744 1937 1885 1992 dilu-

329 2023 419 2076 vio
455 2022 522 2075 ad
549 2020 745 2076 Ninum
779 2024 1129 2079 monarcham
1146 2024 1272 2091 249,
1303 2040 1332 2079 a
1360 2024 1499 2081 Nino
1519 2026 1585 2081 ad
1617 2026 1884 2083 Sardana-

323 2111 434 2182 pali
488 2110 647 2166 linem
696 2112 854 2175 1234,
888 2112 957 2168 ab
1006 2113 1217 2170 Arbace
1257 2114 1324 2171 ad
1349 2116 1711 2171 Alexandrum
1766 2116 1880 2170 Ma-

320 2216 485 2273 gnum
532 2202 656 2269 495,
687 2203 753 2256 ab
776 2202 1084 2258 Alexandro
1109 2202 1301 2275 Magno
1330 2205 1397 2260 ad
1425 2204 1583 2261 linem
1604 2206 1752 2277 regni
1782 2206 1882 2279 Sy-

318 2292 416 2347 riae
451 2292 577 2356 255,
604 2307 634 2346 a
688 2292 845 2363 Syria
908 2308 1158 2366 possessa
1201 2309 1296 2365 per
1324 2294 1598 2352 Romanos
1626 2297 1691 2351 ad
1724 2297 1880 2352 Chri-

320 2390 468 2439 stum
512 2392 697 2440 natum
736 2385 826 2449 91,
860 2394 915 2441 et
960 2388 1041 2443 sic
1073 2387 1199 2443 item
1229 2396 1388 2443 erunt
1419 2387 1578 2444 3960.
1614 2387 1816 2453 Tertia,
1848 2405 1878 2444 a

315 2474 595 2531 creatione
648 2476 836 2531 mundi
895 2476 961 2532 ad
1010 2478 1274 2535 diluvium
1319 2477 1475 2546 1656,
1501 2495 1532 2534 a
1572 2480 1774 2536 diluvio
1811 2481 1876 2536 ad

318 2566 641 2637 completam
688 2567 757 2622 15
796 2569 1102 2640 dynastiam
1144 2570 1272 2637 292,
1330 2572 1383 2626 in
1418 2572 1485 2626 16
1535 2581 1589 2628 et
1624 2573 1688 2626 17
1713 2574 1875 2645 dyna-

317 2657 424 2713 stia
454 2656 596 2723 293,
636 2660 689 2713 in
721 2660 787 2715 18
830 2661 1048 2734 dynast.
1095 2662 1232 2728 548,
1286 2662 1341 2716 in
1404 2663 1470 2717 19
1512 2664 1727 2737 dynast.
1757 2666 1874 2727 194,

318 2750 375 2804 in
424 2753 778 2822 sequentibus
812 2769 904 2809 sex
933 2754 1199 2825 dynastiis
1226 2755 1352 2820 489,
1387 2772 1417 2810 a
1441 2756 1511 2811 26
1559 2757 1773 2829 dynast.
1809 2758 1873 2812 ad

314 2842 523 2898 obitum
559 2844 850 2900 Alexandri
881 2845 1005 2913 369,
1038 2860 1068 2899 a
1093 2855 1266 2903 morte
1292 2847 1583 2902 Alexandri
1615 2849 1681 2903 ad
1713 2846 1873 2902 Chri-

313 2940 459 2989 stum
488 2935 613 3001 319,
640 2944 695 2991 et
725 2937 803 2992 sic
854 2937 981 2992 item
1024 2939 1310 2994 constituit
1340 2940 1409 2995 ab
1431 2940 1653 2995 exordio
1688 2941 1870 2994 mundi

313 3019 387 3075 ad
414 3020 687 3078 Christum
734 3024 891 3081 5960.
936 3024 1214 3084 Gilbertus
1262 3028 1664 3087 Genebrardus.
1700 3030 1791 3084 lib.
1830 3048 1868 3091 ι,

314 3119 371 3167 et
403 3112 458 3167 in
490 3112 593 3170 line
625 3116 721 3172 lib.
757 3133 815 3181 ll,
862 3118 1021 3179 4090,
1046 3118 1113 3174 ab
1145 3120 1276 3175 orbe
1305 3121 1513 3177 scilicet
1542 3122 1761 3177 condito
1798 3123 1863 3176 ad

310 3203 781 3273 eluvioneml656,
796 3208 911 3266 dics
931 3226 1052 3275 sex;
1074 3212 1399 3269 abeluvione
1423 3215 1488 3269 ad
1511 3226 1685 3272 ortum
1704 3218 1875 3273 Abra—

312 3295 458 3350 hami
511 3296 636 3364 295,
668 3298 786 3356 dies
838 3301 933 3369 10;
985 3303 1052 3358 ab
1081 3303 1369 3358 Abrahami
1416 3313 1562 3373 ortu,
1588 3306 1655 3362 ad
1681 3318 1869 3378 egres-

1982 1927 2106 1981 ham
2137 1926 2261 1991 912,
2300 1927 2374 1982 ab
2398 1927 2669 1981 Abraham
2699 1928 2765 1983 ad
2797 1927 3030 1999 Moysem
3060 1930 3182 1993 450,
3209 1946 3238 1985 a
3266 1930 3444 2002 Moyse
3474 1932 3538 1986 ad

1981 2017 2150 2072 David
2200 2033 2380 2088 regem
2423 2017 2545 2083 510,
2573 2033 2603 2071 a
2658 2017 2860 2074 Davide
2899 2020 2966 2075 ad
3013 2022 3540 2093 transmigrationem

1982 2110 2272 2182 Babylonis
2301 2111 2425 2176 500,
2461 2127 2489 2164 a
2526 2112 3024 2182 transmigratione,
3062 2130 3230 2185 usque
3264 2116 3328 2169 ad
3362 2115 3543 2170 incar—

1980 2204 2249 2259 nationem
2278 2202 2479 2259 Christi
2516 2202 2651 2267 500;
2681 2203 2773 2272 qui
2802 2218 2991 2260 omnes
3018 2214 3140 2259 sunt
3171 2206 3326 2261 5500.
3373 2206 3538 2261 Chro-

1980 2295 2133 2348 nicon
2172 2294 2592 2349 Alexandrinum
2643 2293 2782 2349 5507
2806 2335 2821 2360 ,
2866 2293 3202 2367 Nicephorus
3233 2298 3537 2367 patriarcha

1976 2384 2605 2456 Constantinopolitanus
2634 2387 2791 2444 5500.
2833 2389 2981 2455 Quos
3017 2390 3090 2443 ita
3140 2391 3381 2461 colligit:
3405 2393 3535 2446 Συν-

1978 2478 2196 2547 άγονται
2248 2479 2317 2533 τὰ
2357 2478 2451 2549 ἐτη
2492 2477 2662 2541 οὕτως
2717 2479 2793 2543 ὠς
2832 2481 3185 2534 ὑποτέτακται
3218 2482 3323 2535 ἀπὸ
3370 2481 3538 2554 Ἀδὰμ

1974 2568 2079 2633 ἕως
2125 2567 2218 2621 τοῦ
2268 2568 2652 2640 κατακλυσμοῦ
2688 2569 2880 2640 ,βσμβ’,
2915 2570 3020 2623 ἀπὸ
3058 2571 3114 2625 δὲ
3149 2570 3240 2624 τοῦ
3273 2572 3536 2625 κατακλυ-

1978 2660 2113 2731 σμοῦ
2147 2661 2251 2723 ἓως
2280 2660 2487 2732 πύργου
2516 2660 2743 2734 Νευρὼθ
2792 2660 2885 2734 ἔτη
2930 2663 3045 2731 φκε⁹
3066 2680 3077 2693 '
3107 2663 3212 2716 ἀπὸ
3237 2664 3293 2716 δὲ
3327 2664 3533 2736 πύργου

1973 2751 2077 2814 ἕως
2109 2751 2214 2804 τῶν
2246 2752 2691 2826 διχοτομημάτων
2732 2755 2979 2827 Ἀϐραὰμ
3015 2755 3112 2826 ἔτη
3156 2755 3299 2809 uxr."
3336 2758 3443 2811 ἀπὸ
3478 2759 3535 2811 δὲ

1973 2842 2080 2897 τῶν
2131 2844 2579 2916 διχοτομημάτων
2630 2848 2735 2911 ἓως
2786 2848 2876 2901 τοῦ
2932 2848 3111 2911 τέλους
3153 2848 3399 2920 Ἀϐραὰμ
3438 2848 3531 2922 ἔτη

1972 2934 2076 2999 ος’,
2105 2936 2237 3006 ὁμοῦ
2264 2936 2383 3006 ἔτη,
2414 2937 2609 3008 ιγσξηκ
2644 2939 2750 2992 ἀπὸ
2776 2939 2832 2991 δὲ
2866 2938 2958 2992 τοῦ
3010 2938 3256 3009 Ἀϐραὰμ
3292 2941 3395 3002 ἓως
3437 2940 3534 3010 τῆς

1970 3024 2149 3089 ἐξόδου
2180 3023 2287 3077 τῶν
2318 3025 2447 3079 υἱῶν
2496 3027 2706 3100 Ἰσραὴλ
2737 3028 2828 3100 ἔτη
2863 3028 2939 3081 υλ’
2958 3046 2970 3058 ’
3004 3029 3110 3082 ἀπὸ
3137 3030 3192 3083 δὲ
3222 3030 3322 3100 τῆς
3352 3030 3530 3095 ἐξόδου

1970 3115 2073 3179 ἕως
2091 3116 2189 3187 τῆς
2208 3118 2491 3189 οἰκοδομῆς
2514 3119 2661 3173 οἴκου
2692 3120 2896 3194 Κυρίου
2924 3120 3015 3192 ἔτη
3050 3120 3168 3191 ψνς⁹
3182 3139 3194 3150 ·
3224 3121 3330 3174 ἀπὸ
3354 3122 3409 3175 δὲ
3433 3122 3531 3193 τῆς

1972 3206 2255 3278 οἰκοδομῆς
2292 3208 2385 3262 τοῦ
2418 3210 2548 3263 ναοῦ
2583 3210 2686 3275 ἕως
2723 3212 2821 3283 τῆς
2852 3213 3224 3285 αἰχμαλωσίας
3254 3213 3347 3285 ἔτη
3395 3216 3527 3283 υκε’,

1971 3298 2102 3370 ὁμοῦ
2133 3298 2223 3372 ἔτη
2260 3302 2421 3365 ,δωπ’.
2460 3302 2591 3355 ’Λπὸ
2622 3304 2676 3357 δὲ
2709 3304 2808 3373 τῆς
2841 3306 3210 3375 αἰχμαλωσίας
3229 3306 3333 3371 ἓως
3355 3308 3534 3373 Ἀλεξ-

309 3387 521 3442 sionem
547 3387 915 3446 lsraelitarum
939 3408 1005 3447 ex
1036 3392 1272 3464 Egypto
1298 3394 1421 3459 720,
1450 3396 1517 3450 ab
1541 3411 1767 3468 egressu
1803 3397 1869 3453 ad

1971 3388 2157 3461 ἀνδρου
2205 3391 2295 3463 ἔτη
2346 3394 2482 3465 mn"
2520 3394 2626 3446 ἀπὸ
2655 3394 2711 3448 δὲ
2748 3395 2839 3447 τοῦ
2892 3396 3233 3469 Ἀλεξάνδρου
3279 3397 3382 3463 ἕως
3421 3400 3529 3454 τῶν

303 3475 454 3546 jacta
488 3481 673 3551 templi
706 3481 1055 3538 fundamenta
1084 3485 1207 3547 480,
1228 3502 1256 3539 a
1286 3484 1651 3543 fundamentis
1681 3490 1863 3559 templi

1970 3483 2170 3554 χρόνων
2195 3485 2366 3554 Ἰησοῦ
2389 3484 2481 3540 τοῦ
2500 3487 2703 3558 Κυρίου
2726 3488 2878 3558 ἡμῶν
2900 3488 2993 3559 ἐτη
3018 3496 3118 3557 τγ¹,
3146 3489 3279 3561 ὁμοῦ
3299 3491 3390 3563 ἐτη
3410 3492 3525 3562 ,εφ’.

308 3566 374 3621 ad
399 3569 762 3637 captivitatem
781 3571 1157 3644 Babylonicam
1175 3576 1300 3639 419,
1327 3593 1540 3633 menses
1561 3578 1613 3643 6,
1635 3594 1663 3633 a
1694 3581 1868 3652 Baby-
1967 3572 2103 3629 Vide
2134 3576 2401 3647 Argyrum
2447 3578 2501 3631 in
2554 3576 2712 3647 Cyclo
2748 3577 3022 3643 Pascltali,
3050 3590 3103 3634 et
3147 3582 3306 3637 alios.
3334 3581 3528 3639 Noster

309 3659 488 3715 ionica
527 3661 839 3732 captivitate
870 3665 936 3720 ad
967 3667 1243 3723 Christum
1285 3676 1468 3723 natum
1503 3669 1626 3725 520.
1661 3669 1860 3728 Omnes
1967 3662 2282 3725 Eustathius
2335 3670 2492 3728 5551.
2530 3669 2645 3737 Qua
2697 3679 2877 3727 autem
2928 3672 2981 3727 id
3031 3675 3242 3731 ratione
3275 3676 3524 3740 allirmat,

315 3759 446 3805 sunt
499 3752 655 3809 4089.
681 3753 738 3809 Si
789 3756 956 3814 addas
982 3757 1098 3813 dies
1128 3767 1181 3813 et
1210 3774 1445 3824 menses,
1480 3761 1584 3815 erit
1612 3762 1866 3819 nativitas
1964 3777 2233 3833 exponere
2261 3764 2498 3820 breviter
2526 3766 2750 3820 minime
2787 3765 2901 3821 ﬁeri
2931 3776 3125 3837 potest,
3153 3786 3276 3824 cum
3313 3778 3365 3826 et
3386 3771 3527 3827 vitas

305 3839 513 3898 Christi
555 3857 700 3899 anno
737 3844 895 3900 4090.
929 3845 1167 3903 Joannes
1190 3846 1455 3921 Georgius
1486 3849 1779 3905 Hervartus
1809 3851 1862 3904 in
1963 3862 2174 3922 patrum
2225 3862 2350 3910 ante
2402 3855 2665 3910 diluvium
2703 3864 2756 3913 et
2799 3867 2921 3927 post
2961 3861 3271 3918 examinare
3312 3863 3529 3920 dillicile

307 3949 409 3989 sua
458 3951 619 4003 nova,
649 3946 703 3993 et
733 3939 799 3993 ad
828 3940 1098 3995 calculum
1146 3944 1569 3997 astronomicum
1598 3950 1863 3999 revocatas
1963 3945 2055 4012 sit,
2084 3954 2138 4000 et
2169 3960 2354 4017 regum
2397 3944 2551 4003 Iuda:
2596 3950 2934 4021 aliorumque
2982 3967 3155 4009 annos
3197 3963 3250 4011 et
3295 3956 3528 4013 interre-

304 4026 671 4100 chronologize
726 4044 847 4101 cap.
904 4032 938 4086 3
980 4041 1033 4086 et
1083 4030 1208 4099 264,
1250 4040 1440 4089 exacto
1493 4047 1632 4087 anno
1676 4033 1859 4088 mundi
1960 4051 2064 4107 gna
2086 4035 2419 4109 distinguere
2447 4038 2669 4095 minime
2698 4041 2767 4095 sit
2795 4041 2958 4111 hujus
2990 4046 3209 4115 negotii,
3238 4054 3291 4100 et
3318 4046 3527 4103 laboris

302 4119 445 4174 3955
486 4117 917 4177 lncarnationem
989 4122 1197 4179 Domini
1260 4125 1433 4180 nostri
1478 4124 1607 4181 Jesu
1656 4125 1857 4181 Christi

302 4212 477 4281 ponit,
506 4213 651 4283 quod
678 4228 748 4269 ne
770 4214 998 4284 ’absque
1035 4217 1244 4271 ratione
1279 4232 1524 4273 asserere
1560 4215 1854 4285 videretur,

301 4304 585 4359 sententiae
642 4320 753 4360 suae
805 4304 1154 4362 fundamenta
1217 4308 1378 4377 jecit,
1416 4316 1470 4363 et
1514 4308 1569 4362 in
1620 4308 1853 4365 medium

301 4395 507 4450 attulit.
544 4394 804 4451 Numerat
833 4396 973 4451 enim
1003 4413 1123 4452 cum
1154 4398 1275 4453 aliis
1307 4414 1373 4452 ex
1404 4400 1722 4455 auctoritate
1756 4399 1856 4453 He-

1958 4128 2135 4192 multi,
2188 4136 2239 4183 et
2291 4130 2580 4202 scriptura:
2634 4133 2895 4206 indigeat,
2930 4152 2996 4191 ne
3050 4136 3249 4192 lusisse
3300 4152 3522 4208 operam

1956 4218 2285 4275 videremur.
2338 4220 2701 4281 Reservamus
2752 4237 2932 4283 tamen
2986 4228 3149 4295 hujus
3201 4230 3525 4300 quazstionis

1955 4313 2389 4385 explicationem.
2455 4317 2509 4370 in
2544 4317 2683 4373 libro
2715 4326 2924 4384 nostro,
2977 4336 3135 4392 quem
3164 4321 3413 4391 superius
3446 4323 3527 4376 ci-

1957 4406 2212 4461 tavimus.
2244 4403 2480 4462 lnventae
2500 4416 2626 4464 sunt
2647 4411 2807 4465 etiam
2830 4412 2949 4466 dure
2973 4412 3321 4467 collectiones
3349 4427 3522 4466 anno-

302 4484 494 4539 bfaica
521 4485 589 4539 ab
620 4485 827 4540 Adamo
848 4486 917 4540 ad
947 4486 1205 4541 όίιυνίυιη
1243 4502 1415 4541 annos
1453 4488 1606 4543 1656.
1630 4490 1756 4544 Inde
1789 4490 1853 4544 ad
1887 4499 1930 4554 D
1958 4515 2076 4554 rum
2095 4503 2497 4573 manuscriptae,
2528 4502 2694 4557 altera
2723 4518 2787 4556 ex
2812 4501 3140 4557 Marcelliani
3158 4500 3398 4555 chronici
3417 4500 3522 4554 line

300 4575 671 4631 Abrahamum
724 4577 850 4643 292,
898 4577 1091 4633 exinde
1120 4578 1183 4631 ad
1223 4577 1476 4633 Davidem
1516 4580 1639 4644 942,
1669 4581 1857 4651 adca-

295 4669 600 4741 ptivitatem
630 4670 733 4724 475
753 4710 767 4733 ,
794 4681 955 4741 atque
983 4668 1177 4725 exinde
1206 4668 1272 4723 ad
1301 4668 1578 4725 Christum
1606 4671 1730 4726 589.
1754 4671 1856 4737 Qui

294 4764 355 4817 in
390 4776 557 4817 unum
596 4762 810 4819 collecti
839 4768 966 4818 sunt
994 4762 1132 4817 5952
1168 4781 1181 4815 :
1212 4760 1412 4831 quibus
1447 4761 1497 4818 si
1524 4770 1636 4817 tres
1682 4778 1854 4818 annos

294 4853 586 4923 adjeceris.
640 4862 763 4924 post
817 4867 957 4924 quos
1010 4854 1251 4925 vulgaris
1296 4851 1501 4909 Christi
1533 4855 1740 4925 epocha
1772 4857 1856 4911 in-

293 4943 492 5001 choata
539 4944 642 5001 fuit
683 4960 779 5016 per
820 4944 882 5001 Ι).
914 4944 1322 5017 Hieronymum,
1347 4953 1508 5002 erunt
1539 4947 1668 5002 anni
1694 4948 1850 5004 3955.

292 5041 576 5092 Annorum
605 5037 732 5093 item
768 5037 960 5093 seriem
990 5039 1059 5093 ab
1080 5039 1209 5094 orbe
1245 5039 1463 5094 condito
1490 5039 1555 5094 ad
1579 5038 1854 5096 Christum

290 5135 480 5183 natum
509 5127 676 5184 habes
711 5128 768 5183 in
813 5126 1069 5184 Chronico
1094 5128 1365 5195 Carionis,
1396 5145 1554 5199 quem
1597 5131 1738 5185 vide.
1793 5128 1856 5183 Et

289 5233 360 5273 ex
390 5216 630 5274 Hebraeis
656 5219 783 5274 Baal
804 5216 972 5275 Seder
1006 5218 1183 5287 Olam,
1214 5233 1243 5273 ι
1273 5219 1460 5274 mundi
1485 5220 1758 5275 creatione
1785 5221 1854 5275 ad

290 5310 629 5365 eversionem
670 5310 859 5383 templi
893 5310 996 5367 sub
1025 5308 1367 5382 Vespasiano
1411 5319 1623 5366 tantum
1659 5327 1854 5368 nume-

289 5408 379 5456 rat
403 5416 576 5458 annos
612 5402 772 5467 3888,
806 5402 860 5458 id
904 5410 991 5459 est
1026 5403 1093 5457 ad
1132 5402 1407 5459 Christum
1457 5414 1642 5460 natum
1689 5403 1848 5460 5757.

291 5488 525 5551 Rabbini
559 5496 888 5552 recentiores
918 5493 986 5549 ad
1014 5503 1201 5551 natum
1230 5495 1510 5552 Christum
1538 5511 1666 5551 ann.
1688 5495 1847 5559 3760,

291 5598 506 5643 menses
541 5586 595 5641 4.
634 5586 787 5644 Unde
814 5597 1042 5660 quartus
1069 5589 1255 5645 mundi
1284 5589 1627 5647 millenarius
1663 5588 1733 5644 ab
1768 5589 1849 5645 eis

293 5689 436 5733 anno
470 5676 680 5736 Domini
730 5681 836 5736 9210
894 5682 1205 5748 confertur;
1252 5683 1476 5753 quintus
1540 5683 1595 5738 in
1644 5699 1847 5740 annum

296 5764 452 5833 1240,
491 5778 541 5824 et
594 5771 664 5831 ita
700 5772 955 5851 deinceps
987 5775 1130 5847 quod
1164 5775 1323 5835 hodie
1354 5776 1515 5849 vulgo
1554 5773 1723 5831 Judmi
1754 5790 1842 5831 se-

1827 5860 1903 5869 qr.

1957 4594 2026 4649 ab
2072 4594 2240 4648 Adam
2300 4611 2472 4664 usque
2506 4595 2573 4649 ad
2621 4594 2881 4648 diluvium
2913 4596 3041 4650 anni
3072 4591 3232 4658 2242,
3259 4606 3289 4646 a
3313 4591 3521 4647 diluvio

1956 4701 2128 4755 usque
2160 4688 2227 4741 ad
2251 4687 2522 4741 Abraham
2558 4687 2682 4741 anni
2706 4687 2828 4751 942,
2853 4687 2923 4741 ab
2947 4684 3218 4739 Abraham
3255 4700 3427 4755 usque
3450 4685 3518 4741 ad

1960 4778 2269 4847 passionem
2305 4776 2517 4833 Domini
2548 4777 2674 4832 anni
2702 4777 2863 4843 2244,
2896 4792 2925 4831 a
2960 4774 3128 4830 Roma
3158 4790 3285 4831 vero
3301 4775 3514 4830 condita

1954 4877 2124 4932 usque
2162 4864 2228 4918 ad
2260 4863 2474 4919 Domini
2506 4864 2795 4921 adventum
2831 4865 2959 4919 anni
3011 4865 3133 4929 752,
3178 4881 3208 4918 a
3264 4864 3516 4936 passione

1952 4953 2165 5009 Domini
2196 4971 2370 5025 usque
2398 4956 2466 5011 ad
2490 4958 2835 5013 consulatum
2863 4956 3132 5011 Eustathii
3162 4957 3287 5011 anni
3314 4957 3434 5021 594,
3460 4966 3514 5011 et

1952 5063 2123 5116 usque
2155 5048 2219 5105 ad
2248 5051 2592 5105 consulatum
2633 5048 2744 5104 DN.
2776 5050 3069 5105 Theodosii
3097 5067 3187 5117 xv,
3230 5050 3358 5104 anni
3386 5048 3508 5105 409.

1952 5139 2115 5195 Fiunt
2146 5142 2216 5198 ab
2252 5143 2421 5198 Adam
2457 5160 2633 5214 usque
2668 5144 2733 5198 ad
2765 5160 2855 5198 xlv
2895 5141 3138 5199 Valentis
3186 5157 3410 5209 annum,
3458 5143 3513 5200 id

1951 5241 2055 5297 est,
2085 5249 2259 5304 usque
2315 5235 2382 5290 ad
2432 5235 2776 5291 consulatum
2809 5236 2928 5305 ejus
2962 5246 3014 5292 et
3052 5235 3419 5291 Valentiniani
3449 5252 3508 5298 ιι,
3558 5258 3561 5259 ν

1950 5338 2138 5379 omnes
2163 5326 2288 5379 anni
2316 5325 2521 5390 15579;
2541 5326 2711 5382 altera
2728 5342 2789 5383 ex
2820 5327 3110 5383 Eusebiani
3139 5328 3384 5382 chronici
3406 5329 3511 5383 lino

1949 5411 2019 5468 ab
2046 5413 2180 5470 urbe
2208 5416 2425 5470 condita
2454 5418 2556 5473 sub
2584 5418 2803 5490 regibus
2833 5418 2961 5474 anni
2989 5417 3114 5483 240,
3143 5418 3243 5473 sub
3271 5418 3507 5473 consuli~

1946 5505 2049 5559 bus
2086 5506 2213 5559 anni
2242 5506 2365 5573 464,
2394 5508 2496 5563 sub
2526 5510 2785 5579 Augustis
2806 5517 2859 5566 et
2884 5509 3190 5566 Caesaribus
3222 5509 3348 5563 anni
3382 5508 3507 5574 495,

1951 5595 2285 5666 colliguntur
2310 5613 2499 5656 omnes
2527 5601 2655 5654 anni
2680 5616 2854 5671 usque
2883 5601 2951 5655 ad
2968 5602 3308 5657 consulatum
3332 5599 3500 5656 Theo-

1945 5687 2081 5743 dosii
2105 5685 2344 5745 Junioris
2365 5707 2520 5755 xvm,
2539 5704 2589 5747 ct
2614 5692 2974 5749 Valentiniani
2998 5693 3235 5751 Junioris
3257 5691 3502 5748 Placidia:

1946 5777 2039 5831 ﬁlii
2089 5796 2154 5846 \‘I,
2193 5779 2580 5851 Augustarum,
2611 5781 2766 5837 1197.
2812 5782 2888 5835 Alt
2910 5781 3176 5839 Abraham
3213 5796 3384 5849 usque
3435 5779 3505 5835 ad
