4072 6338
477 285 607 337 ιυιι
1423 311 1447 334 ο
1877 288 2051 344 LEON

2153 289 2424 346 ALLATII
3553 305 3704 365 {om

477 409 694 471 tempus
727 402 1154 472 suprascriptum
1185 404 1310 457 anni
1349 405 1508 470 25l5,
1550 421 1577 459 a
1613 407 1816 462 diluvio
1868 425 2040 478 usque

2150 410 2288 482 Βάρᾳ
2312 411 2388 481 τῷ
2429 411 2591 482 πατρὶ
2634 412 2899 482 Ἀϐραὰμ,
2931 413 3233 470 ἐθανάτωσε
3265 418 3357 474 τὸν
3390 421 3502 474 υἱὸν
3530 425 3695 480 αὑτοῦ

479 491 548 548 ad
585 491 856 546 Abraham
885 491 1010 544 anni
1043 490 1166 554 842,
1197 493 1263 546 ab
1287 491 1456 548 Adam
1485 509 1658 562 usque
1687 494 1751 548 ad
1781 495 2038 548 diluvium

2150 503 2230 554 τὸν
2259 503 2455 573 τρίτον,
2483 504 2541 556 ὃν
2572 503 2710 574 ὑπὲρ
2740 506 2862 568 τοὺς
2889 505 3081 572 ἄλλους
3118 509 3324 578 ἠγάπα,
3362 513 3447 567 ἵνα
3469 514 3498 567 ὁ
3518 517 3697 590 πατὴρ

477 586 602 638 anni
650 584 810 644 2242,
864 582 998 636 tiunt
1050 584 1119 638 ab
1171 584 1338 637 Adam
1395 601 1567 654 usque
1604 586 1655 640 in
1701 589 2041 642 consulatum

2150 595 2468 667 σωφρονίσῃ,
2507 597 2598 648 καὶ
2651 596 2751 650 οὐκ
2799 598 3149 668 ἐσωφρόνισε.
3210 602 3409 657 Ἐποίει
3449 606 3556 678 γὰρ

476 677 765 732 Theodosii
804 675 1045 731 Junioris
1098 693 1230 729 xvm
1291 684 1345 731 et
1394 676 1755 739 Valentiniani
1794 679 2044 735 Placidiae

2150 684 2332 737 εἴδωλα
2377 685 2468 738 και
2511 685 2705 739 ἐπώλει
2745 690 2858 751 τοῖς
2900 689 3320 765 εἰδωλολάτραις.
3366 675 3598 769 Ἐπέστη
3640 700 3697 753 δὲ

478 768 572 821 filii
598 767 836 836 junioris
861 769 1038 824 sexies
1076 782 1265 822 omnes
1306 767 1436 822 anni
1480 767 1636 822 5645.
1667 769 2045 826 Animadverte

2150 775 2257 829 τότε
2285 779 2311 830 ὁ
2339 777 2469 831 αἰὼν
2485 780 2562 841 εἰς
2591 779 2835 851 εἰκοστὴν
2859 782 3049 849 γενεὰν
3073 783 3166 853 ἔτη
3193 784 3347 854 ,βτλθ
3364 786 3525 856 (alius
3551 767 3696 857 cod.,

475 867 654 912 tamen
700 857 753 910 in
793 872 942 912 num.
987 858 1052 911 ab
1099 857 1366 910 Abraham
1403 873 1572 926 usque
1615 858 1679 912 ad
1713 867 1924 929 tempus
1951 876 2044 913 su-

2150 868 2300 936 Ιγσλ6¹
2332 863 2470 938 ἦσαν
2507 868 2730 938 λοιπὸν),
2765 873 2858 924 καὶ⁵
2887 873 3057 936 οὐδεὶς
3099 874 3313 929 πώποτε
3351 878 3458 932 τῶν
3492 883 3700 950 προτέ-

477 948 837 1017 praseriptum
859 947 984 1006 anni
1001 947 1139 1000 2595
1160 944 1506 1017 [ιιιιεεωιον],
1526 954 1796 1017 expuncto
1822 949 1980 1003 tertio
2003 949 2042 1002 (3

2150 975 2250 1029 ρων
2275 959 2571 1031 ἀνθρώπων
2599 962 2702 1032 πρὸ
2732 963 2934 1034 πατρὸς
2962 964 3075 1029 υἱὸς
3101 967 3377 1032 ἐτελεύτα,
3407 971 3454 1022 εἰ
3485 944 3564 1042 μή
3590 973 3701 1026 Λά-

478 1040 532 1104 in
560 1039 802 1107 margine
854 1041 1156 1094 recentiore
1199 1054 1360 1092 manu
1403 1041 1705 1108 appositum
1739 1040 1902 1098 fuisse
1940 1060 2044 1097 nu-

2150 1053 2286 1120 μεχὸ
2309 1051 2422 1115 υἱὺς
2449 1052 2542 1104 τοῦ
2571 1053 2896 1108 Μαθουσάλα
2915 1056 3007 1111 καὶ
3033 1055 3402 1132 θαυμάσασαὴ
3432 1039 3572 1127 θείαν,
3589 1073 3698 1117 etc.

479 1147 682 1192 merum
726 1131 884 1185 istum
909 1130 1068 1184 2295.
2145 1141 2302 1196 Errat
2334 1142 2714 1201 Genebrardus
2763 1162 2828 1202 ex
2863 1148 3028 1204 Suida
3064 1150 3131 1206 de
3163 1149 3338 1205 Thara
3359 1130 3500 1208 idem
3541 1155 3702 1210 colli-

547 1223 665 1279 Col.
694 1222 818 1277 7‘60.
839 1223 930 1276 lin.
967 1222 1051 1274 ιε.
1083 1223 1196 1276 Υἱοὶ
1228 1222 1294 1275 δὲ
1315 1222 1589 1290 ἐγένοντο
1609 1223 1707 1289 τῷ.
1735 1223 2001 1280 Eusebius
2028 1243 2040 1275 :

2150 1249 2276 1303 gens
2301 1253 2313 1300 ;
2341 1235 2537 1290 etenim
2567 1237 2611 1292 si
2642 1244 2842 1292 attente
2871 1236 3050 1294 Suidae
3073 1241 3236 1295 verba
3259 1243 3697 1308 eonsiderentur,

491 1313 755 1386 Ἀραόὼδ.
799 1314 888 1382 ἀφ’
925 1307 1284 1406 οῧῌἊραὸεΓ
1329 1313 1596 1386 ’Ῐδουράμν
1640 1317 1730 1406 ἀξίΐ
1770 1310 1828 1380 οὗ
1858 1317 2048 1387 Καμή-
2146 1326 2234 1378 illa
2267 1344 2279 1378 :
2317 1322 2419 1380 Ἦν
2451 1327 2559 1398 γὰρ
2602 1328 3062 1399 ἀγαλματοποιὸς,
3106 1332 3211 1386 ἀπὸ
3248 1333 3514 1406 διαφόρων
3557 1307 3704 1392 ὑλῶν

481 1404 612 1460 λιοι·
649 1407 807 1477 Δέρα,
837 1408 927 1476 ἀφ’
959 1401 1017 1460 οὗ
1051 1407 1252 1476 Μῆδοι·
1303 1406 1479 1470 ’ῐεζίας
1523 1408 1613 1477 ἀφ’
1644 1401 1702 1460 οὗ
1751 1409 2012 1491 Ἀριαδνοί
2031 1427 2044 1439 ⁸
2145 1419 2356 1480 εἰκόνας
2377 1419 2756 1488 ἐργαζόμενος,
2793 1421 2886 1474 καὶ
2913 1421 3085 1490 λέγων
3112 1423 3330 1488 τούτους
3352 1401 3496 1479 εἶναι
3521 1426 3701 1491 θεοὺς,

482 1495 720 1566 Δεκλὰμ,
757 1497 847 1566 ἀφ’
881 1491 940 1548 οὗ
965 1494 1312 1584 βεδρούσιοι·
1355 1495 1546 1567 Γεδὴλ,
1593 1498 1684 1565 ἀφ’
1725 1490 1784 1584 οἵ)
1815 1497 2013 1551 Σκύθαι
2033 1518 2044 1528 ·
2146 1509 2236 1562 καὶ
2269 1509 2499 1577 ὀφείλειν
2524 1510 2937 1581 προσκυνεῖσθαι
2969 1513 3041 1575 ὡς
3071 1513 3273 1568 αἰτίους
3313 1514 3419 1567 τῶν
3447 1490 3703 1584 ἀγαθῶν,

494 1587 774 1658 Ἀὁιμεὴλ.
811 1589 900 1655 ἀφ’
933 1580 992 1639 οὗ
1024 1586 1275 1657 ’Υρκανοί
1299 1604 1311 1616 °
1362 1587 1562 1653 Σαϐὰτ,
1600 1590 1691 1658 ἀφ’
1713 1581 1773 1641 οὗ
1817 1589 2050 1660 ’Ἄραϐες

2150 1619 2254 1656 nun
2300 1603 2364 1656 ad
2401 1580 2577 1655 Thare
2628 1602 2920 1656 Abrahami
2970 1609 3198 1673 patrem,
3248 1607 3339 1662 sed
3383 1609 3447 1660 ad
3491 1580 3704 1663 Seruch

495 1677 702 1731 Ἰνδῶν·
755 1677 936 1747 Ούὴρ,
1004 1679 1094 1747 ἀφ’
1173 1674 1231 1732 οὗ
1273 1680 1591 1745 Οὐαρναῖοιο
1642 1679 1807 1750 Εύὴν,
1859 1680 1949 1748 ἀφ’
1988 1673 2048 1733 οὗ

2152 1694 2442 1763 pertinent,
2468 1703 2527 1748 ut
2550 1709 2612 1749 ex
2646 1694 2763 1764 ipso
2794 1702 2941 1750 textu
2968 1696 3312 1752 manifestum
3335 1707 3440 1761 est,
3473 1701 3710 1771 aliisque

482 1767 937 1839 Γυμνοσοφισταί.
977 1768 1269 1823 Chronicon
1299 1769 1711 1824 Alexandrinum
1741 1787 1757 1822 :
1795 1770 2046 1843 Σαρμὼθ,

2153 1758 2466 1840 auctoribus
2517 1758 2774 1840 facillimo
2818 1787 3034 1856 negotio
3072 1789 3286 1856 probari
3335 1799 3555 1859 posset,
3610 1758 3707 1862 qui

483 1858 546 1925 ἐξ
583 1854 642 1914 οὗ
678 1860 912 1931 Ἀραδες
935 1877 947 1889 ·
991 1859 1190 1930 ’[αρὰχ,
1225 1859 1283 1926 ἐξ
1321 1854 1380 1914 οὗ
1425 1861 1720 1932 Κάμπλιοι,
1750 1862 1799 1913 οἱ
1824 1861 1915 1914 καὶ
1942 1862 2049 1913 Χα-

483 1951 721 2004 ναναῖοι·
779 1950 1020 2023 ὐδόρρα,
1069 1951 1128 2017 ἐξ
1171 1945 1230 2004 οὗ
1293 1952 1562 2024 Ἀρῤιανοὶ
1608 1953 1700 2005 καὶ
1743 1951 2049 2022 Φερεζαῖοι·

485 2042 678 2106 Δεκλὰ,
714 2042 774 2107 ἐξ
800 2039 859 2096 οὗ
894 2043 1230 2115 Κεδρούσιοι,
1257 2044 1306 2096 οἱ
1345 2044 1440 2098 καὶ
1485 2045 1831 2115 Ἀμορραἴοι·
1864 2041 2047 2112 Αἰζὴλ,

487 2133 546 2200 ἐξ
599 2129 659 2188 οὗ
711 2135 982 2206 Ὑρκανοὶ.
1039 2137 1085 2188 οἱ
1143 2137 1236 2190 καὶ
1286 2137 1498 2189 Εὑαῖοι·
1547 2134 1821 2205 Ἀϐιμεὴλ,
1882 2135 1940 2198 ἐξ
1992 2129 2050 2188 οὗ

487 2218 708 2282 Σκύθαι,
747 2222 794 2272 οἱ
835 2221 926 2274 καὶ
970 2222 1315 2294 Γεργεσαῖοι·
1359 2222 1561 2287 Σαὸαὖ,
1614 2221 1672 2288 ἐξ
1723 2218 1782 2277 οὖ
1821 2223 2051 2292 ’Ἄραϐες

489 2309 746 2382 ὲσώτεροι
767 2329 779 2339 ·
829 2311 1032 2382 ⁹Οφε“ιρ,
1057 2312 1114 2377 ἐξ
1137 2308 1196 2366 οὗ
1239 2313 1527 2384 Ἀρμένιοι.
1697 2377 1700 2381 1

561 2401 723 2465 Ibid.,
756 2401 852 2455 lin.
894 2401 984 2455 22.
1034 2405 1132 2456 Ἐν
1163 2403 1230 2456 δὲ
1267 2403 1390 2469 τοῖς
1434 2405 1691 2472 χρόνοις.
1724 2401 2052 2474 Epiphanius

488 2490 544 2546 in
573 2493 837 2562 principio
863 2493 1043 2563 operis
1075 2494 1218 2562 quod
1249 2495 1464 2565 scripsit
1483 2495 1744 2551 adversus
1794 2497 2048 2563 haareses,

488 2579 645 2636 docet
684 2588 926 2651 tempore
961 2582 1170 2636 Sarucb
1202 2584 1436 2654 coepisse
1492 2587 1634 2639 inter
1660 2585 1908 2642 homines
1937 2585 2053 2641 ido-

488 2667 849 2732 dolulatriam,
886 2679 938 2726 et
975 2672 1120 2727 illius
1145 2674 1482 2743 temporibus
1504 2674 1672 2729 multa
1700 2677 1897 2746 templa
1923 2691 2053 2733 con-

491 2767 695 2813 structa
721 2758 912 2825 fuisse,
944 2768 998 2815 et
1026 2761 1244 2831 quidam
1261 2763 1504 2834 gentium
1546 2763 1822 2834 principes
1854 2765 2051 2826 adora-

494 2859 594 2918 tos.
628 2848 904 2919 Manasses
936 2853 991 2908 in
1020 2853 1248 2907 Annal.:

503 2968 814 3043 Έκτεῦᾷεις
843 2972 1227 3043 παρηνόμησε
1267 2975 1333 3030 τὸ
1366 2974 1538 3043 γένος
1562 2972 1680 3027 τῶν
1708 2976 2047 3043 ἀνθρώπων,

493 3037 600 3114 Ifal
622 3039 770 3114 πρὸς
783 3037 1083 3114 ᾀθέοέμουςῖ
1099 3037 1315 3114 ἔϐλεψε
1331 3037 1573 3111 πράξεις
1588 3045 1687 3098 καὶ
1702 3037 1992 3114 βδελυρία

491 3108 749 3181 Σφργίις,
785 3108 1216 3181 ἀνδροκτασίας
1245 3108 1334 3178 τε,
1359 3108 1600 3181 φόνους,
1629 3108 1976 3181 ἀκολασίὶῑς.

500 3177 628 3254 {at};
663 3179 952 3254 ἁρπαγαῖς
978 3177 1327 3254 ὑπέχαζοοήν,
1346 3177 1670 3254 ,ἐτέρποντο
1693 3177 1999 3254 μοιχείαις,

495 3248 603 3321 (gat
630 3247 842 3321 πᾶσαν
867 3247 1227 3321 ἐπετήδευον·
1254 3247 1522 3307 ἐπίνοιαν
1559 3247 1788 3321 κακίας.

507 3317 896 3393 ξῌλῂστευον,
929 3317 1266 3393 διήρπαζον,
1301 3323 1610 3386 ἔκλεπτον,
1643 3317 1979 3393 ἐμοὶχῶντο,

492 3388 602 3462 {gat
633 3389 970 3462 τελευταῖον
997 3391 1263 3462 ἔϐλεψαν
1288 3393 1434 3460 πρὸς
1469 3388 1973 3462 εἱδωλοζιατρείανέ

494 3458 716 3528 Σεροὺχ
739 3459 804 3511 δὲ
834 3458 1061 3528 πρῶτος
1092 3458 1336 3530 ἤρξατο
1352 3463 1606 3530 χρῆσθαι
1638 3458 1924 3600 γλιῖάτογζὲ
1953 3465 2052 3518 καὶ

1768 3551 1850 3587 στι
1928 3552 2049 3600 αις,

1768 3539 2049 3600 στήλαις,

499 3597 746 3666 Ὄγδοος
783 3596 867 3665 ὢν
891 3601 1184 3670 ἀπόγονος
1215 3603 1320 3657 τοῦ
1348 3603 1471 3659 Νῶε
1493 3604 1596 3658 τοῦ
1629 3535 2023 3658 «radiante

499 3706 733 3772 Suidas:
768 3709 968 3782 Σεροὺκ
1007 3704 1159 3775 οὗτος
1211 3716 1502 3784 κατάγεται
1529 3719 1591 3769 ὲκ
1631 3718 1727 3788 τῆς
1765 3717 1935 3788 φυλῆς
1957 3717 2048 3772 τοῦ

509 3797 717 3866 Ἰαφὲτ,
774 3800 866 3852 καὶ
915 3801 1021 3854 ἀπὸ
1068 3802 1253 3856 τούτου
1302 3805 1500 3876 ἤρξατο
1547 3807 1578 3876 ἡ
1627 3806 2046 3878 εἰδωλολατρεία.

511 3887 857 3958 Ἐδογμάτισε
898 3891 1006 3964 γὰρ
1033 3894 1200 3954 εἰκόσι
1232 3896 1322 3948 καὶ
1365 3895 1608 3967 ἀνδριάσι
1636 3897 1889 3967 τιμᾶσθαι
1925 3898 2051 3961 τοὺς

498 3979 663 4041 πάλαι
705 3981 1146 4053 ἀριστεύσαντας,
1181 3985 1276 4040 καὶ
1312 3987 1570 4056 τιμᾶσθαι
1609 3988 1684 4051 ὡς
1729 3988 2050 4059 εὐεργέτας*

497 4070 594 4124 καὶ
621 4070 776 4126 τοῦτο
807 4073 1147 4145 ἐπεκράτησε
1179 4074 1336 4145 μέχρι
1374 4074 1479 4128 τῶν
1505 4077 1707 4147 χρόνων
1739 4077 1926 4149 Θάρρα
1959 4079 2052 4131 τοῦ

497 4161 704 4233 πατρὸς
719 4162 983 4234 Ἀϐραάμ.
1000 4163 1233 4234 Hujusce
1255 4173 1432 4222 autem
1447 4169 1647 4224 erroris
1667 4183 1730 4224 ea
1750 4184 1912 4226 causa
1931 4170 2052 4225 fuit.

500 4250 706 4318 Seruch
756 4254 1012 4309 honorem
1056 4256 1252 4326 priscis
1295 4256 1544 4314 deferens
1579 4266 1836 4330 tanquam
1872 4276 2052 4314 rerum
2092 4310 2095 4312 _

498 4345 882 4413 praeclararum
925 4347 1318 4412 inventoribus,
1352 4350 1405 4403 in
1453 4350 1748 4420 prazliando
1797 4350 2049 4416 fortibus,

2149 1875 2261 1929 hanc
2286 1876 2469 1929 eadem
2499 1875 2563 1928 de
2595 1874 2824 1938 Seruch,
2851 1892 2958 1930 non
2994 1877 3061 1932 de
3088 1877 3263 1932 Thara
3293 1880 3537 1934 tradunt.

2216 1967 2373 2030 lbid.,
2404 1967 2498 2021 lin.
2528 1966 2617 2021 29.
2660 1967 2720 2019 Ὀ
2757 1967 2825 2019 δὲ
2865 1967 3043 2037 Ἀρὰμ
3081 1969 3358 2026 ἀπέθανε.
3398 1970 3706 2042 Iosephus,

2150 2059 2400 2128 Antiqnit.
2441 2059 2531 2111 lib.
2561 2075 2599 2121 ι,
2639 2073 2757 2128 cap.
2794 2059 2857 2111 7:
2892 2059 3168 2131 ’Ἅϐραμος
3193 2062 3246 2114 δὲ
3277 2057 3421 2133 εἶχεν
3445 2064 3710 2136 ἀδελφοὺς

2150 2152 2415 2224 Ναχώρην
2441 2153 2531 2206 καὶ
2577 2152 2825 2224 Ἀράνην.
2863 2153 3074 2208 Τούτων
3124 2155 3351 2228 Ἀράνης
3385 2159 3502 2229 μὲν,
3537 2177 3714 2213 κατα-

2149 2242 2316 2296 λιπὼν
2342 2242 2450 2295 υἱὸν
2488 2242 2687 2307 Λῶτον,
2719 2244 2811 2295 καὶ
2846 2244 3022 2314 Σάραν
3049 2245 3143 2298 καὶ
3165 2245 3447 2316 Μελχανὰν
3484 2248 3716 2317 θυγατέ-

2152 2351 2269 2408 ρας,
2300 2335 2357 2385 ὲν
2386 2333 2666 2397 Χαλδαίοις
2691 2335 2958 2389 ἀπέθανεν
2989 2336 3046 2389 ὲν
3073 2336 3221 2390 πόλει
3263 2337 3408 2411 Οὖρῃ
3442 2339 3714 2416 λεγομένῃ

2149 2426 2255 2480 τῶν
2279 2425 2573 2478 Χαλδαίων,
2599 2426 2706 2478 Καὶ
2733 2427 2898 2494 τάφος
2923 2428 3083 2480 αὐτοῦ
3109 2428 3266 2500 μέχρι
3290 2429 3386 2484 νῦν
3411 2430 3708 2488 δείκνυται.

2152 2515 2355 2572 1181)ιωί
2395 2516 2633 2578 tradunt,
2665 2524 2718 2571 et
2743 2516 2907 2572 refert
2941 2517 3300 2590 Hieronymus
3338 2521 3390 2574 in
3429 2521 3712 2578 Hebraicis

2152 2607 2518 2662 traditionibus
2545 2611 2596 2662 in
2624 2606 2778 2674 Gem,
2799 2610 3069 2665 Abraham
3087 2610 3142 2665 in
3173 2613 3392 2682 regione
3422 2612 3714 2670 Chaldae-

2151 2717 2270 2755 rum
2309 2702 2364 2754 in
2398 2701 2574 2770 ignem
2607 2701 2854 2763 missum,
2888 2703 3012 2771 quia
3045 2703 3218 2772 ignem
3258 2704 3486 2760 adorare
3512 2707 3715 2762 nolue-

2149 2795 2241 2860 rit,
2269 2810 2429 2865 quem
2453 2793 2688 2848 Chaldtei
2722 2793 2928 2855 colunt,
2959 2802 3013 2848 et
3043 2793 3134 2850 Dei
3167 2795 3367 2850 auxilio
3395 2795 3710 2862 liberatum,

2151 2887 2218 2942 de
2246 2885 2564 2942 idololatria:
2608 2884 2731 2954 igne
2758 2883 3082 2956 profugisse.
3122 2884 3287 2940 Aram
3331 2901 3550 2958 quoque
3579 2889 3710 2958 quia

2154 2979 2402 3036 similiter
2434 2987 2488 3035 et
2513 2980 2628 3049 ipse
2659 2978 2832 3048 ignem
2867 2978 3090 3034 adorare
3113 2979 3300 3044 nollet,
3327 2980 3384 3035 in
3404 2980 3527 3051 igne
3553 2980 3717 3035 Chal-

1996 3067 2048 3113 ς’
2079 3092 2116 3144 ρ
2151 3072 2386 3126 (imorum
2410 3072 2643 3142 positum
2671 3071 2920 3126 incendio
2940 3077 3317 3140 consumptum
3343 3070 3531 3127 fuisse.
3556 3071 3714 3126 Hane

2152 3164 2494 3220 traditionem
2511 3163 2866 3234 Hieronymus
2897 3163 3054 3217 modo
3071 3165 3284 3217 vocavit
3311 3179 3515 3222 veram,
3547 3164 3711 3220 modo

2152 3255 2408 3309 fabulam.
2441 3252 2641 3310 Paulus
2676 3253 2966 3323 Burgensis
3005 3254 3318 3308 testimonio
3349 3253 3522 3309 Rabbi
3556 3255 3713 3326 Moy-

2151 3344 2228 3399 sis
2266 3343 2631 3397 liberationem
2666 3343 2895 3398 Abrabaa
2936 3341 3028 3396 Dei
3067 3343 3328 3398 beneﬁcio
3360 3345 3712 3400 subsecutum

2151 3436 2224 3488 ita
2249 3444 2468 3489 enarrat
2499 3454 2513 3490 :
2549 3433 2718 3488 Rabbi
2764 3435 2938 3505 itaque
2968 3434 3174 3505 Moyses
3220 3436 3274 3489 in
3304 3436 3434 3490 libro
3459 3437 3536 3492 De
3568 3437 3712 3492 dire-

2148 3527 2314 3580 ctione
2332 3527 2715 3596 perplexorum,
2752 3528 2847 3592 ait,
2879 3528 2931 3581 in
2956 3526 3181 3598 quodam
3211 3527 3343 3582 libro
3379 3528 3443 3583 de
3475 3531 3710 3598 agricul-

2151 3626 2268 3670 tura
2300 3617 2619 3688 zEgyptiaca
2663 3621 2895 3682 narrari,
2927 3619 3179 3690 insignem
3207 3620 3482 3689 quemdam
3515 3623 3707 3687 virum,

2149 3710 2353 3764 nomine
2380 3711 2666 3775 Abraham,
2700 3711 2901 3780 publice
2937 3711 3251 3781 disceptasse
3281 3729 3396 3765 cum
3441 3712 3710 3768 idolorum

2148 3797 2454 3863 cultoribus,
2473 3799 2810 3868 aﬁirmantem
2837 3817 2937 3854 non
2963 3817 3072 3854 esse
3098 3805 3263 3869 ignem
3279 3818 3375 3871 pro
3400 3802 3506 3857 Deo
3532 3805 3706 3858 colen-

2147 3886 2271 3938 dum
2296 3902 2314 3939 :
2345 3888 2561 3940 veritum
2590 3899 2760 3942 autem
2805 3905 2990 3958 regem,
3023 3906 3084 3943 ne
3124 3906 3222 3944 sua
3256 3891 3347 3944 ille
3388 3895 3712 3948 auctoritate

2148 3989 2196 4031 et
2224 3979 2458 4033 oratione
2485 3981 2732 4049 populum
2753 3979 2816 4034 ab
2839 3981 2930 4034 illo
2954 3981 3098 4035 cultu
3127 3992 3397 4047 averteret,
3419 3985 3710 4040 detrusisse

2149 4085 2264 4121 eum
2316 4071 2371 4124 in
2422 4086 2722 4124 carcerem:
2756 4080 2804 4124 et
2849 4072 3129 4140 spoliatum
3173 4074 3319 4128 bonis
3361 4075 3602 4128 omnibus
3641 4091 3710 4129 ex

2151 4161 2292 4213 omni
2318 4159 2512 4215 ditione
2541 4179 2639 4215 sua
2685 4166 3077 4217 exterminasse.
3127 4163 3303 4219 Causa
3343 4180 3473 4220 vero
3508 4168 3708 4221 mortis

2150 4250 2335 4315 Aram,
2367 4267 2486 4321 quae
2513 4252 2602 4305 hic
2641 4254 2950 4322 exponitur,
2988 4263 3040 4309 et
3078 4256 3256 4310 verior
3277 4265 3333 4311 et
3369 4255 3708 4320 probabilior

2151 4344 2280 4398 mihi
2311 4343 2542 4402 videtur.
2575 4345 2782 4415 lnjuste
2811 4347 2955 4400 enim
2979 4363 3098 4401 cum
3130 4348 3292 4400 Aram
3329 4357 3509 4402 actum
3531 4356 3705 4404 esset.

497 4443 552 4490 et
576 4445 829 4506 tanquam
871 4437 1149 4506 sapientiae
1190 4439 1335 4503 belli,
1380 4441 1685 4511 artiumque
1724 4442 1934 4511 peritis,
1979 4443 2044 4498 ad
2079 4443 2120 4495 D
2151 4432 2195 4486 εί
2227 4447 2324 4501 PI‘O
2355 4448 2483 4488 vero
2527 4433 2618 4488 Dei
2649 4435 2796 4488 cultu
2836 4436 2999 4491 vitam
3025 4437 3270 4491 hostibus
3303 4434 3397 4490 Dei
3445 4437 3556 4505 igni
3592 4445 3713 4488 tra-

495 4529 712 4590 virtutis
741 4529 988 4600 gloriam,
1027 4539 1081 4586 et
1111 4533 1490 4587 beneficiorum
1524 4534 1832 4589 memoriam
1859 4533 2048 4604 imagi-

499 4638 617 4687 nes,
643 4623 955 4686 simulacra,
981 4624 1368 4696 columnasque
1393 4629 1726 4694 exstruebat,
1757 4627 1900 4698 quod
1924 4643 2047 4682 cum

497 4728 605 4778 non
640 4714 997 4784 intelligerent
1023 4717 1246 4780 posteri,
1279 4726 1487 4772 statuas
1513 4719 1632 4774 illas
1657 4719 1927 4775 inanimas
1948 4733 2047 4774 ceu

497 4803 626 4860 deos
662 4804 967 4872 coluerunt,
1000 4814 1052 4862 et
1091 4808 1359 4877 sculptilia
1388 4809 1702 4874 adorarunt,
1718 4809 2051 4864 veneraban-

497 4901 585 4952 tur
610 4910 702 4955 eos
743 4905 996 4966 tanquam
1029 4899 1250 4960 numina
1281 4914 1418 4968 quos
1451 4907 1643 4956 statuae
1688 4901 1793 4955 illa:
1821 4901 2049 4956 simula-

496 5001 697 5056 craque
721 4989 1196 5056 repnesentabant.
1233 4991 1362 5043 Inde
1389 4990 1729 5060 peregrinum
1760 4991 1824 5044 ad
1846 4991 2050 5045 cultum

497 5077 744 5134 homines
767 5077 1052 5142 deﬂexere,
1084 5094 1361 5150 novosque
1387 5082 1523 5138 alios
1555 5082 1607 5134 in
1641 5081 1757 5137 dies
1776 5082 2051 5151 excogita-

494 5177 645 5230 runt,
674 5184 809 5238 quos
831 5169 1142 5224 adorarent.
1169 5171 1242 5224 lta
1276 5173 1492 5237 Suidas,
1517 5172 1870 5244 Epiphanius,
1898 5175 2052 5237 Claro-

496 5260 648 5313 m'con
680 5259 1119 5324 Alexandrinum,
1154 5262 1450 5324 Manasses.
1481 5274 1534 5320 et
1565 5265 1679 5322 alii.
2034 5305 2036 5307 ›

564 5353 725 5416 lbid.,
751 5353 848 5406 lin.
874 5352 963 5408 27.
996 5354 1203 5424 Νακὼρ
1226 5355 1292 5409 δὲ
1307 5357 1615 5427 ἐγέινησε.
1642 5357 1849 5413 1181)τωί
1873 5359 1926 5412 in
1952 5357 2053 5412 Be-

497 5446 650 5498 rescit
681 5444 948 5501 affirmant
988 5445 1184 5509 Thare,
1221 5451 1563 5517 statuarium,
1595 5451 1861 5510 idolorum
1904 5450 2052 5505 licto-

496 5551 630 5602 rem,
657 5545 710 5590 et
737 5538 1094 5592 venditorem.
1126 5537 1325 5596 Eadem
1357 5542 1517 5599 habet
1553 5550 1606 5598 et
1633 5543 2052 5612 Christophorus

495 5624 803 5693 patriarcha
839 5627 1267 5696 Alexandrinus,
1310 5635 1586 5691 oratione:
1623 5635 1739 5687 Τίνι
1779 5633 2053 5704 ὁμοιοῦται

498 5716 527 5768 ὁ
559 5713 893 5786 ἀνθρώπινος
939 5719 1087 5789 βίος;
1137 5723 1243 5774 Καὶ
1297 5725 1403 5792 γὰρ
1435 5726 1519 5777 ὅτε
1565 5726 1805 5797 ὠργίσθη
1850 5729 1875 5779 ὁ
1924 5726 2054 5797 Θεὸς

2150 4523 2377 4577 dendam
2410 4527 2773 4582 committeret
2813 4528 3057 4598 exemplo
3085 4529 3280 4582 ductus
3317 4528 3572 4592 Abrahae,
3605 4543 3712 4584 nec

2151 4621 2328 4670 tamen
2361 4631 2390 4670 a
2424 4616 2656 4674 ﬂammis
2679 4617 2785 4673 illis
2817 4618 3157 4674 liberaretur.
3186 4617 3362 4684 Dices,
3393 4618 3513 4674 ideo
3549 4620 3710 4673 illum

2150 4706 2560 4774 inflammatum,
2590 4710 2716 4778 quia
2738 4710 2927 4765 doloso
2950 4711 3128 4765 animo
3154 4726 3253 4766 nec
3278 4727 3404 4767 vere
3423 4713 3512 4781 pio
3538 4713 3714 4768 simili

2152 4801 2392 4867 periculo
2424 4815 2482 4855 se
2514 4802 2784 4870 opposuit.
2820 4801 2952 4866 Quis
3005 4803 3061 4856 in
3100 4811 3207 4857 tam
3249 4805 3462 4874 urgenti
3506 4812 3560 4859 et
3591 4807 3714 4859 evi-

2151 4891 2296 4946 denti
2327 4892 2563 4960 periculo
2596 4893 2764 4948 libere
2804 4909 2862 4949 se
2904 4909 3178 4964 exponens
3218 4903 3406 4949 contra
3445 4894 3640 4958 Deum,
3676 4912 3712 4950 a

2153 4999 2259 5052 quo
2289 4985 2544 5038 auxilium
2580 5000 2739 5039 omne
2767 4993 3064 5054 exspectat,
3091 4987 3234 5040 malo
3271 4987 3452 5041 animo
3486 4988 3710 5057 ageret!

2153 5075 2266 5130 Hoc
2293 5091 2422 5130 sane
2443 5083 2586 5130 esset
2613 5076 2668 5145 in
2695 5091 2851 5130 suum
2875 5085 3035 5146 caput
3055 5078 3254 5133 malum
3287 5087 3626 5145 convertere,
3649 5087 3710 5133 et

2153 5169 2383 5238 pugione
2413 5167 2516 5222 sibi
2547 5175 2768 5224 mortem
2799 5169 3136 5224 manifestam
3169 5173 3526 5227 consciscere.

2219 5259 2376 5325 lbid.,
2410 5262 2504 5316 lin.
2538 5260 2624 5316 34.
2660 5261 2928 5331 Γαμοῦσι
2957 5262 3022 5314 δὲ
3065 5262 3186 5328 τάς.
3232 5265 3459 5330 Quidam
3509 5265 3709 5321 existi-

2153 5362 2370 5408 marunt
2419 5353 2606 5408 Saram
2644 5371 2886 5410 sororem
2918 5355 3084 5411 fuisse
3108 5356 3338 5413 Abraha:
3365 5359 3553 5414 eadem
3590 5373 3711 5413 ma-

2153 5454 2238 5500 tre
2286 5447 2582 5518 eodemque
2619 5456 2772 5519 patre
2817 5450 3066 5518 genitam.
3097 5452 3349 5506 Clemens
3389 5451 3712 5506 Alexandri-

2154 5554 2279 5602 nus,
2329 5539 2421 5595 lib.
2470 5555 2508 5595 ιι
2555 5539 2789 5606 Strom.,
2821 5541 3129 5610 Cajetanus,
3164 5541 3348 5604 Sotus,
3404 5543 3498 5595 lib.
3537 5559 3574 5596 ιι
3628 5541 3710 5599 De

2149 5632 2360 5700 justitia
2385 5643 2432 5688 et
2453 5635 2576 5701 jure
2593 5674 2607 5699 ,
2628 5633 2984 5704 Hieronymus
3004 5634 3392 5688 Traditionibus
3421 5635 3473 5688 in
3491 5633 3707 5698 Genes.,

2156 5722 2405 5790 videntur
2422 5725 2600 5794 aliquo
2618 5724 2776 5780 modo
2794 5726 2913 5780 huic
2929 5724 3165 5796 Opinioni
3184 5723 3359 5779 aﬂinia
3374 5723 3573 5790 dicere.
3597 5723 3706 5778 Alit
