4072 6338
328 352 464 408 1015

1364 360 1430 415 ΙΝ
1464 361 1834 419 EUSTATHII
1873 364 2343 422 HEKAEMERON
2374 368 2600 425 ΝΟΤΑΞ.

3406 375 3539 430 ΙοΗ

320 472 509 526 dicunt
538 487 661 527 cum
705 482 893 529 nostro
947 468 1229 531 Eusmtﬁto
1277 476 1464 534 Saram
1513 481 1681 537 fuisse
1724 482 1878 536 ﬁliam

1990 487 2204 557 Πατέρα
2222 488 2327 539 τῶν
2341 486 2473 541 ὅλων
2490 488 2716 558 ἡγητέον
2734 488 3091 558 προσηνεχθαι
3116 492 3224 552 τοῖς
3241 490 3344 561 πρὸ
3366 493 3538 561 ήμῶν.

321 564 481 617 Aram
518 564 708 620 fratris
741 565 989 634 Abrahae,
1021 582 1312 639 veramque
1344 586 1585 627 sororem
1619 572 1738 628 Lot.
1774 575 1879 627 lla-

321 657 410 709 bet
448 656 812 726 Augustinus,
844 659 943 713 lib.
983 675 1098 714 xm
1145 662 1403 716 Adversus
1442 662 1721 727 Faustum,
1759 679 1877 734 cap.

319 749 421 814 35;
458 747 678 818 Joseph.
725 751 819 807 lib.
868 768 884 806 ι
927 751 1130 823 Antiq.,
1164 762 1217 809 et
1254 754 1565 811 Gennadius
1606 754 1796 811 Calen.
1826 758 1882 809 in

320 836 504 893 Cenes.
531 857 549 894 :
596 840 845 913 Ἀϐραὰμ
874 843 950 905 δὲ,
985 844 1139 914 φησὶ,
1184 846 1276 898 καὶ
1309 844 1509 916 Ναχὼρ
1543 846 1727 900 ἔλαϐον
1764 848 1884 901 ἐαυ-

316 929 429 988 τοῖς
478 931 769 995 γυναῖκας·
828 931 919 983 καὶ
962 928 1031 1002 ἦν
1083 932 1250 1004 ὄνομα
1288 938 1354 1005 τῇ
1394 937 1609 1003 γυναικὶ
1659 936 1756 1007 μὲν
1790 938 1882 991 τοῦ

333 1016 580 1087 Ἀϐραὰμ
621 1019 788 1091 Σάρα,
822 1019 914 1072 τοῦ
957 1020 1155 1093 Ναχὼρ
1209 1022 1266 1075 δὲ
1299 1026 1364 1095 τῇ
1401 1025 1621 1093 γυναικὶ
1670 1025 1877 1095 Μελχὰ,

317 1110 440 1178 ἥτις
459 1104 528 1179 ἦν
560 1110 800 1183 θυγάτηρ
830 1113 921 1165 καὶ
958 1114 1093 1185 αὑτὴ
1126 1113 1220 1167 τοῦ
1265 1116 1497 1187 Ἀῤῥάμ.
1532 1116 1606 1170 06
1640 1118 1797 1186 μόνον
1825 1118 1880 1170 δὲ

319 1202 427 1272 ἄρα
466 1203 647 1272 πατὴρ
675 1199 741 1273 ἦν
774 1205 802 1256 6
846 1204 1059 1276 Ἀῤῥὰμ
1095 1206 1191 1277 τῆς
1222 1206 1460 1276 Μελχᾶς,
1500 1207 1634 1260 ἀλλά
1666 1208 1881 1277 καὶτῆς

332 1296 524 1365 Ίεσχά.
558 1298 716 1350 Ὥστε
757 1298 914 1368 δῆλον
947 1302 1134 1372 ὅτιπερ
1165 1302 1193 1355 6
1220 1319 1279 1355 τε
1323 1302 1569 1374 Ἀϐραὰμ
1598 1304 1688 1356 καὶ
1711 1306 1739 1356 6
1769 1303 1871 1355 Να-

319 1386 455 1457 χὼρ,
480 1388 631 1451 ὄντες
651 1391 752 1442 υἱοὶ
781 1391 876 1460 μὲν
903 1392 996 1445 τοῦ
1029 1393 1235 1464 Θάρῤα,
1269 1394 1361 1446 τοῦ
1399 1395 1455 1447 δὲ
1496 1395 1708 1467 Ἀρῤἀμ
1739 1394 1883 1447 ἀδελ-

320 1477 430 1547 φοὶ,
466 1477 765 1551 θυγατέρας
790 1481 881 1534 τοῦ
911 1484 1138 1552 ἀδελφοῦ
1175 1485 1353 1538 αὐτῶν
1380 1485 1471 1537 τοῦ
1523 1486 1752 1557 Ἀρῤὰμ,
1791 1487 1882 1539 καὶ

318 1569 553 1639 ἀδελφὰς
598 1572 733 1643 πρὸς
780 1574 953 1644 γάμον
999 1576 1285 1644 ἠγάγοντο,
1329 1578 1426 1647 τὴν
1461 1578 1680 1647 Μελχὰν
1730 1579 1825 1647 μὲν
1856 1580 1884 1630 6

317 1661 541 1733 Ναχὼρ,
582 1666 609 1716 ὁ
647 1664 703 1717 δὲ
754 1666 1000 1737 Ἀϐραὰμ
1042 1666 1139 1737 τήν
1184 1668 1383 1739 Σάραν.
1435 1667 1661 1723 Dubium
1703 1676 1881 1723 tamen

1984 579 2100 630 Ἔτι
2122 579 2229 650 γὰρ
2250 582 2278 632 6
2292 580 2490 651 κόσμος
2505 578 2800 651 ἀνθρώπων
2818 581 3130 652 ἀπλήρωτος
3146 580 3238 647 ὢν,
3255 582 3329 645 ὡς
3353 585 3543 653 νήπιος

1977 664 2064 737 ἦν,
2093 670 2186 722 καὶ
2212 673 2377 741 ὲχρῆν
2404 670 2563 723 αὐτὸν
2599 672 2676 733 είς
2719 670 2916 740 πλῆθος
2953 670 3213 740 πρότερον
3243 672 3305 724 ὲκ
3339 672 3540 724 τούτων

1979 758 2314 829 ἀνδρωθέντα
2348 759 2733 830 πληθυνθῆναι.
2778 759 2915 811 Ἀλλ’
2955 760 3042 812 ὅτε
3079 758 3262 813 λοιπὸν
3300 760 3406 812 ἀπὸ
3444 777 3541 811 πε-

1985 847 2156 916 ράτων
2190 849 2280 901 ἐπὶ
2303 850 2514 920 πέρατα
2543 849 2872 920 κατῳκίσθη,
2903 850 3003 919 τῆς
3019 848 3429 920 ἀνθρωπότητος
3462 852 3541 913 είς

1981 939 2201 1010 ἄπειρον
2232 943 2553 1012 κεχυμένης,
2580 943 2764 995 οὐκέτι
2792 945 2902 1004 τοῖς
2932 942 3112 1005 αὐτοῖς
3147 942 3420 1011 ἐπιμένειν
3452 941 3540 993 τὸν

1982 1028 2261 1101 ἄνθρωπον
2296 1032 2589 1103 ἐπέτρεπεν
2612 1035 2639 1085 6
2670 1033 2821 1095 Θεὸς,
2854 1031 3065 1085 σκοπῶν
3085 1033 3229 1095 ὅπως
3255 1030 3362 1083 61:6
3380 1031 3538 1083 τῶνδε

1982 1117 2060 1178 εἰς
2106 1117 2229 1169 τάδε
2281 1119 2685 1187 μεταϐαίνοντες
2737 1120 3113 1189 πλησιαίτερον
3165 1120 3540 1191 προκόπτωσιν

1983 1207 2231 1277 ἔρχεσθαι
2245 1208 2349 1261 τῶν
2364 1210 2621 1281 οὐρανῶν,
2652 1212 2837 1281 μέχρις
2857 1210 2940 1273 ἂν,
2962 1211 3039 1272 είς
3065 1209 3191 1262 αὐτὸ
3211 1209 3270 1261 :6
3288 1208 3539 1279 μέγιστον

1987 1300 2211 1370 μάθημα
2248 1302 2340 1353 καὶ
2386 1302 2805 1373 κορυφαιότατον
2829 1302 2923 1372 τὴν
2970 1301 3260 1372 παρθενίαν
3301 1302 3528 1370 φθάσανο

1984 1408 2089 1453 τες,
2121 1380 2492 1457 τελειωθῶσιν,
2534 1393 2640 1445 61:6
2674 1394 2767 1462 τῆς
2814 1393 3190 1463 ἀδελφομιξίας
3228 1396 3539 1458 ὁδεύσαντες

1983 1482 2195 1552 πρῶτον
2229 1486 2307 1546 είς
2326 1485 2385 1535 :6
2418 1484 2628 1546 ὁθνείας
2668 1485 2963 1551 ἐπάγεσθαι
2993 1486 3254 1555 γαμετὰς,
3292 1486 3541 1538 κάκεῖθεν

1981 1576 2058 1635 εἰς
2082 1574 2140 1626 :6
2170 1574 2362 1644 μηκέτι
2394 1574 2609 1637 πολλαῖς
2660 1575 2953 1628 ἐπιϐαίνειν
2997 1576 3333 1647 τετραπόδων
3371 1577 3536 1646 νόμῳ,

1982 1664 2228 1735 καθάπερ
2255 1668 2331 1728 είς
2365 1668 2547 1736 ὀχείαν
2578 1670 2864 1736 γεγονότας
2886 1709 2898 1729 ,
2929 1667 3219 1721 κάντεῦθεν
3262 1671 3339 1732 είς
3379 1669 3437 1721 τὸ
3465 1671 3537 1739 μὴ

318 1754 496 1809 adhuc
522 1767 764 1812 remanet
794 1773 821 1811 a
847 1767 1035 1814 nostro
1059 1760 1341 1814 Eustathio
1372 1768 1782 1830 pertractatum,
1811 1775 1878 1813 an

1986 1758 2200 1825 μοιχοὺς
2223 1758 2520 1824 γεγονέναι,
2549 1760 2639 1811 καὶ
2664 1756 2729 1812 αὖ
2760 1760 2917 1814 πάλιν
2948 1763 3025 1823 εἰς
3060 1762 3423 1833 σωφροσύνην,
3447 1764 3539 1814 καὶ

318 1848 577 1902 videlicet
616 1851 926 1921 conjugium
966 1852 1299 1921 temporibus
1343 1852 1450 1906 illis
1478 1852 1640 1908 fuerit
1676 1853 1878 1906 licitum

1981 1848 2085 1901 61:6
2126 1849 2469 1921 σωφροσύνης
2510 1852 2588 1914 είς
2624 1852 2947 1923 παρθενίαν,
2985 1852 3109 1906 ἔνθα
3150 1831 3539 1923 μελετήσαντες

317 1936 461 1992 inter
481 1938 680 1994 fratres
702 1948 755 1994 et
774 1956 989 1996 sorores
1011 1958 1026 2008 ;
1068 1940 1690 2011 dissolvitAugustinus,
1709 1941 1803 1995 lib.
1822 1942 1877 1996 tl.

316 2036 369 2083 et
400 2044 492 2093 xv,
526 2028 599 2082 De
630 2030 837 2083 civitate
864 2029 983 2096 Dei,
1014 2045 1135 2100 cap.
1177 2032 1261 2097 16,
1300 2032 1389 2101 qui
1425 2032 1500 2084 ait
1540 2032 1647 2085 tale
1695 2032 1880 2101 conju-

315 2123 464 2193 gium
494 2138 602 2177 non
625 2122 794 2179 fuisse
822 2124 962 2193 apud
988 2124 1187 2194 probos
1221 2125 1368 2179 viros
1393 2125 1447 2179 in
1479 2139 1601 2188 usu,
1634 2138 1735 2177 nec
1762 2125 1879 2177 lici-

315 2222 466 2280 tum;
516 2229 617 2269 nec
656 2214 974 2270 adversatur
1021 2223 1209 2269 nostro
1253 2214 1560 2280 Eustathio,
1609 2212 1701 2282 qui
1749 2206 1880 2267 dicit

316 2305 519 2360 similia
552 2306 897 2360 matrimonia
928 2315 1057 2360 tunc
1088 2307 1351 2377 temporis
1375 2306 1543 2372 licita,
1568 2320 1667 2359 nec
1695 2304 1881 2373 prohi-

315 2396 429 2451 bita
454 2393 655 2462 fuisse;
690 2412 865 2466 neque
901 2399 1043 2452 enim
1084 2396 1151 2451 de
1194 2396 1452 2452 fratribus
1498 2403 1552 2450 et
1599 2395 1878 2450 sororibus

316 2487 508 2542 iisdem
539 2494 690 2557 patre
713 2495 767 2542 et
789 2493 961 2543 matre
985 2488 1185 2559 genitis
1216 2488 1599 2557 intelligendus
1622 2495 1725 2551 est,
1750 2502 1880 2557 prae-

314 2583 401 2630 ter
441 2591 555 2631 rem
603 2577 746 2631 enim
787 2584 840 2632 et
899 2579 1364 2648 exspectationem
1411 2577 1705 2641 dubitaret,
1755 2594 1876 2631 cum

276 2724 281 2731 ,
315 2666 604 2722 manifeste
653 2669 903 2737 superius
930 2669 1261 2725 declarasset
1293 2668 1483 2723 Saram
1514 2668 1682 2724 fuisse
1716 2669 1875 2721 filiam

314 2759 504 2822 Aram,
559 2775 801 2815 sororem
844 2760 947 2815 Lot
991 2776 1155 2831 quam
1206 2762 1259 2815 in
1316 2776 1539 2816 uxorem
1598 2768 1878 2829 acceperat

311 2850 612 2915 Abraham,
649 2859 702 2906 et
739 2867 846 2907 non
880 2868 1120 2907 sororem
1156 2868 1465 2924 germanam
1496 2892 1510 2916 ,
1547 2852 1640 2907 sed
1670 2860 1875 2905 tantum

314 2942 384 2997 de
404 2943 651 3007 sororiis,
683 2944 798 2999 sive
826 2944 893 2999 de
926 2943 1051 2999 filiis
1075 2944 1326 3007 fratrum,
1351 2952 1404 2998 et
1435 2958 1704 3007 sororum,
1732 2943 1873 3012 quod

316 3033 631 3106 coniugium
662 3036 735 3089 ait
763 3045 887 3090 ante
914 3034 1208 3091 Mosaicam
1244 3036 1411 3105 legem
1456 3032 1627 3087 fuisse
1667 3033 1719 3086 in
1752 3048 1873 3096 usu,

315 3133 373 3180 et
401 3134 695 3196 receptum.
727 3126 987 3192 Quamvis
1020 3126 1175 3180 multi
1211 3126 1338 3180 item
1369 3125 1630 3194 putarint,
1659 3134 1875 3194 propter
1903 3162 1943 3219 Ο

314 3219 593 3273 hominum
624 3221 949 3290 paucitatem
980 3221 1036 3274 in
1066 3218 1286 3274 exordio
1316 3216 1504 3273 mundi
1530 3216 1697 3273 fuisse
1722 3225 1774 3272 et
1801 3216 1874 3271 al-

313 3317 490 3363 terum
542 3309 851 3379 eonjugium
916 3308 1155 3372 licitum,
1222 3317 1276 3362 et
1329 3308 1663 3377 temporibus
1717 3307 1877 3361 etiam

311 3401 562 3459 Abrahae.
584 3402 713 3467 Qua:
729 3401 995 3456 sententia
1016 3401 1177 3455 etiam
1195 3415 1259 3454 ex
1281 3400 1466 3455 verbis
1490 3400 1731 3454 auctoris
1754 3398 1877 3453 elici

312 3506 512 3567 potest,
543 3498 657 3568 qui,
686 3498 832 3551 nulla
860 3497 1039 3551 habita
1059 3497 1546 3567 consanguinitatis
1574 3496 1685 3551 sive
1707 3494 1873 3548 allini-

313 3589 442 3643 tatis
470 3590 702 3653 ratione,
738 3587 999 3643 fratribus
1021 3596 1075 3643 et
1097 3588 1379 3643 sororibus
1411 3589 1485 3641 ait
1512 3589 1717 3643 alterna
1749 3602 1880 3641 con-

310 3681 458 3750 jugia
512 3689 637 3736 ante
690 3682 859 3752 legem
908 3681 1201 3737 Mosaicam
1259 3682 1427 3737 fuisse
1477 3682 1643 3735 licita.
1698 3680 1877 3735 Testis

314 3787 458 3826 unus
493 3786 603 3840 pra:
630 3772 885 3827 omnibus
918 3771 1221 3826 Methodius
1247 3771 1535 3842 episcopus
1569 3784 1622 3825 et
1654 3781 1874 3842 martyr,

313 3863 367 3916 in
403 3863 647 3917 Convivia
673 3864 848 3919 decem
892 3865 1171 3932 virginum,
1201 3863 1358 3932 cujus
1407 3865 1584 3929 verba,
1616 3864 1741 3933 quia
1769 3863 1878 3917 ele-

308 3952 631 4027 gantissima
656 3965 785 4012 sunt
817 3964 869 4012 et
900 3958 1139 4012 nondum
1178 3957 1323 4026 quod
1357 3960 1523 4011 sciam
1556 3958 1697 4026 typis
1723 3970 1876 4009 man-

311 4046 461 4108 data.
487 4064 595 4101 non
623 4049 890 4118 gravabor
916 4048 1003 4123 hic
1028 4048 1337 4103 ascribere:
1368 4046 1592 4117 Μεγάλη
1622 4047 1728 4118 γὰρ
1749 4046 1877 4118 ἀλη-

310 4140 420 4203 θῶς
458 4141 728 4212 ὑπερϐολὴ
762 4141 824 4194 :6
855 4140 952 4211 τῆς
988 4141 1285 4212 παρθενίας
1318 4140 1620 4210 ἀνθρώποις
1670 4140 1760 4191 ἀπ’
1788 4138 1875 4190 οὐ-

315 4234 493 4304 ρανῶν
534 4234 890 4305 κατεπέμφθη
937 4234 1119 4303 φυτόν.
1153 4233 1264 4286 Καὶ
1283 4233 1368 4285 διὰ
1392 4231 1547 4285 τοῦτο
1566 4233 1683 4294 ταῖς
1729 4228 1876 4301 πρώ-

310 4342 432 4390 ταις
468 4326 565 4379 οὺκ
590 4326 945 4397 ἀπεκαλύφθη
981 4328 1209 4394 γενεαῖς.
1250 4326 1369 4376 Ἔτι
1397 4324 1504 4395 γὰρ
1541 4326 1568 4376 6
1596 4322 1875 4393 ἅνθρωπος

309 4414 713 4489 ὀλλιγοστόςηῆν,
762 4419 854 4470 καὶ
898 4418 1062 4487 ἐχρῆν
1095 4419 1173 4479 είς
1217 4415 1419 4484 πλῆθος
1469 4415 1682 4485 πρῶτον
1712 4412 1872 4465 αὑτὸν

1978 1942 2074 2011 τῆς
2109 1941 2305 2012 σαρκὸς
2343 1943 2714 2014 ὑπερφρονεῖν,
2746 1947 2822 2007 εἰς
2865 1944 2952 1997 τὸν
2994 1945 3084 2014 τῆς
3115 1944 3419 2013 ἀφθαρσίας
3452 1943 3539 1995 εύ-

1978 2032 2085 2085 διον
2129 2032 2343 2100 ἀφόϐως
2374 2034 2685 2104 ὁρμίζονται
2720 2036 2910 2107 χῶρον.
2943 2038 3004 2088 Εί
3037 2036 3091 2087 δέ
3136 2054 3217 2099 τις
3244 2036 3317 2100 ὡς
3363 2038 3539 2105 ἀμάρ-

1978 2141 2135 2195 τυρον
2167 2126 2273 2177 τῶν
2304 2126 2533 2195 Γραφῶν
2568 2128 2912 2181 αἰτιάσασθαι
2955 2129 3211 2198 τολμήσει
3244 2128 3333 2181 τὸν
3362 2128 3535 2195 λόγον,

1980 2216 2107 2285 φέρε
2138 2216 2222 2287 δὴ,
2254 2216 2584 2288 παραθέντες
2628 2220 2720 2272 καὶ
2748 2220 2813 2273 τὰ
2845 2219 2950 2273 τῶν
2992 2220 3299 2291 προφητῶν,
3342 2218 3535 2289 ἀληθέ-

1980 2325 2141 2379 στερα
2187 2308 2381 2378 μᾶλλον
2409 2310 2757 2381 ἀποδείξομεν
2797 2312 2865 2364 τὰ
2904 2310 3292 2382 προειρημένα.
3331 2310 3387 2363 '0
3409 2310 3537 2377 γοῦν

1991 2397 2236 2468 Ἀϐραὰμ
2273 2398 2485 2469 πρῶτος
2521 2399 2577 2451 ἐν
2605 2399 2835 2471 διαθήκῃ
2878 2401 2975 2471 τὴν
3011 2399 3306 2471 περιτομὴν
3338 2400 3534 2459 λαϐὼν,

1976 2488 2125 2540 οὐδὲν
2150 2489 2331 2560 ἕτερον
2364 2489 2695 2543 αἰνίσσεσθαι
2732 2490 2877 2542 δοκεῖ
2924 2491 2981 2542 :6
3011 2493 3225 2552 οἰκεῖον,
3257 2489 3538 2559 περιστελ-

1976 2581 2193 2652 λόμενος
2214 2583 2313 2652 τῆς
2343 2584 2541 2654 σαρκὸς
2571 2583 2759 2636 ἑαυτοῦ
2794 2582 2951 2654 μέλος
2981 2583 3013 2653 ἢ
3044 2581 3219 2646 τοῦτο,
3250 2582 3310 2634 τὸ
3344 2582 3539 2652 μηκέτι

1973 2674 2042 2726 τὰ
2069 2676 2132 2727 ἐκ
2172 2676 2265 2729 τοῦ
2304 2676 2466 2728 αὐτοῦ
2511 2677 2819 2747 σπέρματος
2851 2675 3315 2747 δημιουργηθέντα
3360 2677 3540 2729 παιδο·

1977 2769 2215 2836 σπορεῖν,
2256 2767 2362 2819 ἀπὸ
2402 2768 2497 2837 τῆς
2551 2768 2682 2831 ἰδίας
2722 2768 2951 2822 ἕκαστον
2999 2768 3261 2821 διδάσκων
3306 2768 3538 2837 ἀδελφῆς

1974 2852 2060 2910 οἷα
2101 2858 2298 2927 σαρκὸς
2347 2858 2669 2929 ἀποτέμνειν
2701 2858 2799 2929 τὴν
2828 2858 2968 2912 κατὰ
3005 2859 3285 2911 συνουσίαν
3326 2858 3535 2929 ἡδονήν.

1978 2951 2135 3002 Ὥστε
2167 2950 2227 3002 :6
2250 2948 2583 3018 πλησιάζειν,
2613 2951 2704 3001 καὶ
2728 2949 2974 3020 ὀμεύνοις
3000 2949 3230 3020 χρῆσθαι
3249 2952 3368 3012 ταῖς
3391 2967 3538 3017 σφων

1976 3039 2224 3107 ἀδελφαῖς
2264 3040 2370 3091 ἀπὸ
2418 3039 2524 3092 τῶν
2559 3039 2652 3092 τοῦ
2709 3038 2955 3111 Ἀϐραὰμ
2989 3040 3261 3093 πέπαυται
3311 3041 3536 3110 καιρῶν.

1976 3132 2048 3184 Τὸ
2087 3131 2142 3183 δὲ
2179 3131 2453 3185 πλειόνων.
2492 3129 2558 3183 Ει
2586 3130 2792 3200 reliqua
2832 3146 2951 3201 qum
2994 3130 3244 3186 Marcella
3275 3130 3534 3186 eruditis-

1980 3221 2114 3275 sime
2143 3220 2298 3274 simul
2336 3230 2390 3274 et
2424 3220 2823 3290 elegantissime
2850 3221 3229 3291 prosequitur;
3272 3237 3392 3293 qua:
3426 3220 3534 3276 Deo

1978 3311 2137 3367 dante
2151 3328 2258 3365 una
2276 3328 2398 3366 cum
2418 3312 2639 3383 reliquis
2653 3314 2798 3367 brevi
2813 3313 3035 3366 utilitati
3050 3313 3278 3383 publicae
3292 3313 3532 3369 edemus.

1978 3402 2240 3458 Omnibus
2273 3412 2436 3458 notus
2454 3412 2537 3457 est
2556 3418 2671 3458 mos
2689 3401 3000 3469 Persarum,
3020 3404 3111 3473 qui
3146 3418 3270 3457 cum
3298 3405 3531 3474 parenti-

1977 3495 2078 3549 bus
2096 3495 2496 3557 miscebantur;
2520 3495 2586 3549 de
2619 3495 2818 3564 quibus
2842 3495 2931 3549 hic
2962 3496 3143 3551 dicere
3182 3496 3532 3565 supersedeo.

2044 3586 2161 3641 Col.
2198 3586 2318 3652 760,
2336 3586 2428 3640 lin.
2458 3586 2547 3641 45.
2582 3587 2642 3639 Ὀ
2657 3586 2724 3639 δὲ
2740 3586 2951 3655 Θάῤῥα.
2970 3586 3257 3655 Josepbus,
3290 3588 3533 3657 Antiqui-

1978 3686 2074 3734 tat.
2095 3679 2186 3734 lib.
2208 3696 2245 3743 ι,
2265 3694 2383 3748 cap.
2404 3680 2433 3731 7
2458 3702 2467 3733 :
2486 3679 2697 3751 Θάρρου
2729 3680 2785 3732 δὲ
2819 3682 3141 3751 μισήσαντος
3157 3681 3253 3751 τήν
3269 3680 3533 3734 Χαλδαίαν

1975 3771 2061 3823 διὰ
2089 3772 2149 3823 :6
2192 3770 2414 3842 Ἀράνου
2443 3769 2653 3836 πένθος,
2684 3770 3073 3839 μετοικίζονται
3099 3772 3296 3836 πάντες
3325 3773 3403 3835 είς
3433 3772 3528 3843 χώ-

1978 3879 2076 3932 ραν
2118 3864 2211 3933 τῆς
2257 3863 2708 3933 Μεσοποταμίας’
2754 3864 2886 3915 ὅπου
2930 3863 2993 3935 δή
3034 3864 3246 3935 Θάρρον
3287 3864 3532 3934 τελευτή-

1978 3970 2143 4006 σαντα
2171 3952 2480 4015 θάπτουσιν,
2513 3952 2607 4023 ἐτη
2636 3953 2907 4024 βιώσαντα
2943 3954 3100 4006 πέντε
3133 3956 3225 4008 καὶ
3271 3955 3530 4009 διακόσια.

2046 4043 2226 4112 Ibid,
2253 4045 2349 4099 lin.
2400 4046 2485 4100 48.
2522 4046 2767 4097 "Extare
2797 4045 2900 4113 γὰρ
2934 4044 3065 4098 τῶν.
3097 4043 3385 4113 Iosephus,
3431 4046 3487 4098 ib
3518 4065 3529 4097 :

1975 4138 2340 4207 Συνετέτμητο
2367 4136 2473 4207 γὰρ
2500 4136 2599 4207 ήδη
2633 4139 2743 4198 τοῖς
2775 4134 3076 4205 ἀνθρώποις
3122 4137 3237 4188 κατ’
3268 4134 3442 4202 ὀλίγον
3476 4136 3531 4187 :6

1975 4226 2092 4298 ζῇν,
2123 4228 2214 4279 καὶ
2246 4226 2574 4297 βραχύτερον
2606 4227 2819 4295 ἐγένετο
2858 4228 3017 4298 μέχρι
3056 4228 3154 4297 τῆς
3181 4228 3421 4289 Μωσέως
3446 4244 3529 4294 γε-

1974 4322 2188 4385 νέσεως,
2226 4320 2339 4389 μεθ’
2366 4320 2422 4372 ὃν
2447 4321 2568 4389 ὅρος
2596 4315 2662 4389 ἦν
2690 4318 2782 4372 τοῦ
2814 4317 2911 4389 ζῇν
2934 4318 3124 4371 ἑκατὸν
3148 4319 3239 4389 ἐτη
3271 4319 3404 4388 πρὸς
3422 4320 3530 4380 τοῖς

1975 4414 2163 4477 εἴκοσι,
2209 4412 2361 4467 ταῦθ’
2412 4412 2688 4481 ὁρίσαντος
2737 4411 2827 4463 τοῦ
2862 4411 3015 4475 Θεοῦ,
3058 4412 3157 4464 ὅσα
3200 4411 3294 4463 καὶ
3332 4410 3533 4479 Μωσῆν

311 4514 627 4585 αὐξήσαντα
677 4510 1038 4581 τελειωθῆναι.
1088 4510 1178 4562 Διὸ
1217 4509 1280 4579 δὴ
1319 4510 1413 4562 καὶ
1457 4508 1555 4570 τὰς
1609 4507 1875 4577 σφετέρας

1980 4506 2173 4576 συνέϐη
2208 4504 2412 4574 βιῶναι.
2449 4503 2584 4557 Vide
2618 4503 3059 4558 dissertationem
3102 4502 3358 4571 Gasparis
3402 4500 3529 4554 Dor-

310 4606 545 4675 ὰδελφάς
571 4607 619 4659 0i
658 4604 875 4657 παλαιοὶ
921 4602 1283 4673 λαμϐάνοντες
1324 4602 1583 4669 γυναῖκας
1627 4598 1775 4651 οὐδὲν
1810 4593 1876 4668 ῆν

309 4701 575 4772 ἀπρεπὲς,
609 4698 767 4769 μέχρι
794 4698 952 4767 νόμος
980 4694 1146 4749 ἐλθὼν
1161 4693 1503 4753 διεστείλατο,
1530 4691 1624 4744 καὶ
1648 4692 1707 4743 :6
1730 4688 1877 4759 πρῶ-

310 4809 403 4845 τον
432 4788 621 4844 δοκοῦν
657 4785 795 4840 εἶναι
834 4788 994 4841 καλὸν
1034 4784 1415 4856 ἀπαγορεύσας
1459 4780 1729 4852 ἁμαρτίαν
1775 4782 1878 4833 ἀπ-

309 4887 569 4954 εφήνατο,
591 4882 993 4952 ὲπικατάρατον
1014 4878 1192 4933 καλῶν
1205 4880 1293 4931 τὸν
1312 4875 1758 4931 ἀποκαλύπτοντα
1778 4874 1875 4945 τὴν

308 4971 694 5043 ἀσχημοσύνην
723 4970 821 5040 τῆς
859 4969 1087 5040 ἀδελφῆς
1108 4967 1291 5032 αὐτοῦ,
1321 4965 1412 5020 τοῦ
1438 4966 1571 5019 Θεοῦ
1606 4964 1744 5019 κατὰ
1760 4982 1876 5018 και-

312 5064 405 5135 ρὸν
432 5064 525 5116 καὶ
550 5062 738 5133 καιρὸν
762 5061 859 5133 τὴν
890 5062 1228 5133 ἁρμόζουσαν
1249 5059 1401 5130 ήμῶν
1429 5058 1506 5128 τῷ
1534 5057 1678 5125 γένει
1720 5074 1877 5111 σπου-

307 5157 475 5211 δαίων
509 5156 907 5227 προσφέροντος
955 5154 1223 5226 βοήθειαν,
1258 5152 1443 5222 ῶσπερ
1474 5151 1534 5221 δὴ
1568 5151 1661 5203 καὶ
1694 5152 1742 5202 οἱ
1773 5166 1875 5200 πα-

309 5252 465 5321 τέρες
490 5252 600 5313 τοῖς
632 5250 787 5311 υίοῖς.
820 5249 895 5301 Οὐ
924 5245 1032 5318 γὰρ
1059 5245 1257 5307 εύθέως
1295 5244 1496 5298 ἀνωθεν
1528 5241 1873 5319 ἐπιστατοῦσι

308 5345 435 5406 τοὺς
466 5343 860 5410 παιδαγωγοὺς,
892 5340 1025 5393 ἀλλὰ
1051 5339 1151 5409 τὴν
1174 5339 1424 5408 παιδικὴν
1460 5338 1671 5407 ἡλικίαν
1688 5337 1875 5389 ἐάσαν-

307 5449 402 5496 τες
432 5432 726 5503 άθύρεσθαι
763 5430 1069 5503 μοσχαρίων
1088 5430 1261 5500 δίκην,
1288 5428 1499 5499 πρῶτον
1531 5430 1608 5489 είς
1629 5428 1875 5480 διδασκά-

308 5523 418 5577 λων
461 5522 921 5592 συμψελλιζόντων
955 5518 1388 5580 ἀποστέλλουσιν,
1429 5517 1534 5570 ἔστ’
1575 5517 1639 5570 ἂν
1672 5518 1874 5569 ἀποϐα-

310 5615 492 5677 λόντες
538 5615 636 5685 τὴν
692 5611 1017 5684 μειρακιώδη
1055 5610 1211 5681 τρίχα
1252 5609 1343 5664 τοῦ
1375 5608 1487 5670 νοῦ,
1535 5612 1612 5672 είς
1649 5608 1872 5679 τὴντῶν

315 5704 573 5775 μειζόνων
598 5704 825 5774 ἄσκησιν
856 5701 1315 5773 παραπεμφθῶσι,
1352 5703 1599 5754 κάκεῖθεν
1621 5697 1772 5763 αὖθις
1796 5702 1871 5763 εἰς

314 5800 409 5867 τὴν
442 5797 549 5849 τῶν
585 5795 662 5849 ἔτι
692 5796 962 5865 μειζόνων.
991 5794 1169 5865 Ταύτῃ
1210 5793 1315 5865 γὰρ
1351 5795 1441 5845 καὶ
1476 5792 1561 5845 τὸν
1608 5793 1735 5843 Θεὸν
1783 5792 1871 5843 καὶ

1979 4598 2101 4652 navi
2130 4596 2196 4652 de
2224 4597 2406 4652 causis
2436 4595 2792 4662 longaevitatis
2821 4604 3035 4664 patrum
3066 4593 3533 4664 primigeniorum,

1978 4690 2064 4744 cui
2099 4688 2288 4744 titulus
2320 4687 2625 4741 Mathusala
2664 4688 2835 4742 vivax.

2046 4781 2202 4843 lbid.,
2230 4782 2325 4835 lin.
2358 4781 2445 4836 5'5.
2494 4781 2739 4850 Ἀϐραὰμ
2768 4779 2835 4833 δὲ
2867 4783 2917 4835 ὀ.
2962 4778 3160 4833 Eadem
3191 4778 3351 4832 habet
3381 4774 3531 4831 Jose-

1976 4873 2115 4943 phus
2140 4872 2316 4941 Antiq.
2349 4872 2441 4925 lib.
2471 4886 2508 4934 ι,
2539 4885 2660 4940 cap.
2686 4870 2739 4935 8,
2770 4878 2824 4925 et
2846 4869 3048 4933 subdit,
3074 4866 3332 4922 Berosum
3361 4866 3534 4920 Abra-

1975 4964 2120 5018 hami
2140 4963 2302 5016 tacito
2332 4961 2551 5017 nomine
2569 4961 2904 5017 meminisse.
2930 4960 3236 5016 Hecataeum
3259 4958 3405 5013 illius
3424 4972 3535 5012 non

1975 5054 2287 5109 meminisse
2325 5055 2518 5118 obiter,
2558 5054 2653 5108 sed
2687 5054 2826 5109 libro
2864 5053 2930 5108 de
2972 5068 3037 5107 eo
3076 5052 3411 5121 conscripto,
3446 5065 3535 5105 res

1974 5151 2093 5219 ejus
2124 5149 2423 5219 posteritati
2457 5147 2888 5209 commendasse,
2920 5162 3018 5200 nec
3044 5161 3152 5199 non
3174 5151 3227 5199 et
3252 5142 3532 5197 Nicolaum

1975 5240 2365 5295 Damascenum
2395 5241 2449 5293 in
2474 5256 2524 5293 tv
2552 5240 2910 5294 Historiarum
2949 5256 2964 5291 :
2997 5235 3336 5307 Μνημονεύει
3360 5236 3416 5288 δὲ
3438 5234 3535 5287 τοῦ

1976 5334 2175 5404 πατρὸς
2221 5333 2374 5403 ήμῶν
2426 5332 2699 5403 Ἀϐράμου
2751 5331 3037 5402 Βηρωσσὸς
3082 5330 3183 5381 οὐκ
3232 5326 3533 5397 ὀνομάζων,

1974 5424 2141 5492 λέγων
2166 5424 2365 5487 οὕτως·
2401 5424 2553 5477 Μετὰ
2590 5424 2646 5475 δὲ
2682 5423 2770 5475 τὸν
2805 5420 3181 5490 κατακλυσμὸν
3213 5418 3412 5489 δεκάτῃ
3442 5433 3535 5484 γε-

1974 5517 2065 5585 νεᾷ
2097 5514 2243 5583 παρὰ
2283 5514 2564 5576 Χαλδαίοις
2595 5531 2679 5576 τις
2710 5509 2776 5583 ἦν
2801 5512 3002 5574 δίκαιος
3045 5510 3180 5581 ἀνὴρ
3212 5510 3401 5581 μέγας,
3445 5506 3537 5561 καὶ

1972 5604 2037 5658 τὰ
2064 5606 2285 5677 οὐράνια
2329 5606 2601 5676 ἔμπειρος.
2639 5605 2917 5665 Ἑκαταῖος
2959 5603 3013 5655 δὲ
3044 5601 3250 5655 καὶτοῦ
3298 5598 3535 5671 μνησθῆ-

1973 5716 2057 5751 ναι
2096 5699 2251 5751 πλέον
2273 5717 2324 5751 τι
2356 5697 2618 5767 πεποίηκε
2639 5715 2651 5727 ο
2690 5697 2888 5765 βιϐλίον
2933 5695 3040 5765 γὰρ
3073 5694 3198 5770 περὶ
3231 5690 3392 5745 αὑτοῦ
3419 5706 3535 5743 συν-

1974 5790 2267 5861 ταξάμενος
2318 5790 2586 5843 κατέλιπε.
2624 5789 2881 5851 Νικόλαος
2914 5788 2967 5841 δὲ
3010 5790 3037 5839 ὀ
3081 5783 3431 5858 Δαμασκηνὸς
3474 5782 3535 5835 ἑν
