4072 6338
477 345 618 401 1015

1802 337 2050 395 ιΕοΝιε
2085 337 2354 394 ΑιιΑτιι
2381 379 2384 382 .

3566 342 3705 398 1016

474 465 542 534 τῇ
574 469 811 534 τετάρτῃ
853 457 973 511 τῶν
1014 456 1309 525 Ἰστοριῶν
1333 455 1482 526 λέγει
1518 455 1718 520 οὕτως’
1773 457 2051 530 Ἀϐράμης

2155 467 2355 530 posset.
2383 456 2585 522 verbis,
2615 455 2876 529 exemplis
2923 455 3153 526 aliisque
3180 457 3490 514 actionibus
3519 459 3586 514 ad
3613 476 3709 517 ve-

478 551 792 609 ὲϐασίλευσε
840 547 1130 619 Δαμασκοῦ
1178 547 1380 619 ἔπηλυς
1425 549 1520 602 σύν
1555 547 1767 620 στρατῷ
1810 549 2045 621 ἀφιγμέ-

479 661 588 708 νος,
613 648 757 708 etc.;
789 648 844 696 et
868 639 1174 696 Alexander
1207 633 1696 711 Polyhistor’apud
1728 639 2044 709 Eusebium,

481 736 556 790 De
585 732 970 803 praparatione
998 729 1316 801 Evangelica
1363 731 1457 786 lib.
1494 747 1572 794 rx,
1611 747 1677 786 ex
1716 731 2044 803 Eupolemo:

478 823 691 895 Δεκάτῃ
721 822 778 876 δὲ
809 823 971 893 γενεᾷ
1001 838 1162 892 φησιν
1192 823 1249 874 ὲν
1279 821 1427 875 πόλει
1449 823 1547 892 τῆς
1572 821 1909 886 Βαϐυλωνίας
1929 825 2047 877 Κα-

484 915 706 988 μαρίνῃ,
746 916 812 985 ἦν
849 931 1002 978 τινας
1041 914 1216 981 λέγειν
1252 913 1402 966 πόλιν
1433 912 1654 984 Οὐρίην,
1679 909 1832 968 ἐἶναι
1859 914 1916 969 δὲ
1955 932 2049 986 με·

481 1007 956 1080 θερμηνευομένην
1002 1005 1282 1060 Χαλδαίων
1325 1006 1498 1069 πόλιν,
1536 1009 1594 1059 ὲν
1628 1007 2047 1081 τρισκαιδεκάτῃ

483 1098 735 1174 γενέσθαι
772 1098 1018 1169 Ἀϐραὰμ
1047 1099 1227 1169 γενεᾷ,
1255 1099 1502 1170 εὐγενείᾳ
1533 1100 1628 1152 καὶ
1658 1100 1818 1170 σοφία
1842 1100 2050 1164 πάντας

487 1184 922 1260 ὐπερϐεϐηκότα,
954 1189 1012 1242 ὃν
1049 1189 1113 1259 δὴ
1141 1189 1232 1242 καὶ
1271 1188 1366 1260 τὴν
1399 1189 1748 1261 ἀστρολογίαν
1778 1191 1872 1243 καὶ
1909 1191 2051 1244 Χαλ-

481 1275 674 1348 δαῖκὴν
716 1278 918 1348 εὑρεῖν,
966 1277 1056 1330 ὲπί
1091 1295 1153 1330 τε
1189 1278 1286 1349 τὴν
1314 1277 1591 1332 εὐσέϐειαν
1619 1281 1932 1352 ὁρμήσαντα
1960 1282 2050 1334 εὐ-

483 1369 784 1440 αρεστῆσαι
811 1368 887 1439 τῷ
925 1369 1064 1440 Θεῷ.
1098 1367 1296 1423 Τοῦτον
1333 1369 1408 1433 δὲ,
1438 1369 1526 1424 διὰ
1555 1371 1624 1425 τὰ
1661 1373 2051 1445 προστάγματα

484 1462 580 1514 ⁴ιτοῦ
609 1461 744 1517 Θεοῦ
775 1463 854 1526 εἰς
888 1462 1136 1534 Φοινίκην
1181 1464 1399 1518 ἐλθόντα
1431 1466 1768 1536 κατοικῆσαι,
1809 1469 1901 1520 καὶ
1931 1485 2053 1540 τρο-

488 1555 599 1617 mit;
627 1554 774 1624 ἡλίου
796 1556 889 1608 καὶ
917 1555 1164 1626 σελήνης,
1191 1557 1284 1608 καὶ
1313 1557 1383 1610 τά
1405 1557 1536 1610 ἄλλα
1565 1559 1739 1612 πάντα
1772 1559 2052 1624 διδάξαντα

485 1649 612 1711 τοὺς
632 1645 900 1719 Φοίνικας,
925 1647 1282 1719 εὐαρεστῆσαι
1315 1649 1391 1719 τῷ
1420 1649 1624 1720 βασιλεῖ
1645 1651 1840 1704 αὐτῶν.

557 1738 677 1792 Col.
719 1737 841 1802 761,
873 1738 970 1792 lin.
1011 1738 1061 1792 1.
1090 1738 1285 1805 Μόνος
1315 1735 1512 1806 οὗτος.
1546 1740 1798 1795 Consona
1820 1739 2054 1811 Josepho

491 1830 748 1902 leguntur
773 1832 916 1901 apud
951 1830 1175 1885 Suidam
1202 1831 1268 1887 de
1304 1833 1636 1899 Abrahamo,
1669 1844 1722 1889 et
1761 1833 2056 1890 Eusebium

489 1920 543 1974 in
601 1921 775 1991 prima
826 1930 976 1992 parte
1021 1921 1316 1978 Chronici:
1362 1923 1636 1995 ’Λϐραὰμ,
1680 1923 1937 1988 Χαλδαῖος
1983 1924 2058 1978 ὢν

487 2007 549 2060 τὸ
605 2007 794 2076 γένος,
853 2009 953 2080 τὴν
1016 2010 1236 2081 πρώτην
1294 2012 1506 2081 ἡλικίαν
1563 2012 1712 2084 παρὰ
1769 2012 2058 2078 Χαλδαίοις

489 2097 722 2169 ἐτράφη,
758 2099 851 2152 καὶ
879 2100 977 2170 τῆς
1004 2103 1132 2171 παρ’
1163 2103 1347 2166 αὐτοῖς
1371 2103 1724 2176 ἀστρολογίας
1745 2105 1839 2158 καὶ
1867 2107 2058 2176 λοιπῆς

493 2187 724 2262 μετάσχε
753 2191 962 2260 σοφίας.
1006 2193 1271 2268 Θεοριλὴς
1309 2196 1365 2250 δὲ
1391 2195 1486 2262 ὢν,
1532 2199 1626 2251 καὶ
1656 2201 1768 2262 τοῖς
1800 2199 2057 2271 κτίσμασι

488 2283 516 2334 ὁ
543 2281 632 2335 τὸν
663 2281 787 2336 νοῦν
818 2283 1012 2337 ἑαυτοῦ
1045 2284 1120 2356 μὴ
1144 2287 1571 2358 καταδεξάμενος
1597 2290 1754 2342 ἐᾶσαι
1800 2291 2060 2362 ἐνδιατρί-

491 2373 626 2437 ϐειν,
661 2373 775 2426 ἀλλ’
804 2375 898 2426 ἐπὶ
936 2374 1027 2429 τὸν
1061 2377 1438 2449 γενεσιουργδν
1468 2380 1530 2432 ὲκ
1555 2381 1652 2450 τῆς
1681 2379 1790 2434 τῶν
1831 2383 2061 2452 κτισμά-

490 2482 598 2533 των
629 2463 883 2536 ἀναχθεὶς
912 2467 1196 2538 καλλονῆς,
1223 2469 1369 2534 θείας
1394 2470 1707 2541 ὲλλάμψεως
1728 2470 1952 2544 ἠξιώθη,
1981 2473 2058 2526 ἑτι

489 2553 777 2626 διατρίϐων
811 2558 868 2609 ὲν
888 2558 952 2627 τῇ
984 2558 1220 2628 πατρίδι.
1255 2559 1318 2614 Ει
1350 2561 1681 2618 Africanus:
1707 2556 1874 2628 Οὗτος
1903 2564 2059 2635 μόνος

490 2645 600 2699 τῶν
630 2646 942 2718 ἁπανταχοῦ
969 2649 1068 2721 τὴν
1089 2650 1181 2704 ἐπὶ
1207 2653 1274 2707 τὰ
1296 2653 1489 2707 εἴδωλα
1529 2653 1734 2727 πλάνην
1765 2655 2060 2711 νοσούντων

489 2738 582 2790 τὸν
613 2737 786 2811 ἀληθῆ
839 2740 970 2795 Θεὸν
999 2743 1232 2812 ὲπὲγνω,
1272 2744 1368 2798 καὶ
1400 2746 1734 2818 Δημιουργὸν
1776 2749 1883 2802 τῶν
1925 2749 2059 2802 ὅλων

491 2829 842 2903 άνεκήρυξεν.
884 2831 1054 2889 Judaei
1115 2843 1295 2890 tamen
1331 2839 1577 2891 nonnulli
1632 2839 1853 2894 trudunt
1889 2840 2060 2896 Abras-

492 2922 619 2977 ham
675 2925 1094 2999 quadragesimo
1150 2938 1346 2985 octavo
1400 2929 1576 2986 aetatis
1634 2945 1776 2986 anno
1829 2933 2059 3003 coepisse

494 3029 792 3090 agnoscere
815 3034 999 3073 verum
1030 3019 1220 3086 Deum,
1256 3037 1580 3094 omnemque
1621 3023 1937 3078 idololatrize
1967 3041 2059 3080 Sil?

2153 567 2273 607 rum
2327 552 2478 605 illum
2523 551 2729 606 cultum
2777 549 3108 613 attraheret,
3155 550 3382 620 ideoque
3416 551 3545 606 hinc
3581 551 3708 608 inde

2150 651 2399 714 vagatum
2417 642 2791 698 Chaldaeorum
2809 642 2970 698 urbes
2986 657 3050 697 ac
3066 641 3510 714 Mesopotamiam
3533 643 3708 713 ipsam

2154 734 2573 804 perlustrantem
2600 749 2615 798 ;
2645 748 2768 788 cum
2797 740 2978 787 tamen
3007 741 3236 788 eventus
3262 731 3466 796 studio,
3494 732 3714 800 deside-

2153 823 2341 893 rioque
2369 838 2478 877 non
2508 821 2878 892 responderet,
2907 822 3128 876 anxium
3157 829 3236 876 tot
3263 821 3507 885 labores,
3541 821 3714 876 sudo-

2152 930 2350 985 resque
2380 915 2583 969 frustra
2611 913 2882 983 impendi,
2925 913 2992 968 ad
3030 911 3198 968 Deum
3244 913 3547 968 recurrissc
3570 951 3587 976 ,
3614 913 3708 983 qui

2155 1005 2258 1074 ipsi
2301 1011 2358 1057 ut
2405 1004 2578 1059 exiret
2613 1003 2682 1057 de
2729 1003 2901 1073 patria
2925 1043 2940 1068 ,
2982 1011 3037 1057 et
3066 1003 3134 1058 de
3163 1004 3486 1074 cognatione
3519 1002 3707 1071 jussit.

2155 1095 2246 1150 Sic
2271 1113 2396 1151 vera
2429 1105 2544 1150 erat
2589 1096 2857 1150 sententia
2891 1094 3190 1159 Eustathii,
3223 1110 3346 1150 eum
3390 1096 3595 1150 exiisse
3644 1097 3713 1150 de

2154 1197 2298 1243 terra
2331 1188 2705 1242 Chaldzeorum
2726 1227 2740 1252 ,
2771 1196 2825 1242 et
2857 1185 3241 1257 MesOpotamia
3261 1231 3275 1254 ,
3319 1202 3588 1258 omneque
3617 1187 3716 1242 de-

2154 1283 2414 1339 siderium
2455 1281 2523 1335 ad
2562 1297 2626 1335 ea
2669 1281 2786 1336 loca
2826 1279 3128 1336 revertendi
3168 1280 3506 1351 deposuisse.
3531 1279 3716 1346 Quare

2154 1374 2318 1429 verba
2358 1373 2447 1426 illa
2484 1371 2762 1441 Stephani,
2815 1371 2938 1424 Act.
2975 1385 3086 1435 vn,
3133 1371 3297 1426 etiam
3346 1377 3510 1440 atque
3545 1369 3714 1424 etiam

2155 1462 2546 1518 consideranda
2565 1469 2723 1516 sunt:
2745 1461 2878 1515 Deus
2901 1461 3084 1531 gloria:
3105 1461 3348 1530 apparuit
3362 1462 3500 1529 patri
3531 1471 3717 1514 nostra

2157 1555 2402 1613 Abrahm.
2434 1571 2549 1608 rum
2570 1563 2699 1608 esset
2731 1553 2783 1607 in
2817 1552 3216 1616 Mesopotamia,
3249 1554 3393 1620 prius
3420 1569 3577 1622 quam
3609 1569 3719 1605 meo

2157 1657 2364 1701 raretur
2399 1647 2452 1699 in
2483 1645 2692 1707 Clmra,
2737 1655 2785 1699 et
2827 1644 2963 1697 dixit
3009 1645 3077 1696 ad
3110 1643 3295 1696 illum:
3329 1642 3432 1696 Exi
3461 1643 3526 1696 de
3569 1654 3718 1697 terra

2161 1747 2284 1798 tua,
2311 1746 2358 1788 et
2387 1735 2448 1786 de
2488 1735 2792 1805 cognatione
2820 1743 2941 1798 tua,
2983 1741 3031 1785 et
3062 1735 3174 1786 veni
3216 1734 3269 1787 in
3315 1742 3506 1787 terram
3555 1750 3716 1802 quam

2089 1823 2128 1876 Β
2157 1838 2510 1881 monstrarem
2552 1826 2663 1881 tibi.

2229 1916 2385 1980 Ibid.,
2413 1919 2510 1972 lin.
2545 1917 2630 1972 Η.
2662 1917 2847 1985 Λιμοῦ
2885 1916 2953 1970 δὲ
3001 1918 3460 1983 καταλαϐόντος.
3499 1915 3719 1972 Manas-

2157 2024 2244 2064 ses
2261 2047 2274 2070 ,
2307 2009 2359 2061 in
2388 2006 2676 2060 Annalibus
2695 2023 2713 2060 :

2158 2121 2342 2191 Λιμοῦ
2392 2121 2827 2185 καταλαϐόντος
2875 2117 2983 2188 γὰρ
3031 2118 3145 2186 τὴν
3170 2119 3520 2191 χώραν-τὴν
3558 2123 3718 2174 Χαλ-

2170 2259 2382 2327 Ἀσρὰμ
2400 2263 2431 2313 ό
2459 2261 2632 2326 θεῖος.
2663 2263 2695 2313 ό
2723 2262 2837 2312 πο.)
2849 2258 2936 2325 ἰις,
2967 2257 3174 2329 γέγονε
3197 2190 3613 2328 ιιεταγὶίῗαέτΐΐ

2158 2329 2269 2384 Καὶ
2299 2330 2410 2396 τὴν
2452 2332 2806 2400 συγγένειαν
2841 2329 3052 2390 λιπὼν,
3087 2333 3172 2395 εἰς
3211 2331 3510 2400 Αἴγυπτον
3535 2330 3720 2399 μετῆ-

2170 2471 2264 2537 Ὠς
2299 2469 2628 2538 ἀποτρέψαι
2665 2468 2773 2523 τοῦ
2798 2468 2975 2538 λιμοῦ
3011 2469 3125 2536 τὴν
3159 2399 3721 2539 φθαρτικὴιῐρὲρό-

2164 2609 2289 2676 Τοῖς
2311 2608 2630 2675 ζωαρκέσιν
2652 2609 2919 2678 ἐντυχὼν
2943 2608 3073 2664 ἐκεῖ
3111 2540 3613 2678 δαψιλεστέξοῗῗ

2158 2679 2360 2748 Συνῆι·
2394 2679 2443 2733 δ’
2485 2678 2640 2746 αὐτῷ
2678 2680 2773 2734 καί
2810 2679 3028 2749 γαμετὴ
3059 2680 3206 2748 πρὸς
3247 2680 3434 2747 ξένην
3459 2682 3721 2736 στελλο-

2158 2817 2352 2886 Σάρῤα
2383 2821 2902 2888 χαριτοπρόσωπος
2933 2819 3031 2874 καί
3060 2749 3607 2890 περικαλλεάξιξζῃῖ

2159 2927 2484 2998 Eupolemus
2519 2929 2660 2999 apud
2692 2929 3056 2984 Alexandrum
3094 2927 3492 3002 Polyhistorem
3532 2933 3585 2988 in
3611 2931 3722 2989 Eu-

2158 3021 2326 3082 sebio,
2362 3020 2433 3072 De
2467 3030 2750 3088 prwparat.
2797 3020 2890 3074 lib.
2937 3037 2988 3075 ix
3019 3039 3033 3076 :
3072 3022 3246 3092 Λιμοῦ
3281 3022 3338 3075 δὲ
3397 3025 3716 3096 γενομένου,

495 3106 870 3174 perstitionem
898 3109 1182 3181 abiecisse,
1207 3112 1372 3169 refert
1402 3113 1780 3171 Genebrardus
1817 3116 1869 3170 in
1893 3114 2054 3170 Chro-

2155 3113 2245 3165 τδν
2277 3110 2526 3182 Ἀϐραὰμ
2584 3112 2958 3182 ἀπαλλαγῆναι
2999 3115 3080 3177 εἰς
3122 3114 3391 3183 Αἴγυπτον
3441 3118 3718 3188 πανοικίᾳ,

495 3200 632 3255 nico.
670 3199 845 3271 Hujus
907 3205 1185 3259 sententia:
1231 3213 1313 3261 est
1352 3214 1406 3260 et
1447 3205 1692 3262 Andreas
1759 3205 1960 3280 Masius
2001 3208 2054 3261 iu

494 3312 612 3364 cap.
641 3313 774 3352 xxrv
811 3295 1010 3364 Iosue;
1045 3314 1144 3354 nec
1178 3301 1246 3354 ab
1275 3299 1604 3356 eadissentit
1625 3299 1778 3354 Philo
1807 3302 1941 3370 Περὶ
1975 3301 2058 3354 νό-

499 3407 614 3458 μων
658 3391 939 3462 ἀγράφων,
983 3392 1013 3444 ὅ
1051 3393 1197 3446 ἐστιν
1251 3392 1526 3463 Ἀϐραάμ·
1574 3393 1707 3463 Περὶ
1751 3393 2054 3461 γιγάντωνο

495 3478 632 3552 Περί
655 3482 946 3560 εὐγενείας.
974 3481 1048 3538 De
1068 3483 1404 3553 providentia
1436 3483 1526 3539 Dei
1552 3484 1604 3538 in
1628 3485 1789 3538 rebus
1805 3485 2058 3540 humanis

498 3574 751 3642 superius
779 3575 1042 3628 nonnulla
1066 3575 1324 3640 diximus,
1352 3587 1404 3631 et
1424 3592 1542 3629 eam
1576 3577 1647 3630 ita
1676 3586 1946 3647 patentem
1973 3593 2060 3633 ne-

493 3677 642 3732 gare,
682 3663 828 3732 vani,
854 3666 1002 3729 caici,
1037 3667 1392 3738 excordisque
1428 3669 1663 3724 hominis
1691 3677 1794 3734 est,
1831 3670 2061 3740 etquid.

500 3756 583 3810 vis
630 3758 811 3825 potius
859 3758 1240 3828 excogitantis,
1286 3774 1448 3829 quam
1527 3760 1672 3831 quod
1716 3761 1855 3816 ratio
1893 3761 2061 3832 depo-

499 3845 630 3898 suit.

568 3933 727 3995 lbid.,
758 3933 852 3987 lin.
891 3934 978 3990 il.
1008 3935 1163 4004 Πρὸς
1191 3935 1340 4005 γοῦν
1376 3936 1509 4006 τήν.
1539 3935 1828 4009 Iosephus,
1877 3940 2054 4011 Antiq.

499 4022 593 4077 lib.
629 4038 644 4077 ι
682 4042 695 4078 :
728 4023 862 4078 Cum
895 4024 1141 4090 videret,
1186 4025 1398 4096 inquit,
1432 4028 1702 4083 Abraham
1725 4069 1739 4092 ,
1773 4032 1917 4098 quod
1946 4034 2057 4087 veri

497 4112 593 4169 Dei
622 4113 825 4168 cultum
853 4115 1030 4183 palam
1059 4121 1112 4170 et
1143 4115 1310 4170 libere
1352 4117 1672 4185 praedicaret
1692 4157 1706 4180 ,
1751 4119 2055 4198 Chaldaeos,

497 4214 552 4262 et
602 4206 1039 4276 Mesopotamitas
1079 4214 1273 4262 contra
1313 4222 1372 4264 se
1419 4210 1720 4280 insurgere,
1767 4213 2058 4267 consilium

496 4296 766 4369 migrandi
809 4298 1004 4373 cmpit,
1049 4307 1103 4355 et
1140 4299 1422 4355 voluntate
1463 4316 1528 4355 ac
1562 4299 1743 4357 favore
1772 4301 1864 4358 Dei
1891 4301 2058 4366 frctus

493 4399 695 4445 terram
741 4389 998 4445 Chanaan
1043 4390 1250 4453 tenuit,
1300 4392 1393 4445 ubi
1438 4391 1660 4447 sedibus
1702 4393 1896 4464 positis
1948 4393 2059 4451 Deo

2155 3205 2312 3272 κάκεῖ
2356 3205 2643 3269 κατοικεῖν,
2675 3205 2774 3276 τήν
2813 3221 2874 3258 τε
2903 3207 3134 3274 γυναῖκα
3171 3207 3333 3260 αὐτοῦ
3361 3207 3454 3261 τὸν
3497 3208 3722 3279 βασιλέα

2154 3294 2260 3346 τῶν
2290 3295 2596 3362 Αἰγυπτίων
2621 3295 2828 3366 γῆμαι,
2862 3296 3060 3365 φάντος
3091 3297 3256 3350 αὐτοῦ
3288 3299 3526 3369 ἀδελφὴν
3556 3295 3719 3358 εῖναι.

2156 3387 2220 3438 Ει
2240 3387 2545 3457 Artapanus
2565 3406 2577 3440 :
2595 3387 2790 3441 Τοῦτον
2811 3387 2868 3441 δέ
2897 3405 3026 3459 φησι
3055 3390 3305 3462 πανοικίᾳ
3333 3391 3504 3446 ἐλθεῖν
3529 3393 3610 3456 εἰς
3630 3395 3720 3446 Λί-

2155 3493 2357 3548 γυπτον
2385 3479 2521 3550 πρὸς
2544 3477 2636 3530 τὸν
2659 3478 2766 3530 τῶν
2794 3479 3100 3547 Αἰγυπτίων
3125 3479 3348 3549 βασιλέα
3373 3482 3719 3555 Φαρεθὼνην,

2156 3571 2248 3623 καὶ
2277 3571 2374 3640 τὴν
2413 3572 2769 3642 ἀστρολογίαν
2796 3573 2954 3627 αὐτὸν
2977 3573 3202 3639 διδάξαι.
3234 3573 3505 3628 Μείναντα
3537 3576 3594 3628 δὲ
3621 3577 3718 3644 ἔτη

2156 3663 2271 3714 ἐκεῖ
2304 3663 2497 3725 εἴκοσι,
2529 3663 2688 3715 πάλιν
2719 3665 2798 3727 εἰς
2843 3663 2968 3727 τοὺς
2998 3666 3135 3717 κατὰ
3172 3665 3369 3736 Συρίαν
3399 3666 3720 3739 ἀπαλλαγῆ-

2155 3771 2242 3807 ναι
2288 3754 2498 3819 τόπους.
2557 3754 2678 3809 Τῶν
2743 3755 2799 3808 δὲ
2864 3754 3037 3826 τούτῳ
3093 3757 3449 3812 συνελθόντων
3490 3758 3721 3824 πολλοὺς

2157 3850 2214 3922 εν
2261 3849 2518 3920 Αἰγύπτῳ
2567 3851 2885 3920 καταμεῖναι
2943 3849 3030 3903 διὰ
3085 3851 3183 3921 τὴν
3230 3851 3576 3922 εὐδαιμονίαν
3620 3853 3721 3922 τῆς

2157 3938 2358 4012 χώρας.
2411 3939 2870 4010 Peregrinationis
2903 3940 3134 3997 Abrahae
3176 3943 3456 3998 historiam
3495 3953 3722 4015 propter

2159 4029 2350 4092 famem
2401 4033 2470 4088 ab
2518 4047 2584 4088 eo
2633 4042 2933 4105 susceptae,
2981 4043 3356 4102 etservataaa
3386 4023 3496 4090 Deo
3531 4036 3718 4090 uxoris

2160 4125 2430 4195 pudicitia:
2473 4134 2666 4196 praeter
2708 4124 2944 4197 Moysem
2979 4135 3386 4197 prosequuntur
3423 4125 3714 4198 Josephus,

2160 4219 2364 4290 Antiq.,
2389 4217 2485 4272 lib.
2518 4233 2557 4282 ι,
2587 4233 2708 4287 (ap.
2743 4217 2775 4272 8
2799 4235 2814 4283 ;
2853 4215 3028 4284 Philo,
3057 4218 3151 4274 lib.
3177 4217 3250 4273 De
3277 4217 3568 4282 Abraham,
3597 4234 3720 4289 qua

2158 4325 2264 4366 non
2299 4308 2522 4364 minima
2551 4308 2642 4363 lux
2677 4309 2802 4364 huic
2834 4309 2971 4364 loco.

2227 4399 2360 4455 Ibid.
2388 4437 2404 4464 ,
2440 4399 2538 4453 lin.
2568 4400 2654 4455 i6.
2709 4401 2814 4454 Kal
2844 4401 2987 4468 τοὺς
3021 4402 3396 4470 Αἰγυπτίους.
3421 4399 3715 4472 Iosephus,

495 4480 697 4538 struxit
722 4494 893 4541 aram,
925 4487 979 4535 et
1012 4479 1220 4536 hostias
1255 4483 1534 4536 mactavit.
1581 4481 1726 4538 Idem
1769 4465 1983 4539 asserit.
2000 4494 2054 4540 et

2158 4492 2332 4561 Antia.
2363 4491 2458 4546 lib.
2487 4506 2526 4554 t,
2585 4506 2703 4561 cap.
2732 4490 2798 4546 9:
2833 4465 3421 4562 Tth—yap‘Airamimv
3441 4465 3720 4564 διαςρόροις

494 4572 689 4640 probat
725 4571 1091 4648 Augustinus,
1127 4570 1203 4628 De
1242 4573 1449 4650 civitate
1493 4571 1588 4628 Dei
1636 4574 1729 4632 lib.
1773 4591 1882 4638 xw,
1929 4592 2052 4648 cap.

496 4661 583 4718 13.

563 4754 725 4820 ibid.,
759 4757 854 4811 lin.
891 4757 976 4811 i3.
1009 4757 1116 4812 Καὶ
1138 4756 1406 4822 ἀναστὰς
1427 4755 1670 4810 ἐκεῖθεν.
1698 4757 1771 4811 Ex
1803 4755 2051 4813 Chalda’a

491 4861 709 4918 nempe,
735 4856 790 4904 et
817 4847 1222 4920 Mesopotamia,
1250 4850 1584 4920 Augustinus
1613 4859 1814 4914 tamen,
1851 4851 1944 4904 lib.
1965 4867 2052 4906 ινι

491 4938 570 4994 Ite
599 4940 826 5005 ciuitate,
862 4955 981 5016 cap.
1021 4941 1118 5006 15,
1147 4940 1376 4996 afﬁrmat
1415 4941 1686 4995 Abraham
1737 4941 2050 4996 mandatum

493 5031 588 5086 Dei
641 5033 918 5102 accepisse
963 5048 1087 5088 cum
1116 5033 1228 5101 jam
1263 5032 1611 5088 discessisset
1633 5047 1664 5086 e
1694 5032 1966 5097 Chaldaaa,
1998 5040 2054 5087 et

491 5121 548 5176 in
596 5121 980 5192 Mesopotamia
1026 5130 1472 5178 commoraretur.
1519 5122 1876 5189 Ambrosius,
1907 5122 2051 5177 lib.|

493 5211 570 5269 De
596 5213 903 5291 Abraham,
937 5230 1057 5284 cap.
1087 5214 1123 5268 2
1147 5231 1162 5280 ;
1188 5212 1390 5268 Paulus
1424 5212 1715 5282 Burgensis
1739 5251 1755 5276 ,
1811 5213 1865 5265 in
1921 5210 2048 5291 Gen.

490 5318 614 5376 cap.
662 5322 771 5377 an,
807 5287 1048 5362 sentiunt
1103 5306 1204 5360 hoc
1247 5312 1570 5376 praeceptum
1618 5303 1693 5357 illi
1746 5287 2050 5372 impositum

492 5395 664 5454 fuisse
697 5398 755 5454 in
799 5400 1018 5458 civitate
1052 5397 1274 5459 Haram.
1315 5397 1429 5468 Ego
1461 5403 1642 5452 tamen
1694 5396 2050 5452 existimarim

495 5489 762 5560 Abraham
799 5490 902 5546 hoc
941 5500 1268 5562 praeceptum
1303 5489 1617 5560 accepisse,
1657 5503 1781 5543 cum
1815 5494 1961 5545 esset
1994 5488 2051 5546 in

492 5579 897 5650 Mesopotamia.
937 5598 1038 5641 nec
1064 5583 1210 5639 enim
1245 5581 1461 5636 videtur
1489 5597 1518 5634 a
1541 5581 1756 5636 ratione
1785 5581 2049 5643 alienum,

488 5667 762 5726 Abraham
813 5688 1026 5748 summo
1080 5681 1276 5728 conatu
1328 5670 1495 5726 Deum
1553 5671 1901 5741 diligentem,
1945 5672 2049 5728 sibi

495 5761 628 5818 illud
657 5762 914 5823 habuisse
949 5766 1111 5839 fisum
1138 5766 1193 5821 in
1222 5765 1438 5842 animo,
1482 5773 1538 5840 ut
1565 5765 1806 5834 aliquos,
1835 5765 1878 5819 si
1913 5780 2048 5836 quos

2155 4581 2533 4653 ἀρεσκομένων
2565 4581 2709 4636 ἔθεσι
2730 4623 2745 4647 ,
2773 4581 2866 4636 καὶ
2903 4580 2970 4635 τά
3007 4583 3136 4652 παρ’
3170 4582 3418 4653 ἀλλήλοις
3454 4583 3718 4652 ἐκφαυλι-

2156 4672 2352 4735 ζόντων
2377 4671 2600 4743 νόμιμα,
2621 4671 2715 4725 καὶ
2737 4671 2824 4725 διὰ
2856 4671 3012 4725 τοῦτο
3030 4669 3306 4742 δυσμενῶς
3332 4669 3561 4741 ἐχόντων
3578 4671 3718 4742 πρὸς

2153 4760 2410 4833 ἀλλήλους
2428 4801 2442 4827 ,
2485 4759 2775 4833 συμϐαλὼν
2803 4762 2978 4817 αὐτῶν
3010 4763 3291 4826 ἑκάστοις,
3321 4764 3412 4816 καὶ
3437 4762 3716 4817 διαπτύων

2151 4855 2276 4914 τοὺς
2301 4853 2524 4922 λόγους,
2568 4851 2663 4917 οὓς
2713 4851 2990 4906 ἐποιοῦντο
3033 4853 3162 4923 περὶ
3192 4852 3297 4906 τῶν
3342 4853 3486 4906 ίδίων
3524 4856 3719 4919 κενοὺς

2153 4948 2248 4999 καὶ
2281 4946 2444 5017 μηδὲν
2482 4945 2679 5018 ἀληθὲς
2717 4946 2936 5016 ἔχοντας
2974 4947 3262 5016 ἀπέφαινε.
3288 4944 3424 5002 Vide
3448 4945 3715 5004 Joannem

2152 5036 2619 5109 Chrysostomum,
2652 5038 2800 5092 hom.
2828 5039 2897 5092 ’50
2919 5039 2974 5092 in
3003 5035 3190 5092 Cenes.

2221 5129 2381 5193 lbid.,
2407 5129 2502 5184 lin.
2541 5129 2630 5183 19.
2662 5129 2770 5183 Καὶ
2798 5129 3181 5198 θαυμασθείς.
3208 5125 3495 5197 Iosephus,
3526 5128 3712 5196 Antig.

2149 5225 2244 5279 lib.
2263 5241 2303 5286 ι,
2331 5239 2452 5293 cap.
2475 5224 2508 5278 9
2528 5240 2542 5277 :
2561 5221 2906 5291 Θαυμασθείς
2923 5217 3014 5275 οῦν
3038 5221 3130 5273 ὑπ’
3153 5220 3332 5274 αὐτῶν
3361 5221 3417 5272 ὲν
3444 5223 3565 5283 ταῖς
3589 5235 3720 5272 συν-

2149 5313 2354 5376 ουσίαις
2385 5312 2460 5376 ὡς
2495 5309 2888 5374 συνετώτατος,
2944 5311 3038 5364 καὶ
3073 5311 3243 5374 δεινὸς
3269 5309 3405 5382 ἀνὴρ
3432 5311 3494 5363 οὐ
3520 5311 3718 5381 νοῆσαι

2154 5403 2332 5474 μόνον,
2367 5401 2502 5456 ἀλλὰ
2535 5401 2630 5455 καὶ
2656 5403 2841 5456 πεῖσαι
2869 5401 3039 5470 λέγων
3069 5403 3196 5473 περὶ
3223 5396 3298 5456 ὧν
3331 5401 3398 5456 ἂν
3427 5403 3716 5472 ἐπιχειρή-

2153 5511 2263 5549 σειε
2292 5493 2595 5557 διδάσκειν,
2626 5492 2724 5564 τήν
2764 5511 2822 5547 τε
2857 5493 3225 5565 ἀριθμητικὴν
3273 5494 3458 5558 αὐτοῖς
3491 5494 3715 5565 χαρίζε-

2148 5600 2261 5646 ται,
2284 5584 2379 5637 καὶ⁵
2406 5583 2534 5656 περὶ
2567 5583 2916 5655 ἀστρολογίαν
2946 5584 3291 5656 παραδίδωσι.
3327 5585 3441 5657 Πρὸ
3465 5585 3577 5657 γὰρ
3609 5586 3712 5658 τῆς

2149 5671 2459 5745 Ἀϐραάμου
2503 5673 2802 5745 παρουσίας
2835 5674 3120 5744 Αἰγύπτιοι
3147 5675 3352 5731 τούτων
3392 5671 3536 5747 εἶχον
3563 5677 3708 5748 ἁμα-

2151 5764 2276 5843 βῶςο
2306 5766 2368 5821 ὲκ
2397 5764 2673 5834 Χαλδαίων
2688 5764 2795 5836 γάρ
2809 5763 2977 5842 ταῦτα
3000 5767 3282 5839 ἐφοίτησεν
3308 5769 3388 5844 εἰς
3412 5770 3688 5838 Αἴγυπτον
