4072 6338
313 354 447 410 1017

1393 357 1461 414 ΙΝ
1499 358 1867 416 EUSTATBII
1911 362 2385 423 HEIAEMERON
2416 365 2643 425 ΝΟΤΕ.

3406 375 3539 431 1018

310 469 431 524 ὅθεν
469 466 600 543 ἦλθε
631 474 723 526 καὶ
762 476 841 538 εἰς
881 476 1006 539 τοὺς
1041 476 1325 549 Ἕλληνας.
1365 476 1693 549 Eupolemus
1731 495 1849 553 aput

1973 484 2114 554 perii
2169 484 2381 549 habuit,
2432 486 2725 545 tradidisse
2765 489 3051 555 ministris.
3094 498 3153 545 ut
3196 508 3292 564 per
3318 500 3535 567 tempus

312 560 735 632 Polyhistorem:
765 563 1080 636 Συζήσαντα
1099 566 1153 619 δὲ
1177 566 1267 620 τὸν
1296 566 1546 641 Ἀϐραὰμ
1577 570 1635 625 ἐν
1676 570 1849 624 Ἠλιου

1978 585 2299 633 consuetum
2328 579 2619 650 pigmentis
2648 580 3028 649 illustraretur,
3080 560 3538 660 inunguetur-que

309 651 456 705 πόλει
510 655 625 718 τοῖς
666 654 975 722 Αἰγυπτίων
1020 657 1260 729 ἱερεῦσι,
1307 659 1478 716 πολλὰ
1536 660 1877 733 μεταδιδάξαι

309 742 523 807 αὐτοὺς,
547 745 637 799 καὶ
660 745 760 817 τὴν
783 746 1133 818 ἀστρολογίαν
1166 750 1261 803 καὶ
1283 750 1353 804 τὰ
1379 750 1539 805 λοιπὰ
1568 751 1751 806 τοῦτον
1780 754 1877 807 αὐ·-

308 836 417 897 τοῖς
445 834 836 907 εἰσηγήσασθαι
854 877 869 902 ,
901 838 1139 911 φάμενον
1178 842 1550 907 Βαϐυλωνίους
1577 844 1751 900 ταῦτα
1780 848 1874 900 καὶ

306 926 468 980 αὑτὸν
506 929 833 1000 εὑρηκέναι·
868 930 965 1003 τὴν
1017 933 1073 986 δὲ
1114 933 1328 1006 εὕρεσιν
1378 936 1557 990 αὐτῶν
1594 940 1675 1001 είς
1705 938 1873 1011 Ἑνὼχ

304 1021 685 1091 ἀναπέμπειν,
742 1024 835 1081 καὶ
881 1024 1070 1078 τοῦτον
1138 1029 1432 1101 εὑρηκέναι
1494 1030 1705 1103 πρῶτον
1775 1033 1873 1104 τὴν

304 1113 675 1184 ἀστρολογίαν,
730 1116 827 1169 οὐκ
881 1119 1225 1186 Αἰγυπτίους.
1276 1122 1626 1192 Artapanus:
1663 1124 1765 1177 Τὸν
1814 1125 1871 1177 δὲ

308 1204 716 1277 ’Λϐραμον,τὴν
736 1208 1124 1281 ἀστρολογικὴν
1154 1212 1462 1284 ἐπιστήμην
1496 1213 1867 1280 παιδευθέντα,

303 1294 520 1365 πρῶτον
554 1297 650 1366 μὲν
681 1297 851 1351 ἐλθεῖν
902 1301 981 1364 είς
1022 1302 1272 1375 Φοινίκην
1298 1343 1313 1367 ,
1347 1305 1440 1358 καὶ
1468 1306 1592 1369 τοὺς
1620 1307 1870 1371 Φοίνικας

303 1386 653 1457 ἀστρολογίαν
690 1389 927 1455 διδάξαι·
965 1391 1189 1465 ὕστερον
1217 1395 1261 1448 δ’
1290 1399 1370 1460 εις
1396 1397 1666 1466 Αἴγυπτον
1692 1416 1869 1470 παρα-

302 1478 572 1545 γενέσθαι.
611 1478 812 1535 Horum
868 1488 1053 1539 tamen
1088 1488 1359 1543 sententia
1394 1488 1615 1545 Pererio
1646 1508 1753 1547 non
1778 1507 1868 1545 ar-

301 1569 471 1635 ridet,
498 1586 724 1643 eamque
773 1575 848 1628 ait
880 1573 1117 1631 divinam
1159 1577 1493 1650 Scripturant
1537 1598 1855 1654 coarguere.

298 1662 481 1719 Primo
504 1706 519 1729 ,
550 1666 677 1737 quia
708 1667 979 1724 Abraham
1026 1670 1350 1729 brevissimo
1394 1682 1635 1744 tempore
1664 1675 1766 1729 fuit
1807 1677 1864 1732 in

296 1753 562 1827 Egypto,
598 1758 667 1811 ita
697 1764 756 1813 ut
788 1760 842 1813 in
877 1767 1028 1814 tanta
1057 1759 1323 1818 brevitate
1348 1765 1605 1834 temporis
1626 1765 1731 1820 illa:
1750 1766 1863 1823 dis-

1976 666 2133 735 oieis,
2184 684 2307 740 quae
2337 670 2488 734 item,
2526 681 2582 727 et
2608 689 2838 741 moram,
2865 684 2919 731 et
2968 682 3183 746 tempus
3229 679 3534 750 requirunt.

1973 757 2126 815 Adde
2154 762 2317 816 etiam
2345 762 2476 819 illud
2500 763 2668 835 quod,
2708 774 2993 837 postquam
3032 771 3277 825 restituta
3308 771 3406 827 fuit
3434 770 3536 829 Sa-

1973 868 2056 917 ra,
2096 853 2367 910 Abraham
2403 871 2509 913 non
2548 859 2729 913 statim
2773 859 3008 915 excessit
3058 876 3124 916 ex
3178 862 3432 935 Egypto,
3475 869 3535 919 ut

1971 946 2268 1004 verisimile
2318 956 2424 1013 est,
2479 951 2726 1019 quamvis
2780 951 2927 1008 viros
2979 953 3221 1018 haberet,
3272 957 3344 1010 ita
3398 956 3535 1012 Pha-

1972 1052 2141 1092 raone
2197 1041 2565 1110 praecipiente,
2629 1042 2724 1113 qui
2779 1058 2903 1099 eum
2952 1044 3266 1103 educerent.
3320 1048 3531 1105 Pharao

1970 1143 2207 1198 namque
2235 1131 2564 1200 experientia
2594 1130 3160 1212 doctus,ilageiiisque
3188 1138 3527 1207 prudentior,

1968 1232 2147 1290 neque
2180 1221 2445 1287 animose,
2469 1238 2571 1278 nec
2591 1224 2763 1294 rigide
2785 1224 3061 1280 Abraham
3091 1230 3406 1297 expulisset,
3432 1231 3525 1285 sed

1966 1311 2214 1380 exposita
2244 1312 2543 1379 voluntate,
2568 1321 2623 1369 et
2660 1329 2763 1385 ope
2791 1314 2921 1380 lata,
2946 1332 3058 1371 sua:
3091 1318 3241 1372 illum
3275 1322 3526 1389 potestati

1966 1400 2194 1465 dimisit,
2230 1404 2323 1473 qui
2352 1405 2517 1461 rebus
2555 1407 2671 1461 suis
2710 1407 3013 1478 dispositis,
3068 1412 3309 1466 recessit.
3350 1411 3527 1479 Quan-

1966 1498 2078 1547 tum
2110 1506 2289 1551 autem
2330 1496 2385 1552 id
2417 1506 2633 1569 tempus
2666 1498 2830 1555 fuerit
2867 1516 2975 1556 non
3022 1502 3196 1557 ausim
3236 1503 3521 1570 affirmare,

1962 1586 2123 1654 quale
2149 1588 2307 1657 quale
2352 1596 2469 1643 erat
2508 1588 2575 1643 ad
2607 1591 3018 1648 mathematicas
3055 1592 3371 1665 disciplinas
3422 1603 3529 1651 tra-

1963 1674 2168 1733 dendas
2194 1679 2315 1749 plus
2347 1680 2515 1736 nimio
2559 1688 2675 1737 erat
2707 1682 2869 1748 satis;
2915 1700 3092 1754 neque
3122 1686 3266 1741 enim
3304 1689 3526 1745 omnino

1962 1769 2226 1839 imperitis
2281 1779 2336 1825 et
2393 1772 2579 1828 insciis
2626 1773 2884 1830 scientias
2936 1776 3060 1832 illas
3096 1779 3390 1848 exposuit:
3428 1783 3523 1838 sed

295 1846 510 1917 ciplina:
552 1863 652 1903 nec
707 1849 1011 1918 potuissent
1036 1852 1329 1922 explicari,
1364 1868 1465 1909 nec
1498 1854 1727 1911 addisci.
1760 1857 1857 1912 Se-
1890 1838 1933 1894 Β
1956 1838 2068 1929 jam
2101 1861 2224 1917 aliis
2265 1861 2593 1933 disciplinis,
2628 1863 2704 1918 uti
2765 1864 2881 1919 fieri
2924 1838 3439 1936 poterat,-imbutis,
3470 1880 3525 1929 et

294 1937 509 2002 cundo,
554 1939 681 2009 quia
729 1941 913 1995 statim
957 1942 1210 1999 restituta
1254 1959 1425 1999 uxore
1471 1944 1663 2015 jussus
1692 1948 1854 2006 fuerit

293 2030 445 2085 abire
461 2046 525 2085 ex
542 2030 796 2102 Egypto;
819 2042 871 2088 et
896 2049 962 2090 ne
976 2035 1106 2105 quid
1126 2035 1432 2093 detrimenti
1458 2046 1751 2110 pateretur,
1770 2057 1857 2098 co-

292 2124 454 2179 mites
473 2123 522 2178 ei
548 2123 661 2178 dati
684 2127 813 2180 sint.
842 2125 1026 2182 Tertio
1048 2144 1114 2183 ex
1142 2127 1200 2187 S.
1227 2129 1549 2201 Augustino,
1572 2131 1644 2185 De
1666 2135 1853 2188 civita-

291 2222 341 2269 ιι
365 2212 481 2281 Dei,
514 2214 608 2269 lib.
636 2231 792 2281 xvut,
823 2232 944 2288 cap.
972 2217 1061 2283 40,
1096 2219 1188 2287 qui
1216 2218 1512 2276 Varronem
1544 2223 1727 2278 laudat
1753 2238 1851 2280 au-

287 2314 521 2372 ctorem,
555 2323 587 2363 a
615 2323 723 2379 quo
744 2308 1021 2379 proditum
1053 2310 1123 2365 sit
1144 2309 1428 2382 Egyptios
1453 2314 1684 2383 primum
1716 2315 1853 2372 Iside

289 2398 551 2468 magistra
583 2399 792 2455 litteras
844 2400 1104 2457 didicisse
1146 2403 1308 2472 paulo
1354 2404 1475 2473 plus
1505 2404 1732 2459 duorum
1763 2422 1853 2461 an-

290 2505 486 2545 norum
521 2491 761 2548 millibus
803 2502 928 2548 ante
967 2509 1121 2549 suam
1168 2504 1400 2552 aetatem.
1446 2494 1547 2552 isis
1587 2512 1715 2553 vero
1742 2497 1852 2555 lilia

288 2581 389 2637 fuit
407 2582 587 2637 Inachi
613 2585 753 2655 regis
771 2583 1113 2655 Argivorum,
1138 2586 1296 2656 cujus
1316 2601 1539 2658 regnum
1562 2598 1684 2660 post
1705 2606 1851 2646 mor-

287 2683 396 2731 tem
433 2675 663 2732 Abrahae
712 2676 930 2732 inchoat
955 2676 1240 2734 Eusebius.
1287 2677 1588 2747 Postremo,
1621 2680 1844 2737 Jambii-

283 2768 446 2833 chus,
471 2767 549 2823 De
578 2779 789 2840 myster.
823 2767 1065 2841 Egypt"
1094 2771 1326 2841 primum
1364 2774 1645 2844 sapientia:
1677 2784 1730 2829 et
1756 2775 1848 2830 do-

284 2861 587 2916 ctrinarum
608 2863 750 2933 apud
767 2864 1053 2936 Egyptios
1078 2876 1353 2923 auctorem
1375 2868 1504 2923 facit
1526 2868 1849 2925 Mercurium

284 2951 720 3023 'l‘rismegistum.
767 2953 920 3011 iiunc
950 2965 1135 3011 autem
1163 2972 1271 3012 non
1302 2957 1476 3013 solum
1516 2959 1845 3027 Abraliamo,

284 3041 384 3098 sed
410 3044 569 3098 etiam
603 3045 782 3117 Moyse
810 3048 1168 3102 recentiorem
1201 3047 1372 3105 fuisse
1400 3050 1663 3105 aliirmant
1687 3051 1852 3108 Euse-

281 3133 411 3190 bius
440 3143 493 3191 et
520 3137 872 3207 Augustinus.
915 3136 1031 3194 Non
1059 3140 1310 3194 videntur
1337 3151 1512 3196 tamen
1569 3144 1701 3198 tanti
1735 3144 1845 3199 haec

282 3236 622 3298 argumenta,
653 3230 697 3284 si
723 3237 869 3284 recte
894 3232 1328 3296 considerentur,
1354 3243 1411 3288 ut
1438 3235 1551 3303 jam
1579 3237 1845 3293 dictorum

280 3319 571 3383 sententia,
599 3329 652 3375 et
685 3322 859 3376 nostri
910 3321 1179 3380 Eustathii
1233 3326 1383 3396 rejici
1416 3326 1607 3383 debeat
1635 3348 1646 3383 :
1675 3330 1848 3399 primo

279 3410 410 3481 quia
460 3412 617 3467 nobis
682 3428 788 3468 non
821 3414 989 3484 liquet
1037 3426 1241 3486 quanto
1271 3425 1513 3488 tempore
1575 3420 1845 3476 Abraham

280 3502 429 3571 apud
466 3502 750 3575 Egyptios
799 3516 1041 3563 moratus
1095 3509 1275 3573 fuerit,
1330 3511 1474 3581 quod
1526 3529 1633 3567 non
1678 3513 1847 3571 fuisse

277 3590 664 3649 brevissimum
698 3596 781 3649 vel
821 3612 883 3651 ex
919 3613 982 3651 eo
1015 3606 1181 3666 patet,
1209 3600 1353 3669 quod
1384 3599 1515 3654 dicit
1546 3599 1843 3671 Scriptura,

279 3682 570 3740 Dominum
609 3686 910 3755 flagellasse
940 3688 1277 3745 Pharaonem
1308 3691 1480 3762 plagis
1517 3692 1767 3747 maximis
1791 3701 1844 3747 et

277 3775 499 3832 domum
528 3778 665 3846 ejus.
686 3777 870 3847 Neque
896 3779 1041 3833 enim
1065 3781 1395 3836 credentium
1429 3793 1511 3837 est
1536 3783 1705 3853 prima
1730 3784 1844 3840 vice

278 3868 450 3925 Deum
473 3868 682 3939 ﬂagella
714 3871 947 3925 maxima
977 3871 1212 3940 inferre;
1239 3872 1332 3928 sed
1357 3874 1587 3943 primum
1619 3874 1840 3940 leviora,

276 3962 477 4019 deinde
548 3963 752 4018 malitia
804 3965 1136 4035 perfidiaque
1188 3974 1487 4030 crescente,
1549 3969 1840 4036 atrociora,

274 4055 424 4126 quod
477 4054 800 4111 brevissimo
850 4064 1090 4127 tempore
1124 4058 1318 4113 confici
1346 4059 1679 4115 credendum
1730 4076 1841 4118 non

275 4156 379 4203 est.
404 4143 775 4218 Requiruntur
810 4148 954 4203 enim
985 4156 1039 4203 et
1078 4148 1477 4207 admonitiones
1528 4153 1759 4222 prmia,
1788 4163 1843 4210 et

276 4237 472 4308 signa;
516 4252 617 4292 nec
642 4252 750 4292 non
772 4254 837 4292 ex
868 4246 1023 4308 parte
1067 4238 1241 4308 ipsius
1278 4242 1580 4309 peccatoris
1622 4242 1676 4297 in
1699 4244 1840 4299 malo

275 4330 709 4401 perseverantia,
744 4339 798 4384 et
830 4330 1046 4386 animus
1068 4331 1373 4387 obstinatus
1403 4336 1467 4387 ad
1505 4334 1628 4397 hoc,
1662 4344 1721 4389 ut
1747 4335 1841 4390 ila-

271 4420 413 4491 gelia
439 4422 674 4477 maxima
705 4421 1099 4493 impingantur,
1121 4422 1281 4477 sicuti
1315 4432 1368 4477 et
1399 4424 1453 4477 in
1484 4440 1541 4480 re
1562 4425 1837 4491 dissimili,

1958 1953 2187 2009 confusa
2217 1953 2448 2025 quadam
2487 1972 2667 2011 rermn
2694 1956 2910 2010 illarum
2935 1959 3130 2013 notitia
3158 1960 3271 2016 sive
3289 1977 3407 2017 eam
3431 1979 3524 2020 na-

1957 2051 2102 2109 tura,
2160 2047 2274 2102 sive
2306 2056 2422 2103 arte
2452 2049 2735 2112 haberent,
2776 2052 3137 2121 turgentibus,
3193 2054 3389 2124 quibus
3422 2071 3523 2112 nec

1957 2134 2181 2190 minima
2227 2136 2281 2191 in
2314 2138 2735 2204 mathematicis,
2778 2142 2872 2197 sed
2904 2144 3197 2214 precipua,
3230 2146 3315 2199 vel
3344 2146 3519 2201 solum

1958 2224 2187 2282 innuere
2238 2227 2557 2296 sufficiebat,
2630 2240 2687 2285 ut
2752 2248 2942 2288 eorum
2993 2245 3293 2307 praeceptor
3338 2250 3521 2308 posset

1956 2315 2273 2379 existimari,
2294 2317 2495 2386 quibus
2521 2318 2887 2375 fundamentis
2917 2320 3079 2390 jactis
3104 2323 3323 2393 proprio
3349 2333 3521 2381 marte

1956 2406 2404 2476 perfectissimam
2443 2425 2631 2465 eorum
2670 2412 2954 2467 scientiam
3009 2413 3367 2485 notitiamque
3414 2414 3519 2472 sibi

1954 2514 2147 2570 parare
2170 2501 2429 2555 valerent.
2457 2500 2597 2568 Quid
2633 2505 2847 2560 tandem
2876 2505 3114 2561 traderet
3146 2506 3294 2562 aliud
3323 2505 3519 2571 Varro,

1954 2589 2041 2644 cui
2070 2588 2419 2645 Hebraeorum
2452 2592 2695 2649 historia:
2722 2596 2947 2650 minime
2968 2606 3128 2665 notae,
3146 2598 3351 2669 quique
3378 2598 3520 2653 sicut

1952 2686 2009 2735 et
2043 2679 2137 2732 alii
2187 2680 2414 2745 ethnici,
2469 2682 2539 2736 ab
2569 2682 2676 2737 illis
2720 2699 2808 2738 res
2840 2695 3095 2755 acceptas
3129 2687 3425 2756 pervertit?
3455 2685 3521 2742 Et

1951 2767 2290 2826 Jamblichus
2308 2772 2545 2840 primum
2565 2770 2943 2846 Egyptiorum
2963 2778 3262 2849 sapientem
3275 2780 3519 2835 nominat

1954 2860 2393 2934 Trismegistum,
2438 2872 2700 2935 tanquam
2742 2883 2888 2933 eum,
2943 2878 3001 2923 ut
3027 2871 3241 2940 Opinor,
3269 2872 3362 2941 qui
3406 2885 3516 2929 non

1953 2955 2128 3011 solum
2152 2971 2303 3022 voce,
2326 2955 2421 3011 sed
2450 2958 2670 3026 scriptis
2689 2958 2851 3013 etiam
2885 2961 3087 3030 aliquid
3120 2962 3378 3031 prodidit.
3404 2962 3515 3019 Nec

1952 3046 2084 3101 mihi
2122 3047 2375 3102 videntur
2410 3046 2580 3103 Varro
2609 3056 2662 3104 et
2708 3047 3043 3108 Jambiichus
3085 3053 3139 3107 in
3174 3053 3401 3108 historia
3428 3053 3514 3110 di-

1952 3141 2076 3194 vina
2102 3138 2504 3212 Scripturaeque
2540 3143 2903 3213 explicatione
2922 3143 3225 3212 Eustathio,
3256 3145 3513 3232 Eusebio.

1947 3228 2203 3301 Josepho,
2234 3232 2463 3303 aliisque
2485 3234 2868 3303 anteponendi.

2016 3321 2133 3377 Col.
2168 3323 2288 3386 761,
2311 3323 2409 3377 lin.
2434 3323 2523 3379 23.
2538 3326 2841 3391 Μαθόντες
2861 3323 2946 3381 δέ.
2966 3325 3039 3379 ita
3058 3342 3271 3396 semper
3294 3327 3511 3397 ingenui

1946 3413 2149 3483 quique
2178 3412 2307 3469 fassi
2334 3422 2485 3479 sunt,
2516 3416 2677 3471 etiam
2711 3433 2778 3471 ex
2824 3418 2954 3487 ipsis
2993 3417 3211 3473 Graecis.
3252 3416 3309 3471 in
3337 3433 3515 3489 prom-

1948 3514 2042 3575 ptu
2070 3514 2197 3559 sunt
2226 3521 2348 3575 qua:
2377 3522 2539 3576 super
2562 3507 2663 3561 hoc
2686 3515 3007 3578 argumento
3037 3510 3396 3580 scripserunt,
3413 3507 3514 3564 Ta-

1946 3599 2149 3663 tianus,
2184 3598 2455 3666 Clemens,
2490 3600 2848 3672 Theophilus,
2879 3601 3148 3657 Eusebius
3179 3610 3231 3657 et
3253 3602 3363 3660 alii.
3393 3601 3514 3658 Dio-

1945 3689 2067 3758 geni
2125 3686 2361 3757 Laertio,
2406 3690 2501 3745 lib.
2537 3706 2576 3755 ι,
2626 3692 2771 3746 sicut
2814 3697 2868 3745 et
2922 3690 3044 3744 aliis
3075 3689 3375 3756 nonnullis,
3401 3703 3511 3745 non

1945 3778 2143 3849 placet.
2945 3791 2956 3804 '

2012 3871 2174 3937 lbid.,
2209 3871 2305 3926 lin.
2341 3872 2431 3928 24.
2468 3873 2597 3939 Υἱὸς
2622 3871 2894 3941 Ἰσμαήλ.
2949 3871 3026 3926 Ex
3058 3886 3168 3942 quo
3208 3868 3508 3937 lsmaeiitc,

1941 3965 2037 4034 qui
2071 3973 2124 4019 et
2154 3965 2382 4030 Arabes,
2414 3964 2545 4018 dicti
2589 3964 2823 4035 Agareni
2856 3964 2925 4018 ab
2962 3965 3106 4033 Agar
3156 3963 3385 4017 Abrahae
3411 3977 3511 4017 an-

1942 4056 2089 4118 cilla,
2132 4055 2275 4126 quod
2313 4071 2434 4111 cum
2468 4054 2689 4110 minime
2722 4052 3076 4110 honorificum
3104 4051 3392 4108 Mahumeti
3426 4052 3509 4107 vi-

1940 4148 2179 4213 deretur,
2239 4149 2512 4204 ordinavit
2544 4157 2604 4202 ut
2658 4146 2914 4203 Saraceni
2952 4146 3263 4202 dicerentur
3303 4159 3334 4197 a
3373 4142 3506 4198 Sara

1940 4240 2179 4311 legitima
2239 4239 2470 4295 Abrahae
2511 4254 2700 4303 uxore,
2741 4237 2950 4300 dicens,
3013 4236 3291 4291 lsmaelem
3320 4240 3507 4288 natum

1938 4349 2005 4389 ex
2032 4349 2116 4395 ea,
2153 4341 2205 4387 et
2238 4349 2346 4388 non
2372 4349 2437 4389 ex
2487 4332 2682 4387 ancilla
2707 4372 2722 4399 ,
2757 4330 2903 4401 quod
2931 4344 3125 4384 nomen
3166 4327 3271 4383 illis
3309 4324 3509 4381 mansit

1938 4425 2115 4493 quoad
2156 4423 2348 4479 Turcae
2396 4423 2449 4478 id
2484 4438 2591 4479 una
2623 4438 2746 4477 cum
2785 4425 3004 4478 natione
3035 4418 3405 4474 aboleverunt.
3428 4414 3505 4469 ita

272 4528 385 4568 non
416 4514 590 4569 aliena
623 4522 800 4569 tamen
826 4514 1058 4579 ratione,
1084 4523 1137 4570 et
1158 4528 1343 4585 scopo,
1365 4515 1597 4585 prodidit
1629 4516 1839 4589 Moyses
1869 4532 1912 4588 ι)
1942 4516 2243 4581 Vilhelmus
2270 4515 2622 4573 Godelevaaus
2670 4515 2723 4569 in
2759 4512 2899 4568 Aula
2928 4511 3173 4575 Turcica,
3202 4509 3297 4563 lib.
3335 4523 3419 4571 ιιι.
3451 4517 3507 4562 et

268 4604 344 4662 de
372 4602 659 4661 Pharaone
683 4604 961 4676 Egyptio,
988 4620 1109 4676 qua:
1139 4616 1197 4660 ut
1233 4608 1564 4661 exsecutioni
1589 4610 1841 4665 manden-

270 4703 384 4764 tur,
431 4704 487 4753 et
517 4696 737 4768 longum
772 4706 1007 4768 tempus,
1052 4706 1107 4754 et
1164 4697 1405 4755 diutinas
1449 4714 1630 4757 moras
1662 4703 1843 4772 requi-

267 4797 420 4843 runt.
449 4788 706 4855 Quinimo
749 4805 872 4845 cum
907 4790 1109 4845 nullam
1144 4790 1253 4845 vim
1281 4806 1403 4846 esse
1441 4790 1645 4846 illatam
1690 4792 1839 4850 Sane

266 4881 646 4945 concedimus,
683 4882 777 4936 sed
805 4881 1169 4948 matrimonio,
1195 4892 1257 4936 ut
1279 4884 1352 4936 ita
1383 4883 1583 4947 dicam,
1605 4899 1839 4955 occupa-

266 4978 401 5037 tam,
431 4984 656 5025 necesse
706 4979 790 5026 est
844 4971 1025 5038 fateri,
1071 4981 1285 5043 tempus
1336 4973 1687 5044 interlapsum
1727 4993 1836 5033 non

266 5075 515 5129 parvum,
546 5061 672 5115 dum
705 5062 824 5130 ejus
871 5070 1207 5133 spectatores
1260 5065 1373 5136 regi
1430 5068 1834 5133 renuntiarunt,

262 5152 396 5204 dum
441 5166 535 5207 rex
591 5155 909 5206 accersitam
950 5153 1018 5207 ad
1047 5168 1107 5210 se
1138 5154 1400 5222 intuetur,
1447 5163 1837 5228 comparatque

260 5257 391 5298 cum
429 5243 553 5299 aliis
590 5244 911 5300 mulieribus
951 5246 1158 5317 proprii
1206 5248 1381 5319 regni,
1423 5264 1522 5305 nec
1551 5265 1700 5305 more
1730 5250 1838 5305 bel-

261 5336 503 5399 luarum,
523 5337 722 5406 impetu
747 5336 1036 5408 furoreque
1068 5346 1249 5393 actum
1274 5344 1453 5395 statim
1484 5342 1829 5396 matrimonio

262 5424 368 5481 sibi
395 5425 664 5496 iunxisse,
706 5428 801 5484 sed
831 5428 1115 5486 lenociniis
1137 5470 1153 5494 ,
1185 5430 1464 5488 blanditiis
1497 5433 1725 5505 aliisque
1756 5436 1835 5492 illi

262 5517 497 5581 suadere
518 5526 780 5586 tentasse,
803 5535 834 5574 a
858 5536 964 5591 qua
985 5522 1149 5577 veluti
1174 5522 1554 5580 honestissima
1581 5528 1832 5591 muliere,

260 5616 453 5679 utpar
479 5618 634 5679 erat,
673 5618 724 5667 et
768 5610 967 5666 rationi
1005 5611 1313 5682 proximum
1361 5612 1598 5680 videtur,
1649 5623 1702 5670 et
1744 5630 1832 5671 re-

266 5686 481 5773 pulsam
510 5718 757 5774 passum,
798 5704 978 5760 denuo
1017 5704 1204 5760 eadem
1236 5704 1428 5771 ollicia,
1483 5707 1682 5777 saepius
1733 5723 1834 5764 nec

272 5804 378 5843 una
416 5790 534 5846 vice
563 5796 774 5861 tantum
814 5792 1064 5866 iterasse.
1107 5791 1208 5850 Ubi
1239 5793 1384 5851 illam
1416 5795 1715 5853 audientem
1744 5798 1835 5854 im-

1938 4608 2229 4664 Africanus
2254 4626 2266 4662 :
2291 4606 2639 4678 Σαρακηνοὺς
2661 4604 2717 4657 δὲ
2738 4605 2932 4667 αὐτοὺς
2977 4600 3363 4673 μετωνόμασαν
3402 4598 3506 4652 ἀπο

1937 4700 2209 4769 αξιοῦντες
2224 4698 2504 4752 καλεῖσθαι
2524 4698 2782 4762 δουλικῶς
2796 4694 3102 4767 ’Δγαρηνοί.
3124 4694 3188 4748 Ει
3209 4692 3501 4748 Eusebius:

1934 4789 2026 4862 Τῷ
2058 4787 2153 4854 πς¹
2175 4788 2287 4842 ἔτει
2316 4787 2409 4843 τοῦ
2448 4788 2696 4861 Ἀϐραὰμ
2728 4787 2910 4841 ἔτεκεν
2944 4784 3089 4855 αὐτῷ
3118 4785 3293 4854 Ἀγαρ
3325 4783 3360 4853 ἡ
3380 4797 3507 4836 ttat-

1936 4882 2095 4952 δίσκη
2116 4882 2207 4935 τὸν
2247 4880 2488 4953 Ἰσραὴλ,
2519 4881 2611 4951 ἀφ’
2630 4874 2690 4934 οὗ
2716 4880 2775 4933 τὸ
2801 4880 2910 4933 τῶν
2941 4877 3291 4949 Ἰσμαηλιτῶν
3319 4875 3501 4944 γένος*

1935 4975 1985 5028 oi
2017 4972 2072 5026 δὲ
2106 4973 2259 5027 αὐτοὶ
2285 4969 2393 5026 εἷεν
2430 4973 2720 5044 Ἀγαρηνοὶ
2757 4972 2806 5026 oi
2835 4972 2927 5024 καὶ
2970 4968 3274 5042 Σαρακηνοὶ
3311 4964 3505 5021 καλούς

1939 5081 2107 5136 μενοι.
2149 5064 2304 5131 Quod
2348 5064 2556 5120 dictum
2592 5065 2883 5131 ridiculum
2932 5070 3037 5124 est,
3102 5059 3385 5115 manifeste
3414 5072 3504 5115 re-

1935 5156 2305 5228 pugnantibus
2330 5155 2503 5211 sacris
2532 5154 2773 5210 Litteris.
2804 5152 2923 5214 Non
2956 5168 3040 5208 me
3072 5151 3206 5221 fugit
3260 5149 3397 5205 alios
3434 5146 3505 5202 ad

1936 5250 2073 5305 alios
2112 5254 2365 5320 parentes
2413 5262 2477 5302 ac
2515 5256 2700 5318 patres
2733 5244 3038 5309 Turcarnm
3070 5251 3279 5313 gentem
3323 5250 3503 5294 trans-

1936 5343 2169 5404 mittere,
2187 5356 2325 5411 quos
2355 5355 2485 5395 sane
2506 5357 2616 5395 non
2643 5336 2997 5409 improbabis,
3017 5335 3061 5395 si
3089 5332 3331 5416 gentium
3352 5345 3505 5386 ever-

1937 5434 2140 5494 siones,
2167 5433 2404 5485 locorum
2428 5431 2776 5495 mutationes,
2803 5429 3191 5503 nominumque
3218 5424 3498 5481 confusio-

1936 5540 2032 5580 nes
2083 5522 2416 5577 consideres.
2477 5519 2830 5593 Saepescepius
2901 5518 3117 5579 nobilis,
3178 5530 3279 5574 nec
3316 5522 3505 5571 conte—

1934 5614 2169 5671 mnenda
2202 5615 2351 5669 natio
2399 5630 2431 5670 a
2488 5613 2579 5669 viii
2635 5613 2810 5680 bello,
2880 5610 3157 5680 armisque
3211 5615 3502 5681 superata,

1932 5707 2220 5773 exhausta,
2254 5723 2363 5762 non
2389 5716 2601 5761 tantum
2633 5718 2788 5777 opes.
2822 5710 2877 5760 et
2922 5706 3057 5763 loca.
3086 5702 3179 5759 sed
3211 5709 3265 5759 et
3303 5714 3500 5756 nomen

1938 5798 2141 5866 amisit,
2185 5798 2516 5872 victorisque
2562 5812 2761 5861 nomen
2804 5811 3067 5870 suscepti,
3099 5811 3173 5859 ita
3203 5819 3254 5858 ιι,
3286 5791 3498 5850 {illiciis
