4072 6338
517 334 663 398 {MO

1880 330 2125 391 LEONIS
2163 330 2431 390 ALLATII

3609 331 3767 391 {€20

510 459 593 517 sit
621 470 810 514 eorum
830 464 1050 521 certam
1080 455 1345 529 originem
1397 424 1642 530 assequi,
1693 459 1846 515 nulla
1893 474 2082 515 eorum
2113 462 2156 521 Α
2185 459 2372 528 ipsius,
2407 466 2458 514 et
2498 458 2736 528 ﬁliarum
2760 456 2897 526 ejus,
2936 467 2985 508 et
3017 469 3230 507 manum
3270 468 3426 524 egeno
3449 463 3500 507 et
3534 459 3768 524 pauperi

519 548 780 606 memoria
811 548 1128 618 superstite.
1166 547 1308 604 Sunt
1339 549 1455 607 haec
1481 552 1632 608 vices
1663 558 1989 622 temporum,
2013 552 2091 605 lu-

518 643 732 711 dusque
759 648 992 698 naturae.
1039 638 1272 707 Quidam
1303 642 1690 700 existimarunt
1719 641 2021 699 Saracenos
2058 659 2089 698 a

520 729 724 786 Saraca
748 730 885 785 urbe
912 729 1149 795 Arabiae,
1176 747 1304 787 nam
1336 740 1392 788 et
1422 734 1478 789 in
1516 733 1709 800 Ponto,
1741 742 1797 790 et
1824 735 1881 790 in
1917 734 2089 791 Media

519 821 674 877 urbis
702 821 807 876 hoc
832 821 1052 877 nomine
1077 823 1218 878 tradi
1247 823 1518 894 reperitur
1557 825 1857 897 appellatos
1892 826 2087 894 fuisse;

519 913 606 968 vel
638 912 708 969 ah
735 913 872 969 urbe
906 912 1090 979 Sarra,
1114 921 1172 969 ut
1200 913 1523 988 Euthymius
1548 916 1887 989 Zygabenus.
1915 917 2089 986 Quam

521 1002 660 1060 bene
685 1004 900 1075 sapiant
924 1012 1201 1061 auctorem
1241 1007 1420 1077 gentis
1464 1022 1578 1064 suae
1629 1009 1827 1065 ducent
1858 1011 2092 1067 Ammia-

521 1107 650 1160 nus,
678 1093 775 1159 lib.
810 1111 885 1165 Iv,
918 1103 974 1151 et
1006 1095 1070 1151 D.
1094 1095 1459 1170 Hieronymus
1512 1098 1570 1154 in
1604 1098 1725 1154 Vita
1745 1102 1919 1156 sancti
1949 1101 2091 1156 Hal-

518 1191 625 1246 elui.
651 1188 769 1248 Etsi
822 1199 1003 1248 autem
1051 1199 1315 1263 putantur
1371 1191 1627 1250 Saraceni
1688 1198 1908 1270 proprie
1959 1198 2089 1254 dicti

519 1282 731 1340 Arabes
764 1284 800 1339 ii
840 1285 934 1356 qui
960 1287 1238 1342 veteribus
1287 1285 1522 1343 Scenita:
1558 1286 1731 1353 fuere,
1764 1298 1943 1345 tamen
1976 1292 2091 1346 uni-

522 1391 713 1432 versos
740 1376 947 1434 Arabas
978 1393 1102 1435 esse
1143 1377 1447 1436 Saracenos
1494 1381 1803 1438 nominatos
1853 1395 2087 1441 constat.

522 1465 593 1520 Et
628 1468 847 1524 tandem
883 1469 939 1525 in
960 1467 1168 1526 Turcas
1210 1472 1592 1543 degenerasse.
1629 1473 1704 1531 De
1732 1491 1962 1545 quorum
1989 1477 2094 1531 ori-

524 1557 650 1629 gine
697 1556 936 1616 Joannes
994 1558 1362 1618 Leunclavius
1423 1561 1680 1617 Historia:
1738 1563 2092 1621 Husulmantc

524 1650 621 1706 lib.
655 1667 716 1719 ιι,
755 1652 1036 1723 Philippus
1082 1652 1437 1722 Hanivaldus,
1487 1654 1802 1713 Joachimus
1833 1657 2081 1715 Camera-

523 1741 642 1797 rius
670 1753 724 1798 et
746 1742 858 1797 alii.

592 1830 710 1889 Col.
729 1833 854 1900 7st,
886 1833 982 1888 lin.
1005 1833 1095 1890 29.
1119 1836 1286 1902 ’Ἡτις
1308 1837 1581 1905 οὐρανίῳ.
1615 1837 1884 1896 Eusebius
1911 1841 2085 1911 prima
2117 1815 2158 1869 Β

524 1933 678 1998 parte
705 1925 989 1983 Chronici:
1014 1927 1133 2000 Πύρ
1156 1929 1297 1983 κατά
1326 1930 1428 1999 τῆς
1470 1932 1860 1997 Πενταπόλεως
1897 1932 2094 1998 ὑετίζει

522 2018 674 2082 Θεός.
699 2019 807 2074 Καὶ
835 2019 1113 2074 ἀναλίσκει
1141 2021 1239 2091 μὲν
1272 2021 1329 2087 ἐξ
1357 2021 1528 2092 αὐτῆς
1549 2019 1693 2077 ἅπαν
1722 2022 1783 2075 τὸ
1806 2023 1960 2092 γένος
1988 2023 2095 2078 τῶν

523 2110 848 2184 ἀνθρώπων,
886 2111 1186 2184 διαφθείρει
1229 2112 1287 2167 δὲ
1324 2112 1416 2167 καὶ
1441 2114 1574 2167 αὐτὸ
1599 2115 1658 2167 τὸ
1686 2115 1971 2187 ἀνάστημα
1998 2115 2095 2187 τῆς

523 2205 629 2275 γῆς
668 2204 760 2257 καὶ
807 2206 905 2274 τῆς
951 2205 1316 2277 προκειμένης
1364 2205 1641 2277 Θαλάσσης
1693 2208 1979 2279 νεκροῦται
2025 2210 2096 2264 τὰ

525 2289 714 2357 ὕδατα,
743 2291 1045 2363 Josepbus,
1083 2293 1262 2353 Antia.
1300 2295 1394 2350 lib.
1422 2311 1460 2359 ι,
1499 2312 1618 2367 cap.
1655 2298 1723 2353 l0
1753 2307 1807 2353 et
1838 2299 1925 2364 ιε,
1954 2299 2095 2356 Soli-

522 2394 652 2445 nus,
686 2395 807 2452 cap.
837 2383 905 2438 38
932 2403 945 2438 :
981 2382 1159 2455 Longo
1182 2385 1259 2467 ἀὑ
1288 2382 1666 2458 Hierosolymis
1701 2406 1901 2446 recessu
1927 2393 2093 2447 tristis

523 2472 673 2525 sinus
695 2474 979 2541 panditur;
1001 2491 1149 2545 quem
1175 2475 1238 2529 de
1272 2476 1399 2530 caelo
1419 2486 1635 2539 tactum,
1662 2488 1884 2533 testatur
1904 2484 2092 2538 humus

523 2560 698 2631 nigra,
715 2571 763 2615 et
780 2564 835 2616 in
856 2565 1080 2621 cinerem
1093 2565 1285 2621 soluta.
1313 2566 1557 2633 Tacitus,
1582 2568 1726 2624 Hist.
1746 2572 1837 2625 lih.
1857 2589 1908 2628 νε
1934 2574 2093 2628 Haud

521 2648 707 2720 procul
734 2652 854 2706 inde
886 2655 1078 2725 campi,
1100 2670 1230 2726 quos
1258 2656 1433 2726 {erunt
1472 2659 1599 2713 olim
1627 2661 1827 2725 uberes,
1862 2668 2093 2735 magnis-

521 2760 621 2815 que
639 2744 856 2800 urbibus
875 2746 1140 2801 habitatos
1164 2747 1442 2817 fulminum
1450 2750 1604 2820 jactu
1631 2754 1848 2809 arsisse.
1874 2754 2088 2825 Strabo,

521 2836 618 2892 lib.
658 2851 769 2904 xvn,
798 2838 1110 2895 incendium
1142 2839 1274 2896 illud
1330 2857 1439 2898 non
1480 2860 1510 2899 e
1554 2847 1715 2912 ctelo,
1756 2849 1852 2904 sed
1880 2866 1911 2906 c
1948 2860 2091 2908 terra

521 2937 849 2996 eructatum,
887 2937 1050 3001 atque
1099 2931 1407 2990 exhalatum
1441 2937 1738 3005 existimat,
1784 2956 1908 2995 cum
1941 2944 2091 3015 regio

520 3020 616 3076 illa
673 3019 830 3093 ignea
880 3023 972 3090 sit,
1002 3040 1238 3096 namque
1292 3027 1349 3081 in
1381 3043 1466 3094 ea,
1493 3038 1550 3085 et
1587 3038 1754 3103 petrae
1792 3045 2089 3093 cernuntur

521 3112 835 3213 adustae,
867 3123 1013 3213 terra
1057 3116 1417 3187 cinerulenta,
1453 3130 1508 3178 et
1555 3139 1685 3180 saxa
1716 3129 1874 3197 quasi
1909 3138 2088 3200 guttas
2117 3154 2159 3213 ο

520 3208 660 3280 picis
717 3209 1001 3276 stillantia,
1034 3225 1100 3267 ac
1149 3212 1366 3269 demum
1416 3210 1608 3287 ingens
1638 3217 1961 3278 ferventium
2029 3241 2094 3282 ac

522 3298 892 3357 sulfurearum
924 3316 1190 3373 aquarum
1229 3306 1408 3376 copia.
1435 3307 1615 3375 Quare
1645 3312 1903 3370 credibile
1939 3315 2030 3381 sit,
2063 3333 2094 3373 e

519 3396 668 3445 terra
695 3391 846 3447 illum
876 3393 1055 3464 ignem
1088 3409 1374 3453 emanasse
1400 3405 1564 3469 terra:
1593 3408 1741 3456 motu
1772 3412 1917 3459 terra
1945 3414 2097 3476 pate-

520 3482 689 3540 facta.
720 3483 827 3539 Τοῦ
853 3484 911 3539 δὲ
942 3485 1184 3560 ἔμπυρον
1217 3489 1314 3561 τὴν
1344 3490 1527 3563 χώραν
1557 3488 1696 3548 εἶναι
1734 3494 1802 3550 τά
1841 3496 1978 3552 ἀλλα
2008 3515 2096 3553 τε-

517 3576 731 3648 κμήρια
759 3576 982 3649 φέρουσι
1005 3579 1193 3634 πολλά·
1231 3582 1326 3634 καὶ
1356 3581 1465 3655 γὰρ
1496 3583 1701 3657 πέτρας
1728 3586 1881 3653 τινὰς
1913 3591 2096 3644 ὲπικε-
2154 3640 2155 3643 η

517 3669 798 3739 καυμένας
854 3670 1153 3725 δεικνύουσι
1206 3675 1465 3744 τραχείας
1509 3677 1636 3749 περὶ
1681 3681 1972 3746 Μοασάδα,
2002 3684 2097 3737 καὶ

521 3762 806 3832 σήραγγας
835 3755 1123 3834 πολλαχοῦ,
1165 3766 1259 3819 καὶ
1291 3770 1395 3838 γῆν
1431 3770 1706 3843 τεφρώδη,
1737 3774 2004 3842 σταγόνας
2036 3792 2095 3828 τε

519 3851 724 3922 πίσσης
755 3853 820 3907 ἐκ
857 3852 1119 3908 λισσάδων
1158 3855 1498 3927 λειϐομένας,
1537 3860 1632 3913 καὶ
1659 3861 1917 3929 δυσώδεις
1963 3865 2096 3937 πόρ-

522 3942 697 4016 ρωθεν
749 3946 1024 4018 ποταμοὺς
1069 3947 1311 4015 ζέοντας,
1346 3950 1628 4016 κατοικίας
1663 3953 1721 4007 δὲ
1751 3955 2095 4030 ἀνατετραμ-

521 4035 691 4107 μένας
724 4036 1020 4110 σποράδην,
1051 4037 1191 4092 ὥστε
1234 4042 1510 4096 πιστεύειν
1539 4047 1651 4108 τοῖς
1683 4045 2096 4119 θρυλλουμένοις

519 4126 628 4182 ὑπὸ
667 4127 774 4180 τῶν
805 4128 1107 4200 ἐγχωρίων,
1144 4129 1219 4194 ὡς
1247 4133 1353 4204 ἄρα
1387 4133 1627 4205 ᾠκοῦντό
1655 4152 1785 4190 ποτε
1843 4140 2094 4210 τρισκαί-

516 4218 652 4273 δεκα
688 4217 870 4282 πόλεις
906 4219 1157 4285 ἐνταῦθα,
1184 4215 1256 4275 ὧν
1293 4223 1391 4293 τῆς
1434 4225 1818 4296 μητροπόλεως
1850 4228 2095 4300 Σοδόμων

521 4308 748 4374 σώζοιτο
772 4311 969 4376 κύκλος
993 4312 1257 4385 ἑξήκοντά
1287 4332 1390 4368 που
1426 4316 1675 4382 σταδίων,
1710 4320 1815 4373 ὑπὸ
1856 4322 2094 4393 σεισμῶν

519 4401 614 4455 καὶ
631 4401 1069 4473 ἀναφυημάτων
1093 4404 1260 4476 πυρὸς
1308 4405 1399 4458 καὶ
1423 4405 1641 4478 θερμῶν
1666 4408 1872 4462 ύδάτων
1892 4410 2096 4479 ἀσφαλ-

2189 566 2290 604 nan
2316 548 2742 621 porrigebant:et
2760 548 2975 602 elevata?
2990 555 3133 607 sunt,
3157 545 3449 615 etfecerunt
3472 545 3769 599 abomina-

2189 642 2354 697 tioues
2397 637 2576 696 coram
2612 657 2714 708 me,
2744 649 2795 695 et
2841 637 3039 693 abstuli
3082 654 3172 693 eas
3211 638 3346 691 sicut
3383 636 3582 692 vidisti.
3616 634 3771 691 Vide

2188 749 2350 805 super
2390 733 2535 789 hunc
2564 733 2745 788 locum
2773 730 3079 785 Comment.
3108 727 3444 799 Hieronymi.
3476 726 3772 782 Gravissi-

2188 843 2335 883 mum
2386 836 2566 883 autem
2602 832 2886 897 peccatum
2945 822 3070 888 fuit,
3102 822 3247 894 quod
3278 822 3348 878 ab
3379 821 3517 892 ipsis
3550 835 3769 874 nomen

2189 920 2374 986 traxit,
2421 927 2477 975 et
2529 933 2653 975 cum
2719 934 2786 975 eo
2842 917 3161 973 idololatria:
3207 921 3512 987 peccatum.
3535 911 3772 968 Judicet

2187 1012 2349 1067 modo
2381 1012 2574 1079 lector,
2615 1025 2777 1083 quam
2838 1026 2979 1067 vana
3029 1010 3175 1076 sint,
3212 1015 3268 1063 et
3320 1007 3527 1070 inania,
3556 1019 3683 1075 qua:
3728 1019 3773 1057 a

2187 1103 2514 1174 quibusdam
2563 1103 2632 1159 de
2677 1103 2782 1158 hoc
2826 1108 3052 1173 peccato
3086 1100 3397 1164 traduntur,
3428 1098 3557 1153 dum
3601 1097 3775 1152 illius

2188 1195 2449 1266 originem
2502 1193 2570 1249 ad
2620 1193 2987 1249 nobilissimas
3023 1193 3276 1247 nationes
3301 1190 3571 1262 rejiciunt,
3626 1204 3773 1245 cum

2188 1293 2431 1356 tempore
2456 1285 2688 1340 Abrahae
2713 1284 2771 1339 in
2798 1282 3207 1354 Pentapolitana
3236 1282 3327 1337 illa
3355 1281 3574 1352 regione
3606 1281 3773 1350 apud

2188 1377 2386 1447 impios
2415 1376 2538 1432 illos
2566 1374 2814 1432 homines
2845 1383 3219 1447 grassaretur;
3243 1387 3366 1427 cum
3398 1387 3499 1427 nec
3524 1385 3775 1443 accusa-

2191 1477 2367 1523 tarum
2418 1468 2699 1539 regionum
2753 1465 3013 1523 memoria
3071 1466 3179 1520 ulla
3229 1463 3407 1520 adhuc
3450 1469 3695 1519 exstaret
3750 1480 3769 1514 :

2187 1561 2369 1615 omnia
2397 1559 2541 1615 enim
2581 1559 2798 1614 illarum
2830 1558 3069 1630 gentium
3097 1557 3259 1613 etiam
3292 1555 3539 1611 fabulosa
3577 1551 3777 1608 Sodo—

2188 1652 2377 1707 mitico
2402 1651 2497 1706 illo
2525 1651 2647 1721 igne
2690 1649 3016 1721 posteriora.
3046 1647 3161 1703 Etsi
3201 1662 3388 1702 verum
3421 1645 3577 1701 fateri
3628 1646 3774 1699 licet

2190 1746 2352 1801 etiam
2391 1752 2518 1800 ante
2543 1743 2806 1798 diluvium
2838 1743 3019 1797 scelus
3051 1737 3184 1794 illud
3221 1754 3329 1793 non
3360 1739 3536 1793 solum
3567 1737 3629 1791 in
3659 1736 3775 1790 ho-

2196 1839 2392 1904 mines,
2432 1836 2527 1893 sed
2565 1835 2728 1891 etiam
2776 1836 2833 1890 in
2877 1836 3034 1889 bruta
3066 1833 3120 1887 in
3151 1847 3254 1888 usu
3285 1830 3455 1886 fuisse
3506 1829 3775 1885 scribunt

2196 1934 2469 1993 auctores,
2522 1940 2659 1996 quos
2706 1924 2956 1995 superius
3000 1922 3346 1987 adduximus,
3376 1935 3499 1974 cum
3531 1927 3770 1990 peccata

2195 2020 2267 2074 ob
2295 2033 2415 2089 qua!
2441 2025 2589 2073 totus
2615 2025 2885 2072 terrarum
2915 2015 3062 2071 orbis
3091 2029 3354 2085 aquarum
3381 2012 3562 2081 illuvie
3589 2010 3775 2065 obru-

2194 2119 2283 2166 tus
2326 2110 2487 2165 fuerit
2529 2121 3098 2164 commemoraremus.
3133 2104 3432 2160 Barbarum
3474 2118 3605 2174 ergo
3664 2118 3775 2157 ne-

2195 2201 2526 2271 fandumque
2555 2200 2659 2255 hoc
2688 2198 2902 2254 facinus
2925 2212 2955 2252 a
2984 2195 3235 2252 barbaris
3267 2195 3443 2266 primo
3476 2194 3768 2248 inventum

2193 2293 2249 2348 in
2300 2292 2435 2348 alias
2472 2291 2721 2346 nationes
2761 2288 3017 2345 diffusum
3052 2286 3282 2342 historia
3324 2300 3481 2342 sacra
3530 2283 3776 2338 utanife-

2193 2391 2336 2441 stum
2369 2392 2475 2439 est.
2506 2382 2668 2450 Quid,
2695 2383 2925 2452 maligne
2953 2380 3358 2443 morsiculator,
3382 2378 3619 2450 indignis
3647 2378 3771 2432 cri-

2192 2476 2584 2533 minationibus
2635 2474 3005 2530 nobilissimas
3047 2487 3112 2528 ac
3139 2471 3460 2528 innocentes
3509 2472 3772 2528 nationes

2194 2564 2357 2620 livido
2382 2579 2477 2620 Ore
2507 2563 2805 2620 mordendo
2831 2563 3095 2619 lacessis?

2261 2656 2420 2722 lbid.,
2451 2656 2551 2711 lin.
2587 2657 2675 2712 51.
2715 2657 2886 2709 Ἔστι
2916 2654 3026 2726 γὰρ
3064 2653 3228 2708 Ιδεῖν.
3274 2652 3614 2725 Epitomator
3645 2653 3771 2709 Ste-

2191 2749 2359 2820 phani
2401 2749 2470 2805 de
2516 2749 2745 2804 urbibus
2775 2763 2871 2803 eas
2915 2747 3101 2803 decem
3136 2745 3309 2803 fuisse
3339 2747 3439 2811 ait,
3462 2761 3774 2816 earumque

2191 2844 2357 2914 eaput
2409 2839 2582 2895 fuisse
2633 2838 2943 2894 Sodomam.
3007 2835 3204 2892 Strabo
3262 2846 3373 2892 tres
3414 2836 3549 2891 alias
3582 2836 3768 2901 addit,

2189 2942 2244 2988 et
2305 2929 2511 2986 fallitur
2576 2930 2633 2984 in
2690 2927 2931 2986 duobt'Is.
2957 2927 3135 2999 primo
3191 2927 3247 2981 in
3281 2941 3511 2981 numero
3539 2941 3766 2993 earum;

2189 3021 2451 3088 secundo,
2494 3020 2783 3078 Sodomam
2849 3020 2917 3075 ad
2992 3020 3198 3090 aliquot
3273 3016 3450 3074 stadia
3498 3018 3767 3089 integram

2191 3116 2460 3173 mansisse
2518 3133 2532 3169 :
2582 3121 2872 3182 utrumque
2929 3111 3071 3167 enim
3120 3124 3288 3166 sacrae
3330 3109 3631 3178 Scriptura:
3677 3123 3766 3163 re-

2195 3211 2417 3276 pugnat.
2473 3202 2579 3257 Alii
2634 3209 2871 3273 quatuor
2917 3200 3087 3257 fuisse
3140 3200 3383 3264 tradunt,
3448 3196 3766 3261 Sodomam,

2195 3292 2577 3357 Gomorrbam,
2632 3291 2917 3353 Adamam.
2969 3296 3023 3344 et
3074 3287 3315 3354 Seboim,
3347 3289 3595 3359 quintam
3638 3302 3768 3341 vero

2195 3386 2416 3442 nomine
2455 3384 2643 3440 Balam
2691 3382 3029 3439 destructum
3078 3381 3273 3447 fuisse,
3302 3379 3407 3435 nisi
3437 3378 3581 3434 Deus
3618 3380 3765 3433 illam

2195 3479 2452 3551 precibus
2482 3477 2584 3532 Lot
2612 3477 2908 3531 immunem
2946 3479 3242 3529 servasset.
3300 3470 3574 3542 Josephus
3603 3470 3698 3525 lib.
3750 3486 3765 3523 ι

2197 3574 2479 3644 .4ηιὶᾳιιῖι.,
2509 3571 2635 3627 licet
2675 3569 3011 3625 contrarium
3057 3575 3267 3622 astruat
3304 3567 3401 3622 lib.
3432 3583 3465 3621 ν
3518 3565 3596 3620 De
3630 3565 3769 3621 bello

2194 3665 2423 3721 Iudaico
2456 3679 2578 3737 cap.
2616 3664 2673 3730 5,
2707 3671 2761 3719 et
2805 3661 3162 3735 Hieronymus
3193 3660 3269 3716 De
3299 3660 3427 3716 locis
3465 3659 3765 3716 Hebraicis.

2196 3756 2328 3812 Eam
2356 3772 2487 3813 vero
2518 3755 2893 3812 Theodoretus
2919 3764 3111 3823 quaest.
3142 3754 3211 3809 69
3262 3755 3317 3807 in
3344 3751 3528 3808 Cenes.
3557 3762 3614 3807 et
3640 3748 3770 3805 Sui-

2195 3851 2293 3907 das
2325 3865 2458 3906 voce
2516 3848 2636 3914 Lat,
2682 3855 2807 3920 post
2853 3862 3133 3918 egressum
3187 3846 3287 3901 Lot
3321 3844 3490 3900 fuisse
3548 3844 3768 3899 destru-

2195 3952 2338 4001 ctam
2397 3943 2668 4007 scribunt,
2711 3948 2768 3997 et
2801 3955 2992 3995 omnes
3046 3939 3383 3995 habitatores
3416 3948 3579 3993 terra:
3611 3936 3763 3991 hiatu

2195 4040 2507 4109 absorptos.
2537 4036 2718 4104 Quare
2747 4050 2855 4089 non
2886 4033 3085 4088 mirum
3119 4033 3188 4088 ab
3216 4032 3501 4088 Eustalbio
3523 4030 3768 4101 quinque

2195 4132 2475 4187 civitatum
2503 4127 3076 4183 commemorationem
3108 4125 3245 4179 ﬁeri.

2265 4223 2438 4286 lbid.,
2473 4222 2570 4275 lin.
2604 4220 2692 4274 52.
2747 4219 2851 4273 Ἐν
2910 4214 3000 4286 αἶς
3041 4215 3400 4282 βλαστάνει.
3444 4214 3765 4269 Incendium

2197 4314 2326 4369 illud
2356 4313 2517 4368 etiam
2555 4312 2610 4365 in
2643 4311 2839 4365 herbas
2872 4308 3196 4380 plantasque
3224 4307 3482 4369 saevisse,
3524 4314 3580 4359 et
3624 4304 3767 4358 miro

2195 4408 2317 4463 illas
2345 4405 2649 4461 sterilitatis
2680 4404 2844 4457 modo
2877 4401 3154 4464 aﬂlixisse,
3186 4400 3451 4454 habemus
3488 4414 3559 4453 ex
3592 4398 3765 4453 variis

517 4490 704 4546 τωδῶν
740 4509 799 4546 τε
831 4494 926 4548 καὶ
946 4493 1178 4548 θειωδῶν
1206 4495 1420 4569 ήλίμνη
1452 4499 1734 4568 προπεσοι,
1766 4501 1860 4554 καὶ
1900 4501 2094 4575 πέτραι

2199 4497 2533 4554 auctoribus.
2564 4494 2833 4565 Iosephus
2870 4494 2947 4549 De
2979 4493 3114 4547 bello
3143 4491 3377 4546 Iudaico
3429 4489 3525 4546 lib.
3558 4507 3612 4554 ν,
3643 4504 3765 4560 cap.

519 4585 846 4658 πυρίληπτοι
862 4587 1118 4656 γένοιντο,
1136 4590 1198 4642 αῖ
1218 4607 1275 4642 τε
1296 4590 1478 4655 πόλεις
1502 4593 1557 4646 αἱ
1591 4594 1686 4665 μὲν
1708 4597 2086 4662 καταποθεῖεν,

516 4677 587 4741 ἃς
613 4678 660 4733 δ’
691 4679 995 4734 ἐκλείποιεν
1022 4681 1073 4733 οἱ
1097 4680 1381 4752 δυνάμενοι
1403 4687 1610 4753 φυγεῖν.
1628 4683 2002 4744 Eratosthenis
2025 4690 2091 4744 de

520 4769 628 4829 hoc
654 4772 844 4826 eodem
873 4772 1143 4826 diversam
1179 4773 1487 4843 opinionem
1512 4775 1635 4832 vide
1654 4777 1796 4847 apud
1819 4780 2087 4836 eumdem.

585 4861 749 4928 lbid.,
772 4863 873 4917 lin.
901 4864 991 4918 '50.
1013 4866 1093 4917 Δι’
1115 4864 1380 4935 ἄδεσμον
1404 4867 1655 4936 παράνο.
1684 4869 2089 4927 Sodomitarum

519 4963 746 5027 peccata
792 4970 904 5009 non
957 4970 1126 5010 unum
1178 4964 1389 5011 tantum
1435 4959 1627 5025 fuisse,
1685 4962 1782 5017 sed
1834 4962 2090 5033 plurima,

520 5061 695 5119 eaque
750 5048 1093 5121 gravissima,
1128 5048 1297 5106 refert
1328 5048 1601 5123 Iosephus
1646 5053 1745 5110 lib.
1798 5070 1814 5110 ι
1863 5054 2091 5127 Antiq.:

530 5138 669 5195 ’Υπδ
698 5138 762 5213 δὴ
787 5140 976 5194 τοῦτον
999 5141 1092 5195 τὸν
1120 5141 1309 5215 καιρὸν
1344 5146 1393 5197 οἱ
1422 5144 1730 5217 Σοδομῖται,
1755 5146 1967 5218 πλούτῳ
1998 5148 2093 5202 καὶ

523 5231 744 5304 μεγέθει
794 5232 1091 5305 χρημάτων
1140 5234 1623 5307 ὑπερφρονοῦντες,
1653 5236 1735 5302 εἷς
1776 5256 1836 5292 τε
1879 5238 2090 5311 ἀνθρὼ-

520 5338 658 5387 πους
708 5317 850 5395 ἦσαν
897 5324 1171 5397 ὑϐρισταὶ,
1195 5325 1288 5379 καὶ
1318 5326 1453 5399 πρὸς
1489 5327 1549 5381 τὸ
1571 5327 1725 5385 Θεῖον
1752 5330 1987 5396 ἀσεϐεῖς,
2018 5331 2090 5395 ὡς

522 5414 720 5485 μηκέτι
764 5417 1068 5488 μεμνῆσθαι
1095 5415 1204 5470 τῶν
1235 5417 1363 5490 παρ’
1399 5417 1563 5473 αὑτοῦ
1599 5421 1904 5492 γενομένων
1951 5422 2094 5493 ὠφε-

519 5502 702 5570 λειῶν,
750 5501 891 5561 εἶναι
928 5507 1216 5578 μισόξενοι,
1246 5508 1343 5562 καὶ
1376 5509 1477 5572 τὰς
1508 5510 1645 5582 πρὸς
1682 5510 1941 5584 ἀλλήλους
1969 5513 2091 5582 όμι-

521 5596 640 5662 λίας
674 5598 1144 5671 ὲκτρέπεσθαι.Ει
1191 5602 1335 5657 Deus
1373 5600 1515 5670 apud
1561 5601 1919 5666 Ezechielem,
1968 5618 2089 5673 cap.

524 5706 614 5744 x-vr
644 5709 658 5745 :
691 5688 848 5756 Ecce,
887 5692 1088 5763 inquit,
1136 5692 1244 5748 haec
1272 5695 1374 5764 fuit
1406 5694 1659 5767 iniquitas
1691 5695 1956 5763 Sodomaz,
2002 5714 2092 5752 su-

522 5784 724 5866 perbia,
779 5784 1257 5855 saturitaspanis,
1312 5793 1361 5842 et
1409 5786 1777 5857 abundantia,
1818 5798 1867 5843 et
1927 5789 2090 5843 otium

2193 4591 2245 4649 ὅτ
2274 4589 2486 4660 Γειτνιᾷ
2515 4587 2573 4641 δὲ
2603 4589 2637 4658 ἡ
2669 4587 2945 4659 Σοδομῖτις
2971 4586 3131 4657 αὐτῇ,
3160 4584 3324 4638 πάλαι
3366 4582 3465 4654 μὲν
3491 4582 3770 4654 εὐδαίμων

2190 4682 2264 4754 γῆ
2292 4681 2519 4753 καρπῶν
2540 4698 2601 4734 τε
2633 4681 2795 4733 ἕνεκα
2823 4678 2915 4731 καὶ
2950 4678 3049 4749 τῆς
3073 4677 3201 4748 περὶ
3233 4676 3386 4729 πόλιν
3419 4676 3766 4745 περιουσίας,

2193 4776 2286 4831 νῦν
2315 4777 2370 4830 δὲ
2416 4775 2725 4846 κεκαυμένη
2767 4767 2933 4826 πᾶσαζ
2978 4770 3115 4824 Φασὶ
3154 4769 3240 4835 δὲ,
3280 4768 3356 4832 ὡς
3398 4768 3467 4822 δι’
3505 4768 3770 4822 ἀσέϐειαν

2191 4866 2491 4939 οἰκητόρων
2528 4866 2810 4937 κεραυνοῖς
2847 4862 3272 4931 καταφλεγῆναι.
3309 4859 3464 4913 Ἔστι
3508 4857 3648 4926 γοῦν
3688 4858 3770 4911 ἔτι

2190 4960 2418 5030 λείψανα
2439 4957 2534 5011 τοῦ
2558 4957 2703 5010 θείου
2735 4955 2907 5028 πυρὸς
2926 4993 2941 5019 ,
2972 4954 3064 5009 καὶ
3087 4952 3245 5006 πέντε
3277 4952 3373 5021 μὲν
3402 4951 3613 5005 πόλεων
3641 4949 3771 5003 ἰδεῖν

2194 5050 2373 5116 σκιὰς,
2409 5048 2522 5102 ἔστι
2550 5046 2604 5100 δὲ
2643 5048 2745 5100 κάν
2774 5048 2886 5109 τοῖς
2919 5039 3153 5116 καρποῖς
3196 5042 3417 5099 σποδιὰν
3455 5040 3770 5109 ἀναγεννω-

2196 5143 2384 5216 μένην,
2415 5141 2464 5195 oi
2497 5140 2665 5213 χρόαν
2712 5139 2809 5210 μὲν
2842 5138 3025 5210 ἔχουσι
3068 5140 3182 5202 τοῖς
3226 5135 3506 5206 ὲδωδίμοις
3548 5134 3767 5205 ὁμοίαν,

2190 5235 2543 5310 δρεψαμένων
2587 5233 2643 5287 δὲ
2694 5232 2880 5304 χερσὶν
2931 5232 3011 5295 εἰς
3050 5230 3253 5285 καπνὸν
3309 5227 3614 5281 διαλύονται
3674 5228 3772 5279 καὶ

2192 5327 2419 5399 τέφραν.
2450 5323 2675 5379 Tacitus
2698 5366 2714 5391 ,
2758 5320 2966 5377 Hister.
2996 5321 3091 5377 lib.
3121 5335 3187 5376 v:
3225 5317 3387 5374 Haud
3429 5317 3618 5387 procul
3645 5317 3772 5370 inde

2193 5418 2396 5487 campi,
2430 5433 2558 5489 quos
2583 5416 2758 5487 ferunt
2789 5413 2916 5469 olim
2941 5412 3123 5467 uberes
3145 5454 3160 5481 ,
3207 5411 3512 5481 magnisque
3543 5407 3768 5462 urbibus

2193 5510 2477 5577 habitatos,
2495 5509 2783 5581 fulminum
2797 5507 2949 5578 jactu
2970 5506 3190 5571 arsisse,
3218 5515 3268 5559 et
3284 5520 3494 5558 manere
3518 5503 3777 5574 uestigia,

2196 5614 2486 5670 terramque
2506 5602 2668 5672 specie
2690 5600 2947 5655 torridam
2970 5599 3071 5654 vim
3100 5595 3412 5668 frugiferam
3446 5593 3763 5665 perdidisse.

2196 5694 2340 5749 Nam
2368 5704 2557 5750 cuncta
2582 5703 2761 5762 sponte
2786 5692 2949 5759 edita,
2985 5699 3079 5746 aut
3107 5706 3266 5744 manu
3292 5698 3432 5755 suta,
3465 5687 3575 5741 sive
3602 5687 3768 5741 herba

2198 5799 2363 5858 tenus,
2407 5795 2498 5843 aut
2539 5787 2698 5858 ﬂore,
2742 5802 2831 5841 seu
2878 5784 3089 5840 solitam
3122 5784 3176 5840 in
3212 5780 3428 5853 speciem
3467 5776 3761 5840 adolevere.
