4072 6338
252 342 381 401 1021

1330 343 1396 397 ΙΝ
1435 342 1798 423 EUSTATHll
1842 342 2305 402 IIEXAEMERON
2331 345 2556 403 ΝΟΤιΕ.

3330 347 3466 404 102%

250 469 372 513 atra
417 468 465 513 et
494 460 679 513 inania
706 460 839 515 velut
869 461 923 514 in
946 461 1167 515 cinerem
1186 470 1491 531 vanescunt.
1532 461 1640 533 Ego
1670 464 1806 516 sicut
1836 474 1877 524 Α
1907 464 2146 520 defuisse
2177 464 2430 521 Straboni
2461 476 2741 531 auctores,
2778 482 2916 537 quos
2951 466 3005 521 in
3051 466 3153 521 hac
3198 476 3348 538 parte
3379 484 3465 523 se.
3508 480 3517 501 ι

249 548 504 604 Iudaicos
539 550 799 621 quondam
835 552 983 611 urbes
1026 553 1139 623 igne
1176 554 1369 606 crlesti
1400 554 1657 625 flagrasse
1683 570 1805 607 con-

248 644 525 708 cesserim,
561 644 637 696 ita
675 644 843 697 halitu
886 645 1029 699 lacus
1085 646 1229 715 inﬁci
1272 657 1501 712 terram,
1543 647 1806 715 corrumpi

246 733 582 803 superfusum
612 733 874 800 spiritum,
892 751 1047 804 eoque
1071 735 1207 804 fetus
1230 744 1455 805 segetum
1481 744 1530 791 et
1564 738 1805 791 autumni

245 836 542 895 putrescere
587 842 703 878 reor
743 826 854 879 solo
898 827 1119 895 caeloque
1162 828 1321 897 juxta
1357 830 1521 899 gravi.
1564 828 1802 890 Solinus.

249 933 372 987 cap.
401 919 503 973 58:
538 917 652 971 Duo
691 917 759 970 ibi
788 919 975 987 oppida
1004 918 1285 973 Sodomunt
1320 923 1641 975 nominatum
1660 922 1805 975 alte-

247 1029 391 1074 rum,
420 1011 642 1066 alterum
667 1009 1035 1073 Gomorrhum,
1068 1014 1206 1081 apud
1238 1030 1353 1083 qua:
1389 1030 1599 1082 pomum
1634 1015 1806 1085 gigni-

249 1115 339 1158 tur
362 1118 381 1157 :
408 1104 543 1174 quod
576 1104 724 1158 habet
754 1106 969 1173 speciem
990 1106 1104 1157 licet
1148 1107 1493 1170 maturitatis,
1520 1106 1699 1159 mandi
1725 1116 1804 1158 ta-

248 1188 498 1252 men'non
536 1206 701 1265 potest
731 1213 749 1260 ;
788 1215 907 1249 nam
942 1196 1211 1265 fuliginem
1246 1198 1556 1252 intrinsecus
1589 1198 1804 1266 favilla-

247 1306 396 1343 ceam
442 1288 657 1343 ambitio
696 1298 897 1341 tantum
928 1291 1133 1342 extima:
1161 1290 1298 1343 cutis
1332 1288 1550 1351 cohibet,
1581 1306 1695 1359 qua:
1729 1290 1803 1343 vel

249 1381 350 1434 levi
381 1388 520 1433 tactu
540 1396 739 1450 pressa,
761 1380 959 1449 fumum
979 1380 1209 1445 exhalat,
1232 1390 1279 1433 et
1306 1380 1506 1449 fatiscit
1538 1381 1591 1433 in
1620 1398 1803 1452 vagum

244 1474 530 1544 pulverem.

322 1562 438 1617 Col.
459 1562 585 1627 761,
612 1564 709 1619 lin.
727 1563 814 1617 '55.
848 1560 1083 1629 Γειτνιᾷ
1112 1561 1179 1613 δὲ
1208 1563 1441 1630 ταύτης.
1472 1565 1804 1635 Asphaltites

245 1654 446 1709 Judaeze
474 1655 623 1711 lacus
653 1656 815 1710 situm
849 1664 902 1710 et
928 1657 1128 1712 limites
1161 1656 1325 1721 Plin.,
1352 1658 1447 1711 lib.
1476 1676 1529 1721 ν,
1561 1674 1682 1728 cap.
1718 1659 1800 1720 16,

246 1746 564 1802 describens
607 1747 701 1814 ait,
743 1746 1131 1817 longitudinem
1187 1747 1305 1817 ejus
1341 1748 1506 1802 maris
1543 1748 1803 1803 excedere

246 1845 465 1892 centum
491 1837 656 1890 millia
687 1852 965 1906 passuum,
1000 1836 1338 1891 latitudinem
1366 1837 1653 1891 maximam
1681 1852 1803 1892 esse

244 1931 437 2003 viginti
476 1930 743 2001 quinque,
772 1928 1049 1983 minimam
1078 1944 1207 1983 vero
1248 1945 1363 1984 sex.
1396 1926 1693 1999 Josephus,
1727 1928 1804 1983 De

247 2026 385 2080 bello
436 2024 564 2077 Jud.
616 2023 710 2078 lib.
755 2039 820 2085 v,
865 2022 1029 2077 refert
1088 2020 1477 2092 longitudinem
1524 2022 1643 2089 ejus
1684 2038 1804 2077 esse

245 2118 672 2189 quingentorum
714 2115 987 2185 octoginta
1034 2113 1371 2179 stadiorum;
1420 2114 1647 2167 latitudo
1671 2130 1801 2169 cen-

246 2219 363 2263 tum
389 2207 777 2279 quinquaginta
803 2206 992 2262 stadiis
1028 2213 1194 2276 patet.
1237 2204 1310 2259 De
1339 2220 1403 2259 ea
1433 2204 1547 2258 haec
1575 2204 1805 2258 Brocar-

245 2303 352 2357 dus
399 2299 699 2355 monachus
740 2298 796 2352 in
848 2297 1211 2367 descriptione
1251 2304 1409 2350 terrae
1455 2303 1698 2351 sanctae:
1738 2295 1805 2350 Et

245 2406 393 2456 nota,
415 2392 551 2462 quod
583 2408 725 2445 mare
757 2389 1023 2444 Mortuum
1056 2390 1119 2443 ab
1153 2391 1347 2443 oriente
1376 2390 1431 2442 in
1466 2389 1801 2457 occidentem,

243 2503 362 2557 quia
383 2497 459 2538 est
495 2484 716 2538 latitudo
749 2484 880 2553 ejus,
901 2484 1051 2537 habet
1102 2484 1323 2553 quinque
1354 2482 1569 2535 leucas:
1602 2483 1657 2535 in
1690 2482 1799 2533 lon-

241 2574 475 2647 gitudine
509 2591 625 2627 vero
657 2590 772 2643 quae
799 2582 875 2627 est
911 2573 972 2627 ab
1002 2573 1241 2642 aquilone
1282 2571 1350 2624 ad
1386 2582 1626 2624 austrum
1652 2571 1803 2624 habet

242 2668 466 2735 quinque
485 2666 693 2729 diaetas,
715 2674 773 2717 ut
796 2665 923 2717 mihi
952 2664 1201 2720 Saraceni
1226 2664 1546 2725 retulerunt;
1573 2663 1667 2716 alii
1689 2681 1803 2717 vero

243 2760 407 2812 aliam
438 2760 828 2829 assignaverunt
864 2757 1254 2827 longitudinem.
1279 2755 1472 2811 Scribit
1502 2756 1804 2824 patriarcha

246 2849 795 2921 Hierosolymitanus,
846 2850 933 2919 qui
982 2864 1115 2917 sape
1166 2848 1335 2903 locum
1390 2850 1543 2903 illum
1606 2851 1801 2914 invisit,

242 2956 391 2994 mare
437 2938 568 2993 illud
612 2956 810 3009 semper
846 2940 1047 3008 fumum
1093 2939 1335 3005 reddere,
1376 2949 1425 2993 et
1467 2940 1709 2994 nebulam
1749 2943 1802 2994 in

240 3031 456 3085 modum
488 3032 679 3085 camini
712 3030 1026 3101 infernalis:
1064 3031 1199 3084 unde
1229 3039 1339 3083 tota
1368 3030 1461 3083 illa
1492 3031 1664 3092 vallis,
1688 3048 1803 3100 qua:

1903 565 2193 625 queretur,
2224 544 2395 613 vel-ex
2441 574 2506 613 eo
2535 557 2680 628 quod
2721 556 2932 613 Plinius
2964 558 3164 620 refert,
3198 558 3461 627 quosdam

1905 646 2198 701 tradidisse
2240 645 2526 702 Sirbonem
2592 647 2769 701 lacum
2800 646 2999 703 habere
3043 661 3147 701 cel
3204 661 3464 716 passuum

1909 739 2218 795 circuitum.
2250 739 2325 793 De
2347 741 2464 794 lacu
2490 739 2792 809 Asphaltite
2824 740 2945 795 vide
2974 739 3341 795 Dioscoridem
3368 738 3463 795 lib.

1907 846 1945 891 ι.
1979 845 2098 899 cap.
2128 831 2260 897 100;
2290 829 2618 893 Vitruvium,
2650 828 2906 895 Plinium,
2936 830 3265 901 Antigonum
3293 830 3465 901 Cary-

1905 922 2068 977 stium
2095 964 2109 985 ,
2157 920 2478 976 Strabonem
2504 961 2518 983 ,
2561 920 2876 975 Africanum
2904 961 2921 987 ,
2964 921 3360 978 Tertullianum
3409 923 3464 978 in

1904 1015 2147 1069 carmine
2214 1015 2289 1069 De
2349 1014 2618 1077 Sodoma,
2677 1012 2968 1081 Orosium,
3022 1016 3115 1071 lib.
3163 1031 3181 1071 ι
3230 1013 3464 1080 Histor.,

1904 1109 2150 1161 omnium
2200 1108 2673 1176 diligentissimum
2722 1105 3132 1162 Adricbomium
3192 1108 3247 1161 in
3315 1107 3463 1163 tribu

1903 1196 2074 1262 Judaz,
2106 1214 2255 1252 num.
2297 1198 2417 1253 186.

1978 1289 2116 1342 Ibid.
2141 1328 2155 1350 ,
2191 1288 2289 1341 lin.
2324 1288 2412 1342 59.
2460 1288 2700 1357 Κοῦφον
2737 1286 2804 1341 δὲ
2842 1288 2909 1340 τὸ
2958 1287 3132 1356 ὕδωρ.
3162 1287 3464 1359 Iosephus,

1904 1386 1997 1440 lib.
2028 1401 2059 1439 ν
2099 1383 2172 1436 De
2201 1382 2333 1437 bello
2365 1381 2629 1437 Judaico:
2665 1381 2845 1445 Ἀξιον
2870 1380 2925 1433 δὲ
2960 1381 3344 1452 ἀφηγήσασθαι
3374 1382 3469 1436 καὶ

1902 1476 2001 1545 τὴν
2033 1474 2192 1544 φύσιν
2214 1474 2312 1544 τῆς
2353 1473 2749 1542 Ἀσφαλτίτιδος
2781 1472 2993 1543 λίμνης.
3023 1473 3180 1536 Ἤτις
3204 1473 3319 1526 ἐστὶ
3346 1472 3467 1543 μὲν,

1904 1568 1977 1633 ὠς
1999 1568 2154 1638 ἔφην,
2182 1566 2353 1637 πικρά
2385 1568 2477 1619 καὶ
2506 1565 2715 1634 ἄγονος
2748 1565 2851 1617 ὑπὸ
2871 1565 2925 1618 δὲ
2943 1564 3268 1635 κουφότητος
3296 1564 3386 1618 καὶ
3400 1564 3467 1619 τὰ

1906 1657 2181 1728 βαρύτατα
2209 1658 2315 1711 τῶν
2348 1658 2426 1720 εἰς
2458 1656 2623 1727 αὐτὴν
2669 1657 2928 1727 ῥιφέντων
2974 1655 3262 1727 ἀναφέρει,
3296 1673 3463 1710 κατα-

1902 1751 2053 1803 δῦναι
2102 1750 2156 1803 δὲ
2182 1752 2260 1811 εὶς
2301 1750 2391 1801 τὸν
2436 1749 2591 1819 βυθὸν
2638 1749 2755 1801 οὐδὲ
2799 1748 3221 1818 ἐπιτηδεύσαντα
3265 1748 3462 1820 ῥᾴδιον.

1904 1842 2224 1896 Africanus:
2275 1840 2600 1894 Ξυνὲϐαλλον
2646 1842 2701 1893 δὲ
2750 1840 2898 1912 παρά
2930 1840 3025 1911 τὴν
3069 1840 3341 1894 Θάλασσαν
3367 1840 3465 1910 τὴν

1915 1934 2174 2006 Ἀλυκὴν,
2214 1935 2332 2004 ἥτις
2374 1933 2616 1987 καλεῖται
2678 1932 2773 1985 νῦν
2824 1932 3064 1986 θάλασσα
3116 1931 3321 2004 Νεκρά.
3377 1932 3470 1984 Ἐν

1902 2027 2071 2099 ταύτῃ
2116 2026 2340 2079 πλεῖστα
2381 2026 2487 2079 τῶν
2524 2025 2837 2096 θαυμασίων
2878 2026 3161 2096 τεθέαμαι.
3204 2023 3365 2078 Ζώων
3404 2042 3463 2076 τε

1902 2120 2008 2190 γὰρ
2030 2119 2180 2172 οὐδὲν
2214 2122 2386 2172 ἐκεῖνο
2410 2118 2471 2171 τὸ
2500 2118 2639 2188 ὕδωρ
2671 2118 2842 2187 φέρει,
2871 2123 2963 2171 καὶ
2996 2117 3179 2188 νεκροὶ
3210 2118 3306 2187 μὲν
3329 2118 3453 2173 ὑπο.

1902 2211 2111 2281 ϐρύχιοι
2153 2210 2440 2280 φέρονται,
2482 2208 2681 2273 ζῶντες
2712 2210 2755 2261 δ’
2799 2208 2905 2260 οὐδ’
2946 2207 3011 2261 ἂν
3054 2208 3246 2279 ῥᾳδίως
3275 2208 3461 2278 βαπτί-

1905 2316 2101 2352 σαιντο.
2131 2298 2323 2368 Λύχνοι
2363 2299 2459 2369 μὲν
2484 2297 2761 2366 καιόμενοι
2789 2297 2881 2349 καὶ
2908 2296 3275 2367 ἐπιφέρονται,
3312 2298 3462 2351 σϐεν-

1902 2389 2117 2459 νύμενοι
2150 2389 2205 2442 δὲ
2240 2388 2581 2441 καταδύουσι.
2630 2386 2859 2449 Strabo,
2895 2387 2988 2440 lib.
3022 2403 3110 2441 xvr
3138 2406 3149 2441 :
3196 2382 3308 2439 Εἶτ’
3343 2390 3463 2441 ἐπι-

1902 2480 2207 2543 πολάζουσα
2227 2479 2312 2531 διὰ
2338 2478 2435 2549 τὴν
2464 2480 2622 2546 φύσιν
2647 2478 2740 2531 τοῦ
2771 2477 3058 2546 ὖδατος,ἣν
3093 2477 3297 2548 ἔφαμεν
3334 2479 3466 2549 μηδὲ

1902 2572 2168 2642 κολύμϐου
2208 2571 2450 2634 δεῖσθαι,
2499 2571 2631 2643 μηδὲ
2676 2568 3028 2641 βαπτίζεσθαι
3064 2571 3153 2623 τὸν
3201 2571 3464 2641 ἐμϐάντα,

1902 2663 2012 2716 ἀλλ’
2048 2663 2374 2735 ἐξαίρεσθαι.

1970 2752 2139 2819 lbid.,
2206 2754 2300 2807 lin.
2371 2753 2458 2807 46.
2520 2755 2825 2823 Ἀναρέρει
2885 2753 2952 2807 δὲ
3020 2753 3192 2818 ἅλας.
3262 2750 3462 2805 Eadem

1902 2847 2059 2901 habet
2082 2845 2351 2916 Iosephus
2378 2848 2497 2901 loco
2534 2847 2703 2909 dicto,
2734 2848 2788 2900 in
2826 2862 2933 2917 quo
2974 2845 3040 2900 de
3095 2845 3357 2899 bitumine
3412 2851 3469 2897 et

1899 2938 2018 3007 eius
2062 2938 2118 2992 in
2168 2938 2454 2993 medicinis
2493 2954 2614 2992 usu.
2649 2937 2856 2993 Plinius
2882 2980 2896 3000 ,
2932 2938 3027 2991 lib.
3058 2953 3130 2999 ιι,
3165 2951 3285 3005 cap.
3322 2935 3461 2989 105:

1902 3029 2052 3083 Nihil
2087 3032 2141 3084 in
2179 3030 2471 3099 Asphaltite
2490 3030 2693 3084 ludam!
2722 3031 2860 3092 lacu,
2886 3032 2972 3098 qui
3001 3031 3231 3082 bitumen
3269 3027 3460 3097 gignit,

241 3120 476 3190 alioquin
503 3122 562 3174 ob
598 3122 682 3175 sui
709 3120 1078 3191 fecunditatem
1110 3130 1157 3175 et
1195 3122 1547 3175 amaznitatem
1576 3122 1800 3177 illustris
1829 3151 1870 3208 ο
1903 3120 2062 3191 mergi
2091 3130 2287 3189 potest;
2326 3128 2381 3175 et
2416 3121 2508 3175 lib.
2545 3138 2598 3183 ν,
2626 3134 2745 3189 cap.
2784 3119 2869 3184 16,
2904 3120 3133 3173 habetur
3172 3118 3273 3171 hoc
3298 3116 3462 3171 idem.

239 3212 386 3265 dicta
409 3209 535 3281 fuit,
562 3209 628 3263 ad
660 3211 885 3280 spatium
912 3208 1149 3263 dimidia:
1169 3210 1342 3263 ditata:
1376 3212 1571 3264 sterilis
1596 3220 1643 3265 et
1680 3214 1801 3265 inu-

240 3303 354 3358 tilis
383 3302 587 3358 reddita
620 3312 730 3369 est,
766 3304 842 3356 ita
886 3310 940 3355 ut
980 3318 1069 3356 nec
1105 3302 1271 3354 ullum
1314 3319 1519 3372 germen
1567 3303 1802 3372 proferat

238 3396 351 3466 fere
372 3412 465 3467 per
495 3396 723 3465 spatium
750 3396 972 3464 quinque
1021 3395 1311 3460 leucarum,
1347 3394 1451 3448 nisi
1483 3397 1643 3463 juxta
1673 3398 1801 3450 civi-

238 3495 399 3540 tatem
426 3485 657 3551 Iericho,
702 3484 789 3538 ubi
823 3485 958 3538 horti
990 3486 1282 3555 irrigantur
1308 3504 1339 3539 a
1365 3488 1506 3555 fonte
1540 3486 1743 3552 Elisei;
1769 3507 1802 3542 a

236 3575 440 3631 dextris
478 3585 527 3629 et
564 3576 792 3629 sinistris
838 3574 992 3643 hujus
1028 3577 1189 3628 maris
1232 3586 1429 3629 montes
1483 3578 1706 3637 steriles.
1750 3588 1799 3631 et

236 3668 379 3721 aridi
427 3677 710 3721 cernuntur
740 3682 757 3719 :
788 3685 908 3720 nam
946 3684 1244 3737 quocunque
1280 3684 1438 3736 vapor
1466 3686 1498 3721 a
1532 3670 1667 3722 mari
1707 3671 1799 3725 illo

236 3760 521 3825 ascendens
552 3758 871 3826 impellitur,
904 3760 974 3811 ibi
1005 3769 1156 3812 terra:
1190 3762 1459 3813 nascentia
1501 3777 1601 3814 non
1652 3778 1797 3815 secus

233 3867 394 3920 quam
427 3851 473 3903 si
501 3868 533 3902 a
560 3850 749 3917 pruina
777 3848 998 3917 fuissent
1035 3858 1197 3912 tacta,
1227 3850 1573 3907 emoriuntur.
1602 3849 1666 3903 In
1698 3868 1797 3921 quo

232 3941 534 3995 districtum
568 3940 660 3994 Dei
676 3941 938 4011 judicium
974 3941 1121 3994 nobis
1154 3939 1214 3994 ob
1242 3941 1421 4001 oculos
1448 3943 1679 4009 ponitur,
1710 3945 1798 4012 qui

236 4042 345 4086 tam
374 4050 544 4088 severe
569 4033 793 4103 grandia
816 4034 909 4087 illa
944 4032 1291 4087 Sodomorum
1319 4044 1530 4103 peccata
1552 4052 1713 4106 usque
1743 4038 1797 4089 in

234 4126 542 4179 hodiernum
585 4126 720 4179 diem
775 4143 875 4179 non
922 4126 1113 4179 desinit
1157 4128 1362 4195 punire.
1396 4125 1505 4180 Nec
1546 4129 1648 4181 nisi
1689 4130 1796 4181 visa

233 4218 318 4270 hic
354 4216 544 4271 scribo.
596 4216 693 4270 Diu
744 4218 1029 4287 quresitum
1062 4225 1145 4272 est
1199 4234 1266 4271 an
1301 4219 1449 4273 lacus
1476 4220 1563 4281 ille
1590 4261 1604 4286 ,
1632 4236 1793 4291 quem

233 4306 433 4376 divina:
467 4307 661 4362 littera:
693 4306 842 4361 Mare
871 4309 1001 4362 salis
1036 4310 1343 4379 appellant,
1382 4318 1503 4379 post
1526 4311 1793 4365 excidium

233 4398 476 4469 regionis
520 4396 866 4453 Sodomiticaz
917 4400 1201 4454 emerserit
1245 4416 1275 4455 e
1319 4410 1475 4455 terra:
1520 4400 1790 4465 cavernis,

1903 3214 2038 3270 Vide
2080 3229 2199 3284 quae
2234 3214 2393 3267 habet
2437 3213 2741 3284 Antigonus
2789 3210 3067 3282 Carystius
3109 3210 3161 3263 in
3200 3207 3466 3262 Mirabili—

1903 3306 1996 3361 bus
2038 3323 2104 3361 ex
2143 3306 2416 3361 sententia
2470 3305 2772 3374 Zenophili,
2818 3311 2871 3358 et
2920 3302 3263 3357 Dioscorides
3292 3301 3387 3354 lib.
3425 3318 3461 3365 l,

1900 3415 2019 3468 cap.
2058 3399 2181 3453 100.
2199 3398 2489 3452 Africanus
2526 3416 2539 3451 :
2586 3395 2845 3450 Ἐνταῦθα
2896 3396 2952 3448 δέ
2995 3398 3129 3448 εἰσιν
3160 3398 3213 3449 αἱ
3261 3393 3464 3463 ἀσφάλ-

1899 3506 1992 3540 του
2041 3490 2243 3559 πηγαί·
2275 3488 2432 3559 Φέρει
2461 3488 2517 3539 δὲ
2548 3486 2878 3557 στυπτηρίαν
2916 3485 3007 3538 καὶ
3051 3485 3152 3538 ἆλα
3189 3486 3365 3552 ὀλίγον
3413 3501 3466 3536 τι

1897 3583 2004 3635 τῶν
2028 3583 2197 3635 ἄλλων
2224 3581 2563 3652 διαφέρονταο
2595 3580 2766 3650 πικρά
2784 3597 2841 3631 τε
2859 3580 2965 3649 γάρ
2993 3581 3106 3631 ἐστι
3128 3578 3220 3630 καὶ
3236 3577 3429 3647 διαυγῆ
3448 3596 3460 3606 ·

1899 3673 2023 3726 ἔνθα
2059 3672 2103 3724 δ’
2144 3672 2209 3724 ἂν
2255 3672 2463 3742 καρπὸς
2504 3669 2718 3741 εὑρεθῇ,
2757 3668 2962 3721 καπνοῦ
2998 3668 3155 3721 πλέον
3195 3667 3343 3720 οὐδὲν
3380 3668 3465 3719 εύ-

1899 3765 2137 3835 ρίσκεται
2171 3762 2555 3834 θολερωτάτου.
2600 3761 2671 3814 Τὸ
2712 3761 2766 3813 δὲ
2801 3760 2943 3832 ὕδωρ
2981 3762 3123 3813 ἰᾶται
3158 3761 3284 3823 τοὺς
3326 3778 3466 3830 χρω-

1899 3855 2091 3926 μένους
2106 3853 2271 3924 αύτῷ.
2294 3855 2461 3924 Λήγει
2485 3853 2540 3905 δὲ
2564 3854 2725 3906 παντὶ
2752 3853 2900 3905 ὕδατι
2920 3854 3122 3923 πάσχον
3146 3852 3380 3905 ἐναντία.
3401 3852 3464 3904 El

1894 3947 1950 3999 δὲ
1977 3948 2049 4017 μὴ
2086 3946 2350 4017 Ἰορδάνην
2366 3940 2477 4014 εἶχε
2498 3944 2585 3997 τὸν
2602 3944 2840 4015 ποταμὸν
2863 3943 2936 4007 ὡς
2963 3942 3244 4014 πορφύραν
3263 3943 3468 4014 διατρὲ-

1895 4056 2054 4109 χοντα
2084 4040 2177 4091 καὶ
2216 4037 2305 4089 ἐπὶ
2350 4037 2480 4090 πολὺ
2526 4038 2834 4107 ἀντέχοντα,
2870 4036 3059 4106 ἔληξαν
3113 4035 3178 4088 ἂν
3210 4035 3399 4088 θᾶττον
3430 4034 3464 4102 ἢ

1896 4129 2162 4197 φαίνεται.
2196 4129 2349 4181 Ἔστι
2393 4127 2448 4180 δὲ
2474 4129 2600 4199 παρ’
2631 4128 2765 4198 αύτῇ
2791 4126 3043 4197 πάμπολυ
3071 4125 3164 4178 τοῦ
3191 4125 3463 4196 βαλσάμου

1896 4206 2078 4288 φυτόν.
2114 4220 2448 4271 Ὑπονοεῖται
2476 4219 2531 4271 δὲ
2557 4218 2953 4290 ἀνατετράφθαι
2982 4217 3085 4271 ὑπὸ
3106 4218 3199 4270 τοῦ
3224 4216 3357 4270 θεοῦ
3380 4216 3469 4269 διὰ.

1892 4314 1991 4385 τὴν
2021 4312 2127 4365 τῶν
2155 4311 2571 4383 περιοικούντων
2619 4311 2891 4366 ἀσέϐειαν.
2924 4311 3085 4363 Plura
3120 4310 3187 4365 de
3232 4309 3333 4364 hac
3374 4325 3465 4363 ea—

1896 4408 2016 4460 dem
2044 4421 2102 4460 re
2139 4405 2554 4475 phiIOSOphatur
2600 4404 2817 4468 Strabo,
2856 4420 2974 4471 xvi,
3006 4410 3059 4458 et
3088 4419 3154 4457 ex
3190 4402 3456 4457 sententia

232 4490 321 4545 vel
361 4491 465 4552 alia
494 4492 747 4561 quapiam
784 4493 991 4547 ratione
1025 4492 1248 4548 effectus
1284 4493 1466 4557 fuerit,
1494 4510 1560 4548 an
1584 4510 1712 4549 vero
1742 4504 1795 4549 et
1827 4502 1868 4555 Ι)
1902 4496 2227 4560 Possidonii,
2269 4511 2390 4565 quae
2429 4503 2622 4551 caetera
2674 4496 2915 4550 facultati
2966 4504 3194 4565 natura),
3251 4493 3465 4565 praesti-

231 4590 359 4637 ante
389 4584 535 4637 illam
571 4583 907 4653 punitionem
940 4592 1107 4639 esset.
1148 4582 1440 4654 Cajetauus
1466 4594 1520 4641 et
1553 4584 1796 4641 Oleaster

231 4676 478 4743 sentiunt
512 4683 638 4731 ante
669 4678 908 4747 regionis
934 4679 1082 4733 illius
1126 4680 1462 4733 eversionem
1513 4679 1681 4734 fuisse
1720 4679 1791 4733 ibi

228 4769 410 4822 lacum
437 4808 451 4832 ,
480 4770 573 4839 qui
609 4771 905 4825 vocabatur
938 4770 1087 4825 Mare
1137 4772 1300 4833 salis,
1343 4787 1444 4825 nec
1485 4772 1794 4841 oppositum

226 4874 296 4913 ex
326 4860 524 4917 divinis
549 4862 743 4916 litteris
775 4862 1063 4918 manifesto
1084 4862 1290 4918 haberi.
1310 4862 1372 4915 Et
1394 4861 1638 4917 Oleaster
1664 4864 1796 4919 satis

226 4959 414 5020 aperte
441 4969 455 5006 :
484 4951 562 5006 Ne
586 4960 744 5023 putes
771 4992 785 5014 ,
814 4953 1017 5023 inquit,
1052 4966 1209 5009 antea
1238 4970 1345 5008 non
1379 4954 1546 5009 fuisse
1579 4970 1642 5009 eo
1676 4956 1796 5009 loco

226 5038 381 5092 illum
413 5040 587 5093 lacum
608 5080 622 5104 ,
654 5056 778 5094 cum
819 5057 1035 5113 semper
1076 5043 1131 5096 in
1162 5060 1283 5098 eum
1317 5044 1491 5097 lacum
1532 5044 1796 5100 Jordancs

224 5146 404 5201 aquas
430 5148 560 5187 suas
597 5136 971 5189 exoneraverit
1010 5153 1026 5191 :
1068 5151 1256 5189 verum
1306 5144 1465 5191 antea
1507 5137 1660 5192 lacus
1708 5136 1798 5192 ille

220 5237 338 5275 non
390 5237 451 5277 se
485 5225 810 5279 extendebat
848 5242 1020 5296 usque
1049 5226 1115 5280 ad
1144 5228 1437 5282 Sodomam
1462 5270 1475 5293 ,
1508 5229 1649 5284 sicut
1676 5238 1797 5299 post

219 5315 638 5372 subversionem
692 5318 906 5372 illarum
957 5319 1259 5375 civitatum.
1308 5320 1670 5393 Hieronymus
1717 5332 1797 5375 ta-

220 5423 351 5462 men
394 5419 449 5463 et
488 5407 760 5480 Josephus
804 5412 1141 5465 contrarium
1189 5422 1441 5478 tuentur,
1484 5430 1584 5469 nec
1613 5423 1799 5469 noster

218 5498 546 5556 Eustathius
588 5503 657 5557 ab
703 5504 812 5558 illis
855 5503 1130 5559 dissentit.
1180 5504 1350 5561 Notus
1403 5516 1489 5562 est
1537 5517 1796 5578 praeterea

222 5588 516 5648 Strabonis
560 5609 716 5649 error
769 5594 1053 5651 Sirbonem
1097 5598 1348 5666 paludem
1377 5640 1391 5663 ,
1441 5618 1562 5670 qua:
1608 5610 1690 5656 est
1728 5602 1795 5656 ad

218 5683 473 5752 Casium,
504 5686 890 5745 confundentis
921 5706 1045 5743 cum
1083 5690 1389 5760 Asphaltite
1424 5694 1544 5747 lacu
1571 5735 1584 5758 ,
1628 5711 1657 5749 a
1689 5711 1798 5765 quo

198 5771 491 5837 .Jordanes
513 5776 768 5833 ebibitur.
795 5778 1157 5850 Suspicautur
1185 5789 1363 5838 tamen
1396 5784 1663 5851 nonnulli,
1689 5800 1796 5851 non

1901 4591 2024 4659 gris,
2064 4600 2118 4643 et
2155 4590 2618 4643 incantationibus
2662 4588 2871 4643 tribuit.
2903 4587 3173 4651 Justinus,
3208 4588 3243 4640 1.
3277 4602 3461 4652 um,

1899 4683 2149 4752 paludem
2193 4682 2355 4745 hanc,
2404 4698 2578 4752 neque
2617 4682 2793 4736 ventis
2830 4681 3057 4743 moveri,
3108 4696 3281 4749 neque
3308 4678 3465 4733 navi-

1898 4774 2135 4843 gationis
2158 4774 2453 4843 patientem
2478 4789 2601 4827 esse
2641 4780 2830 4826 narrat
2863 4780 3054 4826 contra
3085 4771 3315 4824 aliorum
3345 4770 3467 4841 opi-

1900 4865 2116 4919 nionem
2145 4885 2157 4919 :
2187 4863 2253 4918 In
2278 4882 2338 4918 ea
2365 4866 2569 4935 regione
2604 4865 2749 4918 lacus
2783 4874 2882 4927 est,
2913 4865 3001 4933 qui
3033 4874 3241 4931 propter
3262 4852 3465 4931 magni;

1900 4955 2149 5017 tudinem,
2202 4964 2249 5007 et
2298 4972 2446 5024 aqure
2501 4954 2949 5015 immobilitatem,
3008 4952 3276 5005 Mortuum
3320 4969 3466 5005 mare

1896 5045 2121 5107 dicitur;
2156 5061 2276 5098 nam
2305 5062 2461 5115 neque
2490 5046 2649 5098 ventis
2677 5056 2905 5097 movetur
2934 5044 3203 5097 resistente
3238 5042 3462 5096 turbini-

1898 5138 1991 5191 bus
2028 5138 2297 5199 bitumine,
2328 5156 2427 5207 quo
2470 5156 2605 5209 aqua
2652 5140 2819 5191 omnis
2849 5146 3147 5207 stagnatur.
3179 5153 3335 5206 neque
3369 5153 3466 5188 na-

1901 5233 2174 5302 vigationis
2191 5233 2391 5301 patiens
2416 5241 2512 5294 est,
2533 5231 2777 5301 quoniam
2797 5230 2973 5282 omnia
3006 5229 3112 5282 vita
3138 5228 3371 5282 carentia
3410 5227 3465 5279 in

1898 5325 2221 5394 profundum
2252 5334 2587 5393 merguntur;
2630 5340 2719 5376 nec
2758 5322 3034 5375 materiam
3079 5321 3244 5373 ullam
3303 5319 3474 5373 susti-.

1901 5425 2005 5477 net,
2032 5415 2134 5468 nisi
2168 5431 2283 5484 qucv
2311 5431 2343 5465 a
2370 5412 2565 5465 lumine
2598 5412 2862 5465 illinatur.

1967 5504 2128 5563 lbid.,
2160 5505 2255 5557 lin.
2281 5503 2367 5556 52.
2404 5502 2500 5567 Ὠς
2523 5502 2609 5570 μὴ
2643 5501 2959 5555 δύνασθαι,
2989 5498 3221 5558 Plinius.
3248 5498 3341 5552 lib.
3367 5513 3469 5568 vn,

1898 5611 2019 5665 cap.
2055 5595 2139 5657 15,
2178 5595 2244 5647 de
2278 5594 2565 5647 mulierum
2602 5591 2865 5662 profluvio
2895 5605 3197 5647 sermonem
3232 5590 3461 5667 habens:

1900 5692 2039 5758 Quin
2072 5700 2119 5743 et
2151 5690 2461 5743 bituminum
2495 5704 2691 5757 sequax
2727 5688 2959 5757 alioquin
2986 5704 3047 5741 ac
3077 5686 3215 5739 lenta
3247 5694 3467 5749 natura.

1901 5786 1950 5838 in
1980 5785 2096 5838 lacu
2139 5781 2362 5845 Judtete,
2403 5782 2491 5853 qui
2524 5790 2737 5836 vocatur
2782 5780 3115 5853 Asphaltites,
3155 5786 3291 5843 certo
3333 5784 3466 5839 tem
