4072 6338
560 363 585 417 i
595 361 699 418 023

1884 347 2129 404 LEONIS
2161 343 2425 402 ALLATII

3643 339 3799 393 ισει

554 493 679 551 pore
716 473 840 528 anni
880 479 1244 539 supernatans,
1273 471 1446 541 nequit
1476 469 1577 525 sibi
1606 470 1781 533 avelli,
1814 470 1881 524 ad
1915 487 2116 525 omnem
2148 478 2189 531 Α
2220 470 2387 531 disse,
2416 472 2541 538 post
2570 462 2957 518 circumcisum
2992 458 3284 551 Abraham,
3317 464 3370 512 et
3407 456 3603 551 multas
3640 457 3802 551 alias

553 571 851 623 contactum
875 561 1168 624 adluerens,
1194 574 1540 633 prasterquam
1565 562 1658 631 ﬁlo
1682 562 1820 633 quod
1851 562 1955 617 tale
1977 564 2119 617 virus

552 655 807 726 infecerit.
841 652 904 706 Et
954 651 1195 719 Solinus,
1238 653 1331 709 lib.
1360 669 1456 707 tv:
1490 652 1732 707 Bitumen
1782 656 2018 709 nascitur
2065 654 2121 707 in

550 746 768 812 Iudaea,
808 744 945 817 quod
1000 745 1317 815 Asphaltites
1361 747 1526 818 gignit
1553 746 1722 811 lacus,
1760 746 1888 802 adeo
1921 748 2123 801 lentum

553 841 774 895 mollitie
818 839 1106 910 glutinosa,
1153 846 1207 891 ut
1243 856 1275 892 a
1309 855 1363 893 se
1411 848 1629 908 nequeat
1663 840 1938 907 separari:
1982 841 2118 895 enim

553 947 671 986 vero
691 930 739 984 si
762 930 1069 999 abrumpere
1098 940 1300 997 partem
1331 929 1478 995 velis,
1507 930 1817 985 universitas
1841 943 2117 1002 sequetur;

552 1024 821 1093 scindique
864 1039 968 1077 non
1000 1031 1192 1092 potest,
1231 1023 1479 1093 quoniam
1520 1023 1574 1077 in
1618 1033 1868 1094 quantum
1894 1023 2120 1077 ducatur

550 1114 873 1179 extenditur,
914 1113 1001 1167 sed
1035 1114 1121 1167 ubi
1177 1113 1393 1168 admota
1430 1114 1627 1181 fuerint
1653 1130 1839 1167 cruore
1881 1114 1975 1166 illo
2004 1114 2120 1184 pol-

554 1208 669 1260 luta
704 1207 827 1276 ﬁla,
854 1217 1035 1276 sponte
1071 1206 1408 1276 dispergitur,
1435 1215 1484 1260 et
1523 1206 1783 1275 applicata
1813 1207 1928 1260 tabe
1955 1205 2119 1260 dedu-

552 1296 691 1349 citur
728 1296 885 1364 paulo
916 1304 1035 1349 ante
1087 1310 1275 1363 corpus
1324 1310 1503 1358 unum,
1556 1295 1714 1364 [itque
1750 1294 1814 1348 de
1843 1295 2118 1349 tenacitate

553 1401 784 1440 connexa
834 1384 1141 1454 contagione
1198 1383 1414 1452 partitio
1469 1384 1757 1453 repentina.
1814 1382 2113 1452 Iosephus:

552 1474 879 1547 Πληρὼσασι
902 1474 958 1528 δὲ
972 1473 1297 1527 ἀποκόπτειν
1321 1474 1380 1527 οὐ
1407 1473 1609 1545 ῥᾴδιον,
1629 1473 1761 1527 ἀλλὰ
1786 1474 1852 1527 δι’
1875 1472 2117 1527 εὐτονίαν

551 1570 931 1643 προσήρτηται
972 1567 1049 1638 τῷ
1090 1566 1366 1641 μηρύματι
1407 1566 1610 1635 σκάφος
1642 1566 1747 1631 ἕως
1776 1567 1840 1620 ἂν
1868 1567 2117 1637 ἐμμηνίῳ

551 1658 823 1730 γυναικῶν
851 1659 1037 1729 αἵματι
1072 1659 1163 1712 καὶ
1197 1658 1342 1730 οὔρῳ
1378 1658 1700 1712 διαλύσωσιν
1732 1659 1891 1712 αὑτὸν
1915 1653 1996 1723 οἷς
2024 1661 2117 1730 μό-

551 1767 663 1816 νοις
711 1751 855 1821 ἥκει.
893 1750 1169 1817 Brodaeus,
1224 1750 1322 1807 lib.
1352 1766 1425 1819 Iv,
1471 1765 1592 1821 cap.
1613 1750 1720 1817 25;
1762 1749 2116 1807 Possidonius

552 1842 823 1915 praestigia
860 1842 975 1897 haec
1015 1856 1137 1898 esse
1174 1850 1227 1897 et
1259 1840 1678 1908 incantationes,
1713 1841 1911 1912 quibus
1951 1841 2116 1896 dediti

552 1932 747 1986 accolae
774 1930 1086 1991 utebantur,
1125 1938 1184 1985 ut
1214 1931 1380 1986 refert
1414 1930 1631 1998 Strabo,
1664 1932 1758 1985 lib.
1792 1948 1904 1987 xvi.

619 2018 732 2074 Col.
754 2020 875 2084 761,
912 2021 1004 2075 lin.
1040 2021 1125 2077 54.
1144 2021 1486 2075 Ἀλλάττειν
1505 2020 1571 2075 δέ
1592 2036 1795 2090 φασιν.
1811 2020 2111 2091 Iosephus:

554 2111 777 2166 Ἐστιδὲ
799 2113 889 2165 ἐπὶ
906 2112 1078 2183 τούτῳ
1107 2112 1199 2165 καὶ
1229 2113 1261 2183 ή
1289 2112 1388 2183 τῆς
1417 2112 1582 2184 χρόας
1614 2111 1878 2184 μεταϐολὴ
1904 2112 2112 2183 θαυμάο

552 2220 684 2268 σιος’
704 2204 822 2276 τρὶς
839 2204 946 2277 γὰρ
962 2205 1196 2274 ἑκάστης
1211 2203 1422 2274 ἡμέρας
1439 2204 1535 2276 τὴν
1552 2204 1866 2273 ἐπιφάνειαν
1885 2203 2113 2257 άλάσσε-

549 2312 660 2359 ται,
686 2295 778 2351 καὶ
795 2295 930 2367 πρὸς
942 2296 1039 2361 τὰς
1052 2295 1284 2365 ἡλιακὰς
1313 2296 1536 2359 ἀκτῖνας
1563 2297 1817 2365 ἀνταυγεῖ
1834 2294 2112 2359 ποικίλως.

533 2416 539 2433 ο
617 2387 735 2443 Col.
768 2389 895 2453 764,
924 2388 1021 2444 lin.
1054 2390 1105 2444 Ι.
1134 2389 1245 2443 Kal
1284 2389 1433 2458 μετὰ
1478 2389 1591 2457 τὴν
1623 2389 1782 2458 ὀγδό.
1822 2387 2112 2459 Iosephus,

549 2481 731 2552 Antig.
764 2481 859 2535 lib.
892 2497 909 2537 ι
936 2498 951 2535 :
981 2481 1233 2537 Τίκτεται
1264 2482 1319 2536 δὲ
1356 2484 1483 2545 παῖς
1507 2483 1779 2553 ἑκατέρων
1802 2481 1877 2553 τῷ
1904 2482 2115 2552 ὑστάτῳ

549 2572 681 2635 Iret,
707 2572 765 2625 ὃν
788 2572 946 2637 εὐθὺς
978 2575 1092 2641 μετ’
1114 2573 1303 2644 ὀγδόην
1337 2572 1548 2645 ἡμέραν
1582 2572 1985 2643 περιτέμνουσι.
2013 2572 2116 2638 κάξ

549 2662 759 2718 ἑκείνου
788 2662 924 2733 μετὰ
939 2665 1204 2729 τοσαύτας
1219 2664 1336 2729 ἔθος
1353 2665 1563 2737 ἔχουσιν
1594 2667 1641 2719 οἱ
1679 2666 1917 2719 Ἰουδαῖοι
1944 2668 2113 2719 ποιεῖ-

551 2754 676 2809 σθαι
719 2754 817 2820 τὰς
858 2757 1179 2827 περιτομάς.
1223 2755 1334 2811 Cur
1366 2766 1591 2811 octavus
1639 2755 1756 2811 dies
1804 2755 2113 2827 assignatus

550 2846 713 2903 fuerit
732 2849 1134 2903 circumcisioni
1153 2848 1289 2904 duas
1310 2849 1549 2904 rationes
1571 2849 1784 2920 attingit
1798 2849 2117 2921 Chrysosto—

550 2952 695 3000 mus,
731 2939 783 2990 in
819 2936 1000 2993 Cenes.
1037 2938 1185 2993 hom.
1228 2937 1315 3003 59,
1352 2954 1472 3009 qua:
1504 2945 1686 2994 tamen
1731 2938 1952 2995 Pererio
2005 2954 2113 2994 non

549 3027 892 3085 satisfaciunt
916 3030 969 3083 in
998 3044 1117 3099 cap.
1143 3045 1275 3086 xvii.
1317 3028 1494 3096 Quare
1514 3029 1755 3099 explosis
1782 3028 1911 3095 illis,
1953 3030 2112 3085 aliam

2221 561 2494 616 nationes.
2554 553 2884 617 Herodotus,
2935 552 2973 609 l.
3027 568 3065 608 ιι
3101 572 3114 609 :
3150 550 3341 606 Virilia
3401 549 3800 603 circumcidunt

2221 650 2492 706 munditia
2505 648 2700 719 gratia,
2722 645 2892 714 pluris
2915 644 3159 714 facientes
3185 659 3238 697 se
3253 639 3472 696 mundos
3493 657 3603 695 esse
3619 658 3802 711 φιαπι

2219 742 2456 798 decoros.
2510 738 2821 796 Sacerdotes
2848 750 3047 808 quoque
3084 734 3167 788 die
3202 742 3366 787 totum
3413 749 3596 801 corpus
3649 749 3798 786 era-

2219 832 2368 897 dunt,
2400 847 2463 886 ne
2483 828 2607 901 quid
2628 829 2703 884 eis
2738 828 2873 881 inter
2902 826 3117 880 deorum
3148 823 3365 888 cultum,
3403 832 3497 877 aut
3528 823 3797 892 pediculi,
3835 886 3839 895 τ

2219 934 2311 980 aut
2350 924 2566 979 alterius
2590 920 2761 976 sordis
2793 928 3014 973 creetur.
3044 916 3199 986 Apud
3232 913 3512 986 Egyptios
3540 916 3796 970 circum-

2218 1016 2356 1073 cisio
2400 1016 2455 1070 in
2485 1029 2549 1069 ea
2594 1013 2695 1067 fuit
2740 1010 3100 1066 aestimatione
3134 1016 3190 1061 ut
3235 1008 3366 1062 nulli
3396 1007 3499 1063 nisi
3538 1008 3795 1063 circum-

2218 1109 2337 1164 ciso
2368 1106 2439 1162 ad
2480 1106 2797 1177 dignitates,
2827 1112 2882 1159 et
2911 1104 3013 1159 alia
3056 1103 3279 1159 honoris
3306 1102 3618 1172 prtemiique
3644 1117 3795 1169 mu-

2218 1217 2349 1257 nera
2398 1206 2604 1272 pateret
2656 1197 2858 1252 aditus.
2906 1195 3195 1268 Origenes,
3244 1194 3339 1251 lib.
3376 1208 3414 1248 ιι
3464 1192 3791 1248 Comment.

2218 1292 2389 1362 Epist.
2424 1291 2494 1344 ad
2521 1289 2673 1345 Rom.
2698 1286 2883 1357 :Apud
2911 1286 3210 1358 Egyptios,
3235 1285 3323 1355 qui
3365 1285 3419 1339 in
3445 1286 3795 1353 superstitio-

2218 1386 2370 1439 nibus
2405 1382 2747 1438 vetustissimi
2795 1390 2846 1436 et
2891 1379 3237 1436 eruditissimi
3283 1378 3627 1442 habebantur,
3657 1387 3713 1431 et
3754 1397 3793 1431 α

2215 1474 2401 1544 quibus
2429 1474 2605 1528 cwteri
2634 1488 2791 1543 prope
2819 1488 2993 1525 omnes
3026 1472 3185 1524 ritum
3228 1486 3498 1525 sacrorum
3546 1479 3599 1525 et
3632 1486 3798 1524 cere-

2220 1567 2418 1621 monias
2469 1567 2700 1620 mutuati
2730 1574 2873 1629 sunt,
2922 1565 3119 1628 nullus,
3177 1571 3269 1617 aut
3320 1564 3631 1633 geometria,
3681 1573 3797 1617 aut

2216 1660 2517 1729 astrologia
2543 1656 2807 1713 studebat.
2840 1665 2932 1709 aut
2964 1672 3202 1727 geneseos
3248 1665 3445 1709 secreta
3472 1655 3790 1709 rimabatur

2217 1751 2318 1805 nisi
2340 1751 2678 1804 circumcisus
2699 1758 2854 1804 esset.
2881 1746 3049 1802 Nemo
3076 1749 3194 1801 item
3221 1746 3360 1815 apud
3384 1746 3503 1802 illos
3526 1747 3791 1801 sacerdos

2215 1860 2326 1897 esse
2349 1850 2575 1912 poterat,
2609 1857 2771 1910 neque
2818 1854 3063 1909 aruspex,
3100 1854 3259 1908 neque
3302 1837 3648 1909 quorumlibet
3682 1857 3793 1894 sa-

2211 1950 2419 1989 crorum
2468 1933 2737 1994 minister,
2766 1948 2878 1991 nec,
2908 1941 2965 1984 ut
3008 1930 3089 1983 illi
3129 1931 3479 2000 appellabant,
3503 1934 3787 2001 propheta.

2213 2023 2316 2077 nisi
2349 2032 2505 2076 antea
2551 2021 2944 2075 circumcisione
2981 2021 3133 2090 quasi
3176 2031 3446 2091 purgatus,
3490 2030 3641 2091 atque
3672 2023 3790 2075 ini-

2212 2115 2376 2169 tiatus
2408 2113 2615 2184 fuisset.
2660 2112 2850 2166 Omnes
2884 2110 3266 2180 hierophantes,
3303 2128 3576 2182 omnesque
3610 2123 3788 2179 rates,

2212 2217 2368 2277 atque
2416 2221 2592 2259 omnes
2640 2205 2746 2259 sive
2790 2204 2924 2264 caeli,
2963 2212 3019 2255 ut
3067 2212 3255 2271 putant
3299 2203 3401 2267 illi,
3436 2204 3551 2257 sive'
3584 2205 3794 2275 inferni

2212 2307 2401 2369 mystes
2421 2309 2470 2352 et
2500 2298 2738 2351 conscius
2765 2297 2963 2351 nullam
2997 2297 3136 2365 apud
3164 2312 3249 2351 eos
3273 2294 3426 2365 fidem
3468 2306 3516 2349 et
3543 2300 3791 2351 auctori-

2212 2397 2368 2443 tatem
2392 2388 2546 2442 habet
2575 2387 2822 2457 nulloque
2854 2387 2908 2440 in
2934 2386 3127 2441 honore
3150 2396 3248 2450 est,
3279 2386 3329 2440 si
3353 2385 3445 2439 hoc
3468 2396 3647 2440 careat
3669 2388 3792 2440 cir-

2212 2479 2550 2535 cumcisionis
2594 2480 2807 2550 insigni.
2850 2476 3132 2545 Quomodo
3181 2487 3358 2533 autem
3392 2494 3456 2533 ex
3506 2478 3788 2534 Abraham

2214 2572 2473 2645 Egyptii,
2515 2580 2812 2645 gentesque
2853 2573 2971 2627 aliae
3013 2572 3178 2626 ritum
3216 2570 3649 2627 circumcisionis
3683 2588 3790 2626 ac-

2213 2666 2459 2738 ceperint
2502 2666 2751 2737 plurihus
2791 2664 3138 2734 prosequitur
3168 2662 3460 2734 Gregorius
3498 2661 3787 2717 Thauma-

2212 2763 2420 2826 turgus,
2439 2755 2634 2811 Catena
2656 2756 2707 2809 in
2730 2753 3069 2817 Hieremiam,
3090 2768 3211 2824 cap.
3234 2769 3307 2813 Ix.
3329 2752 3396 2809 26
3416 2770 3430 2817 ;
3452 2769 3611 2823 quem
3628 2753 3788 2811 vide.

2282 2846 2441 2913 Ibid.,
2470 2848 2569 2902 lin.
2600 2845 2655 2902 8.
2682 2845 2922 2913 Μήποτε
2952 2846 3122 2916 μετά.
3171 2845 3370 2902 Eadem
3420 2846 3578 2902 habet
3618 2844 3791 2901 Iose-

2214 2937 2376 3010 phus,
2416 2939 2593 3011 Antiq.
2627 2938 2720 2993 lib.
2755 2956 2795 3002 ι,
2841 2953 2961 3009 cap.
3004 2939 3103 2993 15:
3136 2937 3257 2993 Pari
3300 2938 3530 3003 ratione,
3563 2947 3616 2993 et
3647 2938 3787 2995 aliis

2215 3030 2339 3087 llliis
2378 3031 2628 3086 Cethurze
2667 3031 2808 3088 natis
2858 3031 3087 3102 largitus
3132 3040 3217 3086 est
3251 3044 3495 3096 munera,
3542 3038 3601 3085 ut
3653 3040 3787 3102 post

550 3118 607 3175 ln
634 3120 870 3176 medium
896 3119 1137 3184 adducit,
1172 3128 1226 3175 et
1250 3120 1418 3177 variis
1444 3122 1779 3191 argumentis
1809 3122 2109 3177 conﬁrmat.
2140 3151 2183 3211 ε
2217 3131 2442 3179 mortem
2469 3139 2498 3177 a
2524 3124 2724 3178 talione
2749 3125 2949 3179 levaret
2980 3123 3151 3187 lsaac,
3179 3125 3500 3193 sedaretque
3523 3123 3782 3193 dissidia,

549 3206 659 3265 Nec
691 3225 756 3264 ex
792 3212 891 3265 hoc
916 3209 1189 3265 Eustathii
1231 3211 1354 3266 loco
1398 3211 1668 3266 Abraham
1705 3212 1942 3267 divinum
1972 3228 2110 3283 prae.-

552 3309 767 3371 ceptum
811 3302 1047 3358 violasse
1084 3302 1561 3372 deprehendimus,
1610 3319 1734 3357 cum
1777 3317 1887 3358 non
1921 3312 2115 3361 octavo

550 3392 661 3457 die,
700 3403 759 3448 ut
805 3393 948 3451 Deus
996 3402 1349 3467 praeceperat,
1384 3395 1479 3451 sed
1528 3402 1652 3466 post
1692 3400 1942 3450 octavum
1972 3396 2113 3453 diem

552 3489 721 3541 nlium
762 3503 921 3542 suum
953 3488 1316 3544 circumcidit.
1362 3487 1620 3555 Quamvis
1652 3486 1797 3542 enim
1842 3489 1958 3544 sine
1990 3503 2115 3557 pec-

551 3586 677 3632 cato
705 3578 1178 3635 circumcisionem
1201 3578 1418 3635 dill‘erre
1444 3586 1629 3650 posset
1650 3579 1806 3634 novis
1835 3595 2115 3650 emergen-

551 3670 697 3725 tibus
728 3670 931 3733 causis,
975 3680 1152 3725 tamen
1195 3670 1309 3740 ipse
1340 3669 1655 3723 mandatum
1700 3668 1795 3724 Dei
1833 3669 2113 3739 explevit:

553 3760 629 3815 ita
658 3767 837 3813 autem
887 3759 1100 3815 locutus
1149 3769 1232 3815 est
1278 3758 1614 3823 Eustathius,
1658 3758 2112 3831 quemadmodum

553 3856 609 3904 et
642 3846 931 3919 Iosephus,
957 3850 1004 3904 si
1028 3866 1110 3905 me
1140 3865 1247 3904 non
1278 3849 1415 3905 fallit
1456 3850 1660 3921 Opinio,
1688 3859 1747 3903 ut
1771 3849 2114 3906 demonstra-

553 3949 662 4006 ret,
695 3952 826 3998 tunc
872 3958 1099 4013 puerum
1132 3958 1255 3998 esse
1280 3942 1803 4007 circumcidendum,
1841 3957 1964 3998 cum
2000 3942 2113 4013 jam

554 4030 672 4087 dies
705 4040 829 4086 octo
858 4033 1146 4102 explesset,
1184 4038 1237 4085 et
1278 4030 1488 4085 videtur
1526 4032 1647 4088 elici
1686 4048 1751 4087 ex
1781 4032 1913 4102 ipsis
1938 4036 2115 4090 verbis

555 4118 870 4189 Scriptum,
892 4134 1014 4189 cap.
1039 4135 1143 4173 xvu
1171 4139 1183 4174 :
1212 4117 1401 4189 Infans
1419 4131 1534 4176 octo
1561 4122 1762 4176 dierum
1780 4124 2115 4177 circumcide-

555 4222 642 4267 tur
670 4213 722 4266 in
753 4212 893 4266 vobis
933 4229 1081 4267 omne
1126 4213 1493 4279 masculinum,
1528 4223 1634 4271 etc.
1676 4214 1816 4287 Ergo
1863 4217 1946 4272 vel
1997 4218 2114 4287 ipso

553 4313 747 4357 octavo
776 4301 882 4369 die,
910 4302 992 4357 vel
1028 4317 1094 4357 eo
1125 4304 1356 4373 expleto.
1412 4304 1627 4370 Strabo,
1662 4304 1757 4359 lib.
1788 4321 1919 4368 xvu,
1962 4314 2114 4377 putat

553 4394 719 4449 etiam
749 4389 977 4448 feminas
1005 4392 1220 4450 Iudaeas
1258 4405 1584 4467 amputatas,
1616 4397 1762 4470 quod
1801 4397 1879 4452 uti
1915 4397 2111 4453 falsum

2212 3223 2266 3270 et
2296 3214 2695 3278 contentiones,
2735 3230 2855 3285 quae
2880 3223 3094 3268 mortuo
3118 3213 3211 3267 illo
3241 3223 3486 3284 poterant
3514 3215 3565 3269 in
3592 3230 3785 3270 rerum

2211 3306 2479 3361 divisione
2509 3306 2663 3361 oriri.
2693 3303 3021 3375 Cajetanus:
3055 3304 3203 3371 Ideo,
3236 3305 3435 3375 inquit,
3464 3306 3605 3360 dona
3635 3306 3787 3361 dedit

2212 3394 2478 3448 Abraham
2508 3394 2635 3463 ﬁliis
2669 3396 3101 3460 concubinarum,
3140 3404 3191 3450 et
3232 3395 3434 3450 dimisit
3463 3412 3552 3451 eos
3585 3414 3619 3450 α
3650 3413 3786 3450 cura

2213 3504 2332 3553 sua,
2364 3498 2420 3540 ut
2459 3497 2763 3542 exoneraret
2802 3486 2957 3541 Isaac
2987 3487 3156 3557 ﬁlium
3186 3504 3338 3541 suum
3369 3489 3433 3541 ab
3472 3506 3626 3543 onere
3652 3508 3783 3559 pro-

2215 3580 2421 3634 videndi
2451 3580 2579 3635 illis.
2618 3578 2956 3633 lncumbebat
2994 3580 3130 3633 enim
3164 3578 3323 3634 Isaac
3346 3579 3541 3635 haercdi
3568 3582 3781 3635 univer-

2214 3674 2317 3728 sali
2365 3689 2492 3727 cura
2538 3672 2842 3742 providendi
2892 3672 3150 3742 fratribus
3204 3675 3314 3728 suis
3364 3672 3429 3726 ab
3473 3673 3787 3728 Itwreditate

2213 3762 2439 3817 exclusis
2487 3778 2505 3816 :
2554 3761 2813 3831 ejusmodi
2880 3760 3019 3814 enim
3077 3760 3381 3814 exoneratio
3424 3760 3781 3829 signiﬁcatur,

2214 3851 2457 3916 dicendo,
2501 3862 2556 3905 ut
2599 3861 2676 3906 est
2715 3853 2768 3903 in
2828 3848 3073 3914 Hebraeo,
3107 3848 3173 3902 Et
3230 3850 3375 3902 misit
3427 3865 3513 3903 eos
3558 3847 3789 3919 desuper

2216 3943 2374 3998 Isaac
2412 3942 2536 3997 dum
2576 3942 2745 3997 adhuc
2774 3944 2882 4014 ipse
2910 3943 3114 4006 viveret,
3145 3952 3388 4013 tanquam
3414 3941 3599 3995 tollens
3625 3957 3783 4003 onus,

2213 4036 2349 4106 quod
2377 4045 2490 4089 erat
2515 4052 2667 4106 super
2698 4035 2878 4099 Isaac,
2910 4046 2958 4089 et
2989 4036 3113 4105 quia
3141 4034 3249 4089 hate
3276 4035 3537 4088 exsecutio
3566 4034 3669 4103 fuit
3698 4034 3786 4086 ul-

2215 4129 2344 4181 tima
2377 4145 2457 4182 res
2491 4137 2633 4197 gesta
2668 4127 2732 4180 ab
2762 4127 3030 4180 Abraham
3071 4128 3494 4196 prudentissime,
3528 4127 3642 4180 ideo
3681 4127 3784 4180 ad-

2207 4221 2473 4290 jungitur,
2502 4218 2639 4289 quod
2669 4218 2791 4287 fecit
2821 4218 2947 4272 dum
2980 4218 3150 4273 adhuc
3181 4221 3287 4288 ipse
3310 4220 3520 4275 viveret.

2283 4311 2440 4378 Ibid.,
2476 4311 2573 4364 lin.
2612 4311 2692 4366 lt).
2740 4310 3050 4380 Κατέσχον
3102 4311 3271 4381 γοῦν.
3320 4310 3614 4381 Iosephus,
3646 4326 3777 4366 va:

2216 4401 2371 4461 Οὗτοι
2401 4407 2580 4460 πᾶσαν
2611 4405 2709 4479 τὴν
2740 4408 2833 4461 ἀπ’
2856 4406 3136 4478 Εὐφράτου
3161 4408 3251 4461 καὶ
3272 4407 3613 4478 καθήκουσαν
3643 4410 3785 4481 πρὸς

552 4495 608 4542 et
647 4485 935 4542 ridiculum
973 4488 1147 4558 rejicit
1169 4487 1401 4553 Delrius,
1434 4490 1619 4546 Genes.
1651 4506 1769 4562 cap.
1802 4508 1934 4546 xvu.
1968 4491 2111 4547 Rab-

2215 4499 2310 4569 τὴν
2362 4498 2626 4571 Ἐρυθρὰν
2670 4498 2940 4553 θάλασσαν
2969 4498 3298 4561 κατοικοῦσι,
3339 4498 3649 4573 Ναϐατινήν
3681 4503 3784 4574 τὴν

554 4576 669 4639 bini
710 4579 927 4649 quidam
960 4580 1149 4635 dicunt
1180 4596 1272 4636 eas
1307 4598 1405 4652 pro
1434 4584 1850 4640 circumcisione
1878 4586 2109 4656 quadam

556 4684 711 4741 aqua:
740 4670 1061 4727 lustratione
1098 4673 1241 4728 haud
1286 4674 1523 4731 absimili
1556 4675 1826 4746 baptismo
1867 4692 2017 4741 usas,
2054 4686 2114 4731 ut

554 4772 741 4818 narrat
763 4762 921 4822 Ioan.
956 4763 1295 4831 Benedictus,
1322 4768 1414 4823 lib.
1460 4784 1474 4821 ι
1518 4767 1747 4824 Summa:
1775 4768 1837 4825 de
1867 4770 2112 4839 peccatis,

555 4869 678 4925 cap.
715 4854 767 4921 7.
2054 4870 2057 4873 ‘

626 4944 779 5007 Ibid.,
834 4945 929 5001 lin.
985 4945 1038 5000 ι.
1087 4948 1323 5014 Ἄραϐες
1381 4946 1507 5017 γάρ.
1555 4947 1861 5020 Iosephus,
1921 4952 2013 5005 lib.
2074 4969 2112 5016 ι,

556 5051 677 5106 cap.
706 5038 792 5102 15,
828 5038 1041 5109 Antiq.:
1076 5039 1310 5111 Ἄραϐες
1338 5040 1394 5093 δὲ
1429 5041 1565 5111 μετὰ
1595 5042 1710 5105 ἔτος
1743 5045 2116 5117 τρισκαιδέκα-

556 5144 681 5180 τον’
739 5128 1019 5200 Ἰσμαῆλος
1073 5130 1177 5202 γὰρ
1228 5133 1257 5183 ὁ
1302 5130 1523 5202 κτίστης
1564 5133 1740 5186 αὐτῶν
1771 5134 1862 5188 τοῦ
1912 5136 2113 5199 ἔθνους,

568 5219 841 5291 ’Λϐράμου
868 5223 1151 5293 γενόμενος
1178 5225 1241 5276 ἐκ
1268 5224 1365 5295 τῆς
1387 5224 1664 5297 παλλακῆς
1690 5228 1746 5280 ὲν
1770 5228 1940 5299 τούτῳ
1964 5246 2116 5299 περι-

557 5324 810 5383 τέμνεται
843 5314 921 5385 τῷ
964 5314 1159 5386 χρόνῳ.
1187 5316 1251 5369 Ει
1274 5317 1341 5371 ab
1368 5317 1453 5373 his
1482 5316 1787 5389 Egyptios,
1830 5317 2115 5375 Phtenices

556 5414 612 5463 et
634 5406 768 5460 alios
792 5405 951 5460 ritum
980 5407 1414 5465 circumcisionis
1436 5411 1713 5480 accepisse
1740 5411 1871 5465 nulli
1894 5410 2117 5466 dubium

560 5506 679 5547 esse
705 5492 884 5557 debet,
917 5493 1020 5549 etsi
1052 5496 1209 5551 aliter
1238 5498 1437 5553 sentiat
1468 5496 1795 5563 Herodotus,
1827 5501 1918 5569 qui
1946 5498 2116 5555 Palae-

559 5584 735 5640 stinos
766 5585 834 5641 ab
871 5585 1141 5659 Egyptiis
1180 5588 1282 5645 hoc
1308 5590 1563 5646 didicisse
1591 5592 1777 5648 refert.
1816 5590 1949 5647 lllud
1992 5610 2115 5664 pro-

562 5676 703 5731 lecto
746 5678 1095 5735 manifestum
1132 5688 1238 5746 est,
1281 5692 1404 5739 ante
1442 5687 1913 5743 circumcisionem
1946 5687 2117 5758 ipsius

562 5767 790 5837 Abrahae
843 5770 1051 5828 nullum
1097 5789 1367 5839 nusquam
1416 5774 1684 5833 hominem
1730 5794 1786 5834 se
1825 5779 2112 5834 circumci-

2214 4588 2397 4661 χώραν
2430 4589 2828 4660 ὠνομάσαντες.
2860 4588 2981 4643 Εἰσὶ
3011 4590 3066 4646 δὲ
3110 4583 3253 4646 οὗτοι
3292 4593 3341 4646 o‘l
3380 4593 3487 4646 τῶν
3534 4594 3781 4667 Ἀράϐων

2213 4680 2506 4744 {evagata
2538 4679 2637 4744 τὰς
2668 4680 2836 4749 φυλὰς
2867 4680 2960 4735 ἀπ’
3006 4682 3185 4737 αὐτῶν
3215 4683 3437 4738 καλοῦσι
3468 4684 3557 4738 διά
3585 4702 3649 4739 τε
3680 4685 3783 4757 τὴν

2214 4771 2413 4843 ἀρετὴν
2446 4770 2621 4826 αὐτῶν
2648 4773 2740 4826 καὶ
2769 4773 2854 4827 διὰ
2886 4775 2946 4827 τὸ
2991 4775 3262 4846 Ἀϐράμου
3294 4774 3527 4847 ἀξίωμα.

2284 4860 2445 4927 Ibid.,
2479 4864 2576 4920 lin.
2613 4865 2695 4918 15.
2740 4864 2791 4918 Ὀ
2829 4866 2970 4932 Θεὸς
2994 4866 3099 4920 τὸν
3135 4866 3351 4923 Ἰσαάκ.
3387 4866 3585 4923 Eadem
3620 4866 3785 4925 Iose-

2214 4956 2377 5027 phus,
2407 4957 2585 5028 Antiq.
2621 4957 2713 5012 lib.
2744 4973 2783 5024 ι,
2826 4973 2946 5028 cap.
2999 4958 3084 5021 tl,
3138 4958 3228 5013 ubi
3272 4968 3325 5016 et
3368 4959 3517 5015 Isaac
3547 4962 3679 5016 dum
3706 4960 3783 5017 ad

2215 5049 2542 5105 sacriﬁcium
2578 5049 2938 5106 immolandos
2964 5049 3276 5114 duceretur,
3310 5051 3474 5107 fuisse
3495 5052 3663 5107 tradit
3688 5055 3780 5107 vi-

2214 5138 2349 5209 ginti
2383 5140 2621 5210 quinque
2659 5155 2945 5194 annorum.
2980 5140 3130 5197 Aben
3171 5141 3306 5198 Ezra
3338 5143 3647 5211 duodecim,
3673 5145 3783 5202 He-

2215 5230 2345 5284 braei
2374 5231 2594 5300 triginta
2633 5238 2857 5300 septem.
2903 5227 3099 5285 Verum
3130 5228 3348 5304 Iosephi
3378 5234 3651 5288 sententia
3687 5250 3784 5288 ra-

2216 5320 2528 5375 tionabilior
2572 5320 2804 5383 videtur,
2846 5337 2946 5377 nec
2982 5323 3127 5377 enim
3171 5339 3435 5379 annorum
3465 5324 3653 5380 decem
3690 5324 3783 5379 vel

2214 5412 2502 5468 duodecim
2540 5410 2691 5468 lsaac
2734 5413 2791 5467 in
2832 5429 3060 5469 ascensu
3088 5416 3289 5470 montis
3315 5416 3485 5471 arduo
3525 5427 3579 5472 et
3620 5416 3783 5472 1³1»-

2218 5505 2385 5571 rioso,
2404 5506 2459 5559 in
2480 5513 2589 5560 tam
2605 5513 2791 5561 tenera
2813 5514 2991 5571 aetate,
3027 5507 3239 5577 pondus
3269 5508 3538 5580 lignorum
3570 5509 3641 5564 ad
3672 5510 3779 5565 ho-

2218 5599 2520 5652 locaustum
2556 5596 2694 5652 ferre
2726 5598 3011 5669 potuisset,
3039 5608 3091 5655 et
3119 5599 3341 5671 triginta
3368 5609 3575 5672 septem
3604 5603 3781 5660 nimis

2217 5695 2526 5757 provectus,
2560 5703 2657 5744 nec
2683 5705 2816 5759 puer
2845 5705 2875 5742 ει
2910 5687 3191 5761 Scriptura
3213 5692 3335 5760 jure
3359 5692 3621 5763 appellari
3648 5708 3778 5764 pos-

2220 5785 2318 5834 set.
2348 5778 2420 5834 Ex
2461 5794 2567 5852 quo
2602 5779 2799 5837 Paulus
2834 5781 3125 5850 Burgensis
3156 5792 3583 5854 argumentatur,
3620 5784 3776 5839 Isaae
