4072 6338
302 264 441 318 1025

1374 257 1437 312 IN
1480 255 1845 314 EESTATHII
1883 250 2352 311 HEXAEMERON
2386 251 2613 309 ΝΟΤΛΕ.

3371 246 3506 305 ιοεο

298 388 431 433 tunc
468 390 577 431 non
622 374 790 429 fuisse
831 374 1091 444 majorem
1122 373 1331 430 decimo
1369 375 1579 445 quinto,
1625 374 1853 445 ideoque
1878 385 1923 440 Α
2019 372 2180 432 lbid.,
2235 371 2332 427 lin.
2372 369 2462 424 27.
2520 366 2605 433 Τῷ
2648 365 2770 429 Θεῷ
2808 363 2916 434 γάρ
2951 378 3041 418 σε.
3071 361 3360 434 Perperant
3392 366 3506 422 haec

297 471 439 525 hanc
468 467 711 522 ultimam
744 466 1068 522 sententiam
1111 466 1331 524 refellit.
1371 466 1570 523 Verum
1603 475 1665 521 ut
1695 466 1848 522 futile

297 560 370 616 sit
405 558 509 613 hoc
541 565 921 627 argumentum
958 556 1043 611 vel
1072 556 1141 611 iis
1168 557 1259 629 qui
1293 556 1530 612 nondum
1557 555 1849 626 Scriptura:

293 664 468 707 sacrae
498 663 661 705 sensa
688 648 1067 718 degustarunt,
1098 663 1205 701 non
1235 649 1432 717 quibus
1470 649 1523 702 in
1560 648 1628 703 iis
1658 662 1848 720 sapere

294 740 611 811 etjudicare
632 738 818 793 datum
845 745 949 804 est,
981 736 1327 793 manifestum
1357 745 1598 807 apparet.

365 852 484 909 Col.
518 851 635 918 764,
678 850 772 906 lin.
797 850 884 906 16.
917 852 1039 907 Ἐπ’
1061 853 1379 921 ἀκρωρείας
1405 850 1583 916 τινός.
1636 848 1844 904 Hebraei

296 945 522 1001 tradunt
556 945 612 999 in
642 943 743 999 hoc
772 944 965 999 eodem
994 952 1177 1000 monte
1206 943 1360 1009 Abel,
1384 952 1438 999 et
1468 942 1601 997 Cain
1634 941 1847 998 sacrillo

296 1053 474 1103 casse,
508 1044 561 1092 et
584 1043 706 1107 post
728 1036 990 1091 diluvium
1018 1035 1150 1099 Noe,
1186 1042 1347 1106 atque
1384 1034 1440 1088 in
1471 1047 1537 1088 eo
1573 1033 1691 1103 ipso
1725 1039 1847 1103 post

292 1129 463 1184 multa
484 1128 679 1184 saecula
709 1127 965 1196 templum
989 1141 1019 1179 a
1044 1124 1331 1180 Salomone
1357 1132 1713 1180 exstructum.
1738 1122 1848 1177 Au-

293 1222 565 1293 gustinus,
599 1236 763 1277 serm.
799 1219 867 1275 de
910 1227 1079 1288 temp.
1109 1219 1173 1272 71
1202 1236 1215 1273 :
1243 1216 1435 1272 Audite
1482 1216 1615 1271 illud
1664 1231 1848 1270 sacra-

291 1320 544 1373 mentum,
576 1309 764 1378 fratres
807 1308 1134 1372 sharissimi,
1184 1305 1536 1378 Hieronymus
1583 1304 1848 1374 presbyter

294 1400 524 1467 scripsit,
554 1414 607 1451 se
648 1397 714 1449 ab
747 1398 975 1466 antiquis
1016 1407 1064 1451 et
1102 1396 1390 1450 senioribus
1425 1394 1629 1450 Juda'is
1660 1395 1845 1448 certis-

293 1495 423 1547 sime
449 1493 762 1563 cognovisse,
790 1490 927 1561 quod
968 1490 1042 1544 ibi
1089 1490 1391 1544 immolatus
1433 1490 1501 1543 sit
1551 1488 1728 1552 Isaac,
1758 1487 1846 1541 ubi

292 1592 473 1651 postea
514 1581 754 1638 Christus
801 1582 1084 1649 cruciﬁxus
1124 1590 1221 1636 est.
1269 1580 1430 1645 Beda,
1462 1580 1539 1634 De
1571 1580 1698 1633 locis
1724 1596 1847 1633 san-

294 1676 413 1740 ctis,
444 1688 564 1745 cap.
588 1673 648 1727 ει
679 1672 743 1727 1η
772 1673 886 1727 loco
921 1684 1093 1727 autem
1116 1672 1230 1736 illo,
1253 1688 1354 1742 quo
1383 1669 1650 1725 Abraham
1674 1670 1845 1723 altare

293 1767 362 1817 ad
402 1765 779 1819 immolandum
819 1765 987 1834 ﬁlium
1026 1766 1338 1829 construxit,
1384 1779 1561 1817 mensa
1577 1772 1654 1817 est
1678 1763 1844 1832 lignea

292 1870 477 1923 parva,
498 1857 553 1909 in
583 1873 688 1926 qua
723 1871 1010 1926 pauperum
1042 1855 1379 1925 eteemosynte
1401 1853 1569 1908 solent
1600 1869 1632 1907 a
1656 1852 1844 1921 populo

294 1947 512 2017 deferri.

360 2058 520 2127 lbid.,
554 2060 651 2113 lin.
693 2058 778 2114 l9.
818 2055 887 2113 Ὦ
933 2060 1051 2123 παῖ,
1078 2059 1333 2128 μυρίαις.
1372 2056 1499 2112 Haec
1518 2058 1748 2113 Abrahae
1776 2057 1843 2112 ad

290 2152 443 2206 lsaac
478 2153 655 2206 oratio
706 2151 979 2221 exscripta
1019 2159 1103 2207 est
1147 2158 1256 2205 tota
1301 2166 1369 2205 ex
1416 2148 1636 2220 Iosephi
1682 2150 1778 2204 lib.
1826 2166 1841 2203 ι

291 2247 470 2314 Antiq.
506 2258 628 2313 cap.
662 2242 749 2297 ιι.

358 2348 518 2413 lbid.,
548 2349 645 2403 litt.
677 2349 767 2403 2|.
798 2351 915 2402 Οὐκ
942 2349 1111 2403 ἐστιν
1142 2348 1231 2404 ὅτι
1257 2348 1365 2418 μή.
1404 2348 1595 2405 Munus
1623 2350 1725 2405 hoc
1748 2365 1844 2422 pa-

289 2449 526 2507 ternum,
551 2440 690 2496 filios
714 2440 787 2494 ita
816 2439 1098 2495 ell‘ormare
1131 2449 1190 2495 ut
1218 2441 1285 2495 ad
1307 2441 1695 2511 capessendam
1722 2443 1844 2497 bea-

290 2532 575 2587 titudinem
626 2533 793 2603 inepti
833 2549 942 2587 non
984 2534 1114 2589 sint.
1160 2533 1289 2600 Quae
1340 2533 1587 2589 humana:
1634 2544 1843 2591 natura

289 2623 415 2677 linis
446 2637 509 2677 ac
545 2620 776 2677 felicitas
819 2630 934 2688 est;
981 2624 1081 2677 hoc
1122 2623 1270 2678 omni
1303 2638 1435 2678 cura
1465 2639 1528 2677 ac
1565 2624 1840 2697 diligentia

286 2712 709 2782 procurandum,
762 2721 953 2769 caetera
1001 2717 1414 2771 contemnenda.
1460 2715 1632 2784 Plato,
1682 2718 1777 2773 lib.
1807 2734 1841 2773 ν

288 2804 367 2859 De
403 2804 603 2873 repub.,
652 2805 842 2861 suadet
886 2805 942 2860 in
972 2805 1254 2877 gignendis
1289 2806 1474 2862 liberis
1508 2822 1604 2862 eos
1636 2807 1838 2862 imitari

280 2898 382 2967 qui
410 2898 711 2952 belluarum
743 2898 974 2953 studiosi
1003 2898 1135 2953 dant
1167 2914 1409 2969 Operam,
1438 2908 1495 2953 ut
1520 2914 1587 2954 ex
1618 2900 1841 2969 optimis

285 2990 537 3056 canibus,
559 2990 735 3061 equis,
760 2997 811 3045 et
841 2990 1032 3046 avibus
1050 2991 1252 3061 optima
1282 2992 1490 3045 oriatur
1510 2992 1712 3061 proles.
1741 2990 1840 3046 De-

1946 464 2090 520 dicta
2114 479 2145 517 a
2167 460 2400 533 Josepbo
2423 458 2670 532 Lyranus
2690 455 2992 519 contendit,
3016 455 3162 527 quod
3184 457 3311 511 facit
3334 457 3506 514 Abra'o

1946 555 2072 611 bam
2100 553 2409 609 credentem
2435 552 2511 606 ita
2540 552 2865 607 moriturum
2891 548 3064 605 fuisse
3098 548 3269 613 Isaac,
3300 557 3361 603 ut
3389 550 3508 619 ejus

1945 648 2126 703 anima
2146 652 2408 718 perpetuo
2433 642 2575 713 apud
2607 641 2777 697 Deum
2804 650 3069 704 maneret,
3098 655 3198 694 nec
3224 655 3416 696 rursus
3438 640 3506 697 ad

1945 740 2111 796 vitam
2145 738 2388 793 reditura
2418 743 2598 799 esset;
2623 734 2676 788 id
2702 735 2848 805 enim
2887 732 3081 789 fuisset
3120 742 3309 788 contra
3346 733 3503 789 fidem

1945 828 2708 903 divinarumpromissionum
2737 826 2803 881 de
2842 824 3025 879 futura
3056 823 3206 879 lsaae
3228 826 3503 896 progenie,

1944 938 2107 994 quam
2161 919 2553 983 ﬁrmissimam,
2614 927 2777 989 atque
2834 917 3216 973 inconcussam
3272 917 3504 973 habebat

1945 1013 2236 1075 Abraham,
2267 1009 2571 1067 certissime
2598 1008 2825 1064 credens
2855 1007 3020 1062 Deum
3052 1023 3243 1063 rursus
3265 1007 3417 1065 Isaac
3435 1024 3503 1064 ex

1948 1102 2177 1158 mortuis
2220 1109 2603 1157 revoaturum
2647 1098 2715 1152 ad
2743 1100 2945 1165 vitam;
2980 1098 3126 1168 quod
3171 1113 3301 1154 sane
3336 1097 3403 1154 de
3436 1111 3506 1153 eo

1946 1195 2165 1251 disertis
2191 1194 2373 1249 verbis
2396 1192 2720 1247 testificatus
2744 1198 2827 1247 est
2846 1189 3047 1245 Paulus
3068 1190 3132 1243 ad
3153 1188 3405 1246 Hebraeos
3427 1206 3505 1247 ιιι.

1946 1288 2103 1356 Quod
2150 1295 2532 1359 argumentum
2582 1300 2745 1356 quam
2787 1284 2860 1339 sit
2909 1283 3071 1339 inane
3114 1283 3345 1340 lectione
3386 1284 3507 1355 ipsa

1946 1390 2129 1436 textus
2159 1380 2293 1435 satis
2324 1387 2566 1450 apparet.

2016 1471 2172 1536 lbid.,
2200 1471 2293 1524 lin.
2317 1471 2407 1525 28.
2448 1470 2675 1522 Τούτων
2692 1467 2981 1532 ἀκούσας.
3005 1465 3294 1536 .oseplius,
3320 1465 3504 1537 Antiq.

1948 1562 2042 1618 lib.
2078 1563 2374 1624 ιςἽσακος
2406 1560 2484 1623 δὲ,
2530 1559 2734 1631 πατρὸς
2772 1558 2877 1629 γὰρ
2913 1555 2980 1627 ἦν
3024 1558 3136 1609 οἴου
3179 1556 3507 1627 τετυχηκότα

1946 1652 2191 1719 γενναῖον
2228 1649 2398 1702 ἐδεῖτο
2429 1646 2682 1718 φρόνημα
2714 1641 2873 1709 εῖναι,
2903 1646 3117 1715 δέχεται
3150 1644 3283 1717 πρὸς
3314 1645 3505 1715 ἡδονὴν

1875 1732 1917 1788 Β
1945 1742 2068 1805 τοὺς
2094 1740 2302 1809 λόγους·
2343 1738 2435 1791 καὶ
2483 1739 2685 1809 φήσας.
2712 1736 2786 1801 ὡς
2822 1738 2943 1790 οὐδὲ
2970 1737 3247 1805 γεγονέναι
3278 1737 3376 1807 τὴν
3402 1739 3505 1808 ἀρ-

1944 1832 2043 1903 χὴν
2072 1828 2139 1903 ἦν
2170 1832 2392 1895 δίκαιος,
2440 1831 2489 1882 εί
2524 1828 2656 1882 Θεοῦ
2709 1828 2802 1883 καὶ
2840 1828 3043 1899 πατρὸς
3097 1828 3279 1899 μέλλει
3325 1828 3505 1899 κρίσιν

1942 1921 2301 1985 ἀπωθεῖσθαι,
2336 1920 2427 1975 καὶ
2456 1919 2531 1991 μὴ
2561 1918 2822 1989 παρέχειν
2852 1920 3013 1972 αὑτὸν
3042 1922 3150 1981 τοῖς
3182 1919 3502 1989 ἀμφοτέρων

1946 2014 2275 2086 βουλήμασιν
2306 2012 2555 2083 ἑτοίμως,
2580 2012 2667 2063 ὅτε
2696 2011 2789 2064 καὶ
2816 2010 2973 2081 μόνον
2995 2011 3088 2063 τοῦ
3114 2010 3313 2081 πατρὸς
3331 2010 3502 2064 ταῦτα

1944 2102 2368 2176 προαιρουμένου
2415 2102 2490 2174 μὴ
2539 2100 2834 2153 ὑπακούειν
2886 2101 3067 2154 ἄδικον
3114 2098 3201 2174 ἦν,
3248 2100 3502 2173 ὥρμησεν

1943 2196 2034 2247 ἐπὶ
2063 2196 2151 2248 τὸν
2185 2194 2363 2265 βωμὸν
2394 2194 2487 2248 καὶ
2515 2193 2612 2265 τὴν
2645 2195 2881 2262 σφαγήν.

2018 2286 2177 2352 lbid.,
2217 2288 2313 2341 lin.
2352 2286 2439 2341 45.
2488 2286 2542 2338 '0
2574 2285 2641 2340 δὲ
2672 2286 2816 2351 Θεὸς
2847 2285 2979 2351 τήν.
3017 2285 3320 2342 Alexander
3346 2285 3504 2359 Poly-

1942 2379 2116 2435 histor
2140 2378 2281 2449 apud
2307 2377 2623 2441 Eusebium,
2652 2376 2730 2431 De
2750 2388 3038 2447 prwparat.
3063 2377 3258 2448 Evang.
3290 2379 3385 2432 lib.
3415 2394 3463 2433 ιι
3486 2395 3501 2430 :

1940 2471 2075 2525 Μετ’
2103 2470 2163 2523 οῦ
2194 2470 2356 2523 πολὺν
2378 2470 2434 2522 δὲ
2466 2469 2654 2542 χρόνον
2683 2469 2773 2522 τὸν
2803 2470 2935 2523 Θεὸν
2966 2469 3305 2541 τῴἈὸραάμ
3332 2485 3502 2539 προσ-

1939 2560 2094 2627 τάξαι
2140 2560 2321 2614 Ἰσαὰκ
2361 2562 2452 2615 τὸν
2513 2562 2627 2614 υἱὸν
2666 2561 3047 2629 ὁλοκαρπῶσαι
3092 2559 3260 2631 αὐτῷ.
3306 2560 3408 2614 Τὸν
3447 2560 3504 2613 δὲ

1941 2651 2279 2720 ἀναγαγόντα
2309 2652 2398 2705 τὸν
2428 2653 2588 2706 παῖδα
2618 2653 2710 2706 ἐπὶ
2740 2653 2800 2706 τὸ
2829 2652 2953 2723 ὅρος
2984 2652 3163 2724 πυρὰν
3198 2652 3379 2722 νῆσαι,
3411 2651 3505 2706 καὶ

1940 2743 2205 2796 ἐπιθεῖναι
2241 2743 2332 2795 τὸν
2378 2744 2582 2798 Ἰσαάκ.
2619 2742 2850 2813 Σφάζειν
2882 2744 2938 2797 δὲ
2973 2744 3234 2814 μέλλοντα
3262 2742 3506 2813 κωλυθῆ-

1940 2853 2024 2890 ναι
2054 2834 2157 2889 ὑπὸ
2185 2834 2413 2903 ἀγγέλου
2444 2836 2596 2906 κριὸν
2629 2816 2767 2905 ιὺτῷ
2788 2834 2923 2905 πρὸς
2953 2837 3051 2907 τὴν
3079 2836 3360 2907 κάρπωσιν
3398 2852 3504 2889 πα-

1942 2927 2327 2997 ραστήσαντος.
2378 2922 2481 2977 Τὸν
2522 2925 2577 2977 δὲ
2633 2924 2880 2996 Ἀϐραὰμ
2912 2925 3002 2978 τὸν
3049 2927 3145 2997 μὲν
3180 2926 3342 2980 παῖδα
3372 2926 3505 2980 καθ⁸

1940 3015 2078 3069 ελεῖν
2101 3015 2208 3068 ἀπὸ
2237 3015 2335 3087 τῆς
2363 3016 2559 3083 πυρᾶς,
2586 3015 2676 3068 τὸν
2704 3015 2761 3068 δὲ
2789 3014 2941 3085 κριὸν
2968 3016 3276 3088 καρπῶσαι.
3304 3016 3370 3071 Et
3395 3017 3501 3073 hoc

285 3088 595 3152 stunpserat
618 3096 684 3136 ex
710 3082 877 3137 Ucelli
903 3080 1108 3136 Lucani
1141 3082 1235 3138 lib.
1265 3080 1339 3136 De
1360 3081 1590 3136 universi
1622 3091 1837 3144 natura,
1865 3070 1909 3128 C
1939 3120 2006 3159 ex
2034 3103 2263 3160 pbilone
2291 3070 2454 3177 £00“;
2480 3070 2789 3163 canarium.

282 3170 383 3243 qui
414 3178 536 3225 ante
559 3185 681 3225 eum
714 3171 786 3225 ita
814 3171 1312 3243 scripseratzMst-a
1346 3172 1524 3243 πάσης
1551 3168 1643 3227 οῦν
1674 3188 1838 3225 σπου-

278 3260 381 3330 δῆς
404 3263 497 3315 καὶ
520 3262 793 3334 προσοχῆς
814 3262 895 3314 δεῖ
914 3261 1362 3326 καταϐάλλεσθαι,
1389 3262 1535 3326 ὅπως
1557 3261 1625 3317 τά
1643 3260 1842 3331 γεννώ-

287 3368 427 3423 μενα
481 3352 693 3423 γίνηται
750 3353 1094 3426 χαριέστατα,
1152 3354 1245 3407 καὶ
1299 3352 1609 3426 γεννώμενα
1661 3353 1839 3417 καλῶς

284 3446 589 3515 ἀνατραφῇ.
639 3444 774 3497 Οὔτε
819 3444 925 3517 γὰρ
961 3445 1168 3499 δίκαιον
1211 3445 1337 3510 τοὺς
1385 3446 1482 3518 μὲν
1525 3446 1838 3516 φιλίππους,

285 3537 383 3589 καὶ
420 3536 744 3607 φιλόρνιθας,
789 3538 881 3590 καὶ
924 3537 1211 3606 φιλόκυνας
1256 3538 1393 3608 μετά
1431 3538 1607 3610 πάσης
1646 3542 1838 3612 ἐπιμε-

283 3628 436 3691 λείας
466 3628 715 3699 φροντίδα
746 3629 1009 3683 ποιεῖσθαι
1035 3628 1140 3683 τῶν
1165 3630 1479 3701 γινομένων,
1517 3630 1591 3694 ὡς
1622 3630 1720 3694 δεῖ,
1747 3633 1840 3685 καὶ

284 3717 347 3783 ἐξ
366 3710 439 3772 ὦν
462 3718 559 3782 δεῖ,
588 3719 680 3770 καὶ
704 3719 789 3771 ὅτε
824 3718 920 3783 δεῖ,
955 3720 1048 3773 καὶ
1076 3720 1189 3784 πῶς
1221 3720 1570 3792 διακειμένων
1602 3721 1839 3792 γίνεσθαι

282 3809 386 3872 τὰς
434 3808 605 3879 μίξεις
644 3810 737 3863 καὶ
773 3810 871 3872 τὰς
904 3811 1200 3876 κοινωνίας,
1230 3810 1322 3864 τοῦ
1357 3812 1430 3884 μὴ
1464 3812 1539 3875 ὡς
1569 3813 1721 3883 ἔτυχε
1752 3813 1840 3880 γί-

283 3900 470 3954 νεσθαι
520 3900 587 3954 τά
631 3900 959 3973 γεννώμενα’
1006 3904 1129 3965 τοὺς
1171 3902 1228 3956 δὲ
1275 3903 1590 3975 ἀνθρώπους
1637 3904 1839 3975 μηδένα

285 3991 556 4046 ποιεῖσθαι
586 3991 740 4062 λόγον
768 3994 875 4047 τῶν
904 3994 1046 4047 ίδίων
1080 3994 1333 4063 ἐγγόνων,
1359 3995 1493 4048 ἀλλά
1527 3998 1619 4049 καὶ
1649 3998 1841 4068 γεννᾷν

286 4085 363 4149 ὡς
386 4084 561 4155 ἔτυχε,
598 4087 689 4140 καὶ
714 4086 1061 4157 γεννωμένων
1087 4086 1365 4158 ὀλιγωρεῖν
1390 4087 1480 4140 καὶ
1511 4088 1611 4157 τῆς
1636 4088 1841 4160 τροφῆς

284 4178 383 4231 καὶ
411 4178 509 4248 τῆς
543 4178 808 4243 παιδείας.
837 4176 1022 4232 Ταῦτα
1046 4176 1151 4251 γάρ
1178 4178 1517 4249 ἀμελούμενα
1544 4179 1721 4250 πάσης
1742 4197 1841 4234 κα-

286 4270 412 4333 κίας
438 4271 529 4323 καὶ
558 4270 885 4340 φαυλότητος
911 4270 1169 4343 παραίτια
1191 4272 1417 4341 γίνεται,
1450 4271 1837 4344 βοσκηματώδη

2008 3195 2169 3259 lbid.,
2206 3194 2303 3250 lin.
2338 3194 2425 3250 50.
2461 3197 2673 3264 Πρώτῳ
2699 3194 2766 3250 δὲ
2798 3194 2896 3263 τῷ.
2934 3194 3224 3262 Eusebius,
3248 3195 3500 3253 Chronic.

1940 3286 2034 3342 lib.
2066 3303 2113 3343 t:
2142 3287 2347 3359 Πρώτῳ
2369 3287 2659 3359 προφητῶν
2679 3286 2790 3343 ὄντι
2809 3286 2888 3359 τῷ
2927 3286 3173 3359 Ἀϐραὰμ
3205 3289 3233 3340 ό
3252 3288 3345 3342 τοῦ
3366 3287 3501 3342 Θεοῦ

1937 3383 2107 3451 Λόγος
2147 3382 2337 3450 φανεὶς
2376 3382 2433 3432 ὲν
2466 3380 2748 3454 ἀνθρώπου
2799 3382 3034 3452 σχήματι
3066 3381 3165 3454 τὴν
3197 3380 3305 3434 τῶν
3333 3380 3501 3435 ἐθνῶν

1940 3473 2129 3545 κλῆσιν
2154 3473 2421 3537 θεσπίζειν
2457 3472 2523 3543 ἢν
2562 3471 2687 3527 καθ’
2734 3474 2883 3544 ἡμᾶς
2909 3476 2937 3526 ό
2961 3472 3056 3526 τοῦ
3080 3472 3317 3543 Χριστοῦ
3347 3472 3502 3540 λόγος

1939 3567 2017 3629 είς
2047 3565 2217 3637 πέρας
2249 3565 2422 3635 ἤγαγε
2459 3563 2548 3617 διὰ
2581 3564 2682 3633 τῆς
2707 3566 2787 3628 είς
2816 3565 2991 3618 πάντα
3016 3564 3083 3618 τὰ
3106 3563 3233 3636 ἔθνη
3261 3564 3503 3632 Εὐαγγε-

1939 3657 2090 3729 λικῆς
2137 3656 2504 3721 διδασκαλίας.
2553 3655 2679 3711 Haec
2726 3656 2913 3711 eadem
2943 3655 3237 3711 Chronicon
3268 3656 3502 3709 Alexan-

1939 3748 2171 3802 drinum.
2224 3745 2298 3802 De
2350 3746 2451 3801 hac
2509 3754 2564 3800 et
2613 3746 2735 3801 aliis
2793 3746 3025 3801 Abt-aha:
3081 3748 3502 3803 revelationibus

1938 3837 2187 3892 Asterius
2213 3836 2456 3890 Amasea:
2483 3836 2773 3905 episcopus
2808 3837 2956 3891 hom.
2990 3833 3063 3892 De
3092 3834 3296 3891 Lazaro
3333 3845 3388 3891 et
3416 3837 3502 3891 di-

1939 3928 2069 3991 vite,
2100 3942 2222 3982 cum
2254 3926 2321 3980 ad
2351 3926 2575 3981 dubium
2606 3927 2760 3993 illud,
2784 3926 2925 3994 Quid
2954 3942 3135 3984 causa:
3160 3928 3321 3983 fuerit
3356 3928 3502 3999 quod

1939 4034 2060 4074 cum
2093 4018 2247 4072 multi
2272 4018 2544 4088 iustorum
2584 4019 2894 4075 Abrahamo
2920 4021 3255 4091 antiquiores
3280 4020 3502 4082 fuerint.

1939 4112 2198 4165 honorem
2248 4110 2392 4165 hunc
2444 4111 2552 4166 illis
2602 4112 2657 4165 in
2705 4127 2821 4167 aevo
2868 4112 3145 4167 remotiori
3190 4110 3503 4169 constitutis

1939 4200 2179 4255 debitum
2229 4200 2316 4256 isti
2370 4202 2643 4272 praecipue
2689 4202 2983 4273 assignarit
3015 4218 3138 4257 cum
3177 4202 3400 4267 diceret,
3434 4199 3503 4256 Et

1938 4291 2301 4362 deportaretur
2343 4292 2409 4347 ab
2456 4296 2653 4366 angelis
2710 4296 2767 4348 in
2822 4295 2995 4349 sinum
3039 4294 3304 4359 Abraluc,
3357 4293 3502 4349 nulla

288 4362 384 4415 καὶ
418 4364 614 4433 ἀγεννῆ
648 4360 1012 4417 ἀποτελοῦντα
1042 4362 1109 4417 τὰ
1140 4363 1467 4435 γεννώμενα.
1503 4364 1620 4419 Duo
1658 4366 1839 4436 itaque

1944 4382 2082 4439 facta
2144 4384 2454 4447 mentione,
2501 4402 2676 4455 neque
2724 4387 2932 4447 Ennch,
2978 4402 3155 4456 neque
3211 4386 3363 4451 Noe,
3402 4400 3503 4440 nec

288 4452 532 4505 curanda
564 4459 692 4507 sunt
718 4451 774 4505 in
808 4452 1099 4507 liberorum
1128 4453 1491 4523 susceptione,
1525 4454 1757 4523 primum
1782 4462 1841 4507 ut

290 4543 414 4598 sciti
448 4551 502 4598 et
544 4545 814 4615 elegantes
861 4544 1036 4613 quoad
1101 4544 1214 4600 fieri
1269 4545 1467 4614 poterit
1524 4553 1840 4600 nascantur.

289 4636 624 4704 Secundum,
668 4654 792 4693 cum
829 4638 933 4692 orti
978 4638 1325 4709 susceptique
1368 4635 1609 4702 fuerint,
1646 4638 1844 4691 libera-

287 4734 415 4789 liter
447 4734 774 4801 educentur;
810 4733 1054 4803 iniquum
1089 4734 1232 4790 enim
1286 4741 1370 4788 est
1408 4747 1625 4796 canum,
1660 4746 1843 4802 equo-

289 4838 411 4878 rum
444 4832 499 4878 et
530 4823 759 4878 aliorum
813 4824 1165 4878 animantium
1198 4822 1380 4879 studio
1412 4822 1605 4878 ductos
1645 4836 1843 4891 Oppor-

287 4921 422 4969 tuna
451 4930 677 4987 qumque
703 4916 1041 4986 conquirere,
1092 4923 1150 4969 ut
1203 4916 1511 4971 necessaria
1540 4914 1608 4968 ad
1643 4931 1842 4971 munus

289 5024 451 5061 suum
500 5007 808 5062 obeundum
852 5007 1120 5071 habeant,
1148 5007 1380 5061 filiorum
1405 5020 1535 5062 vero
1560 5005 1842 5062 educatio-

290 5112 414 5151 nem
440 5097 947 5167 institutionemque
984 5098 1271 5169 negligere.

362 5203 522 5271 lbid.,
550 5205 647 5261 lin.
676 5204 765 5261 25.
796 5190 987 5259 nam
1020 5208 1222 5270 τούτῳ.
1259 5203 1495 5263 Basilius
1533 5204 1842 5262 Seleucien-

289 5301 389 5363 sis,
440 5299 686 5353 oratione
734 5297 789 5351 in
836 5297 1103 5352 Abraham
1134 5311 1151 5349 :
1182 5299 1276 5351 ⁸ον
1305 5298 1501 5353 ἔδωκεν
1532 5299 1753 5370 ᾔτησεν,
1783 5298 1843 5351 ὃν

288 5391 489 5448 ἔπλασε
521 5390 681 5446 πάλιν
713 5391 991 5464 ἐζήτησεν·
1038 5390 1225 5445 ἔλαϐεν
1266 5394 1493 5463 αίτήσας
1530 5391 1589 5446 ὃν
1624 5392 1837 5446 ἔδωκεν·

288 5484 532 5556 αίτηθεὶς
557 5482 821 5538 ἀποδώσει
857 5482 1015 5537 πάλιν
1050 5482 1346 5555 βουληθεὶς,
1381 5484 1470 5537 ὑπ’
1495 5477 1707 5549 οὐδενὸς
1732 5503 1841 5539 κω-

289 5573 562 5643 λυόμενος.
614 5573 672 5626 ὐ
701 5573 809 5643 γὰρ
833 5573 929 5626 οὐκ
961 5572 1088 5626 ὄντα
1112 5572 1234 5635 δοὺς
1264 5574 1354 5626 καί
1380 5571 1714 5643 νεκρωθέντα
1738 5589 1842 5646 χα-

294 5665 521 5738 ρίσεται.

1944 4477 2175 4532 aliorum
2202 4476 2448 4550 εἘπειδὴ
2484 4478 2591 4551 γὰρ
2623 4480 2651 4531 ὁ
2686 4478 2933 4550 Ἀδραάμ
2962 4479 3212 4550 θεράπων
3245 4475 3501 4549 Χριστοῦ,

1944 4569 2037 4624 καὶ
2063 4570 2426 4640 διαφερόντως
2458 4566 2609 4635 οὗτος
2655 4572 2956 4643 ἀνθρώπιον
3001 4572 3098 4636 τὰς
3137 4570 3228 4624 τοῦ
3267 4567 3501 4642 Χριστοῦ

1942 4660 2260 4729 ἐπιφανείας
2302 4660 2535 4726 ἐδέξατο,
2574 4663 2667 4714 καὶ
2712 4663 2770 4715 τὸ
2810 4662 2909 4732 τῆς
2950 4662 3173 4734 Τριάδος
3213 4664 3506 4731 μυστήριον

1946 4753 2143 4816 ἱκανῶς
2168 4754 2297 4823 ἡμῖν
2328 4754 2384 4806 ἐν
2414 4755 2479 4823 τῇ
2520 4757 2689 4826 σκηνῇ
2718 4753 2811 4808 τοῦ
2841 4755 3089 4826 γέροντος
3126 4753 3313 4807 τοῦτον
3332 4751 3504 4805 διετυ-

1943 4842 2122 4914 πώθη.
2160 4845 2324 4914 ἡνίκα
2359 4845 2483 4908 τοὺς
2507 4849 2652 4916 τρεῖς
2686 4846 2947 4915 ἀγγέλους
2985 4845 3060 4908 ὡς
3083 4845 3276 4916 ἄνδρας
3301 4843 3505 4900 ὁδοιπό-

1945 4951 2071 5006 ρους
2109 4934 2332 5001 ἐξένισε,
2366 4938 2460 4989 καὶ
2499 4937 2683 5001 ἁπλῶς
2727 4940 2791 4991 ὲκ
2824 4937 3030 4991 πολλῶν
3070 4935 3180 4990 τῶν
3231 4934 3506 5007 μυστικῶν

1943 5029 2275 5101 αἰνιγμάτων
2290 5032 2485 5093 οἰκεῖος
2500 5030 2594 5084 ἄνθ
2603 5047 2776 5102 ρωπος
2793 5022 2945 5091 οὗτος
2959 5012 3245 5098 γεγένηται
3262 5026 3355 5080 τοῦ
3370 5023 3501 5080 Θεοῦ

1940 5118 2035 5173 τοῦ
2062 5122 2270 5193 χρόνοις
2297 5121 2518 5192 ὕστερον
2540 5121 2944 5192 ἀμφιεσαμένου
2967 5119 3065 5191 τὴν
3085 5119 3282 5190 σάρκα,
3306 5119 3399 5173 καὶ
3416 5116 3505 5171 διά

1948 5212 2113 5282 μέσον
2147 5211 2240 5266 τοῦ
2278 5211 2562 5284 ἀνθρώπου
2591 5213 2780 5267 τούτου
2817 5211 3310 5285 πσραπετάσματος
3342 5211 3500 5281 tuap-

1944 5304 2056 5373 γῶς
2082 5305 2439 5377 ὁμιλήσαντος
2466 5308 2577 5368 τοῖς
2605 5303 2928 5378 ἀνθρὼποις’·
2962 5303 3048 5358 διά
3082 5301 3239 5356 τοῦτο
3266 5300 3356 5355 τδν
3383 5300 3503 5355 κόλ-

1944 5412 2043 5448 πον
2070 5395 2231 5449 αὑτοῦ
2264 5389 2373 5450 οἷον
2399 5394 2570 5449 εῦδιόν
2592 5412 2713 5449 τινα
2734 5395 2951 5467 λιμένα.
2973 5395 3067 5448 καὶ
3088 5393 3349 5449 ἄκλυστον
3375 5390 3503 5444 ἀνα-

1945 5489 2245 5560 παυτήριον
2278 5485 2418 5540 εἶναι
2442 5486 2551 5540 τῶν
2580 5485 2801 5541 δικαίων
2830 5484 3013 5557 φησιν.

2011 5578 2126 5634 Col.
2164 5579 2292 5641 765.
2329 5580 2426 5633 lin.
2465 5579 2518 5634 ὅ.
2569 5578 3021 5647 Τελευτησάοης
3060 5576 3307 5646 sum.
3350 5571 3501 5629 Josev

1944 5673 2106 5743 phus,
2135 5672 2313 5741 .tntiq.
2342 5672 2439 5727 lib.
2466 5687 2504 5734 ι,
2538 5686 2659 5743 cap.
2681 5671 2750 5727 l6
2779 5671 2983 5742 τΓαμεῖ
3001 5669 3057 5723 δὲ
3083 5668 3243 5733 αὐτὸς
3270 5664 3496 5720 Χεττοῦι
