4072 6338
561 233 581 285 Ι
594 229 697 284 027

1983 219 2229 278 LEONIS
2267 217 2540 274 ALLATH

3639 214 3668 267 1
3679 211 3795 267 028

564 364 663 420 ραν
687 347 928 418 ὕστερον,
957 345 1015 411 ἐξ
1041 341 1108 418 ἧς
1130 344 1276 416 αὐτῷ
1300 344 1486 408 παῖδες
1516 342 1576 408 ἒξ
1601 342 1859 412 γίνονται,
1894 341 2029 414 πρός
2062 360 2121 395 τε
2149 348 2196 405 Α
2223 356 2386 411 φησιν
2411 341 2438 392 ὁ
2471 338 2771 409 προφήτης,
2808 337 2836 389 ὁ
2867 335 2959 389 καὶ
2988 333 3206 405 Μαλχὺς
3235 334 3264 386 ὁ
3294 330 3518 404 ἱστορῶν
3543 329 3800 420 τὰνπερὶ

563 439 755 501 πόνους
779 438 1052 510 καρτεροὶ,
1072 438 1162 491 καὶ
1180 435 1339 490 δεινοὶ
1365 435 1622 499 συνιέναι,
1649 434 1987 506 Ζεμϐράνης,
2021 435 2122 488 Ἰα-

561 529 764 601 ζᾶρης,
804 529 1080 599 Μαδάνης,
1133 529 1432 600 Μαδιάνης,
1467 525 1885 589 -Λουσούϐακος,
1938 524 2120 589 Σοῦος.

558 614 786 668 Φύονται
817 615 872 667 δὲ
904 617 996 668 καὶ
1021 616 1228 679 τούτοις
1255 617 1460 679 παῖδες·
1487 615 1578 667 καὶ
1612 615 1775 668 Σούου
1817 615 1913 685 μὲν
1947 615 2115 671 Σαϐα-

558 705 730 777 κάνης
766 707 973 782 ¹γίνεται
1015 708 1109 761 καὶ
1140 708 1395 779 Δαδάνης*
1439 708 1628 761 τούτου
1670 707 1726 759 δὲ
1765 706 2120 776 Λατούσιμος,

564 796 882 866 Ἀσσουρος,
919 795 1212 866 Λουούρηςο
1255 795 1505 849 Μαδάνου
1559 796 1616 848 δὲ
1667 796 1856 865 Ἥφαὲ,
1895 798 2120 868 Ὠφρης,

563 887 808 958 Ἀνοχος,
857 888 1098 952 Ἐϐιδας,
1160 889 1364 953 Ἐλδᾶς.
1419 889 1486 942 Et
1530 887 1810 961 Origenes,
1852 889 1997 944 hom.
2032 889 2120 954 Η,

561 979 772 1044 Cenes.,
821 979 960 1034 idem
1019 981 1219 1045 sentit,
1267 988 1390 1049 post
1436 987 1664 1034 mortem
1717 979 1925 1033 scilicet
1976 979 2123 1033 Sara:

560 1073 831 1127 Abraham
876 1072 929 1126 in
969 1072 1374 1126 matrimonium
1416 1072 1640 1128 duxisse
1673 1071 1985 1135 Cethuram,
2038 1071 2123 1126 id-

560 1182 666 1236 que
691 1181 756 1220 ex
787 1163 977 1219 ordine
999 1163 1248 1219 Mosaicae
1273 1164 1600 1218 narrationis
1629 1162 1764 1219 satis
1787 1170 2122 1232 compertum

558 1267 662 1313 est.
701 1257 992 1327 Cajetanns
1039 1264 1220 1310 tamen
1270 1256 1325 1309 in
1377 1270 1496 1326 cap.
1535 1270 1644 1308 xxv
1685 1252 1868 1308 Cenes.
1895 1254 2120 1310 dubitat.

564 1350 786 1418 Tempus
819 1359 1014 1413 autem,
1052 1349 1148 1412 ait,
1182 1347 1392 1418 quando
1420 1347 1688 1400 Abraham
1721 1362 1934 1400 uxorem
1965 1363 2129 1400 acce—

561 1440 636 1504 pit
679 1436 980 1500 Cethuram,
1024 1454 1126 1490 non
1173 1447 1249 1488 est
1290 1445 1508 1499 certum,
1552 1437 1783 1490 videlicet
1825 1453 1893 1488 an
1938 1435 1993 1488 id
2037 1435 2123 1502 [a-

558 1538 704 1581 ctum
753 1529 821 1582 sit
865 1530 1057 1582 vivente
1100 1528 1270 1581 adhuc
1308 1527 1446 1582 Sara
1486 1538 1603 1597 post
1642 1528 1944 1597 ejectionem
1981 1528 2126 1596 Agar

558 1633 680 1670 cum
714 1616 956 1683 Ismaele,
1000 1634 1067 1670 an
1105 1634 1167 1670 ea
1201 1619 1318 1686 jam
1360 1627 1586 1672 mortua.
1626 1615 1911 1685 Scriptum
1955 1625 2123 1669 tamen

2237 432 2522 496 Ἰουδαίων,
2557 429 2737 492 καθὼς
2762 429 2856 481 καὶ
2879 427 3113 497 Μωῡσῆς
3136 425 3416 495 ἱστόρησεν
3437 424 3466 474 ὁ
3487 419 3800 493 νομοθέτης

2222 521 2418 584 αὐτῶν,
2453 521 2534 573 ὅτι
2564 522 2627 573 ὲκ
2655 522 2752 589 τῆς
2775 516 3079 588 Χαιτούρας
3108 515 3350 584 ἐγένοντο
3383 513 3637 584 Ἁϐράμῳ
3663 514 3805 564 παῖε

2221 615 2307 675 δες
2337 613 2526 668 ἱκανοί.
2559 613 2719 681 Λέγει
2744 611 2800 664 δὲ
2825 610 3002 664 αὐτῶν
3035 609 3126 663 καὶ
3153 608 3220 660 τὰ
3244 607 3482 676 ὀνόματα
3499 604 3804 674 ὀνομάζων

2219 709 2386 777 τρεῖς,
2425 705 2684 774 ’Δφεραν,
2716 702 2968 772 Σουρεὶμ,
3012 700 3249 769 Ἰάφρανο
3285 696 3391 750 ἀπὺ
3420 695 3656 765 Σουρεὶμ
3692 692 3804 762 μὲν

2221 795 2316 866 τὴν
2331 794 2616 866 Ἀσσυρίαν
2643 792 2954 864 κεκλῆσθαι,
2972 791 3078 845 ἀπὸ
3097 791 3154 843 δὲ
3176 789 3280 842 τῶν
3302 788 3413 850 δύο,
3432 788 3601 856 Ἁφρᾶ
3613 801 3678 836 τε
3697 784 3805 836 καὶ

2235 887 2499 957 Ἰαφέρου,
2538 886 2689 939 πόλιν
2709 903 2766 938 τε
2801 883 3022 954 ’Λφρὰν,
3049 883 3141 935 καὶ
3165 883 3263 952 τὴν
3285 879 3462 951 χώραν
3503 879 3803 948 Ἀφρικαν

2221 976 2618 1047 ὡνομασθῆναι.
2664 973 2933 1041 Pererius,
2990 972 3132 1027 haud
3181 973 3305 1036 scit,
3357 987 3426 1025 an
3481 985 3583 1040 pro
3627 976 3803 1023 certo

2223 1070 2371 1125 credi
2408 1076 2588 1140 posset
2628 1066 2809 1138 Opber
2839 1066 2982 1120 hunc
3013 1066 3232 1135 petiisse
3261 1079 3384 1118 cum
3413 1061 3657 1118 exercitu
3703 1059 3806 1113 Li-

2223 1160 2404 1231 byam,
2445 1160 2628 1230 ibique
2667 1166 2855 1229 postea
2884 1157 3218 1219 consedisse,
3245 1166 3299 1211 et
3325 1161 3530 1210 mutato
3558 1153 3804 1208 nomine

2224 1248 2446 1320 Libyam
2481 1250 2548 1305 ab
2579 1264 2645 1305 eo
2686 1249 2886 1303 dictam
2930 1263 3054 1303 esse
3098 1248 3358 1312 Africam,
3396 1261 3516 1301 eum
3556 1263 3626 1301 ex
3661 1247 3802 1316 ipsa

2227 1339 2507 1411 Scriptura
2539 1341 2888 1396 manifestum
2923 1343 3013 1404 sit,
3053 1340 3260 1393 Madian
3291 1355 3411 1392 cum
3443 1341 3558 1394 suis
3588 1339 3802 1394 liberis

2224 1429 2515 1498 Ethiopian
2526 1427 2838 1492 Orientalis,
2853 1430 2958 1489 vel,
2987 1442 3043 1483 ut
3067 1430 3156 1482 alii
3177 1431 3619 1499 interpretantur,
3639 1428 3804 1482 Ara-

2226 1523 2328 1577 biae
2354 1531 2561 1592 partem
2595 1521 2835 1576 tenuisse
2858 1521 3156 1591 proximam
3185 1529 3344 1574 terrae
3371 1520 3801 1589 promissionis.

2227 1612 2447 1668 Diversa
2471 1628 2500 1665 a
2533 1612 2768 1682 Josepho
2806 1613 3024 1665 tradunt
3059 1610 3271 1681 profani
3319 1620 3589 1674 auctores,
3641 1611 3807 1667 Soli-

562 1711 823 1773 narratio,
851 1711 897 1764 si
925 1711 1000 1763 rei
1046 1719 1204 1779 gesta'
1237 1709 1408 1763 ordini
1438 1708 1731 1777 respondet,
1764 1709 2001 1761 insinuat
2027 1707 2122 1761 hoc
2156 1687 2197 1741 Β
2223 1722 2346 1768 nus,
2387 1720 2510 1775 cap.
2538 1705 2641 1770 9.7;
2669 1703 2906 1758 Joannes
2939 1703 3048 1758 Leo
3073 1705 3128 1758 in
3167 1701 3514 1770 Description
3554 1703 3798 1772 Africa,

557 1819 671 1855 esse
705 1803 908 1869 factum
935 1811 1052 1870 post
1081 1811 1297 1856 mortem
1327 1800 1496 1855 Saraz.

629 1895 746 1949 Col.
776 1893 1034 1963 765,.Ti1r
1048 1895 1397 1964 Χεττοῦραν.
1415 1893 1538 1948 Fuit
1555 1892 1902 1948 Hebrteorum
1919 1892 2122 1963 Opinio,

559 1981 860 2034 Cethuram
917 1989 970 2035 et
1008 1982 1152 2052 Agar
1180 1975 1342 2039 unam
1373 1990 1426 2037 et
1454 1983 1720 2045 eamdem,
1762 1983 1862 2036 etsi
1906 1983 2126 2036 nomina

559 2072 794 2133 varient,
826 2071 1142 2138 mulierem;
1170 2087 1270 2126 nee
1300 2087 1439 2126 novo
1474 2071 1820 2126 matrimonio
1852 2071 1996 2124 illam
2023 2073 2125 2126 sibi

563 2162 836 2216 Abraham
863 2171 983 2232 post
1013 2172 1241 2217 mortem
1277 2162 1424 2217 Sara:
1457 2163 1762 2232 copulasse,
1795 2176 1917 2215 cum
1976 2163 2127 2232 prius

559 2251 710 2306 illam
743 2253 982 2323 legitime
1025 2254 1127 2308 sibi
1175 2253 1580 2321 coniunxisset;
1623 2253 1723 2307 hos
1763 2253 1936 2306 secuti
1975 2260 2122 2315 sunt,

560 2351 616 2396 et
649 2343 915 2414 Lyranus,
961 2355 1013 2398 et
1047 2344 1285 2399 Thomas
1316 2345 1518 2414 Anglus
1559 2346 1614 2398 in
1653 2361 1772 2414 cap.
1810 2361 1911 2399 xxv
1940 2345 2120 2400 Genes.

565 2435 928 2506 Hieronymus
959 2436 1013 2489 in
1049 2435 1444 2490 Traditionibas
1482 2437 1757 2491 Hebraicis
1791 2437 2035 2507 ambigit,
2075 2445 2126 2492 et

561 2538 623 2582 ut
655 2529 915 2582 incertam
945 2528 1224 2598 relinquit.
1249 2527 1498 2592 Cet/mra,
1524 2527 1719 2598 inquit,
1762 2527 1985 2582 Heber
2013 2545 2124 2582 ser-

565 2636 714 2672 mone
753 2620 998 2688 copulata
1043 2619 1440 2688 interpretatur,
1481 2629 1572 2673 aut
1617 2621 1929 2690 conjuncta;
1968 2637 2125 2690 quam

562 2711 625 2764 ob
654 2727 869 2764 causam
898 2712 1231 2779 suspicantur
1257 2711 1486 2776 Ifebra'i,
1519 2721 1720 2766 mutato
1748 2712 1954 2765 nomine
1982 2728 2126 2765 eam—

561 2801 680 2855 dem
731 2818 842 2855 esse
885 2801 1051 2872 Agar,
1094 2817 1210 2872 qua:
1252 2801 1390 2856 Sara
1434 2812 1664 2866 mortua,
1717 2801 1780 2855 de
1839 2798 2124 2856 concubina

564 2893 838 2946 transierit
881 2894 934 2946 in
984 2909 1232 2957 uxorem;
1265 2903 1313 2946 et
1363 2895 1437 2946 ita
1481 2910 1604 2947 sane
1651 2893 1853 2947 videtur
1881 2893 2126 2961 decrepiti

554 2982 672 3052 jam
707 2983 933 3039 Abrahw
970 2985 1213 3037 excusari
1259 2994 1386 3038 tetas
1407 3000 1426 3048 ;
1474 3001 1534 3037 ne
1569 3001 1722 3038 senex
1758 2995 1874 3054 post
1905 2994 2122 3038 mortem

563 3076 747 3130 uxoris
777 3093 888 3129 sua:
922 3075 1105 3129 vetula:
1142 3075 1287 3130 novis
1324 3086 1580 3145 arguatur
1611 3077 1803 3143 nuptiis
1835 3077 2118 3130 lascivisse.

573 3168 762 3222 Verum
790 3185 884 3222 nos
912 3168 1048 3237 quod
1077 3168 1333 3220 incertum
1374 3176 1451 3220 est
1489 3167 1867 3237 relinquamus.
1911 3167 2124 3236 Cajeta-

563 3277 669 3316 nus
706 3270 760 3315 et
798 3261 887 3314 alii
918 3261 1239 3315 sententiam
1273 3259 1414 3313 hanc
1443 3259 1717 3329 rejiciunt,
1741 3267 1796 3314 et
1822 3258 2122 3314 eonfutant.

633 3351 790 3417 lbid.,
823 3353 921 3408 lin.
951 3353 1004 3407 9.
1031 3353 1140 3407 Kal
1160 3354 1388 3418 τούτοις
1407 3351 1616 3406 ἅπασι.
1641 3351 1929 3421 Iosephus,
1948 3353 2042 3406 lib.
2067 3366 2119 3407 ιτ

563 3444 783 3506 Τούτοις
816 3443 983 3497 ἅπασι
1011 3446 1122 3506 τοῖς
1160 3445 1314 3497 παισὶ
1344 3445 1434 3496 καὶ
1461 3446 1572 3507 τοῖς
1604 3444 1816 3507 υἱωνοῖς
1847 3443 2124 3514 Ἅϐραμος

561 3538 826 3590 ἀποικιῶν
868 3536 1084 3599 στόλους
1119 3538 1444 3607 μηχανᾶται,
1472 3537 1566 3588 καὶ
1599 3537 1699 3606 τήν
1725 3554 1783 3588 τε
1810 3535 2122 3607 Τρωγλοδύ-

561 3647 658 3700 την
705 3628 1174 3699 καταλαμϐάνουσι
1214 3629 1308 3682 καὶ
1353 3629 1449 3700 τῆς
1489 3629 1815 3698 Εὐδαίμονος
1869 3629 2123 3700 Ἀραϐίας

561 3721 683 3772 ὅσον
729 3721 821 3772 ἐπὶ
852 3719 949 3790 τὴν
992 3719 1254 3790 Ἐρυθρὰν
1297 3719 1567 3772 θάλασσαν
1605 3719 1854 3790 καθήκει.
1901 3719 1968 3773 Ει
1999 3728 2122 3790 post

561 3810 856 3881 Josephum
905 3810 1266 3882 Hieronymus
1311 3812 1476 3866 tradit
1519 3813 1620 3866 hos
1678 3813 1926 3867 Cethurrc
1983 3813 2120 3866 ﬁlios

563 3904 806 3958 tenuisse
828 3902 1199 3976 Troglodytin,
1224 3913 1277 3958 et
1305 3903 1559 3958 Arabiam
1595 3904 1823 3966 felicem,
1858 3921 2028 3973 usque
2053 3905 2120 3958 ad

562 4010 714 4051 mare
739 3994 1007 4050 Rubrum.
1039 3995 1256 4049 Addunt
1291 3995 1402 4058 alii,
1437 3996 1720 4065 plerasque
1752 3998 2000 4066 regiones
2031 3997 2119 4048 ln-

561 4087 665 4143 dize
711 4103 1027 4159 occupasse.
1084 4086 1189 4142 Sed
1233 4103 1340 4141 non
1392 4088 1622 4150 videtur,
1657 4089 1731 4140 ait
1760 4088 2033 4151 Pererius,
2065 4089 2119 4143 id

562 4164 866 4250 congruere
889 4193 1013 4232 cum
1046 4193 1131 4243 eo,
1169 4179 1309 4248 quod
1341 4179 1408 4231 de
1440 4178 1560 4231 istis
1587 4187 1848 4231 memorat
1874 4178 1976 4231 hoc
1999 4179 2118 4232 loco

561 4267 799 4342 Moyses,
827 4268 1094 4331 scribens,
1122 4283 1215 4323 eos
1247 4268 1522 4323 habitasse
1553 4267 1618 4320 ad
1645 4267 1853 4337 plagam
1883 4269 2120 4322 orienta-

2149 3033 2190 3090 C

2223 1797 2317 1852 lib.
2352 1813 2390 1850 ι.
2422 1796 2556 1850 Vide
2583 1795 2849 1851 Isidorum
2883 1804 2935 1850 et
2960 1796 3114 1849 alios.

2292 1888 2450 1953 lbid.,
2504 1889 2601 1941 lin.
2649 1887 2735 1942 17.
2787 1887 3010 1950 Οἵτινες
3073 1885 3354 1954 Ἠρακλεῖ.
3406 1883 3674 1954 Josephus
3721 1902 3804 1941 ex

2221 1979 2510 2035 Cleodemo
2562 1977 2707 2032 lib.t
2754 1976 3016 2046 Antiquit.
3044 1973 3319 2038 ;Τούτους
3367 1975 3473 2046 γὰρ
3520 1976 3803 2047 Ἡρακλεῖ

2225 2066 2618 2138 συστρατεῦσαι
2654 2066 2743 2118 ἐπὶ
2780 2065 2985 2136 Λιϐύην
3015 2065 3108 2118 καὶ
3143 2065 3398 2130 Ἀνταῖον,
3437 2066 3692 2136 γήμαντά
3727 2085 3803 2120 τε

2223 2160 2316 2231 τὴν
2365 2162 2571 2230 Ὄφραν
2618 2157 2890 2229 Θυγατέρα
2941 2157 3209 2228 Ἠρακλέα
3258 2157 3515 2228 γεννῆσαι
3562 2159 3676 2212 υἱὸν
3727 2161 3800 2226 ἐξ

2223 2253 2390 2322 αὐτῆς
2429 2252 2685 2322 Δέδωρον.
2724 2250 2924 2303 Τούτου
2961 2249 3018 2302 δὲ
3047 2250 3293 2318 γενέσθαι
3325 2251 3567 2320 Σοφῶνα,
3599 2252 3694 2319 ἀφ’
3725 2247 3799 2305 οὗ

2223 2344 2345 2406 τοὺς
2368 2343 2668 2414 βαρϐάρους
2688 2341 2937 2410 Σοφακὰς
2956 2341 3203 2410 λέγεσθαι
3224 2359 3236 2371 ·
3263 2342 3355 2396 alii
3375 2344 3554 2413 legunt
3579 2343 3796 2412 Σοφάς.

2225 2434 2300 2489 Ex
2333 2437 2417 2489 his
2445 2434 2804 2506 eorrigendus
2835 2435 3171 2500 Eustathius,
3207 2435 3329 2490 nisi-
3350 2435 3522 2506 magis
3552 2435 3796 2505 placue-

2224 2530 2295 2584 rit
2326 2527 2579 2598 Σοφῶνας
2611 2528 2872 2582 scribere.
2911 2526 3025 2581 Hoc
3062 2535 3242 2582 tamen
3286 2527 3650 2600 perinsignem
3693 2537 3798 2581 at.

2223 2635 2326 2688 quc
2357 2617 2749 2687 perabsurdum
2773 2618 2826 2671 in
2852 2615 3204 2688 Claronologia
3235 2633 3473 2673 errorem
3495 2618 3798 2675 continere

2224 2711 2462 2766 scribere
2507 2707 2789 2776 Pererius;
2844 2707 3102 2764 Hercules
3152 2710 3674 2796 namque‘excessit,
3721 2719 3797 2765 ut

2224 2807 2363 2860 inter
2407 2821 2596 2861 omnes
2643 2807 2917 2869 convenit,
2961 2804 3140 2859 minus
3181 2806 3403 2876 triginta
3449 2806 3599 2860 annis
3640 2813 3792 2862 ante

2223 2901 2421 2954 bellum
2454 2898 2772 2968 'l‘rojanum,
2799 2898 2941 2968 quod
2968 2900 3165 2953 bellum
3196 2899 3248 2952 in
3278 2899 3576 2969 principatu
3605 2898 3792 2952 Sam-

2225 2991 2395 3053 sonis,
2423 2998 2514 3043 aut
2543 3005 2650 3043 non
2675 2990 2861 3058 procul
2884 2989 2952 3043 ab
2976 3005 3039 3044 eo
3059 2997 3300 3060 tempore
3330 2989 3574 3058 contigit,
3606 3004 3789 3058 quam

2227 3083 2318 3137 isti
2345 3091 2566 3152 nepotes
2599 3083 2847 3149 Abrahae,
2883 3082 3004 3150 plus
3035 3089 3319 3136 sexcentos
3351 3096 3524 3135 annos
3565 3081 3786 3136 Hercu—

2223 3170 2330 3230 lem
2372 3182 2803 3238 antecesserunt,
2853 3174 3153 3244 probatque
3195 3173 3515 3228 auctoritate
3553 3173 3787 3228 Eusebii

2224 3264 2278 3318 in
2311 3265 2626 3334 praefatione
2669 3279 2893 3318 suorum
2945 3263 3138 3319 Chron.
3195 3263 3298 3318 Sed
3345 3279 3585 3318 errorem
3629 3265 3784 3319 hunc

2221 3356 2585 3426 perinsignem
2617 3362 2669 3410 et
2702 3353 3097 3424 perabsurdum
3130 3354 3185 3407 in
3216 3351 3588 3421 Chronologia,
3620 3353 3779 3418 velit,

2221 3448 2375 3510 nolit,
2413 3448 2568 3502 nobis
2596 3446 2849 3501 Pererius
2872 3447 3129 3518 suggerit,
3163 3444 3254 3514 qui
3291 3460 3456 3498 unum
3485 3443 3780 3499 Herculem

2220 3539 2558 3593 constituens
2600 3546 2772 3608 putat,
2823 3553 2881 3593 se
2927 3554 3032 3592 non
3074 3538 3410 3606 ineleganter
3446 3537 3783 3606 redarguere

2218 3627 2586 3691 Cleodemum,
2617 3629 2978 3684 Alexandrum
3013 3628 3781 3698 Polyhistorem,Josephnm,

2219 3731 2272 3776 et
2323 3729 2720 3792 consequenter
2770 3729 3016 3776 nostrum
3077 3720 3439 3775 Eustathium.
3495 3720 3784 3775 Cleodemi

2218 3813 2362 3867 dicta
2417 3815 2665 3868 maximae
2714 3827 2836 3868 esse
2879 3813 3218 3867 auctoritatis
3260 3813 3344 3866 vel
3384 3828 3448 3868 ex
3497 3827 3560 3867 eo
3597 3819 3779 3882 patet,

2217 3906 2360 3976 quod
2407 3914 2682 3961 tantorum
2729 3909 2971 3962 virorum
3014 3907 3346 3970 testimonio,
3397 3920 3548 3960 suam
3591 3905 3782 3959 histo-

2217 3997 2351 4051 riam
2386 3999 2665 4053 contexuit
2699 3998 2764 4051 ad
2811 3997 3164 4051 imitationem
3215 3996 3416 4066 Moysis
3458 3995 3780 4049 Judaeorum

2219 4088 2569 4158 legislatoris.
2617 4090 2674 4142 Ὀ
2721 4088 2944 4159 ἱστορῶν
2983 4089 3057 4142 τὰ,
3098 4088 3224 4158 περὶ
3276 4089 3539 4142 Ἰουδαίων
3582 4087 3783 4152 καθὼς

2218 4179 2311 4231 καὶ
2340 4179 2574 4248 Μωῦσῆς
2603 4178 2880 4250 ἱστόρησεν
2906 4181 2935 4231 ὁ
2962 4178 3252 4249 νομοθέτης
3278 4179 3472 4242 αὐτῶν,
3497 4194 3781 4248 nusquam

2219 4270 2319 4325 iste
2347 4279 2539 4325 auctor
2564 4286 2594 4324 a
2628 4271 2878 4327 Mosaicis
2909 4271 3068 4325 dictis
3093 4272 3175 4325 vel
3199 4271 3580 4325 traditionibus
3609 4272 3781 4325 aber-

565 4362 667 4417 lem
713 4369 963 4433 respectu
1006 4359 1257 4415 videlicet
1301 4362 1419 4430 ejus
1470 4361 1610 4427 loci,
1653 4375 1811 4430 quem
1850 4361 2117 4417 incolebat
2149 4387 2191 4440 D
2220 4367 2414 4416 rasset.
2460 4359 2569 4415 Nec
2606 4361 2831 4416 dubium
2866 4371 2949 4416 est
2983 4360 3266 4416 Herculem
3295 4359 3442 4416 Jovis
3472 4369 3524 4416 et
3557 4361 3783 4416 Aleme»

561 4451 857 4517 Abraham,
894 4451 1008 4507 sive
1035 4452 1082 4504 is
1105 4462 1250 4505 esset
1280 4451 1517 4515 liebron,
1547 4452 1660 4506 sive
1682 4451 1936 4505 Bersabe.
1971 4450 2118 4505 Seri—

561 4552 719 4614 ptura
763 4545 906 4600 enim
957 4546 1210 4616 regiones
1256 4545 1546 4599 orientales
1590 4545 1822 4614 appellat
1867 4553 2115 4615 respectu

561 4635 881 4701 Palaestinae,
938 4652 1058 4706 qua:
1108 4643 1354 4706 spectant
1404 4637 1575 4708 magis
1609 4639 1674 4690 ad
1713 4635 2016 4691 Chaldaaam
2063 4645 2117 4690 et

561 4725 860 4782 Persidem.
885 4726 999 4782 Hoc
1028 4735 1207 4782 autem
1240 4728 1390 4782 nullo
1417 4727 1578 4782 modo
1610 4729 1862 4782 convenit
1894 4728 1949 4781 in
1981 4726 2116 4782 Tro-

560 4817 884 4889 glodyticam
930 4819 1225 4890 regionem,
1270 4835 1390 4889 qua:
1422 4820 1569 4888 jacet
1601 4820 1655 4873 in
1688 4819 1870 4874 Africa
1899 4819 2116 4874 Ethio-

561 4907 722 4976 pibns
751 4909 1014 4976 proxima,
1043 4915 1096 4962 et
1139 4923 1169 4962 a
1208 4909 1520 4979 supradicta
1553 4909 1914 4978 descriptione
1945 4911 2116 4981 plagae

559 5000 838 5053 orientalis
873 5000 1257 5058 remotissima.
1290 4999 1416 5055 Haec
1456 5011 1637 5057 tamen
1681 5003 1967 5072 requirunt
1995 5004 2116 5057 lon-

560 5092 764 5161 giorem
796 5092 1128 5163 indaginem.

629 5181 788 5248 lbid.,
817 5184 913 5238 lin.
943 5185 1030 5238 l5.
1061 5184 1312 5253 Σωφρὴν
1340 5185 1408 5260 δὲ
1435 5185 1555 5239 ἐπί.
1605 5183 1898 5255 Iosephus,
1924 5186 2017 5242 lib.
2057 5203 2070 5239 ι
2095 5205 2110 5240 :

555 5273 789 5342 Λέγεται
812 5274 888 5341 δὲ,
915 5275 989 5340 ὡς
1016 5269 1170 5340 οὗτος
1203 5277 1242 5327 δ’
1269 5277 1497 5347 Ὠφρης,
1538 5277 1868 5347 στρατεύσας
1895 5279 1986 5331 ἐπὶ
2015 5279 2112 5350 τὴν

556 5364 784 5435 Λιϐύην,
823 5351 1083 5437 κατέσχεν
1108 5366 1294 5437 αὐτὴν,
1322 5369 1415 5419 καὶ
1437 5369 1484 5420 οἱ
1511 5369 1690 5421 υἱωνοὶ
1717 5369 1900 5433 αὐτοῦ,
1931 5382 2112 5422 κατοια

558 5457 822 5528 κήσαντες
857 5460 914 5513 ὲν
946 5461 1104 5531 αὐτῇ,
1133 5460 1228 5532 τὴν
1254 5462 1356 5532 γῆν
1375 5461 1480 5514 ἀπὸ
1506 5461 1600 5514 τοῦ
1623 5462 1834 5515 ἐκείνου
1852 5463 2111 5533 ὀνόματος

563 5545 832 5625 ’ᾼφρικαν
847 5539 1306 5622 προσηγόρευσαν.
1331 5554 1615 5625 Μαρτυρεῖ
1639 5553 1695 5606 δέ
1733 5572 1832 5624 μου
1862 5555 1938 5626 τῷ
1968 5555 2108 5624 λόγῳ

561 5637 655 5694 καὶ
683 5640 1022 5713 Ἀλέξανδρος
1038 5647 1064 5698 ὁ
1081 5644 1390 5715 Πολυΐστωρ
1403 5645 1574 5714 λέγων
1594 5647 1780 5712 οὕτως’
1799 5647 2107 5719 Κλεόδημός

2218 4468 2300 4507 nte
2331 4453 2521 4517 lilium,
2560 4453 2652 4523 qui
2697 4469 2820 4508 eum
2853 4453 3180 4523 Argonautis
3212 4453 3506 4522 navigavit,
3545 4449 3780 4522 Trojam

2214 4545 2563 4615 expugnavit,
2595 4551 2649 4599 et
2675 4544 2762 4598 cui
2787 4543 3099 4599 Grecorum
3136 4543 3360 4597 ambitio
3390 4543 3647 4597 universa
3684 4559 3783 4599 re-

2217 4637 2510 4706 liquorum,
2540 4637 2633 4707 qui
2657 4637 2750 4690 tali
2778 4636 2996 4690 nomine
3020 4635 3264 4706 insigniti
3287 4640 3433 4698 sunt,
3459 4643 3578 4689 acta
3609 4636 3779 4688 attri-

2216 4728 2349 4791 buit,
2382 4729 2583 4799 quique
2613 4729 2830 4784 'viriuzn
2869 4737 2922 4783 et
2965 4727 3304 4784 fortitudinis
3337 4727 3487 4781 fama.
3519 4729 3674 4782 venit
3701 4729 3776 4782 ad

2215 4833 2482 4892 posteros,
2512 4836 2616 4875 una
2643 4821 2989 4892 generatione
3022 4819 3282 4876 Troicum
3299 4821 3494 4876 bellum
3518 4829 3780 4875 anteces—

2213 4914 2353 4968 sisse
2384 4933 2396 4966 :
2424 4920 2478 4967 et
2514 4912 2581 4967 de
2613 4928 2678 4966 eo
2725 4911 3015 4966 Eusebium
3066 4913 3120 4965 in
3166 4911 3422 4967 Chronico
3455 4927 3774 4967 sermonem

2215 5005 2491 5067 habuisse,
2540 5021 2661 5058 cum
2701 5006 2768 5059 de
2807 5005 2976 5060 rebus
3005 5020 3041 5058 ιι
3066 5003 3269 5060 Graecis
3310 5006 3499 5075 gestis,
3539 5013 3594 5059 et
3621 5020 3774 5075 quo-

2211 5109 2334 5148 rum
2384 5095 2644 5150 memoria
2695 5095 3106 5160 insolescerent,
3158 5111 3463 5151 sermonem
3506 5095 3772 5162 haberet;

2211 5185 2355 5256 quod
2388 5185 2433 5241 si
2464 5187 2530 5240 de
2571 5187 2741 5241 altero
2782 5185 3012 5241 Hercule
3060 5202 3367 5242 sermonem
3414 5187 3766 5251 instituisset,

2211 5285 2590 5348 argumentum
2621 5279 2738 5348 ejus
2768 5288 2967 5334 rueret.
2995 5278 3342 5348 Compertum
3369 5289 3472 5343 est,
3507 5279 3565 5332 in
3597 5279 3770 5333 histo-

2209 5371 2290 5423 ria
2328 5369 2589 5425 llercules
2623 5371 2806 5441 plures
2843 5369 3031 5426 fuisse.
3066 5365 3238 5424 Varro
3271 5379 3504 5440 quatuor
3538 5379 3595 5424 et
3629 5386 3769 5440 qua-

2209 5459 2459 5532 draginta
2482 5472 2750 5529 recenset,
2778 5461 2967 5519 Cicero
2991 5479 3108 5528 sex,
3131 5461 3420 5530 Diodorus,
3437 5463 3532 5518 lib.
3552 5479 3628 5524 tv,
3654 5471 3769 5518 tres

2208 5555 2399 5625 ponit:
2432 5553 2674 5610 Primum
2726 5555 3060 5626 )Egyptium,
3109 5555 3266 5627 cujus
3312 5556 3543 5610 maxima
3602 5554 3770 5607 fuerit

2207 5650 2400 5721 virtus,
2433 5664 2704 5721 quemque
2731 5647 2910 5708 Osiris
2934 5649 3079 5721 quod
3111 5665 3340 5722 corpore
3369 5655 3516 5706 esset
3540 5647 3767 5702 validis--

2150 5753 2222 5763 αν.
