4072 6338
272 259 408 315 ιθεθ

1355 257 1421 313 ΙΝ
1456 258 1823 315 EUSTATHH
1862 257 2329 315 HEXAEMERON
2364 258 2591 313 NOTAE.

3364 259 3384 312 Ι
3395 259 3499 315 030

268 379 408 431 simo
424 375 690 431 exercitui
719 375 978 449 praefecit.
998 374 1097 431 Hic
1129 391 1322 447 magna
1350 361 1501 432 orbis
1533 386 1685 448 parte
1716 394 1823 449 pcr-

1944 378 2115 432 είδυῖα
2148 376 2449 441 ποθοῦντας
2481 376 2649 446 αὐτῆς
2675 375 2736 429 τὸ
2781 376 2972 447 ὄνομα,
3006 375 3109 429 ὑπὸ
3144 376 3242 445 τῆς
3273 376 3365 430 τὸν
3392 394 3497 429 πα-

268 478 455 541 ngrata
520 469 574 523 in
623 468 790 540 Libya
841 469 1149 523 columnam
1198 469 1392 531 erexit,
1445 470 1831 539 praecessitque

269 561 557 617 llerculem
580 560 850 617 Alcmente
883 560 1048 621 lilium
1080 559 1326 631 pluribus
1350 576 1511 630 quam
1559 560 1705 616 mille
1733 576 1831 615 an-

268 655 372 708 nis.
403 653 626 709 Servius
648 653 774 708 item
796 661 1029 723 quatuor
1044 652 1304 707 Hercules
1322 652 1451 706 facit
1471 652 1687 707 zEneid.
1710 668 1827 708 vm:

269 743 653 816 Tyrinthium,
692 743 952 815 Argium,
1013 742 1367 806 Thebanum,
1416 740 1628 813 Libym.
1686 742 1831 797 Inter

267 851 407 907 quos
460 836 709 907 quamvis
772 850 882 891 non
939 844 1150 891 constet
1210 835 1278 890 de
1338 849 1589 899 numero,
1642 842 1825 893 tamen

266 927 404 983 illud
434 942 603 982 unum
639 934 849 982 certum
878 933 982 991 est,
1023 924 1308 981 Herculem
1342 925 1678 997 .‘Egyptium,
1714 926 1830 981 sive

266 1020 433 1075 etiam
475 1018 893 1092 Libym,multis
921 1019 1138 1075 saeculis
1169 1018 1456 1074 Herculem
1490 1018 1827 1085 Graecorum,

150 1106 153 1109 ¹
268 1114 337 1170 de
385 1128 495 1184 quo
550 1113 791 1183 loquitur
847 1110 1138 1178 Eusebius,
1192 1111 1581 1182 praecessisse;
1640 1111 1713 1164 ita
1769 1118 1829 1163 ut

267 1202 499 1259 Abrahae
526 1202 817 1273 nepotibus
849 1210 1008 1257 aetate
1040 1218 1139 1272 par
1176 1218 1299 1258 esse
1338 1202 1542 1272 possit;
1578 1203 1652 1256 ita
1681 1202 1826 1256 enim

267 1306 322 1353 et
363 1296 505 1351 ratio
545 1304 849 1366 temporum
893 1295 1151 1358 cohaeret,
1198 1311 1301 1350 nec
1335 1305 1609 1359 auctores,
1640 1295 1733 1365 qui
1761 1295 1829 1349 de

267 1386 612 1458 expeditione
655 1392 913 1457 nepotum
964 1385 1198 1440 Abrahae
1250 1401 1359 1438 una
1414 1400 1540 1439 cum
1598 1384 1827 1440 Hercule

270 1480 433 1535 verba
464 1478 691 1543 faciunt,
722 1478 1018 1547 ἀλογίστως
1040 1478 1443 1533 damnabimus.

336 1567 457 1623 Col.
486 1568 611 1635 765,
642 1567 737 1621 lin.
762 1567 850 1621 22.
882 1565 1504 1635 Ἰακὼϐπαραρπάσας.
1526 1565 1828 1622 Alexander

267 1662 573 1734 Polyhistor
596 1676 661 1716 ex
684 1659 954 1716 Demetrio
985 1659 1128 1731 apud
1155 1658 1474 1722 Eusebium,
1503 1658 1577 1713 De
1596 1674 1823 1729 prwpar.

1931 469 2060 539 τέρα
2113 468 2323 531 εὐνοίας
2373 466 2635 537 ἔνδακρυς
2690 468 2992 538 γενομένη,
3049 467 3359 538 περιϐάλλει
3407 468 3499 520 τὸν

1943 562 2226 627 Ἰάκωϐον,
2293 561 2385 617 καὶ
2442 560 2907 630 κατασπασαμένη
2967 558 3066 631 τὴν
3116 560 3500 631 εὐκταιοτάτην

1931 655 2024 709 καὶ
2067 653 2325 724 μεγίστην
2371 652 2562 723 ἡδονὴν
2604 652 2767 705 αὐτὸν
2823 650 3044 721 κομίσαι
3090 651 3167 722 τῷ
3208 652 3375 724 πατρὶ
3404 653 3501 705 καὶ

1928 750 2039 809 τοῖς
2068 747 2160 798 ἐπὶ
2204 746 2304 815 τῆς
2346 746 2545 808 οἰκείας
2592 744 2816 809 ἅπασιν,
2864 743 3049 811 ἔλεγεν
3088 743 3180 796 ἐπὶ
3210 746 3275 814 τῇ
3312 746 3500 816 μνήμῃ

1926 838 2026 909 τῆς
2056 839 2258 909 μητρὸς
2306 839 2469 893 αὑτοῦ
2528 837 2785 908 κειμένῳ.
2829 838 2925 891 καὶ
2960 837 3095 908 πρὸς
3142 838 3275 909 μόνῃ
3325 838 3496 909 ταύτῃ

1927 928 2277 996 τυγχάνοντι,
2339 926 2625 996 φανεῖσθαι
2679 927 2735 979 δὲ
2794 926 2943 997 αὐτῷ
2994 927 3190 989 παντὸς
3250 928 3499 993 ἀντάξιον

1927 1017 2153 1086 ἀγαθοῦ.
2214 1016 2377 1074 Hisce
2417 1027 2471 1073 et
2512 1018 2635 1074 aliis
2664 1018 2934 1089 Iosephus
2982 1019 3037 1072 in
3070 1020 3313 1075 historiis
3348 1034 3499 1074 com-

1929 1105 2294 1165 memorandis
2327 1127 2516 1180 parum
2558 1112 2788 1181 diligens
2832 1120 2885 1166 et
2925 1110 3119 1166 ﬁdelis.
3147 1110 3255 1167 Nec
3287 1127 3412 1166 raro
3441 1111 3499 1165 in

1927 1199 2152 1255 historia
2168 1210 2221 1255 et
2244 1200 2298 1255 in
2315 1201 2663 1271 Chronologia
2693 1218 2814 1257 esse
2844 1204 3030 1272 lapsus
3058 1202 3494 1273 deprehenditur.

1998 1291 2162 1356 Ibid.,
2200 1292 2296 1347 lin.
2328 1292 2414 1347 36.
2460 1294 2757 1347 Τίκτονται
2797 1293 2866 1346 δὲ
2893 1292 3121 1359 παῖδες.
3160 1293 3233 1349 De
3276 1303 3400 1349 ortu
3435 1295 3500 1347 li-

1929 1384 2122 1439 liorum
2171 1382 2378 1451 Jacobi,
2413 1392 2465 1438 et
2500 1395 2761 1455 tempore,
2795 1386 2971 1456 deque
3014 1401 3165 1441 mora
3213 1387 3352 1456 apud
3395 1385 3498 1441 La-

1927 1474 2054 1539 ban,
2084 1485 2137 1531 et
2161 1476 2450 1543 descensu,
2483 1478 2660 1547 plura,
2701 1477 2801 1532 etsi
2836 1478 2890 1531 in
2932 1479 3209 1534 nonnullis
3248 1479 3496 1535 diversus

1928 1581 1958 1619 a
1992 1568 2167 1622 sacris
2204 1568 2418 1633 litteris,
2444 1570 2746 1624 Alexander
2775 1568 3084 1641 Polyhistor
3110 1586 3176 1625 ex
3224 1570 3496 1626 Demetrio

1927 1659 2072 1729 apud
2106 1657 2398 1715 Eusebium
2429 1660 2505 1715 De
2527 1671 2813 1731 prwparat.
2854 1660 3103 1733 Evangel.
3141 1663 3235 1717 lib.
3273 1679 3349 1718 Ix.

270 1753 519 1824 Evangel.
552 1754 646 1807 lib.
685 1768 738 1805 lx
759 1768 773 1804 :
794 1752 1103 1823 Δημήτριός
1137 1769 1269 1823 φησι
1300 1752 1390 1805 τὸν
1434 1749 1646 1814 Ἰακὼϐ,
1676 1751 1823 1818 γενό-

2002 1753 2163 1817 lbid.,
2198 1754 2294 1808 lin.
2332 1752 2421 1805 41.
2466 1754 2528 1804 Οἱ
2567 1752 2664 1805 καὶ
2707 1751 3033 1821 Ἰδουμαῖοι.
3063 1750 3353 1822 Iosephus,
3387 1752 3498 1807 An-

268 1864 425 1918 μενον
443 1845 578 1898 ὲτῶν
596 1844 961 1915 ἑϐδομήκοντα
986 1844 1164 1907 πέντε,
1184 1846 1372 1913 φυγεῖν
1394 1846 1473 1906 είς
1496 1844 1716 1915 Χαρρὰν
1732 1844 1827 1914 τῆς

264 1936 705 2007 Μεσοποταμίας,
736 1935 1103 1988 ἀποσταλέντα
1132 1934 1233 1986 ὑπὸ
1261 1933 1368 1986 τῶν
1394 1933 1593 2002 γονέων
1616 1932 1702 1985 διὰ
1730 1932 1826 2003 τὴν

266 2030 399 2103 πρὸς
417 2031 506 2083 τὸν
521 2028 745 2097 ἀδελφὺν
761 2027 993 2099 κρυφίαν
1010 2026 1205 2097 ἔχθραν
1233 2024 1422 2089 Ἠσαῦ,
1440 2025 1525 2078 διὰ
1539 2024 1601 2077 τὸ
1616 2024 1829 2096 εὐλογῆ-

265 2121 547 2175 σαιάὺτὸν
574 2121 664 2174 τὸν
696 2119 923 2190 πατέρα,
950 2118 1207 2171 δοκοῦντα
1235 2112 1370 2171 εἶναι
1390 2116 1481 2169 τὸν
1519 2117 1708 2183 Ἡσαῦ,
1734 2116 1827 2169 καὶ

263 2214 411 2275 ὅπως
437 2210 577 2281 λάϐῃ
603 2210 808 2263 ἐκεῖθεν
837 2211 1087 2277 γυναῖκα.
1127 2209 1464 2279 Ἀφορμῆσαι
1501 2203 1591 2261 οὖν
1639 2205 1827 2260 Ἰακὼϐ

264 2302 593 2375 εἰς’Χαρρὰν
623 2303 720 2372 τῆς
754 2298 1193 2369 Μεσοποταμίας,
1222 2299 1313 2352 τὸν
1349 2300 1446 2371 μὲν
1483 2298 1692 2371 πατέρα
1733 2314 1827 2350 κα-

263 2395 558 2450 ταλιπόντα
596 2393 779 2447 Ἰσαὰκ
807 2392 940 2447 ἐτῶν
966 2391 1156 2444 ἑκατὸν
1183 2390 1470 2463 τριάκοντα
1489 2390 1645 2457 ἑπτὰ,
1670 2390 1827 2443 αὑτὸν

264 2488 325 2540 δὲ
361 2486 487 2540 ὄντα
530 2485 665 2539 ἐτῶν
703 2483 1069 2556 ἐϐδομήκοντα
1116 2483 1273 2536 ἑπτά.
1328 2484 1690 2554 Διατρίψαντα
1736 2478 1827 2536 οὖν

267 2576 429 2630 αὑτὸν
468 2577 582 2628 ἐκεῖ
615 2573 752 2627 ἑπτὰ
784 2573 878 2643 ἔτη
913 2572 1097 2627 Λάϐαν
1123 2572 1215 2626 τοῦ
1261 2571 1511 2645 μητρῴου
1544 2571 1636 2625 δύο
1664 2571 1827 2639 θυγα-

265 2669 429 2739 τέρας
458 2669 651 2738 γῆμαι,
692 2665 855 2719 Λείαν
898 2667 991 2719 καὶ⁹
1041 2664 1259 2736 Ῥαχὴλ,
1302 2664 1429 2717 ὄντα
1466 2664 1602 2718 ἐτῶν
1643 2665 1829 2736 ὀγδοή-

266 2776 431 2813 κοντα
459 2758 761 2829 τεσσάρων.

333 2852 491 2916 lhid.,
515 2852 614 2907 lin.
635 2852 725 2907 25.
765 2851 875 2919 Τὰς
895 2851 1004 2906 δύο
1027 2848 1365 2921 θυγατέρας.
1396 2849 1629 2906 Faustus
1658 2847 1829 2903 Mani-

264 2949 450 3003 chaeus
480 2944 839 3016 polygamiam
870 2944 1012 2999 hanc
1041 2959 1139 3014 pro
1161 2958 1358 3014 magno
1381 2943 1609 2998 crimine
1638 2948 1828 2997 sancto

265 3040 589 3111 patriarchae
629 3037 797 3094 Jacob
839 3038 1248 3109 procacissimis
1286 3037 1468 3093 verbis
1512 3034 1825 3106 obiectavit.

1933 1842 2022 1912 tiq.
2106 1842 2199 1896 lib.
2252 1858 2311 1905 ιι,
2348 1856 2467 1909 cap.
2519 1841 2571 1904 1,
2623 1840 2737 1895 hzec
2768 1841 2956 1896 eadem
2993 1842 3065 1895 ita
3096 1850 3320 1895 narrat:
3357 1844 3495 1897 Ἀλλ’

1941 1933 2107 1986 Ἦσαῦ
2146 1934 2267 2003 μὲν,
2294 1936 2391 2004 τῆς
2431 1932 2743 2005 Χεϐρωνίας
2777 1936 3181 2006 παραχωρήσας
3226 1936 3305 2007 τῷ
3340 1936 3496 1990 ἀδελ--

1930 2025 2033 2095 φῷ,
2089 2030 2145 2080 ὲν
2179 2026 2376 2097 Σαείρᾳ
2420 2026 2656 2097 διῃτᾶτο,
2708 2027 2799 2079 καὶ
2836 2029 2933 2098 τῆς
2978 2028 3278 2098 Ἰδουμαίας
3327 2024 3493 2100 ἦλθεν

1929 2117 2070 2170 οὕτω
2106 2116 2340 2181 καλέσας
2370 2119 2468 2188 τὴν
2500 2117 2681 2190 χώραν
2709 2118 2893 2172 αὐτοῦ.
2933 2120 3179 2191 ’Ἄδωμος
3207 2121 3250 2173 δ’
3285 2123 3494 2176 ἐπωνο-

1932 2210 2130 2280 μάζετο
2166 2211 2305 2264 κατὰ
2329 2210 2577 2282 τοιαύτην
2604 2212 2781 2264 αἰτίαν
2801 2212 2975 2282 τυχὼν
3004 2214 3102 2283 τῆς
3133 2214 3490 2287 ἐπικλήσεως.

1941 2302 2072 2354 Ἀπὸ
2102 2301 2272 2373 θήρας
2305 2302 2431 2355 ποτὲ
2465 2304 2557 2356 καὶ
2591 2303 2753 2355 πόνου
2791 2303 2883 2356 τοῦ
2922 2306 3049 2374 περὶ
3076 2305 3135 2357 τὸ
3174 2307 3495 2377 κυνηγέσιον

1927 2392 2206 2465 λιμώττων
2238 2394 2559 2464 ἐπανῆλθεν,
2598 2394 2678 2447 ἔτι
2714 2397 2843 2459 παῖς
2873 2394 2946 2448 ὣν
2970 2395 3066 2467 τὴν
3095 2396 3327 2467 ἡλικίαν.
3345 2400 3495 2452 Ἐπι-

1926 2482 2105 2555 τυχὼν
2140 2484 2196 2537 δὲ
2240 2485 2485 2555 τάδελφῷ
2530 2487 2707 2556 φακῆν
2737 2488 3054 2541 ἐσκευακότι
3103 2490 3237 2560 πρὸς
3268 2490 3492 2562 ἄριστον

1928 2574 2075 2646 αὑτῷ
2116 2576 2309 2647 ξανθὴν
2354 2577 2555 2650 σφόδρα
2603 2579 2700 2649 τὴν
2742 2580 2929 2650 χρόαν,
2963 2581 3058 2633 καὶ
3099 2580 3187 2635 διὰ
3228 2583 3372 2636 τοῦτ’
3411 2584 3493 2639 ἐτι

1932 2668 2129 2741 μᾶλλον
2155 2669 2395 2741 ὀρεχθεὶς
2421 2670 2571 2740 ἠξίου
2598 2674 2894 2743 παρασχεῖν
2929 2674 3079 2745 αὐτῷ
3107 2673 3241 2745 πρὸς
3264 2678 3491 2749 τροφήν.

1940 2760 1997 2814 '0
2008 2759 2061 2813 δὲ
2079 2761 2364 2816 ἀποδόσθαι
2387 2763 2447 2815 τὸ
2468 2765 2748 2835 πρεσϐεῖον
2765 2765 2912 2836 αὐτῷ
2928 2766 3021 2820 τοῦ
3040 2771 3232 2837 φαγεῖν
3250 2772 3493 2842 συνεργῷ

1929 2852 2269 2923 χρησάμενος
2299 2857 2363 2924 τῇ
2400 2855 2555 2926 πείνῃ
2587 2856 2676 2909 τὸν
2710 2857 2933 2926 ἀδελφὸν
2964 2860 3261 2929 ἠνάγκασε.
3293 2864 3493 2917 Κάκεῖ-

1929 2961 2036 3009 νος,
2063 2944 2166 2997 ὑπὸ
2199 2944 2291 2997 τοῦ
2318 2945 2479 3015 λιμοῦ
2505 2948 2817 3018 προαχθεὶς,
2845 2956 3163 3023 παραχωρεῖ
3188 2954 3294 3006 τῶν
3326 2971 3493 3025 πρεσ-

1930 3033 2089 3086 ϐείων
2122 3033 2268 3104 αὐτῷ
2314 3034 2430 3104 μεθ’
2466 3035 2661 3106 ὅρκων.
2713 3036 2900 3089 Ἔνθεν
2940 3037 3027 3090 διὰ
3058 3038 3153 3108 τὴν
3197 3038 3491 3111 ξανθότητα

267 3099 410 3184 Huic
451 3130 542 3184 lib.
581 3146 716 3196 xxii,
758 3099 877 3200 cap.
918 3130 1009 3195 47,
1050 3126 1340 3200 respondet
1366 3099 1703 3198 Augustinus
1736 3125 1823 3180 Ja-

1928 3125 2019 3180 τοῦ
2048 3099 2328 3197 βρώματος
2362 3127 2465 3180 ὑπὸ
2496 3099 2604 3180 τῶν
2642 3128 2943 3199 ἡλικιωτῶν
2973 3099 3222 3202 ’Ἄδωμος
3247 3099 3489 3187 καλεῖται

262 3225 463 3279 cobum
508 3239 538 3278 a
592 3224 865 3279 calumnia
911 3224 1217 3278 vindicans.
1268 3221 1493 3289 Quando
1542 3237 1653 3275 mos
1688 3230 1824 3284 erat,

262 3317 462 3370 crimen
491 3332 594 3370 non
622 3325 735 3369 erat
760 3331 777 3368 :
806 3326 855 3369 et
885 3331 1019 3369 nunc
1048 3324 1321 3383 propterea
1355 3313 1549 3366 crimen
1574 3321 1672 3377 est,
1702 3312 1827 3382 quia

262 3426 377 3464 mos
407 3426 507 3463 non
533 3418 631 3463 est.
656 3408 778 3462 Alia
798 3409 935 3461 enim
959 3417 1081 3462 sunt
1106 3415 1319 3477 peccata
1349 3416 1534 3462 contra
1556 3414 1823 3469 naturam,

262 3500 377 3553 alia
407 3508 590 3553 contra
630 3513 823 3561 mores,
872 3497 983 3550 alia
1029 3510 1213 3551 contra
1235 3506 1511 3565 praecepta.
1546 3496 1676 3562 Qum
1709 3511 1826 3548 cum

261 3590 341 3643 ita
362 3591 489 3655 sint,
521 3590 644 3659 quid
681 3588 885 3641 tandem
917 3588 1151 3641 criminis
1189 3597 1285 3654 est,
1318 3587 1457 3657 quod
1498 3584 1559 3639 de
1586 3583 1823 3654 pluribus

259 3682 422 3736 simul
460 3680 651 3733 habitis
694 3681 946 3733 uxoribus
988 3680 1232 3749 objicitur
1254 3688 1434 3733 sancto
1473 3678 1581 3732 viro
1619 3675 1825 3731 Jacob?

258 3775 307 3827 si
333 3783 579 3825 naturam
604 3771 876 3835 consulas,
914 3788 1017 3825 non
1066 3770 1387 3833 lasciuiendi,
1444 3769 1532 3824 sed
1581 3765 1824 3837 gignendi

258 3882 425 3919 causa
453 3864 561 3917 illis
598 3862 897 3918 mulieribus
928 3862 1192 3916 utebatur.
1238 3860 1298 3916 Si
1332 3876 1547 3924 morem,
1578 3861 1673 3912 illo
1695 3869 1823 3913 tem-

256 3971 404 4024 pore,
430 3964 583 4023 atque
604 3954 656 4005 in
686 3953 791 4006 illis
819 3953 969 4005 terris
1005 3952 1100 4005 hoc
1137 3949 1497 4021 factitabatur.
1540 3949 1600 4003 Si
1630 3964 1823 4014 prtere-

256 4058 429 4116 ptum,
460 4045 608 4100 nulla
638 4046 742 4115 lege
768 4043 1153 4113 prohibebatur.
1191 4042 1240 4095 Ν
1248 4060 1345 4095 unc
1367 4058 1482 4094 vero
1510 4057 1604 4093 cur
1628 4041 1821 4093 crimen

256 4152 357 4201 est,
386 4141 432 4193 si
455 4140 570 4209 quis
598 4139 691 4191 hoc
720 4138 905 4207 faciat,
928 4137 1030 4189 nisi
1051 4136 1174 4206 quia
1198 4144 1245 4187 et
1268 4134 1520 4199 moribus,
1546 4142 1594 4187 et
1626 4131 1819 4202 legibus

258 4251 365 4288 non
399 4234 557 4287 licet?
595 4233 725 4300 Quae
766 4233 870 4287 duo
914 4233 1145 4302 quisquis
1192 4230 1578 4299 contempserit,
1612 4228 1821 4282 etiamsi

260 4324 625 4378 tantummodo
665 4341 827 4378 causa
861 4322 1140 4393 generandi
1172 4321 1250 4374 uti
1278 4321 1444 4390 possit
1470 4318 1708 4389 pluribus
1743 4318 1819 4386 [ει

1927 3217 2067 3270 κατὰ
2119 3218 2331 3272 παιδιὰν
2376 3218 2703 3289 ἐπικληθείς.
2740 3221 2963 3291 Ἀδωμα
3004 3222 3112 3293 γὰρ
3153 3221 3388 3293 Ἑϐραῖοι
3430 3224 3492 3277 τὸ

1925 3309 2152 3380 ἐρυθρὸν
2194 3309 2435 3363 καλοῦσι.
2469 3310 2577 3382 Τὴν
2619 3313 2675 3365 δὲ
2706 3310 2889 3384 χώραν
2915 3313 3057 3367 οὕτω
3111 3316 3489 3388 προσηγόρευ-

1926 3416 2035 3453 σεν.
2074 3399 2327 3471 Ἕλληνες
2358 3401 2464 3475 γὰρ
2504 3402 2671 3470 αὐτὴν
2705 3404 2795 3455 ἐπὶ
2825 3404 3145 3475 σεμνότερον
3190 3404 3489 3475 Ἰδουμαίαν

1923 3485 2229 3557 ὠνόμασαν.
2259 3488 2339 3542 Ab
2366 3489 2506 3544 Esau
2535 3488 2698 3560 igitur
2730 3492 2827 3545 toti
2851 3492 3000 3563 genti
3034 3507 3229 3549 nomen
3265 3495 3489 3565 imposi-

1924 3584 2060 3643 tum,
2090 3596 2228 3648 quos
2261 3579 2432 3637 ϐιαξεί
2488 3583 2753 3638 Idumaeos
2793 3584 3082 3653 appellant.
3126 3585 3282 3639 Errat
3322 3587 3489 3657 igitur

1925 3666 2142 3734 Strabo,
2194 3670 2289 3725 lib.
2321 3688 2432 3735 xvi,
2474 3674 2563 3742 qui
2612 3688 2709 3728 eos
2750 3674 2959 3744 origine
3002 3674 3326 3732 Nabathaeos
3364 3693 3489 3732 esse

1924 3759 2223 3829 allirmavit,
2274 3763 2643 3834 seditioneque
2694 3765 2865 3833 patria
2919 3767 3124 3835 pulsos.
3170 3767 3330 3821 Errat
3369 3766 3490 3823 Ste-

1922 3854 2132 3924 phanus
2178 3856 2307 3928 περὶ
2350 3857 2577 3921 πόλεων,
2612 3872 2706 3913 eos
2758 3872 2786 3912 a
2822 3858 2930 3913 ﬁlio
2963 3859 3196 3929 quodam
3247 3858 3489 3915 Semira-

1920 3948 2081 4002 midis
2108 3955 2259 4002 ortos
2297 3949 2562 4012 scribens,
2595 3950 2833 4004 sicutab
2879 3951 2986 4005 alio
3028 3951 3145 4020 ejus
3194 3950 3302 4005 lilio
3345 3951 3484 4007 Juda

1917 4037 2152 4095 Iudaeos.
2191 4040 2476 4094 lnsaniunt
2524 4048 2577 4094 et
2620 4038 2855 4095 Rabbini
2908 4056 3031 4095 cum
3082 4042 3355 4096 Abenezra
3388 4044 3483 4111 qui

1922 4131 2148 4187 Romam
2179 4142 2375 4187 vocant
2404 4132 2592 4197 Edoni,
2619 4140 2672 4187 et
2702 4132 3011 4203 pontiﬁcem
3044 4120 3345 4189 Romanum
3373 4150 3485 4190 mo-

1918 4224 2152 4279 nachum
2183 4223 2518 4279 Edomaaum.
2919 4270 2935 4279 .

1989 4316 2151 4382 Ihid.,
2191 4316 2286 4372 lin.
2319 4317 2408 4372 44.
2442 4318 2734 4386 ’Υστερον
2776 4317 2845 4371 δὲ
2888 4318 3081 4386 Σύροι.
3131 4316 3341 4389 Syriam
3392 4332 3481 4371 re-

258 4415 440 4477 minis,
479 4425 655 4483 peccat
681 4426 851 4467 tamen
908 4423 957 4467 et
1010 4414 1177 4481 ipsum
1206 4411 1367 4465 violat
1404 4410 1690 4463 humanam
1726 4427 1816 4464 so-
1848 4446 1892 4503 υ
1918 4408 2130 4477 gionem
2172 4406 2564 4462 nobilissimam
2596 4409 2736 4463 Asiae
2780 4423 2902 4463 cum
2936 4408 3159 4479 Assyria
3207 4409 3275 4463 ab
3305 4419 3484 4464 aucto-

255 4509 530 4569 cietatem,
595 4508 677 4559 cui
722 4508 1013 4559 necessaria
1054 4514 1131 4557 est
1173 4503 1464 4571 procreatio
1514 4502 1813 4556 liberorum.

259 4598 357 4653 llis
388 4598 563 4652 allinia
614 4598 803 4653 scribit
842 4606 895 4651 et
935 4597 1027 4651 lib.
1058 4612 1120 4651 ιιι
1162 4596 1239 4649 De
1280 4594 1450 4648 doctr.
1484 4592 1813 4656 Christiana,

257 4708 382 4762 cap.
418 4692 504 4756 ιε,
538 4692 679 4746 idem
724 4691 1079 4761 Augustinus,
1126 4697 1179 4745 et
1226 4689 1587 4760 Hieronymus
1626 4702 1713 4756 ep.
1748 4686 1817 4740 85

257 4786 327 4838 ad
357 4783 652 4848 Oceanum,
681 4792 733 4837 et
767 4780 1135 4837 Theodoretus
1167 4790 1359 4851 quaast.
1392 4781 1461 4835 84
1482 4783 1533 4833 in
1560 4777 1743 4833 Cenes.

330 4874 490 4937 lbid.,
532 4873 628 4926 lin.
652 4872 1128 4942 27.Ἐπεθύμησε
1148 4872 1233 4928 δέ.
1269 4871 1507 4926 Thomas
1541 4869 1806 4940 Anglicus

255 4966 313 5022 in
346 4981 461 5034 cap.
525 4980 689 5019 xxvm
735 4964 917 5021 Cenes.
952 4964 1127 5019 tribus
1171 4963 1346 5020 modis
1373 4963 1602 5018 diversis
1633 4962 1702 5015 ab
1749 4976 1814 5017 eo

255 5072 417 5124 quem
450 5054 764 5110 Eustathius
797 5054 980 5117 tradit,
1017 5062 1262 5125 purgata
1300 5056 1430 5110 vitio
1452 5069 1690 5109 amorem
1719 5051 1813 5107 Ja-

256 5148 380 5210 cob,
416 5154 469 5202 et
501 5147 880 5216 inculpabilem
916 5148 1112 5212 reddit,
1144 5163 1281 5219 quos
1307 5148 1447 5205 vide.

326 5238 489 5303 lbid.,
524 5240 621 5295 lin.
657 5240 743 5293 3|.
783 5238 1261 5306 Συναντήσασαν
1287 5241 1627 5309 ἠσπάσατο.
1662 5241 1817 5297 Jose-

254 5330 422 5403 phus,
477 5331 572 5385 lib.
626 5348 663 5395 ι,
696 5347 815 5403 cap.
872 5332 956 5397 19,
994 5332 1087 5385 ubi
1132 5333 1270 5387 hanc
1304 5334 1467 5388 refert
1498 5334 1811 5399 historiam,

252 5422 626 5493 aliiplexuslet
654 5424 759 5477 alia
787 5438 906 5495 qua
935 5423 1218 5497 Scriptura
1242 5434 1451 5491 narrat,
1485 5442 1594 5481 non
1623 5427 1816 5482 tribuit

250 5515 459 5571 Iacobo
504 5516 595 5570 sed
649 5515 908 5581 Racheli,
957 5518 1021 5571 'H
1067 5519 1144 5583 δὲ,
1196 5518 1299 5571 ὑπὸ
1351 5520 1601 5590 μνήμης,
1659 5522 1815 5573 ὁποῖα

252 5608 401 5676 φιλεῖ
439 5608 820 5679 συντυγχάνειν
848 5612 959 5672 τοῖς
1006 5608 1164 5673 νέοις,
1200 5610 1624 5681 προπεπυσμένη
1666 5610 1817 5682 παρὰ

253 5700 347 5754 τοῦ
384 5701 587 5773 πατρὸς
616 5702 683 5757 τὰ
711 5703 835 5773 περὶ
865 5703 963 5773 τῆς
1004 5702 1313 5769 Ῥεϐέκκας,
1347 5703 1438 5757 καὶ
1477 5704 1600 5770 τοὺς
1642 5705 1816 5776 γονεῖς

1921 4498 2071 4554 ribus
2108 4498 2364 4555 confundi
2406 4515 2571 4570 supra
2609 4501 2907 4556 innuimus.
2954 4498 3029 4555 De
3056 4516 3119 4555 ea
3162 4501 3482 4555 Ammianus

1918 4592 2283 4658 Marcellinus,
2318 4594 2414 4649 lib.
2450 4609 2621 4649 xxm:
2663 4592 2812 4647 Citra
2863 4609 3040 4647 amnes
3093 4594 3358 4661 provincia
3401 4605 3477 4648 est

1918 4685 2105 4738 nobilis
2154 4684 2391 4753 Assyria,
2427 4686 2723 4739 celebritate
2765 4695 2814 4739 et
2854 4683 3229 4755 magnitudine,
3282 4694 3393 4738 tum
3430 4694 3480 4739 et

1918 4778 2229 4846 multiformi
2274 4778 2563 4843 feracitate,
2589 4778 2948 4847 ditissimaque
2987 4792 3076 4845 per
3111 4778 3348 4845 populos,
3384 4792 3486 4845 pa-

1915 4886 2104 4941 gosque
2126 4868 2326 4939 amplos
2357 4869 2575 4939 diffusa,
2603 4869 2861 4941 quondam
2891 4880 2937 4924 et
2969 4872 3201 4940 copiosa,
3223 4869 3292 4924 ad
3316 4884 3501 4923 unum'

1917 4962 2168 5017 concessit
2191 4960 2514 5026 vocabulum,
2547 4972 2596 5017 et
2624 4979 2759 5017 nunc
2778 4964 2945 5017 omnis
2974 4963 3268 5033 appellatur
3296 4961 3477 5033 Syria.
3504 4984 3507 4989 ν

1917 5056 2081 5110 Plura
2115 5054 2183 5110 de
2216 5071 2280 5110 ea
2331 5055 2451 5111 vide
2490 5058 2637 5125 apud
2686 5055 3031 5111 Eustathium
3086 5055 3381 5111 Comment.
3424 5055 3479 5108 in

1917 5146 2229 5217 Dionysium
2276 5146 2339 5202 de
2393 5148 2500 5202 situ
2536 5148 2696 5211 orbis,
2731 5147 3097 5201 Abrabatnum
3152 5144 3511 5208 Hortelium,'

1916 5248 1971 5296 et
1997 5241 2154 5294 alios.
3551 5225 3559 5231 ’

1988 5331 2148 5397 Ihid.,
2176 5332 2274 5386 lin.
2318 5331 2408 5387 46.
2446 5332 2500 5385 '0
2543 5331 2615 5385 δὲ
2656 5331 2845 5390 Ἠσαῦ
2887 5331 3196 5401 γυναῖκας.
3240 5328 3476 5394 Delrius,

1916 5432 1970 5480 et
1999 5425 2087 5480 alii
2116 5431 2393 5489 notarunt,
2425 5421 2680 5478 Hebraeos
2723 5422 2912 5477 solitos
2958 5422 3156 5478 habere
3182 5420 3338 5492 plura
3380 5435 3479 5477 no-

1918 5517 2085 5580 mina,
2126 5516 2356 5586 indeque
2408 5529 2634 5585 magnas
2681 5514 2936 5569 tenebras
2984 5512 3121 5568 oriri
3164 5515 3219 5567 in
3268 5510 3477 5568 Geneti-

1918 5610 2097 5681 logiis,
2145 5609 2272 5663 dum
2320 5622 2431 5663 uno
2480 5607 2600 5663 loco
2644 5621 2836 5670 uram,
2891 5605 3003 5661 alio
3038 5603 3183 5660 aliud
3229 5604 3478 5676 ponitur,

1918 5703 2062 5774 quod
2095 5717 2201 5758 non
2245 5699 2653 5759 considerantes
2677 5699 2901 5774 quidam
2933 5699 3224 5772 desperant
3251 5698 3480 5761 deson-
