4072 6338
566 254 704 311 1051

1978 239 2222 299 LEONIS
2257 233 2533 294 ALLATll

3668 232 3804 290 1032

565 370 842 425 ciliatione
869 365 1031 435 hujus
1068 363 1309 435 Catalogi
1340 377 1462 418 eum
1497 362 1515 417 l
1557 362 1887 436 Paralipom.
1924 376 1963 417 ι.
2003 358 2136 426 Quae
2164 367 2211 425 Α
2236 369 2359 410 mus
2405 350 2620 423 epistol.
2664 347 2768 404 126
2790 347 2858 404 ad
2905 345 3222 420 Evagrium,
3255 345 3635 419 Hippolytum,
3697 349 3808 402 tre-

565 456 904 516 consuetudo
929 455 1094 510 etiam
1138 454 1195 509 in
1228 453 1552 509 mulieribus
1590 455 1847 509 obtinuit.
1879 451 2127 523 Sequen-

566 545 670 602 dus
706 545 868 616 igitur
914 542 1171 615 Cyrillus,
1218 552 1273 599 et
1317 544 1621 614 Procopius
1673 543 1766 615 qui
1813 543 2126 608 observant,

568 650 767 692 uxores
803 633 967 699 Esau,
1014 640 1071 688 et
1120 649 1308 690 earum
1347 642 1599 707 parentes
1649 636 1771 692 aliis
1817 636 2130 692 nominibus

567 727 625 782 in
660 726 857 784 Genesi
888 734 944 782 et
988 726 1421 797 Paralipomenis
1465 727 1787 797 nuncupari.
1823 725 1953 793 Quae
1986 727 2130 782 enim

566 820 658 875 hic
682 818 887 874 dicitur
912 819 1028 874 Ada
1056 818 1165 873 ﬁlia
1202 817 1354 873 Elom
1383 818 1611 884 llethzei,
1638 819 1747 875 illic
1775 818 1995 875 Iuditha
2025 821 2133 875 ﬁlia

567 908 790 974 Proeri;
822 917 877 963 et
904 922 1026 978 qua:
1057 907 1165 962 illic
1198 906 1482 963 Basemath
1518 907 1627 961 ﬁlia
1670 906 1843 976 Elom,
1869 909 1972 963 hoc
2014 909 2133 965 loco

567 1000 849 1059 Oolibama
903 1002 1011 1057 ﬁlia
1062 1005 1269 1069 Annae;
1301 1018 1420 1074 quae
1457 1004 1545 1058 hic
1595 1004 1879 1060 Basemath
1909 1006 2018 1061 ﬁlia
2054 1008 2135 1064 Is-

568 1091 731 1157 mael,
758 1093 871 1148 illic
914 1090 1182 1147 Maheleth
1210 1094 1543 1147 nominatur.
1577 1093 1731 1161 Quod
1764 1095 1839 1150 ita
1868 1097 2135 1154 accidisse

568 1192 625 1240 et
654 1182 710 1237 in
744 1192 894 1254 patre
916 1184 1121 1254 Moysis
1154 1184 1382 1239 inferius
1410 1186 1743 1242 notabimus.

640 1273 758 1331 Col.
798 1274 919 1339 765,
945 1274 1041 1329 lin.
1075 1274 1163 1329 54.
1192 1277 1293 1343 Εἰς
1325 1278 1389 1331 τὸ
1415 1278 1591 1345 Σηεὶρ
1634 1278 1789 1346 ὄρος.
1826 1277 1942 1335 Νοη
1968 1280 2135 1338 armis

568 1360 759 1422 Jacobi
792 1374 1035 1430 coactus,
1069 1365 1165 1420 sed
1198 1367 1270 1420 ita
1316 1366 1427 1422 Deo
1470 1378 1763 1433 annuente,
1794 1381 1984 1439 sponte
2014 1389 2134 1438 sua,

570 1467 633 1513 ut
667 1459 835 1514 libera
883 1457 1070 1515 Jacobi
1103 1461 1308 1529 posteri
1335 1461 1640 1517 Chananrea
1664 1464 1992 1533 potirentur.
2026 1465 2139 1521 Dis-

570 1557 814 1606 cesserat
862 1551 1012 1621 prius
1065 1552 1284 1623 quidem
1331 1554 1476 1609 Esau
1536 1556 1591 1608 in
1642 1554 1797 1623 Seir,
1879 1558 1975 1612 sed
2028 1574 2137 1614 non

573 1641 757 1696 animo
807 1642 964 1712 plane
1012 1643 1300 1699 deserendi
1342 1643 1736 1712 Chananazam,
1785 1662 1957 1717 quare
2009 1663 2135 1703 cum

2233 460 2430 509 natum,
2464 443 2757 499 Eusebium
2803 440 3221 503 Cmsariensem,
3256 438 3552 495 Eusebium
3583 437 3806 495 Emese-

2233 552 2385 599 num,
2420 534 2838 605 Apollinarium,
2865 531 3232 588 Eustathium.
3263 532 3634 603 Hieronymus
3673 529 3809 586 Tra.

2233 626 2519 680 ditionibus
2559 625 2835 680 Hebraicis
2884 625 2947 678 in
2998 620 3209 687 Genes.,
3252 638 3374 694 cap.
3406 622 3497 687 22,
3528 636 3657 677 eum
3702 636 3808 677 non

2236 720 2303 776 de
2330 735 2526 791 genere
2558 717 2722 782 Esau,
2775 717 2869 773 sed
2900 716 2967 772 de
3017 718 3187 787 stirpe
3233 713 3451 769 Nachor
3489 722 3809 785 generatum

2235 812 2535 876 existimat,
2574 827 2734 882 quem
2783 812 3028 880 sequitur
3086 808 3363 877 Rupertus
3426 805 3521 862 lib.
3559 822 3613 859 νι
3645 806 3809 866 Com-

2238 912 2472 961 mentar.
2517 908 2571 959 in
2612 901 2823 967 Genes.,
2857 901 3098 956 Historia
3144 898 3498 961 Scholastica,
3545 913 3670 968 cap.
3719 896 3808 961 58;

2238 1004 2293 1053 et
2324 996 2605 1066 Philippus
2630 996 2937 1066 presbyter,
2960 993 3051 1064 qui
3086 992 3249 1063 paulo
3272 998 3391 1061 post
3421 989 3808 1061 Hieronymum

2241 1089 2465 1158 scripsit
2499 1090 2553 1141 in
2587 1086 2729 1139 hunc
2772 1086 3111 1156 prophetam,
3156 1082 3236 1137 sic
3286 1082 3401 1135 ait:
3434 1079 3577 1134 Chus
3620 1087 3673 1133 et
3702 1078 3809 1133 Bas

2241 1181 2342 1251 ﬁlii
2368 1181 2513 1250 fuere
2544 1177 2760 1233 Nacltor
2791 1178 2980 1248 fratris
3012 1176 3238 1231 Abrahae
3261 1175 3424 1244 juxta
3451 1174 3610 1244 fidem
3649 1171 3813 1226 Gene-

2242 1291 2355 1329 seos
2387 1274 2530 1337 libri,
2557 1273 2668 1325 nati
2698 1270 2760 1326 de
2783 1270 2989 1325 Melcha
3026 1286 3208 1325 sorore
3248 1269 3400 1323 Sara:
3424 1284 3443 1321 :
3462 1265 3715 1321 credibile
3742 1266 3815 1319 vi-

2242 1364 2354 1419 deri
2377 1376 2539 1435 potest
2571 1374 2627 1416 nt
2662 1365 2714 1417 in
2741 1374 2881 1417 terra
2908 1379 3025 1436 qua;
3052 1378 3116 1417 ea:
3142 1371 3417 1432 parentum
3438 1359 3651 1413 nomine
3669 1359 3817 1413 dicta

2243 1469 2339 1523 est,
2368 1460 2446 1513 vir
2475 1458 2564 1511 ille
2597 1467 2810 1511 sanctus
2839 1456 3149 1509 habitaverit
3175 1472 3193 1507 :
3223 1464 3271 1508 et
3314 1469 3426 1507 esse
3451 1454 3601 1506 illum
3638 1452 3817 1520 potius

2243 1550 2307 1605 de
2341 1567 2520 1622 genere
2550 1547 2784 1612 Nachor,
2816 1564 2918 1602 non
2945 1547 3009 1601 de
3052 1546 3193 1600 Esau
3230 1544 3428 1614 origine
3455 1553 3816 1610 procreatum,

2246 1645 2379 1697 sicut
2400 1642 2614 1712 quidam
2655 1640 2893 1708 opinione
2918 1638 3078 1692 dubia
3111 1640 3465 1706 suspicantur.
3488 1636 3594 1708 _llli
3629 1643 3813 1688 autem

572 1740 689 1789 tota
719 1734 919 1789 familia
951 1735 1208 1793 redierat.
1256 1734 1361 1791 Sed
1392 1745 1611 1808 propter
1637 1754 1860 1809 gregum
1888 1740 2133 1795 multitu-
2164 1729 2206 1786 Β
2236 1746 2338 1789 tm
2368 1750 2508 1804 reges
2538 1733 2601 1787 de
2635 1748 2816 1803 genere
2854 1732 3064 1800 [ιιεναηε
3104 1729 3271 1785 Εδαυ·
3334 1729 3395 1783 Εῑ
3443 1727 3817 1799 Hieronymus

573 1823 755 1881 dinem
785 1832 838 1881 et
883 1828 1187 1897 angustiam
1231 1844 1557 1898 pascuorum
1602 1838 1808 1884 mutata
1837 1832 2130 1902 sententia,

572 1915 863 1970 revertitur
903 1930 971 1970 eo
1031 1915 1173 1972 unde
1213 1926 1455 1973 venerat.
1499 1918 1627 1973 Vide
1669 1918 1894 1989 August.
1940 1928 2132 1989 quaest.

574 2006 698 2063 119.

642 2099 758 2154 Col.
793 2098 916 2163 768,
963 2099 1060 2154 lin.
1092 2098 1146 2155 6.
1191 2100 1292 2153 Ἐν
1324 2093 1413 2165 οἷς
1440 2094 1518 2168 ἦν
1551 2097 1668 2153 καί.
1705 2096 1995 2170 Iosephus,
2022 2101 2138 2156 An-

574 2194 667 2263 tig.
699 2192 791 2247 lib.
828 2207 866 2244 tt
892 2210 905 2245 :
936 2192 1242 2262 Ἀμάληκος
1265 2191 1372 2260 γὰρ
1404 2191 1553 2255 νόθος
1584 2188 1650 2264 ἦν
1684 2192 1963 2265 παλλακῆς
1992 2194 2139 2267 αὐτῷ

572 2278 811 2351 γεγονὼς
866 2278 1125 2351 Θαμνάης
1189 2280 1378 2351 ὄνομα.
1441 2277 1598 2335 Οὗτοι
1659 2282 1983 2353 κατῴκησαν
2040 2286 2139 2355 τῆς

586 2371 888 2442 Ἰδουμαίας
937 2374 1035 2444 τὴν
1081 2372 1350 2426 Γοϐολῖτιν
1404 2373 1721 2445 λεγομένην.
1755 2377 1849 2428 καὶ
1893 2376 1991 2449 τὴν
2033 2377 2139 2431 ἀπὸ

588 2463 892 2535 Ἀμαλήκου
944 2463 1232 2535 κληθεῖσαν
1272 2464 1639 2535 Ἀμαληκῖτιν.
1683 2468 1855 2540 Πολλὴ
1900 2470 2007 2542 γὰρ
2045 2487 2137 2540 γε-

576 2556 777 2627 νομένη
808 2556 927 2609 τότε
960 2559 993 2626 ἠ
1046 2556 1335 2627 Ἰδουμαία,
1362 2557 1481 2610 τότε
1516 2558 1692 2629 πάσης
1731 2560 1898 2631 αὐτῆς
1926 2562 2138 2615 asceam.

577 2644 669 2711 ξεν
700 2647 885 2719 ὄνομα,
920 2648 1013 2702 καὶ
1045 2650 1157 2712 τοῖς
1208 2648 1396 2720 μέρεσι
1432 2650 1529 2713 τὰς
1569 2650 1677 2703 ἀπὸ
1704 2650 1813 2704 τῶν
1842 2654 2138 2726 οἰκητόρων

576 2738 945 2813 προσηγορίας
971 2739 1274 2808 διεφύλαξε.

647 2829 808 2899 lbid.,
847 2831 943 2885 lin.
981 2830 1064 2886 l9.
1102 2834 1206 2899 Ὃς
1231 2827 1408 2900 εὗρεν
1447 2831 1516 2887 ἐν
1540 2832 1633 2903 τῇ.
1665 2832 1843 2889 Locus
1872 2835 1959 2890 hic
1990 2834 2139 2890 Scri-

577 2933 768 2994 ptura,
797 2922 862 2976 ad
906 2937 1065 2992 quem
1107 2923 1345 2993 respexit
1374 2922 1714 2991 Eustathius,
1742 2928 1890 2982 varie
1916 2944 1945 2982 a
1968 2930 2135 2986 variis

577 3013 865 3084 accipitur,
896 3029 999 3069 nec
1040 3013 1160 3083 ejus
1190 3015 1458 3069 sententia
1503 3015 1819 3074 difﬁcultate
1846 3021 1993 3076 vocis
2031 3023 2135 3077 He-

576 3103 779 3160 braica:
808 3104 995 3160 haberi
1037 3113 1251 3176 potest;
1300 3107 1506 3164 relictis
1549 3116 1728 3165 tamen
1771 3110 2003 3167 aliorum
2050 3129 2142 3169 ex-

576 3196 979 3266 plicationibus,
1026 3212 1146 3267 quae
1193 3197 1357 3253 nimis
1409 3199 1667 3255 audacter
1718 3199 2035 3273 Eugubinus
2087 3207 2141 3261 in

577 3289 945 3359 recognitione
972 3290 1325 3345 Pentateuchi
1357 3307 1523 3361 super
1553 3293 1698 3347 hunc
1742 3294 1920 3350 locum
1952 3298 2142 3365 tradit,

577 3379 1003 3435 animadvertam
1037 3398 1052 3435 :
1088 3396 1211 3436 eum
1261 3390 1315 3438 et
1366 3384 1776 3455 Hieronymum,
1827 3394 1882 3442 et
1916 3386 2138 3461 Septua-

576 3467 724 3539 ginta
770 3466 1095 3538 lnterpretes
1146 3485 1175 3524 a
1224 3471 1453 3527 veritate
1509 3473 1777 3529 Hebraiea
1827 3472 2143 3533 discordare

572 3559 826 3616 aﬁirmat.
860 3559 1192 3627 Putatg'enim
1218 3564 1530 3635 Hieronymi
1555 3572 1817 3636 tempore,
1844 3584 1943 3638 pro
1966 3568 2141 3625 Jemin

576 3652 724 3721 quod
773 3651 1043 3722 signiﬁcat
1086 3654 1306 3717 multos,
1361 3656 1599 3720 codices,
1651 3658 1847 3727 quibus
1882 3670 1966 3715 est
2009 3677 2141 3719 usus

576 3741 961 3825 Hieronymus,
1014 3744 1271 3800 habuisse
1319 3747 1403 3801 vel
1460 3746 1672 3816 Majim,
1724 3751 1777 3804 id
1823 3760 1905 3806 est
1947 3768 2137 3825 aquas,

572 3830 663 3884 vel
688 3822 889 3893 lamin,
924 3831 977 3886 id
1006 3840 1090 3890 est
1122 3835 1313 3888 maria.
1346 3836 1457 3891 Cur
1499 3846 1676 3893 autem
1721 3844 1942 3898 verterit
1971 3822 2140 3916 aquas

578 3920 784 3975 calidas
818 3938 881 3977 ex
914 3924 1139 3979 Hebraeo
1166 3926 1306 3980 ratio
1339 3929 1486 3981 nulla
1526 3931 1677 3985 reddi
1708 3940 1904 4002 potest.
1938 3935 2140 3994 Deinde

579 4009 929 4079 reprehendit
975 4011 1329 4085 Septuaginta
1380 4019 1732 4088 lnterpretes,
1775 4024 1919 4092 quod
1950 4042 2136 4082 vocem

573 4099 857 4156 Hebrzeam
902 4102 1102 4172 Jemin,
1146 4108 1369 4177 perinde
1400 4111 1555 4179 quasi
1605 4123 1751 4169 esset
1785 4131 1980 4171 nomen
2021 4134 2142 4189 pro-

577 4194 754 4261 prium
778 4193 1011 4263 alicujus
1040 4195 1300 4263 hominis,
1334 4207 1394 4251 ut
1418 4206 1501 4253 est
1524 4197 1714 4268 Iacob,
1748 4210 1801 4257 et
1831 4204 2002 4269 Isaac,
2050 4206 2138 4263 hic

575 4282 920 4348 retinuerint,
945 4285 1019 4338 ita
1042 4285 1328 4344 reddentes
1350 4293 1495 4344 hunc
1524 4288 1701 4345 locum
1727 4290 1869 4347 :Iste
1895 4305 1973 4348 est
1995 4295 2133 4363 Ana,

2236 1827 2401 1882 tradit
2435 1825 2677 1896 Eliphaz,
2736 1841 2894 1896 quem
2924 1826 3036 1879 Atla
3067 1826 3273 1895 peperit
3297 1822 3463 1886 Esau,
3498 1821 3655 1875 illum
3690 1834 3818 1876 esse

2235 1918 2394 1989 cujus
2418 1919 2660 1974 meminit
2704 1917 2820 1988 ipse
2863 1916 2986 1990 Iob,
3016 1917 3159 1987 quod
3199 1917 3244 1971 si
3275 1917 3349 1970 ita
3381 1926 3483 1981 est,
3519 1930 3647 1968 cum
3677 1929 3812 1984 pro-

2236 2010 2523 2081 nepotibus
2542 2008 2768 2063 Abrahae
2791 2004 2985 2062 Iobum
3014 2007 3213 2062 vixisse
3235 2021 3457 2061 necesse
3484 2014 3588 2061 est.
3614 2006 3804 2066 Philo.

2239 2099 2459 2165 Suidas,
2503 2110 2556 2156 et
2606 2101 2965 2171 Paraphrasis
2997 2099 3287 2155 Chaldaica
3314 2115 3576 2171 generum
3617 2096 3815 2154 Jacobi

2238 2191 2445 2245 iaciunt
2480 2207 2545 2247 ex
2570 2191 2705 2245 Dina
2738 2206 2926 2245 uxore.
2962 2190 3313 2261 Septuaginta
3347 2191 3559 2244 malunt
3585 2206 3711 2245 esse
3744 2205 3814 2244 ex

2238 2283 2472 2353 posteris
2497 2284 2746 2347 Abrahae,
2787 2292 3040 2354 quartum
3088 2282 3157 2337 ab
3209 2281 3373 2336 Esau.
3405 2280 3705 2351 Cajetanus
3752 2283 3813 2336 in

2240 2376 2470 2445 primum
2497 2385 2658 2446 caput
2686 2375 2787 2430 Job
2815 2376 2883 2432 de
2915 2376 3084 2447 stirpe
3113 2375 3233 2445 ejus
3267 2376 3402 2429 nihil
3435 2383 3645 2430 certum
3686 2390 3817 2431 esse

2240 2469 2452 2522 statuit.

2309 2556 2471 2621 Ibid.,
2506 2556 2602 2611 lin.
2643 2555 2731 2609 54.
2759 2557 2824 2609 Ol
2846 2554 2914 2608 δὲ
2952 2556 3067 2610 υἱοὶ
3109 2555 3321 2612 Ἰακώϐ.
3355 2555 3604 2612 Iustinus
3635 2556 3815 2612 histo-

2236 2651 2386 2705 ricus
2422 2650 2515 2705 lib.
2548 2664 2735 2711 xxxvn,
2770 2648 3050 2702 historiam
3099 2645 3321 2718 Iosephi
3386 2649 3625 2704 breviter
3654 2664 3815 2704 enar-

2237 2755 2365 2795 rans
2397 2739 2587 2794 scribit
2610 2757 2622 2793 :
2645 2737 2747 2793 Sed
2778 2736 3034 2792 Israelem
3062 2738 3192 2807 felix
3218 2738 3393 2794 decem
3420 2740 3655 2807 ﬁliorum
3686 2757 3813 2809 pro-

2238 2840 2415 2885 ventus
2481 2828 2773 2899 majoribus
2842 2829 2953 2884 suis
3024 2830 3303 2885 clariorem
3359 2830 3501 2900 fecit.
3565 2830 3818 2901 Namque

2235 2924 2480 2994 populum
2508 2924 2561 2977 in
2591 2922 2765 2976 decem
2798 2939 2957 2993 regna
2986 2922 3215 2977 divisum
3246 2924 3471 2977 tradidit
3498 2924 3647 2994 ﬁliis,
3684 2941 3801 2978 om-

2241 3030 2429 3085 nesque
2455 3028 2519 3068 ea:
2542 3014 2748 3067 nomine
2782 3011 2961 3077 Judw,
2991 3014 3080 3083 qui
3108 3023 3225 3081 post
3252 3015 3560 3070 divisionem
3590 3032 3815 3071 recesseo

2248 3117 2352 3171 rat,
2384 3105 2601 3161 Judwos
2631 3106 2933 3175 appellavit;
2966 3107 3164 3177 colique
3209 3107 3321 3175 ejus
3350 3109 3659 3161 memoriam
3700 3110 3824 3161 om;

2244 3199 2395 3253 nibus
2416 3199 2597 3268 jussit.
2631 3198 2763 3267 Ejus
2801 3198 2973 3267 portio
3002 3197 3241 3252 omnibus
3279 3209 3594 3254 accesserat.
3644 3197 3811 3253 Hmi-

2243 3308 2358 3346 mus
2394 3300 2549 3346 aetate
2585 3291 2719 3344 inter
2748 3291 2941 3359 fratres
2966 3287 3161 3359 Ioseph
3194 3291 3338 3361 fuit:
3371 3293 3521 3361 cujus
3551 3292 3810 3346 excellens

2241 3384 2505 3454 ingenium
2548 3383 2696 3437 veriti
2730 3384 2945 3451 fratres,
2976 3384 3114 3438 clam
3154 3385 3491 3452 interceptum
3524 3386 3810 3455 peregrinis

2243 3475 2617 3529 mercatoribus
2669 3475 3026 3530 vendiderunt.
3064 3475 3107 3528 Α
3153 3478 3340 3546 quibus
3394 3477 3706 3545 deportatus
3753 3480 3809 3532 in

2243 3566 2569 3638 JEggptum,
2615 3584 2733 3621 cum
2780 3569 3013 3638 magicas
3059 3567 3131 3621 ibi
3176 3578 3318 3622 artes
3370 3569 3558 3622 solerti
3603 3570 3809 3639 ingenio

2238 3662 2567 3728 percepisset,
2619 3660 2757 3714 brevi
2804 3661 2906 3730 ipsi
2952 3662 3058 3730 regi
3090 3661 3376 3731 perc/tarus
3405 3661 3526 3729 fuit.
3577 3661 3724 3716 Nam
3761 3674 3813 3716 et

2238 3752 2600 3823 prodigiorum
2652 3754 3026 3823 sagacissimus
3060 3762 3195 3820 erat,
3249 3763 3300 3806 et
3341 3755 3670 3808 somniorum
3700 3756 3812 3825 pri-

2240 3857 2355 3894 mus
2384 3840 3076 3912 intelligentiamrcondidit;
3106 3842 3335 3914 nihilque
3357 3843 3518 3898 divini
3535 3846 3679 3914 juris
3711 3846 3812 3898 Iin-

2238 3934 2483 4004 manique
2509 3939 2556 3988 ei
2583 3937 2899 4006 incognitum
2939 3936 3230 4001 videbatur,
3272 3946 3405 4000 etc.,
3449 3937 3543 3992 sed
3577 3938 3666 3993 hic
3709 3954 3812 3993 au-

2235 4035 2354 4081 ctor
2386 4027 2440 4081 in
2467 4028 2655 4098 paucis
2686 4029 2863 4084 verbis
2902 4030 3069 4083 multa
3096 4029 3356 4100 peccavit.
3392 4029 3634 4087 Fuerunt
3658 4033 3809 4087 enim

2237 4119 2330 4175 tilii
2367 4117 2535 4174 Iacob
2561 4119 2844 4174 duodecim
2893 4128 3088 4191 praeter
3116 4136 3276 4175 unam
3323 4121 3604 4178 feminam.
3648 4124 3814 4179 Mini-

2238 4224 2358 4263 mus
2393 4216 2554 4263 natus
2603 4217 2720 4262 erat
2765 4208 3069 4279 Benjamin,
3117 4226 3227 4266 non
3266 4210 3488 4283 Ioseph.
3523 4211 3725 4283 Ioseph
3773 4231 3807 4269 a

2238 4297 2458 4367 magicis
2485 4295 2695 4353 artibus
2725 4313 3021 4369 earumque
3049 4302 3228 4356 studio
3265 4303 3555 4372 plurimum
3593 4305 3809 4374 abfuit;

575 4376 665 4446 qui
692 4375 884 4430 invenit
932 4375 1117 4432 lamin
1162 4380 1217 4434 in
1256 4380 1481 4447 deserto,
1502 4381 1710 4453 quando
1755 4387 1997 4455 pascebat
2042 4388 2107 4458 ju
2170 4409 2210 4462 ι)
2240 4388 2331 4442 sed
2370 4387 2603 4457 Spiritus
2637 4390 2811 4445 sancti
2867 4392 3127 4461 peculiari
3162 4395 3394 4463 quadam
3430 4399 3602 4467 gratia
3630 4397 3814 4453 dona-

577 4477 753 4522 menta
781 4468 949 4537 patris
978 4470 1098 4536 sui;
1120 4487 1261 4541 quos
1287 4482 1508 4529 secutus
1530 4472 1839 4531 Eustathius
1864 4478 2000 4533 idem
2036 4481 2138 4534 hoc

574 4557 633 4611 in
665 4558 784 4612 loco
815 4560 1074 4615 retinens.

647 4650 805 4716 lbid.,
854 4652 947 4706 lin.
992 4652 1071 4707 26.
1106 4655 1243 4709 Μεθ’
1274 4654 1345 4709 ὃν
1391 4656 1599 4712 Ἰωϐἁϐ.
1626 4656 1798 4713 Iobab
1836 4660 1902 4715 de
1947 4677 2055 4731 quo
2082 4663 2138 4716 ﬁt

576 4743 665 4799 hic
687 4745 908 4811 mentio,
940 4744 1137 4801 Iobum
1173 4746 1342 4802 luisse
1376 4750 1529 4803 multi
1558 4750 1921 4817 tradiderunt,
1954 4770 2137 4824 quam-

576 4834 659 4892 vis
687 4835 997 4907 oppositum
1025 4836 1293 4893 aﬁirment
1312 4837 1580 4909 Lyranus,
1610 4848 1663 4897 et
1692 4839 1958 4908 Oleaster,
1983 4861 2131 4901 eum-

576 4940 684 4996 que
716 4925 889 4983 fuisse
929 4942 1035 4983 non
1088 4928 1259 4984 ﬁlium
1307 4927 1471 4993 Esau,
1521 4938 1582 4985 ut
1630 4932 1815 4987 retulit
1850 4932 2135 4996 Aristaeus,

576 5018 669 5089 qui
695 5016 1006 5076 Iudaeorum
1038 5020 1324 5077 historiam
1376 5024 1599 5093 scripsit
1650 5024 1793 5096 apud
1845 5025 2136 5081 Eusebium

573 5109 1096 5178 Casariensemdib.
1129 5129 1184 5168 ιι
1213 5114 1291 5169 De
1318 5119 1698 5186 praeparatione
1730 5117 2133 5190 Evangel.,rap.

577 5200 794 5268 ultim.,
830 5202 923 5258 sed
956 5217 1022 5259 es
1075 5203 1245 5275 stirpe
1274 5211 1329 5261 et
1378 5208 1635 5277 progenie
1680 5207 1844 5274 Esau,
1890 5212 2138 5266 scribunt

575 5293 908 5351 Athanasius
958 5295 1018 5353 in
1064 5295 1311 5368 syaopsi,
1343 5295 1773 5369 Chrysostomus
1811 5300 1958 5356 hom.
1986 5300 2023 5354 2
2064 5301 2138 5356 De

572 5386 797 5455 patient.
829 5386 955 5453 Job,
982 5389 1321 5461 Augustinus
1352 5390 1447 5446 lib.
1478 5406 1611 5447 xvm
1645 5391 1722 5448 De
1768 5389 1979 5449 civitate
2018 5394 2136 5461 Dei,

576 5490 698 5548 cap.
730 5476 822 5535 Π.
856 5478 1003 5536 Idem
1036 5483 1204 5538 sentit
1249 5490 1305 5540 et
1353 5484 1723 5542 Theodoretus
1750 5487 2036 5557 quaestion.
2070 5487 2139 5541 92

577 5565 637 5629 is
662 5566 791 5627 Gen.
819 5580 874 5628 et
900 5571 1197 5645 Gregorius
1223 5575 1455 5649 Magnus
1484 5576 1639 5632 initio
1686 5577 2054 5635 Commentar.
2084 5581 2139 5633 in

576 5653 702 5719 10.5.
737 5659 830 5717 llis
860 5665 1105 5734 patribus
1133 5665 1292 5733 adde,
1328 5676 1381 5724 et
1400 5684 1536 5741 quos
1565 5681 1847 5726 enumerat
1873 5672 2137 5743 Hierony-

2241 4491 2326 4538 tus
2356 4481 2445 4535 illa
2479 4483 2661 4537 omnia
2694 4484 3008 4554 perfecerat.

2311 4569 2465 4633 lbid.,
2499 4572 2593 4626 lin.
2626 4573 2716 4626 57.
2766 4572 2847 4639 Τῷ
2876 4574 3209 4644 Πενταφρῇ.
3250 4575 3508 4646 Principi,
3542 4592 3637 4632 seu
3667 4593 3812 4647 prmo

2240 4662 2379 4716 fecto
2400 4678 2722 4733 coquorum.
2758 4662 2834 4719 lta
2870 4664 3022 4720 Philo
3044 4667 3138 4722 lib.
3165 4667 3241 4721 De
3265 4666 3505 4737 Joseph.;
3532 4666 3810 4741 Iosephus

2238 4755 2331 4810 lib.
2361 4770 2378 4809 ι
2405 4756 2743 4826 Antiquitat.,
2775 4758 3091 4815 Ambrosius
3117 4760 3208 4814 lib.
3240 4760 3318 4815 De
3341 4760 3577 4831 Joseplt.,
3603 4770 3659 4818 et
3689 4765 3807 4821 alii.

2235 4846 2495 4904 Nonnulli
2522 4863 2707 4904 vocem
2754 4849 3072 4906 llebraicam
3110 4853 3418 4923 signiﬁcare
3453 4858 3810 4927 prapositum

2238 4940 2443 4995 militiae
2468 4939 2827 4996 tradiderunt.
2850 4943 2955 4997 Alii
2982 4950 3292 5017 utrumque.
3316 4948 3587 5015 Pererius,
3618 4966 3691 5007 ne
3707 4952 3813 5007 Se-

2242 5033 2517 5104 ptuaginta
2547 5034 2872 5104 lnterpretes
2900 5034 2973 5091 ita
3001 5037 3287 5095 reddentes
3310 5055 3524 5097 errasse
3551 5044 3809 5099 videren-

2239 5132 2346 5189 tur,
2380 5124 2455 5177 ait
2486 5124 2880 5196 ἀρχιμάγειρον
2910 5130 3094 5184 omnia
3147 5130 3262 5186 haec
3309 5133 3636 5203 signiﬁcare.
3694 5135 3807 5192 Sed

2237 5232 2359 5271 eum
2416 5215 2747 5273 audiamus:
2781 5218 2970 5289 Dices,
3018 5221 3157 5293 Ergo
3216 5224 3560 5297 Septuaginta
3626 5226 3808 5284 lnter—

2238 5316 2404 5375 pretes
2457 5318 2703 5365 errarunt
2753 5311 2848 5366 hoc
2904 5314 3038 5377 loco,
3077 5316 3166 5385 qui
3224 5328 3485 5373 verterunt
3535 5321 3805 5376 archima-

2238 5400 2385 5469 giro,
2440 5400 2495 5455 id
2553 5412 2667 5470 est,
2735 5406 2958 5473 principi
3018 5411 3346 5477 c'uquorum.’
3408 5409 3631 5468 llinime
3657 5430 3801 5469 vero.

2241 5490 2384 5545 Nam
2441 5509 2539 5548 vos
2582 5496 2973 5568 archimagiros
3026 5503 3233 5571 proprie
3286 5503 3552 5576 signiﬁcat
3594 5507 3804 5579 princi-

2241 5597 2363 5656 pem
2410 5585 2715 5641 occisorum
2762 5605 2778 5641 :
2821 5594 3200 5665 μαγειρεύειν,
3277 5596 3462 5667 quippe
3524 5598 3808 5668 interprets

2245 5673 2588 5748 Hieronymo,
2632 5678 2822 5737 Latine
2875 5694 2951 5739 est
2991 5687 3257 5745 occidere.
3320 5687 3424 5743 Sed
3473 5708 3660 5747 nomen
3712 5707 3803 5748 oc-
