4072 6338
313 269 454 326 10Ξῦ

1296 271 1364 326 IN
1405 270 1773 327 EUSTATHII
1807 271 2280 328 ΗΕΧΑΕΜΕΒΟΝ
2297 271 2556 328 "NOTAE.

3423 271 3562 329 I054

309 387 544 438 cisorum
598 385 867 456 trifariam
923 397 1092 458 potest
1145 388 1388 460 intelligi.
1445 389 1539 445 Vel
1583 393 1722 446 enim
1763 402 1883 446 sunt

1986 395 2220 461 γυναῖκα
2247 392 2384 464 ἔχων
2410 390 2497 445 διὰ
2515 390 2615 461 τὴν
2655 388 2887 445 εὔνοιαν.
2917 387 3116 446 Notum
3147 399 3232 448 cst
3261 392 3404 448 inter
3439 410 3564 464 spa-

309 477 568 532 occisores
629 478 899 534 hominum
948 483 1003 536 in
1054 483 1223 546 bello,
1267 483 1448 554 quales
1496 493 1619 538 sunt
1673 485 1887 550 milites,

314 581 360 624 et
381 571 447 629 .in
477 571 613 624 hanc
649 576 996 638 sententiam,
1041 561 1264 628 Latinus
1290 578 1540 648 interpres
1580 579 1730 631 vertit
1775 596 1892 632 ma-

309 663 478 734 gistro
514 664 778 730 militum;
815 667 893 720 vel
931 677 1053 721 sunt
1089 669 1343 722 occisores
1382 655 1650 724 hominum
1679 683 1891 741 propter

311 771 493 808 eorum
516 758 762 819 crimina,
791 767 1042 827 tanquam
1075 761 1296 830 publica:
1313 761 1539 830 jnstitite
1563 764 1885 830 administri,

310 858 660 910 exsecutores,
694 867 852 919 quam
887 852 1368 922 interpretationem
1414 857 1578 907 secuti
1619 865 1741 908 sunt
1781 855 1890 910 He-

311 936 521 1008 Qra'i‘et
556 939 710 993 multi
748 944 811 994 de
847 944 1044 997 nostris
1077 959 1237 1011 supra
1291 946 1610 1010 memorati;
1660 945 1736 1000 vel
1765 957 1888 1002 sunt

247 1089 262 1102 ἑ
311 1033 573 1086 occisores
614 1033 931 1087 animalium
962 1035 1030 1088 ad
1062 1035 1410 1103 coquendum,
1438 1047 1488 1090 et
1513 1038 1886 1094 comedendum

311 1136 368 1180 ut
406 1136 528 1180 sunt
563 1126 716 1189 lanii,
756 1139 803 1182 et
832 1129 984 1199 coqui
1010 1145 1027 1182 :
1055 1132 1139 1183 cui
1165 1130 1474 1200 expositioni
1528 1131 1704 1198 Philo,
1735 1132 1888 1187 Jose-

312 1217 469 1291 phus,
505 1229 552 1271 et
583 1219 895 1274 Ambrosius
931 1222 1250 1278 institerunt.
1318 1225 1449 1280 Cum
1483 1226 1646 1296 igitur
1673 1241 1770 1278 vox
1797 1243 1886 1279 ar-

322 1311 662 1380 cliimagiros.
709 1329 812 1381 qua
860 1315 940 1366 usi
970 1325 1092 1368 sunt
1150 1315 1496 1387 Septuaginta
1544 1315 1882 1387 Interpretes,

320 1411 424 1456 tres
461 1405 591 1456 istas
620 1401 1033 1472 signiﬁcationes
1085 1417 1134 1460 et
1178 1409 1634 1478 interpretationes
1680 1411 1881 1479 capiat,

313 1494 600 1548 translatio
653 1493 996 1566 Septuaginta
1039 1496 1392 1567 Interpretum
1429 1501 1640 1555 lectioni
1687 1513 1882 1556 nostrte

314 1585 521 1640 Latinae
551 1591 726 1656 aptari
755 1591 1176 1669 commo_dissime
1217 1602 1416 1661 potest;
1469 1587 1759 1663 prwsertim
1788 1614 1885 1649 au-

313 1686 416 1730 tem
451 1695 568 1730 cum
598 1690 810 1733 sanctus
851 1679 1203 1751 Hieronymus
1233 1685 1471 1753 a/ﬁrmet,
1503 1685 1880 1756 archimagiros

311 1787 404 1836 pro
437 1771 703 1840 magistris
735 1775 993 1829 exercitus
1047 1775 1100 1827 in
1152 1777 1411 1845 plerisque
1469 1777 1597 1832 locis
1650 1779 1880 1833 divinam

312 1859 642 1931 Scripturam
672 1881 1100 1920 commemorare.
1132 1865 1236 1922 Sed
1264 1869 1486 1924 dubium
1515 1871 1692 1924 adhuc
1715 1888 1883 1928 rema-

313 1961 405 2006 net
437 1969 542 2007 non
589 1957 1072 2021 contemnendum,
1131 1959 1385 2030 princeps
1441 1961 1528 2016 hic
1581 1961 1881 2022 Pharaonis

310 2048 428 2102 sive
493 2047 781 2116 praefectus
843 2049 1150 2103 divinarum
1212 2052 1512 2106 litterarum
1567 2056 1881 2112 testimonio

307 2137 699 2194 dicituriuisse
731 2141 1038 2203 eunuchus,
1064 2149 1117 2196 et
1139 2157 1200 2195 ea
1233 2154 1314 2197 est
1333 2147 1638 2200 communis
1663 2146 1881 2202 Patrum

313 2228 522 2296 Opinio,
556 2229 648 2298 qui
682 2229 732 2283 id
769 2230 883 2285 ﬁeri
914 2232 1199 2302 potuitnrt
1229 2249 1453 2289 uxorem
1486 2236 1756 2303 habuerit,
1786 2255 1875 2293 cu-

308 2317 396 2388 ius
421 2317 562 2375 fictis
583 2321 1059 2378 criminationibus
1084 2307 1357 2394 Iosephus
1382 2327 1436 2380 in
1468 2342 1741 2383 carcerem
1767 2339 1883 2384 tru-

308 2413 476 2476 ditur,
515 2414 742 2485 vitmque
779 2417 1011 2486 propriae
1052 2419 1354 2487 periculum
1391 2421 1554 2476 subit.
1587 2420 1763 2478 Tacro
1796 2425 1882 2479 hic

308 2501 660 2559 Hebraeorum
718 2522 912 2577 nugas,
959 2510 1052 2578 qui
1097 2525 1160 2564 eo
1201 2509 1429 2566 inscitia:
1478 2530 1792 2583 pervenere,
1823 2525 1882 2570 ut

307 2599 558 2655 dicerent
619 2602 920 2672 principem
968 2604 1115 2658 hunc
1165 2607 1312 2661 nullo
1365 2607 1878 2671 modmeunuchnm

309 2692 501 2754 fuisse,
536 2693 630 2747 sed
658 2695 923 2764 integrum
947 2698 1202 2752 omnibus
1229 2701 1342 2754 suis
1371 2701 1628 2756 membris
1657 2718 1879 2758 uxorem

307 2784 551 2848 duxisse,
585 2801 709 2839 cum
739 2802 844 2856 qua
886 2787 1120 2843 feliciter
1156 2790 1506 2860 jucundeque
1562 2793 1727 2846 vitam
1780 2793 1884 2847 du-

307 2877 488 2932 cebat.
527 2875 722 2932 Verum
749 2879 913 2948 empti
937 2877 1160 2950 Iosephi
1190 2881 1386 2934 blanda
1412 2881 1882 2952 pulchraquefor-

308 2983 398 3022 ma
427 2971 738 3040 pellectum,
772 2972 960 3026 nescio
992 2971 1122 3041 quid
1149 2975 1200 3024 in
1235 2973 1411 3040 ipsum
1440 2971 1734 3043 Josepbum
1766 2983 1884 3029 ten-

309 3068 479 3122 tasse.
535 3061 766 3132 ideoque
807 3063 961 3132 justo
1003 3063 1094 3118 Dei
1135 3064 1341 3133 judicio
1385 3067 1436 3119 in
1491 3083 1707 3138 pennam
1736 3071 1880 3122 'tauti

309 3152 536 3206 sceleris
568 3152 834 3208 membris
884 3153 992 3207 illis
1033 3153 1188 3222 quasi
1237 3153 1544 3224 eunuchum
1579 3153 1749 3208 fuisse
1785 3155 1886 3208 im-

307 3245 575 3314 peditum,
622 3243 852 3315 ideoque
901 3259 930 3297 a
986 3245 1269 3313 Scriptura
1319 3244 1630 3316 cunne-hum
1677 3245 1882 3308 vocari,

305 3336 525 3391 etiamsi
571 3336 797 3391 haberet
837 3351 1085 3390 uxorem.
1152 3335 1385 3401 Quidam
1439 3336 1716 3400 dixerunt,
1767 3352 1887 3390 mu-

306 3428 496 3483 lierem
532 3428 679 3482 illam
710 3445 819 3484 non
850 3428 1019 3483 fuisse
1048 3443 1293 3490 uxorem,
1329 3427 1423 3482 sed
1460 3434 1669 3502 tantum
1701 3442 1884 3481 rerum

304 3520 729 3576 domesticarum
759 3535 947 3573 curam
989 3522 1245 3589 gessisse.
1287 3519 1540 3584 Quidam,
1577 3519 1677 3573 etsi
1712 3535 1886 3573 eunu-

305 3614 494 3678 chum,
567 3614 659 3668 illa
719 3621 901 3668 tamen
967 3613 1192 3667 muliere
1242 3623 1496 3681 tanquam
1550 3625 1717 3664 uxore
1754 3610 1886 3679 legi-

305 3709 440 3762 tima
491 3724 671 3763 usum.
732 3706 1056 3762 Theodorus
1102 3705 1304 3760 Catena
1359 3706 1411 3758 in
1455 3701 1728 3757 Genesim:
1760 3702 1885 3764 Πῶς

301 3799 558 3870 εὐνοῦχος
596 3798 670 3853 ῶν
697 3801 726 3853 6
749 3799 1145 3870 ἁρχιμὰγειρος
1185 3799 1417 3866 γυναῖκα
1449 3791 1594 3864 εἶχες
1634 3792 1886 3847 Μάλιστα

305 3893 407 3964 μὲν
441 3889 535 3946 οὖν
568 3894 662 3946 καὶ
703 3895 828 3956 τοὺς
874 3891 1163 3961 εὐνούχους
1191 3891 1438 3952 καὶτοὺς
1482 3887 1740 3958 ἐκτομίας
1781 3889 1884 3957 ὀμ-

301 3985 536 4056 ωνύμως
564 3985 817 4038 καλοῦσιν
837 4001 850 4014 ο
876 3984 1026 4037 οὐδὲν
1051 3983 1108 4035 δὲ
1135 3978 1201 4054 ἦν
1238 3981 1484 4044 ἀπεικὸς,
1513 3981 1608 4033 καὶ
1632 3978 1884 4049 εὐνοῦχον

300 4077 434 4132 ὄντα
462 4081 694 4146 γυναῖκα
728 4077 868 4146 ἔχειν
896 4079 953 4129 ἐν
982 4079 1048 4146 τῇ
1073 4075 1249 4146 οἰκείᾳ
1280 4073 1388 4128 τῶν
1411 4073 1558 4126 ἔνδον
1591 4071 1881 4142 ἐπιμελου-

306 4169 477 4239 μένην
510 4153 870 4239 πραγμάτων.
923 4167 1194 4221 Diodorus
1233 4165 1476 4220 ibidem:
1519 4164 1662 4228 Πῶς,
1697 4161 1880 4216 savos.-

301 4276 399 4328 χον
427 4254 564 4312 εἶναι
598 4259 778 4328 φήσας
810 4258 903 4310 τὸν
925 4256 1230 4328 Πετεφρῆν,
1251 4259 1483 4325 γυναῖκα
1515 4255 1701 4308 τοῦτον
1729 4249 1881 4306 εἶπεν
1914 4247 1924 4256 ’

301 4350 481 4421 Exsul;
523 4346 690 4420 Οἶμαι
714 4349 894 4402 τοίνυν
926 4347 1036 4417 ἐγὼ
1067 4347 1176 4401 τῶν
1202 4346 1296 4400 δύο
1325 4347 1384 4399 τὸ
1413 4346 1620 4417 ἕτερον,
1647 4343 1680 4414 ἢ
1707 4343 1796 4397 διὰ
1820 4342 1880 4396 τὸ

1991 484 2184 539 donem
2219 492 2274 538 et
2306 483 2616 538 eunuchum
2654 481 2986 550 discrimen;
3019 485 3304 540 eunuchus
3335 501 3478 540 enim
3517 487 3563 548 is

1990 576 2215 640 dicitur,
2247 575 2339 646 qui
2371 573 2683 629 necessaria
2722 573 2788 628 ad
2824 575 3192 644 generandum
3224 586 3377 646 parte
3402 576 3565 632 dimi-

1988 672 2156 718 nutus
2183 674 2287 727 est,
2339 668 2454 720 sive
2503 663 2826 718 naturaliter
2879 663 2952 717 ita
2991 676 3290 734 prognatus
3321 667 3415 729 sit,
3450 671 3566 724 sive

1989 765 2115 810 ante
2138 756 2476 826 pubertatem
2510 757 2750 811 excisus.
2787 753 2967 825 Spado
2998 765 3102 820 est,
3133 758 3226 828 qui
3257 759 3566 817 valetudine

1989 847 2169 918 aliqua
2218 848 2420 902 vitiove
2459 848 2706 917 corporis
2742 848 3001 918 praeditus
3034 864 3296 924 generare
3330 865 3438 903 non
3465 865 3564 920 po-

1989 949 2117 996 test.
2166 940 2399 1010 ldeoque
2460 941 2729 1011 spadones
2779 942 3028 1010 adornari
3086 953 3349 1014 possunt,
3410 954 3563 1014 post-

1988 1032 2322 1104 humumque
2348 1033 2616 1087 lneredcm
2645 1034 2906 1098 scribere,
2927 1036 3163 1089 eunuchi
3203 1037 3316 1092 sive
3336 1041 3562 1096 castrati

1987 1140 2092 1179 non
2121 1133 2349 1195 posSunt
2375 1143 2389 1192 ;
2421 1125 2474 1179 hi
2509 1141 2740 1196 namque
2767 1129 2991 1181 omnino
3014 1143 3275 1197 generare
3296 1146 3403 1184 non
3435 1147 3563 1202 pos-

1989 1227 2153 1284 sunt;
2191 1219 2264 1271 illi
2311 1217 2732 1288 impedimentis,
2774 1220 2974 1288 quibus
3020 1224 3300 1291 temporali
3355 1226 3563 1280 sterili-

1987 1317 2096 1363 tate
2122 1311 2394 1371 laborant,
2423 1311 2655 1374 liberati,
2689 1321 2934 1382 possunt.
2966 1313 3080 1368 IIoc
3117 1314 3169 1368 in
3194 1315 3366 1385 legum
3400 1334 3562 1388 syno-

1984 1403 2065 1471 psi
2095 1401 2161 1456 ad
2186 1401 2504 1457 Michaelem
2539 1403 2740 1456 Ducam
2768 1406 2972 1474 optime
3001 1407 3252 1461 versibus
3290 1411 3562 1478 expressit

1986 1495 2211 1550 Michael
2246 1495 2478 1560 Psellus,
2510 1510 2721 1561 eorum,
2752 1497 2878 1566 quia
2913 1497 3092 1552 adhuc
3127 1500 3299 1552 lucem
3341 1517 3447 1554 non
3479 1502 3562 1554 vi-

1983 1588 2199 1648 derunt.
2233 1589 2444 1658 copiam
2479 1589 2607 1641 mihi
2655 1588 2784 1642 fecit
2817 1590 2898 1644 vir
2933 1592 3257 1645 saeculorum
3299 1593 3577 1647 memoria-

1982 1681 2335 1750 dignissimus
2375 1679 2702 1736 Franciscus
2730 1681 3038 1739 Bartolinus
3071 1702 3085 1738 :

1987 1791 2294 1868 εὐγοῦχος
2333 1793 2584 1868 aereidi
2614 1795 2859 1849 δύναται
2891 1797 3175 1851 viatica-air
3204 1817 3302 1854 και
3343 1802 3563 1868 {edi-or.-

1993 1864 2168 1938 Τοῦτο
2198 1865 2306 1933 γὰρ
2337 1865 2731 1938 ιὶπηςνζόρευται
2759 1868 3131 1936 καστράτοις,
3157 1872 3252 1922 καὶ
3284 1864 3557 1938 θλιϐίαις.

1998 1933 2058 1986 '0
2083 1934 2193 2003 γάρ
2222 1951 2309 1987 τοι
2347 1935 2600 1988 σπάδων
2637 1937 2882 1990 δύναται
2907 1933 3346 2006 ’παίδοπειῆσω
3383 1933 3557 2012 τάχά.

1986 2048 2157 2104 Porro
2191 2051 2490 2119 spadonum
2547 2060 2600 2107 et
2650 2052 3024 2108 cunuchorum
3069 2055 3357 2124 appellatio
3389 2057 3557 2112 inter-

1987 2141 2114 2196 dum
2163 2144 2430 2212 generalis
2482 2152 2596 2208 est,
2648 2161 2753 2214 qua
2799 2161 2961 2200 omne
3005 2162 3174 2215 genus
3221 2149 3555 2206 eviratorum

1988 2235 2318 2288 continetur.
2339 2233 2518 2300 Quare
2538 2251 2823 2305 possemus
2844 2238 3043 2301 dicere,
3061 2239 3358 2308 principem
3387 2242 3552 2305 hunc.

1987 2323 2087 2377 etsi
2119 2334 2344 2378 vocatur
2365 2328 2669 2391 eunuchus,
2699 2327 2994 2396 Spadonem
3027 2329 3214 2391 fuisse,
3241 2341 3293 2383 et
3328 2347 3551 2385 uxorem

1988 2416 2210 2471 duxisse
2260 2425 2549 2486 antequam
2599 2433 2724 2488 pars
2759 2420 2848 2472 illa
2886 2423 3135 2490 corporis
3189 2420 3553 2490 funeraretur,

1988 2525 2108 2564 cum
2138 2526 2242 2579 qua
2278 2518 2462 2580 postea
2512 2510 2676 2563 vitam
2709 2513 3062 2583 transigebat.
3099 2513 3343 2570 Isidorus
3377 2515 3555 2588 Θήρ..

1990 2599 2062 2653 lib
2110 2615 2162 2663 x,
2217 2601 2378 2653 tradit
2416 2601 2791 2654 etinuchorum
2831 2603 3097 2672 quosdam
3135 2606 3302 2667 coire,
3351 2606 3446 2661 sed
3477 2617 3559 2660 ta-

1987 2705 2110 2766 men
2151 2689 2402 2755 virtutem
2456 2691 2508 2742 in
2559 2694 2764 2746 semine
2816 2693 3020 2747 nullam
3072 2710 3193 2750 esse
3229 2715 3240 2750 :
3280 2694 3560 2766 Liquorem

1985 2761 2121 2860 enim
2149 2781 2335 2844 habent
2382 2791 2430 2834 et
2459 2784 2725 2848 emittunt,
2780 2786 2871 2839 sed
2905 2787 2973 2840 ad
2998 2787 3310 2858 gignendum
3350 2791 3560 2845 inanem

1989 2884 2140 2946 atque
2170 2874 2486 2929 invalidum.
2533 2875 2756 2932 Possem
2803 2878 2931 2934 item
2969 2882 3103 2935 alias
3130 2882 3295 2951 hujus
3324 2885 3563 2954 explica-

1987 2968 2167 3021 tiones
2197 2967 2410 3030 aiTerre,
2441 2965 2581 3038 quas
2618 2970 2902 3027 brevitatis
2927 2974 3099 3042 gratia
3123 2975 3334 3027 omitto.

2060 3057 2189 3112 Ibid.
2233 3057 2354 3111 Τῶν
2384 3060 2778 3129 ἀρχιμαγείρῳ
2804 3061 3030 3129 Φαραώ.
3074 3061 3378 3119 Pharaonis
3403 3079 3562 3119 voca-

1991 3149 2173 3202 bulum
2220 3166 2328 3202 non
2360 3149 2528 3204 fuisse.
2563 3151 2863 3220 proprium,
2906 3153 3000 3207 sed
3045 3168 3334 3209 commune
3369 3172 3557 3226 regum

1987 3243 2230 3298 omnium
2255 3240 2758 3314 Egyptiorum,qui
2793 3260 2889 3314 pro
2913 3244 3172 3314 dignitate
3201 3247 3344 3316 regis
3373 3264 3437 3302 eo
3469 3265 3549 3302 no

1971 3337 2133 3412 mine
2171 3346 2427 3408 tanquam
2461 3338 2627 3407 regali
2669 3337 2981 3402 utebantur,
3017 3337 3474 3418 quemadmodum
3505 3347 3577 3395 et'

1985 3433 2124 3500 apud
2150 3430 2423 3513 Itqmanos
2441 3431 2692 3501 Augusti,
2718 3429 3094 3501 imperatores,
3117 3430 3278 3485 tradit
3295 3431 3560 3489 Eusebius

1985 3540 2052 3579 ex
2079 3525 2229 3578 libris
2258 3523 2598 3578 Mauethonis
2617 3523 2914 3578 sacerdotis
2933 3523 3335 3593 Egyptiorum,
3361 3533 3416 3580 et
3439 3541 3560 3579 rurv

1985 3625 2103 3664 sum
2145 3631 2156 3664 :
2199 3609 2419 3683 Ἀνέστη
2470 3611 2526 3664 δὲ
2572 3613 2687 3683 μετ’
2729 3611 2927 3674 αὑτὸν,
2983 3611 3276 3669 δεεοειτίηι
3326 3616 3558 3678 scilicet,

1985 3700 2072 3753 ἐπ’
2115 3700 2419 3769 Αἴγυτπτον
2466 3700 2695 3773 Φαραὼ,
2761 3703 2790 3754 6
2841 3701 2936 3756 καὶ
3010 3703 3242 3775 Ναρεχὼ
3291 3707 3559 3779 καλούμε-

1985 3811 2093 3857 νος,
2129 3795 2406 3864 κρατήσας
2441 3793 2556 3865 ἔτη,
2590 3793 2664 3857 ὥς
2698 3811 2850 3864 φασι,
2891 3788 3246 3867 πεντήκοντα.
3295 3799 3387 3852 Ἐκ
3433 3799 3558 3854 τού-

1984 3903 2077 3940 του
2119 3889 2167 3940 οἱ
2197 3887 2437 3941 ἀπὸτοῦ
2472 3889 2662 3957 γένους
2708 3888 2872 3942 αὑτοῦ
2916 3889 3278 3962 καταγόμενοι
3322 3892 3557 3963 βασιλεῖς

1983 3978 2182 4050 Φαραὼ
2245 3980 2761 4053 προσαγορεύονται.
2839 3981 2902 4035 Ει
2954 3983 3249 4038 Africanus
3309 4003 3322 4038 :
3371 3987 3532 4041 Ἐπαι

1983 4072 2226 4125 νεϐεῖσαν
2289 4073 2378 4135 δὲ,
2449 4089 2673 4128 uxorem
2747 4073 2997 4128 videlicet
3077 4075 3341 4143 Abrahze,
3418 4079 3558 4148 ὴγάο

1982 4180 2107 4232 γετο
2131 4163 2345 4234 Φαραώ.
2382 4163 2535 4218 Οὕτω
2566 4164 2674 4236 γὰρ
2707 4166 2993 4233 Αἰγύπτιοι
3025 4166 3148 4230 τοὺς
3185 4166 3420 4238 βασιλεῖς
3451 4168 3545 4221 ὀνο

1986 4253 2245 4325 μὰζουσιν
2262 4257 2672 4327 ἑρμηνεύουσιν.
2715 4256 3040 4328 Expressius
3069 4258 3428 4332 Hieronymus
3458 4260 3556 4315 ιη).

1983 4355 2038 4393 Ix
2089 4339 2380 4396 Comment.
2436 4344 2492 4394 in
2543 4341 2922 4398 Ezec/tielem:
2978 4343 3240 4399 Ca'ternm
3292 4343 3427 4398 illud
3480 4345 3558 4399 vel

302 4442 501 4502 εὔνουν,
520 4441 772 4512 εὐνοῦχον
797 4441 960 4496 αὑτὸν
987 4439 1436 4512 καταχρηστικῶς
1462 4437 1876 4509 προσειρῆσθαι,

1985 4434 2210 4487 maxime
2259 4433 2626 4500 requirendum
2670 4444 2768 4496 est,
2815 4445 2992 4488 utrum
3040 4435 3150 4503 ipse
3199 4435 3269 4487 sit
3318 4432 3554 4496 Pharao,

301 4536 336 4605 ἦ
367 4537 460 4589 καὶ
489 4534 566 4605 τῷ
589 4535 702 4588 ὄντι
721 4535 830 4588 τῶν
858 4535 1061 4606 μορίων
1089 4532 1508 4604 ἐκτετμημένων
1537 4531 1678 4601 ἔχειν
1701 4532 1757 4582 ὲν
1779 4546 1880 4598 γα-

305 4629 478 4698 μετῆς
515 4629 667 4696 τάξει
695 4629 756 4682 τὸ
782 4629 1024 4697 γύναιον,
1065 4629 1094 4682 ὃ
1120 4628 1182 4699 δὴ
1217 4627 1307 4680 καὶ¹
1338 4628 1421 4696 ἐφ’
1451 4625 1608 4694 ἡμῶν
1641 4623 1882 4693 ἔγνωμεν

301 4721 410 4774 ὑπὸ
451 4719 661 4774 πολλῶν
703 4719 963 4782 πολλάκις
988 4719 1290 4789 γινόμενον.
1333 4714 1400 4768 Ει
1437 4713 1753 4768 Gennadius
1779 4732 1794 4769 :
1819 4715 1882 4767 El

298 4811 558 4882 εὐνοῦχος
584 4814 612 4864 6
638 4811 944 4883 Πετεφρῆς,
971 4810 1089 4873 πῶς
1121 4809 1432 4880 εὑρέσκεται
1454 4808 1686 4874 γυναῖκα
1711 4805 1879 4877 ἔχωνς

315 4904 457 4958 Ἀλλ’
495 4909 525 4958 6
565 4904 663 4975 μὲν
699 4902 868 4976 Σύρος
891 4903 990 4973 μιᾷ
1024 4899 1366 4972 προσηγορίᾳ
1401 4899 1493 4952 τόν
1525 4915 1586 4950 τε
1615 4898 1882 4951 σπάδοντα

300 4996 400 5050 καὶ
445 4996 538 5049 τὸν
596 4995 787 5049 πιστὸν
832 4994 1003 5064 ἄνδρα
1038 4992 1186 5061 λέγει
1242 4996 1355 5056 τοῖς
1397 4991 1704 5055 δεσπόταις,
1755 4993 1782 5043 6
1825 4989 1882 5041 δὲ

315 5089 566 5161 Ἐϐραῖος
603 5089 820 5162 ἀληθῶς
843 5088 1116 5159 εὐνοῦχον,
1164 5087 1259 5141 καὶ
1284 5085 1471 5140 τοῦτον
1509 5083 1617 5139 ἀπὸ
1648 5084 1748 5154 τῆς
1791 5082 1881 5135 πί-

303 5202 499 5249 στεως,
527 5183 720 5254 ἐπειδὴ
753 5183 897 5253 φιλεῖ
918 5183 978 5237 τὸ
1010 5181 1118 5234 τῶν
1159 5180 1428 5252 εὐνούχων
1459 5179 1614 5246 γένος
1649 5176 1880 5248 μάλιστα

302 5276 658 5331 πιστεύεσθαι
681 5276 750 5331 τὰ
768 5275 1067 5347 τιμιώτερα
1095 5272 1207 5327 τῶν
1235 5272 1555 5344 κτημάτων,
1590 5271 1684 5325 ναὶ
1713 5266 1880 5338 αὐτὴν

300 5369 412 5422 τῶν
443 5369 707 5438 βασιλέων
735 5368 1027 5440 σωτηρίαν.
1056 5367 1165 5420 Καὶ
1197 5366 1256 5420 οὐ
1285 5364 1614 5435 θαυμαστὸν,
1651 5363 1783 5416 ὅπου
1816 5378 1878 5428 γε

314 5461 588 5532 Ἀϐραὰμ,
623 5462 718 5514 καὶ
746 5460 950 5523 Ἰσαὰκ,
980 5461 1072 5512 καὶ
1110 5456 1303 5512 Ἰακὼὸ
1335 5456 1561 5528 χριστοί.
1590 5455 1680 5527 Μὴ
1709 5455 1878 5508 ἄπτε-

220 5612 222 5614 .
303 5555 430 5609 σθαι
459 5555 568 5624 γάρ
597 5571 729 5626 φησι
750 5553 857 5607 τῶν
881 5551 1120 5625 χριστῶν
1155 5567 1276 5622 μου.
1305 5550 1536 5618 Λέγεται
1560 5549 1615 5602 δὲ
1644 5549 1737 5601 καὶ
1769 5547 1880 5600 Κύ-

305 5661 398 5716 ρος
427 5649 456 5700 ὁ
490 5646 706 5716 Πέρσης
739 5646 974 5716 χριστός.
1004 5643 1190 5706 Οὕτως
1229 5642 1335 5714 ἄρα
1366 5642 1459 5695 καὶ
1485 5641 1583 5712 τὴν
1615 5638 1709 5693 τοῦ
1734 5639 1876 5692 σπάσ

299 5738 482 5801 δοντος
517 5739 546 5792 ὁ
595 5738 987 5808 ἀρχιμάγειρος
1026 5735 1397 5807 προσηγορίαν
1453 5733 1575 5804 ἔσχε
1616 5733 1708 5786 καὶ
1755 5732 1874 5784 τότε

627 5834 902 5893 ΡΑτιιοι..
945 5833 1066 5893 Gn.
1135 5832 1355 5896 XVIII.

1983 4525 2071 4595 qui
2107 4525 2161 4578 in
2197 4523 2403 4588 Exodo,
2441 4535 2489 4578 et
2523 4523 2694 4588 Isaia,
2731 4537 2779 4579 et
2819 4525 3054 4580 Jeremia
3091 4536 3141 4580 et
3179 4525 3473 4587 Ezechiele.
3507 4536 3558 4581 et

1983 4617 2038 4670 in
2067 4615 2302 4671 Canticis
2335 4617 2527 4670 cantic.
2571 4618 2895 4680 nominatur,
2927 4633 2994 4669 an
3026 4617 3166 4670 alius
3192 4625 3348 4685 atque
3383 4617 3557 4679 alius;

1983 4708 2187 4762 videtur
2220 4707 2347 4760 milii
2379 4724 2478 4760 non
2512 4723 2623 4760 esse
2657 4723 2812 4761 unus.
2845 4705 2947 4761 Sed
2978 4707 3117 4776 apud
3154 4704 3437 4778 lEgyptios
3464 4707 3561 4761 hoc

1984 4798 2234 4852 vocabulo
2283 4797 2639 4853 demonstrari
2689 4799 2890 4870 regiam
2940 4799 3270 4869 dignitatem,
3320 4800 3460 4853 sicut
3506 4811 3558 4852 et

1984 4892 2122 4959 apud
2154 4890 2416 4946 Romanos
2447 4893 2683 4948 Cwsares
2725 4905 2773 4947 et
2813 4893 3040 4963 Augusti
3079 4893 3415 4961 appellantur
3464 4911 3558 4948 eo-

1983 5001 2099 5039 rum
2128 4986 2468 5056 imperatores
2505 5004 2537 5041 a
2584 4988 2751 5055 primo
2802 4986 2934 5040 Caio
2981 4984 3215 5049 Caesare.
3262 4999 3313 5041 et
3357 5005 3392 5042 a
3439 4989 3556 5057 ﬁlio

1981 5077 2094 5146 ejus
2127 5076 2368 5152 adoptivo
2401 5075 2711 5142 Octaviano,
2735 5077 2824 5144 qui
2851 5085 3033 5146 postea
3063 5078 3331 5145 Augustus
3360 5086 3437 5131 est
3467 5094 3557 5131 no-

1983 5171 2249 5232 minatus;
2276 5169 2713 5241 quemadmodum
2743 5171 2902 5224 etiam
2929 5169 3066 5236 apud
3091 5167 3253 5238 Syros
3286 5171 3553 5232 Antiochi,

1983 5260 2124 5330 apud
2161 5261 2388 5316 Parthos
2412 5261 2706 5321 Arsacidtv.
2742 5261 2880 5330 apud
2917 5259 3231 5332 Philistyam
3262 5261 3552 5324 Abimelec.

1980 5363 2029 5407 et
2056 5362 2172 5422 post
2196 5353 2556 5407 Alexandrum
2587 5353 2642 5407 in
2670 5351 2903 5424 Egypto
2936 5370 3076 5424 reges
3101 5355 3411 5410 dicebantur
3439 5355 3560 5412 Pto-

1979 5446 2152 5500 lanuvi
2180 5463 2340 5516 usque
2369 5445 2436 5498 ad
2465 5444 2823 5515 Cleopatram,
2854 5464 2956 5517 qua
2993 5449 3132 5502 victa
3169 5447 3312 5518 apud
3345 5449 3558 5504 Actium

1981 5539 2250 5610 Egyptus
2291 5537 2530 5592 Romana
2556 5547 2633 5593 est
2663 5539 2808 5609 facta
2848 5542 3136 5610 provincia.
3167 5537 3306 5611 Ergo
3333 5542 3387 5596 in
3425 5557 3557 5611 pra:-

1980 5634 2269 5686 sentiarum
2314 5630 2562 5686 adversus
2600 5649 2763 5686 unum
2809 5634 3085 5704 quemlibet
3125 5651 3294 5706 regem
3331 5631 3557 5708 Egypti

1980 5743 2151 5781 sermo
2197 5723 2261 5795 ﬁt
2306 5722 2537 5778 Domini.
2572 5724 2968 5798 AppellatiOnis
2997 5728 3163 5799 hujus
3211 5743 3435 5786 causam
3483 5729 3562 5788 ita

3208 5824 3285 5885 33
