4072 6338
493 315 652 377 ’1035

1852 292 2096 350 LEONlS
2135 287 2410 345 ALLATll

3622 267 3643 319 l
3654 265 3754 323 056

510 433 780 510 expressit
798 429 1034 485 Joannes
1055 419 1454 486 Antiochenus,
1479 418 1536 472 in
1563 413 1928 482 Archwologia
1951 426 1968 462 :
1988 410 2089 461 Φα-
2115 419 2160 472 Α
2191 404 2358 458 fuisse
2388 399 2528 454 idem
2557 402 2863 468 peccatum:
2907 384 3028 444 loia
3057 387 3176 443 haec
3199 373 3432 441 historia
3454 381 3523 436 de
3552 381 3758 450 nuptiis

1806 505 1829 510 κ
2191 497 2252 510 ---
2493 501 2529 510 ,.
2590 487 2919 510 ---_.-.:......
2973 479 3116 510 tua...
3158 478 3371 510 “mn...
3419 479 3676 510 πωιι-ειιηι-
3703 473 3756 510 in

516 529 631 608 ραώ
678 543 820 588 τινος
865 518 1126 592 βασιλέως
1171 513 1445 582 Αἰγύπτου
1494 510 1720 570 πολλοὺς
1763 505 1870 559 τῶν
1917 515 2086 575 προσ-

510 626 674 680 οίκων
707 610 1245 684 καταγωνισαμένου,
1273 609 1366 661 καὶ
1394 606 1520 667 τοὺς
1543 599 1867 676 λῃστρικοὺς
1891 595 2088 666 ἄνδρας

517 710 1051 788 μεταρῤυθμίσαντος
1083 703 1219 774 πρὸς
1252 701 1311 754 τὸ
1342 697 1743 768 φιλάνθρωπον,
1776 691 1869 743 καὶ
1899 690 1946 742 οἱ
1976 687 2089 739 λοι-

517 779 607 862 πολ.
634 779 868 876 βασιλεῖς
897 797 1173 867 Αἰγύπτου
1204 793 1283 855 εἰς
1313 789 1478 859 τιμὴν
1510 784 1720 840 ἐκείνου
1741 779 1941 853 Φαραὼ
1963 781 2093 832 ἐκα-

455 898 460 903 ’
515 871 721 953 λοῦντο.
741 891 878 947 Vide
904 889 1032 942 item
1060 881 1358 950 Josephum
1384 878 1480 931 lib.
1507 889 1640 928 xvm
1675 871 2089 941 Amiquitatum,

517 991 608 1063 qui
637 986 804 1041 multa
833 983 898 1037 de
928 978 1148 1034 nomine
1173 969 1474 1026 Pharaonis
1499 965 1801 1027 adnotavit,
1841 960 2091 1031 quamvis

519 1053 840 1152 quihusdam
877 1074 1169 1138 incompta,
1203 1065 1468 1134 falsaque,
1493 1066 1546 1115 et
1573 1059 1696 1128 jure
1726 1057 1942 1115 merito,
1978 1053 2091 1106 visa

521 1144 649 1229 sint.
697 1168 802 1222 Alii
833 1165 1087 1218 dixerunt
1117 1158 1433 1212 Pharaones
1473 1153 1651 1206 dictos
1685 1147 1841 1218 quasi
1889 1144 2092 1198 Pharo-

523 1279 642 1328 nes,
693 1274 723 1314 a
769 1257 950 1312 Pharo
997 1251 1174 1306 insula
1219 1263 1250 1303 e
1295 1245 1519 1316 regione
1573 1239 1914 1296 Alexandria:
1964 1237 2093 1289 olim

523 1353 827 1424 Carpathos
855 1349 1019 1410 dicta,
1045 1343 1136 1399 ubi
1162 1339 1407 1411 regnavit
1429 1337 1694 1400 Proteus;
1721 1332 1816 1388 sed
1841 1332 1957 1386 haec
1979 1328 2098 1399 opi-

526 1451 616 1504 nio
646 1462 744 1501 sua
779 1441 1042 1497 inanitate
1074 1451 1172 1508 per
1205 1449 1264 1489 se
1295 1431 1426 1487 ruit.

556 1591 559 1594 .
594 1538 712 1594 Col.
731 1535 859 1596 768,
892 1533 988 1587 lin.
1007 1531 1097 1585 45.
1130 1524 1396 1582 Γυναῖκα
1413 1520 1671 1591 ὀνόματι.
1685 1517 1920 1572 Thamar
1934 1513 2097 1569 filiam

529 1631 699 1686 fuisse
737 1620 1136 1682 Melchisedech
1186 1615 1486 1674 sacerdotis
1521 1613 1771 1666 nonnulli
1816 1610 2100 1664 existima-

531 1733 678 1790 runt,
723 1719 868 1792 quod
913 1715 1080 1770 Iudas
1127 1713 1183 1766 in
1219 1709 1552 1766 scortatione
1585 1704 2003 1775 deprehensam,
2041 1713 2100 1759 ut

531 1815 758 1871 inferius
790 1808 1034 1866 comburi
1061 1804 1340 1874 jussisset,
1380 1815 1491 1855 non
1523 1795 1774 1876 lapidari.
1810 1794 1917 1849 Lex
1954 1797 2098 1849 enim

531 1909 632 1965 fuit
669 1903 811 1977 apud
846 1901 1123 1963 Hebraeos,
1165 1911 1327 1968 quam
1363 1901 1551 1964 postea
1586 1889 1799 1960 Moyses
1825 1889 2097 1958 repetivit,

530 2009 590 2057 ut
637 1999 745 2054 filia
786 1992 1085 2052 sacerdotis
1124 1994 1360 2044 scortata
1409 1983 1838 2046 combureretur,
1891 1988 2102 2034 caelone

533 2093 925 2164 lapidarentur,
968 2083 1146 2139 "Levit.
1197 2095 1269 2134 xx
1314 2087 1369 2134 et
1418 2092 1530 2132 xxt.
1576 2072 1684 2128 Sed
1735 2072 1803 2126 de
1867 2070 2104 2124 Thamar

532 2187 756 2257 ejusque
821 2186 1015 2252 gente,
1086 2165 1396 2230 conditione
1455 2177 1509 2222 et
1559 2165 1804 2220 moribus
1851 2171 2104 2217 accurate

531 2255 708 2341 Philo,
730 2276 827 2328 lib.
864 2272 935 2325 De
965 2267 1278 2323 nobilitate:
1311 2260 1527 2331 Ταύτην
1556 2257 1830 2327 εὐγένειαν
1853 2255 1912 2307 οὐ
1947 2256 2105 2326 μόνον

513 2368 796 2446 ,θεοφιλεῖς
826 2363 1035 2432 ἄνδρες,
1070 2356 1204 2413 ἀλλά
1237 2356 1332 2410 καὶ
1354 2354 1610 2423 γυναῖκες
1639 2349 1933 2419 ἐζήλωσαν,
1973 2349 2106 2399 ἀπο-

539 2434 805 2536 μαθοῦσαι
856 2457 952 2527 μὲν
998 2449 1235 2523 ἀμαθίαν
1283 2445 1380 2516 τὴν
1430 2441 1723 2512 σύντροφον
1771 2438 1897 2506 περὶ
1943 2434 2105 2506 τιμῆς

535 2527 642 2611 τῶν
683 2549 1082 2624 χειροκμήτων,
1127 2537 1497 2594 παιδευθεῖσαι
1543 2533 1598 2585 δὲ
1650 2530 1776 2601 περὶ
1812 2527 2108 2599 μοναρχίας

537 2617 934 2716 ἐπιστημην,ᾖ
977 2636 1326 2709 μοναρχεῖται
1355 2631 1383 2683 ὁ
1418 2629 1641 2696 κόσμος.
1682 2623 1877 2694 Θάμαρ
1901 2617 1968 2692 ἦν
2000 2618 2106 2672 τῶν

537 2737 644 2794 ἀπὸ
798 2709 1160 2796 Παλαιστίνης
1191 2721 1392 2792 Συρίας
1419 2717 1640 2787 γύναιον
1669 2712 1726 2766 ὲν
1751 2711 1927 2783 οἰκείᾳ
1959 2709 2108 2762 πόλει

537 2801 742 2901 τραφὲν
775 2820 1041 2890 πολυθέῳ,
1085 2812 1329 2886 γεμούσῃ
1366 2809 1592 2876 ξοάνων,
1632 2803 1726 2859 καὶ
1754 2801 2107 2872 ἀγαλμάτων,

538 2891 632 2978 καὶ
657 2891 888 2979 συνόλως
921 2907 1330 2982 ἀφιδρυμάτων.
1373 2901 1510 2956 Ἀλλ’
1547 2897 1732 2968 ἐπειδὴ
1759 2895 2009 2962 καθάπερ
2047 2891 2110 2944 ἐκ

541 3013 765 3074 σκότους
818 3006 1009 3078 βαθέος
1057 2997 1291 3070 ἐδυνήθη
1335 2993 1592 3066 βραχεῖαν
1639 2988 1809 3058 αὐγὴν
1856 2983 2110 3054 ἀληθείας

538 3106 730 3161 ἐνιδεῖν
764 3077 977 3169 θανάτῳ
1016 3094 1284 3168 κινδύνου,
1326 3088 1462 3160 πρὸς
1490 3084 1770 3140 εὐσέϐειαν
1801 3077 2113 3153 ηὐτομόλη-
2139 3109 2180 3166 C

533 3214 652 3260 ’σεν,
690 3193 845 3262 ὀλίγα
874 3168 1209 3261 φροντίσασα
1238 3180 1334 3235 τοῦ
1364 3179 1482 3250 ζῇν,
1524 3177 1573 3230 εί
1615 3175 1689 3246 μὴ
1724 3172 1901 3244 μέλλοι
1935 3168 2110 3232 καλῶς

539 3291 658 3363 ζῇν.
696 3289 770 3340 Τὸ
809 3285 865 3338 δὲ
909 3280 1088 3342 καλῶς
1120 3276 1381 3345 ἀνέφερεν
1415 3270 1501 3322 ἐπ’
1542 3267 1694 3320 οὐδὲν
1732 3263 1978 3336 ἕτερονῆ
2020 3261 2111 3314 ἐπὶ

531 3384 637 3453 ’τὴν
678 3374 972 3448 θεραπείαν
1011 3371 1104 3424 καὶ
1142 3365 1350 3420 ἱκεσίαν
1389 3358 1482 3412 τοῦ
1521 3357 1639 3420 ἑνὸς
1687 3355 1882 3410 αἰτίου.
1918 3352 2110 3405 Καίτοι

539 3446 688 3528 δυσὶν
717 3446 964 3536 ἀδελφοῖς
992 3458 1321 3533 ἀμφοτέροις
1360 3453 1616 3523 πονηροῖς
1641 3452 1699 3502 ὲν
1739 3446 1890 3519 μέρει
1927 3461 2110 3515 γημα-

545 3564 701 3636 μένη,
736 3535 988 3630 κουριδίῳ
1024 3551 1121 3624 μὲν
1154 3548 1229 3618 τῷ
1266 3543 1536 3617 προτέρῳ,
1564 3539 1642 3611 τῷ
1669 3539 1712 3592 δ’
1754 3537 1979 3609 ὕστερον
2019 3535 2112 3588 καὶ

541 3626 716 3726 έχοντι
759 3626 1099 3707 ἐπιδικασίας
1136 3642 1305 3712 νόμῳ,
1353 3635 1546 3708 γενεὰν
1584 3632 1678 3686 τοῦ
1725 3630 1990 3701 προτέρου
2038 3626 2110 3698 μὴ

542 3719 951 3802 καταλιπόντος,
996 3735 1109 3790 ἀλλ’
1157 3733 1326 3803 ὅμως,
1367 3726 1697 3798 ἀκηλίδωτον
1743 3719 2112 3790 διαφυλάξασα

543 3838 634 3892 τὸν
667 3833 866 3902 ἑαυτῆς
900 3830 1033 3900 βίον,
1065 3829 1251 3902 ἴσχυσε
1294 3823 1388 3876 καὶ
1418 3815 1802 3892 προσηκούσης
1833 3815 1944 3874 τοῖς
1980 3812 2114 3878 ἀγα-

531 3931 657 3991 ’θοῖς
679 3923 953 3996 εὐφημίας
983 3919 1275 3987 ὲπιλαχεῖν,
1303 3912 1397 3967 καὶ
1420 3913 1532 3973 τοῖς
1566 3907 1681 3978 μεθ’
1711 3905 1880 3974 αὐτὴν
1912 3903 2113 3956 ἀπασιν

541 3992 988 4090 εὐγενείας-ἀρχὴ
1015 4007 1283 4081 γενέσθαι.
1321 4002 1461 4058 Ἀλλ’
1492 4000 1628 4068 αὕτη
1656 3999 1752 4068 μὲν
1772 3999 1819 4049 εἰ
1849 3995 1942 4048 καὶ
1971 3992 2116 4045 ἁλλόο

546 4085 732 4183 φυλος,
757 4109 870 4164 ἀλλ’
890 4085 1001 4161 γοῦν
1033 4121 1095 4174 γε
1121 4097 1378 4172 ἐλευθέρα
1414 4096 1506 4149 κα)⁸
1538 4095 1598 4160 ἐξ
1631 4090 1926 4164 ἐλευθέρων
1962 4085 2110 4148 ἴσως,

547 4205 642 4259 καὶ
669 4203 768 4256 οὐκ
800 4200 1049 4271 ἀσήμων.

617 4295 756 4350 lbid.
791 4291 901 4345 Kal
934 4287 1032 4342 διὰ
1064 4283 1375 4353 πονηρίαν.
1409 4280 1540 4348 Quae
1573 4276 1735 4333 fuerit
1768 4276 1884 4330 haec
1912 4273 2113 4328 malitia

548 4389 633 4444 vel
685 4382 947 4456 iniquitas
981 4377 1111 4443 Her,
1141 4390 1317 4446 neque
1355 4373 1641 4442 Scriptura
1691 4365 1979 4438 expressit,
2017 4379 2116 4418 nec

549 4488 758 4536 certum
807 4472 1011 4545 aliquid
1058 4469 1224 4526 statui
1265 4473 1446 4537 potest
1484 4463 1554 4518 ob
1605 4461 1782 4516 varias
1831 4465 2115 4510 auctorum
2151 4469 2195 4525 ι)

549 4572 866 4630 sententias.
905 4565 1268 4638 Augustinus,
1300 4560 1394 4616 lib.
1441 4572 1555 4612 χιιι
1601 4563 1786 4609 contra
1835 4549 2118 4612 Faustum,

549 4681 670 4734 cap.
711 4663 802 4726 84,
839 4659 1132 4732 significat,
1163 4665 1450 4726 peccatum
1480 4649 1600 4718 ejus
1632 4647 1802 4702 fuisse
1833 4643 2120 4699 crudelita-

550 4761 623 4814 tis
651 4764 705 4812 et
757 4753 999 4811 szevitiaa.
1048 4749 1157 4804 Alii
1191 4748 1595 4818 conjectarunt,
1632 4740 1805 4796 fuisse
1836 4742 2118 4808 peccatum

551 4857 743 4904 contra
776 4854 1052 4908 naturam,
1098 4841 1243 4913 quod
1286 4837 1628 4901 admittebat,
1675 4834 1907 4888 abutens
1955 4841 2125 4882 uxore

551 4952 703 4997 extra
733 4955 830 4994 vas
863 4929 1148 4992 muliebre.
1194 4932 1546 4988 Hebraeorum
1580 4926 1811 4982 “traditio
1840 4931 1946 4988 est,
1979 4920 2124 4976 Tha-

554 5048 670 5088 mar
707 5032 877 5087 fuisse
907 5027 1328 5102 pulcherrimam
1355 5023 1633 5085 feminam,
1657 5033 1886 5088 eamque
1915 5014 2124 5086 perdite

554 5125 862 5178 adamatam
905 5137 1028 5177 esse
1079 5119 1146 5174 ab
1193 5115 1321 5172 Her.
1369 5112 1474 5181 Qui
1517 5128 1626 5184 quo
1664 5108 1871 5165 diutius
1918 5105 2123 5162 illibata

557 5219 677 5288 ejus
715 5214 1119 5289 pulchritudine
1160 5210 1266 5266 frui
1296 5217 1504 5282 posset,
1535 5207 1714 5263 sciens
1744 5219 1844 5276 per
1881 5200 2126 5273 gravida-

559 5313 738 5367 tioncs
767 5317 821 5365 et
858 5297 1049 5380 partus
1088 5304 1446 5360 deﬂorescere
1471 5299 1744 5361 decorem,
1771 5305 1825 5351 et
1868 5300 2124 5349 venusta-

559 5414 664 5459 tem
716 5399 1068 5464 muliebrem,
1114 5399 1169 5453 in
1217 5391 1619 5466 congrediendo
1672 5403 1797 5444 cum
1848 5386 2122 5451 Thamar,

553 5496 863 5552 effundebat
891 5509 1077 5550 semen
1102 5500 1256 5547 extra
1281 5504 1377 5544 vas
1412 5488 1578 5551 illius,
1607 5501 1674 5539 ne
1702 5479 1972 5553 gravi-lari
2000 5493 2125 5548 pos-

555 5594 658 5643 set.
692 5585 844 5640 Hanc
870 5591 1093 5641 secutus
1117 5591 1200 5637 est
1228 5579 1542 5650 Cajetanus,
1569 5590 1670 5632 nec
1712 5573 1924 5628 videtur
1962 5573 2029 5624 ab
2060 5584 2123 5622 ea

555 5676 907 5733 abhorruisse
924 5673 1162 5731 Joannes
1183 5671 1502 5733 Cassianus,
1525 5665 1816 5724 collatione
1829 5664 1880 5728 8,
1895 5676 2015 5732 cap.
2035 5661 2055 5714 l
2072 5660 2122 5721 1,

556 5771 620 5827 dc
648 5777 873 5843 peccato
897 5769 1072 5824 Onam
1095 5766 1260 5823 verba
1291 5763 1518 5829 faciens,
1550 5757 1842 5815 verisimile
1869 5754 2012 5811 enim
2038 5760 2122 5808 est

2190 497 2430 552 Thamar
2481 501 2534 548 et
2585 487 2922 546 scortatione
2963 479 3117 536 luds:
3158 478 3371 548 prolixe
3419 479 3676 529 narratur
3702 473 3759 527 in

2191 588 2518 643 Testamento
2544 581 2611 634 12
2637 574 3087 649 patriarcharum,
3114 585 3235 640 cap.
3265 570 3319 623 3.

2259 696 2422 759 lbid.,
2467 695 2565 748 lin.
2616 692 2704 746 50.
2747 687 3023 757 Ἐξέχεεν
3066 682 3167 738 ἐπὶ
3220 681 3350 749 τῆς.
3398 679 3764 749 Augustinus,

2191 791 2286 846 lib.
2330 802 2444 843 xxu
2492 795 2677 840 contra
2712 781 2998 844 Faustum,
3037 793 3158 847 cap.
3191 775 3278 841 84,
3311 774 3552 844 pejor-em
3598 770 3765 824 fuisse

2193 883 2321 947 Her,
2351 896 2514 952 quam
2561 877 2773 941 Onam;
2816 875 2968 928 illum
3004 869 3179 924 fuisse
3223 867 3546 934 malignum,
3579 871 3635 923 et
3667 874 3769 914 sae-

2194 990 2342 1037 vum,
2367 984 2421 1028 et
2440 985 2697 1042 peccasse
2727 965 3011 1031 nocendo;
3041 962 3188 1016 hunc
3210 970 3485 1030 peccasse,
3507 953 3770 1023 prodesse

2194 1076 2248 1121 et
2289 1066 2484 1136 juvare
2513 1061 2768 1118 nolendo.
2815 1056 3038 1114 Pererio
3068 1052 3376 1123 oppositum
3427 1044 3770 1118 probabilius

2195 1133 2428 1223 videtur,
2453 1171 2576 1210 cum
2606 1153 2886 1221 Scriptura
2918 1147 3023 1201 Her
3049 1144 3279 1216 appellet
3303 1153 3558 1209 nequam,
3593 1133 3771 1188 Onam

2196 1266 2324 1306 vero
2353 1247 2755 1309 detestandum,
2789 1241 2934 1314 quod
2965 1255 3078 1294 rem
3125 1234 3498 1290 detestabilem
3544 1229 3771 1292 faceret,

2197 1347 2344 1418 quod
2392 1344 2660 1416 gravioris
2703 1336 2953 1403 criminis
3007 1339 3136 1386 nota
3195 1336 3298 1383 est.
3345 1325 3547 1380 Deinde
3593 1321 3774 1376 Onam

2197 1438 2443 1508 exemplo
2473 1432 2776 1504 punitionis
2809 1428 3063 1481 fraterna:
3097 1420 3267 1476 noluit
3291 1416 3637 1485 resipiscere,
3671 1425 3777 1465 nec

2198 1505 2494 1588 deteri-itus
2525 1523 2812 1586 abstinuit,
2842 1519 2924 1574 vel
2961 1533 2991 1570 a
3025 1513 3213 1578 simili,
3247 1515 3329 1565 vel
3356 1524 3384 1562 a
3417 1505 3610 1577 majori
3645 1521 3775 1576 pec-

2199 1632 2341 1679 cato.
2374 1619 2638 1674 Pra‘terea
2675 1615 2782 1668 Her
2807 1610 3052 1684 peccavit
3079 1605 3385 1660 inordinata
3412 1600 3638 1658 libidine
3678 1598 3778 1652 de-

2202 1711 2511 1770 lectationis
2549 1721 2812 1769 venereae,
2840 1701 3012 1757 Onam
3045 1698 3281 1766 maligna
3312 1692 3513 1746 invidia
3544 1689 3775 1744 fraterni

2205 1806 2355 1872 boni,
2419 1818 2487 1858 ne
2553 1795 2950 1870 primogenitus
3003 1806 3138 1846 suus
3185 1786 3565 1857 assignarctur
3613 1780 3776 1836 fratri

2201 1912 2321 1951 SUO.

2272 2026 2390 2083 Col.
2419 2023 2547 2088 769,
2586 2021 2682 2075 lin.
2729 2018 2815 2072 l2.
2856 2017 2951 2083 Ὠς
2992 2015 3045 2068 δ’
3084 2014 3474 2078 ἀποστείλας.
3523 2009 3783 2064 Historiae

2203 2122 2365 2190 hujus
2398 2118 2792 2190 perelegantcm
2836 2109 3152 2177 allegoriam
3191 2107 3362 2162 habes
3403 2105 3548 2176 apud
3591 2103 3782 2157 Philo-

2204 2229 2349 2276 nem,
2390 2210 2487 2265 lib.
2522 2206 2658 2274 Περὶ
2686 2202 2988 2274 φυγάδα»,
3015 2215 3180 2284 quem
3205 2198 3348 2254 vide.

2274 2322 2432 2384 lbid.,
2462 2307 2558 2374 lin.
2595 2318 2684 2372 ss.
2739 2315 2852 2384 Τῆς
2895 2312 3197 2382 ἀχράντου
3227 2311 3477 2380 Μαρίας.
3519 2308 3784 2364 Insulsis-

2206 2417 2327 2470 siini
2387 2411 2754 2468 Mahun:elani
2808 2407 3034 2461 Mariam
3086 2405 3512 2470 sanctissimam,
3557 2413 3612 2458 et
3656 2418 3782 2473 qua:

2205 2510 2482 2564 Christum
2528 2505 2693 2559 Deum
2734 2501 2962 2571 peperit,
3005 2513 3245 2554 sororem
3283 2496 3482 2568 Moysis
3526 2504 3579 2550 et
3613 2496 3789 2550 Aaro-

2208 2601 2294 2654 nis
2322 2599 2546 2652 faciunt.
2579 2592 2924 2664 Euthymius,
2962 2591 3016 2643 in
3048 2589 3308 2656 Panoplia
3335 2604 3352 2642 .'
3384 2588 3492 2640 Kal.
3525 2588 3607 2639 ὅτι
3633 2588 3662 2638 ὁ
3683 2587 3786 2640 Λό-

2208 2712 2304 2764 γος
2333 2693 2425 2746 τοῦ
2473 2688 2628 2754 Θεοῦ,
2666 2689 2758 2742 καὶ
2796 2685 2858 2739 τὸ
2900 2684 3124 2753 Πνεῦμα
3164 2681 3350 2744 αὐτοῦ,
3397 2680 3590 2733 κτιστά
3633 2679 3786 2742 ὄντα,

2209 2783 2459 2856 εἰσῆλθεν
2492 2784 2573 2846 είς
2603 2779 2820 2852 Μαρίαν
2849 2775 2946 2848 τὴν
2992 2772 3223 2845 ἀδελφὴν
3265 2772 3509 2834 Μωσέως
3545 2771 3637 2823 καὶ
3657 2772 3788 2822 Ἀακ

2215 2876 2343 2950 ρὼν,
2393 2874 2488 2928 καὶ
2539 2871 2830 2941 ἐγέννησεν
2871 2866 3010 2938 αῦτη
3059 2865 3182 2934 δίχα
3230 2863 3542 2935 σπέρματος
3572 2859 3788 2932 Ἰησοῦν

2213 2970 2306 3023 τὸν
2356 2966 2610 3038 Χριστὸν,
2660 2963 2964 3035 προφήτην,
3019 2957 3114 3011 καὶ
3162 2956 3345 3010 δοῦλον
3397 2955 3651 3024 γεγονότα
3686 2951 3789 3007 τοῦ

2216 3058 2371 3114 Θεοῦ.
2426 3057 2495 3111 -Ει
2537 3057 2591 3110 in
2638 3053 2831 3108 ordine
2871 3052 2962 3121 qui
3015 3055 3263 3104 servatur
3305 3063 3472 3133 super
3516 3048 3583 3102 iis
3621 3046 3715 3116 qui
3756 3061 3789 3100 :t

2217 3149 2505 3206 Saracenis
2542 3148 2611 3202 ad
2647 3145 3083 3201 Christianorum
3119 3141 3278 3195 fidem
3325 3155 3385 3194 se
3419 3147 3788 3194 convertunt:

2229 3240 2634 3312 Ἀναθεματίζω
2656 3238 2752 3308 τὴν
2781 3234 2876 3289 τοῦ
2912 3232 3156 3303 Μωάμεδ
3181 3231 3449 3302 φλυαρίαν
3473 3231 3574 3302 τὴν
3605 3229 3794 3296 λέγου-

2217 3353 2330 3398 σαν,
2362 3336 2443 3388 ὃτι
2474 3333 2502 3385 ὁ
2547 3330 2752 3400 Κύριος
2799 3327 2895 3381 καὶ
2935 3325 3067 3387 Θεὸς
3107 3323 3312 3392 Ἰησοῦς
3353 3325 3381 3376 6
3412 3322 3648 3394 Χριστὸς
3686 3321 3793 3376 ἀπὺ

2216 3423 2433 3496 Μαρίας
2457 3423 2554 3492 τῆς
2599 3417 2831 3487 ἀδελφῆς
2864 3413 2958 3468 τοῦ
2999 3414 3242 3476 Μωσέως
3273 3413 3368 3466 καὶ
3405 3411 3793 3482 Ἀαρὼν-ἐγεν-

2217 3517 2352 3587 νήθη
2379 3514 2505 3568 ἀνευ
2541 3511 2748 3581 σπορᾶς
2787 3510 2850 3559 ὲκ
2887 3503 2982 3558 τοῦ
3027 3504 3200 3572 Λόγου
3245 3501 3339 3556 τοῦ
3385 3501 3521 3554 Θεοῦ
3574 3503 3668 3555 καὶ
3700 3498 3791 3556 τθῦ

2217 3606 2551 3676 Πνεύματος.
2604 3602 2738 3669 Quis
2791 3601 2932 3654 hanc
2996 3598 3380 3668 ἀνιστορησίαν
3429 3598 3784 3656 somniasset,

2218 3697 2322 3751 nisi
2370 3693 2657 3756 Moameth,
2687 3702 2738 3746 et
2769 3700 2920 3761 pater
2960 3689 3079 3758 ejus
3108 3687 3395 3742 diabolus?
3428 3685 3678 3756 Spatium
3705 3689 3786 3740 bis

2220 3788 2366 3842 mille
2403 3801 2670 3840 annorum
2709 3783 2850 3837 inter
2899 3781 3120 3835 Mariam
3167 3793 3412 3832 sororem
3463 3778 3688 3848 Moysis.
3734 3786 3790 3832 et

2220 3878 2441 3935 Mariam
2472 3892 2592 3948 quae
2617 3875 2896 3930 Christum
2930 3871 3154 3944 peperit,
3197 3871 3523 3925 intercessit.
3556 3870 3666 3925 Nec
3691 3871 3795 3924 mi-

2220 3989 2323 4028 nus
2353 3966 2833 4040 reprehendendus
2862 3975 2946 4020 est
2980 3963 3293 4018 Fridericns
3326 3961 3672 4033 Sylburgius,
3699 3963 3794 4030 qui

2219 4065 2366 4120 notis
2392 4064 2446 4116 in
2479 4060 2827 4121 Saracenica,
2862 4057 2930 4112 de
2965 4056 3283 4110 adoratione
3321 4056 3620 4125 imaginum
3653 4055 3796 4109 male

2219 4156 2463 4211 sentiens
2489 4163 2648 4222 negat
2671 4149 3042 4204 adorationem
3067 4148 3248 4203 deberi
3274 4147 3442 4202 beatae
3475 4145 3658 4200 Maria?
3685 4146 3797 4199 vix»

2222 4247 2353 4318 gini,
2381 4246 2542 4314 idque
2575 4242 2708 4296 locis
2749 4239 3078 4310 quibusdam
3111 4239 3285 4293 sancti
3322 4237 3610 4307 Epiphanit
3652 4237 3797 4292 male

2223 4342 2290 4395 ah
2314 4341 2432 4410 ipso
2464 4335 2772 4392 intellectis.
2798 4331 2847 4386 Is
2877 4332 3019 4386 enim
3045 4332 3121 4385 uti
3151 4331 3481 4384 Calviniana:
3509 4338 3674 4383 sectae
3698 4327 3798 4381 ad.

2224 4435 2401 4488 dictus
2431 4429 2662 4500 sparsim
2691 4427 2744 4479 in
2776 4425 2882 4478 illis
2917 4424 3338 4477 notis'latenter
3363 4429 3416 4474 et
3446 4421 3675 4474 subdole
3703 4435 3798 4475 ve-

2220 4541 2424 4581 nenum
2456 4521 2706 4583 effundit,
2756 4518 2898 4573 sicut
2941 4525 2993 4570 et
3031 4517 3284 4585 superius
3331 4513 3397 4568 de
3443 4521 3799 4568 sacramento

2224 4619 2577 4673 Eucharistiaa
2618 4621 2800 4684 egerat
2845 4618 2899 4666 et
2941 4610 2994 4662 in
3039 4609 3158 4677 ipso
3200 4606 3402 4660 lumine
3428 4605 3710 4668 caacutire,
3739 4614 3801 4660 et

2221 4712 2402 4782 palam
2451 4706 2720 4763 mendacii
2751 4719 2911 4774 posse
2965 4698 3217 4755 convinci
3271 4714 3379 4752 non
3429 4707 3690 4764 veretur;
3742 4705 3802 4752 at

2225 4806 2353 4859 dum
2381 4817 2587 4856 venena
2610 4805 2852 4868 spargat,
2881 4810 3001 4866 qua:
3033 4793 3296 4849 inliciant.
3321 4806 3511 4861 parum
3542 4791 3618 4844 illi
3649 4807 3803 4846 cura

2224 4906 2329 4962 est,
2361 4898 2405 4951 si
2435 4910 2588 4950 suam
2621 4893 2678 4946 in
2719 4888 3082 4960 scriptoribus
3124 4883 3488 4953 intelligendis
3518 4883 3799 4937 inscitiam

2219 4987 2537 5061 patefaciat.
2568 4982 2699 5038 Vide
2727 4983 2905 5052 ipsum
2941 4995 3001 5050 p.
3033 4976 3136 5031 156
3173 4983 3228 5032 et
3256 4974 3379 5029 158.
3420 4973 3578 5040 Quod
3606 4973 3654 5029 si
3687 4988 3802 5028 non

2224 5089 2308 5137 est
2336 5081 2623 5138 invertere,
2653 5083 3101 5138 transversosque
3125 5081 3284 5137 agere
3307 5063 3498 5119 Patres
3523 5073 3580 5118 et
3603 5078 3801 5118 eorum

2223 5171 2547 5231 sententias,
2579 5164 2711 5238 quid
2749 5162 2889 5221 erit?
2923 5160 3048 5215 Haec
3087 5159 3211 5214 ideo
3245 5156 3501 5213 adnotavi
3534 5164 3594 5210 ut
3637 5163 3805 5210 notas

2227 5267 2348 5320 illas
2380 5269 2538 5318 caute
2566 5261 2739 5314 lector
2766 5261 3072 5326 percurrat.

2296 5374 2431 5429 Ibid.
2459 5369 2592 5440 Τῆς
2627 5367 2951 5440 ἀχράντου.
2991 5364 3123 5431 Quae
3161 5371 3275 5418 tota
3308 5361 3532 5433 pulchra
3566 5369 3672 5428 est,
3698 5374 3803 5415 nec

2226 5471 2391 5524 ullam
2419 5465 2654 5520 admittit
2685 5461 2908 5515 omnino
2936 5461 3224 5513 maculam.
3251 5456 3310 5510 In
3333 5472 3448 5510 eam
3482 5454 3720 5507 humiles
3745 5461 3801 5506 et

2226 5561 2427 5624 devoti,
2461 5559 2576 5613 haec
2604 5555 2853 5627 quamvis
2885 5552 3181 5623 incompta,
3211 5550 3402 5604 affectu
3431 5557 3611 5600 tamen
3638 5546 3802 5614 plena

2226 5654 2546 5710 cecinimus.
2588 5651 2719 5716 Quae
2749 5648 2868 5711 tibi,
2894 5648 3088 5712 lector,
3126 5640 3502 5715 φιλοπαρθένῳ
3551 5653 3667 5694 non
3710 5635 3805 5693 ist-

2228 5759 2377 5821 grata
2411 5746 2525 5803 fore
2555 5743 2952 5802 existimamus.
3793 5741 3797 5748 ’
