4072 6338
333 328 463 386 “.37

325 556 628 626 Κρουνοὺς
658 555 775 626 μέν
819 558 948 611 ποθ’
988 555 1126 623 ἕηκε
1170 554 1358 623 πυρὸς
1397 554 1524 607 κατ’
1566 554 1879 695 Ὀῧὲμπιον

1632 642 1660 676 ε
1690 642 1810 691 ραν

1632 642 1810 691 εοραν

453 699 659 766 Αιτνη,
691 697 983 766 αέθερίους
1014 697 1177 765 ἔρρεε
1210 694 1303 749 καὶ
1344 694 1665 763 θαλάμους.

325 768 485 833 dide
525 769 592 822 δὲ
624 760 1471 836 ὂιυλινδομένηόὶατεϐόσκετο,
1495 760 1667 904 def:
1715 766 1779 844 τί
1810 760 1878 818 ἐν

1651 852 1804 903 γῬοις

1651 852 1804 903 τροις

462 908 611 962 Γαῖα
643 907 824 976 φέρει.
866 907 1165 976 δενδρέοις
1207 906 1367 959 ὄσσα
1392 922 1453 959 τε
1479 904 1771 971 τηλεθάει,

322 977 431 1033 Καὶ
451 974 764 1049 πιλρὸςήῆεν
780 974 1022 1046 ἔδεσμα.
1050 978 1213 1049 Λέων
1232 978 1397 1049 φύγε.
1428 976 1608 1049 dicere
1632 974 1873 1041 :totntd'

462 1046 590 1112 Φὼς
625 1046 855 1117 gestirem
887 1048 1114 1116 χρυσοῦ
1144 1046 1351 1111 κήδετο
1380 1046 1732 1117 καὶλβιότου.

324 1113 429 1183 Εἷς
458 1118 525 1171 δέ
555 1112 645 1183 τις
675 1112 799 1182 οἶος
829 1112 984 1183 ἄειρε
1016 1119 1197 1186 φίλον
1229 1117 1418 1183 ,βάρος
1446 1112 1536 1168 οἶα
1564 1113 1770 1181 τοκῆα,

475 1186 586 1240 Ἠδ’
620 1188 850 1256 ἐσάωσε
874 1190 1059 1256 μόρου
1093 1186 1387 1255 φλέγμιισι
1421 1186 1687 1252 δηριόων.

324 1259 525 1326 Θαυμα
551 1252 668 1311 τόδ’
694 1252 966 1324 εὺσεϐἷης
994 1252 1401 1326 γενέτηιίπαῖς
1428 1256 1666 1322 ἄρνυτω
1698 1254 1877 1308 παῖδα

462 1327 610 1387 Σῶζε
646 1329 875 1397 γονεὺς,
914 1327 1141 1395 πυρσὸς
1164 1326 1213 1377 δ’
1242 1326 1777 1397 εἴκαθενλίεμένοις.

319 1398 572 1465 Ile/para
612 1394 798 1451 πᾶσιν
834 1394 1021 1451 ἔκειτο
1049 1400 1256 1465 μόρου.
1285 1397 1387 1465 καὶ,
1410 1394 1583 1463 μοῖρα
1607 1394 1866 1463 κραταιὴ,

463 1469 598 1521 Οὐδ’
629 1468 783 1534 ἀλκὴ
814 1464 1094 1538 χθονίοις,
1125 1467 1260 1538 οὐδ’,
1282 1464 1551 1538 ἀλέη-τις
1577 1464 1685 1530 ἓην

334 1537 475 1591 Ἀπ’
514 1535 1049 1607 άλιτροερροσύνης,
1096 1538 1175 1589 σὺ
1213 1536 1264 1589 δ’
1315 1535 1876 1675 ἐκαίνιῖίὲἓέἓιόμπον

1670 1622 1804 1671 ρου.

1568 1608 1804 1671 λέθρου,

435 1678 613 1731 Ὥστε
646 1676 848 1745 πάρος,
880 1678 1094 1745 Μαρίη,
1123 1675 1341 1745 αἰσχρὰ
1376 1673 1641 1745 λέπαδνα
1670 1673 1869 1742 χάους.

318 1749 681 1817 Κυσσαμένη
725 1744 785 1801 δ’
830 1744 1029 1814 ἔτεκες
1067 1744 1495 1815 ,ϐαρυπήμονος
1527 1744 1723 1817 ἔνδοθι
1778 1746 1874 1797 κό-

1625 1813 1803 1883 [σμου
1906 1806 1949 1865 Β

459 1887 578 1942 Σύν
608 1888 874 1959 γενέτην,
906 1887 984 1954 τῷ
1016 1887 1135 1955 πῦρ
1164 1886 1233 1940 οὐ
1261 1902 1333 1939 σε
1367 1884 1639 1955 δάμασσε
1666 1886 1874 1952 μόρου.

1058 1997 1124 2050 ll.

325 2110 668 2179 Τρινακρίης
690 2109 1016 2163 τετάνυστο
1048 2108 1259 2177 μέσοις
1290 2108 1381 2179 ἐνὶ,
1423 2109 1662 2179 κεύθεσι
1702 2108 1876 2177 γαίης

464 2179 718 2248 Σήραγξ,
748 2179 785 2246 ᾖ
815 2180 1082 2232 παλίκων
1107 2178 1329 2248 θωϋτὸν
1352 2178 1534 2230 ἔσκεν
1561 2178 1735 2243 ὕδωρ.

330 2244 603 2318 Ἁμϐατῧς
632 2244 947 2315 ἡμερίοισι,
979 2250 1071 2301 καὶ
1110 2244 1198 2313 οἷς
1226 2248 1405 2317 μένος
1434 2248 1655 2316 ᾶψεσιν
1677 2248 1837 2316 ἕρπει
1858 2265 1870 2277 ο

457 2320 563 2373 Καὶ
587 2318 654 2372 ἓν
674 2318 865 2387 μηδὲν
885 2319 998 2386 ἔφυ
1021 2318 1097 2383 τῷ
1132 2319 1463 2384 πεπέδηντο
1503 2319 1672 2387 θύραι

319 2387 561 2454 Αιῶνος.
598 2386 691 2441 καὶ
728 2390 905 2455 κηρὸς
930 2390 1212 2453 ἐπαίτιος·
1243 2388 1421 2456 ὤρεγε
1450 2386 1602 2453 κῆρα

458 2458 860 2526 Κλινομένοις,
891 2458 1036 2511 αἰὼν
1060 2459 1273 2511 ἔπλετο
1306 2458 1707 2525 νισσομένοις.

320 2530 546 2585 οὔποτε
585 2530 836 2597 ἡσύχιος
870 2528 1055 2593 πόδας
1092 2530 1311 2581 εὔνασε
1340 2529 1665 2595 κεκμηκυῖα

456 2596 776 2665 Παρθένος.
813 2598 1107 2667 ἀσπεργὲς
1133 2598 1184 2650 δ’
1223 2598 1433 2667 εὐαγὲς
1460 2596 1792 2665 ιίξρθοϐάτει.

316 2672 519 2736 Malim
543 2668 628 2736 μὴ
670 2668 976 2721 κλινθεῖσα
993 2668 1247 2736 ’λυπραῖς
1272 2668 1535 2719 κακίαισι
1576 2667 1806 2733 τοκήων

460 2740 593 2794 Οὐδ’
622 2738 795 2804 ἰδίαις
825 2737 902 2807 γῇ
938 2739 1035 2791 καὶ
1066 2739 1290 2808 δεσμὸν
1327 2736 1513 2801 divle
1560 2739 1765 2807 μόρου.

1052 2851 1139 2905 lli.

318 2964 584 3033 Πράωσιν
604 2962 977 3033 ἀκροτάτοισι
1007 2965 1245 3033 χίμαιρα
1281 2963 1616 3031 Φασήλιδος
1642 2964 1764 3031 αἴῃ.

456 3036 856 3102 Ἐκθρώσκῃσι
903 3034 1074 3102 κάρη,
1125 3035 1219 3087 καὶ
1264 3036 1456 3091 πόλον
1495 3034 1866 3103 ἁμφιπλέκει.

321 3097 395 3156 Ἥ
421 3097 602 3171 πυρὸς
640 3097 874 3159 ἀενάοιο
906 3097 1048 3157 καθ’
1070 3104 1268 3172 αἰθέρα
1291 3104 1425 3157 δῖαν
1448 3097 1658 3157 ἀλᾶται

257 3214 264 3219 .
470 3176 645 3228 Ωκεῖα
677 3174 1061 3242 στροφάλιγξ,
1089 3175 1302 3228 οὔποτε
1336 3173 1697 3242 δαμναμένη.

319 3244 525 3296 ’Ὑδασι
564 3246 675 3312 τὴν
706 3244 891 3312 ἣψας.
918 3246 1013 3297 καὶ
1045 3244 1522 3312 τηλαυγέστερον
1554 3245 1704 3298 αἴθει

458 3315 779 3383 Βρεχθεῑσ’,
819 3314 1073 3381 ἐσϐέσθη
1117 3314 1168 3366 δ’
1198 3315 1369 3382 ἀχθεϊ
1398 3313 1728 3383 θλιϐομένη.

320 3386 538 3452 ’Δχθος
568 3382 963 3452 ἆλιτροσύνης
1000 3384 1224 3450 Μαρίης
1259 3383 1423 3453 μάλα
1460 3383 1605 3453 τῆλε
1632 3382 1874 3450 λιάσθη,

444 3455 597 3508 Ὀὐδ’
633 3456 835 3523 ἐμίῃνε
872 3454 1016 3507 Θεοῦ
1042 3457 1245 3507 εἰκόνα
1280 3452 1630 3522 άγνοτάτην.

315 3524 536 3594 Νασμῷ
578 3524 627 3577 δ’
661 3520 750 3578 αὖ
791 3527 1044 3593 χαρίτων
1091 3523 1276 3587 σέλας
1314 3520 1547 3661 abl-Istat,
1578 3523 1684 3646 τιές
1732 3524 1875 3589 πόρε

1542 3610 1612 3661 np
1656 3610 1805 3660 ντωρ

1542 3610 1805 3661 κραντωρ

457 3664 775 3730 Ἆθανάτως
799 3665 846 3717 τ’
875 3663 1008 3716 ἐϐίω
1034 3663 1217 3731 κηρὸς
1252 3663 1603 3731 ἀποτροπίη.

314 3882 486 3955 Attu_it
521 3884 768 3955 a’tItereas
804 3886 983 3955 ignitis
1012 3882 1260 3953 ﬂuctibus
1286 3899 1408 3936 aras

386 3950 551 4006 £11m
582 3953 748 4007 olim:
775 3950 938 4008 traxit
962 3950 1181 4021 flamma
1211 3968 1300 4019 per
1329 3964 1474 4005 astra
1501 3954 1699 4023 globos.

311 4021 462 4095 Ignis
486 4025 850 4095 abici-boribus
874 4024 1123 4095 quidquid
1148 4023 1415 4095 dependet,
1441 4021 1633 4095 Aet'una

382 4092 661 4157 Pascebat,
691 4092 940 4164 quidquid
968 4092 1191 4148 Dtedala
1220 4093 1394 4161 fundit
1429 4093 1639 4147 humus.

322 4161 425 4233 Vos
454 4165 667 4231 trepida:
695 4161 904 4233 fugistis
929 4182 1066 4225 aves,
1104 4164 1277 4233 fugere
1304 4164 1493 4225 leones,

387 4231 456 4284 Et
485 4234 617 4301 fugit
650 4231 875 4289 nummis
905 4246 953 4289 et
987 4237 1085 4288 sibi
1105 4231 1329 4303 quisque
1351 4250 1560 4301 pavens.

310 4301 478 4374 Dulce
499 4315 699 4369 patrem
730 4307 952 4374 pondus,
981 4306 1069 4359 sed
1099 4301 1301 4357 tantum
1333 4306 1547 4357 sustulit
1573 4319 1728 4365 unus,

386 4371 599 4442 Ignibus
632 4371 866 4428 eluctans
893 4376 1181 4443 eripuitque
1211 4378 1340 4427 neci.

308 4441 565 4497 Sei'vnbat
595 4447 787 4508 senior,
821 4441 1200 4511 mine—pietatis
1228 4447 1423 4509 imago,

388 4512 533 4565 Tunc
565 4525 767 4578 natum,
797 4525 845 4568 et
872 4526 1072 4583 patrem
1104 4525 1257 4583 nutus
1289 4515 1351 4565 ab
1384 4514 1565 4565 exitio.

308 4580 571 4635 Flamma:
605 4585 710 4637 illis
741 4580 934 4639 cessere
961 4587 1115 4639 viam.
1144 4582 1291 4635 Mars
1320 4583 1559 4635 omnibus
1584 4598 1725 4650 teque

384 4656 453 4705 Et
483 4656 647 4719 fatum
676 4656 925 4719 instabat,
961 4672 1060 4707 non
1084 4664 1193 4707 erat
1228 4654 1339 4704 ulla
1363 4652 1530 4705 salus.

308 4719 399 4774 Sic
431 4722 680 4775 scelerum
711 4741 940 4777 meruere
968 4735 1122 4777 noue.
1153 4723 1229 4775 Tu
1258 4721 1447 4773 robora
1472 4722 1653 4775 mortis

391 4788 641 4861 Frangis,
679 4804 735 4845 ut
767 4796 1012 4848 horrendi
1039 4795 1214 4859 turpia
1240 4792 1410 4844 vincla
1439 4788 1635 4847 Chaos.

308 4858 555 4933 Namque
582 4873 727 4915 tuum
760 4865 899 4917 tristi
926 4858 1205 4933 genitorem
1230 4864 1369 4929 regia
1395 4863 1609 4923 mundo,

393 4930 545 5000 Virgo
575 4932 765 4999 ferens,
795 4930 1134 4989 dirte‘mortis
1159 4936 1223 4985 ab
1256 4934 1369 5001 igne
1396 4947 1571 4984 vacas.

1051 5063 1115 5120 11.

306 5148 585 5223 Trinacrio
610 5154 874 5223 quondam
898 5164 1073 5209 vastus
1104 5156 1307 5211 telluris
1341 5155 1515 5210 hiatus

272 5219 281 5228 “
316 5288 355 5296 __
375 5218 577 5296 Littore
606 5218 739 5288 erat,
774 5224 1014 5278 Palicum
1032 5243 1135 5295 qua
1167 5228 1415 5295 reﬂuebat
1444 5242 1617 5296 aqua:

304 5288 427 5367 "ut:
456 5292 654 5367 homini
680 5305 948 5363 penetrare
973 5288 1174 5361 datum,
1204 5288 1547 5367 membrisque
1577 5296 1789 5361 valenti,

378 5360 654 5417 Audebant
676 5360 822 5418 aditu
848 5366 923 5418 nil
949 5360 1217 5434 prohibere
1244 5370 1403 5434 fores.

304 5432 483 5487 Causa
514 5437 650 5486 necis
676 5440 891 5504 vitaeque
914 5432 1129 5499 ibidem;
1165 5432 1287 5491 nam
1317 5448 1459 5492 stare
1482 5438 1712 5501 salubre,

364 5510 432 5561 At
466 5504 653 5557 tet/tale
673 5506 774 5572 fuit
796 5522 981 5571 ponere
1009 5523 1192 5566 corpus
1218 5508 1385 5563 humi.

306 5576 590 5646 Lassatum
622 5575 809 5643 fulcire
830 5576 992 5637 latus,
1019 5593 1325 5646 gressusque
1348 5579 1507 5645 quieti

377 5644 606 5717 Tradere
633 5662 734 5717 non
764 5662 991 5715 unquam
1025 5664 1131 5699 mos
1165 5644 1275 5706 tibi,
1321 5644 1494 5717 Virgo.
1524 5650 1641 5717 fuit.

304 5712 433 5785 Sola
463 5715 624 5783 igitur
648 5716 812 5782 culpis
844 5712 944 5769 non
962 5717 1224 5779 inclinata
1248 5712 1545 5785 parenlum,

376 5783 491 5840 Nec
517 5786 766 5857 propriis,
796 5788 981 5843 mortis
1014 5788 1221 5842 vincula
1249 5783 1386 5843 dura
1414 5790 1576 5859 fugis.

1370 320 1434 375 IN
1474 320 1839 376 EUSTATHII
1877 320 2345 377 HEXAEMERON
2377 321 2596 380 [\OTJE.

3404 322 3537 379 1058

2711 440 2800 497 111.

2053 554 2226 608 Terris
2249 555 2411 610 Phasi
2445 556 2546 609 tuis
2568 555 2812 610 sublimes
2841 554 3074 610 verberat
3104 572 3286 618 auras,

2042 660 2074 696 -Α
2094 623 2461 696 “Flammigeri
2491 626 2719 679 lambens
2751 637 2920 691 astra,
2952 625 3235 690 Chimazra,
3266 625 3391 694 poli.

2048 691 2173 765 Illic
2196 691 2445 749 (sternunt
2478 698 2700 749 volitans
2723 713 2813 765 per
2844 698 2998 750 inane
3022 691 3273 765 ﬂuentum

2119 764 2368 833 Ignitum,
2396 766 2539 818 nullo
2576 776 2801 834 tempore
2830 770 3212 835 comprimitur.

2048 834 2185 905 Quin
2206 836 2338 903 fusis
2367 847 2585 904 augetur
2610 837 2781 905 aquis,
2810 838 3053 905 ardetque
3078 838 3294 890 subinde

2114 904 2466 972 Splendidius,
2499 904 2721 959 moritur
2752 904 2977 975 pondere
2994 924 3228 976 pressum
3256 908 3381 960 alio-

2050 975 2233 1042 Abfuit
2261 994 2292 1028 a
2316 988 2498 1029 sanrta
2520 978 2714 1043 peccati
2736 978 2915 1030 tabida
2948 978 3086 1031 labes

2132 1044 2350 1117 Virgine,
2380 1063 2468 1099 nec
2493 1048 2724 1117 divinam
2756 1049 2941 1099 imbuit
2968 1049 3201 1117 efﬁgiem.

2047 1114 2310 1169 Imbribus
2340 1118 2567 1171 assiduis
2595 1115 2847 1170 donorum
2874 1114 3059 1171 lucida
3074 1120 3299 1173 adaucta

2122 1186 2328 1250 Gratia,
2365 1198 2419 1239 ut
2445 1189 2692 1240 immitem
2721 1190 2904 1241 uicerit
2934 1190 3049 1241 inde
3081 1206 3271 1243 necem.

1976 1298 2203 1368 Reliqua
2233 1300 2346 1353 hac
2376 1310 2561 1355 nostra
2596 1315 2703 1354 una
2732 1316 2855 1355 cum
2906 1299 3194 1371 Sophronii
3232 1300 3541 1372 Hierosoly-

1975 1392 2186 1455 mitani,
2215 1392 2502 1461 Sophronii
2531 1394 2778 1447 monachi
2803 1392 3221 1463 latrosophistaa,
3245 1392 3371 1447 Elia:
3394 1392 3536 1463 Syn-

1975 1483 2119 1546 celli,
2171 1482 2449 1539 Michaelis
2493 1484 2747 1555 Syncelli,
2801 1484 2991 1555 lgnatii
3044 1486 3379 1556 grammatici
3421 1486 3537 1539 dia-

1975 1576 2119 1638 coni,
2152 1576 2592 1645 elegantissimis,
2634 1579 2891 1648 piissimis
2935 1584 2989 1633 et
3028 1577 3388 1632 melilissimis
3417 1594 3539 1631 car-

1976 1669 2235 1730 minibus.
2278 1670 2332 1722 in
2382 1671 2626 1725 eamdem
2674 1671 2977 1741 Deiparam,
3024 1671 3268 1741 aliosque
3318 1679 3536 1726 sanctos

1976 1761 2309 1815 carminibus
2337 1765 2641 1832 propediem
2672 1764 2913 1825 edemus,
2936 1764 2979 1817 si
3001 1762 3073 1816 ita
3100 1761 3237 1817 Deus
3265 1763 3536 1816 annuerit.

2045 1852 2163 1906 Col.
2198 1853 2322 1915 772,
2350 1856 2444 1907 lin.
2488 1856 2571 1909 10.
2607 1855 2902 1921 Ζητητέον
2946 1852 3015 1906 δὲ
3041 1852 3204 1922 ἡμῖν.
3237 1851 3406 1908 Vetus
3436 1852 3539 1907 fuit

1975 1943 2240 1999 dubitatio
2266 1946 2332 2000 de
2357 1945 2559 2000 Christi
2588 1946 2898 2016 genealogis
2944 1946 3011 1999 ab
3041 1945 3392 2015 evangelistis
3424 1954 3537 1998 tra-

1974 2037 2107 2099 dita,
2135 2053 2369 2107 quanam
2394 2039 2599 2092 ratione
2624 2053 2780 2107 quem
2806 2037 3089 2092 Matthasus
3113 2038 3353 2092 nominat
3371 2035 3539 2091 Jacoh

1975 2138 2253 2200 parentem
2298 2128 2515 2199 Ioseph,
2549 2128 2721 2183 Lucas
2751 2130 2983 2199 appellet
3022 2128 3169 2195 Heli;
3206 2129 3539 2183 recentiores

1974 2221 2240 2284 nonnulli,
2292 2222 2433 2275 inter
2494 2236 2589 2275 eos
2644 2219 2968 2273 Benedictus
3026 2219 3184 2273 Arias
3249 2218 3537 2275 Montanus

1975 2314 2030 2367 in
2062 2312 2375 2381 Lucae‘eap.
2409 2330 2467 2367 ιιι
2502 2312 2979 2374 Elucidationibus,
3006 2310 3119 2367 Heli
3149 2312 3397 2367 eumdem
3416 2328 3539 2368 esse

1976 2412 2163 2474 putant
2188 2412 2240 2458 et
2288 2402 2537 2457 Joachim
2559 2405 2786 2458 dictum.
2808 2402 3045 2456 Lueidus
3071 2401 3137 2457 de
3160 2404 3543 2459 emendatione

1975 2506 2275 2566 temporum
2306 2498 2446 2550 idem
2476 2496 2569 2562 ait,
2604 2495 2894 2564 subdithe
2919 2494 3163 2549 Joachim
3198 2496 3343 2550 hunc
3372 2496 3540 2551 fuisse

1975 2595 2188 2657 patrem
2221 2586 2483 2659 Virginis,
2516 2602 2761 2642 socerum
2795 2584 3015 2655 Josephi
3046 2598 3359 2659 patremque
3397 2590 3536 2659 ejus.

1978 2678 2143 2747 quod.
2178 2680 2319 2733 sicut
2350 2679 2579 2734 habetur
2600 2695 2665 2733 ex
2699 2676 2922 2733 Philone
2950 2694 3132 2748 generi
3156 2682 3276 2735 loco
3306 2681 3540 2736 ﬁliorum

1973 2769 2319 2825 haberentur.
2341 2770 2633 2825 Africanus
2667 2780 2842 2824 tamen
2878 2772 3019 2841 apud
3047 2770 3359 2839 Eusebium,
3393 2773 3537 2827 Hist.

1971 2861 2066 2915 lib.
2123 2878 2159 2926 ι,
2213 2878 2331 2932 cap.
2363 2863 2418 2926 9,
2452 2871 2506 2917 et
2537 2863 2901 2933 Nicephorum
2959 2864 3053 2916 lib.
3100 2881 3139 2927 ι,
3177 2880 3293 2935 cap.
3328 2866 3414 2927 11,
3450 2868 3537 2921 cui

1970 2948 2363 3021 Hieronymus,
2400 2953 2601 3021 aliique
2637 2951 2827 3007 Patres
2879 2953 3155 3021 astipulati
3199 2962 3355 3016 sunt,
3412 2970 3537 3009 eutn

1972 3042 2046 3095 ita
2102 3044 2507 3106 determinavit,
2550 3044 2797 3098 uterinos
2834 3044 3005 3097 fuisse
3067 3044 3263 3100 fratres
3322 3044 3441 3101 Heli
3485 3054 3539 3100 et

1900 3167 1941 3225 ο
1973 3134 2161 3197 Jacob.
2196 3145 2248 3189 et
2280 3150 2404 3189 cum
2423 3134 2541 3191 Heli
2571 3136 2773 3207 absque
2807 3139 2955 3209 prole
2977 3138 3345 3200 discessisset,
3375 3135 3536 3192 Jaco-

1978 3228 2101 3282 hum
2138 3228 2214 3282 illi
2243 3244 2425 3283 semen
2443 3228 2758 3293 suscitasse.
2785 3242 2836 3285 et
2853 3231 3102 3299 genuisse
3115 3229 3428 3300 Josephum,
3449 3230 3537 3283 cui

1977 3329 2172 3372 natura
2200 3317 2341 3372 [ilius
2374 3326 2513 3381 erat,
2545 3318 2660 3389 lege
2691 3334 2835 3381 vero,
2868 3318 3023 3386 Heli;
3058 3328 3110 3374 et
3143 3319 3218 3373 ita
3252 3320 3537 3391 utriusque

1978 3409 2120 3463 ﬁlius
2151 3416 2289 3464 erat.
2320 3409 2547 3463 ΜατΘὰν
2583 3410 2613 3462 ὁ
2650 3410 2757 3464 ἀπὸ
2791 3410 3129 3482 Σολομῶντος
3166 3411 3418 3483 ἐγέννησε
3447 3413 3539 3468 τὸν

1988 3500 2197 3554 Ἰακώϐ.
2224 3502 2448 3555 Ματθάν
2481 3502 2854 3567 ἀποθανόντος,
2886 3503 3057 3573 Μελχὶ
3081 3506 3109 3557 ὁ
3136 3504 3242 3558 ἀπὸ
3273 3503 3455 3559 Νάθαν
3476 3507 3539 3559 ὲκ
3610 3507 3613 3511 ’

1974 3588 2073 3658 τῆς
2102 3590 2268 3659 αὐτῆς
2296 3592 2551 3659 γυναικὸς
2580 3591 2832 3661 ἐγέννησε
2860 3593 2950 3645 τὸν
2995 3593 3130 3646 Ἠλῖ.
3186 3594 3539 3666 Ὀμομήτριοι

1974 3681 2080 3751 ἄρα
2113 3681 2327 3750 ἀδελφοὶ
2364 3682 2481 3734 Ἠλὶ
2509 3683 2602 3737 καὶ
2642 3682 2849 3735 Ἰακώϐ.
2892 3684 3009 3736 Ἠλὶ
3059 3684 3282 3738 ἀτέκνου
3332 3686 3537 3740 ἀποϐα-

1973 3772 2172 3833 νόντος,
2219 3773 2247 3823 ὁ
2300 3772 2489 3825 Ἰακὼό
2518 3774 2810 3842 ἀνέστησεν
2838 3775 2984 3845 αὐτῷ
3025 3776 3243 3847 σπέρμα
3276 3780 3538 3849 γεννήσας

1972 3864 2060 3915 τὸν
2100 3864 2315 3934 Ἰωσὴφ,
2347 3866 2488 3919 κατὰ
2510 3866 2667 3935 φύσιν
2696 3868 2792 3939 μὲν
2818 3868 3012 3938 ἑαυτῷ,
3043 3869 3182 3922 κατὰ
3204 3871 3363 3940 νόμον
3386 3872 3441 3925 δὲ
3461 3872 3538 3942 τῷ

1985 3954 2119 4007 Ἦλί.
2150 3956 2333 4019 Οὕτως
2362 3959 2684 4031 ἀμφοτέρων
2731 3961 2843 4025 υἱὸς
2883 3956 2949 4030 ἦν
2990 3963 3205 4031 Ἰωσήφ.
3240 3962 3377 4017 Huic
3411 3966 3535 4019 item

1974 4047 2213 4115 opinioni
2273 4049 2699 4115 laudatissimus,
2751 4059 2804 4106 et
2860 4051 3178 4106 Christiana:
3224 4055 3535 4125 reipublicae

1974 4138 2449 4206 auspicatissimus
2482 4141 2665 4197 Caesar
2705 4141 2969 4195 Baronius
3012 4143 3280 4212 Apparatu
3325 4147 3381 4195 in
3423 4145 3537 4198 An-

1973 4228 2118 4282 nales
2159 4230 2543 4285 ecclesiasticos
2577 4234 2750 4303 magis
2797 4233 3004 4299 tribuit,
3048 4250 3210 4303 quam
3250 4234 3407 4290 alteri
3451 4249 3538 4290 re-

1971 4327 2294 4381 centiorum.

2043 4418 2203 4481 lbid.,
2258 4420 2353 4472 lin.
2407 4420 2491 4473 51.
2538 4418 2807 4486 Ἰάκωϐός
2850 4438 2959 4485 τις.
3007 4419 3266 4486 Quisnam
3320 4421 3391 4477 sit
3422 4422 3512 4478 hic

1894 4502 1938 4556 D
1967 4508 2222 4573 Jacobus,
2252 4510 2342 4578 qui
2375 4510 2486 4563 [NEC
2514 4510 2579 4563 de
2615 4511 2991 4579 conceptione,
3026 4512 3326 4577 nativitate,
3360 4521 3414 4568 et
3444 4528 3533 4568 re-

1968 4600 2070 4654 bus
2097 4601 2263 4669 gestis
2301 4600 2465 4654 beatze
2495 4598 2673 4653 Mariae
2694 4598 2931 4669 Virginis
2961 4602 3310 4671 conscripsit,
3356 4604 3535 4659 adhuc

1966 4690 2177 4753 haesito,
2231 4706 2353 4743 cum
2389 4697 2442 4744 et
2473 4689 2612 4759 apud
2659 4690 2793 4744 alios
2836 4690 3044 4746 videam
3099 4702 3532 4751 controversum.

1967 4778 2240 4835 Gesnerus
2275 4782 2326 4835 in
2365 4780 2713 4845 Bibliotheca,
2773 4789 2826 4835 et
2880 4782 3115 4838 Joannes
3164 4782 3429 4840 Heroldus
3478 4787 3533 4843 in

1970 4872 2487 4943 Orthodoxagraphis
2540 4872 2742 4929 Jacoho
2818 4876 3063 4945 apostolo
3121 4876 3274 4931 fratri
3322 4876 3533 4933 Domini

1968 4973 2328 5034 cognomento
2368 4964 2525 5020 Justo
2581 4964 3076 5037 Hierosolymorum
3124 4967 3398 5037 episcopo,
3444 4971 3531 5022 cui

1967 5065 2016 5108 et
2058 5053 2301 5123 Epistula
2333 5057 2593 5110 canonica
2624 5058 2698 5110 uti
2733 5057 3003 5127 genuinus
3045 5056 3185 5112 fetus
3216 5057 3531 5119 ascribitnr,

1967 5146 2206 5201 libellum
2257 5146 2403 5201 hunc
2436 5153 2608 5217 quem
2660 5148 3118 5217 protevangelium
3171 5148 3443 5217 appellant
3504 5165 3531 5200 a

1966 5236 2235 5294 Gttllelmo
2278 5237 2515 5295 Postello
2550 5240 2603 5292 in
2648 5240 2885 5308 linguam
2915 5239 3162 5294 Latinam
3191 5256 3427 5299 versum.
3479 5251 3533 5295 et

1965 5344 2090 5383 cum
2121 5330 2343 5385 scholiis
2387 5329 2653 5384 Theodori
2704 5329 2999 5385 Bibliandri
3048 5332 3115 5385 ab
3150 5330 3391 5401 Oporino
3432 5346 3531 5385 ex-

1965 5437 2188 5477 cussum
2239 5424 2507 5487 tribuunt,
2544 5430 2739 5493 praeter
2766 5439 2979 5478 omnem
3026 5424 3312 5479 rationem.
3365 5422 3532 5477 Baro-

1964 5515 2088 5569 nius
2117 5516 2171 5569 in
2213 5515 2484 5583 Apparatu
2514 5516 2567 5569 in
2599 5515 2827 5569 Annales
2859 5514 3064 5576 eccles.,
3106 5514 3291 5569 Sixtus
3323 5513 3528 5568 Senen-

1964 5607 2062 5668 sis,
2096 5615 2149 5661 et
2180 5608 2269 5660 alii
2305 5608 2551 5660 maximas
2586 5607 2959 5662 :estimationis
2999 5607 3099 5660 viri
3130 5607 3270 5659 inter
3303 5620 3529 5677 apocry-

1963 5695 2100 5763 phos
2123 5695 2375 5764 rejieiunt
2397 5695 2581 5750 multis
2600 5695 2923 5760 rationibus,
2950 5697 3088 5751 inter
3108 5710 3202 5750 eas
3231 5697 3521 5766 praecipua.

1964 5787 2107 5857 quod
2144 5786 2595 5843 absurdissimum
2636 5784 2769 5843 illud
2822 5787 3114 5854 contineat,
3150 5782 3444 5859 Josephum
3473 5792 3531 5844 es
