4072 6338
330 328 461 382 1041

1340 324 1406 380 ιΝ
1447 323 1815 381 EUSTATHII
1863 321 2334 379 HEXAEMERON
2372 318 2599 375 NOTAE.
2668 336 2671 339 ·

3406 320 3545 375 i052

260 514 267 519 θ
327 443 521 515 tricem
555 438 777 493 Mariam
805 438 1053 495 humana:
1085 446 1307 497 naturae.
1338 454 1564 508 prorsus
1594 448 1888 509 expertem,
1918 446 1966 502 Α
1990 438 2065 492 ita
2088 436 2350 507 Origenes
2380 451 2535 505 super
2565 432 2897 498 Matthwum,
2930 448 3050 505 cap.
3088 433 3187 498 13;
3213 432 3548 504 Epiphanius

330 549 395 589 ac
431 532 629 586 divina
659 538 869 584 tantum
908 530 1226 600 participem
1271 529 1439 586 fuisse
1470 530 1741 594 dicebant,
1775 544 1897 583 cum

327 641 398 680 ex
432 624 534 677 hoc
564 621 882 684 habeamus,
916 619 1157 675 Joachim
1184 636 1308 674 cum
1331 622 1484 674 Anna
1525 620 1895 681 concubitum,

334 715 569 784 indeque
603 720 911 783 generatam
941 719 995 765 et
1045 720 1220 766 ortam
1254 710 1543 782 Virginem.
1580 709 1737 789 Certe
1758 709 1898 789 illud

332 808 508 877 angeli
549 806 753 860 dictum
778 802 1022 858 Joacbim
1056 806 1109 858 in
1140 804 1380 867 deserto,
1408 818 1543 868 uxor-
1589 812 1679 855 tua
1725 818 1900 855 conce-

330 901 429 968 pit,
460 908 751 965 antequam
794 894 1015 948 domum
1064 898 1292 957 veniret,
1326 894 1379 947 in
1428 878 1739 947 narratione
1796 892 1899 945 ista

335 1007 445 1045 non
476 991 694 1059 legitur,
735 990 842 1043 imo
871 988 1002 1043 satis
1039 996 1223 1056 aperte
1267 986 1571 1056 oppositum
1607 984 1897 1054 colligitur.

337 1082 415 1137 Ex
450 1097 558 1153 quo
608 1080 950 1134 manifestum
999 1086 1081 1132 est
1124 1079 1191 1132 ab
1246 1078 1514 1132 haereticis
1561 1076 1756 1130 librum
1804 1074 1900 1128 de-

338 1184 620 1247 pravatum
650 1180 892 1241 tempore
931 1169 1237 1239 Epiphanii,
1281 1169 1374 1239 qui
1414 1167 1601 1223 forsan
1628 1163 1901 1220 Eustathii

335 1272 581 1334 tempore
608 1264 956 1332 incorruptus
982 1268 1036 1316 et
1063 1261 1300 1317 intactus
1322 1260 1498 1315 adhuc
1521 1258 1693 1314 fuerat
1725 1271 1901 1311 reser-

339 1366 520 1411 vatus.

410 1444 529 1501 Col.
552 1447 673 1507 775,
698 1446 793 1500 lin.
821 1444 905 1498 M.
940 1443 1045 1496 Kal
1074 1439 1358 1507 ὀνομάζει.
1392 1436 1684 1505 Gregorius
1698 1434 1899 1507 Nysse-

343 1554 479 1593 nus:
498 1536 881 1607 Δυναμωθεῖσα
912 1534 967 1587 δὲ
1001 1531 1272 1602 Πνεύματι
1308 1531 1434 1600 θείῳ
1461 1530 1592 1601 πρὸς
1620 1530 1717 1599 τὴν
1744 1530 1900 1600 χάριν

342 1632 408 1701 ἢν
454 1629 683 1700 ᾔτησεν,
736 1626 858 1679 ἐπεὶ
906 1626 1087 1678 ἔτεκεν
1135 1621 1369 1685 παιδίον,
1416 1622 1692 1691 ὠνόμασεν
1735 1620 1900 1690 αὐτὴν

338 1722 596 1792 Μαριὰμ,
625 1720 697 1785 ὡς
729 1719 793 1772 ἂν
821 1718 913 1771 καὶ
938 1716 1023 1770 διὰ
1052 1716 1150 1786 τῆς
1184 1713 1492 1783 ἐπωνυμίας
1542 1711 1600 1764 τὸ
1628 1710 1898 1763 θεόσδοτον

338 1785 735 1886 διασημανθείη
787 1812 885 1881 τῆς
934 1785 1173 1880 χάριτος.
1242 1805 1645 1877 ’Δνδρυνθεῖσαν
1695 1804 1750 1856 δὲ
1804 1804 1902 1873 ήδη
1933 1785 1977 1839 Β

340 1913 441 1981 τὴν
474 1909 660 1979 κόρην,
690 1906 766 1967 ὡς
801 1903 994 1975 μηκέτι
1026 1900 1227 1955 δεῖσθαι
1258 1896 1609 1968 προσανέχειν
1640 1896 1704 1965 τῇ
1748 1893 1905 1966 θηλῇ,

344 1999 631 2054 ἀωδοῦναι
663 1995 739 2065 τῷ
777 1994 913 2065 Θεῷ.
945 1993 1037 2047 καὶ
1086 1989 1371 2063 πληρῶσαι
1423 1988 1520 2059 τὴν
1560 1984 1904 2055 ἐπαγγελίαν,

344 2091 440 2145 καὶ
474 2088 835 2161 προσαγαγεῖν
877 2084 953 2153 τῷ
1000 2082 1121 2153 νεῴ.
1162 2082 1478 2151 Hippolytus
1526 2086 1729 2148 martyr
1766 2075 1906 2145 apud

346 2183 729 2251 Nicephorum,
762 2180 798 2232 l.
819 2192 879 2238 ιι,
899 2192 1018 2246 cap.
1045 2176 1078 2229 5
1104 2194 1117 2228 :
1152 2173 1275 2227 Tres
1303 2173 1443 2240 fuere
1470 2187 1671 2224 sorores
1698 2168 1907 2222 Bethle-

344 2273 623 2333 ltemiticte,
660 2271 785 2339 ﬁlice
818 2266 1003 2320 Matan
1034 2263 1347 2326 sacerdotis,
1379 2271 1427 2314 et
1458 2260 1646 2314 Maria:
1675 2260 1917 2328 conjugis

344 2365 481 2434 ejus,
537 2362 630 2417 sub
685 2360 1000 2426 Cleopatrat,
1047 2366 1095 2410 et
1160 2354 1440 2423 Casoparis
1502 2353 1676 2406 Persa:
1730 2366 1907 2418 regno,

349 2466 475 2509 ante
502 2452 724 2507 Herodis
760 2451 1026 2519 Antipatri
1058 2448 1155 2508 ﬁlii
1190 2462 1419 2516 regnum.
1474 2443 1669 2497 Prima:
1696 2441 1904 2502 Mariae,

348 2545 587 2601 secunda:
650 2542 815 2603 Sabe,
872 2542 1037 2594 tertia:
1088 2539 1254 2593 Anna:
1304 2553 1488 2590 nomen
1540 2543 1653 2588 erat
1688 2549 1703 2585 :
1736 2533 1909 2593 nupsit

348 2641 522 2709 prima
553 2640 607 2691 in
650 2636 946 2691 Bethlehem
996 2632 1196 2695 Maria,
1225 2639 1271 2684 et
1302 2630 1492 2698 peperit
1519 2625 1780 2680 Salomem
1823 2622 1913 2673 ob-

349 2732 609 2785 stetricem
642 2744 660 2781 :
694 2728 867 2795 nupsit
899 2741 1095 2795 quoque
1123 2720 1348 2776 secunda
1384 2718 1571 2772 ibidem
1612 2717 1666 2769 in
1704 2713 1911 2768 Bethle-

347 2820 463 2877 lieiit
506 2820 658 2880 Sabe,
690 2826 959 2889 et'genutt
1010 2814 1307 2877 Elisabetlt,
1342 2796 1517 2879 nupsit
1563 2817 1820 2877 postremo
1862 2814 1910 2858 et

354 2915 507 2966 tertia
547 2911 698 2965 Anna
754 2912 807 2963 in
859 2919 1001 2962 terra
1053 2905 1301 2970 Galila’a,
1333 2913 1380 2957 et
1407 2900 1624 2971 protulit
1681 2897 1912 2951 Mariam

356 3003 451 3057 Dei
488 3003 823 3073 genitricem,
877 3015 940 3054 ea:
980 3015 1081 3068 qua
1128 2996 1273 3049 nobis
1325 3004 1478 3048 natus
1523 3001 1599 3046 est
1645 2989 1906 3044 Christus.

354 3096 562 3163 Quibus
581 3093 771 3148 refellit
795 3091 1058 3145 Baronius
1085 3104 1268 3143 eorum
1296 3085 1616 3141 sententiam
1650 3082 1741 3151 qui
1763 3080 1913 3134 dixe-

356 3194 482 3241 runt
505 3184 560 3239 S.
584 3186 791 3237 Annam
819 3182 977 3237 tertio
993 3187 1234 3249 nuptam,
1254 3185 1307 3232 et
1336 3175 1579 3244 singulas
1600 3188 1663 3227 ex
1688 3169 1913 3241 singulis

356 3280 487 3333 viris
516 3276 769 3349 genuisse
802 3276 959 3338 filias,
987 3280 1041 3327 et
1068 3286 1253 3325 eorum
1284 3268 1374 3337 qui
1404 3266 1585 3320 conati
1606 3275 1732 3318 sunt
1765 3276 1914 3316 asse-

355 3388 505 3432 rere,
528 3386 593 3423 ex
623 3368 808 3422 eodem
852 3367 969 3419 viro
1003 3362 1246 3417 Joacbim
1294 3367 1402 3414 tres
1442 3357 1717 3428 peperisse
1756 3354 1913 3407 tilias.

430 3459 587 3522 lbid.,
642 3458 736 3510 lin.
774 3455 858 3510 i6.
916 3451 1256 3521 Γενομένης
1302 3449 1369 3501 δὲ
1407 3446 1612 3514 αὐτῆς.
1675 3443 1912 3497 Evodius

356 3552 650 3621 episcopus
698 3547 1074 3601 Autiocheuus
1106 3541 1246 3612 apud
1296 3539 1680 3607 Nicephorum,
1716 3536 1809 3591 lib.
1854 3550 1914 3597 ιι,

356 3659 460 3713 cap
518 3630 591 3697 δέ
620 3638 857 3694 Trimula
890 3654 1007 3692 cum
1047 3643 1177 3690 esset
1212 3634 1264 3686 in
1297 3631 1538 3699 templum
1570 3626 1914 3698 prwsentata,’

358 3734 434 3787 ibi
476 3733 529 3785 in
558 3730 766 3786 Sanctis
817 3737 1117 3783 sanctorum
1166 3723 1399 3777 traduxit
1456 3737 1619 3774 annos
1660 3718 1915 3783 undecim,

357 3823 543 3879 deinde
578 3839 694 3877 vero
744 3820 1073 3876 sacerdotum
1117 3816 1355 3870 manibus
1404 3812 1595 3880 Joseph
1641 3810 1707 3863 ad
1747 3819 1920 3862 custo-

356 3916 504 3969 diam
533 3924 610 3968 est
643 3912 860 3976 tradita,
909 3910 1045 3980 apud
1076 3926 1224 3980 quem
1261 3923 1377 3960 cum
1412 3921 1608 3959 menses
1645 3901 1917 3971 peregisset

357 4016 606 4080 quatuor,
642 4006 706 4058 ab
739 4005 919 4075 angelo
946 4004 1119 4057 laetum
1151 3998 1285 4053 illud
1316 3998 1509 4066 accepit
1544 3990 1919 4048 nuntium.Pe—

357 4102 491 4171 perit
514 4109 685 4154 autem
719 4099 863 4152 illius
901 4094 1077 4149 mundi
1105 4093 1313 4157 Lucem,
1353 4106 1546 4145 annum
1577 4103 1730 4157 agens
1772 4085 1921 4156 quin-

358 4193 637 4255 decimum,
670 4191 911 4243 vicesima
931 4189 1113 4258 quinta
1142 4185 1225 4239 die
1250 4185 1435 4238 mensis
1468 4180 1781 4235 Decembris.
1801 4175 1921 4230 Tri-

360 4285 564 4340 mulam
616 4282 723 4335 Deo
753 4282 985 4335 oblatam
1014 4277 1289 4349 Virginem
1322 4283 1514 4346 praeter
1552 4270 1917 4334 Eustathium,

361 4386 417 4434 et
456 4374 741 4438 Evodium,
794 4373 933 4427 idem
983 4372 1222 4427 sentiunt
1268 4367 1560 4436 Gregorius
1618 4364 1699 4417 De.
1722 4360 1923 4417 Christi

2000 531 2248 586 adversus
2293 528 2888 592 Antidicomarianitas;
2924 526 3192 582 Eusebius
3229 528 3322 582 lib.
3367 545 3404 583 ιι
3447 526 3550 581 Ec-

1999 622 2121 675 cles.
2154 622 2365 683 histor.,
2390 634 2510 687 cap.
2542 616 2985 687 l;Nicepliorus,
3016 618 3108 672 lib.
3132 632 3191 682 ιι,
3222 632 3343 688 cap.
3377 619 3428 682 5,
3456 618 3546 673 ubi

1998 713 2158 768 etiam
2191 711 2354 765 refert
2390 710 2731 781 Hippolytum
2765 709 3006 778 ejusdem
3042 711 3323 764 sententiae
3360 717 3549 763 aucto-

2000 821 2142 869 rem;
2192 802 2484 872 Gregorius
2556 802 2852 873 Nyssenus.
2904 804 2979 857 De
3024 811 3298 857 resurrect.
3352 801 3551 855 Christi

1999 896 2275 959 homil.2;
2321 893 2639 965 Euthymius
2684 896 2737 947 in
2785 893 3024 947 Matt/imi
3074 909 3188 960 cap.
3228 909 3339 958 xu;
3374 891 3554 946 OEcu-

2000 988 2216 1042 menius
2246 1003 2400 1055 super
2433 986 2527 1056 Ep.
2573 988 2640 1040 ad
2676 984 2794 1042 Gal.
2840 1003 2959 1058 cap.
2993 1003 3041 1055 1;
3072 985 3369 1057 Theophyl.
3402 1002 3554 1047 super

2000 1078 2332 1141 Matt/neum,
2372 1094 2491 1148 cap.
2522 1093 2636 1141 xm,
2685 1087 2737 1133 et
2776 1080 2966 1147 repetit
2995 1093 3045 1132 c.
3087 1093 3271 1143 xxvii;
3313 1077 3552 1133 Hilarius

2000 1172 2344 1225 comment.in
2376 1170 2592 1234 Matt/1.,
2615 1186 2738 1224 can.
2777 1172 2825 1233 i;
2852 1170 3170 1225 Ambrosius
3198 1171 3250 1224 in
3281 1168 3450 1239 Epist.
3482 1168 3551 1222 ad

2002 1262 2180 1318 Galat.
2232 1278 2351 1333 cap.
2397 1279 2434 1326 ι,
2481 1271 2535 1318 et
2577 1262 2884 1331 Cajctanus,
2951 1263 3185 1318 ibidemJ
3230 1261 3550 1332 Oppositum

2002 1370 2222 1411 sensere
2268 1354 2624 1425 Hieronymus
2651 1354 2896 1413 adversus
2950 1354 3268 1417 Helvidium,
3298 1354 3555 1425 Augusti-

2001 1460 2138 1508 nus,
2193 1460 2357 1499 serm.
2410 1445 2477 1497 14
2526 1445 2579 1497 in
2612 1442 2908 1498 Nativitate
2943 1443 3186 1509 Domini,
3222 1444 3363 1499 Beda
3401 1458 3555 1511 super

2002 1553 2116 1606 cap.
2156 1553 2206 1590 γι
2248 1535 2438 1601 Marci,
2481 1542 2533 1590 et
2583 1536 2673 1589 alii
2718 1536 3047 1592 recentiores
3107 1537 3199 1607 qui
3261 1534 3554 1592 secundam

2003 1629 2324 1684 sententiam
2350 1668 2364 1691 ,
2396 1637 2653 1698 tanquam
2710 1629 2881 1699 magis
2917 1629 3247 1699 probabilem
3306 1636 3360 1683 et
3406 1642 3559 1682 rece-

2003 1721 2488 1790 ptamdel’endunt.
2523 1720 2639 1775 Non
2678 1730 2761 1777 est
2792 1733 2967 1777 tamen
3023 1722 3230 1777 silenda
3280 1721 3558 1776 temeritas

2004 1820 2057 1867 et
2101 1813 2432 1882 impudentia
2480 1814 2535 1867 in
2583 1820 2801 1868 sanctos
2853 1813 3041 1870 Patres
3085 1812 3310 1868 Gerardi
3377 1810 3560 1867 Vossii

2006 1906 2158 1977 {quid
2187 1906 2330 1960 enim
2364 1905 2415 1959 id
2445 1904 2653 1960 facinus
2682 1904 2981 1959 Libertatem
3005 1902 3418 1974 appellem),qui
3450 1902 3561 1972 pri-

2008 2014 2149 2053 mam
2181 1997 2535 2075 assertionem
2569 2012 2735 2051 ausus
2766 1996 2836 2049 sit
2859 2008 3077 2075 vocare,
3101 2008 3209 2047 non
3240 1993 3372 2048 satis
3405 1993 3552 2062 piam

2007 2107 2107 2146 nec
2138 2091 2512 2153 orthodoxam,
2547 2097 2934 2159 portentosum,
2980 2083 3554 2157 impudentiusculum,

2008 2195 2071 2235 ac
2100 2180 2281 2235 minus
2324 2186 2559 2241 cautam,
2612 2187 2772 2247 prout
2828 2177 3062 2231 humana
3116 2175 3388 2231 interdum
3457 2172 3563 2227 fert

2008 2272 2294 2342 fragilitas,
2326 2270 2470 2340 quod
2516 2269 2971 2339 praestantissimi,
3005 2283 3068 2322 ac
3110 2265 3412 2321 doctissimi
3448 2264 3554 2320 viri

2008 2362 2332 2432 quandoque
2360 2360 2676 2435 dormitant,
2707 2359 2876 2415 fuisse
2932 2359 3013 2415 sic
3057 2358 3279 2421 dictam,
3308 2357 3395 2412 vel
3421 2356 3562 2411 scri-

2010 2464 2175 2525 ptam.
2202 2454 2431 2523 Ideoque
2483 2469 2785 2508 sermonem
2828 2453 2884 2506 in
2925 2451 3406 2506 Annuntiationem
3438 2464 3565 2504 san-

2010 2547 2265 2602 ctissiuue
2284 2546 2374 2601 Dei
2392 2546 2678 2601 Genilricis
2701 2544 2881 2599 Maria:
2900 2545 2992 2615 qui
3013 2544 3200 2614 incipit
3232 2558 3247 2595 :
3276 2542 3446 2596 Πάλιν
3470 2557 3566 2613 χα-

2013 2639 2108 2706 ρᾶς
2151 2638 2458 2706 εὐαγγέλια,
2500 2638 2657 2691 πάλιν
2683 2635 2988 2707 ἐλευθερίας
3026 2636 3334 2707 μηνύματα,
3369 2634 3566 2705 saepius

2012 2730 2114 2785 sub
2140 2728 2367 2785 Joannis
2409 2728 2782 2799 Chrysostomi
2841 2728 3059 2783 nomine
3102 2726 3428 2797 evulgatum,
3454 2733 3508 2780 ct
3534 2738 3567 2778 a

2012 2818 2366 2888 Lipomauno,
2393 2816 2593 2872 Davide
2632 2816 2959 2879 lioeschelio,
3010 2824 3065 2871 et
3118 2817 3257 2881 aliis,
3291 2816 3405 2886 ipse
3439 2828 3567 2885 pro-

2013 2919 2129 2982 pter
2156 2913 2293 2966 hanc
2326 2910 2634 2979 Opinionem
2659 2910 2723 2965 de
2745 2909 2999 2980 Josepho,
3027 2915 3079 2963 et
3106 2924 3165 2963 re
3188 2909 3377 2962 uxoria
3395 2907 3566 2977 ipsius

2014 3010 2282 3056 anteacta
2339 3009 2594 3070 tanquam
2646 3000 2923 3069 indignam
2971 3000 3380 3069 Chrysostomo,
3429 2994 3564 3050 Gre-

2016 3093 2167 3163 gorio
2232 3091 2637 3163 Thaumaturgo
2703 3090 2946 3146 ascribit.
3006 3088 3323 3152 Considera,
3373 3087 3565 3149 lector,

2018 3193 2248 3241 mentem
2311 3186 2556 3241 hominis.
2600 3197 2866 3252 aversam,
2911 3198 3241 3256 perversam.
3293 3180 3567 3235 Assertio—

2016 3294 2160 3342 nem,
2195 3293 2356 3347 quam
2386 3277 2600 3347 dignam
2631 3285 2814 3332 censet
2867 3283 2945 3330 tot
2993 3290 3057 3329 ac
3098 3275 3261 3329 tantis
3316 3272 3568 3328 Patribus

2016 3370 2217 3426 Gracis
2253 3379 2305 3425 et
2354 3370 2593 3439 Latinis,
2640 3370 2916 3440 indignam
2951 3376 3109 3423 vocat
3154 3366 3564 3438 Chrysostomo.

2020 3461 2076 3516 Si
2104 3464 2207 3518 hoc
2236 3478 2480 3518 asserere
2538 3478 2647 3517 non
2711 3470 2795 3517 est
2844 3460 3229 3527 orthodoxum,
3254 3462 3348 3513 sed
3377 3472 3567 3529 parum

2018 3555 2186 3625 pium,
2222 3563 2619 3624 portentosum,
2681 3552 3255 3622 impudentiusculum,
3289 3565 3351 3604 ac
3385 3550 3569 3605 minus

2018 3656 2235 3701 cautum
2288 3648 2344 3701 in
2402 3646 2808 3717 Chrysostomo,
2862 3644 3132 3715 quomodo
3176 3645 3344 3714 pium,
3383 3641 3571 3698 ortho-

2017 3737 2237 3799 doxum,
2277 3737 2534 3807 prudens,
2566 3746 2805 3802 cautum,
2848 3752 2912 3791 ac
2945 3736 3163 3793 minime
3196 3740 3571 3805 portentosum

2020 3830 2074 3882 in
2104 3828 2536 3900 Gregorio?ego,
2568 3845 2634 3884 ne
2660 3830 2711 3884 in
2748 3837 2826 3883 tot
2859 3826 3049 3883 Patres
3073 3827 3302 3897 injurius
3339 3842 3458 3883 esse
3491 3823 3573 3881 vi-

2019 3920 2195 3982 derer,
2228 3921 2505 3976 redderem
2534 3920 2727 3976 Vossio
2785 3921 2947 3975 verba
2979 3935 3109 3986 sua;
3140 3919 3232 3974 sed
3283 3918 3448 3990 quid?
3496 3919 3571 3973 ita

2020 4029 2165 4067 nunc
2207 4030 2323 4067 mos
2365 4015 2536 4083 viget;
2568 4014 2640 4066 ita
2694 4029 2838 4067 nunc
2880 4012 3282 4074 servitiumest,
3329 4009 3573 4080 profecto

2020 4106 2213 4160 modus
2247 4106 2430 4160 haberi
2465 4120 2573 4159 non
2612 4113 2806 4174 potest.

2090 4194 2249 4256 lbid.,
2282 4196 2377 4250 lin.
2401 4196 2489 4248 55.
2523 4197 2628 4248 Kal
2653 4199 2683 4249 ὁ
2702 4195 3027 4263 ἀρχιερεύς.
3060 4192 3351 4264 Gregorius
3376 4190 3573 4263 Nysae-

2021 4307 2157 4347 nus:
2192 4291 2326 4353 Τοὺς
2347 4290 2402 4342 δὲ
2424 4292 2583 4358 ἱερεῖς
2607 4289 2741 4352 τέως
2769 4289 2865 4358 μὲν
2887 4288 3005 4341 καθ’
3034 4288 3319 4360 ὁμοιότητα
3348 4287 3440 4340 τοῦ
3473 4287 3575 4340 Σα-

2025 4382 2194 4454 μουὴλ
2218 4384 2273 4434 ὲν
2294 4385 2402 4443 τοῖς
2440 4382 2611 4449 ἁγίοις
2640 4380 2959 4451 ἀνατρέφειν
2980 4380 3075 4451 τὴν
3114 4379 3297 4432 παῖδαο
3329 4376 3576 4449 αὐξηθεί-

362 4468 654 4527 nativitute,
688 4463 924 4518 Joannes
977 4462 1340 4515 Daluasccnus
1368 4457 1442 4509 De
1474 4455 1575 4525 [ide
1605 4452 1913 4515 orthodoxa,

2024 4452 2123 4545 σης
2152 4452 2239 4536 δὲ,
2285 4472 2475 4544 βουλὴν
2519 4474 2761 4541 ἀγαγεῖν,
2811 4473 2839 4524 ὃ
2882 4489 2933 4524 τι
2979 4472 3293 4541 ποιήσαντες
3333 4469 3391 4522 τὸ
3437 4468 3575 4537 ἱερὸν

364 4561 529 4630 capit.
569 4560 654 4623 l3,
688 4556 933 4612 Andreas
979 4553 1255 4609 Cretensis
1288 4564 1536 4606 sermone
1569 4547 1644 4600 De
1676 4546 1921 4612 Deipara,

363 4654 665 4708 Germanus
698 4663 947 4705 sermone
974 4646 1049 4699 De
1083 4643 1510 4702 Prwsentatione,
1530 4637 1803 4708 Georgius
1834 4637 1927 4689 Ni-

365 4739 726 4796 comediensis
767 4737 840 4791 De
872 4734 1284 4789 Prwsentatione
1306 4771 1321 4796 ,
1364 4730 1641 4784 Cedrenus
1690 4729 1744 4781 in
1773 4726 1927 4781 Com-

366 4831 551 4901 pendio
583 4829 832 4883 Historia:
860 4837 911 4881 et
939 4827 1051 4880 alii.
1080 4822 1485 4878 Observandum
1526 4828 1579 4875 et
1606 4819 1759 4882 illud,
1782 4820 1924 4874 beat.

370 4921 646 4993 Virginem
716 4936 778 4975 ex
840 4926 1026 4973 nostro
1095 4916 1377 4972 Eustatbio
1430 4915 1597 4967 multo
1652 4912 1925 4982 juniorem

366 5014 642 5070 Christum
678 5012 971 5083 peperisse,
1005 5024 1165 5081 quam
1194 5008 1423 5063 voluerit
1456 5004 1693 5061 Evodius
1731 5011 1786 5058 et
1811 5005 1925 5071 alii,

369 5103 437 5159 de
464 5105 663 5175 quibus
690 5104 777 5157 hic
813 5118 971 5172 agere
998 5117 1107 5156 non
1146 5108 1229 5156 est
1259 5103 1540 5171 praesentis
1564 5102 1786 5173 negotii.

441 5194 596 5257 lbid.,
626 5193 719 5246 lin.
751 5192 840 5248 2‘2.
889 5192 996 5246 Τοῦ
1021 5192 1171 5245 λαοῦ
1201 5193 1360 5258 τούς.
1396 5191 1663 5263 Josephus
1691 5190 1927 5248 sanctis-

372 5288 526 5343 sima:
552 5284 790 5356 Virginis
815 5301 1047 5354 sponsus
1074 5286 1389 5355 bigamusne
1408 5286 1589 5349 fuerit,
1621 5302 1691 5339 an
1711 5284 1926 5360 caelebs,

372 5382 598 5449 antiqua
627 5387 711 5433 est
741 5378 794 5432 in
832 5377 1076 5433 Ecclesia
1105 5378 1370 5431 catholica
1421 5378 1671 5447 quaestio,
1699 5378 1762 5431 ad
1790 5378 1930 5433 hanc

373 5485 548 5539 usque
594 5469 751 5523 diem.
786 5468 951 5523 variis
1005 5469 1060 5522 in
1107 5474 1393 5538 utramque
1453 5478 1662 5539 partem
1707 5467 1929 5523 Patrum

372 5561 704 5617 testimoniis
733 5560 954 5631 agitata.
988 5558 1232 5614 Celebris
1257 5559 1399 5629 apud
1420 5560 1657 5624 Graecos,
1692 5576 1792 5615 nec
1819 5575 1930 5614 non

311 5669 321 5678 ·
375 5650 689 5707 Latinorum
713 5652 1006 5708 nonnullos
1036 5651 1136 5705 fuit
1180 5650 1363 5721 opinio
1407 5668 1529 5707 eum
1580 5653 1749 5708 fuisse
1780 5652 1930 5724 biga-

378 5760 545 5813 tnum,
582 5752 645 5801 et.
664 5745 838 5802 aliam.
873 5755 997 5801 ante
1054 5743 1335 5815 Virginem
1363 5744 1621 5803 habuisse
1677 5761 1922 5803 uxorem.

2026 4569 2202 4621 ἐκεῖνο
2238 4565 2413 4635 σῶμα,
2460 4564 2558 4617 οὐκ
2602 4565 2666 4616 ἂν
2707 4566 2785 4625 είς
2816 4563 2903 4616 τὸν
2938 4562 3067 4615 Θεὸν
3100 4562 3468 4631 ὲξαμὰρτοιεν.
3504 4558 3577 4611 Τὸ

2030 4658 2127 4728 μὲν
2159 4657 2267 4727 γὰρ
2301 4655 2589 4721 ὑποζεῦξαι
2617 4654 2694 4724 τῷ
2724 4654 2870 4725 νόμῳ
2899 4654 2995 4723 τῆς
3029 4653 3259 4722 φύσεως,
3290 4653 3383 4706 καί⁸
3414 4668 3579 4705 κατα·

2025 4748 2286 4800 δουλῶσαι
2313 4746 2481 4818 αὐτὴν
2512 4747 2596 4800 διὰ
2630 4745 2717 4799 τοῦ
2743 4746 2916 4816 γάμου
2946 4744 3023 4815 τῷ
3056 4746 3303 4816 ἀγομένῳ
3321 4744 3429 4797 τῶν
3461 4745 3581 4797 ἀτο-

2027 4841 2287 4894 πωτάτων
2324 4840 2525 4893 ἐδόκει.
2570 4838 2861 4911 Ἰεροσυλία
2899 4836 3012 4909 γὰρ
3045 4836 3305 4908 ἄντικρυς
3324 4835 3578 4906 ἐνομίσθη

2028 4930 2169 4984 θείου
2198 4929 2542 5001 ἀναθήματος
2561 4928 2841 4998 ἄνθρωπον
2862 4927 3110 4996 γενέσθαι
3131 4927 3334 4997 κύριον.
3365 4926 3581 4995 Ἐπειδὴ

2028 5019 2299 5091 κυριεύειν
2331 5024 2394 5073 ὲκ
2414 5020 2522 5072 τῶν
2548 5018 2721 5087 νόμων
2743 5020 2770 5071 ὁ
2793 5017 2928 5088 ἀνὴρ
2962 5016 3162 5087 ἐτάχθη
3187 5017 3283 5087 τῆς
3304 5015 3580 5085 γυναικός.

2028 5111 2099 5165 Τὸ
2127 5112 2185 5165 δὲ
2211 5115 2321 5175 τοῖς
2354 5111 2587 5182 ἱερεῦσιν
2612 5109 2760 5173 ὲντδς
2779 5109 2885 5162 τῶν
2906 5110 3213 5181 ἀνακτόρων
3239 5105 3586 5177 συναναστρέ-

2030 5204 2222 5273 φεσθαι
2248 5207 2528 5273 γυναῖκας,
2561 5204 2652 5257 καὶ
2680 5204 2736 5256 ὲν
2757 5207 2868 5266 τοῖς
2901 5204 3073 5272 ἁγίοις
3105 5202 3327 5274 ὁρᾶσθαι
3348 5199 3469 5255 οὔτε
3496 5199 3583 5253 νό-

2032 5311 2194 5365 μιμον
2214 5290 2301 5365 ἦν,
2326 5294 2415 5347 καὶ
2438 5294 2552 5363 ἅμα
2570 5293 2645 5363 τῷ
2667 5294 2950 5364 πράγματι
2972 5293 3049 5364 τῷ
3068 5293 3260 5365 σεμνὸν
3280 5293 3339 5346 οὐ
3358 5290 3582 5362 προσῆν.

2030 5379 2444 5451 Βουλευομένοις
2484 5379 2538 5431 δὲ
2571 5380 2749 5442 αὐτοῖς
2789 5379 3139 5450 περὶτούτων
3174 5377 3353 5430 θεόθεν
3379 5375 3586 5444 γίνεται

2032 5470 2305 5541 συμϐουλὴ
2333 5468 2511 5523 δοῦναι
2544 5469 2641 5540 μὲν
2662 5468 2828 5540 αὐτὴν
2855 5468 3006 5539 ἀνδρὶ
3031 5468 3319 5539 μνηστείας
3342 5465 3582 5535 ὀνόματι⁸

2029 5560 2214 5615 τοῦτον
2245 5561 2300 5613 δὲ
2331 5559 2566 5614 τοιοῦτον
2590 5557 2747 5624 εἶναι,
2783 5554 2891 5614 οἷον
2916 5560 3049 5630 πρὸς
3078 5557 3315 5627 φυλακὴν
3339 5555 3437 5625 τῆς
3457 5570 3589 5625 παρ-

2031 5651 2209 5715 θενίας
2253 5651 2569 5722 ἐπιτηδείως
2613 5651 2777 5722 ἔχειν.
2828 5649 3038 5721 Εὑρέθη
3077 5650 3251 5702 τοίνυν
3287 5647 3315 5700 ὁ
3368 5642 3585 5717 Ἰωσὴφ,

2029 5738 2135 5797 οἷον
2174 5742 2421 5815 ἐπεζήτει
2462 5746 2488 5798 ὁ
2520 5743 2694 5813 λόγος,
2744 5745 2806 5796 ὲκ
2849 5742 2949 5812 τῆς
2992 5741 3156 5811 αὐτῆς
3204 5738 3372 5810 φυλῆς
3405 5754 3461 5790 τι
3497 5737 3589 5787 καὶ
