4072 6338
522 334 659 398 1685

1840 327 2080 387 LEONIS
2113 326 2381 383 ALLA'I‘ll

3591 324 3733 379 10M

519 455 754 526 πατριᾶς
772 455 838 524 τῇ
868 451 1143 524 Παρθένῳ,
1173 451 1267 505 καὶ
1298 450 1584 522 μνηστεύει
1612 447 1751 503 κατὰ
1771 445 2074 518 συμϐουλὴν
2101 446 2149 504 Α
2172 442 2729 516 δυναστευόμενος,ὼς
2756 447 2813 499 ὲν
2833 447 2899 516 τῇ
2923 445 3149 516 δυνάμει
3174 442 3338 498 αὐτοῦ
3367 435 3507 498 εἶναι
3539 439 3731 512 καινὴν

517 545 627 599 τῶν
661 544 845 615 ἱερέων
874 540 1049 613 ἑαυτῷ
1075 540 1172 613 τὴν
1203 540 1384 598 παῖδα.
1427 541 1492 595 Ἦ
1528 541 1585 595 δὲ
1618 540 1878 609 συνάφεια
1918 538 2077 610 μέχρι

523 634 812 708 μνηστείας
859 630 948 706 ἦν.
999 633 1130 687 Τότε
1180 636 1610 705 μυσταγωγεῖται
1652 622 1800 703 παρὰ
1835 631 1927 685 τοῦ
1970 631 2075 705 Γα-

520 726 680 800 ὄριὴλ
708 729 740 798 ἠ
764 725 1055 797 Παρθένος.
1092 724 1210 780 Νοη
1239 726 1525 795 dissimilia
1556 725 1717 781 habet
1738 722 2075 795 Epiphanius

515 820 765 875 adversus
795 817 1376 884 Antidicomarianitas,
1407 824 1460 873 et
1491 817 1661 873 alibi.”

589 912 834 978 601.775,
854 914 952 968 lin.
973 912 1060 967 55.
1084 912 1193 965 Kal
1212 908 1573 965 καταλιπών.
1589 907 1691 963 Alii
1708 924 1820 963 rem
1847 908 2073 962 hancila

519 996 762 1058 narrant.
796 1003 1127 1072 Desponsata
1150 998 1313 1071 Virgo
1343 998 1659 1070 parentibus
1682 998 1945 1061 redditur,
1974 997 2070 1073 qui

517 1108 637 1149 eam
685 1093 903 1148 domum
948 1092 1228 1155 reducant,
1254 1099 1307 1147 et
1334 1078 1455 1162 qua:
1500 1090 1565 1145 ad
1601 1090 1814 1145 futuras
1855 1090 2071 1159 nuptias

519 1188 648 1241 sont
696 1185 1004 1241 necessaria
1052 1192 1371 1254 praeparent.
1417 1181 1578 1251 Erant
1621 1181 1891 1252 sponsalia
1921 1182 2072 1251 ejus-

517 1277 665 1332 modi
699 1277 841 1347 apud
874 1276 1148 1343 Hebraeos,
1193 1292 1300 1331 non
1338 1275 1565 1330 minoris
1605 1275 1857 1329 momenti
1906 1289 2068 1344 quam

516 1368 650 1438 ipsa
685 1370 909 1440 nuptiae,
943 1376 1000 1423 ut
1029 1376 1219 1437 auctor
1247 1373 1329 1422 est
1376 1365 1551 1432 Philo,
1579 1366 1624 1420 si
1652 1366 1867 1435 quidem
1898 1366 1951 1420 in
1982 1380 2071 1420 so-

517 1459 687 1513 lemni
745 1460 1042 1513 amicorum
1086 1440 1352 1512 conventu
1411 1456 1590 1509 mariti
1632 1456 1922 1524 uxorisque
1973 1470 2070 1509 no-

517 1550 664 1605 mina
694 1550 1071 1606 scribebantur
1111 1548 1163 1602 in
1197 1547 1415 1621 tabulis,
1441 1555 1495 1601 et
1525 1545 1571 1600 si
1601 1546 1730 1617 quid
1787 1560 1984 1616 Sponsa
2015 1546 2068 1599 in

515 1643 677 1697 domo
698 1650 918 1713 paterna
968 1657 1192 1713 manens
1245 1641 1583 1711 deliquisset,
1613 1654 1765 1709 aeque
1798 1639 2068 1709 plecteba—

515 1742 624 1797 tur,
661 1749 725 1789 ac
754 1742 949 1805 nupta;
984 1741 1041 1807 ut
1074 1734 1340 1804 lapidibus
1377 1724 1719 1795 Obrueretur,
1751 1731 1796 1785 si
1816 1730 2065 1786 adulterii

515 1840 605 1881 rea
622 1826 837 1881 iuventa
862 1833 1022 1896 esset.
1048 1824 1269 1879 Mariam
1308 1830 1487 1886 autem
1515 1824 1761 1895 nuntium
1789 1823 1855 1877 ab
1876 1823 2066 1892 angelo

513 1919 837 1990 suscepisse,
871 1918 997 1973 dum
1048 1919 1224 1974 adhuc
1265 1927 1502 1972 maneret
1541 1918 1596 1971 in
1633 1916 1793 1970 domo
1822 1924 2064 1985 paterna.

582 2010 700 2066 Col.
728 2011 851 2077 776,
878 2011 974 2086 lin.
995 2011 1047 2065 5.
1080 2012 1181 2065 Ἐν
1202 2006 1291 2077 οἷς
1317 2010 1414 2066 καὶ
1439 2010 1562 2064 τόν.
1584 2008 1789 2064 Similia
1812 2008 1878 2063 de
1900 2023 2064 2062 causa

511 2104 663 2159 necis
692 2103 969 2158 Zachariae
1000 2103 1252 2174 leguntur
1289 2103 1431 2175 apud
1481 2101 1702 2158 Petrum
1750 2102 2064 2171 episcopum

511 2195 935 2252 Alexandrinum
965 2204 1018 2250 et
1065 2204 1350 2267 martyrem
1387 2195 1444 2249 in
1474 2193 1592 2250 suis
1644 2193 1855 2264 Regalis
1903 2192 2066 2246 eccle-

511 2286 773 2358 siasticis,
814 2300 950 2355 quas
982 2285 1182 2355 recepit
1225 2293 1388 2355 atque
1423 2283 1669 2355 probavit
1710 2288 1861 2338 sexta
1909 2296 2063 2354 syno«

510 2377 634 2440 dus,
667 2391 789 2447 cap.
823 2368 872 2443 1³,
898 2375 1039 2446 apud
1068 2374 1411 2432 Theodorum
1443 2375 1840 2430 Balsamonem.

579 2468 750 2546 Ibid.,‘
772 2468 868 2523 lin.
901 2468 988 2523 5i.
1020 2471 1140 2524 Οὐκ
1169 2465 1352 2535 εἶδον,
1376 2469 1429 2522 εί
1448 2466 1535 2538 μὴ
1567 2466 1632 2520 τὸ
1665 2463 1745 2521 αἶ.
1779 2465 2065 2521 Tertullia-

512 2576 637 2625 nus,
671 2561 724 2625 in
757 2559 1060 2628 Scorpiaco,
1092 2575 1212 2631 cap.
1257 2560 1291 2617 8
1323 2579 1338 2616 :
1382 2558 1671 2615 Zacharias
1709 2559 1854 2613 intra
1895 2557 2065 2613 altare

509 2663 560 2706 et
595 2634 756 2727 aedem
797 2637 1116 2719 trucidatur,
1168 2666 1411 2721 perennes
1456 2651 1657 2705 cruoris
1704 2651 1788 2704 sui
1828 2651 2063 2703 maculas

512 2742 746 2798 silicibus
769 2744 1045 2818 assignans
1066 2760 1088 2809 ;
1112 2751 1167 2799 et
1186 2734 1457 2817 ‘Baronius
1492 2742 1705 2811 scribit,
1735 2757 1793 2798 se
1820 2742 2065 2812 aliquan-

513 2837 584 2891 do
618 2835 871 2892 incidisse
900 2838 955 2891 in
999 2836 1278 2907 antiquum
1323 2834 1561 2902 codicem
1596 2850 1759 2901 manu
1800 2834 2061 2905 scriptum

517 2928 750 3001 positum
794 2928 847 2982 in
881 2927 1204 2983 bibliotheca
1237 2925 1498 2993 Vaticana
1529 2925 1607 2981 De
1651 2926 2064 2996 peregrinatione

514 3008 583 3075 ad
630 3021 746 3094 loca
782 3030 966 3075 sancta
996 3037 1016 3075 :
1062 3021 1117 3075 in
1148 3035 1256 3090 quo
1286 3018 1473 3075 eadem
1525 3017 1592 3074 de
1635 3018 1909 3087 Zachariae
1937 3033 2064 3074 san-

509 3112 675 3185 guine
705 3112 976 3183 lapidibus
1020 3112 1203 3196 templi
1246 3111 1522 3201 indelebili
1571 3118 1698 3165 nota
1746 3110 2060 3174 inhaerente,
2088 3142 2133 3203 α

502 3211 661 3273 certa
702 3203 803 3280 [ide
831 3190 1161 3279 consignata
1187 3190 1367 3270 erant.
1397 3201 1736 3277 Itinerarium
1769 3204 1895 3257 item
1925 3200 2063 3256 Bur-

510 3291 797 3366 clegalense
823 3312 836 3347 :
872 3294 938 3362 In
978 3312 1238 3349 marmore
1267 3303 1387 3348 ante
1428 3311 1576 3348 aram
1603 3295 1915 3371 sanguinem.
1943 3291 2066 3346 Za-

511 3379 728 3460 charite,
754 3385 828 3439 ibi
851 3385 997 3439 dicas
1027 3385 1177 3439 hodie
1204 3385 1401 3454 fusum,
1432 3385 1591 3439 etiam
1636 3393 1819 3452 parent
1852 3383 2064 3461 vestigia

510 3474 764 3538 militum,
793 3475 882 3544 qui
909 3492 1025 3529 eum
1056 3475 1383 3529 trucidarunt
1409 3476 1462 3529 in
1498 3481 1670 3530 totam‘
1689 3491 1864 3529 aream
1891 3484 2065 3544 utpote

512 3569 567 3619 in
592 3582 711 3638 cera
728 3552 893 3638 [itum
917 3584 1047 3622 esse.
1070 3566 1390 3640 Hippolytus
1420 3566 1708 3633 Thebanus
1733 3566 1786 3620 in
1811 3565 2065 3622 Chronico

513 3658 672 3713 aliter
695 3657 763 3729 de
786 3667 954 3715 morte
980 3650 1280 3726 Zachariae;
1317 3662 1391 3715 ait
1409 3662 1551 3716 enim
1573 3678 1717 3726 eum,
1745 3662 1869 3716 dum
1897 3662 2066 3715 sacris

513 3760 829 3820 operaretur
841 3751 907 3805 de
920 3766 1068 3820 more
1084 3753 1352 3823 lapidibus
1363 3753 1524 3823 jactis
1540 3754 1861 3808 trucidatum
1875 3753 1899 3806 Γ
1899 3754 2062 3817 uisse,

514 3828 852 3912 corporeque
894 3853 1102 3913 raptato
1147 3838 1202 3899 in
1234 3845 1373 3900 valle
1403 3843 1664 3916 Josaphat
1693 3861 2013 3915 suspensum
2047 3861 2061 3897 :

527 3932 615 3986 'Ev
648 3933 755 4002 γὰρ
781 3935 858 4005 τῷ
891 3935 1182 4008 ἱερατεύειν
1211 3935 1369 3989 αὐτὸν
1414 3936 1557 3991 κατὰ
1606 3936 1666 3990 τὸ
1709 3937 1895 4000 εἰωθὸς
1920 3936 2067 4007 αὐτῷ

513 4012 951 4096 λιθοϐόλήσαντες
986 4028 1165 4092 αὑτὸν,
1202 4028 1295 4081 καὶ
1334 4029 1770 4100 κροταφήσαντες
1813 4028 2066 4082 ἀπέκτει-

513 4132 638 4170 ναν·
670 4117 763 4183 καὶ
797 4117 1058 4189 σύραντες
1097 4117 1405 4189 ἐκρέμασαν
1429 4119 1588 4172 αὐτὸν
1615 4121 1693 4182 είς
1719 4119 1816 4191 τὴν
1846 4120 2067 4174 κοιλάδα

511 4205 604 4261 τοῦ
647 4206 928 4279 Ἰωσαφάτ.
962 4206 1322 4279 Hieronymus
1350 4210 1451 4263 hoc
1487 4211 1821 4280 simplicitati
1849 4212 2069 4267 creden-

510 4301 646 4355 tium
681 4296 860 4371 potius
882 4300 1090 4361 tribuit,
1119 4316 1281 4370 quam
1322 4301 1534 4369 veritati
1573 4301 1813 4373 historia:
1844 4284 1895 4357 in
1924 4303 2067 4357 Mat-

512 4393 635 4447 ι.θωὶ
665 4409 797 4465 sitm
827 4412 841 4448 :
880 4392 1234 4465 Simpliciores
1264 4393 1456 4469 fratres
1493 4395 1630 4448 inter
1660 4396 1842 4466 ruinas
1869 4398 2063 4466 templi,

2175 536 2421 607 γέννησιν
2445 538 2509 609 δη
2517 539 2862 610 μιουργῆσαι,
2873 539 2993 609 ἥτις
3006 539 3106 611 τὴν
3120 537 3416 609 γενομένην
3441 534 3652 608 μητέρα
3665 534 3727 587 ἰδ

2174 624 2310 704 εἶναι
2358 630 2618 702 παρθένον
2644 630 2743 684 οὐκ
2793 620 3174 701 ἀφαιρήσεται.
3222 627 3321 682 Διὰ
3354 626 3511 681 τοῦτο
3560 626 3730 697 αὐτὴν

2172 721 2269 773 οὐκ
2296 720 2553 793 ἀπέκρινε
2583 721 2662 792 τῷ
2688 719 2800 791 ναῷ
2835 719 2929 793 τοῦ
2961 719 3135 793 χώρου
3162 720 3269 773 τῶν
3295 718 3597 790 παρθένων.
3618 712 3751 795 Ἦν

2170 811 2227 864 δὲ
2263 814 2291 866 ὁ
2320 813 2480 877 τόπος
2511 808 2662 876 οὗτος
2692 815 2754 867 τὸ
2790 812 2985 881 μεταξὺ
3027 812 3121 866 τοῦ
3150 811 3278 883 ναοῦ
3317 810 3410 865 καὶ
3436 809 3727 881 θυσιαστη-

2176 884 2289 972 ρίου
2322 901 2608 971 διάστημα.
2649 896 2861 973 Ἐπειδὴ
2894 899 2984 955 οὖν
3012 903 3205 972 ἤκουον
3238 900 3458 971 βασιλέα
3482 900 3580 971 τῆς
3607 899 3727 953 actis

2175 1008 2307 1055 σεως
2338 994 2417 1055 είς
2429 993 2675 1063 γέννησιν
2691 992 3029 1065 ἀνθρωπίνην
3049 991 3402 1062 οἰκονομικῶς
3421 990 3725 1063 προελθεῖν,

2173 1082 2320 1153 φόϐῳ
2352 1083 2412 1136 τὸ
2453 1083 2526 1154 μὴ
2563 1083 2809 1152 γενέσθαι
2855 1084 3058 1155 βασιλεῖ
3090 1082 3407 1154 ὑποχείριοι,
3445 1083 3538 1137 τδν
3586 1100 3729 1155 μαρ-

2169 1166 2431 1244 ιιυροῦντα
2459 1174 2629 1229 ταῦτα
2658 1177 2783 1249 περὶ
2811 1174 2902 1229 τοῦ
2936 1175 3092 1228 τόκου
3134 1174 3565 1248 διαχειρίζονται,
3590 1175 3729 1247 πρὸς

2170 1264 2318 1335 αὑτῷ
2365 1264 2728 1339 θυσιαστηρίῳ
2768 1268 2858 1321 τὸν
2901 1267 3051 1337 ἱερέα
3106 1268 3575 1338 ίερουργήσαντες.
3625 1265 3731 1320 Ea-

2169 1353 2289 1408 dem
2333 1355 2494 1423 habet
2528 1353 2809 1427 Origenes,
2843 1356 2898 1410 in
2936 1354 3130 1425 Matth.
3173 1362 3335 1410 tract.
3385 1355 3477 1418 26,
3519 1355 3731 1426 Grego-

2167 1443 2283 1498 rius
2311 1442 2605 1514 Nyssenus,
2653 1443 2884 1499 Basilius
2928 1451 2981 1499 et
3014 1444 3122 1497 alii.
3154 1443 3219 1497 Et
3260 1444 3327 1499 de
3356 1459 3421 1499 eo
3461 1446 3719 1515 intelligit

2168 1535 2592 1606 Hieronymusin
2610 1533 2801 1589 Matth.
2825 1550 2944 1605 cap.
2969 1551 3124 1601 χχιιι,
3147 1536 3268 1589 libr.
3295 1553 3347 1588 iV
3365 1553 3378 1589 :
3397 1534 3507 1588 Alii
3519 1534 3731 1590 Zacha-

2167 1628 2302 1680 riam
2333 1636 2532 1697 patrem
2572 1627 2794 1682 Joannis
2840 1626 3065 1697 intelligi
3095 1627 3277 1681 uolunt
3299 1642 3363 1681 ex
3400 1627 3719 1697 quibusdam

2167 1718 2591 1788 Apocryphorum
2621 1719 2837 1773 somniis
2874 1718 3239 1788 approbantes,
3270 1718 3407 1788 quod
3451 1729 3729 1788 propterea

2171 1810 2373 1864 occisus
2415 1811 2504 1877 sit,
2533 1811 2658 1881 quia
2702 1808 2993 1866 Saluatoris
3021 1811 3382 1881 prtcdicaverit
3419 1811 3727 1866 aduentum.

2174 1902 2287 1957 Hoc
2318 1904 2440 1973 quia
2466 1903 2530 1958 de
2559 1903 2849 1972 Scripturis
2876 1919 2977 1957 non
3022 1902 3173 1958 habet
3218 1905 3607 1965 auctoritatem,
3637 1920 3732 1958 ea-

2169 1991 2283 2047 dem
2331 1991 2586 2062 {acilitate
2630 1991 2997 2056 contemnitur,
3036 2008 3140 2063 qua
3167 1993 3441 2060 probatur.
3486 1991 3730 2049 Consule

2169 2094 2427 2156 praeterea
2462 2084 2843 2157 Epiphaninm,
2898 2084 2977 2140 De
3023 2084 3118 2139 vit.
3158 2094 3209 2140 et
3247 2084 3398 2138 inter.
3448 2083 3725 2154 Prophet.,

2170 2190 2288 2247 cap.
2326 2176 2417 2231 23.
3417 2203 3421 2206 ν

2248 2287 2416 2354 Ibid.,
2469 2290 2573 2362 lin.‘
2624 2289 2711 2347 50.
2762 2290 3066 2360 Διακρίνας
3106 2290 3395 2358 ὀνείρατα.
3451 2288 3728 2357 Justinus,

2170 2381 2375 2437 Hister.
2408 2381 2530 2436 libr.
2561 2397 2757 2437 xxxvt:
2792 2381 3041 2453 Minimus
3071 2390 3225 2440 celate
3254 2381 3387 2435 inter
3409 2380 3600 2450 fratres
3627 2381 3729 2437 ls-

2167 2473 2290 2542 seph
2336 2473 2479 2543 fuit:
2510 2473 2659 2541 cujus
2704 2473 2960 2528 excellens
3011 2474 3275 2549 ingenium
3308 2473 3458 2527 veriti
3509 2475 3727 2542 fratres,

2167 2554 2306 2620 clam
2354 2566 2695 2632 interceptum
2741 2565 3026 2634 peregrinis
3078 2562 3453 2623 mercatoribus
3485 2566 3730 2621 uendide-

2166 2666 2308 2712 runt.
2332 2657 2373 2710 Α
2405 2656 2586 2728 quibus
2610 2657 2909 2726 deportatus
2934 2666 3009 2710 est
3035 2657 3088 2709 in
3110 2655 3438 2727 ngyptum;
3470 2672 3588 2710 cum
3612 2676 3731 2712 ma-

2166 2751 2308 2821 gicas
2347 2750 2417 2804 ibi
2441 2759 2588 2827 partes
2645 2750 2825 2803 solerti
2848 2750 3064 2831 «ingenio
3100 2751 3428 2829 percepisset,
3456 2749 3595 2805 brevi
3624 2751 3727 2818 ipsi

2168 2842 2275 2911 regi
2316 2823 2594 2915 perc/taijus
2626 2840 2743 2909 fuit.
2790 2823 2931 2895 Nam
2958 2853 3003 2893 et
3038 2823 3396 2909 prodigiorum
3439 2843 3726 2910 sagacissi-

2168 2950 2284 2987 mus
2314 2943 2447 2996 erat,
2474 2919 2527 2987 el
2550 2934 2867 2987 somniorum
2892 2933 3090 3003 primus
3120 2932 3517 3001 intelligentiam
3542 2931 3731 2987 condio.

2166 3024 2265 3098 dit,
2286 3023 2513 3095 nihilque
2539 3025 2703 3078 divini
2723 3023 2864 3093 juris
2896 3023 3205 3093 humanique
3231 3024 3277 3077 ei
3306 3023 3623 3093 incognitum
3648 3026 3729 3085 ci.-

2167 3115 2427 3180 debatur;
2459 3116 2585 3170 adeo
2633 3125 2689 3169 ut
2741 3117 2897 3169 etiam
2939 3116 3268 3169 sterilitatem
3311 3133 3561 3185 agrorum
3606 3125 3730 3172 ante

2166 3206 2356 3282 multos
2386 3224 2549 3260 annos
2579 3206 2894 3276 providerit;
2923 3207 3237 3276 perissetque
3267 3208 3435 3260 omnis
3462 3205 3727 3277 ﬂigi/plus

2167 3297 2306 3368 fame
2336 3297 2438 3351 nisi
2462 3299 2660 3364 monitu
2708 3298 2820 3366 ejus
2850 3312 2938 3350 rex
2981 3297 3148 3350 edicto
3177 3299 3375 3351 seruari
3400 3314 3493 3367 per
3535 3300 3729 3355 multos

2169 3406 2332 3449 annos
2375 3388 2548 3461 fruges
2577 3388 2870 3457 jussisset;
2921 3398 3168 3457 tantaque
3212 3391 3565 3456 experimenta
3608 3391 3725 3460 ejus

2149 3479 2397 3551 fuerunt,
2429 3472 2487 3535 ut
2517 3495 2617 3532 non
2650 3477 2713 3531 ab
2747 3478 2971 3541 homine,
2996 3479 3084 3531 sed
3119 3495 3150 3532 a
3178 3479 3282 3533 Deo
3316 3495 3571 3549 responsa
3606 3481 3729 3536 dari

2170 3571 2480 3635 uiderentur.
2521 3568 2626 3623 Sed
2656 3568 2783 3637 quid
2834 3569 2982 3639 aliud
3030 3568 3098 3623 ab
3132 3569 3349 3625 homine
3376 3584 3405 3622 a
3437 3569 3543 3625 [ide
3570 3572 3732 3627 Chri-

2170 3666 2345 3732 stiana
2381 3664 2556 3733 alit-no
2592 3661 2819 3735 ﬁdeique
2860 3661 3066 3734 lumine
3105 3661 3366 3716 destituto
3397 3673 3732 3733 exspectan-

2170 3756 2298 3810 dum
2332 3761 2467 3820 erat,
2500 3768 2668 3824 quam.
2690 3752 2931 3823 prodigia
2973 3752 3154 3806 divina
3199 3755 3419 3818 virtute,
3456 3755 3731 3824 impulsu

2169 3862 2275 3918 que
2302 3853 2518 3916 peracta
2545 3844 2596 3898 in
2622 3844 2882 3897 humanas
2903 3846 3313 3916 superstitiones
3338 3846 3733 3919 illusionesque

2170 3938 2473 3993 daemonum
2521 3933 2761 4004 referre?
2800 3932 3019 4008 Fatetur
3053 3942 3233 3990 tamen
3265 3936 3379 4005 ipse
3421 3938 3728 4005 veritatem,

2172 4028 2413 4084 veritatis
2447 4022 2759 4100 ignarus.0
2793 4024 2899 4077 vim
2936 4024 3181 4079 veritatis
3216 4010 3447 4081 rationis
3479 4027 3731 4083 humana:

2172 4120 2464 4175 asseclam!
2503 4120 2644 4189 quod
2677 4123 2795 4170 erat
2839 4116 3038 4170 divinae
3069 4118 3326 4185 potentiae
3358 4118 3552 4176 tribuit
3590 4120 3732 4174 invi-

2172 4219 2279 4265 tus.
2330 4207 2435 4262 Alii
2486 4207 2609 4260 aliis
2657 4205 2996 4259 somniorum
3038 4205 3518 4282 interpretationes
3559 4211 3730 4265 ascri-

2169 4301 2342 4357 bunt:
2379 4298 2534 4352 Philo
2583 4297 2823 4352 Biblicus
2851 4297 3198 4365 Abrahamo;
3239 4298 3446 4354 Plinius
3498 4301 3592 4355 lib.
3630 4317 3727 4367 vn,

2171 4392 2531 4463 Amphitrioni
2566 4389 2909 4445 Deucalionis
2945 4390 3085 4455 lilio;
3116 4390 3383 4461 Clemens
3406 4394 3735 4456 Alexandri-

510 4495 559 4539 et
587 4486 799 4550 altaris,
835 4488 940 4541 sive
966 4488 1018 4555 in
1046 4496 1318 4556 portarum
1351 4488 1597 4561 exitibus,
1632 4490 1722 4559 qui
1747 4488 1943 4554 Siloem
1970 4490 2069 4543 du-
2096 4498 2146 4558 ι)
2172 4501 2276 4557 nus
2311 4483 2648 4538 Termisszeis
2680 4483 2894 4552 populis
2921 4481 3116 4553 Lycias.

512 4587 654 4638 sunt.
685 4579 845 4633 rubra
892 4595 1026 4633 saxa
1067 4588 1451 4645 monstrantes,
1501 4578 1780 4647 Zacharite
1820 4583 2071 4654 sanguine

510 4681 696 4740 putant
718 4689 830 4742 esse
853 4674 1075 4742 polluta.
1117 4672 1238 4727 Non
1278 4672 1680 4737 condemnamus
1711 4659 1959 4743 errorem,
1983 4677 2072 4748 qui

511 4764 575 4818 de
601 4763 720 4818 odio
749 4766 1055 4833 Judteorum
1083 4775 1131 4820 et
1156 4764 1281 4836 ﬁdei
1301 4768 1492 4833 pietate
1515 4765 1797 4833 descendit.
2006 4754 2007 4757 η

582 4854 740 4923 lbid.,
770 4857 865 4912 lin.
913 4857 1000 4912 58.
1055 4858 1244 4926 ’Ἄλλη
1298 4856 1366 4911 δέ
1400 4874 1490 4923 τις
1539 4858 1790 4927 ἱστορία,
1835 4855 2071 4931 Cyrillus

510 4945 932 5012 Alexandrinus,
983 4944 1231 5019 adversus
1280 4943 2072 5018 Anthropomorphitas:06:0;

511 5038 689 5095 τοίνυν
717 5040 744 5092 ὁ
761 5038 839 5110 τῷ
868 5039 1187 5113 προφητικῷ
1218 5038 1495 5111 Πνεύματι
1523 5038 1778 5118 πρδςτὴν
1799 5039 1907 5104 τῶν
1922 5057 2074 5112 ,κρυ-

514 5131 663 5186 τετῶν
676 5122 874 5201 γνῶσιν
886 5121 1410 5205 χειραγωγούμενος,
1429 5132 1490 5185 τὸ
1512 5133 1803 5205 μυστήριον
1817 5134 1917 5205 τῆς
1931 5151 2073 5205 παρ-

514 5221 691 5287 θενίας
721 5223 814 5277 ἐπὶ
841 5210 932 5277 coiit
966 5223 1202 5297 άφθὸρου
1256 5224 1415 5278 τόκου
1449 5226 1807 5294 κατανοήσας,
1842 5228 1902 5281 οὐ
1945 5243 2074 5280 κατ-

515 5313 697 5387 έκρινε
734 5313 813 5385 τῷ
849 5314 961 5386 ναῷ
1003 5314 1096 5372 τοῦ
1133 5316 1246 5379 τοῖς
1291 5314 1580 5388 παρθένοις
1625 5316 1762 5389 κατὰ
1794 5317 1883 5370 τὸν
1914 5318 2073 5388 νόμον

514 5405 1039 5479 ἁποκεκληρωμένου
1071 5408 1237 5474 τρπου
1266 5407 1364 5479 τὴν
1388 5406 1662 5477 πάναγνον
1705 5408 1951 5481 μητέραο
1995 5409 2069 5462 δι-

514 5495 727 5549 δάσκων
759 5497 884 5563 τοὺς
924 5498 1226 5568 Ἰουδαίους,
1259 5499 1341 5553 ὅτι
1376 5500 1412 5570 ὁ,
1434 5499 1542 5553 τῶν
1579 5499 1715 5554 ὅλων
1749 5500 2075 5573 δημιουργὸς

516 5585 612 5637 καὶ
642 5584 888 5656 βασιλεὺς
914 5589 1094 5661 πάσης
1127 5588 1361 5662 κτίσεως,
1401 5591 1708 5664 ὑποχείριον
1757 5590 1866 5662 ἔχει
1899 5592 2076 5664 ἐαυτῷ

521 5672 658 5763 μετά
704 5674 919 5731 πάντων
949 5677 1048 5750 τὴν
1072 5676 1418 5751 ἀνθρωπίνην
1441 5680 1626 5750 φύσιν,
1662 5681 1739 5752 τῷ
1772 5681 1884 5753 ἰδίῳ
1916 5682 2075 5754 θελή-

521 5785 648 5857 ματι
681 5766 812 5839 πρὸς
863 5769 923 5823 τὸ
966 5769 1150 5825 δοκοῦν
1182 5770 1349 5838 ἄγων,
1403 5773 1502 5826 οὐκ
1541 5774 1699 5835 αὐτὸς
1725 5766 1831 5825 ’ὑπὸ
1877 5775 2076 5845 ταύτης

2241 4577 2369 4651 Col.
2407 4574 2542 4638 777,
2598 4575 2695 4627 lin.
2739 4574 2827 4628 55.
2882 4575 3177 4643 Πρότερον
3222 4574 3501 4631 ἕκαστον.
3552 4575 3734 4633 Verba

2171 4678 2445 4743 postrema
2497 4665 2686 4721 Jacobi
2722 4665 2789 4719 ad
2834 4666 2976 4719 lilios
3032 4666 3085 4720 in
3134 4666 3312 4723 vicina
3366 4675 3542 4723 morte
3583 4669 3735 4724 dicta

2170 4776 2304 4816 usus
2335 4759 2571 4813 obtinuit
2602 4766 2659 4811 ut
2702 4757 3108 4813 benedictiones
3149 4768 3494 4825 vocarentur.
3526 4758 3733 4814 Verum

2172 4851 2629 4925 Ambrosiusdib.
2666 4849 2738 4904 De
2768 4848 3020 4904 benedict.
3044 4849 3432 4926 patriarch._,et
3459 4848 3730 4924 Bullinus.

2170 4946 2267 5001 lib.
2307 4945 2549 5015 ejusdem
2584 4943 2763 5009 tituli;
2794 4951 2845 4998 et
2873 4940 3267 5007 Theodorctus,
3299 4950 3493 5013 quaest.
3526 4945 3630 4999 ult.
3676 4946 3734 5011 in

2173 5034 2385 5109 Genes._,
2428 5049 2535 5089 non
2567 5032 2977 5092 benedictiones
3008 5031 3263 5098 illas,sed
3282 5033 3464 5107 potius
3495 5033 3735 5105 ιιι-ορδε-

2170 5129 2277 5184 tias
2311 5144 2420 5183 non
2450 5128 2570 5195 sine
2599 5126 2811 5187 ratione
2838 5124 3132 5195 appellant.

2247 5218 2541 5292 lbid.,_lin.‘
2569 5217 2657 5272 55.
2694 5216 2804 5270 Kal
2832 5213 2946 5283 τὴν
2971 5214 3088 5284 μὲν
3125 5214 3427 5284 εὐλογίαν.
3466 5212 3736 5289 Hierony.

2174 5327 2315 5371 mus,
2343 5310 2630 5387 Quwstion.
2650 5307 2920 5362 Hebraicis
2950 5308 3001 5361 in
3027 5305 3235 5372 Genes.,
3255 5307 3412 5362 verba
3436 5304 3625 5364 Jacobi
3662 5308 3737 5365 ita

2173 5384 2406 5480 explicat
2431 5420 2444 5457 :
2475 5402 2575 5463 Tu.
2600 5400 2867 5475 Ruben,es
2885 5401 3258 5472 primogenitus
3287 5417 3452 5477 meus,
3472 5403 3651 5471 major
3681 5402 3735 5456 in

2176 5497 2374 5571 liberis,
2396 5505 2443 5550 et
2471 5494 2685 5549 sedebas
2705 5494 2871 5568 juatla
2915 5492 3147 5548 ordinem
3187 5494 3483 5548 nativitatis
3516 5504 3643 5559 tute,
3684 5502 3735 5561 et

2176 5588 2553 5650 Itazreditatem,
2576 5603 2693 5658 qua:
2717 5587 3071 5658 primogenitis
3088 5586 3209 5655 jure
3232 5585 3535 5651 debebatur,
3558 5603 3732 5649 sacer-

2177 5681 2377 5748 dotium
2403 5680 2597 5751 scilicet
2624 5687 2673 5736 et
2702 5694 2917 5749 regnum
2954 5678 3184 5745 accipere
3204 5676 3423 5733 debebas
3440 5717 3455 5731 .
3492 5677 3588 5731 hoc
3613 5678 3733 5747 qui-

2179 5774 2292 5829 dem
2330 5774 2381 5828 in
2419 5771 2679 5841 portando
2714 5788 2887 5838 onere,
2918 5781 2967 5826 et
2995 5770 3280 5841 pravalide
3307 5775 3487 5829 sobors
3517 5770 3739 5827 demessa
