4072 6338
319 345 458 404 1025

1351 341 1414 395 ΙΝ
1457 340 1823 397 EUSTATHll
1859 339 2326 395 HEXAEMERON
2366 338 2594 395 ΝΟἸᾹΞ.

3429 339 3566 397 1046

317 465 541 518 uratur.
581 454 792 517 Verum,
823 453 948 524 quia
978 453 1240 522 peccasti,
1303 462 1354 506 et
1397 452 1552 523 quasi
1582 469 1742 523 aqua,
1776 469 1892 523 qua:

2012 450 2288 522 Ἐϐραίους
2331 451 2642 523 διατεθῆναι
2673 449 2812 505 κατὰ
2851 449 3042 520 φθόνον
3074 451 3171 523 τῆς
3197 451 3562 521 εὐδαιμονίας.

319 549 530 602 vasculo
563 563 666 600 non
717 555 940 611 tenetur,
983 545 1267 613 voluptatis
1313 545 1516 614 effusus
1570 563 1622 601 es
1670 547 1885 613 impetu,

319 639 517 693 idcirco
540 639 787 708 pra’cipio
819 637 934 702 tibi,
973 646 1028 689 ut
1072 637 1210 690 ultro
1262 653 1362 688 non
1395 654 1592 706 pecces,
1627 639 1802 707 sisque
1832 639 1886 690 in

319 731 554 800 fratrum
589 745 800 782 numero
829 745 1032 796 plenam
1067 744 1130 780 ex
1165 738 1377 796 peccato
1417 733 1584 787 luens.
1611 729 1748 799 quod
1774 730 1884 793 pri-

321 823 572 891 mogeniti
618 821 853 875 ordinem
902 819 1200 888 perdidisti.
1249 820 1442 876 Ruben
1494 823 1638 876 enim
1680 823 1887 876 dormi-

320 923 474 969 verat
523 927 645 965 cum
693 910 818 963 Bnla
855 927 1021 965 uxore
1065 912 1232 980 patris
1282 912 1388 972 sui,
1450 911 1678 983 ideoque
1733 914 1887 966 multi

322 1007 682 1064 aﬂirmarunt,
709 1011 828 1072 post
859 1003 910 1055 id
942 1011 1154 1072 tempus
1177 1002 1443 1056 Jacobum
1477 1019 1598 1057 cum
1627 1003 1749 1056 Bala
1778 1020 1889 1058 rem

322 1112 434 1151 non
468 1094 746 1148 habuisse.
778 1091 1073 1146 Historiam
1101 1100 1279 1144 tamen
1311 1091 1452 1145 hanc
1481 1093 1557 1144 uti
1606 1091 1806 1149 falsam
1837 1101 1891 1147 et

323 1189 393 1241 ab
435 1184 671 1239 Hebraeis
719 1183 1001 1238 conﬁctam
1047 1182 1246 1236 refellit
1290 1183 1638 1246 Ambrosius,
1676 1184 1770 1236 lib.
1818 1183 1893 1240 De

324 1277 574 1332 benedict.
623 1273 952 1336 Patriarclr,
987 1288 1107 1341 cap.
1142 1272 1217 1326 2:
1253 1270 1452 1335 Judaei,
1484 1273 1892 1342 inquit,‘putant

324 1367 494 1422 Jacob
517 1367 718 1420 dixisse
745 1367 842 1418 hoc
866 1365 933 1417 ad
964 1363 1162 1426 Ruben,
1184 1367 1306 1434 quia
1333 1381 1449 1416 cum
1477 1350 1894 1417 concubinasua

323 1457 464 1512 Bala
496 1455 864 1516 concubuerat,
887 1461 936 1506 et
967 1453 1197 1519 patrium
1223 1451 1429 1503 thorum
1463 1450 1727 1518 polluerat
1755 1464 1772 1512 ;
1805 1447 1893 1500 sed

325 1547 484 1618 facile
514 1546 846 1614 refelluntur.
876 1542 990 1597 Hoc
1016 1543 1150 1596 enim
1175 1551 1287 1596 erat
1313 1549 1432 1594 ante
1459 1533 1892 1611 gestum;'Jacob

326 1650 636 1693 autemnon
680 1655 743 1692 ea
791 1653 905 1706 qua:
959 1647 1102 1705 gesta
1128 1644 1320 1697 erant,
1363 1632 1452 1687 sed
1513 1649 1629 1703 quia
1681 1641 1896 1686 ventura

325 1743 479 1788 erant
510 1733 563 1784 in
607 1730 904 1784 novissimis
936 1727 1117 1782 diebus
1162 1726 1430 1796 professus
1455 1735 1532 1780 est
1575 1741 1629 1780 se
1661 1741 1772 1779 esse
1811 1723 1895 1777 di-

328 1835 559 1879 cturum.

398 1917 517 1971 Col.
547 1915 671 1978 777,
702 1913 797 1968 litt.
829 1912 919 1967 37.
949 1910 1001 1962 Ὀ
1033 1908 1100 1963 δὲ
1127 1908 1362 1976 Ῥουϐίμ
1388 1908 1682 1976 ἡττηθείς.
1708 1905 1898 1960 Ruben

329 2009 386 2062 in
406 2015 692 2077 paternum
717 2005 918 2058 lectum
938 2001 1128 2056 rabido
1160 1999 1391 2069 quodam
1414 2001 1597 2052 lurore
1615 1998 1898 2061 insiliissc,

331 2100 563 2168 ideoque
614 2111 840 2168 regnum
888 2104 941 2149 et
991 2092 1382 2154 sacerdotium,
1418 2089 1636 2145 tametsi
1700 2087 1899 2158 alioqui

333 2200 462 2244 natu
514 2166 739 2259 primusﬁ
774 2192 942 2249 esset,
987 2199 1094 2239 non
1138 2183 1307 2238 fuisse
1359 2190 1749 2243 consecutum,
1806 2178 1901 2235 sed

334 2278 486 2341 Levi,
523 2281 594 2334 ob
633 2279 1000 2337 sanctitatem,
1042 2284 1092 2330 et
1125 2277 1404 2345 pietatem,
1451 2283 1506 2330 et
1547 2275 1673 2345 quia
1731 2273 1903 2327 divini

333 2371 560 2428 honoris
589 2384 756 2424 causa
783 2374 1140 2438 cognatorum
1177 2367 1442 2437 sanguine
1488 2382 1683 2421 manus
1714 2364 1905 2434 imple-

334 2467 528 2526 visset,
579 2460 887 2517 sacerdotio
915 2459 1200 2523 donatum,
1254 2466 1307 2513 et
1345 2457 1539 2512 Judam
1571 2467 1792 2526 prepter
1824 2457 1905 2508 in»

337 2565 552 2626 tegrum
598 2553 887 2624 judicium,
923 2557 976 2603 et
1011 2555 1216 2602 rectam
1251 2548 1536 2602 scientiam
1583 2547 1785 2615 regiam
1819 2543 1904 2598 di-

335 2649 598 2719 gnitatem
649 2643 958 2699 obtinuisse
1010 2641 1254 2694 insinuat
1313 2640 1555 2694 Isidorus
1604 2636 1902 2699 Pelusiota,

335 2741 437 2795 lib.
467 2755 527 2802 It,
555 2738 717 2806 epist.
756 2736 848 2800 48,
871 2742 925 2789 et
962 2731 1241 2787 concludit
1269 2750 1282 2784 :
1313 2730 1528 2801 Ἐπειδὴ
1564 2729 1672 2800 γὰρ
1699 2727 1907 2793 πολλοὶ,

337 2833 405 2886 τὰ
438 2833 610 2886 οίκεῖα
640 2831 971 2903 κρύπτοντες
1006 2824 1472 2895 πλημμελήματα,
1499 2823 1716 2892 ἐτέρους
1742 2837 1910 2873 κατα-

337 2923 646 2986 δικάζουσιν
667 2937 679 2950 ·
712 2915 862 2982 οὗτος
889 2918 947 2971 δὲ
974 2915 1188 2995 ἑαυτοῦ,
1201 2915 1299 2986 μὲν
1329 2913 1736 2985 κατεψηφίσατο
1754 2952 1768 2976 ,
1809 2911 1908 2981 τὴν

339 3015 396 3068 δὲ
413 3010 809 3083 πεπορνεῦσθαι
833 3007 1174 3079 νομισθεῖσαν
1197 3004 1473 3076 ἀπήλλαξε
1496 3003 1596 3073 τῆς
1610 3002 1877 3074 τιμωρίας
1893 3018 1906 3031 ·

343 3102 434 3157 διὰ
464 3100 623 3155 τοῦτο
645 3099 873 3161 εἰκότως
903 3098 1001 3166 τῆς
1033 3093 1308 3165 βασιλείας
1337 3092 1575 3163 ἠξιοῦτο.

411 3192 573 3257 lbid.,
606 3193 704 3246 lin.
740 3193 828 3245 55.
883 3187 1377 3253 Τελευτήσαντος.
1418 3183 1710 3254 Josephus,
1752 3182 1878 3236 Anti
1893 3211 1908 3223 -

342 3287 503 3356 quit.,
531 3285 622 3339 lib.
665 3299 701 3338 tt
724 3301 737 3336 :
759 3281 992 3351 Τελευτᾷ
1023 3280 1079 3332 δὲ
1114 3279 1260 3349 βιοὺς
1304 3278 1397 3347 ἔτη
1430 3276 1499 3328 τὰ
1539 3275 1715 3328 πάντα
1748 3274 1915 3345 τριῶν

340 3376 530 3431 δέοντα
554 3375 887 3445 πεντήκοντα
919 3371 1009 3426 καὶ
1039 3370 1251 3433 ἑκατὸν,
1288 3368 1508 3439 μηδενὸς
1534 3367 1630 3437 μὲν
1661 3365 1765 3420 τῶν
1788 3383 1916 3436 προ-

341 3468 516 3537 γόνων
557 3465 890 3536 ἀποληφθεὶς
924 3466 1008 3516 ἐπ’
1047 3461 1295 3533 εὐσεϐείᾳ
1326 3459 1419 3513 τοῦ
1464 3459 1620 3524 Θεοῦ,
1655 3458 1830 3532 τυχὼν
1863 3458 1917 3510 δὲ

343 3560 600 3632 ἀμοιϐῆς,
643 3555 711 3631 ἦς
742 3559 942 3611 δίκαιον
984 3552 1052 3626 ἦν
1092 3554 1376 3628 τοσούτοις¹
1406 3553 1608 3622 ἀγαθὸν
1641 3552 1916 3620 γεγονότα.

357 3653 621 3724 Ἰώσηπος
667 3653 746 3718 δὲ,
803 3649 1253 3720 συγχωρήσαντος
1301 3645 1449 3722 αὐτῷ
1494 3645 1588 3705 τοῦ
1638 3645 1919 3715 βασιλέως,

346 3748 438 3801 τὸν
475 3747 570 3799 τοῦ
621 3747 827 3816 πατρὸς
866 3743 1057 3814 νεκρὸν
1098 3741 1178 3803 είς
1225 3738 1484 3810 Χεϐρῶνα
1513 3739 1766 3809 κομίσας,
1810 3739 1925 3790 ἐκεῖ

348 3840 544 3895 θάπτει
572 3837 894 3900 πολυτελῶς.

421 3930 534 3986 Col.
567 3930 689 3993 780,
725 3931 818 3982 lin.
854 3928 901 3981 1.
935 3927 1043 3981 Καὶ
1084 3925 1518 4004 ἠκτερέϐινθος.
1557 3921 1632 3975 De
1669 3919 1790 3989 ejus
1820 3920 1925 3973 mi-

350 4023 602 4089 raculosa
672 4021 926 4089 antiquit.
987 4018 1288 4085 Josepbus,
1352 4015 1428 4070 De
1484 4014 1615 4068 bel.’o
1673 4011 1922 4072 Iudaico,

350 4111 448 4166 lib.
486 4128 538 4172 ν,
573 4110 851 4163 Δείκνυται
889 4110 943 4162 δὲ
988 4109 1092 4162 ἀπὸ
1128 4107 1350 4160 σταδίων
1397 4106 1455 4172 ἓξ
1492 4102 1585 4157 τοῦ
1626 4104 1814 4165 ἄστεος
1840 4118 1927 4153 τε-

354 4204 600 4277 ρέϐινθος
640 4204 888 4273 μεγίστη,
933 4200 1023 4260 καί
1054 4216 1184 4268 φασι
1219 4199 1280 4250 τὸ
1304 4197 1517 4268 δένδρον
1534 4179 1660 4247 ’λάπὺ
1689 4194 1786 4262 τῆς
1812 4191 1927 4243 κτί-

354 4313 491 4359 σεως
522 4295 680 4365 μέχρι
703 4293 796 4344 νῦν
826 4292 1096 4360 διαμένειν
1117 4306 1130 4319 °
1167 4288 1233 4342 de
1261 4303 1324 4340 ea
1359 4287 1679 4365 Africanus:
1711 4277 1924 4341 Ἰακὼϐ,

1999 544 2260 615 Ὀρῶντες
2299 543 2406 616 γάρ
2436 543 2542 597 τῶν
2583 541 2929 615 Ἰσραηλιτῶν
2966 542 3120 611 γένος
3168 542 3436 613 ἀκμάζον,
3470 546 3565 600 καὶ

1985 635 2048 688 δι’
2080 637 2280 707 ἀρετὴν
2314 637 2406 690 καὶ
2451 635 2586 707 πρὸς
2627 635 2687 688 τὸ
2734 637 2913 688 πονεῖν
2945 636 3168 702 εὐφυΐαν
3207 635 3400 705 πλήθει
3429 653 3566 708 χρη-

1991 728 2174 796 μάτων
2204 728 2301 798 ἥδη
2339 726 2624 798 λαμπροὺς
2661 726 2784 780 καθ’
2827 725 3004 780 αὐτῶν
3034 725 3311 790 αύξεσθαι,
3345 727 3568 791 τούτους

1989 819 2400 890 ὑπελάμϐανον·
2433 813 2506 872 ὧν
2543 820 2592 871 τ’
2625 813 2766 888 ἦσαν
2805 813 2862 870 εὖ
2905 817 3008 870 ὐπὸ
3054 819 3315 888 Ἰωσήπου
3343 835 3570 892 τετυχη-

1990 915 2143 974 κότες
2171 911 2257 964 διὰ
2286 911 2476 982 χρόνου
2509 911 2684 982 μῆκος
2713 909 2882 981 λήθην
2908 909 3184 972 λαϐόντες,
3208 911 3301 963 καὶ
3332 910 3430 980 τῆς
3468 910 3569 980 βα-

1993 1003 2194 1066 σιλείας
2236 1006 2316 1066 εἰς
2362 1003 2518 1058 ἄλλον
2560 998 2706 1056 οἷκον
2757 1001 3196 1072 μετεληλυθυίας,
3257 1001 3446 1066 δεινῶς
3487 1006 3571 1056 ὲν-

1992 1095 2210 1165 ύϐριζον
2259 1095 2386 1158 τοὺς
2427 1093 2914 1164 Ἰσραηλίτας,καὶ
2969 1091 3341 1163 ταλαιπωρίας
3388 1093 3572 1158 αὐτοῖς

1993 1185 2240 1248 ποικίλας
2274 1184 2546 1237 ἐπενόουν.
2578 1182 2734 1236 Philo
2767 1185 2861 1240 lib.
2903 1184 2980 1238 De
3019 1186 3124 1237 vita
3169 1183 3372 1254 Moysis
3409 1201 3427 1238 :
3460 1186 3570 1256 Τῆς

1994 1276 2172 1347 χώρας
2205 1279 2233 1328 ὁ
2257 1275 2526 1347 βασιλεὺς,
2562 1278 2640 1339 εἰς
2662 1276 3106 1347 πολυανθρωπίαν
3134 1277 3457 1341 ἐπιδιδόντος
3484 1279 3572 1332 del.

2000 1367 2093 1418 τοῦ
2124 1366 2327 1431 ἔθνους,
2355 1367 2535 1428 δείσας
2568 1365 2639 1436 μὴ
2682 1369 2730 1419 οἱ
2763 1367 2989 1430 ἔποικοι,
3027 1367 3244 1430 πλείους
3271 1368 3569 1438 γενόμενοι,

2001 1459 2345 1530 δυνατωτέρα
2385 1460 2526 1529 χειρὶ
2572 1464 2684 1523 τοῖς
2723 1460 3006 1530 αὐτόχθοσι
3049 1462 3175 1532 περὶ
3207 1461 3440 1531 κράτους
3475 1462 3575 1532 ἀρ-

1998 1552 2098 1620 χῆς
2132 1549 2482 1620 ἁμιλλῶνται,
2516 1551 2613 1623 τὴν
2646 1554 2794 1624 ἰσχὺν
2828 1551 3004 1606 αὐτῶν
3037 1553 3290 1624 ἀφαιρεῖν
3311 1553 3574 1617 ἐπινοίαις

1995 1642 2365 1713 ἀνοσιουργοῖς
2399 1643 2710 1712 ἐμηχανᾶτο
2729 1661 2744 1675 ·
2771 1643 2863 1696 καὶ
2890 1643 3097 1696 κελεύει
3128 1644 3236 1696 τῶν
3268 1644 3572 1715 γενομένων

1996 1732 2066 1785 τά
2106 1733 2203 1803 μὲν
2234 1733 2404 1803 θήλεα¹
2423 1735 2662 1805 τρέφειν,
2713 1733 2855 1804 (ἐπεὶ
2880 1736 3018 1805 γυνὴ
3044 1734 3132 1788 διὰ
3161 1735 3374 1803 φύσεως
3410 1735 3574 1788 ἀσθέ-

1998 1843 2144 1883 νειαν
2185 1825 2414 1896 ὀκνηρὸν
2455 1827 2534 1888 είς
2581 1826 2814 1896 πόλεμον
2836 1825 2876 1893 ο)
2915 1825 2983 1878 τὰ
3019 1826 3062 1888 δ’
3097 1828 3303 1897 ἄρρενα
3333 1827 3577 1898 διαφθεί-

2003 1935 2135 1987 ρειν,
2166 1918 2254 1971 ἵνα
2278 1918 2351 1988 μὴ
2383 1916 2586 1988 αὐξηθῇ
2630 1918 2769 1971 κατά
2815 1919 3014 1982 πόλεις.
3056 1919 3207 1973 Ἐπεὶ
3245 1920 3576 1992 εὐανδροῦσα

1997 2008 2224 2080 δύναμις
2264 2009 2568 2064 δυσάλωτον
2606 2010 2699 2062 καὶ
2737 2009 3156 2080 δυσκαθαίρετον
3203 2012 3571 2083 ἐπιτείχισμα.

2001 2099 2152 2155 Hanc
2202 2109 2380 2156 autem
2429 2105 2836 2173 oppressionem
2883 2102 3154 2159 Eusebius
3212 2104 3267 2158 in
3316 2103 3575 2173 Chronico

1999 2200 2154 2262 putat
2189 2193 2373 2247 statim
2425 2194 2662 2262 caapisse
2705 2209 2734 2248 a
2766 2201 2940 2248 morte
2981 2191 3207 2264 Joseph,
3252 2204 3304 2248 et
3345 2195 3577 2251 durasse

1999 2297 2158 2335 cxuv
2182 2283 2376 2348 annis;
2415 2281 2624 2337 Hebraei
2669 2283 2730 2345 in,
2745 2292 2918 2337 morte
2943 2281 3092 2347 Levi,
3124 2291 3177 2337 et
3201 2282 3430 2339 durasse
3449 2299 3575 2338 CXVI

2002 2377 2196 2439 annis;
2254 2372 2563 2428 Tornicllus
2614 2374 2772 2428 initio
2803 2373 2954 2444 regni
3004 2373 3361 2444 Amenopbis,
3396 2383 3450 2429 et
3478 2375 3579 2428 du-

2001 2479 2156 2518 rasse
2187 2479 2276 2524 cvi
2305 2465 2499 2530 annis;
2535 2464 2793 2520 Pererius
2824 2479 2942 2519 eam
2963 2463 3190 2518 durasse
3227 2479 3448 2518 Lxxxvn
3482 2480 3579 2519 an-

2004 2557 2090 2612 nis
2114 2573 2127 2621 ;
2159 2556 2443 2612 Cornelius
2471 2573 2500 2610 a
2522 2557 2726 2628 Lepide
2753 2559 2803 2610 in
2825 2557 2994 2626 primo
3023 2557 3195 2626 capite
3213 2555 3386 2611 Exod.
3419 2557 3580 2627 paulo

2006 2659 2129 2704 ante
2161 2650 2494 2704 nativitatem
2543 2650 2764 2721 Moysis,
2819 2659 2873 2705 ct
2914 2650 3142 2704 durasse
3174 2664 3261 2712 xc,
3310 2650 3431 2718 plus
3478 2651 3583 2702 mi-

2006 2754 2111 2794 nus
2178 2740 2359 2804 annis,
2421 2740 2631 2794 scilicet
2674 2742 2859 2796 decem
2920 2741 3081 2795 annis
3140 2748 3266 2794 ante
3317 2739 3580 2810 Moysem,

2008 2840 2247 2886 et-Lxxx
2315 2830 2476 2884 annis
2528 2831 2744 2884 vivente
2798 2827 3016 2900 Moyse,
3067 2845 3190 2882 cum
3244 2845 3385 2882 uxx
3440 2843 3583 2885 anno

2011 2921 2134 2975 vita:
2184 2936 2294 2975 suae
2325 2919 2536 2991 Moyses
2569 2937 2633 2977 ex
2693 2937 2774 2985 ea,
2821 2929 2876 2974 et
2925 2937 2989 2974 ex
3036 2920 3272 2991 Algypto
3327 2920 3583 2977 llebrzeos

2010 3012 2220 3067 eduxit.

2081 3101 2237 3167 lbid.,
2270 3103 2364 3157 lin.
2395 3102 2479 3156 19.
2500 3097 2604 3169 Εἷς
2629 3102 2695 3156 δέ
2716 3120 2805 3168 τις
2823 3103 2940 3156 τῶν
2965 3103 3122 3170 παρ’.
3146 3101 3418 3172 losopbus
3439 3102 3583 3158 idem

2016 3197 2199 3250 habet.
2237 3194 2374 3248 Sunt
2407 3195 2570 3249 etiam
2621 3195 2739 3248 alia:
2781 3203 2890 3249 tres
2933 3195 3160 3248 diversae
3193 3208 3395 3257 causae,
3448 3208 3587 3264 quas

2017 3287 2179 3350 idem,
2214 3295 2266 3342 et
2305 3286 2458 3341 Philo
2491 3286 2865 3356 superioribus
2898 3285 3031 3339 locis
3072 3285 3332 3348 innuunt,
3365 3293 3588 3356 propter

2017 3398 2154 3452 quas
2207 3380 2448 3452 IEgyptii
2489 3369 2797 3451 amigebant
2845 3377 3084 3432 Iudaeos.
3138 3377 3332 3440 Metus,
3386 3394 3453 3432 ne
3503 3378 3590 3432 in-

2017 3483 2245 3545 gruente
2280 3473 2421 3527 bello
2455 3487 2512 3527 se
2555 3472 2849 3542 iungerent
2879 3469 3130 3524 hostibus
3167 3467 3586 3539 AEg-yptiornm;

2021 3567 2254 3628 invidia,
2293 3566 2419 3635 quia
2451 3565 2708 3618 videbant
2745 3563 2868 3618 illos
2917 3562 3104 3617 sobole
3133 3576 3446 3625 numerosa,
3474 3559 3592 3630 pul-

2020 3655 2171 3718 chra,
2209 3656 2454 3719 robusta,
2499 3655 2730 3724 aliisque
2775 3655 2943 3730 animi
2981 3653 3203 3707 dotibus
3247 3653 3588 3716 instructos;

2022 3745 2204 3800 odium
2241 3754 2564 3816 conceptum
2599 3760 2662 3799 ex
2689 3743 3005 3799 diversitate
3057 3740 3360 3813 religionis,
3393 3739 3593 3794 indolis

2022 3847 2072 3892 el
2107 3853 2338 3892 morum.

2094 3929 2254 3993 lbid.,
2281 3929 2376 3981 lin.
2405 3927 2497 3982 20.
2528 3927 2928 3996 Προσημαίνει
2950 3923 3030 3991 τῷ
3050 3924 3273 3994 Φαραώ.
3301 3923 3596 3994 Cajetanus

2025 4030 2178 4091 putat
2205 4021 2373 4074 fuisse
2406 4019 2619 4089 origine
2651 4034 2758 4072 non
2787 4017 3124 4088 Aﬂgyptium,
3157 4019 3250 4070 sed
3283 4015 3592 4085 Assyrium.

2025 4113 2253 4179 Quidam
2279 4128 2400 4166 cum
2428 4110 2664 4164 Eusebio
2696 4110 2886 4163 dicunt
2913 4110 3080 4164 fuisse
3115 4107 3412 4179 Mephrem,
3435 4122 3595 4176 quem

2027 4201 2295 4257 Eusebius
2329 4210 2578 4270 quartum
2611 4215 2787 4268 regem
2831 4198 2962 4252 facit
2991 4213 3056 4252 ex
3091 4197 3340 4268 dynastia
3384 4195 3596 4250 decima

2027 4303 2240 4358 octava,
2278 4309 2397 4363 quae
2439 4301 2523 4347 est
2568 4290 2963 4345 Politanorum.
3016 4291 3122 4344 Alii
3167 4297 3379 4362 putant.
3430 4288 3599 4342 fuisse

353 4387 683 4459 ἀπαρεσθεὶς
723 4388 832 4450 τοῖς
871 4385 975 4436 ύπδ
1027 4381 1251 4452 Συμεὼν
1304 4380 1398 4432 καὶ
1440 4375 1568 4431 Λευῖ
1610 4372 1911 4454 πραχιθεῖσιι

2030 4387 2366 4450 Ramessem,
2398 4400 2461 4438 ex
2488 4398 2554 4437 eo
2587 4384 2731 4452 quod
2758 4383 2826 4436 ab
2859 4399 2944 4447 eo,
2973 4392 3031 4436 ut
3056 4383 3290 4445 videtur,
3317 4389 3504 4436 vocata
3526 4380 3600 4436 sit

355 4483 415 4535 ὲν
445 4479 688 4549 Σικίμοις
717 4477 801 4533 διὰ
832 4475 928 4546 τὴν
954 4476 1050 4546 τῆς
1068 4474 1296 4543 ἀδελφῆς
1324 4469 1526 4541 φθορὰν
1556 4470 1633 4530 είς
1660 4467 1783 4527 τοὺς
1806 4465 1911 4514 ὲπι-

2033 4479 2164 4532 urbs
2199 4477 2474 4542 Ramesse,
2509 4491 2671 4544 quam
2717 4475 2771 4528 in
2804 4475 2906 4528 bac
2945 4474 3234 4528 amictione
3273 4475 3394 4542 ejus
3437 4471 3598 4541 jIIssu

355 4573 589 4644 χωρίους
621 4570 796 4639 θάψας
836 4572 892 4622 ὲν
924 4569 1166 4647 Σικίμοις
1197 4565 1289 4628 οὓς
1326 4564 1548 4632 ἐφέρετο
1581 4560 1732 4622 θεοὺς
1781 4555 1911 4632 παρὲ

2029 4572 2438 4625 ωὼιίυεινρνυηι
2493 4566 2726 4621 Hebraei.
2775 4565 3053 4620 Gcrardus
3105 4563 3372 4619 Mercator
3419 4576 3598 4634 regem

355 4667 456 4738 τὴν
489 4665 690 4743 πέτραν
722 4662 826 4714 ὐπὸ
854 4662 948 4732 τὴν
989 4647 1297 4730 θαυμασίαν
1327 4653 1654 4726 τερέϐινθος),
1683 4652 1801 4720 ἥτις
1837 4647 1931 4718 μὲ-

357 4775 450 4829 χρι
483 4757 576 4807 νῦν
609 4742 692 4818 είς
731 4753 892 4824 τιμὴν
930 4752 1038 4805 τῶν
1066 4749 1412 4822 πατριαρχῶν
1439 4747 1544 4799 ὑπὸ
1578 4744 1684 4797 τῶν
1716 4742 1934 4809 πλησιο-

357 4850 556 4922 χώρων,
574 4850 818 4919 τιμᾶται,
852 4849 1084 4917 μετῆρεν
1113 4847 1191 4907 εἰς
1214 4842 1406 4912 Βεθήλ.
1432 4839 1645 4908 Ταύτης
1672 4833 1821 4904 παρά
1846 4831 1934 4884 τὸν

359 4943 604 5015 πρέμνον
647 4941 745 5010 τῆς
779 4937 1085 5011 τερεϐίνθου
1127 4936 1306 5007 βωμὸς
1343 4932 1431 5006 ἦν,
1464 4931 1546 5000 ἐφ’
1575 4930 1630 4982 ὃν
1656 4927 1755 4988 τὰς
1784 4928 1936 4977 ἐκτε-

358 5035 510 5096 νετας
543 5033 803 5102 ἀνέφερον
848 5034 904 5084 ὲν
932 5033 1061 5102 ταῖς,
1085 5027 1420 5100 πανηγύρεσι
1456 5024 1554 5093 τῆς
1580 5021 1760 5092 χώρας
1800 5017 1935 5070 ἔνοι-

362 5144 470 5181 κοι.
514 5125 645 5192 Quee
674 5126 862 5178 ultima
908 5123 1072 5186 verba
1105 5123 1158 5176 in
1195 5121 1454 5174 Africano
1483 5121 1735 5182 corrupta
1770 5112 1839 5164 ita
1869 5125 1935 5163 ex

365 5217 654 5273 Eustatiiio
679 5217 902 5270 restitue
923 5234 935 5268 :
957 5215 1144 5285 Βωμὸς
1167 5209 1253 5283 ἦν,
1284 5212 1365 5281 ἐφ’
1390 5211 1446 5264 ὃν
1472 5210 1540 5263 τά
1564 5224 1623 5260 τε
1645 5201 1938 5257 ὁλοκαυτώ-

366 5329 514 5384 ματα
543 5313 636 5364 καὶ
671 5311 768 5372 τὰς
799 5307 1106 5378 ἑκατόμϐας
1141 5307 1400 5378 ἀνέφερον
1448 5307 1507 5357 ὲν
1541 5303 1658 5363 ταῖς
1695 5295 1940 5367 πανηγύ-

369 5423 520 5483 ρεσιν
559 5407 606 5457 οἱ
643 5405 741 5474 τῆς
772 5401 1198 5474 χώραςὲνοικοι.

442 5497 600 5559 lbid.,
638 5497 739 5554 lin.
779 5496 861 5548 M.
899 5494 1206 5560 Ποικίλαις
1248 5508 1390 5562 συμ.
1434 5490 1722 5560 Josephus,
1761 5491 1936 5560 Antiq.

369 5587 466 5646 lib.
495 5603 530 5640 ll
553 5607 563 5650 ;
589 5586 901 5655 Δίγυπτίοις
931 5587 1220 5661 τρυφεροῖς
1253 5584 1346 5636 καὶ
1378 5581 1639 5654 ῥᾳθύμοις
1669 5577 1784 5634 οῦσι
1806 5581 1940 5651 πρὸς

340 5683 341 5686 “
371 5678 587 5744 πόνους,
618 5679 713 5734 καί
737 5678 845 5732 τῶν
875 5695 932 5731 τε
958 5676 1131 5740 ἄλλων
1163 5674 1363 5748 ἡδονῶν
1389 5676 1594 5746 ἥττοσι,
1625 5675 1716 5727 καὶ
1747 5673 1810 5747 δὴ
1848 5675 1941 5733 καὶ

375 5771 477 5844 τῆς
519 5769 658 5826 κατὰ
702 5769 1104 5844 φιλοκέρδειαν,
1153 5768 1350 5839 συνέϐη
1400 5765 1586 5829 δεινῶς
1636 5765 1769 5836 πρὸς
1817 5765 1941 5829 τούς

2032 4664 2176 4734 hunc
2232 4673 2390 4716 vocat
2441 4659 2968 4722 Armesesmiantun,
3014 4659 3175 4727 quem
3225 4657 3601 4725 ait~regnasse

2033 4770 2205 4809 annos
2235 4770 2379 4818 wa,
2414 4762 2466 4807 et
2488 4766 2715 4821 regnare
2744 4750 2977 4819 cmpisse
3007 4748 3248 4817 quinque
3270 4759 3442 4798 annos
3475 4749 3602 4797 ante

2033 4859 2211 4902 ortum
2240 4845 2462 4916 Moysis.
2491 4842 2799 4897 Tornicllus
2816 4842 2897 4894 ait
2923 4839 3091 4893 fuisse
3109 4835 3484 4905 AmenOpbim,
3506 4833 3598 4904 qui

2035 4941 2088 4993 in
2121 4937 2185 4992 18
2213 4938 2463 5010 dynastia
2496 4935 2880 5005 Polytanorum
2916 4932 3183 5000 septimus
3220 4937 3336 4995 est;
3368 4927 3602 4982 et-hunc

2035 5031 2253 5102 quidam
2283 5030 2579 5099 opinantur
2606 5027 2771 5080 fuisse
2800 5023 3174 5078 Memnonem.

2106 5122 2267 5183 lbid..
2310 5121 2407 5176 lin.
2448 5120 2539 5174 9.5.-
2570 5120 2752 5187 Ἔργα
2799 5114 2915 5183 μὲν
2962 5113 3186 5179 αὐτοῖς.
3249 5110 3598 5166 Hebraeorum

2037 5215 2354 5275 servitutem
2393 5212 2642 5272 acerbam
2681 5208 2930 5279 pluribus
2958 5205 3220 5263 describit
3268 5202 3423 5264 Philo
3454 5202 3549 5258 lib.
3579 5213 3597 5252 ι

2038 5307 2114 5360 De
2143 5307 2248 5360 vita
2288 5301 2840 5402 Moysismseplius.
2871 5299 3126 5401 Antiquit.
3161 5297 3255 5402 lib:
3289 5311 3348 5361 It,
3379 5310 3501 5365 cap.
3534 5292 3595 5360 5;

2039 5399 2354 5463 Ezechielus
2380 5381 2680 5464 Tragﬁdus
2712 5391 2852 5462 apud
2881 5387 3284 5455 Eusebium,De
3313 5395 3596 5457 purpurat.

2038 5490 2353 5558 evangelica,
2383 5488 2477 5541 lib.
2509 5502 2546 5540 ι.
2581 5485 2653 5540 Ex
2678 5484 2845 5539 nimio
2867 5484 2992 5536 item
3019 5481 3224 5545 labore,
3254 5489 3306 5533 et
3329 5487 3463 5533 testu
3493 5478 3581 5547 plu

2041 5579 2165 5632 rimi
2217 5577 2671 5645 corripiebantur,
2715 5582 2768 5628 et
2817 5571 3192 5626 moriebantur
3233 5575 3419 5638 peste,
3461 5581 3599 5637 quos

2042 5671 2341 5740 insepultos
2388 5667 2747 5739 projiciebant
2778 5663 3034 5736 Egypt“.
3081 5660 3257 5732 Opera
3302 5666 3480 5715 autem
3532 5657 3601 5712 ab

2043 5763 2311 5836 Egyptiis
2343 5759 2615 5833 imposita,
2649 5758 2882 5830 primum
2908 5755 3143 5812 formare
3173 5754 3345 5812 lutum
3379 5752 3444 5815 in-
3464 5751 3598 5806 latc-
