4072 6338
521 345 659 400 1057

1895 341 2140 398 LEONlS
2167 344 2436 399 ALLATII

3641 343 3776 398 1048

520 485 631 535 res,
666 474 987 531 secundum,
1026 466 1298 524 aediﬁcare
1324 469 1488 523 urbes
1519 467 1755 529 Pithoni.
1779 477 1832 522 et
1874 467 2100 520 [tantes-

2209 468 2428 538 σόμενον
2464 459 2680 524 ἄπωθέν
2733 471 2943 524 ἑστῶσα
2971 470 3064 523 τοῦ
3095 469 3280 532 παιδὸς
3318 470 3351 539 ἡ
3382 443 3607 556 ἀδελφή.
3646 467 3778 524 Eze-

521 575 632 621 ses.
672 559 894 613 tertium
934 558 1116 613 Nilum
1153 559 1207 613 in
1247 558 1425 615 fossas
1467 559 1738 614 deducere
1771 559 1835 612 ad
1869 559 2102 628 irrigan-

521 652 652 706 dutn
682 651 1024 721 singulorum
1059 667 1244 722 agros,
1276 659 1328 706 et
1362 663 1535 720 prata,
1575 651 1860 719 fossasque
1893 650 2102 720 aggeri-

522 745 625 800 bus
664 744 905 814 cingere.
948 741 1222 813 Josephus
1257 745 1480 797 insanas
1525 742 1963 797 substructiones
1995 743 2100 814 Py-

522 837 789 890 ramidum
819 837 1009 891 tribuit
1036 835 1297 891 Hebraeis.
1324 836 1632 905 Artapanus
1657 834 1884 888 ;Τοῦτον
1911 836 1968 889 δὲ
1992 839 2104 899 τοῖς

536 929 808 990 Ἰουδαίοις
855 929 1074 997 φαύλως
1117 928 1554 1003 προσφέρεσθαι*
1601 930 1693 981 καὶ
1743 927 1957 998 πρῶτον
2005 929 2101 999 μὲν

520 1022 619 1093 τὴν
648 1021 865 1074 Κεσσὰν
898 1023 1269 1092 οἰκοδομῆσαι,
1322 1023 1382 1075 τό
1410 1038 1467 1074 τε
1502 1024 1589 1074 ἐπ’
1619 1023 1754 1092 αὐτῇ
1791 1022 1932 1093 ἱερὸν
1967 1022 2100 1076 καθ-

525 1111 860 1184 ιδρύσασθαι,
887 1109 1003 1166 εἶτα
1033 1115 1125 1166 τὸν
1153 1116 1209 1166 ἐν
1252 1114 1587 1166 Ἡλιουπόλει
1613 1115 1736 1166 ναὸν
1763 1114 2101 1167 κατασκευά-

525 1220 634 1258 σαι.
665 1203 902 1274 Cyrillus
933 1203 1328 1276 Glaphyrornln
1370 1205 1421 1256 in
1445 1203 1630 1272 .Exod.
1652 1204 1744 1257 lib.
1775 1219 1789 1257 l
1821 1222 1833 1257 :
1869 1205 1926 1256 ὐ
1957 1203 2012 1256 δὲ
2038 1202 2102 1275 δὴ

523 1295 825 1350 κακοῦσθαι
864 1296 1063 1368 τρόπος
1098 1292 1165 1368 ἦν
1192 1298 1219 1349 ὁ
1250 1285 1342 1348 tiri.
1396 1296 1701 1360 σκαπάναις
1744 1294 1920 1366 ἱδρὼς,
1953 1295 2104 1348 πλιν-

525 1385 754 1456 θουργία
789 1386 975 1458 μακρὰ
1016 1389 1111 1440 καὶ
1144 1387 1372 1457 ἄμισθος
1413 1387 1504 1439 καὶ
1543 1387 1648 1457 μὴν
1677 1386 1770 1439 καὶ
1801 1385 1864 1438 τὸ
1896 1384 2104 1439 ἀναδεί-

527 1478 731 1547 μασθαι
762 1479 945 1542 πόλεις
992 1477 1194 1550 ὀχυρὰς
1228 1477 1303 1549 τῷ
1340 1476 1560 1549 Φαραὼ,
1602 1478 1848 1530 τουτέστι
1894 1494 2103 1546 πεπυρ-

525 1570 801 1640 γωμένας,
905 1570 1077 1634 οὕτως
1119 1570 1335 1644 εύρείας
1381 1571 1474 1623 καὶ
1516 1569 1752 1640 μακρὰς,
1787 1570 1861 1632 ώς
1907 1569 2101 1640 κομιδῆ

523 1666 644 1725 ταῖς
675 1663 861 1726 ἄλλαις
914 1659 1052 1716 εἶναι
1101 1662 1294 1728 δοκεῖν,
1342 1661 1428 1714 διὰ
1475 1662 1681 1733 πληθὺν
1727 1662 1966 1733 δηλονότι
1996 1659 2103 1714 τῶν

526 1755 899 1826 ὲνῳκηκότων.
929 1753 1106 1808 Πειθὼ
1133 1755 1190 1808 δὲ
1211 1752 1349 1827 ἦσαν
1370 1772 1462 1809 και
1507 1755 1806 1826 Ῥαμεσσῆ,
1835 1756 1928 1808 xat‘t
1947 1753 2101 1808 ἄλλαι

2205 561 2482 615 chieltts...
2509 562 2582 615 Ού
2615 561 2850 615 λαθοῦσα
2875 562 2932 615 δὲ

2283 674 2662 741 ’Υπεξέθηκε.
2698 677 2927 743 κοσμία·
2954 673 3272 742 ἀμφιθεῖσά
3293 691 3393 739 μοι

2271 747 2414 813 Παρ’
2442 745 2590 813 ἄκρα
2615 745 2879 809 ποταμοῦ
2911 745 3134 798 λάσιον
3151 747 3235 808 εἰς
3256 745 3396 808 ἕλος
3413 745 3599 808 βαθύ.

2272 815 2505 885 Μαριὰμ
2531 815 2582 867 δ’
2616 816 2845 886 ἀδελφή
2873 834 2994 885 μου
3023 813 3395 869 κατώπτευεν
3423 814 3634 881 πέλας.

2204 927 2403 984 Fusius
2434 929 2547 983 ιιωο
2576 931 2755 983 omnia
2783 929 2960 985 Philo.

2274 1022 2433 1085 lbid.,
2465 1023 2558 1075 litt.
2591 1022 2676 1076 di.
2711 1023 2818 1078 Kal
2843 1024 2877 1089 ἡ
2904 1022 3162 1092 θυγάτηρ
3192 1023 3296 1077 τοῦ
3325 1026 3429 1078 (Pa.
3473 1022 3674 1078 Eadem
3703 1025 3780 1079 le-

2203 1121 2406 1182 guntur
2441 1113 2579 1182 apud
2607 1111 2970 1175 Ezechielntu,
3001 1111 3303 1177 Philonem,
3323 1111 3644 1182 Josepbum,
3667 1113 3780 1170 Cle-

2204 1211 2437 1259 mentem
2475 1204 2922 1266 Alexandrinum,
2954 1214 3006 1260 et
3033 1207 3190 1260 alios.

2271 1293 2429 1356 lbid..
2454 1295 2548 1349 litt.
2567 1295 2656 1351 Η.
2688 1298 3025 1365 Ἀποροῦσα
3039 1299 3268 1364 παιδός.
3284 1298 3595 1367 Artapanus
3617 1296 3783 1351 ιΤοῦ-

2201 1405 2290 1442 τον
2308 1388 2363 1440 δὲ
2374 1389 2627 1458 γεννῆσαι
2638 1387 2908 1459 θυγατέρα
2925 1391 3152 1462 Μέρῤιν,
3175 1390 3240 1461 ῆν
3256 1391 3503 1462 Χενεφρῇ
3520 1407 3629 1442 τινι
3651 1407 3784 1443 κατ-

2204 1482 2489 1551 εγγυῆσαι,
2521 1481 2626 1533 τῶν
2670 1481 2810 1552 ὑπὲρ
2838 1481 3056 1552 Μέμφιν
3070 1482 3248 1536 τόπων
3265 1482 3616 1554 βασιλεύοντι.
3646 1481 3782 1534 [Ιολ-

2203 1571 2327 1636 λοὺς
2341 1572 2446 1642 γὰρ
2463 1573 2579 1626 τότε
2597 1572 2695 1642 τῆς
2711 1572 2984 1640 Αἰγύπτου
3005 1573 3326 1644 βασιλεύειν.
3348 1574 3560 1644 Ταύτην
3572 1574 3628 1626 δὲ
3650 1572 3786 1625 στεί-

2209 1683 2304 1737 ραν
2322 1666 2670 1736 ὑπάρχουσαν
2694 1666 3056 1721 ὑποϐαλέσθαι
3075 1667 3219 1731 τινὸς
3233 1666 3339 1719 τῶν
3378 1665 3648 1720 Ἰουδαίων
3666 1661 3787 1718 rma-

2204 1756 2333 1812 δίον.
2365 1757 2534 1810 Τοῦτο
2545 1758 2598 1812 δὲ
2621 1757 2751 1812 Μώῦ
2762 1777 2850 1812 σον
2865 1760 3125 1828 ὀνομάσαι
3146 1803 3160 1823 ,
3185 1760 3289 1812 ὑπὸ
3306 1759 3361 1811 δὲ
3383 1758 3488 1811 τῶν
3518 1757 3786 1828 Ἑλλήνων

527 1845 728 1910 πόλεις.
755 1845 996 1901 Tandem
1014 1862 1109 1902 eos
1141 1848 1374 1902 servisse
1407 1847 1460 1900 in
1483 1848 1632 1902 onmi
1663 1845 1923 1901 famulatu
1955 1861 2101 1901 com-

2209 1849 2368 1903 αὑτὸν
2392 1849 2727 1921 ἀνδρωθέντα
2755 1852 3026 1904 Μουσαῖον
3065 1850 3589 1923 προσαγορευθῆναι.
3630 1847 3784 1902 Γενὲο

529 1939 772 2009 perimus
811 1940 864 1992 in
903 1939 1162 2008 operibus
1197 1949 1374 1995 terra}.

597 2031 846 2097 Col.780,
864 2032 957 2085 lin.
977 2032 1035 2085 3|
1052 2071 1066 2093 ,
1086 2032 1190 2085 Καὶ
1218 2031 1287 2084 τὰ
1303 2035 1438 2102 παρ’
1455 2032 1890 2098 αὺτοῒς.8ἱιιιὶ1ἱυ
1909 2032 2108 2086 habent

523 2124 820 2193 .losephus,
853 2125 1032 2191 Philo,
1066 2134 1118 2181 et
1152 2127 1265 2180 alii.
1300 2126 1430 2182 ltem
1462 2126 1782 2181 Esecbielus
1812 2126 1954 2196 apud
1996 2125 2106 2179 Eu-

529 2221 736 2275 sebium
760 2239 772 2274 :

639 2335 884 2386 Ἔπειτα
907 2335 1198 2399 κηρύσσει
1214 2333 1330 2402 μὲν
1369 2333 1648 2400 Ἐϐραίων
1670 2332 1826 2400 γένει

641 2403 967 2469 Τάρσενικα
992 2405 1231 2471 ῥίπτειν
1251 2405 1520 2472 ποταμὸν
1539 2404 1604 2468 ἐς
1623 2404 1980 2470 βαθύρροον.

599 2513 761 2580 lbid.,
795 2515 891 2568 lin.
934 2517 1023 2570 35.
1077 2517 1320 2585 Ἀϐραὰμ
1353 2517 1613 2586 ὀνόματι.
1649 2515 1934 2578 Hebraice,
1968 2524 2020 2568 et
2054 2515 2109 2568 in

531 2605 722 2662 Bibliis
745 2605 956 2663 Latinis
982 2608 1200 2661 Amrmn
1234 2608 1451 2676 legitur.
1487 2607 1659 2662 ϐιτρεὶ
1684 2623 1795 2662 sua:
1825 2608 2110 2676 orthogra-

532 2700 671 2768 phia:
699 2715 910 2755 canone
943 2699 1198 2772 Ἀμϐράμ
1229 2701 1656 2769 scripserunt,et
1679 2700 1769 2753 alii
1797 2711 1977 2768 postea
1991 2715 2112 2776 suq-

529 2793 666 2848 viori
697 2808 831 2847 sono
860 2794 1106 2865 Ἀϐραάμ
1133 2811 1148 2858 ;
1202 2795 1272 2848 ita
1298 2793 1600 2848 Demetrius
1637 2793 1777 2863 apud
1795 2793 2109 2858 Eusebium,

534 2885 610 2940 De
628 2887 1031 2954 prarparatione,
1050 2885 1142 2940 lib.
1165 2901 1216 2938 ιχ
1237 2903 1250 2950 ;
1270 2884 1622 2955 Epiphanius.
1647 2885 1739 2954 qui
1769 2896 1824 2939 ut
1851 2901 1973 2938 eum
1997 2885 2111 2939 dis-

530 2980 742 3049 tinguat
768 2979 837 3033 ab
871 2977 1103 3030 Abraam
1135 2979 1441 3047 patriarcha
1469 2977 1716 3049 Ἀϐραὰμ
1738 2977 1960 3047 ἔσχατον
1985 2992 2109 3030 eum

535 3071 776 3141 appellat
822 3070 875 3124 in
911 3070 1214 3141 Ancyroto:
1249 3070 1402 3123 Καὰο
1433 3069 1488 3122 δὲ
1532 3069 1669 3140 μετὰ
1709 3070 1806 3141 τὴν
1839 3071 1918 3132 εἰς
1949 3070 2110 3137 Αἴγυ-

533 3179 663 3216 τπον
714 3161 936 3217 κάθοδον
979 3164 1036 3214 ὲν
1082 3161 1158 3232 τῷ
1181 3161 1456 3232 ἑξηκοστῷ
1508 3162 1740 3232 πέμπτῳ
1797 3162 1958 3215 αὑτοῦ
2002 3162 2109 3216 ἔτει
2139 3167 2182 3227 C

529 3257 692 3328 γεννᾷ
722 3257 814 3310 τὸν
849 3257 1056 3330 πατέρα
1086 3257 1327 3320 Μωσέως
1366 3257 1634 3328 Ἀὅραὰμη
1666 3256 1905 3307 Γίνονται
1935 3255 2111 3307 τοίνυν

530 3349 639 3402 ἀπὸ
682 3349 774 3406 τοῦ
823 3349 1036 3421 πρώτου
1089 3349 1336 3422 Ἀϐραὰμ
1379 3347 1470 3400 τοῦ
1512 3346 1904 3420 ἑϐδομηκοστῷ
1943 3345 2109 3400 αὑτοῦ

530 3442 782 3510 πέμπτου
801 3441 950 3506 ἔτους
965 3443 1069 3505 ἕως
1093 3443 1190 3514 τῆς
1210 3442 1472 3510 γενέσεως
1489 3441 1582 3494 τοῦ
1601 3441 1827 3514 ἐσχάτου
1862 3439 2112 3512 ’Λὸραὰμ

531 3533 628 3604 ἔτη
670 3541 792 3599 on’;
830 3534 974 3602 quod
1015 3535 1089 3589 ita
1131 3534 1423 3605 separavit,
1469 3533 1598 3604 quia
1635 3531 1776 3589 idem
1827 3533 2111 3602 utriusque

531 3642 731 3680 nomen
764 3626 1068 3682 videbatur.

607 3716 741 3777 lbid.
773 3719 1042 3774 Γυναῖκα
1064 3718 1192 3786 τήν.
1217 3718 1337 3774 Νοη
1365 3718 1553 3782 tiliam,
1580 3719 1673 3773 sed
1705 3726 1918 3788 neptem
1946 3715 2106 3783 Levi;

533 3828 643 3866 non
698 3813 942 3874 amitam,
989 3813 1083 3868 sed
1131 3813 1516 3868 consobrinam
1572 3811 1816 3865 Atnram.
1865 3807 2111 3880 Nugatur

532 3919 663 3974 ergo
692 3903 972 3967 Calvinus,
999 3921 1124 3960 cum
1157 3904 1396 3976 Moysent
1421 3905 1734 3959 incestuoso
1761 3903 2109 3956 matrimonio

534 4006 856 4067 prognatum
901 4012 1023 4052 esse
1061 3996 1314 4059 aﬂirmat,
1353 3995 1494 4051 sicut
1535 4001 1590 4048 et
1639 3990 2110 4061 impudentissime

537 4098 790 4157 parentes
852 4089 1039 4145 ferina:
1085 4089 1441 4142 immanitatis
1513 4087 1584 4142 ob
1643 4086 1813 4156 prolis
1874 4084 2106 4140 similem

531 4182 928 4251 expositionem
965 4179 1310 4234 criminatur.

604 4269 768 4337 ιδιά..
802 4271 895 4326 litt.
932 4271 1022 4325 57.
1049 4271 1158 4324 Kal
1181 4270 1495 4340 ἔκρυπτεν.
1529 4269 1705 4332 Philo,
1731 4268 1804 4324 De
1829 4269 1933 4322 vita
1956 4267 2110 4339 Moy-

533 4365 606 4417 sis
627 4381 644 4419 :
663 4363 946 4433 Γεννηθεὶς
973 4358 1066 4417 οὖν
1092 4365 1120 4417 ό
1143 4367 1271 4426 παῖς
1299 4363 1461 4427 εὐθὺς
1487 4363 1608 4432 ὄψιν
1629 4364 1884 4434 ἐνέφηνεν
1909 4364 2109 4416 ἀστειο-

530 4452 754 4524 τέρανῆ
790 4454 909 4506 κατ’
948 4452 1181 4524 ἰδιώτην,
1209 4453 1284 4518 ᾡς
1315 4455 1408 4506 καὶ
1449 4453 1558 4506 τῶν
1591 4455 1683 4507 τοῦ
1718 4454 1980 4528 τυράννου
2009 4473 2108 4526 κη-

535 4545 851 4616 ρυγμάτων·
880 4547 964 4615 ἐφ’
988 4547 1111 4601 ὅσον
1135 4542 1244 4601 οἷόν
1272 4565 1332 4606 τε
1358 4544 1446 4619 ἦν,
1478 4551 1602 4613 τοὺς
1627 4553 1802 4619 γονεῖς
1825 4539 2105 4620 ἀλογῆσαι.

533 4639 693 4708 Τρεῖς
729 4637 858 4706 γοῦν
895 4653 1025 4708 φασι
1068 4640 1241 4711 μῆνας
1281 4641 1477 4712 ἐφεξῆς
1505 4641 1642 4696 οἴκοι
1674 4642 2114 4714 γαλακτοτροφη-

535 4729 695 4801 θῆναι
727 4730 1056 4786 λανθάνοντα
1089 4734 1213 4797 τοὺς
1241 4733 1488 4800 πολλούς.
1511 4733 1764 4790 Clemens
1791 4734 2113 4789 Alexandri-

535 4837 661 4882 nus,
701 4821 958 4877 Stromat.
995 4823 1089 4878 lib.
1115 4839 1154 4888 ι,
1192 4824 1535 4895 Ebria-eplqu
1566 4825 1622 4878 δὲ
1659 4825 1750 4878 τὸν
1794 4825 1957 4879 παῖδα
1986 4825 2114 4878 ὄντα

533 4915 682 4983 τρεῖς
729 4913 924 4985 ἐφεξῆς
969 4913 1303 4986 κρύπτοντες
1349 4915 1575 4986 ἔτρεφον
1619 4915 1790 4985 μῆνας
1835 4918 1884 4968 οἱ
1914 4919 2116 4984 γονεῖς,

536 5001 770 5075 νικώσης
803 5007 904 5076 τῆς
929 5006 1164 5076 φυσικῆς
1206 5007 1417 5070 εὐνοίας
1451 5006 1548 5077 τὴν
1595 5005 1920 5078 τυραννικὴν
1969 5007 2113 5077 ὠμό-

534 5113 694 5167 τητα.
725 5097 1047 5156 Ezechielus
1077 5099 1221 5170 apud
1255 5101 1526 5162 eumdem,
1557 5107 1610 5159 et
1636 5098 1927 5154 Eusebium
1955 5118 1968 5153 :

729 5233 1020 5305 Ἐνταῦθα
1037 5233 1234 5303 μήτηρ
1261 5235 1298 5305 ή
1334 5233 1572 5288 τεκοῦσ⁹
1605 5233 1863 5304 ἔκρυπτέ
1897 5251 1972 5305 με
2042 5198 2083 5210 ﬁ

719 5303 878 5370 Τρεῖς
910 5303 1132 5373 μῆνας,
1162 5306 1242 5371 ὡς
1264 5303 1552 5374 ἔφασκεν.

608 5439 768 5504 Ibid.,
803 5439 900 5494 lin.
935 5440 1024 5497 58.
1067 5442 1160 5508 Ὠς
1177 5439 1246 5496 δὲ
1282 5437 1404 5497 εἶδε
1435 5431 1562 5497 τόν.
1593 5443 1845 5498 Clemens
1875 5441 2115 5496 Alexan~

539 5531 753 5596 drinus,
803 5533 1084 5597 Δείσαντες
1115 5533 1173 5588 δὲ
1212 5533 1438 5606 ὕστερον
1470 5534 1543 5607 μὴ
1598 5535 2003 5589 συναπόλωνται
2040 5533 2124 5606 τῷ.

536 5621 711 5684 παιδὶ,
737 5624 800 5676 ὲκ
829 5622 1008 5693 βίϐλου
1041 5623 1143 5692 τῆς
1185 5623 1477 5694 ἐπιχωρίου
1507 5622 1697 5689 σκεῦός
1731 5639 1784 5676 τι
1812 5622 2114 5694 ποιησάμε-

540 5731 639 5776 νοι,
673 5710 761 5767 τὸν
813 5715 976 5768 παῖδα
1011 5715 1284 5786 ἐνθέμενοι
1317 5716 1589 5771 ἐκτιθέασι
1637 5717 1787 5788 παρὰ
1815 5715 1915 5780 τὰς
1953 5715 2115 5786 ὄχθας

543 5804 638 5866 τοῦ
667 5807 903 5884 ποταμοῦ
939 5807 1163 5870 ἑλώδους
1193 5807 1359 5871 ὄντος.
1409 5808 1696 5877 Ἐπετήρει
1720 5806 1774 5860 δὲ
1813 5807 1873 5859 τὸ
1907 5805 2115 5884 ἀποϐη-

2210 1941 2330 1994 σθαι
2349 1941 2405 1993 δὲ
2425 1941 2513 1994 τὸν
2531 1941 2661 1996 Μώῦ
2671 1959 2757 1995 σον
2779 1944 2965 1996 τοῦτον
2981 1943 3217 2014 Ὀρφέως
3233 1942 3566 1995 διδάσκαλον.
3588 1940 3781 1993 Mirum

2209 2041 2314 2100 est,
2353 2039 2409 2084 ut
2444 2041 2636 2084 auctor
2668 2033 2769 2087 iste
2810 2033 2860 2086 in
2899 2033 3185 2087 referenda
3220 2031 3571 2085 llebrmorum
3609 2029 3783 2083 histo-

2209 2121 2290 2174 ria
2322 2121 2594 2184 excutiat,
2636 2123 3074 2192 inconcinnaque
3113 2123 3358 2187 scribat;
3393 2130 3447 2175 et
3477 2121 3656 2175 ausim
3699 2119 3782 2173 di-

2209 2229 2354 2277 cere,
2382 2225 2511 2283 ψιυι
2540 2215 2728 2275 verba.
2762 2223 2842 2268 tot
2874 2232 2996 2270 eum
3031 2230 3248 2270 errores
3279 2214 3646 2268 commisisse.
3678 2212 3784 2268 Eoo

2210 2299 2329 2360 rutn
2360 2309 2626 2388 correctio
2651 2325 2714 2363 ex
2733 2309 2933 2362 divinis
2958 2308 3154 2362 litteris
3179 2309 3230 2360 in
3254 2315 3500 2377 promptu
3523 2316 3608 2362 est
3636 2325 3652 2372 ;
3685 2320 3786 2362 nec

2211 2399 2332 2470 plus
2373 2399 2650 2469 Artapano
2702 2401 2890 2456 sanior
2925 2399 3178 2455 Justinus
3233 2400 3549 2462 historicus,
3599 2400 3787 2454 omni:

2211 2507 2414 2560 susque.
2447 2473 2948 2560 dequeitransversa
2997 2492 3128 2561 agit,
3163 2509 3282 2561 qua:
3324 2509 3389 2545 ne
3446 2492 3649 2560 sa‘pius
3704 2507 3790 2545 re-

2211 2594 2391 2654 petere
2415 2599 2754 2649 cogerentur,
2790 2583 2876 2636 hic
2900 2585 3065 2637 semel
3101 2584 3583 2652 transcripsimus:
3609 2580 3785 2635 Filius

2209 2675 2426 2744 Iosephi
2471 2674 2677 2744 Moyses
2729 2676 2851 2744 fuit,
2885 2692 3033 2744 quem
3070 2686 3260 2743 prmter
3288 2684 3518 2743 paterna:
3552 2675 3788 2727 scientia

2211 2764 2587 2826 Itwreditatem,
2608 2767 2767 2818 etiam
2794 2765 2978 2834 forma:
2994 2765 3326 2832 pulchritudo
3361 2763 3784 2819 commendabat.

2215 2856 2319 2912 Sed
2379 2855 2619 2926 .Egyptii
2663 2857 2780 2909 cum
2828 2857 3052 2909 scabiem
3098 2866 3146 2910 et
3190 2855 3495 2925 vitiliginem
3541 2866 3787 2923 pateren-

2214 2960 2320 3013 tur,
2357 2966 2598 3017 responuo
2641 2948 2848 3011 monili,
2889 2940 3004 3001 eum
3037 2965 3152 3000 cum
3180 2949 3357 3017 agris.
3400 2965 3462 3001 ne
3509 2949 3668 3016 pestis
3714 2947 3786 2999 ad

2213 3042 2386 3110 plures
2431 3048 2673 3108 serperet,
2695 3039 2929 3092 terminis
2968 3037 3183 3106 .Egypti
3217 3038 3436 3105 pellunt.
3477 3037 3594 3092 Dux
3625 3039 3790 3104 igitur

2215 3133 2457 3188 exsulum
2500 3133 2694 3201 factus,
2731 3117 2886 3184 sacra
2921 3129 3290 3199 XEgyptiorum
3335 3130 3476 3198 furto
3522 3128 3786 3183 abstulit:

2215 3240 2330 3293 qutc
2358 3232 2639 3289 repetentes
2695 3221 2860 3273 armis
2893 3218 3153 3289 Aigyptii,
3198 3220 3407 3272 domum
3461 3219 3633 3273 redire
3662 3230 3788 3273 tem-

2213 3313 2498 3382 pestatibus
2531 3312 2785 3380 compulsi
2825 3321 2965 3366 sunt.
2994 3309 3180 3381 Itaque
3210 3309 3419 3380 Moyses
3460 3309 3790 3363 [)amascena

2213 3407 2430 3476 antiqua
2464 3408 2639 3468 patria
2671 3408 2886 3472 repetita
2912 3413 3133 3456 montem
3160 3403 3358 3474 Synam
3390 3412 3610 3469 occupat
3643 3419 3662 3456 :
3692 3419 3790 3473 qua

2213 3510 2404 3569 septem
2421 3499 2624 3553 dierum
2652 3497 2860 3568 jejunio
2888 3514 2978 3566 per
3008 3498 3212 3552 deserta
3233 3497 3442 3551 Arabia:
3464 3513 3580 3550 cum
3598 3497 3790 3566 populo

2213 3606 2307 3643 suo
2339 3589 2618 3658 fatigatus,
2649 3605 2766 3640 cum
2813 3586 3020 3640 tandem
3055 3589 3295 3650 venisset,
3332 3587 3607 3654 septimum
3651 3587 3792 3640 diem

2212 3699 2355 3737 more
2387 3682 2554 3752 gentis
2606 3681 2897 3736 Sabbatum
2942 3682 3259 3749 appellatum
3315 3682 3370 3734 in
3425 3696 3576 3734 omne
3625 3696 3794 3733 avum

2189 3773 2407 3843 “jejunio
2437 3773 2662 3826 sacravit
2689 3788 2706 3823 .·
2737 3772 2982 3840 quoniam
3017 3771 3112 3824 illa
3129 3771 3238 3823 dies
3257 3771 3448 3840 famem
3481 3769 3615 3830 illis,
3643 3786 3794 3823 erro-

2213 3883 2419 3936 remque
2443 3866 2672 3934 ﬁnierat.
2700 3863 2767 3917 Et
2787 3864 3035 3934 quoniam
3062 3873 3199 3916 metu
3218 3861 3544 3932 contagionis
3561 3860 3717 3928 pulso
3739 3876 3792 3913 se

2211 3964 2275 4016 ab
2300 3959 2532 4031 Egypto
2562 3959 2924 4018 meminerant,
2951 3973 3012 4010 ne
3052 3956 3232 4009 eadem
3272 3972 3433 4008 causa
3462 3953 3617 4008 inuisi
3653 3951 3791 4020 apud

2211 4053 2411 4108 incolas
2438 4053 2628 4122 forent,
2649 4060 2890 4104 caverunt
2912 4065 2973 4103 ne
2994 4065 3109 4101 cum
3134 4048 3417 4116 peregrinis
3436 4047 3792 4100 communica-

2211 4156 2322 4202 rent
2349 4162 2366 4208 ;
2396 4148 2531 4216 quod
2559 4159 2624 4198 ea:
2647 4160 2809 4196 causa
2838 4142 3038 4211 factum
3061 4139 3319 4209 paulatim
3357 4139 3410 4192 in
3447 4139 3793 4207 disciplinam

2209 4238 2615 4308 religionemque
2643 4234 2916 4289 convertit.
2952 4231 3104 4299 Quod
3140 4232 3229 4285 hic
3274 4229 3525 4285 Justinus
3567 4232 3636 4286 de
3669 4232 3794 4285 viti-

2211 4331 2378 4402 ligine
2413 4327 2602 4390 refert,
2650 4327 2900 4382 nonnulli
2935 4327 3100 4380 etiam
3145 4324 3237 4378 alii
3282 4324 3522 4396 gentium
3558 4327 3796 4394 scripto.

2209 4437 2320 4477 res.
2345 4419 2671 4474 Ptolemaeus
2710 4418 3038 4488 llepbazstio,
3083 4418 3176 4472 lib.
3203 4435 3236 4487 v_
3263 4419 3330 4472 de
3364 4432 3498 4470 nova
3534 4417 3792 4481 historia,

2142 4530 2184 4584 ῃ
2213 4513 2354 4583 apud
2386 4511 2636 4565 Photinm
2674 4510 2727 4564 in
2767 4509 3134 4564 Bibliotheca:
3171 4511 3293 4561 Ὅτι
3335 4507 3588 4579 φλυαρῶν
3639 4501 3798 4572 οὗτος

2213 4609 2241 4660 ό
2274 4605 2619 4677 μυθογράφος
2644 4604 2868 4673 Μωσῆς.
2905 4602 3086 4671 φησιν,
3123 4601 3152 4652 ὁ
3191 4601 3298 4654 τῶν
3339 4599 3604 4670 Ἐϐραίων
3634 4616 3798 4670 vapo-

2215 4697 2375 4770 θέτης
2404 4696 2584 4767 ’Ἄλφα
2632 4695 2877 4749 ἐκαλεῖτο
2922 4692 3010 4745 διὰ
3058 4693 3119 4745 τὸ
3149 4694 3349 4762 ἀλφοὺς
3384 4692 3526 4762 ἔχειν
3576 4692 3671 4744 ἐπὶ
3700 4689 3796 4745 τοῦ

2217 4789 2499 4861 σώματος’
2536 4796 2590 4843 et
2633 4785 2910 4841 lleliadius
2956 4785 3318 4840 Besantinous
3357 4783 3410 4836 in
3453 4781 3799 4837 Cltrestoma-

2217 4883 2326 4936 tltia
2349 4900 2366 4938 :
2391 4883 2516 4934 Ὅτι
2545 4880 2772 4952 φλυαρεῖ
2794 4879 2887 4932 καὶ
2918 4873 3070 4942 οὗτος
3109 4879 3200 4930 τὸν
3243 4877 3445 4946 Μωσῆν
3482 4875 3665 4943 Ἀλφα
3693 4891 3798 4930 κα-

2213 4976 2444 5040 λεῖσθαι,
2477 4975 2607 5028 διότι
2631 4974 2818 5043 ἁλφοῖς
2847 4971 2906 5024 τὸ
2937 4971 3094 5042 σῶμα
3126 4970 3482 5033 κατάστικτος
3507 4965 3577 5040 ἦν
3598 4985 3612 4996 ·
3639 4977 3694 5022 et
3723 4969 3797 5023 ad

2214 5072 2418 5126 dictum
2456 5085 2617 5125 suum
2656 5067 2936 5122 Philonem
2965 5075 3160 5121 testem
3215 5067 3456 5121 adhibet.
3501 5065 3660 5130 Quod
3707 5075 3795 5117 ta-

2215 5181 2338 5219 men
2368 5162 2512 5234 apud
2537 5161 2819 5220 Philonem
2842 5179 3020 5234 neque
3053 5162 3107 5216 in
3134 5162 3310 5215 tribus
3343 5160 3416 5213 De
3449 5160 3558 5213 rita
3589 5157 3795 5224 Moysi:

2215 5256 2388 5320 libris,
2419 5271 2596 5326 neque
2623 5256 2751 5309 alibi
2786 5255 2888 5322 legi
2919 5256 3230 5310 observavit
3255 5252 3424 5306 David
3469 5250 3796 5306 Heschelius

2215 5345 2674 5402 Adnotationibus
2700 5346 2754 5403 in
2775 5344 3044 5398 Pltotium.
3080 5342 3184 5396 Sed
3210 5342 3433 5396 minime
3457 5340 3793 5404 dubitarem,

2215 5436 2520 5494 Helladium
2574 5439 2738 5494 alium
2782 5453 2812 5491 a
2866 5436 3093 5492 Philone
3139 5434 3326 5489 Judan
3371 5433 3530 5502 cujus
3589 5433 3796 5504 scripta

2216 5528 2395 5584 adhuc
2416 5535 2655 5591 exstant,
2686 5537 2880 5585 testem
2911 5527 3262 5593 adhibuisse;
3291 5535 3345 5581 et
3373 5526 3610 5581 fortasse
3641 5538 3792 5584 eum,

2217 5621 2306 5692 qui
2333 5620 2400 5675 de
2430 5618 2803 5690 Hierosolyma
2836 5619 3081 5674 carmine
3104 5616 3322 5672 heroico
3357 5616 3605 5684 scripsit,
3624 5629 3793 5684 quem

2220 5712 2343 5766 item
2401 5710 2585 5766 laudat
2615 5709 2927 5766 Alexander
2965 5708 3274 5782 Polyhistor
3296 5707 3439 5779 apud
3470 5705 3798 5770 Eusebium,

2218 5804 2294 5861 De
2323 5804 2710 5875 pra‘paratione
2735 5803 2828 5862 lib.
2858 5819 2932 5870 rx,
2952 5803 3032 5860 vel
3049 5803 3209 5862 etiam
3235 5799 3514 5858 Philonem
3531 5797 3796 5855 biblicum
