4072 6338
323 329 343 380 ‘l
356 326 460 380 049

1301 328 1365 382 IN
1401 327 1770 385 EUSTATHH
1805 327 2278 390 HEXAEMERON
2312 335 2538 395 ΝΟΤᾹΞ.

3409 339 3548 394 1050

322 449 670 512 Ιιίειοτίειιιη,
699 449 844 518 quod
880 450 1232 505 verisimilius
1265 453 1426 509 duco.
1466 452 1569 506 Sed
1603 452 1862 522 gentiliun

1989 452 2044 506 δὲ
2091 459 2426 528 στρατηγοὺς
2460 459 2585 521 τοὺς
2636 458 3164 529 προκαθεδουμένους
3210 460 3310 530 τῆς
3344 460 3545 532 χώρας,

322 541 706 594 historicorum
740 539 969 605 fabulas,
994 549 1046 596 et
1073 555 1396 612 nugamenta
1420 559 1572 598 sacra
1603 543 1881 614 Scriptura

323 633 538 697 refellit,
578 634 762 703 reique
792 637 1073 689 veritatem
1106 637 1297 704 aperit.

373 723 620 787 Col.780,
643 725 734 778 lin.
755 724 822 777 Μ
838 725 942 778 Kal
961 725 1452 795 no.2.tcic.Moyse1n
1471 742 1756 779 mammam
1777 743 1883 781 non

319 824 622 880 externam,
655 816 748 871 sed
782 818 1032 888 gentilem
1079 819 1362 873 admisisse
1383 819 1878 889 scribitiosephus,

320 909 415 964 lib.
452 925 489 965 ιι
527 909 932 980 An’iquitatum,
979 926 1096 980 cap.
1143 911 1193 975 5,
1243 928 1350 964 non
1399 913 1682 966 dissimilia
1723 913 1882 968 habet

317 1002 662 1065 Ezechielus,
704 1000 876 1064 Philo,
911 1000 1157 1056 Clemens
1185 1001 1601 1056 Alexandrinus.

389 1092 548 1156 Ibid.,
576 1093 674 1148 lin.
721 1093 808 1147 5|.
856 1092 1269 1162 Ἀνδρωθέντα.
1316 1094 1388 1149 De
1430 1095 1647 1148 nomine
1683 1093 1880 1164 Moysis

317 1185 605 1255 primaque
647 1185 765 1253 ejus
809 1186 990 1240 radice
1035 1186 1106 1238 ita
1159 1186 1408 1240 Clemens
1439 1185 1876 1240 Alexandrinus:

315 1270 452 1330 Εἶτα
484 1276 690 1330 τίθεται
737 1277 814 1348 τῷ
859 1277 1053 1348 παιδίῳ
1098 1278 1264 1348 ὄνομα
1307 1279 1338 1349 ἡ
1388 1278 1592 1347 βασιλὶς
1644 1280 1879 1349 Μωῦσῆν

314 1369 554 1440 ἐτύμως,
592 1369 678 1423 διὰ
722 1371 782 1423 τὸ
824 1370 882 1435 ἐξ
928 1370 1114 1433 ὑδατος
1152 1371 1430 1424 ἀνελέσθαι
1465 1371 1612 1423 αὑτό.
1649 1373 1721 1423 Τὸ
1771 1372 1878 1444 γὰρ

315 1462 460 1534 ὕδωρ
499 1463 616 1532 μῶὺ
654 1464 1005 1532 ὀνομάζουσιν
1056 1462 1360 1530 Αἰγύπτιοι,
1414 1465 1493 1526 εἰς
1526 1464 1553 1516 ὃ
1584 1464 1878 1517 ἐκτέθειται

310 1553 722 1624 τεθνηξόμενος.
741 1555 846 1609 Kal
867 1557 974 1628 γάρ
999 1574 1077 1608 τοι
1105 1556 1338 1624 Μωῦσῆν
1361 1555 1449 1607 τὸν
1469 1556 1878 1613 ἀποπνεύσαντα

309 1645 388 1718 τῷ
420 1646 571 1700 ὑδατι
612 1647 1118 1718 προσαγορεύουσιν.
1153 1647 1496 1702 Ezechielus:

456 1763 676 1831 ὀνομα
701 1763 768 1815 δὲ
796 1761 1015 1828 Μωσῆν
1041 1760 1314 1830 (in-6pm}.
1339 1761 1443 1814 τοῦ
1466 1763 1638 1830 χάριν

465 1833 676 1901 ’Υγρᾶς
702 1832 940 1886 ἀνεῖλεν
958 1834 1244 1901 ποταμίας
1265 1833 1364 1886 ἀπ’
1395 1833 1594 1899 ᾐόνος.

307 1921 464 1976 Philo
505 1922 578 1975 De
609 1923 713 1976 vita
749 1921 944 1992 Moysis
983 1939 1000 1976 :
1039 1919 1167 1976 Εἶτα
1215 1923 1424 1976 δίδωσιν
1474 1924 1641 1993 ὄνομα
1674 1924 1872 1993 θεμένη

306 2014 514 2084 Μωσῆν
561 2013 795 2084 ἐτύμως,
823 2014 908 2067 διὰ
938 2014 998 2067 τὸ
1038 2016 1101 2068 ἐκ
1129 2014 1220 2067 τοῦ
1266 2015 1452 2078 ὓδατος
1483 2016 1641 2068 αὐτόν
1690 2016 1871 2067 ἀνελέ-

308 2102 453 2155 σθαι.
486 2103 558 2156 Τὸ
595 2103 703 2174 γαρ
735 2103 875 2174 ὓδωρ
917 2103 1031 2174 μῶς
1070 2105 1419 2175 ὀνομάζουσιν
1448 2105 1748 2172 Αἰγύπτιοι.
1781 2105 1872 2159 J0-

302 2195 529 2264 sephus,
581 2197 841 2264 Auliqut’t.
892 2196 985 2250 lib.
1019 2211 1030 2248 l
1063 2215 1076 2249 :
1109 2197 1217 2249 Kal
1265 2196 1409 2266 αὑτῷ
1455 2196 1550 2266 τὴν
1590 2197 1870 2268 ἐπίκλησιν

301 2287 508 2357 ταύτην
550 2287 688 2340 κατά
731 2288 789 2340 τὸ
826 2288 1164 2359 συμϐεϐηκὸς
1205 2288 1353 2341 ἔθετο
1391 2290 1468 2351 εἰς
1497 2289 1586 2341 τόν
1631 2289 1868 2358 ποταμὸν

303 2377 613 2446 ἐμπεσόντι.
641 2377 712 2429 Τὸ
735 2378 843 2448 γὰρ
873 2377 1013 2449 ὕδωρ
1049 2378 1132 2448 μῶ
1148 2377 1429 2446 Αἰγύπτιοι
1469 2378 1708 2440 καλοῦσι,
1734 2378 1869 2449 ὑσης

301 2468 361 2522 δὲ
396 2470 518 2531 τοὺς
549 2467 608 2533 ἐξ
633 2468 827 2532 ὓδατος·
850 2470 1137 2532 σωθέντας.
1170 2469 1458 2532 Συνθέντες
1479 2467 1569 2523 οὖν
1598 2466 1655 2534 ἐξ
1693 2473 1868 2539 ἀμφο-

299 2559 476 2630 τέρων
497 2560 595 2630 τὴν
636 2561 996 2632 προσηγορίαν
1029 2559 1176 2630 αὑτῷ
1213 2560 1415 2631 ταύτην
1443 2560 1698 2614 τίθενται.
1733 2561 1865 2616 Pro-

301 2653 517 2718 COpius,
548 2649 827 2712 Rabanus,
849 2661 902 2705 et
933 2651 1290 2704 aliLeamdem
1319 2651 1479 2720 hujus
1509 2651 1743 2706 nominis
1765 2653 1859 2705 im-

301 2743 589 2812 positionis
640 2726 904 2796 rationem
966 2746 1207 2798 tradunt.
1252 2742 1535 2798 Cornelius
1588 2759 1616 2796 a
1665 2744 1863 2814 Lapide

300 2851 498 2889 nomen
535 2835 587 2887 id
621 2851 730 2888 non
767 2850 885 2889 esse
922 2833 1254 2904 ngyptium,
1291 2835 1381 2889 sed
1417 2833 1694 2888 Hebraeum
1719 2836 1860 2888 allir-

302 2936 435 2989 mat,
489 2927 755 2994 aliamque
789 2927 1024 2981 nominis
1057 2941 1275 2980 causam
1322 2927 1494 2989 affert,
1526 2943 1590 2982 ex
1638 2927 1859 2982 Hebraea

301 3035 580 3074 nominum
619 3019 822 3073 radice.

374 3111 534 3203 Ibid.,
577 3110 673 3163 liu.
889 3109 1316 3203 ’li‘xcistovrddé.
1371 3111 1554 3203 ~Aliter
1608 3112 1856 3167 Clemens
1891 3145 1932 3203 ο

295 3201 716 3263 Alexandrinus,
736 3201 826 3255 lib.
863 3217 876 3254 ι
901 3201 1096 3254 Strom.
1117 3201 1311 3271 ιΔῆλον
1339 3198 1448 3265 οὖν,
1479 3203 1552 3264 ὡς
1580 3205 1634 3255 ἐν
1670 3203 1744 3267 τῷ
1767 3204 1864 3274 ἐμ·

296 3292 527 3364 προσθεν
545 3294 717 3365 χρόνῳ
732 3311 797 3345 πε
807 3293 1116 3364 ριτμηθέντι
1127 3294 1202 3362 τῷ
1221 3294 1409 3362 παιδίῳ
1434 3296 1480 3346 οἱ
1498 3296 1670 3360 γονεῖς
1686 3293 1864 3348 ἔθεντο

294 3385 471 3454 ὄνομά
493 3403 543 3438 τι
569 3403 581 3416 ·
607 3385 846 3438 ἐκαλεῖτο
874 3384 929 3436 δὲ
975 3385 1245 3454 Ἰωακείμ.
1273 3385 1438 3455 Ἔσχε
1477 3386 1531 3437 δὲ
1563 3385 1654 3438 καὶ
1684 3385 1861 3456 τρίτον

292 3477 463 3544 ῦνομα
486 3478 542 3528 ἐν
567 3474 775 3546 οὐρανῷ
812 3475 948 3546 μετά
978 3475 1076 3546 τὴν
1109 3474 1390 3544 ἀνάληψιν,
1409 3475 1482 3538 ὣς
1505 3492 1662 3544 φασιν
1682 3478 1728 3528 οἱ
1757 3475 1858 3546 μύ-

294 3583 438 3629 σται,
469 3567 688 3636 Μελχίς.

367 3659 522 3721 Ibid.,
552 3660 645 3712 lin.
669 3657 759 3713 56.
791 3655 909 3712 Ἦν
925 3657 993 3710 δὲ
1014 3657 1270 3724 ἀστεῖος.
1305 3657 1493 3712 Philo:
1528 3659 1733 3730 Εὑγενῆ
1769 3662 1860 3714 καὶ

292 3751 506 3803 ἀστεῖον
537 3749 785 3819 ὀφθῆναι.
818 3749 1157 3819 Τελειότερον
1193 3749 1246 3801 δὲ
1279 3749 1376 3818 τῆς
1409 3748 1618 3819 ἡλικίας
1659 3749 1856 3816 ἰδοῦσα,

291 3842 403 3896 κάκ
451 3841 551 3911 τῆς
598 3841 769 3909 ὅψεως
823 3841 900 3894 ἔτι
954 3843 1149 3911 μᾶλλον
1190 3842 1222 3912 ἢ
1272 3841 1532 3913 πρότερον
1587 3842 1856 3905 σπάσασα,

288 3932 503 3992 εὐνοίας
535 3933 648 3985 υἱὸν
676 3935 925 3996 ποιεῖται,
959 3932 1026 3984 τά
1049 3933 1173 4004 περὶ
1202 3930 1290 3983 τὸν
1323 3931 1484 3999 ὃγκον
1508 3932 1606 4000 τῆς
1625 3930 1858 4000 γαστρὸς

287 4023 598 4094 τεχνάσασα
639 4024 918 4094 πρότερον,
965 4024 1051 4076 ἵνα
1079 4025 1319 4092 γνήσιος,
1374 4021 1509 4094 ἀλλὰ
1546 4021 1618 4094 μὴ
1666 4022 1859 4075 ὑποδο-

289 4114 506 4184 λιμαῖος
555 4115 802 4186 νομισθῇ.
831 4115 1014 4168 Πάντα
1049 4116 1104 4168 δὲ
1158 4115 1500 4186 ἐξευμαρίζει
1548 4114 1679 4178 Θεὸς
1719 4113 1753 4168 ἃ
1793 4115 1858 4167 ἂν

289 4205 514 4279 θελήσῃ,
549 4207 642 4260 καὶ
671 4206 739 4260 τὰ
773 4207 1204 4278 δυσκατόρθωτα.
1239 4206 1368 4275 Ejus
1412 4207 1768 4276 proprietates
1806 4214 1859 4260 et

288 4301 615 4354 lineamenta
651 4299 722 4352 ita
755 4301 1020 4365 expressit
1051 4301 1354 4370 Artapanus
1380 4301 1519 4369 apud
1541 4299 1854 4366 Eusebium,

287 4392 364 4448 De
380 4392 763 4460 pra'paratione
787 4391 877 4445 lib.
901 4407 954 4443 ιι
974 4410 986 4445 :
1003 4392 1040 4442 Γ
1043 4391 1279 4459 εγονέναι
1295 4393 1349 4445 δέ
1369 4411 1498 4463 φησι
1514 4393 1602 4446 τὸν
1627 4393 1855 4446 Μώὓσον

1983 545 2074 608 οὑς
2097 545 2158 616 δὴ
2186 547 2520 600 πλεονεκτεῖν
2550 548 2824 616 ἐπιφανῶς
2854 549 2990 601 κατὰ
3013 551 3109 612 τὰς
3137 549 3333 618 μάχας.
3357 549 3548 617 Δέγειν

1981 638 2036 690 δέ
2070 655 2230 707 φησιν
2275 640 2678 704 Ἦλιουπολίτας
2703 640 2953 709 γενέσθαι
2981 641 3069 694 τὸν
3103 642 3334 712 πόλεμον
3362 643 3547 696 τοῦτον

1981 728 2073 800 ἐτη
2108 729 2255 785 δέκα.

2051 821 2210 886 Ibid.,
2243 823 2338 878 lin.
2371 824 2458 878 55.
2492 824 2688 890 Ὅπως
2719 824 2904 878 αὐτὸν
2945 827 3297 895 στρατηγόν,
3321 825 3424 881 Per
3450 829 3547 883 ho-

1981 928 2168 969 norem
2202 931 2231 968 a
2265 932 2324 971 se
2360 918 2548 986 procul
2580 917 2828 985 ablegare
2858 934 3016 985 quem
3052 920 3175 986 quis
3209 919 3544 984 reformidat,

1981 1005 2231 1075 pluribus
2289 1009 2550 1077 exemplis
2605 1023 2793 1061 omnes
2831 1008 3078 1064 historici
3122 1010 3542 1078 conﬁrmarunt;

1981 1111 2211 1162 quorum
2245 1114 2496 1168 magnum
2543 1113 2826 1152 numerum
2863 1100 2915 1152 in
2946 1117 3113 1153 unum
3154 1103 3426 1171 congessit
3454 1101 3544 1155 Ja-

1980 1205 2084 1244 nus
2138 1189 2399 1244 Gruterus
2442 1191 2494 1243 in
2530 1191 2765 1244 secunda
2813 1201 2959 1260 parte
3002 1193 3351 1260 prolixiorum
3392 1181 3541 1248 com-

1980 1284 2370 1336 mentariorum
2423 1283 2476 1336 in
2510 1283 2678 1338 Tacili
2724 1285 3021 1353 insigniora
3067 1286 3182 1339 loca
3231 1287 3284 1339 in
3326 1286 3454 1340 illud
3490 1286 3542 1341 in

1980 1375 2073 1429 lib.
2118 1391 2170 1427 .\’t
2212 1375 2541 1428 Annalium:
2571 1376 2794 1428 Amoliri
2839 1375 3077 1444 juvenem
3119 1377 3283 1445 specie
3333 1377 3542 1432 honoris

1980 1465 2188 1520 statuit.

2052 1556 2210 1622 Ibid.,
2259 1556 2355 1610 lin.
2396 1555 2482 1610 46.
2526 1557 2819 1622 Κιϐωτοὺς
2872 1557 3152 1623 πλεκτὰς.
3198 1557 3390 1612 Totum
3441 1558 3542 1614 hoc

1981 1647 2178 1719 Moysis
2206 1655 2530 1718 stratagema
2562 1649 2635 1700 ita
2670 1657 2888 1702 enarrat
2917 1648 3219 1717 Iosephus:
3258 1635 3424 1704 Ἔνθα
3445 1651 3543 1721 τῆς

1980 1741 2140 1793 αὑτοῦ
2171 1741 2434 1804 συνέσεως
2463 1741 2777 1811 θαυμαστὴν
2807 1739 3060 1807 ἐπίδειξιν
3099 1742 3404 1811 ἐποιήσατο.
3431 1743 3542 1813 Τῆς

1981 1832 2087 1901 γὰρ
2125 1831 2225 1901 γῆς
2253 1831 2486 1902 χαλεπῆς
2522 1830 2686 1900 οὔσης
2713 1831 2986 1899 ὁδευθῆναι
3015 1825 3101 1884 δ’ιᾶ
3144 1832 3342 1903 πλῆθος
3383 1835 3543 1904 ἑρπε-

1978 1923 2106 1986 τῶν,
2129 1922 2559 1992 (παμφορωτάτη
2584 1923 2690 1993 γάρ
2717 1925 2883 1985 ἐστιν,
2909 1922 2982 1985 ὡς
3006 1922 3095 1975 καὶ
3115 1923 3181 1974 τὰ
3216 1926 3342 1996 παρ’
3364 1923 3538 1988 ἄλλοις,

1977 2013 2175 2064 τούτων
2199 2014 2297 2064 οὑκ
2329 2013 2455 2066 ὄντα
2490 2014 2620 2084 μόνη
2654 2014 2892 2084 τρέφειν,
2916 2014 3138 2083 δυνάμει
3161 2031 3218 2066 τε
3249 2014 3340 2067 καὶ
3373 2013 3541 2087 κακία

1976 2098 2052 2168 τῷ
2085 2102 2182 2170 τῆς
2222 2100 2394 2168 ὅψεως
2427 2101 2680 2173 ἀσυνήθει
2726 2102 3058 2173 διαφέροντα.
3101 2104 3233 2156 de:
3266 2104 3320 2156 δὲ
3363 2105 3540 2159 αὑτῶν

1977 2193 2089 2243 ἐστι
2119 2193 2211 2245 καὶ
2253 2194 2492 2258 πετεινὰ,
2529 2195 2603 2257 ὡς
2631 2194 2858 2246 λαθόντα
2900 2196 2995 2264 μὲν
3037 2195 3144 2249 ἀπὸ
3177 2197 3276 2266 γῆς
3303 2215 3537 2269 κακουρσ

1975 2280 2109 2350 γεῖν,
2141 2284 2233 2336 καὶ
2287 2287 2359 2355 μὴ
2399 2286 2778 2356 προϊδομένους
2813 2285 3013 2338 ἀδικεῖν
3067 2287 3345 2360 ὑπερπετῆ
3395 2288 3536 2356 γινό-

1978 2392 2114 2446 μενα
2199 2381 2309 2430 νοεῖ
2340 2379 2474 2448 πρὸς
2508 2378 2800 2445 ἀσφάλειαν
2837 2379 2928 2432 καὶ
2957 2379 3163 2450 ἀϐλαϐῆ
3195 2380 3416 2449 πορείαν
3442 2378 3536 2432 τοῦ

1975 2470 2375 2540 στρατεύματος
2444 2472 2814 2541 στρατήγημα
2856 2471 3185 2541 θαυμαστόν.
3245 2472 3538 2546 Πλέγματα

1971 2561 2077 2632 γὰρ
2109 2563 2318 2632 ἐμφερῆ
2369 2561 2616 2626 κιϐωτοῖς
2663 2564 2726 2614 ἐκ
2763 2562 2944 2632 βίϐλου
2985 2564 3416 2626 κατασκευάσας,
3446 2563 3538 2616 καὶ

1971 2654 2262 2725 πληρώσας
2303 2653 2495 2718 ἴϐεων,
2550 2654 2788 2724 ἐκόμιζε.
2841 2652 3249 2724 Πολεμιώτατον
3301 2652 3344 2705 δ’
3391 2653 3538 2708 ἐστὶν

1968 2746 2119 2812 ὄφεσι
2151 2745 2305 2797 τοῦτο
2337 2745 2396 2797 τὸ
2431 2743 2582 2808 ζῶον.
2613 2744 2874 2811 Φεύγουσί
2910 2761 2967 2795 τε
2996 2743 3104 2813 γὰρ
3145 2743 3536 2813 ἐπερχομένας,

1967 2841 2060 2892 καὶ
2101 2839 2454 2907 ἁψιστάμενοι
2507 2837 2752 2906 καθάπερ
2793 2836 2882 2888 ὑπ’
2914 2836 3124 2903 ἐλάφων
3167 2837 3537 2906 ἁρπαζόμενοι

1966 2931 2372 2984 καταπίνονται.
2417 2929 2730 3000 Χειροήθεις
2757 2930 2800 2981 δ’
2835 2929 2968 2981 εἰσὶν
3001 2930 3056 2980 αἱ
3093 2927 3247 2991 ἴϐεις,
3279 2928 3370 2980 καὶ
3398 2927 3536 2998 πρὸς

1968 3023 2125 3092 μόνον
2152 3021 2211 3074 τὸ
2239 3021 2343 3073 τῶν
2379 3023 2551 3090 ὄφεων
2576 3020 2728 3088 γένος
2766 3020 2961 3090 ἄγριοι.
3000 3019 3106 3069 Καὶ
3130 3018 3257 3087 περὶ
3293 3017 3388 3086 μὲν
3410 3014 3532 3068 τού-

1965 3130 2071 3165 των
2089 3113 2322 3183 παρίημι
2346 3112 2439 3164 νῦν
2458 3111 2709 3182 γράφειν,
2735 3111 2834 3162 οὑκ
2868 3107 3200 3177 ἀγνοούντων
3220 3109 3329 3157 τῶν
3347 3105 3535 3176 Ἐλλή-

1964 3221 2068 3256 νων
2097 3204 2194 3274 τῆς
2229 3203 2392 3266 ἴϐιδος
2427 3203 2485 3256 τὸ
2518 3199 2672 3264 εἶδος.
2712 3200 2796 3264 Ὠς
2822 3198 2914 3253 οὖν
2947 3203 3027 3262 εἰς
3050 3199 3147 3268 τὴν
3173 3199 3274 3267 γῆν
3314 3195 3532 3249 ἐνέϐαλε

1962 3299 2060 3368 τὴν
2095 3297 2442 3367 θηροτρόφον,
2487 3294 2705 3358 ταύταις
2755 3294 3067 3363 ἀπεμάχετο
3094 3291 3190 3361 τὴν
3221 3289 3327 3342 τῶν
3371 3291 3534 3360 ἑρπε-

1963 3390 2068 3440 τίυν
2121 3379 2312 3456 φύσιν,
2376 3388 2603 3454 ἐπαφεὶς
2661 3387 2862 3447 αὑτοῖς.
2919 3385 3012 3436 καὶ
3063 3379 3533 3453 προπολεμούσαις

1963 3480 2256 3550 χρώμενος.
2301 3479 2499 3531 Τοῦτον
2528 3475 2618 3531 οὖν
2645 3477 2868 3539 ὁδεύσας
2893 3475 2982 3527 τὸν
3003 3474 3220 3544 τρόπον,
3251 3472 3369 3525 οὑδὲ
3402 3487 3534 3542 προ-

1965 3570 2192 3640 μαθοῦσι
2223 3572 2402 3641 παρῆν
2448 3573 2559 3632 τοῖς
2592 3569 2831 3638 Αἰθίοψι·
2877 3567 2971 3620 καὶ
3023 3562 3308 3635 συμϐαλὼν
3348 3563 3530 3625 αὐτοῖς

1962 3664 2150 3731 κρατεῖ
2177 3664 2239 3732 τῇ
2270 3663 2435 3733 μάχῃ,
2466 3662 2558 3713 καὶ
2589 3659 2695 3712 τῶν
2740 3658 2966 3711 ἐλπίδων
2998 3656 3063 3717 ἂς
3093 3651 3236 3724 εἶχον
3273 3655 3364 3706 ἐπὶ
3404 3652 3530 3716 τοὺς

1959 3757 2286 3824 Αἰγυπτίους
2337 3758 2642 3826 ἀραιρεῖται
2664 3771 2676 3782 ·
2712 3753 2809 3815 τὰς
2840 3769 2898 3804 τε
2935 3751 3117 3813 πόλεις
3165 3748 3340 3802 αὑτῶν
3373 3746 3530 3818 ἐπῄει

1959 3846 2484 3916 καταστρεφόμενος,
2529 3845 2622 3896 καὶ
2674 3843 2829 3912 φόνος
2877 3841 3042 3905 πολὺς
3096 3841 3206 3893 τῶν
3255 3839 3530 3894 Αἱθιόπωδ

1960 3937 2273 4009 ἐπράττετο.
2308 3937 2418 3989 Kal
2460 3936 2557 4006 τῆς
2589 3935 2673 3988 διὰ
2703 3933 2938 4002 Μωῦσῆν
2985 3931 3286 4001 εὐπραγίας
3333 3927 3530 3996 γευσά-

1963 4047 2117 4100 μενον
2142 4029 2202 4082 τὸ
2219 4028 2327 4083 τῶν
2354 4027 2662 4097 Αἰγυπτίων
2691 4026 3004 4097 στράτευμα
3047 4025 3229 4076 πονεῖν
3268 4021 3366 4073 οὑκ
3402 4020 3530 4073 ἐκα-

1962 4137 2109 4189 μνεν,
2145 4121 2218 4183 ὡς
2241 4122 2364 4191 περὶ
2393 4117 2822 4189 ἀνδραποδισμοῦ
2850 4116 2940 4169 καὶ
2969 4112 3262 4176 παντελοῦς
3292 4112 3528 4166 ἀναστά-

1960 4227 2094 4274 σεως
2124 4211 2212 4264 τὸν
2237 4211 2478 4264 κίνδυνον
2521 4206 2655 4263 εἶναι
2686 4212 2797 4272 τοῖς
2828 4207 3092 4275 Αἰθίοψιν.
3123 4205 3366 4260 .‘ileiiiinit
3393 4204 3522 4257 item

1956 4302 2264 4371 Artapanus
2291 4321 2303 4356 :
2339 4303 2475 4364 Τοὺς
2503 4297 2594 4354 οὖν
2629 4300 2754 4370 περὶ
2783 4299 2872 4352 τὸν
2891 4297 3121 4352 Μὼὓσον
3159 4297 3243 4350 διὰ
3273 4296 3334 4350 τὸ
3365 4294 3525 4367 μέγε-

1959 4395 2046 4458 θος
2079 4395 2177 4462 τῆς
2213 4395 2468 4466 στρατιᾶς
2517 4393 2667 4444 πόλιν
2707 4395 2762 4444 ἐν
2808 4391 2980 4460 τούτῳ
3028 4391 3209 4444 κτίσαι
3241 4388 3318 4460 τῷ
3352 4387 3523 4458 τόπῳ,

288 4483 522 4555 μακρὸν,
573 4483 848 4553 πυρῤακῆ,
904 4482 1105 4545 πολιὸν,
1161 4484 1424 4553 κομήτην,
1467 4482 1851 4553 ἀξιωματικόν.
1887 4479 1931 4533 D
1956 4488 2050 4539 καὶ
2076 4486 2175 4556 τὴν
2207 4485 2312 4536 ῐϐιν
2356 4472 2578 4553 ἐνίαὺτῇ
2615 4481 2966 4552 καθιερῶσαι,
3009 4480 3094 4533 διὰ
3141 4480 3202 4532 τὸ
3231 4478 3432 4547 ταύτην
3453 4477 3524 4530 τὰ

356 4575 479 4630 Col.
532 4574 653 4636 781,
691 4575 785 4627 lin.
833 4575 884 4627 l.
919 4571 1210 4642 Προσάγει
1247 4574 1450 4626 αὐτόν.
1498 4573 1622 4627 Haec
1663 4573 1852 4627 eadem

285 4665 481 4721 iisdem
521 4665 634 4720 fere
669 4665 850 4719 verbis
881 4665 1130 4734 leguntur
1171 4664 1310 4733 apud
1353 4663 1666 4733 Josephum,
1695 4665 1850 4718 Anti-

282 4759 417 4827 quit.
461 4756 553 4811 lib.
588 4771 628 4816 ι.
670 4772 790 4826 cap.
825 4756 878 4817 5,
912 4772 1069 4825 quem
1096 4756 1338 4810 consule.

354 4848 516 4911 lbid.,
550 4849 644 4903 lin.
688 4847 778 4902 25.
820 4850 1093 4913 Αὶθ.ὀπες
1122 4845 1189 4899 δὲ
1233 4850 1305 4900 οι.
1359 4845 1433 4902 De
1475 4846 1575 4900 hac
1619 4845 1849 4902 Mosaica

281 4939 628 5008 expeditione
683 4937 945 4991 adversus
982 4935 1268 5007 Ethiopas
1313 4944 1508 5006 printer
1552 4935 1846 5007 Josephum

282 5033 357 5085 ita
388 5031 731 5100 Artapanus:
764 5030 872 5083 Καί
900 5046 1025 5083 ποτε
1062 5029 1169 5081 τῶν
1196 5028 1465 5082 Αἰθιόπων
1494 5030 1846 5100 ἐπιστρατευ-

283 5121 531 5191 σαμένων
558 5123 622 5191 τῇ
656 5119 932 5190 Αἰγύπτῳ,
963 5119 1053 5172 τὸν
1076 5121 1371 5189 Χενεφρῆν,
1403 5119 1734 5174 ὑπολαϐόντα
1759 5122 1846 5174 εὑ-

243 5267 248 5272 _
282 5212 508 5285 ρηκέναι
535 5212 723 5284 καιρὸν
755 5209 988 5276 εὔθετον,
1031 5209 1242 5281 πέμψαι
1270 5211 1360 5264 τὸν
1384 5210 1614 5264 Μώῦσον
1639 5213 1725 5265 ἐπ’
1755 5214 1845 5270 αὑ-

277 5307 406 5367 τοὺς
439 5305 739 5376 στρατηγὸν
772 5303 907 5374 μετά
931 5303 1232 5373 δυνάμεως.
1259 5305 1330 5356 Τὸ
1350 5304 1406 5357 δέ
1435 5305 1543 5359 τῶν
1571 5307 1842 5376 συγγενῶν

275 5394 427 5466 αὑτῷ
457 5395 718 5466 συστῆσαι
744 5395 962 5466 πλῆθος,
988 5395 1323 5452 ὑπολαϐόντα
1349 5396 1543 5468 ῥᾳδίως
1581 5399 1738 5452 αὑτὸν
1758 5399 1844 5454 διὰ

275 5487 376 5558 τὴν
415 5487 524 5540 τῶν
577 5487 918 5558 στρατιωτῶν
966 5487 1248 5541 ἀσθένειαν
1295 5491 1398 5543 ὑπὸ
1421 5490 1528 5544 τῶν
1571 5491 1841 5564 πολεμίων

276 5581 748 5653 ἀναιρεθήσεσθαι.
782 5581 886 5634 Τὸν
927 5581 985 5634 δὲ
1035 5579 1284 5645 Μώῠσον,
1343 5582 1563 5637 ἐλθόντα
1612 5585 1704 5637 ἐπὶ
1749 5585 1840 5638 τὸν

287 5672 714 5742 Ἐρμουπολίτην
732 5672 1122 5743 ὀνομαζόμενον
1142 5673 1323 5744 νομὸν,
1352 5674 1538 5745 ἔχοντα
1563 5681 1689 5746 περὶ
1710 5676 1841 5732 δέκα

283 5763 545 5837 μυριάδας
583 5765 864 5834 γεωργῶν,
903 5765 1064 5820 αὑτοῦ
1101 5767 1584 5837 ηταστρατεὺσαι.
1619 5767 1837 5839 Πέμψαι

1959 4577 2260 4647 βλάπτοντα
2285 4576 2410 4638 τοὺς
2437 4573 2754 4644 ἀνθρώπους
2786 4575 3022 4642 ἀναιρεῖν
3043 4589 3056 4601 ο
3089 4569 3523 4642 προσαγορεῦσαι

1953 4669 2008 4720 δὲ
2057 4668 2225 4738 αὑτὴν
2257 4666 2456 4737 Ἐρμοῦ
2497 4666 2670 4719 πόλιν.
2711 4663 2848 4718 llinc
2869 4664 2984 4718 avis
3015 4665 3129 4718 hac
3165 4677 3318 4718 sacra
3355 4660 3522 4732 IEgy-

1954 4759 2100 4829 ptiis.
2131 4757 2455 4812 Herodotus.
2495 4755 2600 4809 Sed
2632 4755 2699 4809 de
2723 4755 2826 4808 hac
2854 4755 3112 4808 nonnulla
3142 4754 3412 4822 superius.

2023 4849 2180 4914 Ibid.,
2218 4849 2313 4902 lin.
2343 4848 2432 4902 56.
2461 4844 2570 4900 Ἦν
2610 4847 2718 4917 γὰρ
2767 4846 2982 4901 αὐτῶν.
3026 4845 3218 4900 Omnia
3270 4845 3383 4898 inec
3425 4843 3522 4896 ha-

1949 4942 2146 4996 bentur
2174 4941 2349 4997 fusius
2374 4939 2514 5010 apud
2545 4937 2862 5008 Josephum,
2899 4939 2991 5008 qui
3028 4953 3128 4990 nec
3152 4936 3407 4990 Tharmis
3431 4951 3519 4990 re-

1947 5037 2086 5106 ginae.
2116 5035 2382 5106 perditum
2417 5050 2654 5089 amorem
2688 5035 2739 5087 in
2775 5031 3007 5103 Moysen]
3040 5031 3253 5084 silentio
3294 5037 3513 5098 praeter-

1944 5126 2020 5189 it,
2059 5143 2122 5181 ex
2157 5127 2353 5196 quibus
2400 5142 2498 5181 sua
2547 5126 2798 5180 videntur
2837 5121 3068 5177 mutuati
3105 5119 3276 5174 erci
3308 5118 3518 5173 fabula-

1947 5227 2092 5274 torus
2125 5235 2244 5289 quin
2276 5219 2341 5273 de
2369 5220 2550 5290 Scylla
2585 5227 2637 5273 et
2660 5219 2780 5272 aliis
2806 5223 3052 5271 narrant.

2016 5311 2133 5365 Col.
2169 5311 2291 5373 784,
2324 5311 2418 5364 lin.
2453 5312 2539 5365 15.
2579 5301 2879 5379 Οΰτωτὰρ
2910 5310 3048 5362 ὑπό.
3081 5309 3336 5373 Quaenam
3373 5301 3518 5373 Moy-

1944 5417 2030 5457 ses
2068 5402 2286 5456 doceret
2318 5401 2598 5472 Aﬁgyptios
2625 5401 2828 5457 iudicat
2859 5401 3075 5465 Strabo,
3098 5401 3192 5455 lib.
3225 5414 3313 5453 xvt
3341 5417 3354 5452 :
3385 5396 3514 5451 Non

1946 5504 2079 5549 recte
2124 5496 2332 5562 sentire,
2367 5497 2456 5564 qui
2503 5494 2811 5555 bestiarum.
2868 5511 2928 5548 ac
2969 5511 3213 5565 pecorum
3255 5492 3508 5562 imagines

1945 5587 2052 5641 Deo
2099 5586 2408 5650 tribuerunt,
2444 5588 2664 5656 itemque
2708 5587 2884 5654 Afros,
2930 5596 2979 5640 et
3021 5587 3229 5640 Crwcos
3274 5586 3362 5654 qui
3402 5584 3508 5637 diis;

1943 5679 2209 5733 [caminum
2256 5681 2481 5750 ﬁguram
2536 5678 2853 5747 a/ﬁngerent.
2906 5677 2972 5731 Id
3021 5693 3138 5731 vero
3177 5677 3347 5731 solum
3394 5691 3510 5730 esse

1942 5769 2128 5835 Deum,
2151 5769 2287 5839 quod
2323 5786 2436 5836 nos,
2470 5778 2519 5822 et
2555 5777 2770 5831 terram,
2807 5784 2868 5820 ac
2901 5783 3043 5821 mare
3073 5767 3334 5830 continet;
3368 5761 3508 5839 quod
