4072 6338
543 292 674 348 1051

1911 298 2158 358 LEONIS
2196 252 2467 356 ALLATtt

3641 293 3784 350 {052

541 407 748 474 caelum,
777 419 825 464 et
852 410 1103 466 mundum
1123 422 1172 466 et
1201 429 1375 468 rerum
1407 415 1640 470 omnium
1665 427 1914 472 naturam
1939 419 2116 487 appel-

2225 433 2348 487 φησι
2375 414 2589 488 πρῶτον
2618 412 2779 484 σοφὸν
2803 410 3077 482 γενέσθαι,
3103 411 3199 466 καὶ
3222 409 3618 482 γραμματικὴν
3642 410 3785 482 πρῶ-

539 499 738 564 lamus,
784 502 934 571 cujus
965 503 1200 572 profecto
1232 506 1516 576 imaginem
1561 523 1710 562 nemo
1751 524 1894 563 same
1927 510 2110 562 mentis

541 591 769 658 alicujus
799 609 982 646 earum
1014 610 1212 657 rerum,
1245 613 1361 664 qum
1393 613 1546 666 penes
1572 615 1666 652 nos
1708 609 1850 664 sunt,
1889 600 2114 654 similem

541 681 734 736 audeat
761 684 1012 753 efﬁngere.
1042 687 1271 741 Proinde
1291 689 1851 743 ainnisimulacrorum
1869 692 2115 760 e/ﬁctione

541 777 841 847 repudiata,
871 779 1084 850 dignum
1115 782 1163 835 ei
1208 782 1478 853 templum,
1511 800 1570 837 ac
1612 783 1886 837 delubrum
1923 788 2116 840 consti-

541 869 813 934 tuendum,
849 888 909 924 ac
947 873 1057 926 sine
1088 874 1267 942 aliqua
1295 877 1466 944 ﬁgura
1502 874 1793 928 colendum.
1829 876 1932 942 Qui
1952 886 2115 943 caste,

541 978 603 1015 ac
622 962 768 1031 juste
805 964 999 1027 vivunt,
1034 967 1107 1018 eis
1154 966 1287 1019 bona
1319 968 1522 1019 somnia
1548 968 1727 1035 offerri
1754 983 1770 1020 :
1801 968 1981 1022 debere
2011 970 2117 1022 ila-

541 1063 655 1116 quc,
683 1060 729 1101 et
757 1065 852 1115 pro
883 1067 955 1111 se,
1001 1061 1050 1104 et
1081 1068 1176 1120 pro
1210 1054 1334 1106 aliis
1365 1071 1452 1107 eos
1493 1053 1723 1109 dormire
1751 1057 1804 1109 in
1830 1058 2038 1126 templo,
2069 1067 2118 1112 et

545 1155 577 1193 a
605 1139 712 1200 Deo
745 1143 962 1197 subinde
997 1144 1198 1214 aliquid
1222 1145 1364 1210 boni,
1394 1155 1548 1216 atque
1582 1147 1766 1202 iudicii
1799 1160 2117 1219 exspectare.

543 1235 745 1290 caeteris
779 1234 911 1286 nihil
933 1236 1278 1303 sperandum.

613 1325 732 1384 Col.
765 1327 887 1390 78b,
913 1329 1006 1380 lin.
1047 1330 1133 1382 18.
1182 1329 1452 1398 Ἐτιμᾶτο
1489 1331 1557 1386 δὲ
1586 1334 1708 1387 καί.
1741 1334 1896 1386 Οὕτω
1916 1334 1979 1406 δὴ
1996 1336 2120 1399 τοὺς

545 1418 824 1483 Αἰθίοπας,
858 1422 1062 1490 καίπερ
1090 1422 1247 1485 ὄντας
1273 1423 1581 1494 πολεμίους,
1610 1425 1932 1496 στέρξαιτὸν
1961 1425 2122 1484 Mihi}.—

549 1527 662 1574 σον,
693 1509 831 1565 ὥστε
863 1514 956 1566 καὶ
991 1515 1089 1584 τὴν
1121 1516 1420 1587 περιτομὴν
1451 1517 1557 1570 τῶν
1587 1519 1800 1573 αἰδοίων
1828 1520 1956 1590 παρ’
1984 1519 2124 1571 ὲκεί-

545 1622 637 1658 νου
674 1606 884 1676 μαθεῖν.
917 1607 990 1659 Ού
1020 1607 1177 1681 μόνον
1206 1608 1262 1662 δὲ
1284 1609 1504 1671 τούτους
1535 1609 1666 1662 ἀλλὰ
1691 1611 1782 1664 καὶ
1814 1611 1938 1673 τοὺς
1963 1612 2124 1681 ἱερεῖς

547 1695 814 1758 ἅπαντας.
850 1694 1025 1750 Verba
1060 1679 1187 1751 gunt
1224 1700 1523 1769 Artapani;
1564 1700 1710 1754 hunc
1746 1679 2120 1755 circumcisio-

2215 523 2307 560 τον
2339 511 2447 570 τοῖς
2487 505 2756 568 Ἰουδαίοις
2797 501 3148 575 παραδοῦναι,
3193 503 3288 556 καὶ
3329 501 3480 574 παρὰ
3521 501 3785 557 Ἰουδαίων

2213 597 2456 659 Φοίνικας
2501 594 2866 666 παραλαϐεῖν·
2901 594 3164 663 Ἕλληνας
3197 593 3255 648 δὲ
3303 592 3458 664 παρὰ
3500 593 3782 648 ⁶ιιοινίκων.

2216 685 2312 740 His
2344 702 2451 739 non
2483 686 2756 739 consentit
2785 683 3022 738 Joannes
3052 684 3424 738 Antiochenus
3447 683 3501 737 in
3538 682 3786 739 Arduen-

2217 777 2355 848 logia
2381 792 2398 828 .'
2434 778 2552 831 Ἔτι
2578 777 2682 830 τῶν
2701 776 2906 830 δώδεκα
2949 775 3298 846 πατριαρχῶν
3333 771 3400 846 ἦν
3440 775 3702 840 Ἡσίοδος,
3727 776 3786 838 ὃς

2215 868 2282 922 τὰ
2323 867 2620 938 Ἀσσυρίων
2657 867 2957 937 γράμματα
2979 869 3058 929 είς
3100 865 3321 920 Ἐλλάδα
3361 865 3615 934 γλῶσσαν
3661 883 3781 936 μετ-

2218 958 2427 1011 έϐαλεν.
2467 959 2599 1011 lllud
2637 974 2785 1019 veru,
2809 958 3020 1011 litteras
3044 958 3276 1027 primum
3314 972 3342 1010 a
3379 956 3562 1028 Moyse
3581 956 3786 1012 ludatis

2217 1051 2446 1104 traditas
2474 1067 2582 1105 non
2619 1051 2810 1120 probat
2841 1051 3198 1120 Augustinus,
3231 1050 3326 1104 lib.
3373 1066 3508 1104 xvut
3553 1050 3630 1104 De
3664 1051 3789 1104 cit-i-

2220 1151 2328 1195 tate
2359 1141 2479 1207 Dei,
2509 1158 2628 1211 cap.
2655 1141 2757 1206 59;
2789 1152 2974 1196 censet
3013 1142 3177 1207 enim,
3203 1141 3660 1212 quemadmodum
3686 1143 3787 1197 lin-

2219 1251 2378 1308 guam
2413 1236 2485 1289 ita
2520 1243 2573 1289 et
2615 1235 2844 1299 litteras,
2873 1243 2997 1290 ante
3030 1234 3266 1306 Moysem
3300 1234 3484 1297 fuisse,
3513 1241 3568 1290 et
3595 1250 3664 1289 ex
3706 1234 3792 1290 his

2219 1344 2341 1399 qua:
2373 1329 2623 1398 superius
2655 1344 2719 1382 ex
2753 1326 2987 1399 Josepho
3011 1328 3088 1381 De
3117 1328 3362 1397 antiquit.
3393 1327 3486 1381 lib.
3530 1342 3570 1390 ι,
3605 1327 3793 1381 attuli—

2221 1437 2342 1476 mus
2371 1421 2436 1476 de
2457 1421 2745 1485 columnis,
2775 1421 2942 1475 altera
2973 1421 3204 1491 lapidea,
3251 1420 3418 1473 altera
3444 1420 3705 1483 lateritia,
3739 1420 3793 1473 in

2221 1512 2420 1582 quibus
2462 1519 2686 1580 nepotes
2730 1509 2855 1564 Seth
2907 1518 3033 1564 ante
3071 1509 3382 1563 illuvionem
3431 1509 3578 1562 illam
3626 1511 3793 1563 totius

2222 1600 2372 1655 orbis
2419 1600 2699 1654 scientiam
2733 1614 2915 1654 rerum
2967 1599 3272 1654 caelestium
3311 1599 3378 1653 ab
3426 1599 3559 1668 ipsis
3602 1599 3793 1656 inven-

2227 1699 2358 1752 tam,
2404 1689 2599 1744 litteris
2641 1689 2990 1758 insculptam,
3030 1691 3512 1760 consignatamque
3559 1691 3794 1760 relique-

547 1783 636 1840 nis
667 1787 886 1840 modum
935 1789 1072 1842 mire
1107 1784 1352 1859 ’δηιριριί
1393 1800 1544 1851 sum,
1580 1793 1654 1845 ita
1704 1800 1762 1846 ιιι
1813 1793 1974 1847 etiam
2031 1809 2122 1846 ac-
2153 1775 2192 1830 Β
2223 1788 2371 1844 runt,
2400 1781 2533 1834 satis
2573 1779 2930 1834 conﬁrmatur
2960 1779 3249 1852 Augustini
3291 1781 3495 1851 opinio.
3536 1779 3630 1835 Sic
3671 1782 3792 1836 item

547 1886 708 1948 cepto
744 1879 1164 1934 Christianismo
1202 1883 1466 1951 praeputia
1502 1882 1568 1937 ad
1609 1884 1750 1938 hanc
1781 1899 1953 1953 usque
1979 1883 2122 1938 diem

548 1979 797 2041 ponant;
828 1972 972 2042 quod
1005 1989 1068 2028 ex
1101 1975 1325 2044 antiqua
1349 1975 1470 2043 ejus
1518 1978 1692 2046 gentis
1733 1975 2124 2031 consuetudine

548 2064 731 2119 facere
768 2066 918 2135 ipsos
957 2067 1075 2120 sine
1129 2064 1399 2130 Judaismi
1448 2055 1837 2138 superstitione
1895 2075 2125 2122 testatur

547 2155 817 2227 Iosephus
848 2159 1109 2228 Scaliger.
1135 2159 1231 2213 lib.
1263 2175 1339 2212 vu
1373 2158 1449 2214 De
1480 2159 1683 2214 emend.
1712 2169 1888 2227 temp.,
1922 2176 1973 2229 p.
1997 2159 2120 2215 640.

551 2250 635 2304 An
673 2257 896 2320 propter
943 2251 1048 2305 hoc
1082 2258 1136 2305 et
1177 2265 1209 2304 a
1258 2252 1551 2322 gentilismi
1597 2251 1985 2322 superstitione
2024 2252 2125 2306 im-

551 2341 783 2396 munes?
814 2339 1076 2410 Scaliger.

620 2430 728 2484 lhid
760 2471 776 2496 ,
806 2431 903 2485 lin.
935 2433 1026 2484 29..
1054 2433 1175 2485 Ἔτι
1206 2430 1274 2484 δὲ
1306 2432 1404 2485 καὶ
1430 2431 1562 2498 τήν.
1598 2431 1729 2498 Qua:
1760 2431 1827 2487 de
1857 2430 2127 2486 divisione

551 2519 769 2591 Egypti
805 2520 1122 2576 Eustathius
1170 2521 1339 2593 Moysi
1388 2522 1583 2578 tribuit
1625 2522 2126 2587 videturtrihucre

548 2611 784 2682 Josepho
804 2613 1109 2669 Alexander
1125 2613 1434 2686 Polyhistor
1450 2630 1511 2670 ex
1538 2615 1815 2685 Artapanu
1837 2633 1849 2668 :
1878 2614 2128 2669 Ἑλθόντα

549 2704 607 2756 δὲ
642 2704 802 2758 αὑτὸν
835 2707 915 2769 είς
949 2705 1048 2777 τὴν
1090 2705 1383 2775 Αἴγυπτον,
1425 2708 1520 2760 καὶ
1555 2706 1884 2760 συσταθέντα
1923 2705 2000 2776 τῷ
2033 2706 2128 2776 βα-

551 2795 690 2849 σιλεῖ
729 2796 1005 2868 διοικητὴν
1031 2798 1131 2869 τῆς
1180 2799 1307 2870 ὅλης
1340 2799 1592 2866 γενέσθαι
1623 2798 1824 2869 χώρας,
1863 2799 1956 2852 καὶ
1995 2797 2128 2869 πρό-

551 2906 709 2961 τερον
736 2891 985 2954 ἀτάκτως
1007 2890 1114 2945 τῶν
1145 2891 1453 2960 Αἰγυπτίων
1479 2891 1923 2963 γεωμορούντων,
1959 2890 2044 2944 διὰ
2067 2889 2127 2942 τὸ

549 2983 650 3054 τὴν
684 2981 865 3054 χώραν
901 2981 1203 3055 ἀδιαίρετον
1229 2979 1385 3046 εἶναι,
1421 2985 1514 3036 καὶ
1542 2985 1649 3036 τῶν
1681 2982 1982 3036 ἐλασσόνων
2023 2980 2126 3033 ὑπὸ

2222 1867 2560 1936 explodenda
2593 1876 2675 1921 est
2714 1865 2960 1924 Philonis
3009 1869 3213 1937 opinio,
3269 1870 3362 1939 qui
3407 1869 3474 1924 ad
3519 1869 3790 1926 Abraham

2224 1958 2585 2012 inventionem
2622 1958 2923 2012 litterarum
2959 1957 3346 2013 Hebraicarum
3389 1960 3580 2015 refert.

2293 2049 2451 2118 lbid.,
2483 2051 2576 2105 lin.
2607 2051 2696 2105 55.
2722 2050 2883 2104 Μετὰ
2905 2050 2972 2103 δὲ
2993 2049 3106 2116 τὴν
3124 2051 3294 2106 κατά.
3320 2052 3550 2118 Quidam
3573 2055 3796 2111 traduu’.

2225 2143 2460 2214 Moysem
2495 2149 2651 2213 parta
2687 2142 2916 2199 victoria
2952 2157 3077 2198 cum
3116 2144 3298 2200 redire
3329 2145 3492 2199 vellet
3537 2145 3591 2202 in
3628 2145 3795 2217 Egy-

2225 2246 2398 2308 ptum,
2434 2251 2533 2290 nec
2579 2235 2880 2290 dimitteret
2923 2251 3047 2290 eum
3082 2234 3337 2301 Tharbis,
3372 2236 3575 2306 ipsum,
3616 2246 3676 2292 ut
3707 2241 3794 2310 qui

2226 2327 2587 2398 peritissimus
2627 2333 2772 2380 esset
2813 2332 3117 2390 astrorum,
3144 2326 3281 2380 duas
3320 2327 3586 2398 imagines
3653 2329 3799 2384 scul-

2225 2420 2399 2490 psisse
2434 2419 2487 2472 in
2513 2418 2741 2489 gemmis
2769 2417 2890 2486 ejus
2921 2417 3160 2482 virtutis,
3187 2432 3251 2472 ac
3282 2420 3589 2489 potestatis,
3626 2429 3689 2473 ut
3721 2422 3800 2475 al-

2224 2518 2340 2566 tera
2377 2511 2688 2564 memoriam
2716 2510 2950 2572 afferret,
2975 2510 3144 2567 altera
3168 2509 3496 2565 oblivionem
3519 2552 3535 2577 ,
3564 2527 3800 2583 cumque

2224 2603 2446 2672 paribus
2495 2603 2712 2657 annulis
2757 2617 2850 2657 eas
2895 2602 3235 2674 inseruisset,
3295 2602 3527 2656 alterum
3581 2606 3801 2659 scilicet

2225 2694 2499 2748 memoria:
2545 2693 2649 2747 sibi
2696 2708 3022 2758 reservasse,
3073 2694 3303 2750 alterum
3355 2695 3654 2751 oblivionis
3706 2697 3802 2751 de-

2225 2784 2369 2840 disse
2393 2783 2647 2848 Tharbis,
2673 2801 2831 2854 quem
2858 2784 2948 2838 illa
2973 2783 3204 2840 induens
3237 2800 3363 2840 mox
3396 2785 3597 2857 Moysis
3628 2788 3802 2842 oblita

2227 2876 2362 2942 fuit;
2404 2876 2592 2946 sicque
2643 2876 2734 2930 ille
2781 2875 2836 2928 in
2881 2865 3177 2945 Egyptum
3221 2875 3400 2931 redire
3445 2879 3636 2946 potuit.
3689 2875 3803 2936 Sed

2226 2981 2402 3037 nugae.

549 3076 658 3130 τῶν
689 3077 1016 3147 κρεισσόνων
1048 3076 1440 3148 ἀδικουμένων,
1470 3075 1656 3129 τοῦτον
1696 3074 1909 3144 πρῶτον
1945 3074 2041 3145 τήν
2064 3090 2124 3125 τε
2149 3110 2197 3174 C
2234 3057 2455 3174 “12m”
2489 3057 2585 3161 Ῐίξι·
2609 3055 2697 3174 δεῖ·
2717 3057 2837 3174 ἔξω
2881 3060 2914 3111 δ
2948 3057 3269 3174 ἱξενεξςῆςο
3300 3058 3614 3174 ξτξθὲδηξιε
3651 3060 3804 3174 3.13”

551 3171 654 3240 γῆν
680 3169 893 3234 διελεῖν,
927 3170 1020 3224 κα)⁸
1056 3171 1200 3241 ὅροις
1239 3167 1698 3240 διασημήνασθαι,
1724 3167 1819 3220 καὶ
1857 3165 1954 3237 τὴν
2003 3165 2126 3217 πολ-

549 3263 646 3334 λὴν
666 3263 1062 3335 χερσευομένην
1083 3258 1464 3333 γεωργήσιμον
1494 3260 1838 3324 ἀποτελέσαι,
1866 3259 1956 3311 καί
1977 3275 2128 3323 τινας

551 3354 937 3426 τῶν.άρουρῶν
974 3357 1086 3416 τοῖς
1127 3353 1363 3425 ἱερεῦσιν
1393 3351 1799 3423 ἀποκληρῶσαι.
1835 3350 2033 3404 Τοῦτον
2071 3349 2127 3403 δὲ

551 3443 646 3498 καὶ
682 3444 854 3516 μέτρα
886 3445 1084 3517 εὑρεῖν,
1117 3444 1210 3497 καὶ
1259 3443 1510 3514 μεγάλως
1549 3442 1712 3496 αὐτὸν
1758 3441 1862 3494 ὑπὸ
1893 3441 2001 3494 τῶν
2037 3442 2130 3494 Αί-

551 3536 792 3605 γυπτίων
844 3535 928 3589 διὰ
989 3535 1160 3590 ταῦτα
1207 3535 1578 3606 ἀγαπηθῆναι.
1633 3533 1812 3604 Γῆμαι
1857 3532 1913 3585 δὲ
1969 3532 2128 3585 αὐτὸν

563 3626 963 3678 Ἦλιουπολίτου
993 3627 1181 3698 ἱερέως
1226 3626 1443 3680 Ἀσενὲθ
1475 3624 1766 3695 θυγατέρα,
1791 3623 1848 3690 ἐξ
1868 3620 1935 3695 ἦς
1951 3623 2131 3693 γεννῆ-

557 3734 646 3771 σαι
675 3717 890 3780 παῖδας.
913 3717 1274 3774 Praefecturas
1313 3717 1532 3788 {Egypti
1563 3734 1590 3770 a
1627 3716 1858 3785 Memphi
1888 3715 1954 3768 ad
1989 3712 2130 3768 The-

552 3807 769 3864 baidem
809 3825 981 3878 usque
1029 3817 1282 3882 numerat
1324 3807 1752 3879 Agatharchides
1801 3805 1941 3874 apud
1988 3803 2129 3858 Pho-

553 3902 693 3954 tium
742 3900 797 3954 in
833 3901 999 3962 Bibl.,
1035 3901 1253 3964 Strabo,
1297 3901 1389 3954 lib.
1420 3915 1554 3964 xvu,
1597 3898 1890 3969 Egyptum
1938 3897 2128 3952 scribit

554 3995 790 4065 primum
817 3993 1049 4050 divisam
1086 3996 1142 4048 in
1174 3992 1547 4063 praefecturas,
1580 3991 1906 4046 Thebaciam
1944 3991 1996 4043 in
2037 3990 2130 4043 de-

553 4101 696 4149 cem,
731 4100 874 4149 eam,
906 4101 1027 4155 quae
1060 4085 1112 4138 in
1141 4084 1314 4147 Delta,
1347 4085 1403 4138 in
1439 4084 1574 4137 alias
1622 4082 1833 4143 decem,
1873 4078 2130 4133 Interme-

554 4176 700 4230 diam
733 4177 787 4230 in
818 4176 1078 4232 sedecim.
1109 4174 1211 4229 Tot
1250 4175 1394 4229 enim
1425 4184 1582 4227 erant
1627 4170 1939 4242 hujusmodi
1994 4185 2131 4240 prae-

556 4266 803 4331 fecturae,
833 4273 966 4337 quot
990 4265 1292 4338 labyrinthi
1333 4266 1490 4330 aulae,
1518 4279 1639 4334 qua:
1663 4264 1886 4320 circiter
1906 4263 2131 4333 triginta

554 4355 799 4414 fuerunt.
825 4354 1063 4411 Rursum
1092 4354 1447 4436 praetecturas
1485 4353 1690 4408 divisas
1713 4354 1766 4407 in
1793 4351 2127 4420 toparchias,

2228 3151 2284 3204 δὲ
2313 3151 2612 3222 Χενεφρῆν,
2649 3149 2898 3213 λυθέντος
2919 3149 3012 3203 τοῦ
3039 3151 3296 3221 πολέμου,
3329 3152 3472 3224 λόγῳ
3508 3153 3609 3224 μὲν
3643 3156 3803 3210 αὑτὸν

2228 3241 2625 3305 ἀποδέξασθαι,
2676 3241 2822 3313 ἔργῳ
2879 3241 2935 3294 δὲ
2984 3241 3369 3298 ἐπιϐουλεύειν.
3425 3245 3805 3316 Παρελόμενοθ

2228 3331 2358 3399 γοῦν
2392 3329 2554 3384 αὑτοῦ
2584 3330 2707 3392 τοὺς
2747 3329 2932 3398 ὄχλους
2978 3329 3100 3394 τοὺς
3155 3330 3253 3400 μὲν
3287 3332 3380 3382 ἐπὶ
3421 3330 3487 3383 τά
3534 3333 3664 3403 ὅρια
3706 3331 3803 3401 τῆς

2227 3422 2510 3484 Αἰθιοπίας
2545 3421 2755 3492 πέμψαι
2787 3421 3140 3491 προφυλακῆς
3169 3422 3362 3492 χάριν,
3393 3423 3519 3486 τοὺς
3548 3423 3606 3476 δὲ
3639 3440 3804 3495 προσο

2229 3515 2384 3579 τάξαι
2418 3513 2507 3567 τὸν
2548 3515 2604 3565 ὲν
2629 3512 2750 3576 Διὸς
2783 3512 2930 3565 πόλει
2960 3512 3082 3566 ναδν
3118 3513 3178 3577 ἐξ
3206 3514 3375 3583 ὀπτῆς
3415 3513 3640 3567 πλίνθου
3676 3530 3803 3568 κατ-

2230 3608 2628 3679 εσκευασμένον
2685 3606 2996 3678 καθαιρεῖν·
3060 3606 3244 3677 ἕτερον
3289 3606 3356 3670 δὲ,
3389 3607 3586 3661 λίθινον
3638 3625 3804 3661 κατα-

2233 3701 2516 3763 σκευάσαι,
2555 3699 2615 3753 τὸ
2659 3697 2883 3769 πλησίον
2925 3697 3045 3769 ὅρος
3093 3697 3519 3769 λατομήσαντας·
3555 3698 3718 3763 τάξαι
3749 3699 3803 3756 δὲ

2230 3795 2322 3847 ἐπὶ
2349 3794 2446 3864 τῆς
2466 3792 2773 3863 οἰκοδομίας
2805 3792 3099 3863 ἐπιστάτην
3127 3793 3445 3864 Ναχέρωτα.

2302 3883 2460 3950 lbid.,
2499 3885 2595 3938 lin.
2628 3884 2719 3938 40.
2770 3886 2827 3936 Tt
2872 3883 2995 3948 τοῖς
3022 3881 3235 3949 ἀνθρώ.
3291 3885 3605 3951 Ariapanus
3662 3884 3802 3953 apud

2231 3976 2515 4031 Eusebium
2536 3992 2553 4029 :
2572 3976 2674 4028 Τὸν
2705 3975 2780 4040 δὲ,
2811 3973 3028 4026 ἐλθόντα
3049 3976 3183 4045 μετὰ
3204 3975 3433 4028 Μωῦσου
3455 3977 3532 4038 εἰς
3557 3975 3807 4047 Μέμφιν,

2231 4067 2497 4123 πυθέσθαι
2529 4068 2660 4138 παρ’
2687 4066 2871 4131 αὐτοῦ,
2903 4065 3024 4124 εἴτι
3049 4065 3175 4125 ἄλλο
3197 4067 3342 4120 ἐστὶν
3368 4065 3668 4136 εὔχρηστον
3692 4069 3800 4130 τοῖς

2232 4160 2553 4230 ἀνθρώποις.
2584 4157 2686 4211 Τὸν
2718 4157 2774 4210 δὲ
2807 4158 2972 4226 φάναι
3005 4157 3160 4226 γένος
3205 4157 3265 4209 τὸ
3313 4155 3470 4226 βοῶν,
3501 4156 3589 4208 διά
3615 4159 3678 4210 τὺ
3703 4157 3798 4229 τὴν

2229 4254 2332 4323 γῆν
2362 4252 2465 4304 ὑπὸ
2502 4249 2704 4303 τούτων
2746 4247 3026 4320 ἀροῦσθαι.
3070 4247 3172 4300 Τὸν
3209 4247 3265 4299 δὲ
3296 4245 3597 4317 Χενεφρῆν,
3633 4262 3803 4317 προσ..

2231 4345 2599 4417 αγορεύσαντα
2619 4340 2816 4414 ταῦρον
2845 4343 3028 4404 Ἀπιν,
3056 4337 3306 4406 κελεῦσαι
3331 4339 3470 4410 ἱερὸν
3487 4337 3656 4391 αὐτοῦ
3678 4338 3802 4400 τοὺς

554 4448 868 4518 toparchias
907 4449 962 4502 in
987 4449 1123 4504 alias
1153 4431 1450 4519 portiones,
1482 4461 1712 4517 quarum
1743 4446 1981 4500 minimae
2000 4459 2125 4498 arva

2231 4440 2419 4509 ὄχλους
2447 4435 2892 4509 καθιδρύσασθαι,
2925 4434 3112 4488 καὶτὰ
3140 4431 3256 4496 ζῶα
3292 4431 3361 4484 τὰ
3395 4431 3803 4503 καθιερωθέντα

555 4549 716 4598 erant
747 4548 800 4596 et
841 4539 1079 4612 [Egyptii
1107 4541 1211 4594 hac
1240 4539 1512 4610 exquisita
1540 4539 1855 4607 minutaque
1887 4534 1972 4591 usi
1999 4547 2128 4590 sunt

555 4631 831 4687 divisione
883 4643 1104 4702 propter
1154 4631 1446 4685 continuas
1497 4629 1685 4683 ﬁnium
1741 4627 2126 4692 confusiones,

556 4736 778 4797 propter
830 4723 935 4778 Nili
973 4725 1331 4791 incrementa,
1364 4722 1457 4793 qui
1507 4729 1704 4777 auctus
1747 4719 1832 4775 his
1876 4717 2128 4782 addebat,

557 4820 682 4876 aliis
728 4819 1024 4883 adimebat,
1056 4817 1238 4871 omnia
1281 4831 1437 4871 versa
1483 4813 1621 4868 facie
1653 4827 1838 4868 rerum
1887 4826 2131 4866 commu-

556 4921 703 4976 tans,
747 4911 954 4981 ﬁguris,
991 4893 1270 4979 signisque
1302 4907 1535 4962 obrutis.
1565 4905 1640 4961 De
1669 4905 1754 4960 his
1791 4902 2130 4974 praefecturis

555 5004 682 5058 vide
713 5001 1032 5064 Diodorum,
1065 4999 1326 5062 Plinium,
1355 5006 1411 5052 et.
1440 4998 1598 5052 alios.

627 5093 789 5157 Ibid,
817 5095 912 5147 lin.
943 5092 1032 5146 29.
1066 5090 1303 5160 Πρῶτος
1335 5089 1446 5161 γὰρ
1469 5084 1666 5154 οὗτος.
1690 5085 1996 5142 Alexander
2026 5083 2130 5139 Po-

555 5186 790 5258 lyhistor
837 5185 978 5254 apud
1009 5183 1341 5238 Eusebium:
1389 5180 1701 5249 Εὑπόλεμος
1745 5179 1803 5232 δέ
1853 5193 1986 5250 φησι
2039 5176 2136 5230 τὸν

555 5279 763 5348 Μωσῆν
797 5278 1008 5348 πρῶτον
1037 5275 1197 5345 σοφὸν
1216 5271 1486 5343 γενέσθαι,
1513 5271 1605 5324 καὶ
1629 5269 1929 5341 γράμματα
1957 5284 2131 5338 παρα-

557 5371 742 5426 δοῦναι
797 5373 908 5435 τοῖς
960 5369 1231 5432 Ἰουδαίοις
1273 5366 1520 5439 πρῶτονο
1572 5363 1721 5436 παρὰ
1771 5363 1827 5416 δὲ
1865 5360 2138 5414 Ἰουδαίων.

558 5462 804 5526 Φοίνικας
849 5460 1200 5535 παραλαϐεῖν,
1241 5458 1507 5530 Ἕλληνας
1544 5456 1601 5509 δὲ
1651 5453 1802 5524 παρὰ
1849 5450 2127 5511 Φοινίκων,

561 5555 756 5625 νόμους
796 5573 856 5608 τε
899 5543 1114 5627 πρῶτον
1162 5553 1369 5624 γράψαι
1424 5551 1629 5621 Μωσῆν
1673 5550 1785 5611 τοῖς
1833 5542 2129 5606 Ἰουδαίοις.

563 5652 814 5705 Clemens
842 5650 1263 5717 Alexandrinus,
1291 5652 1382 5708 lib.
1412 5669 1425 5706 ι
1461 5650 1664 5707 Strom.
1693 5640 2040 5712 εΕύπόλεμος
2073 5637 2129 5692 δὲ

563 5743 624 5812 δν
650 5741 727 5814 τῷ
755 5742 879 5804 ττεοῖ
905 5741 1013 5795 τῶν
1043 5744 1100 5797 ὲν
1122 5744 1188 5815 τῇ
1228 5742 1446 5816 Ἰουδαῗτ
1485 5735 1743 5810 βισιλέων
1772 5733 1863 5789 τὸν
1891 5730 2128 5800 Μωῦσῆν

2231 4531 2335 4584 ὑπὸ
2378 4530 2471 4583 τοῦ
2516 4528 2750 4583 Μωΰσου
2795 4526 3033 4580 κελεύειν
3078 4527 3194 4579 ἐκεῖ
3239 4524 3499 4596 φέροντας
3550 4523 3800 4589 θάπτειν,

2229 4619 2632 4690 κατακρύπτειν
2665 4618 2830 4670 θέλων
2856 4616 2948 4669 τοῦ
2977 4616 3209 4674 Μωΰσου
3240 4615 3600 4685 ἐπινοήματα.

2298 4708 2460 4773 Ibid,
2483 4709 2582 4762 lin.
2611 4707 2698 4761 48.
2739 4707 2849 4761 Τὸν
2870 4705 2938 4759 δὲ
2963 4705 3168 4775 ὄχλον.
3206 4702 3282 4759 De
3321 4703 3424 4758 hoc
3450 4705 3614 4758 verba
3641 4706 3804 4760 Arta-

2229 4798 2358 4869 pani
2387 4813 2549 4868 supra
2584 4796 2887 4868 posuimus.

2299 4890 2462 4954 lbid.,
2492 4889 2588 4943 lin.
2613 4888 2700 4943 54.
2735 4883 3142 4951 Ἀποξενώσας
3166 4883 3251 4939 δέ.
3275 4882 3586 4951 Artapanus
3609 4881 3806 4938 9AM.-

2231 4981 2577 5049 ξενωσάντων
2607 4980 2665 5033 δὲ
2707 4979 2866 5033 αὑτὸν
2908 4977 3014 5034 τῶν
3050 4973 3380 5043 Αἰγυπτίων,
3414 4973 3802 5044 ,ὁρκομοτῆσαι

2227 5077 2356 5140 τοὺς
2395 5075 2581 5146 φίλους
2620 5072 2694 5144 μὴ
2728 5069 3034 5139 ἐξαγγεῖλαι
3082 5066 3161 5138 τῷ
3191 5066 3410 5138 Μωΰσῳ
3442 5067 3542 5136 τὴν
3578 5068 3806 5121 ἐπισυνέ-

2232 5168 2526 5240 ισταμένην
2561 5165 2707 5237 αὐτῷ
2759 5163 3066 5234 ἐπιϐουλὴν,
3123 5161 3214 5216 καὶ
3264 5158 3628 5231 προϐαλέσθαι
3672 5157 3804 5221 τοὺς

2229 5261 2620 5332 ἀναιρήσοντας
2645 5258 2824 5311 αὐτόν.
2851 5254 3093 5325 Μηδενὸς
3120 5253 3163 5306 δ’
3193 5251 3625 5315 ὑπακούσαντος,
3656 5249 3800 5302 ὀνει-

2229 5353 2371 5408 δίσαι
2402 5352 2492 5406 τὸν
2519 5348 2801 5419 Χενεφρῆν
2829 5343 3172 5415 Χανενώθην,
3223 5343 3313 5396 τὸν
3357 5342 3590 5414 μάλιστα
3633 5356 3804 5413 προσ-

2229 5444 2622 5517 αγορευόμενον
2662 5438 2752 5492 ὑπ’
2791 5438 2977 5492 αὐτοῦ.
3001 5437 3104 5490 Τὸν
3134 5435 3213 5501 δὲ,
3253 5433 3632 5499 δνειδισθέντα,
3666 5432 3804 5487 ὐπο-

2231 5536 2450 5609 σχέσθαι
2476 5535 2575 5606 τὴν
2605 5531 2866 5597 ἐπίθεσιν,
2899 5529 3130 5584 λαϐόντα
3162 5527 3370 5598 καιρόν.

2296 5627 2456 5694 lbid.,
2487 5628 2585 5683 lin.
2615 5624 2703 5682 59.
2741 5625 2875 5680 Τότε
2901 5621 2978 5692 δὴ
3001 5623 3099 5678 καὶ
3125 5620 3255 5689 τῆς.
3280 5619 3590 5690 Artapanus
3614 5614 3804 5674 {T116

2229 5725 2286 5780 δὲ
2327 5722 2510 5782 τοῦτον
2547 5720 2637 5776 τὸν
2681 5716 2870 5790 καιρὸν
2916 5715 3012 5786 τῆς
3059 5713 3327 5790 Μέρριδος
3373 5708 3809 5781 τελευτησάσης,
