4072 6338
261 330 402 387 1053

1199 338 1267 394 ΙΝ
1306 339 1667 397 EUSTATHH
1705 342 2175 403 HEXAEMERON
2211 348 2435 407 ΝΟΤΕ.

3340 365 3473 421 105-!

260 441 589 512 ὑποσχέσθαι
621 444 710 497 τὸν
736 445 1015 520 Χενεφρῆν
1042 447 1121 520 τῷ
1145 467 1205 503 τε
1237 453 1453 523 Μωύσῳ
1481 455 1572 508 καὶ
1596 454 1674 524 τῷ
1704 456 1816 508 Χα-

1924 457 2103 525 phanti
2137 478 2155 515 :
2188 464 2337 533 cujus
2375 468 2694 521 naturaliter
2717 468 2875 535 dura,
2906 478 2957 525 et
2986 488 3170 541 aspera
3199 477 3349 545 pellis
3380 498 3474 549 no-

259 534 465 607 νενώθῃ
492 534 552 588 τὸ
583 536 757 606 σῶμα,
799 538 959 604 ὥστε,
990 542 1407 613 διακομίσαντας
1433 547 1511 609 εἰς
1534 548 1656 609 τοὺς
1680 548 1777 599 ύπὲ
1787 564 1817 617 ρ

260 627 534 697 Αἴγυπτον
564 630 779 697 τόπους,
830 633 1013 703 θάψαι,
1066 635 1402 691 ὑπολαϐόντα
1447 638 1538 690 τὸν
1589 638 1817 691 Μώῦσον

261 719 367 774 ὑπὸ
402 720 495 774 τοῦ
526 722 777 776 Χανενὼθ
824 725 1291 797 ἀναιρεθήσεσθαι.
1340 730 1721 801 Πορευομένων
1762 729 1818 783 δὲ

262 814 463 879 αὐτῶν,
504 816 600 886 τὴν
632 817 919 889 ἐπιϐουλὴν
948 819 1023 889 τῷ
1056 822 1271 905 Megaera)
1318 821 1624 890 ἐξαγγεῖλαι
1674 840 1814 876 τινα.

262 907 365 959 Τὸν
389 907 445 960 δὲ
479 908 813 976 φυλάσσοντα
841 911 999 964 αὑτὸν
1030 912 1126 981 τὴν
1158 914 1251 983 μὲν
1282 915 1489 985 Μέρριν
1520 914 1704 983 θάψαι,
1728 916 1820 969 τὸν

260 998 320 1053 δὲ
358 1000 617 1070 ποταμὸν,
663 1002 753 1053 καὶ
790 1001 881 1072 τὴν
909 1004 964 1054 ἐν
1000 1004 1188 1074 ἐκείνῳ
1215 1006 1363 1058 πόλιν
1399 1007 1613 1077 Μερόην
1651 1025 1820 1079 προσ-

262 1092 577 1163 αγορεῦσαι.
604 1094 873 1163 Τιμᾶσθαι
906 1095 962 1147 δὲ
1002 1095 1098 1166 τὴν
1134 1097 1339 1169 Μέρριν
1366 1098 1565 1167 ταύτην
1592 1099 1694 1151 ὑπὸ
1714 1100 1819 1153 τῶν

263 1185 544 1255 ἐγχωρίων
585 1186 682 1238 οὐκ
728 1187 942 1239 ἔλαττον
973 1188 1003 1258 ἢ
1034 1189 1131 1257 τὴν
1161 1191 1313 1245 Ἶσιν.
1365 1190 1639 1255 Omnium,
1685 1207 1820 1259 quas

263 1275 419 1329 Nilus
464 1276 631 1329 ambit
675 1278 909 1330 maxima
951 1287 1005 1333 et
1038 1280 1400 1349 pulcherrima
1434 1283 1632 1335 insula.
1670 1282 1820 1335 Mulli

263 1369 647 1421 existimarunt
692 1370 834 1423 inter
879 1386 1015 1439 quos
1063 1370 1330 1440 Iosephus
1369 1373 1462 1429 lib.
1496 1389 1530 1426 ll
1561 1372 1819 1442 Antiquit.

260 1458 479 1513 Judaic.
526 1477 721 1517 nomen
770 1478 799 1515 a
853 1463 1029 1518 Meroe
1065 1464 1347 1536 Cambysis
1384 1480 1589 1525 sorore,
1628 1466 1731 1531 vel,
1765 1474 1823 1519 ut

264 1551 535 1608 Diodorus
564 1555 659 1619 ait,
694 1564 865 1611 matre
903 1557 975 1610 ibi
1018 1568 1251 1623 mortua,
1282 1574 1402 1612 cum
1439 1557 1504 1611 ad
1536 1557 1823 1628 Ethiopas

260 1642 549 1711 ingressus
570 1653 737 1707 esset,
762 1645 1055 1711 habuisse;
1080 1646 1200 1715 ejus
1224 1647 1469 1701 meminit
1492 1645 1820 1703 Herodotus.

262 1730 342 1789 De
361 1746 423 1787 ea
450 1732 725 1798 Lucanus,
756 1735 850 1791 lib.
878 1752 911 1789 χ
948 1752 961 1789 :

404 1844 649 1917 ambitur
684 1847 844 1915 nigris
873 1845 1045 1901 Meroe
1073 1848 1297 1917 fecunda
1326 1846 1520 1902 colonis

406 1912 554 1968 chta
584 1912 751 1969 comis
773 1917 976 1980 hebeni,
1008 1912 1112 1971 etc.

260 2003 389 2058 Fuit
432 2006 602 2075 regia,
647 2014 700 2060 et
749 2010 1063 2078 metropolis
1108 2008 1441 2080 Ethiopum.
1478 2012 1818 2077 Heliodorus,

261 2095 360 2147 lib.
381 2110 412 2148 ι
438 2095 532 2149 εἮ
554 2098 658 2165 γὰρ
682 2097 743 2167 δὴ
763 2099 966 2169 Μερόη,
1000 2101 1327 2172 μητρόπολις
1356 2098 1487 2155 οὖσα
1507 2103 1616 2155 τῶν
1641 2105 1821 2156 Αἰθιό-

262 2201 403 2250 πων,
432 2186 500 2238 τά
532 2187 630 2255 μὲν
652 2187 783 2241 ἄλλα
810 2190 924 2241 ἐστὶ
953 2190 1112 2258 νῆσος
1150 2178 1542 2262 τριγωνίζουσα
1565 2198 1821 2265 ποταμοῖς

259 2274 344 2349 τῷ
376 2294 434 2330 τε
475 2278 651 2349 Νείλῳ
688 2281 781 2333 καὶ
823 2280 902 2349 τῷ
952 2281 1272 2353 Ἀσταϐόρα,
1314 2284 1404 2336 καὶ
1440 2284 1517 2354 τῷ
1558 2286 1822 2356 Ἀσασόϐᾳ

261 2369 681 2440 περιρῤεομένη.
726 2370 817 2423 τοῦ
860 2372 957 2441 μὲν
1004 2374 1143 2426 κατὰ
1181 2375 1423 2446 κορυφὴν
1464 2375 1823 2446 ἐμπίπτοντος

257 2458 357 2511 τοῦ
396 2459 609 2523 Νείλου,
650 2461 743 2513 καὶ
776 2462 909 2533 πρὸς
945 2463 1179 2535 ἐκάτερα
1208 2465 1540 2536 σχιζομένου,
1576 2467 1680 2520 τῶν
1706 2468 1822 2520 ἐτέ-

262 2570 374 2624 ρων
416 2554 472 2606 δὲ
521 2553 663 2607 δυοῖν
694 2555 833 2609 κατά
864 2556 1099 2627 πλευρὰν
1130 2559 1389 2629 ἑκατέραν
1422 2560 1647 2631 θατέρου
1679 2578 1821 2631 παρ-

261 2644 619 2714 αμειϐόντων,
665 2648 758 2699 καὶ
791 2643 944 2711 αὖθις
973 2647 1218 2716 ἀλλήλοις
1250 2650 1681 2719 συμπιπτόντων,
1730 2649 1824 2703 καὶ

261 2742 346 2803 είς
382 2740 479 2794 ἕνα
510 2740 601 2793 τὸν
638 2740 828 2793 Νεῖλον
854 2742 919 2794 τό
944 2759 1005 2795 τε
1026 2742 1203 2814 ῥεῦμα
1234 2742 1294 2795 τό
1322 2760 1380 2795 τε
1408 2744 1574 2813 ὄνομα
1600 2745 1824 2795 ἐκνικω-

268 2834 468 2903 μένων.

335 2925 450 2979 Col.
476 2926 598 2987 785,
631 2927 725 2980 lin.
769 2926 821 2981 8.
861 2928 1051 2993 Αὐτός
1090 2926 1156 2979 δὲ
1203 2928 1270 2980 ἐκ
1304 2927 1437 2995 μέν.
1484 2926 1821 2995 Artapanus:

276 3016 524 3085 Ἀαρῶνα
564 3018 620 3069 δὲ
655 3018 743 3069 τὸν
780 3017 872 3071 τοῦ
906 3020 1139 3071 Μωΰσου
1178 3018 1422 3086 ἀδελφὸν,
1468 3017 1536 3071 τὰ
1573 3019 1700 3087 περὶ
1728 3018 1825 3087 τὴν

263 3107 553 3178 ἐπιϐουλὴν
601 3109 909 3177 ἐπιγνόντα,
947 3110 1340 3181 συμϐουλεῦσαι
1372 3108 1445 3179 τῷ
1485 3108 1695 3178 ἀδελφῷ
1724 3126 1823 3177 φυ-
1850 3134 1891 3190 C

262 3202 383 3267 γεῖν
407 3202 484 3262 είς
515 3202 611 3271 τὴν
648 3202 920 3271 Ἀραϐίαν.
957 3203 1059 3255 Τὸν
1097 3202 1174 3265 δὲ,
1209 3202 1516 3263 πεισθέντα,
1542 3202 1648 3253 ἀπὸ
1674 3201 1825 3271 Μέμ-

264 3309 411 3363 φεως
446 3294 535 3346 τὸν
573 3295 759 3347 Νεῖλον
802 3294 1216 3356 διαπλεύσαντα,
1266 3292 1698 3347 ἀπαλλάσσεσθαι
1746 3295 1823 3356 είς

262 3381 366 3451 τὴν
416 3384 689 3453 Ἀραϐίαν.
737 3386 839 3437 Τὸν
882 3385 939 3438 δὲ
983 3384 1326 3455 Χανεθώθην,
1382 3384 1677 3453 πυθόμενον
1731 3381 1822 3433 τοῦ

265 3474 501 3528 Μωΰσου
553 3476 650 3545 τὴν
704 3476 898 3547 φυγὴν,
960 3476 1254 3547 ἐνεδρεύειν
1315 3476 1389 3539 ὡς
1444 3476 1821 3547 ἀναιρήσοντα.

278 3562 479 3616 ἰδόντα
517 3563 571 3616 δὲ
614 3564 921 3634 ἐρχόμενον,
966 3565 1270 3619 σπάσασθαι
1302 3566 1399 3635 τὴν
1437 3566 1708 3637 μάχαιραν
1738 3568 1824 3619 ἐπ’

264 3651 450 3705 αὐτόν.
504 3652 604 3703 Τὸν
649 3653 705 3704 δὲ
750 3654 1000 3718 Μώῦσον,
1042 3655 1584 3724 προκατασχήσαντα,
1626 3655 1724 3723 τήν
1765 3671 1824 3706 τε

263 3746 425 3815 χεῖρα
469 3748 757 3814 κατασχεῖν
791 3745 1116 3809 αύτοῦ,-καὶ
1162 3745 1501 3815 σπασάμενον
1545 3746 1603 3798 τὸ
1654 3746 1823 3813 ξίφος,

264 3834 521 3903 φονεῦσαι
547 3836 634 3887 τὸν
662 3835 1002 3906 Χανεθώθην.
1028 3836 1344 3906 Διεκδράναι
1367 3837 1423 3888 δὲ
1448 3838 1526 3899 είς
1548 3837 1643 3907 τὴν
1678 3838 1826 3907 Ἀρα-

265 3925 390 3979 ϐίαν
415 3927 507 3981 καὶ
544 3928 850 3998 Ῥαγουήλῳ
873 3927 947 3997 τῷ
969 3927 1074 3979 τῶν
1096 3928 1273 3980 τόπων
1296 3928 1511 3999 ἄρχοντι
1540 3929 1822 3999 συμϐιοῦν,

266 4018 498 4073 λαϐόντα
530 4020 625 4090 τὴν
660 4022 863 4073 ἐκείνου
895 4019 1187 4089 θυγατέρα.

333 4111 496 4170 ll)id.,
529 4112 623 4164 lin.
648 4113 737 4167 9.5.
772 4112 1003 4179 Πρῶτος
1030 4112 1137 4181 γάρ
1162 4124 1303 4169 παν,
1326 4111 1631 4180 Artapanus
1660 4111 1826 4164 ε’Υπὸ

266 4201 326 4253 δὲ
352 4201 442 4253 τὸν
472 4202 630 4253 αὑτὸν
664 4200 851 4272 χρόνον
892 4203 985 4253 καὶ
1022 4201 1302 4270 Χενεφρῆν
1336 4202 1546 4271 πρῶτον
1578 4200 1827 4253 ἀπάντων

266 4295 568 4366 ἀνθρώπων
597 4298 1049 4365 ἐλεφαντιάσαντα
1081 4298 1423 4369 μεταλλάξαι.
1459 4300 1642 4370 Τούτῳ
1671 4300 1726 4352 δὲ
1750 4299 1828 4369 τῷ

267 4388 432 4442 πάθει
483 4394 793 4460 περιπεσεῖν
838 4391 923 4444 διὰ
964 4391 1023 4442 τὸ
1061 4391 1150 4444 τοῦ
1199 4392 1479 4454 Ἰουδαίους
1526 4392 1826 4463 προστάξαι

1920 569 2035 605 men
2062 555 2237 607 morbo
2261 558 2312 609 in
2344 557 2639 613 hominibus
2668 561 2809 613 dedit
2837 577 2855 617 :
2888 564 3011 632 quia
3043 570 3271 635 corporis
3298 587 3476 640 super-

1919 644 2088 711 ﬁciem
2131 646 2353 699 similem
2388 648 2517 715 facit
2564 651 2953 717 elephantorum
2998 656 3106 707 cuti
3148 673 3165 709 :
3215 659 3317 713 sive
3352 664 3474 729 quia

1918 736 2096 803 ingens
2122 738 2301 803 passio
2330 747 2425 800 est,
2452 740 2588 792 sicut
2612 742 2810 794 animal
2840 745 3029 813 ipsum,
3062 762 3125 799 ex
3154 764 3253 816 quo
3277 750 3479 805 deriua-

1922 835 2030 879 tum
2070 829 2213 881 ducit
2258 847 2465 884 nomen.
2510 831 2721 896 Celsus,
2775 835 2867 888 lib.
2921 851 3003 899 Ill,
3052 852 3170 906 cap.
3207 839 3295 905 25,
3343 856 3478 911 pene

1922 916 2162 986 ignotum
2207 921 2258 972 in
2306 919 2457 973 italia
2502 924 2772 987 morbum,
2806 925 2898 987 ait,
2942 926 2992 979 in
3033 929 3352 996 quibusdam
3390 949 3475 986 re-

1922 1009 2173 1077 gionibus
2225 1008 2748 1079 frequentissimum.
2803 1014 3102 1081 Lucretius,
3159 1020 3253 1074 lib.
3304 1036 3357 1074 vi
3403 1021 3479 1075 De

1922 1117 2115 1155 rerum.
2173 1114 2375 1167 natur.,
2428 1106 2595 1159 solam
2653 1096 2944 1178 Egyptum
3006 1111 3314 1179 molestare,
3376 1131 3477 1171 nec

1922 1194 2082 1247 aliam
2114 1195 2386 1263 regionem
2421 1214 2647 1267 usquam
2677 1218 2689 1252 :

1960 1284 2055 1361 ξεί
2080 1287 2299 1361 elephas
2318 1288 2551 1351 morbus,
2586 1292 2673 1359 qui
2702 1302 2911 1360 propter
2938 1293 3159 1361 ﬂumina
3196 1295 3312 1349 Nili

1960 1355 2205 1426 Gignitur
2228 1356 2457 1427 IEgypto
2487 1362 2538 1412 in
2570 1355 2759 1426 media,
2782 1355 2947 1431 neque.
2964 1376 3214 1431 prwterea
3234 1384 3475 1437 usquam.

1921 1448 2150 1513 Plinius,
2188 1452 2280 1504 lib.
2314 1468 2461 1515 χχιιι,
2493 1469 2612 1523 cap.
2642 1454 2691 1517 l,
2727 1457 2913 1510 scribit
2953 1458 3172 1529 Aigypti
3210 1463 3480 1529 peculiare

1924 1542 2025 1596 hoc
2056 1546 2279 1610 malum,
2313 1547 2363 1599 in
2400 1547 2547 1601 Italia
2574 1562 2787 1616 quoque
2822 1541 3105 1619 vagatum;
3140 1552 3278 1606 vide.

1992 1632 2152 1699 lbid.,
2190 1636 2286 1691 lin.
2320 1636 2409 1689 36.
2454 1638 2581 1689 Ἐπί
2617 1637 2857 1706 γοῦντῇ
2884 1642 3143 1708 τοιαύτῃ.
3173 1640 3481 1712 Artapanus

1925 1726 2063 1793 apud
2092 1725 2399 1784 Eusebium.
2440 1726 2687 1782 Clemens
2725 1729 3123 1785 Alexandrinus
3152 1748 3215 1786 ex
3250 1735 3473 1789 eodem:

1847 1794 1895 1854 Β
1935 1818 2266 1887 Ἀρτὰπανος
2290 1818 2419 1886 γοῦν
2440 1822 2497 1871 ἐν
2523 1819 2600 1889 τῷ
2634 1821 2760 1891 περὶ
2800 1822 3062 1874 Ἰουδαίων
3094 1826 3481 1896 συγγράμματι

1923 1908 2122 1979 ἱστορεῖ
2148 1910 2597 1963 κατακλεισθέντα
2651 1914 2730 1975 είς
2784 1912 3029 1984 φυλακὴν
3082 1916 3320 1968 Μωῦσέα
3376 1917 3481 1970 ὑπὸ

1920 2000 2240 2072 Νεχεφρέως
2271 2004 2362 2056 τοῦ
2390 2004 2697 2071 Αἰγυπτίων
2737 2005 3017 2075 βασιλέως,
3052 2009 3140 2060 ἐπὶ
3173 2008 3251 2079 τῷ
3283 2027 3481 2081 παραι-

1920 2092 2126 2144 τεῖσθαι
2173 2092 2263 2145 τὸν
2308 2093 2430 2147 λαὸν
2472 2094 2531 2158 ἐξ
2568 2094 2838 2162 Αἰγύπτου
2887 2096 3236 2169 ἀπολυθῆναι,
3268 2099 3480 2171 νύκτωρ

1921 2184 2252 2253 ἀνοιχθέντος
2286 2186 2376 2238 τοῦ
2400 2188 2765 2259 δεσμωτηρίου
2794 2189 2933 2240 κατά
2958 2188 3205 2259 βούλησιν
3231 2191 3322 2243 τοῦ
3346 2190 3479 2244 Θεοῦ

1922 2276 2222 2343 ἐξελθόντα,
2255 2280 2347 2330 καὶ
2374 2282 2451 2341 είς
2480 2280 2545 2332 τὰ
2568 2279 2807 2349 βασίλεια
2827 2280 3159 2351 παρελθόντα
3196 2282 3480 2353 ἐπιστῆναι

1922 2370 2246 2440 κοιμωμένῳ
2274 2370 2349 2440 τῷ
2383 2371 2606 2441 βασιλεῖ,
2639 2373 2731 2425 καὶ
2760 2372 3025 2443 ἐξεγεῖραι
3060 2374 3238 2427 αὐτόν.
3276 2375 3377 2426 Τὸν
3401 2375 3477 2429 δὲ.

1923 2461 2338 2527 καταπλαγέντα
2370 2461 2445 2531 τῷ
2478 2463 2741 2530 γεγονότι,
2785 2462 3035 2515 κελεῦσαι
3066 2463 3143 2533 τῷ
3180 2466 3385 2535 Μωῦσῇ
3421 2464 3483 2517 τὸ

1922 2550 2016 2604 τοῦ
2062 2552 2371 2623 πέμψαντος
2422 2556 2592 2606 εἰπεῖν
2641 2554 2808 2624 ὄνομα
2855 2555 3008 2607 Θεοῦ.
3064 2557 3172 2608 Καὶ
3215 2556 3304 2608 τὸν
3362 2557 3479 2627 μὲν,

1924 2644 2312 2715 προσκύψαντα
2348 2645 2480 2715 πρὸς
2504 2645 2562 2697 τὸ
2591 2641 2703 2709 οῦς,
2731 2648 2919 2698 εἰπεῖν’
2962 2646 3267 2700 ἀκούσαντα
3307 2647 3363 2699 δε
3394 2647 3483 2701 τὸν

1927 2735 2149 2805 βασιλέα
2192 2737 2404 2805 ἄφωνον
2450 2741 2652 2790 πεσεῖν·
2697 2738 3123 2808 διακρατηθέντα
3154 2739 3211 2793 δέ
3246 2740 3350 2793 ὑπὸ
3388 2740 3482 2794 τοῦ

1924 2828 2199 2891 Μωῦσέως
2230 2829 2387 2881 πάλιν
2416 2828 2727 2884 ἀναϐιῶναι.
2764 2829 2818 2883 ld
2844 2830 2983 2883 idem
3014 2840 3067 2883 et
3094 2830 3298 2887 δι’ωείοό
3330 2830 3484 2887 fabu-

1924 2921 2098 2974 larum
2154 2921 2450 2974 involucris
2502 2922 2771 2987 innotuit,
2822 2922 2880 2975 'U
2929 2922 3251 2993 Ἐνδυμίων,
3311 2926 3485 2995 inquit

1925 3009 2163 3063 Joannes
2194 3011 2566 3065 Antiochenus
2595 3012 2647 3064 in
2675 3011 3056 3081 Archa‘ologia,
3084 3013 3168 3065 διὰ
3211 3014 3493 3083 μυστικῶν

1926 3103 2097 3173 εὐχῶν
2132 3104 2237 3155 ἀπὸ
2266 3103 2363 3173 τῆς
2394 3103 2619 3174 σελήνης
2649 3103 2895 3157 ἐϐούλετο
2926 3097 3113 3174 μαθεῖν
3140 3104 3202 3157 τὸ
3229 3105 3322 3158 τοῦ
3349 3105 3483 3160 Θεοῦ

1924 3196 2114 3267 ὄνομα,
2144 3196 2239 3249 καὶ
2266 3196 2329 3248 δι’
2364 3196 2567 3265 ὀνείρου
2602 3195 2786 3264 μαθὼν
2818 3196 3108 3265 ἀπέψυξεν.
3146 3198 3203 3263 ῘΟ
3234 3197 3290 3250 δὲ
3316 3196 3485 3268 μῦθός

1926 3304 2087 3357 φησιν
2117 3287 2275 3339 αὑτὸν
2313 3287 2415 3339 ὑπὸ
2450 3274 2547 3358 τ’ῆς
2577 3287 2809 3357 Σελήνης
2839 3287 3123 3355 φιλεῖσθαι.
3154 3286 3358 3342 Nomen
3386 3286 3483 3344 Dei

1926 3379 2069 3443 ΙοιΙι,
2106 3380 2188 3439 he,
2220 3397 2339 3443 vau,
2382 3380 2461 3441 he,
2498 3379 2642 3448 quod
2685 3380 2893 3449 antiqui
2932 3380 3187 3436 dixerunt
3223 3381 3482 3453 ἄρρητον,

1924 3467 2321 3537 ἀνεκφώνητον,
2376 3468 2661 3522 inell'abile.
2713 3468 2795 3522 An
2835 3470 2981 3539 quod
3010 3469 3161 3524 ell‘ari
3199 3471 3331 3524 illud
3374 3487 3484 3526 non

1925 3568 2166 3629 possent,
2212 3574 2279 3612 an
2320 3560 2463 3628 quod
2505 3560 2762 3630 religione
2792 3561 3024 3630 quadam
3062 3561 3130 3615 ab
3168 3576 3233 3615 eo
3270 3560 3483 3616 elfando

1926 3653 2278 3716 abstinerent,
2331 3654 2382 3707 id
2424 3654 2586 3724 prisci
2622 3670 2808 3709 omnes
2854 3655 3173 3723 interpretes
3201 3655 3485 3727 diligenter

1927 3751 2231 3807 servarunt,
2268 3759 2364 3812 pro
2393 3758 2457 3797 eo
2481 3743 2626 3798 aliud
2655 3744 2888 3814 legentes
2915 3754 2967 3799 et
2991 3744 3161 3800 Graeci
3185 3747 3313 3801 olim
3338 3747 3485 3817 quod

1927 3839 2185 3907 scriptum
2238 3844 2353 3889 erat
2404 3835 2684 3891 Hebraicis
2734 3836 3142 3893 characteribus
3195 3838 3348 3905 loth,
3402 3840 3482 3901 he.

1926 3944 2046 3989 vau,
2086 3927 2166 3989 he,
2200 3936 2339 3988 m'n,
2383 3936 2601 3997 propter
2641 3927 3044 3983 similitudinem
3076 3930 3319 3999 legebant
3356 3933 3482 3999 pipi,

1925 4019 2067 4088 quod
2116 4026 2296 4072 tamen
2348 4034 2451 4072 non
2482 4020 2673 4089 probat
2706 4019 3068 4092 Hieronymus
3100 4022 3316 4092 epistol.
3353 4023 3479 4077 156:

1929 4104 2131 4156 Nomen
2162 4107 2668 4176 τετραγρέμματον,
2699 4108 2834 4177 quod
2865 4108 3261 4180 ἀνεκφώνητον,
3292 4111 3347 4164 id
3383 4123 3482 4181 est,

1927 4197 2186 4266 ine/fabile
2213 4207 2519 4266 putaverunt
2556 4198 2691 4267 quod
2731 4201 2810 4253 his
2840 4200 3029 4273 litteris
3058 4203 3325 4268 scribitur,
3362 4203 3480 4268 Iod,

1927 4288 2008 4351 he,
2040 4305 2159 4354 vau,
2188 4289 2249 4343 he
2277 4306 2294 4343 :
2322 4290 2459 4360 quod
2499 4292 2710 4360 quidam
2756 4310 2857 4346 non
2890 4296 3236 4366 intelligentes
3266 4308 3483 4368 propter

1928 4380 2293 4435 elementorum
2324 4384 2743 4448 similitudinem,
2775 4401 2890 4438 cum
2922 4389 2975 4440 in
3005 4386 3201 4443 Grazcis
3229 4389 3379 4444 libris
3402 4407 3486 4445 re-

268 4482 509 4544 σινδόνας
540 4484 949 4552 ἀμφιέννυσθαι,
984 4486 1141 4555 ἐρεᾶν
1173 4485 1217 4537 δ’
1248 4485 1447 4554 ἐσθῆτα
1476 4486 1548 4556 μὴ
1582 4486 1823 4556 ἀμπέχε-

1925 4476 2169 4541 pererint,
2224 4475 2329 4543 pipi
2390 4476 2552 4545 legere
2598 4489 2990 4533 consueverunt.
3048 4479 3245 4535 Verum
3273 4497 3391 4537 cum
3418 4484 3486 4540 dc

267 4572 417 4633 σθαι,
466 4574 612 4636 ὅπως
652 4574 803 4637 ὄντες
837 4576 1093 4645 ἐπίσημοι
1127 4574 1458 4638 κολάζωνται
1508 4578 1597 4629 ὑπ’
1640 4576 1823 4631 αὑτοῦ.

265 4665 344 4719 Eo
379 4667 591 4729 morbo,
618 4674 673 4719 ut
698 4666 860 4721 refert
890 4668 1173 4723 Cornelius
1206 4668 1416 4731 Celsus,
1449 4678 1501 4722 et
1526 4668 1637 4729 alii,
1663 4678 1826 4721 totum

264 4772 453 4825 corpus
488 4758 710 4825 aﬂicitur
737 4758 812 4809 ita
851 4767 906 4809 ut
948 4774 1067 4811 ossa
1096 4775 1293 4828 quoque
1335 4760 1512 4812 uitiari
1554 4759 1822 4823 dicantur,

264 4864 471 4901 summa
494 4865 616 4916 pars
651 4851 882 4917 corporis
914 4849 1121 4904 crebras
1151 4850 1385 4903 maculas
1415 4849 1720 4919 crebrosque
1744 4860 1827 4901 tu-

266 4955 434 4991 mores
464 4938 635 4994 habet.
666 4938 843 4991 Rubor
871 4939 1057 4992 harum
1084 4940 1344 5007 paulatim
1374 4940 1428 4991 in
1462 4949 1636 4992 atrum
1670 4939 1827 4993 colo-—

265 5046 374 5083 rem
403 5031 739 5094 convertitur,
766 5047 971 5083 summa
1003 5032 1134 5084 cutis
1158 5032 1488 5101 ina'qualiter
1517 5048 1718 5095 crassa,
1752 5041 1828 5083 te-

263 5121 408 5183 nuis,
433 5120 589 5183 dura,
622 5120 894 5190 mollisque
918 5122 1070 5190 quasi
1090 5122 1335 5191 squamis
1361 5121 1671 5191 quibusdam
1700 5136 1826 5174 exa-

262 5219 528 5277 speratur,
559 5226 745 5278 corpus
775 5212 1098 5278 emacrescit,
1133 5229 1211 5275 os,
1240 5229 1401 5279 θαι-α’,
1434 5213 1585 5281 pedes
1603 5214 1824 5267 intume-

260 5311 438 5364 scunt,
474 5309 579 5355 etc.
616 5300 679 5367 ρ,
714 5300 954 5357 Serenus
988 5300 1403 5358 Sammonicus:

334 5412 433 5486 Est
465 5414 668 5486 elephas
701 5415 909 5468 morbus
936 5416 1098 5469 tristis
1128 5432 1327 5485 quoque
1356 5417 1559 5472 nomine
1583 5416 1753 5486 dirus,

336 5483 460 5536 Non
488 5484 655 5537 solum
682 5495 899 5551 turpans
924 5483 1157 5539 infandis
1182 5483 1274 5539 ora
1296 5488 1529 5555 papillis,

332 5555 439 5613 Sed
471 5556 572 5608 cito
602 5557 935 5624 praacipitans
963 5556 1305 5626 funestofata
1336 5573 1544 5612 veneno.

263 5666 530 5730 Isidorus,
575 5668 668 5722 lib.
705 5683 777 5733 ιν,
818 5683 938 5739 cap.
983 5669 1036 5730 8,
1086 5670 1322 5726 nominis
1355 5686 1572 5726 causam
1598 5671 1775 5726 reddit
1806 5688 1821 5725 :

265 5757 657 5814 Eteohantiasis
705 5760 916 5816 morbus
978 5761 1173 5815 dicitur
1220 5778 1283 5817 ex
1328 5762 1670 5817 similitudine
1716 5763 1823 5817 ele-

1933 4566 2152 4619 nomine
2188 4565 2446 4621 inetTabili
2493 4581 2673 4620 sermo
2732 4568 2821 4630 sit,
2859 4569 3161 4623 conandum
3211 4579 3293 4625 est
3323 4573 3487 4626 etiam

1932 4656 2089 4710 nobis
2122 4656 2167 4711 si
2206 4657 2335 4726 quid
2382 4657 2642 4711 habemus
2675 4673 2771 4726 pro
2800 4656 3033 4723 lrenmo,
3066 4660 3157 4713 lib.
3191 4677 3205 4714 ι
3237 4662 3484 4718 adversus

1932 4751 2117 4803 Ιιιειεε.
2151 4765 2272 4818 cap.
2308 4750 2394 4812 12,
2429 4751 2499 4803 ita
2530 4752 2672 4803 enim
2702 4751 2865 4805 habet
2895 4770 2907 4805 :
2945 4751 3120 4821 Hujus
3157 4763 3331 4807 autem
3354 4772 3485 4824 qua-

1934 4840 2240 4893 ternatianis
2273 4840 2543 4893 universus
2572 4855 2815 4892 numerus
2856 4849 2931 4894 est
2976 4840 3271 4893 litterarum
3304 4842 3485 4910 viginti

1931 4939 2155 5000 quatuor
2184 4945 2201 4982 :
2232 4929 2464 5000 ἀρῤητος
2505 4930 2639 4982 cnim
2690 4946 2872 4983 nomen
2919 4929 3122 4983 litteras
3165 4929 3316 4983 habet
3347 4933 3399 4983 in
3431 4948 3487 4985 se

1931 5036 2143 5094 septem,
2191 5027 2314 5095 σιγή
2362 5026 2602 5095 quinque,
2637 5024 2816 5094 πατήρ
2847 5024 3086 5092 quinque,
3133 5022 3355 5093 ἀλήθεια
3405 5038 3486 5076 se-

1929 5130 2086 5188 ptem,
2110 5134 2225 5189 qua:
2248 5117 2534 5184 composita
2569 5117 2621 5169 in
2648 5132 2700 5169 se
2734 5114 2811 5167 bis
2842 5115 3082 5184 quinque,
3108 5123 3157 5167 et
3191 5114 3268 5167 bis
3294 5123 3484 5169 septem

1931 5227 2059 5265 xxnv
2104 5225 2376 5264 numerum
2422 5206 2863 5275 adimpleverunt;
2919 5205 3132 5259 videtur
3177 5205 3319 5259 enim
3369 5203 3485 5259 falli

1930 5304 2185 5365 henmus,
2237 5309 2330 5355 aut
2379 5316 2574 5355 nomen
2631 5298 2760 5353 illud
2806 5298 2928 5369 σιγή
2963 5312 3071 5350 una
3108 5297 3288 5352 littera
3325 5297 3486 5352 debet

1931 5397 2050 5453 ﬁeri
2086 5396 2316 5457 auctior,
2350 5410 2378 5447 a
2406 5394 2603 5463 quibus
2640 5406 2751 5446 non
2787 5390 3111 5445 dissentiunt
3146 5388 3328 5444 Graeca
3353 5388 3484 5459 Epi-

1928 5488 2134 5558 phanii.
2174 5486 2403 5551 Quidam
2440 5485 2664 5546 haerent,
2708 5498 2810 5537 nec
2853 5481 3035 5535 vident
3090 5481 3220 5551 quid
3271 5482 3339 5537 de
3390 5482 3487 5536 illo

1931 5578 2054 5647 σιγή
2086 5576 2319 5641 faciant;
2352 5574 2600 5628 dubitant
2627 5588 2696 5627 an
2728 5571 3007 5627 addendus
3038 5572 3301 5627 articulus
3330 5579 3388 5624 ut
3409 5570 3495 5636 sit,

1929 5669 1962 5737 ὴ
2001 5668 2147 5737 σιγή,
2186 5680 2255 5719 an
2306 5665 2485 5735 potius
2522 5666 2678 5735 σιγῇν
2705 5678 2903 5718 nomen
2930 5678 2996 5718 ex
3025 5662 3253 5727 inﬁnito;
3289 5672 3345 5716 ut
3376 5662 3493 5721 illis.

1931 5777 2039 5817 non
2072 5758 2371 5825 satisfacit,
2409 5758 2481 5813 ita
2527 5771 2627 5821 nec
2672 5757 2835 5825 mihi;
2890 5756 3151 5814 articulus
3189 5769 3225 5823 ει
3264 5756 3493 5815 nomine
