4072 6338
347 243 486 297 1057

1321 247 1388 300 IN
1417 247 1788 302 EUSTATHII
1822 245 2292 302 HEXAEMERON
2335 245 2566 302 ΝΟΤιΕ.

3452 253 3474 306 1
3486 253 3591 309 053

341 361 410 416 iis
430 359 522 430 qui
551 375 582 416 e
604 361 822 432 regione
850 361 952 417 sub
978 361 1185 416 brumae
1207 361 1415 418 circulo
1435 364 1891 438 degunt,vhiemen

2021 379 2113 426 τος
2170 363 2422 433 μέγιστον
2453 359 2685 432 ὤρυξαν
2727 359 2964 432 ὖπιγμος
2991 362 3099 432 γάρ
3152 362 3299 415 ἐστιν
3348 364 3376 415 ό
3405 363 3589 428 τόπος.

337 466 483 514 eSse,
522 467 551 505 a
585 453 784 522 quibus
808 463 920 506 tum
949 454 1233 509 exundans
1262 470 1400 524 aqua
1431 458 1765 525 prorumpit;
1793 472 1914 525 qua:

339 541 440 597 fuit
489 544 653 597 etiam
698 544 884 613 opinio
919 543 1216 612 Plutarchi,
1259 546 1354 600 lib.
1390 547 1528 614 Περὶ
1564 546 1779 612 Ἴσιδος
1813 547 1912 600 καὶ

324 634 650 705 ’Ὀσίριδοςέ
680 636 818 692 hanc
849 637 986 693 forte
1031 641 1340 709 opinionem
1373 638 1636 696 Martialis
1661 655 1784 694 cum
1818 640 1915 694 ha-

335 727 494 783 beret
548 730 601 782 in
648 731 851 793 animo,
897 731 1025 785 dum
1077 732 1191 787 haec
1247 733 1531 795 scriberet,
1579 732 1914 801 nuncupavit

333 819 516 874 Nilum
556 822 915 889 imbriferum,
949 840 1057 878 non
1091 825 1237 895 quod
1273 825 1394 879 loco
1423 824 1678 878 imbrium
1707 831 1760 878 et
1788 826 1912 894 pitt-

333 914 551 967 viarum
589 915 680 978 sit,
723 917 815 970 sed
855 917 999 987 quod
1029 918 1247 985 imbres,
1279 926 1334 973 et
1365 919 1574 988 pluvias
1608 918 1808 988 quibus
1835 919 1913 972 in-

333 1007 595 1061 tumescit
624 992 1028 1079 ell'und'iturque
1055 1018 1206 1063 extra
1239 1011 1408 1080 ripas,
1442 1019 1497 1062 et
1523 1010 1773 1065 eluvione
1800 1018 1916 1064 tan-

332 1111 497 1165 quam
525 1098 660 1151 mari
683 1097 919 1168 quodam
946 1098 1240 1170 [Egyptum
1267 1101 1520 1170 operiens
1553 1099 1784 1154 adventu
1813 1115 1914 1154 suo

333 1185 619 1252 fecandat,
668 1189 828 1252 ferat.
872 1189 946 1244 De
979 1189 1082 1244 Nili
1119 1202 1297 1245 autem
1332 1193 1692 1254 incremento,
1740 1203 1793 1246 et
1821 1192 1914 1248 de-

330 1286 636 1342 crementa,
668 1289 721 1334 et
748 1279 869 1347 ejus
901 1281 1084 1334 causis
1114 1280 1441 1336 Plutarchus
1465 1282 1531 1336 de
1555 1283 1770 1350 placitis
1798 1282 1912 1351 phi-

331 1365 689 1436 losophorum
719 1369 815 1422 lib.
846 1384 918 1428 Iv.
944 1385 1065 1440 cap.
1102 1369 1123 1423 1
1149 1387 1162 1435 ;
1197 1369 1466 1424 Diodorus
1499 1368 1738 1434 Siculus,
1767 1371 1858 1425 lib.
1894 1378 1909 1415 l

329 1457 585 1512 Bibliotli.
610 1459 732 1513 hist.
755 1477 773 1524 ;
795 1461 1081 1525 Aristides,
1121 1462 1358 1514 oratione
1387 1460 1739 1532 Egyptiaca;
1766 1461 1914 1515 Stra-

332 1550 428 1615 bo,
453 1553 547 1605 lib.
567 1567 675 1606 xvn
698 1571 712 1618 ;
730 1551 967 1607 Joannes
979 1551 1291 1625 Xiphilinus
1307 1555 1360 1607 in
1380 1552 1522 1621 Epit.
1542 1553 1786 1624 Dionys.;
1817 1553 1912 1609 He-

329 1643 604 1706 liodorus,
650 1644 890 1714 ᾸΞιΙιὶορ.
934 1646 1028 1700 lib.
1076 1660 1148 1711 u;
1194 1644 1571 1700 Theodoretus
1608 1645 1682 1698 De
1734 1655 1906 1698 curat.

2013 454 2197 506 Ταῦτα
2231 452 2287 506 δὲ
2319 453 2493 506 πάντα
2550 453 2812 523 ἐποίησαν
2847 452 3159 518 ἐλπίζοντες
3214 454 3350 524 μετὰ
3375 456 3474 526 τὴν
3503 458 3590 510 ἐν·

2011 545 2202 599 τεῦθεν
2233 547 2409 598 ἐκεῖσε
2436 545 2618 614 ἄφιξιν
2644 548 2700 598 ἐν
2727 545 2898 616 τούτῳ
2920 547 2996 617 τῷ
3018 547 3330 618 παραδείσῳ
3355 551 3588 621 τρυφᾷν.

2014 639 2078 693 Et
2102 640 2327 694 inferius
2354 659 2368 694 :
2408 640 2631 707 Ἔλεγεν
2658 639 2714 691 δὲ
2748 642 2776 692 ὁ
2807 639 2980 708 ἆγιος,
3008 641 3108 705 ὃτι,
3141 640 3455 709 ἐγγίσαντός
3487 660 3588 712 μου

2017 735 2173 805 μόνον
2201 733 2279 805 τῷ
2324 734 2667 805 κηποταφίῳ,
2695 735 2788 788 ἀπ’
2821 735 2986 788 αὑτοῦ
3031 735 3250 807 ἐξῆλθον
3287 739 3365 800 εἰς
3400 740 3590 792 συνάν-

2011 828 2168 895 τησίν
2195 843 2293 896 μου
2309 827 2675 896 ἐϐδομήκοντα
2687 826 2936 897 δαίμονες
2960 827 3195 898 παντοίῳ
3214 828 3291 898 τῷ
3321 835 3579 901 σχήματι,

2011 918 2171 987 οἱμὲν
2192 917 2438 986 βοῶντες,
2466 918 2578 970 οἶδὲ
2593 917 2947 987 πηδῶντες,ὀί
2965 919 3021 971 δὲ
3042 919 3176 989 μετὰ
3203 920 3438 989 μεγάλου
3469 922 3591 994 βρυ⁶

2012 1007 2153 1077 γμοῦ
2183 1007 2468 1079 τρύζοντες
2503 1013 2622 1062 κατ’
2652 1008 2784 1084 ἐμοῦ
2818 1011 2942 1070 τοὺς
2969 1011 3215 1075 ὀδόντας*
3246 1013 3422 1084 ἕτεροι
3439 1015 3492 1066 δε
3513 1015 3588 1081 ῶς

2015 1098 2248 1170 κόρακες
2278 1102 2700 1172 πτερυσσόμενοι
2727 1102 2962 1172 ἐτόλμων
2985 1103 3126 1156 κατὰ
3146 1105 3242 1174 τῆς
3281 1105 3454 1173 ὅψεως
3483 1125 3583 1177 μου

2012 1188 2276 1257 λέγοντες.
2318 1191 2381 1245 Et
2429 1194 2705 1248 nonnullis
2768 1196 3068 1264 interjectis
3104 1217 3117 1249 :
3155 1199 3422 1251 Εἰσελθὼν
3467 1197 3581 1262 οὖν,

2015 1283 2200 1352 φησιν,
2228 1283 2538 1355 ἐθεασάμην
2578 1284 2646 1337 τὰ
2675 1286 2870 1351 πάντα,
2905 1290 2961 1340 ἐν
3010 1284 3090 1348 οἷς
3121 1283 3278 1361 εὗρον
3303 1293 3396 1345 καὶ
3425 1293 3584 1347 κάδον

2011 1373 2246 1444 χαλκοῦν
2278 1375 2465 1429 ἁλύσει
2509 1376 2702 1448 σιδηρᾷ
2741 1381 3086 1451 κρεμάμενον
3123 1382 3262 1436 κατὰ
3293 1384 3385 1436 τοῦ
3419 1387 3585 1456 φρέα-

2011 1483 2102 1528 τος
2134 1466 2316 1519 λοιπὸν
2339 1468 2417 1538 τῷ
2455 1469 2630 1540 χρόνῳ
2657 1461 3018 1536 ἀναλωθέντα,
3049 1475 3142 1528 καὶ
3177 1475 3386 1546 καρπὸν
3421 1477 3583 1546 ῥοιῶν

2010 1558 2109 1610 οὐκ
2139 1558 2376 1627 ἐχουσῶν
2401 1559 2544 1612 ἔνδον
2571 1562 2744 1615 οὐδέν·
2765 1563 3023 1634 ἐξήραντο
3045 1564 3152 1636 γάρ
3179 1567 3281 1618 ὑπὸ
3298 1565 3390 1618 τοῦ
3411 1567 3582 1639 ἡλίου.
3658 1556 3661 1558 ’

2082 1644 2241 1710 Ihid.,
2276 1648 2370 1701 lin.
2415 1650 2503 1702 εδ.
2539 1651 2648 1703 Καὶ
2689 1652 2964 1718 πένθους.
2999 1654 3304 1722 Artapanus
3334 1674 3346 1709 :
3391 1656 3584 1710 Τελευ-

331 1734 503 1791 Crtec.
524 1738 805 1806 affectuum
825 1738 859 1792 Ι.
881 1755 931 1790 iv
951 1754 965 1803 ;
986 1736 1182 1791 Herod.
1224 1737 1260 1790 l.
1291 1753 1350 1801 ll;
1371 1735 1807 1809 Theuphylactus
1827 1736 1891 1791 Sit

2009 1740 2156 1790 ταῖον
2187 1738 2466 1802 τοιαύταις
2497 1746 2800 1814 συμφοραῖς
2841 1745 3202 1814 περιπεσόντα
3229 1745 3320 1799 τὸν
3361 1745 3581 1816 βασιλέα

325 1840 596 1892 mocatus,
620 1829 760 1883 Hist.
780 1830 872 1884 lib.
892 1844 988 1896 vn,
1007 1845 1126 1899 cap.
1150 1830 1236 1892 l7,
1256 1815 1348 1899 qui
1369 1830 1550 1883 omnia
1573 1844 1669 1883 sua
1691 1821 1908 1900 Scripsit

325 1921 442 1976 fere
462 1913 736 1988 αὑτώκεξεὶ
764 1939 828 1976 ex
847 1922 1082 1976 Diodoro
1101 1921 1288 1975 Siculo
1305 1923 1447 1976 bono
1465 1923 1557 1975 illo
1583 1924 1700 1976 viro
1722 1940 1786 1977 ne
1809 1939 1906 1977 no-

323 2014 533 2068 minato
556 2015 798 2082 quidem;
830 2013 1055 2076 Seneca,
1084 2013 1320 2069 Joannes
1347 2013 1474 2078 Leo,
1498 2024 1552 2069 et
1575 2017 1760 2084 plures
1786 2017 1899 2069 alii.

379 2104 624 2159 Col.788.
644 2106 736 2160 lin.
765 2107 846 2159 10.
865 2108 918 2157 Ὁ
936 2107 1081 2175 γοῦν
1097 2107 1320 2174 Φαραώ.
1340 2106 1467 2159 Arta
1478 2123 1647 2176 panius
1666 2123 1678 2158 :
1699 2107 1900 2161 Τούτου

319 2197 380 2250 δὲ
407 2198 717 2268 γενομένου,
737 2197 825 2250 τὸν
859 2197 1079 2267 βασιλέα
1100 2199 1224 2262 τοὺς
1243 2199 1384 2268 ὑπὲρ
1412 2199 1629 2268 Μέμφιν
1649 2199 1896 2265 καλέσαι,

322 2290 418 2343 καὶ
435 2290 598 2358 φάναι
615 2290 808 2353 αὐτοὺς
826 2292 1161 2368 ἀραιρήσειν,
1181 2291 1274 2344 καὶ
1288 2291 1354 2343 τὰ
1377 2294 1417 2344 ίε
1427 2292 1493 2364 ρὰ
1506 2292 1895 2362 κατασκάψειν,

321 2383 422 2437 ἐὰν
450 2385 522 2455 μὴ
554 2385 647 2437 καὶ
676 2385 827 2437 αὐτοὶ
857 2386 1357 2456 τερατουργήσωσι.
1398 2386 1535 2448 Τοὺς
1567 2385 1621 2437 δὲ
1654 2386 1773 2438 τότε
1809 2385 1896 2439 διά

318 2491 483 2528 τινων
519 2477 812 2546 μαγγάνων
831 2477 923 2529 καὶ
945 2476 1210 2529 ἐπαοιδῶν
1239 2477 1506 2548 δράκοντα
1537 2478 1777 2548 ποιῆσαι,
1800 2477 1894 2531 καὶ

319 2566 414 2619 τὸν
452 2568 692 2638 ποταμὸν
724 2569 1088 2639 μεταχρῶσαι.
1119 2569 1221 2621 Τὸν
1244 2569 1300 2621 δὲ
1330 2569 1572 2638 βασιλέα,
1629 2588 1893 2641 φρονιμα·

317 2661 571 2715 τισθέντα
609 2662 699 2714 ἐπὶ
717 2662 792 2732 τῷ
817 2663 1083 2730 γεγονότι,
1112 2662 1261 2735 πάσῃ
1286 2664 1523 2733 τιμωρίᾳ
1549 2664 1641 2715 καὶ
1674 2664 1890 2716 κολάσει

319 2755 659 2818 καταικίζειν
692 2756 816 2818 τοὺς
848 2756 1151 2818 Ἰουδαίους.
1203 2757 1304 2828 Τὸν
1337 2756 1394 2808 δὲ
1424 2757 1671 2819 Μώῡσσν,
1716 2757 1888 2808 ταῦτα

317 2847 551 2915 ὁρῶντα.
577 2846 712 2900 ἄλλα
739 2865 796 2899 τε
824 2851 1021 2917 σημεῖα
1051 2830 1292 2917 ποιῆσαι..
1329 2849 1420 2914 καὶ
1454 2847 1768 2910 πατάξαντα
1790 2847 1887 2915 τήν

317 2935 424 3006 γῆν
452 2939 514 3006 τῇ
551 2935 746 3006 ῥάϐδῳ,
768 2935 903 3000 ζῶόν
925 2954 976 2988 τι
1004 2937 1202 3006 πτηνὸν
1231 2917 1456 2998 ἀνεῖῦαι,
1486 2937 1512 2988 ὃ
1541 2937 1884 3006 λυμήνασθαι

317 3029 446 3092 τοὺς
480 3030 830 3096 Αἰγυπτίους,
864 3030 1035 3082 πάντα
1063 3047 1122 3080 τε
1151 3029 1512 3098 ἐξελκωθῆναι
1541 3029 1610 3081 τὰ
1635 3029 1880 3098 σώματα.
1915 3074 1950 3098 ρ

317 3121 439 3174 Τῶν
476 3122 530 3174 δὲ
563 3121 761 3192 ἰατρῶν
807 3123 878 3192 μὴ
927 3121 1235 3192 δυναμένων
1282 3121 1459 3174 ἰᾶσθαι
1495 3122 1619 3184 τοὺς
1653 3122 1886 3191 κάμνον-

314 3229 434 3276 τας,
471 3211 611 3264 οὕτω
645 3211 803 3264 πάλιν
827 3212 1058 3275 ἀνέσεως
1087 3215 1268 3281 τυχεῖν
1289 3214 1412 3276 τοὺς
1441 3211 1742 3275 Ἰουδαίους.
1782 3212 1888 3264 lio-

314 3319 435 3356 rum
478 3302 822 3357 sacerdotum
867 3302 1139 3371 principes
1196 3303 1344 3356 fuere
1377 3301 1581 3356 .lanncs
1616 3309 1668 3357 et
1721 3301 1889 3354 Maia-

314 3397 432 3456 bre.
461 3395 502 3448 ll
533 3395 863 3456 Tiinotlmn,
893 3395 958 3449 de
991 3411 1218 3464 quorum
1251 3397 1502 3465 sepulcro
1535 3398 1666 3448 mira
1700 3404 1886 3448 narrat

313 3485 590 3540 Palladius
623 3486 673 3539 in
711 3485 950 3538 Historia
984 3484 1247 3537 Lausiuca
1280 3486 1332 3538 itt
1382 3484 1616 3538 Macario
1644 3485 1882 3538 Alexan-

313 3579 494 3640 drino,
523 3579 591 3632 ab
617 3594 682 3632 eo
705 3579 816 3631 visa
843 3585 896 3630 et
929 3586 1202 3646 comperta
1228 3594 1242 3642 ;
1277 3577 1485 3629 scilicet
1517 3559 1759 3645 sepultus
1788 3591 1883 3630 eos

319 3687 444 3727 esse
477 3674 527 3725 in
566 3671 760 3736 hortis,
789 3671 841 3722 in
883 3670 1081 3739 quibus
1114 3669 1213 3737 ipsi
1258 3668 1386 3721 dum
1417 3669 1680 3729 viverent,
1707 3669 1883 3721 munis

312 3766 529 3829 generis
581 3763 804 3817 arbores
855 3763 1252 3831 plantaverant,
1299 3757 1578 3829 sperantes
1630 3761 1765 3824 fore,
1825 3771 1883 3813 ut

311 3867 435 3925 post
465 3863 692 3908 mortem
715 3855 767 3907 in
802 3854 893 3906 illo
919 3852 1071 3922 quasi
1104 3850 1361 3904 Parajiso
1394 3852 1601 3905 deliciis
1636 3851 1882 3905 frueren-

310 3959 422 4005 tur.
462 3949 558 4003 Hic
589 3955 765 4001 autem
801 3947 952 4000 locus
993 3947 1275 4000 tenebatur
1317 3961 1346 3998 a
1375 3945 1732 4005 dLDIIIOIIibUS,
1787 3945 1878 4013 qui

308 4042 538 4115 proinde
581 4039 873 4093 Macarium
925 4053 1046 4091 eum
1101 4034 1491 4104 ingredientem
1543 4035 1876 4097 invaserunt,

310 4135 404 4190 sed
439 4134 507 4188 ab
531 4148 596 4187 eo
625 4133 781 4201 signo
812 4130 993 4183 crucis
1049 4127 1214 4197 fugati
1250 4136 1397 4181 sunt.
1457 4125 1724 4181 Macarius
1753 4142 1882 4179 vero

311 4227 523 4296 singula
556 4225 795 4278 lustrans
834 4222 1038 4276 invenit
1088 4221 1322 4273 fructum
1359 4220 1624 4272 malorum
1653 4221 1878 4290 punien-

311 4334 454 4380 rum,
475 4331 594 4384 quae
617 4314 746 4366 nihil
773 4315 920 4366 intus
951 4310 1256 4376 habebant;
1283 4319 1440 4363 erant
1468 4310 1610 4363 enim
1644 4308 1878 4363 arefacta

2007 1831 2132 1893 τοὺς
2165 1830 2449 1894 Ἰουδαίους
2479 1832 2910 1896 άπολῦσαι.Τοὺς
2937 1834 2990 1886 δὲ
3022 1837 3402 1906 χρησαμένους
3429 1839 3578 1910 παρὰ

2005 1922 2113 1974 τῶν
2140 1924 2448 1991 Αἰγυπτίων
2484 1925 2654 1977 πολλά
2696 1927 2791 1995 μὲν
2821 1927 3141 1997 ἐκπώματα,
3176 1930 3274 1982 οὐκ
3317 1929 3492 1999 ὀλίγον
3521 1932 3578 1985 δὲ

2007 2013 2320 2084 ἱματισμὸν,
2339 2016 2502 2086 ἄλλην
2519 2033 2575 2068 τε
2603 2018 2901 2088 παμπληθῆ
2929 2020 3119 2088 γάζαν,
3139 2017 3429 2085 διαϐάντοΐς
3450 2025 3575 2086 τοὺς

2003 2107 2142 2160 κατὰ
2187 2107 2284 2178 τήν
2319 2109 2571 2178 Ἀραϐίαν
2606 2114 2903 2180 ποταμοὺς,
2943 2113 3036 2163 καὶ
3077 2112 3365 2177 διαϐάντας
3391 2109 3576 2170 ίκανδν

1999 2201 2181 2264 τόπον,
2213 2201 2304 2253 ἐπὶ
2335 2201 2431 2272 τὴν
2456 2202 2718 2273 Ἐρυθρὰν
2754 2204 3028 2273 τριταίους
3073 2205 3242 2259 ἐλθεῖν
3277 2206 3572 2263 θάλασσαν.

2071 2290 2228 2354 lhid.,
2265 2290 2360 2344 lin.
2388 2292 2476 2347 55.
2534 2292 2756 2359 Μηδεὶς
2784 2293 2836 2345 δ’
2862 2294 3160 2364 ὑπολάϐῃ.
3211 2294 3317 2350 Res
3352 2299 3462 2352 haec
3495 2304 3574 2352 al-

1999 2381 2192 2434 tiorem
2232 2384 2461 2451 requirit
2495 2383 2825 2452 indaginem,
2873 2402 3042 2456 quare
3085 2388 3172 2442 hic
3220 2391 3374 2457 plura
3405 2391 3575 2443 addu-

1996 2489 2118 2526 cere
2149 2475 2500 2542 supersedeo.
2535 2473 2668 2529 V'ide
2692 2477 3062 2544 expositiones
3111 2495 3247 2548 quas
3276 2480 3426 2534 alleit
3451 2478 3574 2535 Ori-

1995 2581 2159 2634 genes
2186 2566 2250 2618 ad
2286 2565 2428 2620 hunc
2478 2569 2654 2621 locum
2684 2573 2739 2621 in
2771 2569 3092 2630 Philocalia.
3148 2573 3314 2641 capit.
3356 2575 3568 2627 ultimo.

2064 2655 2221 2718 lhid.,
2260 2658 2353 2709 lin.
2389 2657 2476 2710 37.
2521 2657 2699 2710 Ἀλλὰ
2751 2659 3099 2727 γινωσκέτω.
3147 2659 3299 2726 Quod
3338 2678 3400 2716 ea
3452 2681 3572 2733 qua:

1992 2745 2057 2799 de
2083 2746 2191 2800 Deo
2216 2734 2476 2800 dicuntur
2499 2749 2551 2800 in
2584 2748 2864 2817 Scriptura
2897 2751 3099 2804 absona
3129 2769 3372 2822 congruo
3403 2772 3566 2810 sensu

1990 2839 2096 2893 dici
2131 2840 2463 2894 censendum
2498 2842 2588 2898 sit.
2634 2843 2739 2894 late
2774 2843 2965 2912 prohat
2997 2843 3258 2912 Origenes
3287 2848 3480 2902 houiil.
3503 2850 3567 2901 49

1990 2932 2042 2983 in
2087 2932 2216 2983 illud
2250 2930 2516 2994 Jeretuim,
2544 2931 2801 2998 Decepisti
2822 2951 2921 2990 me.
2949 2934 3188 2996 Domine,
3219 2947 3270 2990 et
3321 2941 3564 3006 deceptus

1988 3039 2126 3084 sum,
2162 3039 2322 3092 quam
2359 3039 2462 3076 una
2510 3040 2633 3076 cum
2665 3025 2787 3078 aliis
2844 3041 2872 3078 a
2908 3028 3064 3082 nobis
3120 3027 3342 3084 Latinas
3393 3031 3565 3086 factas

1991 3115 2160 3167 edidit
2207 3115 2431 3169 Michael
2461 3113 2764 3170 Ghislerius
2801 3120 2914 3171 suis
2964 3119 3019 3172 in
3073 3118 3356 3174 Jeremiam
3399 3121 3564 3176 Com-

1991 3207 2301 3260 mentariis.
3037 3273 3042 3278 I

2055 3295 2169 3349 Col.
2204 3296 2328 3359 789,
2362 3297 2456 3352 lin.
2484 3297 2622 3351 8.οἱ
2652 3297 2739 3360 δὲ,
2777 3296 3192 3366 διαιρεθείσης.
3215 3300 3558 3371 Artapanus;

1997 3387 2406 3463 'H}:ou7:o).£tag
2428 3389 2483 3443 δὲ
2521 3389 2696 3458 λέγειν
2727 3391 3186 3462 ἐπικαταδραμεῖν
3218 3393 3307 3445 τὸν
3339 3393 3561 3463 βασιλέα

1988 3458 2123 3548 μετὰ
2162 3479 2361 3549 πολλῆς
2400 3480 2678 3550 δυνάμεως
2718 3480 2831 3550 ἅμα
2862 3483 2956 3533 καὶ
2988 3484 3099 3544 τοῖς
3135 3481 3560 3554 καθιερωμένοις

1987 3570 2165 3636 ζώοις,
2195 3572 2281 3624 διὰ
2313 3572 2373 3624 τὸ
2423 3572 2520 3641 τὴν
2570 3570 2802 3644 ὓπαρξιν
2836 3576 2960 3638 τοὺς
2999 3575 3284 3636 Ἰουδαίους
3329 3577 3436 3629 τῶν
3462 3579 3558 3630 Αί-

1984 3665 2231 3733 γυπτίων
2266 3650 2644 3736 χρησαμένους
2671 3665 3020 3737 διακομίζειν.
3047 3669 3088 3719 Τ
3093 3668 3135 3739 ᾦ
3164 3670 3379 3740 Μωΰσῳ
3411 3670 3558 3723 θείαν

1982 3758 2164 3829 φωνὴν
2182 3758 2434 3825 γενέσθαι
2470 3746 2704 3823 πατάξαι
2728 3761 2826 3831 τὴν
2853 3759 3122 3814 θάλασσαν
3148 3765 3212 3833 τῇ
3238 3763 3437 3835 ῥάϐδῳ.
3455 3763 3556 3817 Τὸν

1981 3849 2035 3901 δὲ
2057 3848 2287 3902 Μώῦσον
2308 3849 2613 3904 ἀκούσαντα
2643 3851 2908 3919 ἐπιθίγειν
2929 3855 2994 3923 τῇ
3022 3853 3198 3924 ῥάϐδῳ
3223 3854 3315 3906 τοῦ
3345 3853 3554 3916 ὓδατος.

1981 3943 2074 3994 καὶ
2103 3942 2244 3994 οὕτω
2273 3943 2334 3995 τὸ
2354 3944 2448 4013 μὲν
2478 3945 2626 4013 νᾶμα
2662 3943 2966 4012 διαστῆναι,
2999 3946 3096 4016 τὴν
3126 3946 3181 3998 δὲ
3209 3945 3436 4014 δύναμιν
3467 3946 3554 3998 δια

1981 4034 2151 4106 ξηρᾶς
2183 4035 2299 4089 ὀδοῦ
2346 4035 2688 4106 πορεύεσθαι.
2753 4037 3138 4106 Συνεμϐάντιυν
3183 4037 3238 4090 δὲ
3295 4037 3402 4090 τῶν
3458 4039 3551 4089 Αἰ-

1979 4129 2220 4196 γυπτίων
2252 4128 2344 4180 καὶ
2373 4129 2695 4191 διωκόντων,
2726 4130 2858 4200 φησὶ
2887 4129 2996 4200 πῦρ
3034 4131 3214 4192 αὐτοῖς
3231 4132 3294 4182 ἐκ
3321 4128 3426 4182 τῶν
3455 4129 3550 4200 ἒμ-

1980 4220 2212 4289 προσθεν
2245 4221 2540 4291 ἐκλάμψαι,
2565 4224 2664 4291 τὴν
2697 4221 2754 4273 δέ
2793 4220 3066 4274 θάλασσαν
3102 4221 3261 4285 πάλιν
3311 4221 3406 4292 τήν
3436 4223 3553 4274 ὁδὸν

1979 4311 2289 4364 ἐπικλύσαι.
2349 4313 2487 4374 Τοὺς
2543 4312 2600 4364 δέ
2655 4313 2978 4380 Αἰγυπτίους
3020 4313 3122 4365 ὑπό
3156 4330 3213 4364 τε
3251 4312 3343 4364 τοῦ
3383 4313 3548 4384 πυρὸ,

309 4424 340 4462 a
383 4408 516 4468 szile,
566 4406 796 4475 plurima
851 4405 974 4457 item
1018 4417 1180 4456 aurea
1230 4401 1500 4456 donaria:
1539 4400 1877 4471 Ἐπεθύμησέ

1992 4404 2074 4455 καὶ
2116 4403 2216 4473 τῆς
2246 4403 2623 4474 πλημμυρίδος
2658 4405 2865 4467 πάντας
2892 4403 3276 4475 διαφθαρῆναι.
3307 4403 3548 4457 Gentiles

306 4520 438 4556 ποτε
474 4495 625 4563 οὗτος
672 4502 699 4552 ὁ
734 4498 916 4561 αὐτὸς,
955 4496 1029 4559 ὡς
1075 4496 1234 4559 αὐτὸς
1276 4497 1406 4565 ἡμῖν
1452 4496 1764 4565 διηγήσατο,
1798 4495 1875 4554 είς

303 4597 368 4651 τὸ
404 4593 739 4665 κηποτάφιον
780 4589 1038 4644 εἰσελθεῖν
1082 4589 1175 4642 τοῦ
1236 4587 1436 4640 Ἰαννοῦ
1471 4588 1563 4639 καὶ
1625 4584 1875 4656 Ἰαμϐροῦ

304 4690 416 4744 τῶν
449 4690 639 4758 μάγων
669 4685 776 4739 τῶν
807 4685 898 4736 ἐπὶ
925 4681 1018 4736 τοῦ
1041 4679 1239 4752 Φαραὼ
1267 4680 1426 4751 χάριν
1455 4678 1690 4748 ἱστορίας
1720 4677 1753 4748 ἢ
1783 4677 1875 4727 καὶ

306 4775 594 4845 συντυχίας
625 4773 732 4826 τῶν
779 4774 953 4824 ἐκεῖσε
995 4769 1282 4840 δαιμόνων.
1316 4768 1560 4834 Ἑλὲγετο
1588 4766 1694 4836 γὰρ
1723 4783 1872 4834 παμ-

305 4866 535 4930 πόλλους
577 4866 670 4919 καὶ
708 4863 974 4935 χαλεποὺς
1009 4858 1498 4930 ἀποκεκληρῶσθαι
1546 4858 1672 4930 παρ’
1698 4857 1874 4908 αὐτῶν

305 4960 530 5013 ἐκείνων
542 4957 618 5027 τῷ
631 4956 781 5024 τόπῳ
796 4953 985 5022 ἐκείνῳ
996 4950 1249 5021 δαίμονας
1261 4951 1326 5003 δι’
1343 4950 1442 5001 ὑπε
1452 4947 1642 5020 ρϐολὴν
1659 4946 1757 5015 τῆς
1768 4947 1829 4997 άτ
1840 4947 1876 4997 ί-

309 5068 411 5123 μου
429 5050 621 5121 τέχνης
640 5044 947 5100 αὐτῶν.Τοῦ
956 5061 1012 5096 το
1028 5043 1083 5095 δὲ
1106 5043 1165 5095 τὸ
1181 5061 1249 5114 κη
1258 5045 1513 5110 ποτάεριον
1529 5040 1716 5108 γέγονε
1744 5039 1870 5110 παρ’

305 5140 472 5199 αὑτοῦ
491 5140 584 5194 τοῦ
601 5136 800 5192 Ἰαννοῦ
821 5137 913 5189 καὶ
940 5133 1194 5205 Ἰαμϐροῦ
1221 5133 1327 5186 τῶν
1357 5130 1618 5200 ἀδελφῶν,
1633 5131 1698 5182 δι’
1717 5131 1873 5199 ὑπερ-

304 5235 469 5306 ϐολὴν
499 5233 596 5304 τῆς
635 5231 873 5303 μαγικῆς
913 5229 1106 5297 τέχνης
1145 5226 1212 5280 τὰ
1255 5225 1442 5298 πρῶτα
1484 5224 1712 5294 ἐχόντων
1753 5221 1870 5274 κατ’

301 5331 510 5382 ἐκεῖνον
527 5325 718 5397 καιροῦ
740 5322 887 5394 παρὰ
908 5322 982 5393 τῷ
1002 5323 1219 5394 Φαραὼ,
1235 5319 1432 5389 πολλὴν
1445 5336 1608 5389 κεκτη
1618 5317 1766 5388 μένοι
1785 5316 1874 5368 δυ-

300 5419 556 5479 ναστείαν
575 5419 672 5488 τὴν
690 5418 747 5470 ἐν
773 5411 1186 5484 Αἱγύπτῳέντῷ
1206 5413 1302 5481 τῆς
1328 5410 1472 5479 ζωῆς
1487 5409 1660 5462 αὐτῶν
1676 5408 1866 5479 χρόνῳ.

314 5513 412 5565 Ἐκ
428 5508 768 5581 τετραπέδων
782 5507 940 5559 λίθων
960 5505 1175 5556 ἔκτισαν
1192 5501 1250 5554 τὸ
1268 5501 1426 5571 ἔργον
1444 5502 1635 5561 ἐκεῖνο,
1651 5501 1706 5550 ἐν
1723 5496 1868 5567 αὐτῷ

305 5602 497 5674 μνῆμα
531 5597 904 5666 πεποιηκότες,
946 5594 1040 5646 καὶ
1081 5593 1279 5664 χρυσὸν
1313 5591 1478 5645 πολὺν
1520 5591 1863 5661 ἀποθέμενοι.

318 5693 652 5764 Ἐφύτευσαν
672 5685 761 5742 οὖν
786 5689 877 5742 καὶ
909 5687 1096 5756 δένδρα
1126 5688 1371 5748 παντοῖα,
1418 5687 1509 5738 καὶ
1540 5685 1713 5754 φρέαρ
1744 5684 1864 5736 66-1-

1981 4493 2126 4546 hunc
2181 4495 2470 4548 transitum
2509 4495 2854 4549 llebraaoruin
2902 4495 3048 4550 sicco
3083 4494 3216 4563 pede
3271 4510 3366 4563 per
3401 4509 3550 4548 mare

1978 4584 2281 4662 inscripsere
2312 4600 2419 4637 non
2456 4585 2738 4650 miraculo,
2772 4586 2865 4640 sed
2902 4585 3320 4673 reeipmcationi
3357 4587 3543 4639 maris.

1978 4675 2120 4728 Idem
2158 4674 2416 4728 dixerunt
2472 4675 2761 4746 Metnphite
2794 4663 2986 4731 codem
3033 4663 3321 4748 Artapeno‘
3371 4688 3540 4736 teste:

1974 4767 2083 4819 Καὶ
2104 4769 2392 4838 Μεμφίταις
2421 4769 2516 4838 μὲν
2543 4768 2719 4836 λέγειν
2762 4769 3018 4840 ἔμπειρον
3043 4771 3168 4823 ὄντα
3197 4771 3546 4825 τῖν“Μὼὓσον

1973 4860 2074 4929 τῆς
2108 4858 2308 4932 χώρας,
2334 4859 2429 4930 τὴν
2459 4861 2709 4930 ἄμπωτιν
2736 4863 3071 4933 τηρήσαντα,
3125 4863 3211 4915 διὰ
3241 4861 3410 4933 ξηρᾶς
3445 4863 3543 4934 τῆς

1976 4951 2247 5025 θαλάσσης
2279 4955 2339 5006 τὸ
2369 4954 2572 5024 πλῆθος
2594 4955 2918 5026 περαιῶσαι.
2955 4954 3103 5008 Hauc
3121 4957 3399 5024 gentilium
3425 4957 3542 5025 opi-

1976 5043 2190 5098 nionem
2233 5046 2416 5100 multis
2453 5044 2650 5100 refellit
2688 5045 2954 5099 Diodorus
2988 5045 3189 5099 Catena
3219 5047 3272 5098 in
3308 5045 3488 5100 Cenes.
3520 5061 3539 5099 :

1988 5137 2201 5208 Ἐπειδὴ
2246 5137 2363 5208 ἴχνη
2399 5138 2493 5192 τοῦ
2527 5138 2647 5192 τότε
2677 5136 3038 5207 γεγενημένου
3069 5137 3340 5207 θαύματος
3373 5138 3540 5191 εἰσέτι

1974 5228 2068 5280 καὶ
2108 5227 2201 5280 νῦν
2239 5229 2506 5280 δείκνυται
2534 5232 2630 5299 τῆς
2677 5229 2938 5300 Ἐρυθράς
2975 5228 3410 5299 ἀμπωτιζούσης,
3444 5231 3537 5283 καὶ

1973 5319 2073 5390 τῆς
2096 5303 2450 5391 ὑπηργμένης
2475 5322 2620 5389 παρά
2641 5320 2731 5372 τοῦ
2748 5321 2880 5374 Θεοῦ
2906 5321 3109 5394 δωρεᾶς
3132 5324 3243 5385 τοῖς
3268 5321 3539 5390 Ἐϐραίςις

1973 5411 2276 5481 ἀνάμνησιν
2328 5409 2688 5481 παρεχούσης.
2707 5412 2960 5482 Ἕλληνες
3003 5413 3062 5465 τὸ
3090 5413 3367 5483 γινόμενον
3401 5413 3534 5484 πρός

1973 5519 2134 5573 φασιν
2165 5501 2527 5572 λαμϐάνουσιν
2564 5501 2842 5565 εὐσεϐείας
2875 5506 2931 5556 ἐν
2967 5503 3174 5556 πλείοσι
3195 5504 3292 5574 τῆς
3335 5503 3534 5557 θαλάσ-

1973 5610 2070 5664 σης
2103 5595 2285 5656 τόποις
2315 5591 2619 5654 δεικνύντες
2649 5580 3058 5686 ἀμπιίΐισμοῦς,
3099 5591 3308 5662 φύσεως
3353 5594 3532 5664 ἔργον,

1971 5687 2031 5740 οὺ
2077 5685 2218 5740 θείου
2248 5684 2541 5756 θαύματος.
2582 5684 2766 5753 Ἡμεῖς
2806 5682 3248 5756 συγχωρήσαντες
3278 5686 3456 5749 αὐτοῖς
3503 5682 3533 5734 ὃ
