  <div class='ocr_page' id='page_1' title='image "/cluster/home/n/w/nwhite01/storage/ocr_20150623/18/hvd.32044073501215/539.png"; bbox 0 0 4072 6338; ppageno 0'>
   <div class='ocr_carea' id='block_1_1' title="bbox 580 247 718 300">
    <p class='ocr_par' dir='ltr' id='par_1_1' title="bbox 580 247 718 300">
     <span class='ocr_line' id='line_1_1' title="bbox 580 247 718 300; baseline 0 0"><span class='ocrx_word' id='word_1_1' title='bbox 580 247 604 300; x_wconf 72' lang='grc'><strong>1</strong></span> <span class='ocrx_word' id='word_1_2' title='bbox 614 247 718 300; x_wconf 77' lang='lat'><strong>059</strong></span> 
     </span>
    </p>
   </div>
   <div class='ocr_carea' id='block_1_2' title="bbox 1897 237 2453 296">
    <p class='ocr_par' dir='ltr' id='par_1_2' title="bbox 1897 237 2453 296">
     <span class='ocr_line' id='line_1_2' title="bbox 1897 237 2453 296; baseline -0.007 -1"><span class='ocrx_word' id='word_1_3' title='bbox 1897 238 2142 296; x_wconf 73' lang='lat' dir='ltr'><strong>LEONIS</strong></span> <span class='ocrx_word' id='word_1_4' title='bbox 2179 237 2453 292; x_wconf 77' lang='lat' dir='ltr'><strong>ALLATII</strong></span> 
     </span>
    </p>
   </div>
   <div class='ocr_carea' id='block_1_3' title="bbox 3658 237 3796 294">
    <p class='ocr_par' dir='ltr' id='par_1_3' title="bbox 3658 237 3796 294">
     <span class='ocr_line' id='line_1_3' title="bbox 3658 237 3796 294; baseline 0.022 -3"><span class='ocrx_word' id='word_1_5' title='bbox 3658 237 3796 294; x_wconf 65' lang='lat'><strong>1060</strong></span> 
     </span>
    </p>
   </div>
   <div class='ocr_carea' id='block_1_4' title="bbox 583 357 2148 436">
    <p class='ocr_par' dir='ltr' id='par_1_4' title="bbox 583 361 2138 436">
     <span class='ocr_line' id='line_1_4' title="bbox 583 361 2138 436; baseline -0.005 -15"><span class='ocrx_word' id='word_1_6' title='bbox 583 364 859 436; x_wconf 79' lang='grc' dir='ltr'>βούλονται</span> <span class='ocrx_word' id='word_1_7' title='bbox 893 369 1050 432; x_wconf 82' lang='grc' dir='ltr'>νοεῖν,</span> <span class='ocrx_word' id='word_1_8' title='bbox 1080 366 1175 420; x_wconf 66' lang='grc' dir='ltr'><strong>καὶ</strong></span> <span class='ocrx_word' id='word_1_9' title='bbox 1211 366 1308 434; x_wconf 86' lang='grc' dir='ltr'><strong>τῆς</strong></span> <span class='ocrx_word' id='word_1_10' title='bbox 1351 363 1562 435; x_wconf 79' lang='grc' dir='ltr'>φύσεως</span> <span class='ocrx_word' id='word_1_11' title='bbox 1607 361 1744 417; x_wconf 76' lang='grc' dir='ltr'>εἶναι</span> <span class='ocrx_word' id='word_1_12' title='bbox 1771 363 1861 416; x_wconf 83' lang='grc' dir='ltr'><strong>τὸν</strong></span> <span class='ocrx_word' id='word_1_13' title='bbox 1891 364 2138 432; x_wconf 76' lang='grc' dir='ltr'>ἄμπωτι-</span> 
     </span>
    </p>
   </div>
   <div class='ocr_carea' id='block_1_5' title="bbox 2250 357 3799 436">
    <p class='ocr_par' dir='ltr' id='par_1_5' title="bbox 2250 357 3799 430">
     <span class='ocr_line' id='line_1_5' title="bbox 2250 357 3799 430; baseline 0 -16"><span class='ocrx_word' id='word_1_14' title='bbox 2250 375 2358 414; x_wconf 89' lang='lat' dir='ltr'><strong>:um</strong></span> <span class='ocrx_word' id='word_1_15' title='bbox 2383 363 2486 415; x_wconf 86' lang='lat' dir='ltr'><strong>huc</strong></span> <span class='ocrx_word' id='word_1_16' title='bbox 2515 359 2836 415; x_wconf 84' lang='lat' dir='ltr'><strong>miraculum</strong></span> <span class='ocrx_word' id='word_1_17' title='bbox 2871 367 3114 430; x_wconf 85' lang='lat' dir='ltr'><strong>tempore</strong></span> <span class='ocrx_word' id='word_1_18' title='bbox 3133 357 3423 415; x_wconf 84' lang='lat' dir='ltr'><strong>Theodosii</strong></span> <span class='ocrx_word' id='word_1_19' title='bbox 3453 358 3799 430; x_wconf 74' lang='lat' dir='ltr'><strong>imperatoris</strong></span> 
     </span>
    </p>
   </div>
   <div class='ocr_carea' id='block_1_6' title="bbox 585 452 2142 532">
    <p class='ocr_par' dir='ltr' id='par_1_6' title="bbox 585 452 2142 532">
     <span class='ocr_line' id='line_1_6' title="bbox 585 452 2142 532; baseline -0.005 -18"><span class='ocrx_word' id='word_1_20' title='bbox 585 459 722 532; x_wconf 75' lang='grc' dir='ltr'>σμὲιν</span> <span class='ocrx_word' id='word_1_21' title='bbox 748 457 887 513; x_wconf 77' lang='grc' dir='ltr'>κατὰ</span> <span class='ocrx_word' id='word_1_22' title='bbox 911 458 1034 522; x_wconf 77' lang='grc' dir='ltr'>τοὺς</span> <span class='ocrx_word' id='word_1_23' title='bbox 1067 457 1281 522; x_wconf 85' lang='grc' dir='ltr'><strong>τόπους,</strong></span> <span class='ocrx_word' id='word_1_24' title='bbox 1330 459 1385 509; x_wconf 81' lang='grc' dir='ltr'>ὲν</span> <span class='ocrx_word' id='word_1_25' title='bbox 1424 452 1503 520; x_wconf 76' lang='grc' dir='ltr'>οἷς</span> <span class='ocrx_word' id='word_1_26' title='bbox 1545 455 1821 508; x_wconf 82' lang='grc' dir='ltr'>ἀπώλοντο</span> <span class='ocrx_word' id='word_1_27' title='bbox 1851 454 1947 524; x_wconf 83' lang='grc' dir='ltr'><strong>μὲν</strong></span> <span class='ocrx_word' id='word_1_28' title='bbox 1973 455 2023 506; x_wconf 83' lang='grc' dir='ltr'>οἱ</span> <span class='ocrx_word' id='word_1_29' title='bbox 2053 454 2142 506; x_wconf 80' lang='lat' dir='ltr'><strong>Al-</strong></span> 
     </span>
    </p>
   </div>
   <div class='ocr_carea' id='block_1_7' title="bbox 581 546 2142 622">
    <p class='ocr_par' dir='ltr' id='par_1_7' title="bbox 581 546 2142 622">
     <span class='ocr_line' id='line_1_7' title="bbox 581 546 2142 622; baseline -0.006 -15"><span class='ocrx_word' id='word_1_30' title='bbox 581 551 820 622; x_wconf 85' lang='grc' dir='ltr'>γύπτιοι,</span> <span class='ocrx_word' id='word_1_31' title='bbox 858 549 1192 622; x_wconf 79' lang='grc' dir='ltr'><strong>διεσώθησαν</strong></span> <span class='ocrx_word' id='word_1_32' title='bbox 1224 551 1280 604; x_wconf 81' lang='grc' dir='ltr'>δὲ</span> <span class='ocrx_word' id='word_1_33' title='bbox 1316 551 1364 602; x_wconf 89' lang='grc' dir='ltr'>οἱ</span> <span class='ocrx_word' id='word_1_34' title='bbox 1393 550 1648 620; x_wconf 80' lang='grc' dir='ltr'>Ἑϐραῖοι,</span> <span class='ocrx_word' id='word_1_35' title='bbox 1702 546 1997 616; x_wconf 59' lang='grc' dir='ltr'>πυθώμεθα</span> <span class='ocrx_word' id='word_1_36' title='bbox 2046 546 2142 598; x_wconf 83' lang='grc' dir='ltr'>αὑ-</span> 
     </span>
    </p>
   </div>
   <div class='ocr_carea' id='block_1_8' title="bbox 581 635 2140 712">
    <p class='ocr_par' dir='ltr' id='par_1_8' title="bbox 581 635 2140 712">
     <span class='ocr_line' id='line_1_8' title="bbox 581 635 2140 712; baseline -0.006 -16"><span class='ocrx_word' id='word_1_37' title='bbox 581 643 689 697; x_wconf 87' lang='grc' dir='ltr'><strong>τῶν</strong></span> <span class='ocrx_word' id='word_1_38' title='bbox 721 644 772 695; x_wconf 82' lang='grc' dir='ltr'>ετ</span> <span class='ocrx_word' id='word_1_39' title='bbox 798 659 898 695; x_wconf 84' lang='grc' dir='ltr'>που</span> <span class='ocrx_word' id='word_1_40' title='bbox 927 643 1024 712; x_wconf 81' lang='grc' dir='ltr'>τῆς</span> <span class='ocrx_word' id='word_1_41' title='bbox 1055 642 1325 711; x_wconf 78' lang='grc' dir='ltr'><strong>Θαλάσσης</strong></span> <span class='ocrx_word' id='word_1_42' title='bbox 1360 638 1720 710; x_wconf 79' lang='grc' dir='ltr'>ἁμπωτισμδς</span> <span class='ocrx_word' id='word_1_43' title='bbox 1768 637 1928 707; x_wconf 81' lang='grc' dir='ltr'><strong>μέσον</strong></span> <span class='ocrx_word' id='word_1_44' title='bbox 1955 635 2140 706; x_wconf 78' lang='grc' dir='ltr'><strong>τέμνει</strong></span> 
     </span>
    </p>
   </div>
   <div class='ocr_carea' id='block_1_9' title="bbox 581 727 2141 811">
    <p class='ocr_par' dir='ltr' id='par_1_9' title="bbox 581 727 2141 811">
     <span class='ocr_line' id='line_1_9' title="bbox 581 727 2141 811; baseline -0.007 -22"><span class='ocrx_word' id='word_1_45' title='bbox 581 736 676 789; x_wconf 68' lang='grc' dir='ltr'><strong>καὶ</strong></span> <span class='ocrx_word' id='word_1_46' title='bbox 707 735 925 811; x_wconf 76' lang='grc' dir='ltr'>κόλπον,</span> <span class='ocrx_word' id='word_1_47' title='bbox 963 735 1056 788; x_wconf 79' lang='grc' dir='ltr'><strong>καὶ</strong></span> <span class='ocrx_word' id='word_1_48' title='bbox 1099 733 1284 786; x_wconf 75' lang='grc' dir='ltr'>τοῦτον</span> <span class='ocrx_word' id='word_1_49' title='bbox 1332 730 1696 801; x_wconf 87' lang='grc' dir='ltr'>σχοινοτενῶς,</span> <span class='ocrx_word' id='word_1_50' title='bbox 1728 729 1864 781; x_wconf 83' lang='grc' dir='ltr'>ὥστε</span> <span class='ocrx_word' id='word_1_51' title='bbox 1906 727 2141 798; x_wconf 76' lang='grc' dir='ltr'>γυμνοῦν</span> 
     </span>
    </p>
   </div>
   <div class='ocr_carea' id='block_1_10' title="bbox 577 819 2144 896">
    <p class='ocr_par' dir='ltr' id='par_1_10' title="bbox 577 819 2144 896">
     <span class='ocr_line' id='line_1_10' title="bbox 577 819 2144 896; baseline -0.005 -19"><span class='ocrx_word' id='word_1_52' title='bbox 577 823 668 878; x_wconf 82' lang='grc' dir='ltr'><strong>τὸν</strong></span> <span class='ocrx_word' id='word_1_53' title='bbox 693 825 1062 896; x_wconf 73' lang='grc' dir='ltr'>κρυπτόμενον</span> <span class='ocrx_word' id='word_1_54' title='bbox 1095 825 1276 886; x_wconf 74' lang='grc' dir='ltr'>αὐτοῖς</span> <span class='ocrx_word' id='word_1_55' title='bbox 1304 824 1487 884; x_wconf 81' lang='grc' dir='ltr'><strong>τόπον,</strong></span> <span class='ocrx_word' id='word_1_56' title='bbox 1526 822 1618 874; x_wconf 72' lang='grc' dir='ltr'><strong>καὶ</strong></span> <span class='ocrx_word' id='word_1_57' title='bbox 1662 823 1832 872; x_wconf 79' lang='grc' dir='ltr'>ποιεῖν</span> <span class='ocrx_word' id='word_1_58' title='bbox 1866 819 1982 872; x_wconf 75' lang='grc' dir='ltr'>ὁδὸν</span> <span class='ocrx_word' id='word_1_59' title='bbox 2017 819 2144 870; x_wconf 84' lang='grc' dir='ltr'>πλα-</span> 
     </span>
    </p>
   </div>
   <div class='ocr_carea' id='block_1_11' title="bbox 577 910 2142 985">
    <p class='ocr_par' dir='ltr' id='par_1_11' title="bbox 577 910 2142 985">
     <span class='ocr_line' id='line_1_11' title="bbox 577 910 2142 985; baseline -0.005 -17"><span class='ocrx_word' id='word_1_60' title='bbox 577 917 746 978; x_wconf 78' lang='grc' dir='ltr'>τεῖαν,</span> <span class='ocrx_word' id='word_1_61' title='bbox 776 915 972 985; x_wconf 78' lang='grc' dir='ltr'>μᾶλλον</span> <span class='ocrx_word' id='word_1_62' title='bbox 992 916 1046 968; x_wconf 76' lang='grc' dir='ltr'>δὲ</span> <span class='ocrx_word' id='word_1_63' title='bbox 1071 915 1219 977; x_wconf 81' lang='grc' dir='ltr'>ὁδοὺς</span> <span class='ocrx_word' id='word_1_64' title='bbox 1240 913 1470 975; x_wconf 79' lang='grc' dir='ltr'>εὐθείας,</span> <span class='ocrx_word' id='word_1_65' title='bbox 1499 913 1634 982; x_wconf 78' lang='grc' dir='ltr'>ὅπερ</span> <span class='ocrx_word' id='word_1_66' title='bbox 1656 911 1782 974; x_wconf 77' lang='grc' dir='ltr'>τοῦς</span> <span class='ocrx_word' id='word_1_67' title='bbox 1808 910 2142 982; x_wconf 79' lang='grc' dir='ltr'><strong>Ἰσραηλίτας</strong></span> 
     </span>
    </p>
   </div>
   <div class='ocr_carea' id='block_1_12' title="bbox 589 1000 2145 1073">
    <p class='ocr_par' dir='ltr' id='par_1_12' title="bbox 589 1000 2145 1073">
     <span class='ocr_line' id='line_1_12' title="bbox 589 1000 2145 1073; baseline -0.003 -18"><span class='ocrx_word' id='word_1_68' title='bbox 589 1003 827 1073; x_wconf 84' lang='grc' dir='ltr'>παρέσχε</span> <span class='ocrx_word' id='word_1_69' title='bbox 865 1003 996 1065; x_wconf 79' lang='grc' dir='ltr'>Θεὸς</span> <span class='ocrx_word' id='word_1_70' title='bbox 1040 1003 1178 1056; x_wconf 85' lang='grc' dir='ltr'>κατὰ</span> <span class='ocrx_word' id='word_1_71' title='bbox 1229 1003 1318 1054; x_wconf 74' lang='grc' dir='ltr'><strong>τὸν</strong></span> <span class='ocrx_word' id='word_1_72' title='bbox 1363 1001 1467 1053; x_wconf 85' lang='grc' dir='ltr'><strong>Δὰδ</strong></span> <span class='ocrx_word' id='word_1_73' title='bbox 1503 1001 1750 1068; x_wconf 86' lang='grc' dir='ltr'>λέγοντα·</span> <span class='ocrx_word' id='word_1_74' title='bbox 1794 1018 1812 1050; x_wconf 75' lang='grc' dir='ltr'><strong>ι</strong></span> <span class='ocrx_word' id='word_1_75' title='bbox 1851 1000 1940 1068; x_wconf 79' lang='grc' dir='ltr'>Τῷ</span> <span class='ocrx_word' id='word_1_76' title='bbox 1986 1015 2145 1051; x_wconf 86' lang='grc' dir='ltr'>κατα-</span> 
     </span>
    </p>
   </div>
   <div class='ocr_carea' id='block_1_13' title="bbox 578 1089 2144 1164">
    <p class='ocr_par' dir='ltr' id='par_1_13' title="bbox 578 1089 2144 1164">
     <span class='ocr_line' id='line_1_13' title="bbox 578 1089 2144 1164; baseline -0.003 -18"><span class='ocrx_word' id='word_1_77' title='bbox 578 1092 803 1146; x_wconf 84' lang='grc' dir='ltr'>διελόντι</span> <span class='ocrx_word' id='word_1_78' title='bbox 833 1093 930 1163; x_wconf 80' lang='grc' dir='ltr'>τὴν</span> <span class='ocrx_word' id='word_1_79' title='bbox 967 1093 1229 1164; x_wconf 73' lang='grc' dir='ltr'>Ἐρυθρὰν</span> <span class='ocrx_word' id='word_1_80' title='bbox 1250 1092 1517 1145; x_wconf 79' lang='grc' dir='ltr'><strong>Θάλασσαν</strong></span> <span class='ocrx_word' id='word_1_81' title='bbox 1549 1092 1627 1153; x_wconf 80' lang='grc' dir='ltr'>εἰς</span> <span class='ocrx_word' id='word_1_82' title='bbox 1655 1089 1942 1162; x_wconf 74' lang='grc' dir='ltr'>διαιρέσεις</span> <span class='ocrx_word' id='word_1_83' title='bbox 1962 1109 1974 1122; x_wconf 88' lang='grc'><strong>·</strong></span> <span class='ocrx_word' id='word_1_84' title='bbox 1999 1110 2016 1140; x_wconf 74' lang='grc' dir='ltr'><strong>ι</strong></span> <span class='ocrx_word' id='word_1_85' title='bbox 2052 1091 2144 1144; x_wconf 77' lang='grc' dir='ltr'>καὶ</span> 
     </span>
    </p>
   </div>
   <div class='ocr_carea' id='block_1_14' title="bbox 581 1183 2144 1256">
    <p class='ocr_par' dir='ltr' id='par_1_14' title="bbox 581 1183 2144 1256">
     <span class='ocr_line' id='line_1_14' title="bbox 581 1183 2144 1256; baseline -0.001 -19"><span class='ocrx_word' id='word_1_86' title='bbox 581 1186 660 1247; x_wconf 75' lang='grc' dir='ltr'>εἰς</span> <span class='ocrx_word' id='word_1_87' title='bbox 697 1184 755 1237; x_wconf 85' lang='grc' dir='ltr'><strong>τὸ</strong></span> <span class='ocrx_word' id='word_1_88' title='bbox 782 1185 1061 1239; x_wconf 81' lang='grc' dir='ltr'>θαλάττιον</span> <span class='ocrx_word' id='word_1_89' title='bbox 1095 1185 1266 1256; x_wconf 73' lang='grc' dir='ltr'>ὕδωρ,</span> <span class='ocrx_word' id='word_1_90' title='bbox 1308 1183 1518 1254; x_wconf 82' lang='grc' dir='ltr'>σχισθὲν</span> <span class='ocrx_word' id='word_1_91' title='bbox 1563 1185 1627 1236; x_wconf 86' lang='grc' dir='ltr'>ὲκ</span> <span class='ocrx_word' id='word_1_92' title='bbox 1657 1183 1842 1247; x_wconf 82' lang='grc' dir='ltr'>δεξιῶν</span> <span class='ocrx_word' id='word_1_93' title='bbox 1879 1201 1935 1237; x_wconf 89' lang='grc' dir='ltr'><strong>τε</strong></span> <span class='ocrx_word' id='word_1_94' title='bbox 1962 1188 2052 1236; x_wconf 76' lang='grc' dir='ltr'>καὶ</span> <span class='ocrx_word' id='word_1_95' title='bbox 2087 1184 2144 1250; x_wconf 78' lang='grc' dir='ltr'>ἐξ</span> 
     </span>
    </p>
   </div>
   <div class='ocr_carea' id='block_1_15' title="bbox 580 1275 2142 1347">
    <p class='ocr_par' dir='ltr' id='par_1_15' title="bbox 580 1275 2142 1347">
     <span class='ocr_line' id='line_1_15' title="bbox 580 1275 2142 1347; baseline 0 -19"><span class='ocrx_word' id='word_1_96' title='bbox 580 1276 891 1347; x_wconf 73' lang='grc' dir='ltr'>εὐωνύμων,</span> <span class='ocrx_word' id='word_1_97' title='bbox 929 1277 1086 1345; x_wconf 79' lang='grc' dir='ltr'>φύσιν</span> <span class='ocrx_word' id='word_1_98' title='bbox 1116 1277 1224 1346; x_wconf 78' lang='grc' dir='ltr'>ἔχει</span> <span class='ocrx_word' id='word_1_99' title='bbox 1258 1277 1447 1345; x_wconf 77' lang='grc' dir='ltr'>στῆναι</span> <span class='ocrx_word' id='word_1_100' title='bbox 1485 1275 1638 1344; x_wconf 83' lang='grc' dir='ltr'>δίκην</span> <span class='ocrx_word' id='word_1_101' title='bbox 1670 1275 1860 1344; x_wconf 79' lang='grc' dir='ltr'>τειχῶν</span> <span class='ocrx_word' id='word_1_102' title='bbox 1888 1275 2142 1346; x_wconf 46' lang='lat' dir='ltr'><strong>apsum,</strong></span> 
     </span>
    </p>
   </div>
   <div class='ocr_carea' id='block_1_16' title="bbox 581 1365 2147 1439">
    <p class='ocr_par' dir='ltr' id='par_1_16' title="bbox 581 1365 2147 1439">
     <span class='ocr_line' id='line_1_16' title="bbox 581 1365 2147 1439; baseline -0.001 -19"><span class='ocrx_word' id='word_1_103' title='bbox 581 1367 714 1438; x_wconf 84' lang='grc' dir='ltr'>ὅπερ</span> <span class='ocrx_word' id='word_1_104' title='bbox 739 1369 830 1420; x_wconf 70' lang='grc' dir='ltr'><strong>ἐπὶ</strong></span> <span class='ocrx_word' id='word_1_105' title='bbox 851 1368 956 1421; x_wconf 84' lang='grc' dir='ltr'><strong>τῶν</strong></span> <span class='ocrx_word' id='word_1_106' title='bbox 991 1368 1333 1439; x_wconf 76' lang='grc' dir='ltr'>Ἰσραηλιτῶν</span> <span class='ocrx_word' id='word_1_107' title='bbox 1353 1367 1572 1435; x_wconf 84' lang='grc' dir='ltr'>γέγονεν</span> <span class='ocrx_word' id='word_1_108' title='bbox 1594 1367 1697 1432; x_wconf 76' lang='grc' dir='ltr'><strong>ὁδῷ</strong></span> <span class='ocrx_word' id='word_1_109' title='bbox 1717 1370 1825 1428; x_wconf 83' lang='grc' dir='ltr'>τοῖς</span> <span class='ocrx_word' id='word_1_110' title='bbox 1847 1365 2147 1430; x_wconf 84' lang='grc' dir='ltr'>θαλαττίοις</span> 
     </span>
    </p>
   </div>
   <div class='ocr_carea' id='block_1_17' title="bbox 579 1459 2146 1531">
    <p class='ocr_par' dir='ltr' id='par_1_17' title="bbox 579 1459 2146 1531">
     <span class='ocr_line' id='line_1_17' title="bbox 579 1459 2146 1531; baseline -0.001 -19"><span class='ocrx_word' id='word_1_111' title='bbox 579 1459 766 1523; x_wconf 80' lang='grc' dir='ltr'>τόποις</span> <span class='ocrx_word' id='word_1_112' title='bbox 815 1462 1128 1531; x_wconf 77' lang='grc' dir='ltr'>χρωμένων.</span> <span class='ocrx_word' id='word_1_113' title='bbox 1187 1463 1246 1514; x_wconf 79' lang='lat' dir='ltr'><strong>Ei</strong></span> <span class='ocrx_word' id='word_1_114' title='bbox 1283 1462 1339 1515; x_wconf 78' lang='grc' dir='ltr'>δὲ</span> <span class='ocrx_word' id='word_1_115' title='bbox 1374 1464 1646 1516; x_wconf 83' lang='grc' dir='ltr'>ἁπιστεῖεν</span> <span class='ocrx_word' id='word_1_116' title='bbox 1695 1463 1775 1514; x_wconf 84' lang='grc' dir='ltr'>ὅτι</span> <span class='ocrx_word' id='word_1_117' title='bbox 1813 1461 1985 1514; x_wconf 80' lang='grc' dir='ltr'>ταῦτά</span> <span class='ocrx_word' id='word_1_118' title='bbox 2018 1475 2146 1512; x_wconf 84' lang='grc' dir='ltr'>ποτε</span> 
     </span>
    </p>
   </div>
   <div class='ocr_carea' id='block_1_18' title="bbox 582 1549 2145 1624">
    <p class='ocr_par' dir='ltr' id='par_1_18' title="bbox 582 1549 2145 1624">
     <span class='ocr_line' id='line_1_18' title="bbox 582 1549 2145 1624; baseline -0.009 -8"><span class='ocrx_word' id='word_1_119' title='bbox 582 1549 795 1618; x_wconf 78' lang='grc' dir='ltr'>γέγονε,</span> <span class='ocrx_word' id='word_1_120' title='bbox 813 1550 898 1604; x_wconf 78' lang='grc' dir='ltr'>διά</span> <span class='ocrx_word' id='word_1_121' title='bbox 919 1551 970 1602; x_wconf 83' lang='grc' dir='ltr'><strong>τί</strong></span> <span class='ocrx_word' id='word_1_122' title='bbox 1001 1552 1093 1621; x_wconf 80' lang='grc' dir='ltr'><strong>μὴ.</strong></span> <span class='ocrx_word' id='word_1_123' title='bbox 1120 1552 1209 1621; x_wconf 76' lang='grc' dir='ltr'><strong>τῆς</strong></span> <span class='ocrx_word' id='word_1_124' title='bbox 1233 1552 1372 1606; x_wconf 76' lang='grc' dir='ltr'>κατὰ</span> <span class='ocrx_word' id='word_1_125' title='bbox 1395 1552 1557 1624; x_wconf 83' lang='grc' dir='ltr'>μέρος</span> <span class='ocrx_word' id='word_1_126' title='bbox 1574 1551 1877 1620; x_wconf 82' lang='grc' dir='ltr'>ἀντιλογίας</span> <span class='ocrx_word' id='word_1_127' title='bbox 1899 1551 2145 1618; x_wconf 62' lang='grc' dir='ltr'>ἀφέντες,</span> 
     </span>
    </p>
   </div>
   <div class='ocr_carea' id='block_1_19' title="bbox 584 1641 2148 1714">
    <p class='ocr_par' dir='ltr' id='par_1_19' title="bbox 584 1641 2148 1714">
     <span class='ocr_line' id='line_1_19' title="bbox 584 1641 2148 1714; baseline 0.001 -20"><span class='ocrx_word' id='word_1_128' title='bbox 584 1641 713 1694; x_wconf 73' lang='grc' dir='ltr'>αὐτὸ</span> <span class='ocrx_word' id='word_1_129' title='bbox 740 1642 895 1695; x_wconf 73' lang='grc' dir='ltr'>τοῦτο</span> <span class='ocrx_word' id='word_1_130' title='bbox 937 1643 1158 1712; x_wconf 75' lang='grc' dir='ltr'>ζητοῦσι</span> <span class='ocrx_word' id='word_1_131' title='bbox 1193 1644 1326 1714; x_wconf 77' lang='grc' dir='ltr'>πρὸς</span> <span class='ocrx_word' id='word_1_132' title='bbox 1351 1647 1494 1714; x_wconf 78' lang='grc' dir='ltr'>ἡμᾶς</span> <span class='ocrx_word' id='word_1_133' title='bbox 1544 1643 1850 1714; x_wconf 73' lang='grc' dir='ltr'>διδασκάλῳ</span> <span class='ocrx_word' id='word_1_134' title='bbox 1881 1643 2148 1714; x_wconf 81' lang='grc' dir='ltr'>χρώμενοι</span> 
     </span>
    </p>
   </div>
   <div class='ocr_carea' id='block_1_20' title="bbox 2239 439 3800 518">
    <p class='ocr_par' dir='ltr' id='par_1_20' title="bbox 2239 439 3800 518">
     <span class='ocr_line' id='line_1_20' title="bbox 2239 439 3800 518; baseline 0.003 -14"><span class='ocrx_word' id='word_1_135' title='bbox 2239 439 2438 506; x_wconf 89' lang='lat' dir='ltr'><strong>imitari</strong></span> <span class='ocrx_word' id='word_1_136' title='bbox 2468 453 2734 506; x_wconf 89' lang='lat' dir='ltr'><strong>volentem</strong></span> <span class='ocrx_word' id='word_1_137' title='bbox 2771 452 2956 507; x_wconf 90' lang='lat' dir='ltr'><strong>multis</strong></span> <span class='ocrx_word' id='word_1_138' title='bbox 2986 449 3223 506; x_wconf 62' lang='lat' dir='ltr'><strong>Hebraeis</strong></span> <span class='ocrx_word' id='word_1_139' title='bbox 3245 451 3454 506; x_wconf 79' lang='lat' dir='ltr'><strong>excidio</strong></span> <span class='ocrx_word' id='word_1_140' title='bbox 3482 450 3672 518; x_wconf 81' lang='lat' dir='ltr'><strong>fuisse,</strong></span> <span class='ocrx_word' id='word_1_141' title='bbox 3699 450 3800 508; x_wconf 84' lang='lat' dir='ltr'><strong>So-</strong></span> 
     </span>
    </p>
   </div>
   <div class='ocr_carea' id='block_1_21' title="bbox 2239 544 3137 613">
    <p class='ocr_par' dir='ltr' id='par_1_21' title="bbox 2239 544 3137 613">
     <span class='ocr_line' id='line_1_21' title="bbox 2239 544 3137 613; baseline 0 -15"><span class='ocrx_word' id='word_1_142' title='bbox 2239 547 2437 605; x_wconf 86' lang='lat' dir='ltr'><strong>crates,</strong></span> <span class='ocrx_word' id='word_1_143' title='bbox 2471 544 2560 597; x_wconf 88' lang='lat' dir='ltr'><strong>lib.</strong></span> <span class='ocrx_word' id='word_1_144' title='bbox 2592 560 2664 598; x_wconf 84' lang='lat' dir='ltr'><strong>vn</strong></span> <span class='ocrx_word' id='word_1_145' title='bbox 2701 544 2871 608; x_wconf 80' lang='lat' dir='ltr'><strong>Hist.,</strong></span> <span class='ocrx_word' id='word_1_146' title='bbox 2898 560 3017 613; x_wconf 90' lang='lat' dir='ltr'><strong>cap.</strong></span> <span class='ocrx_word' id='word_1_147' title='bbox 3049 544 3137 598; x_wconf 81' lang='grc'><strong>58.</strong></span> 
     </span>
    </p>
   </div>
   <div class='ocr_carea' id='block_1_22' title="bbox 2308 632 3796 706">
    <p class='ocr_par' dir='ltr' id='par_1_22' title="bbox 2308 632 3796 706">
     <span class='ocr_line' id='line_1_22' title="bbox 2308 632 3796 706; baseline 0 -16"><span class='ocrx_word' id='word_1_148' title='bbox 2308 636 2419 690; x_wconf 87' lang='lat' dir='ltr'><strong>Col.</strong></span> <span class='ocrx_word' id='word_1_149' title='bbox 2448 635 2572 701; x_wconf 87' lang='lat'><strong>789,</strong></span> <span class='ocrx_word' id='word_1_150' title='bbox 2598 637 2695 690; x_wconf 86' lang='lat' dir='ltr'><strong>lin.</strong></span> <span class='ocrx_word' id='word_1_151' title='bbox 2725 637 2809 691; x_wconf 85' lang='grc'><strong>19.</strong></span> <span class='ocrx_word' id='word_1_152' title='bbox 2844 633 2950 689; x_wconf 77' lang='grc' dir='ltr'><strong>Καὶ</strong></span> <span class='ocrx_word' id='word_1_153' title='bbox 2973 639 3004 688; x_wconf 83' lang='grc' dir='ltr'><em>ό</em></span> <span class='ocrx_word' id='word_1_154' title='bbox 3031 632 3408 704; x_wconf 54' lang='grc' dir='ltr'>Ῥαγουῆλος.</span> <span class='ocrx_word' id='word_1_155' title='bbox 3443 633 3517 690; x_wconf 86' lang='lat' dir='ltr'><strong>De</strong></span> <span class='ocrx_word' id='word_1_156' title='bbox 3532 632 3796 706; x_wconf 73' lang='lat' dir='ltr'><strong>Raguelo,</strong></span> 
     </span>
    </p>
   </div>
   <div class='ocr_carea' id='block_1_23' title="bbox 2241 726 3798 796">
    <p class='ocr_par' dir='ltr' id='par_1_23' title="bbox 2241 726 3798 796">
     <span class='ocr_line' id='line_1_23' title="bbox 2241 726 3798 796; baseline 0.002 -16"><span class='ocrx_word' id='word_1_157' title='bbox 2241 735 2292 780; x_wconf 92' lang='lat' dir='ltr'><strong>et</strong></span> <span class='ocrx_word' id='word_1_158' title='bbox 2322 727 2438 796; x_wconf 84' lang='lat' dir='ltr'><strong>ejus</strong></span> <span class='ocrx_word' id='word_1_159' title='bbox 2466 728 2780 796; x_wconf 83' lang='lat' dir='ltr'><strong>parentibus</strong></span> <span class='ocrx_word' id='word_1_160' title='bbox 2812 729 2963 796; x_wconf 89' lang='lat' dir='ltr'><strong>plura</strong></span> <span class='ocrx_word' id='word_1_161' title='bbox 2996 726 3260 782; x_wconf 79' lang='lat' dir='ltr'><strong>Eusebius</strong></span> <span class='ocrx_word' id='word_1_162' title='bbox 3312 727 3386 780; x_wconf 91' lang='lat' dir='ltr'><strong>De</strong></span> <span class='ocrx_word' id='word_1_163' title='bbox 3412 729 3798 796; x_wconf 73' lang='lat' dir='ltr'><strong>prwparationc</strong></span> 
     </span>
    </p>
   </div>
   <div class='ocr_carea' id='block_1_24' title="bbox 2241 807 3801 888">
    <p class='ocr_par' dir='ltr' id='par_1_24' title="bbox 2241 807 3801 888">
     <span class='ocr_line' id='line_1_24' title="bbox 2241 807 3801 888; baseline 0.004 -20"><span class='ocrx_word' id='word_1_164' title='bbox 2241 832 2442 885; x_wconf 78' lang='lat' dir='ltr'><strong>evang.,</strong></span> <span class='ocrx_word' id='word_1_165' title='bbox 2464 817 2557 870; x_wconf 86' lang='lat' dir='ltr'><strong>lib.</strong></span> <span class='ocrx_word' id='word_1_166' title='bbox 2583 831 2658 880; x_wconf 79' lang='lat' dir='ltr'><strong>ix,</strong></span> <span class='ocrx_word' id='word_1_167' title='bbox 2701 834 2763 871; x_wconf 82' lang='lat' dir='ltr'><strong>ex</strong></span> <span class='ocrx_word' id='word_1_168' title='bbox 2790 816 3071 872; x_wconf 79' lang='lat' dir='ltr'><strong>Ezechiele</strong></span> <span class='ocrx_word' id='word_1_169' title='bbox 3095 827 3145 872; x_wconf 91' lang='lat' dir='ltr'><strong>et</strong></span> <span class='ocrx_word' id='word_1_170' title='bbox 3175 807 3461 882; x_wconf 74' lang='lat' dir='ltr'><strong>Demetrio,</strong></span> <span class='ocrx_word' id='word_1_171' title='bbox 3490 820 3581 888; x_wconf 90' lang='lat' dir='ltr'><strong>qui</strong></span> <span class='ocrx_word' id='word_1_172' title='bbox 3611 819 3801 874; x_wconf 79' lang='lat' dir='ltr'><strong>Jothor</strong></span> 
     </span>
    </p>
   </div>
   <div class='ocr_carea' id='block_1_25' title="bbox 2244 905 3800 976">
    <p class='ocr_par' dir='ltr' id='par_1_25' title="bbox 2244 905 3800 976">
     <span class='ocr_line' id='line_1_25' title="bbox 2244 905 3800 976; baseline 0.004 -16"><span class='ocrx_word' id='word_1_173' title='bbox 2244 916 2295 960; x_wconf 91' lang='lat' dir='ltr'><strong>et</strong></span> <span class='ocrx_word' id='word_1_174' title='bbox 2335 905 2633 976; x_wconf 81' lang='lat' dir='ltr'><strong>Raguelum</strong></span> <span class='ocrx_word' id='word_1_175' title='bbox 2665 909 2911 962; x_wconf 81' lang='lat' dir='ltr'><strong>diversos</strong></span> <span class='ocrx_word' id='word_1_176' title='bbox 2956 907 3104 974; x_wconf 83' lang='lat' dir='ltr'><strong>facit,</strong></span> <span class='ocrx_word' id='word_1_177' title='bbox 3161 909 3322 963; x_wconf 89' lang='lat' dir='ltr'><strong>tradit</strong></span> <span class='ocrx_word' id='word_1_178' title='bbox 3349 912 3491 964; x_wconf 84' lang='lat' dir='ltr'><strong>enim</strong></span> <span class='ocrx_word' id='word_1_179' title='bbox 3526 911 3800 967; x_wconf 81' lang='lat' dir='ltr'><strong>Abraham</strong></span> 
     </span>
    </p>
   </div>
   <div class='ocr_carea' id='block_1_26' title="bbox 2243 999 3801 1074">
    <p class='ocr_par' dir='ltr' id='par_1_26' title="bbox 2243 999 3801 1074">
     <span class='ocr_line' id='line_1_26' title="bbox 2243 999 3801 1074; baseline 0.007 -24"><span class='ocrx_word' id='word_1_180' title='bbox 2243 1014 2308 1051; x_wconf 83' lang='lat' dir='ltr'><strong>ex</strong></span> <span class='ocrx_word' id='word_1_181' title='bbox 2339 999 2572 1051; x_wconf 79' lang='lat' dir='ltr'><strong>Cethura</strong></span> <span class='ocrx_word' id='word_1_182' title='bbox 2601 999 2852 1068; x_wconf 76' lang='lat' dir='ltr'><strong>genuisse</strong></span> <span class='ocrx_word' id='word_1_183' title='bbox 2879 1000 3070 1066; x_wconf 70' lang='lat' dir='ltr'><strong>Jexan,</strong></span> <span class='ocrx_word' id='word_1_184' title='bbox 3089 1017 3153 1055; x_wconf 74' lang='lat' dir='ltr'><strong>ex</strong></span> <span class='ocrx_word' id='word_1_185' title='bbox 3176 1017 3282 1072; x_wconf 89' lang='lat' dir='ltr'><strong>quo</strong></span> <span class='ocrx_word' id='word_1_186' title='bbox 3305 1011 3464 1057; x_wconf 89' lang='lat' dir='ltr'><strong>natus</strong></span> <span class='ocrx_word' id='word_1_187' title='bbox 3483 1011 3567 1059; x_wconf 88' lang='lat' dir='ltr'><strong>est</strong></span> <span class='ocrx_word' id='word_1_188' title='bbox 3597 1002 3801 1074; x_wconf 84' lang='lat' dir='ltr'><strong>Dadan,</strong></span> 
     </span>
    </p>
   </div>
   <div class='ocr_carea' id='block_1_27' title="bbox 2246 1086 3804 1161">
    <p class='ocr_par' dir='ltr' id='par_1_27' title="bbox 2246 1086 3804 1161">
     <span class='ocr_line' id='line_1_27' title="bbox 2246 1086 3804 1161; baseline 0.006 -23"><span class='ocrx_word' id='word_1_189' title='bbox 2246 1101 2276 1138; x_wconf 90' lang='lat' dir='ltr'><strong>a</strong></span> <span class='ocrx_word' id='word_1_190' title='bbox 2304 1102 2411 1156; x_wconf 92' lang='lat' dir='ltr'><strong>quo</strong></span> <span class='ocrx_word' id='word_1_191' title='bbox 2443 1086 2717 1157; x_wconf 81' lang='lat' dir='ltr'><strong>Raguelus</strong></span> <span class='ocrx_word' id='word_1_192' title='bbox 2761 1095 2910 1157; x_wconf 86' lang='lat' dir='ltr'><strong>pater</strong></span> <span class='ocrx_word' id='word_1_193' title='bbox 2937 1087 3115 1151; x_wconf 82' lang='lat' dir='ltr'><strong>Jctho,</strong></span> <span class='ocrx_word' id='word_1_194' title='bbox 3168 1090 3325 1158; x_wconf 91' lang='lat' dir='ltr'><strong>cujus</strong></span> <span class='ocrx_word' id='word_1_195' title='bbox 3373 1089 3534 1142; x_wconf 84' lang='lat' dir='ltr'><strong>ﬁliam</strong></span> <span class='ocrx_word' id='word_1_196' title='bbox 3591 1087 3804 1161; x_wconf 75' lang='lat' dir='ltr'><strong>Moyses</strong></span> 
     </span>
    </p>
   </div>
   <div class='ocr_carea' id='block_1_28' title="bbox 2246 1178 3802 1250">
    <p class='ocr_par' dir='ltr' id='par_1_28' title="bbox 2246 1178 3802 1250">
     <span class='ocr_line' id='line_1_28' title="bbox 2246 1178 3802 1250; baseline 0.004 -20"><span class='ocrx_word' id='word_1_197' title='bbox 2246 1179 2452 1248; x_wconf 80' lang='lat' dir='ltr'><strong>accepit</strong></span> <span class='ocrx_word' id='word_1_198' title='bbox 2487 1195 2726 1232; x_wconf 77' lang='lat' dir='ltr'><strong>uxorem.</strong></span> <span class='ocrx_word' id='word_1_199' title='bbox 2756 1178 2982 1242; x_wconf 71' lang='lat' dir='ltr'><strong>Hebraei,</strong></span> <span class='ocrx_word' id='word_1_200' title='bbox 3015 1179 3261 1250; x_wconf 78' lang='lat' dir='ltr'><strong>Lyranus</strong></span> <span class='ocrx_word' id='word_1_201' title='bbox 3290 1188 3341 1234; x_wconf 88' lang='lat' dir='ltr'><strong>et</strong></span> <span class='ocrx_word' id='word_1_202' title='bbox 3371 1181 3666 1238; x_wconf 85' lang='lat' dir='ltr'><strong>Abulensis</strong></span> <span class='ocrx_word' id='word_1_203' title='bbox 3696 1189 3802 1237; x_wconf 82' lang='lat' dir='ltr'><strong>tra-</strong></span> 
     </span>
    </p>
   </div>
   <div class='ocr_carea' id='block_1_29' title="bbox 2248 1265 3806 1339">
    <p class='ocr_par' dir='ltr' id='par_1_29' title="bbox 2248 1265 3806 1339">
     <span class='ocr_line' id='line_1_29' title="bbox 2248 1265 3806 1339; baseline 0.006 -20"><span class='ocrx_word' id='word_1_204' title='bbox 2248 1265 2404 1328; x_wconf 89' lang='lat' dir='ltr'><strong>dunt,</strong></span> <span class='ocrx_word' id='word_1_205' title='bbox 2435 1268 2730 1338; x_wconf 79' lang='lat' dir='ltr'><strong>Raguelum</strong></span> <span class='ocrx_word' id='word_1_206' title='bbox 2759 1271 2925 1325; x_wconf 79' lang='lat' dir='ltr'><strong>fuisse</strong></span> <span class='ocrx_word' id='word_1_207' title='bbox 2959 1271 3420 1339; x_wconf 87' lang='lat' dir='ltr'><strong>quadrinomium.</strong></span> <span class='ocrx_word' id='word_1_208' title='bbox 3451 1271 3635 1328; x_wconf 85' lang='lat' dir='ltr'><strong>Primo</strong></span> <span class='ocrx_word' id='word_1_209' title='bbox 3662 1275 3806 1328; x_wconf 88' lang='lat' dir='ltr'><strong>enim</strong></span> 
     </span>
    </p>
   </div>
   <div class='ocr_carea' id='block_1_30' title="bbox 2247 1360 3806 1432">
    <p class='ocr_par' dir='ltr' id='par_1_30' title="bbox 2247 1360 3806 1432">
     <span class='ocr_line' id='line_1_30' title="bbox 2247 1360 3806 1432; baseline 0.004 -20"><span class='ocrx_word' id='word_1_210' title='bbox 2247 1360 2544 1413; x_wconf 79' lang='lat' dir='ltr'><strong>vocabatur</strong></span> <span class='ocrx_word' id='word_1_211' title='bbox 2591 1361 2810 1432; x_wconf 74' lang='lat' dir='ltr'><strong>ltuguel,</strong></span> <span class='ocrx_word' id='word_1_212' title='bbox 2851 1362 3020 1415; x_wconf 82' lang='lat' dir='ltr'><strong>Exod.</strong></span> <span class='ocrx_word' id='word_1_213' title='bbox 3051 1377 3088 1414; x_wconf 88' lang='grc' dir='ltr'><strong>ιι</strong></span> <span class='ocrx_word' id='word_1_214' title='bbox 3121 1369 3173 1414; x_wconf 88' lang='lat' dir='ltr'><strong>et</strong></span> <span class='ocrx_word' id='word_1_215' title='bbox 3227 1378 3306 1426; x_wconf 85' lang='grc' dir='ltr'>ιιι,</span> <span class='ocrx_word' id='word_1_216' title='bbox 3360 1361 3567 1430; x_wconf 84' lang='lat' dir='ltr'><strong>Jethro,</strong></span> <span class='ocrx_word' id='word_1_217' title='bbox 3621 1364 3676 1418; x_wconf 93' lang='lat' dir='ltr'><strong>id</strong></span> <span class='ocrx_word' id='word_1_218' title='bbox 3726 1374 3806 1421; x_wconf 87' lang='lat' dir='ltr'><strong>est</strong></span> 
     </span>
    </p>
   </div>
   <div class='ocr_carea' id='block_1_31' title="bbox 2247 1449 3810 1525">
    <p class='ocr_par' dir='ltr' id='par_1_31' title="bbox 2247 1449 3810 1525">
     <span class='ocr_line' id='line_1_31' title="bbox 2247 1449 3810 1525; baseline 0.006 -24"><span class='ocrx_word' id='word_1_219' title='bbox 2247 1449 2476 1514; x_wconf 79' lang='lat' dir='ltr'><strong>Addens,</strong></span> <span class='ocrx_word' id='word_1_220' title='bbox 2516 1452 2630 1521; x_wconf 86' lang='lat' dir='ltr'><strong>ipse</strong></span> <span class='ocrx_word' id='word_1_221' title='bbox 2661 1454 2801 1506; x_wconf 91' lang='lat' dir='ltr'><strong>cnim</strong></span> <span class='ocrx_word' id='word_1_222' title='bbox 2834 1455 3039 1507; x_wconf 78' lang='lat' dir='ltr'><strong>addidit</strong></span> <span class='ocrx_word' id='word_1_223' title='bbox 3071 1470 3235 1507; x_wconf 90' lang='lat' dir='ltr'><strong>unum</strong></span> <span class='ocrx_word' id='word_1_224' title='bbox 3266 1462 3421 1523; x_wconf 87' lang='lat' dir='ltr'><strong>caput</strong></span> <span class='ocrx_word' id='word_1_225' title='bbox 3446 1454 3589 1525; x_wconf 70' lang='lat' dir='ltr'><strong>Legi,</strong></span> <span class='ocrx_word' id='word_1_226' title='bbox 3627 1457 3695 1511; x_wconf 91' lang='lat' dir='ltr'><strong>de</strong></span> <span class='ocrx_word' id='word_1_227' title='bbox 3721 1472 3810 1510; x_wconf 85' lang='lat' dir='ltr'><strong>or-</strong></span> 
     </span>
    </p>
   </div>
   <div class='ocr_carea' id='block_1_32' title="bbox 2249 1543 3808 1619">
    <p class='ocr_par' dir='ltr' id='par_1_32' title="bbox 2249 1543 3808 1619">
     <span class='ocr_line' id='line_1_32' title="bbox 2249 1543 3808 1619; baseline 0.005 -23"><span class='ocrx_word' id='word_1_228' title='bbox 2249 1543 2525 1599; x_wconf 90' lang='lat' dir='ltr'><strong>dinatione</strong></span> <span class='ocrx_word' id='word_1_229' title='bbox 2574 1546 2755 1614; x_wconf 89' lang='lat' dir='ltr'><strong>populi</strong></span> <span class='ocrx_word' id='word_1_230' title='bbox 2801 1563 2894 1616; x_wconf 88' lang='lat' dir='ltr'><strong>per</strong></span> <span class='ocrx_word' id='word_1_231' title='bbox 2932 1546 3201 1609; x_wconf 88' lang='lat' dir='ltr'><strong>tribunos,</strong></span> <span class='ocrx_word' id='word_1_232' title='bbox 3247 1549 3808 1619; x_wconf 82' lang='lat' dir='ltr'><strong>centuriones,quin-</strong></span> 
     </span>
    </p>
   </div>
   <div class='ocr_carea' id='block_1_33' title="bbox 2250 1638 3808 1707">
    <p class='ocr_par' dir='ltr' id='par_1_33' title="bbox 2250 1638 3808 1707">
     <span class='ocr_line' id='line_1_33' title="bbox 2250 1638 3808 1707; baseline 0.005 -20"><span class='ocrx_word' id='word_1_233' title='bbox 2250 1652 2526 1706; x_wconf 76' lang='lat' dir='ltr'><strong>quagenos</strong></span> <span class='ocrx_word' id='word_1_234' title='bbox 2553 1646 2606 1692; x_wconf 90' lang='lat' dir='ltr'><strong>et</strong></span> <span class='ocrx_word' id='word_1_235' title='bbox 2629 1639 2883 1703; x_wconf 86' lang='lat' dir='ltr'><strong>decanos,</strong></span> <span class='ocrx_word' id='word_1_236' title='bbox 2903 1638 3072 1692; x_wconf 80' lang='lat' dir='ltr'><strong>Exod.</strong></span> <span class='ocrx_word' id='word_1_237' title='bbox 3117 1655 3270 1694; x_wconf 74' lang='lat' dir='ltr'><strong>xvttt.</strong></span> <span class='ocrx_word' id='word_1_238' title='bbox 3295 1639 3531 1693; x_wconf 81' lang='lat' dir='ltr'><strong>Vocatur</strong></span> <span class='ocrx_word' id='word_1_239' title='bbox 3569 1641 3808 1707; x_wconf 68' lang='lat' dir='ltr'><strong>Cisseus,</strong></span> 
     </span>
    </p>
   </div>
   <div class='ocr_carea' id='block_1_34' title="bbox 583 1701 2148 1807">
    <p class='ocr_par' dir='ltr' id='par_1_34' title="bbox 583 1701 2148 1807">
     <span class='ocr_line' id='line_1_34' title="bbox 583 1701 2148 1807; baseline 0.001 -21"><span class='ocrx_word' id='word_1_240' title='bbox 583 1737 652 1805; x_wconf 83' lang='grc' dir='ltr'>τῇ</span> <span class='ocrx_word' id='word_1_241' title='bbox 692 1701 959 1804; x_wconf 34' lang='grc' dir='ltr'>ἀληθείᾳ.-</span> <span class='ocrx_word' id='word_1_242' title='bbox 989 1701 1203 1788; x_wconf 62' lang='lat' dir='ltr'><strong>inium</strong></span> <span class='ocrx_word' id='word_1_243' title='bbox 1236 1701 1438 1806; x_wconf 60' lang='grc' dir='ltr'><strong>’δὲ’τῆν</strong></span> <span class='ocrx_word' id='word_1_244' title='bbox 1468 1701 1720 1807; x_wconf 80' lang='grc' dir='ltr'>άλήθειαν</span> <span class='ocrx_word' id='word_1_245' title='bbox 1765 1701 1832 1788; x_wconf 49' lang='lat' dir='ltr'><strong>ei</strong></span> <span class='ocrx_word' id='word_1_246' title='bbox 1876 1701 2148 1788; x_wconf 41' lang='lat' dir='ltr'><strong>aut...</strong></span> 
     </span>
    </p>
   </div>
   <div class='ocr_carea' id='block_1_35' title="bbox 2250 1701 3806 1807">
    <p class='ocr_par' dir='ltr' id='par_1_35' title="bbox 2250 1701 3806 1801">
     <span class='ocr_line' id='line_1_35' title="bbox 2250 1701 3806 1801; baseline 0.006 -23"><span class='ocrx_word' id='word_1_247' title='bbox 2250 1701 2429 1780; x_wconf 58' lang='lat' dir='ltr'><strong>ludic.</strong></span> <span class='ocrx_word' id='word_1_248' title='bbox 2477 1744 2550 1781; x_wconf 85' lang='lat' dir='ltr'><strong>iv.</strong></span> <span class='ocrx_word' id='word_1_249' title='bbox 2583 1727 2820 1782; x_wconf 87' lang='lat' dir='ltr'><strong>Tandem</strong></span> <span class='ocrx_word' id='word_1_250' title='bbox 2855 1701 3080 1784; x_wconf 72' lang='lat' dir='ltr'><strong>vocatur</strong></span> <span class='ocrx_word' id='word_1_251' title='bbox 3133 1729 3341 1794; x_wconf 88' lang='lat' dir='ltr'><strong>Hohab,</strong></span> <span class='ocrx_word' id='word_1_252' title='bbox 3379 1733 3432 1786; x_wconf 85' lang='lat' dir='ltr'><strong>id</strong></span> <span class='ocrx_word' id='word_1_253' title='bbox 3463 1740 3548 1787; x_wconf 88' lang='lat' dir='ltr'><strong>est</strong></span> <span class='ocrx_word' id='word_1_254' title='bbox 3584 1734 3806 1801; x_wconf 73' lang='lat' dir='ltr'><strong>Amans,</strong></span> 
     </span>
    </p>
   </div>
   <div class='ocr_carea' id='block_1_36' title="bbox 587 1826 2149 1898">
    <p class='ocr_par' dir='ltr' id='par_1_36' title="bbox 587 1826 2149 1898">
     <span class='ocr_line' id='line_1_36' title="bbox 587 1826 2149 1898; baseline -0.001 -18"><span class='ocrx_word' id='word_1_255' title='bbox 587 1826 950 1897; x_wconf 84' lang='grc' dir='ltr'>δεικνυμένων</span> <span class='ocrx_word' id='word_1_256' title='bbox 983 1828 1319 1898; x_wconf 81' lang='grc' dir='ltr'>πραγμάτων</span> <span class='ocrx_word' id='word_1_257' title='bbox 1355 1828 1744 1897; x_wconf 81' lang='grc' dir='ltr'>διδασκόμενοι.</span> <span class='ocrx_word' id='word_1_258' title='bbox 1773 1828 2032 1897; x_wconf 84' lang='grc' dir='ltr'>Ἐγχωρεῖ</span> <span class='ocrx_word' id='word_1_259' title='bbox 2051 1827 2149 1896; x_wconf 85' lang='grc' dir='ltr'>τὴν</span> 
     </span>
    </p>
   </div>
   <div class='ocr_carea' id='block_1_37' title="bbox 598 1915 2150 1988">
    <p class='ocr_par' dir='ltr' id='par_1_37' title="bbox 598 1915 2150 1988">
     <span class='ocr_line' id='line_1_37' title="bbox 598 1915 2150 1988; baseline 0.001 -20"><span class='ocrx_word' id='word_1_260' title='bbox 598 1915 864 1987; x_wconf 74' lang='grc' dir='ltr'>Ἐρυθρὰν</span> <span class='ocrx_word' id='word_1_261' title='bbox 901 1917 1257 1986; x_wconf 77' lang='grc' dir='ltr'>ἁμπωτίζειν,</span> <span class='ocrx_word' id='word_1_262' title='bbox 1295 1917 1368 1988; x_wconf 83' lang='grc' dir='ltr'><strong>πὴ</strong></span> <span class='ocrx_word' id='word_1_263' title='bbox 1405 1919 1498 1988; x_wconf 84' lang='grc' dir='ltr'><strong>μὲν</strong></span> <span class='ocrx_word' id='word_1_264' title='bbox 1531 1919 1935 1988; x_wconf 77' lang='grc' dir='ltr'>ἐπιτρέχουσαν,</span> <span class='ocrx_word' id='word_1_265' title='bbox 1993 1918 2066 1988; x_wconf 84' lang='grc' dir='ltr'>πὴ</span> <span class='ocrx_word' id='word_1_266' title='bbox 2095 1917 2150 1970; x_wconf 78' lang='grc' dir='ltr'><strong>δὲ</strong></span> 
     </span>
    </p>
   </div>
   <div class='ocr_carea' id='block_1_38' title="bbox 585 2006 2146 2081">
    <p class='ocr_par' dir='ltr' id='par_1_38' title="bbox 585 2006 2146 2081">
     <span class='ocr_line' id='line_1_38' title="bbox 585 2006 2146 2081; baseline 0.001 -20"><span class='ocrx_word' id='word_1_267' title='bbox 585 2008 1004 2080; x_wconf 73' lang='grc' dir='ltr'>ἀναχωροῦσανς</span> <span class='ocrx_word' id='word_1_268' title='bbox 1042 2010 1176 2062; x_wconf 77' lang='grc' dir='ltr'>Ἀλλ’</span> <span class='ocrx_word' id='word_1_269' title='bbox 1204 2011 1295 2063; x_wconf 78' lang='grc' dir='ltr'><strong>ἐπὶ</strong></span> <span class='ocrx_word' id='word_1_270' title='bbox 1321 2010 1425 2063; x_wconf 90' lang='grc' dir='ltr'><strong>τῶν</strong></span> <span class='ocrx_word' id='word_1_271' title='bbox 1459 2011 1796 2081; x_wconf 73' lang='grc' dir='ltr'>Ἰσραηλιτῶν</span> <span class='ocrx_word' id='word_1_272' title='bbox 1827 2012 1922 2063; x_wconf 77' lang='grc' dir='ltr'>οὐκ</span> <span class='ocrx_word' id='word_1_273' title='bbox 1944 2006 2010 2081; x_wconf 78' lang='grc' dir='ltr'>ἦν</span> <span class='ocrx_word' id='word_1_274' title='bbox 2040 2013 2146 2080; x_wconf 81' lang='grc' dir='ltr'><strong>ἁμ-</strong></span> 
     </span>
    </p>
   </div>
   <div class='ocr_carea' id='block_1_39' title="bbox 585 2099 2146 2172">
    <p class='ocr_par' dir='ltr' id='par_1_39' title="bbox 585 2099 2146 2172">
     <span class='ocr_line' id='line_1_39' title="bbox 585 2099 2146 2172; baseline 0.002 -23"><span class='ocrx_word' id='word_1_275' title='bbox 585 2099 884 2169; x_wconf 78' lang='grc' dir='ltr'>πωτισμὸς.</span> <span class='ocrx_word' id='word_1_276' title='bbox 942 2099 1064 2163; x_wconf 82' lang='grc' dir='ltr'>Πῶς</span> <span class='ocrx_word' id='word_1_277' title='bbox 1113 2100 1220 2172; x_wconf 79' lang='grc' dir='ltr'>γὰρ</span> <span class='ocrx_word' id='word_1_278' title='bbox 1267 2100 1326 2152; x_wconf 74' lang='grc' dir='ltr'>τὸ</span> <span class='ocrx_word' id='word_1_279' title='bbox 1379 2100 1658 2170; x_wconf 81' lang='grc' dir='ltr'>σχισθῆναι</span> <span class='ocrx_word' id='word_1_280' title='bbox 1713 2101 1810 2170; x_wconf 86' lang='grc' dir='ltr'>τὴν</span> <span class='ocrx_word' id='word_1_281' title='bbox 1851 2099 2146 2162; x_wconf 83' lang='grc' dir='ltr'>θάλασσαν,</span> 
     </span>
    </p>
   </div>
   <div class='ocr_carea' id='block_1_40' title="bbox 585 2190 2147 2262">
    <p class='ocr_par' dir='ltr' id='par_1_40' title="bbox 585 2190 2147 2262">
     <span class='ocr_line' id='line_1_40' title="bbox 585 2190 2147 2262; baseline 0.001 -19"><span class='ocrx_word' id='word_1_282' title='bbox 585 2190 677 2243; x_wconf 75' lang='grc' dir='ltr'><strong>καὶ</strong></span> <span class='ocrx_word' id='word_1_283' title='bbox 732 2191 971 2260; x_wconf 80' lang='grc' dir='ltr'>παγῆναι</span> <span class='ocrx_word' id='word_1_284' title='bbox 1022 2193 1098 2254; x_wconf 78' lang='lat' dir='ltr'><strong>si;</strong></span> <span class='ocrx_word' id='word_1_285' title='bbox 1152 2192 1341 2260; x_wconf 87' lang='grc' dir='ltr'>τειχῶν</span> <span class='ocrx_word' id='word_1_286' title='bbox 1403 2191 1590 2244; x_wconf 90' lang='grc' dir='ltr'>στάσιν</span> <span class='ocrx_word' id='word_1_287' title='bbox 1650 2194 1733 2262; x_wconf 79' lang='grc' dir='ltr'>εἴη</span> <span class='ocrx_word' id='word_1_288' title='bbox 1783 2193 1845 2245; x_wconf 86' lang='grc' dir='ltr'><strong>ἂν</strong></span> <span class='ocrx_word' id='word_1_289' title='bbox 1899 2192 2147 2262; x_wconf 79' lang='grc' dir='ltr'>ἄμπωτι-</span> 
     </span>
    </p>
   </div>
   <div class='ocr_carea' id='block_1_41' title="bbox 588 2280 2149 2351">
    <p class='ocr_par' dir='ltr' id='par_1_41' title="bbox 588 2280 2149 2351">
     <span class='ocr_line' id='line_1_41' title="bbox 588 2280 2149 2351; baseline 0.001 -17"><span class='ocrx_word' id='word_1_290' title='bbox 588 2281 757 2351; x_wconf 85' lang='grc' dir='ltr'>σμὸς;</span> <span class='ocrx_word' id='word_1_291' title='bbox 815 2280 1084 2351; x_wconf 80' lang='lat' dir='ltr'><strong>Joscpbus</strong></span> <span class='ocrx_word' id='word_1_292' title='bbox 1141 2283 1372 2344; x_wconf 81' lang='lat' dir='ltr'><strong>dubitat,</strong></span> <span class='ocrx_word' id='word_1_293' title='bbox 1419 2298 1487 2335; x_wconf 89' lang='lat' dir='ltr'><strong>an</strong></span> <span class='ocrx_word' id='word_1_294' title='bbox 1547 2281 1744 2337; x_wconf 78' lang='lat' dir='ltr'><strong>divisio</strong></span> <span class='ocrx_word' id='word_1_295' title='bbox 1811 2285 1921 2336; x_wconf 70' lang='lat' dir='ltr'><strong>ha&#39;c</strong></span> <span class='ocrx_word' id='word_1_296' title='bbox 1990 2281 2149 2336; x_wconf 81' lang='lat' dir='ltr'><strong>fuerit</strong></span> 
     </span>
    </p>
   </div>
   <div class='ocr_carea' id='block_1_42' title="bbox 587 2373 2149 2435">
    <p class='ocr_par' dir='ltr' id='par_1_42' title="bbox 587 2373 2149 2435">
     <span class='ocr_line' id='line_1_42' title="bbox 587 2373 2149 2435; baseline 0.002 -10"><span class='ocrx_word' id='word_1_297' title='bbox 587 2373 934 2435; x_wconf 85' lang='lat' dir='ltr'><strong>miraculosa,</strong></span> <span class='ocrx_word' id='word_1_298' title='bbox 975 2375 1056 2427; x_wconf 87' lang='lat' dir='ltr'><strong>vel</strong></span> <span class='ocrx_word' id='word_1_299' title='bbox 1102 2375 1386 2430; x_wconf 84' lang='lat' dir='ltr'><strong>naturalis.</strong></span> <span class='ocrx_word' id='word_1_300' title='bbox 1436 2373 1578 2428; x_wconf 81' lang='lat' dir='ltr'><strong>Nam</strong></span> <span class='ocrx_word' id='word_1_301' title='bbox 1633 2388 1679 2428; x_wconf 90' lang='lat' dir='ltr'><strong>et</strong></span> <span class='ocrx_word' id='word_1_302' title='bbox 1717 2374 2004 2428; x_wconf 77' lang='lat' dir='ltr'><strong>Alexandri</strong></span> <span class='ocrx_word' id='word_1_303' title='bbox 2043 2393 2149 2428; x_wconf 83' lang='lat' dir='ltr'><strong>nta-</strong></span> 
     </span>
    </p>
   </div>
   <div class='ocr_carea' id='block_1_43' title="bbox 585 2463 2148 2536">
    <p class='ocr_par' dir='ltr' id='par_1_43' title="bbox 585 2463 2148 2536">
     <span class='ocr_line' id='line_1_43' title="bbox 585 2463 2148 2536; baseline 0.004 -22"><span class='ocrx_word' id='word_1_304' title='bbox 585 2463 676 2533; x_wconf 85' lang='lat' dir='ltr'><strong>gni</strong></span> <span class='ocrx_word' id='word_1_305' title='bbox 701 2463 881 2526; x_wconf 88' lang='lat' dir='ltr'><strong>ductu,</strong></span> <span class='ocrx_word' id='word_1_306' title='bbox 917 2464 1112 2533; x_wconf 87' lang='lat' dir='ltr'><strong>inquit,</strong></span> <span class='ocrx_word' id='word_1_307' title='bbox 1145 2481 1286 2518; x_wconf 90' lang='lat' dir='ltr'><strong>mare</strong></span> <span class='ocrx_word' id='word_1_308' title='bbox 1322 2464 1718 2536; x_wconf 81' lang='lat' dir='ltr'><strong>Pampltylicum</strong></span> <span class='ocrx_word' id='word_1_309' title='bbox 1745 2468 1920 2529; x_wconf 85' lang='lat' dir='ltr'><strong>cessit,</strong></span> <span class='ocrx_word' id='word_1_310' title='bbox 1957 2477 2004 2520; x_wconf 89' lang='lat' dir='ltr'><strong>et</strong></span> <span class='ocrx_word' id='word_1_311' title='bbox 2050 2469 2148 2521; x_wconf 86' lang='lat' dir='ltr'><strong>iter</strong></span> 
     </span>
    </p>
   </div>
   <div class='ocr_carea' id='block_1_44' title="bbox 588 2555 2144 2624">
    <p class='ocr_par' dir='ltr' id='par_1_44' title="bbox 588 2555 2144 2624">
     <span class='ocr_line' id='line_1_44' title="bbox 588 2555 2144 2624; baseline 0.004 -18"><span class='ocrx_word' id='word_1_312' title='bbox 588 2555 814 2622; x_wconf 84' lang='lat' dir='ltr'><strong>aperuit,</strong></span> <span class='ocrx_word' id='word_1_313' title='bbox 855 2571 972 2607; x_wconf 89' lang='lat' dir='ltr'><strong>cum</strong></span> <span class='ocrx_word' id='word_1_314' title='bbox 1009 2555 1147 2608; x_wconf 84' lang='lat' dir='ltr'><strong>Deus</strong></span> <span class='ocrx_word' id='word_1_315' title='bbox 1183 2557 1293 2624; x_wconf 84' lang='lat' dir='ltr'><strong>ejus</strong></span> <span class='ocrx_word' id='word_1_316' title='bbox 1324 2573 1476 2624; x_wconf 87' lang='lat' dir='ltr'><strong>opera</strong></span> <span class='ocrx_word' id='word_1_317' title='bbox 1511 2558 1577 2609; x_wconf 88' lang='lat' dir='ltr'><strong>ad</strong></span> <span class='ocrx_word' id='word_1_318' title='bbox 1610 2557 1978 2612; x_wconf 88' lang='lat' dir='ltr'><strong>destruendum</strong></span> <span class='ocrx_word' id='word_1_319' title='bbox 2021 2559 2144 2613; x_wconf 83' lang='lat' dir='ltr'><strong>Per-</strong></span> 
     </span>
    </p>
   </div>
   <div class='ocr_carea' id='block_1_45' title="bbox 587 2647 2145 2722">
    <p class='ocr_par' dir='ltr' id='par_1_45' title="bbox 587 2647 2145 2722">
     <span class='ocr_line' id='line_1_45' title="bbox 587 2647 2145 2722; baseline 0.004 -24"><span class='ocrx_word' id='word_1_320' title='bbox 587 2661 772 2698; x_wconf 85' lang='lat' dir='ltr'><strong>sarum</strong></span> <span class='ocrx_word' id='word_1_321' title='bbox 818 2647 1095 2714; x_wconf 86' lang='lat' dir='ltr'><strong>imperium</strong></span> <span class='ocrx_word' id='word_1_322' title='bbox 1153 2649 1230 2700; x_wconf 86' lang='lat' dir='ltr'><strong>uti</strong></span> <span class='ocrx_word' id='word_1_323' title='bbox 1279 2648 1605 2704; x_wconf 85' lang='lat' dir='ltr'><strong>decrevisset.</strong></span> <span class='ocrx_word' id='word_1_324' title='bbox 1670 2650 1879 2706; x_wconf 70' lang='lat' dir='ltr'><strong>Hebraei</strong></span> <span class='ocrx_word' id='word_1_325' title='bbox 1929 2660 2145 2722; x_wconf 78' lang='lat' dir='ltr'><strong>negant,</strong></span> 
     </span>
    </p>
   </div>
   <div class='ocr_carea' id='block_1_46' title="bbox 589 2739 2146 2808">
    <p class='ocr_par' dir='ltr' id='par_1_46' title="bbox 589 2739 2146 2808">
     <span class='ocr_line' id='line_1_46' title="bbox 589 2739 2146 2808; baseline 0.006 -17"><span class='ocrx_word' id='word_1_326' title='bbox 589 2751 724 2791; x_wconf 89' lang='lat' dir='ltr'><strong>suos</strong></span> <span class='ocrx_word' id='word_1_327' title='bbox 763 2739 996 2804; x_wconf 79' lang='lat' dir='ltr'><strong>majores</strong></span> <span class='ocrx_word' id='word_1_328' title='bbox 1027 2748 1198 2793; x_wconf 86' lang='lat' dir='ltr'><strong>totum</strong></span> <span class='ocrx_word' id='word_1_329' title='bbox 1233 2757 1379 2796; x_wconf 87' lang='lat' dir='ltr'><strong>mare</strong></span> <span class='ocrx_word' id='word_1_330' title='bbox 1409 2741 1652 2796; x_wconf 81' lang='lat' dir='ltr'><strong>Rubrum</strong></span> <span class='ocrx_word' id='word_1_331' title='bbox 1684 2751 1948 2808; x_wconf 85' lang='lat' dir='ltr'><strong>tranasse,</strong></span> <span class='ocrx_word' id='word_1_332' title='bbox 1980 2747 2094 2800; x_wconf 89' lang='lat' dir='ltr'><strong>sive</strong></span> <span class='ocrx_word' id='word_1_333' title='bbox 2118 2762 2146 2799; x_wconf 89' lang='lat' dir='ltr'><strong>a</strong></span> 
     </span>
    </p>
   </div>
   <div class='ocr_carea' id='block_1_47' title="bbox 587 2831 2148 2910">
    <p class='ocr_par' dir='ltr' id='par_1_47' title="bbox 587 2831 2148 2910">
     <span class='ocr_line' id='line_1_47' title="bbox 587 2831 2148 2910; baseline 0.004 -23"><span class='ocrx_word' id='word_1_334' title='bbox 587 2833 768 2887; x_wconf 85' lang='lat' dir='ltr'><strong>li:tore</strong></span> <span class='ocrx_word' id='word_1_335' title='bbox 801 2831 1056 2903; x_wconf 54' lang='lat' dir='ltr'><strong>[Egyptio</strong></span> <span class='ocrx_word' id='word_1_336' title='bbox 1089 2835 1139 2887; x_wconf 91' lang='lat' dir='ltr'><strong>in</strong></span> <span class='ocrx_word' id='word_1_337' title='bbox 1173 2836 1323 2890; x_wconf 89' lang='lat' dir='ltr'><strong>littus</strong></span> <span class='ocrx_word' id='word_1_338' title='bbox 1355 2836 1666 2899; x_wconf 89' lang='lat' dir='ltr'><strong>Arabicum,</strong></span> <span class='ocrx_word' id='word_1_339' title='bbox 1699 2839 1789 2892; x_wconf 89' lang='lat' dir='ltr'><strong>sed</strong></span> <span class='ocrx_word' id='word_1_340' title='bbox 1823 2839 1965 2908; x_wconf 91' lang='lat' dir='ltr'><strong>quod</strong></span> <span class='ocrx_word' id='word_1_341' title='bbox 1987 2856 2148 2910; x_wconf 83' lang='lat' dir='ltr'><strong>gran-</strong></span> 
     </span>
    </p>
   </div>
   <div class='ocr_carea' id='block_1_48' title="bbox 587 2922 2142 2993">
    <p class='ocr_par' dir='ltr' id='par_1_48' title="bbox 587 2922 2142 2993">
     <span class='ocr_line' id='line_1_48' title="bbox 587 2922 2142 2993; baseline 0.006 -17"><span class='ocrx_word' id='word_1_342' title='bbox 587 2922 711 2977; x_wconf 89' lang='lat' dir='ltr'><strong>dius</strong></span> <span class='ocrx_word' id='word_1_343' title='bbox 745 2931 848 2984; x_wconf 88' lang='lat' dir='ltr'><strong>est,</strong></span> <span class='ocrx_word' id='word_1_344' title='bbox 889 2931 948 2976; x_wconf 90' lang='lat' dir='ltr'><strong>ut</strong></span> <span class='ocrx_word' id='word_1_345' title='bbox 1003 2924 1168 2978; x_wconf 79' lang='lat' dir='ltr'><strong>refcrt</strong></span> <span class='ocrx_word' id='word_1_346' title='bbox 1203 2924 1603 2990; x_wconf 86' lang='lat' dir='ltr'><strong>Genebrardus,</strong></span> <span class='ocrx_word' id='word_1_347' title='bbox 1665 2929 2010 2993; x_wconf 87' lang='lat' dir='ltr'><strong>miraculum,</strong></span> <span class='ocrx_word' id='word_1_348' title='bbox 2079 2932 2142 2985; x_wconf 90' lang='lat' dir='ltr'><strong>ad</strong></span> 
     </span>
    </p>
   </div>
   <div class='ocr_carea' id='block_1_49' title="bbox 2249 1817 3808 1890">
    <p class='ocr_par' dir='ltr' id='par_1_49' title="bbox 2249 1817 3808 1890">
     <span class='ocr_line' id='line_1_49' title="bbox 2249 1817 3808 1890; baseline 0.009 -22"><span class='ocrx_word' id='word_1_349' title='bbox 2249 1819 2377 1887; x_wconf 83' lang='lat' dir='ltr'><strong>quia</strong></span> <span class='ocrx_word' id='word_1_350' title='bbox 2421 1817 2606 1872; x_wconf 80' lang='lat' dir='ltr'><strong>dilexit</strong></span> <span class='ocrx_word' id='word_1_351' title='bbox 2647 1821 2812 1890; x_wconf 82' lang='lat' dir='ltr'><strong>legem</strong></span> <span class='ocrx_word' id='word_1_352' title='bbox 2862 1820 2974 1888; x_wconf 88' lang='lat' dir='ltr'><strong>Dei,</strong></span> <span class='ocrx_word' id='word_1_353' title='bbox 3003 1831 3056 1876; x_wconf 90' lang='lat' dir='ltr'><strong>et</strong></span> <span class='ocrx_word' id='word_1_354' title='bbox 3091 1825 3155 1876; x_wconf 92' lang='lat' dir='ltr'><strong>ad</strong></span> <span class='ocrx_word' id='word_1_355' title='bbox 3185 1820 3521 1879; x_wconf 85' lang='lat' dir='ltr'><strong>Judaismum</strong></span> <span class='ocrx_word' id='word_1_356' title='bbox 3563 1831 3651 1880; x_wconf 89' lang='lat' dir='ltr'><strong>est</strong></span> <span class='ocrx_word' id='word_1_357' title='bbox 3681 1841 3808 1882; x_wconf 84' lang='lat' dir='ltr'><strong>con-</strong></span> 
     </span>
    </p>
   </div>
   <div class='ocr_carea' id='block_1_50' title="bbox 2249 1904 3810 1986">
    <p class='ocr_par' dir='ltr' id='par_1_50' title="bbox 2249 1904 3810 1986">
     <span class='ocr_line' id='line_1_50' title="bbox 2249 1904 3810 1986; baseline 0.008 -24"><span class='ocrx_word' id='word_1_358' title='bbox 2249 1925 2460 1974; x_wconf 83' lang='lat' dir='ltr'><strong>versus,</strong></span> <span class='ocrx_word' id='word_1_359' title='bbox 2484 1904 2733 1966; x_wconf 75' lang='lat' dir='ltr'><strong>utExod.</strong></span> <span class='ocrx_word' id='word_1_360' title='bbox 2771 1929 2914 1967; x_wconf 76' lang='lat' dir='ltr'><strong>XVIII.</strong></span> <span class='ocrx_word' id='word_1_361' title='bbox 2954 1913 3056 1966; x_wconf 82' lang='lat' dir='ltr'><strong>Alii</strong></span> <span class='ocrx_word' id='word_1_362' title='bbox 3089 1916 3423 1983; x_wconf 89' lang='lat' dir='ltr'><strong>probabilius</strong></span> <span class='ocrx_word' id='word_1_363' title='bbox 3456 1927 3670 1986; x_wconf 63' lang='lat' dir='ltr'><strong>putant,</strong></span> <span class='ocrx_word' id='word_1_364' title='bbox 3703 1917 3810 1976; x_wconf 74' lang='grc' dir='ltr'>ιιο.</span> 
     </span>
    </p>
   </div>
   <div class='ocr_carea' id='block_1_51' title="bbox 2248 1995 3810 2085">
    <p class='ocr_par' dir='ltr' id='par_1_51' title="bbox 2248 1995 3810 2085">
     <span class='ocr_line' id='line_1_51' title="bbox 2248 1995 3810 2085; baseline 0.008 -29"><span class='ocrx_word' id='word_1_365' title='bbox 2248 2003 2355 2056; x_wconf 89' lang='lat' dir='ltr'><strong>bab</strong></span> <span class='ocrx_word' id='word_1_366' title='bbox 2404 2019 2511 2058; x_wconf 92' lang='lat' dir='ltr'><strong>non</strong></span> <span class='ocrx_word' id='word_1_367' title='bbox 2556 2021 2677 2060; x_wconf 86' lang='lat' dir='ltr'><strong>esse</strong></span> <span class='ocrx_word' id='word_1_368' title='bbox 2717 2004 3040 2078; x_wconf 80' lang='lat' dir='ltr'><strong>Raguelum,</strong></span> <span class='ocrx_word' id='word_1_369' title='bbox 3092 2006 3316 2079; x_wconf 79' lang='lat' dir='ltr'><strong>Ragueli</strong></span> <span class='ocrx_word' id='word_1_370' title='bbox 3365 1995 3556 2070; x_wconf 65' lang='lat' dir='ltr'><strong>lilium&#39;.</strong></span> <span class='ocrx_word' id='word_1_371' title='bbox 3601 2014 3670 2068; x_wconf 91' lang='lat' dir='ltr'><strong>de</strong></span> <span class='ocrx_word' id='word_1_372' title='bbox 3704 2029 3810 2085; x_wconf 89' lang='lat' dir='ltr'><strong>quo</strong></span> 
     </span>
    </p>
   </div>
   <div class='ocr_carea' id='block_1_52' title="bbox 2249 2091 2541 2150">
    <p class='ocr_par' dir='ltr' id='par_1_52' title="bbox 2249 2091 2541 2150">
     <span class='ocr_line' id='line_1_52' title="bbox 2249 2091 2541 2150; baseline 0.014 -4"><span class='ocrx_word' id='word_1_373' title='bbox 2249 2091 2467 2150; x_wconf 76' lang='lat' dir='ltr'><strong>Numer.</strong></span> <span class='ocrx_word' id='word_1_374' title='bbox 2486 2113 2541 2150; x_wconf 66' lang='grc' dir='ltr'><strong>γ.</strong></span> 
     </span>
    </p>
   </div>
   <div class='ocr_carea' id='block_1_53' title="bbox 2321 2185 3812 2268">
    <p class='ocr_par' dir='ltr' id='par_1_53' title="bbox 2321 2185 3812 2268">
     <span class='ocr_line' id='line_1_53' title="bbox 2321 2185 3812 2268; baseline 0.011 -28"><span class='ocrx_word' id='word_1_375' title='bbox 2321 2185 2478 2253; x_wconf 86' lang='lat' dir='ltr'><strong>lbid.,</strong></span> <span class='ocrx_word' id='word_1_376' title='bbox 2529 2189 2624 2262; x_wconf 58' lang='lat' dir='ltr'><strong>lin,</strong></span> <span class='ocrx_word' id='word_1_377' title='bbox 2675 2191 2764 2244; x_wconf 73' lang='lat'><strong>20.</strong></span> <span class='ocrx_word' id='word_1_378' title='bbox 2797 2192 3209 2263; x_wconf 81' lang='grc' dir='ltr'>Ἐπαγόμενος.</span> <span class='ocrx_word' id='word_1_379' title='bbox 3271 2193 3481 2268; x_wconf 81' lang='lat' dir='ltr'><strong>Moyses</strong></span> <span class='ocrx_word' id='word_1_380' title='bbox 3529 2199 3700 2264; x_wconf 85' lang='lat' dir='ltr'><strong>enim,</strong></span> <span class='ocrx_word' id='word_1_381' title='bbox 3755 2210 3812 2256; x_wconf 86' lang='lat' dir='ltr'><strong>ut</strong></span> 
     </span>
    </p>
   </div>
   <div class='ocr_carea' id='block_1_54' title="bbox 2249 2275 3813 2360">
    <p class='ocr_par' dir='ltr' id='par_1_54' title="bbox 2249 2275 3813 2360">
     <span class='ocr_line' id='line_1_54' title="bbox 2249 2275 3813 2360; baseline 0.01 -30"><span class='ocrx_word' id='word_1_382' title='bbox 2249 2275 2601 2348; x_wconf 84' lang='lat' dir='ltr'><strong>Epiphanius,</strong></span> <span class='ocrx_word' id='word_1_383' title='bbox 2635 2281 2827 2336; x_wconf 71' lang='lat' dir='ltr'><strong>harrrs.</strong></span> <span class='ocrx_word' id='word_1_384' title='bbox 2868 2283 2954 2344; x_wconf 87' lang='lat'><strong>78,</strong></span> <span class='ocrx_word' id='word_1_385' title='bbox 2998 2285 3180 2347; x_wconf 87' lang='lat' dir='ltr'><strong>tradit,</strong></span> <span class='ocrx_word' id='word_1_386' title='bbox 3213 2295 3492 2356; x_wconf 86' lang='lat' dir='ltr'><strong>postquam</strong></span> <span class='ocrx_word' id='word_1_387' title='bbox 3536 2291 3813 2360; x_wconf 72' lang='lat' dir='ltr'><strong>prephetae</strong></span> 
     </span>
    </p>
   </div>
   <div class='ocr_carea' id='block_1_55' title="bbox 2247 2375 3812 2452">
    <p class='ocr_par' dir='ltr' id='par_1_55' title="bbox 2247 2375 3812 2452">
     <span class='ocr_line' id='line_1_55' title="bbox 2247 2375 3812 2452; baseline 0.009 -28"><span class='ocrx_word' id='word_1_388' title='bbox 2247 2387 2446 2426; x_wconf 80' lang='lat' dir='ltr'><strong>munus</strong></span> <span class='ocrx_word' id='word_1_389' title='bbox 2480 2375 2738 2442; x_wconf 86' lang='lat' dir='ltr'><strong>suscepit,</strong></span> <span class='ocrx_word' id='word_1_390' title='bbox 2771 2376 2954 2429; x_wconf 81' lang='lat' dir='ltr'><strong>uxoris</strong></span> <span class='ocrx_word' id='word_1_391' title='bbox 2995 2377 3186 2430; x_wconf 89' lang='lat' dir='ltr'><strong>notitia</strong></span> <span class='ocrx_word' id='word_1_392' title='bbox 3214 2378 3497 2441; x_wconf 86' lang='lat' dir='ltr'><strong>abstinuit,</strong></span> <span class='ocrx_word' id='word_1_393' title='bbox 3550 2390 3609 2433; x_wconf 93' lang='lat' dir='ltr'><strong>ut</strong></span> <span class='ocrx_word' id='word_1_394' title='bbox 3643 2399 3812 2452; x_wconf 91' lang='lat' dir='ltr'><strong>purus</strong></span> 
     </span>
    </p>
   </div>
   <div class='ocr_carea' id='block_1_56' title="bbox 2248 2462 3812 2534">
    <p class='ocr_par' dir='ltr' id='par_1_56' title="bbox 2248 2462 3812 2534">
     <span class='ocr_line' id='line_1_56' title="bbox 2248 2462 3812 2534; baseline 0.008 -20"><span class='ocrx_word' id='word_1_395' title='bbox 2248 2470 2355 2514; x_wconf 90' lang='lat' dir='ltr'><strong>tam</strong></span> <span class='ocrx_word' id='word_1_396' title='bbox 2388 2471 2587 2515; x_wconf 76' lang='lat' dir='ltr'><strong>sancta:</strong></span> <span class='ocrx_word' id='word_1_397' title='bbox 2616 2462 2879 2516; x_wconf 81' lang='lat' dir='ltr'><strong>functioni</strong></span> <span class='ocrx_word' id='word_1_398' title='bbox 2914 2474 3159 2529; x_wconf 81' lang='lat' dir='ltr'><strong>vacaret;</strong></span> <span class='ocrx_word' id='word_1_399' title='bbox 3195 2467 3336 2534; x_wconf 88' lang='lat' dir='ltr'><strong>quod</strong></span> <span class='ocrx_word' id='word_1_400' title='bbox 3378 2469 3600 2522; x_wconf 86' lang='lat' dir='ltr'><strong>totidem</strong></span> <span class='ocrx_word' id='word_1_401' title='bbox 3636 2473 3812 2527; x_wconf 75' lang='lat' dir='ltr'><strong>verbis</strong></span> 
     </span>
    </p>
   </div>
   <div class='ocr_carea' id='block_1_57' title="bbox 2248 2555 3813 2623">
    <p class='ocr_par' dir='ltr' id='par_1_57' title="bbox 2248 2555 3813 2623">
     <span class='ocr_line' id='line_1_57' title="bbox 2248 2555 3813 2623; baseline 0.006 -17"><span class='ocrx_word' id='word_1_402' title='bbox 2248 2568 2306 2606; x_wconf 89' lang='lat' dir='ltr'><strong>se</strong></span> <span class='ocrx_word' id='word_1_403' title='bbox 2355 2561 2539 2622; x_wconf 89' lang='lat' dir='ltr'><strong>postea</strong></span> <span class='ocrx_word' id='word_1_404' title='bbox 2571 2555 2837 2623; x_wconf 81' lang='lat' dir='ltr'><strong>reperisse</strong></span> <span class='ocrx_word' id='word_1_405' title='bbox 2869 2555 2924 2609; x_wconf 91' lang='lat' dir='ltr'><strong>in</strong></span> <span class='ocrx_word' id='word_1_406' title='bbox 2961 2555 3357 2610; x_wconf 87' lang='lat' dir='ltr'><strong>Traditionibus</strong></span> <span class='ocrx_word' id='word_1_407' title='bbox 3384 2556 3625 2615; x_wconf 68' lang='lat' dir='ltr'><strong>Hebraeis</strong></span> <span class='ocrx_word' id='word_1_408' title='bbox 3651 2563 3813 2616; x_wconf 80' lang='lat' dir='ltr'><strong>tradit</strong></span> 
     </span>
    </p>
   </div>
   <div class='ocr_carea' id='block_1_58' title="bbox 2247 2641 3514 2726">
    <p class='ocr_par' dir='ltr' id='par_1_58' title="bbox 2247 2641 3514 2726">
     <span class='ocr_line' id='line_1_58' title="bbox 2247 2641 3514 2726; baseline 0.018 -32"><span class='ocrx_word' id='word_1_409' title='bbox 2247 2641 2648 2697; x_wconf 88' lang='lat' dir='ltr'><strong>Genehrardus.</strong></span> <span class='ocrx_word' id='word_1_410' title='bbox 3144 2716 3211 2726; x_wconf 32' lang='grc' dir='ltr'>μ</span> <span class='ocrx_word' id='word_1_411' title='bbox 3508 2722 3514 2726; x_wconf 35' lang='lat'><strong>,</strong></span> 
     </span>
    </p>
   </div>
   <div class='ocr_carea' id='block_1_59' title="bbox 2316 2716 3812 2822">
    <p class='ocr_par' dir='ltr' id='par_1_59' title="bbox 2316 2716 3812 2822">
     <span class='ocr_line' id='line_1_59' title="bbox 2316 2716 3812 2822; baseline 0.007 -36"><span class='ocrx_word' id='word_1_412' title='bbox 2316 2731 2472 2798; x_wconf 87' lang='lat' dir='ltr'><strong>lbid.,</strong></span> <span class='ocrx_word' id='word_1_413' title='bbox 2506 2736 2599 2788; x_wconf 89' lang='lat' dir='ltr'><strong>lin.</strong></span> <span class='ocrx_word' id='word_1_414' title='bbox 2629 2736 2714 2790; x_wconf 79' lang='lat'><strong>30.</strong></span> <span class='ocrx_word' id='word_1_415' title='bbox 2733 2735 2784 2788; x_wconf 86' lang='grc' dir='ltr'><em>Ὀ</em></span> <span class='ocrx_word' id='word_1_416' title='bbox 2807 2737 3064 2806; x_wconf 68' lang='grc' dir='ltr'><strong>Μωῢσῇς</strong></span> <span class='ocrx_word' id='word_1_417' title='bbox 3082 2716 3812 2822; x_wconf 54' lang='grc' dir='ltr'>ἐτνῖνῖεξίοτησεᾸιηὺι-οεὶιιξ,</span> 
     </span>
    </p>
   </div>
   <div class='ocr_carea' id='block_1_60' title="bbox 2248 2815 3810 2905">
    <p class='ocr_par' dir='ltr' id='par_1_60' title="bbox 2248 2815 3810 2905">
     <span class='ocr_line' id='line_1_60' title="bbox 2248 2815 3810 2905; baseline 0.008 -25"><span class='ocrx_word' id='word_1_418' title='bbox 2248 2827 2342 2881; x_wconf 93' lang='lat' dir='ltr'><strong>lib.</strong></span> <span class='ocrx_word' id='word_1_419' title='bbox 2370 2843 2386 2880; x_wconf 84' lang='lat'>1</span> <span class='ocrx_word' id='word_1_420' title='bbox 2414 2827 2485 2880; x_wconf 91' lang='lat' dir='ltr'><strong>De</strong></span> <span class='ocrx_word' id='word_1_421' title='bbox 2510 2826 2639 2882; x_wconf 87' lang='lat' dir='ltr'><strong>Cain</strong></span> <span class='ocrx_word' id='word_1_422' title='bbox 2668 2837 2715 2882; x_wconf 88' lang='lat' dir='ltr'><strong>et</strong></span> <span class='ocrx_word' id='word_1_423' title='bbox 2744 2828 2893 2895; x_wconf 82' lang='lat' dir='ltr'><strong>Abel,</strong></span> <span class='ocrx_word' id='word_1_424' title='bbox 2924 2846 2974 2883; x_wconf 92' lang='lat' dir='ltr'><strong>c.</strong></span> <span class='ocrx_word' id='word_1_425' title='bbox 2999 2831 3051 2894; x_wconf 71' lang='grc' dir='ltr'>Ξ,</span> <span class='ocrx_word' id='word_1_426' title='bbox 3083 2815 3274 2886; x_wconf 75' lang='lat' dir='ltr'><strong>asserit</strong></span> <span class='ocrx_word' id='word_1_427' title='bbox 3314 2833 3548 2905; x_wconf 77' lang='lat' dir='ltr'><strong>Moysem</strong></span> <span class='ocrx_word' id='word_1_428' title='bbox 3568 2815 3810 2892; x_wconf 73' lang='lat' dir='ltr'><strong>nondum</strong></span> 
     </span>
    </p>
   </div>
   <div class='ocr_carea' id='block_1_61' title="bbox 2247 2925 3811 2996">
    <p class='ocr_par' dir='ltr' id='par_1_61' title="bbox 2247 2925 3811 2996">
     <span class='ocr_line' id='line_1_61' title="bbox 2247 2925 3811 2996; baseline 0.007 -22"><span class='ocrx_word' id='word_1_429' title='bbox 2247 2929 2519 2976; x_wconf 90' lang='lat' dir='ltr'><strong>mortuum</strong></span> <span class='ocrx_word' id='word_1_430' title='bbox 2548 2939 2688 2990; x_wconf 88' lang='lat' dir='ltr'><strong>esse,</strong></span> <span class='ocrx_word' id='word_1_431' title='bbox 2727 2925 2819 2978; x_wconf 90' lang='lat' dir='ltr'><strong>sed</strong></span> <span class='ocrx_word' id='word_1_432' title='bbox 2847 2926 3171 2979; x_wconf 86' lang='lat' dir='ltr'><strong>translatum</strong></span> <span class='ocrx_word' id='word_1_433' title='bbox 3197 2929 3262 2982; x_wconf 90' lang='lat' dir='ltr'><strong>ad</strong></span> <span class='ocrx_word' id='word_1_434' title='bbox 3295 2930 3567 2984; x_wconf 87' lang='lat' dir='ltr'><strong>meliorem</strong></span> <span class='ocrx_word' id='word_1_435' title='bbox 3599 2931 3769 2984; x_wconf 75' lang='lat' dir='ltr'><strong>vitam</strong></span> <span class='ocrx_word' id='word_1_436' title='bbox 3795 2950 3811 2996; x_wconf 86' lang='lat'><strong>;</strong></span> 
     </span>
    </p>
   </div>
   <div class='ocr_carea' id='block_1_62' title="bbox 589 3014 2148 3098">
    <p class='ocr_par' dir='ltr' id='par_1_62' title="bbox 589 3015 2147 3091">
     <span class='ocr_line' id='line_1_62' title="bbox 589 3015 2147 3091; baseline 0.007 -23"><span class='ocrx_word' id='word_1_437' title='bbox 589 3015 726 3069; x_wconf 89' lang='lat' dir='ltr'><strong>idem</strong></span> <span class='ocrx_word' id='word_1_438' title='bbox 778 3016 952 3082; x_wconf 88' lang='lat' dir='ltr'><strong>littus,</strong></span> <span class='ocrx_word' id='word_1_439' title='bbox 1011 3016 1174 3072; x_wconf 89' lang='lat' dir='ltr'><strong>ducto</strong></span> <span class='ocrx_word' id='word_1_440' title='bbox 1231 3019 1371 3072; x_wconf 88' lang='lat' dir='ltr'><strong>intra</strong></span> <span class='ocrx_word' id='word_1_441' title='bbox 1407 3035 1552 3074; x_wconf 87' lang='lat' dir='ltr'><strong>mare</strong></span> <span class='ocrx_word' id='word_1_442' title='bbox 1606 3021 1765 3091; x_wconf 81' lang='lat' dir='ltr'><strong>longo</strong></span> <span class='ocrx_word' id='word_1_443' title='bbox 1812 3025 2065 3088; x_wconf 88' lang='lat' dir='ltr'><strong>circuitu,</strong></span> <span class='ocrx_word' id='word_1_444' title='bbox 2095 3033 2147 3079; x_wconf 90' lang='lat' dir='ltr'><strong>et</strong></span> 
     </span>
    </p>
   </div>
   <div class='ocr_carea' id='block_1_63' title="bbox 2250 3014 3814 3098">
    <p class='ocr_par' dir='ltr' id='par_1_63' title="bbox 2251 3014 3814 3090">
     <span class='ocr_line' id='line_1_63' title="bbox 2251 3014 3814 3090; baseline 0.004 -24"><span class='ocrx_word' id='word_1_445' title='bbox 2251 3021 2304 3066; x_wconf 91' lang='lat' dir='ltr'><strong>et</strong></span> <span class='ocrx_word' id='word_1_446' title='bbox 2334 3028 2454 3066; x_wconf 92' lang='lat' dir='ltr'><strong>cum</strong></span> <span class='ocrx_word' id='word_1_447' title='bbox 2496 3014 2754 3084; x_wconf 91' lang='lat' dir='ltr'><strong>scriptum</strong></span> <span class='ocrx_word' id='word_1_448' title='bbox 2785 3022 2888 3078; x_wconf 88' lang='lat' dir='ltr'><strong>est,</strong></span> <span class='ocrx_word' id='word_1_449' title='bbox 2921 3031 3043 3070; x_wconf 86' lang='lat' dir='ltr'><strong>eum</strong></span> <span class='ocrx_word' id='word_1_450' title='bbox 3078 3032 3200 3072; x_wconf 86' lang='lat' dir='ltr'><strong>esse</strong></span> <span class='ocrx_word' id='word_1_451' title='bbox 3240 3025 3537 3082; x_wconf 89' lang='lat' dir='ltr'><strong>mortuum,</strong></span> <span class='ocrx_word' id='word_1_452' title='bbox 3585 3019 3814 3090; x_wconf 83' lang='lat' dir='ltr'><strong>intelligi</strong></span> 
     </span>
    </p>
   </div>
   <div class='ocr_carea' id='block_1_64' title="bbox 588 3108 2152 3181">
    <p class='ocr_par' dir='ltr' id='par_1_64' title="bbox 588 3108 2152 3181">
     <span class='ocr_line' id='line_1_64' title="bbox 588 3108 2152 3181; baseline 0.007 -19"><span class='ocrx_word' id='word_1_453' title='bbox 588 3108 744 3176; x_wconf 92' lang='lat' dir='ltr'><strong>quasi</strong></span> <span class='ocrx_word' id='word_1_454' title='bbox 781 3109 1144 3171; x_wconf 87' lang='lat' dir='ltr'><strong>semicirculo,</strong></span> <span class='ocrx_word' id='word_1_455' title='bbox 1177 3111 1319 3166; x_wconf 90' lang='lat' dir='ltr'><strong>unde</strong></span> <span class='ocrx_word' id='word_1_456' title='bbox 1347 3112 1577 3181; x_wconf 82' lang='lat' dir='ltr'><strong>ingressi</strong></span> <span class='ocrx_word' id='word_1_457' title='bbox 1620 3112 1831 3168; x_wconf 85' lang='lat' dir='ltr'><strong>fuerant</strong></span> <span class='ocrx_word' id='word_1_458' title='bbox 1863 3119 2152 3172; x_wconf 77' lang='lat' dir='ltr'><strong>revertisse</strong></span> 
     </span>
    </p>
   </div>
   <div class='ocr_carea' id='block_1_65' title="bbox 588 3199 2152 3270">
    <p class='ocr_par' dir='ltr' id='par_1_65' title="bbox 588 3199 2152 3270">
     <span class='ocr_line' id='line_1_65' title="bbox 588 3199 2152 3270; baseline 0.006 -17"><span class='ocrx_word' id='word_1_459' title='bbox 588 3199 837 3270; x_wconf 91' lang='lat' dir='ltr'><strong>probant.</strong></span> <span class='ocrx_word' id='word_1_460' title='bbox 898 3200 1034 3266; x_wconf 84' lang='lat' dir='ltr'><strong>Quia</strong></span> <span class='ocrx_word' id='word_1_461' title='bbox 1079 3202 1355 3257; x_wconf 81' lang='lat' dir='ltr'><strong>haerebant</strong></span> <span class='ocrx_word' id='word_1_462' title='bbox 1403 3204 1478 3260; x_wconf 77' lang='lat' dir='ltr'><strong>tin</strong></span> <span class='ocrx_word' id='word_1_463' title='bbox 1529 3205 1744 3259; x_wconf 85' lang='lat' dir='ltr'><strong>deserto</strong></span> <span class='ocrx_word' id='word_1_464' title='bbox 1809 3206 1980 3262; x_wconf 82' lang='lat' dir='ltr'><strong>Ethan</strong></span> <span class='ocrx_word' id='word_1_465' title='bbox 2029 3217 2152 3264; x_wconf 89' lang='lat' dir='ltr'><strong>ante</strong></span> 
     </span>
    </p>
   </div>
   <div class='ocr_carea' id='block_1_66' title="bbox 589 3289 2154 3360">
    <p class='ocr_par' dir='ltr' id='par_1_66' title="bbox 589 3289 2154 3360">
     <span class='ocr_line' id='line_1_66' title="bbox 589 3289 2154 3360; baseline 0.008 -20"><span class='ocrx_word' id='word_1_466' title='bbox 589 3289 902 3350; x_wconf 78' lang='lat' dir='ltr'><strong>transitura.</strong></span> <span class='ocrx_word' id='word_1_467' title='bbox 945 3291 1138 3346; x_wconf 89' lang='lat' dir='ltr'><strong>deinde</strong></span> <span class='ocrx_word' id='word_1_468' title='bbox 1181 3301 1304 3360; x_wconf 89' lang='lat' dir='ltr'><strong>post</strong></span> <span class='ocrx_word' id='word_1_469' title='bbox 1351 3295 1640 3349; x_wconf 87' lang='lat' dir='ltr'><strong>transitum</strong></span> <span class='ocrx_word' id='word_1_470' title='bbox 1678 3297 1730 3350; x_wconf 91' lang='lat' dir='ltr'><strong>in</strong></span> <span class='ocrx_word' id='word_1_471' title='bbox 1762 3298 1948 3350; x_wconf 90' lang='lat' dir='ltr'><strong>eodem</strong></span> <span class='ocrx_word' id='word_1_472' title='bbox 1981 3315 2038 3353; x_wconf 86' lang='lat' dir='ltr'><strong>se</strong></span> <span class='ocrx_word' id='word_1_473' title='bbox 2068 3315 2154 3353; x_wconf 84' lang='lat' dir='ltr'><strong>re-</strong></span> 
     </span>
    </p>
   </div>
   <div class='ocr_carea' id='block_1_67' title="bbox 589 3381 2152 3457">
    <p class='ocr_par' dir='ltr' id='par_1_67' title="bbox 589 3381 2152 3457">
     <span class='ocr_line' id='line_1_67' title="bbox 589 3381 2152 3457; baseline 0.006 -23"><span class='ocrx_word' id='word_1_474' title='bbox 589 3381 841 3449; x_wconf 83' lang='lat' dir='ltr'><strong>periunt;</strong></span> <span class='ocrx_word' id='word_1_475' title='bbox 873 3381 964 3436; x_wconf 91' lang='lat' dir='ltr'><strong>ubi</strong></span> <span class='ocrx_word' id='word_1_476' title='bbox 1002 3398 1095 3451; x_wconf 91' lang='lat' dir='ltr'><strong>per</strong></span> <span class='ocrx_word' id='word_1_477' title='bbox 1129 3391 1240 3437; x_wconf 91' lang='lat' dir='ltr'><strong>tres</strong></span> <span class='ocrx_word' id='word_1_478' title='bbox 1264 3383 1381 3439; x_wconf 89' lang='lat' dir='ltr'><strong>dies</strong></span> <span class='ocrx_word' id='word_1_479' title='bbox 1408 3386 1582 3455; x_wconf 81' lang='lat' dir='ltr'><strong>vagati</strong></span> <span class='ocrx_word' id='word_1_480' title='bbox 1630 3397 1807 3441; x_wconf 73' lang='lat' dir='ltr'><strong>castra</strong></span> <span class='ocrx_word' id='word_1_481' title='bbox 1838 3398 2043 3457; x_wconf 90' lang='lat' dir='ltr'><strong>ponunt</strong></span> <span class='ocrx_word' id='word_1_482' title='bbox 2099 3389 2152 3443; x_wconf 93' lang='lat' dir='ltr'><strong>in</strong></span> 
     </span>
    </p>
   </div>
   <div class='ocr_carea' id='block_1_68' title="bbox 590 3468 2154 3551">
    <p class='ocr_par' dir='ltr' id='par_1_68' title="bbox 590 3468 2154 3551">
     <span class='ocr_line' id='line_1_68' title="bbox 590 3468 2154 3551; baseline 0.005 -26"><span class='ocrx_word' id='word_1_483' title='bbox 590 3468 760 3534; x_wconf 85' lang='lat' dir='ltr'><strong>Mara,</strong></span> <span class='ocrx_word' id='word_1_484' title='bbox 783 3472 954 3526; x_wconf 79' lang='lat' dir='ltr'><strong>Exod.</strong></span> <span class='ocrx_word' id='word_1_485' title='bbox 971 3489 1082 3527; x_wconf 76' lang='lat' dir='ltr'><strong>XII.</strong></span> <span class='ocrx_word' id='word_1_486' title='bbox 1106 3474 1306 3530; x_wconf 84' lang='lat' dir='ltr'><strong>Deinde</strong></span> <span class='ocrx_word' id='word_1_487' title='bbox 1329 3492 1478 3532; x_wconf 90' lang='lat' dir='ltr'><strong>mare</strong></span> <span class='ocrx_word' id='word_1_488' title='bbox 1509 3475 1750 3532; x_wconf 68' lang='lat' dir='ltr'><strong>Rubrum</strong></span> <span class='ocrx_word' id='word_1_489' title='bbox 1783 3479 1971 3532; x_wconf 81' lang='lat' dir='ltr'><strong>dividit</strong></span> <span class='ocrx_word' id='word_1_490' title='bbox 1988 3479 2154 3551; x_wconf 67' lang='lat' dir='ltr'><strong>Egy-</strong></span> 
     </span>
    </p>
   </div>
   <div class='ocr_carea' id='block_1_69' title="bbox 590 3564 2153 3634">
    <p class='ocr_par' dir='ltr' id='par_1_69' title="bbox 590 3564 2153 3634">
     <span class='ocr_line' id='line_1_69' title="bbox 590 3564 2153 3634; baseline 0.007 -19"><span class='ocrx_word' id='word_1_491' title='bbox 590 3568 738 3634; x_wconf 89' lang='lat' dir='ltr'><strong>ptum</strong></span> <span class='ocrx_word' id='word_1_492' title='bbox 772 3566 838 3616; x_wconf 90' lang='lat' dir='ltr'><strong>ab</strong></span> <span class='ocrx_word' id='word_1_493' title='bbox 874 3564 1095 3628; x_wconf 83' lang='lat' dir='ltr'><strong>Arabia,</strong></span> <span class='ocrx_word' id='word_1_494' title='bbox 1128 3583 1233 3620; x_wconf 88' lang='lat' dir='ltr'><strong>non</strong></span> <span class='ocrx_word' id='word_1_495' title='bbox 1257 3583 1287 3620; x_wconf 89' lang='lat' dir='ltr'><strong>a</strong></span> <span class='ocrx_word' id='word_1_496' title='bbox 1318 3575 1463 3622; x_wconf 88' lang='lat' dir='ltr'><strong>terra</strong></span> <span class='ocrx_word' id='word_1_497' title='bbox 1496 3577 1704 3624; x_wconf 90' lang='lat' dir='ltr'><strong>sancta.</strong></span> <span class='ocrx_word' id='word_1_498' title='bbox 1761 3569 1872 3624; x_wconf 90' lang='lat' dir='ltr'><strong>lmo</strong></span> <span class='ocrx_word' id='word_1_499' title='bbox 1895 3587 2020 3625; x_wconf 86' lang='lat' dir='ltr'><strong>vero</strong></span> <span class='ocrx_word' id='word_1_500' title='bbox 2046 3588 2153 3626; x_wconf 89' lang='lat' dir='ltr'><strong>non</strong></span> 
     </span>
    </p>
   </div>
   <div class='ocr_carea' id='block_1_70' title="bbox 590 3651 2150 3724">
    <p class='ocr_par' dir='ltr' id='par_1_70' title="bbox 590 3651 2150 3724">
     <span class='ocr_line' id='line_1_70' title="bbox 590 3651 2150 3724; baseline 0.007 -20"><span class='ocrx_word' id='word_1_501' title='bbox 590 3651 689 3705; x_wconf 79' lang='lat' dir='ltr'><strong>fuit</strong></span> <span class='ocrx_word' id='word_1_502' title='bbox 730 3669 950 3708; x_wconf 90' lang='lat' dir='ltr'><strong>necesse</strong></span> <span class='ocrx_word' id='word_1_503' title='bbox 992 3663 1047 3708; x_wconf 90' lang='lat' dir='ltr'><strong>ut</strong></span> <span class='ocrx_word' id='word_1_504' title='bbox 1096 3657 1509 3724; x_wconf 75' lang='lat' dir='ltr'><strong>ingrederentur</strong></span> <span class='ocrx_word' id='word_1_505' title='bbox 1561 3674 1728 3718; x_wconf 82' lang='lat' dir='ltr'><strong>mare,</strong></span> <span class='ocrx_word' id='word_1_506' title='bbox 1761 3661 1864 3714; x_wconf 92' lang='lat' dir='ltr'><strong>nisi</strong></span> <span class='ocrx_word' id='word_1_507' title='bbox 1917 3669 1974 3713; x_wconf 94' lang='lat' dir='ltr'><strong>ut</strong></span> <span class='ocrx_word' id='word_1_508' title='bbox 2025 3663 2150 3716; x_wconf 89' lang='lat' dir='ltr'><strong>sub-</strong></span> 
     </span>
    </p>
   </div>
   <div class='ocr_carea' id='block_1_71' title="bbox 591 3743 2150 3818">
    <p class='ocr_par' dir='ltr' id='par_1_71' title="bbox 591 3743 2150 3818">
     <span class='ocr_line' id='line_1_71' title="bbox 591 3743 2150 3818; baseline 0.006 -21"><span class='ocrx_word' id='word_1_509' title='bbox 591 3754 928 3812; x_wconf 80' lang='lat' dir='ltr'><strong>mergeretur</strong></span> <span class='ocrx_word' id='word_1_510' title='bbox 954 3743 1186 3801; x_wconf 86' lang='lat' dir='ltr'><strong>Pharao.</strong></span> <span class='ocrx_word' id='word_1_511' title='bbox 1219 3747 1486 3818; x_wconf 83' lang='lat' dir='ltr'><strong>Josephus</strong></span> <span class='ocrx_word' id='word_1_512' title='bbox 1521 3761 1570 3803; x_wconf 92' lang='lat' dir='ltr'><strong>et</strong></span> <span class='ocrx_word' id='word_1_513' title='bbox 1599 3751 1768 3804; x_wconf 76' lang='lat' dir='ltr'><strong>nostri</strong></span> <span class='ocrx_word' id='word_1_514' title='bbox 1805 3753 1870 3806; x_wconf 91' lang='lat' dir='ltr'><strong>de</strong></span> <span class='ocrx_word' id='word_1_515' title='bbox 1893 3753 2072 3806; x_wconf 91' lang='lat' dir='ltr'><strong>littore</strong></span> <span class='ocrx_word' id='word_1_516' title='bbox 2098 3753 2150 3806; x_wconf 95' lang='lat' dir='ltr'><strong>in</strong></span> 
     </span>
    </p>
   </div>
   <div class='ocr_carea' id='block_1_72' title="bbox 588 3831 2154 3910">
    <p class='ocr_par' dir='ltr' id='par_1_72' title="bbox 588 3831 2154 3910">
     <span class='ocr_line' id='line_1_72' title="bbox 588 3831 2154 3910; baseline 0.009 -26"><span class='ocrx_word' id='word_1_517' title='bbox 588 3831 762 3888; x_wconf 86' lang='lat' dir='ltr'><strong>littus.</strong></span> <span class='ocrx_word' id='word_1_518' title='bbox 813 3835 940 3898; x_wconf 82' lang='lat' dir='ltr'><strong>Alii,</strong></span> <span class='ocrx_word' id='word_1_519' title='bbox 1003 3852 1140 3904; x_wconf 86' lang='lat' dir='ltr'><strong>quos</strong></span> <span class='ocrx_word' id='word_1_520' title='bbox 1194 3839 1442 3907; x_wconf 85' lang='lat' dir='ltr'><strong>sequitur</strong></span> <span class='ocrx_word' id='word_1_521' title='bbox 1495 3839 1756 3910; x_wconf 78' lang='lat' dir='ltr'><strong>Origenes</strong></span> <span class='ocrx_word' id='word_1_522' title='bbox 1807 3843 1992 3898; x_wconf 81' lang='lat' dir='ltr'><strong>hontil.</strong></span> <span class='ocrx_word' id='word_1_523' title='bbox 2027 3846 2060 3898; x_wconf 83' lang='lat'><strong>5</strong></span> <span class='ocrx_word' id='word_1_524' title='bbox 2102 3848 2154 3898; x_wconf 85' lang='lat' dir='ltr'><strong>in</strong></span> 
     </span>
    </p>
   </div>
   <div class='ocr_carea' id='block_1_73' title="bbox 589 3921 2154 4004">
    <p class='ocr_par' dir='ltr' id='par_1_73' title="bbox 589 3921 2154 4004">
     <span class='ocr_line' id='line_1_73' title="bbox 589 3921 2154 4004; baseline 0.01 -29"><span class='ocrx_word' id='word_1_525' title='bbox 589 3921 851 3987; x_wconf 75' lang='lat' dir='ltr'><strong>Exedunt.</strong></span> <span class='ocrx_word' id='word_1_526' title='bbox 887 3926 1266 3982; x_wconf 84' lang='lat' dir='ltr'><strong>Geuebrardus</strong></span> <span class='ocrx_word' id='word_1_527' title='bbox 1302 3931 1353 3982; x_wconf 91' lang='lat' dir='ltr'><strong>in</strong></span> <span class='ocrx_word' id='word_1_528' title='bbox 1387 3931 1786 3998; x_wconf 80' lang='lat' dir='ltr'><strong>psalm.cxxxv,</strong></span> <span class='ocrx_word' id='word_1_529' title='bbox 1821 3933 2154 4004; x_wconf 81' lang='lat' dir='ltr'><strong>Epiphanius</strong></span> 
     </span>
    </p>
   </div>
   <div class='ocr_carea' id='block_1_74' title="bbox 589 4015 2153 4085">
    <p class='ocr_par' dir='ltr' id='par_1_74' title="bbox 589 4015 2153 4085">
     <span class='ocr_line' id='line_1_74' title="bbox 589 4015 2153 4085; baseline 0.008 -16"><span class='ocrx_word' id='word_1_530' title='bbox 589 4015 781 4070; x_wconf 83' lang='lat' dir='ltr'><strong>ha-res.</strong></span> <span class='ocrx_word' id='word_1_531' title='bbox 804 4018 889 4085; x_wconf 65' lang='grc'><strong>64,</strong></span> <span class='ocrx_word' id='word_1_532' title='bbox 923 4019 1210 4084; x_wconf 86' lang='lat' dir='ltr'><strong>allirmant,</strong></span> <span class='ocrx_word' id='word_1_533' title='bbox 1243 4037 1392 4076; x_wconf 86' lang='lat' dir='ltr'><strong>mare</strong></span> <span class='ocrx_word' id='word_1_534' title='bbox 1436 4021 1680 4079; x_wconf 84' lang='lat' dir='ltr'><strong>Rubrum</strong></span> <span class='ocrx_word' id='word_1_535' title='bbox 1723 4025 1891 4082; x_wconf 84' lang='lat' dir='ltr'><strong>fuisse</strong></span> <span class='ocrx_word' id='word_1_536' title='bbox 1922 4029 2153 4082; x_wconf 83' lang='lat' dir='ltr'><strong>divisum</strong></span> 
     </span>
    </p>
   </div>
   <div class='ocr_carea' id='block_1_75' title="bbox 587 4107 2155 4187">
    <p class='ocr_par' dir='ltr' id='par_1_75' title="bbox 587 4107 2155 4187">
     <span class='ocr_line' id='line_1_75' title="bbox 587 4107 2155 4187; baseline 0.009 -27"><span class='ocrx_word' id='word_1_537' title='bbox 587 4107 644 4160; x_wconf 89' lang='lat' dir='ltr'><strong>in</strong></span> <span class='ocrx_word' id='word_1_538' title='bbox 677 4108 959 4162; x_wconf 86' lang='lat' dir='ltr'><strong>duodecim</strong></span> <span class='ocrx_word' id='word_1_539' title='bbox 993 4113 1286 4176; x_wconf 86' lang='lat' dir='ltr'><strong>sectioues,</strong></span> <span class='ocrx_word' id='word_1_540' title='bbox 1314 4115 1383 4167; x_wconf 84' lang='lat' dir='ltr'><strong>ita</strong></span> <span class='ocrx_word' id='word_1_541' title='bbox 1418 4117 1534 4184; x_wconf 86' lang='lat' dir='ltr'><strong>pari</strong></span> <span class='ocrx_word' id='word_1_542' title='bbox 1566 4133 1753 4186; x_wconf 79' lang='lat' dir='ltr'><strong>gressu</strong></span> <span class='ocrx_word' id='word_1_543' title='bbox 1788 4135 1884 4187; x_wconf 90' lang='lat' dir='ltr'><strong>per</strong></span> <span class='ocrx_word' id='word_1_544' title='bbox 1916 4120 2046 4173; x_wconf 91' lang='lat' dir='ltr'><strong>illud</strong></span> <span class='ocrx_word' id='word_1_545' title='bbox 2073 4124 2155 4174; x_wconf 83' lang='lat' dir='ltr'><strong>in-</strong></span> 
     </span>
    </p>
   </div>
   <div class='ocr_carea' id='block_1_76' title="bbox 586 4199 2153 4276">
    <p class='ocr_par' dir='ltr' id='par_1_76' title="bbox 586 4199 2153 4276">
     <span class='ocr_line' id='line_1_76' title="bbox 586 4199 2153 4276; baseline 0.009 -23"><span class='ocrx_word' id='word_1_546' title='bbox 586 4199 840 4254; x_wconf 84' lang='lat' dir='ltr'><strong>cederent</strong></span> <span class='ocrx_word' id='word_1_547' title='bbox 903 4201 1187 4257; x_wconf 88' lang='lat' dir='ltr'><strong>duodecim</strong></span> <span class='ocrx_word' id='word_1_548' title='bbox 1251 4206 1458 4272; x_wconf 89' lang='lat' dir='ltr'><strong>tribus,</strong></span> <span class='ocrx_word' id='word_1_549' title='bbox 1535 4210 1784 4276; x_wconf 64' lang='lat' dir='ltr'><strong>quaelibet</strong></span> <span class='ocrx_word' id='word_1_550' title='bbox 1852 4213 1992 4265; x_wconf 89' lang='lat' dir='ltr'><strong>enim</strong></span> <span class='ocrx_word' id='word_1_551' title='bbox 2057 4229 2153 4267; x_wconf 90' lang='lat' dir='ltr'><strong>sua</strong></span> 
     </span>
    </p>
   </div>
   <div class='ocr_carea' id='block_1_77' title="bbox 587 4287 2154 4366">
    <p class='ocr_par' dir='ltr' id='par_1_77' title="bbox 587 4287 2154 4366">
     <span class='ocr_line' id='line_1_77' title="bbox 587 4287 2154 4366; baseline 0.009 -21"><span class='ocrx_word' id='word_1_552' title='bbox 587 4291 830 4346; x_wconf 82' lang='lat' dir='ltr'><strong>sectione</strong></span> <span class='ocrx_word' id='word_1_553' title='bbox 857 4291 1164 4350; x_wconf 88' lang='lat' dir='ltr'><strong>incedebat.</strong></span> <span class='ocrx_word' id='word_1_554' title='bbox 1206 4294 1361 4351; x_wconf 89' lang='lat' dir='ltr'><strong>Philo</strong></span> <span class='ocrx_word' id='word_1_555' title='bbox 1390 4309 1590 4362; x_wconf 89' lang='lat' dir='ltr'><strong>tamen,</strong></span> <span class='ocrx_word' id='word_1_556' title='bbox 1621 4287 2154 4366; x_wconf 35' lang='lat' dir='ltr'><strong>Thcodoretus,&#39;Eu-</strong></span> 
     </span>
    </p>
   </div>
   <div class='ocr_carea' id='block_1_78' title="bbox 2255 3104 3815 3179">
    <p class='ocr_par' dir='ltr' id='par_1_78' title="bbox 2255 3104 3815 3179">
     <span class='ocr_line' id='line_1_78' title="bbox 2255 3104 3815 3179; baseline 0.005 -20"><span class='ocrx_word' id='word_1_557' title='bbox 2255 3122 2364 3159; x_wconf 88' lang='lat' dir='ltr'><strong>non</strong></span> <span class='ocrx_word' id='word_1_558' title='bbox 2395 3104 2461 3159; x_wconf 92' lang='lat' dir='ltr'><strong>de</strong></span> <span class='ocrx_word' id='word_1_559' title='bbox 2491 3106 2708 3160; x_wconf 88' lang='lat' dir='ltr'><strong>interitu</strong></span> <span class='ocrx_word' id='word_1_560' title='bbox 2739 3107 2829 3176; x_wconf 89' lang='lat' dir='ltr'><strong>qui</strong></span> <span class='ocrx_word' id='word_1_561' title='bbox 2888 3106 2942 3159; x_wconf 83' lang='lat' dir='ltr'><strong>ﬁt</strong></span> <span class='ocrx_word' id='word_1_562' title='bbox 2983 3123 3074 3177; x_wconf 90' lang='lat' dir='ltr'><strong>per</strong></span> <span class='ocrx_word' id='word_1_563' title='bbox 3128 3111 3524 3179; x_wconf 88' lang='lat' dir='ltr'><strong>separationem</strong></span> <span class='ocrx_word' id='word_1_564' title='bbox 3553 3112 3752 3166; x_wconf 68' lang='lat' dir='ltr'><strong>animae</strong></span> <span class='ocrx_word' id='word_1_565' title='bbox 3785 3127 3815 3166; x_wconf 83' lang='lat' dir='ltr'><strong>a</strong></span> 
     </span>
    </p>
   </div>
   <div class='ocr_carea' id='block_1_79' title="bbox 2256 3197 3814 3266">
    <p class='ocr_par' dir='ltr' id='par_1_79' title="bbox 2256 3197 3814 3266">
     <span class='ocr_line' id='line_1_79' title="bbox 2256 3197 3814 3266; baseline 0.005 -17"><span class='ocrx_word' id='word_1_566' title='bbox 2256 3213 2506 3266; x_wconf 88' lang='lat' dir='ltr'><strong>corpore,</strong></span> <span class='ocrx_word' id='word_1_567' title='bbox 2541 3197 2633 3251; x_wconf 90' lang='lat' dir='ltr'><strong>sed</strong></span> <span class='ocrx_word' id='word_1_568' title='bbox 2669 3198 2734 3252; x_wconf 91' lang='lat' dir='ltr'><strong>de</strong></span> <span class='ocrx_word' id='word_1_569' title='bbox 2765 3199 3119 3255; x_wconf 85' lang='lat' dir='ltr'><strong>translatione</strong></span> <span class='ocrx_word' id='word_1_570' title='bbox 3154 3200 3219 3254; x_wconf 90' lang='lat' dir='ltr'><strong>ad</strong></span> <span class='ocrx_word' id='word_1_571' title='bbox 3259 3201 3468 3256; x_wconf 82' lang='lat' dir='ltr'><strong>felicem</strong></span> <span class='ocrx_word' id='word_1_572' title='bbox 3512 3210 3569 3256; x_wconf 92' lang='lat' dir='ltr'><strong>et</strong></span> <span class='ocrx_word' id='word_1_573' title='bbox 3603 3203 3814 3257; x_wconf 82' lang='lat' dir='ltr'><strong>beatam</strong></span> 
     </span>
    </p>
   </div>
   <div class='ocr_carea' id='block_1_80' title="bbox 2255 3287 3817 3349">
    <p class='ocr_par' dir='ltr' id='par_1_80' title="bbox 2255 3287 3817 3349">
     <span class='ocr_line' id='line_1_80' title="bbox 2255 3287 3817 3349; baseline 0.006 -9"><span class='ocrx_word' id='word_1_574' title='bbox 2255 3289 2440 3341; x_wconf 79' lang='lat' dir='ltr'><strong>vitam.</strong></span> <span class='ocrx_word' id='word_1_575' title='bbox 2481 3287 2559 3340; x_wconf 90' lang='lat' dir='ltr'><strong>Illi</strong></span> <span class='ocrx_word' id='word_1_576' title='bbox 2611 3289 2908 3343; x_wconf 87' lang='lat' dir='ltr'><strong>assentitur</strong></span> <span class='ocrx_word' id='word_1_577' title='bbox 2937 3289 3170 3346; x_wconf 91' lang='lat' dir='ltr'><strong>llilarius</strong></span> <span class='ocrx_word' id='word_1_578' title='bbox 3206 3290 3566 3348; x_wconf 79' lang='lat' dir='ltr'><strong>Pictaviensis</strong></span> <span class='ocrx_word' id='word_1_579' title='bbox 3595 3295 3651 3347; x_wconf 86' lang='lat' dir='ltr'><strong>in</strong></span> <span class='ocrx_word' id='word_1_580' title='bbox 3682 3294 3817 3349; x_wconf 73' lang='lat' dir='ltr'><strong>Mat-</strong></span> 
     </span>
    </p>
   </div>
   <div class='ocr_carea' id='block_1_81' title="bbox 2257 3380 3816 3444">
    <p class='ocr_par' dir='ltr' id='par_1_81' title="bbox 2257 3380 3816 3444">
     <span class='ocr_line' id='line_1_81' title="bbox 2257 3380 3816 3444; baseline 0.005 -12"><span class='ocrx_word' id='word_1_581' title='bbox 2257 3380 2470 3444; x_wconf 67' lang='lat' dir='ltr'><strong>tltarum,</strong></span> <span class='ocrx_word' id='word_1_582' title='bbox 2502 3396 2623 3435; x_wconf 89' lang='lat' dir='ltr'><strong>can.</strong></span> <span class='ocrx_word' id='word_1_583' title='bbox 2654 3380 2744 3435; x_wconf 74' lang='grc'><strong>20.</strong></span> <span class='ocrx_word' id='word_1_584' title='bbox 2778 3380 2920 3434; x_wconf 90' lang='lat' dir='ltr'><strong>Idem</strong></span> <span class='ocrx_word' id='word_1_585' title='bbox 2948 3397 3012 3436; x_wconf 79' lang='lat' dir='ltr'><strong>ex</strong></span> <span class='ocrx_word' id='word_1_586' title='bbox 3056 3384 3445 3438; x_wconf 81' lang='lat' dir='ltr'><strong>recentioribus</strong></span> <span class='ocrx_word' id='word_1_587' title='bbox 3484 3385 3661 3440; x_wconf 89' lang='lat' dir='ltr'><strong>tradit</strong></span> <span class='ocrx_word' id='word_1_588' title='bbox 3696 3388 3816 3440; x_wconf 84' lang='lat' dir='ltr'><strong>Am-</strong></span> 
     </span>
    </p>
   </div>
   <div class='ocr_carea' id='block_1_82' title="bbox 2255 3470 3817 3538">
    <p class='ocr_par' dir='ltr' id='par_1_82' title="bbox 2255 3470 3817 3538">
     <span class='ocr_line' id='line_1_82' title="bbox 2255 3470 3817 3538; baseline 0.004 -13"><span class='ocrx_word' id='word_1_589' title='bbox 2255 3470 2472 3525; x_wconf 79' lang='lat' dir='ltr'><strong>brosius</strong></span> <span class='ocrx_word' id='word_1_590' title='bbox 2492 3471 2817 3529; x_wconf 88' lang='lat' dir='ltr'><strong>Catherinus</strong></span> <span class='ocrx_word' id='word_1_591' title='bbox 2848 3474 2900 3526; x_wconf 92' lang='lat' dir='ltr'><strong>in</strong></span> <span class='ocrx_word' id='word_1_592' title='bbox 2922 3474 3048 3527; x_wconf 91' lang='lat' dir='ltr'><strong>illud</strong></span> <span class='ocrx_word' id='word_1_593' title='bbox 3073 3472 3161 3538; x_wconf 88' lang='lat' dir='ltr'><strong>Ill,</strong></span> <span class='ocrx_word' id='word_1_594' title='bbox 3181 3474 3249 3528; x_wconf 70' lang='grc'><strong>24</strong></span> <span class='ocrx_word' id='word_1_595' title='bbox 3269 3473 3463 3532; x_wconf 85' lang='lat' dir='ltr'><strong>Cenes.</strong></span> <span class='ocrx_word' id='word_1_596' title='bbox 3491 3497 3504 3530; x_wconf 90' lang='lat'><strong>:</strong></span> <span class='ocrx_word' id='word_1_597' title='bbox 3529 3476 3817 3532; x_wconf 72' lang='lat' dir='ltr'><strong>Colt&#39;ocarit</strong></span> 
     </span>
    </p>
   </div>
   <div class='ocr_carea' id='block_1_83' title="bbox 2256 3563 3815 3634">
    <p class='ocr_par' dir='ltr' id='par_1_83' title="bbox 2256 3563 3815 3634">
     <span class='ocr_line' id='line_1_83' title="bbox 2256 3563 3815 3634; baseline 0.008 -20"><span class='ocrx_word' id='word_1_598' title='bbox 2256 3575 2376 3615; x_wconf 83' lang='lat' dir='ltr'><strong>ante</strong></span> <span class='ocrx_word' id='word_1_599' title='bbox 2425 3563 2731 3630; x_wconf 80' lang='lat' dir='ltr'><strong>paradisum</strong></span> <span class='ocrx_word' id='word_1_600' title='bbox 2788 3566 3067 3634; x_wconf 85' lang='lat' dir='ltr'><strong>voluptatis</strong></span> <span class='ocrx_word' id='word_1_601' title='bbox 3129 3567 3392 3622; x_wconf 84' lang='lat' dir='ltr'><strong>cherubin.</strong></span> <span class='ocrx_word' id='word_1_602' title='bbox 3461 3569 3527 3622; x_wconf 80' lang='lat' dir='ltr'><strong>Et</strong></span> <span class='ocrx_word' id='word_1_603' title='bbox 3583 3572 3641 3625; x_wconf 90' lang='lat' dir='ltr'><strong>in</strong></span> <span class='ocrx_word' id='word_1_604' title='bbox 3693 3572 3815 3626; x_wconf 87' lang='lat' dir='ltr'><strong>illud</strong></span> 
     </span>
    </p>
   </div>
   <div class='ocr_carea' id='block_1_84' title="bbox 2255 3653 3818 3728">
    <p class='ocr_par' dir='ltr' id='par_1_84' title="bbox 2255 3653 3818 3728">
     <span class='ocr_line' id='line_1_84' title="bbox 2255 3653 3818 3728; baseline 0.009 -22"><span class='ocrx_word' id='word_1_605' title='bbox 2255 3653 2457 3716; x_wconf 68' lang='lat'><strong>0911.1],</strong></span> <span class='ocrx_word' id='word_1_606' title='bbox 2481 3655 2512 3706; x_wconf 83' lang='lat'><strong>8</strong></span> <span class='ocrx_word' id='word_1_607' title='bbox 2533 3653 2898 3710; x_wconf 76' lang='lat' dir='ltr'><strong>:Plantarerat</strong></span> <span class='ocrx_word' id='word_1_608' title='bbox 2923 3657 3178 3712; x_wconf 83' lang='lat' dir='ltr'><strong>Dominus</strong></span> <span class='ocrx_word' id='word_1_609' title='bbox 3196 3660 3501 3728; x_wconf 81' lang='lat' dir='ltr'><strong>paradisum</strong></span> <span class='ocrx_word' id='word_1_610' title='bbox 3524 3661 3697 3719; x_wconf 78' lang='lat' dir='ltr'><strong>Eden.</strong></span> <span class='ocrx_word' id='word_1_611' title='bbox 3725 3665 3818 3720; x_wconf 78' lang='lat' dir='ltr'><strong>He-</strong></span> 
     </span>
    </p>
   </div>
   <div class='ocr_carea' id='block_1_85' title="bbox 2261 3747 3817 3826">
    <p class='ocr_par' dir='ltr' id='par_1_85' title="bbox 2261 3747 3817 3826">
     <span class='ocr_line' id='line_1_85' title="bbox 2261 3747 3817 3826; baseline 0.008 -26"><span class='ocrx_word' id='word_1_612' title='bbox 2261 3747 2416 3811; x_wconf 70' lang='lat' dir='ltr'><strong>brzei,</strong></span> <span class='ocrx_word' id='word_1_613' title='bbox 2473 3763 2594 3801; x_wconf 90' lang='lat' dir='ltr'><strong>eum</strong></span> <span class='ocrx_word' id='word_1_614' title='bbox 2644 3749 2968 3802; x_wconf 88' lang='lat' dir='ltr'><strong>translatum</strong></span> <span class='ocrx_word' id='word_1_615' title='bbox 3015 3755 3195 3805; x_wconf 78' lang='lat' dir='ltr'><strong>vivum</strong></span> <span class='ocrx_word' id='word_1_616' title='bbox 3244 3755 3582 3817; x_wconf 83' lang='lat' dir='ltr'><strong>existimant,</strong></span> <span class='ocrx_word' id='word_1_617' title='bbox 3655 3774 3817 3826; x_wconf 85' lang='lat' dir='ltr'><strong>quare</strong></span> 
     </span>
    </p>
   </div>
   <div class='ocr_carea' id='block_1_86' title="bbox 2257 3837 3818 3920">
    <p class='ocr_par' dir='ltr' id='par_1_86' title="bbox 2257 3837 3818 3920">
     <span class='ocr_line' id='line_1_86' title="bbox 2257 3837 3818 3920; baseline 0.008 -30"><span class='ocrx_word' id='word_1_618' title='bbox 2257 3837 2413 3916; x_wconf 81' lang='lat' dir='ltr'><strong>Philo</strong></span> <span class='ocrx_word' id='word_1_619' title='bbox 2457 3841 2762 3908; x_wconf 88' lang='lat' dir='ltr'><strong>sepulcrum</strong></span> <span class='ocrx_word' id='word_1_620' title='bbox 2813 3841 2933 3906; x_wconf 85' lang='lat' dir='ltr'><strong>ejus</strong></span> <span class='ocrx_word' id='word_1_621' title='bbox 2984 3857 3091 3896; x_wconf 92' lang='lat' dir='ltr'><strong>non</strong></span> <span class='ocrx_word' id='word_1_622' title='bbox 3125 3845 3357 3898; x_wconf 72' lang='lat' dir='ltr'><strong>inveniri</strong></span> <span class='ocrx_word' id='word_1_623' title='bbox 3409 3849 3604 3901; x_wconf 76' lang='lat' dir='ltr'><strong>scribit</strong></span> <span class='ocrx_word' id='word_1_624' title='bbox 3654 3850 3818 3920; x_wconf 75' lang='grc' dir='ltr'>εΠερὶ</span> 
     </span>
    </p>
   </div>
   <div class='ocr_carea' id='block_1_87' title="bbox 2257 3924 3814 4011">
    <p class='ocr_par' dir='ltr' id='par_1_87' title="bbox 2257 3924 3814 4011">
     <span class='ocr_line' id='line_1_87' title="bbox 2257 3924 3814 4011; baseline 0.004 -28"><span class='ocrx_word' id='word_1_625' title='bbox 2257 3924 2330 3983; x_wconf 82' lang='grc' dir='ltr'>ὧν</span> <span class='ocrx_word' id='word_1_626' title='bbox 2367 3932 2734 4002; x_wconf 75' lang='grc' dir='ltr'>ἱερουργοῦσιν</span> <span class='ocrx_word' id='word_1_627' title='bbox 2761 3934 2924 3986; x_wconf 77' lang='grc' dir='ltr'>Ἀῢελ</span> <span class='ocrx_word' id='word_1_628' title='bbox 2955 3952 3012 3987; x_wconf 87' lang='grc' dir='ltr'><strong>τε</strong></span> <span class='ocrx_word' id='word_1_629' title='bbox 3038 3935 3131 3989; x_wconf 70' lang='grc' dir='ltr'>καὶ</span> <span class='ocrx_word' id='word_1_630' title='bbox 3163 3937 3298 3989; x_wconf 83' lang='grc' dir='ltr'>Κάῖν</span> <span class='ocrx_word' id='word_1_631' title='bbox 3331 3937 3521 4007; x_wconf 79' lang='grc' dir='ltr'>δίδωμί</span> <span class='ocrx_word' id='word_1_632' title='bbox 3554 3955 3638 4000; x_wconf 91' lang='grc' dir='ltr'><strong>σε,</strong></span> <span class='ocrx_word' id='word_1_633' title='bbox 3667 3941 3814 4011; x_wconf 67' lang='grc' dir='ltr'>φησὶ,</span> 
     </span>
    </p>
   </div>
   <div class='ocr_carea' id='block_1_88' title="bbox 2255 4022 3817 4098">
    <p class='ocr_par' dir='ltr' id='par_1_88' title="bbox 2255 4022 3817 4098">
     <span class='ocr_line' id='line_1_88' title="bbox 2255 4022 3817 4098; baseline 0.005 -23"><span class='ocrx_word' id='word_1_634' title='bbox 2255 4022 2384 4075; x_wconf 81' lang='grc' dir='ltr'>Θεὸν</span> <span class='ocrx_word' id='word_1_635' title='bbox 2411 4023 2625 4094; x_wconf 79' lang='grc' dir='ltr'>Φαραώ.</span> <span class='ocrx_word' id='word_1_636' title='bbox 2663 4023 2792 4088; x_wconf 84' lang='grc' dir='ltr'>Θεὸς</span> <span class='ocrx_word' id='word_1_637' title='bbox 2836 4025 2890 4078; x_wconf 80' lang='grc' dir='ltr'>δὲ</span> <span class='ocrx_word' id='word_1_638' title='bbox 2921 4025 3151 4095; x_wconf 69' lang='grc' dir='ltr'>ἔλλειψιν</span> <span class='ocrx_word' id='word_1_639' title='bbox 3190 4026 3221 4095; x_wconf 84' lang='grc' dir='ltr'>ἢ</span> <span class='ocrx_word' id='word_1_640' title='bbox 3273 4027 3561 4098; x_wconf 69' lang='grc' dir='ltr'>πρόσθεσιν</span> <span class='ocrx_word' id='word_1_641' title='bbox 3598 4030 3700 4082; x_wconf 67' lang='grc' dir='ltr'>οὐκ</span> <span class='ocrx_word' id='word_1_642' title='bbox 3733 4031 3817 4082; x_wconf 79' lang='grc' dir='ltr'>άν-</span> 
     </span>
    </p>
   </div>
   <div class='ocr_carea' id='block_1_89' title="bbox 2256 4114 3816 4190">
    <p class='ocr_par' dir='ltr' id='par_1_89' title="bbox 2256 4114 3816 4190">
     <span class='ocr_line' id='line_1_89' title="bbox 2256 4114 3816 4190; baseline 0.004 -25"><span class='ocrx_word' id='word_1_643' title='bbox 2256 4114 2434 4184; x_wconf 83' lang='grc' dir='ltr'>έχεται</span> <span class='ocrx_word' id='word_1_644' title='bbox 2454 4115 2682 4185; x_wconf 83' lang='grc' dir='ltr'>πλήρης,</span> <span class='ocrx_word' id='word_1_645' title='bbox 2698 4117 2790 4168; x_wconf 74' lang='grc' dir='ltr'>καὶ</span> <span class='ocrx_word' id='word_1_646' title='bbox 2821 4117 3087 4180; x_wconf 80' lang='grc' dir='ltr'>ξσαίτατος</span> <span class='ocrx_word' id='word_1_647' title='bbox 3107 4117 3179 4170; x_wconf 82' lang='grc' dir='ltr'><strong>ῶν</strong></span> <span class='ocrx_word' id='word_1_648' title='bbox 3197 4119 3392 4188; x_wconf 77' lang='grc' dir='ltr'>ἐαυτῷ.</span> <span class='ocrx_word' id='word_1_649' title='bbox 3413 4120 3550 4189; x_wconf 69' lang='grc' dir='ltr'>Παρ*</span> <span class='ocrx_word' id='word_1_650' title='bbox 3566 4121 3594 4172; x_wconf 81' lang='grc' dir='ltr'><strong>δ</strong></span> <span class='ocrx_word' id='word_1_651' title='bbox 3619 4123 3712 4175; x_wconf 81' lang='grc' dir='ltr'>καὶ</span> <span class='ocrx_word' id='word_1_652' title='bbox 3728 4122 3816 4190; x_wconf 76' lang='grc' dir='ltr'>τὴν</span> 
     </span>
    </p>
   </div>
   <div class='ocr_carea' id='block_1_90' title="bbox 2255 4202 3820 4284">
    <p class='ocr_par' dir='ltr' id='par_1_90' title="bbox 2255 4202 3820 4284">
     <span class='ocr_line' id='line_1_90' title="bbox 2255 4202 3820 4284; baseline 0.006 -29"><span class='ocrx_word' id='word_1_653' title='bbox 2255 4206 2428 4274; x_wconf 57' lang='grc' dir='ltr'>ταφὴν</span> <span class='ocrx_word' id='word_1_654' title='bbox 2453 4205 2664 4272; x_wconf 83' lang='grc' dir='ltr'>λέγεται</span> <span class='ocrx_word' id='word_1_655' title='bbox 2707 4206 2838 4276; x_wconf 83' lang='grc' dir='ltr'>μηδὲ</span> <span class='ocrx_word' id='word_1_656' title='bbox 2884 4202 2961 4270; x_wconf 77' lang='grc' dir='ltr'>εἷς</span> <span class='ocrx_word' id='word_1_657' title='bbox 2989 4208 3180 4261; x_wconf 80' lang='grc' dir='ltr'>εἰδέναι</span> <span class='ocrx_word' id='word_1_658' title='bbox 3213 4209 3421 4262; x_wconf 82' lang='grc' dir='ltr'>τούτου.</span> <span class='ocrx_word' id='word_1_659' title='bbox 3471 4211 3567 4274; x_wconf 80' lang='grc' dir='ltr'>Τίς</span> <span class='ocrx_word' id='word_1_660' title='bbox 3613 4211 3722 4284; x_wconf 76' lang='grc' dir='ltr'>γὰρ</span> <span class='ocrx_word' id='word_1_661' title='bbox 3755 4214 3820 4267; x_wconf 84' lang='grc' dir='ltr'><strong>ἂν</strong></span> 
     </span>
    </p>
   </div>
   <div class='ocr_carea' id='block_1_91' title="bbox 2257 4294 3823 4374">
    <p class='ocr_par' dir='ltr' id='par_1_91' title="bbox 2257 4294 3823 4374">
     <span class='ocr_line' id='line_1_91' title="bbox 2257 4294 3823 4374; baseline 0.006 -29"><span class='ocrx_word' id='word_1_662' title='bbox 2257 4294 2460 4362; x_wconf 82' lang='grc' dir='ltr'>γένοιτο</span> <span class='ocrx_word' id='word_1_663' title='bbox 2491 4295 2670 4358; x_wconf 82' lang='grc' dir='ltr'>ἱκανὸς</span> <span class='ocrx_word' id='word_1_664' title='bbox 2699 4297 2794 4367; x_wconf 72' lang='grc' dir='ltr'>τὴν</span> <span class='ocrx_word' id='word_1_665' title='bbox 2819 4297 2952 4367; x_wconf 73' lang='grc' dir='ltr'>πρὸς</span> <span class='ocrx_word' id='word_1_666' title='bbox 2977 4297 3046 4350; x_wconf 75' lang='grc' dir='ltr'>τὰ</span> <span class='ocrx_word' id='word_1_667' title='bbox 3067 4298 3196 4352; x_wconf 71' lang='grc' dir='ltr'>ὄντα</span> <span class='ocrx_word' id='word_1_668' title='bbox 3225 4301 3622 4369; x_wconf 82' lang='grc' dir='ltr'>μετανάστασιν</span> <span class='ocrx_word' id='word_1_669' title='bbox 3649 4304 3823 4374; x_wconf 59' lang='grc' dir='ltr'>ψυχῆς</span> 
     </span>
    </p>
   </div>
   <div class='ocr_carea' id='block_1_92' title="bbox 587 4379 2148 4460">
    <p class='ocr_par' dir='ltr' id='par_1_92' title="bbox 587 4379 2147 4451">
     <span class='ocr_line' id='line_1_92' title="bbox 587 4379 2147 4451; baseline 0.012 -21"><span class='ocrx_word' id='word_1_670' title='bbox 587 4379 826 4450; x_wconf 81' lang='lat' dir='ltr'><strong>thymius</strong></span> <span class='ocrx_word' id='word_1_671' title='bbox 851 4381 901 4434; x_wconf 93' lang='lat' dir='ltr'><strong>in</strong></span> <span class='ocrx_word' id='word_1_672' title='bbox 937 4384 1127 4451; x_wconf 80' lang='lat' dir='ltr'><strong>psalm.</strong></span> <span class='ocrx_word' id='word_1_673' title='bbox 1160 4399 1334 4440; x_wconf 76' lang='lat' dir='ltr'><strong>cxxxv</strong></span> <span class='ocrx_word' id='word_1_674' title='bbox 1367 4379 1582 4441; x_wconf 85' lang='lat' dir='ltr'><strong>unicam</strong></span> <span class='ocrx_word' id='word_1_675' title='bbox 1606 4398 1813 4443; x_wconf 89' lang='lat' dir='ltr'><strong>tantum</strong></span> <span class='ocrx_word' id='word_1_676' title='bbox 1843 4391 2011 4448; x_wconf 84' lang='lat' dir='ltr'><strong>fuisse</strong></span> <span class='ocrx_word' id='word_1_677' title='bbox 2043 4403 2147 4448; x_wconf 90' lang='lat' dir='ltr'><strong>tra-</strong></span> 
     </span>
    </p>
   </div>
   <div class='ocr_carea' id='block_1_93' title="bbox 2250 4379 3826 4460">
    <p class='ocr_par' dir='ltr' id='par_1_93' title="bbox 2257 4387 3826 4460">
     <span class='ocr_line' id='line_1_93' title="bbox 2257 4387 3826 4460; baseline 0.006 -20"><span class='ocrx_word' id='word_1_678' title='bbox 2257 4387 2462 4449; x_wconf 80' lang='grc' dir='ltr'>τελείας</span> <span class='ocrx_word' id='word_1_679' title='bbox 2485 4389 2810 4458; x_wconf 77' lang='grc' dir='ltr'>κατανοῆσαι</span> <span class='ocrx_word' id='word_1_680' title='bbox 2839 4407 2852 4452; x_wconf 90' lang='grc'>;</span> <span class='ocrx_word' id='word_1_681' title='bbox 2883 4389 3024 4443; x_wconf 88' lang='lat' dir='ltr'><strong>ldem</strong></span> <span class='ocrx_word' id='word_1_682' title='bbox 3048 4393 3243 4460; x_wconf 90' lang='lat' dir='ltr'><strong>repetit</strong></span> <span class='ocrx_word' id='word_1_683' title='bbox 3269 4394 3320 4446; x_wconf 92' lang='lat' dir='ltr'><strong>in</strong></span> <span class='ocrx_word' id='word_1_684' title='bbox 3355 4394 3458 4447; x_wconf 83' lang='lat' dir='ltr'><strong>line</strong></span> <span class='ocrx_word' id='word_1_685' title='bbox 3489 4395 3583 4449; x_wconf 91' lang='lat' dir='ltr'><strong>lib.</strong></span> <span class='ocrx_word' id='word_1_686' title='bbox 3621 4395 3697 4450; x_wconf 87' lang='lat' dir='ltr'><strong>De</strong></span> <span class='ocrx_word' id='word_1_687' title='bbox 3719 4400 3826 4450; x_wconf 81' lang='lat' dir='ltr'><strong>cita</strong></span> 
     </span>
    </p>
   </div>
   <div class='ocr_carea' id='block_1_94' title="bbox 588 4470 2149 4547">
    <p class='ocr_par' dir='ltr' id='par_1_94' title="bbox 588 4470 2149 4547">
     <span class='ocr_line' id='line_1_94' title="bbox 588 4470 2149 4547; baseline 0.012 -24"><span class='ocrx_word' id='word_1_688' title='bbox 588 4470 743 4525; x_wconf 91' lang='lat' dir='ltr'><strong>dunt.</strong></span> <span class='ocrx_word' id='word_1_689' title='bbox 773 4471 861 4526; x_wconf 91' lang='lat' dir='ltr'><strong>Sic</strong></span> <span class='ocrx_word' id='word_1_690' title='bbox 890 4475 1050 4528; x_wconf 84' lang='lat' dir='ltr'><strong>etiam</strong></span> <span class='ocrx_word' id='word_1_691' title='bbox 1085 4474 1430 4532; x_wconf 32' lang='lat' dir='ltr'><strong>l‘lebraaorum</strong></span> <span class='ocrx_word' id='word_1_692' title='bbox 1463 4481 1552 4534; x_wconf 91' lang='lat' dir='ltr'><strong>illa</strong></span> <span class='ocrx_word' id='word_1_693' title='bbox 1581 4483 1800 4537; x_wconf 87' lang='lat' dir='ltr'><strong>traditio</strong></span> <span class='ocrx_word' id='word_1_694' title='bbox 1817 4493 1919 4547; x_wconf 90' lang='lat' dir='ltr'><strong>est,</strong></span> <span class='ocrx_word' id='word_1_695' title='bbox 1951 4487 2149 4541; x_wconf 90' lang='lat' dir='ltr'><strong>tribum</strong></span> 
     </span>
    </p>
   </div>
   <div class='ocr_carea' id='block_1_95' title="bbox 585 4559 2150 4648">
    <p class='ocr_par' dir='ltr' id='par_1_95' title="bbox 585 4559 2150 4648">
     <span class='ocr_line' id='line_1_95' title="bbox 585 4559 2150 4648; baseline 0.013 -33"><span class='ocrx_word' id='word_1_696' title='bbox 585 4559 747 4625; x_wconf 81' lang='lat' dir='ltr'><strong>Juda,</strong></span> <span class='ocrx_word' id='word_1_697' title='bbox 777 4564 1132 4636; x_wconf 88' lang='lat' dir='ltr'><strong>ejusdemque</strong></span> <span class='ocrx_word' id='word_1_698' title='bbox 1163 4569 1351 4623; x_wconf 88' lang='lat' dir='ltr'><strong>ducem</strong></span> <span class='ocrx_word' id='word_1_699' title='bbox 1378 4572 1703 4637; x_wconf 88' lang='lat' dir='ltr'><strong>Aminadab,</strong></span> <span class='ocrx_word' id='word_1_700' title='bbox 1743 4579 1955 4633; x_wconf 65' lang='lat' dir='ltr'><strong>casteris</strong></span> <span class='ocrx_word' id='word_1_701' title='bbox 1982 4582 2150 4648; x_wconf 88' lang='lat' dir='ltr'><strong>trepi-</strong></span> 
     </span>
    </p>
   </div>
   <div class='ocr_carea' id='block_1_96' title="bbox 586 4654 2152 4742">
    <p class='ocr_par' dir='ltr' id='par_1_96' title="bbox 586 4654 2152 4742">
     <span class='ocr_line' id='line_1_96' title="bbox 586 4654 2152 4742; baseline 0.011 -32"><span class='ocrx_word' id='word_1_702' title='bbox 586 4654 866 4722; x_wconf 87' lang='lat' dir='ltr'><strong>dantibus,</strong></span> <span class='ocrx_word' id='word_1_703' title='bbox 923 4660 1155 4728; x_wconf 89' lang='lat' dir='ltr'><strong>primum</strong></span> <span class='ocrx_word' id='word_1_704' title='bbox 1208 4663 1511 4732; x_wconf 78' lang='lat' dir='ltr'><strong>ingressum</strong></span> <span class='ocrx_word' id='word_1_705' title='bbox 1543 4683 1664 4722; x_wconf 84' lang='lat' dir='ltr'><strong>esse</strong></span> <span class='ocrx_word' id='word_1_706' title='bbox 1717 4685 1886 4732; x_wconf 86' lang='lat' dir='ltr'><strong>mare,</strong></span> <span class='ocrx_word' id='word_1_707' title='bbox 1925 4671 2152 4742; x_wconf 88' lang='lat' dir='ltr'><strong>ideoque</strong></span> 
     </span>
    </p>
   </div>
   <div class='ocr_carea' id='block_1_97' title="bbox 591 4746 2153 4822">
    <p class='ocr_par' dir='ltr' id='par_1_97' title="bbox 591 4746 2153 4822">
     <span class='ocr_line' id='line_1_97' title="bbox 591 4746 2153 4822; baseline 0.01 -23"><span class='ocrx_word' id='word_1_708' title='bbox 591 4746 793 4800; x_wconf 84' lang='lat' dir='ltr'><strong>tribum</strong></span> <span class='ocrx_word' id='word_1_709' title='bbox 823 4746 960 4801; x_wconf 85' lang='lat' dir='ltr'><strong>Juda</strong></span> <span class='ocrx_word' id='word_1_710' title='bbox 979 4751 1232 4820; x_wconf 85' lang='lat' dir='ltr'><strong>deinceps</strong></span> <span class='ocrx_word' id='word_1_711' title='bbox 1268 4753 1435 4808; x_wconf 72' lang='lat' dir='ltr'><strong>fuisse</strong></span> <span class='ocrx_word' id='word_1_712' title='bbox 1467 4755 1717 4822; x_wconf 85' lang='lat' dir='ltr'><strong>primam,</strong></span> <span class='ocrx_word' id='word_1_713' title='bbox 1749 4769 1801 4812; x_wconf 92' lang='lat' dir='ltr'><strong>et</strong></span> <span class='ocrx_word' id='word_1_714' title='bbox 1831 4759 2022 4814; x_wconf 90' lang='lat' dir='ltr'><strong>ducem</strong></span> <span class='ocrx_word' id='word_1_715' title='bbox 2053 4762 2153 4814; x_wconf 88' lang='lat' dir='ltr'><strong>ali-</strong></span> 
     </span>
    </p>
   </div>
   <div class='ocr_carea' id='block_1_98' title="bbox 590 4842 2150 4914">
    <p class='ocr_par' dir='ltr' id='par_1_98' title="bbox 590 4842 2150 4914">
     <span class='ocr_line' id='line_1_98' title="bbox 590 4842 2150 4914; baseline 0.011 -23"><span class='ocrx_word' id='word_1_716' title='bbox 590 4853 769 4901; x_wconf 88' lang='lat' dir='ltr'><strong>arum,</strong></span> <span class='ocrx_word' id='word_1_717' title='bbox 789 4842 1142 4912; x_wconf 88' lang='lat' dir='ltr'><strong>meritamque</strong></span> <span class='ocrx_word' id='word_1_718' title='bbox 1157 4859 1276 4898; x_wconf 85' lang='lat' dir='ltr'><strong>esse</strong></span> <span class='ocrx_word' id='word_1_719' title='bbox 1306 4861 1552 4914; x_wconf 76' lang='lat' dir='ltr'><strong>regnum,</strong></span> <span class='ocrx_word' id='word_1_720' title='bbox 1576 4857 1630 4902; x_wconf 91' lang='lat' dir='ltr'><strong>et</strong></span> <span class='ocrx_word' id='word_1_721' title='bbox 1661 4849 1764 4902; x_wconf 85' lang='lat' dir='ltr'><strong>huc</strong></span> <span class='ocrx_word' id='word_1_722' title='bbox 1797 4851 1962 4906; x_wconf 91' lang='lat' dir='ltr'><strong>alludi</strong></span> <span class='ocrx_word' id='word_1_723' title='bbox 1990 4853 2150 4911; x_wconf 79' lang='lat' dir='ltr'><strong>Cant.</strong></span> 
     </span>
    </p>
   </div>
   <div class='ocr_carea' id='block_1_99' title="bbox 587 4931 2150 5016">
    <p class='ocr_par' dir='ltr' id='par_1_99' title="bbox 587 4931 2150 5016">
     <span class='ocr_line' id='line_1_99' title="bbox 587 4931 2150 5016; baseline 0.012 -34"><span class='ocrx_word' id='word_1_724' title='bbox 587 4946 663 4998; x_wconf 77' lang='lat' dir='ltr'><strong>vr,</strong></span> <span class='ocrx_word' id='word_1_725' title='bbox 684 4931 741 4985; x_wconf 76' lang='grc'><strong>11</strong></span> <span class='ocrx_word' id='word_1_726' title='bbox 779 4933 1002 4986; x_wconf 83' lang='lat' dir='ltr'><strong>:Anima</strong></span> <span class='ocrx_word' id='word_1_727' title='bbox 1026 4951 1137 4988; x_wconf 88' lang='lat' dir='ltr'><strong>mea</strong></span> <span class='ocrx_word' id='word_1_728' title='bbox 1156 4936 1484 4991; x_wconf 84' lang='lat' dir='ltr'><strong>conturbavit</strong></span> <span class='ocrx_word' id='word_1_729' title='bbox 1513 4957 1591 4993; x_wconf 87' lang='lat' dir='ltr'><strong>me</strong></span> <span class='ocrx_word' id='word_1_730' title='bbox 1617 4952 1825 5009; x_wconf 87' lang='lat' dir='ltr'><strong>propter</strong></span> <span class='ocrx_word' id='word_1_731' title='bbox 1863 4946 2150 5016; x_wconf 84' lang='lat' dir='ltr'><strong>quadrigas</strong></span> 
     </span>
    </p>
   </div>
   <div class='ocr_carea' id='block_1_100' title="bbox 588 5023 2152 5092">
    <p class='ocr_par' dir='ltr' id='par_1_100' title="bbox 588 5023 2152 5092">
     <span class='ocr_line' id='line_1_100' title="bbox 588 5023 2152 5092; baseline 0.01 -17"><span class='ocrx_word' id='word_1_732' title='bbox 588 5023 908 5088; x_wconf 79' lang='lat' dir='ltr'><strong>Aminadab;</strong></span> <span class='ocrx_word' id='word_1_733' title='bbox 935 5035 988 5080; x_wconf 88' lang='lat' dir='ltr'><strong>et</strong></span> <span class='ocrx_word' id='word_1_734' title='bbox 1015 5024 1166 5082; x_wconf 74' lang='lat' dir='ltr'><strong>Osca:</strong></span> <span class='ocrx_word' id='word_1_735' title='bbox 1200 5044 1274 5089; x_wconf 77' lang='lat' dir='ltr'><strong>XI.</strong></span> <span class='ocrx_word' id='word_1_736' title='bbox 1310 5030 1374 5083; x_wconf 71' lang='grc'><strong>12</strong></span> <span class='ocrx_word' id='word_1_737' title='bbox 1408 5049 1421 5084; x_wconf 87' lang='lat'><strong>:</strong></span> <span class='ocrx_word' id='word_1_738' title='bbox 1463 5029 1634 5087; x_wconf 77' lang='lat' dir='ltr'><strong>ludas</strong></span> <span class='ocrx_word' id='word_1_739' title='bbox 1677 5045 1849 5088; x_wconf 89' lang='lat' dir='ltr'><strong>autem</strong></span> <span class='ocrx_word' id='word_1_740' title='bbox 1887 5037 2152 5092; x_wconf 83' lang='lat' dir='ltr'><strong>descendit</strong></span> 
     </span>
    </p>
   </div>
   <div class='ocr_carea' id='block_1_101' title="bbox 591 5114 2151 5200">
    <p class='ocr_par' dir='ltr' id='par_1_101' title="bbox 591 5114 2151 5200">
     <span class='ocr_line' id='line_1_101' title="bbox 591 5114 2151 5200; baseline 0.012 -34"><span class='ocrx_word' id='word_1_741' title='bbox 591 5114 738 5168; x_wconf 85' lang='lat' dir='ltr'><strong>testis</strong></span> <span class='ocrx_word' id='word_1_742' title='bbox 772 5132 888 5168; x_wconf 90' lang='lat' dir='ltr'><strong>cum</strong></span> <span class='ocrx_word' id='word_1_743' title='bbox 923 5117 1051 5181; x_wconf 87' lang='lat' dir='ltr'><strong>Deo,</strong></span> <span class='ocrx_word' id='word_1_744' title='bbox 1087 5127 1136 5172; x_wconf 87' lang='lat' dir='ltr'><strong>et</strong></span> <span class='ocrx_word' id='word_1_745' title='bbox 1175 5137 1291 5172; x_wconf 88' lang='lat' dir='ltr'><strong>cum</strong></span> <span class='ocrx_word' id='word_1_746' title='bbox 1327 5123 1522 5176; x_wconf 80' lang='lat' dir='ltr'><strong>sanctis</strong></span> <span class='ocrx_word' id='word_1_747' title='bbox 1551 5123 1742 5193; x_wconf 77' lang='lat' dir='ltr'><strong>ﬁdelis.</strong></span> <span class='ocrx_word' id='word_1_748' title='bbox 1786 5127 2151 5200; x_wconf 82' lang='lat' dir='ltr'><strong>Hieronymus</strong></span> 
     </span>
    </p>
   </div>
   <div class='ocr_carea' id='block_1_102' title="bbox 591 5207 2152 5289">
    <p class='ocr_par' dir='ltr' id='par_1_102' title="bbox 591 5207 2152 5289">
     <span class='ocr_line' id='line_1_102' title="bbox 591 5207 2152 5289; baseline 0.012 -29"><span class='ocrx_word' id='word_1_749' title='bbox 591 5207 936 5264; x_wconf 88' lang='lat' dir='ltr'><strong>traditionem</strong></span> <span class='ocrx_word' id='word_1_750' title='bbox 986 5211 1124 5265; x_wconf 91' lang='lat' dir='ltr'><strong>hanc</strong></span> <span class='ocrx_word' id='word_1_751' title='bbox 1164 5211 1398 5268; x_wconf 80' lang='lat' dir='ltr'><strong>fabulam</strong></span> <span class='ocrx_word' id='word_1_752' title='bbox 1446 5225 1623 5273; x_wconf 86' lang='lat' dir='ltr'><strong>vocat.</strong></span> <span class='ocrx_word' id='word_1_753' title='bbox 1681 5219 1853 5289; x_wconf 85' lang='lat' dir='ltr'><strong>Hujus</strong></span> <span class='ocrx_word' id='word_1_754' title='bbox 1887 5225 2152 5278; x_wconf 90' lang='lat' dir='ltr'><strong>transitus</strong></span> 
     </span>
    </p>
   </div>
   <div class='ocr_carea' id='block_1_103' title="bbox 589 5300 2150 5382">
    <p class='ocr_par' dir='ltr' id='par_1_103' title="bbox 589 5300 2150 5382">
     <span class='ocr_line' id='line_1_103' title="bbox 589 5300 2150 5382; baseline 0.011 -29"><span class='ocrx_word' id='word_1_755' title='bbox 589 5300 843 5370; x_wconf 80' lang='lat' dir='ltr'><strong>vestigia,</strong></span> <span class='ocrx_word' id='word_1_756' title='bbox 883 5309 938 5355; x_wconf 86' lang='lat' dir='ltr'><strong>et</strong></span> <span class='ocrx_word' id='word_1_757' title='bbox 987 5309 1194 5358; x_wconf 88' lang='lat' dir='ltr'><strong>tractus</strong></span> <span class='ocrx_word' id='word_1_758' title='bbox 1249 5322 1506 5362; x_wconf 84' lang='lat' dir='ltr'><strong>curruum</strong></span> <span class='ocrx_word' id='word_1_759' title='bbox 1557 5319 1907 5382; x_wconf 87' lang='lat' dir='ltr'><strong>rotarumque</strong></span> <span class='ocrx_word' id='word_1_760' title='bbox 1942 5316 2150 5370; x_wconf 87' lang='lat' dir='ltr'><strong>orbitas</strong></span> 
     </span>
    </p>
   </div>
   <div class='ocr_carea' id='block_1_104' title="bbox 590 5398 2152 5477">
    <p class='ocr_par' dir='ltr' id='par_1_104' title="bbox 590 5398 2152 5477">
     <span class='ocr_line' id='line_1_104' title="bbox 590 5398 2152 5477; baseline 0.011 -32"><span class='ocrx_word' id='word_1_761' title='bbox 590 5408 832 5455; x_wconf 87' lang='lat' dir='ltr'><strong>manere,</strong></span> <span class='ocrx_word' id='word_1_762' title='bbox 888 5398 1238 5466; x_wconf 88' lang='lat' dir='ltr'><strong>repararique</strong></span> <span class='ocrx_word' id='word_1_763' title='bbox 1288 5408 1401 5454; x_wconf 89' lang='lat' dir='ltr'><strong>tum</strong></span> <span class='ocrx_word' id='word_1_764' title='bbox 1434 5419 1486 5455; x_wconf 91' lang='grc' dir='ltr'><strong>ιιι</strong></span> <span class='ocrx_word' id='word_1_765' title='bbox 1527 5404 1723 5467; x_wconf 90' lang='lat' dir='ltr'><strong>littore,</strong></span> <span class='ocrx_word' id='word_1_766' title='bbox 1763 5413 1874 5459; x_wconf 90' lang='lat' dir='ltr'><strong>tum</strong></span> <span class='ocrx_word' id='word_1_767' title='bbox 1929 5406 1983 5460; x_wconf 94' lang='lat' dir='ltr'><strong>in</strong></span> <span class='ocrx_word' id='word_1_768' title='bbox 2033 5409 2152 5477; x_wconf 90' lang='lat' dir='ltr'><strong>ipso</strong></span> 
     </span>
    </p>
   </div>
   <div class='ocr_carea' id='block_1_105' title="bbox 591 5484 2153 5568">
    <p class='ocr_par' dir='ltr' id='par_1_105' title="bbox 591 5484 2153 5568">
     <span class='ocr_line' id='line_1_105' title="bbox 591 5484 2153 5568; baseline 0.013 -31"><span class='ocrx_word' id='word_1_769' title='bbox 591 5485 726 5539; x_wconf 85' lang='lat' dir='ltr'><strong>mari</strong></span> <span class='ocrx_word' id='word_1_770' title='bbox 779 5484 965 5542; x_wconf 81' lang='lat' dir='ltr'><strong>Rubro</strong></span> <span class='ocrx_word' id='word_1_771' title='bbox 1007 5490 1173 5544; x_wconf 88' lang='lat' dir='ltr'><strong>tradit</strong></span> <span class='ocrx_word' id='word_1_772' title='bbox 1200 5491 1446 5559; x_wconf 90' lang='lat' dir='ltr'><strong>Orosius,</strong></span> <span class='ocrx_word' id='word_1_773' title='bbox 1489 5496 1581 5552; x_wconf 92' lang='lat' dir='ltr'><strong>lib.</strong></span> <span class='ocrx_word' id='word_1_774' title='bbox 1633 5514 1685 5562; x_wconf 90' lang='grc' dir='ltr'><strong>ι,</strong></span> <span class='ocrx_word' id='word_1_775' title='bbox 1712 5513 1830 5568; x_wconf 86' lang='lat' dir='ltr'><strong>cap.</strong></span> <span class='ocrx_word' id='word_1_776' title='bbox 1867 5499 1964 5566; x_wconf 78' lang='lat' dir='ltr'><strong>ll);</strong></span> <span class='ocrx_word' id='word_1_777' title='bbox 2011 5501 2153 5556; x_wconf 91' lang='lat' dir='ltr'><strong>idem</strong></span> 
     </span>
    </p>
   </div>
   <div class='ocr_carea' id='block_1_106' title="bbox 591 5573 2152 5647">
    <p class='ocr_par' dir='ltr' id='par_1_106' title="bbox 591 5573 2152 5647">
     <span class='ocr_line' id='line_1_106' title="bbox 591 5573 2152 5647; baseline 0.013 -21"><span class='ocrx_word' id='word_1_778' title='bbox 591 5573 830 5629; x_wconf 89' lang='lat' dir='ltr'><strong>insinuat</strong></span> <span class='ocrx_word' id='word_1_779' title='bbox 879 5576 1147 5636; x_wconf 86' lang='lat' dir='ltr'><strong>Diodorus</strong></span> <span class='ocrx_word' id='word_1_780' title='bbox 1185 5583 1240 5637; x_wconf 90' lang='lat' dir='ltr'><strong>in</strong></span> <span class='ocrx_word' id='word_1_781' title='bbox 1265 5584 1483 5641; x_wconf 83' lang='lat' dir='ltr'><strong>Catena.</strong></span> <span class='ocrx_word' id='word_1_782' title='bbox 1524 5584 1655 5641; x_wconf 85' lang='lat' dir='ltr'><strong>Illud</strong></span> <span class='ocrx_word' id='word_1_783' title='bbox 1689 5589 1814 5643; x_wconf 90' lang='lat' dir='ltr'><strong>item</strong></span> <span class='ocrx_word' id='word_1_784' title='bbox 1865 5591 2152 5647; x_wconf 88' lang='lat' dir='ltr'><strong>ridiculum</strong></span> 
     </span>
    </p>
   </div>
   <div class='ocr_carea' id='block_1_107' title="bbox 590 5666 2154 5746">
    <p class='ocr_par' dir='ltr' id='par_1_107' title="bbox 590 5666 2154 5746">
     <span class='ocr_line' id='line_1_107' title="bbox 590 5666 2154 5746; baseline 0.014 -29"><span class='ocrx_word' id='word_1_785' title='bbox 590 5671 696 5728; x_wconf 74' lang='lat' dir='ltr'><strong>est,</strong></span> <span class='ocrx_word' id='word_1_786' title='bbox 747 5666 1214 5741; x_wconf 82' lang='lat' dir='ltr'><strong>pseudo-Moyst</strong></span> <span class='ocrx_word' id='word_1_787' title='bbox 1253 5676 1540 5743; x_wconf 85' lang='lat' dir='ltr'><strong>quemdam</strong></span> <span class='ocrx_word' id='word_1_788' title='bbox 1579 5675 1916 5746; x_wconf 88' lang='lat' dir='ltr'><strong>Cretensem,</strong></span> <span class='ocrx_word' id='word_1_789' title='bbox 1957 5680 2154 5738; x_wconf 81' lang='lat' dir='ltr'><strong>Mosai-</strong></span> 
     </span>
    </p>
   </div>
   <div class='ocr_carea' id='block_1_108' title="bbox 2253 4477 3827 4548">
    <p class='ocr_par' dir='ltr' id='par_1_108' title="bbox 2253 4477 3827 4548">
     <span class='ocr_line' id='line_1_108' title="bbox 2253 4477 3827 4548; baseline 0.006 -16"><span class='ocrx_word' id='word_1_790' title='bbox 2253 4477 2454 4548; x_wconf 75' lang='lat' dir='ltr'><strong>Moysis</strong></span> <span class='ocrx_word' id='word_1_791' title='bbox 2476 4519 2488 4538; x_wconf 83' lang='lat'><strong>.</strong></span> <span class='ocrx_word' id='word_1_792' title='bbox 2516 4490 2567 4532; x_wconf 88' lang='lat' dir='ltr'><strong>et</strong></span> <span class='ocrx_word' id='word_1_793' title='bbox 2599 4480 2751 4534; x_wconf 87' lang='lat' dir='ltr'><strong>rabbi</strong></span> <span class='ocrx_word' id='word_1_794' title='bbox 2782 4481 2998 4534; x_wconf 88' lang='lat' dir='ltr'><strong>Samuel</strong></span> <span class='ocrx_word' id='word_1_795' title='bbox 3045 4483 3452 4538; x_wconf 82' lang='lat' dir='ltr'><strong>Marrochianus</strong></span> <span class='ocrx_word' id='word_1_796' title='bbox 3480 4488 3578 4540; x_wconf 89' lang='lat' dir='ltr'><strong>lib.</strong></span> <span class='ocrx_word' id='word_1_797' title='bbox 3613 4487 3691 4540; x_wconf 86' lang='lat' dir='ltr'><strong>De</strong></span> <span class='ocrx_word' id='word_1_798' title='bbox 3727 4490 3827 4542; x_wconf 82' lang='lat' dir='ltr'><strong>ad-</strong></span> 
     </span>
    </p>
   </div>
   <div class='ocr_carea' id='block_1_109' title="bbox 2252 4571 3827 4647">
    <p class='ocr_par' dir='ltr' id='par_1_109' title="bbox 2252 4571 3827 4647">
     <span class='ocr_line' id='line_1_109' title="bbox 2252 4571 3827 4647; baseline 0.008 -23"><span class='ocrx_word' id='word_1_799' title='bbox 2252 4582 2402 4625; x_wconf 86' lang='lat' dir='ltr'><strong>ventu</strong></span> <span class='ocrx_word' id='word_1_800' title='bbox 2447 4571 2674 4635; x_wconf 64' lang='lat' dir='ltr'><strong>Messiar,</strong></span> <span class='ocrx_word' id='word_1_801' title='bbox 2711 4589 2867 4641; x_wconf 88' lang='lat' dir='ltr'><strong>quem</strong></span> <span class='ocrx_word' id='word_1_802' title='bbox 2896 4573 3064 4627; x_wconf 78' lang='lat' dir='ltr'><strong>Judaei</strong></span> <span class='ocrx_word' id='word_1_803' title='bbox 3107 4586 3306 4630; x_wconf 86' lang='lat' dir='ltr'><strong>temere</strong></span> <span class='ocrx_word' id='word_1_804' title='bbox 3336 4588 3680 4647; x_wconf 80' lang='lat' dir='ltr'><strong>exspectant,</strong></span> <span class='ocrx_word' id='word_1_805' title='bbox 3710 4581 3827 4637; x_wconf 60' lang='lat' dir='ltr'><strong>haec</strong></span> 
     </span>
    </p>
   </div>
   <div class='ocr_carea' id='block_1_110' title="bbox 2253 4653 3826 4737">
    <p class='ocr_par' dir='ltr' id='par_1_110' title="bbox 2253 4653 3826 4737">
     <span class='ocr_line' id='line_1_110' title="bbox 2253 4653 3826 4737; baseline 0.008 -23"><span class='ocrx_word' id='word_1_806' title='bbox 2253 4663 2412 4716; x_wconf 86' lang='lat' dir='ltr'><strong>habet</strong></span> <span class='ocrx_word' id='word_1_807' title='bbox 2441 4679 2558 4733; x_wconf 90' lang='lat' dir='ltr'><strong>cap.</strong></span> <span class='ocrx_word' id='word_1_808' title='bbox 2588 4653 2652 4717; x_wconf 61' lang='grc'><strong>12</strong></span> <span class='ocrx_word' id='word_1_809' title='bbox 2688 4683 2700 4717; x_wconf 93' lang='lat'>:</span> <span class='ocrx_word' id='word_1_810' title='bbox 2739 4665 2805 4717; x_wconf 91' lang='lat' dir='ltr'><strong>De</strong></span> <span class='ocrx_word' id='word_1_811' title='bbox 2833 4665 3012 4735; x_wconf 78' lang='lat' dir='ltr'><strong>Moyse</strong></span> <span class='ocrx_word' id='word_1_812' title='bbox 3036 4668 3193 4720; x_wconf 84' lang='lat' dir='ltr'><strong>etiam</strong></span> <span class='ocrx_word' id='word_1_813' title='bbox 3221 4680 3412 4722; x_wconf 85' lang='lat' dir='ltr'><strong>nonest</strong></span> <span class='ocrx_word' id='word_1_814' title='bbox 3446 4669 3826 4737; x_wconf 84' lang='lat' dir='ltr'><strong>dubitandum,</strong></span> 
     </span>
    </p>
   </div>
   <div class='ocr_carea' id='block_1_111' title="bbox 2251 4756 3828 4826">
    <p class='ocr_par' dir='ltr' id='par_1_111' title="bbox 2251 4756 3828 4826">
     <span class='ocr_line' id='line_1_111' title="bbox 2251 4756 3828 4826; baseline 0.01 -20"><span class='ocrx_word' id='word_1_815' title='bbox 2251 4756 2372 4824; x_wconf 87' lang='lat' dir='ltr'><strong>quin</strong></span> <span class='ocrx_word' id='word_1_816' title='bbox 2396 4756 2461 4808; x_wconf 86' lang='lat' dir='ltr'><strong>sit</strong></span> <span class='ocrx_word' id='word_1_817' title='bbox 2505 4757 2555 4808; x_wconf 84' lang='lat' dir='ltr'><strong>in</strong></span> <span class='ocrx_word' id='word_1_818' title='bbox 2596 4757 2722 4810; x_wconf 73' lang='lat' dir='ltr'><strong>ca‘lo</strong></span> <span class='ocrx_word' id='word_1_819' title='bbox 2756 4758 2806 4809; x_wconf 91' lang='lat' dir='ltr'><strong>in</strong></span> <span class='ocrx_word' id='word_1_820' title='bbox 2853 4773 3066 4826; x_wconf 75' lang='lat' dir='ltr'><strong>Corpore</strong></span> <span class='ocrx_word' id='word_1_821' title='bbox 3102 4769 3150 4811; x_wconf 86' lang='lat' dir='ltr'><strong>et</strong></span> <span class='ocrx_word' id='word_1_822' title='bbox 3179 4764 3374 4823; x_wconf 87' lang='lat' dir='ltr'><strong>anima,</strong></span> <span class='ocrx_word' id='word_1_823' title='bbox 3417 4773 3470 4814; x_wconf 93' lang='lat' dir='ltr'><strong>ut</strong></span> <span class='ocrx_word' id='word_1_824' title='bbox 3512 4763 3644 4816; x_wconf 89' lang='lat' dir='ltr'><strong>dicit</strong></span> <span class='ocrx_word' id='word_1_825' title='bbox 3686 4765 3828 4820; x_wconf 82' lang='lat' dir='ltr'><strong>Deu-</strong></span> 
     </span>
    </p>
   </div>
   <div class='ocr_carea' id='block_1_112' title="bbox 2254 4849 3827 4920">
    <p class='ocr_par' dir='ltr' id='par_1_112' title="bbox 2254 4849 3827 4920">
     <span class='ocr_line' id='line_1_112' title="bbox 2254 4849 3827 4920; baseline 0.01 -23"><span class='ocrx_word' id='word_1_826' title='bbox 2254 4855 2350 4900; x_wconf 86' lang='lat' dir='ltr'><strong>ter.</strong></span> <span class='ocrx_word' id='word_1_827' title='bbox 2382 4863 2563 4913; x_wconf 62' lang='grc' dir='ltr'>χχχιιι,</span> <span class='ocrx_word' id='word_1_828' title='bbox 2589 4849 2620 4901; x_wconf 89' lang='grc'>6</span> <span class='ocrx_word' id='word_1_829' title='bbox 2648 4865 2659 4898; x_wconf 94' lang='lat'><strong>:</strong></span> <span class='ocrx_word' id='word_1_830' title='bbox 2699 4867 2717 4898; x_wconf 74' lang='grc' dir='ltr'><strong>ι</strong></span> <span class='ocrx_word' id='word_1_831' title='bbox 2747 4849 2890 4902; x_wconf 69' lang='lat' dir='ltr'><strong>Dixit</strong></span> <span class='ocrx_word' id='word_1_832' title='bbox 2910 4850 3048 4904; x_wconf 90' lang='lat' dir='ltr'><strong>Deus</strong></span> <span class='ocrx_word' id='word_1_833' title='bbox 3076 4851 3143 4904; x_wconf 91' lang='lat' dir='ltr'><strong>ad</strong></span> <span class='ocrx_word' id='word_1_834' title='bbox 3182 4851 3415 4920; x_wconf 86' lang='lat' dir='ltr'><strong>Moysem</strong></span> <span class='ocrx_word' id='word_1_835' title='bbox 3453 4869 3471 4905; x_wconf 89' lang='lat'><strong><em>:</em></strong></span> <span class='ocrx_word' id='word_1_836' title='bbox 3503 4857 3744 4911; x_wconf 76' lang='lat' dir='ltr'><strong>Ascende</strong></span> <span class='ocrx_word' id='word_1_837' title='bbox 3773 4859 3827 4912; x_wconf 76' lang='lat' dir='ltr'><strong>in</strong></span> 
     </span>
    </p>
   </div>
   <div class='ocr_carea' id='block_1_113' title="bbox 2253 4942 3824 5012">
    <p class='ocr_par' dir='ltr' id='par_1_113' title="bbox 2253 4942 3824 5012">
     <span class='ocr_line' id='line_1_113' title="bbox 2253 4942 3824 5012; baseline 0.008 -20"><span class='ocrx_word' id='word_1_838' title='bbox 2253 4951 2477 4992; x_wconf 88' lang='lat' dir='ltr'><strong>montem</strong></span> <span class='ocrx_word' id='word_1_839' title='bbox 2503 4952 2671 5003; x_wconf 87' lang='lat' dir='ltr'><strong>nocte,</strong></span> <span class='ocrx_word' id='word_1_840' title='bbox 2693 4950 2742 4994; x_wconf 91' lang='lat' dir='ltr'><strong>et</strong></span> <span class='ocrx_word' id='word_1_841' title='bbox 2767 4959 2964 4996; x_wconf 88' lang='lat' dir='ltr'><strong>morere</strong></span> <span class='ocrx_word' id='word_1_842' title='bbox 2985 4942 3074 5006; x_wconf 88' lang='lat' dir='ltr'><strong>ibi,</strong></span> <span class='ocrx_word' id='word_1_843' title='bbox 3093 4953 3140 4998; x_wconf 87' lang='lat' dir='ltr'><strong>et</strong></span> <span class='ocrx_word' id='word_1_844' title='bbox 3164 4946 3395 4999; x_wconf 82' lang='lat' dir='ltr'><strong>ascendit</strong></span> <span class='ocrx_word' id='word_1_845' title='bbox 3419 4947 3470 4999; x_wconf 89' lang='lat' dir='ltr'><strong>in</strong></span> <span class='ocrx_word' id='word_1_846' title='bbox 3489 4959 3743 5012; x_wconf 85' lang='lat' dir='ltr'><strong>montem.</strong></span> <span class='ocrx_word' id='word_1_847' title='bbox 3776 4961 3824 5006; x_wconf 89' lang='lat' dir='ltr'><strong>et</strong></span> 
     </span>
    </p>
   </div>
   <div class='ocr_carea' id='block_1_114' title="bbox 2252 5031 3825 5111">
    <p class='ocr_par' dir='ltr' id='par_1_114' title="bbox 2252 5031 3825 5111">
     <span class='ocr_line' id='line_1_114' title="bbox 2252 5031 3825 5111; baseline 0.008 -28"><span class='ocrx_word' id='word_1_848' title='bbox 2252 5041 2488 5085; x_wconf 90' lang='lat' dir='ltr'><strong>mortuus</strong></span> <span class='ocrx_word' id='word_1_849' title='bbox 2509 5042 2582 5085; x_wconf 90' lang='lat' dir='ltr'><strong>est</strong></span> <span class='ocrx_word' id='word_1_850' title='bbox 2603 5031 2670 5084; x_wconf 88' lang='lat' dir='ltr'><strong>ibi</strong></span> <span class='ocrx_word' id='word_1_851' title='bbox 2696 5049 2714 5097; x_wconf 87' lang='lat'><strong><em>;</em></strong></span> <span class='ocrx_word' id='word_1_852' title='bbox 2736 5043 2784 5086; x_wconf 88' lang='lat' dir='ltr'><strong>et</strong></span> <span class='ocrx_word' id='word_1_853' title='bbox 2812 5035 3022 5087; x_wconf 86' lang='lat' dir='ltr'><strong>nescivit</strong></span> <span class='ocrx_word' id='word_1_854' title='bbox 3037 5034 3187 5088; x_wconf 85' lang='lat' dir='ltr'><strong>homo</strong></span> <span class='ocrx_word' id='word_1_855' title='bbox 3210 5038 3503 5106; x_wconf 85' lang='lat' dir='ltr'><strong>sepulcrum</strong></span> <span class='ocrx_word' id='word_1_856' title='bbox 3524 5041 3638 5107; x_wconf 85' lang='lat' dir='ltr'><strong>ejus</strong></span> <span class='ocrx_word' id='word_1_857' title='bbox 3663 5058 3825 5111; x_wconf 79' lang='lat' dir='ltr'><strong>usque</strong></span> 
     </span>
    </p>
   </div>
   <div class='ocr_carea' id='block_1_115' title="bbox 2251 5123 3826 5200">
    <p class='ocr_par' dir='ltr' id='par_1_115' title="bbox 2251 5123 3826 5200">
     <span class='ocr_line' id='line_1_115' title="bbox 2251 5123 3826 5200; baseline 0.007 -25"><span class='ocrx_word' id='word_1_858' title='bbox 2251 5123 2306 5175; x_wconf 89' lang='lat' dir='ltr'><strong>in</strong></span> <span class='ocrx_word' id='word_1_859' title='bbox 2337 5123 2643 5177; x_wconf 84' lang='lat' dir='ltr'><strong>hodiernum</strong></span> <span class='ocrx_word' id='word_1_860' title='bbox 2677 5125 2834 5178; x_wconf 89' lang='lat' dir='ltr'><strong>diem.</strong></span> <span class='ocrx_word' id='word_1_861' title='bbox 2866 5144 2883 5176; x_wconf 76' lang='grc' dir='ltr'><strong>ι</strong></span> <span class='ocrx_word' id='word_1_862' title='bbox 2916 5124 2979 5178; x_wconf 86' lang='lat' dir='ltr'><strong>Et</strong></span> <span class='ocrx_word' id='word_1_863' title='bbox 3014 5127 3139 5196; x_wconf 79' lang='lat' dir='ltr'><strong>quid</strong></span> <span class='ocrx_word' id='word_1_864' title='bbox 3165 5129 3455 5198; x_wconf 81' lang='lat' dir='ltr'><strong>signiﬁcat,</strong></span> <span class='ocrx_word' id='word_1_865' title='bbox 3484 5133 3624 5200; x_wconf 80' lang='lat' dir='ltr'><strong>quod</strong></span> <span class='ocrx_word' id='word_1_866' title='bbox 3647 5133 3826 5199; x_wconf 82' lang='lat' dir='ltr'><strong>sepul-</strong></span> 
     </span>
    </p>
   </div>
   <div class='ocr_carea' id='block_1_116' title="bbox 2249 5214 3827 5290">
    <p class='ocr_par' dir='ltr' id='par_1_116' title="bbox 2249 5214 3827 5290">
     <span class='ocr_line' id='line_1_116' title="bbox 2249 5214 3827 5290; baseline 0.006 -23"><span class='ocrx_word' id='word_1_867' title='bbox 2249 5228 2396 5267; x_wconf 86' lang='lat' dir='ltr'><strong>crum</strong></span> <span class='ocrx_word' id='word_1_868' title='bbox 2419 5214 2530 5282; x_wconf 84' lang='lat' dir='ltr'><strong>ejus</strong></span> <span class='ocrx_word' id='word_1_869' title='bbox 2557 5223 2632 5267; x_wconf 87' lang='lat' dir='ltr'><strong>est</strong></span> <span class='ocrx_word' id='word_1_870' title='bbox 2658 5215 2889 5284; x_wconf 87' lang='lat' dir='ltr'><strong>ignotum</strong></span> <span class='ocrx_word' id='word_1_871' title='bbox 2907 5217 2959 5269; x_wconf 88' lang='lat' dir='ltr'><strong>in</strong></span> <span class='ocrx_word' id='word_1_872' title='bbox 2984 5226 3144 5280; x_wconf 88' lang='lat' dir='ltr'><strong>terra,</strong></span> <span class='ocrx_word' id='word_1_873' title='bbox 3169 5234 3285 5271; x_wconf 90' lang='lat' dir='ltr'><strong>cum</strong></span> <span class='ocrx_word' id='word_1_874' title='bbox 3309 5220 3416 5287; x_wconf 87' lang='lat' dir='ltr'><strong>ipse</strong></span> <span class='ocrx_word' id='word_1_875' title='bbox 3437 5220 3537 5288; x_wconf 78' lang='lat' dir='ltr'><strong>fuit</strong></span> <span class='ocrx_word' id='word_1_876' title='bbox 3569 5221 3827 5290; x_wconf 81' lang='lat' dir='ltr'><strong>propheta</strong></span> 
     </span>
    </p>
   </div>
   <div class='ocr_carea' id='block_1_117' title="bbox 2252 5307 3825 5375">
    <p class='ocr_par' dir='ltr' id='par_1_117' title="bbox 2252 5307 3825 5375">
     <span class='ocr_line' id='line_1_117' title="bbox 2252 5307 3825 5375; baseline 0.006 -16"><span class='ocrx_word' id='word_1_877' title='bbox 2252 5307 2444 5374; x_wconf 87' lang='lat' dir='ltr'><strong>major,</strong></span> <span class='ocrx_word' id='word_1_878' title='bbox 2486 5317 2534 5360; x_wconf 87' lang='lat' dir='ltr'><strong>et</strong></span> <span class='ocrx_word' id='word_1_879' title='bbox 2566 5309 2797 5362; x_wconf 88' lang='lat' dir='ltr'><strong>sanctior</strong></span> <span class='ocrx_word' id='word_1_880' title='bbox 2827 5309 2970 5375; x_wconf 89' lang='lat' dir='ltr'><strong>aliis,</strong></span> <span class='ocrx_word' id='word_1_881' title='bbox 3012 5311 3116 5365; x_wconf 88' lang='lat' dir='ltr'><strong>nisi</strong></span> <span class='ocrx_word' id='word_1_882' title='bbox 3155 5311 3290 5375; x_wconf 89' lang='lat' dir='ltr'><strong>quod</strong></span> <span class='ocrx_word' id='word_1_883' title='bbox 3322 5313 3457 5367; x_wconf 86' lang='lat' dir='ltr'><strong>Deus</strong></span> <span class='ocrx_word' id='word_1_884' title='bbox 3488 5317 3825 5370; x_wconf 76' lang='lat' dir='ltr'><strong>resuscitatit</strong></span> 
     </span>
    </p>
   </div>
   <div class='ocr_carea' id='block_1_118' title="bbox 2250 5403 3826 5474">
    <p class='ocr_par' dir='ltr' id='par_1_118' title="bbox 2250 5403 3826 5474">
     <span class='ocr_line' id='line_1_118' title="bbox 2250 5403 3826 5474; baseline 0.005 -22"><span class='ocrx_word' id='word_1_885' title='bbox 2250 5415 2388 5463; x_wconf 83' lang='lat' dir='ltr'><strong>eum,</strong></span> <span class='ocrx_word' id='word_1_886' title='bbox 2418 5408 2467 5451; x_wconf 85' lang='lat' dir='ltr'><strong>et</strong></span> <span class='ocrx_word' id='word_1_887' title='bbox 2507 5403 2790 5468; x_wconf 86' lang='lat' dir='ltr'><strong>assumpsit</strong></span> <span class='ocrx_word' id='word_1_888' title='bbox 2829 5419 2945 5455; x_wconf 90' lang='lat' dir='ltr'><strong>eum</strong></span> <span class='ocrx_word' id='word_1_889' title='bbox 2987 5404 3038 5456; x_wconf 87' lang='lat' dir='ltr'><strong>in</strong></span> <span class='ocrx_word' id='word_1_890' title='bbox 3081 5421 3315 5474; x_wconf 87' lang='lat' dir='ltr'><strong>corpore,</strong></span> <span class='ocrx_word' id='word_1_891' title='bbox 3362 5415 3411 5459; x_wconf 89' lang='lat' dir='ltr'><strong>et</strong></span> <span class='ocrx_word' id='word_1_892' title='bbox 3455 5408 3660 5473; x_wconf 87' lang='lat' dir='ltr'><strong>anima,</strong></span> <span class='ocrx_word' id='word_1_893' title='bbox 3687 5410 3826 5464; x_wconf 75' lang='lat' dir='ltr'><strong>sicut</strong></span> 
     </span>
    </p>
   </div>
   <div class='ocr_carea' id='block_1_119' title="bbox 2253 5490 3825 5560">
    <p class='ocr_par' dir='ltr' id='par_1_119' title="bbox 2253 5490 3825 5560">
     <span class='ocr_line' id='line_1_119' title="bbox 2253 5490 3825 5560; baseline 0.007 -16"><span class='ocrx_word' id='word_1_894' title='bbox 2253 5491 2387 5544; x_wconf 87' lang='lat' dir='ltr'><strong>alios</strong></span> <span class='ocrx_word' id='word_1_895' title='bbox 2406 5490 2578 5559; x_wconf 84' lang='lat' dir='ltr'><strong>justas</strong></span> <span class='ocrx_word' id='word_1_896' title='bbox 2611 5497 2913 5560; x_wconf 85' lang='lat' dir='ltr'><strong>assumpsit,</strong></span> <span class='ocrx_word' id='word_1_897' title='bbox 2946 5505 2992 5549; x_wconf 90' lang='lat' dir='ltr'><strong>et</strong></span> <span class='ocrx_word' id='word_1_898' title='bbox 3021 5495 3235 5551; x_wconf 85' lang='lat' dir='ltr'><strong>elevavit</strong></span> <span class='ocrx_word' id='word_1_899' title='bbox 3257 5497 3326 5550; x_wconf 89' lang='lat' dir='ltr'><strong>ad</strong></span> <span class='ocrx_word' id='word_1_900' title='bbox 3352 5499 3523 5552; x_wconf 87' lang='lat' dir='ltr'><strong>locum</strong></span> <span class='ocrx_word' id='word_1_901' title='bbox 3545 5501 3636 5553; x_wconf 88' lang='lat' dir='ltr'><strong>ubi</strong></span> <span class='ocrx_word' id='word_1_902' title='bbox 3663 5503 3825 5555; x_wconf 78' lang='lat' dir='ltr'><strong>sunt?</strong></span> 
     </span>
    </p>
   </div>
   <div class='ocr_carea' id='block_1_120' title="bbox 2324 5583 3824 5662">
    <p class='ocr_par' dir='ltr' id='par_1_120' title="bbox 2324 5583 3824 5662">
     <span class='ocr_line' id='line_1_120' title="bbox 2324 5583 3824 5662; baseline 0.007 -26"><span class='ocrx_word' id='word_1_903' title='bbox 2324 5583 2482 5648; x_wconf 88' lang='lat' dir='ltr'><strong>lbid.,</strong></span> <span class='ocrx_word' id='word_1_904' title='bbox 2534 5585 2630 5640; x_wconf 84' lang='lat' dir='ltr'><strong>lin.</strong></span> <span class='ocrx_word' id='word_1_905' title='bbox 2664 5586 2753 5639; x_wconf 68' lang='lat'><strong>5&#39;2.</strong></span> <span class='ocrx_word' id='word_1_906' title='bbox 2809 5588 2918 5643; x_wconf 83' lang='grc' dir='ltr'><strong>Καὶ</strong></span> <span class='ocrx_word' id='word_1_907' title='bbox 2953 5589 3149 5660; x_wconf 78' lang='grc' dir='ltr'>ἐξάγει</span> <span class='ocrx_word' id='word_1_908' title='bbox 3193 5593 3317 5645; x_wconf 80' lang='grc' dir='ltr'><strong>τόν.</strong></span> <span class='ocrx_word' id='word_1_909' title='bbox 3372 5591 3688 5662; x_wconf 79' lang='lat' dir='ltr'><strong>Artapanus</strong></span> <span class='ocrx_word' id='word_1_910' title='bbox 3722 5591 3824 5646; x_wconf 81' lang='lat' dir='ltr'><strong>He-</strong></span> 
     </span>
    </p>
   </div>
   <div class='ocr_carea' id='block_1_121' title="bbox 2253 5681 3822 5760">
    <p class='ocr_par' dir='ltr' id='par_1_121' title="bbox 2253 5681 3822 5760">
     <span class='ocr_line' id='line_1_121' title="bbox 2253 5681 3822 5760; baseline 0.004 -24"><span class='ocrx_word' id='word_1_911' title='bbox 2253 5681 2428 5737; x_wconf 81' lang='lat' dir='ltr'><strong>braeos</strong></span> <span class='ocrx_word' id='word_1_912' title='bbox 2463 5697 2558 5752; x_wconf 88' lang='lat' dir='ltr'><strong>per</strong></span> <span class='ocrx_word' id='word_1_913' title='bbox 2591 5683 2810 5756; x_wconf 77' lang='lat' dir='ltr'><strong>triginta</strong></span> <span class='ocrx_word' id='word_1_914' title='bbox 2841 5701 3014 5744; x_wconf 88' lang='lat' dir='ltr'><strong>annos</strong></span> <span class='ocrx_word' id='word_1_915' title='bbox 3058 5687 3110 5742; x_wconf 92' lang='lat' dir='ltr'><strong>in</strong></span> <span class='ocrx_word' id='word_1_916' title='bbox 3148 5687 3362 5745; x_wconf 82' lang='lat' dir='ltr'><strong>deserto</strong></span> <span class='ocrx_word' id='word_1_917' title='bbox 3390 5697 3618 5760; x_wconf 71' lang='lat' dir='ltr'><strong>rogatos</strong></span> <span class='ocrx_word' id='word_1_918' title='bbox 3655 5690 3822 5744; x_wconf 80' lang='lat' dir='ltr'><strong>fuisse</strong></span> 
     </span>
    </p>
   </div>
  </div>
