4072 6338
304 268 440 326 1081
1330 268 1394 323 ΙΝ
1434 269 1803 326 EUSTATHII
1834 270 1848 325 Ι

1949 268 2305 325 {AEMERON
2342 268 2575 331 NOTE.
3420 273 3558 328 ιοϐε

304 382 497 437 scribit
530 401 543 437 :
575 382 713 447 Τοὺς
748 381 806 436 δὲ
842 382 1148 446 Ἰουδαίους,
1205 381 1567 453 διαφυγόντας
1630 386 1721 443 τὸν
1771 387 1848 441 xii

1949 431 1954 452 ι
1986 402 2237 458 superior
2256 386 2520 452 substitit,
2539 394 2593 443 et
2617 386 2900 451 intumuit,
2918 387 3141 444 assidue
3158 391 3317 460 aquis
3336 389 3561 446 amuen'

302 474 479 538 δυνον,
520 473 813 546 τριάκοντα
846 473 941 545 ἐτη
988 473 1045 525 ὲν
1073 475 1138 544 τῇ
1189 474 1382 545 ἐρήμῳ
1412 474 1711 548 διατρίψαι,
1760 476 1848 549 βρέ

1986 479 2164 547 tibus;
2195 494 2319 534 cum
2346 495 2476 535 vero
2504 480 2834 535 transissent
2858 478 3067 535 Hebraei
3092 496 3202 534 non
3229 482 3434 546 subito,
3460 484 3555 538 sed

300 582 489 637 χοντος
514 567 696 629 αὐτοῖς
716 565 808 618 τοῦ
838 564 972 618 Θεοῦ
1003 566 1232 637 κρίμνον
1264 568 1448 638 ὅμοιον
1483 556 1688 639 ὲλύμῳ,
1743 569 1848 638 χιόκ

1984 572 2187 626 sensim
2237 571 2530 635 detumuit,
2568 579 2623 627 et
2677 570 2921 636 deﬂuxit,
2967 586 3035 626 ne
3081 586 3228 640 ripas
3251 582 3303 625 et
3332 588 3558 646 campos
3626 592 3631 595 τ

300 658 687 731 παραπλήσιον
718 658 815 730 τὴν
849 660 1036 728 χρόαν.

371 750 489 804 Col.
513 750 637 814 789,
665 750 741 803 lin
788 750 877 804 54.
902 753 965 805 Οἱ
994 752 1104 823 γὰρ
1120 750 1314 821 χάριν.
1336 753 1631 824 Antiquum
1657 771 1883 826 peregre

300 840 576 912 proﬁcisci
635 842 917 913 religionis
975 858 1105 914 ergo
1165 847 1410 900 meminit
1479 854 1533 902 et
1588 847 1881 917 Gregorius

299 936 583 1007 Nyssenus
626 936 704 991 De
742 936 863 991 Vita
890 936 949 993 S.
978 937 1235 994 Macrine:
1278 942 1496 1011 virginis
1520 957 1538 995 :
1562 943 1785 1007 Πάντως
1822 944 1877 996 δὲ

298 1028 402 1082 οὐκ
443 1029 778 1099 άμνημονεῖς
825 1029 924 1100 τῆς
964 1030 1276 1101 συντυχίας,
1328 1032 1417 1086 ὅτε
1468 1034 1589 1086 κατ’
1616 1034 1779 1106 εὐχὴν
1820 1037 1879 1088 ὲν

307 1118 725 1191 Ἰεροσολύμοις,
777 1122 1060 1192 ἐπιφοιτᾷν
1108 1122 1336 1193 μέλλων,
1368 1120 1518 1192 ὲφ’ᾧ
1564 1124 1633 1177 τὰ
1678 1129 1877 1197 σημεῖα

294 1209 399 1279 τῆς
426 1209 517 1263 τοῦ
542 1210 748 1282 Κυρίου
787 1210 875 1263 διὰ
909 1212 1109 1282 σαρκὸς
1142 1213 1434 1284 ἐπιδημίας
1461 1216 1518 1269 ὲν
1544 1218 1655 1279 τοῖς
1684 1215 1875 1279 τύποις

297 1299 430 1356 ίδεῖν
470 1300 801 1372 σννέδραμόν
834 1318 915 1353 σοι
946 1302 1088 1355 κατὰ
1113 1302 1211 1373 τὴν
1248 1304 1523 1374 Ἀντιόχου
1552 1306 1727 1358 πόλιν.

365 1389 526 1455 lbid.,
555 1392 653 1447 lin.
688 1390 775 1448 57.
815 1391 887 1443 Τό
915 1408 977 1445 τε
1007 1392 1249 1446 Σιναῖον
1278 1392 1433 1461 ὄρος.
1472 1394 1547 1449 1)ε
1577 1404 1760 1451 monte
1794 1395 1874 1451 Si-

293 1484 408 1548 nai,
453 1484 682 1554 ejusque
728 1484 863 1538 locis
900 1485 1073 1539 sacris
1129 1485 1285 1554 plura
1330 1484 1527 1541 Petrus
1570 1485 1868 1552 Bellonins,

295 1574 732 1633 Observationum
756 1576 851 1631 lib.
890 1591 943 1641 u,
962 1591 1083 1646 cap.
1116 1576 1185 1631 62
1209 1584 1263 1631 et
1295 1593 1434 1647 seq.,
1461 1578 1529 1634 de
1561 1594 1672 1649 quo
1700 1582 1870 1635 multa

292 1684 465 1725 sacrae
480 1668 941 1739 litterae,insignis
968 1670 1059 1724 ille
1083 1670 1299 1738 quidem
1324 1677 1378 1725 et
1413 1668 1507 1724 Dei
1532 1687 1656 1724 cum
1686 1671 1868 1743 Moyse

1981 663 2270 730 obrueret;
2321 664 2505 728 tertio,
2544 664 2599 718 in
2643 664 2781 718 mari
2821 662 3093 718 submersi
3126 673 3253 717 sunt
3285 663 3549 736 Egyptii,

1982 754 2164 809 nullus
2193 769 2320 809 vero
2347 770 2560 810 mersus
2595 762 2679 810 est
2713 755 2768 809 in
2797 751 3066 820 Jordane;
3095 762 3310 824 quarto,
3339 757 3390 809 in
3419 757 3555 811 mari

1980 844 2123 901 Deus
2152 846 2379 902 immisit
2411 856 2655 913 ventum,
2688 847 2756 901 ad
2795 846 3021 901 fundum
3051 846 3301 900 limosum
3336 848 3553 903 siccan-

1979 938 2127 1002 dum,
2153 939 2205 993 id
2230 955 2361 995 vero
2384 954 2493 995 non
2524 939 2652 994 fecit
2683 940 2737 993 in
2768 937 3027 1005 Jordane,
3053 939 3184 1009 quia
3212 940 3333 1010 ejus
3364 942 3552 998 alveus

1978 1038 2063 1086 est
2098 1046 2323 1101 parvus,
2352 1041 2406 1087 et
2439 1048 2726 1087 arenosus.

2046 1122 2205 1189 lbid.,
2260 1125 2357 1178 lin.
2416 1124 2465 1178 7.
2529 1125 2800 1192 Ἐπὶτὴν
2834 1124 3074 1193 Ἰεριχώ.
3106 1123 3374 1195 Josephus
3396 1126 3550 1182 Anti-

1974 1214 2104 1283 quit.
2139 1214 2232 1267 lib.
2275 1229 2348 1279 tv,
2388 1229 2509 1285 cap.
2538 1216 2569 1270 5
2597 1235 2608 1270 :
2645 1215 2806 1279 Πόλις
2827 1215 2882 1267 δέ
2910 1218 3054 1267 ἐστιν
3082 1216 3347 1287 εὐδαίμων
3389 1217 3548 1290 αὕτη,

1975 1305 2221 1373 φοίνικάς
2263 1324 2322 1359 τε
2356 1307 2538 1377 φέρειν
2595 1307 2793 1378 ἀγαθὴ,
2825 1308 2917 1360 καὶ
2951 1307 3225 1377 βάλσαμον
3253 1308 3548 1381 νεμομένη.

1972 1395 2228 1467 Ejusdem
2287 1400 2698 1470 topographiam
2751 1401 2921 1455 habes
2978 1400 3121 1470 apud
3168 1406 3415 1456 eumdem
3473 1402 3548 1457 De

1972 1490 2104 1544 bello
2124 1489 2255 1545 Jud.
2289 1492 2324 1546 l.
2346 1509 2399 1556 v,
2431 1508 2484 1549 c.
2523 1492 2626 1554 9.6;
2655 1491 2963 1547 Brocardus
3014 1493 3313 1548 monachus
3360 1494 3413 1547 in
3447 1492 3545 1548 De-

1969 1582 2250 1650 scriptione
2298 1581 2472 1635 Terrw
2497 1590 2695 1637 sancta:
2731 1599 2749 1636 :
2784 1582 2918 1637 Item
2954 1599 2987 1635 a
3012 1580 3234 1653 Calgala
3271 1599 3361 1651 per
3387 1601 3543 1638 unam

1970 1673 2170 1727 leucam
2196 1684 2381 1729 contra
2413 1677 2663 1730 orientem
2695 1685 2770 1729 est
2801 1677 2907 1730 sita
2936 1674 3169 1740 Jericlzo,
3198 1678 3382 1731 civitas
3417 1678 3543 1733 olim

290 1761 603 1832 colloquiis,
635 1771 683 1816 et
704 1762 837 1845 locis
870 1761 973 1833 piis
1020 1764 1307 1831 sacrisque
1338 1762 1407 1817 ad
1441 1763 1587 1817 [tunc
1608 1764 1749 1818 diem
1774 1764 1870 1819 llo-
1902 1735 1941 1792 Β
1971 1766 2202 1835 (uitiosa,
2256 1784 2392 1821 nunc
2446 1776 2621 1823 autem
2652 1767 2805 1823 habet
2834 1778 2948 1822 octo
2989 1767 3199 1837 domos,
3230 1770 3315 1823 via:
3355 1787 3541 1826 nomen

290 1853 566 1917 rentibus,
605 1868 708 1908 nec
736 1867 845 1907 non
876 1854 1074 1909 nobilis
1104 1854 1242 1909 diva:
1273 1854 1579 1910 Catherinae
1616 1871 1863 1927 corpore,

289 1951 348 1998 et
380 1944 612 1997 aliorum
640 1953 952 1999 sanctorum
989 1945 1206 2001 duobus
1259 1946 1638 2001 cacuminibus
1673 1946 1867 2004 divisis

288 2038 529 2108 assurgit
562 2038 736 2093 solido
763 2054 918 2103 saxo,
943 2046 997 2094 et
1025 2040 1299 2094 variorum
1324 2041 1567 2095 colorum
1599 2043 1864 2112 granulis,

286 2146 415 2204 quae
456 2131 701 2186 diversas
742 2131 944 2201 ﬁguras
977 2130 1217 2187 elIiciunt
1263 2130 1544 2196 distincto,
1598 2134 1866 2188 excelsior

289 2240 420 2295 pars
460 2238 661 2278 nomen
717 2222 892 2292 Sinai,
925 2224 1240 2295 depressior
1288 2222 1468 2279 Iloreb
1501 2232 1752 2295 occupat.
1803 2222 1863 2279 ln

289 2315 473 2370 ilorcb
504 2314 677 2387 Moysi
716 2316 801 2371 lex
832 2316 979 2384 data,
1016 2318 1071 2371 in
1102 2331 1214 2387 quo
1252 2323 1306 2371 et
1337 2317 1515 2373 adhuc
1545 2317 1601 2371 in
1628 2332 1864 2372 marmo-

289 2421 383 2461 reo
415 2405 590 2475 lapide
640 2404 841 2477 Moysis
881 2405 1081 2476 eiligies
1128 2407 1463 2477 conSpicitur
1486 2407 1554 2460 ad
1598 2408 1860 2463 amussim

287 2498 578 2566 impressa.
616 2497 670 2550 In
705 2496 835 2551 Sina
866 2512 1065 2568 corpus
1106 2506 1310 2553 sancta:
1341 2496 1650 2553 Catherinaa
1673 2498 1741 2553 ab
1764 2514 1861 2553 an-

286 2590 423 2660 gelis
451 2588 793 2659 deportatum
824 2595 927 2655 est,
959 2590 1101 2660 quod
1134 2605 1425 2661 progressu
1456 2590 1715 2659 temporis
1742 2606 1860 2644 mo-

284 2680 447 2734 nachi
474 2680 676 2735 montis
707 2681 907 2734 accola:
922 2680 989 2753 “in
1018 2683 1181 2734 imam
1212 2691 1420 2749 partem
1448 2680 1647 2735 montis
1680 2679 1859 2737 Horeb

283 2773 643 2843 deportarunt
694 2781 753 2827 ut
780 2776 975 2828 tntum~
1015 2774 1084 2826 ab
1125 2773 1377 2829 hostibus
1422 2782 1852 2829 conservarent:

284 2868 458 2920 multa
487 2875 615 2922 sunt
651 2866 705 2920 in
738 2867 842 2920 boc
886 2875 1070 2920 monte
1114 2866 1451 2920 admirabilia
1494 2866 1585 2920 illa
1615 2867 1853 2936 quidem,

284 2959 630 3029 maximaque
667 2973 774 3012 non
816 2958 1035 3029 indigna
1080 2958 1572 3014 animadversione.
1618 2958 1741 3014 Haec
1781 2960 1856 3013 le-

283 3060 405 3104 ctor
444 3053 540 3105 tibi
595 3052 938 3106 communico
998 3058 1125 3121 typo
1170 3052 1392 3116 montis,
1442 3067 1603 3121 quem
1660 3052 1788 3104 olim
1823 3066 1850 3103 a

281 3144 568 3198 monachis
606 3143 730 3197 inde
768 3142 993 3197 Romam
1028 3142 1368 3197 venientibus
1397 3146 1602 3213 accepi,
1634 3150 1688 3197 et
1717 3143 1851 3196 alio-

280 3252 404 3289 rum
446 3236 777 3297 testimonio,
825 3236 917 3305 qui
958 3236 1074 3290 loca
1106 3236 1195 3288 illa
1238 3236 1559 3300 inviserunt,
1608 3239 1850 3307 apprime

283 3327 425 3389 ﬁdo;
476 3328 590 3381 loca
630 3328 1082 3398 quemadmodum
1130 3328 1214 3382 his
1255 3330 1588 3399 temporibus
1636 3345 1848 3383 nuncu-

278 3430 480 3487 pantur
513 3416 565 3470 in
605 3418 751 3471 calce
784 3416 1028 3487 esposui.

352 3507 514 3569 lbid.,
550 3506 644 3560 lin.
680 3507 767 3561 57.
816 3508 956 3574 Παρ’
985 3499 1031 3571 ᾧ
1071 3506 1178 3574 τὰς
1207 3506 1583 3576 νομοθεσίας.
1612 3506 1845 3563 Crassus

277 3615 435 3653 error
490 3598 778 3651 Alexandri
834 3598 1213 3668 Polyhistoris,
1263 3601 1353 3667 qui
1406 3600 1501 3662 ait,
1546 3602 1685 3669 apud
1740 3601 1845 3655 He-

276 3690 453 3745 braeos
494 3691 771 3742 mulierem
812 3687 1101 3756 quamdam
1146 3687 1310 3757 μωσὼ
1350 3688 1538 3753 fuisse,
1573 3705 1693 3759 quae
1724 3706 1841 3744 eam

276 3780 447 3848 legem
491 3778 729 3847 scripsit,
759 3792 871 3846 qua
921 3774 1093 3829 Judwi
1144 3786 1392 3840 utuntur,
1434 3778 1537 3831 hoc
1587 3786 1671 3833 est
1730 3779 1842 3831 Mo-

275 3873 477 3925 saicarn
504 3871 669 3938 legem
701 3866 1011 3921 Judmorum
1053 3881 1161 3919 non
1193 3881 1221 3918 a
1244 3866 1447 3936 Moyse,
1470 3881 1628 3934 quem
1662 3868 1841 3921 nullus

274 3963 357 4015 vel
390 3960 457 4015 de
488 3961 640 4029 plebe
678 3961 954 4019 minimus,
1007 3960 1097 4027 qui
1135 3957 1351 4027 quidem
1391 3956 1606 4012 Judaeos
1638 3969 1837 4021 nosset,

273 4054 529 4124 ignorare
561 4054 754 4122 potuit,
788 4055 881 4108 sed
914 4054 982 4107 ab
1024 4053 1126 4106 hac
1162 4052 1390 4105 muliere
1418 4052 1615 4103 dictam
1648 4052 1836 4105 fuisse.

340 4143 503 4211 ibid.,
543 4146 638 4201 lin.
679 4146 771 4202 40.
819 4146 1119 4215 Ζητητέον
1156 4144 1224 4197 δέ
1258 4146 1312 4197 ol
1340 4144 1390 4199 ἐ.
1424 4142 1584 4197 Plura
1635 4144 1701 4198 de
1740 4145 1839 4198 hac

268 4239 665 4301 controversia,
715 4246 769 4292 et
823 4256 1086 4293 annorum
1143 4240 1535 4309 snpputatione
1582 4236 1838 4291 eruditis-

268 4332 407 4386 sime
456 4332 646 4385 scribit
693 4330 944 4384 Pererius
986 4332 1038 4383 in
1077 4348 1192 4400 cap.
1254 4348 1322 4386 xv
1387 4329 1566 4385 Cenes.
1621 4330 1674 4382 in
1732 4344 1835 4399 qua

1971 1859 2110 1912 villa:
2146 1860 2361 1914 sortita.

2038 1949 2198 2013 lbid.,
2231 1952 2328 2005 lin.
2366 1952 2451 2007 14.
2496 1952 2606 2006 Καὶ
2633 1952 2801 2007 πᾶσα
2843 1951 2922 2017 τῷ
2970 1952 3183 2020 Κυρίῳ.
3240 1950 3535 2022 Iosephus,

1966 2041 2142 2113 Antiq.
2182 2043 2276 2097 lib.
2306 2059 2359 2107 ν,
2395 2059 2516 2115 cap.
2549 2046 2575 2099 1
2611 2045 2907 2115 ε”Απειρον
2933 2043 2989 2097 δέ
3028 2061 3081 2097 τι
3112 2043 3313 2115 πλῆθος
3346 2046 3409 2097 ὲκ
3437 2044 3538 2113 τῆς

1963 2130 2214 2196 ἁλώσεως
2240 2132 2647 2205 συναθροίζεται
2686 2134 2925 2207 ἀργύρου
2965 2152 3025 2187 τε
3057 2134 3151 2187 καὶ
3183 2134 3405 2206 χρυσοῦ,
3442 2135 3537 2188 καὶ

1963 2222 2185 2292 προσέτι
2218 2224 2439 2293 χαλκοῦ,
2487 2224 2709 2295 μηδενὸς
2743 2225 3086 2296 παραὸάντος
3123 2225 3191 2279 τὰ
3239 2225 3536 2297 δεδογμένα

1965 2311 2086 2383 μηδ’
2145 2314 2224 2377 είς
2265 2314 2397 2367 ἰδίαν
2442 2315 2707 2383 ὠφέλειαν
2746 2316 2883 2370 αὐτὰ
2930 2315 3392 2389 διαπερσαμένων.
3425 2320 3535 2373 Καὶ

1959 2404 2134 2458 ταῦτα
2170 2405 2267 2474 μὲν
2300 2405 2506 2478 Ἰησοῦς
2538 2409 2649 2471 τοῖς
2682 2407 2914 2480 ἱερεῦσιν
2959 2410 3038 2472 είς
3073 2409 3200 2472 τοὺς
3226 2408 3532 2481 θησαυροὺς

1960 2496 2292 2567 παραδίδωσι
2322 2498 2672 2551 καταθέσθαι.

2027 2586 2187 2653 lbid.,
2225 2588 2321 2642 lin.
2355 2589 2440 2644 15.
2480 2589 2599 2657 Τὴν
2626 2592 2805 2644 πόλιν
2838 2592 2999 2645 Οὐαΐ.
3037 2590 3077 2645 F
3085 2607 3178 2648 use
3205 2590 3318 2648 haec
3349 2592 3532 2646 omnia

1957 2679 2306 2750 prosequitur
2330 2677 2623 2749 Jusephus,
2650 2683 2848 2751 Antiq.,
2883 2682 3001 2736 loco
3035 2683 3089 2736 d.

2025 2768 2185 2833 lbid.,
2208 2770 2302 2823 lin.
2320 2768 2411 2825 21.
2434 2774 2497 2823 Ol
2525 2770 2592 2824 δὲ
2624 2769 3221 2827 Γαϐαωνῖται.Ειιι1ειη
3252 2772 3414 2829 habet
3432 2772 3526 2827 Jo-

1958 2860 2185 2929 sephus,
2216 2860 2385 2915 latius
2418 2869 2596 2917 tamen
2629 2878 2691 2917 ea
2719 2847 2927 2917 nari-at.

2024 2950 2183 3016 lbid.,
2212 2952 2309 3007 lin.
2333 2953 2423 3008 40.
2444 2955 2767 3023 Ὀργισθεὶς
2793 2954 2880 3010 δέ.
2907 2953 3106 3009 Eadem
3118 2954 3386 3027 Iosephus
3407 2956 3525 3011 loco

1954 3038 2121 3094 dicto.

2020 3129 2185 3196 lbid.,
2205 3132 2304 3187 lin.
2326 3132 2414 3189 52.
2443 3133 2575 3189 Ἵνα
2586 3134 2652 3187 δὲ
2669 3134 2895 3190 τέλεον.
2920 3134 3218 3207 Josephus:
3240 3136 3406 3191 Ἔνθα
3431 3138 3523 3190 καὶ

1948 3222 2047 3294 τὴν
2079 3224 2172 3277 τοῦ
2205 3224 2339 3279 Θεοῦ
2359 3228 2677 3297 συνεργείαν
2706 3228 2927 3299 ἔμαθεν,
2950 3230 3317 3300 ὲπιμήναντος
3345 3228 3517 3283 αὑτοῦ

1949 3315 2194 3387 βρονταῖς
2222 3334 2279 3371 τε
2308 3319 2402 3371 καὶ
2429 3320 2710 3389 κεραυνῶν
2742 3322 2954 3390 ἀφέσει,
2981 3322 3071 3374 καί
3093 3322 3333 3393 χαλάζης
3356 3340 3521 3376 κατα·

1948 3410 2086 3479 φορᾷ
2109 3408 2348 3478 μείζονος
2370 3410 2470 3480 τῆς
2497 3412 2906 3483 συνήθους.”Ετι
2930 3430 2993 3481 γε
3021 3414 3125 3485 μὴν
3156 3415 3249 3467 καὶ
3268 3416 3365 3486 τὴν
3386 3417 3519 3486 ημέ-

1949 3518 2045 3571 ραν
2071 3500 2366 3572 αὐξηθῆναι
2395 3502 2575 3567 πλέον,
2598 3504 2743 3556 ὠσὰν
2780 3502 2851 3575 μὴ
2874 3506 3248 3559 καταλαϐοῦσα
3274 3507 3369 3574 νὺξ
3399 3510 3517 3560 ἐπι-

1946 3595 2091 3662 σχεῖν
2124 3592 2220 3662 τὴν
2249 3593 2357 3647 τῶν
2382 3593 2644 3665 Ἐϐραίων
2675 3596 2984 3668 προθυμίαν
3010 3599 3319 3654 συνέπεσεν.
3356 3601 3514 3652 Ὥστε

1944 3685 2037 3736 καὶ
2069 3684 2329 3754 λαμϐάνει
2375 3686 2474 3738 οὐκ
2506 3686 2759 3755 βασιλέας
2802 3688 3006 3758 Ἰησοῦς
3038 3690 3094 3742 έν
3141 3708 3245 3743 τινι
3276 3707 3510 3761 κρυπτο-

1945 3774 2135 3845 μένους
2168 3776 2417 3846 σπηλαίῳ
2442 3776 2581 3829 κατὰ
2610 3777 2882 3847 Μακχιδὰ,
2908 3778 3001 3832 καὶ
3037 3779 3252 3844 κολάζει
3287 3780 3509 3843 πάντας.

1944 3866 2065 3918 ’Ότι
2105 3866 2162 3919 δὲ
2191 3867 2251 3918 τὸ
2284 3868 2454 3936 μῆκος
2492 3867 2590 3936 τῆς
2632 3868 2845 3937 ἡμέρας
2885 3868 3124 3922 ἐπέδωκε
3156 3870 3273 3922 τότε
3300 3871 3394 3923 καὶ.
3418 3872 3511 3923 τοῦ

1944 3958 2208 4029 συνήθους
2249 3959 2540 4012 ἐπλεόνασε
2573 3958 2825 4031 δηλοῦται
2865 3959 2952 4013 διὰ
3000 3960 3107 4013 τῶν
3143 3961 3510 4033 ἀνακειμένων

1940 4050 1997 4103 ἐν
2017 4049 2095 4120 τῷ
2124 4049 2253 4120 ἱερῴ
2290 4051 2651 4121 γραμμάτων.

2010 4142 2169 4206 lbid.,
2226 4143 2318 4197 lin.
2350 4143 2435 4197 54.
2473 4142 2711 4209 Στήσας
2751 4143 2856 4197 τὸν
2889 4144 3083 4213 ἥλιον.
3114 4143 3353 4201 Joannes
3396 4144 3504 4200 Κε-

1939 4234 2122 4304 plerus
2156 4236 2208 4288 in
2246 4235 2646 4290 introductione
2675 4236 2740 4290 ad
2776 4252 2932 4291 suam
2972 4238 3363 4292 Astronomiam
3408 4255 3502 4291 no-

1937 4344 2075 4390 vam,
2098 4335 2154 4381 ut
2195 4329 2446 4396 probaret
2490 4335 2688 4382 terram
2719 4330 2944 4392 moveri,
2966 4332 3133 4384 solem
3154 4340 3319 4394 stare,
3352 4329 3502 4393 dicit,

268 4423 509 4491 reliquas
553 4423 782 4476 aliorum
828 4424 1123 4475 sententias
1163 4421 1524 4474 examinando
1556 4421 1632 4473 uti
1672 4420 1834 4474 falsas
1870 4434 1910 4487 ι)
1938 4420 2179 4488 quotidie
2212 4434 2310 4473 nos
2337 4420 2504 4473 multa
2543 4420 2685 4489 loqui
2717 4435 2839 4473 cum
2869 4422 3147 4475 oculorum
3175 4438 3360 4485 sensu,
3385 4438 3504 4492 qua:

262 4524 318 4568 et
370 4514 437 4567 ad
485 4512 852 4567 dillicultatem
894 4514 997 4567 loci
1042 4512 1187 4567 illius
1237 4513 1611 4583 explicandam
1647 4526 1837 4582 parum

262 4610 492 4665 idoneas
533 4611 746 4673 refellit,
792 4619 845 4664 et
892 4612 1033 4665 hanc
1066 4611 1237 4663 nostri
1270 4611 1514 4664 auctoris
1546 4610 1619 4663 uti
1665 4610 1837 4679 legiti-

262 4705 479 4766 timarn,
526 4718 818 4771 veramque
863 4702 1124 4763 defendit,
1172 4702 1365 4756 solidis
1419 4701 1741 4756 rationibus.
1783 4709 1836 4755 et

260 4803 581 4849 sanctorum
635 4793 853 4848 Patrum
905 4794 1324 4847 auctoritatibus
1381 4790 1649 4846 adductis.
1699 4789 1835 4845 Vide

258 4886 425 4941 etiam
457 4884 885 4953 Genebrardum,
917 4892 970 4939 et
1006 4885 1241 4939 Delrium
1286 4886 1339 4937 in
1368 4900 1482 4952 cap.
1521 4899 1590 4935 xv
1645 4880 1825 4935 (ἔδησε.

326 4976 446 5032 Col.
479 4976 600 5041 792,
644 4978 741 5031 lin.
789 4976 842 5032 '5.
890 4976 993 5029 Διὰ
1020 4976 1125 5029 τοῦ
1149 4974 1470 5042 Ἰορδάνου.
1501 4973 1826 5029 Divisionem

258 5073 432 5123 maris
462 5067 633 5124 Rubri
673 5077 907 5139 quatuor
943 5066 1249 5121 rationibus
1271 5066 1589 5122 dissimilem
1628 5081 1656 5118 a
1685 5065 1827 5118 divi-

259 5159 420 5213 sione
469 5159 569 5213 hac
608 5171 870 5227 aquarum
926 5155 1182 5211 Jordanis
1232 5154 1402 5209 tradit
1458 5152 1746 5208 Cornelius
1796 5168 1827 5206 a

258 5249 464 5319 I.apide
494 5250 546 5303 in
576 5264 667 5304 nv
695 5265 811 5318 cap.
840 5245 1012 5303 Exod.
1035 5245 1255 5301 :Primo
1286 5247 1340 5300 in
1360 5260 1425 5300 eo
1446 5243 1591 5315 quod
1627 5243 1826 5299 divisio

254 5318 431 5397 maris
475 5341 616 5395 facta
658 5349 742 5394 est
774 5355 871 5409 per
906 5339 1143 5410 Moysem
1188 5337 1569 5393 extendentem
1604 5336 1660 5390 in
1688 5318 1823 5390 illud

254 5449 415 5489 suam
471 5434 710 5502 virgam;
744 5431 941 5485 divisio
986 5446 1113 5485 vero
1141 5428 1399 5484 Jordanis
1442 5428 1581 5483 facta
1615 5439 1697 5483 est
1728 5443 1823 5497 per

254 5525 600 5597 praesentiam
648 5538 788 5577 arca:
827 5522 1077 5589 Domini;
1112 5520 1375 5584 secundo,
1408 5520 1462 5574 in
1514 5520 1651 5574 mari
1683 5520 1821 5573 divi~

252 5636 330 5673 δίε
362 5633 515 5686 aquae
540 5615 794 5685 utrinque
818 5615 974 5686 quasi
1005 5613 1145 5668 muri
1185 5613 1580 5673 constiterunt;
1626 5611 1679 5664 in
1704 5609 1821 5664 Jor-

250 5715 392 5766 dane
435 5724 563 5765 vero
600 5709 825 5765 inferior
851 5723 977 5779 pars
1017 5705 1239 5762 deﬂuxit
1262 5705 1314 5759 in
1342 5719 1492 5759 mare
1521 5701 1815 5772 Mortuum,

1939 4497 2093 4564 certo
2117 4511 2323 4566 scimus
2351 4512 2509 4564 aliter
2542 4526 2599 4564 se
2632 4511 2828 4565 habere
2858 4531 2873 4577 ;
2905 4521 2957 4566 et
2989 4513 3130 4567 hunc
3176 4513 3393 4567 modum
3423 4514 3500 4567 lo-

1938 4603 2136 4672 quendi
2174 4604 2337 4657 etiam
2369 4617 2489 4655 esse
2515 4600 2752 4665 Christo,
2780 4610 2833 4655 et
2859 4602 3055 4657 divinae
3083 4604 3377 4672 Scriptura:
3419 4604 3502 4658 fa—

1935 4695 2231 4759 miliarem;
2264 4694 2560 4761 loquuntur
2593 4695 2736 4747 enim
2763 4708 2884 4747 cum
2916 4694 3226 4748 hominibus
3262 4695 3501 4749 humano

1935 4786 2117 4851 modo,
2148 4795 2206 4840 ut
2231 4786 2299 4839 ab
2324 4785 2638 4838 hominibus
2666 4785 3058 4854 percipiantur,
3094 4795 3148 4840 et
3174 4794 3397 4840 utuntur
3431 4788 3498 4839 iis

1935 4892 2054 4946 qua:
2082 4888 2207 4932 sunt
2239 4876 2380 4947 apud
2410 4877 2653 4931 homines
2683 4877 2738 4929 in
2767 4876 3039 4940 confesso,
3071 4878 3136 4931 ad
3170 4878 3495 4932 insinuanda

1934 4970 2039 5023 alia
2094 4969 2411 5023 sublimiora
2453 4979 2506 5023 et
2538 4968 2742 5033 divina,
2773 4977 2828 5023 et
2859 4969 3121 5039 exemplis
3143 4984 3309 5024 sacrae
3349 4968 3499 5023 Scri-

1930 5067 2103 5127 ptura:
2137 5060 2513 5114 demonstrare
2559 5069 2825 5125 conatur;
2854 5061 2994 5115 inter
3043 5075 3106 5115 ea
3160 5060 3234 5113 ita
3266 5061 3497 5130 explicat

1930 5151 2077 5206 hunc
2119 5150 2322 5213 locum,
2351 5161 2409 5205 ut
2434 5153 2613 5221 potius
2645 5152 2978 5207 contrarium
3003 5165 3125 5206 esse
3150 5151 3383 5221 quisque
3407 5151 3493 5205 in-

1928 5245 2167 5314 telligat;
2206 5244 2481 5298 concludit
2517 5245 2664 5299 enim
2696 5254 2828 5298 tunc
2860 5252 3061 5298 terram
3098 5245 3336 5307 stetisse.
3372 5260 3492 5317 qua.

1925 5334 2148 5405 perenni
2178 5344 2325 5388 motu
2368 5336 2705 5399 movebatur,
2736 5352 2845 5390 non
2890 5336 3015 5390 item
3073 5337 3265 5391 solem.
3314 5335 3489 5391 Verba

1924 5428 2042 5497 ejus
2073 5436 2197 5483 sunt
2224 5446 2238 5481 :
2274 5425 2455 5481 Facile
2489 5436 2660 5481 autem
2686 5427 2823 5481 Deus
2862 5443 2926 5482 ea:
2954 5427 3119 5482 Iosue
3165 5427 3489 5497 verbis,quid

1923 5520 1967 5573 is
2004 5519 2171 5579 vellet.
2211 5518 2472 5571 intellexit
2506 5520 2895 5588 :prwstititque
2932 5518 3149 5573 inhibito
3193 5528 3335 5573 motu
3380 5530 3486 5574 ter-

1921 5629 2014 5675 rw,
2050 5624 2104 5664 ut
2143 5612 2224 5665 illi
2249 5620 2393 5665 stare
2418 5611 2677 5665 videretur
2699 5613 2799 5666 sol.
2835 5612 3114 5667 Petilianis
3140 5613 3272 5665 enim
3307 5610 3487 5664 Josua:

1918 5719 2129 5762 summa
2179 5702 2277 5758 huc
2303 5702 2529 5770 redibat,
2559 5712 2617 5755 ut
2668 5703 2766 5759 hoc
2818 5706 2894 5761 sic
2945 5703 3050 5759 sibi
3092 5702 3255 5758 videri
3287 5712 3484 5773 posset,
