4072 6338
551 302 691 359 1063

546 415 802 491 quidquid
832 413 1041 468 interim
1074 422 1246 476 esset;
1271 410 1459 480 quippe
1489 404 1584 461 ηδε
1622 401 1787 458 videri
1810 413 2025 463 nanum,
2067 406 2116 451 et
2145 410 2193 466 Α
2218 393 2306 448 ubi

551 513 759 567 irritum
784 524 884 561 non
912 505 1036 575 fuit,
1077 502 1166 559 sed
1198 502 1534 572 conjunctum
1567 510 1685 550 cum
1705 493 1890 562 effectu
1915 498 2112 560 optato.

554 603 697 656 Dura
729 614 861 655 sane
909 596 1219 651 divinarum
1245 595 1551 647 litterarum
1597 584 1888 656 expositio,
1924 589 1979 635 et
2003 579 2118 634 dis-

553 701 727 759 torta;
780 689 1032 761 quamvis
1087 688 1233 743 enim
1298 686 1580 744 sciamus,
1639 676 1941 747 saepissime
2003 687 2117 734 eas,

557 798 709 839 more
737 782 1015 837 hominum
1045 780 1216 834 multa
1248 775 1515 847 proferre.
1542 786 1666 843 qua:
1710 768 1866 822 aliter
1895 778 2019 819 esse
2063 776 2123 816 re

560 885 708 933 certa
756 873 1141 944 comperimus,
1194 878 1374 922 tamen
1408 862 1678 921 sententia
1718 871 1933 927 semper
1968 856 2122 909 ﬁrma

561 972 855 1044 ﬁgurarum
897 984 959 1022 ac
991 965 1327 1022 schematum
1352 959 1542 1014 modos
1566 954 1912 1027 exponimus.
1937 949 2123 1017 sicque

562 1066 726 1121 rebus
753 1077 874 1118 esse
906 1056 1299 1114 coniormatam
1321 1047 1800 1121 deprehendimus,
1827 1050 1883 1095 at
1905 1042 1961 1095 in
1991 1053 2126 1092 con-

562 1157 790 1211 trarium
819 1167 1039 1209 sensum
1071 1149 1392 1216 detorquere
1414 1143 1536 1213 quis
1562 1154 1708 1194 sanae
1732 1135 1929 1191 mentis
1954 1129 2124 1186 ande-

561 1248 677 1305 bit‘l
708 1246 800 1301 Sol
831 1251 957 1308 stat,
995 1241 1046 1296 id
1075 1246 1179 1302 est,
1202 1246 1349 1293 terra
1376 1240 1503 1298 stat,
1538 1232 1661 1302 quis
1704 1227 1758 1282 id
1781 1224 1996 1281 credet?
2027 1221 2127 1276 Sa-

561 1341 791 1400 nissima
816 1350 1030 1405 semper
1058 1339 1369 1388 sanctorum
1406 1325 1629 1379 Patrum
1660 1318 1947 1390 expositio,
1964 1328 2126 1386 quam

565 1435 710 1490 sicut
753 1437 806 1483 et
856 1428 912 1481 in
962 1426 1085 1491 hoc,
1114 1423 1186 1476 ita
1207 1427 1261 1475 et
1295 1418 1350 1471 in
1383 1416 1505 1469 aliis
1537 1424 1752 1469 summa
1782 1405 2130 1464 veneratione

566 1520 966 1591 amplectimur.

638 1589 755 1669 Col.
781 1611 904 1673 794,
940 1609 1037 1662 lin.
1067 1605 1118 1661 7.
1159 1601 1348 1671 Ἀσὼρ
1377 1597 1445 1654 δὲ
1478 1600 1511 1652 δ
1533 1597 1639 1662 βα.
1660 1593 1735 1649 De
1760 1593 1848 1647 his
1874 1589 2131 1645 omnibus

566 1703 690 1758 vide
713 1699 1004 1769 Josephum
1048 1696 1195 1750 dicto
1228 1694 1348 1747 loco
1375 1707 1389 1756 ;
1419 1689 1486 1743 de
1515 1685 1784 1741 divisione
1808 1690 1966 1737 terrm
1990 1678 2133 1732 Cha-

568 1808 711 1849 naan
735 1790 990 1845 distincte
1021 1786 1203 1841 omnia
1249 1785 1501 1851 leguntur
1534 1778 1589 1832 in
1619 1774 1792 1831 sacris
1834 1771 2074 1826 Litteris.
2151 1775 2195 1831 Β

550 1937 555 1941 ,
641 1880 909 1945 lbid.,llin.
929 1878 1017 1933 45.
1048 1874 1126 1944 Τῇ
1142 1871 1447 1940 Ἀστάρτη.
1469 1862 2136 1929 Astarte,vetustissnnum

571 1974 742 2046 Syria
791 1970 1000 2026 numen
1056 1950 1225 2021 ltiisse
1265 1969 1416 2017 notat
1438 1958 1830 2019 Tertullianus,
1864 1951 2134 2023 Apologet.

570 2045 692 2140 cap.
717 2066 807 2131 24,
846 2062 1132 2131 Unicuique
1178 2059 1338 2113 etiam
1389 2051 1672 2124 provincia:
1700 2060 1746 2103 et
1781 2045 1982 2101 civitati
2010 2060 2137 2099 suus

573 2138 701 2217 deus
747 2168 848 2223 est,
897 2165 954 2210 ut
1001 2153 1173 2223 Syria:
1216 2153 1477 2204 Astartes.
1506 2142 1885 2198 Artemidorus
1919 2138 2140 2194 Oneiro-

575 2258 697 2310 erit.
750 2251 848 2307 lib.
891 2266 928 2315 ι,
962 2262 1062 2317 cap
1124 2244 1180 2308 9,
1223 2241 1433 2313 Ἰχθύας
1484 2238 1681 2299 πάντες
1728 2233 1962 2287 ἐσθίουσι
2002 2229 2139 2300 πλὴν

574 2347 762 2419 Σύρων
793 2343 953 2395 τινῶν
975 2338 1084 2392 τῶν
1126 2336 1222 2407 τὴν
1252 2334 1552 2403 Ἀστάρτην
1573 2327 1898 2397 σεϐομένων.
1917 2324 2143 2380 Constat

579 2414 981 2497 evalutarcho
1013 2428 1181 2499 Syros
1223 2424 1433 2496 Syriam
1465 2420 1620 2475 deam
1671 2416 1929 2479 coluisse,
1984 2414 2142 2481 cujus

576 2527 708 2583 ﬁlia'
742 2504 874 2597 cuin.
910 2524 1023 2577 haec
1067 2519 1396 2579 crederetur,
1429 2514 1565 2569 nihil
1598 2512 1795 2566 mirum
1830 2509 1998 2581 Syros
2025 2522 2144 2562 eam

580 2617 833 2673 coluisse.
904 2611 1252 2667 thnicibus
1306 2615 1360 2663 et
1406 2606 1646 2660 Sidoniis
1709 2602 1800 2657 alii
1878 2601 2145 2656 tribuunt.

582 2709 817 2766 Achilles
850 2705 1040 2760 Tatius
1066 2703 1220 2756 initio
1246 2700 1340 2755 lib.
1371 2717 1385 2754 ι
1428 2717 1442 2753 :
1475 2695 1737 2753 Ἐνταῦθα
1763 2710 1912 2765 ηκων
1934 2693 1998 2745 ἐκ
2025 2690 2151 2744 πολ-

582 2802 669 2857 λοῦ
708 2798 992 2872 χειμῶνος,
1025 2794 1331 2865 Σώστρατε,
1368 2790 1521 2843 ἔθυον
1548 2787 1765 2859 ἐμαυτῷ
1797 2790 1861 2857 τῇ
1888 2784 1996 2839 τῶν
2026 2785 2150 2837 Φοι-

584 2895 763 2947 νίκωψ
806 2888 1057 2943 καλοῦσιν
1103 2884 1270 2956 αὐτὴν
1310 2882 1607 2954 Ἀστάρτην
1639 2882 1687 2933 οἱ
1721 2877 1979 2931 Σιδώνιοι.
2027 2874 2152 2928 Sni~

582 2984 681 3038 das
715 3000 727 3037 :
763 2980 1028 3051 Ἀστάρτη
1066 2979 1098 3047 ὴ
1126 2975 1256 3047 παρ’
1278 2973 1530 3041 Ἕλλησιν
1561 2968 1842 3041 Ἀφροδίτη
1864 2965 2149 3036 λεγομένη,

583 3072 705 3136 θεὸς
740 3070 1024 3122 Σιδωνίων.
1051 3065 1286 3120 Joannes
1312 3063 1623 3131 Xiphilinus
1654 3060 1901 3114 oratione
1930 3057 2004 3110 De
2025 3056 2152 3109 ado-

584 3165 789 3216 ratione
813 3159 983 3212 crucis
1008 3194 1023 3220 ,
1076 3154 1180 3209 Καὶ
1227 3152 1679 3224 προσκυνήσασαν
1721 3150 1787 3219 τῇ

584 3254 679 3307 καὶ
705 3252 782 3322 τῷ
807 3248 1029 3321 Καμὼς,
1061 3248 1089 3301 ὅ
1128 3248 1243 3298 ἐστι
1273 3230 1860 3310 Σιδωνίων’βδὲλυγμα.
1887 3236 2148 3307 Augusti-

585 3362 692 3400 nus
744 3343 956 3402 asserit,
997 3340 1178 3408 lingua
1221 3334 1447 3396 Punica,
1477 3347 1595 3402 quae
1622 3347 1689 3385 ex
1729 3330 1951 3383 Hebraea
1999 3337 2148 3391 nata,

585 3436 850 3491 lunonem
893 3433 1010 3487 sine
1032 3429 1369 3485 dubitatione
1392 3426 1575 3480 vocari
1604 3424 1896 3484 Astartem,
1924 3420 2019 3474 lib.
2051 3434 2149 3483 vn,

588 3535 780 3599 φησι.
811 3524 896 3579 16.
922 3522 1102 3576 Multa:
1129 3518 1370 3574 Junones
1406 3515 1705 3581 veteribus,
1725 3513 1866 3568 sicut
1895 3521 1947 3566 et
1970 3508 2152 3573 Joves,

588 3625 644 3675 et
672 3617 925 3681 Veneres,
967 3615 1091 3668 inde
1123 3611 1348 3674 factum,
1384 3616 1446 3664 ut
1493 3614 1688 3676 quarta
1745 3603 1928 3660 Venus
1950 3619 1977 3656 a
2003 3601 2156 3673 Syris

591 3714 826 3775 Astarte,
855 3724 951 3763 seu
989 3705 1242 3760 Astareth
1269 3702 1438 3774 Syriae
1466 3711 1519 3756 et
1543 3698 1671 3771 Tyri
1708 3698 1815 3752 ﬁlia
1850 3704 2154 3758 vocaretur,

593 3813 730 3860 terte
758 3801 1019 3856 Cicerone
1051 3799 1144 3852 lib.
1167 3813 1225 3851 ιιι
1259 3795 1333 3849 De
1352 3806 1464 3848 nat.
1487 3793 1633 3846 deor.
1672 3790 2016 3857 Quibusdam
2043 3789 2157 3842 ιιωο

596 3895 768 3959 Luna,
798 3910 891 3949 seu
916 3893 1083 3946 Diana
1106 3889 1331 3944 credita.
1358 3887 1498 3941 Sunt
1520 3887 1611 3956 qui
1646 3894 1837 3955 putant
1868 3899 1985 3938 eam
2015 3897 2156 3945 esse,

594 3999 715 4057 qua
759 3985 815 4038 in
864 3982 1035 4038 sacris
1067 3979 1289 4035 Litteris
1317 3984 1370 4031 et
1413 3977 1683 4046 praecipue
1714 3974 1965 4028 Jtnlicum
2005 3989 2061 4036 χ,
2103 3972 2158 4036 6,

595 4076 853 4132 Astaroth
882 4074 1103 4138 dicitur,
1139 4078 1193 4125 et
1231 4069 1325 4123 ubi
1363 4066 1429 4121 Ν
1462 4066 1592 4137 Reg.
1618 4082 1751 4120 χχιιι
1773 4105 1788 4127 ,
1816 4065 1881 4118 15
1922 4065 2157 4134 legitur:

599 4167 732 4235 Quae
765 4165 1115 4233 ardiﬁcaverat
1144 4159 1393 4214 Salomon
1418 4172 1511 4210 rex
1531 4155 1704 4209 Israel
1732 4153 1985 4209 Astarotlt
2019 4153 2162 4209 idolo

601 4257 964 4318 Sidoniorum,
1003 4251 1355 4322 Septuaginta
1389 4255 1626 4309 vertunt,
1644 4246 1702 4301 ὃν
1726 4246 2036 4318 ᾠκοδόμησε
2063 4244 2166 4299 Σα-

599 4348 779 4421 λομὼν
810 4345 1058 4417 βασιλεὺς
1093 4340 1304 4414 Ἰσραὴλ
1344 4343 1412 4411 τῇ
1455 4339 1743 4411 Ἀστάρτῃ,
1772 4337 1852 4391 sic
1879 4337 2025 4391 enim
2066 4352 2165 4406 pu—

1862 279 2111 338 LEONIS
2150 277 2426 373 ALLATII

3646 249 3783 308 {06‘

2375 387 2678 459 prodigiosa
2737 378 3053 451 Adargartis
3113 371 3391 448 [emendat
3443 364 3786 459 Ramiresius

2220 451 2549 549 Λάανέμιιὶδ]⁷
2563 471 2762 528 Graecis
2802 480 2978 523 autent
3008 464 3230 520 Derecto
3258 460 3405 513 dicta
3432 457 3645 510 colitur.
3683 451 3789 506 Sa-

2218 537 2442 639 tiatque,
2469 537 2530 619 ut
2585 563 2703 632 ipse
2758 556 3056 617 existimat,
3085 553 3264 605 locutn
3292 546 3439 601 Petri
3469 539 3661 597 Criniti
3693 537 3787 591 lib.

2220 625 2450 712 xrv.De
2520 625 2741 704 honesta
2786 645 2997 710 discip.,
3046 654 3167 708 cap.
3211 636 3281 700 8,
3357 631 3635 703 Syriarum
3692 625 3794 678 dea

2220 746 2529 819 Adagartis,
2576 736 2838 795 mutando
2882 736 2939 789 in
2987 729 3294 801 Adargatis.
3341 725 3474 790 Quae
3522 715 3795 775 correctio

2221 839 2471 914 quamvis
2525 842 2707 898 acula,
2752 828 2916 884 nimis
2960 841 3094 882 sane
3138 819 3522 892 superstitiosa
3551 811 3793 866 videtur.

2225 932 2317 987 Sic
2363 931 2505 985 enim
2535 933 2715 983 textus
2749 914 3331 987 omnes’antiquorum
3381 915 3568 964 essent
3613 907 3792 959 inver-

2229 1204 2416 1277 Syrios
2444 1199 2731 1269 Adardaga
2761 1196 2868 1250 dici
2893 1194 3118 1264 piscem,
3152 1188 3345 1244 ideone
3368 1192 3423 1238 ct
3461 1185 3604 1237 hanc
3641 1180 3799 1233 dcam

2227 1297 2303 1352 ita
2347 1268 2716 1363 nuncupatam
2766 1283 3182 1344 aliirmabimus,
3214 1276 3367 1347 nulla
3407 1275 3609 1334 littera,
3652 1268 3800 1323 nulla

2229 1387 2435 1460 syllaba
2489 1359 2813 1439 immutata?
2863 1375 2969 1432 Sed
3012 1380 3131 1429 esto
3173 1371 3281 1435 ita;
3322 1367 3513 1423 ideme
3557 1371 3616 1418 et
3661 1359 3802 1431 apud

2228 1455 2466 1541 (irascos,
2503 1473 2618 1528 sive
2648 1471 2811 1527 etiam
2843 1465 3119 1541 Romanos
3149 1463 3300 1531 ipsos
3328 1458 3405 1512 ita
3438 1455 3641 1511 debere
3678 1466 3803 1523 pro-

2230 1568 2474 1625 nuntiari
2515 1561 2859 1621 evincemur?
2906 1558 3081 1614 Verba
3125 1555 3263 1609 dura
3298 1567 3364 1606 ac
3403 1563 3597 1621 aspera
3634 1545 3805 1601 emole

2231 1661 2371 1715 liunt
2406 1655 2601 1721 Graeci,
2634 1651 2997 1720 Romanique,
3028 1655 3083 1701 et
3131 1642 3417 1699 barbarica
3464 1640 3556 1693 illa
3601 1638 3659 1691 in
3690 1651 3803 1690 me-

2220 1755 2410 1810 liorem
2451 1750 2656 1820 frugem
2715 1745 3003 1807 reducunt,
3060 1736 3538 1809 politioribusque,
3585 1738 3649 1784 nt
3700 1727 3802 1798 ipsi

2236 1842 2578 1917 politissimis
2624 1844 2754 1895 sunt
2804 1834 3088 1897 moribus,
3148 1827 3491 1884 vestimentis
3548 1823 3805 1884 induunt,

2237 1918 2461 1991 accentu
2511 1932 2743 1993 scilicet,
2802 1940 2961 1990 sono,
3009 1921 3476 1995 pronuntiatione,
3533 1912 3833 1969 numeris.‘

2239 2026 2380 2094 Quid
2428 2025 2626 2080 mirum
2678 2021 2724 2076 si
2760 2019 3025 2091 Syrorum
3073 2012 3382 2081 Adardaga,
3417 2010 3469 2062 in
3507 2005 3807 2077 Atargatint

2240 2120 2457 2186 abierit,
2494 2114 2794 2189 praesertim
2850 2112 2923 2165 ita
2967 2108 3241 2165 scribente
3274 2103 3447 2157 Plinio
3478 2101 3600 2155 loco
3642 2099 3807 2163 dicto,

2241 2220 2296 2269 et
2325 2219 2452 2266 ante
2495 2224 2618 2265 eum
2651 2204 2920 2260 Strabone
2968 2202 3064 2255 lib.
3100 2214 3213 2260 va,
3241 2212 3308 2251 ex
3349 2209 3459 2265 quo
3490 2207 3592 2247 sua
3631 2192 3813 2245 haltuit

2240 2305 2449 2360 Plinius
2468 2322 2481 2356 :
2500 2300 2846 2371 ’Υπέρκειται
2878 2296 2934 2350 δὲ
2964 2294 3056 2348 τοῦ
3085 2288 3328 2361 ποταμοῦ
3364 2287 3608 2358 σχοίνους
3633 2283 3816 2337 τέττα-
3876 2259 3892 2276 ’

2247 2415 2344 2470 ρας
2377 2394 2626 2466 διέχουσα
2647 2393 2680 2462 ἡ
2702 2388 2987 2459 Βαμϐύκη,
3010 2387 3075 2457 ἣν
3111 2385 3203 2438 καὶ
3228 2381 3513 2443 Ἔδεσσαν,
3546 2379 3643 2431 xui
3670 2376 3814 2447 ἱερὰν

2246 2465 2397 2540 luem
2449 2465 2724 2543 καλοῦσιν,
2770 2481 2828 2532 ὲν
2948 2475 3148 2547 τιμῶσι
3189 2473 3279 2526 τὸν
3306 2472 3503 2543 Συρίαν
3554 2467 3678 2521 θεὸν
3722 2465 3815 2537 τὴν

2257 2575 2596 2648 Ἀταργάτιν,
2627 2588 2725 2627 nec
2749 2569 3004 2625 dissimili
3039 2569 3251 2621 ratione
3284 2578 3483 2619 nomen
3510 2563 3678 2616 etiam
3718 2558 3817 2629 ipsi

2246 2685 2315 2725 ex
2345 2667 2568 2740 Syriaco
2601 2664 2925 2729 deﬂectunt;
2961 2677 3027 2716 ex
3055 2657 3342 2727 Adardaga
3382 2669 3622 2722 namque
3658 2654 3817 2706 Atar-

2247 2762 2412 2831 gatim
2441 2759 2668 2821 faciunt,
2707 2754 2916 2810 meliori
2945 2768 3081 2808 sono
3120 2761 3281 2821 atque
3318 2747 3669 2802 formatione.
3712 2742 3823 2798 Nec

2251 2854 2356 2908 alia
2410 2852 2623 2906 ratione
2674 2848 2938 2911 voluisse,
2970 2847 3055 2900 vel
3088 2845 3330 2915 potuisse
3363 2841 3602 2895 scribere
3644 2837 3827 2893 Crini—

2252 2955 2391 3014 tum,
2438 2952 2492 3000 et
2549 2945 2708 3008 alios,
2742 2943 2833 3013 qui
2866 2943 2921 2996 in
2954 2940 3046 2995 illo
3078 2940 3258 3009 capite
3302 2937 3611 2999 laudantur,
3636 2933 3723 2988 vel
3754 2948 3826 2988 ex

2254 3056 2321 3095 eo
2369 3039 2490 3094 solo
2543 3035 2892 3091 manifestum
2946 3040 3050 3093 est.
3086 3030 3230 3101 quod
3284 3027 3574 3083 Strabonis
3618 3026 3822 3086 lerunt,

1847 3146 2112 3218 Ἀστάρτῃ
2131 3183 2145 3207 ,
2178 3116 2223 3177 C
2252 3146 2413 3201 quem
2439 3144 2605 3200 supra
2634 3127 2979 3197 scripsimus,
3002 3124 3130 3178 dum
3160 3122 3249 3175 illa
3273 3120 3601 3183 scriberent,
3623 3116 3826 3171 habue—

2249 3224 2360 3277 rint
2381 3237 2491 3293 pra:
2515 3220 2724 3287 oculis;
2750 3219 2823 3273 ibi
2852 3218 2994 3273 enim
3009 3214 3282 3284 Atargatis
3301 3212 3516 3282 legitur.
3534 3209 3617 3263 En
3642 3210 3824 3277 singu-

2249 3316 2365 3370 lare
2387 3315 2455 3369 de
2481 3314 2585 3368 hac
2611 3312 2910 3366 mutatione
2930 3308 3215 3363 Strabonis
3235 3305 3611 3360 testimonium
3647 3304 3703 3356 in
3728 3301 3826 3355 tiae

2251 3405 2380 3461 dicti
2413 3405 2561 3468 libri,
2593 3405 2658 3457 Αἱ
2682 3403 2738 3456 δὲ
2756 3403 2864 3456 τῶν
2881 3400 3155 3471 ὀνομάτων
3185 3396 3582 3471 μεταπτώσεις,
3605 3396 3703 3449 καὶ
3733 3394 3828 3464 μά-

2252 3497 2409 3552 λιστα
2422 3496 2528 3550 τῶν
2555 3495 2899 3567 βαρϐαρικῶν
2935 3493 3146 3555 πολλαὶ,
3173 3490 3422 3560 καθάπερ
3438 3489 3532 3543 τὸν
3556 3489 3830 3559 Δαριήκην

2253 3591 2474 3662 Δαρεῖον
2502 3587 2786 3652 ἐκάλεσαν,
2813 3585 2910 3658 τὴν
2933 3586 2990 3639 δὲ
3017 3583 3273 3658 Πάρζιλιν
3291 3582 3629 3654 Παρυσάτιν,
3648 3582 3833 3651 ’Δταρ-

2255 3680 2427 3750 γατὴν
2448 3678 2505 3732 δὲ
2534 3679 2674 3750 (lego
2709 3675 3055 3747 Ἀταργάτιν,
3084 3675 3170 3729 vel
3217 3672 3566 3744 Ἀτεργάτιν,
3592 3679 3657 3725 ιιι
3675 3685 3830 3739 supe-

2255 3771 2372 3825 rius
2424 3770 2540 3838 ipse
2585 3769 2901 3838 scripserat,
2950 3768 3056 3824 nisi
3104 3767 3241 3822 velis
3298 3765 3676 3836 Ἀταργάτην)
3735 3764 3831 3833 τὴν

2270 3859 2528 3932 Ἀϐάραν,
2550 3857 2799 3931 Δερκετὼ
2824 3858 2881 3912 δὲ
2908 3858 3075 3928 αὐτὴν
3112 3856 3356 3928 Κτησίας
3386 3854 3561 3908 καλεῖ.
3585 3855 3833 3907 Astartes

2260 3950 2387 4006 item
2428 3950 2725 4004 meminere
2775 3948 3051 4009 Elianns,
3094 3945 3287 4001 Cicero
3332 3944 3405 3999 De
3453 3954 3640 3998 natur.
3664 3943 3832 4005 deor..

2261 4040 2627 4097 Tertullianus
2683 4040 2737 4094 in
2784 4040 3004 4109 Apolog.
3036 4053 3156 4108 cap.
3198 4036 3293 4096 24,
3321 4034 3595 4105 Iosephus
3648 4043 3831 4087 contra

2261 4131 2851 4202 Appionem,Eusebius
2877 4129 2952 4185 De
2990 4130 3371 4200 prwparatione
3414 4127 3649 4196 evangel.
3679 4126 3770 4179 lib.
3792 4138 3831 4188 ι,

2262 4239 2385 4292 cap.
2436 4222 2491 4277 2.
2562 4221 2898 4292 Epiphanius
2947 4237 3014 4275 ex
3064 4221 3294 4275 aliorum
3344 4218 3605 4288 Opinione
3657 4216 3834 4287 prodit

2265 4325 2471 4385 patrem
2501 4312 2893 4368 Melchisedech
2933 4311 3138 4367 dictum
3183 4309 3353 4365 fuisse
3381 4308 3694 4372 lleraclam,
3724 4321 3837 4362 ma-

599 4396 1055 4509 tari-legendum:
1089 4396 1194 4488 non
1228 4396 1478 4503 ‘Aodtilin.
1508 4430 1591 4492 Et,
1657 4396 1786 4499 Reg.
1810 4445 1960 4488 χχιιι,
1981 4396 2082 4483 1οξ
2100 4426 2147 4480 E

2269 4417 2402 4462 trem
2427 4420 2554 4495 vero
2591 4396 2871 4458 Astarotli.

600 4537 882 4602 posuerunt
928 4542 1080 4580 arma
1125 4524 1237 4587 eius
1274 4525 1327 4577 in
1368 4525 1554 4590 tewplo
1587 4522 1892 4575 Astharotlt.
1930 4520 2153 4589 Septuao

602 4622 774 4690 ginta,
800 4619 909 4672 Καὶ
941 4616 1208 4687 ἀνέθηκαν
1232 4613 1299 4666 τὰ
1322 4613 1488 4684 σκεύη
1513 4612 1678 4667 αὐτοῦ
1718 4614 1797 4675 εἰς
1831 4611 1893 4664 τὸ
1939 4612 2165 4683 Ἀσταρ-

604 4712 766 4773 τεῖον,
796 4708 885 4761 ubi
920 4705 1101 4760 Schol.
1134 4706 1213 4768 εἰς
1240 4704 1299 4757 τὸ
1334 4702 1476 4774 ἱερὸν
1502 4703 1599 4772 τῆς
1641 4701 1956 4772 Ἀστάρτης.
2004 4699 2173 4755 Sonat

606 4800 924 4856 Pluenicum
980 4799 1163 4868 lingua
1213 4794 1423 4866 Greges,
1462 4794 1624 4865 μῆλα,
1653 4802 1706 4848 et
1744 4793 1885 4862 apud
1919 4792 2172 4848 Hebraeos

607 4892 793 4949 eadem
825 4905 956 4944 voce
983 4888 1357 4959 proferuntur,
1381 4884 1593 4954 Greges,
1615 4892 1670 4939 et
1697 4885 1980 4947 Astaroth;
2006 4902 2175 4955 quare

607 4980 779 5036 David
817 4978 1017 5041 Kimhi,
1072 4984 1125 5031 et
1169 4975 1412 5029 Marinus
1466 4974 1758 5029 Brixianus
1823 4976 2174 5044 suspicantur

610 5073 813 5129 idolum
854 5070 1024 5125 fuisse
1058 5068 1228 5133 natura
1264 5068 1404 5128 ovis,
1441 5067 1514 5119 ita
1553 5063 1825 5120 referente
1851 5065 2060 5120 Joanne
2087 5066 2175 5119 Pi-

609 5162 749 5218 neda
780 5161 870 5216 lib.
894 5177 965 5214 vn
986 5159 1063 5214 De
1079 5159 1229 5213 rebus
1262 5156 1487 5219 Salom.,
1517 5171 1568 5210 c.
1595 5157 1681 5219 il,
1705 5173 1855 5211 num.
1888 5158 1944 5215 2.
1974 5155 2175 5214 Graecis

611 5254 834 5309 Derceto
885 5251 992 5307 dici
1042 5251 1255 5312 volunt,
1307 5264 1441 5304 voce
1476 5249 1731 5304 nimirum
1764 5249 1972 5304 detorta
2008 5267 2036 5304 a
2077 5252 2177 5322 Sy-

613 5346 761 5399 riaca
815 5342 1128 5414 Adardaga,
1182 5355 1287 5412 qua
1362 5341 1438 5394 illi
1515 5340 1714 5410 piscem
1768 5342 2173 5408 signiﬁcabant.

613 5436 795 5502 Quare
839 5434 1166 5489 Laurentius
1212 5432 1546 5488 Ramiresius
1593 5434 1647 5487 in
1705 5431 2174 5499 Pentecoutarc/ro,

614 5544 735 5597 cap.
764 5527 855 5591 21,
892 5528 1116 5598 corrigit
1153 5516 1509 5585 Macrobium.
1547 5526 1641 5580 lib.
1669 5542 1708 5590 ι,
1745 5540 1864 5595 cap.
1899 5528 1989 5593 21,
2025 5530 2176 5597 Apud

616 5634 743 5687 quos
776 5617 985 5673 Veneris
1019 5616 1329 5680 Architidis,
1356 5628 1407 5671 et
1432 5616 1628 5672 Adonis
1664 5620 1912 5683 maxime,
1945 5628 2051 5674 etc.
2100 5623 2175 5675 lix

617 5707 778 5762 Plinii
802 5709 899 5762 lib.
927 5723 980 5762 vt
1020 5706 1151 5763 Nat.
1183 5706 1333 5775 Irish,
1367 5724 1417 5763 c.
1458 5710 1551 5779 25,
1592 5708 1765 5779 Syriis
1800 5727 1918 5765 vero
1955 5710 2172 5784 Magog.

2340 4482 2499 4563 lbid.,
2559 4498 2657 4551 lin.
2704 4496 2795 4551 45.
2853 4497 2949 4563 Ὧς
3000 4494 3098 4550 ἐπὶ
3135 4495 3463 4551 πολύκατα.
3486 4494 3545 4548 In
3576 4493 3747 4548 malis
3785 4502 3837 4547 et

2271 4590 2672 4646 calamitatibus
2713 4588 2781 4643 ad
2819 4586 2986 4642 Deum
3030 4587 3389 4655 caelestesque
3438 4584 3627 4639 auxilii
3674 4597 3837 4640 causa

2271 4682 2639 4751 confugimus,
2672 4680 2883 4750 hocque
2910 4679 3151 4736 solemne
3173 4687 3259 4735 est
3280 4678 3557 4734 omnibus.
3575 4676 3838 4750 Virgilius

2272 4776 2488 4831 zEneid.
2512 4776 2606 4831 lib.
2636 4790 2689 4831 ιε

2276 4886 2489 4941 Interea
2517 4886 2586 4940 ad
2617 4888 2864 4956 templum
2897 4903 3001 4942 non
3035 4901 3197 4955 (aqua:
3226 4881 3474 4956 Palladis
3515 4881 3671 4937 ibant

2276 4957 2524 5027 Crinibus
2556 4954 2758 5012 Iliades
2782 4959 2978 5027 passis.
3016 4954 3323 5025 peplumque
3352 4954 3611 5027 ferebant,

2276 5026 2591 5095 Suppliciter
2630 5024 2828 5095 tristes,
2858 5036 2907 5081 et
2943 5024 3110 5081 tunso:
3139 5036 3357 5095 pectora
3382 5024 3598 5092 palmis.

2276 5118 2342 5172 Et
2371 5119 2445 5173 lib
2494 5134 2532 5171 ιι
2565 5137 2579 5172 :

2279 5207 2390 5290 {Vae
2419 5227 2524 5290 non
2552 5209 2618 5261 ad
2650 5210 2918 5279 templum.
2945 5225 3277 5290 summasque
3310 5207 3389 5290 ad
3421 5204 3672 5260 Palladis
3702 5222 3845 5260 arces

2277 5278 2588 5350 Subreltitur
2616 5296 2807 5350 magna
2838 5290 3064 5334 matrum
3099 5278 3278 5350 regina
3307 5288 3517 5332 caterva

2275 5348 2429 5420 Dona
2457 5349 2647 5417 ferens,
2677 5348 2938 5420 juxtaque
2970 5348 3391 5405 comcs'Lavinia
3431 5348 3577 5416 virgo

2277 5418 2456 5474 Causa
2488 5420 2616 5473 mali
2644 5423 2800 5475 tanti.

2280 5531 2570 5587 Sallustius
2615 5532 2669 5585 in
2704 5530 2983 5603 Conjurat.
3007 5531 3256 5589 Catilina!
3288 5549 3307 5587 :
3339 5532 3422 5587 Ad
3451 5531 3547 5586 hoc
3576 5532 3841 5586 mulieres.

2276 5623 2461 5693 quibus
2494 5640 2586 5694 pro
2623 5624 2979 5693 magnitudine
3013 5626 3133 5679 belli
3182 5626 3341 5679 timor
3382 5625 3631 5680 insolitus
3678 5625 3845 5678 inces-

2278 5725 2439 5779 serat,
2465 5717 2727 5787 afﬂictare
2756 5736 2886 5787 sese,
2913 5736 3099 5774 manus
3129 5721 3384 5789 supplices
3416 5718 3483 5773 ad
3508 5719 3701 5774 osclum
3734 5730 3844 5773 terr
