4072 6338
340 275 478 330 1065

1399 276 1604 333 TITUS
1643 275 2086 336 BOSTRENSIS.
2119 312 2186 320 —
2219 276 2514 333 NOTITIA.

3426 280 3565 335 1066

325 387 473 452 dere,
522 389 764 443 miserari
799 406 985 459 parvos
1042 391 1251 456 liberos,
1301 395 1552 463 rogitare,
1577 397 1755 450 omnia
1793 411 1891 463 pa-
1920 407 1968 461 Α
1991 399 2184 452 moria.
2203 399 2470 452 hominum
2504 398 2730 452 elabitur
2751 439 2765 460 ,
2792 415 2908 451 cum
2937 398 3197 466 beneﬁciis
3229 398 3343 468 ejus
3379 406 3560 466 [ruen-

328 492 467 538 νει-ε,
497 478 740 545 superbia
775 487 928 547 atque
978 479 1179 535 deliciis
1215 483 1448 548 omissis,
1485 484 1586 537 sibi
1614 487 1900 555 patria'que

335 564 583 634 sli/ﬁdere.
617 565 1056 640 TheOphylactus
1096 571 1438 643 Symocattus
1497 573 1659 634 Hist..
1707 577 1801 629 lib.
1838 597 1848 627 ι
1883 595 1898 630 :

336 658 633 731 Τοιγαροῦν
674 663 883 732 ἡμέρας
939 663 1242 737 κλινούσης,
1284 666 1505 719 ἐδινεῖτο
1556 668 1616 720 τὸ
1657 668 1897 739 κέντρον,

330 754 424 804 καί
461 753 490 804 ὁ
519 752 677 820 φόϐος
703 754 935 819 ἐξαίσιος
964 753 1051 827 ἦν,
1079 757 1154 820 ὡς
1178 759 1270 810 καὶ
1297 758 1422 821 τοὺς
1459 759 1901 828 ἱππομανοῦντας

332 843 436 896 ὑπὸ
483 843 574 897 τοῦ
620 845 772 910 δέους
805 846 996 916 ἀθρόον
1032 847 1386 918 μεθάλλεσοαι
1431 850 1566 922 πρὸς
1595 852 1655 904 τὸ
1687 851 1900 923 σῶφρον

319 935 484 1006 ιδίκην
506 937 708 990 παίδων
732 939 788 989 ὲν
808 939 994 1010 παιδιᾷ
1015 939 1192 992 κύϐων
1217 931 1546 1011 ἀφικομένου
1576 942 1902 1008 ἐξαπιναίως

330 1027 427 1081 τοῦ
453 1029 818 1101 παιδοτρίϐου.
846 1032 976 1084 Τότε
1015 1035 1420 1104 παραπέτασμα
1447 1035 1510 1087 τὸ
1549 1036 1653 1105 πρὸ
1686 1035 1780 1089 τοῦ
1805 1053 1902 1104 γυο

331 1120 558 1191 μνασίου
603 1120 711 1175 τῶν
747 1123 983 1175 ἱππικῶν
1031 1125 1445 1196 ἀγωνισμάτων,
1487 1126 1514 1178 ὃ
1558 1126 1621 1197 δὴ
1654 1127 1902 1198 σύνθημα

329 1211 430 1279 τῆς
457 1211 669 1283 ἱλαρξας
687 1213 974 1283 ἐτύγχανεν
998 1215 1078 1277 ὃν,
1109 1221 1467 1288 περιαιρεῖται
1489 1218 1576 1271 διὰ
1598 1219 1686 1271 τὸν
1710 1219 1903 1288 ἀδόκη-

324 1319 420 1355 ’τον
486 1304 750 1358 κίνδυνον.
815 1307 1092 1370 ⁹Ἀπαντάς
1132 1325 1192 1361 τε
1256 1310 1531 1363 συνέϐαινε
1590 1311 1725 1381 πρὸς
1777 1312 1902 1373 τοὺς

331 1395 511 1465 ἱεροὺς
540 1396 738 1466 σηκοὺς
775 1399 1230 1469 ἐντεμενίζεσθαι,
1254 1401 1626 1472 ὀρῥωδοῦντας
1667 1402 1765 1477 τὸν
1809 1402 1896 1455 Θά-

329 1503 395 1537 να
401 1502 509 1538 τον.

404 1579 741 1634 Concludam
772 1581 870 1636 bas
904 1581 1300 1653 notas'pulche:
1318 1585 1452 1638 rima
1484 1584 1750 1639 Lactantii
1779 1600 1906 1639 sen-

327 1674 497 1726 tentia
526 1674 617 1728 lib.
654 1690 714 1738 ιι,
758 1691 802 1729 c.
842 1675 864 1727 1
897 1696 910 1729 :
950 1674 1090 1729 Nam
1123 1686 1232 1730 tum
1265 1678 1489 1730 maxime
1518 1677 1657 1731 Deus
1704 1691 1769 1731 ea:
1799 1693 1904 1730 me-

2002 501 2096 554 tes,
2128 491 2372 544 honorem
2413 490 2541 544 dare
2580 490 2770 544 divina:
2819 490 3161 560 indulgentia:
3192 489 3450 544 deberent.
3497 491 3566 544 At

2001 602 2116 638 vero
2151 585 2198 638 si
2235 602 2338 654 qua
2377 585 2659 638 necessitas
2716 585 2890 655 gravis
2940 584 3208 652 presserit,
3235 593 3357 637 tunc
3401 582 3568 636 Deum

2003 677 2343 730 recordantur
2378 678 2472 730 τιεί
2506 675 2628 729 belli
2668 685 2837 729 terror
2882 675 3232 744 infremuerit,
3265 676 3314 729 si
3355 677 3568 728 morbo-

2001 783 2117 819 rum
2155 766 2402 836 pestifera
2457 767 2532 819 vis
2582 765 2896 825 incubuerit;
2945 765 2992 818 si
3042 764 3307 816 alimenta.
3329 763 3566 833 frugibus

2001 859 2159 928 longa
2209 860 2422 913 siccitas
2468 858 2818 928 denegaverit,
2869 859 2916 910 si
2977 873 3115 911 steva
3167 865 3466 924 tempestas,
3521 855 3569 907 si

2001 953 2201 1024 grando
2228 955 2521 1024 ingruerit:
2557 953 2625 1006 ad
2667 951 2830 1006 Deum
2859 953 3185 1022 confugiunt,
3224 968 3256 1004 a
3302 950 3409 1004 Deo
3430 952 3566 1020 peti-

2005 1054 2092 1098 tur
2142 1047 2422 1108 auxilium,
2447 1046 2584 1100 Deus
2633 1055 2689 1098 ut
2735 1045 3008 1098 subveniat
3059 1044 3350 1098 oratur:si
3369 1045 3483 1113 quis
3513 1043 3568 1095 in

2004 1140 2142 1191 mari
2184 1146 2330 1192 vento
2371 1139 2609 1190 swuiente
2651 1138 2910 1205 jactatur,
2945 1136 3079 1188 hunc
3134 1136 3359 1194 invocat,
3382 1133 3429 1185 si
3452 1133 3566 1202 quis

2005 1234 2183 1302 aliqua
2209 1233 2256 1284 vi
2279 1230 2582 1301 aﬁ'lictatur,
2612 1229 2748 1282 hunc
2775 1230 3015 1299 protinus
3041 1227 3290 1296 implorat
3323 1241 3340 1278 :
3372 1226 3417 1278 si
3449 1226 3566 1294 quis

2005 1324 2072 1375 ad
2126 1331 2413 1376 extremam
2468 1319 2799 1374 mendicandi
2873 1319 3229 1373 necessitatem
3292 1315 3566 1378 deductus,

2006 1416 2194 1466 victum
2228 1412 2463 1481 precibus
2504 1413 2756 1480 exposcit,
2788 1411 2950 1465 Deum
2979 1410 3148 1464 solum
3183 1408 3492 1465 obtestatur.
3517 1414 3569 1458 et

2003 1524 2093 1576 per
2134 1507 2246 1576 ejus
2298 1507 2531 1559 diuinum
2578 1515 2732 1574 atque
2778 1520 2991 1556 unicum
3053 1518 3243 1555 numen
3299 1500 3567 1553 hominum

2005 1600 2104 1654 sibi
2145 1598 2561 1653 misericordiam
2601 1596 2811 1665 quaerit.
2853 1594 3131 1662 Nunquam
3159 1593 3320 1662 igitur
3343 1588 3436 1642 Dei
3463 1604 3568 1640 me—

2008 1695 2292 1754 minerunt,
2330 1693 2428 1745 nisi
2469 1691 2592 1743 dum
2623 1692 2676 1742 in
2708 1691 2863 1743 malis
2900 1697 3038 1742 sunt.

337 1877 3548 1904 ω

1459 2053 1596 2093 ANNO
1632 2052 1816 2094 DOIINI
1854 2052 2021 2093 CCCX!
2031 2053 2425 2093 XVIII-LXXVIII.

627 2218 1117 2448 tuus
1208 2143 2233 2448 usuusu
2332 2217 3290 2452 llPlSCllPllS.

1550 2737 2341 2895 NOTITIA

1112 3001 1411 3064 ’(ϐειιλιιυ..
1436 2997 1727 3051 Bibliotheca
1760 3007 1847 3051 vel.
1878 3002 2042 3059 Patr.,
2068 3007 2102 3050 ι.
2127 3000 2187 3061 γ,
2211 3014 2260 3063 p.
2290 3015 2421 3059 xxvr,
2445 3007 2564 3062 etp.
2584 2999 2716 3059 269.)

386 3282 436 3344 Ἰ.
467 3279 866 3341 ἯιιιεΒοςπιιι
907 3281 964 3338 in
1019 3281 1215 3339 Arabia
1273 3280 1576 3342 Ecclesiam
1627 3285 1850 3354 regebat
1873 3325 1890 3349 ,
1926 3299 1966 3352 Β
1989 3284 2229 3356 jusmodi
2256 3283 2447 3340 Patres
2470 3323 2485 3349 ,
2515 3283 2838 3339 bonestatur
2863 3290 3057 3339 noster
3086 3281 3320 3339 antistes
3375 3284 3432 3338 in
3482 3300 3571 3340 re-

323 3395 439 3449 quo
467 3388 710 3448 tempore
757 3377 1054 3446 imperator
1098 3377 1447 3433 renuntiatus
1485 3387 1570 3433 est
1618 3374 1892 3436 Julianus.

323 3471 529 3525 Rerum
580 3471 786 3540 potitus
857 3469 949 3523 ille
1009 3475 1292 3538 apostata,
1347 3485 1472 3524 cum
1527 3467 1894 3526 Ecclesiarum

325 3565 587 3636 praesules
625 3563 969 3633 potissimum
1002 3578 1072 3617 ex
1121 3563 1349 3618 urbibus
1385 3563 1688 3633 ejiciendos
1735 3581 1897 3619 cura-

319 3663 439 3720 ret,
481 3654 771 3710 Bostrenos
798 3655 960 3708 etiam
992 3653 1148 3708 malis
1175 3655 1385 3708 artibus
1418 3655 1667 3710 hortatus
1697 3665 1800 3717 est,
1837 3665 1895 3710 ut

315 3745 506 3802 Titum
537 3747 852 3818 episcopum
898 3755 1154 3816 tanquam
1200 3748 1401 3801 civium
1453 3748 1749 3802 delatorem
1797 3765 1894 3804 ex-

315 3839 586 3909 pellerent
621 3838 888 3893 clamante
929 3853 1194 3905 przecnne.
1244 3837 1374 3890 Rem
1412 3845 1601 3892 narrat
1639 3837 1896 3893 Sozome-

314 3947 428 3985 nus
450 3931 549 4002 (a),
572 3929 930 4001 edisseritque
950 3931 1214 3985 Baronius
1245 3931 1342 4001 (ὑ).
1377 3929 1566 3986 Exstat
1594 3933 1894 3988 etiamnum

317 4023 437 4078 haec
466 4021 667 4077 Iuliani
704 4025 933 4092 epistola
957 4023 1236 4078 Bostrcnis
1267 4025 1528 4094 inscripta
1558 4026 1626 4096 (ε)
1653 4065 1667 4089 ,
1711 4028 1764 4079 iu
1791 4041 1895 4095 qua

316 4115 485 4169 verba
520 4116 778 4170 nonnulla
812 4115 977 4168 refert
1007 4115 1206 4185 quibus
1229 4132 1361 4170 usus
1388 4127 1504 4171 erat
1536 4125 1720 4172 noster
1756 4134 1894 4188 prie-

317 4207 404 4260 sul
435 4206 740 4271 Bostrensis
778 4206 830 4259 in
864 4205 1044 4260 libello
1075 4206 1143 4258 ad
1175 4208 1351 4276 ipsum
1379 4205 1659 4262 lulianum
1684 4209 1856 4263 misso
1878 4248 1893 4272 ,

317 4296 465 4351 unde
494 4296 838 4366 postmodum
864 4297 1157 4366 imperator
1171 4299 1344 4354 eid-em
1375 4301 1705 4353 calumniam
1739 4309 1888 4354 stru-

1995 3379 2080 3449 gia
2103 3377 2423 3432 venerandae
2447 3376 2787 3446 antiquitatis
2823 3387 3016 3448 catena
3059 3374 3570 3430 Commentariorum

1995 3475 2049 3526 in
2085 3469 2307 3536 Lucam,
2351 3467 2610 3525 consulas
2642 3469 2687 3523 si
2719 3469 2896 3538 placet
2923 3467 3309 3524 Combetisium
3335 3469 3421 3538 (ι’).
3464 3467 3570 3523 Ne-

1995 3580 2101 3634 que
2131 3563 2290 3618 aliter
2319 3562 2374 3615 in
2411 3559 2694 3614 Parallelis
2726 3559 3121 3613 Damascenicis
3155 3560 3566 3632 appellaturlg).

2064 3653 2126 3707 ll.
2159 3651 2266 3706 Titi
2297 3651 2608 3706 Bostrensis
2641 3650 2948 3702 doctrinam
2983 3650 3208 3703 maximi
3236 3651 3444 3704 ducunt
3481 3666 3574 3704 ve-

1993 3753 2159 3800 teres.
2184 3743 2328 3798 lnter
2356 3758 2451 3799 eos
2477 3741 2666 3797 Patres
2697 3742 2874 3810 ipsum
2917 3740 3081 3796 refert
3095 3740 3457 3814 Hieronymus
3476 3743 3572 3811 (h),

1994 3837 2084 3906 qui
2112 3837 2168 3889 in
2201 3845 2400 3889 tantum
2431 3833 2858 3904 philosophorum
2895 3833 3150 3888 doctrinis
3180 3844 3335 3904 atque
3375 3845 3576 3890 senten-

1999 3931 2084 3982 tiis
2119 3946 2238 3983 suos
2279 3929 2566 3997 refarciunt
2613 3927 2804 3993 libros,
2849 3937 2906 3979 ut
2949 3928 3148 3980 nescias
3193 3928 3316 3998 quid
3363 3929 3418 3980 in
3464 3929 3573 3982 illis

1995 4024 2220 4090 primum
2272 4022 2529 4076 admirari
2589 4023 2812 4085 debeas,
2879 4021 3227 4075 eruditionem
3277 4022 3456 4074 saeculi
3504 4039 3574 4074 an

1993 4116 2271 4169 scientiam
2339 4116 2756 4183 Scripturarum.
2842 4113 2910 4168 Et
2971 4113 3307 4169 Sozomenus
3371 4115 3572 4169 multos

1997 4207 2217 4276 quidem
2267 4210 2430 4262 tradit
2483 4208 2546 4278 (ἰ)
2587 4224 2650 4262 ea
2703 4216 3025 4279 tempestate
3070 4209 3125 4262 in
3170 4207 3428 4263 Ecclesiis
3475 4207 3574 4262 ﬂo-

1993 4301 2177 4356 ruisse
2214 4300 2506 4355 admodum
2538 4300 2732 4356 doctos
2787 4310 2841 4354 et
2875 4301 3195 4369 eloquentes
3237 4301 3417 4364 viros;
3476 4300 3572 4354 sed

318 4391 418 4442 xit.
471 4387 642 4442 Porro
674 4391 948 4443 exstincto
981 4387 1238 4454 Juliano,
1299 4389 1366 4443 ad
1397 4392 1665 4462 synodum
1701 4393 1896 4446 Antio-
1997 4409 2108 4464 pra:
2165 4394 2376 4448 caeteris
2430 4393 2611 4446 Titum
2675 4393 3054 4454 Bostrensem,
3130 4391 3570 4462 ἐπισημότατον,

314 4481 549 4536 cbenam
577 4494 636 4535 se
665 4482 895 4536 contulit
924 4497 1069 4536 anno
1109 4483 1217 4536 363
1270 4497 1300 4535 a
1351 4481 1564 4537 Meletio
1606 4493 1854 4539 coactam
1879 4526 1894 4551 ,
1997 4485 2382 4539 celeberrimum
2419 4486 2695 4554 praedicat.
2759 4484 2992 4554 Scripsit
3037 4493 3216 4538 autem
3248 4484 3569 4554 praeclarum

313 4574 481 4643 cujus
506 4575 671 4630 etiam
703 4575 1011 4647 synodicae,
1068 4576 1134 4629 ad
1175 4574 1467 4630 Jovianum
1513 4576 1895 4646 imperatorem
1937 4643 1960 4647 Α
1997 4593 2134 4647 opus
2181 4579 2429 4631 adversus
2483 4577 2806 4632 Manichteos
2860 4578 3214 4632 doctissimus
3260 4575 3418 4631 Pater
3451 4583 3575 4646 post

312 4666 516 4722 oblatae
557 4643 912 4736 subscripsit;
949 4667 1176 4736 ejusque
1231 4684 1427 4723 nomen
1477 4643 1619 4722 inter
1661 4669 1891 4724 aliorqu
1921 4643 1965 4703 δ
1993 4643 2193 4725 Iuliani
2225 4670 2422 4724 eadem
2455 4679 2617 4740 atque
2645 4671 2944 4740 imperante
2993 4669 3130 4724 forte
3169 4643 3574 4731 Jovianoiaut

313 4759 704 4828 episcoporum
740 4759 1174 4828 subscriptiones
1202 4769 1481 4830 comparet
1515 4759 1657 4830 apud
1689 4760 1892 4815 Socra-
1995 4773 2144 4817 certe
2175 4763 2278 4818 sub
2302 4762 2519 4816 initium
2564 4763 2777 4831 imperii
2813 4761 3092 4826 Valentis,
3137 4772 3197 4815 ut
3231 4777 3294 4816 ex
3328 4759 3396 4813 iis
3440 4772 3575 4813 con-

321 4859 432 4905 tem
462 4849 561 4922 (d).
601 4851 828 4904 Moritur
861 4860 1036 4905 autem
1065 4853 1159 4904 sub
1217 4851 1446 4914 Valente,
1480 4852 1652 4920 inquit
1706 4850 1895 4906 Hiero-
1995 4858 2105 4905 stat
2129 4865 2249 4920 quia
2285 4851 2450 4906 tradit
2490 4853 2718 4921 ipsemet
2751 4859 2942 4906 auctor
2990 4852 3045 4906 in
3096 4853 3209 4905 haec
3263 4850 3430 4904 verba
3481 4849 3569 4918 Li).

320 4957 519 5014 nymus
559 4943 667 5014 (e);
702 4945 755 4998 id
796 4951 901 5007 est,
933 4945 1124 4999 saltem
1150 4953 1282 5000 ante
1305 4961 1506 4998 annum
1537 4943 1660 5000 518.
1703 4945 1778 5000 lle
1825 4944 1896 4997 ti-
2003 4960 2022 4993 ι
2063 4941 2198 5007 Etsi,
2225 4943 2422 5012 inquit,
2447 4943 2695 4998 civitates
2739 4944 3052 5004 concidant,
3076 4944 3218 4998 sicut
3246 4956 3416 4997 uorsa
3444 4953 3575 4996 cun-

316 5035 438 5088 tulo
476 5033 661 5089 Sancti
695 5051 804 5105 quo
839 5035 1063 5104 perinde
1093 5050 1156 5090 ac
1202 5034 1434 5092 lrenreus
1468 5035 1856 5107 Lugdunensis
1880 5076 1895 5096 .
1995 5034 2141 5103 tigit,
2167 5051 2294 5090 cum
2334 5036 2423 5089 ille
2471 5036 2827 5104 impiissimus
2883 5037 3210 5107 (apostata)
3263 5036 3573 5090 dominare-

315 5126 784 5197 Cbrysos‘tomus,
835 5128 1071 5198 Cyrillus
1109 5127 1506 5183 Alexandrinus
1550 5129 1749 5198 aliique
1793 5128 1894 5182 hu-

2000 5136 2114 5190 -tur,
2145 5123 2232 5180 οἷα
2260 5127 2324 5196 δὴ
2353 5127 2445 5179 καὶ
2476 5129 2708 5197 ΠΡῼΗΝ
2765 5129 2858 5181 ἐπὶ
2881 5127 2973 5180 τοῦ
3017 5127 3135 5179 λίαν
3183 5126 3570 5196 ἁσεὸήσαντος,

1995 5290 2130 5333 ιοιτι.
2163 5281 2203 5338 l.
2230 5297 2282 5350 p.
2317 5281 2405 5336 49.

2070 5353 2144 5420 (ῃ)
2186 5351 2436 5406 Damasc.
2475 5350 2678 5404 Parall.
2712 5351 2872 5406 infra.

2070 5421 2146 5491 (h)
2191 5421 2408 5476 llieron.
2449 5424 2605 5490 epist.
2647 5422 2731 5484 70,
2763 5425 2832 5474 al.
2865 5422 2966 5483 85,
3004 5422 3070 5474 ad
3108 5421 3359 5490 Magnum
3405 5427 3570 5481 οἶκε..

2005 5491 2031 5560 §
2067 5507 2136 5551 tv.
2161 5491 2297 5562 (ipp.
2335 5499 2469 5562 tom.
2503 5491 2540 5552 Ι,
2574 5507 2694 5562 pag.
2723 5493 2827 5546 427
2855 5493 2985 5546 edit.
3023 5491 3225 5546 Veron.

2071 5562 2132 5627 (ἱ)
2175 5561 2391 5616 Snzom.
2426 5561 2566 5616 llist.
2598 5561 2725 5616 ροισι.
2759 5565 2849 5616 lib.
2886 5579 2969 5616 ιιι.
3009 5580 3127 5631 cap.
3175 5561 3254 5615 li».

2076 5632 2139 5703 (j)
2181 5632 2286 5689 Tit.
2319 5634 2412 5688 lib.
2445 5649 2482 5685 ll
2517 5633 2631 5688 adv.
2666 5632 2920 5692 Monii-11.,
2951 5633 2977 5706 ᾗ
3006 5651 3114 5686 xvz.

416 5280 472 5351 a)
513 5281 730 5339 Sozom.
762 5281 908 5336 Hist.
943 5281 1071 5334 eccl.
1102 5282 1196 5335 lib.
1229 5298 1280 5343 ν,
1306 5297 1428 5351 cap.
1461 5281 1549 5336 l5.

415 5353 468 5419 ὁ)
510 5353 708 5406 Baron.
751 5356 817 5406 ad
849 5351 1142 5422 ιιιιιιηῦϐὲ.
1180 5351 1206 5422 §
1238 5368 1401 5407 cum.

351 5420 461 5549 dli)
482 5423 702 5546 [iulium
750 5424 913 5493 epist.
949 5420 1037 5486 52,
1072 5420 1215 5476 inter
1263 5424 1386 5491 ejus
1434 5421 1572 5491 Opp.
1623 5437 1748 5492 pag.
1788 5422 1892 5475 455

391 5510 452 5546 ι.
530 5509 633 5549 nos.

314 5501 452 5550 edit.
485 5501 633 5550 Lips.

410 5510 723 5623 itibsliﬁrat.
757 5560 1057 5632 Hist._eccl.
1091 5561 1194 5632 lib.
1217 5575 1298 5623 ιιι,
1331 5577 1456 5632 cap.
1498 5560 1586 5613 25.

410 5565 468 5623 ά)
511 5564 723 5616 Sucral.
757 5564 899 5616 Hist.
931 5564 1057 5614 eccl.
1091 5564 1186 5616 lib.
1217 5575 1298 5623 Ill,
1331 5577 1456 5632 cap.
1498 5564 1586 5613 25.

389 5564 461 5705 ie)
506 5633 730 5705 Hieron.
762 5633 854 5705 lib.
893 5630 966 5684 De
1007 5633 1103 5686 vir.
1137 5630 1333 5686 illustr.
1370 5629 1646 5705 caletﬁ.

502 5703 748 5759 Coutbei.
811 5700 1042 5757 Recens.
1107 5710 1252 5755 auct.
1326 5702 1393 5754 ad
1455 5700 1592 5753 Bibl.
1655 5700 1892 5754 concion.

759 5799 1028 5859 Ρηιιοι..
1070 5795 1186 5856 Gn.
1235 5794 1464 5856 XVIII.

3267 5789 3348 5852 3h-
