4072 6338
585 288 715 343 1067

1781 289 1916 344 TITI
1957 285 2387 344 BOSTRENSIS
2424 287 2730 344 EPISCOPI

3688 295 3824 354 1068

580 419 635 466 et
661 423 902 466 errorem
935 407 1252 464 idololatriae
1272 407 1539 465 recoleret
1567 424 1630 464 ac
1650 419 1958 469 renovaret.
1984 430 2002 463 ι
2029 417 2138 466 etc.
2170 418 2216 472 Α
2243 428 2368 468 nam
2414 422 2468 469 et
2509 427 2632 467 cum
2674 409 2826 464 Novo
2871 406 3221 466 Testamento
3284 425 3588 483 congruere
3635 411 3817 476 docet,

655 501 738 557 ΙΙΙ.
807 501 975 556 Porro
1035 501 1090 554 in
1152 510 1385 571 quatuor
1433 501 1605 557 libros
1661 501 1958 571 dispescuit
2009 517 2146 572 opus

580 608 739 647 suum
769 591 1076 648 Bostrensis
1103 591 1350 657 antistes,
1381 599 1521 661 quos
1563 591 1723 660 fortes
1755 593 1992 662 appellat
2019 591 2149 648 Hie-

582 699 840 754 ronymus
869 681 968 754 (a),
994 691 1047 738 et
1074 683 1270 753 legisse
1315 682 1528 738 videtur
1560 683 1897 754 Epiphanius
1930 684 2006 756 (b)
2055 685 2147 753 qui

581 776 854 830 scribebat
883 789 1028 829 anno
1058 775 1196 840 576,
1246 781 1304 830 ut
1345 775 1578 830 advertit
1635 773 2020 829 Tillemontius
2054 773 2144 844 (c).

580 869 686 923 Eos
733 869 860 922 item
913 873 1176 920 memorat
1231 865 1372 936 apud
1427 862 1674 920 Photium
1719 864 1795 937 (ά)
1842 862 2148 936 Stephanus

581 959 825 1012 Gobarus
855 957 1094 1011 tritheita
1121 996 1136 1020 ,
1182 957 1274 1025 qui
1330 963 1384 1010 et
1439 957 1701 1012 nonnulla
1746 956 1870 1011 inde
1907 956 2145 1026 profert;

581 1062 789 1101 necnon
825 1045 1178 1100 Hcraclianus
1223 1043 1684 1102 Chalcedonensis
1720 1046 2037 1117 episc0pus',
2090 1055 2149 1100 ut

578 1151 769 1194 auctor
797 1150 881 1195 est
921 1140 1062 1194 idem
1096 1137 1319 1192 Photius
1355 1137 1444 1208 (ε).
1494 1133 1698 1193 Verum
1757 1154 1862 1192 non
1897 1148 1998 1210 est
2059 1139 2147 1193 hic

578 1234 712 1287 illud
742 1231 1164 1301 .omittendum,
1217 1231 1360 1297 quod
1414 1229 1638 1284 adnotat
1689 1230 1989 1302 Basnagius
2036 1230 2144 1301 (f):

579 1327 724 1380 hunc
755 1325 1010 1378 nimirum
1031 1323 1315 1392 przesulem
1334 1321 1856 1388 Chalcedonensem,
1878 1323 1972 1393 qui
1999 1323 2148 1378 circa

577 1427 819 1488 tempora
848 1414 1126 1468 Anastasii
1168 1413 1516 1488 imperatoris
1545 1415 1810 1469 claruisse
1848 1412 2022 1468 fertur
2049 1414 2145 1484 (g),

575 1518 629 1562 et
660 1509 818 1577 cujus
850 1507 1110 1561 doctrina:
1140 1508 1337 1577 placita
1365 1517 1552 1562 sancto
1580 1504 1816 1560 Maximo
1843 1505 1988 1560 haud
2023 1520 2147 1574 pro-

576 1601 700 1654 bata
735 1599 905 1654 fuisse
937 1599 1301 1668 comperimus
1333 1597 1430 1668 (h),
1461 1597 1642 1651 Titum
1678 1596 2023 1651 Bostrensem
2063 1611 2148 1650 re-

576 1694 859 1763 darguere,
891 1691 1035 1761 quod
1070 1689 1317 1744 scribens
1345 1689 1606 1744 adversus
1659 1686 1868 1742 Addam
1917 1702 2014 1742 seu
2049 1701 2146 1756 po-

577 1783 683 1838 tius
721 1781 982 1845 Buddam,
1014 1796 1072 1836 se
1120 1778 1446 1835 Manichmos
1497 1779 1742 1834 refellere
1788 1777 2137 1835 existimarit.
2172 1769 2214 1823 Β

577 1875 766 1944 Iniqua
819 1872 978 1942 plane
1027 1886 1278 1926 censura.
1332 1869 1439 1924 Fac
1482 1870 1666 1933 enim,
1712 1849 1954 1923 Budd‘am
2012 1874 2134 1922 ante

574 1966 752 2034 ipsum
774 1961 1040 2016 Manetem
1077 1961 1344 2015 haereseos
1369 1959 1715 2014 Manichaica:
1741 1957 2016 2014 exstitisse
2037 1971 2136 2010 au-

575 2066 804 2120 ctorem,
829 2064 923 2110 aut
951 2055 998 2110 si
1045 2054 1239 2121 mavis,
1271 2068 1439 2107 unum
1476 2068 1541 2107 ex
1570 2049 1857 2106 duodecim
1887 2047 2134 2120 ejusdem

578 2145 802 2200 Manetis
836 2143 1118 2213 discipulis
1148 2141 1336 2204 fuisse,
1371 2149 1429 2194 ut
1457 2157 1523 2196 ex
1563 2140 1725 2195 Petro
1750 2139 1937 2194 Siculo
1981 2140 2047 2209 (ἰ)
2079 2145 2134 2193 et

574 2238 766 2292 Photio
817 2237 882 2305 (j)
930 2235 1250 2291 erudimur:
1287 2250 1412 2289 eum
1448 2245 1626 2289 tamen
1661 2233 1913 2303 discipuli
1945 2247 2134 2286 erran—

571 2339 682 2384 tem
709 2327 962 2382 assectati
999 2325 1350 2396 magistrum,
1417 2325 1470 2378 in
1524 2325 1811 2395 prmcipuis
1865 2322 2134 2392 capitibus

567 2418 917 2483 conveniant,
943 2417 1186 2486 adeoque
1231 2415 1413 2471 Manes
1462 2431 1571 2470 non
1623 2431 1780 2470 secus
1819 2430 1882 2469 ac
1915 2414 2133 2469 Buddas

570 2509 849 2572 docuerit;
888 2523 995 2562 non
1043 2517 1159 2563 erat
1205 2509 1482 2564 enimvero
1510 2523 1609 2562 cur
1639 2506 1794 2561 Titus
1821 2522 1886 2563 eo
1916 2507 2133 2561 nomine

569 2601 1055 2672 reprehenderetur
1084 2640 1097 2664 ,
1161 2601 1254 2671 qui
1313 2599 1439 2654 dum
1488 2598 1730 2654 Buddam
1777 2599 2130 2670 perstrinxit,

571 2693 835 2748 Manetem
868 2708 1081 2762 quoque
1135 2693 1309 2761 ipsum
1341 2691 1570 2762 ejusque
1602 2700 1896 2747 sectatores
1939 2693 2133 2747 confu-

567 2793 712 2840 tasse
740 2785 863 2855 jure
893 2786 1096 2875 o‘ptimo
1121 2785 1480 2840 existimatur.

638 2873 726 2929 ιν.
766 2874 846 2928 Ad
890 2872 1184 2929 editionem
1234 2873 1379 2944 quod
1428 2875 1622 2929 attinet
1667 2872 1773 2927 Titi
1824 2873 2131 2930 Bostrensis

567 2968 746 3037 operis
785 2967 1032 3021 adversus
1066 2966 1406 3031 Manichazos,
1441 2967 1607 3021 libros
1632 2973 1743 3022 tres
1773 2967 1979 3036 priores
2007 2981 2131 3020 cum

552 3058 791 3128 integris
822 3058 1079 3112 librorum
1114 3065 1348 3126 quatuor
1381 3057 1736 3126 argumentis,
1771 3057 1981 3126 primus
2011 3055 2126 3111 edi-

565 3149 645 3202 dit
678 3163 742 3202 ex
775 3147 1025 3203 versione
1064 3143 1344 3202 Francisci
1373 3145 1627 3201 Turriani
1661 3145 1931 3202 Henricus
1959 3145 2125 3200 Cani-

567 3241 683 3294 sius
723 3240 794 3309 (k)
836 3258 847 3292 :
881 3237 1066 3293 Cra-ca
1105 3253 1235 3292 vero
1267 3236 1505 3293 Jacobus
1539 3237 1842 3308 Basnagius
1877 3238 1940 3309 (Ι)
1963 3277 1978 3301 ,
2028 3237 2122 3307 qui

565 3347 627 3385 ca
655 3347 720 3386 ex
740 3330 1076 3385 bibliothecae
1101 3328 1464 3384 llolsteniante
1492 3328 1914 3400 Hamburgensis
1937 3330 2123 3385 codice

565 3425 857 3495 descripta,
905 3422 1098 3478 Joanni
1147 3421 1422 3476 Friderico
1477 3421 1790 3476 Wincklero
1831 3421 1996 3478 refert
2026 3437 2121 3477 ac-

563 3524 758 3586 cepta:
805 3533 912 3585 quo
956 3516 1174 3586 quidem
1219 3515 1275 3568 in
1312 3515 1501 3570 codice
1536 3514 1677 3568 haud
1712 3515 1866 3584 plura
1905 3522 2120 3570 exstare

564 3607 831 3669 novimus,
867 3622 1026 3675 quam
1061 3621 1178 3676 qua:
1208 3607 1370 3662 vertit
1403 3605 1652 3660 laudatus
1681 3605 1984 3661 Turrianus
2011 3623 2025 3671 ;
2063 3615 2121 3659 ut

564 3708 846 3767 propterea
881 3700 1146 3770 interpres
1173 3700 1257 3755 vel
1287 3715 1352 3754 eo
1379 3699 1496 3769 ipso
1537 3700 1860 3769 exemplari,
1903 3699 1990 3753 vel
2040 3698 2120 3753 ei-

562 3790 681 3843 dem
717 3791 881 3846 simili
915 3809 1045 3847 usus
1074 3793 1242 3849 fuisse
1272 3793 1538 3848 videatur.
1567 3792 1805 3858 Quartus
1847 3777 2026 3862 porro"
2054 3792 2120 3844 li-

561 3883 656 3935 ber
682 3889 827 3938 totus
866 3885 1161 3941 intercidit.
1216 3885 1366 3941 Hanc
1397 3893 1576 3940 autem
1619 3882 1871 3955 Basnagii
1922 3883 2118 3958 editio-

562 3991 682 4030 nem
709 3975 886 4032 minus
917 3987 1169 4032 accurate
1200 3977 1367 4033 fuisse
1401 3977 1737 4039 adornatam,
1772 3974 1966 4029 merito
1991 3989 2118 4030 cene-

558 4071 668 4123 snit
717 4068 909 4124 Petrus
947 4069 1340 4141 Wesselingius
1379 4069 1444 4125 V.
1493 4070 1553 4124 C.
1599 4070 1682 4123 his
1729 4068 1910 4123 verbis
1949 4067 2042 4137 (m)
2099 4085 2111 4120 :

563 4182 580 4212 ε
629 4160 820 4215 lnserti
851 4170 998 4221 sunt.
1031 4163 1234 4232 inquit,
1275 4161 1582 4217 Canisianis
1629 4159 1960 4214 Lectionibus
2006 4157 2114 4212 Titi

558 4252 886 4320 Bostrensis,
939 4255 1038 4309 viri
1077 4255 1146 4324 pii
1181 4263 1234 4310 et
1254 4256 1465 4327 egregie
1495 4254 1674 4317 docti,
1706 4254 1760 4306 in
1789 4249 2111 4304 Manis/mos

555 4346 746 4414 scripti
780 4346 934 4411 libri;
969 4346 1093 4411 sed,
1135 4347 1277 4416 quod
1313 4347 1580 4410 dolemus,
1630 4344 1792 4399 laceri
1837 4353 1888 4398 et
1919 4343 2111 4413 spissis

2247 518 2371 558 esse
2422 504 2675 565 alienam,
2733 500 3034 571 referrique
3093 513 3345 572 oportere
3403 501 3472 556 ad
3511 517 3632 557 eam
3696 501 3821 557 libri

2248 593 2406 662 primi
2445 601 2677 662 partem,
2718 606 2825 660 qua
2867 591 2976 644 duo
3020 590 3261 660 ingenita
3300 591 3595 661 principia,
3652 591 3822 648 duas-

2248 699 2354 754 que
2386 683 2619 744 radices,
2653 683 2850 734 bonam
2883 680 3132 745 alteram,
3167 680 3393 735 alteram
3424 682 3644 745 malam,
3677 682 3822 737 unde

2248 773 2429 829 omnia
2469 773 2612 827 bona
2640 773 2888 842 malaque
2923 771 3244 841 prodierint,
3279 783 3574 844 oppugnat,
3613 775 3824 829 obiter-

2246 881 2353 936 que
2385 865 2656 920 hominem
2691 863 2784 918 Dei
2817 864 3006 933 Optimi
3039 865 3262 918 maximi
3305 880 3428 920 esse
3458 880 3600 936 Opus
3633 876 3822 921 osten-

2248 958 2346 1012 dit.
2405 957 2542 1013 Addi
2575 958 2738 1012 etiam
2777 964 2832 1013 et
2873 957 3166 1012 editionem
3205 958 3575 1013 condecorare
3605 959 3820 1028 potuis-

2247 1059 2370 1108 sent
2417 1051 2717 1122 fragmenta
2746 1067 2810 1106 ex
2855 1049 2957 1103 hoc
3002 1047 3110 1102 Titi
3147 1065 3311 1120 Opere
3349 1065 3378 1104 a
3411 1049 3614 1106 Graecis
3658 1051 3819 1106 nobis

2247 1152 2460 1200 servata
2497 1161 2510 1198 :
2542 1141 2848 1212 cujusmodi
2882 1149 3008 1196 sunt
3051 1141 3106 1194 in
3136 1141 3327 1210 primis
3364 1156 3428 1196 ea
3461 1158 3582 1213 qua:
3609 1145 3819 1198 exscri-

2247 1237 2356 1308 psit
2417 1244 2608 1290 auctor
2663 1235 3053 1289 Parallelorum
3112 1250 3420 1300 sacrorum,
3473 1253 3594 1307 qua:
3658 1239 3818 1309 vulgo

2245 1324 2443 1380 Joanni
2467 1325 2797 1381 Damasceno
2819 1327 3154 1389 tribuuntur,
3207 1338 3261 1384 et
3311 1344 3342 1382 e
3377 1326 3817 1398 Rupcfucaldino

2247 1419 2435 1473 codice
2471 1419 2687 1490 vulgata
2724 1427 2852 1473 sunt
2897 1433 2926 1471 a
2960 1417 3019 1470 D.
3055 1417 3315 1474 Michaele
3348 1419 3610 1490 Lequien.
3647 1463 3661 1475 .
3703 1463 3718 1476 .
3743 1459 3762 1476 .
3796 1461 3811 1474 .

2247 1509 2382 1566 Esse
2429 1519 2608 1568 autem
2640 1511 2693 1565 in
2727 1509 3005 1566 Parallelis
3044 1511 3289 1580 quadam
3316 1500 3658 1568 emendatius
3686 1529 3814 1583 per-

2247 1603 2470 1672 scripta,
2522 1618 2630 1656 non
2657 1609 2741 1657 est
2770 1610 2828 1656 ut
2861 1617 3108 1658 moneam
3133 1622 3147 1658 :
3177 1603 3292 1672 ipsa
3321 1603 3564 1658 locorum
3591 1604 3814 1660 collatio

2248 1709 2359 1749 rem
2387 1693 2771 1757 manifestabit,
2816 1712 2836 1744 ›
2870 1701 2976 1750 etc.

2315 1820 2376 1876 V.
2421 1822 2549 1877 Viro
2578 1822 2739 1878 docto
2768 1823 3011 1878 monenti
3039 1839 3244 1879 morem
3277 1827 3568 1895 gessimus.
3601 1825 3668 1880 Et
3701 1829 3814 1898 pri-

2234 1929 2382 1968 mum
2423 1915 2638 1984 quidem
2667 1915 2851 1970 omnia
2877 1917 3269 1986 exscripsimus
3307 1935 3427 1988 quae
3472 1919 3524 1972 in
3565 1918 3810 1975 Parati:—

2237 2006 2304 2059 lis
2339 2003 2788 2075 Rupefucaldinis
2831 2016 3148 2074 occurrunt,
3203 2008 3271 2063 ad
3306 2015 3512 2064 textam
3545 2010 3656 2066 Titi
3708 2010 3812 2066 Bo-

2237 2097 2467 2152 strensis
2509 2095 2760 2151 adversus
2793 2095 3117 2152 Manicha’os
3153 2099 3459 2170 evulgatum
3499 2101 3612 2155 sive
3645 2102 3811 2156 caste

2235 2188 2470 2258 gandum
2502 2188 2617 2243 sive
2654 2190 3046 2259 supplendum;
3073 2206 3246 2260 eaque
3271 2191 3337 2245 ad
3369 2192 3574 2246 calcem
3615 2194 3810 2262 rejeci-

2235 2299 2358 2337 mus
2394 2302 2406 2335 :
2445 2297 2552 2351 quo
2582 2282 2795 2337 scilicet
2822 2285 3054 2353 quisque
3087 2284 3332 2338 locorum
3380 2285 3672 2340 collatione
3723 2287 3808 2340 in-

2236 2374 2446 2438 stituta,
2467 2374 2533 2428 de
2551 2375 2842 2428 lectionum
2869 2375 3094 2429 veritate
3121 2374 3388 2443 judicium
3415 2375 3574 2431 forat.
3599 2373 3810 2430 Deinde

2235 2467 2451 2520 notulas
2491 2467 2662 2520 textui
2708 2465 3062 2535 subjecimus,
3106 2465 3304 2535 quibus
3344 2472 3461 2520 tum
3505 2465 3810 2519 Parallelo.

2234 2569 2352 2606 rum
2400 2553 2517 2608 loca
2573 2553 2903 2619 indicantur,
2953 2563 3066 2608 tum
3100 2555 3264 2610 etiam
3306 2555 3440 2609 locis
3472 2556 3680 2609 vexatis
3713 2565 3806 2608 aut

2234 2645 2508 2716 corruptis
2551 2645 2644 2699 lux
2679 2645 2997 2710 alfunditur,
3039 2656 3131 2700 aut
3155 2646 3440 2716 integritas
3468 2648 3801 2702 restituitur.

2235 2733 2291 2789 ln
2341 2735 2480 2790 idem
2539 2745 2798 2805 praeterea
2842 2737 3132 2792 consilium
3175 2737 3440 2790 nonnulla
3499 2753 3694 2792 sumus
3736 2753 3807 2793 ex

2233 2824 2427 2882 Photio
2455 2827 2702 2882 mutuati.
2755 2825 2838 2880 Ad
2881 2827 2996 2882 haac
3024 2835 3262 2897 quatuor
3292 2827 3558 2883 librorum
3598 2829 3803 2899 integri

2233 2918 2414 2988 Operis
2457 2918 2564 2972 Titi
2601 2929 2922 2988 argumenta
2967 2917 3329 2973 subdidimus.
3361 2917 3602 2988 Denique
3635 2920 3801 2973 trium

2234 3008 2586 3077 superstitum
2634 3008 2895 3062 librorum
2938 3007 3190 3063 lemmata
3235 3011 3652 3074 contexuimus,
3682 3010 3802 3080 qui-

2157 3100 2202 3160 C
2235 3101 2336 3155 bus
2369 3105 2694 3168 conspectus
2721 3099 2886 3154 totius
2916 3099 3099 3169 operis
3133 3099 3443 3155 exhibetur.

2296 3233 2383 3291 Vl.
2425 3233 2522 3291 His
2566 3249 2730 3306 porro
2782 3233 2964 3288 addita
2998 3240 3082 3289 est
3127 3233 3316 3288 Oratio
3342 3236 3395 3289 in
3435 3235 3636 3290 Hamas
3675 3240 3798 3304 pal-

2226 3342 2453 3389 marum,
2505 3341 2625 3396 qua:
2672 3325 2774 3380 sub
2807 3325 2916 3379 Titi
2951 3324 3262 3382 Bostrensis
3294 3329 3514 3382 nomine
3558 3329 3799 3384 circum-

2223 3417 2413 3473 fertur.
2470 3418 2574 3484 Qui
2618 3433 2686 3474 ex
2729 3417 2920 3473 codice
2968 3418 3117 3488 regio
3147 3433 3268 3474 eam
3317 3419 3488 3474 edidit
3528 3419 3796 3477 Comheﬁ-

2223 3509 2337 3564 sius
2369 3508 2445 3578 (η)
2475 3548 2489 3571 ,
2528 3508 2742 3563 dubitat
2777 3508 2898 3577 ejus
2929 3523 2996 3564 ne
3031 3509 3103 3564 sit
3130 3509 3198 3566 de
3223 3525 3332 3580 quo
3362 3510 3451 3566 hic
3486 3527 3695 3576 sermo,
3727 3530 3791 3568 an

2221 3615 2350 3655 vero
2385 3601 2609 3656 alterius
2645 3601 2906 3670 junioris.
2953 3602 3112 3673 cujus
3158 3599 3543 3658 Commentarii
3592 3607 3648 3659 in
3686 3606 3790 3660 Lu-

2221 3708 2336 3744 cam
2386 3708 2510 3748 esse
2554 3692 2826 3750 feruntur.
2876 3693 3146 3749 Nimirum
3182 3695 3322 3751 duos
3360 3695 3451 3751 ille
3487 3696 3647 3753 Titos
3691 3699 3791 3751 Bo-

2220 3794 2528 3838 strenorum
2573 3784 2860 3854 epiSCOpos
2895 3793 3235 3842 commentus
3271 3797 3397 3852 est;
3445 3802 3572 3842 cum
3608 3798 3788 3844 tamen

2219 3883 2430 3931 veteres
2460 3857 2646 3930 unum~
2667 3885 2876 3930 tantum
2906 3885 3223 3948 agnoscant.
3248 3878 3392 3933 Alibi
3433 3889 3621 3935 autem
3647 3881 3785 3936 idem

2217 3966 2394 4023 editor
2425 3967 2560 4022 nihil
2597 3975 2781 4024 vetare
2805 3969 2882 4022 ait
2917 3969 2988 4040 (ο
3013 3968 3055 4040 ),
3087 3971 3165 4025 uti
3196 3985 3297 4025 nec
3325 3971 3534 4042 aliquid
3564 3987 3783 4044 cogere,

2219 4060 2350 4128 quin
2388 4061 2501 4114 haec
2533 4060 2650 4131 ipsa
2689 4061 2866 4115 oratio
2890 4063 3093 4117 seniori
3123 4063 3301 4122 detur.
3334 4053 3622 4135 Simulque
3655 4067 3784 4121 sub-

2217 4152 2294 4206 dit
2337 4173 2347 4205 :
2401 4173 2420 4203 ι
2468 4152 2855 4224 Cujuscunque
2899 4169 3028 4209 vero
3066 4155 3158 4219 sit,
3189 4169 3328 4225 opus
3365 4163 3450 4211 est
3482 4157 3778 4222 eruditum,

2214 4245 2444 4315 egregiis
2488 4244 2746 4300 refertum
2791 4247 2989 4310 sensis,
3031 4261 3095 4301 ac
3137 4246 3404 4318 dogmatis
3438 4260 3776 4316 accuratum,

2215 4342 2274 4388 ut
2324 4335 2556 4406 quisque
2590 4337 2874 4408 theologus
2905 4339 3024 4416 ipsa
3060 4339 3243 4393 statim
3280 4339 3511 4396 lectione
3554 4343 3774 4398 videbit.

556 4437 786 4492 maculis
818 4437 1107 4507 deturpati.
1139 4437 1316 4493 Facile
1343 4439 1537 4494 fuisset
1575 4437 1644 4492 ad
1681 4435 2114 4490 animadverten-
2145 4427 2188 4480 ι)
2216 4425 2389 4482 LOCOS
2434 4427 2730 4498 Scriptura:
2757 4431 2896 4486 scite
2925 4430 3214 4485 admodum
3243 4433 3466 4501 exponit
3505 4448 3568 4488 ac
3607 4436 3779 4505 appli-

555 4529 705 4590 dum,
747 4529 907 4582 modo
930 4531 1046 4584 viro
1078 4531 1241 4584 docto
1270 4531 1358 4585 cui
1391 4530 1576 4586 Graeca
1611 4529 1890 4592 debemus,
1923 4528 2115 4584 libuis-

555 4627 658 4682 set,
697 4621 956 4675 intextam
1009 4628 1250 4676 extremo
1297 4623 1439 4677 libro
1483 4622 1642 4676 tertio
1693 4621 2112 4691 disputationem

553 4708 619 4762 de
652 4708 887 4762 hominis
919 4711 1212 4772 creatione,
1243 4725 1405 4779 quam
1435 4710 1540 4765 Titi
1565 4712 1861 4767 adversarii
1894 4711 2110 4764 diabolo

551 4809 827 4872 acceptam
867 4803 1127 4866 ferebant.
1183 4804 1249 4857 ab
1277 4819 1342 4859 eo
1375 4805 1493 4858 loco
1531 4820 1639 4875 quo
1669 4805 1837 4875 legem
1867 4820 1987 4861 esse
2015 4805 2110 4860 bo-

620 4977 954 5053 {(1)11ieron.
979 4979 1052 5034 De
1081 4982 1178 5036 vir.
1213 4981 1432 5046 Μυκη,
1459 4997 1580 5053 cap.
1615 4984 1733 5038 10‘2.

715 5048 909 5135 lipiph.
945 5051 1072 5135 hair.
1104 5067 1262 5135 uw.‘
1282 5068 1402 5135 cap.
1437 5054 1525 5135 2!:

615 5126 683 5193 (ἐ)
728 5120 950 5193 Tillem:
971 5120 1128 5193 Hem.
1157 5124 1283 5176 εδει.
1312 5120 1444 5178 tom.
1476 5121 1588 5186 νυ,
1622 5138 1743 5193 pag.
1773 5123 1898 5178 585.

543 5189 884 5314 “(ﬁgonl’lboL
915 5190 1049 5246 Bibl.
1081 5193 1202 5247 cod.
1251 5207 1486 5259 ccxxx",
1518 5189 1638 5264 pag.
1669 5189 1772 5248 894
1814 5209 1928 5265 seq.
1970 5195 2099 5250 edit.

838 5331 970 5386 ibid.
1001 5333 1120 5386 cod.
1158 5348 1354 5394 Lxxxv,
1381 5349 1504 5403 pag.
1531 5331 1658 5388 203.

611 5403 678 5470 (ιζ)
721 5400 948 5472 Basnag.
1004 5404 1068 5456 ad
1121 5403 1270 5457 Thes.
1327 5400 1514 5460 canis.
1562 5414 1693 5459 tom.
1730 5403 1786 5468 l,
1837 5422 1957 5478 pag.
1994 5406 2096 5473 57,

543 5471 572 5542 ᾗ
721 5542 1102 5615 Lequictnﬂr.
1132 5544 1323 5600 Christ.
1353 5554 1482 5600 tom.
1517 5547 1560 5609 1,
1582 5562 1700 5615 pag.
1729 5546 1850 5604 609..

613 5614 687 5679 (lt)
731 5613 944 5668 Maxim.
980 5614 1118 5684 Opp.
1155 5627 1282 5670 tom.
1319 5615 1381 5684 ll,
1427 5632 1546 5686 pag.
1583 5613 1672 5671 65.

2203 5403 2229 5442 8

2216 4527 2324 4582 cat,
2369 4527 2429 4572 ut
2462 4520 2595 4574 nihil
2625 4521 2926 4577 desiderari
2966 4523 3236 4578 videatur.
3271 4542 3289 4574 ι
3329 4521 3436 4578 Sed
3482 4525 3597 4580 haec
3645 4528 3776 4582 satis

2214 4610 2282 4665 de
2325 4610 2450 4665 Tito
2496 4611 2798 4668 Bostrensi.
2844 4611 3113 4668 Ceterum
3163 4614 3231 4669 de
3273 4613 3682 4670 Commentariis
3724 4619 3776 4670 in

2212 4701 2410 4755 Lucam
2448 4703 2569 4773 ejus
2621 4707 2841 4760 nomine
2889 4704 3203 4775 inscriptis,
3265 4721 3368 4762 nos
3409 4707 3545 4762 alias
3575 4722 3776 4778 oppor-

2211 4796 2398 4851 tunius

2280 4971 2344 5047 (i)
2383 4969 2528 5047 ἒβη.
2707 4971 2850 5047 Ηίειἐ
2901 4973 3136 5047 Manich.
3167 5018 3181 5040 ,
3210 4993 3334 5047 pag.
3366 4978 3452 5032 50.

2280 5042 2354 5120 (λλ
2385 5042 2540 5120 Phot.
2572 5044 2695 5120 .lib_.
2754 5058 2770 5096 ι
2810 5044 2993 5120 Contr.
3051 5042 3324 5120 Manicbf,
3370 5047 3396 5118 §
3466 5063 3575 5110 xlv.
3626 5052 3769 5120 apud

2208 5107 2374 5187 Wolf.
2397 5112 2735 5187 lineatam.
2773 5122 2909 5187 tom.
2940 5114 2978 5181 l,
3024 5131 3146 5187 pag.
3169 5116 3276 5187 _54.

2277 5181 2349 5258 illi)
2381 5181 2574 5258 Qanis.
2607 5182 2748 5258 Left.
2801 5181 3129 5258 αηέίᾳχιόηῖ.
3169 5185 3211 5235 ν
3236 5229 3254 5258 ,
3278 5201 3435 5256 pagg.
3465 5186 3535 5240 36
3574 5203 3730 5258 seqq.

2277 5250 2619 5328 (I)‘B_a_snag._
2667 5253 2817 5328 Thes.
2854 5250 3036 5328 Canis.
3071 5267 3204 5311 tom.
3239 5250 3296 5318 Ιξ
3326 5250 3479 5326 pagg.
3513 5258 3583 5312 59
3609 5250 3760 5328 seqq.

2274 5321 2370 5389 (ιη)
2411 5319 2645 5378 Ἣθεδέἰ.
2676 5323 2906 5378 Probab.
2927 5326 3017 5379 lib.
3055 5331 3189 5397 sing.
3223 5319 3345 5398 cap'.
3368 5319 3457 5391 2'0,
3476 5343 3636 5400 pagg.
3665 5319 3763 5385 {6'6

3411 5468 3516 5521 655
3544 5497 3570 5506 -
3593 5465 3689 5520 651
3705 5507 3718 5522 .

2389 5459 2634 5541 Combef.
2666 5463 2818 5517 Auct.
2852 5481 2968 5520 nov.
3004 5472 3138 5520 tom.
3174 5464 3214 5528 Ι,
3250 5483 3369 5591 pag.
3411 5468 3510 5521 635

2273 5529 2346 5591 (ο)
2387 5529 2463 5584 ld.
2514 5547 2568 5587 ιη
2593 5549 2800 5590 recens.
2853 5545 2998 5591 auct.
3037 5535 3104 5589 ad
3146 5543 3279 5591 tom.
3391 5535 3510 5591 Bibl

3439 5552 3529 5592 τοι.
3571 5552 3720 5594 conc.
3738 5575 3754 5602 ,

2273 5529 2346 5598 (ο)
2387 5529 2463 5584 ld.
2514 5531 2568 5587 in
2593 5549 2800 5590 recens.
2853 5545 2998 5591 auct.
3037 5535 3104 5589 ad
3146 5529 3279 5593 tom'.

2201 5613 2324 5671 pag.
2356 5600 2443 5654 49.
