  <div class='ocr_page' id='page_1' title='image "/cluster/home/n/w/nwhite01/storage/ocr_20150623/18/hvd.32044073501215/544.png"; bbox 0 0 4072 6338; ppageno 0'>
   <div class='ocr_carea' id='block_1_1' title="bbox 345 305 484 365">
    <p class='ocr_par' dir='ltr' id='par_1_1' title="bbox 345 305 484 365">
     <span class='ocr_line' id='line_1_1' title="bbox 345 305 484 365; baseline 0.043 -5"><span class='ocrx_word' id='word_1_1' title='bbox 345 305 484 365; x_wconf 78' lang='grc'><strong>1069</strong></span> 
     </span>
    </p>
   </div>
   <div class='ocr_carea' id='block_1_2' title="bbox 1419 309 2496 376">
    <p class='ocr_par' dir='ltr' id='par_1_2' title="bbox 1419 309 2496 376">
     <span class='ocr_line' id='line_1_2' title="bbox 1419 309 2496 376; baseline 0 -2"><span class='ocrx_word' id='word_1_2' title='bbox 1419 314 1786 376; x_wconf 69' lang='grc' dir='ltr'><strong>λῠνΕΙὶδυὸ</strong></span> <span class='ocrx_word' id='word_1_3' title='bbox 1823 316 2246 375; x_wconf 71' lang='grc' dir='ltr'><strong>ΜΛΝΙΕΗᾹΞΟΞ</strong></span> <span class='ocrx_word' id='word_1_4' title='bbox 2283 319 2412 374; x_wconf 82' lang='lat' dir='ltr'><strong>LIB.</strong></span> <span class='ocrx_word' id='word_1_5' title='bbox 2451 309 2496 374; x_wconf 73' lang='grc' dir='ltr'>ἶ.</span> 
     </span>
    </p>
   </div>
   <div class='ocr_carea' id='block_1_3' title="bbox 3457 315 3597 371">
    <p class='ocr_par' dir='ltr' id='par_1_3' title="bbox 3457 315 3597 371">
     <span class='ocr_line' id='line_1_3' title="bbox 3457 315 3597 371; baseline -0.007 0"><span class='ocrx_word' id='word_1_6' title='bbox 3457 315 3597 371; x_wconf 70' lang='grc' dir='ltr'><strong>ίυῗυ</strong></span> 
     </span>
    </p>
   </div>
   <div class='ocr_carea' id='block_1_4' title="bbox 359 447 3576 476">
    <p class='ocr_par' dir='ltr' id='par_1_4' title="bbox 359 447 1096 464">
     <span class='ocr_line' id='line_1_4' title="bbox 359 447 1096 464; baseline 0 -10"><span class='ocrx_word' id='word_1_7' title='bbox 359 447 612 464; x_wconf 41' lang='grc' dir='ltr'>κ,,,</span> <span class='ocrx_word' id='word_1_8' title='bbox 857 447 865 464; x_wconf 79' lang='grc'><strong>,</strong></span> <span class='ocrx_word' id='word_1_9' title='bbox 1093 451 1096 454; x_wconf 89' lang='grc'><strong>,</strong></span> 
     </span>
    </p>
   </div>
   <div class='ocr_carea' id='block_1_5' title="bbox 673 603 3247 762">
    <p class='ocr_par' dir='ltr' id='par_1_5' title="bbox 673 603 3247 762">
     <span class='ocr_line' id='line_1_5' title="bbox 673 603 3247 762; baseline 0.001 -6"><span class='ocrx_word' id='word_1_10' title='bbox 673 604 1070 758; x_wconf 85' lang='lat' dir='ltr'><strong>TITI</strong></span> <span class='ocrx_word' id='word_1_11' title='bbox 1149 603 2321 762; x_wconf 81' lang='lat' dir='ltr'><strong>BOSTRENSIS</strong></span> <span class='ocrx_word' id='word_1_12' title='bbox 2381 607 3247 762; x_wconf 80' lang='lat' dir='ltr'><strong>EPISCOPI</strong></span> 
     </span>
    </p>
   </div>
   <div class='ocr_carea' id='block_1_6' title="bbox 583 879 3336 998">
    <p class='ocr_par' dir='ltr' id='par_1_6' title="bbox 583 879 3336 998">
     <span class='ocr_line' id='line_1_6' title="bbox 583 879 3336 998; baseline 0.001 -6"><span class='ocrx_word' id='word_1_13' title='bbox 583 879 960 992; x_wconf 81' lang='lat' dir='ltr'><strong>LIBRI</strong></span> <span class='ocrx_word' id='word_1_14' title='bbox 1101 879 2284 998; x_wconf 73' lang='lat' dir='ltr'><strong>TRESADVERSUS</strong></span> <span class='ocrx_word' id='word_1_15' title='bbox 2413 881 3336 996; x_wconf 78' lang='lat' dir='ltr'><strong>MANICH/EOS.</strong></span> 
     </span>
    </p>
   </div>
   <div class='ocr_carea' id='block_1_7' title="bbox 1186 1103 2735 1168">
    <p class='ocr_par' dir='ltr' id='par_1_7' title="bbox 1186 1103 2735 1168">
     <span class='ocr_line' id='line_1_7' title="bbox 1186 1103 2735 1168; baseline 0.005 -8"><span class='ocrx_word' id='word_1_16' title='bbox 1186 1117 1593 1164; x_wconf 64' lang='lat' dir='ltr'><strong>INTERPRETB</strong></span> <span class='ocrx_word' id='word_1_17' title='bbox 1635 1103 2086 1167; x_wconf 80' lang='lat' dir='ltr'><strong>FRANCISCO</strong></span> <span class='ocrx_word' id='word_1_18' title='bbox 2122 1105 2535 1168; x_wconf 78' lang='lat' dir='ltr'><strong>TUBRIANO</strong></span> <span class='ocrx_word' id='word_1_19' title='bbox 2571 1107 2634 1166; x_wconf 92' lang='lat' dir='ltr'><strong>S.</strong></span> <span class='ocrx_word' id='word_1_20' title='bbox 2676 1107 2735 1167; x_wconf 72' lang='grc' dir='ltr'>Ι.</span> 
     </span>
    </p>
   </div>
   <div class='ocr_carea' id='block_1_8' title="bbox 1501 1380 2422 1474">
    <p class='ocr_par' dir='ltr' id='par_1_8' title="bbox 1501 1380 2422 1474">
     <span class='ocr_line' id='line_1_8' title="bbox 1501 1380 2422 1474; baseline -0.001 -4"><span class='ocrx_word' id='word_1_21' title='bbox 1501 1380 1862 1472; x_wconf 81' lang='lat' dir='ltr'><strong>LIBER</strong></span> <span class='ocrx_word' id='word_1_22' title='bbox 1935 1381 2422 1474; x_wconf 70' lang='lat' dir='ltr'><strong>PRIMUD.</strong></span> 
     </span>
    </p>
   </div>
   <div class='ocr_carea' id='block_1_9' title="bbox 1545 1642 2390 1718">
    <p class='ocr_par' dir='ltr' id='par_1_9' title="bbox 1545 1642 2390 1718">
     <span class='ocr_line' id='line_1_9' title="bbox 1545 1642 2390 1718; baseline 0.001 -23"><span class='ocrx_word' id='word_1_23' title='bbox 1545 1642 1668 1696; x_wconf 73' lang='lat' dir='ltr'><strong>CAP.</strong></span> <span class='ocrx_word' id='word_1_24' title='bbox 1709 1643 1748 1698; x_wconf 83' lang='grc' dir='ltr'>Ι.</span> <span class='ocrx_word' id='word_1_25' title='bbox 1785 1646 1948 1718; x_wconf 76' lang='lat' dir='ltr'><strong>Origo</strong></span> <span class='ocrx_word' id='word_1_26' title='bbox 1986 1646 2390 1704; x_wconf 68' lang='lat' dir='ltr'><strong>Haniclueismi.</strong></span> 
     </span>
    </p>
   </div>
   <div class='ocr_carea' id='block_1_10' title="bbox 405 1734 1940 1837">
    <p class='ocr_par' dir='ltr' id='par_1_10' title="bbox 405 1734 1908 1837">
     <span class='ocr_line' id='line_1_10' title="bbox 405 1734 1908 1837; baseline 0.001 -21"><span class='ocrx_word' id='word_1_27' title='bbox 405 1753 554 1816; x_wconf 77' lang='grc' dir='ltr'>Ἠᾶσι</span> <span class='ocrx_word' id='word_1_28' title='bbox 586 1760 682 1832; x_wconf 84' lang='grc' dir='ltr'>μὲν</span> <span class='ocrx_word' id='word_1_29' title='bbox 714 1754 792 1822; x_wconf 73' lang='grc' dir='ltr'>οἷς</span> <span class='ocrx_word' id='word_1_30' title='bbox 825 1752 1010 1828; x_wconf 82' lang='grc' dir='ltr'>γέγονε</span> <span class='ocrx_word' id='word_1_31' title='bbox 1059 1750 1148 1812; x_wconf 83' lang='grc' dir='ltr'>διὰ</span> <span class='ocrx_word' id='word_1_32' title='bbox 1189 1734 1564 1830; x_wconf 22' lang='grc' dir='ltr'>σπουδῆς-τῶν</span> <span class='ocrx_word' id='word_1_33' title='bbox 1600 1765 1658 1816; x_wconf 86' lang='grc' dir='ltr'><strong>ἐν</strong></span> <span class='ocrx_word' id='word_1_34' title='bbox 1696 1764 1908 1837; x_wconf 83' lang='grc' dir='ltr'>ἀνθρώ-</span> 
     </span>
    </p>
   </div>
   <div class='ocr_carea' id='block_1_11' title="bbox 2021 1734 3588 1837">
    <p class='ocr_par' dir='ltr' id='par_1_11' title="bbox 2083 1758 3588 1835">
     <span class='ocr_line' id='line_1_11' title="bbox 2083 1758 3588 1835; baseline -0.002 -14"><span class='ocrx_word' id='word_1_35' title='bbox 2083 1767 2292 1835; x_wconf 85' lang='lat' dir='ltr'><strong>Quibus</strong></span> <span class='ocrx_word' id='word_1_36' title='bbox 2323 1764 2566 1820; x_wconf 88' lang='lat' dir='ltr'><strong>studium</strong></span> <span class='ocrx_word' id='word_1_37' title='bbox 2595 1771 2680 1819; x_wconf 81' lang='lat' dir='ltr'><strong>est</strong></span> <span class='ocrx_word' id='word_1_38' title='bbox 2711 1777 2908 1818; x_wconf 86' lang='lat' dir='ltr'><strong>causas</strong></span> <span class='ocrx_word' id='word_1_39' title='bbox 2940 1771 3128 1818; x_wconf 80' lang='lat' dir='ltr'><strong>eorum</strong></span> <span class='ocrx_word' id='word_1_40' title='bbox 3174 1773 3295 1833; x_wconf 69' lang='lat' dir='ltr'><strong>qua:</strong></span> <span class='ocrx_word' id='word_1_41' title='bbox 3337 1758 3588 1818; x_wconf 77' lang='lat' dir='ltr'><strong>homines</strong></span> 
     </span>
    </p>
   </div>
   <div class='ocr_carea' id='block_1_12' title="bbox 341 1849 1916 1923">
    <p class='ocr_par' dir='ltr' id='par_1_12' title="bbox 341 1849 1916 1923">
     <span class='ocr_line' id='line_1_12' title="bbox 341 1849 1916 1923; baseline 0.004 -18"><span class='ocrx_word' id='word_1_42' title='bbox 341 1862 466 1917; x_wconf 72' lang='grc' dir='ltr'>’ποις</span> <span class='ocrx_word' id='word_1_43' title='bbox 492 1851 953 1923; x_wconf 78' lang='grc' dir='ltr'><strong>ἁμαρτανομένων</strong></span> <span class='ocrx_word' id='word_1_44' title='bbox 986 1849 1084 1914; x_wconf 87' lang='grc' dir='ltr'><strong>τὰς</strong></span> <span class='ocrx_word' id='word_1_45' title='bbox 1121 1851 1295 1916; x_wconf 80' lang='grc' dir='ltr'><strong>αἰτίας</strong></span> <span class='ocrx_word' id='word_1_46' title='bbox 1329 1851 1532 1917; x_wconf 82' lang='grc' dir='ltr'><strong>ἐξελεῖν</strong></span> <span class='ocrx_word' id='word_1_47' title='bbox 1577 1854 1734 1922; x_wconf 91' lang='grc' dir='ltr'>Θεοῦ,</span> <span class='ocrx_word' id='word_1_48' title='bbox 1773 1857 1916 1922; x_wconf 84' lang='grc' dir='ltr'>ὅσιός</span> 
     </span>
    </p>
   </div>
   <div class='ocr_carea' id='block_1_13' title="bbox 342 1943 1918 2015">
    <p class='ocr_par' dir='ltr' id='par_1_13' title="bbox 342 1943 1918 2015">
     <span class='ocr_line' id='line_1_13' title="bbox 342 1943 1918 2015; baseline 0.003 -15"><span class='ocrx_word' id='word_1_49' title='bbox 342 1964 401 2000; x_wconf 87' lang='grc' dir='ltr'><strong>τε</strong></span> <span class='ocrx_word' id='word_1_50' title='bbox 436 1947 528 1999; x_wconf 72' lang='grc' dir='ltr'>καὶ</span> <span class='ocrx_word' id='word_1_51' title='bbox 565 1945 768 2015; x_wconf 84' lang='grc' dir='ltr'>ἀληθὴς</span> <span class='ocrx_word' id='word_1_52' title='bbox 815 1945 1007 2012; x_wconf 88' lang='grc' dir='ltr'>γέγονε</span> <span class='ocrx_word' id='word_1_53' title='bbox 1057 1944 1200 1997; x_wconf 87' lang='grc' dir='ltr'><strong>κατά</strong></span> <span class='ocrx_word' id='word_1_54' title='bbox 1246 1943 1403 1998; x_wconf 89' lang='grc' dir='ltr'>τοῦτο</span> <span class='ocrx_word' id='word_1_55' title='bbox 1449 1945 1560 1999; x_wconf 91' lang='grc' dir='ltr'><strong>τῶν</strong></span> <span class='ocrx_word' id='word_1_56' title='bbox 1602 1947 1856 2003; x_wconf 78' lang='grc' dir='ltr'><strong>τοιούτων</strong></span> <span class='ocrx_word' id='word_1_57' title='bbox 1889 1953 1918 2004; x_wconf 88' lang='grc' dir='ltr'>ὁ</span> 
     </span>
    </p>
   </div>
   <div class='ocr_carea' id='block_1_14' title="bbox 344 2032 1915 2110">
    <p class='ocr_par' dir='ltr' id='par_1_14' title="bbox 344 2032 1915 2110">
     <span class='ocr_line' id='line_1_14' title="bbox 344 2032 1915 2110; baseline 0.004 -20"><span class='ocrx_word' id='word_1_58' title='bbox 344 2038 578 2102; x_wconf 73' lang='grc' dir='ltr'>σκοπόςσ</span> <span class='ocrx_word' id='word_1_59' title='bbox 607 2037 719 2105; x_wconf 80' lang='grc' dir='ltr'>εἴγε</span> <span class='ocrx_word' id='word_1_60' title='bbox 767 2037 842 2108; x_wconf 83' lang='grc' dir='ltr'>μὴ</span> <span class='ocrx_word' id='word_1_61' title='bbox 869 2032 1222 2106; x_wconf 80' lang='grc' dir='ltr'><strong>διαφυγόντες</strong></span> <span class='ocrx_word' id='word_1_62' title='bbox 1265 2038 1326 2091; x_wconf 84' lang='grc' dir='ltr'><strong>τὸ</strong></span> <span class='ocrx_word' id='word_1_63' title='bbox 1360 2041 1607 2110; x_wconf 84' lang='grc' dir='ltr'>προνοεῖν</span> <span class='ocrx_word' id='word_1_64' title='bbox 1656 2040 1763 2095; x_wconf 88' lang='grc' dir='ltr'><strong>τῶν</strong></span> <span class='ocrx_word' id='word_1_65' title='bbox 1796 2043 1915 2096; x_wconf 84' lang='grc' dir='ltr'>καθ’</span> 
     </span>
    </p>
   </div>
   <div class='ocr_carea' id='block_1_15' title="bbox 340 2123 1917 2203">
    <p class='ocr_par' dir='ltr' id='par_1_15' title="bbox 340 2123 1917 2203">
     <span class='ocr_line' id='line_1_15' title="bbox 340 2123 1917 2203; baseline 0.004 -22"><span class='ocrx_word' id='word_1_66' title='bbox 340 2131 490 2200; x_wconf 71' lang='grc' dir='ltr'>ἡμᾶς</span> <span class='ocrx_word' id='word_1_67' title='bbox 521 2130 610 2182; x_wconf 81' lang='grc' dir='ltr'>τὸν</span> <span class='ocrx_word' id='word_1_68' title='bbox 651 2123 803 2196; x_wconf 83' lang='grc' dir='ltr'>Θεὸν,</span> <span class='ocrx_word' id='word_1_69' title='bbox 846 2129 1085 2197; x_wconf 72' lang='grc' dir='ltr'>εὐλόγως</span> <span class='ocrx_word' id='word_1_70' title='bbox 1127 2131 1222 2184; x_wconf 71' lang='grc' dir='ltr'>καὶ</span> <span class='ocrx_word' id='word_1_71' title='bbox 1269 2130 1574 2203; x_wconf 78' lang='grc' dir='ltr'>φιλαλήθως</span> <span class='ocrx_word' id='word_1_72' title='bbox 1612 2133 1917 2203; x_wconf 84' lang='grc' dir='ltr'>ἀνθρώποις</span> 
     </span>
    </p>
   </div>
   <div class='ocr_carea' id='block_1_16' title="bbox 340 2222 1916 2296">
    <p class='ocr_par' dir='ltr' id='par_1_16' title="bbox 340 2222 1916 2296">
     <span class='ocr_line' id='line_1_16' title="bbox 340 2222 1916 2296; baseline 0.003 -19"><span class='ocrx_word' id='word_1_73' title='bbox 340 2224 614 2295; x_wconf 80' lang='grc' dir='ltr'><strong>ἀνέθηκαν</strong></span> <span class='ocrx_word' id='word_1_74' title='bbox 662 2223 730 2276; x_wconf 78' lang='grc' dir='ltr'><strong>τὰ</strong></span> <span class='ocrx_word' id='word_1_75' title='bbox 773 2223 922 2292; x_wconf 85' lang='grc' dir='ltr'>σφῶν</span> <span class='ocrx_word' id='word_1_76' title='bbox 970 2222 1148 2277; x_wconf 78' lang='grc' dir='ltr'>αὐτῶν</span> <span class='ocrx_word' id='word_1_77' title='bbox 1197 2225 1600 2296; x_wconf 65' lang='grc' dir='ltr'>ἁμαρτήμασι-α’</span> <span class='ocrx_word' id='word_1_78' title='bbox 1649 2227 1916 2296; x_wconf 81' lang='grc' dir='ltr'>ἐπείτοιγε</span> 
     </span>
    </p>
   </div>
   <div class='ocr_carea' id='block_1_17' title="bbox 343 2317 1919 2392">
    <p class='ocr_par' dir='ltr' id='par_1_17' title="bbox 343 2317 1919 2392">
     <span class='ocr_line' id='line_1_17' title="bbox 343 2317 1919 2392; baseline 0.003 -23"><span class='ocrx_word' id='word_1_79' title='bbox 343 2318 539 2388; x_wconf 87' lang='grc' dir='ltr'>μικρὸν</span> <span class='ocrx_word' id='word_1_80' title='bbox 580 2317 760 2371; x_wconf 78' lang='grc' dir='ltr'>ἰᾶσθαί</span> <span class='ocrx_word' id='word_1_81' title='bbox 793 2335 844 2369; x_wconf 88' lang='grc' dir='ltr'><strong>τι</strong></span> <span class='ocrx_word' id='word_1_82' title='bbox 896 2317 1267 2388; x_wconf 81' lang='grc' dir='ltr'>βουληθέντες,</span> <span class='ocrx_word' id='word_1_83' title='bbox 1304 2319 1512 2389; x_wconf 80' lang='grc' dir='ltr'>μείζονι</span> <span class='ocrx_word' id='word_1_84' title='bbox 1557 2322 1650 2372; x_wconf 82' lang='grc' dir='ltr'>καὶ</span> <span class='ocrx_word' id='word_1_85' title='bbox 1698 2321 1919 2392; x_wconf 82' lang='grc' dir='ltr'>χαλεπῷ</span> 
     </span>
    </p>
   </div>
   <div class='ocr_carea' id='block_1_18' title="bbox 341 2405 1918 2484">
    <p class='ocr_par' dir='ltr' id='par_1_18' title="bbox 341 2405 1918 2484">
     <span class='ocr_line' id='line_1_18' title="bbox 341 2405 1918 2484; baseline 0.001 -20"><span class='ocrx_word' id='word_1_86' title='bbox 341 2412 608 2482; x_wconf 81' lang='grc' dir='ltr'>νοσήματι</span> <span class='ocrx_word' id='word_1_87' title='bbox 644 2411 743 2480; x_wconf 78' lang='grc' dir='ltr'>τῆς</span> <span class='ocrx_word' id='word_1_88' title='bbox 773 2405 1027 2474; x_wconf 81' lang='grc' dir='ltr'>ἀσεϐείας</span> <span class='ocrx_word' id='word_1_89' title='bbox 1059 2411 1404 2480; x_wconf 85' lang='grc' dir='ltr'>περιέπεσον,</span> <span class='ocrx_word' id='word_1_90' title='bbox 1437 2415 1515 2475; x_wconf 78' lang='grc' dir='ltr'><strong>εἰς</strong></span> <span class='ocrx_word' id='word_1_91' title='bbox 1557 2413 1787 2484; x_wconf 78' lang='grc' dir='ltr'>ἄρνησιν</span> <span class='ocrx_word' id='word_1_92' title='bbox 1820 2413 1918 2482; x_wconf 80' lang='grc' dir='ltr'>τῆς</span> 
     </span>
    </p>
   </div>
   <div class='ocr_carea' id='block_1_19' title="bbox 341 2498 1915 2575">
    <p class='ocr_par' dir='ltr' id='par_1_19' title="bbox 341 2498 1915 2575">
     <span class='ocr_line' id='line_1_19' title="bbox 341 2498 1915 2575; baseline 0.003 -20"><span class='ocrx_word' id='word_1_93' title='bbox 341 2505 400 2556; x_wconf 84' lang='grc' dir='ltr'>ὲν</span> <span class='ocrx_word' id='word_1_94' title='bbox 435 2505 600 2556; x_wconf 78' lang='grc' dir='ltr'>παντὶ</span> <span class='ocrx_word' id='word_1_95' title='bbox 630 2503 958 2574; x_wconf 78' lang='grc' dir='ltr'>φαινομένης</span> <span class='ocrx_word' id='word_1_96' title='bbox 985 2501 1076 2555; x_wconf 85' lang='grc' dir='ltr'><strong>τοῦ</strong></span> <span class='ocrx_word' id='word_1_97' title='bbox 1112 2501 1245 2556; x_wconf 89' lang='grc' dir='ltr'>Θεοῦ</span> <span class='ocrx_word' id='word_1_98' title='bbox 1281 2498 1537 2574; x_wconf 78' lang='grc' dir='ltr'>προνοίας</span> <span class='ocrx_word' id='word_1_99' title='bbox 1564 2505 1915 2575; x_wconf 82' lang='grc' dir='ltr'>ἐμπεσόντες.</span> 
     </span>
    </p>
   </div>
   <div class='ocr_carea' id='block_1_20' title="bbox 354 2593 1919 2668">
    <p class='ocr_par' dir='ltr' id='par_1_20' title="bbox 354 2593 1919 2668">
     <span class='ocr_line' id='line_1_20' title="bbox 354 2593 1919 2668; baseline 0.002 -21"><span class='ocrx_word' id='word_1_100' title='bbox 354 2595 412 2647; x_wconf 84' lang='grc'><strong>’0</strong></span> <span class='ocrx_word' id='word_1_101' title='bbox 468 2596 525 2648; x_wconf 81' lang='grc' dir='ltr'>δὲ</span> <span class='ocrx_word' id='word_1_102' title='bbox 562 2595 751 2666; x_wconf 71' lang='grc' dir='ltr'>μανεὶς</span> <span class='ocrx_word' id='word_1_103' title='bbox 793 2597 857 2648; x_wconf 83' lang='grc' dir='ltr'><strong>ἐκ</strong></span> <span class='ocrx_word' id='word_1_104' title='bbox 901 2593 1189 2665; x_wconf 81' lang='grc' dir='ltr'>βαρϐάρων</span> <span class='ocrx_word' id='word_1_105' title='bbox 1229 2597 1323 2649; x_wconf 72' lang='grc' dir='ltr'>καὶ</span> <span class='ocrx_word' id='word_1_106' title='bbox 1364 2596 1461 2666; x_wconf 83' lang='grc' dir='ltr'>τῆς</span> <span class='ocrx_word' id='word_1_107' title='bbox 1509 2597 1704 2666; x_wconf 83' lang='grc' dir='ltr'>μανίας</span> <span class='ocrx_word' id='word_1_108' title='bbox 1750 2598 1919 2668; x_wconf 76' lang='grc' dir='ltr'>αὐτῆς</span> 
     </span>
    </p>
   </div>
   <div class='ocr_carea' id='block_1_21' title="bbox 341 2685 1918 2760">
    <p class='ocr_par' dir='ltr' id='par_1_21' title="bbox 341 2685 1918 2760">
     <span class='ocr_line' id='line_1_21' title="bbox 341 2685 1918 2760; baseline 0.001 -20"><span class='ocrx_word' id='word_1_109' title='bbox 341 2686 648 2758; x_wconf 83' lang='grc' dir='ltr'>ἐπώνυμος,</span> <span class='ocrx_word' id='word_1_110' title='bbox 677 2685 756 2739; x_wconf 80' lang='grc' dir='ltr'><strong>ἐτι</strong></span> <span class='ocrx_word' id='word_1_111' title='bbox 784 2686 918 2756; x_wconf 85' lang='grc' dir='ltr'>πρὸς</span> <span class='ocrx_word' id='word_1_112' title='bbox 941 2686 1193 2740; x_wconf 86' lang='grc' dir='ltr'>ἀσέϐειαν</span> <span class='ocrx_word' id='word_1_113' title='bbox 1223 2685 1613 2760; x_wconf 81' lang='grc' dir='ltr'>βλαϐερωτέρῳ</span> <span class='ocrx_word' id='word_1_114' title='bbox 1642 2690 1918 2760; x_wconf 81' lang='grc' dir='ltr'>φαρμάκῳ</span> 
     </span>
    </p>
   </div>
   <div class='ocr_carea' id='block_1_22' title="bbox 343 2778 1918 2850">
    <p class='ocr_par' dir='ltr' id='par_1_22' title="bbox 343 2778 1918 2850">
     <span class='ocr_line' id='line_1_22' title="bbox 343 2778 1918 2850; baseline 0 -18"><span class='ocrx_word' id='word_1_115' title='bbox 343 2780 719 2850; x_wconf 81' lang='grc' dir='ltr'>κατεχρήσατο</span> <span class='ocrx_word' id='word_1_116' title='bbox 742 2796 755 2808; x_wconf 88' lang='grc'><strong>·</strong></span> <span class='ocrx_word' id='word_1_117' title='bbox 813 2778 1006 2842; x_wconf 83' lang='grc' dir='ltr'>κακίας</span> <span class='ocrx_word' id='word_1_118' title='bbox 1056 2779 1166 2850; x_wconf 83' lang='grc' dir='ltr'>γὰρ</span> <span class='ocrx_word' id='word_1_119' title='bbox 1214 2779 1453 2834; x_wconf 84' lang='grc' dir='ltr'>ἀναίτιον</span> <span class='ocrx_word' id='word_1_120' title='bbox 1507 2780 1782 2845; x_wconf 80' lang='grc' dir='ltr'>ἀποδεῖξαι</span> <span class='ocrx_word' id='word_1_121' title='bbox 1828 2779 1918 2833; x_wconf 88' lang='grc' dir='ltr'><strong>τὸν</strong></span> 
     </span>
    </p>
   </div>
   <div class='ocr_carea' id='block_1_23' title="bbox 341 2868 1914 2942">
    <p class='ocr_par' dir='ltr' id='par_1_23' title="bbox 341 2868 1914 2942">
     <span class='ocr_line' id='line_1_23' title="bbox 341 2868 1914 2942; baseline 0 -19"><span class='ocrx_word' id='word_1_122' title='bbox 341 2870 477 2923; x_wconf 91' lang='grc' dir='ltr'>Θεὸν</span> <span class='ocrx_word' id='word_1_123' title='bbox 527 2868 828 2938; x_wconf 71' lang='grc' dir='ltr'>βουληθεὶς,</span> <span class='ocrx_word' id='word_1_124' title='bbox 866 2869 1060 2922; x_wconf 83' lang='grc' dir='ltr'>κακίαν</span> <span class='ocrx_word' id='word_1_125' title='bbox 1108 2869 1314 2942; x_wconf 84' lang='grc' dir='ltr'>προῖὼν</span> <span class='ocrx_word' id='word_1_126' title='bbox 1366 2871 1694 2941; x_wconf 83' lang='grc' dir='ltr'>ἀντέστησεν</span> <span class='ocrx_word' id='word_1_127' title='bbox 1739 2871 1914 2942; x_wconf 70' lang='grc' dir='ltr'>αὐτῷ·</span> 
     </span>
    </p>
   </div>
   <div class='ocr_carea' id='block_1_24' title="bbox 344 2955 1919 3035">
    <p class='ocr_par' dir='ltr' id='par_1_24' title="bbox 344 2955 1919 3035">
     <span class='ocr_line' id='line_1_24' title="bbox 344 2955 1919 3035; baseline 0 -17"><span class='ocrx_word' id='word_1_128' title='bbox 344 2965 661 3035; x_wconf 81' lang='grc' dir='ltr'>ἀγέννητον,</span> <span class='ocrx_word' id='word_1_129' title='bbox 677 2962 752 3026; x_wconf 86' lang='grc' dir='ltr'><strong>ῶς</strong></span> <span class='ocrx_word' id='word_1_130' title='bbox 767 2980 950 3033; x_wconf 86' lang='grc' dir='ltr'>φησιν,</span> <span class='ocrx_word' id='word_1_131' title='bbox 981 2964 1280 3033; x_wconf 85' lang='grc' dir='ltr'>ἀγεννήτῳ,</span> <span class='ocrx_word' id='word_1_132' title='bbox 1302 2955 1482 3028; x_wconf 78' lang='grc' dir='ltr'>ζῶσαν</span> <span class='ocrx_word' id='word_1_133' title='bbox 1507 2964 1691 3029; x_wconf 79' lang='grc' dir='ltr'>ζῶντι,</span> <span class='ocrx_word' id='word_1_134' title='bbox 1711 2965 1796 3017; x_wconf 75' lang='grc' dir='ltr'><strong>ἀεὶ</strong></span> <span class='ocrx_word' id='word_1_135' title='bbox 1821 2965 1919 3034; x_wconf 67' lang='grc' dir='ltr'><strong>μὸν</strong></span> 
     </span>
    </p>
   </div>
   <div class='ocr_carea' id='block_1_25' title="bbox 345 3056 1918 3128">
    <p class='ocr_par' dir='ltr' id='par_1_25' title="bbox 345 3056 1918 3128">
     <span class='ocr_line' id='line_1_25' title="bbox 345 3056 1918 3128; baseline -0.001 -17"><span class='ocrx_word' id='word_1_136' title='bbox 345 3057 781 3128; x_wconf 84' lang='grc' dir='ltr'>ἐπανισταμένην</span> <span class='ocrx_word' id='word_1_137' title='bbox 815 3057 909 3109; x_wconf 79' lang='grc' dir='ltr'>καὶ</span> <span class='ocrx_word' id='word_1_138' title='bbox 942 3057 1274 3127; x_wconf 82' lang='grc' dir='ltr'>μαχομένην,</span> <span class='ocrx_word' id='word_1_139' title='bbox 1308 3057 1402 3109; x_wconf 79' lang='grc' dir='ltr'>καὶ</span> <span class='ocrx_word' id='word_1_140' title='bbox 1449 3056 1642 3110; x_wconf 78' lang='grc' dir='ltr'>οὔποτε</span> <span class='ocrx_word' id='word_1_141' title='bbox 1690 3058 1764 3127; x_wconf 83' lang='grc' dir='ltr'>μὴ</span> <span class='ocrx_word' id='word_1_142' title='bbox 1797 3058 1918 3128; x_wconf 78' lang='grc' dir='ltr'>οὐχὶ</span> 
     </span>
    </p>
   </div>
   <div class='ocr_carea' id='block_1_26' title="bbox 2018 1854 3587 1929">
    <p class='ocr_par' dir='ltr' id='par_1_26' title="bbox 2018 1854 3587 1929">
     <span class='ocr_line' id='line_1_26' title="bbox 2018 1854 3587 1929; baseline -0.004 -16"><span class='ocrx_word' id='word_1_143' title='bbox 2018 1867 2282 1929; x_wconf 88' lang='lat' dir='ltr'><strong>peccant,</strong></span> <span class='ocrx_word' id='word_1_144' title='bbox 2314 1871 2345 1909; x_wconf 87' lang='lat' dir='ltr'><strong>a</strong></span> <span class='ocrx_word' id='word_1_145' title='bbox 2373 1855 2486 1911; x_wconf 90' lang='lat' dir='ltr'><strong>Deo</strong></span> <span class='ocrx_word' id='word_1_146' title='bbox 2516 1869 2825 1920; x_wconf 88' lang='lat' dir='ltr'><strong>removere,</strong></span> <span class='ocrx_word' id='word_1_147' title='bbox 2860 1854 3012 1908; x_wconf 90' lang='lat' dir='ltr'><strong>aiunt</strong></span> <span class='ocrx_word' id='word_1_148' title='bbox 3041 1863 3290 1909; x_wconf 88' lang='lat' dir='ltr'><strong>sanctum</strong></span> <span class='ocrx_word' id='word_1_149' title='bbox 3321 1864 3374 1909; x_wconf 90' lang='lat' dir='ltr'><strong>et</strong></span> <span class='ocrx_word' id='word_1_150' title='bbox 3402 1869 3587 1910; x_wconf 85' lang='lat' dir='ltr'><strong>verum</strong></span> 
     </span>
    </p>
   </div>
   <div class='ocr_carea' id='block_1_27' title="bbox 2018 1943 3591 2020">
    <p class='ocr_par' dir='ltr' id='par_1_27' title="bbox 2018 1943 3591 2020">
     <span class='ocr_line' id='line_1_27' title="bbox 2018 1943 3591 2020; baseline -0.005 -12"><span class='ocrx_word' id='word_1_151' title='bbox 2018 1969 2139 2008; x_wconf 86' lang='lat' dir='ltr'><strong>esse</strong></span> <span class='ocrx_word' id='word_1_152' title='bbox 2162 1943 2336 2005; x_wconf 35' lang='lat' dir='ltr'><strong>&#39;Dcum</strong></span> <span class='ocrx_word' id='word_1_153' title='bbox 2367 1970 2380 2004; x_wconf 87' lang='lat'>:</span> <span class='ocrx_word' id='word_1_154' title='bbox 2417 1951 2523 2003; x_wconf 91' lang='lat' dir='ltr'><strong>huc</strong></span> <span class='ocrx_word' id='word_1_155' title='bbox 2555 1955 2804 2020; x_wconf 88' lang='lat' dir='ltr'><strong>spectant</strong></span> <span class='ocrx_word' id='word_1_156' title='bbox 2833 1949 2972 2002; x_wconf 85' lang='lat' dir='ltr'><strong>tales</strong></span> <span class='ocrx_word' id='word_1_157' title='bbox 2994 1987 3009 2010; x_wconf 88' lang='lat'><strong>,</strong></span> <span class='ocrx_word' id='word_1_158' title='bbox 3038 1959 3091 2002; x_wconf 88' lang='lat' dir='ltr'><strong>et</strong></span> <span class='ocrx_word' id='word_1_159' title='bbox 3122 1948 3226 2002; x_wconf 87' lang='lat' dir='ltr'><strong>hoc</strong></span> <span class='ocrx_word' id='word_1_160' title='bbox 3268 1948 3348 2002; x_wconf 88' lang='lat' dir='ltr'><strong>eis</strong></span> <span class='ocrx_word' id='word_1_161' title='bbox 3392 1963 3591 2018; x_wconf 87' lang='lat' dir='ltr'><strong>propo-</strong></span> 
     </span>
    </p>
   </div>
   <div class='ocr_carea' id='block_1_28' title="bbox 2018 2041 3592 2110">
    <p class='ocr_par' dir='ltr' id='par_1_28' title="bbox 2018 2041 3592 2110">
     <span class='ocr_line' id='line_1_28' title="bbox 2018 2041 3592 2110; baseline -0.004 -12"><span class='ocrx_word' id='word_1_162' title='bbox 2018 2045 2184 2099; x_wconf 88' lang='lat' dir='ltr'><strong>situm</strong></span> <span class='ocrx_word' id='word_1_163' title='bbox 2210 2051 2296 2099; x_wconf 89' lang='lat' dir='ltr'><strong>est</strong></span> <span class='ocrx_word' id='word_1_164' title='bbox 2327 2042 2492 2097; x_wconf 87' lang='lat' dir='ltr'><strong>tueri.</strong></span> <span class='ocrx_word' id='word_1_165' title='bbox 2518 2041 2659 2095; x_wconf 50' lang='lat' dir='ltr'><strong>&quot;Cum</strong></span> <span class='ocrx_word' id='word_1_166' title='bbox 2700 2042 2844 2095; x_wconf 84' lang='lat' dir='ltr'><strong>enim</strong></span> <span class='ocrx_word' id='word_1_167' title='bbox 2890 2056 2998 2094; x_wconf 88' lang='lat' dir='ltr'><strong>non</strong></span> <span class='ocrx_word' id='word_1_168' title='bbox 3044 2047 3245 2110; x_wconf 76' lang='lat' dir='ltr'><strong>negant</strong></span> <span class='ocrx_word' id='word_1_169' title='bbox 3292 2054 3592 2110; x_wconf 86' lang='lat' dir='ltr'><strong>procurare</strong></span> 
     </span>
    </p>
   </div>
   <div class='ocr_carea' id='block_1_29' title="bbox 2019 2131 3591 2203">
    <p class='ocr_par' dir='ltr' id='par_1_29' title="bbox 2019 2131 3591 2203">
     <span class='ocr_line' id='line_1_29' title="bbox 2019 2131 3591 2203; baseline -0.001 -14"><span class='ocrx_word' id='word_1_170' title='bbox 2019 2131 2187 2189; x_wconf 87' lang='lat' dir='ltr'><strong>Deum</strong></span> <span class='ocrx_word' id='word_1_171' title='bbox 2216 2149 2304 2188; x_wconf 75' lang='lat' dir='ltr'><strong>res</strong></span> <span class='ocrx_word' id='word_1_172' title='bbox 2330 2143 2551 2188; x_wconf 86' lang='lat' dir='ltr'><strong>nostras</strong></span> <span class='ocrx_word' id='word_1_173' title='bbox 2569 2175 2584 2197; x_wconf 94' lang='lat'><strong>,</strong></span> <span class='ocrx_word' id='word_1_174' title='bbox 2609 2141 2756 2187; x_wconf 90' lang='lat' dir='ltr'><strong>recte</strong></span> <span class='ocrx_word' id='word_1_175' title='bbox 2783 2147 2845 2184; x_wconf 85' lang='lat' dir='ltr'><strong>ac</strong></span> <span class='ocrx_word' id='word_1_176' title='bbox 2874 2147 2999 2186; x_wconf 84' lang='lat' dir='ltr'><strong>vere</strong></span> <span class='ocrx_word' id='word_1_177' title='bbox 3027 2131 3338 2188; x_wconf 87' lang='lat' dir='ltr'><strong>hominibus</strong></span> <span class='ocrx_word' id='word_1_178' title='bbox 3366 2143 3591 2203; x_wconf 75' lang='lat' dir='ltr'><strong>peccata</strong></span> 
     </span>
    </p>
   </div>
   <div class='ocr_carea' id='block_1_30' title="bbox 2019 2224 3592 2296">
    <p class='ocr_par' dir='ltr' id='par_1_30' title="bbox 2019 2224 3592 2296">
     <span class='ocr_line' id='line_1_30' title="bbox 2019 2224 3592 2296; baseline -0.003 -16"><span class='ocrx_word' id='word_1_179' title='bbox 2019 2240 2208 2280; x_wconf 88' lang='lat' dir='ltr'><strong>eorum</strong></span> <span class='ocrx_word' id='word_1_180' title='bbox 2239 2226 2564 2296; x_wconf 73' lang='lat' dir='ltr'><strong>assignant;</strong></span> <span class='ocrx_word' id='word_1_181' title='bbox 2591 2224 2811 2294; x_wconf 75' lang='lat' dir='ltr'><strong>lalioqui</strong></span> <span class='ocrx_word' id='word_1_182' title='bbox 2851 2240 3044 2294; x_wconf 85' lang='lat' dir='ltr'><strong>parum</strong></span> <span class='ocrx_word' id='word_1_183' title='bbox 3087 2224 3215 2293; x_wconf 91' lang='lat' dir='ltr'><strong>quid</strong></span> <span class='ocrx_word' id='word_1_184' title='bbox 3261 2240 3456 2280; x_wconf 87' lang='lat' dir='ltr'><strong>sanare</strong></span> <span class='ocrx_word' id='word_1_185' title='bbox 3498 2226 3592 2294; x_wconf 86' lang='lat' dir='ltr'><strong>qui</strong></span> 
     </span>
    </p>
   </div>
   <div class='ocr_carea' id='block_1_31' title="bbox 2020 2314 3592 2387">
    <p class='ocr_par' dir='ltr' id='par_1_31' title="bbox 2020 2314 3592 2387">
     <span class='ocr_line' id='line_1_31' title="bbox 2020 2314 3592 2387; baseline 0 -16"><span class='ocrx_word' id='word_1_186' title='bbox 2020 2319 2344 2384; x_wconf 82' lang='lat' dir='ltr'><strong>voluerunt,</strong></span> <span class='ocrx_word' id='word_1_187' title='bbox 2379 2318 2433 2371; x_wconf 91' lang='lat' dir='ltr'><strong>in</strong></span> <span class='ocrx_word' id='word_1_188' title='bbox 2464 2317 2768 2387; x_wconf 78' lang='lat' dir='ltr'><strong>graviorem</strong></span> <span class='ocrx_word' id='word_1_189' title='bbox 2801 2325 2855 2371; x_wconf 87' lang='lat' dir='ltr'><strong>et</strong></span> <span class='ocrx_word' id='word_1_190' title='bbox 2898 2314 3255 2372; x_wconf 84' lang='lat' dir='ltr'><strong>dilIiciliorem</strong></span> <span class='ocrx_word' id='word_1_191' title='bbox 3299 2318 3592 2386; x_wconf 73' lang='lat' dir='ltr'><strong>impietatis</strong></span> 
     </span>
    </p>
   </div>
   <div class='ocr_carea' id='block_1_32' title="bbox 2019 2397 3595 2482">
    <p class='ocr_par' dir='ltr' id='par_1_32' title="bbox 2019 2397 3595 2482">
     <span class='ocr_line' id='line_1_32' title="bbox 2019 2397 3595 2482; baseline 0 -18"><span class='ocrx_word' id='word_1_192' title='bbox 2019 2397 2392 2482; x_wconf 53' lang='lat' dir='ltr'><strong>aegritudinem</strong></span> <span class='ocrx_word' id='word_1_193' title='bbox 2427 2409 2772 2473; x_wconf 89' lang='lat' dir='ltr'><strong>inciderunt,</strong></span> <span class='ocrx_word' id='word_1_194' title='bbox 2807 2407 2898 2462; x_wconf 87' lang='lat' dir='ltr'><strong>Dei</strong></span> <span class='ocrx_word' id='word_1_195' title='bbox 2930 2409 3358 2477; x_wconf 87' lang='lat' dir='ltr'><strong>providentiam.</strong></span> <span class='ocrx_word' id='word_1_196' title='bbox 3389 2427 3509 2480; x_wconf 69' lang='lat' dir='ltr'><strong>qua:</strong></span> <span class='ocrx_word' id='word_1_197' title='bbox 3537 2410 3595 2464; x_wconf 90' lang='lat' dir='ltr'><strong>in</strong></span> 
     </span>
    </p>
   </div>
   <div class='ocr_carea' id='block_1_33' title="bbox 2021 2499 3592 2572">
    <p class='ocr_par' dir='ltr' id='par_1_33' title="bbox 2021 2499 3592 2572">
     <span class='ocr_line' id='line_1_33' title="bbox 2021 2499 3592 2572; baseline -0.001 -13"><span class='ocrx_word' id='word_1_198' title='bbox 2021 2505 2374 2559; x_wconf 84' lang='lat' dir='ltr'><strong>universitate</strong></span> <span class='ocrx_word' id='word_1_199' title='bbox 2403 2518 2584 2556; x_wconf 88' lang='lat' dir='ltr'><strong>rerum</strong></span> <span class='ocrx_word' id='word_1_200' title='bbox 2615 2503 2882 2564; x_wconf 91' lang='lat' dir='ltr'><strong>cernitur,</strong></span> <span class='ocrx_word' id='word_1_201' title='bbox 2932 2511 3215 2572; x_wconf 80' lang='lat' dir='ltr'><strong>negantes.</strong></span> <span class='ocrx_word' id='word_1_202' title='bbox 3262 2499 3592 2557; x_wconf 78' lang='lat' dir='ltr'><strong>Manichacus</strong></span> 
     </span>
    </p>
   </div>
   <div class='ocr_carea' id='block_1_34' title="bbox 2020 2594 3596 2665">
    <p class='ocr_par' dir='ltr' id='par_1_34' title="bbox 2020 2594 3596 2665">
     <span class='ocr_line' id='line_1_34' title="bbox 2020 2594 3596 2665; baseline -0.001 -14"><span class='ocrx_word' id='word_1_203' title='bbox 2020 2611 2180 2661; x_wconf 84' lang='lat' dir='ltr'><strong>vero,</strong></span> <span class='ocrx_word' id='word_1_204' title='bbox 2207 2595 2301 2665; x_wconf 90' lang='lat' dir='ltr'><strong>qui</strong></span> <span class='ocrx_word' id='word_1_205' title='bbox 2334 2610 2364 2647; x_wconf 86' lang='lat' dir='ltr'><strong>a</strong></span> <span class='ocrx_word' id='word_1_206' title='bbox 2391 2594 2643 2649; x_wconf 89' lang='lat' dir='ltr'><strong>barbarie</strong></span> <span class='ocrx_word' id='word_1_207' title='bbox 2673 2605 2726 2649; x_wconf 90' lang='lat' dir='ltr'><strong>et</strong></span> <span class='ocrx_word' id='word_1_208' title='bbox 2757 2594 2938 2649; x_wconf 82' lang='lat' dir='ltr'><strong>furore</strong></span> <span class='ocrx_word' id='word_1_209' title='bbox 2962 2609 3158 2649; x_wconf 89' lang='lat' dir='ltr'><strong>nomen</strong></span> <span class='ocrx_word' id='word_1_210' title='bbox 3187 2594 3373 2660; x_wconf 86' lang='lat' dir='ltr'><strong>ducit,</strong></span> <span class='ocrx_word' id='word_1_211' title='bbox 3401 2612 3596 2650; x_wconf 90' lang='lat' dir='ltr'><strong>nocen-</strong></span> 
     </span>
    </p>
   </div>
   <div class='ocr_carea' id='block_1_35' title="bbox 2020 2685 3596 2755">
    <p class='ocr_par' dir='ltr' id='par_1_35' title="bbox 2020 2685 3596 2755">
     <span class='ocr_line' id='line_1_35' title="bbox 2020 2685 3596 2755; baseline -0.001 -14"><span class='ocrx_word' id='word_1_212' title='bbox 2020 2689 2158 2742; x_wconf 88' lang='lat' dir='ltr'><strong>tiore</strong></span> <span class='ocrx_word' id='word_1_213' title='bbox 2183 2687 2362 2742; x_wconf 88' lang='lat' dir='ltr'><strong>adhuc</strong></span> <span class='ocrx_word' id='word_1_214' title='bbox 2388 2694 2581 2740; x_wconf 89' lang='lat' dir='ltr'><strong>contra</strong></span> <span class='ocrx_word' id='word_1_215' title='bbox 2613 2686 2944 2755; x_wconf 80' lang='lat' dir='ltr'><strong>impietatem</strong></span> <span class='ocrx_word' id='word_1_216' title='bbox 2972 2685 3212 2741; x_wconf 81' lang='lat' dir='ltr'><strong>remedio</strong></span> <span class='ocrx_word' id='word_1_217' title='bbox 3235 2685 3440 2742; x_wconf 89' lang='lat' dir='ltr'><strong>abusus</strong></span> <span class='ocrx_word' id='word_1_218' title='bbox 3473 2695 3596 2740; x_wconf 80' lang='lat' dir='ltr'><strong>est:</strong></span> 
     </span>
    </p>
   </div>
   <div class='ocr_carea' id='block_1_36' title="bbox 2020 2779 3596 2836">
    <p class='ocr_par' dir='ltr' id='par_1_36' title="bbox 2020 2779 3596 2836">
     <span class='ocr_line' id='line_1_36' title="bbox 2020 2779 3596 2836; baseline -0.001 -2"><span class='ocrx_word' id='word_1_219' title='bbox 2020 2797 2145 2834; x_wconf 90' lang='lat' dir='ltr'><strong>cum</strong></span> <span class='ocrx_word' id='word_1_220' title='bbox 2186 2780 2329 2836; x_wconf 90' lang='lat' dir='ltr'><strong>enim</strong></span> <span class='ocrx_word' id='word_1_221' title='bbox 2370 2782 2750 2834; x_wconf 88' lang='lat' dir='ltr'><strong>demonstrare</strong></span> <span class='ocrx_word' id='word_1_222' title='bbox 2791 2780 3054 2834; x_wconf 85' lang='lat' dir='ltr'><strong>voluisset</strong></span> <span class='ocrx_word' id='word_1_223' title='bbox 3099 2794 3208 2834; x_wconf 93' lang='lat' dir='ltr'><strong>non</strong></span> <span class='ocrx_word' id='word_1_224' title='bbox 3255 2796 3377 2835; x_wconf 89' lang='lat' dir='ltr'><strong>esse</strong></span> <span class='ocrx_word' id='word_1_225' title='bbox 3425 2779 3596 2835; x_wconf 88' lang='lat' dir='ltr'><strong>Deum</strong></span> 
     </span>
    </p>
   </div>
   <div class='ocr_carea' id='block_1_37' title="bbox 2023 2871 3599 2942">
    <p class='ocr_par' dir='ltr' id='par_1_37' title="bbox 2023 2871 3599 2942">
     <span class='ocr_line' id='line_1_37' title="bbox 2023 2871 3599 2942; baseline 0.001 -18"><span class='ocrx_word' id='word_1_226' title='bbox 2023 2881 2296 2925; x_wconf 88' lang='lat' dir='ltr'><strong>auctorem</strong></span> <span class='ocrx_word' id='word_1_227' title='bbox 2331 2871 2488 2932; x_wconf 88' lang='lat' dir='ltr'><strong>mali,</strong></span> <span class='ocrx_word' id='word_1_228' title='bbox 2521 2871 2725 2923; x_wconf 89' lang='lat' dir='ltr'><strong>malum</strong></span> <span class='ocrx_word' id='word_1_229' title='bbox 2756 2871 2804 2924; x_wconf 90' lang='lat' dir='ltr'><strong>ei</strong></span> <span class='ocrx_word' id='word_1_230' title='bbox 2836 2872 3126 2940; x_wconf 88' lang='lat' dir='ltr'><strong>opposuit,</strong></span> <span class='ocrx_word' id='word_1_231' title='bbox 3164 2872 3464 2942; x_wconf 85' lang='lat' dir='ltr'><strong>ingenitum</strong></span> <span class='ocrx_word' id='word_1_232' title='bbox 3488 2911 3501 2936; x_wconf 92' lang='lat'><strong>,</strong></span> <span class='ocrx_word' id='word_1_233' title='bbox 3538 2884 3599 2926; x_wconf 86' lang='lat' dir='ltr'><strong>ut</strong></span> 
     </span>
    </p>
   </div>
   <div class='ocr_carea' id='block_1_38' title="bbox 2021 2963 3599 3034">
    <p class='ocr_par' dir='ltr' id='par_1_38' title="bbox 2021 2963 3599 3034">
     <span class='ocr_line' id='line_1_38' title="bbox 2021 2963 3599 3034; baseline 0.003 -18"><span class='ocrx_word' id='word_1_234' title='bbox 2021 2965 2124 3030; x_wconf 83' lang='lat' dir='ltr'><strong>ait,</strong></span> <span class='ocrx_word' id='word_1_235' title='bbox 2159 2963 2400 3033; x_wconf 80' lang='lat' dir='ltr'><strong>ingenito</strong></span> <span class='ocrx_word' id='word_1_236' title='bbox 2420 3004 2434 3027; x_wconf 93' lang='lat'><strong>,</strong></span> <span class='ocrx_word' id='word_1_237' title='bbox 2467 2963 2648 3016; x_wconf 82' lang='lat' dir='ltr'><strong>vivum</strong></span> <span class='ocrx_word' id='word_1_238' title='bbox 2679 2965 2801 3016; x_wconf 81' lang='lat' dir='ltr'><strong>vivo</strong></span> <span class='ocrx_word' id='word_1_239' title='bbox 2822 3003 2838 3022; x_wconf 89' lang='lat'><em>.</em></span> <span class='ocrx_word' id='word_1_240' title='bbox 2868 2979 3084 3034; x_wconf 89' lang='lat' dir='ltr'><strong>semper</strong></span> <span class='ocrx_word' id='word_1_241' title='bbox 3115 2965 3390 3021; x_wconf 82' lang='lat' dir='ltr'><strong>obsistens</strong></span> <span class='ocrx_word' id='word_1_242' title='bbox 3420 2981 3483 3019; x_wconf 92' lang='lat' dir='ltr'><strong>ac</strong></span> <span class='ocrx_word' id='word_1_243' title='bbox 3511 2983 3599 3020; x_wconf 88' lang='lat' dir='ltr'><strong>re-</strong></span> 
     </span>
    </p>
   </div>
   <div class='ocr_carea' id='block_1_39' title="bbox 2021 3056 3598 3126">
    <p class='ocr_par' dir='ltr' id='par_1_39' title="bbox 2021 3056 3598 3126">
     <span class='ocr_line' id='line_1_39' title="bbox 2021 3056 3598 3126; baseline 0.002 -18"><span class='ocrx_word' id='word_1_244' title='bbox 2021 3071 2302 3125; x_wconf 77' lang='lat' dir='ltr'><strong>pugnans,</strong></span> <span class='ocrx_word' id='word_1_245' title='bbox 2333 3063 2386 3110; x_wconf 90' lang='lat' dir='ltr'><strong>et</strong></span> <span class='ocrx_word' id='word_1_246' title='bbox 2426 3070 2705 3124; x_wconf 87' lang='lat' dir='ltr'><strong>nunquam</strong></span> <span class='ocrx_word' id='word_1_247' title='bbox 2752 3071 2860 3108; x_wconf 91' lang='lat' dir='ltr'><strong>non</strong></span> <span class='ocrx_word' id='word_1_248' title='bbox 2895 3056 3177 3126; x_wconf 81' lang='lat' dir='ltr'><strong>negotium</strong></span> <span class='ocrx_word' id='word_1_249' title='bbox 3223 3065 3276 3110; x_wconf 89' lang='lat' dir='ltr'><strong>et</strong></span> <span class='ocrx_word' id='word_1_250' title='bbox 3319 3057 3598 3111; x_wconf 87' lang='lat' dir='ltr'><strong>molestias</strong></span> 
     </span>
    </p>
   </div>
   <div class='ocr_carea' id='block_1_40' title="bbox 345 3146 1940 3221">
    <p class='ocr_par' dir='ltr' id='par_1_40' title="bbox 345 3146 1918 3221">
     <span class='ocr_line' id='line_1_40' title="bbox 345 3146 1918 3221; baseline -0.002 -18"><span class='ocrx_word' id='word_1_251' title='bbox 345 3151 646 3221; x_wconf 83' lang='grc' dir='ltr'>πράγματα</span> <span class='ocrx_word' id='word_1_252' title='bbox 693 3148 1035 3220; x_wconf 74' lang='grc' dir='ltr'>παρέχουσαν</span> <span class='ocrx_word' id='word_1_253' title='bbox 1078 3147 1255 3219; x_wconf 80' lang='grc' dir='ltr'>αὐτῷ·</span> <span class='ocrx_word' id='word_1_254' title='bbox 1301 3146 1740 3218; x_wconf 83' lang='grc' dir='ltr'>ἀναιρεθῆναιδέ</span> <span class='ocrx_word' id='word_1_255' title='bbox 1783 3148 1918 3218; x_wconf 87' lang='grc' dir='ltr'>πρὸς</span> 
     </span>
    </p>
   </div>
   <div class='ocr_carea' id='block_1_41' title="bbox 2021 3146 3599 3221">
    <p class='ocr_par' dir='ltr' id='par_1_41' title="bbox 2021 3147 3599 3218">
     <span class='ocr_line' id='line_1_41' title="bbox 2021 3147 3599 3218; baseline 0 -16"><span class='ocrx_word' id='word_1_256' title='bbox 2021 3149 2263 3204; x_wconf 81' lang='lat' dir='ltr'><strong>inferens</strong></span> <span class='ocrx_word' id='word_1_257' title='bbox 2290 3168 2304 3215; x_wconf 86' lang='lat'><strong>;</strong></span> <span class='ocrx_word' id='word_1_258' title='bbox 2337 3147 2591 3218; x_wconf 83' lang='lat' dir='ltr'><strong>quodque</strong></span> <span class='ocrx_word' id='word_1_259' title='bbox 2623 3148 2692 3200; x_wconf 91' lang='lat' dir='ltr'><strong>ab</strong></span> <span class='ocrx_word' id='word_1_260' title='bbox 2718 3163 2786 3200; x_wconf 92' lang='lat' dir='ltr'><strong>eo</strong></span> <span class='ocrx_word' id='word_1_261' title='bbox 2829 3148 3074 3203; x_wconf 80' lang='lat' dir='ltr'><strong>funditus</strong></span> <span class='ocrx_word' id='word_1_262' title='bbox 3113 3148 3384 3218; x_wconf 75' lang='lat' dir='ltr'><strong>exstingui</strong></span> <span class='ocrx_word' id='word_1_263' title='bbox 3416 3156 3470 3203; x_wconf 90' lang='lat' dir='ltr'><strong>et</strong></span> <span class='ocrx_word' id='word_1_264' title='bbox 3513 3149 3599 3202; x_wconf 87' lang='lat' dir='ltr'><strong>iu-</strong></span> 
     </span>
    </p>
   </div>
   <div class='ocr_carea' id='block_1_42' title="bbox 326 3239 1919 3312">
    <p class='ocr_par' dir='ltr' id='par_1_42' title="bbox 326 3239 1919 3312">
     <span class='ocr_line' id='line_1_42' title="bbox 326 3239 1919 3312; baseline -0.001 -17"><span class='ocrx_word' id='word_1_265' title='bbox 326 3241 506 3306; x_wconf 65' lang='grc' dir='ltr'>αὐτοῦ</span> <span class='ocrx_word' id='word_1_266' title='bbox 535 3239 812 3303; x_wconf 82' lang='grc' dir='ltr'>παντελῶς</span> <span class='ocrx_word' id='word_1_267' title='bbox 839 3239 914 3310; x_wconf 78' lang='grc' dir='ltr'>μὴ</span> <span class='ocrx_word' id='word_1_268' title='bbox 936 3239 1260 3311; x_wconf 59' lang='grc' dir='ltr'>δυιαμένην,</span> <span class='ocrx_word' id='word_1_269' title='bbox 1282 3241 1358 3304; x_wconf 84' lang='grc' dir='ltr'><strong>ὡς</strong></span> <span class='ocrx_word' id='word_1_270' title='bbox 1381 3239 1549 3294; x_wconf 80' lang='grc' dir='ltr'>ἀΐδιόν</span> <span class='ocrx_word' id='word_1_271' title='bbox 1575 3257 1632 3292; x_wconf 89' lang='grc' dir='ltr'>τε</span> <span class='ocrx_word' id='word_1_272' title='bbox 1658 3241 1751 3293; x_wconf 79' lang='grc' dir='ltr'>καὶ</span> <span class='ocrx_word' id='word_1_273' title='bbox 1782 3258 1919 3312; x_wconf 84' lang='grc' dir='ltr'>συμ-</span> 
     </span>
    </p>
   </div>
   <div class='ocr_carea' id='block_1_43' title="bbox 343 3331 1920 3404">
    <p class='ocr_par' dir='ltr' id='par_1_43' title="bbox 343 3331 1920 3404">
     <span class='ocr_line' id='line_1_43' title="bbox 343 3331 1920 3404; baseline 0.002 -18"><span class='ocrx_word' id='word_1_274' title='bbox 343 3331 782 3403; x_wconf 83' lang='grc' dir='ltr'>πεπληρωμένην</span> <span class='ocrx_word' id='word_1_275' title='bbox 812 3331 912 3402; x_wconf 78' lang='grc' dir='ltr'>τὴν</span> <span class='ocrx_word' id='word_1_276' title='bbox 955 3333 1142 3385; x_wconf 79' lang='grc' dir='ltr'>οὐσίαν</span> <span class='ocrx_word' id='word_1_277' title='bbox 1191 3333 1286 3386; x_wconf 77' lang='grc' dir='ltr'>καὶ</span> <span class='ocrx_word' id='word_1_278' title='bbox 1335 3333 1629 3404; x_wconf 74' lang='grc' dir='ltr'>ἀγένητονο</span> <span class='ocrx_word' id='word_1_279' title='bbox 1676 3335 1771 3389; x_wconf 75' lang='grc' dir='ltr'>καὶ</span> <span class='ocrx_word' id='word_1_280' title='bbox 1816 3351 1920 3389; x_wconf 83' lang='grc' dir='ltr'>κα-</span> 
     </span>
    </p>
   </div>
   <div class='ocr_carea' id='block_1_44' title="bbox 340 3424 1913 3497">
    <p class='ocr_par' dir='ltr' id='par_1_44' title="bbox 340 3424 1913 3497">
     <span class='ocr_line' id='line_1_44' title="bbox 340 3424 1913 3497; baseline 0.001 -18"><span class='ocrx_word' id='word_1_281' title='bbox 340 3426 522 3490; x_wconf 76' lang='grc' dir='ltr'>πνὸν,</span> <span class='ocrx_word' id='word_1_282' title='bbox 551 3424 624 3489; x_wconf 84' lang='grc' dir='ltr'><strong>ῶς</strong></span> <span class='ocrx_word' id='word_1_283' title='bbox 658 3441 810 3495; x_wconf 86' lang='grc' dir='ltr'>φασι,</span> <span class='ocrx_word' id='word_1_284' title='bbox 850 3427 1104 3494; x_wconf 60' lang='grc' dir='ltr'>φεύγων,</span> <span class='ocrx_word' id='word_1_285' title='bbox 1139 3425 1522 3496; x_wconf 80' lang='grc' dir='ltr'>ἐμπέπτωκεν</span> <span class='ocrx_word' id='word_1_286' title='bbox 1557 3430 1643 3493; x_wconf 76' lang='grc' dir='ltr'>εις</span> <span class='ocrx_word' id='word_1_287' title='bbox 1681 3428 1744 3481; x_wconf 82' lang='grc' dir='ltr'>τὸ</span> <span class='ocrx_word' id='word_1_288' title='bbox 1773 3428 1913 3497; x_wconf 81' lang='grc' dir='ltr'>πῦρ.</span> 
     </span>
    </p>
   </div>
   <div class='ocr_carea' id='block_1_45' title="bbox 343 3517 1914 3590">
    <p class='ocr_par' dir='ltr' id='par_1_45' title="bbox 343 3517 1914 3590">
     <span class='ocr_line' id='line_1_45' title="bbox 343 3517 1914 3590; baseline 0.001 -19"><span class='ocrx_word' id='word_1_289' title='bbox 343 3519 463 3572; x_wconf 83' lang='grc' dir='ltr'>Ἵνα</span> <span class='ocrx_word' id='word_1_290' title='bbox 491 3518 599 3589; x_wconf 80' lang='grc' dir='ltr'>γὰρ</span> <span class='ocrx_word' id='word_1_291' title='bbox 642 3521 716 3589; x_wconf 81' lang='grc' dir='ltr'>μὴ</span> <span class='ocrx_word' id='word_1_292' title='bbox 748 3518 857 3572; x_wconf 89' lang='grc' dir='ltr'><strong>τῶν</strong></span> <span class='ocrx_word' id='word_1_293' title='bbox 887 3520 1014 3590; x_wconf 85' lang='grc' dir='ltr'>παρ’</span> <span class='ocrx_word' id='word_1_294' title='bbox 1048 3520 1200 3589; x_wconf 82' lang='grc' dir='ltr'>ἡμῖν,</span> <span class='ocrx_word' id='word_1_295' title='bbox 1229 3517 1304 3582; x_wconf 84' lang='grc' dir='ltr'>ὡς</span> <span class='ocrx_word' id='word_1_296' title='bbox 1341 3520 1531 3585; x_wconf 72' lang='grc' dir='ltr'>οἴεται,</span> <span class='ocrx_word' id='word_1_297' title='bbox 1577 3520 1761 3574; x_wconf 83' lang='grc' dir='ltr'>κακῶν</span> <span class='ocrx_word' id='word_1_298' title='bbox 1811 3523 1914 3573; x_wconf 82' lang='grc' dir='ltr'><strong>ὑπ-</strong></span> 
     </span>
    </p>
   </div>
   <div class='ocr_carea' id='block_1_46' title="bbox 341 3611 1918 3684">
    <p class='ocr_par' dir='ltr' id='par_1_46' title="bbox 341 3611 1918 3684">
     <span class='ocr_line' id='line_1_46' title="bbox 341 3611 1918 3684; baseline 0.001 -20"><span class='ocrx_word' id='word_1_299' title='bbox 341 3611 486 3682; x_wconf 88' lang='grc' dir='ltr'>έχειν</span> <span class='ocrx_word' id='word_1_300' title='bbox 521 3611 650 3684; x_wconf 79' lang='grc' dir='ltr'>δοκῇ</span> <span class='ocrx_word' id='word_1_301' title='bbox 684 3611 783 3676; x_wconf 84' lang='grc' dir='ltr'>τὰς</span> <span class='ocrx_word' id='word_1_302' title='bbox 807 3612 984 3675; x_wconf 85' lang='grc' dir='ltr'>αἰτίας</span> <span class='ocrx_word' id='word_1_303' title='bbox 1007 3613 1036 3664; x_wconf 82' lang='grc'>6</span> <span class='ocrx_word' id='word_1_304' title='bbox 1052 3611 1202 3676; x_wconf 80' lang='grc' dir='ltr'>Θεὸς,</span> <span class='ocrx_word' id='word_1_305' title='bbox 1225 3611 1388 3675; x_wconf 75' lang='grc' dir='ltr'>αὐτὸς</span> <span class='ocrx_word' id='word_1_306' title='bbox 1416 3630 1479 3680; x_wconf 84' lang='grc' dir='ltr'><strong>γε</strong></span> <span class='ocrx_word' id='word_1_307' title='bbox 1509 3613 1634 3684; x_wconf 83' lang='grc' dir='ltr'>ὅλης</span> <span class='ocrx_word' id='word_1_308' title='bbox 1661 3615 1801 3678; x_wconf 86' lang='grc' dir='ltr'>τινὸς</span> <span class='ocrx_word' id='word_1_309' title='bbox 1824 3615 1918 3666; x_wconf 72' lang='grc' dir='ltr'>καὶ</span> 
     </span>
    </p>
   </div>
   <div class='ocr_carea' id='block_1_47' title="bbox 340 3703 1916 3776">
    <p class='ocr_par' dir='ltr' id='par_1_47' title="bbox 340 3703 1916 3776">
     <span class='ocr_line' id='line_1_47' title="bbox 340 3703 1916 3776; baseline 0.001 -20"><span class='ocrx_word' id='word_1_310' title='bbox 340 3703 636 3775; x_wconf 81' lang='grc' dir='ltr'>ὁλοκλήρου</span> <span class='ocrx_word' id='word_1_311' title='bbox 670 3706 799 3775; x_wconf 87' lang='grc' dir='ltr'>παρ’</span> <span class='ocrx_word' id='word_1_312' title='bbox 839 3703 986 3774; x_wconf 81' lang='grc' dir='ltr'>αὐτῷ</span> <span class='ocrx_word' id='word_1_313' title='bbox 1010 3703 1208 3766; x_wconf 87' lang='grc' dir='ltr'>κακίας</span> <span class='ocrx_word' id='word_1_314' title='bbox 1243 3704 1670 3776; x_wconf 81' lang='grc' dir='ltr'>παραπολαύειν.</span> <span class='ocrx_word' id='word_1_315' title='bbox 1704 3707 1769 3758; x_wconf 90' lang='grc' dir='ltr'>Τί</span> <span class='ocrx_word' id='word_1_316' title='bbox 1808 3707 1916 3776; x_wconf 78' lang='grc' dir='ltr'><strong>γὰρ</strong></span> 
     </span>
    </p>
   </div>
   <div class='ocr_carea' id='block_1_48' title="bbox 341 3793 1913 3866">
    <p class='ocr_par' dir='ltr' id='par_1_48' title="bbox 341 3793 1913 3866">
     <span class='ocr_line' id='line_1_48' title="bbox 341 3793 1913 3866; baseline 0.002 -20"><span class='ocrx_word' id='word_1_317' title='bbox 341 3796 392 3847; x_wconf 76' lang='grc' dir='ltr'>εἰ</span> <span class='ocrx_word' id='word_1_318' title='bbox 423 3795 791 3866; x_wconf 86' lang='grc' dir='ltr'>μακροθύμως</span> <span class='ocrx_word' id='word_1_319' title='bbox 819 3795 912 3848; x_wconf 75' lang='grc' dir='ltr'>καὶ</span> <span class='ocrx_word' id='word_1_320' title='bbox 937 3794 1137 3863; x_wconf 84' lang='grc' dir='ltr'>σοφῶς,</span> <span class='ocrx_word' id='word_1_321' title='bbox 1163 3793 1237 3857; x_wconf 86' lang='grc' dir='ltr'><strong>ῶς</strong></span> <span class='ocrx_word' id='word_1_322' title='bbox 1264 3811 1416 3864; x_wconf 85' lang='grc' dir='ltr'>φησι,</span> <span class='ocrx_word' id='word_1_323' title='bbox 1449 3796 1913 3866; x_wconf 71' lang='grc' dir='ltr'>μεταχειρίζεται;</span> 
     </span>
    </p>
   </div>
   <div class='ocr_carea' id='block_1_49' title="bbox 340 3886 1916 3958">
    <p class='ocr_par' dir='ltr' id='par_1_49' title="bbox 340 3886 1916 3958">
     <span class='ocr_line' id='line_1_49' title="bbox 340 3886 1916 3958; baseline 0 -18"><span class='ocrx_word' id='word_1_324' title='bbox 340 3886 458 3940; x_wconf 83' lang='grc' dir='ltr'>ἀλλ’</span> <span class='ocrx_word' id='word_1_325' title='bbox 483 3888 632 3957; x_wconf 84' lang='grc' dir='ltr'>ὅμως</span> <span class='ocrx_word' id='word_1_326' title='bbox 651 3887 750 3940; x_wconf 79' lang='grc' dir='ltr'>οὐκ</span> <span class='ocrx_word' id='word_1_327' title='bbox 776 3886 1117 3958; x_wconf 83' lang='grc' dir='ltr'>ἀπολέμητος</span> <span class='ocrx_word' id='word_1_328' title='bbox 1149 3886 1215 3939; x_wconf 85' lang='grc' dir='ltr'>ἂν</span> <span class='ocrx_word' id='word_1_329' title='bbox 1245 3888 1328 3958; x_wconf 84' lang='grc' dir='ltr'>εῐη</span> <span class='ocrx_word' id='word_1_330' title='bbox 1361 3887 1503 3941; x_wconf 85' lang='grc' dir='ltr'>κατά</span> <span class='ocrx_word' id='word_1_331' title='bbox 1517 3904 1579 3954; x_wconf 88' lang='grc' dir='ltr'><strong>γε</strong></span> <span class='ocrx_word' id='word_1_332' title='bbox 1608 3888 1705 3956; x_wconf 81' lang='grc' dir='ltr'>τὴν</span> <span class='ocrx_word' id='word_1_333' title='bbox 1734 3888 1916 3941; x_wconf 84' lang='grc' dir='ltr'>τοιαύο</span> 
     </span>
    </p>
   </div>
   <div class='ocr_carea' id='block_1_50' title="bbox 341 3973 1918 4052">
    <p class='ocr_par' dir='ltr' id='par_1_50' title="bbox 341 3973 1918 4052">
     <span class='ocr_line' id='line_1_50' title="bbox 341 3973 1918 4052; baseline 0.002 -22"><span class='ocrx_word' id='word_1_334' title='bbox 341 3995 444 4049; x_wconf 81' lang='grc' dir='ltr'><strong>την</strong></span> <span class='ocrx_word' id='word_1_335' title='bbox 479 3979 762 4031; x_wconf 82' lang='grc' dir='ltr'>ὑπόθεσιν·</span> <span class='ocrx_word' id='word_1_336' title='bbox 793 3973 852 4032; x_wconf 79' lang='grc' dir='ltr'><strong>οῦ</strong></span> <span class='ocrx_word' id='word_1_337' title='bbox 883 3977 934 4030; x_wconf 87' lang='grc' dir='ltr'><strong>τί</strong></span> <span class='ocrx_word' id='word_1_338' title='bbox 957 3978 1023 4033; x_wconf 83' lang='grc' dir='ltr'><strong>ἀν</strong></span> <span class='ocrx_word' id='word_1_339' title='bbox 1052 3978 1261 4048; x_wconf 88' lang='grc' dir='ltr'>γένοιτο</span> <span class='ocrx_word' id='word_1_340' title='bbox 1299 3979 1406 4030; x_wconf 87' lang='grc' dir='ltr'><strong>τῶν</strong></span> <span class='ocrx_word' id='word_1_341' title='bbox 1440 3983 1760 4048; x_wconf 84' lang='grc' dir='ltr'>πρεπόντων</span> <span class='ocrx_word' id='word_1_342' title='bbox 1789 3980 1918 4052; x_wconf 74' lang='grc' dir='ltr'>περὶ</span> 
     </span>
    </p>
   </div>
   <div class='ocr_carea' id='block_1_51' title="bbox 343 4069 1247 4143">
    <p class='ocr_par' dir='ltr' id='par_1_51' title="bbox 343 4069 1247 4143">
     <span class='ocr_line' id='line_1_51' title="bbox 343 4069 1247 4143; baseline -0.001 -21"><span class='ocrx_word' id='word_1_343' title='bbox 343 4069 479 4122; x_wconf 94' lang='grc' dir='ltr'>Θεοῦ</span> <span class='ocrx_word' id='word_1_344' title='bbox 501 4069 772 4140; x_wconf 86' lang='grc' dir='ltr'>λογισμῶν</span> <span class='ocrx_word' id='word_1_345' title='bbox 798 4069 1215 4143; x_wconf 79' lang='grc' dir='ltr'>ἀλλοτριώτερον</span> <span class='ocrx_word' id='word_1_346' title='bbox 1235 4088 1247 4132; x_wconf 87' lang='lat'><strong>;</strong></span> 
     </span>
    </p>
   </div>
   <div class='ocr_carea' id='block_1_52' title="bbox 2025 3239 3598 3309">
    <p class='ocr_par' dir='ltr' id='par_1_52' title="bbox 2025 3239 3598 3309">
     <span class='ocr_line' id='line_1_52' title="bbox 2025 3239 3598 3309; baseline -0.001 -14"><span class='ocrx_word' id='word_1_347' title='bbox 2025 3241 2190 3297; x_wconf 86' lang='lat' dir='ltr'><strong>terire</strong></span> <span class='ocrx_word' id='word_1_348' title='bbox 2223 3249 2489 3309; x_wconf 84' lang='lat' dir='ltr'><strong>nequeat,</strong></span> <span class='ocrx_word' id='word_1_349' title='bbox 2519 3247 2705 3306; x_wconf 90' lang='lat' dir='ltr'><strong>utpote</strong></span> <span class='ocrx_word' id='word_1_350' title='bbox 2733 3248 2936 3294; x_wconf 83' lang='lat' dir='ltr'><strong>aeterna</strong></span> <span class='ocrx_word' id='word_1_351' title='bbox 2963 3249 3018 3294; x_wconf 90' lang='lat' dir='ltr'><strong>et</strong></span> <span class='ocrx_word' id='word_1_352' title='bbox 3039 3239 3307 3309; x_wconf 89' lang='lat' dir='ltr'><strong>completa</strong></span> <span class='ocrx_word' id='word_1_353' title='bbox 3338 3241 3598 3296; x_wconf 74' lang='lat' dir='ltr'><strong>substan-</strong></span> 
     </span>
    </p>
   </div>
   <div class='ocr_carea' id='block_1_53' title="bbox 2023 3330 3598 3403">
    <p class='ocr_par' dir='ltr' id='par_1_53' title="bbox 2023 3330 3598 3403">
     <span class='ocr_line' id='line_1_53' title="bbox 2023 3330 3598 3403; baseline -0.002 -16"><span class='ocrx_word' id='word_1_354' title='bbox 2023 3335 2098 3387; x_wconf 88' lang='lat' dir='ltr'><strong>tia</strong></span> <span class='ocrx_word' id='word_1_355' title='bbox 2120 3374 2134 3398; x_wconf 90' lang='lat'><strong>,</strong></span> <span class='ocrx_word' id='word_1_356' title='bbox 2166 3344 2422 3403; x_wconf 89' lang='lat' dir='ltr'><strong>tanquam</strong></span> <span class='ocrx_word' id='word_1_357' title='bbox 2453 3331 2694 3401; x_wconf 78' lang='lat' dir='ltr'><strong>ingenita</strong></span> <span class='ocrx_word' id='word_1_358' title='bbox 2726 3350 2737 3385; x_wconf 93' lang='lat'>:</span> <span class='ocrx_word' id='word_1_359' title='bbox 2772 3332 2851 3386; x_wconf 90' lang='lat' dir='ltr'><strong>sic</strong></span> <span class='ocrx_word' id='word_1_360' title='bbox 2875 3331 3076 3400; x_wconf 76' lang='lat' dir='ltr'><strong>fugiens</strong></span> <span class='ocrx_word' id='word_1_361' title='bbox 3125 3330 3326 3392; x_wconf 77' lang='lat' dir='ltr'><strong>fumum</strong></span> <span class='ocrx_word' id='word_1_362' title='bbox 3351 3371 3364 3393; x_wconf 90' lang='lat'><strong>,</strong></span> <span class='ocrx_word' id='word_1_363' title='bbox 3414 3341 3474 3384; x_wconf 88' lang='lat' dir='ltr'><strong>ut</strong></span> <span class='ocrx_word' id='word_1_364' title='bbox 3512 3341 3598 3386; x_wconf 85' lang='lat' dir='ltr'><strong>est</strong></span> 
     </span>
    </p>
   </div>
   <div class='ocr_carea' id='block_1_54' title="bbox 2022 3423 3599 3494">
    <p class='ocr_par' dir='ltr' id='par_1_54' title="bbox 2022 3423 3599 3494">
     <span class='ocr_line' id='line_1_54' title="bbox 2022 3423 3599 3494; baseline -0.001 -16"><span class='ocrx_word' id='word_1_365' title='bbox 2022 3426 2079 3480; x_wconf 92' lang='lat' dir='ltr'><strong>in</strong></span> <span class='ocrx_word' id='word_1_366' title='bbox 2109 3425 2433 3488; x_wconf 87' lang='lat' dir='ltr'><strong>Proverbio,</strong></span> <span class='ocrx_word' id='word_1_367' title='bbox 2468 3425 2522 3477; x_wconf 80' lang='lat' dir='ltr'><strong>in</strong></span> <span class='ocrx_word' id='word_1_368' title='bbox 2555 3441 2724 3494; x_wconf 69' lang='lat' dir='ltr'><strong>ignem</strong></span> <span class='ocrx_word' id='word_1_369' title='bbox 2769 3423 2975 3478; x_wconf 75' lang='lat' dir='ltr'><strong>incidit.</strong></span> <span class='ocrx_word' id='word_1_370' title='bbox 3005 3423 3214 3477; x_wconf 86' lang='lat' dir='ltr'><strong>Etenim</strong></span> <span class='ocrx_word' id='word_1_371' title='bbox 3261 3439 3329 3478; x_wconf 89' lang='lat' dir='ltr'><strong>ne</strong></span> <span class='ocrx_word' id='word_1_372' title='bbox 3353 3423 3599 3479; x_wconf 80' lang='lat' dir='ltr'><strong>videatur</strong></span> 
     </span>
    </p>
   </div>
   <div class='ocr_carea' id='block_1_55' title="bbox 2021 3516 3630 3582">
    <p class='ocr_par' dir='ltr' id='par_1_55' title="bbox 2021 3516 3630 3582">
     <span class='ocr_line' id='line_1_55' title="bbox 2021 3516 3630 3582; baseline -0.001 -11"><span class='ocrx_word' id='word_1_373' title='bbox 2021 3519 2198 3582; x_wconf 85' lang='lat' dir='ltr'><strong>Deus,</strong></span> <span class='ocrx_word' id='word_1_374' title='bbox 2245 3526 2304 3570; x_wconf 89' lang='lat' dir='ltr'><strong>ut</strong></span> <span class='ocrx_word' id='word_1_375' title='bbox 2344 3516 2677 3570; x_wconf 66' lang='lat' dir='ltr'><strong>Manichacus</strong></span> <span class='ocrx_word' id='word_1_376' title='bbox 2723 3517 3034 3578; x_wconf 75' lang='lat' dir='ltr'><strong>existimat,</strong></span> <span class='ocrx_word' id='word_1_377' title='bbox 3081 3525 3396 3568; x_wconf 88' lang='lat' dir='ltr'><strong>nostrorum</strong></span> <span class='ocrx_word' id='word_1_378' title='bbox 3428 3516 3630 3569; x_wconf 85' lang='lat' dir='ltr'><strong>malo-&#39;</strong></span> 
     </span>
    </p>
   </div>
   <div class='ocr_carea' id='block_1_56' title="bbox 2022 3607 3596 3678">
    <p class='ocr_par' dir='ltr' id='par_1_56' title="bbox 2022 3607 3596 3678">
     <span class='ocr_line' id='line_1_56' title="bbox 2022 3607 3596 3678; baseline -0.003 -13"><span class='ocrx_word' id='word_1_379' title='bbox 2022 3626 2141 3665; x_wconf 90' lang='lat' dir='ltr'><strong>rum</strong></span> <span class='ocrx_word' id='word_1_380' title='bbox 2164 3626 2287 3666; x_wconf 88' lang='lat' dir='ltr'><strong>esse</strong></span> <span class='ocrx_word' id='word_1_381' title='bbox 2313 3610 2367 3663; x_wconf 90' lang='lat' dir='ltr'><strong>in</strong></span> <span class='ocrx_word' id='word_1_382' title='bbox 2397 3624 2565 3663; x_wconf 88' lang='lat' dir='ltr'><strong>causa</strong></span> <span class='ocrx_word' id='word_1_383' title='bbox 2590 3648 2604 3671; x_wconf 89' lang='lat'><strong>,</strong></span> <span class='ocrx_word' id='word_1_384' title='bbox 2633 3624 2697 3663; x_wconf 78' lang='lat' dir='ltr'><strong>ex</strong></span> <span class='ocrx_word' id='word_1_385' title='bbox 2727 3613 2843 3662; x_wconf 85' lang='lat' dir='ltr'><strong>toto</strong></span> <span class='ocrx_word' id='word_1_386' title='bbox 2866 3607 3104 3677; x_wconf 90' lang='lat' dir='ltr'><strong>quodam</strong></span> <span class='ocrx_word' id='word_1_387' title='bbox 3133 3615 3188 3660; x_wconf 77' lang='lat' dir='ltr'><strong>ct</strong></span> <span class='ocrx_word' id='word_1_388' title='bbox 3218 3608 3426 3678; x_wconf 79' lang='lat' dir='ltr'><strong>integro</strong></span> <span class='ocrx_word' id='word_1_389' title='bbox 3453 3607 3596 3660; x_wconf 90' lang='lat' dir='ltr'><strong>malo</strong></span> 
     </span>
    </p>
   </div>
   <div class='ocr_carea' id='block_1_57' title="bbox 2024 3699 3597 3773">
    <p class='ocr_par' dir='ltr' id='par_1_57' title="bbox 2024 3699 3597 3773">
     <span class='ocr_line' id='line_1_57' title="bbox 2024 3699 3597 3773; baseline -0.002 -16"><span class='ocrx_word' id='word_1_390' title='bbox 2024 3704 2167 3773; x_wconf 78' lang='lat' dir='ltr'><strong>apud</strong></span> <span class='ocrx_word' id='word_1_391' title='bbox 2199 3718 2258 3758; x_wconf 91' lang='lat' dir='ltr'><strong>se</strong></span> <span class='ocrx_word' id='word_1_392' title='bbox 2288 3702 2523 3756; x_wconf 85' lang='lat' dir='ltr'><strong>fructum</strong></span> <span class='ocrx_word' id='word_1_393' title='bbox 2551 3701 2703 3771; x_wconf 82' lang='lat' dir='ltr'><strong>tingit</strong></span> <span class='ocrx_word' id='word_1_394' title='bbox 2729 3700 3030 3770; x_wconf 83' lang='lat' dir='ltr'><strong>percipere.</strong></span> <span class='ocrx_word' id='word_1_395' title='bbox 3060 3699 3204 3765; x_wconf 84' lang='lat' dir='ltr'><strong>Quid</strong></span> <span class='ocrx_word' id='word_1_396' title='bbox 3231 3702 3373 3754; x_wconf 88' lang='lat' dir='ltr'><strong>enim</strong></span> <span class='ocrx_word' id='word_1_397' title='bbox 3394 3741 3410 3765; x_wconf 94' lang='lat'><strong>,</strong></span> <span class='ocrx_word' id='word_1_398' title='bbox 3434 3699 3478 3755; x_wconf 89' lang='lat' dir='ltr'><strong>si</strong></span> <span class='ocrx_word' id='word_1_399' title='bbox 3508 3715 3597 3754; x_wconf 89' lang='lat' dir='ltr'><strong>res</strong></span> 
     </span>
    </p>
   </div>
   <div class='ocr_carea' id='block_1_58' title="bbox 2024 3793 3597 3856">
    <p class='ocr_par' dir='ltr' id='par_1_58' title="bbox 2024 3793 3597 3856">
     <span class='ocr_line' id='line_1_58' title="bbox 2024 3793 3597 3856; baseline -0.003 -7"><span class='ocrx_word' id='word_1_400' title='bbox 2024 3805 2224 3850; x_wconf 87' lang='lat' dir='ltr'><strong>tractat</strong></span> <span class='ocrx_word' id='word_1_401' title='bbox 2252 3795 2395 3850; x_wconf 91' lang='lat' dir='ltr'><strong>Deus</strong></span> <span class='ocrx_word' id='word_1_402' title='bbox 2416 3835 2430 3856; x_wconf 85' lang='lat'><strong>,</strong></span> <span class='ocrx_word' id='word_1_403' title='bbox 2465 3804 2522 3846; x_wconf 93' lang='lat' dir='ltr'><strong>ut</strong></span> <span class='ocrx_word' id='word_1_404' title='bbox 2551 3793 2882 3848; x_wconf 71' lang='lat' dir='ltr'><strong>Manichazus</strong></span> <span class='ocrx_word' id='word_1_405' title='bbox 2926 3793 3033 3856; x_wconf 85' lang='lat' dir='ltr'><strong>ait,</strong></span> <span class='ocrx_word' id='word_1_406' title='bbox 3081 3793 3378 3848; x_wconf 77' lang='lat' dir='ltr'><strong>toleranter</strong></span> <span class='ocrx_word' id='word_1_407' title='bbox 3421 3801 3476 3847; x_wconf 90' lang='lat' dir='ltr'><strong>et</strong></span> <span class='ocrx_word' id='word_1_408' title='bbox 3508 3808 3597 3846; x_wconf 88' lang='lat' dir='ltr'><strong>sa-</strong></span> 
     </span>
    </p>
   </div>
   <div class='ocr_carea' id='block_1_59' title="bbox 2023 3870 3609 3958">
    <p class='ocr_par' dir='ltr' id='par_1_59' title="bbox 2023 3870 3609 3958">
     <span class='ocr_line' id='line_1_59' title="bbox 2023 3870 3609 3958; baseline -0.002 -18"><span class='ocrx_word' id='word_1_409' title='bbox 2023 3887 2276 3958; x_wconf 87' lang='lat' dir='ltr'><strong>pienter?</strong></span> <span class='ocrx_word' id='word_1_410' title='bbox 2307 3898 2361 3940; x_wconf 90' lang='lat' dir='ltr'><strong>at</strong></span> <span class='ocrx_word' id='word_1_411' title='bbox 2395 3902 2703 3955; x_wconf 83' lang='lat' dir='ltr'><strong>nunquam,</strong></span> <span class='ocrx_word' id='word_1_412' title='bbox 2734 3885 2989 3954; x_wconf 87' lang='lat' dir='ltr'><strong>opinione</strong></span> <span class='ocrx_word' id='word_1_413' title='bbox 3023 3885 3216 3954; x_wconf 84' lang='lat' dir='ltr'><strong>hujus,</strong></span> <span class='ocrx_word' id='word_1_414' title='bbox 3249 3887 3388 3940; x_wconf 81' lang='lat' dir='ltr'><strong>bello</strong></span> <span class='ocrx_word' id='word_1_415' title='bbox 3412 3897 3466 3941; x_wconf 89' lang='lat' dir='ltr'><strong>et</strong></span> <span class='ocrx_word' id='word_1_416' title='bbox 3496 3870 3609 3956; x_wconf 21' lang='lat' dir='ltr'><strong>pu-I</strong></span> 
     </span>
    </p>
   </div>
   <div class='ocr_carea' id='block_1_60' title="bbox 2025 3977 3595 4050">
    <p class='ocr_par' dir='ltr' id='par_1_60' title="bbox 2025 3977 3595 4050">
     <span class='ocr_line' id='line_1_60' title="bbox 2025 3977 3595 4050; baseline 0 -18"><span class='ocrx_word' id='word_1_417' title='bbox 2025 3993 2128 4050; x_wconf 75' lang='lat' dir='ltr'><strong>gna</strong></span> <span class='ocrx_word' id='word_1_418' title='bbox 2168 3979 2379 4033; x_wconf 84' lang='lat' dir='ltr'><strong>carebit</strong></span> <span class='ocrx_word' id='word_1_419' title='bbox 2408 3997 2420 4032; x_wconf 90' lang='lat'>:</span> <span class='ocrx_word' id='word_1_420' title='bbox 2456 3995 2566 4048; x_wconf 85' lang='lat' dir='ltr'><strong>quo</strong></span> <span class='ocrx_word' id='word_1_421' title='bbox 2607 3977 2738 4046; x_wconf 88' lang='lat' dir='ltr'><strong>quid</strong></span> <span class='ocrx_word' id='word_1_422' title='bbox 2783 3986 2957 4047; x_wconf 85' lang='lat' dir='ltr'><strong>potest</strong></span> <span class='ocrx_word' id='word_1_423' title='bbox 2986 3978 3052 4032; x_wconf 88' lang='lat' dir='ltr'><strong>de</strong></span> <span class='ocrx_word' id='word_1_424' title='bbox 3078 3977 3187 4031; x_wconf 90' lang='lat' dir='ltr'><strong>Deo</strong></span> <span class='ocrx_word' id='word_1_425' title='bbox 3222 3977 3366 4046; x_wconf 88' lang='lat' dir='ltr'><strong>quod</strong></span> <span class='ocrx_word' id='word_1_426' title='bbox 3413 3977 3595 4037; x_wconf 83' lang='lat' dir='ltr'><strong>minus</strong></span> 
     </span>
    </p>
   </div>
   <div class='ocr_carea' id='block_1_61' title="bbox 2027 4069 2722 4140">
    <p class='ocr_par' dir='ltr' id='par_1_61' title="bbox 2027 4069 2722 4140">
     <span class='ocr_line' id='line_1_61' title="bbox 2027 4069 2722 4140; baseline -0.001 -19"><span class='ocrx_word' id='word_1_427' title='bbox 2027 4085 2148 4123; x_wconf 86' lang='lat' dir='ltr'><strong>eum</strong></span> <span class='ocrx_word' id='word_1_428' title='bbox 2183 4069 2408 4132; x_wconf 87' lang='lat' dir='ltr'><strong>deceat,</strong></span> <span class='ocrx_word' id='word_1_429' title='bbox 2441 4069 2671 4140; x_wconf 76' lang='lat' dir='ltr'><strong>cogitari</strong></span> <span class='ocrx_word' id='word_1_430' title='bbox 2699 4069 2722 4120; x_wconf 85' lang='lat'><strong>?</strong></span> 
     </span>
    </p>
   </div>
   <div class='ocr_carea' id='block_1_62' title="bbox 1473 4187 2442 4242">
    <p class='ocr_par' dir='ltr' id='par_1_62' title="bbox 1473 4187 2442 4242">
     <span class='ocr_line' id='line_1_62' title="bbox 1473 4187 2442 4242; baseline -0.003 -2"><span class='ocrx_word' id='word_1_431' title='bbox 1473 4188 1599 4241; x_wconf 76' lang='lat' dir='ltr'><strong>CAP.</strong></span> <span class='ocrx_word' id='word_1_432' title='bbox 1645 4187 1709 4240; x_wconf 92' lang='lat' dir='ltr'><strong>ll.</strong></span> <span class='ocrx_word' id='word_1_433' title='bbox 1739 4187 2136 4242; x_wconf 81' lang='lat' dir='ltr'><strong>Calholirorum</strong></span> <span class='ocrx_word' id='word_1_434' title='bbox 2165 4187 2442 4238; x_wconf 78' lang='lat' dir='ltr'><strong>sententia.</strong></span> 
     </span>
    </p>
   </div>
   <div class='ocr_carea' id='block_1_63' title="bbox 415 4275 1940 4352">
    <p class='ocr_par' dir='ltr' id='par_1_63' title="bbox 415 4278 1916 4352">
     <span class='ocr_line' id='line_1_63' title="bbox 415 4278 1916 4352; baseline -0.001 -18"><span class='ocrx_word' id='word_1_435' title='bbox 415 4281 537 4334; x_wconf 79' lang='grc' dir='ltr'><strong>Ὀτι</strong></span> <span class='ocrx_word' id='word_1_436' title='bbox 586 4280 683 4350; x_wconf 82' lang='grc' dir='ltr'>μὲν</span> <span class='ocrx_word' id='word_1_437' title='bbox 727 4279 834 4352; x_wconf 87' lang='grc' dir='ltr'>γὰρ</span> <span class='ocrx_word' id='word_1_438' title='bbox 875 4279 1097 4344; x_wconf 80' lang='grc' dir='ltr'>εὐσεϐὲς</span> <span class='ocrx_word' id='word_1_439' title='bbox 1127 4279 1234 4332; x_wconf 85' lang='grc' dir='ltr'><strong>τῶν</strong></span> <span class='ocrx_word' id='word_1_440' title='bbox 1277 4279 1427 4349; x_wconf 80' lang='grc' dir='ltr'>παρὰ</span> <span class='ocrx_word' id='word_1_441' title='bbox 1470 4278 1776 4352; x_wconf 85' lang='grc' dir='ltr'>ἀνθρώποις</span> <span class='ocrx_word' id='word_1_442' title='bbox 1802 4279 1916 4334; x_wconf 88' lang='grc' dir='ltr'>ἁδι-</span> 
     </span>
    </p>
   </div>
   <div class='ocr_carea' id='block_1_64' title="bbox 2021 4275 3595 4352">
    <p class='ocr_par' dir='ltr' id='par_1_64' title="bbox 2088 4275 3595 4348">
     <span class='ocr_line' id='line_1_64' title="bbox 2088 4275 3595 4348; baseline -0.001 -18"><span class='ocrx_word' id='word_1_443' title='bbox 2088 4276 2246 4345; x_wconf 77' lang='lat' dir='ltr'><strong>Quod</strong></span> <span class='ocrx_word' id='word_1_444' title='bbox 2281 4278 2430 4347; x_wconf 90' lang='lat' dir='ltr'><strong>pium</strong></span> <span class='ocrx_word' id='word_1_445' title='bbox 2463 4277 2683 4346; x_wconf 90' lang='lat' dir='ltr'><strong>quidem</strong></span> <span class='ocrx_word' id='word_1_446' title='bbox 2713 4279 2784 4331; x_wconf 88' lang='lat' dir='ltr'><strong>sit</strong></span> <span class='ocrx_word' id='word_1_447' title='bbox 2814 4278 2956 4348; x_wconf 89' lang='lat' dir='ltr'><strong>apud</strong></span> <span class='ocrx_word' id='word_1_448' title='bbox 2991 4278 3239 4332; x_wconf 91' lang='lat' dir='ltr'><strong>homines</strong></span> <span class='ocrx_word' id='word_1_449' title='bbox 3261 4317 3275 4339; x_wconf 85' lang='lat'><strong>,</strong></span> <span class='ocrx_word' id='word_1_450' title='bbox 3307 4276 3436 4330; x_wconf 89' lang='lat' dir='ltr'><strong>totis</strong></span> <span class='ocrx_word' id='word_1_451' title='bbox 3463 4275 3595 4329; x_wconf 77' lang='lat' dir='ltr'><strong>viri-</strong></span> 
     </span>
    </p>
   </div>
   <div class='ocr_carea' id='block_1_65' title="bbox 343 4371 1914 4444">
    <p class='ocr_par' dir='ltr' id='par_1_65' title="bbox 343 4371 1914 4444">
     <span class='ocr_line' id='line_1_65' title="bbox 343 4371 1914 4444; baseline -0.001 -19"><span class='ocrx_word' id='word_1_452' title='bbox 343 4372 604 4444; x_wconf 85' lang='grc' dir='ltr'>κημάτων</span> <span class='ocrx_word' id='word_1_453' title='bbox 637 4372 876 4426; x_wconf 87' lang='grc' dir='ltr'>ἀναίτιον</span> <span class='ocrx_word' id='word_1_454' title='bbox 920 4373 1079 4426; x_wconf 61' lang='grc' dir='ltr'><strong>παντὶ⁹</strong></span> <span class='ocrx_word' id='word_1_455' title='bbox 1109 4371 1284 4425; x_wconf 85' lang='grc' dir='ltr'>σθένει</span> <span class='ocrx_word' id='word_1_456' title='bbox 1324 4373 1413 4424; x_wconf 88' lang='grc' dir='ltr'><strong>τὸν</strong></span> <span class='ocrx_word' id='word_1_457' title='bbox 1453 4372 1584 4424; x_wconf 85' lang='grc' dir='ltr'>Θεὸν</span> <span class='ocrx_word' id='word_1_458' title='bbox 1616 4371 1914 4441; x_wconf 84' lang='grc' dir='ltr'>ὁμολογεῖν,</span> 
     </span>
    </p>
   </div>
   <div class='ocr_carea' id='block_1_66' title="bbox 343 4461 1921 4533">
    <p class='ocr_par' dir='ltr' id='par_1_66' title="bbox 343 4461 1921 4533">
     <span class='ocr_line' id='line_1_66' title="bbox 343 4461 1921 4533; baseline -0.001 -17"><span class='ocrx_word' id='word_1_459' title='bbox 343 4461 560 4533; x_wconf 87' lang='grc' dir='ltr'>πρῶτος</span> <span class='ocrx_word' id='word_1_460' title='bbox 586 4461 906 4533; x_wconf 89' lang='grc' dir='ltr'>πρεσϐεύειν</span> <span class='ocrx_word' id='word_1_461' title='bbox 928 4461 1226 4517; x_wconf 77' lang='grc' dir='ltr'>ἐσπούδακε</span> <span class='ocrx_word' id='word_1_462' title='bbox 1252 4463 1351 4532; x_wconf 82' lang='grc' dir='ltr'>τῆς</span> <span class='ocrx_word' id='word_1_463' title='bbox 1371 4463 1665 4532; x_wconf 81' lang='grc' dir='ltr'>καθολικῆς</span> <span class='ocrx_word' id='word_1_464' title='bbox 1700 4461 1921 4533; x_wconf 84' lang='grc' dir='ltr'>Ἐκκλη-</span> 
     </span>
    </p>
   </div>
   <div class='ocr_carea' id='block_1_67' title="bbox 345 4554 1922 4628">
    <p class='ocr_par' dir='ltr' id='par_1_67' title="bbox 345 4554 1922 4628">
     <span class='ocr_line' id='line_1_67' title="bbox 345 4554 1922 4628; baseline -0.001 -18"><span class='ocrx_word' id='word_1_465' title='bbox 345 4558 467 4620; x_wconf 90' lang='grc' dir='ltr'>σίας</span> <span class='ocrx_word' id='word_1_466' title='bbox 494 4558 523 4608; x_wconf 83' lang='grc' dir='ltr'>ὁ</span> <span class='ocrx_word' id='word_1_467' title='bbox 550 4555 704 4624; x_wconf 89' lang='grc' dir='ltr'>λόγος</span> <span class='ocrx_word' id='word_1_468' title='bbox 724 4554 1085 4627; x_wconf 75' lang='grc' dir='ltr'>’ζητουμένου</span> <span class='ocrx_word' id='word_1_469' title='bbox 1104 4557 1180 4620; x_wconf 88' lang='grc' dir='ltr'>δὲ,</span> <span class='ocrx_word' id='word_1_470' title='bbox 1208 4558 1328 4610; x_wconf 89' lang='grc' dir='ltr'>τίνα</span> <span class='ocrx_word' id='word_1_471' title='bbox 1352 4557 1549 4627; x_wconf 82' lang='grc' dir='ltr'>τρόπον</span> <span class='ocrx_word' id='word_1_472' title='bbox 1571 4556 1922 4628; x_wconf 87' lang='grc' dir='ltr'>πλημμελοῦ-</span> 
     </span>
    </p>
   </div>
   <div class='ocr_carea' id='block_1_68' title="bbox 344 4648 1919 4722">
    <p class='ocr_par' dir='ltr' id='par_1_68' title="bbox 344 4648 1919 4722">
     <span class='ocr_line' id='line_1_68' title="bbox 344 4648 1919 4722; baseline 0.001 -20"><span class='ocrx_word' id='word_1_473' title='bbox 344 4667 448 4722; x_wconf 88' lang='grc' dir='ltr'><strong>μεν</strong></span> <span class='ocrx_word' id='word_1_474' title='bbox 484 4651 666 4720; x_wconf 80' lang='grc' dir='ltr'>ἡμεῖς,</span> <span class='ocrx_word' id='word_1_475' title='bbox 693 4648 787 4700; x_wconf 88' lang='grc' dir='ltr'><strong>τοῦ</strong></span> <span class='ocrx_word' id='word_1_476' title='bbox 819 4648 952 4702; x_wconf 88' lang='grc' dir='ltr'>Θεοῦ</span> <span class='ocrx_word' id='word_1_477' title='bbox 989 4650 1063 4720; x_wconf 76' lang='grc' dir='ltr'>μὴ</span> <span class='ocrx_word' id='word_1_478' title='bbox 1099 4649 1441 4720; x_wconf 83' lang='grc' dir='ltr'>βουλομένου,</span> <span class='ocrx_word' id='word_1_479' title='bbox 1468 4650 1528 4701; x_wconf 82' lang='grc' dir='ltr'>οὺ</span> <span class='ocrx_word' id='word_1_480' title='bbox 1575 4652 1704 4718; x_wconf 73' lang='grc' dir='ltr'>περὶ</span> <span class='ocrx_word' id='word_1_481' title='bbox 1737 4648 1919 4720; x_wconf 82' lang='grc' dir='ltr'>μειζό-</span> 
     </span>
    </p>
   </div>
   <div class='ocr_carea' id='block_1_69' title="bbox 342 4738 1922 4815">
    <p class='ocr_par' dir='ltr' id='par_1_69' title="bbox 342 4738 1922 4815">
     <span class='ocr_line' id='line_1_69' title="bbox 342 4738 1922 4815; baseline -0.001 -19"><span class='ocrx_word' id='word_1_482' title='bbox 342 4760 452 4796; x_wconf 88' lang='grc' dir='ltr'><strong>νων</strong></span> <span class='ocrx_word' id='word_1_483' title='bbox 496 4738 910 4812; x_wconf 87' lang='grc' dir='ltr'>κατηγοροῦμεν</span> <span class='ocrx_word' id='word_1_484' title='bbox 951 4739 1107 4804; x_wconf 88' lang='grc' dir='ltr'>Θεοῦ,</span> <span class='ocrx_word' id='word_1_485' title='bbox 1158 4743 1284 4812; x_wconf 75' lang='grc' dir='ltr'>περὶ</span> <span class='ocrx_word' id='word_1_486' title='bbox 1333 4741 1689 4812; x_wconf 84' lang='grc' dir='ltr'>μικροτέρων,</span> <span class='ocrx_word' id='word_1_487' title='bbox 1733 4740 1922 4815; x_wconf 85' lang='grc' dir='ltr'>ὥσπερ</span> 
     </span>
    </p>
   </div>
   <div class='ocr_carea' id='block_1_70' title="bbox 342 4830 1427 4902">
    <p class='ocr_par' dir='ltr' id='par_1_70' title="bbox 342 4830 1427 4902">
     <span class='ocr_line' id='line_1_70' title="bbox 342 4830 1427 4902; baseline -0.002 -17"><span class='ocrx_word' id='word_1_488' title='bbox 342 4834 569 4894; x_wconf 75' lang='grc' dir='ltr'>ἐκεῖνος,</span> <span class='ocrx_word' id='word_1_489' title='bbox 590 4830 974 4900; x_wconf 83' lang='grc' dir='ltr'>ἀπολογεῖσθαι</span> <span class='ocrx_word' id='word_1_490' title='bbox 1005 4831 1314 4902; x_wconf 82' lang='grc' dir='ltr'>βουλόμενοι</span> <span class='ocrx_word' id='word_1_491' title='bbox 1333 4831 1427 4901; x_wconf 75' lang='grc'>(1).</span> 
     </span>
    </p>
   </div>
   <div class='ocr_carea' id='block_1_71' title="bbox 428 4919 1920 4992">
    <p class='ocr_par' dir='ltr' id='par_1_71' title="bbox 428 4919 1920 4992">
     <span class='ocr_line' id='line_1_71' title="bbox 428 4919 1920 4992; baseline 0 -18"><span class='ocrx_word' id='word_1_492' title='bbox 428 4921 564 4974; x_wconf 81' lang='grc' dir='ltr'>Ἀλλ’</span> <span class='ocrx_word' id='word_1_493' title='bbox 597 4920 764 4992; x_wconf 82' lang='grc' dir='ltr'>αὐτὴν</span> <span class='ocrx_word' id='word_1_494' title='bbox 788 4920 884 4991; x_wconf 82' lang='grc' dir='ltr'><strong>τῆς</strong></span> <span class='ocrx_word' id='word_1_495' title='bbox 909 4919 1161 4991; x_wconf 83' lang='grc' dir='ltr'>ἀληθείας</span> <span class='ocrx_word' id='word_1_496' title='bbox 1183 4922 1282 4990; x_wconf 86' lang='grc' dir='ltr'>τὴν</span> <span class='ocrx_word' id='word_1_497' title='bbox 1304 4920 1440 4984; x_wconf 81' lang='grc' dir='ltr'>ὁδὸν,</span> <span class='ocrx_word' id='word_1_498' title='bbox 1473 4919 1535 4972; x_wconf 80' lang='grc' dir='ltr'><strong>ἐκ</strong></span> <span class='ocrx_word' id='word_1_499' title='bbox 1551 4937 1607 4972; x_wconf 89' lang='grc' dir='ltr'><strong>τε</strong></span> <span class='ocrx_word' id='word_1_500' title='bbox 1624 4919 1730 4971; x_wconf 90' lang='grc' dir='ltr'><strong>τῶν</strong></span> <span class='ocrx_word' id='word_1_501' title='bbox 1752 4919 1920 4988; x_wconf 85' lang='grc' dir='ltr'>ἁγίων</span> 
     </span>
    </p>
   </div>
   <div class='ocr_carea' id='block_1_72' title="bbox 343 5010 1921 5088">
    <p class='ocr_par' dir='ltr' id='par_1_72' title="bbox 343 5010 1921 5088">
     <span class='ocr_line' id='line_1_72' title="bbox 343 5010 1921 5088; baseline -0.003 -20"><span class='ocrx_word' id='word_1_502' title='bbox 343 5013 580 5088; x_wconf 87' lang='grc' dir='ltr'>Γραφῶν</span> <span class='ocrx_word' id='word_1_503' title='bbox 619 5015 713 5067; x_wconf 77' lang='grc' dir='ltr'>καὶ</span> <span class='ocrx_word' id='word_1_504' title='bbox 752 5012 859 5067; x_wconf 91' lang='grc' dir='ltr'><strong>τῶν</strong></span> <span class='ocrx_word' id='word_1_505' title='bbox 904 5011 1098 5064; x_wconf 87' lang='grc' dir='ltr'>κοινῶν</span> <span class='ocrx_word' id='word_1_506' title='bbox 1144 5011 1359 5064; x_wconf 80' lang='grc' dir='ltr'>ἐννοιῶν</span> <span class='ocrx_word' id='word_1_507' title='bbox 1393 5011 1625 5081; x_wconf 77' lang='grc' dir='ltr'>ἔχοντες,</span> <span class='ocrx_word' id='word_1_508' title='bbox 1665 5010 1921 5080; x_wconf 82' lang='grc' dir='ltr'>ἀσφαλῶς</span> 
     </span>
    </p>
   </div>
   <div class='ocr_carea' id='block_1_73' title="bbox 342 5102 1921 5176">
    <p class='ocr_par' dir='ltr' id='par_1_73' title="bbox 342 5102 1921 5176">
     <span class='ocr_line' id='line_1_73' title="bbox 342 5102 1921 5176; baseline -0.004 -17"><span class='ocrx_word' id='word_1_509' title='bbox 342 5105 598 5176; x_wconf 78' lang='grc' dir='ltr'>ὁδεύομεν</span> <span class='ocrx_word' id='word_1_510' title='bbox 621 5105 718 5175; x_wconf 78' lang='grc'><strong>(1⁸)</strong></span> <span class='ocrx_word' id='word_1_511' title='bbox 740 5103 875 5174; x_wconf 86' lang='grc' dir='ltr'>πρὸς</span> <span class='ocrx_word' id='word_1_512' title='bbox 892 5103 988 5174; x_wconf 84' lang='grc' dir='ltr'>τὴν</span> <span class='ocrx_word' id='word_1_513' title='bbox 1003 5102 1254 5173; x_wconf 78' lang='grc' dir='ltr'>τοιαύτην</span> <span class='ocrx_word' id='word_1_514' title='bbox 1278 5102 1523 5174; x_wconf 79' lang='grc' dir='ltr'>ζήτησιν,</span> <span class='ocrx_word' id='word_1_515' title='bbox 1547 5102 1624 5173; x_wconf 85' lang='grc' dir='ltr'>τῷ</span> <span class='ocrx_word' id='word_1_516' title='bbox 1647 5119 1710 5171; x_wconf 91' lang='grc' dir='ltr'><strong>γε</strong></span> <span class='ocrx_word' id='word_1_517' title='bbox 1738 5102 1921 5163; x_wconf 82' lang='grc' dir='ltr'>αὐτοῖς</span> 
     </span>
    </p>
   </div>
   <div class='ocr_carea' id='block_1_74' title="bbox 346 5191 1920 5266">
    <p class='ocr_par' dir='ltr' id='par_1_74' title="bbox 346 5191 1920 5266">
     <span class='ocr_line' id='line_1_74' title="bbox 346 5191 1920 5266; baseline -0.003 -19"><span class='ocrx_word' id='word_1_518' title='bbox 346 5195 653 5266; x_wconf 87' lang='grc' dir='ltr'>φιλαλήθως</span> <span class='ocrx_word' id='word_1_519' title='bbox 692 5193 1104 5266; x_wconf 85' lang='grc' dir='ltr'>προσεγκαλεῖν,</span> <span class='ocrx_word' id='word_1_520' title='bbox 1142 5193 1338 5263; x_wconf 77' lang='grc' dir='ltr'>εὐσεϐῆ</span> <span class='ocrx_word' id='word_1_521' title='bbox 1387 5194 1486 5264; x_wconf 82' lang='grc' dir='ltr'>τὴν</span> <span class='ocrx_word' id='word_1_522' title='bbox 1530 5191 1801 5257; x_wconf 86' lang='grc' dir='ltr'>ἀπόδειξιν</span> <span class='ocrx_word' id='word_1_523' title='bbox 1822 5191 1920 5261; x_wconf 86' lang='grc' dir='ltr'>τὴν</span> 
     </span>
    </p>
   </div>
   <div class='ocr_carea' id='block_1_75' title="bbox 346 5283 1921 5356">
    <p class='ocr_par' dir='ltr' id='par_1_75' title="bbox 346 5283 1921 5356">
     <span class='ocr_line' id='line_1_75' title="bbox 346 5283 1921 5356; baseline -0.003 -16"><span class='ocrx_word' id='word_1_524' title='bbox 346 5286 490 5356; x_wconf 77' lang='grc' dir='ltr'>ὑπὲρ</span> <span class='ocrx_word' id='word_1_525' title='bbox 527 5284 660 5338; x_wconf 91' lang='grc' dir='ltr'>Θεοῦ</span> <span class='ocrx_word' id='word_1_526' title='bbox 705 5283 1054 5354; x_wconf 72' lang='grc' dir='ltr'>ποιούμενοιο</span> <span class='ocrx_word' id='word_1_527' title='bbox 1108 5285 1166 5338; x_wconf 77' lang='grc' dir='ltr'>οὐ</span> <span class='ocrx_word' id='word_1_528' title='bbox 1209 5284 1316 5354; x_wconf 85' lang='grc' dir='ltr'><strong>γὰρ</strong></span> <span class='ocrx_word' id='word_1_529' title='bbox 1364 5285 1452 5338; x_wconf 85' lang='grc' dir='ltr'>ἵνα</span> <span class='ocrx_word' id='word_1_530' title='bbox 1497 5284 1573 5356; x_wconf 84' lang='grc' dir='ltr'>τῷ</span> <span class='ocrx_word' id='word_1_531' title='bbox 1621 5284 1765 5355; x_wconf 84' lang='grc' dir='ltr'>λόγῳ</span> <span class='ocrx_word' id='word_1_532' title='bbox 1809 5283 1921 5336; x_wconf 86' lang='grc' dir='ltr'>δια-</span> 
     </span>
    </p>
   </div>
   <div class='ocr_carea' id='block_1_76' title="bbox 344 5366 1922 5444">
    <p class='ocr_par' dir='ltr' id='par_1_76' title="bbox 344 5366 1922 5444">
     <span class='ocr_line' id='line_1_76' title="bbox 344 5366 1922 5444; baseline -0.002 -17"><span class='ocrx_word' id='word_1_533' title='bbox 344 5375 656 5444; x_wconf 84' lang='grc' dir='ltr'>φεύγωμεν,</span> <span class='ocrx_word' id='word_1_534' title='bbox 681 5366 754 5426; x_wconf 84' lang='grc' dir='ltr'>ὧν</span> <span class='ocrx_word' id='word_1_535' title='bbox 783 5375 861 5436; x_wconf 81' lang='grc' dir='ltr'><strong>είς</strong></span> <span class='ocrx_word' id='word_1_536' title='bbox 886 5372 1144 5444; x_wconf 87' lang='grc' dir='ltr'>ἀλλήλους</span> <span class='ocrx_word' id='word_1_537' title='bbox 1175 5373 1598 5444; x_wconf 81' lang='grc' dir='ltr'>πλημμελοῦμεν</span> <span class='ocrx_word' id='word_1_538' title='bbox 1628 5372 1697 5426; x_wconf 81' lang='grc' dir='ltr'><strong>τὰ</strong></span> <span class='ocrx_word' id='word_1_539' title='bbox 1727 5373 1922 5444; x_wconf 80' lang='grc' dir='ltr'>ἐγκλή-</span> 
     </span>
    </p>
   </div>
   <div class='ocr_carea' id='block_1_77' title="bbox 348 5465 1920 5538">
    <p class='ocr_par' dir='ltr' id='par_1_77' title="bbox 348 5465 1920 5538">
     <span class='ocr_line' id='line_1_77' title="bbox 348 5465 1920 5538; baseline 0 -19"><span class='ocrx_word' id='word_1_540' title='bbox 348 5484 518 5538; x_wconf 76' lang='grc' dir='ltr'>ματα,</span> <span class='ocrx_word' id='word_1_541' title='bbox 581 5466 854 5537; x_wconf 81' lang='grc' dir='ltr'>προσῆκεν</span> <span class='ocrx_word' id='word_1_542' title='bbox 908 5469 985 5529; x_wconf 82' lang='grc' dir='ltr'>εἰς</span> <span class='ocrx_word' id='word_1_543' title='bbox 1041 5465 1170 5518; x_wconf 87' lang='grc' dir='ltr'>Θεὸν</span> <span class='ocrx_word' id='word_1_544' title='bbox 1223 5466 1458 5529; x_wconf 73' lang='grc' dir='ltr'>ἀσεϐεῖν,</span> <span class='ocrx_word' id='word_1_545' title='bbox 1515 5468 1920 5536; x_wconf 81' lang='grc' dir='ltr'>πραττομένους</span> 
     </span>
    </p>
   </div>
   <div class='ocr_carea' id='block_1_78' title="bbox 347 5557 1919 5631">
    <p class='ocr_par' dir='ltr' id='par_1_78' title="bbox 347 5557 1919 5631">
     <span class='ocr_line' id='line_1_78' title="bbox 347 5557 1919 5631; baseline 0 -20"><span class='ocrx_word' id='word_1_546' title='bbox 347 5561 478 5628; x_wconf 82' lang='grc' dir='ltr'>παρ’</span> <span class='ocrx_word' id='word_1_547' title='bbox 507 5557 670 5612; x_wconf 77' lang='grc' dir='ltr'>αὑτοῦ</span> <span class='ocrx_word' id='word_1_548' title='bbox 703 5559 771 5612; x_wconf 81' lang='grc' dir='ltr'><strong>τὰ</strong></span> <span class='ocrx_word' id='word_1_549' title='bbox 809 5560 1025 5613; x_wconf 84' lang='grc' dir='ltr'>πάντων</span> <span class='ocrx_word' id='word_1_550' title='bbox 1057 5558 1488 5630; x_wconf 81' lang='grc' dir='ltr'>ὑϐριστικώτερα</span> <span class='ocrx_word' id='word_1_551' title='bbox 1527 5562 1619 5613; x_wconf 80' lang='grc' dir='ltr'>καὶ</span> <span class='ocrx_word' id='word_1_552' title='bbox 1657 5558 1919 5631; x_wconf 86' lang='grc' dir='ltr'>μηδαμῶς</span> 
     </span>
    </p>
   </div>
   <div class='ocr_carea' id='block_1_79' title="bbox 344 5667 476 5703">
    <p class='ocr_par' dir='ltr' id='par_1_79' title="bbox 344 5667 476 5703">
     <span class='ocr_line' id='line_1_79' title="bbox 344 5667 476 5703; baseline -0.008 0"><span class='ocrx_word' id='word_1_553' title='bbox 344 5667 476 5703; x_wconf 83' lang='grc' dir='ltr'>οντα</span> 
     </span>
    </p>
   </div>
   <div class='ocr_carea' id='block_1_80' title="bbox 421 5761 1279 5837">
    <p class='ocr_par' dir='ltr' id='par_1_80' title="bbox 421 5761 1279 5837">
     <span class='ocr_line' id='line_1_80' title="bbox 421 5761 1279 5837; baseline 0.007 -21"><span class='ocrx_word' id='word_1_554' title='bbox 421 5762 495 5834; x_wconf 88' lang='grc' dir='ltr'><strong>(Ι)</strong></span> <span class='ocrx_word' id='word_1_555' title='bbox 527 5761 703 5834; x_wconf 76' lang='lat' dir='ltr'><strong>Vulg.,</strong></span> <span class='ocrx_word' id='word_1_556' title='bbox 734 5766 1082 5837; x_wconf 81' lang='grc' dir='ltr'>Βουλόμενος.</span> <span class='ocrx_word' id='word_1_557' title='bbox 1125 5767 1279 5823; x_wconf 80' lang='lat' dir='ltr'><strong>EDIT.</strong></span> 
     </span>
    </p>
   </div>
   <div class='ocr_carea' id='block_1_81' title="bbox 2021 4368 3595 4438">
    <p class='ocr_par' dir='ltr' id='par_1_81' title="bbox 2021 4368 3595 4438">
     <span class='ocr_line' id='line_1_81' title="bbox 2021 4368 3595 4438; baseline -0.003 -12"><span class='ocrx_word' id='word_1_558' title='bbox 2021 4370 2124 4426; x_wconf 90' lang='lat' dir='ltr'><strong>bus</strong></span> <span class='ocrx_word' id='word_1_559' title='bbox 2155 4371 2400 4424; x_wconf 82' lang='lat' dir='ltr'><strong>conﬁteri</strong></span> <span class='ocrx_word' id='word_1_560' title='bbox 2420 4413 2433 4434; x_wconf 91' lang='lat'><strong>,</strong></span> <span class='ocrx_word' id='word_1_561' title='bbox 2469 4370 2634 4425; x_wconf 89' lang='lat' dir='ltr'><strong>Deum</strong></span> <span class='ocrx_word' id='word_1_562' title='bbox 2665 4386 2770 4424; x_wconf 91' lang='lat' dir='ltr'><strong>non</strong></span> <span class='ocrx_word' id='word_1_563' title='bbox 2802 4386 2925 4424; x_wconf 90' lang='lat' dir='ltr'><strong>esse</strong></span> <span class='ocrx_word' id='word_1_564' title='bbox 2956 4370 3279 4438; x_wconf 87' lang='lat' dir='ltr'><strong>injuriarum</strong></span> <span class='ocrx_word' id='word_1_565' title='bbox 3307 4377 3361 4423; x_wconf 91' lang='lat' dir='ltr'><strong>et</strong></span> <span class='ocrx_word' id='word_1_566' title='bbox 3388 4368 3595 4424; x_wconf 82' lang='lat' dir='ltr'><strong>maleﬁ-</strong></span> 
     </span>
    </p>
   </div>
   <div class='ocr_carea' id='block_1_82' title="bbox 2018 4463 3596 4532">
    <p class='ocr_par' dir='ltr' id='par_1_82' title="bbox 2018 4463 3596 4532">
     <span class='ocr_line' id='line_1_82' title="bbox 2018 4463 3596 4532; baseline -0.001 -14"><span class='ocrx_word' id='word_1_567' title='bbox 2018 4464 2230 4518; x_wconf 88' lang='lat' dir='ltr'><strong>ciorum</strong></span> <span class='ocrx_word' id='word_1_568' title='bbox 2263 4473 2543 4516; x_wconf 88' lang='lat' dir='ltr'><strong>auctorem</strong></span> <span class='ocrx_word' id='word_1_569' title='bbox 2567 4505 2580 4526; x_wconf 90' lang='lat'><strong>,</strong></span> <span class='ocrx_word' id='word_1_570' title='bbox 2615 4463 2790 4532; x_wconf 87' lang='lat' dir='ltr'><strong>prima</strong></span> <span class='ocrx_word' id='word_1_571' title='bbox 2824 4463 3077 4517; x_wconf 86' lang='lat' dir='ltr'><strong>doctrina</strong></span> <span class='ocrx_word' id='word_1_572' title='bbox 3108 4463 3367 4517; x_wconf 76' lang='lat' dir='ltr'><strong>Ecclesia:</strong></span> <span class='ocrx_word' id='word_1_573' title='bbox 3408 4463 3596 4518; x_wconf 87' lang='lat' dir='ltr'><strong>catho-</strong></span> 
     </span>
    </p>
   </div>
   <div class='ocr_carea' id='block_1_83' title="bbox 2020 4554 3594 4625">
    <p class='ocr_par' dir='ltr' id='par_1_83' title="bbox 2020 4554 3594 4625">
     <span class='ocr_line' id='line_1_83' title="bbox 2020 4554 3594 4625; baseline -0.002 -15"><span class='ocrx_word' id='word_1_574' title='bbox 2020 4555 2140 4610; x_wconf 69' lang='lat' dir='ltr'><strong>lica:</strong></span> <span class='ocrx_word' id='word_1_575' title='bbox 2185 4555 2399 4608; x_wconf 77' lang='lat' dir='ltr'><strong>studuit</strong></span> <span class='ocrx_word' id='word_1_576' title='bbox 2430 4554 2696 4624; x_wconf 82' lang='lat' dir='ltr'><strong>proﬁteri.</strong></span> <span class='ocrx_word' id='word_1_577' title='bbox 2730 4554 2867 4610; x_wconf 91' lang='lat' dir='ltr'><strong>Cum</strong></span> <span class='ocrx_word' id='word_1_578' title='bbox 2901 4565 3082 4609; x_wconf 89' lang='lat' dir='ltr'><strong>autem</strong></span> <span class='ocrx_word' id='word_1_579' title='bbox 3116 4557 3414 4625; x_wconf 62' lang='lat' dir='ltr'><strong>quaerimus</strong></span> <span class='ocrx_word' id='word_1_580' title='bbox 3456 4573 3594 4625; x_wconf 83' lang='lat' dir='ltr'><strong>quo-</strong></span> 
     </span>
    </p>
   </div>
   <div class='ocr_carea' id='block_1_84' title="bbox 2019 4647 3594 4718">
    <p class='ocr_par' dir='ltr' id='par_1_84' title="bbox 2019 4647 3594 4718">
     <span class='ocr_line' id='line_1_84' title="bbox 2019 4647 3594 4718; baseline -0.001 -17"><span class='ocrx_word' id='word_1_581' title='bbox 2019 4647 2183 4701; x_wconf 91' lang='lat' dir='ltr'><strong>modo</strong></span> <span class='ocrx_word' id='word_1_582' title='bbox 2229 4663 2330 4700; x_wconf 90' lang='lat' dir='ltr'><strong>nos</strong></span> <span class='ocrx_word' id='word_1_583' title='bbox 2370 4662 2658 4716; x_wconf 89' lang='lat' dir='ltr'><strong>peccemus</strong></span> <span class='ocrx_word' id='word_1_584' title='bbox 2702 4648 2920 4702; x_wconf 88' lang='lat' dir='ltr'><strong>nolente</strong></span> <span class='ocrx_word' id='word_1_585' title='bbox 2963 4647 3124 4711; x_wconf 82' lang='lat' dir='ltr'><strong>Dco,‘</strong></span> <span class='ocrx_word' id='word_1_586' title='bbox 3160 4657 3220 4701; x_wconf 89' lang='lat' dir='ltr'><strong>ut</strong></span> <span class='ocrx_word' id='word_1_587' title='bbox 3270 4663 3594 4718; x_wconf 85' lang='lat' dir='ltr'><strong>peccemus,</strong></span> 
     </span>
    </p>
   </div>
   <div class='ocr_carea' id='block_1_85' title="bbox 2020 4736 3596 4806">
    <p class='ocr_par' dir='ltr' id='par_1_85' title="bbox 2020 4736 3596 4806">
     <span class='ocr_line' id='line_1_85' title="bbox 2020 4736 3596 4806; baseline 0.004 -17"><span class='ocrx_word' id='word_1_588' title='bbox 2020 4736 2087 4790; x_wconf 91' lang='lat' dir='ltr'><strong>de</strong></span> <span class='ocrx_word' id='word_1_589' title='bbox 2120 4737 2466 4806; x_wconf 78' lang='lat' dir='ltr'><strong>gravioribus</strong></span> <span class='ocrx_word' id='word_1_590' title='bbox 2497 4753 2602 4790; x_wconf 90' lang='lat' dir='ltr'><strong>non</strong></span> <span class='ocrx_word' id='word_1_591' title='bbox 2636 4736 2803 4792; x_wconf 89' lang='lat' dir='ltr'><strong>Deum</strong></span> <span class='ocrx_word' id='word_1_592' title='bbox 2833 4755 3178 4804; x_wconf 83' lang='lat' dir='ltr'><strong>accusamus,</strong></span> <span class='ocrx_word' id='word_1_593' title='bbox 3213 4757 3336 4796; x_wconf 88' lang='lat' dir='ltr'><strong>cum</strong></span> <span class='ocrx_word' id='word_1_594' title='bbox 3369 4758 3399 4796; x_wconf 89' lang='lat' dir='ltr'><strong>a</strong></span> <span class='ocrx_word' id='word_1_595' title='bbox 3429 4742 3596 4796; x_wconf 88' lang='lat' dir='ltr'><strong>levio-</strong></span> 
     </span>
    </p>
   </div>
   <div class='ocr_carea' id='block_1_86' title="bbox 2021 4829 3310 4891">
    <p class='ocr_par' dir='ltr' id='par_1_86' title="bbox 2021 4829 3310 4891">
     <span class='ocr_line' id='line_1_86' title="bbox 2021 4829 3310 4891; baseline 0.005 -9"><span class='ocrx_word' id='word_1_596' title='bbox 2021 4829 2171 4884; x_wconf 90' lang='lat' dir='ltr'><strong>ribus</strong></span> <span class='ocrx_word' id='word_1_597' title='bbox 2197 4844 2353 4891; x_wconf 78' lang='lat' dir='ltr'><strong>cuni,</strong></span> <span class='ocrx_word' id='word_1_598' title='bbox 2389 4829 2532 4883; x_wconf 89' lang='lat' dir='ltr'><strong>sicut</strong></span> <span class='ocrx_word' id='word_1_599' title='bbox 2563 4829 2684 4891; x_wconf 90' lang='lat' dir='ltr'><strong>ille,</strong></span> <span class='ocrx_word' id='word_1_600' title='bbox 2717 4831 3008 4886; x_wconf 79' lang='lat' dir='ltr'><strong>defendere</strong></span> <span class='ocrx_word' id='word_1_601' title='bbox 3036 4835 3310 4891; x_wconf 85' lang='lat' dir='ltr'><strong>volumus.</strong></span> 
     </span>
    </p>
   </div>
   <div class='ocr_carea' id='block_1_87' title="bbox 2093 4921 3594 4997">
    <p class='ocr_par' dir='ltr' id='par_1_87' title="bbox 2093 4921 3594 4997">
     <span class='ocr_line' id='line_1_87' title="bbox 2093 4921 3594 4997; baseline 0.003 -21"><span class='ocrx_word' id='word_1_602' title='bbox 2093 4921 2149 4976; x_wconf 87' lang='lat' dir='ltr'><strong>Si</strong></span> <span class='ocrx_word' id='word_1_603' title='bbox 2177 4923 2272 4990; x_wconf 90' lang='lat' dir='ltr'><strong>qui</strong></span> <span class='ocrx_word' id='word_1_604' title='bbox 2299 4921 2441 4974; x_wconf 78' lang='lat' dir='ltr'><strong>viam</strong></span> <span class='ocrx_word' id='word_1_605' title='bbox 2477 4922 2724 4976; x_wconf 80' lang='lat' dir='ltr'><strong>veritatis</strong></span> <span class='ocrx_word' id='word_1_606' title='bbox 2753 4939 2818 4978; x_wconf 81' lang='lat' dir='ltr'><strong>ex</strong></span> <span class='ocrx_word' id='word_1_607' title='bbox 2849 4926 3059 4980; x_wconf 85' lang='lat' dir='ltr'><strong>sanctis</strong></span> <span class='ocrx_word' id='word_1_608' title='bbox 3103 4924 3404 4997; x_wconf 87' lang='lat' dir='ltr'><strong>Scripturis</strong></span> <span class='ocrx_word' id='word_1_609' title='bbox 3445 4937 3497 4982; x_wconf 86' lang='lat' dir='ltr'><strong>et</strong></span> <span class='ocrx_word' id='word_1_610' title='bbox 3528 4945 3594 4981; x_wconf 76' lang='lat' dir='ltr'><strong>ex</strong></span> 
     </span>
    </p>
   </div>
   <div class='ocr_carea' id='block_1_88' title="bbox 2021 5013 3593 5088">
    <p class='ocr_par' dir='ltr' id='par_1_88' title="bbox 2021 5013 3593 5088">
     <span class='ocr_line' id='line_1_88' title="bbox 2021 5013 3593 5088; baseline 0.002 -21"><span class='ocrx_word' id='word_1_611' title='bbox 2021 5013 2402 5068; x_wconf 91' lang='lat' dir='ltr'><strong>communibus</strong></span> <span class='ocrx_word' id='word_1_612' title='bbox 2435 5014 2753 5069; x_wconf 88' lang='lat' dir='ltr'><strong>notionibus</strong></span> <span class='ocrx_word' id='word_1_613' title='bbox 2784 5017 3055 5086; x_wconf 79' lang='lat' dir='ltr'><strong>cognitam</strong></span> <span class='ocrx_word' id='word_1_614' title='bbox 3085 5019 3369 5081; x_wconf 83' lang='lat' dir='ltr'><strong>habemus,</strong></span> <span class='ocrx_word' id='word_1_615' title='bbox 3397 5035 3593 5088; x_wconf 80' lang='lat' dir='ltr'><strong>perga-</strong></span> 
     </span>
    </p>
   </div>
   <div class='ocr_carea' id='block_1_89' title="bbox 2021 5103 3596 5178">
    <p class='ocr_par' dir='ltr' id='par_1_89' title="bbox 2021 5103 3596 5178">
     <span class='ocr_line' id='line_1_89' title="bbox 2021 5103 3596 5178; baseline 0 -21"><span class='ocrx_word' id='word_1_616' title='bbox 2021 5119 2143 5157; x_wconf 90' lang='lat' dir='ltr'><strong>mus</strong></span> <span class='ocrx_word' id='word_1_617' title='bbox 2175 5103 2326 5158; x_wconf 79' lang='lat' dir='ltr'><strong>firme</strong></span> <span class='ocrx_word' id='word_1_618' title='bbox 2355 5103 2421 5157; x_wconf 92' lang='lat' dir='ltr'><strong>ad</strong></span> <span class='ocrx_word' id='word_1_619' title='bbox 2454 5105 2614 5159; x_wconf 88' lang='lat' dir='ltr'><strong>talem</strong></span> <span class='ocrx_word' id='word_1_620' title='bbox 2647 5108 3029 5175; x_wconf 80' lang='lat' dir='ltr'><strong>qmcstioncm,</strong></span> <span class='ocrx_word' id='word_1_621' title='bbox 3064 5110 3202 5178; x_wconf 89' lang='lat' dir='ltr'><strong>piam</strong></span> <span class='ocrx_word' id='word_1_622' title='bbox 3249 5119 3596 5177; x_wconf 76' lang='lat' dir='ltr'><strong>argumenta-</strong></span> 
     </span>
    </p>
   </div>
   <div class='ocr_carea' id='block_1_90' title="bbox 2025 5195 3594 5268">
    <p class='ocr_par' dir='ltr' id='par_1_90' title="bbox 2025 5195 3594 5268">
     <span class='ocr_line' id='line_1_90' title="bbox 2025 5195 3594 5268; baseline 0.001 -19"><span class='ocrx_word' id='word_1_623' title='bbox 2025 5198 2222 5250; x_wconf 88' lang='lat' dir='ltr'><strong>tionem</strong></span> <span class='ocrx_word' id='word_1_624' title='bbox 2274 5212 2373 5265; x_wconf 88' lang='lat' dir='ltr'><strong>pro</strong></span> <span class='ocrx_word' id='word_1_625' title='bbox 2422 5195 2531 5250; x_wconf 81' lang='lat' dir='ltr'><strong>Deo</strong></span> <span class='ocrx_word' id='word_1_626' title='bbox 2581 5199 3011 5263; x_wconf 77' lang='lat' dir='ltr'><strong>concludentes,</strong></span> <span class='ocrx_word' id='word_1_627' title='bbox 3063 5215 3164 5253; x_wconf 91' lang='lat' dir='ltr'><strong>nos</strong></span> <span class='ocrx_word' id='word_1_628' title='bbox 3213 5201 3360 5268; x_wconf 90' lang='lat' dir='ltr'><strong>ipsos</strong></span> <span class='ocrx_word' id='word_1_629' title='bbox 3412 5198 3594 5253; x_wconf 87' lang='lat' dir='ltr'><strong>studio</strong></span> 
     </span>
    </p>
   </div>
   <div class='ocr_carea' id='block_1_91' title="bbox 2022 5287 3595 5348">
    <p class='ocr_par' dir='ltr' id='par_1_91' title="bbox 2022 5287 3595 5348">
     <span class='ocr_line' id='line_1_91' title="bbox 2022 5287 3595 5348; baseline 0.001 -8"><span class='ocrx_word' id='word_1_630' title='bbox 2022 5287 2275 5341; x_wconf 86' lang='lat' dir='ltr'><strong>veritatis</strong></span> <span class='ocrx_word' id='word_1_631' title='bbox 2307 5289 2621 5343; x_wconf 89' lang='lat' dir='ltr'><strong>accusando</strong></span> <span class='ocrx_word' id='word_1_632' title='bbox 2653 5309 2665 5344; x_wconf 93' lang='lat'><strong>:</strong></span> <span class='ocrx_word' id='word_1_633' title='bbox 2699 5307 2809 5344; x_wconf 91' lang='lat' dir='ltr'><strong>non</strong></span> <span class='ocrx_word' id='word_1_634' title='bbox 2836 5293 2980 5345; x_wconf 88' lang='lat' dir='ltr'><strong>enim</strong></span> <span class='ocrx_word' id='word_1_635' title='bbox 3015 5300 3071 5344; x_wconf 91' lang='lat' dir='ltr'><strong>ut</strong></span> <span class='ocrx_word' id='word_1_636' title='bbox 3097 5293 3261 5346; x_wconf 81' lang='lat' dir='ltr'><strong>verbo</strong></span> <span class='ocrx_word' id='word_1_637' title='bbox 3286 5295 3595 5348; x_wconf 78' lang='lat' dir='ltr'><strong>accusatiu—</strong></span> 
     </span>
    </p>
   </div>
   <div class='ocr_carea' id='block_1_92' title="bbox 2022 5381 3594 5454">
    <p class='ocr_par' dir='ltr' id='par_1_92' title="bbox 2022 5381 3594 5454">
     <span class='ocr_line' id='line_1_92' title="bbox 2022 5381 3594 5454; baseline 0.003 -22"><span class='ocrx_word' id='word_1_638' title='bbox 2022 5394 2144 5433; x_wconf 89' lang='lat' dir='ltr'><strong>nem</strong></span> <span class='ocrx_word' id='word_1_639' title='bbox 2175 5393 2362 5432; x_wconf 89' lang='lat' dir='ltr'><strong>eorum</strong></span> <span class='ocrx_word' id='word_1_640' title='bbox 2388 5419 2402 5443; x_wconf 95' lang='lat'><strong>,</strong></span> <span class='ocrx_word' id='word_1_641' title='bbox 2434 5395 2555 5450; x_wconf 74' lang='lat' dir='ltr'><strong>qua:</strong></span> <span class='ocrx_word' id='word_1_642' title='bbox 2588 5381 2640 5433; x_wconf 92' lang='lat' dir='ltr'><strong>in</strong></span> <span class='ocrx_word' id='word_1_643' title='bbox 2673 5397 2773 5436; x_wconf 93' lang='lat' dir='ltr'><strong>nos</strong></span> <span class='ocrx_word' id='word_1_644' title='bbox 2806 5384 2947 5436; x_wconf 85' lang='lat' dir='ltr'><strong>inter</strong></span> <span class='ocrx_word' id='word_1_645' title='bbox 2991 5400 3090 5438; x_wconf 92' lang='lat' dir='ltr'><strong>nos</strong></span> <span class='ocrx_word' id='word_1_646' title='bbox 3135 5400 3458 5454; x_wconf 87' lang='lat' dir='ltr'><strong>peccamus.</strong></span> <span class='ocrx_word' id='word_1_647' title='bbox 3498 5385 3594 5438; x_wconf 79' lang='lat' dir='ltr'><strong>de-</strong></span> 
     </span>
    </p>
   </div>
   <div class='ocr_carea' id='block_1_93' title="bbox 2021 5473 3591 5548">
    <p class='ocr_par' dir='ltr' id='par_1_93' title="bbox 2021 5473 3591 5548">
     <span class='ocr_line' id='line_1_93' title="bbox 2021 5473 3591 5548; baseline 0.002 -22"><span class='ocrx_word' id='word_1_648' title='bbox 2021 5473 2319 5537; x_wconf 87' lang='lat' dir='ltr'><strong>clinemus,</strong></span> <span class='ocrx_word' id='word_1_649' title='bbox 2348 5473 2575 5529; x_wconf 86' lang='lat' dir='ltr'><strong>decebat</strong></span> <span class='ocrx_word' id='word_1_650' title='bbox 2602 5475 2656 5527; x_wconf 89' lang='lat' dir='ltr'><strong>in</strong></span> <span class='ocrx_word' id='word_1_651' title='bbox 2689 5477 2854 5531; x_wconf 83' lang='lat' dir='ltr'><strong>Deum</strong></span> <span class='ocrx_word' id='word_1_652' title='bbox 2890 5478 3086 5546; x_wconf 87' lang='lat' dir='ltr'><strong>impios</strong></span> <span class='ocrx_word' id='word_1_653' title='bbox 3112 5494 3234 5534; x_wconf 83' lang='lat' dir='ltr'><strong>esse</strong></span> <span class='ocrx_word' id='word_1_654' title='bbox 3254 5517 3268 5541; x_wconf 90' lang='lat'><strong>,</strong></span> <span class='ocrx_word' id='word_1_655' title='bbox 3302 5487 3591 5548; x_wconf 74' lang='lat' dir='ltr'><strong>poscentes</strong></span> 
     </span>
    </p>
   </div>
   <div class='ocr_carea' id='block_1_94' title="bbox 2023 5562 3592 5640">
    <p class='ocr_par' dir='ltr' id='par_1_94' title="bbox 2023 5562 3592 5640">
     <span class='ocr_line' id='line_1_94' title="bbox 2023 5562 3592 5640; baseline 0.005 -28"><span class='ocrx_word' id='word_1_656' title='bbox 2023 5562 2090 5614; x_wconf 87' lang='lat' dir='ltr'><strong>ab</strong></span> <span class='ocrx_word' id='word_1_657' title='bbox 2128 5578 2194 5615; x_wconf 86' lang='lat' dir='ltr'><strong>eo</strong></span> <span class='ocrx_word' id='word_1_658' title='bbox 2236 5578 2366 5631; x_wconf 56' lang='lat' dir='ltr'><strong>qua}</strong></span> <span class='ocrx_word' id='word_1_659' title='bbox 2398 5574 2524 5617; x_wconf 91' lang='lat' dir='ltr'><strong>sunt</strong></span> <span class='ocrx_word' id='word_1_660' title='bbox 2555 5567 3038 5622; x_wconf 86' lang='lat' dir='ltr'><strong>contumeliosiora</strong></span> <span class='ocrx_word' id='word_1_661' title='bbox 3066 5570 3318 5624; x_wconf 88' lang='lat' dir='ltr'><strong>omnibus</strong></span> <span class='ocrx_word' id='word_1_662' title='bbox 3338 5611 3352 5636; x_wconf 89' lang='lat'><strong>,</strong></span> <span class='ocrx_word' id='word_1_663' title='bbox 3386 5577 3440 5625; x_wconf 88' lang='lat' dir='ltr'><strong>et</strong></span> <span class='ocrx_word' id='word_1_664' title='bbox 3469 5585 3592 5640; x_wconf 73' lang='lat' dir='ltr'><strong>quae</strong></span> 
     </span>
    </p>
   </div>
   <div class='ocr_carea' id='block_1_95' title="bbox 1947 5633 2530 5723">
    <p class='ocr_par' dir='ltr' id='par_1_95' title="bbox 1947 5633 2530 5723">
     <span class='ocr_line' id='line_1_95' title="bbox 1947 5633 2530 5723; baseline 0.007 -19"><span class='ocrx_word' id='word_1_665' title='bbox 1947 5633 1989 5685; x_wconf 66' lang='grc' dir='ltr'><strong>ί)</strong></span> <span class='ocrx_word' id='word_1_666' title='bbox 2022 5669 2359 5723; x_wconf 75' lang='lat' dir='ltr'><strong>nequaquam</strong></span> <span class='ocrx_word' id='word_1_667' title='bbox 2387 5665 2530 5709; x_wconf 89' lang='lat' dir='ltr'><strong>sunt.</strong></span> 
     </span>
    </p>
   </div>
   <div class='ocr_carea' id='block_1_96' title="bbox 2093 5770 2918 5842">
    <p class='ocr_par' dir='ltr' id='par_1_96' title="bbox 2093 5770 2918 5842">
     <span class='ocr_line' id='line_1_96' title="bbox 2093 5770 2918 5842; baseline 0.01 -20"><span class='ocrx_word' id='word_1_668' title='bbox 2093 5771 2187 5842; x_wconf 73' lang='grc' dir='ltr'><strong>(Γ)</strong></span> <span class='ocrx_word' id='word_1_669' title='bbox 2223 5770 2402 5836; x_wconf 80' lang='lat' dir='ltr'><strong>Forte,</strong></span> <span class='ocrx_word' id='word_1_670' title='bbox 2443 5773 2729 5841; x_wconf 64' lang='grc' dir='ltr'>ὀδεύωμεν.</span> <span class='ocrx_word' id='word_1_671' title='bbox 2769 5773 2918 5830; x_wconf 74' lang='lat' dir='ltr'><strong>lion.</strong></span> 
     </span>
    </p>
   </div>
   <div class='ocr_carea' id='block_1_97' title="bbox 3698 3300 3912 3368">
    <p class='ocr_par' dir='ltr' id='par_1_97' title="bbox 3698 3300 3912 3368">
     <span class='ocr_line' id='line_1_97' title="bbox 3698 3300 3912 3368; baseline 0 -4"><span class='ocrx_word' id='word_1_672' title='bbox 3698 3300 3876 3368; x_wconf 53' lang='grc' dir='ltr'>(θϊίπίι</span> <span class='ocrx_word' id='word_1_673' title='bbox 3895 3351 3912 3361; x_wconf 96' lang='grc'>.-</span> 
     </span>
    </p>
   </div>
  </div>
