  <div class='ocr_page' id='page_1' title='image "/cluster/home/n/w/nwhite01/storage/ocr_20150623/18/hvd.32044073501215/545.png"; bbox 0 0 4072 6338; ppageno 0'>
   <div class='ocr_carea' id='block_1_1' title="bbox 464 290 594 349">
    <p class='ocr_par' dir='ltr' id='par_1_1' title="bbox 464 290 594 349">
     <span class='ocr_line' id='line_1_1' title="bbox 464 290 594 349; baseline -0.023 0"><span class='ocrx_word' id='word_1_1' title='bbox 464 290 594 349; x_wconf 73' lang='grc' dir='ltr'><strong>ιοῑι</strong></span> 
     </span>
    </p>
   </div>
   <div class='ocr_carea' id='block_1_2' title="bbox 1583 279 2523 343">
    <p class='ocr_par' dir='ltr' id='par_1_2' title="bbox 1583 279 2523 343">
     <span class='ocr_line' id='line_1_2' title="bbox 1583 279 2523 343; baseline -0.001 -2"><span class='ocrx_word' id='word_1_2' title='bbox 1583 287 1719 341; x_wconf 82' lang='lat' dir='ltr'><strong>TITI</strong></span> <span class='ocrx_word' id='word_1_3' title='bbox 1752 279 2182 341; x_wconf 80' lang='lat' dir='ltr'><strong>BOSTRENSIS</strong></span> <span class='ocrx_word' id='word_1_4' title='bbox 2220 285 2523 343; x_wconf 77' lang='lat' dir='ltr'><strong>EPISCOPI</strong></span> 
     </span>
    </p>
   </div>
   <div class='ocr_carea' id='block_1_3' title="bbox 3559 289 3699 344">
    <p class='ocr_par' dir='ltr' id='par_1_3' title="bbox 3559 289 3699 344">
     <span class='ocr_line' id='line_1_3' title="bbox 3559 289 3699 344; baseline -0.036 0"><span class='ocrx_word' id='word_1_5' title='bbox 3559 289 3699 344; x_wconf 71' lang='grc' dir='ltr'><strong>Η)ἷὲ</strong></span> 
     </span>
    </p>
   </div>
   <div class='ocr_carea' id='block_1_4' title="bbox 529 394 2050 476">
    <p class='ocr_par' dir='ltr' id='par_1_4' title="bbox 529 394 2029 476">
     <span class='ocr_line' id='line_1_4' title="bbox 529 394 2029 476; baseline -0.005 -12"><span class='ocrx_word' id='word_1_6' title='bbox 529 406 799 464; x_wconf 70' lang='lat' dir='ltr'><strong>Praeterea</strong></span> <span class='ocrx_word' id='word_1_7' title='bbox 828 405 921 476; x_wconf 88' lang='lat' dir='ltr'><strong>qui</strong></span> <span class='ocrx_word' id='word_1_8' title='bbox 957 394 1334 460; x_wconf 80' lang='lat' dir='ltr'><strong>existimamus</strong></span> <span class='ocrx_word' id='word_1_9' title='bbox 1358 412 1586 474; x_wconf 85' lang='lat' dir='ltr'><strong>peccata</strong></span> <span class='ocrx_word' id='word_1_10' title='bbox 1611 405 1753 474; x_wconf 89' lang='lat' dir='ltr'><strong>apud</strong></span> <span class='ocrx_word' id='word_1_11' title='bbox 1782 403 2029 456; x_wconf 85' lang='lat' dir='ltr'><strong>homines</strong></span> 
     </span>
    </p>
   </div>
   <div class='ocr_carea' id='block_1_5' title="bbox 2150 394 3701 476">
    <p class='ocr_par' dir='ltr' id='par_1_5' title="bbox 2200 401 3701 476">
     <span class='ocr_line' id='line_1_5' title="bbox 2200 401 3701 476; baseline 0.001 -20"><span class='ocrx_word' id='word_1_12' title='bbox 2200 403 2342 473; x_wconf 81' lang='grc' dir='ltr'><strong>Πρὸς</strong></span> <span class='ocrx_word' id='word_1_13' title='bbox 2369 402 2426 456; x_wconf 84' lang='grc' dir='ltr'><strong>δὲ</strong></span> <span class='ocrx_word' id='word_1_14' title='bbox 2457 401 2664 466; x_wconf 76' lang='grc' dir='ltr'><strong>τούτοις</strong></span> <span class='ocrx_word' id='word_1_15' title='bbox 2695 403 2886 473; x_wconf 74' lang='grc' dir='ltr'><strong>ἰάσιμα</strong></span> <span class='ocrx_word' id='word_1_16' title='bbox 2918 403 2984 456; x_wconf 77' lang='grc' dir='ltr'><strong>τὰ</strong></span> <span class='ocrx_word' id='word_1_17' title='bbox 3011 404 3162 476; x_wconf 83' lang='grc' dir='ltr'><strong>παρά</strong></span> <span class='ocrx_word' id='word_1_18' title='bbox 3194 404 3701 475; x_wconf 80' lang='grc' dir='ltr'><strong>ἀνθρώποις“ἀμαρ-</strong></span> 
     </span>
    </p>
   </div>
   <div class='ocr_carea' id='block_1_6' title="bbox 467 494 2029 570">
    <p class='ocr_par' dir='ltr' id='par_1_6' title="bbox 467 494 2029 570">
     <span class='ocr_line' id='line_1_6' title="bbox 467 494 2029 570; baseline -0.008 -12"><span class='ocrx_word' id='word_1_19' title='bbox 467 500 729 558; x_wconf 80' lang='lat' dir='ltr'><strong>sanabilia</strong></span> <span class='ocrx_word' id='word_1_20' title='bbox 759 514 880 554; x_wconf 87' lang='lat' dir='ltr'><strong>esse</strong></span> <span class='ocrx_word' id='word_1_21' title='bbox 900 537 915 560; x_wconf 83' lang='lat'><strong>,</strong></span> <span class='ocrx_word' id='word_1_22' title='bbox 949 504 1138 567; x_wconf 92' lang='lat' dir='ltr'><strong>utpote</strong></span> <span class='ocrx_word' id='word_1_23' title='bbox 1165 511 1286 566; x_wconf 69' lang='lat' dir='ltr'><strong>qua:</strong></span> <span class='ocrx_word' id='word_1_24' title='bbox 1313 511 1420 550; x_wconf 88' lang='lat' dir='ltr'><strong>non</strong></span> <span class='ocrx_word' id='word_1_25' title='bbox 1437 511 1479 570; x_wconf 90' lang='lat' dir='ltr'><strong>_a</strong></span> <span class='ocrx_word' id='word_1_26' title='bbox 1504 496 1772 566; x_wconf 90' lang='lat' dir='ltr'><strong>principio</strong></span> <span class='ocrx_word' id='word_1_27' title='bbox 1797 494 2029 564; x_wconf 85' lang='lat' dir='ltr'><strong>quodam</strong></span> 
     </span>
    </p>
   </div>
   <div class='ocr_carea' id='block_1_7' title="bbox 468 579 2034 658">
    <p class='ocr_par' dir='ltr' id='par_1_7' title="bbox 468 579 2034 658">
     <span class='ocr_line' id='line_1_7' title="bbox 468 579 2034 658; baseline -0.004 -14"><span class='ocrx_word' id='word_1_28' title='bbox 468 598 658 645; x_wconf 89' lang='lat' dir='ltr'><strong>contra</strong></span> <span class='ocrx_word' id='word_1_29' title='bbox 690 603 784 643; x_wconf 81' lang='lat' dir='ltr'><strong>eos</strong></span> <span class='ocrx_word' id='word_1_30' title='bbox 813 586 1032 641; x_wconf 82' lang='lat' dir='ltr'><strong>eﬁluant</strong></span> <span class='ocrx_word' id='word_1_31' title='bbox 1052 627 1074 658; x_wconf 27' lang='grc' dir='ltr'><strong>,υ</strong></span> <span class='ocrx_word' id='word_1_32' title='bbox 1097 585 1192 641; x_wconf 88' lang='lat' dir='ltr'><strong>sed</strong></span> <span class='ocrx_word' id='word_1_33' title='bbox 1240 585 1348 640; x_wconf 88' lang='lat' dir='ltr'><strong>alio</strong></span> <span class='ocrx_word' id='word_1_34' title='bbox 1401 579 1562 640; x_wconf 84' lang='lat' dir='ltr'><strong>modo</strong></span> <span class='ocrx_word' id='word_1_35' title='bbox 1611 600 1641 639; x_wconf 90' lang='lat' dir='ltr'><strong>a</strong></span> <span class='ocrx_word' id='word_1_36' title='bbox 1693 585 1850 640; x_wconf 90' lang='lat' dir='ltr'><strong>nobis</strong></span> <span class='ocrx_word' id='word_1_37' title='bbox 1901 584 2034 638; x_wconf 88' lang='lat' dir='ltr'><strong>ﬁant</strong></span> 
     </span>
    </p>
   </div>
   <div class='ocr_carea' id='block_1_8' title="bbox 472 677 2030 753">
    <p class='ocr_par' dir='ltr' id='par_1_8' title="bbox 472 677 2030 753">
     <span class='ocr_line' id='line_1_8' title="bbox 472 677 2030 753; baseline -0.004 -16"><span class='ocrx_word' id='word_1_38' title='bbox 472 685 670 753; x_wconf 80' lang='lat' dir='ltr'><strong>(quem</strong></span> <span class='ocrx_word' id='word_1_39' title='bbox 713 679 1011 750; x_wconf 84' lang='lat' dir='ltr'><strong>disputatio</strong></span> <span class='ocrx_word' id='word_1_40' title='bbox 1051 693 1151 734; x_wconf 91' lang='lat' dir='ltr'><strong>suo</strong></span> <span class='ocrx_word' id='word_1_41' title='bbox 1197 687 1438 749; x_wconf 89' lang='lat' dir='ltr'><strong>tempore</strong></span> <span class='ocrx_word' id='word_1_42' title='bbox 1483 677 1878 748; x_wconf 62' lang='lat' dir='ltr'><strong>uplanabit),</strong></span> <span class='ocrx_word' id='word_1_43' title='bbox 1925 693 2030 731; x_wconf 91' lang='lat' dir='ltr'><strong>non</strong></span> 
     </span>
    </p>
   </div>
   <div class='ocr_carea' id='block_1_9' title="bbox 471 770 2032 840">
    <p class='ocr_par' dir='ltr' id='par_1_9' title="bbox 471 770 2032 840">
     <span class='ocr_line' id='line_1_9' title="bbox 471 770 2032 840; baseline -0.003 -12"><span class='ocrx_word' id='word_1_44' title='bbox 471 775 643 828; x_wconf 89' lang='lat' dir='ltr'><strong>solum</strong></span> <span class='ocrx_word' id='word_1_45' title='bbox 681 789 788 828; x_wconf 91' lang='lat' dir='ltr'><strong>non</strong></span> <span class='ocrx_word' id='word_1_46' title='bbox 833 788 1023 827; x_wconf 91' lang='lat' dir='ltr'><strong>sumus</strong></span> <span class='ocrx_word' id='word_1_47' title='bbox 1066 772 1121 824; x_wconf 91' lang='lat' dir='ltr'><strong>in</strong></span> <span class='ocrx_word' id='word_1_48' title='bbox 1167 770 1337 825; x_wconf 89' lang='lat' dir='ltr'><strong>Deum</strong></span> <span class='ocrx_word' id='word_1_49' title='bbox 1385 771 1568 840; x_wconf 86' lang='lat' dir='ltr'><strong>impii,</strong></span> <span class='ocrx_word' id='word_1_50' title='bbox 1609 785 1721 824; x_wconf 91' lang='lat' dir='ltr'><strong>non</strong></span> <span class='ocrx_word' id='word_1_51' title='bbox 1761 770 2032 823; x_wconf 77' lang='lat' dir='ltr'><strong>audentes</strong></span> 
     </span>
    </p>
   </div>
   <div class='ocr_carea' id='block_1_10' title="bbox 470 861 2033 937">
    <p class='ocr_par' dir='ltr' id='par_1_10' title="bbox 470 861 2033 937">
     <span class='ocr_line' id='line_1_10' title="bbox 470 861 2033 937; baseline -0.006 -14"><span class='ocrx_word' id='word_1_52' title='bbox 470 868 840 937; x_wconf 85' lang='lat' dir='ltr'><strong>conjecturam</strong></span> <span class='ocrx_word' id='word_1_53' title='bbox 875 865 1082 930; x_wconf 82' lang='lat' dir='ltr'><strong>facere,</strong></span> <span class='ocrx_word' id='word_1_54' title='bbox 1112 879 1221 918; x_wconf 90' lang='lat' dir='ltr'><strong>non</strong></span> <span class='ocrx_word' id='word_1_55' title='bbox 1251 877 1413 933; x_wconf 87' lang='lat' dir='ltr'><strong>posse</strong></span> <span class='ocrx_word' id='word_1_56' title='bbox 1444 861 1612 917; x_wconf 90' lang='lat' dir='ltr'><strong>Deum</strong></span> <span class='ocrx_word' id='word_1_57' title='bbox 1642 872 1864 932; x_wconf 83' lang='lat' dir='ltr'><strong>propter</strong></span> <span class='ocrx_word' id='word_1_58' title='bbox 1895 861 2033 915; x_wconf 75' lang='lat' dir='ltr'><strong>diﬁi~</strong></span> 
     </span>
    </p>
   </div>
   <div class='ocr_carea' id='block_1_11' title="bbox 473 953 2034 1024">
    <p class='ocr_par' dir='ltr' id='par_1_11' title="bbox 473 953 2034 1024">
     <span class='ocr_line' id='line_1_11' title="bbox 473 953 2034 1024; baseline -0.006 -9"><span class='ocrx_word' id='word_1_59' title='bbox 473 961 728 1015; x_wconf 81' lang='lat' dir='ltr'><strong>cultatem</strong></span> <span class='ocrx_word' id='word_1_60' title='bbox 759 957 1014 1012; x_wconf 84' lang='lat' dir='ltr'><strong>resistere</strong></span> <span class='ocrx_word' id='word_1_61' title='bbox 1038 956 1169 1010; x_wconf 86' lang='lat' dir='ltr'><strong>vitio</strong></span> <span class='ocrx_word' id='word_1_62' title='bbox 1198 954 1342 1024; x_wconf 90' lang='lat' dir='ltr'><strong>quod</strong></span> <span class='ocrx_word' id='word_1_63' title='bbox 1371 955 1420 1008; x_wconf 88' lang='lat' dir='ltr'><strong>ei</strong></span> <span class='ocrx_word' id='word_1_64' title='bbox 1449 969 1556 1006; x_wconf 91' lang='lat' dir='ltr'><strong>non</strong></span> <span class='ocrx_word' id='word_1_65' title='bbox 1585 953 1760 1016; x_wconf 90' lang='lat' dir='ltr'><strong>inest,</strong></span> <span class='ocrx_word' id='word_1_66' title='bbox 1794 954 1888 1008; x_wconf 90' lang='lat' dir='ltr'><strong>sed</strong></span> <span class='ocrx_word' id='word_1_67' title='bbox 1913 967 2034 1023; x_wconf 73' lang='lat' dir='ltr'><strong>quze</strong></span> 
     </span>
    </p>
   </div>
   <div class='ocr_carea' id='block_1_12' title="bbox 471 1045 2030 1118">
    <p class='ocr_par' dir='ltr' id='par_1_12' title="bbox 471 1045 2030 1118">
     <span class='ocr_line' id='line_1_12' title="bbox 471 1045 2030 1118; baseline -0.006 -12"><span class='ocrx_word' id='word_1_68' title='bbox 471 1071 506 1106; x_wconf 73' lang='grc' dir='ltr'><strong>ιι</strong></span> <span class='ocrx_word' id='word_1_69' title='bbox 551 1050 711 1106; x_wconf 86' lang='lat' dir='ltr'><strong>nobis</strong></span> <span class='ocrx_word' id='word_1_70' title='bbox 764 1049 958 1103; x_wconf 79' lang='lat' dir='ltr'><strong>vitiose</strong></span> <span class='ocrx_word' id='word_1_71' title='bbox 1005 1057 1260 1118; x_wconf 89' lang='lat' dir='ltr'><strong>aguntur,</strong></span> <span class='ocrx_word' id='word_1_72' title='bbox 1309 1047 1536 1100; x_wconf 86' lang='lat' dir='ltr'><strong>nitimur</strong></span> <span class='ocrx_word' id='word_1_73' title='bbox 1567 1045 1621 1100; x_wconf 93' lang='lat' dir='ltr'><strong>in</strong></span> <span class='ocrx_word' id='word_1_74' title='bbox 1661 1045 1742 1101; x_wconf 90' lang='lat' dir='ltr'><strong>eis</strong></span> <span class='ocrx_word' id='word_1_75' title='bbox 1773 1059 2030 1110; x_wconf 83' lang='lat' dir='ltr'><strong>cessare;</strong></span> 
     </span>
    </p>
   </div>
   <div class='ocr_carea' id='block_1_13' title="bbox 476 1136 2033 1211">
    <p class='ocr_par' dir='ltr' id='par_1_13' title="bbox 476 1136 2033 1211">
     <span class='ocr_line' id='line_1_13' title="bbox 476 1136 2033 1211; baseline -0.004 -15"><span class='ocrx_word' id='word_1_76' title='bbox 476 1157 599 1197; x_wconf 89' lang='lat' dir='ltr'><strong>cum</strong></span> <span class='ocrx_word' id='word_1_77' title='bbox 621 1143 687 1196; x_wconf 92' lang='lat' dir='ltr'><strong>iis</strong></span> <span class='ocrx_word' id='word_1_78' title='bbox 715 1140 808 1211; x_wconf 91' lang='lat' dir='ltr'><strong>qni</strong></span> <span class='ocrx_word' id='word_1_79' title='bbox 837 1140 1124 1193; x_wconf 88' lang='lat' dir='ltr'><strong>advertunt</strong></span> <span class='ocrx_word' id='word_1_80' title='bbox 1141 1178 1154 1201; x_wconf 94' lang='lat'><strong>,</strong></span> <span class='ocrx_word' id='word_1_81' title='bbox 1182 1136 1624 1191; x_wconf 74' lang='lat' dir='ltr'><strong>demonstremus</strong></span> <span class='ocrx_word' id='word_1_82' title='bbox 1641 1175 1655 1198; x_wconf 94' lang='lat'><strong>,</strong></span> <span class='ocrx_word' id='word_1_83' title='bbox 1680 1151 1799 1205; x_wconf 69' lang='lat' dir='ltr'><strong>quae</strong></span> <span class='ocrx_word' id='word_1_84' title='bbox 1822 1152 1851 1189; x_wconf 93' lang='lat' dir='ltr'><strong>a</strong></span> <span class='ocrx_word' id='word_1_85' title='bbox 1873 1136 2033 1190; x_wconf 89' lang='lat' dir='ltr'><strong>nobis</strong></span> 
     </span>
    </p>
   </div>
   <div class='ocr_carea' id='block_1_14' title="bbox 474 1228 2034 1304">
    <p class='ocr_par' dir='ltr' id='par_1_14' title="bbox 474 1228 2034 1304">
     <span class='ocr_line' id='line_1_14' title="bbox 474 1228 2034 1304; baseline -0.003 -17"><span class='ocrx_word' id='word_1_86' title='bbox 474 1232 804 1304; x_wconf 88' lang='lat' dir='ltr'><strong>principium</strong></span> <span class='ocrx_word' id='word_1_87' title='bbox 850 1233 1089 1296; x_wconf 87' lang='lat' dir='ltr'><strong>ducunt,</strong></span> <span class='ocrx_word' id='word_1_88' title='bbox 1132 1238 1191 1284; x_wconf 88' lang='lat' dir='ltr'><strong>ut</strong></span> <span class='ocrx_word' id='word_1_89' title='bbox 1226 1229 1390 1294; x_wconf 82' lang='lat' dir='ltr'><strong>ﬁant,</strong></span> <span class='ocrx_word' id='word_1_90' title='bbox 1436 1243 1532 1298; x_wconf 89' lang='lat' dir='ltr'><strong>per</strong></span> <span class='ocrx_word' id='word_1_91' title='bbox 1576 1243 1677 1282; x_wconf 93' lang='lat' dir='ltr'><strong>nos</strong></span> <span class='ocrx_word' id='word_1_92' title='bbox 1725 1228 1920 1290; x_wconf 90' lang='lat' dir='ltr'><strong>etiam,</strong></span> <span class='ocrx_word' id='word_1_93' title='bbox 1965 1243 2034 1282; x_wconf 91' lang='lat' dir='ltr'><strong>ne</strong></span> 
     </span>
    </p>
   </div>
   <div class='ocr_carea' id='block_1_15' title="bbox 477 1321 2035 1391">
    <p class='ocr_par' dir='ltr' id='par_1_15' title="bbox 477 1321 2035 1391">
     <span class='ocr_line' id='line_1_15' title="bbox 477 1321 2035 1391; baseline -0.004 -12"><span class='ocrx_word' id='word_1_94' title='bbox 477 1323 826 1387; x_wconf 67' lang='lat' dir='ltr'><strong>ﬁant,&#39;ﬁnem</strong></span> <span class='ocrx_word' id='word_1_95' title='bbox 853 1321 1104 1390; x_wconf 91' lang='lat' dir='ltr'><strong>assequi,</strong></span> <span class='ocrx_word' id='word_1_96' title='bbox 1134 1323 1348 1376; x_wconf 87' lang='lat' dir='ltr'><strong>tametsi</strong></span> <span class='ocrx_word' id='word_1_97' title='bbox 1373 1335 1477 1374; x_wconf 88' lang='lat' dir='ltr'><strong>non</strong></span> <span class='ocrx_word' id='word_1_98' title='bbox 1502 1321 1642 1391; x_wconf 89' lang='lat' dir='ltr'><strong>apud</strong></span> <span class='ocrx_word' id='word_1_99' title='bbox 1668 1335 1858 1375; x_wconf 91' lang='lat' dir='ltr'><strong>omnes</strong></span> <span class='ocrx_word' id='word_1_100' title='bbox 1881 1338 1899 1388; x_wconf 81' lang='lat'><strong>;</strong></span> <span class='ocrx_word' id='word_1_101' title='bbox 1927 1335 2035 1374; x_wconf 92' lang='lat' dir='ltr'><strong>non</strong></span> 
     </span>
    </p>
   </div>
   <div class='ocr_carea' id='block_1_16' title="bbox 477 1413 2036 1485">
    <p class='ocr_par' dir='ltr' id='par_1_16' title="bbox 477 1413 2036 1485">
     <span class='ocr_line' id='line_1_16' title="bbox 477 1413 2036 1485; baseline -0.001 -16"><span class='ocrx_word' id='word_1_102' title='bbox 477 1418 622 1470; x_wconf 90' lang='lat' dir='ltr'><strong>enim</strong></span> <span class='ocrx_word' id='word_1_103' title='bbox 653 1416 757 1471; x_wconf 89' lang='lat' dir='ltr'><strong>hoc</strong></span> <span class='ocrx_word' id='word_1_104' title='bbox 787 1417 1038 1485; x_wconf 82' lang='lat' dir='ltr'><strong>generale</strong></span> <span class='ocrx_word' id='word_1_105' title='bbox 1065 1414 1121 1468; x_wconf 89' lang='lat' dir='ltr'><strong>in</strong></span> <span class='ocrx_word' id='word_1_106' title='bbox 1151 1413 1382 1483; x_wconf 77' lang='lat' dir='ltr'><strong>singulis</strong></span> <span class='ocrx_word' id='word_1_107' title='bbox 1411 1421 1495 1467; x_wconf 91' lang='lat' dir='ltr'><strong>est</strong></span> <span class='ocrx_word' id='word_1_108' title='bbox 1516 1453 1530 1476; x_wconf 95' lang='lat'><strong>,</strong></span> <span class='ocrx_word' id='word_1_109' title='bbox 1566 1413 1658 1467; x_wconf 91' lang='lat' dir='ltr'><strong>sed</strong></span> <span class='ocrx_word' id='word_1_110' title='bbox 1709 1413 1762 1466; x_wconf 93' lang='lat' dir='ltr'><strong>in</strong></span> <span class='ocrx_word' id='word_1_111' title='bbox 1806 1413 2036 1482; x_wconf 83' lang='lat' dir='ltr'><strong>singulis</strong></span> 
     </span>
    </p>
   </div>
   <div class='ocr_carea' id='block_1_17' title="bbox 477 1503 2033 1576">
    <p class='ocr_par' dir='ltr' id='par_1_17' title="bbox 477 1503 2033 1576">
     <span class='ocr_line' id='line_1_17' title="bbox 477 1503 2033 1576; baseline -0.003 -15"><span class='ocrx_word' id='word_1_112' title='bbox 477 1523 665 1561; x_wconf 89' lang='lat' dir='ltr'><strong>eorum</strong></span> <span class='ocrx_word' id='word_1_113' title='bbox 693 1507 785 1576; x_wconf 89' lang='lat' dir='ltr'><strong>qui</strong></span> <span class='ocrx_word' id='word_1_114' title='bbox 816 1505 1054 1561; x_wconf 91' lang='lat' dir='ltr'><strong>studium</strong></span> <span class='ocrx_word' id='word_1_115' title='bbox 1099 1504 1462 1559; x_wconf 89' lang='lat' dir='ltr'><strong>adhibuerunt</strong></span> <span class='ocrx_word' id='word_1_116' title='bbox 1505 1503 1809 1572; x_wconf 88' lang='lat' dir='ltr'><strong>(judicium</strong></span> <span class='ocrx_word' id='word_1_117' title='bbox 1857 1515 2033 1558; x_wconf 90' lang='lat' dir='ltr'><strong>tamen</strong></span> 
     </span>
    </p>
   </div>
   <div class='ocr_carea' id='block_1_18' title="bbox 480 1594 2036 1667">
    <p class='ocr_par' dir='ltr' id='par_1_18' title="bbox 480 1594 2036 1667">
     <span class='ocr_line' id='line_1_18' title="bbox 480 1594 2036 1667; baseline -0.001 -16"><span class='ocrx_word' id='word_1_118' title='bbox 480 1600 721 1654; x_wconf 86' lang='lat' dir='ltr'><strong>universi</strong></span> <span class='ocrx_word' id='word_1_119' title='bbox 746 1606 830 1653; x_wconf 93' lang='lat' dir='ltr'><strong>est</strong></span> <span class='ocrx_word' id='word_1_120' title='bbox 853 1638 867 1661; x_wconf 90' lang='lat'><strong>,</strong></span> <span class='ocrx_word' id='word_1_121' title='bbox 902 1612 1063 1667; x_wconf 90' lang='lat' dir='ltr'><strong>posse</strong></span> <span class='ocrx_word' id='word_1_122' title='bbox 1088 1612 1212 1651; x_wconf 86' lang='lat' dir='ltr'><strong>esse</strong></span> <span class='ocrx_word' id='word_1_123' title='bbox 1244 1597 1296 1648; x_wconf 93' lang='lat' dir='ltr'><strong>in</strong></span> <span class='ocrx_word' id='word_1_124' title='bbox 1329 1594 1620 1666; x_wconf 81' lang='lat' dir='ltr'><strong>singulis).</strong></span> <span class='ocrx_word' id='word_1_125' title='bbox 1648 1596 2036 1651; x_wconf 85' lang='lat' dir='ltr'><strong>Verumtamen</strong></span> 
     </span>
    </p>
   </div>
   <div class='ocr_carea' id='block_1_19' title="bbox 470 1688 2037 1762">
    <p class='ocr_par' dir='ltr' id='par_1_19' title="bbox 470 1688 2037 1762">
     <span class='ocr_line' id='line_1_19' title="bbox 470 1688 2037 1762; baseline 0 -20"><span class='ocrx_word' id='word_1_126' title='bbox 470 1692 573 1762; x_wconf 82' lang='lat' dir='ltr'><strong>qui</strong></span> <span class='ocrx_word' id='word_1_127' title='bbox 601 1691 828 1745; x_wconf 84' lang='lat' dir='ltr'><strong>barbare</strong></span> <span class='ocrx_word' id='word_1_128' title='bbox 871 1705 994 1743; x_wconf 90' lang='lat' dir='ltr'><strong>cum</strong></span> <span class='ocrx_word' id='word_1_129' title='bbox 1043 1689 1371 1759; x_wconf 87' lang='lat' dir='ltr'><strong>impietatem</strong></span> <span class='ocrx_word' id='word_1_130' title='bbox 1419 1688 1781 1758; x_wconf 76' lang='lat' dir='ltr'><strong>excogitavit,</strong></span> <span class='ocrx_word' id='word_1_131' title='bbox 1830 1688 2037 1758; x_wconf 81' lang='lat' dir='ltr'><strong>ﬁngens</strong></span> 
     </span>
    </p>
   </div>
   <div class='ocr_carea' id='block_1_20' title="bbox 369 1779 2039 1850">
    <p class='ocr_par' dir='ltr' id='par_1_20' title="bbox 369 1779 2039 1850">
     <span class='ocr_line' id='line_1_20' title="bbox 369 1779 2039 1850; baseline -0.002 -14"><span class='ocrx_word' id='word_1_132' title='bbox 369 1801 382 1821; x_wconf 76' lang='grc' dir='ltr'><strong><em>ο</em></strong></span> <span class='ocrx_word' id='word_1_133' title='bbox 482 1783 685 1836; x_wconf 88' lang='lat' dir='ltr'><strong>malum</strong></span> <span class='ocrx_word' id='word_1_134' title='bbox 721 1781 840 1836; x_wconf 90' lang='lat' dir='ltr'><strong>sine</strong></span> <span class='ocrx_word' id='word_1_135' title='bbox 871 1780 1141 1850; x_wconf 91' lang='lat' dir='ltr'><strong>principio</strong></span> <span class='ocrx_word' id='word_1_136' title='bbox 1161 1821 1175 1844; x_wconf 94' lang='lat'><strong>,</strong></span> <span class='ocrx_word' id='word_1_137' title='bbox 1205 1788 1392 1834; x_wconf 86' lang='lat' dir='ltr'><strong>contra</strong></span> <span class='ocrx_word' id='word_1_138' title='bbox 1419 1779 1586 1833; x_wconf 86' lang='lat' dir='ltr'><strong>Deum</strong></span> <span class='ocrx_word' id='word_1_139' title='bbox 1617 1796 1740 1835; x_wconf 83' lang='lat' dir='ltr'><strong>vere</strong></span> <span class='ocrx_word' id='word_1_140' title='bbox 1769 1781 2039 1850; x_wconf 90' lang='lat' dir='ltr'><strong>principio</strong></span> 
     </span>
    </p>
   </div>
   <div class='ocr_carea' id='block_1_21' title="bbox 481 1872 2040 1941">
    <p class='ocr_par' dir='ltr' id='par_1_21' title="bbox 481 1872 2040 1941">
     <span class='ocr_line' id='line_1_21' title="bbox 481 1872 2040 1941; baseline -0.001 -15"><span class='ocrx_word' id='word_1_141' title='bbox 481 1881 794 1938; x_wconf 91' lang='lat' dir='ltr'><strong>carentem,</strong></span> <span class='ocrx_word' id='word_1_142' title='bbox 827 1887 890 1925; x_wconf 90' lang='lat' dir='ltr'><strong>ac</strong></span> <span class='ocrx_word' id='word_1_143' title='bbox 921 1873 1096 1926; x_wconf 91' lang='lat' dir='ltr'><strong>solum</strong></span> <span class='ocrx_word' id='word_1_144' title='bbox 1117 1912 1131 1936; x_wconf 93' lang='lat'><strong>,</strong></span> <span class='ocrx_word' id='word_1_145' title='bbox 1162 1879 1216 1927; x_wconf 90' lang='lat' dir='ltr'><strong>et</strong></span> <span class='ocrx_word' id='word_1_146' title='bbox 1249 1872 1351 1926; x_wconf 91' lang='lat' dir='ltr'><strong>hoc</strong></span> <span class='ocrx_word' id='word_1_147' title='bbox 1382 1873 1680 1926; x_wconf 90' lang='lat' dir='ltr'><strong>secundum</strong></span> <span class='ocrx_word' id='word_1_148' title='bbox 1712 1872 2040 1941; x_wconf 84' lang='lat' dir='ltr'><strong>principium</strong></span> 
     </span>
    </p>
   </div>
   <div class='ocr_carea' id='block_1_22' title="bbox 483 1964 2041 2027">
    <p class='ocr_par' dir='ltr' id='par_1_22' title="bbox 483 1964 2041 2027">
     <span class='ocr_line' id='line_1_22' title="bbox 483 1964 2041 2027; baseline -0.003 -6"><span class='ocrx_word' id='word_1_149' title='bbox 483 1967 674 2022; x_wconf 87' lang='lat' dir='ltr'><strong>insane</strong></span> <span class='ocrx_word' id='word_1_150' title='bbox 703 1967 1072 2027; x_wconf 85' lang='lat' dir='ltr'><strong>constituens,</strong></span> <span class='ocrx_word' id='word_1_151' title='bbox 1107 1979 1213 2018; x_wconf 92' lang='lat' dir='ltr'><strong>non</strong></span> <span class='ocrx_word' id='word_1_152' title='bbox 1260 1965 1435 2019; x_wconf 90' lang='lat' dir='ltr'><strong>solum</strong></span> <span class='ocrx_word' id='word_1_153' title='bbox 1482 1964 1683 2017; x_wconf 91' lang='lat' dir='ltr'><strong>malum</strong></span> <span class='ocrx_word' id='word_1_154' title='bbox 1729 1964 1959 2018; x_wconf 83' lang='lat' dir='ltr'><strong>collocat</strong></span> <span class='ocrx_word' id='word_1_155' title='bbox 1989 1964 2041 2016; x_wconf 92' lang='lat' dir='ltr'><strong>in</strong></span> 
     </span>
    </p>
   </div>
   <div class='ocr_carea' id='block_1_23' title="bbox 484 2055 2042 2126">
    <p class='ocr_par' dir='ltr' id='par_1_23' title="bbox 484 2055 2042 2126">
     <span class='ocr_line' id='line_1_23' title="bbox 484 2055 2042 2126; baseline -0.004 -14"><span class='ocrx_word' id='word_1_156' title='bbox 484 2056 674 2112; x_wconf 85' lang='lat' dir='ltr'><strong>ordine</strong></span> <span class='ocrx_word' id='word_1_157' title='bbox 717 2057 911 2126; x_wconf 66' lang='lat' dir='ltr'><strong>aequali</strong></span> <span class='ocrx_word' id='word_1_158' title='bbox 961 2055 1102 2119; x_wconf 92' lang='lat' dir='ltr'><strong>Deo,</strong></span> <span class='ocrx_word' id='word_1_159' title='bbox 1147 2064 1400 2125; x_wconf 88' lang='lat' dir='ltr'><strong>tanquam</strong></span> <span class='ocrx_word' id='word_1_160' title='bbox 1447 2055 1551 2110; x_wconf 93' lang='lat' dir='ltr'><strong>hoc</strong></span> <span class='ocrx_word' id='word_1_161' title='bbox 1581 2055 1850 2109; x_wconf 87' lang='lat' dir='ltr'><strong>honorare</strong></span> <span class='ocrx_word' id='word_1_162' title='bbox 1878 2055 2042 2117; x_wconf 89' lang='lat' dir='ltr'><strong>velit,</strong></span> 
     </span>
    </p>
   </div>
   <div class='ocr_carea' id='block_1_24' title="bbox 483 2141 2046 2218">
    <p class='ocr_par' dir='ltr' id='par_1_24' title="bbox 483 2141 2046 2218">
     <span class='ocr_line' id='line_1_24' title="bbox 483 2141 2046 2218; baseline -0.001 -17"><span class='ocrx_word' id='word_1_163' title='bbox 483 2147 629 2218; x_wconf 90' lang='lat' dir='ltr'><strong>quod</strong></span> <span class='ocrx_word' id='word_1_164' title='bbox 657 2147 866 2202; x_wconf 87' lang='lat' dir='ltr'><strong>scilicet</strong></span> <span class='ocrx_word' id='word_1_165' title='bbox 893 2145 1009 2200; x_wconf 90' lang='lat' dir='ltr'><strong>odit</strong></span> <span class='ocrx_word' id='word_1_166' title='bbox 1036 2163 1050 2210; x_wconf 91' lang='lat'><strong>;</strong></span> <span class='ocrx_word' id='word_1_167' title='bbox 1082 2146 1176 2200; x_wconf 89' lang='lat' dir='ltr'><strong>sed</strong></span> <span class='ocrx_word' id='word_1_168' title='bbox 1223 2147 1386 2208; x_wconf 88' lang='lat' dir='ltr'><strong>mala,</strong></span> <span class='ocrx_word' id='word_1_169' title='bbox 1429 2161 1549 2215; x_wconf 68' lang='lat' dir='ltr'><strong>qua:</strong></span> <span class='ocrx_word' id='word_1_170' title='bbox 1597 2162 1663 2200; x_wconf 81' lang='lat' dir='ltr'><strong>ex</strong></span> <span class='ocrx_word' id='word_1_171' title='bbox 1715 2141 1857 2199; x_wconf 89' lang='lat' dir='ltr'><strong>malo</strong></span> <span class='ocrx_word' id='word_1_172' title='bbox 1900 2145 2046 2215; x_wconf 90' lang='lat' dir='ltr'><strong>quod</strong></span> 
     </span>
    </p>
   </div>
   <div class='ocr_carea' id='block_1_25' title="bbox 485 2236 2049 2310">
    <p class='ocr_par' dir='ltr' id='par_1_25' title="bbox 485 2236 2049 2310">
     <span class='ocr_line' id='line_1_25' title="bbox 485 2236 2049 2310; baseline -0.003 -18"><span class='ocrx_word' id='word_1_173' title='bbox 485 2237 754 2310; x_wconf 82' lang='lat' dir='ltr'><strong>principio</strong></span> <span class='ocrx_word' id='word_1_174' title='bbox 784 2244 968 2300; x_wconf 89' lang='lat' dir='ltr'><strong>caret,</strong></span> <span class='ocrx_word' id='word_1_175' title='bbox 1002 2236 1328 2290; x_wconf 87' lang='lat' dir='ltr'><strong>insanabilia</strong></span> <span class='ocrx_word' id='word_1_176' title='bbox 1360 2238 1579 2306; x_wconf 85' lang='lat' dir='ltr'><strong>penitus</strong></span> <span class='ocrx_word' id='word_1_177' title='bbox 1609 2251 1764 2299; x_wconf 88' lang='lat' dir='ltr'><strong>esse,</strong></span> <span class='ocrx_word' id='word_1_178' title='bbox 1798 2250 1921 2290; x_wconf 90' lang='lat' dir='ltr'><strong>cum</strong></span> <span class='ocrx_word' id='word_1_179' title='bbox 1956 2250 2049 2288; x_wconf 90' lang='lat' dir='ltr'><strong>ne-</strong></span> 
     </span>
    </p>
   </div>
   <div class='ocr_carea' id='block_1_26' title="bbox 482 2324 2048 2396">
    <p class='ocr_par' dir='ltr' id='par_1_26' title="bbox 482 2324 2048 2396">
     <span class='ocr_line' id='line_1_26' title="bbox 482 2324 2048 2396; baseline 0 -16"><span class='ocrx_word' id='word_1_180' title='bbox 482 2327 726 2381; x_wconf 88' lang='lat' dir='ltr'><strong>cessario</strong></span> <span class='ocrx_word' id='word_1_181' title='bbox 754 2325 984 2379; x_wconf 84' lang='lat' dir='ltr'><strong>allirmat</strong></span> <span class='ocrx_word' id='word_1_182' title='bbox 1003 2364 1017 2389; x_wconf 91' lang='lat'><strong>,</strong></span> <span class='ocrx_word' id='word_1_183' title='bbox 1049 2324 1177 2379; x_wconf 83' lang='lat' dir='ltr'><strong>facit</strong></span> <span class='ocrx_word' id='word_1_184' title='bbox 1202 2325 1464 2381; x_wconf 89' lang='lat' dir='ltr'><strong>insidiose</strong></span> <span class='ocrx_word' id='word_1_185' title='bbox 1485 2366 1500 2389; x_wconf 89' lang='lat'><strong>,</strong></span> <span class='ocrx_word' id='word_1_186' title='bbox 1528 2333 1588 2380; x_wconf 91' lang='lat' dir='ltr'><strong>ut</strong></span> <span class='ocrx_word' id='word_1_187' title='bbox 1612 2326 1927 2380; x_wconf 82' lang='lat' dir='ltr'><strong>existiment</strong></span> <span class='ocrx_word' id='word_1_188' title='bbox 1954 2327 2048 2396; x_wconf 83' lang='lat' dir='ltr'><strong>qui</strong></span> 
     </span>
    </p>
   </div>
   <div class='ocr_carea' id='block_1_27' title="bbox 487 2418 2049 2488">
    <p class='ocr_par' dir='ltr' id='par_1_27' title="bbox 487 2418 2049 2488">
     <span class='ocr_line' id='line_1_27' title="bbox 487 2418 2049 2488; baseline -0.002 -12"><span class='ocrx_word' id='word_1_189' title='bbox 487 2423 536 2477; x_wconf 89' lang='lat' dir='ltr'><strong>ei</strong></span> <span class='ocrx_word' id='word_1_190' title='bbox 578 2421 843 2484; x_wconf 89' lang='lat' dir='ltr'><strong>credunt,</strong></span> <span class='ocrx_word' id='word_1_191' title='bbox 888 2418 1210 2488; x_wconf 85' lang='lat' dir='ltr'><strong>injustitiam</strong></span> <span class='ocrx_word' id='word_1_192' title='bbox 1253 2433 1359 2471; x_wconf 93' lang='lat' dir='ltr'><strong>non</strong></span> <span class='ocrx_word' id='word_1_193' title='bbox 1402 2433 1564 2488; x_wconf 86' lang='lat' dir='ltr'><strong>posse</strong></span> <span class='ocrx_word' id='word_1_194' title='bbox 1607 2418 1749 2488; x_wconf 83' lang='lat' dir='ltr'><strong>apud</strong></span> <span class='ocrx_word' id='word_1_195' title='bbox 1795 2418 2049 2473; x_wconf 79' lang='lat' dir='ltr'><strong>homines</strong></span> 
     </span>
    </p>
   </div>
   <div class='ocr_carea' id='block_1_28' title="bbox 479 2505 2050 2580">
    <p class='ocr_par' dir='ltr' id='par_1_28' title="bbox 479 2505 2050 2580">
     <span class='ocr_line' id='line_1_28' title="bbox 479 2505 2050 2580; baseline -0.002 -17"><span class='ocrx_word' id='word_1_196' title='bbox 479 2509 708 2580; x_wconf 83' lang='lat' dir='ltr'><strong>corrigi.</strong></span> <span class='ocrx_word' id='word_1_197' title='bbox 733 2509 807 2562; x_wconf 90' lang='lat' dir='ltr'><strong>lta</strong></span> <span class='ocrx_word' id='word_1_198' title='bbox 831 2516 890 2562; x_wconf 91' lang='lat' dir='ltr'><strong>ut</strong></span> <span class='ocrx_word' id='word_1_199' title='bbox 918 2508 1210 2576; x_wconf 78' lang='lat' dir='ltr'><strong>anticipata</strong></span> <span class='ocrx_word' id='word_1_200' title='bbox 1240 2505 1518 2576; x_wconf 81' lang='lat' dir='ltr'><strong>voluptate</strong></span> <span class='ocrx_word' id='word_1_201' title='bbox 1545 2517 1886 2576; x_wconf 84' lang='lat' dir='ltr'><strong>peccatorum</strong></span> <span class='ocrx_word' id='word_1_202' title='bbox 1909 2547 1924 2571; x_wconf 93' lang='lat'><strong>,</strong></span> <span class='ocrx_word' id='word_1_203' title='bbox 1950 2523 2050 2578; x_wconf 89' lang='lat' dir='ltr'><strong>pro</strong></span> 
     </span>
    </p>
   </div>
   <div class='ocr_carea' id='block_1_29' title="bbox 491 2598 2051 2668">
    <p class='ocr_par' dir='ltr' id='par_1_29' title="bbox 491 2598 2051 2668">
     <span class='ocr_line' id='line_1_29' title="bbox 491 2598 2051 2668; baseline -0.001 -13"><span class='ocrx_word' id='word_1_204' title='bbox 491 2600 846 2655; x_wconf 88' lang='lat' dir='ltr'><strong>conversione</strong></span> <span class='ocrx_word' id='word_1_205' title='bbox 877 2599 1184 2668; x_wconf 86' lang='lat' dir='ltr'><strong>desperatio</strong></span> <span class='ocrx_word' id='word_1_206' title='bbox 1214 2598 1545 2667; x_wconf 88' lang='lat' dir='ltr'><strong>objiciatur;</strong></span> <span class='ocrx_word' id='word_1_207' title='bbox 1579 2598 1735 2667; x_wconf 87' lang='lat' dir='ltr'><strong>quasi</strong></span> <span class='ocrx_word' id='word_1_208' title='bbox 1783 2598 1897 2653; x_wconf 86' lang='lat' dir='ltr'><strong>ﬁeri</strong></span> <span class='ocrx_word' id='word_1_209' title='bbox 1941 2615 2051 2653; x_wconf 89' lang='lat' dir='ltr'><strong>non</strong></span> 
     </span>
    </p>
   </div>
   <div class='ocr_carea' id='block_1_30' title="bbox 491 2691 2053 2762">
    <p class='ocr_par' dir='ltr' id='par_1_30' title="bbox 491 2691 2053 2762">
     <span class='ocr_line' id='line_1_30' title="bbox 491 2691 2053 2762; baseline -0.003 -14"><span class='ocrx_word' id='word_1_210' title='bbox 491 2693 698 2762; x_wconf 84' lang='lat' dir='ltr'><strong>possit,</strong></span> <span class='ocrx_word' id='word_1_211' title='bbox 732 2699 790 2745; x_wconf 92' lang='lat' dir='ltr'><strong>ut</strong></span> <span class='ocrx_word' id='word_1_212' title='bbox 817 2693 1051 2762; x_wconf 89' lang='lat' dir='ltr'><strong>impetus</strong></span> <span class='ocrx_word' id='word_1_213' title='bbox 1078 2691 1193 2744; x_wconf 87' lang='lat' dir='ltr'><strong>vitii</strong></span> <span class='ocrx_word' id='word_1_214' title='bbox 1220 2691 1363 2760; x_wconf 90' lang='lat' dir='ltr'><strong>quod</strong></span> <span class='ocrx_word' id='word_1_215' title='bbox 1394 2691 1664 2761; x_wconf 88' lang='lat' dir='ltr'><strong>principio</strong></span> <span class='ocrx_word' id='word_1_216' title='bbox 1691 2701 1870 2756; x_wconf 87' lang='lat' dir='ltr'><strong>caret,</strong></span> <span class='ocrx_word' id='word_1_217' title='bbox 1899 2706 2053 2746; x_wconf 88' lang='lat' dir='ltr'><strong>coer-</strong></span> 
     </span>
    </p>
   </div>
   <div class='ocr_carea' id='block_1_31' title="bbox 487 2785 2050 2856">
    <p class='ocr_par' dir='ltr' id='par_1_31' title="bbox 487 2785 2050 2856">
     <span class='ocr_line' id='line_1_31' title="bbox 487 2785 2050 2856; baseline -0.001 -14"><span class='ocrx_word' id='word_1_218' title='bbox 487 2797 697 2842; x_wconf 87' lang='lat' dir='ltr'><strong>ceatnr.</strong></span> <span class='ocrx_word' id='word_1_219' title='bbox 729 2785 1093 2856; x_wconf 68' lang='lat' dir='ltr'><strong>Praeterquam</strong></span> <span class='ocrx_word' id='word_1_220' title='bbox 1123 2786 1167 2839; x_wconf 92' lang='lat' dir='ltr'><strong>si</strong></span> <span class='ocrx_word' id='word_1_221' title='bbox 1190 2786 1314 2856; x_wconf 87' lang='lat' dir='ltr'><strong>quis</strong></span> <span class='ocrx_word' id='word_1_222' title='bbox 1334 2785 1631 2855; x_wconf 89' lang='lat' dir='ltr'><strong>cupiditate</strong></span> <span class='ocrx_word' id='word_1_223' title='bbox 1655 2786 1840 2856; x_wconf 71' lang='lat' dir='ltr'><strong>gloriae</strong></span> <span class='ocrx_word' id='word_1_224' title='bbox 1861 2825 1876 2848; x_wconf 94' lang='lat'><strong>,</strong></span> <span class='ocrx_word' id='word_1_225' title='bbox 1905 2787 2050 2856; x_wconf 89' lang='lat' dir='ltr'><strong>quod</strong></span> 
     </span>
    </p>
   </div>
   <div class='ocr_carea' id='block_1_32' title="bbox 433 2870 2054 2948">
    <p class='ocr_par' dir='ltr' id='par_1_32' title="bbox 433 2870 2054 2948">
     <span class='ocr_line' id='line_1_32' title="bbox 433 2870 2054 2948; baseline -0.002 -17"><span class='ocrx_word' id='word_1_226' title='bbox 433 2870 436 2874; x_wconf 71' lang='grc'><em>’</em></span> <span class='ocrx_word' id='word_1_227' title='bbox 493 2878 616 2948; x_wconf 88' lang='lat' dir='ltr'><strong>plus</strong></span> <span class='ocrx_word' id='word_1_228' title='bbox 654 2876 819 2939; x_wconf 88' lang='lat' dir='ltr'><strong>boni,</strong></span> <span class='ocrx_word' id='word_1_229' title='bbox 870 2883 930 2930; x_wconf 88' lang='lat' dir='ltr'><strong>ut</strong></span> <span class='ocrx_word' id='word_1_230' title='bbox 973 2875 1060 2929; x_wconf 83' lang='lat' dir='ltr'><strong>isti</strong></span> <span class='ocrx_word' id='word_1_231' title='bbox 1105 2873 1344 2944; x_wconf 82' lang='lat' dir='ltr'><strong>ﬁngunt,</strong></span> <span class='ocrx_word' id='word_1_232' title='bbox 1389 2874 1588 2928; x_wconf 87' lang='lat' dir='ltr'><strong>habere</strong></span> <span class='ocrx_word' id='word_1_233' title='bbox 1631 2874 1900 2937; x_wconf 88' lang='lat' dir='ltr'><strong>videatur,</strong></span> <span class='ocrx_word' id='word_1_234' title='bbox 1936 2882 2054 2930; x_wconf 87' lang='lat' dir='ltr'><strong>stu-</strong></span> 
     </span>
    </p>
   </div>
   <div class='ocr_carea' id='block_1_33' title="bbox 493 2965 2051 3036">
    <p class='ocr_par' dir='ltr' id='par_1_33' title="bbox 493 2965 2051 3036">
     <span class='ocr_line' id='line_1_33' title="bbox 493 2965 2051 3036; baseline -0.003 -14"><span class='ocrx_word' id='word_1_235' title='bbox 493 2969 643 3022; x_wconf 88' lang='lat' dir='ltr'><strong>dium</strong></span> <span class='ocrx_word' id='word_1_236' title='bbox 675 2967 928 3022; x_wconf 88' lang='lat' dir='ltr'><strong>adhibeat</strong></span> <span class='ocrx_word' id='word_1_237' title='bbox 948 3006 963 3029; x_wconf 94' lang='lat'><strong>,</strong></span> <span class='ocrx_word' id='word_1_238' title='bbox 989 2973 1083 3029; x_wconf 91' lang='lat' dir='ltr'><strong>ut,</strong></span> <span class='ocrx_word' id='word_1_239' title='bbox 1107 2965 1287 3036; x_wconf 84' lang='lat' dir='ltr'><strong>quoad</strong></span> <span class='ocrx_word' id='word_1_240' title='bbox 1317 2966 1430 3019; x_wconf 90' lang='lat' dir='ltr'><strong>ﬁeri</strong></span> <span class='ocrx_word' id='word_1_241' title='bbox 1460 2972 1672 3034; x_wconf 81' lang='lat' dir='ltr'><strong>potest,</strong></span> <span class='ocrx_word' id='word_1_242' title='bbox 1701 2981 1808 3020; x_wconf 92' lang='lat' dir='ltr'><strong>non</strong></span> <span class='ocrx_word' id='word_1_243' title='bbox 1835 2973 2051 3036; x_wconf 87' lang='lat' dir='ltr'><strong>peccet,</strong></span> 
     </span>
    </p>
   </div>
   <div class='ocr_carea' id='block_1_34' title="bbox 497 3055 2056 3127">
    <p class='ocr_par' dir='ltr' id='par_1_34' title="bbox 497 3055 2056 3127">
     <span class='ocr_line' id='line_1_34' title="bbox 497 3055 2056 3127; baseline -0.002 -14"><span class='ocrx_word' id='word_1_244' title='bbox 497 3066 555 3113; x_wconf 92' lang='lat' dir='ltr'><strong>ut</strong></span> <span class='ocrx_word' id='word_1_245' title='bbox 588 3057 937 3112; x_wconf 79' lang='lat' dir='ltr'><strong>manifestum</strong></span> <span class='ocrx_word' id='word_1_246' title='bbox 968 3056 1161 3121; x_wconf 80' lang='lat' dir='ltr'><strong>faciat,</strong></span> <span class='ocrx_word' id='word_1_247' title='bbox 1194 3071 1304 3111; x_wconf 92' lang='lat' dir='ltr'><strong>non</strong></span> <span class='ocrx_word' id='word_1_248' title='bbox 1334 3055 1554 3110; x_wconf 89' lang='lat' dir='ltr'><strong>aliunde</strong></span> <span class='ocrx_word' id='word_1_249' title='bbox 1586 3072 1751 3127; x_wconf 90' lang='lat' dir='ltr'><strong>quam</strong></span> <span class='ocrx_word' id='word_1_250' title='bbox 1781 3071 1811 3110; x_wconf 90' lang='lat' dir='ltr'><strong>a</strong></span> <span class='ocrx_word' id='word_1_251' title='bbox 1841 3072 1900 3112; x_wconf 87' lang='lat' dir='ltr'><strong>se</strong></span> <span class='ocrx_word' id='word_1_252' title='bbox 1929 3070 2056 3126; x_wconf 89' lang='lat' dir='ltr'><strong>pec-</strong></span> 
     </span>
    </p>
   </div>
   <div class='ocr_carea' id='block_1_35' title="bbox 2132 496 3698 570">
    <p class='ocr_par' dir='ltr' id='par_1_35' title="bbox 2132 496 3698 570">
     <span class='ocr_line' id='line_1_35' title="bbox 2132 496 3698 570; baseline -0.001 -19"><span class='ocrx_word' id='word_1_253' title='bbox 2132 500 2348 570; x_wconf 78' lang='grc' dir='ltr'><strong>τήματα</strong></span> <span class='ocrx_word' id='word_1_254' title='bbox 2391 497 2720 569; x_wconf 79' lang='grc' dir='ltr'><strong>νομίζοντες,</strong></span> <span class='ocrx_word' id='word_1_255' title='bbox 2758 498 2851 550; x_wconf 82' lang='grc' dir='ltr'><strong>ἆτε</strong></span> <span class='ocrx_word' id='word_1_256' title='bbox 2884 497 2947 568; x_wconf 83' lang='grc' dir='ltr'><strong>δὴ</strong></span> <span class='ocrx_word' id='word_1_257' title='bbox 2981 497 3053 568; x_wconf 79' lang='grc' dir='ltr'><strong>μὴ</strong></span> <span class='ocrx_word' id='word_1_258' title='bbox 3090 497 3166 560; x_wconf 88' lang='grc' dir='ltr'><strong>ὡς</strong></span> <span class='ocrx_word' id='word_1_259' title='bbox 3192 497 3300 549; x_wconf 89' lang='grc' dir='ltr'><strong>ἀπό</strong></span> <span class='ocrx_word' id='word_1_260' title='bbox 3338 513 3482 560; x_wconf 88' lang='grc' dir='ltr'><strong>τινος</strong></span> <span class='ocrx_word' id='word_1_261' title='bbox 3525 496 3698 566; x_wconf 78' lang='grc' dir='ltr'><strong>ἀρχῆς</strong></span> 
     </span>
    </p>
   </div>
   <div class='ocr_carea' id='block_1_36' title="bbox 2132 585 3699 661">
    <p class='ocr_par' dir='ltr' id='par_1_36' title="bbox 2132 585 3699 661">
     <span class='ocr_line' id='line_1_36' title="bbox 2132 585 3699 661; baseline -0.003 -19"><span class='ocrx_word' id='word_1_262' title='bbox 2132 589 2251 643; x_wconf 82' lang='grc' dir='ltr'><strong>καθ’</strong></span> <span class='ocrx_word' id='word_1_263' title='bbox 2297 589 2453 661; x_wconf 81' lang='grc' dir='ltr'><strong>ἡμῶν</strong></span> <span class='ocrx_word' id='word_1_264' title='bbox 2497 590 2724 660; x_wconf 75' lang='grc' dir='ltr'><strong>ῥέοντα,</strong></span> <span class='ocrx_word' id='word_1_265' title='bbox 2771 589 2885 642; x_wconf 78' lang='grc' dir='ltr'><strong>ἀλλ’</strong></span> <span class='ocrx_word' id='word_1_266' title='bbox 2925 588 3110 661; x_wconf 78' lang='grc' dir='ltr'><strong>ἕτερόν</strong></span> <span class='ocrx_word' id='word_1_267' title='bbox 3153 605 3270 640; x_wconf 88' lang='grc' dir='ltr'><strong>τινα</strong></span> <span class='ocrx_word' id='word_1_268' title='bbox 3319 587 3519 660; x_wconf 85' lang='grc' dir='ltr'><strong>τρόπον</strong></span> <span class='ocrx_word' id='word_1_269' title='bbox 3563 585 3699 658; x_wconf 75' lang='grc' dir='ltr'><strong>πρὸς</strong></span> 
     </span>
    </p>
   </div>
   <div class='ocr_carea' id='block_1_37' title="bbox 2132 677 3700 753">
    <p class='ocr_par' dir='ltr' id='par_1_37' title="bbox 2132 677 3700 753">
     <span class='ocr_line' id='line_1_37' title="bbox 2132 677 3700 753; baseline -0.003 -19"><span class='ocrx_word' id='word_1_270' title='bbox 2132 681 2287 752; x_wconf 77' lang='grc' dir='ltr'><strong>ἡμῶν</strong></span> <span class='ocrx_word' id='word_1_271' title='bbox 2331 681 2672 753; x_wconf 87' lang='grc' dir='ltr'><strong>πραττόμενα</strong></span> <span class='ocrx_word' id='word_1_272' title='bbox 2707 681 2784 749; x_wconf 85' lang='grc' dir='ltr'><strong>(ὃν</strong></span> <span class='ocrx_word' id='word_1_273' title='bbox 2825 681 2854 732; x_wconf 86' lang='grc' dir='ltr'>ὁ</span> <span class='ocrx_word' id='word_1_274' title='bbox 2895 680 3051 748; x_wconf 90' lang='grc' dir='ltr'><strong>λόγος</strong></span> <span class='ocrx_word' id='word_1_275' title='bbox 3092 679 3277 748; x_wconf 82' lang='grc' dir='ltr'>σαφῶς</span> <span class='ocrx_word' id='word_1_276' title='bbox 3327 678 3468 732; x_wconf 85' lang='grc' dir='ltr'><strong>κατά</strong></span> <span class='ocrx_word' id='word_1_277' title='bbox 3510 677 3700 750; x_wconf 77' lang='grc' dir='ltr'><strong>καιρὸν</strong></span> 
     </span>
    </p>
   </div>
   <div class='ocr_carea' id='block_1_38' title="bbox 2138 769 3702 844">
    <p class='ocr_par' dir='ltr' id='par_1_38' title="bbox 2138 769 3702 844">
     <span class='ocr_line' id='line_1_38' title="bbox 2138 769 3702 844; baseline -0.002 -18"><span class='ocrx_word' id='word_1_278' title='bbox 2138 771 2508 844; x_wconf 81' lang='grc' dir='ltr'><strong>ἑρμηνεύσει),</strong></span> <span class='ocrx_word' id='word_1_279' title='bbox 2551 773 2611 826; x_wconf 81' lang='grc' dir='ltr'><strong>οὐ</strong></span> <span class='ocrx_word' id='word_1_280' title='bbox 2643 773 2800 843; x_wconf 84' lang='grc' dir='ltr'><strong>μόνον</strong></span> <span class='ocrx_word' id='word_1_281' title='bbox 2841 773 2921 834; x_wconf 85' lang='grc' dir='ltr'><strong>είς</strong></span> <span class='ocrx_word' id='word_1_282' title='bbox 2953 771 3084 824; x_wconf 83' lang='grc' dir='ltr'>Θεὸν</span> <span class='ocrx_word' id='word_1_283' title='bbox 3125 772 3224 824; x_wconf 80' lang='grc' dir='ltr'><strong>οὐκ</strong></span> <span class='ocrx_word' id='word_1_284' title='bbox 3259 770 3581 840; x_wconf 80' lang='grc' dir='ltr'><strong>ἀσεϐοῦμεν,</strong></span> <span class='ocrx_word' id='word_1_285' title='bbox 3626 769 3702 841; x_wconf 74' lang='grc' dir='ltr'><strong>μὴ</strong></span> 
     </span>
    </p>
   </div>
   <div class='ocr_carea' id='block_1_39' title="bbox 2131 858 3701 932">
    <p class='ocr_par' dir='ltr' id='par_1_39' title="bbox 2131 858 3701 932">
     <span class='ocr_line' id='line_1_39' title="bbox 2131 858 3701 932; baseline -0.003 -18"><span class='ocrx_word' id='word_1_286' title='bbox 2131 861 2433 932; x_wconf 78' lang='grc' dir='ltr'><strong>τολμῶντες</strong></span> <span class='ocrx_word' id='word_1_287' title='bbox 2483 860 2646 914; x_wconf 78' lang='grc' dir='ltr'><strong>αὐτοῦ</strong></span> <span class='ocrx_word' id='word_1_288' title='bbox 2685 860 3177 931; x_wconf 76' lang='grc' dir='ltr'><strong>καταστοχάζεσθαι</strong></span> <span class='ocrx_word' id='word_1_289' title='bbox 3221 858 3459 930; x_wconf 76' lang='grc' dir='ltr'><strong>χαλεπὴν</strong></span> <span class='ocrx_word' id='word_1_290' title='bbox 3505 859 3701 912; x_wconf 86' lang='grc' dir='ltr'><strong>ἀδυνα-</strong></span> 
     </span>
    </p>
   </div>
   <div class='ocr_carea' id='block_1_40' title="bbox 2138 948 3705 1023">
    <p class='ocr_par' dir='ltr' id='par_1_40' title="bbox 2138 948 3705 1023">
     <span class='ocr_line' id='line_1_40' title="bbox 2138 948 3705 1023; baseline -0.002 -18"><span class='ocrx_word' id='word_1_291' title='bbox 2138 953 2284 1022; x_wconf 94' lang='grc' dir='ltr'><strong>μίαν,</strong></span> <span class='ocrx_word' id='word_1_292' title='bbox 2316 952 2410 1006; x_wconf 86' lang='grc' dir='ltr'><strong>τοῦ</strong></span> <span class='ocrx_word' id='word_1_293' title='bbox 2440 952 2768 1006; x_wconf 83' lang='grc' dir='ltr'><strong>ἀνθεστάναι</strong></span> <span class='ocrx_word' id='word_1_294' title='bbox 2812 953 2979 1023; x_wconf 78' lang='grc' dir='ltr'><strong>κακίᾳ</strong></span> <span class='ocrx_word' id='word_1_295' title='bbox 3016 954 3080 1021; x_wconf 81' lang='grc' dir='ltr'><strong>τῇ</strong></span> <span class='ocrx_word' id='word_1_296' title='bbox 3125 951 3196 1022; x_wconf 83' lang='grc' dir='ltr'><strong>μὴ</strong></span> <span class='ocrx_word' id='word_1_297' title='bbox 3241 949 3395 1020; x_wconf 70' lang='grc' dir='ltr'><strong>οὔσῃ,</strong></span> <span class='ocrx_word' id='word_1_298' title='bbox 3431 948 3565 1004; x_wconf 87' lang='grc' dir='ltr'><strong>ἀλλά</strong></span> <span class='ocrx_word' id='word_1_299' title='bbox 3609 949 3705 1002; x_wconf 77' lang='grc' dir='ltr'><strong>καὶ</strong></span> 
     </span>
    </p>
   </div>
   <div class='ocr_carea' id='block_1_41' title="bbox 2133 1041 3705 1115">
    <p class='ocr_par' dir='ltr' id='par_1_41' title="bbox 2133 1041 3705 1115">
     <span class='ocr_line' id='line_1_41' title="bbox 2133 1041 3705 1115; baseline -0.001 -20"><span class='ocrx_word' id='word_1_300' title='bbox 2133 1043 2201 1096; x_wconf 64' lang='grc' dir='ltr'><strong>τά</strong></span> <span class='ocrx_word' id='word_1_301' title='bbox 2222 1044 2566 1115; x_wconf 86' lang='grc' dir='ltr'><strong>πραττόμενα</strong></span> <span class='ocrx_word' id='word_1_302' title='bbox 2591 1043 2726 1115; x_wconf 72' lang='grc' dir='ltr'><strong>πρὸς</strong></span> <span class='ocrx_word' id='word_1_303' title='bbox 2752 1043 2906 1114; x_wconf 85' lang='grc' dir='ltr'><strong>ἡμῶν</strong></span> <span class='ocrx_word' id='word_1_304' title='bbox 2933 1044 3130 1106; x_wconf 84' lang='grc' dir='ltr'><strong>κακίας</strong></span> <span class='ocrx_word' id='word_1_305' title='bbox 3152 1043 3337 1113; x_wconf 86' lang='grc' dir='ltr'><strong>τρόπῳ</strong></span> <span class='ocrx_word' id='word_1_306' title='bbox 3365 1041 3555 1094; x_wconf 83' lang='grc' dir='ltr'>παύειν</span> <span class='ocrx_word' id='word_1_307' title='bbox 3581 1042 3705 1094; x_wconf 74' lang='grc' dir='ltr'><strong>ὲπιο</strong></span> 
     </span>
    </p>
   </div>
   <div class='ocr_carea' id='block_1_42' title="bbox 2134 1133 3708 1208">
    <p class='ocr_par' dir='ltr' id='par_1_42' title="bbox 2134 1133 3708 1208">
     <span class='ocr_line' id='line_1_42' title="bbox 2134 1133 3708 1208; baseline -0.002 -20"><span class='ocrx_word' id='word_1_308' title='bbox 2134 1136 2421 1208; x_wconf 85' lang='grc' dir='ltr'><strong>χειροῦμεν</strong></span> <span class='ocrx_word' id='word_1_309' title='bbox 2446 1179 2460 1203; x_wconf 87' lang='grc'><strong>,</strong></span> <span class='ocrx_word' id='word_1_310' title='bbox 2500 1137 2576 1207; x_wconf 83' lang='grc' dir='ltr'><strong>τῷ</strong></span> <span class='ocrx_word' id='word_1_311' title='bbox 2625 1155 2675 1206; x_wconf 75' lang='grc' dir='ltr'><strong>γε</strong></span> <span class='ocrx_word' id='word_1_312' title='bbox 2711 1136 2898 1205; x_wconf 79' lang='grc' dir='ltr'><strong>σαφῶς</strong></span> <span class='ocrx_word' id='word_1_313' title='bbox 2942 1137 3053 1198; x_wconf 85' lang='grc' dir='ltr'><strong>τοῖς</strong></span> <span class='ocrx_word' id='word_1_314' title='bbox 3100 1133 3458 1205; x_wconf 80' lang='grc' dir='ltr'><strong>προσέχουσιν</strong></span> <span class='ocrx_word' id='word_1_315' title='bbox 3490 1133 3708 1186; x_wconf 87' lang='grc' dir='ltr'><strong>ἀποδει-</strong></span> 
     </span>
    </p>
   </div>
   <div class='ocr_carea' id='block_1_43' title="bbox 2136 1227 3705 1303">
    <p class='ocr_par' dir='ltr' id='par_1_43' title="bbox 2136 1227 3705 1303">
     <span class='ocr_line' id='line_1_43' title="bbox 2136 1227 3705 1303; baseline -0.006 -15"><span class='ocrx_word' id='word_1_316' title='bbox 2136 1235 2345 1300; x_wconf 86' lang='grc' dir='ltr'><strong>κνῦναι,</strong></span> <span class='ocrx_word' id='word_1_317' title='bbox 2377 1234 2452 1298; x_wconf 85' lang='grc' dir='ltr'><strong>ὡς</strong></span> <span class='ocrx_word' id='word_1_318' title='bbox 2497 1234 2562 1286; x_wconf 84' lang='grc' dir='ltr'><strong>τὰ</strong></span> <span class='ocrx_word' id='word_1_319' title='bbox 2598 1233 2734 1303; x_wconf 72' lang='grc' dir='ltr'><strong>πρὸς</strong></span> <span class='ocrx_word' id='word_1_320' title='bbox 2781 1232 2938 1302; x_wconf 78' lang='grc' dir='ltr'><strong>ἡμῶν</strong></span> <span class='ocrx_word' id='word_1_321' title='bbox 2976 1229 3232 1301; x_wconf 85' lang='grc' dir='ltr'><strong>ἀλήθειαν</strong></span> <span class='ocrx_word' id='word_1_322' title='bbox 3279 1230 3468 1300; x_wconf 78' lang='grc' dir='ltr'><strong>ἔχοντα</strong></span> <span class='ocrx_word' id='word_1_323' title='bbox 3496 1227 3588 1280; x_wconf 86' lang='grc' dir='ltr'><strong>τοῦ</strong></span> <span class='ocrx_word' id='word_1_324' title='bbox 3617 1229 3705 1296; x_wconf 87' lang='grc' dir='ltr'><strong>γί-</strong></span> 
     </span>
    </p>
   </div>
   <div class='ocr_carea' id='block_1_44' title="bbox 2135 1318 3707 1396">
    <p class='ocr_par' dir='ltr' id='par_1_44' title="bbox 2135 1318 3707 1396">
     <span class='ocr_line' id='line_1_44' title="bbox 2135 1318 3707 1396; baseline -0.005 -19"><span class='ocrx_word' id='word_1_325' title='bbox 2135 1325 2355 1395; x_wconf 85' lang='grc' dir='ltr'><strong>γνεσθαι</strong></span> <span class='ocrx_word' id='word_1_326' title='bbox 2393 1326 2491 1396; x_wconf 81' lang='grc' dir='ltr'><strong>τὴν</strong></span> <span class='ocrx_word' id='word_1_327' title='bbox 2525 1326 2717 1396; x_wconf 77' lang='grc' dir='ltr'><strong>ἀρχὴν,</strong></span> <span class='ocrx_word' id='word_1_328' title='bbox 2767 1322 3008 1394; x_wconf 72' lang='grc' dir='ltr'><strong>δι’ξὴμῶν</strong></span> <span class='ocrx_word' id='word_1_329' title='bbox 3039 1321 3105 1375; x_wconf 81' lang='grc' dir='ltr'>ἂν</span> <span class='ocrx_word' id='word_1_330' title='bbox 3155 1320 3249 1374; x_wconf 72' lang='grc' dir='ltr'><strong>καὶ</strong></span> <span class='ocrx_word' id='word_1_331' title='bbox 3293 1321 3442 1383; x_wconf 79' lang='grc' dir='ltr'><strong>τέλος</strong></span> <span class='ocrx_word' id='word_1_332' title='bbox 3490 1318 3583 1370; x_wconf 86' lang='grc' dir='ltr'><strong>τοῦ</strong></span> <span class='ocrx_word' id='word_1_333' title='bbox 3632 1319 3707 1389; x_wconf 81' lang='grc' dir='ltr'><strong>μὴ</strong></span> 
     </span>
    </p>
   </div>
   <div class='ocr_carea' id='block_1_45' title="bbox 2136 1412 3709 1486">
    <p class='ocr_par' dir='ltr' id='par_1_45' title="bbox 2136 1412 3709 1486">
     <span class='ocr_line' id='line_1_45' title="bbox 2136 1412 3709 1486; baseline -0.003 -17"><span class='ocrx_word' id='word_1_334' title='bbox 2136 1418 2415 1486; x_wconf 81' lang='grc' dir='ltr'><strong>γίγνεσθαι</strong></span> <span class='ocrx_word' id='word_1_335' title='bbox 2445 1417 2620 1479; x_wconf 86' lang='grc' dir='ltr'><strong>λάϐοι,</strong></span> <span class='ocrx_word' id='word_1_336' title='bbox 2653 1418 2701 1468; x_wconf 86' lang='grc' dir='ltr'><strong>εί</strong></span> <span class='ocrx_word' id='word_1_337' title='bbox 2735 1416 2828 1469; x_wconf 78' lang='grc' dir='ltr'><strong>καὶ</strong></span> <span class='ocrx_word' id='word_1_338' title='bbox 2865 1415 2936 1485; x_wconf 82' lang='grc' dir='ltr'><strong>μὴ</strong></span> <span class='ocrx_word' id='word_1_339' title='bbox 2983 1413 3132 1484; x_wconf 88' lang='grc' dir='ltr'><strong>παρά</strong></span> <span class='ocrx_word' id='word_1_340' title='bbox 3162 1414 3324 1466; x_wconf 80' lang='grc' dir='ltr'><strong>πᾶσιν</strong></span> <span class='ocrx_word' id='word_1_341' title='bbox 3346 1430 3358 1443; x_wconf 82' lang='lat'><strong><em>°</em></strong></span> <span class='ocrx_word' id='word_1_342' title='bbox 3387 1414 3447 1465; x_wconf 74' lang='grc' dir='ltr'><strong>οὐ</strong></span> <span class='ocrx_word' id='word_1_343' title='bbox 3489 1412 3598 1483; x_wconf 80' lang='grc' dir='ltr'><strong>γὰρ</strong></span> <span class='ocrx_word' id='word_1_344' title='bbox 3622 1413 3709 1480; x_wconf 72' lang='grc' dir='ltr'><strong>ἐφ’</strong></span> 
     </span>
    </p>
   </div>
   <div class='ocr_carea' id='block_1_46' title="bbox 2138 1507 3712 1579">
    <p class='ocr_par' dir='ltr' id='par_1_46' title="bbox 2138 1507 3712 1579">
     <span class='ocr_line' id='line_1_46' title="bbox 2138 1507 3712 1579; baseline -0.004 -16"><span class='ocrx_word' id='word_1_345' title='bbox 2138 1510 2349 1579; x_wconf 80' lang='grc' dir='ltr'>ἑκάστῳ</span> <span class='ocrx_word' id='word_1_346' title='bbox 2376 1510 2434 1562; x_wconf 83' lang='grc' dir='ltr'><strong>τὸ</strong></span> <span class='ocrx_word' id='word_1_347' title='bbox 2457 1509 2704 1570; x_wconf 84' lang='grc' dir='ltr'><strong>καθόλου,</strong></span> <span class='ocrx_word' id='word_1_348' title='bbox 2736 1507 2871 1562; x_wconf 82' lang='grc' dir='ltr'><strong>ἀλλά</strong></span> <span class='ocrx_word' id='word_1_349' title='bbox 2894 1524 2955 1575; x_wconf 88' lang='grc' dir='ltr'><strong>γε</strong></span> <span class='ocrx_word' id='word_1_350' title='bbox 2988 1509 3115 1578; x_wconf 83' lang='grc' dir='ltr'><strong>παρ’</strong></span> <span class='ocrx_word' id='word_1_351' title='bbox 3144 1507 3358 1576; x_wconf 79' lang='grc' dir='ltr'><strong>ἑκάστῳ</strong></span> <span class='ocrx_word' id='word_1_352' title='bbox 3382 1507 3488 1558; x_wconf 86' lang='grc' dir='ltr'><strong>τῶν</strong></span> <span class='ocrx_word' id='word_1_353' title='bbox 3517 1507 3712 1557; x_wconf 75' lang='grc' dir='ltr'><strong>ἐσπου-</strong></span> 
     </span>
    </p>
   </div>
   <div class='ocr_carea' id='block_1_47' title="bbox 2135 1595 3712 1672">
    <p class='ocr_par' dir='ltr' id='par_1_47' title="bbox 2135 1595 3712 1672">
     <span class='ocr_line' id='line_1_47' title="bbox 2135 1595 3712 1672; baseline -0.005 -16"><span class='ocrx_word' id='word_1_354' title='bbox 2135 1602 2374 1656; x_wconf 85' lang='grc' dir='ltr'><strong>δακότων</strong></span> <span class='ocrx_word' id='word_1_355' title='bbox 2417 1602 2630 1672; x_wconf 84' lang='grc' dir='ltr'><strong>(δεῖγμα</strong></span> <span class='ocrx_word' id='word_1_356' title='bbox 2680 1600 2861 1671; x_wconf 85' lang='grc' dir='ltr'><strong>μέντοι</strong></span> <span class='ocrx_word' id='word_1_357' title='bbox 2910 1598 3002 1651; x_wconf 86' lang='grc' dir='ltr'><strong>τοῦ</strong></span> <span class='ocrx_word' id='word_1_358' title='bbox 3048 1598 3297 1660; x_wconf 75' lang='grc' dir='ltr'><strong>καθόλου,</strong></span> <span class='ocrx_word' id='word_1_359' title='bbox 3350 1597 3410 1650; x_wconf 84' lang='grc' dir='ltr'><strong>τὸ</strong></span> <span class='ocrx_word' id='word_1_360' title='bbox 3458 1595 3541 1665; x_wconf 79' lang='grc' dir='ltr'><strong>ἐφ’</strong></span> <span class='ocrx_word' id='word_1_361' title='bbox 3583 1596 3712 1648; x_wconf 76' lang='grc' dir='ltr'><strong>ἑκά·-</strong></span> 
     </span>
    </p>
   </div>
   <div class='ocr_carea' id='block_1_48' title="bbox 2141 1683 3712 1760">
    <p class='ocr_par' dir='ltr' id='par_1_48' title="bbox 2141 1683 3712 1760">
     <span class='ocr_line' id='line_1_48' title="bbox 2141 1683 3712 1760; baseline -0.006 -15"><span class='ocrx_word' id='word_1_362' title='bbox 2141 1709 2266 1745; x_wconf 84' lang='grc' dir='ltr'><strong>στου</strong></span> <span class='ocrx_word' id='word_1_363' title='bbox 2315 1689 2703 1760; x_wconf 77' lang='grc' dir='ltr'><strong>ἐνδεχόμενον).</strong></span> <span class='ocrx_word' id='word_1_364' title='bbox 2756 1691 2813 1741; x_wconf 84' lang='grc' dir='ltr'>ὐ</span> <span class='ocrx_word' id='word_1_365' title='bbox 2850 1688 3028 1758; x_wconf 80' lang='grc' dir='ltr'><strong>μέντοι</strong></span> <span class='ocrx_word' id='word_1_366' title='bbox 3076 1686 3414 1757; x_wconf 77' lang='grc' dir='ltr'><strong>βαρϐαρικὴν</strong></span> <span class='ocrx_word' id='word_1_367' title='bbox 3458 1683 3712 1737; x_wconf 82' lang='grc' dir='ltr'><strong>ἀσέϐειαν</strong></span> 
     </span>
    </p>
   </div>
   <div class='ocr_carea' id='block_1_49' title="bbox 2073 1762 3715 1852">
    <p class='ocr_par' dir='ltr' id='par_1_49' title="bbox 2073 1762 3715 1852">
     <span class='ocr_line' id='line_1_49' title="bbox 2073 1762 3715 1852; baseline -0.007 -17"><span class='ocrx_word' id='word_1_368' title='bbox 2073 1762 2112 1818; x_wconf 74' lang='grc' dir='ltr'>Β</span> <span class='ocrx_word' id='word_1_369' title='bbox 2140 1783 2453 1852; x_wconf 82' lang='grc' dir='ltr'><strong>ἐπινοήσας,</strong></span> <span class='ocrx_word' id='word_1_370' title='bbox 2489 1781 2720 1851; x_wconf 79' lang='grc' dir='ltr'><strong>ἄναρχον</strong></span> <span class='ocrx_word' id='word_1_371' title='bbox 2768 1778 2963 1830; x_wconf 84' lang='grc' dir='ltr'><strong>κακίαν</strong></span> <span class='ocrx_word' id='word_1_372' title='bbox 3016 1775 3156 1829; x_wconf 87' lang='grc' dir='ltr'><strong>κατὰ</strong></span> <span class='ocrx_word' id='word_1_373' title='bbox 3201 1775 3291 1828; x_wconf 84' lang='grc' dir='ltr'><strong>τοῦ</strong></span> <span class='ocrx_word' id='word_1_374' title='bbox 3335 1773 3468 1827; x_wconf 90' lang='grc' dir='ltr'><strong>Θεοῦ</strong></span> <span class='ocrx_word' id='word_1_375' title='bbox 3501 1773 3715 1844; x_wconf 86' lang='grc' dir='ltr'><strong>ἀληθῶς</strong></span> 
     </span>
    </p>
   </div>
   <div class='ocr_carea' id='block_1_50' title="bbox 2143 1861 3713 1944">
    <p class='ocr_par' dir='ltr' id='par_1_50' title="bbox 2143 1861 3713 1944">
     <span class='ocr_line' id='line_1_50' title="bbox 2143 1861 3713 1944; baseline -0.007 -17"><span class='ocrx_word' id='word_1_376' title='bbox 2143 1874 2375 1944; x_wconf 86' lang='grc' dir='ltr'><strong>ἀνάρχου</strong></span> <span class='ocrx_word' id='word_1_377' title='bbox 2399 1873 2491 1926; x_wconf 77' lang='grc' dir='ltr'><strong>καὶ</strong></span> <span class='ocrx_word' id='word_1_378' title='bbox 2520 1872 2679 1942; x_wconf 85' lang='grc' dir='ltr'><strong>μόνου</strong></span> <span class='ocrx_word' id='word_1_379' title='bbox 2711 1869 3076 1940; x_wconf 82' lang='grc' dir='ltr'><strong>πλασάμενος,</strong></span> <span class='ocrx_word' id='word_1_380' title='bbox 3109 1867 3204 1921; x_wconf 69' lang='grc' dir='ltr'><strong>καὶ</strong></span> <span class='ocrx_word' id='word_1_381' title='bbox 3235 1861 3490 1938; x_wconf 82' lang='grc' dir='ltr'><strong>δευτέραν</strong></span> <span class='ocrx_word' id='word_1_382' title='bbox 3536 1865 3713 1935; x_wconf 73' lang='grc' dir='ltr'><strong>ἀρχὴν</strong></span> 
     </span>
    </p>
   </div>
   <div class='ocr_carea' id='block_1_51' title="bbox 2143 1957 3716 2038">
    <p class='ocr_par' dir='ltr' id='par_1_51' title="bbox 2143 1957 3716 2038">
     <span class='ocr_line' id='line_1_51' title="bbox 2143 1957 3716 2038; baseline -0.006 -19"><span class='ocrx_word' id='word_1_383' title='bbox 2143 1967 2345 2038; x_wconf 79' lang='grc' dir='ltr'><strong>ταύτην</strong></span> <span class='ocrx_word' id='word_1_384' title='bbox 2390 1964 2627 2037; x_wconf 84' lang='grc' dir='ltr'><strong>μανικῶς</strong></span> <span class='ocrx_word' id='word_1_385' title='bbox 2671 1963 3016 2034; x_wconf 83' lang='grc' dir='ltr'><strong>ὁρισάμενος,</strong></span> <span class='ocrx_word' id='word_1_386' title='bbox 3050 1961 3109 2013; x_wconf 75' lang='grc' dir='ltr'><strong>οὐ</strong></span> <span class='ocrx_word' id='word_1_387' title='bbox 3149 1960 3306 2031; x_wconf 85' lang='grc' dir='ltr'><strong>μόνον</strong></span> <span class='ocrx_word' id='word_1_388' title='bbox 3346 1961 3402 2011; x_wconf 80' lang='grc' dir='ltr'>ὲν</span> <span class='ocrx_word' id='word_1_389' title='bbox 3449 1960 3541 2031; x_wconf 79' lang='grc' dir='ltr'><strong>ἴσῃ</strong></span> <span class='ocrx_word' id='word_1_390' title='bbox 3563 1957 3716 2021; x_wconf 83' lang='grc' dir='ltr'><strong>τάξει</strong></span> 
     </span>
    </p>
   </div>
   <div class='ocr_carea' id='block_1_52' title="bbox 2142 2049 3717 2128">
    <p class='ocr_par' dir='ltr' id='par_1_52' title="bbox 2142 2049 3717 2128">
     <span class='ocr_line' id='line_1_52' title="bbox 2142 2049 3717 2128; baseline -0.006 -18"><span class='ocrx_word' id='word_1_391' title='bbox 2142 2057 2323 2128; x_wconf 85' lang='grc' dir='ltr'><strong>τίθησι</strong></span> <span class='ocrx_word' id='word_1_392' title='bbox 2355 2056 2552 2110; x_wconf 84' lang='grc' dir='ltr'><strong>κακίαν</strong></span> <span class='ocrx_word' id='word_1_393' title='bbox 2600 2053 2739 2125; x_wconf 84' lang='grc' dir='ltr'><strong>Θεῷ,</strong></span> <span class='ocrx_word' id='word_1_394' title='bbox 2783 2052 2968 2123; x_wconf 87' lang='grc' dir='ltr'><strong>ῶσπερ</strong></span> <span class='ocrx_word' id='word_1_395' title='bbox 2998 2053 3225 2122; x_wconf 77' lang='grc' dir='ltr'><strong>τιμῆσαι</strong></span> <span class='ocrx_word' id='word_1_396' title='bbox 3257 2051 3458 2120; x_wconf 79' lang='grc' dir='ltr'><strong>ταύτην</strong></span> <span class='ocrx_word' id='word_1_397' title='bbox 3501 2053 3531 2103; x_wconf 85' lang='grc' dir='ltr'>ὁ</span> <span class='ocrx_word' id='word_1_398' title='bbox 3554 2049 3717 2120; x_wconf 76' lang='grc' dir='ltr'><strong>δῆθεν</strong></span> 
     </span>
    </p>
   </div>
   <div class='ocr_carea' id='block_1_53' title="bbox 2151 2142 3719 2221">
    <p class='ocr_par' dir='ltr' id='par_1_53' title="bbox 2151 2142 3719 2221">
     <span class='ocr_line' id='line_1_53' title="bbox 2151 2142 3719 2221; baseline -0.006 -19"><span class='ocrx_word' id='word_1_399' title='bbox 2151 2149 2320 2221; x_wconf 85' lang='grc' dir='ltr'><strong>μισῶν</strong></span> <span class='ocrx_word' id='word_1_400' title='bbox 2368 2146 2746 2219; x_wconf 82' lang='grc' dir='ltr'><strong>προελόμενος,</strong></span> <span class='ocrx_word' id='word_1_401' title='bbox 2789 2145 2926 2199; x_wconf 84' lang='grc' dir='ltr'><strong>ἀλλὰ</strong></span> <span class='ocrx_word' id='word_1_402' title='bbox 2963 2145 3056 2198; x_wconf 71' lang='grc' dir='ltr'><strong>καὶ</strong></span> <span class='ocrx_word' id='word_1_403' title='bbox 3098 2145 3293 2198; x_wconf 83' lang='grc' dir='ltr'><strong>ἀνίατα</strong></span> <span class='ocrx_word' id='word_1_404' title='bbox 3327 2143 3500 2213; x_wconf 83' lang='grc' dir='ltr'><strong>πάντη</strong></span> <span class='ocrx_word' id='word_1_405' title='bbox 3542 2142 3611 2194; x_wconf 74' lang='grc' dir='ltr'><strong>τὰ</strong></span> <span class='ocrx_word' id='word_1_406' title='bbox 3653 2143 3719 2193; x_wconf 80' lang='grc' dir='ltr'><strong>ὲκ</strong></span> 
     </span>
    </p>
   </div>
   <div class='ocr_carea' id='block_1_54' title="bbox 2145 2229 3721 2314">
    <p class='ocr_par' dir='ltr' id='par_1_54' title="bbox 2145 2229 3721 2314">
     <span class='ocr_line' id='line_1_54' title="bbox 2145 2229 3721 2314; baseline -0.008 -20"><span class='ocrx_word' id='word_1_407' title='bbox 2145 2243 2245 2314; x_wconf 80' lang='grc' dir='ltr'><strong>τῆς</strong></span> <span class='ocrx_word' id='word_1_408' title='bbox 2275 2241 2511 2311; x_wconf 76' lang='grc' dir='ltr'><strong>ἀνάρχου</strong></span> <span class='ocrx_word' id='word_1_409' title='bbox 2537 2239 2728 2310; x_wconf 75' lang='grc' dir='ltr'><strong>ῥέοντα</strong></span> <span class='ocrx_word' id='word_1_410' title='bbox 2754 2238 2898 2291; x_wconf 81' lang='grc' dir='ltr'><strong>κακὰ</strong></span> <span class='ocrx_word' id='word_1_411' title='bbox 2925 2237 3230 2303; x_wconf 76' lang='grc' dir='ltr'><strong>ἐπάναγκες</strong></span> <span class='ocrx_word' id='word_1_412' title='bbox 3253 2235 3497 2302; x_wconf 80' lang='grc' dir='ltr'><strong>φάσκων,</strong></span> <span class='ocrx_word' id='word_1_413' title='bbox 3522 2229 3721 2302; x_wconf 78' lang='grc' dir='ltr'><strong>ἀδιώρ-</strong></span> 
     </span>
    </p>
   </div>
   <div class='ocr_carea' id='block_1_55' title="bbox 2150 2325 3721 2404">
    <p class='ocr_par' dir='ltr' id='par_1_55' title="bbox 2150 2325 3721 2404">
     <span class='ocr_line' id='line_1_55' title="bbox 2150 2325 3721 2404; baseline -0.008 -17"><span class='ocrx_word' id='word_1_414' title='bbox 2150 2333 2316 2386; x_wconf 87' lang='grc' dir='ltr'><strong>θωτον</strong></span> <span class='ocrx_word' id='word_1_415' title='bbox 2366 2332 2515 2404; x_wconf 82' lang='grc' dir='ltr'><strong>παρά</strong></span> <span class='ocrx_word' id='word_1_416' title='bbox 2550 2329 2854 2402; x_wconf 86' lang='grc' dir='ltr'><strong>ἀνθρώποις</strong></span> <span class='ocrx_word' id='word_1_417' title='bbox 2897 2330 2995 2400; x_wconf 81' lang='grc' dir='ltr'><strong>τὴν</strong></span> <span class='ocrx_word' id='word_1_418' title='bbox 3028 2329 3240 2382; x_wconf 79' lang='grc' dir='ltr'><strong>ἀδικίαν</strong></span> <span class='ocrx_word' id='word_1_419' title='bbox 3271 2325 3568 2388; x_wconf 77' lang='grc' dir='ltr'><strong>ἐπιϐούλως</strong></span> <span class='ocrx_word' id='word_1_420' title='bbox 3610 2325 3721 2377; x_wconf 74' lang='grc' dir='ltr'><strong>οἶε-</strong></span> 
     </span>
    </p>
   </div>
   <div class='ocr_carea' id='block_1_56' title="bbox 2152 2413 3720 2492">
    <p class='ocr_par' dir='ltr' id='par_1_56' title="bbox 2152 2413 3720 2492">
     <span class='ocr_line' id='line_1_56' title="bbox 2152 2413 3720 2492; baseline -0.008 -15"><span class='ocrx_word' id='word_1_421' title='bbox 2152 2424 2273 2478; x_wconf 81' lang='grc' dir='ltr'><strong>σθαι</strong></span> <span class='ocrx_word' id='word_1_422' title='bbox 2309 2427 2452 2476; x_wconf 85' lang='grc' dir='ltr'><strong>ποιεῖ</strong></span> <span class='ocrx_word' id='word_1_423' title='bbox 2495 2424 2620 2486; x_wconf 75' lang='grc' dir='ltr'><strong>τοὺς</strong></span> <span class='ocrx_word' id='word_1_424' title='bbox 2659 2420 3010 2492; x_wconf 80' lang='grc' dir='ltr'><strong>πειθομένους</strong></span> <span class='ocrx_word' id='word_1_425' title='bbox 3048 2417 3194 2488; x_wconf 77' lang='grc' dir='ltr'><strong>αὑτῷ</strong></span> <span class='ocrx_word' id='word_1_426' title='bbox 3217 2431 3230 2448; x_wconf 81' lang='grc'>⁶</span> <span class='ocrx_word' id='word_1_427' title='bbox 3267 2416 3404 2469; x_wconf 82' lang='grc' dir='ltr'><strong>ὥστε</strong></span> <span class='ocrx_word' id='word_1_428' title='bbox 3453 2413 3720 2486; x_wconf 68' lang='grc' dir='ltr'><strong>προλήψει</strong></span> 
     </span>
    </p>
   </div>
   <div class='ocr_carea' id='block_1_57' title="bbox 2149 2503 3724 2586">
    <p class='ocr_par' dir='ltr' id='par_1_57' title="bbox 2149 2503 3724 2586">
     <span class='ocr_line' id='line_1_57' title="bbox 2149 2503 3724 2586; baseline -0.007 -19"><span class='ocrx_word' id='word_1_429' title='bbox 2149 2515 2247 2586; x_wconf 79' lang='grc' dir='ltr'><strong>τῆς</strong></span> <span class='ocrx_word' id='word_1_430' title='bbox 2273 2513 2380 2566; x_wconf 90' lang='grc' dir='ltr'><strong>τῶν</strong></span> <span class='ocrx_word' id='word_1_431' title='bbox 2404 2511 2814 2584; x_wconf 82' lang='grc' dir='ltr'><strong>ἁμαρτημάτων</strong></span> <span class='ocrx_word' id='word_1_432' title='bbox 2844 2511 3033 2580; x_wconf 77' lang='grc' dir='ltr'><strong>ἡδονῆς</strong></span> <span class='ocrx_word' id='word_1_433' title='bbox 3060 2505 3450 2579; x_wconf 81' lang='grc' dir='ltr'><strong>προϐάλλεσθαι</strong></span> <span class='ocrx_word' id='word_1_434' title='bbox 3476 2503 3596 2558; x_wconf 66' lang='grc' dir='ltr'><strong>ἀντὶ</strong></span> <span class='ocrx_word' id='word_1_435' title='bbox 3624 2503 3724 2573; x_wconf 77' lang='grc' dir='ltr'><strong>τῆς</strong></span> 
     </span>
    </p>
   </div>
   <div class='ocr_carea' id='block_1_58' title="bbox 2151 2596 3720 2677">
    <p class='ocr_par' dir='ltr' id='par_1_58' title="bbox 2151 2596 3720 2677">
     <span class='ocr_line' id='line_1_58' title="bbox 2151 2596 3720 2677; baseline -0.008 -18"><span class='ocrx_word' id='word_1_436' title='bbox 2151 2606 2485 2677; x_wconf 75' lang='grc' dir='ltr'><strong>ἐπιστροφῆς</strong></span> <span class='ocrx_word' id='word_1_437' title='bbox 2517 2605 2614 2676; x_wconf 77' lang='grc' dir='ltr'><strong>τὴν</strong></span> <span class='ocrx_word' id='word_1_438' title='bbox 2655 2603 3040 2674; x_wconf 75' lang='grc' dir='ltr'><strong>ἀπαγόρευσιν.</strong></span> <span class='ocrx_word' id='word_1_439' title='bbox 3072 2601 3145 2664; x_wconf 82' lang='grc' dir='ltr'><strong>ῶς</strong></span> <span class='ocrx_word' id='word_1_440' title='bbox 3187 2597 3442 2652; x_wconf 81' lang='grc' dir='ltr'><strong>ἀδύνατον</strong></span> <span class='ocrx_word' id='word_1_441' title='bbox 3479 2596 3720 2667; x_wconf 48' lang='grc' dir='ltr'><strong>λάνάρχου</strong></span> 
     </span>
    </p>
   </div>
   <div class='ocr_carea' id='block_1_59' title="bbox 2153 2686 3725 2767">
    <p class='ocr_par' dir='ltr' id='par_1_59' title="bbox 2153 2686 3725 2767">
     <span class='ocr_line' id='line_1_59' title="bbox 2153 2686 3725 2767; baseline -0.01 -15"><span class='ocrx_word' id='word_1_442' title='bbox 2153 2699 2344 2762; x_wconf 79' lang='grc' dir='ltr'><strong>κακίας</strong></span> <span class='ocrx_word' id='word_1_443' title='bbox 2389 2700 2628 2767; x_wconf 74' lang='grc' dir='ltr'><strong>ἐπισχεῖν</strong></span> <span class='ocrx_word' id='word_1_444' title='bbox 2670 2695 2768 2766; x_wconf 82' lang='grc' dir='ltr'><strong>τὴν</strong></span> <span class='ocrx_word' id='word_1_445' title='bbox 2811 2693 3008 2764; x_wconf 83' lang='grc' dir='ltr'><strong>φοράν·</strong></span> <span class='ocrx_word' id='word_1_446' title='bbox 3046 2692 3183 2762; x_wconf 80' lang='grc' dir='ltr'><strong>πλὴν</strong></span> <span class='ocrx_word' id='word_1_447' title='bbox 3227 2693 3273 2742; x_wconf 87' lang='grc' dir='ltr'><strong>εί</strong></span> <span class='ocrx_word' id='word_1_448' title='bbox 3312 2690 3383 2760; x_wconf 77' lang='grc' dir='ltr'><strong>μή</strong></span> <span class='ocrx_word' id='word_1_449' title='bbox 3415 2705 3500 2751; x_wconf 91' lang='grc' dir='ltr'><strong>τις</strong></span> <span class='ocrx_word' id='word_1_450' title='bbox 3530 2686 3725 2739; x_wconf 61' lang='grc' dir='ltr'><strong>ἐπιθυ-</strong></span> 
     </span>
    </p>
   </div>
   <div class='ocr_carea' id='block_1_60' title="bbox 2156 2777 3724 2861">
    <p class='ocr_par' dir='ltr' id='par_1_60' title="bbox 2156 2777 3724 2861">
     <span class='ocr_line' id='line_1_60' title="bbox 2156 2777 3724 2861; baseline -0.009 -19"><span class='ocrx_word' id='word_1_451' title='bbox 2156 2791 2254 2861; x_wconf 74' lang='grc' dir='ltr'><strong>μία</strong></span> <span class='ocrx_word' id='word_1_452' title='bbox 2280 2789 2436 2859; x_wconf 81' lang='grc' dir='ltr'><strong>δόξης</strong></span> <span class='ocrx_word' id='word_1_453' title='bbox 2478 2786 2569 2839; x_wconf 82' lang='grc' dir='ltr'><strong>τοῦ</strong></span> <span class='ocrx_word' id='word_1_454' title='bbox 2603 2787 2778 2840; x_wconf 82' lang='grc' dir='ltr'><strong>δοκεῖν</strong></span> <span class='ocrx_word' id='word_1_455' title='bbox 2811 2786 2870 2837; x_wconf 82' lang='grc' dir='ltr'><strong>τὸ</strong></span> <span class='ocrx_word' id='word_1_456' title='bbox 2911 2784 3073 2837; x_wconf 79' lang='grc' dir='ltr'><strong>πλέον</strong></span> <span class='ocrx_word' id='word_1_457' title='bbox 3105 2784 3169 2835; x_wconf 81' lang='grc' dir='ltr'><strong>ὲκ</strong></span> <span class='ocrx_word' id='word_1_458' title='bbox 3197 2779 3287 2833; x_wconf 79' lang='grc' dir='ltr'><strong>τοῦ</strong></span> <span class='ocrx_word' id='word_1_459' title='bbox 3318 2778 3523 2848; x_wconf 81' lang='grc' dir='ltr'><strong>ἀγαθοῦ</strong></span> <span class='ocrx_word' id='word_1_460' title='bbox 3555 2777 3724 2846; x_wconf 79' lang='grc' dir='ltr'><strong>ἔχειν,</strong></span> 
     </span>
    </p>
   </div>
   <div class='ocr_carea' id='block_1_61' title="bbox 2151 2869 3727 2951">
    <p class='ocr_par' dir='ltr' id='par_1_61' title="bbox 2151 2869 3727 2951">
     <span class='ocr_line' id='line_1_61' title="bbox 2151 2869 3727 2951; baseline -0.008 -18"><span class='ocrx_word' id='word_1_461' title='bbox 2151 2881 2226 2944; x_wconf 82' lang='grc' dir='ltr'><strong>ὡς</strong></span> <span class='ocrx_word' id='word_1_462' title='bbox 2271 2879 2335 2951; x_wconf 77' lang='grc' dir='ltr'><strong>δὴ</strong></span> <span class='ocrx_word' id='word_1_463' title='bbox 2393 2877 2761 2949; x_wconf 83' lang='grc' dir='ltr'><strong>μυθολογοῦσι,</strong></span> <span class='ocrx_word' id='word_1_464' title='bbox 2817 2876 3118 2937; x_wconf 81' lang='grc' dir='ltr'><strong>σπουδάσας</strong></span> <span class='ocrx_word' id='word_1_465' title='bbox 3165 2873 3282 2945; x_wconf 80' lang='grc' dir='ltr'><strong>μὲν,</strong></span> <span class='ocrx_word' id='word_1_466' title='bbox 3328 2869 3727 2942; x_wconf 79' lang='grc' dir='ltr'><strong>κατορθώσειεν</strong></span> 
     </span>
    </p>
   </div>
   <div class='ocr_carea' id='block_1_62' title="bbox 2153 2961 3724 3042">
    <p class='ocr_par' dir='ltr' id='par_1_62' title="bbox 2153 2961 3724 3042">
     <span class='ocr_line' id='line_1_62' title="bbox 2153 2961 3724 3042; baseline -0.01 -16"><span class='ocrx_word' id='word_1_467' title='bbox 2153 2972 2228 3036; x_wconf 84' lang='grc' dir='ltr'><strong>ὡς</strong></span> <span class='ocrx_word' id='word_1_468' title='bbox 2261 2968 2371 3026; x_wconf 75' lang='grc' dir='ltr'><strong>οἷόν</strong></span> <span class='ocrx_word' id='word_1_469' title='bbox 2415 2988 2477 3024; x_wconf 92' lang='grc' dir='ltr'><strong>τε</strong></span> <span class='ocrx_word' id='word_1_470' title='bbox 2520 2971 2580 3024; x_wconf 87' lang='grc' dir='ltr'><strong>τὸ</strong></span> <span class='ocrx_word' id='word_1_471' title='bbox 2622 2971 2696 3042; x_wconf 83' lang='grc' dir='ltr'><strong>μὴ</strong></span> <span class='ocrx_word' id='word_1_472' title='bbox 2739 2969 3089 3041; x_wconf 80' lang='grc' dir='ltr'><strong>ἁμαρτάνειν,</strong></span> <span class='ocrx_word' id='word_1_473' title='bbox 3127 2966 3203 3030; x_wconf 83' lang='grc' dir='ltr'><strong>ὼς</strong></span> <span class='ocrx_word' id='word_1_474' title='bbox 3247 2963 3471 3018; x_wconf 78' lang='grc' dir='ltr'><strong>αὐτόθεν</strong></span> <span class='ocrx_word' id='word_1_475' title='bbox 3498 2961 3724 3031; x_wconf 85' lang='grc' dir='ltr'><strong>ποιῆσαι</strong></span> 
     </span>
    </p>
   </div>
   <div class='ocr_carea' id='block_1_63' title="bbox 2153 3053 3728 3135">
    <p class='ocr_par' dir='ltr' id='par_1_63' title="bbox 2153 3053 3728 3135">
     <span class='ocr_line' id='line_1_63' title="bbox 2153 3053 3728 3135; baseline -0.008 -19"><span class='ocrx_word' id='word_1_476' title='bbox 2153 3065 2330 3135; x_wconf 81' lang='grc' dir='ltr'><strong>δῆλον,</strong></span> <span class='ocrx_word' id='word_1_477' title='bbox 2375 3063 2450 3126; x_wconf 83' lang='grc' dir='ltr'><strong>ὡς</strong></span> <span class='ocrx_word' id='word_1_478' title='bbox 2471 3063 2568 3134; x_wconf 84' lang='grc' dir='ltr'><strong>οὐχ</strong></span> <span class='ocrx_word' id='word_1_479' title='bbox 2601 3062 2884 3133; x_wconf 76' lang='grc' dir='ltr'><strong>ἑτέρωθεν,</strong></span> <span class='ocrx_word' id='word_1_480' title='bbox 2914 3059 3049 3114; x_wconf 88' lang='grc' dir='ltr'><strong>ἀλλά</strong></span> <span class='ocrx_word' id='word_1_481' title='bbox 3078 3059 3205 3130; x_wconf 77' lang='grc' dir='ltr'><strong>παρ’</strong></span> <span class='ocrx_word' id='word_1_482' title='bbox 3240 3055 3403 3110; x_wconf 82' lang='grc' dir='ltr'><strong>αὑτοῦ</strong></span> <span class='ocrx_word' id='word_1_483' title='bbox 3434 3053 3728 3125; x_wconf 75' lang='grc' dir='ltr'><strong>ἐπλημμέ-</strong></span> 
     </span>
    </p>
   </div>
   <div class='ocr_carea' id='block_1_64' title="bbox 494 3147 2050 3227">
    <p class='ocr_par' dir='ltr' id='par_1_64' title="bbox 494 3147 2050 3219">
     <span class='ocr_line' id='line_1_64' title="bbox 494 3147 2050 3219; baseline -0.001 -14"><span class='ocrx_word' id='word_1_484' title='bbox 494 3157 674 3206; x_wconf 88' lang='lat' dir='ltr'><strong>catum</strong></span> <span class='ocrx_word' id='word_1_485' title='bbox 706 3149 999 3219; x_wconf 86' lang='lat' dir='ltr'><strong>proﬁcisci.</strong></span> <span class='ocrx_word' id='word_1_486' title='bbox 1033 3147 1446 3204; x_wconf 80' lang='lat' dir='ltr'><strong>Existimabitur</strong></span> <span class='ocrx_word' id='word_1_487' title='bbox 1488 3155 1669 3203; x_wconf 84' lang='lat' dir='ltr'><strong>tamen</strong></span> <span class='ocrx_word' id='word_1_488' title='bbox 1719 3149 1859 3218; x_wconf 92' lang='lat' dir='ltr'><strong>apud</strong></span> <span class='ocrx_word' id='word_1_489' title='bbox 1905 3150 2050 3219; x_wconf 88' lang='lat' dir='ltr'><strong>ipsos</strong></span> 
     </span>
    </p>
   </div>
   <div class='ocr_carea' id='block_1_65' title="bbox 2150 3147 3726 3227">
    <p class='ocr_par' dir='ltr' id='par_1_65' title="bbox 2154 3149 3726 3227">
     <span class='ocr_line' id='line_1_65' title="bbox 2154 3149 3726 3227; baseline -0.006 -17"><span class='ocrx_word' id='word_1_490' title='bbox 2154 3157 2268 3210; x_wconf 78' lang='grc' dir='ltr'><strong>λειο</strong></span> <span class='ocrx_word' id='word_1_491' title='bbox 2317 3157 2467 3227; x_wconf 78' lang='grc' dir='ltr'><strong>ὅμως</strong></span> <span class='ocrx_word' id='word_1_492' title='bbox 2509 3152 2557 3209; x_wconf 71' lang='grc' dir='ltr'><strong>’δ’</strong></span> <span class='ocrx_word' id='word_1_493' title='bbox 2601 3153 2968 3224; x_wconf 86' lang='grc' dir='ltr'><strong>ἀπενέγκηταί</strong></span> <span class='ocrx_word' id='word_1_494' title='bbox 2999 3169 3119 3205; x_wconf 90' lang='grc' dir='ltr'><strong>τινα</strong></span> <span class='ocrx_word' id='word_1_495' title='bbox 3155 3151 3309 3216; x_wconf 79' lang='grc' dir='ltr'><strong>δόξαν</strong></span> <span class='ocrx_word' id='word_1_496' title='bbox 3343 3150 3474 3219; x_wconf 80' lang='grc' dir='ltr'><strong>παρ’</strong></span> <span class='ocrx_word' id='word_1_497' title='bbox 3515 3149 3726 3211; x_wconf 76' lang='grc' dir='ltr'><strong>αὐτοῖς,</strong></span> 
     </span>
    </p>
   </div>
   <div class='ocr_carea' id='block_1_66' title="bbox 495 3239 2054 3310">
    <p class='ocr_par' dir='ltr' id='par_1_66' title="bbox 495 3239 2054 3310">
     <span class='ocr_line' id='line_1_66' title="bbox 495 3239 2054 3310; baseline -0.001 -16"><span class='ocrx_word' id='word_1_498' title='bbox 495 3240 684 3296; x_wconf 82' lang='lat' dir='ltr'><strong>melior</strong></span> <span class='ocrx_word' id='word_1_499' title='bbox 713 3255 835 3294; x_wconf 89' lang='lat' dir='ltr'><strong>esse</strong></span> <span class='ocrx_word' id='word_1_500' title='bbox 866 3246 1086 3310; x_wconf 90' lang='lat' dir='ltr'><strong>propter</strong></span> <span class='ocrx_word' id='word_1_501' title='bbox 1114 3239 1492 3293; x_wconf 85' lang='lat' dir='ltr'><strong>admistionem</strong></span> <span class='ocrx_word' id='word_1_502' title='bbox 1523 3246 1732 3292; x_wconf 76' lang='lat' dir='ltr'><strong>natura:</strong></span> <span class='ocrx_word' id='word_1_503' title='bbox 1751 3278 1767 3301; x_wconf 95' lang='lat'><strong>,</strong></span> <span class='ocrx_word' id='word_1_504' title='bbox 1812 3239 1904 3308; x_wconf 91' lang='lat' dir='ltr'><strong>qui</strong></span> <span class='ocrx_word' id='word_1_505' title='bbox 1943 3254 2054 3293; x_wconf 90' lang='lat' dir='ltr'><strong>non</strong></span> 
     </span>
    </p>
   </div>
   <div class='ocr_carea' id='block_1_67' title="bbox 497 3329 2054 3400">
    <p class='ocr_par' dir='ltr' id='par_1_67' title="bbox 497 3329 2054 3400">
     <span class='ocr_line' id='line_1_67' title="bbox 497 3329 2054 3400; baseline -0.002 -13"><span class='ocrx_word' id='word_1_506' title='bbox 497 3341 691 3387; x_wconf 88' lang='lat' dir='ltr'><strong>natura</strong></span> <span class='ocrx_word' id='word_1_507' title='bbox 711 3372 726 3397; x_wconf 90' lang='lat'><strong>,</strong></span> <span class='ocrx_word' id='word_1_508' title='bbox 757 3332 851 3388; x_wconf 89' lang='lat' dir='ltr'><strong>sed</strong></span> <span class='ocrx_word' id='word_1_509' title='bbox 879 3333 1062 3386; x_wconf 91' lang='lat' dir='ltr'><strong>labore</strong></span> <span class='ocrx_word' id='word_1_510' title='bbox 1091 3339 1145 3386; x_wconf 90' lang='lat' dir='ltr'><strong>et</strong></span> <span class='ocrx_word' id='word_1_511' title='bbox 1169 3329 1370 3386; x_wconf 84' lang='lat' dir='ltr'><strong>sudore</strong></span> <span class='ocrx_word' id='word_1_512' title='bbox 1400 3345 1534 3384; x_wconf 91' lang='lat' dir='ltr'><strong>usus</strong></span> <span class='ocrx_word' id='word_1_513' title='bbox 1563 3337 1647 3385; x_wconf 91' lang='lat' dir='ltr'><strong>est</strong></span> <span class='ocrx_word' id='word_1_514' title='bbox 1666 3370 1682 3397; x_wconf 91' lang='lat'><strong>,</strong></span> <span class='ocrx_word' id='word_1_515' title='bbox 1713 3329 1804 3400; x_wconf 91' lang='lat' dir='ltr'><strong>qui</strong></span> <span class='ocrx_word' id='word_1_516' title='bbox 1835 3331 2054 3399; x_wconf 88' lang='lat' dir='ltr'><strong>quidem</strong></span> 
     </span>
    </p>
   </div>
   <div class='ocr_carea' id='block_1_68' title="bbox 489 3421 2058 3496">
    <p class='ocr_par' dir='ltr' id='par_1_68' title="bbox 489 3421 2058 3496">
     <span class='ocr_line' id='line_1_68' title="bbox 489 3421 2058 3496; baseline -0.001 -18"><span class='ocrx_word' id='word_1_517' title='bbox 489 3425 706 3496; x_wconf 82' lang='lat' dir='ltr'><strong>putabit</strong></span> <span class='ocrx_word' id='word_1_518' title='bbox 735 3440 794 3480; x_wconf 91' lang='lat' dir='ltr'><strong>se</strong></span> <span class='ocrx_word' id='word_1_519' title='bbox 823 3423 1068 3485; x_wconf 86' lang='lat' dir='ltr'><strong>laudari,</strong></span> <span class='ocrx_word' id='word_1_520' title='bbox 1100 3438 1222 3477; x_wconf 90' lang='lat' dir='ltr'><strong>cum</strong></span> <span class='ocrx_word' id='word_1_521' title='bbox 1255 3423 1456 3491; x_wconf 86' lang='lat' dir='ltr'><strong>alioqui</strong></span> <span class='ocrx_word' id='word_1_522' title='bbox 1503 3436 1629 3476; x_wconf 85' lang='lat' dir='ltr'><strong>vera</strong></span> <span class='ocrx_word' id='word_1_523' title='bbox 1675 3421 1833 3475; x_wconf 88' lang='lat' dir='ltr'><strong>laude</strong></span> <span class='ocrx_word' id='word_1_524' title='bbox 1879 3422 2058 3492; x_wconf 85' lang='lat' dir='ltr'><strong>prive-</strong></span> 
     </span>
    </p>
   </div>
   <div class='ocr_carea' id='block_1_69' title="bbox 490 3514 2061 3584">
    <p class='ocr_par' dir='ltr' id='par_1_69' title="bbox 490 3514 2061 3584">
     <span class='ocr_line' id='line_1_69' title="bbox 490 3514 2061 3584; baseline -0.003 -10"><span class='ocrx_word' id='word_1_525' title='bbox 490 3529 608 3576; x_wconf 82' lang='lat' dir='ltr'><strong>tur.</strong></span> <span class='ocrx_word' id='word_1_526' title='bbox 641 3517 837 3573; x_wconf 80' lang='lat' dir='ltr'><strong>Veram</strong></span> <span class='ocrx_word' id='word_1_527' title='bbox 866 3517 1011 3572; x_wconf 89' lang='lat' dir='ltr'><strong>enim</strong></span> <span class='ocrx_word' id='word_1_528' title='bbox 1039 3516 1264 3584; x_wconf 85' lang='lat' dir='ltr'><strong>gloriam</strong></span> <span class='ocrx_word' id='word_1_529' title='bbox 1299 3529 1365 3570; x_wconf 81' lang='lat' dir='ltr'><strong>ex</strong></span> <span class='ocrx_word' id='word_1_530' title='bbox 1408 3515 1594 3568; x_wconf 83' lang='lat' dir='ltr'><strong>labore</strong></span> <span class='ocrx_word' id='word_1_531' title='bbox 1633 3528 1698 3567; x_wconf 89' lang='lat' dir='ltr'><strong>ac</strong></span> <span class='ocrx_word' id='word_1_532' title='bbox 1741 3514 1922 3569; x_wconf 86' lang='lat' dir='ltr'><strong>studio</strong></span> <span class='ocrx_word' id='word_1_533' title='bbox 1952 3515 2061 3569; x_wconf 80' lang='lat' dir='ltr'><strong>vir-</strong></span> 
     </span>
    </p>
   </div>
   <div class='ocr_carea' id='block_1_70' title="bbox 499 3605 2058 3679">
    <p class='ocr_par' dir='ltr' id='par_1_70' title="bbox 499 3605 2058 3679">
     <span class='ocr_line' id='line_1_70' title="bbox 499 3605 2058 3679; baseline -0.004 -14"><span class='ocrx_word' id='word_1_534' title='bbox 499 3611 633 3666; x_wconf 88' lang='lat' dir='ltr'><strong>tutis</strong></span> <span class='ocrx_word' id='word_1_535' title='bbox 674 3609 1106 3679; x_wconf 89' lang='lat' dir='ltr'><strong>proﬁciscentem</strong></span> <span class='ocrx_word' id='word_1_536' title='bbox 1144 3606 1480 3675; x_wconf 88' lang='lat' dir='ltr'><strong>relinquens,</strong></span> <span class='ocrx_word' id='word_1_537' title='bbox 1531 3605 1575 3662; x_wconf 86' lang='lat' dir='ltr'><strong>si</strong></span> <span class='ocrx_word' id='word_1_538' title='bbox 1609 3607 1826 3676; x_wconf 86' lang='lat' dir='ltr'><strong>quidem</strong></span> <span class='ocrx_word' id='word_1_539' title='bbox 1873 3606 2058 3676; x_wconf 89' lang='lat' dir='ltr'><strong>pietati</strong></span> 
     </span>
    </p>
   </div>
   <div class='ocr_carea' id='block_1_71' title="bbox 498 3697 2057 3771">
    <p class='ocr_par' dir='ltr' id='par_1_71' title="bbox 498 3697 2057 3771">
     <span class='ocr_line' id='line_1_71' title="bbox 498 3697 2057 3771; baseline -0.003 -15"><span class='ocrx_word' id='word_1_540' title='bbox 498 3717 626 3771; x_wconf 89' lang='lat' dir='ltr'><strong>erga</strong></span> <span class='ocrx_word' id='word_1_541' title='bbox 655 3700 820 3753; x_wconf 89' lang='lat' dir='ltr'><strong>Deum</strong></span> <span class='ocrx_word' id='word_1_542' title='bbox 846 3697 1132 3760; x_wconf 85' lang='lat' dir='ltr'><strong>studebat,</strong></span> <span class='ocrx_word' id='word_1_543' title='bbox 1162 3697 1543 3751; x_wconf 89' lang='lat' dir='ltr'><strong>necessitatem</strong></span> <span class='ocrx_word' id='word_1_544' title='bbox 1575 3706 1782 3752; x_wconf 76' lang='lat' dir='ltr'><strong>naturae</strong></span> <span class='ocrx_word' id='word_1_545' title='bbox 1812 3699 2057 3767; x_wconf 86' lang='lat' dir='ltr'><strong>rapinam</strong></span> 
     </span>
    </p>
   </div>
   <div class='ocr_carea' id='block_1_72' title="bbox 502 3788 2061 3859">
    <p class='ocr_par' dir='ltr' id='par_1_72' title="bbox 502 3788 2061 3859">
     <span class='ocr_line' id='line_1_72' title="bbox 502 3788 2061 3859; baseline -0.001 -14"><span class='ocrx_word' id='word_1_546' title='bbox 502 3806 624 3847; x_wconf 81' lang='lat' dir='ltr'><strong>che</strong></span> <span class='ocrx_word' id='word_1_547' title='bbox 650 3791 790 3846; x_wconf 73' lang='lat' dir='ltr'><strong>falso</strong></span> <span class='ocrx_word' id='word_1_548' title='bbox 814 3790 1000 3854; x_wconf 85' lang='lat' dir='ltr'><strong>ducit,</strong></span> <span class='ocrx_word' id='word_1_549' title='bbox 1031 3789 1125 3858; x_wconf 89' lang='lat' dir='ltr'><strong>qui</strong></span> <span class='ocrx_word' id='word_1_550' title='bbox 1155 3789 1442 3842; x_wconf 90' lang='lat' dir='ltr'><strong>utilitatem</strong></span> <span class='ocrx_word' id='word_1_551' title='bbox 1470 3788 1750 3844; x_wconf 71' lang='lat' dir='ltr'><strong>industria:</strong></span> <span class='ocrx_word' id='word_1_552' title='bbox 1775 3790 1842 3845; x_wconf 91' lang='lat' dir='ltr'><strong>ad</strong></span> <span class='ocrx_word' id='word_1_553' title='bbox 1871 3791 2061 3859; x_wconf 90' lang='lat' dir='ltr'><strong>impie-</strong></span> 
     </span>
    </p>
   </div>
   <div class='ocr_carea' id='block_1_73' title="bbox 505 3879 2061 3951">
    <p class='ocr_par' dir='ltr' id='par_1_73' title="bbox 505 3879 2061 3951">
     <span class='ocr_line' id='line_1_73' title="bbox 505 3879 2061 3951; baseline -0.001 -15"><span class='ocrx_word' id='word_1_554' title='bbox 505 3889 676 3936; x_wconf 90' lang='lat' dir='ltr'><strong>tatem</strong></span> <span class='ocrx_word' id='word_1_555' title='bbox 707 3882 763 3936; x_wconf 87' lang='lat' dir='ltr'><strong>in</strong></span> <span class='ocrx_word' id='word_1_556' title='bbox 793 3879 959 3935; x_wconf 88' lang='lat' dir='ltr'><strong>Deum</strong></span> <span class='ocrx_word' id='word_1_557' title='bbox 991 3880 1209 3933; x_wconf 86' lang='lat' dir='ltr'><strong>adhibet</strong></span> <span class='ocrx_word' id='word_1_558' title='bbox 1236 3896 1250 3944; x_wconf 93' lang='lat'><strong>;</strong></span> <span class='ocrx_word' id='word_1_559' title='bbox 1285 3886 1345 3931; x_wconf 91' lang='lat' dir='ltr'><strong>ut</strong></span> <span class='ocrx_word' id='word_1_560' title='bbox 1380 3894 1479 3932; x_wconf 89' lang='lat' dir='ltr'><strong>nec</strong></span> <span class='ocrx_word' id='word_1_561' title='bbox 1510 3881 1724 3934; x_wconf 90' lang='lat' dir='ltr'><strong>animus</strong></span> <span class='ocrx_word' id='word_1_562' title='bbox 1755 3881 1980 3951; x_wconf 63' lang='lat' dir='ltr'><strong>ignaviae</strong></span> <span class='ocrx_word' id='word_1_563' title='bbox 2001 3890 2061 3935; x_wconf 80' lang='lat' dir='ltr'><strong>et</strong></span> 
     </span>
    </p>
   </div>
   <div class='ocr_carea' id='block_1_74' title="bbox 503 3967 2060 4040">
    <p class='ocr_par' dir='ltr' id='par_1_74' title="bbox 503 3967 2060 4040">
     <span class='ocr_line' id='line_1_74' title="bbox 503 3967 2060 4040; baseline -0.002 -13"><span class='ocrx_word' id='word_1_564' title='bbox 503 3973 714 4027; x_wconf 69' lang='lat' dir='ltr'><strong>inertiae</strong></span> <span class='ocrx_word' id='word_1_565' title='bbox 741 3971 955 4025; x_wconf 89' lang='lat' dir='ltr'><strong>deditus</strong></span> <span class='ocrx_word' id='word_1_566' title='bbox 975 4011 988 4034; x_wconf 95' lang='lat'><strong>,</strong></span> <span class='ocrx_word' id='word_1_567' title='bbox 1017 3983 1138 4022; x_wconf 89' lang='lat' dir='ltr'><strong>cum</strong></span> <span class='ocrx_word' id='word_1_568' title='bbox 1171 3967 1311 4020; x_wconf 88' lang='lat' dir='ltr'><strong>male</strong></span> <span class='ocrx_word' id='word_1_569' title='bbox 1341 3969 1485 4037; x_wconf 90' lang='lat' dir='ltr'><strong>agit,</strong></span> <span class='ocrx_word' id='word_1_570' title='bbox 1518 3978 1808 4040; x_wconf 87' lang='lat' dir='ltr'><strong>pungatur,</strong></span> <span class='ocrx_word' id='word_1_571' title='bbox 1853 3971 1898 4024; x_wconf 92' lang='lat' dir='ltr'><strong>si</strong></span> <span class='ocrx_word' id='word_1_572' title='bbox 1935 3973 2060 4040; x_wconf 84' lang='lat' dir='ltr'><strong>qui-</strong></span> 
     </span>
    </p>
   </div>
   <div class='ocr_carea' id='block_1_75' title="bbox 501 4059 2058 4127">
    <p class='ocr_par' dir='ltr' id='par_1_75' title="bbox 501 4059 2058 4127">
     <span class='ocr_line' id='line_1_75' title="bbox 501 4059 2058 4127; baseline -0.001 -9"><span class='ocrx_word' id='word_1_573' title='bbox 501 4064 628 4118; x_wconf 90' lang='lat' dir='ltr'><strong>dem</strong></span> <span class='ocrx_word' id='word_1_574' title='bbox 683 4061 840 4117; x_wconf 89' lang='lat' dir='ltr'><strong>alteri</strong></span> <span class='ocrx_word' id='word_1_575' title='bbox 890 4061 1108 4114; x_wconf 87' lang='lat' dir='ltr'><strong>cuidam</strong></span> <span class='ocrx_word' id='word_1_576' title='bbox 1170 4059 1441 4127; x_wconf 86' lang='lat' dir='ltr'><strong>principio</strong></span> <span class='ocrx_word' id='word_1_577' title='bbox 1495 4061 1738 4116; x_wconf 88' lang='lat' dir='ltr'><strong>actiones</strong></span> <span class='ocrx_word' id='word_1_578' title='bbox 1793 4062 2058 4116; x_wconf 90' lang='lat' dir='ltr'><strong>ascribit:</strong></span> 
     </span>
    </p>
   </div>
   <div class='ocr_carea' id='block_1_76' title="bbox 503 4149 2060 4223">
    <p class='ocr_par' dir='ltr' id='par_1_76' title="bbox 503 4149 2060 4223">
     <span class='ocr_line' id='line_1_76' title="bbox 503 4149 2060 4223; baseline -0.001 -15"><span class='ocrx_word' id='word_1_579' title='bbox 503 4167 681 4223; x_wconf 89' lang='lat' dir='ltr'><strong>neque</strong></span> <span class='ocrx_word' id='word_1_580' title='bbox 726 4153 819 4223; x_wconf 90' lang='lat' dir='ltr'><strong>qui</strong></span> <span class='ocrx_word' id='word_1_581' title='bbox 865 4150 1049 4206; x_wconf 85' lang='lat' dir='ltr'><strong>studio</strong></span> <span class='ocrx_word' id='word_1_582' title='bbox 1093 4149 1286 4213; x_wconf 89' lang='lat' dir='ltr'><strong>utitur,</strong></span> <span class='ocrx_word' id='word_1_583' title='bbox 1331 4150 1492 4204; x_wconf 90' lang='lat' dir='ltr'><strong>laude</strong></span> <span class='ocrx_word' id='word_1_584' title='bbox 1533 4151 1732 4221; x_wconf 90' lang='lat' dir='ltr'><strong>dignus</strong></span> <span class='ocrx_word' id='word_1_585' title='bbox 1775 4152 2060 4219; x_wconf 87' lang='lat' dir='ltr'><strong>habeatur,</strong></span> 
     </span>
    </p>
   </div>
   <div class='ocr_carea' id='block_1_77' title="bbox 499 4241 2064 4316">
    <p class='ocr_par' dir='ltr' id='par_1_77' title="bbox 499 4241 2064 4316">
     <span class='ocr_line' id='line_1_77' title="bbox 499 4241 2064 4316; baseline -0.001 -16"><span class='ocrx_word' id='word_1_586' title='bbox 499 4247 703 4316; x_wconf 82' lang='lat' dir='ltr'><strong>quippe</strong></span> <span class='ocrx_word' id='word_1_587' title='bbox 741 4245 832 4315; x_wconf 92' lang='lat' dir='ltr'><strong>qui</strong></span> <span class='ocrx_word' id='word_1_588' title='bbox 873 4243 930 4297; x_wconf 88' lang='lat' dir='ltr'><strong>in</strong></span> <span class='ocrx_word' id='word_1_589' title='bbox 964 4242 1026 4296; x_wconf 80' lang='lat' dir='ltr'><strong>id</strong></span> <span class='ocrx_word' id='word_1_590' title='bbox 1068 4241 1394 4311; x_wconf 84' lang='lat' dir='ltr'><strong>cogitatione</strong></span> <span class='ocrx_word' id='word_1_591' title='bbox 1437 4243 1749 4310; x_wconf 88' lang='lat' dir='ltr'><strong>incumbat,</strong></span> <span class='ocrx_word' id='word_1_592' title='bbox 1799 4245 1941 4314; x_wconf 91' lang='lat' dir='ltr'><strong>quod</strong></span> <span class='ocrx_word' id='word_1_593' title='bbox 1981 4253 2064 4300; x_wconf 89' lang='lat' dir='ltr'><strong>est</strong></span> 
     </span>
    </p>
   </div>
   <div class='ocr_carea' id='block_1_78' title="bbox 485 4329 2064 4404">
    <p class='ocr_par' dir='ltr' id='par_1_78' title="bbox 485 4329 2064 4404">
     <span class='ocr_line' id='line_1_78' title="bbox 485 4329 2064 4404; baseline -0.002 -13"><span class='ocrx_word' id='word_1_594' title='bbox 485 4335 747 4391; x_wconf 21' lang='lat' dir='ltr'><strong>“omnium</strong></span> <span class='ocrx_word' id='word_1_595' title='bbox 783 4331 1221 4392; x_wconf 86' lang='lat' dir='ltr'><strong>atrocissimum.</strong></span> <span class='ocrx_word' id='word_1_596' title='bbox 1258 4329 1472 4386; x_wconf 87' lang='lat' dir='ltr'><strong>institui</strong></span> <span class='ocrx_word' id='word_1_597' title='bbox 1507 4331 1718 4388; x_wconf 86' lang='lat' dir='ltr'><strong>scilicet</strong></span> <span class='ocrx_word' id='word_1_598' title='bbox 1751 4331 1820 4386; x_wconf 90' lang='lat' dir='ltr'><strong>ad</strong></span> <span class='ocrx_word' id='word_1_599' title='bbox 1873 4333 2064 4404; x_wconf 84' lang='lat' dir='ltr'><strong>impie-</strong></span> 
     </span>
    </p>
   </div>
   <div class='ocr_carea' id='block_1_79' title="bbox 495 4421 1182 4483">
    <p class='ocr_par' dir='ltr' id='par_1_79' title="bbox 495 4421 1182 4483">
     <span class='ocr_line' id='line_1_79' title="bbox 495 4421 1182 4483; baseline -0.004 -2"><span class='ocrx_word' id='word_1_600' title='bbox 495 4435 672 4483; x_wconf 79' lang='lat' dir='ltr'><strong>tatem</strong></span> <span class='ocrx_word' id='word_1_601' title='bbox 701 4425 960 4480; x_wconf 86' lang='lat' dir='ltr'><strong>adversus</strong></span> <span class='ocrx_word' id='word_1_602' title='bbox 991 4421 1182 4478; x_wconf 88' lang='lat' dir='ltr'><strong>Deum.</strong></span> 
     </span>
    </p>
   </div>
   <div class='ocr_carea' id='block_1_80' title="bbox 2157 3237 3739 3320">
    <p class='ocr_par' dir='ltr' id='par_1_80' title="bbox 2157 3237 3739 3320">
     <span class='ocr_line' id='line_1_80' title="bbox 2157 3237 3739 3320; baseline -0.008 -19"><span class='ocrx_word' id='word_1_603' title='bbox 2157 3249 2231 3312; x_wconf 84' lang='grc' dir='ltr'><strong>ὡς</strong></span> <span class='ocrx_word' id='word_1_604' title='bbox 2262 3248 2359 3320; x_wconf 79' lang='grc' dir='ltr'><strong>τὴν</strong></span> <span class='ocrx_word' id='word_1_605' title='bbox 2386 3249 2582 3318; x_wconf 82' lang='grc' dir='ltr'><strong>κρᾶσιν</strong></span> <span class='ocrx_word' id='word_1_606' title='bbox 2612 3246 2696 3317; x_wconf 85' lang='grc' dir='ltr'><strong>εῐη</strong></span> <span class='ocrx_word' id='word_1_607' title='bbox 2730 3244 2949 3316; x_wconf 77' lang='grc' dir='ltr'><strong>βελτίων</strong></span> <span class='ocrx_word' id='word_1_608' title='bbox 2972 3243 3074 3315; x_wconf 83' lang='grc' dir='ltr'><strong>τῆς</strong></span> <span class='ocrx_word' id='word_1_609' title='bbox 3101 3241 3333 3311; x_wconf 77' lang='grc' dir='ltr'><strong>φύσεως,</strong></span> <span class='ocrx_word' id='word_1_610' title='bbox 3367 3241 3395 3292; x_wconf 88' lang='grc' dir='ltr'><strong>ό</strong></span> <span class='ocrx_word' id='word_1_611' title='bbox 3432 3238 3508 3309; x_wconf 83' lang='grc' dir='ltr'><strong>μὴ</strong></span> <span class='ocrx_word' id='word_1_612' title='bbox 3541 3237 3739 3305; x_wconf 62' lang='grc' dir='ltr'><strong>φύσειε</strong></span> 
     </span>
    </p>
   </div>
   <div class='ocr_carea' id='block_1_81' title="bbox 2158 3329 3731 3410">
    <p class='ocr_par' dir='ltr' id='par_1_81' title="bbox 2158 3329 3731 3410">
     <span class='ocr_line' id='line_1_81' title="bbox 2158 3329 3731 3410; baseline -0.009 -16"><span class='ocrx_word' id='word_1_613' title='bbox 2158 3341 2306 3410; x_wconf 84' lang='grc' dir='ltr'><strong>πόνῳ</strong></span> <span class='ocrx_word' id='word_1_614' title='bbox 2350 3339 2406 3391; x_wconf 82' lang='grc' dir='ltr'><strong>δὲ</strong></span> <span class='ocrx_word' id='word_1_615' title='bbox 2449 3335 2542 3392; x_wconf 74' lang='grc' dir='ltr'><strong>καὶ</strong></span> <span class='ocrx_word' id='word_1_616' title='bbox 2591 3337 2775 3409; x_wconf 81' lang='grc' dir='ltr'><strong>ἱδρῶτι</strong></span> <span class='ocrx_word' id='word_1_617' title='bbox 2813 3335 3092 3408; x_wconf 86' lang='grc' dir='ltr'><strong>χρώμενος</strong></span> <span class='ocrx_word' id='word_1_618' title='bbox 3115 3351 3128 3364; x_wconf 80' lang='grc'><em>’</em></span> <span class='ocrx_word' id='word_1_619' title='bbox 3177 3333 3237 3396; x_wconf 77' lang='grc' dir='ltr'><strong>ὃς</strong></span> <span class='ocrx_word' id='word_1_620' title='bbox 3267 3331 3331 3403; x_wconf 80' lang='grc' dir='ltr'><strong>δὴ</strong></span> <span class='ocrx_word' id='word_1_621' title='bbox 3362 3329 3458 3384; x_wconf 68' lang='grc' dir='ltr'><strong>καὶ</strong></span> <span class='ocrx_word' id='word_1_622' title='bbox 3489 3330 3731 3382; x_wconf 73' lang='grc' dir='ltr'><strong>ἐπαινεῖ-</strong></span> 
     </span>
    </p>
   </div>
   <div class='ocr_carea' id='block_1_82' title="bbox 2161 3421 3727 3499">
    <p class='ocr_par' dir='ltr' id='par_1_82' title="bbox 2161 3421 3727 3499">
     <span class='ocr_line' id='line_1_82' title="bbox 2161 3421 3727 3499; baseline -0.008 -15"><span class='ocrx_word' id='word_1_623' title='bbox 2161 3431 2285 3486; x_wconf 89' lang='grc' dir='ltr'><strong>σθαι</strong></span> <span class='ocrx_word' id='word_1_624' title='bbox 2313 3429 2460 3484; x_wconf 75' lang='grc' dir='ltr'><strong>οἴοιτ’</strong></span> <span class='ocrx_word' id='word_1_625' title='bbox 2487 3429 2574 3493; x_wconf 83' lang='grc' dir='ltr'><strong>ἀν,</strong></span> <span class='ocrx_word' id='word_1_626' title='bbox 2599 3427 2692 3481; x_wconf 86' lang='grc' dir='ltr'><strong>τοῦ</strong></span> <span class='ocrx_word' id='word_1_627' title='bbox 2713 3427 2942 3499; x_wconf 79' lang='grc' dir='ltr'><strong>ἀληθοῦς</strong></span> <span class='ocrx_word' id='word_1_628' title='bbox 2963 3424 3185 3479; x_wconf 75' lang='grc' dir='ltr'><strong>ἐπαίνου</strong></span> <span class='ocrx_word' id='word_1_629' title='bbox 3216 3421 3598 3494; x_wconf 79' lang='grc' dir='ltr'><strong>στερούμενος.</strong></span> <span class='ocrx_word' id='word_1_630' title='bbox 3618 3421 3727 3490; x_wconf 75' lang='grc' dir='ltr'><strong>Τὴν</strong></span> 
     </span>
    </p>
   </div>
   <div class='ocr_carea' id='block_1_83' title="bbox 2158 3509 3731 3593">
    <p class='ocr_par' dir='ltr' id='par_1_83' title="bbox 2158 3509 3731 3593">
     <span class='ocr_line' id='line_1_83' title="bbox 2158 3509 3731 3593; baseline -0.01 -18"><span class='ocrx_word' id='word_1_631' title='bbox 2158 3521 2266 3593; x_wconf 85' lang='grc' dir='ltr'><strong>γὰρ</strong></span> <span class='ocrx_word' id='word_1_632' title='bbox 2299 3519 2540 3584; x_wconf 80' lang='grc' dir='ltr'><strong>εὐδοξίαν</strong></span> <span class='ocrx_word' id='word_1_633' title='bbox 2571 3517 2663 3571; x_wconf 85' lang='grc' dir='ltr'><strong>τοῦ</strong></span> <span class='ocrx_word' id='word_1_634' title='bbox 2710 3517 2871 3571; x_wconf 85' lang='grc' dir='ltr'><strong>πόνου</strong></span> <span class='ocrx_word' id='word_1_635' title='bbox 2908 3515 3006 3587; x_wconf 85' lang='grc' dir='ltr'><strong>τῆς</strong></span> <span class='ocrx_word' id='word_1_636' title='bbox 3048 3514 3266 3586; x_wconf 82' lang='grc' dir='ltr'><strong>ἀρετῆς,</strong></span> <span class='ocrx_word' id='word_1_637' title='bbox 3306 3512 3420 3579; x_wconf 82' lang='grc' dir='ltr'><strong>εῐγε</strong></span> <span class='ocrx_word' id='word_1_638' title='bbox 3454 3510 3557 3579; x_wconf 76' lang='grc' dir='ltr'><strong>τῆς</strong></span> <span class='ocrx_word' id='word_1_639' title='bbox 3577 3509 3731 3562; x_wconf 76' lang='grc' dir='ltr'><strong>εὐσεο</strong></span> 
     </span>
    </p>
   </div>
   <div class='ocr_carea' id='block_1_84' title="bbox 2161 3601 3729 3681">
    <p class='ocr_par' dir='ltr' id='par_1_84' title="bbox 2161 3601 3729 3681">
     <span class='ocr_line' id='line_1_84' title="bbox 2161 3601 3729 3681; baseline -0.01 -15"><span class='ocrx_word' id='word_1_640' title='bbox 2161 3613 2311 3675; x_wconf 89' lang='grc' dir='ltr'><strong>ϐείας</strong></span> <span class='ocrx_word' id='word_1_641' title='bbox 2340 3611 2437 3680; x_wconf 78' lang='grc' dir='ltr'><strong>τῆς</strong></span> <span class='ocrx_word' id='word_1_642' title='bbox 2461 3609 2593 3681; x_wconf 83' lang='grc' dir='ltr'><strong>πρὸς</strong></span> <span class='ocrx_word' id='word_1_643' title='bbox 2610 3607 2739 3661; x_wconf 78' lang='grc' dir='ltr'><strong>Θεὸν</strong></span> <span class='ocrx_word' id='word_1_644' title='bbox 2759 3607 2970 3676; x_wconf 69' lang='grc' dir='ltr'><strong>ἠνύετο,</strong></span> <span class='ocrx_word' id='word_1_645' title='bbox 2989 3603 3433 3672; x_wconf 85' lang='grc' dir='ltr'><strong>καταλιμπάνων,</strong></span> <span class='ocrx_word' id='word_1_646' title='bbox 3457 3601 3729 3671; x_wconf 74' lang='grc' dir='ltr'><strong>ἅρπαγμα</strong></span> 
     </span>
    </p>
   </div>
   <div class='ocr_carea' id='block_1_85' title="bbox 2159 3685 3730 3774">
    <p class='ocr_par' dir='ltr' id='par_1_85' title="bbox 2159 3685 3730 3774">
     <span class='ocr_line' id='line_1_85' title="bbox 2159 3685 3730 3774; baseline -0.009 -18"><span class='ocrx_word' id='word_1_647' title='bbox 2159 3702 2366 3774; x_wconf 73' lang='grc' dir='ltr'><strong>ψευδῶς</strong></span> <span class='ocrx_word' id='word_1_648' title='bbox 2394 3702 2453 3755; x_wconf 85' lang='grc' dir='ltr'><strong>τὸ</strong></span> <span class='ocrx_word' id='word_1_649' title='bbox 2478 3685 2774 3769; x_wconf 83' lang='grc' dir='ltr'><strong>ἀναγκαῖον</strong></span> <span class='ocrx_word' id='word_1_650' title='bbox 2806 3699 2901 3768; x_wconf 87' lang='grc' dir='ltr'><strong>τῆς</strong></span> <span class='ocrx_word' id='word_1_651' title='bbox 2944 3696 3157 3766; x_wconf 78' lang='grc' dir='ltr'><strong>φύσεως</strong></span> <span class='ocrx_word' id='word_1_652' title='bbox 3184 3695 3417 3765; x_wconf 83' lang='grc' dir='ltr'><strong>ἡγεῖται,</strong></span> <span class='ocrx_word' id='word_1_653' title='bbox 3450 3693 3513 3746; x_wconf 83' lang='grc' dir='ltr'><strong>τὸ</strong></span> <span class='ocrx_word' id='word_1_654' title='bbox 3535 3694 3730 3763; x_wconf 77' lang='grc' dir='ltr'><strong>χρήσι-</strong></span> 
     </span>
    </p>
   </div>
   <div class='ocr_carea' id='block_1_86' title="bbox 2165 3784 3730 3866">
    <p class='ocr_par' dir='ltr' id='par_1_86' title="bbox 2165 3784 3730 3866">
     <span class='ocr_line' id='line_1_86' title="bbox 2165 3784 3730 3866; baseline -0.008 -18"><span class='ocrx_word' id='word_1_655' title='bbox 2165 3812 2262 3866; x_wconf 89' lang='grc' dir='ltr'><strong>μον</strong></span> <span class='ocrx_word' id='word_1_656' title='bbox 2287 3794 2388 3863; x_wconf 80' lang='grc' dir='ltr'><strong>τῆς</strong></span> <span class='ocrx_word' id='word_1_657' title='bbox 2410 3791 2718 3862; x_wconf 69' lang='grc' dir='ltr'><strong>φιλοπονίας</strong></span> <span class='ocrx_word' id='word_1_658' title='bbox 2747 3790 2881 3860; x_wconf 80' lang='grc' dir='ltr'><strong>πρὸς</strong></span> <span class='ocrx_word' id='word_1_659' title='bbox 2907 3789 3156 3842; x_wconf 81' lang='grc' dir='ltr'><strong>ἀσέϐειαν</strong></span> <span class='ocrx_word' id='word_1_660' title='bbox 3185 3786 3325 3839; x_wconf 84' lang='grc' dir='ltr'><strong>κατά</strong></span> <span class='ocrx_word' id='word_1_661' title='bbox 3358 3784 3495 3839; x_wconf 87' lang='grc' dir='ltr'><strong>Θεοῦ</strong></span> <span class='ocrx_word' id='word_1_662' title='bbox 3531 3802 3730 3855; x_wconf 79' lang='grc' dir='ltr'><strong>μετερ-</strong></span> 
     </span>
    </p>
   </div>
   <div class='ocr_carea' id='block_1_87' title="bbox 2162 3876 3731 3957">
    <p class='ocr_par' dir='ltr' id='par_1_87' title="bbox 2162 3876 3731 3957">
     <span class='ocr_line' id='line_1_87' title="bbox 2162 3876 3731 3957; baseline -0.007 -18"><span class='ocrx_word' id='word_1_663' title='bbox 2162 3888 2411 3957; x_wconf 85' lang='grc' dir='ltr'><strong>χόμενος·</strong></span> <span class='ocrx_word' id='word_1_664' title='bbox 2438 3884 2511 3948; x_wconf 79' lang='grc' dir='ltr'><strong>ὡς</strong></span> <span class='ocrx_word' id='word_1_665' title='bbox 2539 3885 2673 3954; x_wconf 79' lang='grc' dir='ltr'><strong>μήτε</strong></span> <span class='ocrx_word' id='word_1_666' title='bbox 2715 3882 2803 3934; x_wconf 85' lang='grc' dir='ltr'><strong>τὸν</strong></span> <span class='ocrx_word' id='word_1_667' title='bbox 2857 3880 3104 3953; x_wconf 70' lang='grc' dir='ltr'><strong>ῥᾳστώνῃ</strong></span> <span class='ocrx_word' id='word_1_668' title='bbox 3135 3880 3526 3951; x_wconf 84' lang='grc' dir='ltr'><strong>προσκείμενον</strong></span> <span class='ocrx_word' id='word_1_669' title='bbox 3560 3876 3731 3947; x_wconf 78' lang='grc' dir='ltr'><strong>πλήτ-</strong></span> 
     </span>
    </p>
   </div>
   <div class='ocr_carea' id='block_1_88' title="bbox 2161 3968 3724 4041">
    <p class='ocr_par' dir='ltr' id='par_1_88' title="bbox 2161 3968 3724 4041">
     <span class='ocr_line' id='line_1_88' title="bbox 2161 3968 3724 4041; baseline -0.003 -14"><span class='ocrx_word' id='word_1_670' title='bbox 2161 3974 2346 4027; x_wconf 89' lang='grc' dir='ltr'><strong>τεσθαι</strong></span> <span class='ocrx_word' id='word_1_671' title='bbox 2390 3973 2482 4026; x_wconf 62' lang='grc' dir='ltr'><strong>τὴν</strong></span> <span class='ocrx_word' id='word_1_672' title='bbox 2517 3971 2637 4024; x_wconf 82' lang='grc' dir='ltr'><strong>νοῦν</strong></span> <span class='ocrx_word' id='word_1_673' title='bbox 2667 3969 3137 4041; x_wconf 82' lang='grc' dir='ltr'><strong>κακοπραγοῦντα,</strong></span> <span class='ocrx_word' id='word_1_674' title='bbox 3177 3968 3291 4036; x_wconf 81' lang='grc' dir='ltr'><strong>εἴγε</strong></span> <span class='ocrx_word' id='word_1_675' title='bbox 3326 3969 3460 4040; x_wconf 81' lang='grc' dir='ltr'><strong>ἄλλῃ</strong></span> <span class='ocrx_word' id='word_1_676' title='bbox 3485 3971 3550 4039; x_wconf 71' lang='grc' dir='ltr'><strong>τῇ</strong></span> <span class='ocrx_word' id='word_1_677' title='bbox 3582 3968 3724 4038; x_wconf 75' lang='grc' dir='ltr'><strong>ἀρχῇ</strong></span> 
     </span>
    </p>
   </div>
   <div class='ocr_carea' id='block_1_89' title="bbox 2162 4058 3727 4134">
    <p class='ocr_par' dir='ltr' id='par_1_89' title="bbox 2162 4058 3727 4134">
     <span class='ocr_line' id='line_1_89' title="bbox 2162 4058 3727 4134; baseline -0.006 -16"><span class='ocrx_word' id='word_1_678' title='bbox 2162 4066 2424 4134; x_wconf 79' lang='grc' dir='ltr'><strong>λογίζοιτο</strong></span> <span class='ocrx_word' id='word_1_679' title='bbox 2461 4066 2527 4117; x_wconf 74' lang='grc' dir='ltr'><strong>τὰ</strong></span> <span class='ocrx_word' id='word_1_680' title='bbox 2566 4062 2928 4133; x_wconf 88' lang='grc' dir='ltr'><strong>πραττόμενα,</strong></span> <span class='ocrx_word' id='word_1_681' title='bbox 2971 4061 3105 4132; x_wconf 86' lang='grc' dir='ltr'><strong>μήτε</strong></span> <span class='ocrx_word' id='word_1_682' title='bbox 3133 4059 3223 4112; x_wconf 77' lang='grc' dir='ltr'><strong>τὸν</strong></span> <span class='ocrx_word' id='word_1_683' title='bbox 3268 4058 3466 4130; x_wconf 86' lang='grc' dir='ltr'><strong>σπουδῇ</strong></span> <span class='ocrx_word' id='word_1_684' title='bbox 3511 4059 3727 4129; x_wconf 80' lang='grc' dir='ltr'><strong>χρώμε-</strong></span> 
     </span>
    </p>
   </div>
   <div class='ocr_carea' id='block_1_90' title="bbox 2164 4150 3726 4224">
    <p class='ocr_par' dir='ltr' id='par_1_90' title="bbox 2164 4150 3726 4224">
     <span class='ocr_line' id='line_1_90' title="bbox 2164 4150 3726 4224; baseline -0.005 -14"><span class='ocrx_word' id='word_1_685' title='bbox 2164 4175 2252 4210; x_wconf 90' lang='grc' dir='ltr'><strong>νον</strong></span> <span class='ocrx_word' id='word_1_686' title='bbox 2284 4156 2431 4221; x_wconf 81' lang='grc' dir='ltr'><strong>ἀξιον</strong></span> <span class='ocrx_word' id='word_1_687' title='bbox 2465 4152 2601 4209; x_wconf 82' lang='grc' dir='ltr'><strong>εἶναι</strong></span> <span class='ocrx_word' id='word_1_688' title='bbox 2647 4153 3050 4224; x_wconf 81' lang='grc' dir='ltr'><strong>θαυμάζεσθαι,</strong></span> <span class='ocrx_word' id='word_1_689' title='bbox 3109 4151 3280 4205; x_wconf 82' lang='grc' dir='ltr'><strong>καίτοι</strong></span> <span class='ocrx_word' id='word_1_690' title='bbox 3334 4150 3578 4221; x_wconf 87' lang='grc' dir='ltr'><strong>λογισμῷ</strong></span> <span class='ocrx_word' id='word_1_691' title='bbox 3628 4167 3726 4201; x_wconf 84' lang='grc' dir='ltr'><strong>πο-</strong></span> 
     </span>
    </p>
   </div>
   <div class='ocr_carea' id='block_1_91' title="bbox 2164 4241 3727 4319">
    <p class='ocr_par' dir='ltr' id='par_1_91' title="bbox 2164 4241 3727 4319">
     <span class='ocr_line' id='line_1_91' title="bbox 2164 4241 3727 4319; baseline -0.004 -18"><span class='ocrx_word' id='word_1_692' title='bbox 2164 4248 2357 4303; x_wconf 89' lang='grc' dir='ltr'><strong>νοῦντα</strong></span> <span class='ocrx_word' id='word_1_693' title='bbox 2385 4246 2518 4319; x_wconf 73' lang='grc' dir='ltr'><strong>πρὸς</strong></span> <span class='ocrx_word' id='word_1_694' title='bbox 2547 4248 2608 4299; x_wconf 87' lang='grc' dir='ltr'><strong>τὸ</strong></span> <span class='ocrx_word' id='word_1_695' title='bbox 2632 4246 2740 4299; x_wconf 88' lang='grc' dir='ltr'><strong>τῶν</strong></span> <span class='ocrx_word' id='word_1_696' title='bbox 2774 4245 2988 4299; x_wconf 89' lang='grc' dir='ltr'><strong>πάντων</strong></span> <span class='ocrx_word' id='word_1_697' title='bbox 3012 4242 3408 4314; x_wconf 71' lang='grc' dir='ltr'><strong>χαλεπώτατον,</strong></span> <span class='ocrx_word' id='word_1_698' title='bbox 3439 4241 3578 4316; x_wconf 76' lang='grc' dir='ltr'><strong>πρὸς</strong></span> <span class='ocrx_word' id='word_1_699' title='bbox 3603 4241 3727 4296; x_wconf 79' lang='grc' dir='ltr'><strong>ἀσέ-</strong></span> 
     </span>
    </p>
   </div>
   <div class='ocr_carea' id='block_1_92' title="bbox 2165 4335 3176 4406">
    <p class='ocr_par' dir='ltr' id='par_1_92' title="bbox 2165 4335 3176 4406">
     <span class='ocr_line' id='line_1_92' title="bbox 2165 4335 3176 4406; baseline -0.005 -15"><span class='ocrx_word' id='word_1_700' title='bbox 2165 4339 2316 4393; x_wconf 88' lang='grc' dir='ltr'><strong>ϐειαν</strong></span> <span class='ocrx_word' id='word_1_701' title='bbox 2346 4338 2487 4392; x_wconf 84' lang='grc' dir='ltr'><strong>κατὰ</strong></span> <span class='ocrx_word' id='word_1_702' title='bbox 2512 4335 2646 4390; x_wconf 87' lang='grc' dir='ltr'><strong>Θεοῦ</strong></span> <span class='ocrx_word' id='word_1_703' title='bbox 2676 4335 3176 4406; x_wconf 76' lang='grc' dir='ltr'><strong>παιδαγωγηθῆναι.</strong></span> 
     </span>
    </p>
   </div>
   <div class='ocr_carea' id='block_1_93' title="bbox 1408 4535 2799 4608">
    <p class='ocr_par' dir='ltr' id='par_1_93' title="bbox 1408 4535 2799 4608">
     <span class='ocr_line' id='line_1_93' title="bbox 1408 4535 2799 4608; baseline 0 -14"><span class='ocrx_word' id='word_1_704' title='bbox 1408 4536 1539 4594; x_wconf 73' lang='lat' dir='ltr'><strong>Car.</strong></span> <span class='ocrx_word' id='word_1_705' title='bbox 1581 4535 1670 4592; x_wconf 91' lang='lat' dir='ltr'><strong>lll.</strong></span> <span class='ocrx_word' id='word_1_706' title='bbox 1707 4535 1839 4591; x_wconf 81' lang='lat' dir='ltr'><strong>Mali</strong></span> <span class='ocrx_word' id='word_1_707' title='bbox 1873 4539 2108 4608; x_wconf 75' lang='lat' dir='ltr'><strong>deﬁnitio</strong></span> <span class='ocrx_word' id='word_1_708' title='bbox 2147 4542 2428 4595; x_wconf 76' lang='lat' dir='ltr'><strong>secundum</strong></span> <span class='ocrx_word' id='word_1_709' title='bbox 2461 4540 2799 4596; x_wconf 74' lang='lat' dir='ltr'><strong>Manichwos.</strong></span> 
     </span>
    </p>
   </div>
   <div class='ocr_carea' id='block_1_94' title="bbox 575 4654 2050 4730">
    <p class='ocr_par' dir='ltr' id='par_1_94' title="bbox 575 4654 2050 4714">
     <span class='ocr_line' id='line_1_94' title="bbox 575 4654 2050 4714; baseline -0.003 0"><span class='ocrx_word' id='word_1_710' title='bbox 575 4657 712 4714; x_wconf 88' lang='lat' dir='ltr'><strong>Cum</strong></span> <span class='ocrx_word' id='word_1_711' title='bbox 743 4672 869 4713; x_wconf 88' lang='lat' dir='ltr'><strong>vero</strong></span> <span class='ocrx_word' id='word_1_712' title='bbox 899 4655 1177 4710; x_wconf 76' lang='lat' dir='ltr'><strong>Manichaei</strong></span> <span class='ocrx_word' id='word_1_713' title='bbox 1202 4655 1473 4710; x_wconf 83' lang='lat' dir='ltr'><strong>rationem</strong></span> <span class='ocrx_word' id='word_1_714' title='bbox 1500 4654 1793 4710; x_wconf 86' lang='lat' dir='ltr'><strong>creationis</strong></span> <span class='ocrx_word' id='word_1_715' title='bbox 1818 4656 2002 4710; x_wconf 90' lang='lat' dir='ltr'><strong>mundi</strong></span> <span class='ocrx_word' id='word_1_716' title='bbox 2029 4671 2050 4709; x_wconf 79' lang='grc' dir='ltr'><strong>ιι</strong></span> 
     </span>
    </p>
   </div>
   <div class='ocr_carea' id='block_1_95' title="bbox 2150 4654 3730 4730">
    <p class='ocr_par' dir='ltr' id='par_1_95' title="bbox 2231 4654 3730 4730">
     <span class='ocr_line' id='line_1_95' title="bbox 2231 4654 3730 4730; baseline 0.001 -19"><span class='ocrx_word' id='word_1_717' title='bbox 2231 4660 2322 4729; x_wconf 84' lang='grc' dir='ltr'><strong>Μὴ</strong></span> <span class='ocrx_word' id='word_1_718' title='bbox 2360 4657 2627 4721; x_wconf 78' lang='grc' dir='ltr'><strong>συνιέντες</strong></span> <span class='ocrx_word' id='word_1_719' title='bbox 2660 4659 2716 4711; x_wconf 80' lang='grc' dir='ltr'><strong>δὲ</strong></span> <span class='ocrx_word' id='word_1_720' title='bbox 2753 4659 2800 4710; x_wconf 70' lang='lat' dir='ltr'><strong>oi</strong></span> <span class='ocrx_word' id='word_1_721' title='bbox 2843 4655 2935 4711; x_wconf 77' lang='grc' dir='ltr'><strong>ἀπ’</strong></span> <span class='ocrx_word' id='word_1_722' title='bbox 2975 4654 3182 4710; x_wconf 78' lang='grc' dir='ltr'><strong>ἐκείνου</strong></span> <span class='ocrx_word' id='word_1_723' title='bbox 3217 4655 3315 4728; x_wconf 86' lang='grc' dir='ltr'><strong>τῆς</strong></span> <span class='ocrx_word' id='word_1_724' title='bbox 3337 4655 3429 4709; x_wconf 83' lang='grc' dir='ltr'><strong>τοῦ</strong></span> <span class='ocrx_word' id='word_1_725' title='bbox 3472 4656 3610 4711; x_wconf 87' lang='grc' dir='ltr'><strong>Θεοῦ</strong></span> <span class='ocrx_word' id='word_1_726' title='bbox 3639 4659 3730 4730; x_wconf 73' lang='grc' dir='ltr'><strong>δὴ⁴</strong></span> 
     </span>
    </p>
   </div>
   <div class='ocr_carea' id='block_1_96' title="bbox 501 4748 2068 4819">
    <p class='ocr_par' dir='ltr' id='par_1_96' title="bbox 501 4748 2068 4819">
     <span class='ocr_line' id='line_1_96' title="bbox 501 4748 2068 4819; baseline -0.001 -14"><span class='ocrx_word' id='word_1_727' title='bbox 501 4752 616 4808; x_wconf 77' lang='lat' dir='ltr'><strong>.Deo</strong></span> <span class='ocrx_word' id='word_1_728' title='bbox 645 4750 776 4806; x_wconf 81' lang='lat' dir='ltr'><strong>facti</strong></span> <span class='ocrx_word' id='word_1_729' title='bbox 808 4766 914 4804; x_wconf 93' lang='lat' dir='ltr'><strong>non</strong></span> <span class='ocrx_word' id='word_1_730' title='bbox 944 4749 1338 4819; x_wconf 85' lang='lat' dir='ltr'><strong>intelligerent,</strong></span> <span class='ocrx_word' id='word_1_731' title='bbox 1367 4762 1478 4802; x_wconf 90' lang='lat' dir='ltr'><strong>non</strong></span> <span class='ocrx_word' id='word_1_732' title='bbox 1501 4748 1674 4802; x_wconf 90' lang='lat' dir='ltr'><strong>solum</strong></span> <span class='ocrx_word' id='word_1_733' title='bbox 1705 4749 1946 4804; x_wconf 89' lang='lat' dir='ltr'><strong>actiones</strong></span> <span class='ocrx_word' id='word_1_734' title='bbox 1973 4749 2068 4804; x_wconf 87' lang='lat' dir='ltr'><strong>ho-</strong></span> 
     </span>
    </p>
   </div>
   <div class='ocr_carea' id='block_1_97' title="bbox 500 4841 2065 4903">
    <p class='ocr_par' dir='ltr' id='par_1_97' title="bbox 500 4841 2065 4903">
     <span class='ocr_line' id='line_1_97' title="bbox 500 4841 2065 4903; baseline -0.001 -8"><span class='ocrx_word' id='word_1_735' title='bbox 500 4843 715 4896; x_wconf 79' lang='lat' dir='ltr'><strong>minum</strong></span> <span class='ocrx_word' id='word_1_736' title='bbox 763 4857 793 4896; x_wconf 91' lang='lat' dir='ltr'><strong>a</strong></span> <span class='ocrx_word' id='word_1_737' title='bbox 841 4841 1052 4895; x_wconf 88' lang='lat' dir='ltr'><strong>ratione</strong></span> <span class='ocrx_word' id='word_1_738' title='bbox 1107 4854 1328 4895; x_wconf 88' lang='lat' dir='ltr'><strong>aversas</strong></span> <span class='ocrx_word' id='word_1_739' title='bbox 1375 4841 1746 4903; x_wconf 81' lang='lat' dir='ltr'><strong>excutientes,</strong></span> <span class='ocrx_word' id='word_1_740' title='bbox 1795 4855 1860 4895; x_wconf 91' lang='lat' dir='ltr'><strong>eo</strong></span> <span class='ocrx_word' id='word_1_741' title='bbox 1904 4841 2065 4894; x_wconf 88' lang='lat' dir='ltr'><strong>modo</strong></span> 
     </span>
    </p>
   </div>
   <div class='ocr_carea' id='block_1_98' title="bbox 503 4929 2066 5002">
    <p class='ocr_par' dir='ltr' id='par_1_98' title="bbox 503 4929 2066 5002">
     <span class='ocr_line' id='line_1_98' title="bbox 503 4929 2066 5002; baseline 0.001 -18"><span class='ocrx_word' id='word_1_742' title='bbox 503 4947 668 5002; x_wconf 90' lang='lat' dir='ltr'><strong>quem</strong></span> <span class='ocrx_word' id='word_1_743' title='bbox 727 4930 1003 4994; x_wconf 79' lang='lat' dir='ltr'><strong>diximus,</strong></span> <span class='ocrx_word' id='word_1_744' title='bbox 1052 4930 1190 5000; x_wconf 88' lang='lat' dir='ltr'><strong>lapsi</strong></span> <span class='ocrx_word' id='word_1_745' title='bbox 1239 4936 1407 4994; x_wconf 91' lang='lat' dir='ltr'><strong>sunt,</strong></span> <span class='ocrx_word' id='word_1_746' title='bbox 1453 4929 1546 4984; x_wconf 87' lang='lat' dir='ltr'><strong>sed</strong></span> <span class='ocrx_word' id='word_1_747' title='bbox 1592 4930 1753 4984; x_wconf 88' lang='lat' dir='ltr'><strong>etiam</strong></span> <span class='ocrx_word' id='word_1_748' title='bbox 1803 4931 2066 5000; x_wconf 83' lang='lat' dir='ltr'><strong>plurimas</strong></span> 
     </span>
    </p>
   </div>
   <div class='ocr_carea' id='block_1_99' title="bbox 502 5019 2064 5089">
    <p class='ocr_par' dir='ltr' id='par_1_99' title="bbox 502 5019 2064 5089">
     <span class='ocr_line' id='line_1_99' title="bbox 502 5019 2064 5089; baseline -0.002 -12"><span class='ocrx_word' id='word_1_749' title='bbox 502 5033 789 5078; x_wconf 86' lang='lat' dir='ltr'><strong>creaturas</strong></span> <span class='ocrx_word' id='word_1_750' title='bbox 813 5063 826 5086; x_wconf 90' lang='lat'><strong>,</strong></span> <span class='ocrx_word' id='word_1_751' title='bbox 860 5022 968 5077; x_wconf 90' lang='lat' dir='ltr'><strong>imo</strong></span> <span class='ocrx_word' id='word_1_752' title='bbox 1002 5021 1114 5076; x_wconf 82' lang='lat' dir='ltr'><strong>fere</strong></span> <span class='ocrx_word' id='word_1_753' title='bbox 1142 5021 1321 5074; x_wconf 81' lang='lat' dir='ltr'><strong>omnia</strong></span> <span class='ocrx_word' id='word_1_754' title='bbox 1364 5020 1418 5074; x_wconf 92' lang='lat' dir='ltr'><strong>in</strong></span> <span class='ocrx_word' id='word_1_755' title='bbox 1457 5019 1663 5075; x_wconf 84' lang='lat' dir='ltr'><strong>crimen</strong></span> <span class='ocrx_word' id='word_1_756' title='bbox 1701 5031 2028 5076; x_wconf 86' lang='lat' dir='ltr'><strong>vocaverunt</strong></span> <span class='ocrx_word' id='word_1_757' title='bbox 2049 5064 2064 5089; x_wconf 86' lang='lat'><strong>,</strong></span> 
     </span>
    </p>
   </div>
   <div class='ocr_carea' id='block_1_100' title="bbox 500 5112 2061 5185">
    <p class='ocr_par' dir='ltr' id='par_1_100' title="bbox 500 5112 2061 5185">
     <span class='ocr_line' id='line_1_100' title="bbox 500 5112 2061 5185; baseline 0 -19"><span class='ocrx_word' id='word_1_758' title='bbox 500 5130 626 5185; x_wconf 84' lang='lat' dir='ltr'><strong>quae</strong></span> <span class='ocrx_word' id='word_1_759' title='bbox 653 5115 858 5169; x_wconf 89' lang='lat' dir='ltr'><strong>nullam</strong></span> <span class='ocrx_word' id='word_1_760' title='bbox 888 5123 1063 5168; x_wconf 87' lang='lat' dir='ltr'><strong>tamen</strong></span> <span class='ocrx_word' id='word_1_761' title='bbox 1095 5112 1545 5183; x_wconf 84' lang='lat' dir='ltr'><strong>vituperationem</strong></span> <span class='ocrx_word' id='word_1_762' title='bbox 1576 5127 1700 5167; x_wconf 81' lang='lat' dir='ltr'><strong>vere</strong></span> <span class='ocrx_word' id='word_1_763' title='bbox 1730 5114 2022 5167; x_wconf 89' lang='lat' dir='ltr'><strong>admittunt</strong></span> <span class='ocrx_word' id='word_1_764' title='bbox 2047 5133 2061 5180; x_wconf 90' lang='lat'><strong>;</strong></span> 
     </span>
    </p>
   </div>
   <div class='ocr_carea' id='block_1_101' title="bbox 507 5199 2061 5271">
    <p class='ocr_par' dir='ltr' id='par_1_101' title="bbox 507 5199 2061 5271">
     <span class='ocr_line' id='line_1_101' title="bbox 507 5199 2061 5271; baseline 0.002 -18"><span class='ocrx_word' id='word_1_765' title='bbox 507 5202 649 5254; x_wconf 85' lang='lat' dir='ltr'><strong>mala</strong></span> <span class='ocrx_word' id='word_1_766' title='bbox 677 5209 853 5255; x_wconf 91' lang='lat' dir='ltr'><strong>autem</strong></span> <span class='ocrx_word' id='word_1_767' title='bbox 880 5202 991 5255; x_wconf 65' lang='lat' dir='ltr'><strong>haec</strong></span> <span class='ocrx_word' id='word_1_768' title='bbox 1011 5201 1444 5270; x_wconf 85' lang='lat' dir='ltr'><strong>appellaverunt,</strong></span> <span class='ocrx_word' id='word_1_769' title='bbox 1475 5199 1530 5254; x_wconf 93' lang='lat' dir='ltr'><strong>in</strong></span> <span class='ocrx_word' id='word_1_770' title='bbox 1557 5201 1678 5255; x_wconf 86' lang='lat' dir='ltr'><strong>aliis</strong></span> <span class='ocrx_word' id='word_1_771' title='bbox 1706 5201 1924 5271; x_wconf 89' lang='lat' dir='ltr'><strong>quidem</strong></span> <span class='ocrx_word' id='word_1_772' title='bbox 1957 5203 2061 5256; x_wconf 92' lang='lat' dir='ltr'><strong>mi-</strong></span> 
     </span>
    </p>
   </div>
   <div class='ocr_carea' id='block_1_102' title="bbox 506 5293 2066 5360">
    <p class='ocr_par' dir='ltr' id='par_1_102' title="bbox 506 5293 2066 5360">
     <span class='ocr_line' id='line_1_102' title="bbox 506 5293 2066 5360; baseline 0.003 -13"><span class='ocrx_word' id='word_1_773' title='bbox 506 5293 740 5348; x_wconf 86' lang='lat' dir='ltr'><strong>stiouem</strong></span> <span class='ocrx_word' id='word_1_774' title='bbox 769 5295 1206 5358; x_wconf 85' lang='lat' dir='ltr'><strong>contrariorum,</strong></span> <span class='ocrx_word' id='word_1_775' title='bbox 1253 5293 1383 5348; x_wconf 90' lang='lat' dir='ltr'><strong>boni</strong></span> <span class='ocrx_word' id='word_1_776' title='bbox 1428 5293 1640 5349; x_wconf 86' lang='lat' dir='ltr'><strong>scilicet</strong></span> <span class='ocrx_word' id='word_1_777' title='bbox 1686 5305 1740 5350; x_wconf 87' lang='lat' dir='ltr'><strong>et</strong></span> <span class='ocrx_word' id='word_1_778' title='bbox 1789 5298 1956 5360; x_wconf 91' lang='lat' dir='ltr'><strong>mali,</strong></span> <span class='ocrx_word' id='word_1_779' title='bbox 2007 5307 2066 5352; x_wconf 93' lang='lat' dir='ltr'><strong>ut</strong></span> 
     </span>
    </p>
   </div>
   <div class='ocr_carea' id='block_1_103' title="bbox 505 5383 2067 5452">
    <p class='ocr_par' dir='ltr' id='par_1_103' title="bbox 505 5383 2067 5452">
     <span class='ocr_line' id='line_1_103' title="bbox 505 5383 2067 5452; baseline 0.004 -16"><span class='ocrx_word' id='word_1_780' title='bbox 505 5383 820 5452; x_wconf 83' lang='lat' dir='ltr'><strong>loquuntur,</strong></span> <span class='ocrx_word' id='word_1_781' title='bbox 856 5385 1219 5450; x_wconf 85' lang='lat' dir='ltr'><strong>mentientes;</strong></span> <span class='ocrx_word' id='word_1_782' title='bbox 1251 5384 1307 5438; x_wconf 82' lang='lat' dir='ltr'><strong>in</strong></span> <span class='ocrx_word' id='word_1_783' title='bbox 1351 5383 1472 5439; x_wconf 76' lang='lat' dir='ltr'><strong>aliis</strong></span> <span class='ocrx_word' id='word_1_784' title='bbox 1517 5400 1646 5440; x_wconf 85' lang='lat' dir='ltr'><strong>vero</strong></span> <span class='ocrx_word' id='word_1_785' title='bbox 1693 5387 1892 5440; x_wconf 88' lang='lat' dir='ltr'><strong>malum</strong></span> <span class='ocrx_word' id='word_1_786' title='bbox 1935 5387 2067 5442; x_wconf 88' lang='lat' dir='ltr'><strong>sim-</strong></span> 
     </span>
    </p>
   </div>
   <div class='ocr_carea' id='block_1_104' title="bbox 509 5476 2066 5548">
    <p class='ocr_par' dir='ltr' id='par_1_104' title="bbox 509 5476 2066 5548">
     <span class='ocr_line' id='line_1_104' title="bbox 509 5476 2066 5548; baseline 0.004 -22"><span class='ocrx_word' id='word_1_787' title='bbox 509 5476 628 5544; x_wconf 77' lang='lat' dir='ltr'><strong>plex</strong></span> <span class='ocrx_word' id='word_1_788' title='bbox 658 5485 712 5531; x_wconf 91' lang='lat' dir='ltr'><strong>et</strong></span> <span class='ocrx_word' id='word_1_789' title='bbox 739 5477 904 5531; x_wconf 91' lang='lat' dir='ltr'><strong>unius</strong></span> <span class='ocrx_word' id='word_1_790' title='bbox 941 5476 1125 5531; x_wconf 67' lang='lat' dir='ltr'><strong>formae</strong></span> <span class='ocrx_word' id='word_1_791' title='bbox 1154 5476 1612 5547; x_wconf 86' lang='lat' dir='ltr'><strong>reprehendentes</strong></span> <span class='ocrx_word' id='word_1_792' title='bbox 1644 5497 1656 5531; x_wconf 95' lang='lat'>:</span> <span class='ocrx_word' id='word_1_793' title='bbox 1705 5487 1760 5533; x_wconf 92' lang='lat' dir='ltr'><strong>et</strong></span> <span class='ocrx_word' id='word_1_794' title='bbox 1802 5487 2066 5548; x_wconf 90' lang='lat' dir='ltr'><strong>quantum</strong></span> 
     </span>
    </p>
   </div>
   <div class='ocr_carea' id='block_1_105' title="bbox 508 5558 2058 5640">
    <p class='ocr_par' dir='ltr' id='par_1_105' title="bbox 508 5558 2058 5640">
     <span class='ocr_line' id='line_1_105' title="bbox 508 5558 2058 5640; baseline 0.005 -23"><span class='ocrx_word' id='word_1_795' title='bbox 508 5565 560 5617; x_wconf 93' lang='lat' dir='ltr'><strong>in</strong></span> <span class='ocrx_word' id='word_1_796' title='bbox 586 5566 718 5633; x_wconf 89' lang='lat' dir='ltr'><strong>ipsis</strong></span> <span class='ocrx_word' id='word_1_797' title='bbox 749 5567 847 5620; x_wconf 81' lang='lat' dir='ltr'><strong>fuit</strong></span> <span class='ocrx_word' id='word_1_798' title='bbox 868 5608 882 5630; x_wconf 91' lang='lat'><strong>,</strong></span> <span class='ocrx_word' id='word_1_799' title='bbox 911 5568 1092 5621; x_wconf 87' lang='lat' dir='ltr'><strong>omnia</strong></span> <span class='ocrx_word' id='word_1_800' title='bbox 1119 5569 1501 5634; x_wconf 76' lang='lat' dir='ltr'><strong>confuderunt,</strong></span> <span class='ocrx_word' id='word_1_801' title='bbox 1531 5558 1865 5640; x_wconf 80' lang='lat' dir='ltr'><strong>appellantes</strong></span> <span class='ocrx_word' id='word_1_802' title='bbox 1895 5572 2058 5636; x_wconf 89' lang='lat' dir='ltr'><strong>mala,</strong></span> 
     </span>
    </p>
   </div>
   <div class='ocr_carea' id='block_1_106' title="bbox 508 5660 2059 5735">
    <p class='ocr_par' dir='ltr' id='par_1_106' title="bbox 508 5660 2059 5735">
     <span class='ocr_line' id='line_1_106' title="bbox 508 5660 2059 5735; baseline 0.005 -25"><span class='ocrx_word' id='word_1_803' title='bbox 508 5673 625 5730; x_wconf 63' lang='lat' dir='ltr'><strong>qure</strong></span> <span class='ocrx_word' id='word_1_804' title='bbox 655 5660 872 5713; x_wconf 87' lang='lat' dir='ltr'><strong>minime</strong></span> <span class='ocrx_word' id='word_1_805' title='bbox 899 5661 1038 5714; x_wconf 83' lang='lat' dir='ltr'><strong>mala</strong></span> <span class='ocrx_word' id='word_1_806' title='bbox 1069 5668 1212 5714; x_wconf 89' lang='lat' dir='ltr'><strong>sunt.</strong></span> <span class='ocrx_word' id='word_1_807' title='bbox 1248 5660 1307 5716; x_wconf 92' lang='lat' dir='ltr'><strong>Si</strong></span> <span class='ocrx_word' id='word_1_808' title='bbox 1340 5662 1485 5717; x_wconf 92' lang='lat' dir='ltr'><strong>enim</strong></span> <span class='ocrx_word' id='word_1_809' title='bbox 1512 5663 1837 5732; x_wconf 73' lang='lat' dir='ltr'><strong>iniustitiam</strong></span> <span class='ocrx_word' id='word_1_810' title='bbox 1869 5665 1924 5718; x_wconf 89' lang='lat' dir='ltr'><strong>in</strong></span> <span class='ocrx_word' id='word_1_811' title='bbox 1951 5681 2059 5735; x_wconf 88' lang='lat' dir='ltr'><strong>qua</strong></span> 
     </span>
    </p>
   </div>
   <div class='ocr_carea' id='block_1_107' title="bbox 2167 4747 3731 4822">
    <p class='ocr_par' dir='ltr' id='par_1_107' title="bbox 2167 4747 3731 4822">
     <span class='ocr_line' id='line_1_107' title="bbox 2167 4747 3731 4822; baseline 0.003 -21"><span class='ocrx_word' id='word_1_812' title='bbox 2167 4751 2449 4822; x_wconf 87' lang='grc' dir='ltr'><strong>μιουργίας</strong></span> <span class='ocrx_word' id='word_1_813' title='bbox 2492 4751 2583 4804; x_wconf 83' lang='grc' dir='ltr'><strong>τὸν</strong></span> <span class='ocrx_word' id='word_1_814' title='bbox 2628 4751 2801 4819; x_wconf 89' lang='grc' dir='ltr'><strong>λόγον,</strong></span> <span class='ocrx_word' id='word_1_815' title='bbox 2832 4749 2891 4802; x_wconf 82' lang='grc' dir='ltr'><strong>οὐ</strong></span> <span class='ocrx_word' id='word_1_816' title='bbox 2924 4749 3082 4819; x_wconf 88' lang='grc' dir='ltr'><strong>μόνον</strong></span> <span class='ocrx_word' id='word_1_817' title='bbox 3125 4747 3234 4802; x_wconf 89' lang='grc' dir='ltr'><strong>τῶν</strong></span> <span class='ocrx_word' id='word_1_818' title='bbox 3280 4748 3583 4820; x_wconf 82' lang='grc' dir='ltr'><strong>ἀνθρώπων</strong></span> <span class='ocrx_word' id='word_1_819' title='bbox 3631 4752 3731 4816; x_wconf 67' lang='grc' dir='ltr'><strong>τὰς</strong></span> 
     </span>
    </p>
   </div>
   <div class='ocr_carea' id='block_1_108' title="bbox 2165 4842 3730 4916">
    <p class='ocr_par' dir='ltr' id='par_1_108' title="bbox 2165 4842 3730 4916">
     <span class='ocr_line' id='line_1_108' title="bbox 2165 4842 3730 4916; baseline 0 -20"><span class='ocrx_word' id='word_1_820' title='bbox 2165 4844 2504 4916; x_wconf 84' lang='grc' dir='ltr'><strong>παραλόγους</strong></span> <span class='ocrx_word' id='word_1_821' title='bbox 2532 4844 2755 4916; x_wconf 83' lang='grc' dir='ltr'><strong>πράξεις</strong></span> <span class='ocrx_word' id='word_1_822' title='bbox 2777 4843 3146 4907; x_wconf 78' lang='grc' dir='ltr'><strong>ἐξετάσαντες,</strong></span> <span class='ocrx_word' id='word_1_823' title='bbox 3170 4842 3264 4895; x_wconf 83' lang='grc' dir='ltr'><strong>τὸν</strong></span> <span class='ocrx_word' id='word_1_824' title='bbox 3301 4843 3591 4913; x_wconf 76' lang='grc' dir='ltr'><strong>εἰρημένον</strong></span> <span class='ocrx_word' id='word_1_825' title='bbox 3616 4842 3730 4915; x_wconf 81' lang='grc' dir='ltr'><strong>τρό-</strong></span> 
     </span>
    </p>
   </div>
   <div class='ocr_carea' id='block_1_109' title="bbox 2166 4933 3729 5007">
    <p class='ocr_par' dir='ltr' id='par_1_109' title="bbox 2166 4933 3729 5007">
     <span class='ocr_line' id='line_1_109' title="bbox 2166 4933 3729 5007; baseline -0.001 -19"><span class='ocrx_word' id='word_1_826' title='bbox 2166 4953 2265 4989; x_wconf 90' lang='grc' dir='ltr'><strong>πον</strong></span> <span class='ocrx_word' id='word_1_827' title='bbox 2295 4935 2625 5004; x_wconf 73' lang='grc' dir='ltr'><strong>ἐσφάλησαν,</strong></span> <span class='ocrx_word' id='word_1_828' title='bbox 2661 4934 2795 4988; x_wconf 87' lang='grc' dir='ltr'><strong>ἀλλά</strong></span> <span class='ocrx_word' id='word_1_829' title='bbox 2821 4935 2916 4987; x_wconf 71' lang='grc' dir='ltr'><strong>καὶ</strong></span> <span class='ocrx_word' id='word_1_830' title='bbox 2936 4933 3162 4986; x_wconf 80' lang='grc' dir='ltr'><strong>’πλεῖστα</strong></span> <span class='ocrx_word' id='word_1_831' title='bbox 3186 4933 3293 4986; x_wconf 88' lang='grc' dir='ltr'><strong>τῶν</strong></span> <span class='ocrx_word' id='word_1_832' title='bbox 3315 4933 3729 5007; x_wconf 80' lang='grc' dir='ltr'><strong>δημιουργημά-</strong></span> 
     </span>
    </p>
   </div>
   <div class='ocr_carea' id='block_1_110' title="bbox 2165 5025 3730 5098">
    <p class='ocr_par' dir='ltr' id='par_1_110' title="bbox 2165 5025 3730 5098">
     <span class='ocr_line' id='line_1_110' title="bbox 2165 5025 3730 5098; baseline -0.001 -18"><span class='ocrx_word' id='word_1_833' title='bbox 2165 5045 2272 5080; x_wconf 87' lang='grc' dir='ltr'><strong>των</strong></span> <span class='ocrx_word' id='word_1_834' title='bbox 2291 5045 2307 5058; x_wconf 79' lang='grc'><em>’</em></span> <span class='ocrx_word' id='word_1_835' title='bbox 2343 5027 2538 5098; x_wconf 85' lang='grc' dir='ltr'><strong>μᾶλλον</strong></span> <span class='ocrx_word' id='word_1_836' title='bbox 2573 5028 2666 5079; x_wconf 79' lang='grc' dir='ltr'><strong>καὶ</strong></span> <span class='ocrx_word' id='word_1_837' title='bbox 2711 5027 2892 5098; x_wconf 73' lang='grc' dir='ltr'><strong>σχεδὸν</strong></span> <span class='ocrx_word' id='word_1_838' title='bbox 2925 5026 3157 5090; x_wconf 77' lang='grc' dir='ltr'><strong>ἅπαντα,</strong></span> <span class='ocrx_word' id='word_1_839' title='bbox 3183 5025 3347 5096; x_wconf 78' lang='grc' dir='ltr'><strong>ψόγον</strong></span> <span class='ocrx_word' id='word_1_840' title='bbox 3374 5026 3565 5079; x_wconf 78' lang='grc' dir='ltr'><strong>οὐδένα</strong></span> <span class='ocrx_word' id='word_1_841' title='bbox 3592 5027 3730 5080; x_wconf 80' lang='grc' dir='ltr'><strong>κατά</strong></span> 
     </span>
    </p>
   </div>
   <div class='ocr_carea' id='block_1_111' title="bbox 2169 5118 3731 5191">
    <p class='ocr_par' dir='ltr' id='par_1_111' title="bbox 2169 5118 3731 5191">
     <span class='ocr_line' id='line_1_111' title="bbox 2169 5118 3731 5191; baseline -0.001 -18"><span class='ocrx_word' id='word_1_842' title='bbox 2169 5120 2230 5174; x_wconf 70' lang='grc' dir='ltr'><strong>τὸ</strong></span> <span class='ocrx_word' id='word_1_843' title='bbox 2277 5120 2473 5191; x_wconf 83' lang='grc' dir='ltr'><strong>ἀληθὲς</strong></span> <span class='ocrx_word' id='word_1_844' title='bbox 2521 5119 2894 5189; x_wconf 79' lang='grc' dir='ltr'><strong>ἐπιδεχόμενα,</strong></span> <span class='ocrx_word' id='word_1_845' title='bbox 2928 5118 3170 5173; x_wconf 78' lang='grc' dir='ltr'><strong>διέϐαλον</strong></span> <span class='ocrx_word' id='word_1_846' title='bbox 3197 5135 3210 5148; x_wconf 82' lang='lat'>&#39;</span> <span class='ocrx_word' id='word_1_847' title='bbox 3259 5118 3405 5172; x_wconf 83' lang='grc' dir='ltr'><strong>κακὰ</strong></span> <span class='ocrx_word' id='word_1_848' title='bbox 3449 5119 3508 5172; x_wconf 81' lang='grc' dir='ltr'><strong>δὲ</strong></span> <span class='ocrx_word' id='word_1_849' title='bbox 3560 5119 3731 5173; x_wconf 82' lang='grc' dir='ltr'><strong>ταῦτα</strong></span> 
     </span>
    </p>
   </div>
   <div class='ocr_carea' id='block_1_112' title="bbox 2171 5209 3729 5284">
    <p class='ocr_par' dir='ltr' id='par_1_112' title="bbox 2171 5209 3729 5284">
     <span class='ocr_line' id='line_1_112' title="bbox 2171 5209 3729 5284; baseline -0.001 -18"><span class='ocrx_word' id='word_1_850' title='bbox 2171 5217 2488 5284; x_wconf 84' lang='grc' dir='ltr'><strong>προσεῖπον,</strong></span> <span class='ocrx_word' id='word_1_851' title='bbox 2514 5211 2621 5264; x_wconf 89' lang='grc' dir='ltr'><strong>τῶν</strong></span> <span class='ocrx_word' id='word_1_852' title='bbox 2665 5213 2762 5282; x_wconf 83' lang='grc' dir='ltr'><strong>μὲν</strong></span> <span class='ocrx_word' id='word_1_853' title='bbox 2789 5212 2983 5282; x_wconf 80' lang='grc' dir='ltr'><strong>κρᾶσιν</strong></span> <span class='ocrx_word' id='word_1_854' title='bbox 3028 5211 3136 5264; x_wconf 85' lang='grc' dir='ltr'><strong>τῶν</strong></span> <span class='ocrx_word' id='word_1_855' title='bbox 3161 5211 3435 5272; x_wconf 75' lang='grc' dir='ltr'><strong>ἐναντίων,</strong></span> <span class='ocrx_word' id='word_1_856' title='bbox 3475 5209 3550 5274; x_wconf 83' lang='grc' dir='ltr'><strong>ῶς</strong></span> <span class='ocrx_word' id='word_1_857' title='bbox 3577 5228 3729 5282; x_wconf 83' lang='grc' dir='ltr'><strong>φασι,</strong></span> 
     </span>
    </p>
   </div>
   <div class='ocr_carea' id='block_1_113' title="bbox 2170 5301 3730 5374">
    <p class='ocr_par' dir='ltr' id='par_1_113' title="bbox 2170 5301 3730 5374">
     <span class='ocr_line' id='line_1_113' title="bbox 2170 5301 3730 5374; baseline -0.001 -17"><span class='ocrx_word' id='word_1_858' title='bbox 2170 5303 2338 5357; x_wconf 87' lang='grc' dir='ltr'><strong>κακοῦ</strong></span> <span class='ocrx_word' id='word_1_859' title='bbox 2370 5319 2430 5356; x_wconf 85' lang='grc' dir='ltr'><strong>τε</strong></span> <span class='ocrx_word' id='word_1_860' title='bbox 2471 5303 2564 5355; x_wconf 77' lang='grc' dir='ltr'><strong>καὶ</strong></span> <span class='ocrx_word' id='word_1_861' title='bbox 2604 5301 2806 5371; x_wconf 85' lang='grc' dir='ltr'><strong>ἀγαθοῦ</strong></span> <span class='ocrx_word' id='word_1_862' title='bbox 2849 5302 3339 5373; x_wconf 77' lang='grc' dir='ltr'><strong>καταψευσάμενοι,</strong></span> <span class='ocrx_word' id='word_1_863' title='bbox 3379 5301 3485 5357; x_wconf 86' lang='grc' dir='ltr'><strong>τῶν</strong></span> <span class='ocrx_word' id='word_1_864' title='bbox 3525 5303 3586 5356; x_wconf 75' lang='grc' dir='ltr'><strong>δὲ</strong></span> <span class='ocrx_word' id='word_1_865' title='bbox 3636 5321 3730 5374; x_wconf 86' lang='grc' dir='ltr'><strong>μο-</strong></span> 
     </span>
    </p>
   </div>
   <div class='ocr_carea' id='block_1_114' title="bbox 2169 5393 3731 5466">
    <p class='ocr_par' dir='ltr' id='par_1_114' title="bbox 2169 5393 3731 5466">
     <span class='ocr_line' id='line_1_114' title="bbox 2169 5393 3731 5466; baseline -0.001 -18"><span class='ocrx_word' id='word_1_866' title='bbox 2169 5393 2346 5465; x_wconf 87' lang='grc' dir='ltr'><strong>νοειδῆ</strong></span> <span class='ocrx_word' id='word_1_867' title='bbox 2381 5393 2575 5448; x_wconf 88' lang='grc' dir='ltr'><strong>κακίαν</strong></span> <span class='ocrx_word' id='word_1_868' title='bbox 2620 5394 2988 5458; x_wconf 85' lang='grc' dir='ltr'><strong>κατειπόντες,</strong></span> <span class='ocrx_word' id='word_1_869' title='bbox 3037 5396 3130 5448; x_wconf 77' lang='grc' dir='ltr'><strong>καὶ</strong></span> <span class='ocrx_word' id='word_1_870' title='bbox 3179 5395 3434 5466; x_wconf 82' lang='grc' dir='ltr'><strong>συνέχεαν</strong></span> <span class='ocrx_word' id='word_1_871' title='bbox 3477 5393 3605 5463; x_wconf 83' lang='grc' dir='ltr'><strong>τόγε</strong></span> <span class='ocrx_word' id='word_1_872' title='bbox 3645 5395 3731 5446; x_wconf 75' lang='grc' dir='ltr'><strong>ἐπ’</strong></span> 
     </span>
    </p>
   </div>
   <div class='ocr_carea' id='block_1_115' title="bbox 2172 5483 3732 5557">
    <p class='ocr_par' dir='ltr' id='par_1_115' title="bbox 2172 5483 3732 5557">
     <span class='ocr_line' id='line_1_115' title="bbox 2172 5483 3732 5557; baseline -0.003 -18"><span class='ocrx_word' id='word_1_873' title='bbox 2172 5486 2353 5548; x_wconf 77' lang='grc' dir='ltr'><strong>αὐτοῖς</strong></span> <span class='ocrx_word' id='word_1_874' title='bbox 2379 5484 2446 5537; x_wconf 84' lang='grc' dir='ltr'><strong>τὰ</strong></span> <span class='ocrx_word' id='word_1_875' title='bbox 2466 5484 2660 5546; x_wconf 86' lang='grc' dir='ltr'><strong>πάντα,</strong></span> <span class='ocrx_word' id='word_1_876' title='bbox 2688 5484 2832 5538; x_wconf 83' lang='grc' dir='ltr'><strong>κακὰ</strong></span> <span class='ocrx_word' id='word_1_877' title='bbox 2856 5483 2926 5538; x_wconf 81' lang='grc' dir='ltr'><strong>τὰ</strong></span> <span class='ocrx_word' id='word_1_878' title='bbox 2955 5483 3218 5557; x_wconf 88' lang='grc' dir='ltr'><strong>μηδαμῶς</strong></span> <span class='ocrx_word' id='word_1_879' title='bbox 3242 5483 3386 5538; x_wconf 88' lang='grc' dir='ltr'><strong>κακά</strong></span> <span class='ocrx_word' id='word_1_880' title='bbox 3418 5483 3732 5556; x_wconf 75' lang='grc' dir='ltr'><strong>προσειπόνο</strong></span> 
     </span>
    </p>
   </div>
   <div class='ocr_carea' id='block_1_116' title="bbox 2165 5573 3732 5648">
    <p class='ocr_par' dir='ltr' id='par_1_116' title="bbox 2165 5573 3732 5648">
     <span class='ocr_line' id='line_1_116' title="bbox 2165 5573 3732 5648; baseline -0.001 -20"><span class='ocrx_word' id='word_1_881' title='bbox 2165 5592 2275 5639; x_wconf 86' lang='grc' dir='ltr'><strong>τες.</strong></span> <span class='ocrx_word' id='word_1_882' title='bbox 2311 5576 2373 5628; x_wconf 85' lang='grc' dir='ltr'><strong>Εί</strong></span> <span class='ocrx_word' id='word_1_883' title='bbox 2403 5576 2498 5646; x_wconf 82' lang='grc' dir='ltr'><strong>μὲν</strong></span> <span class='ocrx_word' id='word_1_884' title='bbox 2531 5573 2638 5646; x_wconf 81' lang='grc' dir='ltr'><strong>γὰρ</strong></span> <span class='ocrx_word' id='word_1_885' title='bbox 2663 5574 2761 5645; x_wconf 81' lang='grc' dir='ltr'><strong>τὴν</strong></span> <span class='ocrx_word' id='word_1_886' title='bbox 2790 5576 2942 5648; x_wconf 83' lang='grc' dir='ltr'><strong>παρά</strong></span> <span class='ocrx_word' id='word_1_887' title='bbox 2967 5575 3276 5648; x_wconf 83' lang='grc' dir='ltr'><strong>ἀνθρώποις</strong></span> <span class='ocrx_word' id='word_1_888' title='bbox 3313 5575 3526 5630; x_wconf 86' lang='grc' dir='ltr'><strong>ἀδικίαν</strong></span> <span class='ocrx_word' id='word_1_889' title='bbox 3567 5576 3732 5646; x_wconf 74' lang='grc' dir='ltr'><strong>μόνην</strong></span> 
     </span>
    </p>
   </div>
   <div class='ocr_carea' id='block_1_117' title="bbox 2166 5659 3730 5736">
    <p class='ocr_par' dir='ltr' id='par_1_117' title="bbox 2166 5659 3730 5736">
     <span class='ocr_line' id='line_1_117' title="bbox 2166 5659 3730 5736; baseline 0.001 -20"><span class='ocrx_word' id='word_1_890' title='bbox 2166 5659 2330 5718; x_wconf 76' lang='grc' dir='ltr'><strong>οὖσαν</strong></span> <span class='ocrx_word' id='word_1_891' title='bbox 2372 5663 2580 5717; x_wconf 84' lang='grc' dir='ltr'><strong>ἀδικίαν</strong></span> <span class='ocrx_word' id='word_1_892' title='bbox 2623 5664 2864 5719; x_wconf 84' lang='grc' dir='ltr'><strong>διέϐαλον</strong></span> <span class='ocrx_word' id='word_1_893' title='bbox 2907 5668 2986 5729; x_wconf 84' lang='grc' dir='ltr'><strong>εἰς</strong></span> <span class='ocrx_word' id='word_1_894' title='bbox 3027 5667 3246 5732; x_wconf 88' lang='grc' dir='ltr'><strong>κακίαν,</strong></span> <span class='ocrx_word' id='word_1_895' title='bbox 3295 5666 3462 5736; x_wconf 74' lang='grc' dir='ltr'><strong>ἐχρῆν</strong></span> <span class='ocrx_word' id='word_1_896' title='bbox 3501 5665 3602 5735; x_wconf 81' lang='grc' dir='ltr'><strong>μὲν</strong></span> <span class='ocrx_word' id='word_1_897' title='bbox 3643 5666 3730 5719; x_wconf 74' lang='grc' dir='ltr'><strong>καὶ</strong></span> 
     </span>
    </p>
   </div>
  </div>
