4072 6338
386 311 521 368 10ἶὸ

1447 308 1815 364 ADVERSUS
1852 304 2269 361 MANICHEOS
2307 303 2433 357 LIB.
2481 303 2518 358 1.

3477 302 3613 355 ωτι

384 420 554 481 οὑτως
582 417 974 486 ἀσφαλίζεσθαι
1003 420 1050 472 τ’
1080 418 1252 490 ὄνομα
1281 420 1374 473 καὶ
1400 418 1498 491 τὴν
1524 421 1649 491 περὶ
1680 421 1847 489 αὑτῆς
1872 420 1956 471 δό-

2061 417 2305 471 homines
2335 422 2492 477 sunt,
2524 427 2643 482 qua:
2673 412 2789 466 sola
2819 419 2903 466 est
2946 410 3213 480 injustitia
3238 451 3251 474 ,
3292 424 3617 467 accusarent

382 514 501 578 ξαν,
531 511 605 574 ὡς
625 510 972 581 ὑπαρχούσης
992 511 1085 564 καὶ
1120 512 1193 583 μὴ
1216 512 1583 582 ὑπαρχούσης,
1610 512 1665 564 ἐν
1686 530 1744 564 τε
1771 512 1843 582 (2)
1875 511 1949 582 τῷ

383 604 740 674 πράττεσθαι,
786 604 878 656 καὶ
928 604 1003 674 μὴ
1040 604 1407 672 πράττεσθαι·
1448 606 1645 676 ἥκιστα
1682 605 1737 657 δὲ
1779 606 1951 675 ἀρχὴν

386 696 695 763 ἐπεισάγειν
742 694 909 764 αὑτὴν
938 693 1108 763 ,κατά
1162 694 1329 747 Θεοῦ·
1387 695 1535 765 ὅμως
1580 695 1625 747 δ’
1669 694 1732 748 ἂν
1770 695 1952 756 αὑτοῖς

384 787 819 858 εὑπερίγραπτον
864 782 931 855 ἦν
956 787 1016 838 τὸ
1060 786 1296 857 σφάλμα.
1339 787 1474 841 Νυνὶ
1508 787 1565 839 δὲ
1601 786 1782 856 σχεδὸν
1816 786 1955 839 ἀπα-

388 897 487 933 σαν
532 879 631 951 τὴν
679 877 1038 949 δημιουργίαν
1092 880 1441 943 κακίσαντες,
1500 879 1802 950 ὑπέρογκον
1856 877 1952 948 τὴν

390 968 735 1038 βλασφημίαν
768 967 906 1020 κατά
937 966 1071 1020 Θεοῦ
1106 968 1448 1037 πεποίηνται,
1482 968 1575 1021 καὶ
1616 969 1952 1039 παράγουσιν

386 1061 462 1123 ὡς
486 1060 888 1130 ὁμολογούμενα
920 1060 995 1129 τῷ
1032 1060 1174 1131 λόγῳ
1218 1062 1309 1114 καὶ
1352 1063 1525 1115 πάντα
1561 1062 1626 1114 τά
1660 1061 1823 1133 θηρία
1859 1063 1953 1115 καὶ

390 1152 456 1204 τὰ
479 1149 744 1215 κνώδαλα,
771 1151 868 1203 οὑκ
906 1151 1137 1221 οἰόμενοι
1166 1152 1361 1223 χρῆναι
1384 1152 1519 1223 πρὸς
1548 1152 1749 1220 ἀγαθοῦ
1781 1153 1951 1207 ταῦτα

391 1243 735 1313 γεγενῆσθαι,
790 1242 889 1295 οὑκ
936 1243 1181 1314 ἄχρηστα
1232 1243 1411 1315 μόνον,
1460 1244 1535 1307 ὼς
1597 1244 1952 1315 ὑπειλήφασιν

391 1333 540 1400 ὄντα,
567 1333 702 1386 ἀλλὰ
729 1334 821 1387 καὶ
844 1332 960 1386 λίαν
984 1333 1285 1405 ἀνθρώποις
1316 1333 1714 1405 βλαϐερώταταο
1744 1338 1950 1390 καίτοι·

390 1442 454 1494 γε
482 1425 759 1495 δειχθῆναι
786 1425 1079 1495 δυνάμενα,
1112 1424 1185 1487 ὡς
1218 1425 1415 1495 μᾶλλον
1440 1425 1829 1498 ὠφελιμώτερα
1860 1429 1953 1481 καὶ

392 1515 781 1586 χρησιμώτερα
826 1515 1111 1585 τυγχάνει,
1152 1516 1293 1584 ἥπερ
1329 1514 1398 1567 τὰ
1438 1514 1602 1578 ὅντως
1652 1514 1954 1587 ἀνθρώποις

391 1606 684 1658 λυσιτελεῖν
723 1605 978 1658 δοκοῦντα
1002 1622 1015 1636 ⁸
1058 1607 1149 1660 καὶ
1184 1604 1349 1658 πολλά
1383 1606 1478 1676 μὲν
1509 1607 1601 1659 καὶ
1632 1606 1793 1677 ἕτερα
1834 1625 1955 1661 συν-

391 1696 629 1765 είρουσιν
661 1695 740 1758 είς
768 1694 1017 1767 διαϐολὴν
1048 1694 1155 1749 τῶν
1184 1694 1369 1758 όντων,
1404 1695 1495 1749 καὶ
1534 1694 1632 1765 τῆς
1670 1695 1777 1750 τῶν
1818 1697 1952 1751 ὅλων

388 1786 723 1857 διοικήσεως.

2056 517 2311 577 tanquam
2340 508 2540 559 malum
2570 521 2583 569 ;
2613 505 2692 557 sic
2714 502 2877 557 etiam
2901 503 3183 571 Oportebat
3203 518 3396 557 nomen
3419 512 3472 558 et
3499 506 3617 574 epi-

2053 600 2269 654 nionem
2299 598 2365 653 de
2389 612 2452 651 ea
2482 597 2713 659 munire,
2746 602 3001 664 tanquam
3030 610 3149 663 quae
3178 604 3317 650 esset
3338 637 3352 661 ,
3376 595 3504 649 dum
3534 605 3617 651 est

2053 693 2229 759 actio;
2262 700 2355 745 aut
2377 704 2484 744 non
2510 698 2684 749 esset,
2712 685 2840 740 dum
2863 702 2973 739 non
3001 693 3084 740 est
3110 684 3275 739 actio:
3302 702 3408 739 non
3436 694 3615 741 autem

2052 786 2341 856 oportebat
2411 782 2759 838 introducere
2820 779 3147 848 principium
3196 780 3373 849 ipsum
3426 790 3615 835 contra

2053 877 2221 935 Deum
2252 899 2265 933 :
2298 877 2491 933 fuisset
2520 883 2698 928 tamen
2734 887 2920 927 eorum
2950 887 3106 927 error
3143 871 3345 926 aﬁatim
3383 873 3617 928 circum-

2055 970 2294 1039 scriptus
2320 977 2372 1023 et
2399 967 2741 1023 terminatus.
2771 962 2925 1018 Nunc
2954 974 3131 1018 autem
3157 980 3278 1019 cum
3306 963 3416 1018 fere
3436 964 3618 1019 omnia

2054 1074 2173 1129 qua:
2200 1059 2460 1113 fabricata
2486 1064 2643 1119 sunt,
2672 1056 2812 1108 mala
2838 1070 2957 1109 esse
2979 1056 3161 1110 dicant
3188 1095 3204 1119 ,
3230 1055 3618 1124 blasphemiam

2054 1151 2108 1205 in
2139 1151 2307 1205 Deum
2336 1150 2390 1203 in
2420 1148 2686 1203 inﬁnitum
2717 1157 3017 1210 auxerunt,
3061 1156 3113 1201 et
3158 1147 3462 1217 producunt
3502 1157 3620 1201 tan-

2053 1262 2215 1317 quam
2262 1252 2409 1300 certa
2449 1251 2502 1298 et
2543 1243 2751 1296 ratione
2794 1255 2856 1293 ac
2895 1240 3103 1309 judicio
3136 1239 3359 1309 probata
3384 1281 3398 1303 ,
3429 1255 3619 1294 omnes

2056 1338 2261 1393 bestias
2291 1346 2343 1392 et
2374 1335 2546 1398 teras,
2580 1348 2688 1388 non
2721 1340 2977 1402 putantes
3019 1339 3271 1401 oportere
3313 1330 3453 1384 facta
3500 1345 3620 1387 esse

2055 1430 2167 1484 haec
2199 1445 2229 1483 a
2258 1428 2435 1491 bono,
2469 1442 2578 1480 non
2609 1427 2783 1481 solum
2826 1439 3015 1480 eorum
3063 1423 3318 1492 opinione
3363 1422 3576 1478 inutilia
3600 1463 3616 1483 ,

2061 1522 2155 1578 sed
2185 1519 2498 1573 hominibus
2530 1518 2939 1572 nocentissima.
2967 1515 3225 1581 Quamvis
3256 1514 3618 1569 demonstrari

2056 1610 2263 1683 possint
2293 1609 2511 1662 utiliora
2540 1614 2593 1663 et
2622 1606 2989 1661 commodiora
3028 1620 3149 1659 esse
3191 1620 3352 1674 quam
3397 1620 3457 1659 ea
3500 1619 3621 1675 qua:

2055 1717 2181 1755 vere
2207 1698 2517 1753 hominibus
2540 1698 2846 1751 conducere
2873 1696 3159 1749 videantur
3185 1713 3197 1758 ;
3229 1711 3292 1749 ac
3317 1697 3485 1750 multa
3509 1699 3620 1766 qui-

1980 1791 2020 1846 B
2051 1798 2169 1847 dem
2200 1793 2301 1844 alia
2334 1798 2664 1845 connectunt
2694 1788 2758 1842 ad
2792 1788 3194 1843 accusationem
3228 1803 3407 1843 rerum
3438 1796 3495 1843 ct
3519 1806 3618 1860 gu-

2058 1880 2395 1935 bernationis
2429 1880 2692 1934 universi.

1546 1986 1675 2042 Car.
1720 1987 1807 2045 IV.
1850 1988 2129 2048 Methodus
2160 1992 2487 2061 disputandi.

475 2082 531 2135 '0
569 2080 627 2133 δὲ
676 2080 833 2148 λόγος
883 2079 1033 2133 οὐδὲν
1077 2079 1459 2133 ἀναπόδεικτον
1491 2079 1597 2131 τῶν
1638 2097 1697 2132 τε
1737 2083 1960 2153 εἰρημέ-

390 2188 497 2225 νων
545 2171 638 2225 καὶ
684 2170 1066 2243 ῥηθησομένων
1108 2170 1421 2224 καταλιπεῖν
1470 2170 1819 2243 πειράσεταιο
1868 2173 1962 2229 δύο

393 2264 500 2336 γὰρ
533 2264 786 2318 ἐναντίων
815 2264 1026 2333 φύσεων
1070 2266 1264 2336 κρᾶσιν
1307 2264 1363 2317 ὲν
1395 2265 1507 2327 τοῖς
1546 2258 1664 2317 οὖσι
1700 2265 1964 2333 φανταζό-

396 2355 898 2428 μενοι,διανέμουσι
938 2354 1159 2419 ταύταις
1198 2354 1269 2408 τὰ
1318 2354 1445 2409 ὄντα
1490 2355 1630 2409 κατά
1670 2356 1730 2410 τὸ
1775 2356 1962 2412 δοκοῦν

395 2448 598 2511 αὑτοῖς.
634 2448 825 2511 Πόθεν,
852 2447 1117 2516 λέγοντες,
1146 2446 1217 2499 τὰ
1244 2447 1407 2511 κακὰ,
1425 2450 1473 2501 εί
1504 2449 1577 2521 μὴ
1604 2449 1665 2502 ἐκ
1691 2467 1833 2513 τινος
1859 2451 1957 2522 ἀρ-

395 2539 495 2610 χῆς
522 2538 614 2591 καὶ
645 2536 817 2591 ταῦτα
842 2537 1125 2609 τυγχάνει;
1153 2539 1214 2592 Εί
1246 2537 1301 2591 δέ
1326 2556 1409 2602 τις
1438 2541 1750 2613 ἐρωτήσειε
1788 2543 1951 2608 Ποῖα;

398 2631 697 2701 συνείρουσι
733 2630 802 2683 τὰ
840 2631 948 2685 τῶν
998 2631 1296 2706 ἀνθρώπων
1340 2634 1707 2705 ἁμαρτήματα
1754 2636 1846 2688 καὶ
1889 2635 1957 2689 τὰ

392 2721 485 2774 τοῦ
511 2721 644 2775 Θεοῦ
678 2722 1149 2796 δημιουργήματα,
1170 2725 1263 2779 καὶ
1290 2726 1458 2796 αὑτὴν
1481 2726 1606 2797 ὅλην
1640 2726 1737 2797 τὴν
1763 2726 1959 2779 πάνσο-

395 2831 493 2883 φον
524 2816 831 2886 οἰκονομίαν
864 2819 1205 2882 κακίζουσινο
1247 2818 1323 2882 ὡς
1366 2818 1418 2869 εἴ
1448 2835 1530 2882 τις
1568 2818 1755 2885 δείξειε
1791 2819 1964 2872 πάντα

396 2904 573 2967 καλῶς
610 2907 703 2960 καὶ¹
743 2907 1050 2975 ἀναγκαίως
1089 2908 1366 2977 γεγονέναι
1414 2911 1506 2961 καὶ
1548 2910 1843 2979 γίγνεσθαι,
1884 2912 1963 2964 οί-

396 3013 545 3066 χεται
576 2998 757 3060 αὑτοῖς
785 2998 842 3063 ἐξ
868 2998 1107 3071 ἀνάγκης
1149 3000 1179 3050 ό
1221 3000 1345 3071 περὶ
1385 3001 1482 3070 τῆς
1518 3002 1761 3065 ἐναντίας
1790 3003 1963 3073 ἀρχῆς

396 3086 569 3156 λόγος.
603 3088 692 3159 Μὴ
718 3088 824 3161 γὰρ
850 3090 1137 3154 συνιέντες,
1173 3092 1317 3154 ὅπως
1355 3090 1464 3161 ἔχει
1492 3092 1559 3144 τά
1602 3093 1769 3155 κάτω,
1800 3093 1963 3147 ἐπλά-

398 3194 557 3232 σαντο
590 3180 715 3250 περὶ
746 3180 812 3233 τὰ
849 3180 992 3233 ἄνων
1033 3182 1165 3252 μηδὲ
1199 3180 1587 3245 καταλαϐόντες
1613 3182 1732 3235 τίνα
1763 3182 1961 3253 τρόπον

394 3268 659 3323 διάκειται
687 3270 753 3325 τὰ
780 3270 1049 3342 ὁρώμενα,
1079 3273 1520 3343 ὲσυκοεράντησαν
1553 3272 1613 3324 τὸ
1654 3271 1727 3343 μὴ
1756 3271 1965 3345 ὁρώμε-

397 3377 520 3413 νον·
571 3362 664 3415 καὶ
710 3354 912 3431 γνῶναι
959 3363 1356 3427 σπουδάσαντες
1405 3363 1490 3417 διά
1530 3364 1591 3416 τὸ
1637 3364 1710 3435 μὴ
1743 3363 1963 3432 γνῶναι,

395 3452 589 3526 ἀγνοίᾳ
624 3452 826 3525 μείζονι
865 3456 1188 3526 περιέπεσον
1214 3472 1228 3485 ·
1273 3455 1347 3519 ὡς
1389 3454 1496 3525 γὰρ
1539 3456 1595 3506 ὲν
1648 3456 1825 3508 σκότει
1867 3454 1965 3526 τὴν

396 3548 525 3620 περὶ
558 3547 666 3601 τῶν
718 3548 1053 3619 φαινομένων
1110 3548 1312 3602 ἔννοιαν
1358 3546 1661 3617 ζητοῦντες,
1705 3548 1765 3600 οὑ
1808 3549 1966 3619 μόνον

395 3638 493 3707 οὑχ
527 3632 700 3709 εὗρον,
730 3640 757 3691 ὃ
780 3638 958 3710 ζητεῖν
984 3639 1219 3705 ἐδόκουν,
1251 3639 1384 3694 ἀλλὰ
1419 3640 1511 3693 καὶ
1549 3639 1726 3711 μεῖζον
1759 3641 1965 3703 ἑαυτοῖς

396 3729 458 3781 τὸ
492 3730 677 3794 σκότος
701 3731 799 3802 τῆς
828 3732 1044 3799 ἀγνοίας
1075 3734 1451 3803 πεποιήκασιν.
1483 3734 1670 3804 Ἡμεῖς
1705 3734 1779 3798 δὲ,
1818 3732 1966 3807 πρῶ-

396 3837 489 3872 τον
538 3822 795 3891 περὶτῶν
846 3822 936 3875 δύο
986 3822 1239 3875 ἐναντίων
1292 3824 1472 3895 ἀρχῶν
1514 3824 1579 3887 ἃς
1628 3825 1966 3877 ὑποτίθενται

394 3912 758 3977 διαλαϐόντες,
791 3913 959 3977 οὑτως
988 3914 1189 3985 ἥξομεν
1230 3917 1363 3985 πρὸς
1405 3918 1501 3987 τὴν
1530 3917 1665 3988 ὑπὲρ
1699 3916 1803 3967 τῶν
1834 3918 1967 3969 ὅλων

398 4004 687 4068 ἀπόδειξιν,
718 4005 792 4065 ὡς
812 4004 988 4056 καλῶν
1016 4006 1108 4055 καὶ
1149 4006 1455 4072 ἀναγκαίων
1481 4006 1645 4057 ὄντων
1687 4004 1959 4068 ἁπάντων,

399 4097 493 4150 καὶ
520 4097 849 4160 ἐκείνων,ὠς
884 4096 1165 4168 προλαϐὼν
1198 4098 1349 4167 ἔφην,
1379 4098 1608 4167 μάλιστα
1634 4097 1752 4150 καθ’
1785 4092 1964 4168 ὧνπερ

399 4186 657 4255 πλείστην
700 4188 1039 4259 καταδρομὴν
1074 4190 1370 4251 ποιοῦνται,
1413 4192 1486 4253 ὡς
1527 4191 1967 4261 ὁμολογουμένων

400 4279 616 4333 κακῶν·
655 4280 731 4332 ἔτι
763 4281 818 4333 δὲ
870 4284 961 4334 καὶ
1008 4281 1105 4352 τῆς
1162 4282 1267 4333 τῶν
1317 4282 1449 4333 ὅλων
1491 4282 1823 4354 διοικήσεως,
1876 4282 1968 4335 καὶ

397 4373 467 4425 δι’
507 4368 581 4427 ὧν
633 4375 854 4444 πικρίαν
900 4374 1065 4443 αὑτῆς
1106 4374 1431 4443 ἀγνωμόνως
1483 4373 1964 4445 καταψηφίζονται,

2133 2085 2359 2141 Dabitur
2394 2100 2522 2141 vero
2549 2099 2731 2154 opera.
2771 2091 2828 2136 ut
2864 2081 2999 2137 nihil
3038 2090 3147 2135 tam
3176 2097 3363 2135 eorum
3386 2096 3506 2151 qua:
3537 2080 3621 2135 dl-

2062 2189 2170 2246 cta,
2209 2195 2371 2251 quam
2410 2192 2530 2248 quae
2563 2175 2793 2255 dicenda
2850 2183 3020 2236 sunt,
3062 2172 3358 2241 disputatio
3392 2187 3499 2226 non
3535 2186 3622 2225 ra-

2064 2270 2212 2324 tione
2257 2270 2574 2323 conclusum
2628 2265 2935 2333 relinquat:
2971 2260 3180 2331 ﬁngunt
3219 2262 3362 2316 enim
3408 2260 3617 2331 cogita-

2062 2362 2208 2416 tione
2255 2359 2485 2414 duarum
2534 2367 2851 2411 naturarum
2884 2355 3282 2409 contrariarum
3338 2351 3624 2407 admistio-

2065 2468 2209 2519 nem,
2232 2461 2285 2508 et
2308 2451 2415 2515 his,
2445 2457 2505 2504 ut
2531 2450 2611 2505 eis
2642 2450 2874 2516 videtur,
2905 2464 2996 2505 res
3042 2460 3231 2501 omnes
3263 2444 3619 2500 distribuunt.

2063 2543 2365 2609 Undenam,
2390 2543 2661 2613 inquiunt,
2698 2542 2874 2605 mala,
2921 2542 2967 2596 si
3015 2540 3128 2595 haec
3180 2554 3286 2594 non
3335 2552 3401 2592 ex
3444 2536 3622 2606 aliquo

2063 2636 2329 2707 principio
2358 2636 2517 2691 sunt?
2574 2634 2631 2689 Si
2674 2634 2798 2705 quis
2835 2647 2963 2687 vero
3010 2638 3390 2701 percontetur,
3442 2629 3626 2697 qualia

2066 2736 2285 2798 peccata
2315 2727 2370 2781 in
2420 2726 2669 2781 homines
2714 2723 3016 2778 confertis?
3060 2722 3408 2791 Quzecunque
3455 2720 3624 2774 fabri-

2064 2827 2217 2874 catus
2244 2827 2327 2873 cst
2356 2818 2519 2880 Deus,
2550 2825 2604 2871 et
2647 2824 2810 2870 totam
2844 2816 3017 2885 ipsam
3046 2830 3227 2869 rerum
3284 2812 3625 2882 sapientissi-

2065 2926 2208 2965 mam
2269 2910 2719 2979 compositionem
2782 2924 2846 2961 ac
2907 2907 3352 2977 gubernationem
3413 2906 3623 2972 vitupe-

2063 3011 2221 3057 rant:
2260 3011 2317 3057 ut
2358 3003 2470 3071 jam
2532 3002 2577 3055 si
2614 3000 2737 3069 quis
2784 2998 3121 3053 demonstret
3167 2998 3347 3053 omnia
3403 2995 3539 3049 bene
3572 3002 3624 3045 et

2065 3096 2375 3150 necessario
2408 3094 2548 3147 facta
2573 3107 2695 3147 esse
2727 3098 2780 3144 ct
2815 3090 2969 3152 ﬁeri,
3023 3104 3244 3143 necesse
3289 3096 3372 3142 est
3412 3088 3625 3141 excidat

2064 3189 2141 3241 eis
2167 3196 2221 3241 et
2242 3186 2418 3241 avolet
2440 3185 2579 3239 ratio
2611 3182 2869 3237 contrarii
2918 3179 3194 3250 principii.
3219 3180 3353 3233 Cum
3384 3178 3526 3232 enim
3562 3194 3624 3229 ea

2063 3295 2183 3350 quae
2236 3276 2376 3332 infra
2419 3286 2566 3338 sunt,
2614 3290 2723 3329 non
2761 3272 3177 3334 intellexissent,
3206 3270 3475 3340 quomodo
3531 3269 3625 3321 ba-

2066 3376 2227 3429 beant
2253 3373 2319 3427 de
2350 3371 2415 3425 iis
2438 3385 2557 3440 qua:
2579 3376 2705 3424 sunt
2736 3381 2920 3437 supra,
2947 3374 3074 3421 sunt
3105 3364 3420 3426 commenti.
3452 3378 3628 3431 neque

2067 3464 2435 3535 percepissent
2466 3461 2734 3532 quomodo
2767 3478 2829 3515 ea
2874 3475 2993 3531 quze
3024 3457 3272 3512 videntur
3295 3498 3310 3521 ,
3365 3455 3627 3525 disposita

2065 3557 2194 3620 sint,
2221 3556 2273 3609 id
2303 3555 2447 3625 quod
2478 3571 2587 3608 non
2610 3554 2839 3617 videtur,
2870 3550 3188 3607 calumniati
3220 3555 3348 3603 sunt
3374 3566 3387 3615 ;
3422 3556 3475 3603 et
3501 3564 3627 3601 cum

2066 3647 2282 3703 studere
2307 3646 2637 3709 viderentur,
2664 3653 2720 3698 ut
2744 3650 3168 3715 cognoscerent,
3221 3638 3348 3709 quia
3399 3653 3505 3691 non
3538 3654 3630 3691 co-

2064 3746 2395 3811 gnm'errun,
2454 3739 2507 3794 iu
2554 3738 2811 3809 majorem
2872 3732 3240 3808 ignorantiam
3282 3730 3625 3787 inciderunt:

2065 3833 2263 3888 ctenim
2291 3833 2454 3887 veluti
2488 3833 2540 3885 in
2566 3832 2803 3886 tenebris
2835 3835 3159 3900 quaererent,
3186 3841 3305 3896 qua:
3335 3826 3399 3880 de
3423 3825 3487 3878 iis
3512 3840 3631 3893 qua:

2067 3932 2350 3993 apparent,
2380 3922 2725 3993 ignorabant,
2773 3936 2881 3974 non
2918 3919 3093 3974 solum
3126 3932 3233 3970 non
3269 3916 3627 3973 invenerunt,

2069 4015 2213 4085 quod
2248 4030 2491 4085 qurerere
2546 4014 2909 4076 videbantur;
2973 4010 3105 4080 quin
3166 4008 3345 4077 potius
3395 3998 3629 4073 majores

2070 4109 2389 4179 ignorantia:
2424 4107 2672 4162 tenebras
2720 4104 2822 4159 sibi
2854 4102 3183 4157 oliuderunt.
3233 4098 3341 4153 Nos
3370 4112 3497 4151 vero
3528 4096 3631 4166 pri-

2072 4214 2162 4253 mo
2189 4200 2255 4253 de
2286 4199 2499 4253 duobus
2550 4196 2833 4267 principiis
2873 4192 3196 4253 contrariis,
3233 4204 3353 4259 qua:
3406 4194 3628 4256 ponunt,

2070 4292 2421 4356 disserentes,
2463 4290 2528 4344 ad
2577 4290 2981 4344 conclusionem
3041 4282 3520 4356 argumentationis
3566 4280 3631 4333 de

2074 4382 2328 4435 universo
2360 4382 2674 4435 veniemus:
2712 4394 2832 4434 esse
2879 4380 3084 4434 scilicet
3116 4377 3254 4429 bona
3294 4381 3347 4427 et
3383 4386 3633 4426 necessa~

398 4465 469 4517 τὰ
520 4466 912 4535 ἀναγκαιότερα
959 4465 1363 4534 οίκονομοῦσης,
1425 4467 1485 4519 οὑ
1544 4466 1648 4535 μὴν
1694 4465 1827 4518 ἀλλὰ
1874 4466 1960 4518 καὶ

2072 4473 2150 4525 ria
2181 4473 2382 4534 omnia,
2412 4480 2466 4526 et
2502 4472 2592 4524 illa
2624 4470 2877 4529 maxime,
2910 4478 2967 4523 ut
2995 4468 3245 4537 superius
3277 4464 3409 4524 dixi.
3438 4463 3490 4553 in
3514 4478 3632 4532 qua:

402 4556 529 4626 περ)⁸
560 4556 665 4609 τῶν
700 4556 846 4625 παρά
875 4556 1178 4629 ἀνθρώποις
1224 4557 1590 4627 ἀδικημάτων,
1627 4558 1701 4619 ὡς
1736 4556 1854 4607 οὑδὲ
1882 4556 1970 4608 διὰ

399 4647 571 4701 ταῦτα
609 4648 847 4720 προσῆκε
895 4648 1090 4712 κακίας
1129 4648 1299 4720 ἀρχὴν
1350 4647 1487 4701 κατά
1535 4647 1668 4699 Θεοῦ
1709 4647 1971 4715 φαντάζε-

403 4739 556 4791 σθαιο
592 4740 927 4810 δειχθήσεται
960 4740 1065 4813 γὰρ
1097 4741 1170 4803 ὡς
1201 4741 1293 4793 καὶ
1340 4740 1511 4793 ταῦτα
1552 4740 1643 4792 τοῦ
1681 4742 1968 4811 πεποιηκό-

400 4847 490 4894 τος
530 4832 675 4901 ήμᾶς
716 4831 964 4900 ἐμφαίνει
1011 4834 1109 4903 τὴν
1157 4832 1494 4902 ἀγαθότηταο
1541 4834 1631 4884 καὶ
1679 4832 1800 4885 οὔτε
1830 4834 1967 4887 κατά

404 4920 653 4992 βούλησιν
699 4922 881 4999 αὑτοῦ,
912 4922 1043 4993 πρὸς
1090 4920 1385 4992 ἀνθρώπων
1430 4922 1689 4988 γίγνεται,
1737 4920 1859 4973 οὑτε
1904 4921 1965 4973 ἐκ

400 5030 544 5075 τινος
575 5013 751 5075 αἰτίας
789 5013 1013 5084 ἥάρχῆς
1046 5013 1165 5066 καθ’
1204 5013 1359 5084 ἡμῶν
1391 5015 1630 5085 φέρεται.

2074 4567 2365 4617 maximum
2397 4565 2652 4633 impetum
2686 4572 2738 4616 et
2761 4564 3041 4616 incursum
3071 4560 3296 4623 faciunt,
3328 4556 3484 4627 quasi
3516 4570 3631 4607 om-

2070 4657 2219 4709 nium
2255 4672 2515 4710 concessu
2550 4656 2687 4708 mala
2722 4655 2857 4719 sint;
2892 4661 3143 4721 praeterea
3182 4652 3342 4703 ctiam
3391 4645 3630 4700 omnium

2072 4762 2252 4800 rerum
2289 4748 2755 4815 gubernationem,
2794 4755 2955 4813 atque
2996 4744 3085 4797 illa
3127 4743 3179 4796 in
3204 4740 3403 4809 quibus
3428 4732 3633 4791 severi-

2073 4844 2238 4891 tatem
2275 4837 2656 4906 providentiae,
2714 4853 2858 4904 qua,
2919 4850 3038 4903 qua:
3093 4831 3265 4899 magis
3326 4824 3633 4881 necessaria

2075 4935 2224 4990 sunt,
2261 4939 2640 4998 procurantur,
2674 4927 3017 4995 improbant;
3059 4933 3111 4977 et
3157 4938 3262 4975 non
3295 4920 3468 4973 solum
3494 4916 3627 4977 inec,

2072 5018 2166 5073 sed
2184 5020 2248 5073 de
2269 5022 2333 5073 iis
2356 5020 2649 5088 etiamquae
2670 5019 2809 5087 apud
2846 5018 3091 5071 homines
3120 5014 3320 5081 injuste
3351 5009 3505 5070 ﬁunt,
3539 5022 3632 5060 nc-

404 5122 511 5175 que
528 5117 757 5176 propter
786 5108 895 5161 hzec
922 5107 1242 5177 principium
1271 5109 1393 5160 mali
1426 5115 1613 5162 contra
1646 5107 1810 5161 Deum
1850 5118 2100 5178 oportere
2138 5114 2376 5183 cogitare
2403 5133 2414 5167 :
2451 5113 2768 5168 docebimus
2796 5112 2938 5165 enim
2990 5112 3103 5163 hzec
3133 5110 3292 5162 etiam
3337 5104 3630 5159 bonitatem

408 5197 499 5252 Dei
539 5200 630 5268 qui
663 5186 769 5253 nos.
796 5198 947 5264 fecit,
987 5199 1295 5264 declarare;
1346 5211 1397 5254 et
1432 5216 1605 5270 neque
1634 5200 1702 5254 ab
1729 5200 2038 5258 hominibus
2079 5206 2189 5260 ﬁeri
2217 5206 2513 5261 secundum
2566 5207 2899 5261 voluntatem
2941 5202 3072 5267 Dei,
3120 5217 3217 5257 nec
3251 5215 3317 5254 ex
3367 5193 3632 5268 principio

406 5293 661 5362 quopiam
692 5294 970 5347 contrario
1000 5294 1052 5346 in
1086 5309 1184 5346 nos
1212 5292 1362 5347 ferri.

1491 5386 1616 5439 CAP.
1660 5383 1721 5437 V.
1757 5387 1835 5438 An
1867 5386 1967 5438 duo
2005 5385 2259 5454 principia
2294 5384 2551 5450 opposita.

475 5503 771 5572 Τοιγαροῦν
814 5504 995 5556 λοιπὸν
1049 5507 1139 5557 ἐπὶ
1186 5506 1280 5576 τὴν
1331 5506 1501 5577 ἀρχὴν
1546 5507 1641 5575 τῆς
1696 5506 1967 5575 μυθώδους

405 5594 656 5657 ἀσεϐείας
692 5594 866 5648 αὑτῶν
909 5596 1168 5666 ἔλθωμεν,
1220 5598 1589 5664 ἐξετάζοντες,
1639 5602 1685 5652 εί
1738 5600 1968 5672 παραδέ-

481 5707 553 5778 (2)
582 5706 745 5775 Editi,
776 5708 915 5763 εῦτε.
952 5709 1109 5763 Eon.

2146 5505 2311 5575 Igitur
2360 5503 2737 5575 aggrediamur
2770 5502 3024 5571 deinceps
3064 5499 3127 5553 ad
3173 5498 3492 5568 principium
3532 5497 3634 5550 ἱππ-ι

2077 5598 2288 5667 pietatis
2320 5597 2535 5653 illorum
2556 5594 2970 5659 commentitiae,
3027 5593 3363 5663 inquirentes
3388 5630 3401 5654 ,
3455 5594 3631 5643 utrum
