4072 6338
487 297 625 359 4075
1340 344 1363 364 .
1620 302 1759 359 TITI
1801 280 2059 363 aosim

2142 305 2232 362 διε
2264 290 2582 364 EPISCOPI'
3594 301 3734 358 1016

485 422 740 482 notiones
771 421 1045 477 naturaies
1074 423 1189 477 duo
1231 423 1509 492 contraria
1552 425 1821 495 principia
1876 436 2059 484 rerum

2168 447 2350 505 χονται
2400 430 2529 497 γοῦν
2570 429 2625 483 at
2658 427 2798 482 κατὰ
2830 426 2989 497 φύσιν
3017 426 3214 481 ἔννοιαι
3235 423 3328 478 δύο
3356 422 3460 494 (2⁸)
3488 424 3732 486 ἐναντίας

485 516 812 570 admittant:
844 514 890 569 si
944 515 1087 568 enim
1134 530 1203 570 ne
1250 517 1649 571 consentientia
1691 519 1910 586 quidem
1967 520 2059 574 ad-

2165 521 2340 591 ἀρχὰς
2384 519 2493 571 τῶν
2532 518 2733 571 ὄντων·
2770 520 2820 570 εἰ
2853 516 2962 588 γάρ
3004 515 3138 586 μηδὲ
3198 513 3592 585 ωμφωνοὺσας
3649 513 3733 566 δέ·

484 608 731 672 mittunt,
761 606 1151 661 multominus
1198 611 1522 676 pugnantia.
1580 609 1841 664 Scribens
1894 610 2059 681 igitur

2165 612 2333 676 ξαιντ’
2350 612 2427 681 (5)
2445 610 2531 673 ἂν,
2552 606 2587 681 ἦ
2606 609 2706 663 πού
2725 625 2787 677 γε
2812 606 3138 679 μαχομένας.
3159 606 3389 677 Γράφων
3403 603 3579 658 τοίνυν
3595 605 3733 657 ἐκεῖ·

484 700 575 753 ille
609 698 728 773 ipse
757 698 946 755 furens
974 699 1306 757 Manichacus
1331 742 1346 767 ,
1400 701 1601 770 ubique
1642 702 1870 771 incipit:
1928 700 2059 755 Erat

2160 719 2249 765 νος
2271 701 2450 766 αὑτδς,
2480 702 2509 752 ὁ
2532 697 2889 771 χαλεπώτατα
2924 697 3134 767 μανεὶς,
3171 694 3401 765 ἄρχεται·
3424 692 3727 762 πανταχοῦ·

483 790 628 845 Deus
684 805 735 846 ει
770 794 1029 860 materia,
1085 794 1301 858 lumen,
1341 803 1390 849 el
1436 775 1942 856 tenebrwi,,'bo‘nu‘m
2009 804 2059 849 et

2159 788 2272 847 Ἦν
2302 792 2464 857 Θεὸς,
2520 790 2620 845 καί
2665 789 2783 856 ὕλη
2807 805 2821 819 ⁸
2881 781 3026 858 φῶς,
3057 787 3155 841 καὶ
3196 786 3443 852 σκότος’
3482 784 3728 854 ἀγαθόν,

482 884 702 946 malum,
729 886 783 939 in
823 887 1064 941 omnibus
1117 904 1319 941 summe
1362 888 1671 947 contraria;
1715 890 1783 941 ut'
1815 887 1869 941 in
1909 889 2058 942 nulla

2158 886 2255 939 καὶ
2311 884 2530 938 κακόν·
2581 884 2653 937 ἐν
2704 881 2829 949 τοῖς
2875 879 3065 937 πᾶσιν
3099 879 3291 948 ἄκρως
3331 879 3608 941 ἐναντία,
3655 881 3731 943 ὠς

481 989 541 1026 re
570 975 799 1029 alterum
825 991 948 1030 cum
984 977 1155 1032 altero
1185 978 1625 1032 communionem
1656 986 1711 1029 et
1738 977 2056 1032 societatem

2157 974 2299 1031 κατὰ
2336 974 2501 1046 μηδὲν
2536 973 2903 1025 ἐπικοινωνεῖν
2939 968 3164 1041 θάτερον
3191 966 3421 1040 θατέρῳ,
3462 965 3733 1037 ἁγέννητά

480 1064 727 1127 haberet,
760 1068 921 1122 ambo
953 1068 1192 1138 ingenita
1235 1078 1289 1124 et
1321 1069 1591 1124 viventia:
1630 1070 1795 1139 igitur
1822 1076 1917 1123 aut
1941 1070 2055 1124 dis-

474 1159 706 1229 juugent
739 1175 797 1215 se
822 1172 844 1224 ;,
869 1168 963 1214 aut
988 1162 1033 1215 si
1067 1161 1268 1217 fuerint
1295 1162 1488 1223 simul,
1534 1161 1707 1215 amica
1742 1168 1795 1215 et
1847 1176 2054 1230 nequa-

478 1264 642 1321 quam
692 1250 967 1305 contraria
1022 1267 1145 1308 esse
1195 1254 1497 1324 apparebit.
1553 1257 1623 1309 At
1671 1264 1820 1325 patet
1870 1257 2052 1312 dicere

477 1357 624 1404 eum,
662 1341 911 1410 sejuncta
947 1359 1067 1399 esse
1105 1343 1241 1400 haec.
1278 1343 1449 1416 Igitur
1477 1354 1772 1418 utrumque
1804 1363 1928 1402 cum
1973 1349 2051 1404 al-

479 1440 596 1484 tero
631 1432 840 1486 liuitum
869 1439 923 1487 et
947 1434 1298 1489 terminatum
1324 1436 1430 1491 erit
1463 1436 1766 1493 secundum
1791 1438 2051 1493 substan-

476 1522 631 1580 tiam.
662 1530 717 1577 et
748 1530 1005 1578 neutrum
1051 1524 1586 1600 incircumscriptum
1643 1537 1698 1582 et
1732 1528 2003 1584 inﬁnitum
2033 1549 2047 1584 :

476 1612 930 1670 circumscribere
982 1624 1168 1673 autem
1226 1615 1396 1673 Deum
1449 1621 1747 1675 secundum
1796 1622 2050 1677 substan-

477 1703 647 1765 tiam,
691 1712 744 1759 et
780 1721 885 1759 non
918 1722 1084 1762 nosse
1140 1716 1194 1763 et
1242 1708 1487 1765 confiteri
1542 1710 1814 1767 infinitum
1881 1701 2045 1779 esse,

2154 1083 2214 1119 τε
2246 1067 2337 1119 καὶ⁵
2359 1066 2536 1130 ζῶντα
2563 1064 2755 1135 ἄμφωο
2798 1060 2993 1117 οὐκοῦν
3016 1060 3052 1131 ἦ
3079 1060 3301 1133 χωρίσει
3337 1076 3400 1128 γε
3427 1057 3599 1112 ταῦτα
3634 1058 3731 1111 ἀπ’

2156 1156 2430 1229 ἀλλήλων,
2477 1156 2515 1227 ἢ
2559 1156 2656 1210 σὺν
2700 1153 2947 1224 ἀλλήλοις
2991 1151 3120 1206 ὄντα
3173 1151 3302 1219 φίλα
3342 1151 3437 1205 καὶ
3480 1149 3733 1220 οὐδαμῶς

2153 1249 2374 1303 ἐναντία
2406 1248 2724 1319 φανήσεται.
2770 1245 2927 1298 Ἀλλὰ
2948 1243 3125 1315 δῆλον,
3141 1245 3223 1297 ὃτι
3246 1244 3413 1315 χωρὶς
3439 1243 3535 1296 ἀπ’
3562 1241 3730 1312 ἀλλή-

2153 1341 2261 1394 λων
2302 1339 2397 1393 καὶ⁴
2445 1321 2605 1402 αὐτός
2648 1336 2818 1391 ταῦτα
2861 1336 2999 1390 εἷναί
3046 1353 3239 1407 φησιν’
3268 1335 3356 1406 ἄρ’
3390 1331 3483 1389 οὖν
3517 1350 3732 1405 συμπε-

2153 1431 2493 1505 περασμένον
2518 1431 2777 1502 ἑκάτερον
2811 1428 3020 1501 θατέρῳ
3059 1428 3156 1500 τὴν
3189 1428 3373 1481 οὐσίαν
3417 1426 3597 1491 ἔσται,
3629 1430 3733 1480 και

2151 1525 2434 1596 οὐδέτερον
2464 1522 2841 1594 άπεριόριστον
2862 1539 2875 1552 ·
2928 1519 3255 1593 περιορίζειν
3299 1520 3355 1574 δὲ
3395 1521 3514 1574 κατ’
3538 1519 3729 1574 οὐσίαν

2151 1617 2245 1670 τὸν
2275 1616 2427 1681 Θεὸν,
2475 1617 2568 1670 καὶ
2612 1615 2686 1688 μὴ
2734 1615 3037 1686 ἀπέραντον
3072 1612 3267 1667 εἰδέναι
3308 1629 3368 1666 τε
3415 1613 3509 1667 καὶ
3541 1613 3734 1682 ὁμολοο

2153 1711 2291 1777 γεῖν,
2325 1708 2443 1771 πῶς
2471 1708 2532 1761 οὐ
2563 1707 2681 1761 λίαν
2709 1706 2936 1771 ἀσεϐές;
2970 1705 3132 1759 ὁπότε
3160 1705 3220 1757 οὐ
3279 1705 3436 1775 μόνον
3480 1705 3728 1776 περιορί-

476 1797 749 1865 qu‘tomodo
779 1813 888 1852 non
921 1806 1006 1855 est
1046 1799 1340 1855 admodum
1382 1802 1645 1872 impium?
1698 1802 2053 1876 Quandoqui‘

2156 1800 2341 1865 ξεσθαι
2394 1797 2534 1864 δόξει
2579 1796 2676 1868 τὴν
2720 1796 2908 1850 οὐσίαν
2944 1796 3038 1849 καὶ
3089 1793 3540 1866 περιγράφεσθαι,
3591 1794 3729 1849 ἀλλὰ

475 1888 597 1942 dem
636 1905 741 1944 non
774 1892 949 1946 solum
976 1893 1356 1948 circumscribi
1398 1902 1452 1950 et
1481 1896 1763 1950 terminari
1795 1897 2024 1952 substan

473 1981 548 2033 tia
583 1980 674 2035 Dei
704 1982 996 2048 videbitur,
1036 1984 1129 2039 sed
1162 2001 1191 2037 a
1225 1986 1388 2048 malo,
1419 1993 1477 2040 ut
1510 1986 1605 2042 ille
1635 1987 1731 2049 ait,
1762 1988 1865 2042 hoc
1906 1989 2052 2043 acci-

474 2086 620 2139 pere.
656 2069 811 2138 Quod
841 2074 1057 2144 quidem
1090 2085 1241 2132 extra
1277 2093 1601 2134 communes
1630 2079 1885 2135 notiones
1925 2089 2048 2147 est,

473 2171 595 2224 quae
617 2159 781 2213 menti
814 2172 1130 2232 suggerunt,
1166 2172 1225 2219 ut
1258 2181 1381 2221 eum
1413 2166 1615 2237 ubique
1652 2182 1773 2223 esse
1816 2177 2051 2237 noscat,

472 2257 526 2301 et
556 2258 750 2304 natura
782 2251 1323 2323 incompreliensum.

2156 1892 2248 1946 καὶ
2296 1888 2434 1961 πρὸς
2463 1889 2562 1959 τῆς
2600 1887 2820 1951 κακίας,
2865 1886 2941 1950 ὡς
2968 1885 3189 1948 ἐκεῖνός
3233 1901 3386 1955 φησι,
3423 1883 3581 1937 τοῦτο
3619 1884 3724 1938 πά·-

2147 1999 2322 2059 οςχειν.
2341 1981 2518 2051 Ὅπερ
2546 1978 2756 2050 πρῶτον
2797 1977 2895 2048 μὲν
2940 1975 3049 2029 τῶν
3087 1975 3276 2029 κοινῶν
3303 1973 3521 2029 ἐννοιῶν
3545 1974 3725 2038 ἐκτὸς,
3830 2044 3833 2045 ν

2145 2075 2357 2136 αἵτινες
2387 2069 2775 2125 ὐποδάλλουσιν
2806 2070 2967 2124 αὐτὸν
3018 2068 3304 2139 γινώσκειν
3339 2062 3479 2121 εἷναί
3505 2083 3564 2120 τε
3593 2083 3730 2120 παν-

2151 2164 2342 2237 ταχοῦ,
2375 2165 2469 2217 καὶ
2495 2161 2863 2235 ἀπερίληπτον
2890 2161 3152 2237 ὑπάρχειν
3176 2158 3274 2240 τὴν
3301 2158 3483 2229 φύσιν.
3590 2176 3593 2179 ‘

1349 2353 1477 2433 Car.
1523 2378 1615 2436 VI.
1642 2381 1784 2436 Deus
1804 2382 2092 2436 secundum
2123 2379 2322 2453 placita
2353 2375 2690 2431 lanichaica
2714 2375 2916 2444 ﬁnitus.

544 2462 812 2520 Praeterea
838 2467 1024 2532 etiam,
1058 2471 1105 2524 si
1138 2469 1250 2524 haec
1274 2474 1586 2528 necessario
1612 2489 1642 2527 a
1660 2489 1725 2529 se
1751 2475 2041 2542 dissident,

471 2570 578 2609 non
609 2557 785 2611 solum
814 2557 980 2625 Deus,
1011 2548 1266 2631 opinione
1288 2563 1437 2619 illius
1469 2564 1681 2632 insana,
1701 2575 1908 2621 natura:
1935 2566 2043 2621 cir-

378 2702 381 2705 .
469 2639 818 2719 cuinscripta:
860 2667 984 2707 esse
1035 2652 1346 2718 videbitur,
1403 2656 1500 2712 sed
1554 2656 1609 2711 in
1661 2658 1874 2727 privato
1921 2658 2043 2714 loco

469 2755 612 2803 esse,
642 2750 698 2796 et
724 2743 964 2799 residere
993 2760 1161 2817 prope
1189 2748 1550 2803 contrarium.
1587 2749 1719 2817 Quae
1739 2751 1886 2805 enim
1923 2766 1952 2805 a
1983 2767 2041 2808 se

469 2840 658 2886 mutuo
683 2840 963 2897 arcentur,
998 2836 1236 2906 propriis
1274 2847 1327 2892 et
1365 2835 1593 2908 privatis
1639 2840 1776 2896 locis
1804 2840 2042 2896 circum-

468 2923 738 2979 scribunt.
766 2924 1100 2982 Excutienda
1125 2928 1290 2999 igitur
1309 2938 1439 2985 sunt
1471 2931 1608 2995 haec,
1642 2932 1687 2987 si
1718 2933 1884 2988 ambo
1910 2947 2042 2990 con-

468 3017 637 3071 traria
682 3026 941 3089 tanquam
1000 3021 1240 3091 ingenita
1290 3024 1601 3094 antiquiora
1653 3026 1788 3092 locis
1841 3033 2038 3089 erant,

2224 2472 2343 2525 Ἔτι
2383 2470 2480 2540 μὲν
2508 2470 2557 2522 εἰ
2604 2466 2776 2521 ταῦτα
2810 2466 3090 2537 διέστηκεν
3128 2462 3724 2537 ἀναγκαίωςὲλληλων,

2147 2566 2209 2621 οὐ
2239 2565 2398 2635 μόνον
2438 2559 2573 2615 Θεοῦ
2625 2560 2767 2615 κατὰ
2802 2559 2901 2631 τὴν
2943 2559 3151 2613 ἐκείνου
3194 2557 3390 2630 μανίαν
3436 2557 3579 2623 δόξει
3627 2559 3728 2631 τὴν

2149 2656 2309 2727 φύσιν
2342 2650 2768 2726 περιορίζεσθαι,
2800 2648 2937 2704 ἀλλὰ
2971 2650 3066 2704 καὶ
3106 2650 3164 2703 ἐν
3202 2650 3316 2720 ἰδίῳ
3349 2649 3500 2721 τόπῳ
3525 2654 3731 2724 τυγχά-

2150 2768 2280 2813 νειν,
2315 2747 2408 2802 καὶ⁸
2453 2745 2780 2816 καταμένειν
2824 2741 3217 2817 παραπλησίως
3254 2741 3333 2813 τῷ
3361 2743 3607 2815 ἐναντίῳ.
3646 2743 3729 2798 Τὰ

2150 2843 2258 2913 γὰρ
2301 2842 2390 2895 ὑπ’
2433 2838 2677 2909 ἀλλήλων
2729 2836 3041 2907 εἰργόμενα,
3087 2836 3280 2905 τόποις
3329 2835 3480 2899 ίδίοις
3523 2836 3727 2909 δηλαδὴ

2150 2932 2564 3005 περιγράφεται.
2596 2930 2781 2982 Ἔστιν
2807 2923 2907 2981 οὖν.
2928 2927 3263 2994 ἐξεταστέον,
3292 2930 3340 2981 εί
3369 2927 3468 2999 μὲν
3494 2928 3729 2999 πρεσϐύ-

2148 3046 2281 3100 τερα
2308 3018 2415 3080 τῶν
2446 3026 2627 3079 τόπων
2668 3024 2834 3094 ἄμφω
2877 3020 2949 3074 τὰ
2996 3019 3210 3075 ἐναντία
3248 3018 3324 3082 ὡς
3369 3017 3633 3090 ἀγένητα,
3659 3014 3729 3090 ἦν

467 3107 762 3177 aliquando
800 3124 994 3167 rursus
1028 3113 1182 3182 prius
1212 3123 1372 3168 erant
1400 3116 1765 3171 communiter
1791 3132 1821 3169 a
1865 3131 2044 3187 pugna

2146 3122 2233 3176 ὅτε
2260 3119 2420 3174 πάλιν
2454 3116 2716 3190 πρότερον
2752 3113 3010 3185 ἐτύγχανε
3042 3114 3197 3183 κοινῇ
3220 3110 3320 3182 τῆς
3353 3110 3730 3183 ἐναντιότητος

469 3198 611 3253 inter
662 3212 723 3253 se
768 3199 959 3254 libera.
1024 3200 1121 3256 Sin
1178 3217 1309 3257 vero
1365 3203 1661 3273 disiunctio
1725 3205 2043 3260 substantia:

464 3290 753 3361 utriusque
800 3292 963 3347 simul
990 3309 1057 3350 ex
1089 3296 1393 3354 aeternitate
1443 3295 1566 3361 fuit,
1599 3296 1879 3368 antiquior
1923 3305 2042 3354 erat

462 3383 621 3439 locus
654 3385 980 3443 substantiae
1005 3388 1311 3460 utriusque,
1345 3390 1429 3445 vel
1467 3389 1630 3465 simul
1656 3406 1781 3445 cum
1815 3390 1924 3446 illis
1954 3390 2041 3445 in-

462 3475 702 3545 genitus.
739 3475 794 3530 Si
821 3485 1008 3534 autem
1049 3480 1348 3552 antiquior,
1372 3488 1431 3536 ut
1468 3482 1581 3552 jam
1617 3482 1780 3537 ambo
1826 3483 2044 3540 videan-

464 3574 557 3619 tur
584 3568 872 3641 utriusque
903 3569 1007 3624 loci
1035 3570 1384 3643 propagines,
1420 3588 1530 3628 non
1559 3580 1688 3629 sunt
1727 3573 1842 3629 haac
1870 3566 2044 3647 'inge-

463 3657 600 3720 uita,
621 3674 722 3713 nec
742 3668 943 3717 interna
970 3681 984 3717 :
1019 3662 1163 3733 quod
1189 3663 1409 3733 quidem
1444 3665 1583 3721 locis
1615 3681 1682 3720 ex
1708 3666 1908 3737 quibus
1927 3665 2042 3722 haec

462 3750 813 3812 exstiterunt,
849 3752 1122 3809 videbitur
1154 3755 1357 3813 inesse.
1403 3753 1461 3811 Si
1501 3771 1633 3813 vero
1659 3757 1812 3814 locus
1863 3766 1948 3814 est
1975 3758 2045 3814 si-

461 3840 578 3895 mul
607 3856 737 3896 cum
766 3841 876 3899 illis
915 3843 1189 3914 ingenitus
1211 3887 1225 3909 ,
1261 3854 1421 3903 erant
1470 3848 1625 3920 plura
1659 3850 1934 3922 ingenita,
1986 3859 2041 3908 et

463 3946 573 3986 non
601 3932 713 4002 jam
773 3935 883 3990 duo
912 3954 925 3990 :
978 3953 1206 3997 necesse
1249 3940 1394 3995 enim
1425 3949 1529 4006 est,
1565 3950 1624 3995 ut
1655 3942 1760 3997 alia
1809 3947 1919 3998 sint
1945 3944 2039 3999 illa

391 4082 396 4087 ,
461 4021 583 4078 loca
611 4034 807 4094 praeter
834 4026 948 4082 haec
976 4043 1097 4098 qua:
1124 4029 1179 4084 in
1223 4028 1333 4085 illis
1375 4038 1525 4096 sunt,
1562 4035 1681 4087 sine
1710 4033 1909 4104 quibus
1939 4050 2039 4093 nec

461 4130 584 4172 esse
612 4126 864 4188 possunt.

2146 3211 2562 3285 ἀπηλλαγμένα.
2599 3209 2661 3263 Et
2694 3207 2751 3261 δὲ
2786 3204 3051 3268 ωναῖδιος
3090 3203 3350 3276 ἐκατέρου
3392 3203 3493 3275 τῆς
3539 3204 3731 3268 οὐσίας

2145 3301 2510 3375 όχωρισμὺς,
2557 3297 2980 3372 προγενέστερος
3028 3295 3285 3366 ἐκατέρου
3332 3295 3431 3365 τῆς
3473 3295 3666 3360 οὐσίας
3699 3296 3729 3349 ὀ

2142 3395 2323 3459 τόπος,
2359 3393 2392 3464 ἢ
2425 3392 2832 3461 συναγέννητος.
2887 3387 3025 3441 Ἀλλ’
3074 3388 3122 3440 εί
3150 3386 3247 3458 μὲν
3278 3386 3725 3460 προγενέστερος,

2143 3486 2219 3551 ὡς
2244 3484 2505 3556 ἐκατέρου
2548 3483 2712 3537 τόπου
2744 3482 3030 3553 βλάστημα
3059 3480 3233 3534 δοκεῖν
3265 3475 3407 3534 εἶναι
3437 3480 3723 3552 ἑκάτερον,

2142 3576 2254 3631 οὔτ’
2286 3577 2556 3646 ἁγέννητα
2583 3574 2773 3639 ταῦτα,
2806 3572 2929 3628 οὔτε
2973 3572 3143 3626 ἀΐδιαο
3172 3573 3309 3643 ὅπερ
3333 3571 3603 3644 ὑπάρχειν
3636 3572 3726 3635 δό-

2144 3667 2378 3734 ξειτοίς
2425 3668 2608 3731 τόποις
2671 3665 2733 3731 ἐξ
2778 3660 2854 3720 ὧν
2898 3665 3104 3720 ταῦτα·
3144 3665 3194 3717 εί
3246 3665 3305 3719 δὲ
3361 3664 3726 3737 συναγένητος

2142 3760 2317 3827 ἐσται,
2347 3760 2535 3825 πλείω,
2564 3761 2657 3819 καὶ
2680 3760 2863 3814 οὐκέτι
2886 3759 2978 3814 δύο
3005 3760 3072 3814 τὰ
3097 3758 3352 3829 ἀγένητα⁵
3375 3758 3589 3827 ἀνάγκη
3613 3758 3725 3829 γὰρ

2143 3851 2306 3924 ἕτερα
2361 3850 2648 3922 τυγχάνειν
2701 3852 2883 3904 ἐκεῖνα
2935 3849 3085 3920 παρὰ
3134 3847 3329 3913 ταῦτα,
3378 3849 3436 3903 ἐν
3479 3843 3562 3912 οἷς
3603 3850 3734 3913 ἐστι,

2142 3942 2334 4011 ταῦτα,
2367 3933 2442 3997 ὧν
2475 3941 2604 4004 ἄνευ
2635 3940 2754 3998 οὐδὲ
2784 3924 2921 4000 εἶναὶ
2954 3939 3265 4012 δυνήσεται.⁸

1326 4212 1456 4268 CAP.
1488 4211 1601 4271 VII.
1631 4213 1876 4286 Spatium
1906 4217 2044 4272 inter
2070 4218 2175 4283 duo
2213 4216 2479 4288 principia
2515 4215 2780 4287 quodnam
2803 4217 2829 4271 ε’

530 4303 612 4357 Ad
638 4303 753 4358 haec
784 4304 1114 4372 poscendum
1144 4313 1229 4361 est
1267 4307 1335 4362 ab
1381 4306 1503 4363 istis
1530 4309 1934 4377 intermedium,
1976 4322 2030 4369 et

2206 4315 2351 4388 Πρὸς
2384 4314 2442 4368 δέ
2465 4313 2677 4376 τούτοις
2709 4312 2802 4365 καὶ
2846 4310 3095 4382 μεθόριον
3123 4308 3446 4380 ἀμφοτέρων
3477 4308 3717 4379 ἀπαιτῇς

457 4397 714 4466 utrisque
765 4395 1143 4466 intcrjectum,
1202 4399 1346 4468 quod
1395 4400 1623 4458 alterius
1670 4417 1793 4456 cum
1857 4404 2030 4461 altero

2142 4406 2275 4472 τέον,
2313 4407 2546 4479 διεῖργον
2575 4404 2668 4458 καὶ
2701 4401 2997 4457 διακωλῦον
3038 4401 3283 4472 ἐκατέρῳ
3312 4400 3412 4471 τὴν
3443 4399 3580 4472 πρὸς
3619 4398 3715 4454 θά-

458 4489 905 4544 communitatem
930 4497 1113 4545 arceat
1140 4498 1194 4545 et
1218 4490 1523 4560 prohibeat,
1552 4509 1620 4549 ne
1642 4493 1844 4550 ﬁnibus
1889 4494 2031 4551 inter

459 4594 519 4634 se
551 4580 858 4646 couimista,
889 4594 1083 4637 rursus
1120 4582 1385 4639 rationem
1433 4598 1497 4637 ac
1532 4591 1782 4640 naturam
1813 4595 2030 4641 contra-

456 4671 665 4731 riorum
699 4672 909 4730 tollant.
956 4673 1096 4742 Quid
1123 4674 1290 4745 igitur
1323 4675 1430 4734 erit
1480 4675 1649 4743 istud,
1687 4677 1832 4748 quod
1867 4677 2027 4733 ambo

457 4763 550 4817 illa
571 4763 936 4829 disterminet,
967 4772 1021 4819 et
1068 4765 1427 4837 iutersepiat?
1481 4784 1621 4837 opus
1672 4770 1814 4824 enim
1865 4770 2029 4827 habet

455 4852 600 4924 apud
622 4854 758 4909 istos
776 4853 1061 4924 cujusdam
1091 4855 1237 4911 tertii
1277 4864 1644 4912 commentum
1676 4857 1893 4917 fabulae.
1940 4860 2022 4919 Au

455 4944 650 5001 dicturi
676 4951 805 5001 sunt
828 4944 1008 5009 nobis,
1035 4960 1158 5001 esse
1186 4961 1403 5007 murum
1440 4948 1883 5014 adamantinum,
1931 4958 2027 5007 aut

455 5036 599 5092 aliud
621 5036 749 5108 quid
781 5036 1051 5092 delirum?
1081 5034 1379 5107 Cujusnam
1400 5053 1548 5094 vero.
1557 5038 1895 5111 providentia
1920 5041 2025 5096 hoc

454 5129 717 5203 quidquid
748 5130 842 5197 sit,
875 5130 1232 5199 interseptum
1276 5144 1400 5187 esse
1438 5128 1664 5185 dicent?
1698 5132 2024 5203 utricunque

451 5220 596 5274 enim
638 5221 1038 5275 contrariorum
1083 5220 1188 5275 hoc
1222 5220 1507 5291 assignare
1540 5221 1710 5276 velint
1759 5232 2017 5295 tanquam

451 5322 635 5382 postea
688 5314 1034 5378 immissum,
1083 5329 1193 5369 non
1250 5313 1525 5385 reperient
1574 5314 1775 5370 exitum
1820 5317 1877 5373 in
1916 5316 2019 5373 hac

452 5417 642 5473 causa,
671 5422 848 5476 neque
903 5422 961 5462 se
998 5406 1127 5461 hinc
1165 5406 1477 5477 expedient.
1532 5405 1806 5462 Revocata
1869 5410 2016 5464 enim

523 5563 624 5629 ‘2‘)
653 5565 790 5619 Δύο.
824 5562 882 5618 in
908 5563 1031 5619 cod.
1070 5571 1323 5634 msLerat
1340 5563 1443 5627 διό,
1464 5564 1618 5619 nullo
1641 5565 1799 5634 plane
1824 5580 2024 5630 sensu;

452 5632 684 5705 ideoque
715 5635 843 5688 illud
873 5636 1133 5705 omiserat
1156 5631 1492 5705 Turrianus;
1520 5631 1866 5705 reposuimus
1894 5635 2018 5703 δύος

453 5704 562 5763 duo
594 5705 792 5779 quippe
825 5704 1076 5758 tuebatur
1113 5704 1381 5777 principia
1414 5705 1617 5760 Manes.
1649 5705 1810 5760 lusu.

2131 4512 2290 4566 τερον
2331 4494 2633 4560 κοινωνίαν,
2673 4494 2759 4547 ἵνα
2808 4494 2902 4564 μὴ,
2941 4491 3029 4545 διὰ
3071 4489 3177 4547 τῶν
3225 4489 3510 4562 τερμάτων
3554 4484 3715 4553 αὖθις

2132 4588 2380 4658 ἀλλήλοις
2423 4585 2890 4657 καταμιγνύμενα,
2936 4584 3026 4638 τὸν
3069 4584 3167 4655 τῆς
3194 4582 3564 4650 ἐναντιότητος
3594 4581 3715 4634 δια-

2133 4680 2331 4752 φθείρῃ
2367 4680 2543 4749 λόγον.
2595 4679 2659 4732 Τί
2712 4678 2888 4731 τοίνυν
2927 4675 3078 4730 ἔσται
3121 4675 3181 4728 τὸ
3231 4674 3557 4746 διαφράττον
3615 4674 3714 4729 καὶ

2131 4771 2364 4843 διεῖργον
2392 4772 2556 4841 άμφω
2579 4787 2594 4835 ;
2636 4769 2817 4843 τρίτου
2851 4769 2959 4839 γάρ
2980 4784 3126 4833 τινος
3163 4766 3282 4820 κατ’
3306 4766 3495 4818 οὐσίαν
3519 4764 3712 4835 χρείαν

2127 4861 2238 4932 ἔχει
2289 4863 2420 4934 παρ’
2462 4862 2644 4925 αὐτοῖς
2689 4860 2788 4930 τῆς
2837 4857 3157 4931 μυθολογίας
3197 4856 3259 4908 τὸ
3313 4854 3558 4926 πλάσμα.
3580 4851 3711 4927 Ἀρ*

2124 4949 2217 5008 οὖν
2243 4953 2305 5007 τὺ
2331 4953 2684 5025 ἀδαμάντινον
2730 4953 2905 5021 τεῖχος
2932 4949 3145 5018 ἐροῦσιν
3171 4950 3322 5020 ἡμῖν,
3352 4948 3386 5019 ἦ
3423 4964 3475 5001 τι
3496 4946 3705 5017 ἕτερον,

2125 5042 2528 5115 παραπαίοντες
2557 5058 2572 5106 ;
2610 5038 2652 5094 Τ
2655 5042 2687 5113 ᾔ
2724 5040 2866 5104 τίνος
2895 5037 2952 5092 δὲ
2983 5039 3209 5110 προνοίᾳ
3239 5035 3383 5090 τοῦθ’
3407 5036 3436 5089 ὃ
3456 5052 3587 5089 ποτε
3604 5035 3706 5107 (5⁸)

2125 5134 2356 5204 φήσουσι
2391 5130 2819 5205 παρεγκεῖσθαι;
2862 5128 3135 5202 Ὀποτέρῳ
3164 5127 3273 5200 γὰρ
3308 5126 3418 5181 τῶν
3446 5128 3708 5181 ἐναντίων

2128 5223 2434 5295 βουληθεῖεν
2461 5222 2738 5278 ἀναθεῖναι
2763 5221 2937 5287 τοῦτο,
2969 5221 3045 5286 ὡς
3068 5220 3292 5292 ὖστερόν
3334 5235 3463 5271 ποτε
3489 5235 3711 5289 παρεμ-

2125 5317 2340 5389 ϐληθέν,
2375 5316 2579 5389 ἄπορος
2602 5316 2788 5380 αὐτοῖς
2884 5313 3137 5377 ὑπόθεσις
3162 5312 3532 5384 εὑρεθήσεται.
3556 5311 3707 5382 Πρὸς

2123 5411 2233 5482 γὰρ
2260 5410 2321 5463 τὸ
2352 5390 2705 5481 ἀρχαιότερον
2749 5405 2957 5471 ἀναϐάς
2991 5408 3021 5460 ὁ
3065 5406 3220 5474 λόγος
3257 5400 3412 5468 αὖθις
3457 5403 3713 5475 φωράσει,

2206 5565 2282 5635 (3)
2304 5565 2488 5637 vulg"
2509 5564 2758 5637 δόξαιντ’.
2785 5564 2946 5621 Εοιτ.

2199 5628 2299 5709 (3‘)
2329 5628 2513 5703 Forte,
2545 5628 2701 5691 τοῦτό
2735 5653 2885 5703 ποτε,
2910 5636 2992 5691 vel
3027 5632 3192 5700 τοῦθ’,
3222 5633 3251 5686 ὂ
3283 5631 3336 5686 τί
3360 5648 3512 5693 ποτε.
3540 5628 3701 5690 Eutr.
