4072 6338
374 326 511 382 1077

1427 318 2251 378 ADVERSUSJIANICHAEOS
2290 319 2417 374 LlB.
2462 319 2502 375 ι.

3472 313 3601 367 ιοῖε

370 444 442 497 τὰ
468 440 682 496 ἐναντία
715 442 958 511 ἀλλήλων
1001 441 1298 512 ἀχώριστα,
1325 442 1399 503 ὼς
1431 441 1679 510 οὐδαμῶς
1709 442 1944 494 ἐναντία.

2052 437 2396 493 ascendendo
2430 436 2495 490 ad
2534 433 2811 503 antiquius
2856 430 3154 501 disputatio
3193 444 3384 485 rursus
3410 428 3607 498 depre-

372 537 435 589 Εί
456 536 513 588 δὲ
534 533 829 606 μηδετέρου
846 534 1069 605 προνοίᾳ
1087 534 1147 586 τὸ
1162 535 1428 605 μεθόριον,
1443 535 1471 587 ὃ
1490 533 1755 603 δηλοῦσιν,
1777 535 1943 603 ὑπάρο

371 627 459 692 ξαι
486 627 768 697 φήσουσιν,
788 626 969 697 ἓτερον
989 626 1279 697 ἀγέννητον
1300 626 1676 694 ἐπεισάγοντες
1692 626 1751 690 ἐξ
1776 626 1941 694 ἀνάγ-

372 735 473 789 κης
515 714 863 788 ὁμολογοῦσι,
919 718 1213 790 μηδετέρου
1259 718 1367 770 τῶν
1414 718 1667 770 ἐναντίων
1720 719 1818 789 τῆς
1856 720 1943 770 οὑ-

372 811 495 873 σίας
548 810 802 879 μετέχον,
851 810 939 863 ἵνα
985 810 1063 880 τῷ
1124 810 1298 880 πάντη
1353 810 1686 864 διαλλάττειν
1736 808 1944 882 χωρίζῃ

371 900 543 956 ταῦτα
565 918 578 929 ·
618 897 711 953 κάι
734 900 1114 975 εὑρεθήσονται
1141 900 1293 970 ὄχλον
1316 902 1621 972 ἀγεννήτων
1650 900 1941 970 τιθέμενοι,

370 990 465 1050 δύο
492 992 761 1064 φήσαντες
794 986 947 1045 εἶναι.

444 1283 527 1336 Tu
553 1283 810 1353 ἀγένητα,
850 1282 910 1335 τὸ
942 1282 1122 1353 μέντοι
1149 1281 1382 1351 διεῖργον
1409 1282 1499 1334 καὶ
1537 1276 1802 1355 μεθόριον,
1835 1280 1943 1333 εἴτε

370 1376 437 1447 δὴ
470 1378 664 1445 τεῖχος,
694 1375 799 1427 εῐτε
834 1374 904 1443 γῆ
936 1374 1135 1436 ἄοικος,
1167 1372 1275 1425 εἴτε
1314 1374 1404 1428 καὶ
1440 1374 1574 1445 ὅπερ
1601 1372 1666 1426 ἂν
1705 1372 1902 1427 θέλοιεν
1927 1389 1941 1404 ·

374 1467 477 1522 ποῦ
508 1468 604 1537 μὲν
637 1462 724 1536 ἆρ’
753 1466 863 1536 ἔχει
914 1464 1010 1535 τὴν
1055 1465 1235 1537 ἕδραν,
1283 1465 1387 1517 ποῦ
1436 1465 1491 1518 δὲ
1522 1467 1619 1535 τὴν
1665 1466 1941 1535 κορυφήνς

387 1560 546 1616 Ἀλλά
588 1560 767 1631 δῆλον,
789 1559 863 1622 ὡς
914 1558 1062 1611 κάτω
1107 1558 1203 1628 μὲν
1254 1557 1349 1628 τὴν
1381 1557 1566 1628 ἕδραν·
1608 1556 1709 1609 7:06
1747 1556 1809 1627 δὴ
1852 1559 1946 1609 καὶ

372 1654 579 1717 πόσον;
614 1655 758 1705 Ἀνω
784 1653 839 1705 δὲ
887 1652 983 1722 τὴν
1022 1652 1295 1721 κορυφήν·
1330 1651 1432 1703 7:06
1482 1651 1574 1703 καὶ
1615 1650 1705 1702 ἐπὶ
1740 1650 1901 1703 πόσον
1931 1668 1944 1713 ;

2045 521 2261 586 θραύει
2284 529 2557 584 contraria
2591 529 2734 581 inter
2782 540 2840 580 se
2869 530 3140 593 separata,
3172 531 3428 591 tanquam
3456 522 3606 576 nullo

2044 622 2205 676 modo
2229 620 2518 675 contraria.
2557 618 2652 672 Sin
2702 630 2831 671 vero
2873 614 3119 670 neutrius
3151 612 3489 682 providentia
3524 611 3609 665 in-

2044 725 2357 785 terseptum,
2380 714 2525 784 quod
2557 712 2858 775 declarant,
2902 724 3021 765 esse
3062 708 3324 770 dixerint,
3358 719 3608 759 necessa-

2042 808 2127 863 rio
2157 808 2393 862 fatentur
2420 805 2765 861 introducere
2795 818 2853 857 se
2885 801 3086 872 aliquid
3112 800 3431 869 ingenitum,
3462 794 3608 867 quod

2043 900 2294 955 neutrius
2329 897 2687 954 substantiam
2742 895 3062 966 participet,
3116 900 3177 945 ut
3209 891 3430 945 omnino
3474 888 3609 943 diri-

2044 991 2243 1047 mendo
2279 999 2492 1061 separet
2531 990 2677 1053 haec;
2710 999 2872 1058 atque
2904 988 2979 1040 ita
3013 987 3123 1050 ﬁet,
3161 994 3219 1039 ut
3270 982 3608 1053 reperiantur

2044 1082 2261 1137 turbam
2290 1083 2651 1153 ingenitorum
2691 1096 2918 1151 ponere,
2957 1079 3047 1149 qui
3075 1079 3182 1132 duo
3214 1077 3450 1147 ingenita
3488 1091 3607 1130 esse

2044 1177 2316 1231 dixerunt.

2116 1290 2368 1343 Attamen
2400 1289 2503 1342 hoc
2539 1288 2682 1358 quod
2731 1287 3107 1349 disterminat,
3148 1293 3197 1339 ct
3253 1284 3607 1351 interseptum

2044 1391 2145 1444 est,
2181 1382 2293 1435 sive
2316 1396 2505 1435 murus
2533 1389 2649 1443 est,
2700 1380 2812 1435 sive
2844 1388 2989 1433 terra
3024 1378 3141 1433 sine
3170 1375 3453 1439 domibus,
3494 1375 3607 1429 sive

2046 1474 2189 1528 aliud
2242 1474 2519 1543 quodlibet
2562 1492 2573 1528 :
2635 1473 2873 1542 nunquid
2930 1471 3125 1525 alicubi
3180 1468 3396 1539 quidem
3448 1467 3609 1519 habet

2045 1566 2241 1629 basim,
2265 1566 2463 1621 alicubi
2494 1580 2625 1619 vero
2661 1565 2915 1619 culmen?
2942 1565 3104 1632 Atqui
3134 1562 3475 1632 perspicuum
3502 1567 3605 1621 est,

2045 1659 2185 1712 infra
2219 1658 2437 1728 quidem
2472 1657 2670 1712 habere
2710 1657 2879 1712 basim
2910 1675 2921 1709 :
2960 1655 3052 1711 sed
3085 1656 3198 1717 ubi,
3237 1663 3289 1709 et
3316 1654 3608 1724 quantam?

374 1747 449 1799 Τὸ
492 1746 596 1815 γάρ
642 1744 752 1798 ἄνω
807 1744 897 1797 καὶ
935 1743 1083 1796 κάτω
1130 1742 1489 1813 δημιουργίας
1535 1740 1791 1812 ὀνόματα,
1840 1741 1944 1810 πρὸ

2051 1750 2225 1819 Supra
2261 1765 2390 1805 vero
2420 1749 2656 1813 culmen,
2687 1749 2777 1803 sed
2811 1748 2900 1802 ubi
2928 1788 2941 1812 ,
3003 1757 3055 1802 ct
3086 1747 3379 1816 quantum?
3435 1744 3608 1813 Supra

372 1837 766 1907 δημιουργίας·
794 1836 873 1889 δεῖ
903 1836 1084 1906 μέντοι
1126 1836 1218 1889 καὶ
1261 1834 1550 1905 βαθύτερον
1592 1834 1683 1887 καὶ
1742 1833 1941 1903 ὑψηλό-

370 1947 529 2001 τερον
551 1927 688 1983 εἶναι
709 1929 769 1981 τὸ
805 1928 1050 1999 μεθόριον
1076 1926 1176 1996 τῆς
1202 1926 1305 1979 τῶν
1339 1926 1714 1997 χωριζομένων
1736 1926 1939 1989 οὐσίας·

372 2023 460 2075 ἵνα
508 2022 582 2092 μὴ
624 2021 866 2074 κάτωθεν
913 2020 945 2089 ἢ
991 2019 1194 2072 ἄνωθεν
1240 2019 1508 2087 ὲλλεῖψαν,
1553 2018 1783 2089 πάροδον
1834 2022 1945 2081 τοῖς

373 2112 633 2174 ἐναντίοις
658 2111 913 2183 παράσχῃ
955 2110 1089 2181 πρὸς
1122 2108 1342 2180 ἄλληλα.
1373 2111 1433 2162 Εί
1455 2110 1510 2162 δὲ
1545 2112 1669 2180 σκιᾷ
1694 2112 1786 2163 καὶ
1812 2110 1944 2181 ἡλίῳ

374 2204 772 2274 παραϐάλλοιεν
803 2203 831 2255 ὃ
856 2201 1078 2256 καλοῦσι
1122 2200 1386 2271 μεθόριον,
1419 2200 1689 2271 οἰήσονται
1724 2202 1840 2272 μὲν,
1871 2201 1945 2264 ὡς

373 2296 525 2349 οὐδὲν
558 2296 895 2349 ἐπικοινωνεῖ
939 2293 1015 2363 τῷ
1052 2292 1183 2364 ἡλίῳ
1226 2295 1258 2363 η
1299 2292 1442 2355 σκιά,
1482 2292 1944 2363 διελεγχθήσονται

372 2388 429 2442 δὲ
475 2388 723 2458 χαλεπῶς
769 2388 905 2458 πρὸς
950 2385 1043 2439 τοῦ
1094 2385 1368 2448 Μάνεντος
1413 2386 1782 2454 ἠπατημένοι·
1819 2384 1945 2437 σκιὰ

373 2482 483 2553 γάρ
518 2482 667 2553 ἡλίου
714 2478 963 2550 κοινωνίᾳ
1008 2480 1101 2533 καὶ
1142 2479 1207 2531 δι’
1270 2477 1387 2530 ὅλου
1438 2476 1710 2547 παρουσίᾳ
1751 2475 1944 2543 γένοιτ’

375 2575 461 2637 ἂν,
495 2574 659 2642 δγκου
692 2572 835 2635 τινὸς
860 2572 1140 2642 ἀνέχοντος
1168 2573 1224 2628 ὲν
1257 2568 1406 2640 μέσῳ
1437 2568 1530 2621 καὶ
1562 2567 1695 2638 πρὸς
1725 2566 1944 2637 θάτερον

376 2667 542 2738 μέρος
564 2666 732 2736 αὐτὴν
761 2665 1218 2736 παραπέμποντος
1238 2678 1250 2691 ·
1297 2662 1391 2714 καὶ
1436 2659 1560 2712 σκιά
1588 2659 1673 2727 εἴη
1701 2657 1764 2710 ἂν
1796 2658 1945 2710 οὐδὲν

372 2761 578 2831 ἕτερον,
614 2760 646 2830 ἢ
677 2759 971 2829 τεκμήριον
995 2756 1191 2825 φωτὸς,
1223 2754 1313 2807 διά
1342 2770 1485 2814 τινος
1516 2750 1944 2821 παρεγκειμένου

375 2850 625 2920 σώματος
654 2848 1108 2920 ὲμποδιξομένου·
1139 2848 1259 2899 ὲπεί
1288 2864 1367 2898 τοι
1393 2845 1567 2913 φωτὸς
1596 2846 1652 2896 ὲν
1686 2845 1838 2897 νυκτὶ
1872 2844 1945 2915 μὴ

373 2940 659 3011 παρόντος,
714 2939 820 2991 οὐδ’
858 2937 922 2993 ἂν
974 2936 1101 2990 σκιά
1152 2936 1349 3007 μερικὴ
1399 2938 1623 3004 γένοιτο.
1670 2938 1788 3009 Ἆρ’
1831 2934 1943 3003 οὖν,

370 3034 476 3104 ὅπη
512 3030 657 3093 σκιά,
701 3033 817 3083 ἐκεῖ
872 3028 1022 3098 φῶς·
1073 3028 1140 3081 τά
1184 3027 1292 3098 γὰρ
1340 3028 1594 3081 ἐπέκεινα
1630 3029 1729 3099 τῆς
1764 3032 1941 3095 σκιᾶς,

2043 1843 2185 1897 enim
2214 1850 2267 1895 et
2295 1840 2433 1895 infra
2460 1840 2681 1895 nomina
2708 1840 3082 1894 fabricationis
3114 1838 3332 1903 mundi,
3375 1845 3499 1892 ante
3529 1836 3604 1890 fa-

2044 1935 2398 1989 bricationem
2435 1943 2562 1988 sunt
2592 1933 2736 2005 apud
2785 1937 2918 1989 istos
2953 1952 2964 1986 :
3011 1932 3157 2001 atqui
3188 1936 3400 1999 oportet
3443 1930 3605 1983 etiam

2045 2026 2399 2095 interseptum
2424 2024 2753 2095 profundius
2783 2032 2835 2077 et
2868 2024 3031 2077 altius
3061 2038 3181 2077 esse
3210 2036 3371 2090 quam
3397 2035 3458 2075 ea
3487 2034 3607 2088 qua)

2044 2116 2531 2184 disterminautur;
2562 2132 2629 2171 ne
2660 2117 2705 2172 si
2756 2116 2883 2185 quid
2935 2130 3000 2168 ex
3039 2121 3190 2184 parte
3225 2112 3466 2167 inferiori
3514 2119 3605 2163 aut

2046 2210 2328 2279 superiore
2366 2209 2612 2273 deficiat,
2664 2207 2866 2263 aditum
2919 2206 3206 2262 contrariis
3243 2205 3503 2274 praebeat,
3546 2211 3605 2254 ut

2046 2302 2207 2357 simul
2232 2302 2362 2356 sint.
2396 2300 2452 2353 Si
2478 2311 2656 2357 autem
2686 2314 2808 2354 cum
2840 2298 3033 2353 umbra
3069 2307 3123 2354 ot
3154 2298 3266 2352 sole
3292 2303 3608 2366 comparent

2047 2394 2175 2448 illud
2186 2434 2199 2456 ,
2215 2393 2358 2464 quod
2373 2394 2723 2463 interseptum
2737 2400 2949 2454 vocant,
2967 2390 3231 2460 putabunt
3243 2388 3457 2458 quidem
3474 2386 3606 2441 nihil

2046 2487 2245 2542 habere
2275 2502 2563 2543 commune
2604 2485 2847 2539 umbram
2896 2498 3019 2537 cum
3070 2482 3220 2547 sole;
3254 2481 3606 2537 convincetur

2045 2587 2250 2643 tamen,
2312 2579 2570 2649 deceptos
2600 2593 2724 2632 esse
2783 2592 2877 2631 eos
2925 2576 3155 2645 turpiter
3198 2589 3227 2626 a
3266 2572 3603 2627 Mauichaeo:

2047 2672 2237 2727 umbra
2269 2672 2412 2727 enim
2460 2672 2844 2727 communione
2889 2670 3022 2725 solis
3059 2677 3113 2723 et
3163 2666 3448 2737 prmscntia
3493 2666 3603 2720 ﬁeri

2048 2764 2183 2817 solet
2211 2763 2350 2817 mole
2378 2762 2612 2832 quadam
2657 2762 2996 2831 interposita,
3018 2775 3139 2831 qua
3168 2759 3607 2813 communionem

2046 2864 2099 2912 ct
2128 2857 2471 2927 praesentiam
2506 2856 2637 2911 solis
2685 2856 2750 2910 ad
2805 2856 3027 2909 alteram
3081 2863 3289 2923 partem
3326 2851 3609 2905 transmit-

2046 2949 2143 3013 tit;
2178 2947 2419 3016 nihilque
2467 2946 2613 2999 aliud
2651 2946 2843 2999 umbra
2884 2952 2989 3001 est,
3013 2959 3175 3013 quam
3235 2942 3493 2997 indicium
3527 2942 3609 2993 lu-

2046 3039 2209 3094 minis
2248 3052 2478 3107 corpore
2502 3039 2754 3107 quopiam
2796 3023 3083 3105 interject'o
3113 3033 3353 3103 impediti
3382 3051 3394 3085 :
3447 3040 3608 3087 nocte

374 3125 512 3193 φωτὶ
554 3123 996 3192 καταλάμπεται·
1043 3119 1181 3191 πλὴν
1213 3121 1261 3172 εί
1291 3122 1363 3190 μή
1392 3137 1455 3189 γε
1481 3120 1543 3173 τὸ
1576 3119 1795 3184 σκιάζον
1822 3120 1945 3191 ὕψει

2051 3132 2216 3195 enim,
2250 3144 2373 3184 cum
2407 3145 2516 3183 non
2542 3128 2695 3184 adest
2730 3128 2930 3194 lumen,
2961 3141 3060 3181 nec
3094 3140 3219 3196 pars
3253 3124 3461 3178 umbra}
3486 3138 3607 3178 esse

371 3218 432 3271 τὸ
462 3217 692 3286 φωτίζον
725 3213 1040 3285 παμπληθεῖ
1092 3212 1440 3283 ὑπερϐαίνει·
1490 3212 1592 3265 κᾶν
1637 3212 1710 3284 μὴ
1756 3214 1816 3267 τὸ
1858 3231 1949 3282 γε-

371 3312 639 3364 λοιότατον
678 3312 853 3378 τεῖχος
899 3306 974 3377 τῷ
1026 3305 1317 3377 παραλόγῳ
1361 3304 1521 3376 τεθῇ,
1563 3306 1677 3376 φῶς
1709 3308 1764 3360 ἐν
1810 3308 1949 3377 φωτὶ

371 3400 695 3472 διαιτωμένη
720 3400 1016 3471 φανήσεται
1045 3400 1078 3469 ή
1124 3397 1310 3450 κακία.
1347 3396 1467 3460 Πῶς
1503 3398 1612 3468 γάρ
1644 3398 1708 3452 ἂν
1741 3400 1946 3468 γένοιτο

376 3494 521 3561 σκιά,
550 3494 642 3548 τοῦ
663 3493 837 3563 φωτὸς
877 3493 941 3545 δι’
965 3492 1087 3545 ὅλου
1125 3490 1265 3544 κατὰ
1293 3489 1393 3560 τῆς
1426 3489 1557 3562 ὕλης
1590 3491 1760 3555 ὄντος,
1792 3494 1839 3545 εί
1872 3494 1944 3564 μή

373 3610 425 3644 τι
463 3592 519 3642 ἐν
561 3589 710 3661 μέσῳ
740 3605 802 3655 γε
840 3587 1040 3657 ἀνέχοι,
1086 3584 1179 3638 καὶ
1222 3582 1507 3637 άποκλεῖον
1538 3585 1606 3637 δι’
1639 3585 1759 3638 ὅλου
1806 3588 1949 3637 ποιοῖ

374 3681 583 3752 αὐτήνς
649 3673 708 3732 06
764 3679 837 3749 μὴ
891 3678 967 3747 (4)
1024 3673 1456 3746 παρεγκειμένου
1484 3715 1497 3739 ,
1561 3677 1653 3728 καὶ
1700 3675 1947 3729 πλεῖστον

372 3775 495 3825 ὅσον
522 3772 820 3841 ἀνέχοντος,
845 3768 1021 3823 κοινὸν
1063 3767 1245 3830 ἀῖδίως
1284 3765 1433 3819 ἔσται
1464 3768 1555 3819 καὶ
1580 3770 1646 3838 τῇ
1696 3768 1861 3838 κακίᾳ
1888 3768 1947 3819 τὸ

373 3881 511 3934 φως.

2048 3224 2246 3286 potest.
2282 3215 2381 3270 Ubi
2412 3216 2574 3287 igitur
2605 3216 2793 3270 umbra
2828 3226 2930 3279 est,
2959 3215 3032 3270 ibi
3067 3215 3282 3279 lumen;
3314 3228 3435 3283 quae
3461 3213 3607 3268 enim

2050 3309 2188 3362 ultra
2222 3308 2468 3362 umbram
2514 3316 2660 3374 sunt,
2692 3309 2892 3363 lumine
2922 3308 3213 3371 collucent,
3248 3314 3608 3375 prastcrquam

2049 3415 2173 3455 cum
2207 3402 2258 3455 id
2285 3402 2428 3472 quod
2459 3402 2702 3456 umbram
2757 3402 2920 3465 facit,
2975 3401 3143 3455 multa
3174 3399 3459 3454 altitudine
3518 3415 3609 3455 su-

2049 3500 2203 3561 perat
2229 3492 2282 3546 id
2314 3493 2457 3561 quod
2490 3493 2799 3559 illuminat;
2832 3500 2885 3547 et
2916 3492 3115 3546 malum
3163 3492 3216 3545 in
3258 3491 3461 3546 lumine
3505 3490 3606 3544 ha-

2047 3582 2224 3637 bitans
2260 3584 2438 3638 lumen
2470 3600 2591 3639 esse
2615 3585 2914 3655 apparebit,
2948 3584 3053 3639 nisi
3110 3598 3324 3637 murum
3375 3582 3608 3637 maxime

2046 3675 2335 3729 ridiculum
2366 3677 2602 3746 positum
2635 3678 2852 3732 habent.
2907 3676 3191 3744 Quomodo
3219 3678 3363 3732 enim
3416 3675 3609 3729 umbra

2045 3782 2166 3823 esse
2205 3771 2405 3837 poterit
2453 3770 2655 3824 lumine
2708 3771 2985 3824 materiam
3037 3785 3103 3824 ex
3130 3769 3275 3824 omni
3307 3776 3463 3838 parte
3492 3768 3606 3823 col-

2046 3860 2336 3928 lustrante,
2370 3861 2477 3916 nisi
2514 3862 2642 3931 quid
2689 3864 2748 3916 in
2784 3862 2959 3917 medio
3001 3862 3304 3931 prohibeat,
3341 3872 3394 3917 et
3425 3862 3606 3916 lumen

371 3956 601 4013 omnino
672 3956 739 4009 ab
784 3970 847 4009 ea
914 3954 1209 4010 excludens
1255 3955 1501 4009 umbram
1558 3951 1787 4007 etliciat?
1835 3950 1892 4005 ln
1934 3952 2138 4009 lumine
2201 3970 2310 4009 non
2357 3956 2626 4011 videbitur
2674 3958 2920 4026 posuisse
2964 3971 3059 4026 pro
3138 3970 3294 4010 murc
3346 3956 3606 4021 ridiculo;

370 4052 518 4123 quod
558 4052 939 4120 interpositum
972 4050 1156 4107 sinon
1220 4051 1312 4115 sit,
1368 4057 1420 4103 et
1476 4064 1638 4121 quam
1674 4046 1908 4101 maxime
1968 4047 2350 4117 disterminet,
2412 4060 2667 4121 perpetua
2730 4052 2832 4106 erit
2881 4050 3244 4107 communitas
3297 4050 3440 4105 malo
3486 4064 3607 4105 cum

370 4147 597 4205 lumine.

443 4263 605 4330 Αὖθις
648 4266 709 4321 τὸ
757 4266 1122 4338 μεσημϐρινὸν
1167 4268 1327 4339 μέρος
1368 4271 1434 4339 τῇ
1485 4268 1651 4340 κακίᾳ
1692 4270 1940 4334 διδόντες,

367 4361 445 4423 ὡς
476 4360 607 4430 ὄναρ
631 4360 729 4429 τῆς
760 4358 1115 4429 δημιουργίας
1162 4358 1550 4430 διαγράφουσι·
1587 4359 1688 4413 ποῦ
1739 4361 1847 4431 γὰρ
1876 4357 1942 4431 ἦν

371 4450 686 4523 μεσημϐρία
734 4450 840 4521 πρὸ
884 4449 1261 4544 μεσημϐρίᾳςς
1305 4452 1649 4524 Ἀτιμότερος
1688 4453 1743 4505 δὲ
1782 4454 1943 4517 τόπος
1977 4490 2021 4544 D

367 4545 525 4608 ἄλλος
558 4544 715 4598 ἄλλου
750 4544 847 4612 τῆς
884 4543 1240 4613 δημιουργίας
1262 4545 1359 4597 οὐκ
1392 4543 1455 4597 ἂν
1479 4545 1715 4611 γένοιτο⁸
1753 4548 1813 4599 τὸ
1839 4547 1946 4619 γάρ

367 4636 643 4705 εὐώνυμον
666 4634 859 4705 ὁρῶντι
890 4634 1024 4704 πρὸς
1060 4632 1228 4695 δύσιν,
1255 4633 1423 4699 δεξιὸν
1452 4629 1604 4697 αὖθις
1636 4636 1942 4706 εὑρίσκεται

366 4728 504 4799 πρὸς
554 4724 815 4787 ἀνατολὰς
870 4725 1049 4777 ἰδόντι.
1094 4722 1250 4777 Ἀλλά
1310 4724 1530 4795 πλείστη
1582 4726 1740 4797 μὲνὴ
1789 4727 1941 4779 τοῦδε

363 4818 459 4874 1:06
496 4816 826 4890 βαρϐαρικοῦ
854 4816 1117 4887 δόγματος
1146 4816 1374 4869 ἀτοπία·
1408 4816 1499 4868 δύο
1529 4817 1636 4888 γὰρ
1672 4818 1806 4881 ὅλως
1840 4820 1941 4889 ἀρ.

366 4914 480 4988 καὶ,
510 4911 625 4975 πῶς
655 4910 720 4964 ἂν
758 4907 887 4975 εἷεν,
914 4909 946 4979 ἢ
983 4908 1228 4980 κληθεῖεν
1258 4910 1450 4981 ἀρχαί;
1488 4910 1627 4981 ἀρχὴ
1655 4910 1763 4981 γάρ
1791 4913 1940 4965 ἐστιν

362 5007 398 5074 ἦ
420 5022 479 5057 τε
505 5003 613 5056 τῶν
639 5003 775 5057 ὅλων
797 5002 1139 5073 πρεσϐυτέρα
1176 5002 1268 5055 καὶ
1299 5001 1404 5054 τῶν
1428 5000 1678 5055 ἁπάντων
1710 5003 1937 5072 κρατοῦ-

363 5113 433 5148 σα
453 5112 465 5125 ·
502 5088 576 5149 ὧν
608 5095 884 5166 οὐδέτερον
916 5096 1202 5166 ὑπάρξειεν
1233 5095 1299 5147 ἂν
1328 5094 1610 5166 οὐδετέρῳ.
1660 5095 1934 5167 Σύγχρονα

364 5186 474 5256 γὰρ
529 5186 828 5257 ἇμφωκαὶ
866 5186 1247 5255 συναγέννητα,
1288 5185 1415 5239 ὄντα
1451 5185 1540 5238 τὸν
1597 5185 1690 5238 τοῦ
1743 5204 1935 5256 προτε-

369 5280 546 5350 ρεύειν
572 5278 817 5348 ἀλλήλοις
852 5276 1149 5349 διαφθείρει
1178 5278 1351 5346 λόγον.
1396 5278 1553 5330 Ἀλλά
1581 5278 1673 5331 καὶ
1707 5280 1804 5348 τῆς
1834 5281 1933 5349 ἀρ-

364 5372 523 5441 χικῆς
573 5368 812 5434 ἐξουσίας
858 5368 917 5420 06
975 5368 1133 5438 μόνον
1187 5368 1427 5438 ἀλλήλων
1482 5369 1554 5431 ὡς
1607 5369 1820 5422 ἐναντία
1871 5387 1932 5437 γε

361 5461 536 5517 ταῦτα
588 5459 915 5532 ἐξῃρημένα,
963 5458 1096 5513 ἀλλὰ
1141 5459 1232 5512 καὶ
1276 5459 1431 5527 φύσει
1477 5459 1777 5529 μαχόμενα,
1817 5460 1933 5521 πῶς

366 5554 432 5607 ἂν
454 5554 595 5624 ἔχειν
623 5554 795 5606 διόλου
828 5553 887 5605 τὸ
922 5553 1105 5623 ἄρχειν
1139 5552 1416 5624 νομισθείη
1444 5570 1455 5617 ;
1490 5554 1549 5604 Et
1592 5554 1770 5607 τοίνυν
1803 5553 1935 5623 μηδ-

2124 4268 2376 4331 Rursus,
2421 4266 2774 4320 meridianam
2808 4272 3018 4335 partem
3070 4267 3212 4320 malo
3269 4266 3606 4331 tribuentes,

2051 4362 2323 4417 somnium
2362 4358 2581 4413 fabrica:
2613 4358 2973 4413 describunt:
3010 4357 3102 4411 ubi
3145 4358 3287 4413 enim
3323 4365 3440 4412 erat
3490 4372 3607 4411 me-

2049 4454 2216 4510 ridies
2246 4462 2371 4509 ante
2406 4452 2724 4507 meridiem?
2773 4451 2949 4507 Locus
2986 4460 3163 4506 autem
3203 4451 3258 4505 in
3304 4451 3490 4504 mundi
3529 4449 3609 4503 fa-

2048 4547 2199 4601 brica
2229 4546 2368 4599 alius
2398 4545 2504 4599 alio
2532 4544 2907 4599 inhonoratior
2931 4559 3039 4598 non
3072 4552 3248 4613 potest
3276 4558 3395 4601 esse
3420 4559 3434 4597 :
3463 4542 3607 4613 quod

2049 4639 2194 4694 enim
2227 4637 2294 4692 ad
2333 4638 2519 4691 laevam
2550 4644 2633 4691 est
2666 4636 2718 4689 in
2743 4652 2999 4691 occasum
3042 4636 3347 4707 aspicienti,
3375 4636 3445 4697 ad;
3471 4635 3605 4689 dex-

2044 4737 2185 4785 tram
2220 4745 2412 4784 rursus
2435 4740 2515 4783 est
2542 4728 2825 4798 aspicienti
2870 4728 2924 4781 in
2968 4728 3254 4784 orientem.
3289 4726 3484 4781 Verum
3513 4727 3609 4781 ab-

2047 4822 2429 4877 surdissimum
2458 4829 2538 4876 est
2575 4821 2677 4874 hoc
2709 4820 3051 4874 barbaricum
3082 4819 3310 4893 dogma;
3334 4819 3441 4873 duo
3461 4819 3606 4873 enim

2044 4926 2270 4982 prorsus
2307 4910 2571 4980 principia
2604 4907 2875 4979 quomodo
2908 4906 3173 4977 principia
3206 4908 3314 4962 siut
3339 4947 3352 4973 ,
3386 4916 3479 4959 aut
3511 4920 3606 4975 ap-

2043 5003 2350 5075 pellentur?
2380 5002 2646 5073 siquidem
2681 5002 3008 5071 principium
3042 5008 3146 5064 est,
3180 4998 3323 5069 quod
3355 4996 3607 5052 omnibus

2040 5104 2123 5150 est
2146 5095 2445 5165 antiquius,
2475 5103 2527 5148 et
2553 5094 2795 5147 omnium
2848 5098 2989 5145 tenet
3030 5091 3391 5161 principatum
3425 5098 3478 5143 et
3506 5088 3607 5141 im-

2042 5189 2249 5259 perium
2278 5205 2290 5252 ;
2334 5202 2567 5257 quorum
2620 5197 2871 5247 neutrum
2908 5186 2961 5238 in
2994 5190 3187 5239 neutro
3221 5182 3449 5236 duorum
3485 5198 3606 5237 esse

2042 5288 2239 5351 potest.
2276 5280 2409 5335 Esse
2451 5282 2595 5337 enim
2629 5281 2790 5335 ambo
2842 5279 3082 5349 ejusdem
3119 5277 3381 5347 temporis
3414 5283 3468 5330 et
3514 5292 3609 5328 co-

2039 5381 2221 5444 gnata,
2256 5374 2516 5431 rationem
2547 5388 2733 5429 eorum
2780 5373 2921 5426 inter
2955 5387 3011 5426 se
3040 5364 3380 5440 principatus
3415 5378 3467 5422 et
3511 5384 3605 5421 ex-

2042 5462 2305 5518 cellentiae
2334 5462 2491 5518 tollit.
2530 5461 2641 5517 Ιηιο
2670 5476 2789 5531 quae
2832 5476 2938 5515 non
2994 5459 3167 5515 solum
3222 5473 3249 5511 a
3299 5456 3601 5526 principatu

2045 5552 2329 5623 potestatis
2374 5556 2512 5610 inter
2561 5569 2619 5609 se
2652 5553 2816 5609 libera
2855 5560 3016 5619 sunt,
3071 5558 3254 5621 utpote
3287 5547 3559 5603 contraria
3588 5588 3603 5609 ,

438 5735 515 5802 (4)
548 5732 627 5791 Οὗ
651 5734 754 5803 μή.
788 5734 981 5789 Dccssc
1013 5734 1098 5789 hic
1151 5735 1347 5805 aliquid
1403 5734 1613 5791 videtur
1650 5752 1711 5791 ex
1758 5735 2066 5805 interprete.
