4072 6338
583 317 723 373 1οἹ9
1744 320 1882 377 TITI
1919 321 2191 378 BOSTRE

2176 321 2686 379 §NSISiEPlSCOPI
3657 327 3784 383 ’1680

581 435 677 490 sed
733 443 926 490 natura
980 441 1254 505 pugnant;
1305 436 1582 505 quomodo
1636 437 1864 508 cogitari
1920 448 2152 510 possunt
2179 481 2189 508 λ

2180 455 2224 508 Α
2252 445 2422 514 ετέρῳ
2468 441 2671 495 τούτων
2725 439 3046 504 διασώζεται
3097 440 3194 511 τῆς
3237 439 3411 510 ἀρχῆς
3441 441 3470 492 ὁ
3503 437 3664 506 λόγος
3693 443 3788 505 πῶς

581 525 782 581 habere
813 527 1038 581 omnino
1056 526 1462 596 principatum?
1493 529 1702 595 Quodsi
1725 532 1863 585 ratio
1883 533 2156 602 principa-

1184 526 1462 596 cipatum?
1493 529 1702 595 Quodsi
1725 532 1863 585 ratio
1883 533 2156 602 principa-
2259 535 2324 589 ἂν
2352 535 2516 606 ἀρχαὶ
2548 533 2788 604 κληθεῖεν

583 623 674 669 tus
705 621 959 669 neutrum
1021 615 1217 670 horum
1269 617 1546 674 incolume
1599 629 1821 683 servat,
1877 624 2154 680 quomodo

582 705 750 773 priqci
759 706 845 775 pia
884 707 1226 762 vocabuntur
1248 707 1272 760 τ’

1518 823 1648 879 ΟΜ».
1694 824 1831 879 Vill.
1865 825 2022 882 Ratio
2055 829 2160 884 duo
2183 828 2443 899 principia
2472 843 2574 880 non
2600 826 2853 881 admittit.

652 940 938 1008 Quomodo
980 943 1224 997 rationes
1266 943 1544 998 naturales
1583 943 1892 1010 admittent,
1944 954 2002 1000 ut
2045 947 2155 1002 sint

2327 945 2451 1009 Πῶς
2487 946 2531 998 δ’
2581 944 2646 998 ἂν
2672 946 2720 996 oi
2785 941 3004 1010 φυσικοὶ
3048 940 3297 1012 λογισμοὶ
3345 939 3710 1011 παραδέξαιντ⁹
3739 941 3793 995 ἂν

581 1035 688 1090 duo
726 1035 1027 1090 secundum
1076 1035 1443 1090 substantiam
1490 1037 1790 1102 contraria,
1839 1037 1933 1092 ubi
1977 1038 2154 1107 primo

2257 1038 2522 1109 ὑπάρχειν
2576 1036 2791 1090 ἐναντία
2814 1036 2907 1090 δύο
2951 1035 3068 1088 κατ’
3115 1032 3323 1097 οὑσίαν,
3358 1033 3491 1086 ὅπου
3518 1049 3579 1101 γε
3610 1033 3792 1103 πρῶτον

581 1127 802 1196 quidem
839 1141 1040 1181 nomen
1070 1127 1393 1181 substantia!
1426 1141 1716 1183 commune
1745 1136 1828 1184 est
1864 1129 2154 1200 utrisque?

2260 1131 2358 1200 μὲν
2391 1129 2452 1180 τὸ
2493 1128 2592 1198 τῆς
2618 1127 2805 1190 οὐσίας
2859 1125 3191 1197 ἀμφοτέροις
3217 1125 3390 1194 ὄνομα
3436 1124 3634 1188 κοινόν;
3671 1125 3792 1177 Καθὺ

527 1204 544 1226 “
581 1218 825 1272 Primum
853 1219 1039 1290 igitur,
1074 1227 1348 1290 quatenus
1378 1231 1670 1291 utrumque
1707 1221 2016 1276 substantia
2045 1231 2130 1280 est

2255 1217 2435 1271 τοίνυν
2465 1216 2677 1287 πρῶτον
2703 1217 2962 1286 ἑκάτερον
2985 1215 3166 1278 οὐσία,
3202 1214 3381 1284 δῆλον,
3401 1214 3475 1276 ὡς
3504 1213 3791 1284 ὁμονοοῦντα

583 1310 939 1380 perspicuum
983 1320 1086 1374 est,
1136 1311 1433 1367 convenire
1459 1312 1605 1367 inter
1650 1327 1731 1374 se,
1787 1320 1843 1367 et
1887 1329 1997 1367 non
2031 1329 2154 1370 esse

2258 1309 2353 1363 καὶ
2384 1311 2482 1362 οὐκ
2511 1309 2757 1362 ἐναντίω
2782 1308 2971 1361 ἔπειτα
3007 1307 3123 1372 ζῶα
3149 1308 3344 1377 ἄμφω·
3377 1305 3511 1376 πρὸς
3543 1305 3597 1358 δέ
3620 1306 3797 1369 τούτοις

583 1400 880 1454 contraria.
931 1400 1137 1455 Deinde
1183 1402 1344 1455 ambo
1388 1410 1516 1456 sunt
1563 1400 1842 1466 animalia,
1890 1413 2153 1472 praeterea

2257 1402 2454 1472 ἐπίσης
2480 1401 2766 1472 ἀγέννητα.
2803 1394 2900 1454 Ὧν
2929 1401 2986 1454 δέ
3017 1399 3087 1452 τά
3119 1398 3258 1452 αὑτὰ
3281 1399 3540 1469 ὀνόματα,
3573 1399 3657 1451 καὶ
3681 1399 3792 1470 αὑτὴ

582 1491 866 1560 aequaliter
891 1492 1151 1562 ingenita.
1183 1491 1424 1559 Quorum
1454 1501 1636 1546 autem
1667 1493 1856 1548 eadem
1900 1507 2028 1550 sunt
2055 1511 2155 1550 no-

2260 1492 2573 1564 ὑπογραφὴ,
2612 1492 2814 1545 τούτων
2859 1490 2978 1553 πῶς
3004 1492 3037 1560 ἡ
3066 1489 3224 1543 οὑσία
3260 1490 3541 1560 μαχομένη
3563 1490 3650 1542 καὶ
3669 1493 3793 1544 ἐναν-

584 1585 755 1645 mina,
796 1591 850 1638 et
879 1585 1066 1639 eadem
1106 1583 1423 1654 descriptio,
1464 1584 1659 1638 horum
1687 1585 1991 1640 substantia
2020 1602 2157 1656 quo-

2258 1586 2382 1652 τία;
2425 1586 2666 1652 καίτοιγε
2697 1584 2764 1636 τά
2796 1583 3036 1653 ὀνόματα
3066 1581 3174 1634 τῶν
3223 1581 3560 1653 πραγμάτων
3582 1582 3686 1634 ἐστὶ
3713 1600 3790 1653 ση-

586 1674 748 1728 modo
773 1676 1050 1728 contraria
1083 1684 1177 1729 aut
1211 1691 1461 1746 pugnans
1485 1691 1608 1731 esse
1631 1678 1847 1746 potest?
1876 1675 2154 1747 Siquidem

2265 1678 2522 1750 μαντικά·
2551 1678 2844 1747 κατηγορεί
2862 1675 2971 1746 γὰρ
2992 1673 3221 1728 ἑκάστου
3247 1672 3308 1725 τὸ
3335 1673 3389 1726 τί
3413 1676 3554 1726 ἐστιν
3575 1673 3789 1736 ἕκαστον,

585 1768 806 1820 nomina
859 1783 949 1822 res
997 1767 1308 1837 signiﬁcant
1338 1769 1578 1824 :dicitur
1624 1771 1768 1824 enim
1805 1769 1872 1824 de
1912 1785 2193 1839 unoquo-l

2191 1786 2232 1839 Β
2260 1771 2336 1834 ὡς
2389 1769 2686 1839 ἐνδέχεται·
2718 1767 3053 1838 γνωρίζομεν
3098 1768 3298 1828 τοίνυν,
3358 1767 3434 1829 ὡς
3465 1766 3677 1836 δύναμις
3702 1767 3791 1829 τοῖς

586 1873 692 1927 que
717 1857 861 1923 quod
901 1858 1327 1929 unumquodque
1353 1866 1458 1922 est,
1496 1866 1555 1913 ut
1587 1875 1709 1915 esse
1739 1867 1939 1928 potest.
1973 1857 2158 1928 Itaque

2256 1861 2576 1933 ὀνόμασιτά
2621 1861 2935 1931 πράγματα.
2975 1861 3097 1930 Ἆρ’
3130 1855 3223 1913 οὖν
3257 1860 3516 1929 ἑκάτερον
3547 1858 3644 1911 τῶν
3669 1857 3791 1928 παρὰ

586 1945 973 2015 cognoscimus
1025 1947 1134 2001 vim
1187 1947 1471 2000 nominum
1514 1962 1637 2002 esse
1689 1963 1799 2003 res.
1857 1945 2160 2015 Utrumque

2255 1955 2334 2024 τῷ
2366 1954 2601 2008 Μάνεντι
2627 1953 2993 2023 νομιζομένων
3022 1952 3281 2006 ἐναντίων
3307 1950 3465 2004 οὑσία
3485 1948 3626 2014 ζῶσά
3642 1966 3691 2001 τε
3717 1947 3789 2002 καί

587 2039 755 2108 igitur
775 2055 964 2094 eorum
1004 2056 1124 2110 quae
1151 2039 1484 2094 Manichacus
1513 2040 1790 2094 contraria
1821 2048 1994 2110 putat,
2030 2039 2161 2095 sub-

2259 2047 2549 2116 ἀγέννητος
2579 2045 2935 2114 ὀνομάζεται·
2960 2043 3199 2114 εὑδηλον,
3237 2043 3315 2107 ὡς
3336 2044 3401 2096 ἐκ
3424 2040 3691 2113 βαρϐάρων
3712 2040 3789 2108 τὴν

588 2131 793 2184 stantia
819 2132 1008 2184 vivens
1037 2140 1090 2184 et
1123 2129 1362 2199 ingenita
1410 2130 1754 2195 nominatur;
1786 2129 2160 2183 manifestum-

2259 2141 2432 2212 ἀρχὴν
2476 2139 2576 2209 τῆς
2632 2138 2887 2209 τοιαύτης
2940 2138 3208 2208 λαϐούσης
3256 2134 3490 2204 πλάνης,
3516 2131 3788 2203 διέφθαρται

587 2239 692 2293 que
725 2230 829 2284 est,
859 2237 985 2277 cum
1013 2223 1136 2277 talis
1161 2237 1316 2275 error
1345 2221 1669 2290 principium
1697 2221 1861 2275 ducat
1893 2237 1922 2274 a
1965 2221 2162 2275 barba-

2266 2231 2394 2303 παρ’
2423 2231 2605 2293 αὑτοῖς
2639 2228 2748 2281 τῶν
2778 2227 2971 2282 κοινῶν
3026 2227 3243 2280 ἐννοιῶν
3275 2228 3314 2297 ἡ
3361 2223 3663 2278 ἀκολουθία·
3700 2221 3790 2274 ὀλό-

588 2316 685 2376 ris,
717 2331 838 2371 esse
865 2315 1028 2368 etiam
1063 2312 1203 2384 apud
1234 2328 1329 2368 eos
1357 2314 1626 2367 sublatam
1655 2314 2026 2368 communium
2058 2328 2158 2367 no-

2263 2321 2460 2392 κληρος
2512 2319 2622 2390 γὰρ
2653 2319 2748 2372 καὶ
2796 2319 2830 2388 ἡ
2872 2317 3008 2386 αὑτὴ
3050 2315 3245 2385 ἐπίσης
3293 2314 3547 2384 τυγχάνει
3573 2309 3790 2380 ἑκατέρω

587 2405 801 2458 tionum
863 2405 1311 2460 consecutionem
1347 2423 1360 2458 :
1392 2405 1604 2475 integra
1651 2404 1796 2460 enim
1853 2413 2016 2474 atque
2070 2419 2155 2458 ea-

2260 2410 2572 2482 ὑπογραφὴ,
2602 2409 2662 2461 οὑ
2695 2407 2852 2478 μόνον
2881 2406 3249 2476 ἐναντιότητος
3278 2406 3463 2458 πᾶσαν
3490 2401 3698 2470 ὑποψίαν
3721 2398 3788 2462 ἐξ·

588 2497 711 2549 dem
756 2503 843 2550 est
878 2496 1165 2564 utriusque
1203 2511 1267 2549 ex
1306 2511 1462 2565 aquo
1511 2495 1826 2565 descriptio,
1880 2511 2002 2565 qua:
2047 2510 2156 2550 non

2259 2501 2536 2573 ορίζουσα,
2599 2499 2857 2556 ἀλλὀὑτε
2904 2497 3164 2568 διαφοράν
3218 2514 3347 2552 τινα
3392 2491 3716 2565 συγχωροῦσα
3744 2489 3788 2542 ἐν

591 2586 752 2640 modo
773 2602 987 2641 omnem
1022 2587 1423 2642 contrariorum
1464 2589 1830 2658 suspicionem
1861 2588 2031 2658 ejicit,
2065 2587 2162 2643 sed

1532 2589 1830 2658 spicionem
1861 2588 2031 2658 ejicit,
2065 2587 2162 2643 sed
2262 2598 2380 2659 τοῖς
2408 2592 2826 2665 ὀνομαζομένοις
2849 2590 3136 2662 ὑπάρχειν.

590 2692 768 2746 neque
796 2677 1162 2734 differentiam
1204 2680 1366 2734 ullam
1399 2681 1454 2734 iu
1485 2681 1553 2735 iis
1583 2697 1704 2751 quae
1728 2681 2010 2735 nominant
2040 2695 2167 2736 esse

591 2770 877 2841 permittit.

1195 2892 1324 2948 Cap.
1363 2893 1454 2946 IX.
1498 2892 1895 2964 Principioram
1920 2895 2203 2964 qualitates
2225 2895 2525 2947 ratitrariw.
2570 2891 2634 2945 In
2662 2891 2767 2944 Deo
2795 2889 2944 2943 nulla
2971 2887 3224 2960 qualitas.

663 3002 830 3058 Aiunt
870 3013 1052 3059 autem
1089 3004 1376 3062 Manicbtei
1419 3009 1643 3062 assecla:
1680 3008 1784 3062 hoc
1806 3006 2028 3078 quidem
2069 3007 2161 3062 bo-

2332 3008 2468 3060 ¢a61
2494 3005 2550 3057 δὲ
2573 3005 2631 3057 τὸ
2656 3004 2752 3074 μὲν
2773 3001 2996 3068 ἀγαθὸν,
3027 3001 3088 3052 τὸ
3120 2998 3177 3052 δέ
3207 2996 3404 3061 κακὸν,
3423 2994 3519 3054 τὰς
3551 2988 3785 3056 ποιότητας

592 3111 748 3159 num,
791 3097 926 3151 illud
973 3111 1102 3153 vero
1149 3099 1705 3171 malum;qualitates
1741 3099 1998 3156 videlicet
2035 3091 2200 3156 ante‘

2189 3086 2232 3141 ο
2264 3099 2425 3152 οἱονεὶ
2451 3097 2557 3175 πρὸ
2588 3095 2685 3165 τῆς
2706 3093 2891 3154 οὑσίας
2925 3089 3386 3161 ἐκλαμϐάνοντες,
3421 3086 3469 3138 οἱ
3500 3082 3572 3152 τῷ
3599 3079 3782 3175 nam

595 3187 963 3244 substantiam
998 3190 1366 3262 intelligentes
1394 3213 1407 3248 :
1433 3193 1713 3247 nominata
1741 3193 1884 3248 enim
1907 3192 2160 3248 similiter

2269 3172 2644 3262 συντρέχοντες
2668 3204 2683 3219 °
2721 3186 2823 3255 τῆς
2861 3184 2967 3255 γὰρ
3005 3181 3190 3245 οὐσίας
3232 3179 3440 3250 ὁμοίως
3466 3178 3548 3244 ἐφ’
3578 3172 3781 3241 ἐκατέρου

596 3281 653 3336 in
691 3289 926 3353 utroque
955 3283 1262 3339 substantia
1296 3283 1446 3353 (sunt
1477 3285 1621 3339 enim
1655 3284 1814 3339 ambo
1853 3284 2158 3339 substantia

2266 3279 2669 3350 ὀνομαζομένης
2726 3274 2916 3347 (οὐσία
2964 3272 3072 3343 γὰρ
3120 3269 3271 3334 ζῶσά
3303 3285 3368 3322 τε
3424 3267 3514 3320 καὶ
3548 3263 3781 3353 ἀγέννητῡς

596 3374 783 3428 vivens
831 3351 887 3430 et
940 3375 1206 3447 ingenita)
1272 3351 1676 3446 supervacanea
1733 3385 1850 3442 est;
1904 3377 2161 3446 deinceps

2266 3370 2486 3441 ἄμφω),
2510 3367 2736 3440 περιττὴ
2771 3364 2954 3417 λοιπὸν
2983 3363 3081 3434 τῆς
3106 3361 3266 3414 οἱονεὶ
3300 3357 3574 3456 ποιότητος
3602 3355 3632 3423 ἡ
3669 3351 3781 3456 ἐναν-

597 3473 727 3521 sunt
748 3467 915 3521 veluti
945 3442 1243 3538 qualitates
1276 3442 1566 3524 contrariae
1590 3487 1603 3522 :
1629 3467 1733 3523 etsi
1759 3468 1903 3522 enim
1932 3483 2042 3522 non
2067 3442 2162 3524 de-

2267 3460 2595 3531 τιότηςφίπ)⁹
2617 3459 2665 3512 ει
2695 3457 2803 3528 γὰρ
2826 3458 2918 3509 και
2949 3455 3023 3527 μὴ
3053 3451 3281 3525 ἁρμόζει
3322 3451 3415 3504 ἐπὶ
3433 3445 3561 3502 Θεοῦ
3579 3442 3782 3538 ποιότητα

598 3565 686 3613 cet
712 3559 996 3615 nominare
1027 3561 1081 3615 in
1118 3559 1230 3616 Deo
1257 3561 1598 3631 qualitatem.
1641 3576 1763 3616 esse
1797 3570 1975 3615 tamen
2010 3562 2162 3632 prius

2267 3527 2568 3623 ὀνομάζειν,
2621 3548 2756 3603 ἀλλά
2776 3527 2844 3615 γε
2881 3548 2948 3617 τῇ
2995 3546 3173 3616 ἐννοίᾳ
3221 3543 3428 3613 τρόπον
3462 3539 3576 3592 τινὰ
3605 3527 3780 3640 τὸέἷναι

598 3649 997 3719 quodammodo
1050 3658 1136 3708 est
1191 3629 1542 3722 cogitatione,
1590 3668 1756 3722 quam
1811 3653 1971 3706 talem
2008 3629 2159 3718 esse;

2267 3645 2360 3699 τοῦ
2384 3642 2583 3696 τοιόνδε
2612 3637 2750 3694 εἶναι
2791 3636 3138 3708 προτερεὺεν
3160 3635 3220 3688 τὸ
3261 3634 3322 3687 δὲ
3351 3629 3484 3686 εἶναι
3521 3629 3781 3698 σημαίνεται

2466 3735 2474 3736 ,
2534 3733 2542 3736 _
2633 3729 2693 3736 μ..
2757 3731 2767 3736 -
3023 3727 3035 3736 ι
3113 3727 3124 3736 .
3187 3726 3198 3736 ι
3478 3720 3569 3736 πλε
3607 3735 3610 3736 ,
3657 3717 3692 3736 ,Ι
3729 3711 3781 3736 ..2.

601 3717 908 3795 substantia
949 3752 1130 3798 autem
1184 3717 1544 3813 signiﬁcatur,
1607 3717 1730 3799 cum
1790 3745 1989 3799 dicitur
2035 3717 2164 3799 sub?

2267 3735 2367 3805 τῷ,
2425 3733 2583 3787 οὐσία
2628 3729 2777 3796 ζῶσά
2831 3745 2890 3780 τε
2953 3727 3046 3780 καὶ
3103 3726 3422 3794 άγέννητος.
3478 3720 3613 3790 Πλὴν
3653 3717 3702 3820 εί
3728 3717 3780 3782 μὴ

601 3832 801 3888 stantia
843 3833 1034 3889 vivens
1065 3845 1120 3889 et
1164 3836 1426 3906 ingenita.
1476 3835 1845 3906 Praeterquam
1892 3839 1938 3893 si
1979 3837 2163 3892 dicant

2270 3829 2373 3881 ῐδια
2415 3828 2569 3895 φαῖεν
2613 3822 2978 3892 ἐπισυμϐῆναι
3009 3819 3077 3872 τὰ
3110 3818 3329 3871 ἐναντία
3371 3815 3656 3886 ἑκατέροις»
3682 3815 3783 3932 δξείλ

2273 3925 2285 3932 .
2361 3922 2374 3932 ι
2515 3919 2526 3932 ο
2748 3917 2759 3929 ο
2880 3913 3018 3932 κικ--
3062 3931 3085 3932 ,,
3118 3928 3131 3932 _
3197 3911 3469 3932 L-.--.-.£_-.
3522 3905 3616 3932 -..\...
3667 3896 3781 3932 ,μ’μὶύ

601 3926 818 3996 propria
843 3927 1090 3983 accidere
1125 3930 1390 3984 ambobus
1427 3930 1724 3996 contraria,
1759 3930 1904 3999 quod
1933 3940 2016 3986 est
2041 3946 2162 3984 om-

2269 3922 2384 3974 ἐστὶ
2459 3919 2674 3972 πάντων
2736 3913 3088 3985 ἀνοητότερον
3117 3928 3132 3943 ο
3191 3911 3472 3999 άγεννῆτῳ
3522 3905 3616 3974 γὰρ
3667 3895 3780 3999 οἰδὲν

601 4019 752 4073 nium
797 4021 1205 4085 stultissimum,
1260 4023 1502 4092 ingenito
1547 4022 1692 4076 enim
1743 4022 1877 4075 nihil
1932 4023 2158 4087 accidit;

2269 4011 2680 4083 ἐπισυμόαίνει⁸
2856 4007 2965 4078 γὰρ
3029 4006 3090 4057 τὸ
3161 3997 3299 4056 εἶναι
3373 4001 3446 4073 μὴ
3511 3987 3778 4100 ἐπισυνέὶὸη.

600 4110 689 4163 cui
711 4111 854 4164 enim
892 4127 1000 4165 non
1034 4111 1247 4165 accidat
1275 4127 1418 4175 esse,
1452 4113 1580 4165 huic
1619 4129 1795 4183 neque
1833 4113 2015 4168 taliter
2043 4129 2164 4168 esse

2268 4105 2441 4174 τούτῳ
2490 4103 2606 4156 οὑδέ
2647 4102 2706 4155 τὸ
2758 4099 2980 4153 τοιῶσδε
3019 4091 3175 4149 εἶναι.
3237 4097 3302 4146 Ὅ
3344 4095 3418 4165 μὴ
3452 4092 3551 4162 εἴη,
3581 4087 3665 4140 οὐκ
3693 4083 3783 4132 ἔπε’

599 4193 880 4249 acciderit.
911 4195 1065 4262 Quod
1101 4212 1210 4250 non
1239 4204 1343 4263 est,
1367 4213 1476 4251 non
1506 4198 1727 4252 accidit.

2271 4215 2334 4250 συ
2343 4197 2574 4267 μὸαίνει.
3601 4271 3621 4280 ἠ
3693 4259 3711 4280 τ

670 4285 974 4352 Qualitates
1011 4287 1176 4357 igitur
1219 4290 1525 4342 contrarias
1564 4289 1692 4343 licet
1724 4290 1776 4342 in
1819 4290 1983 4345 rebus
2015 4291 2162 4343 inve-

2340 4287 2641 4356 Ποιωήτων
2673 4287 2770 4356 μὲν
2795 4281 2886 4338 οὖν
2916 4279 3264 4352 ἐναντιότητά
3284 4279 3435 4331 ἐστιν
3466 4276 3520 4327 ἐν
3546 4271 3644 4331 τοῖς
3667 4271 3783 4317 οὖσιν

599 4379 740 4444 nire,
772 4378 1109 4435 substantias
1141 4396 1271 4435 vero
1301 4396 1643 4451 nequaquam
1675 4401 1686 4435 :
1728 4381 1908 4434 album
1936 4381 2077 4436 enim
2112 4391 2164 4436 et
2200 4440 2207 4457 ‘

2200 4438 2240 4457 ,ι
2270 4381 2469 4450 εὑρεῖν,
2496 4354 2683 4441 οὑσίας-
2721 4378 2777 4430 δὲ
2825 4373 3094 4446 οὑδαμοῧ’
3137 4359 3465 4439 λευκδνογάρ
3501 4363 3625 4457 πρὸς

599 4471 814 4542 nigrum
843 4474 1117 4528 contraria
1142 4483 1288 4537 sunt.
1312 4483 1601 4544 utrumque
1633 4474 1687 4527 in
1719 4489 1945 4544 corpore
1974 4475 2162 4528 eadem
2197 4440 2207 4495 1

2197 4438 2242 4496 υ
2271 4438 2526 4534 ἐναντίως
2554 4438 2672 4541 ἕχεί
2684 4487 2696 4499 ⁸
2748 4438 3006 4539 ἑκάτερον
3039 4466 3094 4519 δὲ
3133 4467 3192 4517 ἐν
3227 4438 3442 4532 σώματι
3467 4460 3529 4529 τῇ
3559 4448 3696 4508 αὑτοῦ
3721 4443 3779 4544 (ξ)

599 4563 938 4630 substantia;
981 4575 1107 4619 sunt
1138 4576 1314 4621 autem
1358 4567 1486 4620 talia
1529 4569 1724 4636 partim
1775 4567 2045 4620 contraria
2081 4566 2166 4620 in-

2268 4564 2462 4634 οὑσίᾳυ
2531 4561 2642 4633 ἔχει
2705 4562 2886 4633 μέντοι
2947 4559 3106 4621 αὑτὰ,
3162 4556 3238 4627 πὴ
3285 4555 3390 4626 μὲν
3423 4547 3656 4606 ἐναντίως
3677 4535 3783 4652 πςδξ

599 4665 682 4712 ter
707 4673 786 4720 se,
821 4658 1018 4727 partim
1048 4673 1156 4712 non
1186 4660 1484 4715 contraria.
1519 4658 1756 4712 Primum
1780 4673 2014 4727 namque
2037 4659 2167 4713 sub-

2269 4629 2491 4727 ἄλληλα,
2634 4629 2821 4706 δέτοὺκ
2862 4651 3138 4714 ἐναντίως.
3183 4647 3405 4719 Πρῶτον
3452 4645 3543 4712 μὲν
3582 4636 3678 4727 γὰρ
3713 4629 3783 4727 ὖφς
3843 4644 3846 4652 “

600 4757 685 4803 ter
729 4765 896 4804 unum
938 4766 1108 4820 genus
1162 4758 1326 4818 sunt;
1364 4759 1594 4820 utraque
1645 4751 1791 4805 enim
1827 4757 1955 4804 sunt
1992 4751 2162 4804 color.

2271 4747 2326 4800 ἓν
2372 4718 2525 4817 γένος
2583 4718 2720 4807 ἐστὶ,
2749 4742 2945 4814 χρῶμα
2966 4742 3073 4812 γάρ
3120 4718 3383 4810 ἑκάτερα·
3419 4735 3614 4790 ἔπειτα,
3641 4726 3682 4777 εί
3711 4718 3781 4774 καὶ

600 4842 808 4898 Deinde
847 4843 950 4898 etsi
985 4843 1264 4897 contraria
1306 4857 1431 4896 esse
1476 4841 1752 4904 videntur,
1789 4849 1968 4894 tamen
2009 4855 2167 4910 aspe-

2272 4840 2489 4894 ἐναντία
2519 4834 2658 4891 εἶναι
2683 4836 2848 4899 δοκεῖ,
2887 4835 3022 4888 ἀλλά
3050 4851 3113 4902 γε
3144 4835 3210 4903 τῇ
3243 4831 3361 4900 ὄψει
3389 4824 3630 4884 ποικίλως
3655 4827 3781 4886 προσ·

603 4943 748 4988 ctum
775 4935 924 4989 varie
943 4934 1236 4998 delectant,
1271 4943 1522 4988 neutrum
1556 4934 1699 4987 enim
1731 4933 1948 4986 illorum
1981 4931 2169 4985 immo-

2269 4933 2391 5002 ἅγει
2421 4933 2520 5002 τὴν
2543 4930 2838 4984 ἀπόλαυσιν
2863 4945 2875 4958 ’
2901 4926 3178 4996 οὐδέτερον
3206 4924 3313 4994 γὰρ
3353 4922 3529 4975 αὑτοῖν
3551 4916 3609 4984 τῇ
3639 4912 3780 5000 ἀσυμξ

603 5026 882 5080 deratione
909 5025 1056 5079 hunc
1087 5023 1330 5080 offendit.
1357 5024 1470 5078 lmo
1498 5023 1660 5078 etiam
1693 5024 1867 5078 virtus
1893 5031 1947 5077 et
1977 5021 2166 5076 vitium

2273 5025 2469 5095 μετρίᾳ
2513 5023 2670 5075 λυπεῖ
2697 5019 2928 5094 ,ταύτην
2948 5037 2961 5049 ’
2989 5017 3122 5071 ἀλλὰ
3167 5016 3260 5070 καὶ
3293 5015 3393 5085 ήδη
3434 5007 3589 5080 ἀρετή
3621 5017 3673 5053 τε
3696 5010 3776 5095 ’κω

605 5118 660 5170 in
686 5118 905 5184 anima;
941 5126 1105 5188 atque
1137 5117 1252 5170 haec
1274 5115 1492 5185 quidem
1525 5113 1822 5178 contraria,
1857 5127 1965 5168 non
1991 5113 2167 5168 solum

2270 5090 2517 5170 πακία-ἐν
2550 5090 2717 5185 ψυχῇ,
2747 5114 2821 5176 ὡς
2849 5111 3064 5166 ἐναντία
3107 5109 3204 5180 μὲν
3237 5107 3330 5161 καὶ
3363 5102 3544 5158 ταῦτα.
3570 5095 3625 5148 οὐ
3652 5090 3776 5161 μόνον

607 5211 660 5262 in
691 5210 879 5265 eadem
915 5210 1246 5272 substantia,
1295 5207 1392 5262 sed
1422 5208 1478 5260 in
1509 5219 1621 5260 uno
1654 5220 1850 5276 genere
1883 5204 2171 5258 nominan-

2167 5234 2171 5243 ι
2270 5208 2327 5262 δὲ
2358 5209 2414 5259 ἐν
2434 5209 2499 5276 τῇ
2524 5208 2661 5276 αὑτῇ
2680 5205 2856 5275 οὐσίᾳ,
2892 5203 3026 5258 ana:
3066 5203 3160 5256 ml.
3198 5203 3254 5253 ἐν
3281 5199 3359 5254 ἐνὶ
3390 5196 3528 5264 γένει
3553 5193 3775 5258 προσαγο-

607 5311 730 5354 tur:
765 5311 1056 5370 utrumque
1088 5300 1232 5354 enim
1267 5307 1350 5354 est
1379 5299 1620 5362 habitus,
1648 5313 1767 5368 quae
1792 5305 2051 5366 tanquam
2083 5311 2169 5350 ac-

2165 5326 2169 5336 ι
2277 5299 2522 5370 patiatur
2554 5296 2666 5362 ’ἐξις
2706 5296 2814 5366 γὰρ
2869 5296 3105 5366 ἑκάτερα
3126 5335 3140 5356 ,
3168 5292 3321 5346 ἅτινα
3357 5288 3449 5342 καὶ
3477 5283 3547 5344 ὡς
3582 5281 3773 5370 ἐπισυμῇ

606 5393 837 5449 cidentia
888 5395 1074 5448 insunt
1120 5394 1174 5447 in
1216 5394 1395 5446 anima
1438 5407 1467 5444 a
1501 5407 1606 5462 qua
1664 5392 1856 5445 abesse
1901 5396 2164 5459 possunt;

2273 5359 2523 5440 ξαίνοντα
2561 5359 3070 5455 ψυχῇ-ἐνυπάρχειλ
3125 5382 3244 5435 ὅθεν
3279 5380 3370 5432 καὶ
3407 5359 3775 5462 datamaliquod?

606 5487 784 5540 anima
817 5487 872 5540 in
901 5501 1007 5556 qua
1050 5487 1163 5540 baro
1205 5494 1353 5550 sunt,
1389 5452 1534 5540 alias.
1562 5485 1719 5539 aliter
1741 5482 1930 5538 affecta
1978 5490 2032 5536 et
2058 5480 2169 5536 dis-

2166 5507 2169 5518 ’
2271 5478 2538 5548 ἐνδέχεται
2867 5452 3180 5535 ἐστιταῦτα,
3215 5471 3396 5526 ἄλλοτε
3433 5463 3591 5520 ἄλλως
3617 5452 3774 5505 διακει·

677 5640 1428 5780 ἕξριτηεριττὴ...εὴῆὲνὲντ.
1459 5639 1761 5711 Basnagius
1793 5639 1872 5695 sic
1907 5636 2120 5694 reddit;
2151 5633 2546 5706 Supert'acanea
2569 5645 2647 5689 est
2669 5633 3041 5699 contrarietas,
3061 5647 3175 5701 qua:
3201 5630 3328 5699 ipsis
3351 5626 3540 5680 ἕπε-διαί
3561 5603 3768 5683 quam“

684 5737 730 5780 ε)
801 5719 965 5776 'orte,
1003 5715 1068 5780 τῇ
1100 5713 1219 5780 σιὺτ⁸
1242 5751 1254 5764 .
1343 5728 1452 5766 οιτ.
2743 5745 2745 5747 ι
3729 5762 3740 5767 -

642 5738 654 5757 ς
677 5709 753 5780 (5')
783 5710 965 5776 Forte,
1003 5715 1068 5780 τῇ
1100 5713 1254 5780 αὐτῇ.
1299 5710 1452 5766 Εοιτ.
1648 5709 1661 5711 “

1139 5713 1254 5780 ὑτῇ.
1299 5710 1452 5766 Εοιτ.
1648 5709 1661 5711 “
