4072 6338
282 293 420 350 1081

1363 302 1733 361 ADVERSUS
1772 302 2191 360 MAML‘HA‘ZOS
2221 303 2348 360 LIB.
2391 306 2435 360 1.

3383 304 3522 361 1082

284 419 486 491 μένης·
518 419 594 485 ὡς
634 416 772 475 εἶναι
825 423 1001 495 δῆλον,
1037 425 1111 488 ὡς
1160 428 1189 479 ὁ
1228 427 1324 496 μὲν
1370 429 1498 499 περὶ
1535 430 1633 500 τῆς
1660 429 1844 494 οὐσίας

1948 429 2124 499 posita
2162 447 2174 483 :
2221 437 2282 483 ut
2307 429 2540 499 liqueat,
2576 428 2722 482 aliud
2756 443 2877 483 esse
2916 428 2983 483 de
3012 428 3317 483 substantia
3348 427 3520 501 loqui,

279 510 437 579 λόγος
486 511 808 583 ἀφώρισται,
841 515 869 566 ὁ
897 516 953 568 δὲ
1002 518 1127 587 περὶ
1163 518 1269 570 τῶν
1317 519 1487 590 ταύτῃ
1521 520 1843 590 ὲπισυμὸαι-

278 602 477 655 νόντων
504 602 691 675 ἕτερος
724 607 998 676 τυγχάνει.

353 694 544 747 Καίτοι
585 696 647 748 τὸ
686 697 786 768 μὲν
826 698 1017 754 λευκόν
1053 718 1113 754 τε
1141 703 1235 755 καὶ
1270 703 1434 773 μέλαν
1471 703 1618 755 ἐστιν
1639 704 1726 755 ὅτε
1755 703 1849 756 καὶ

277 786 355 848 ὡς
382 785 661 858 ἀχώριστα
705 791 1000 863 ἐνυπάρχει
1026 796 1138 857 τοῖς
1187 796 1245 847 ἐν
1277 789 1358 859 οἷς
1389 798 1536 849 ἐστι·
1567 795 1659 849 καὶ
1700 795 1849 865 δμὼς

275 879 456 942 οὐδεὶς
499 880 716 935 πώποτε
756 884 864 938 ἀπὸ
900 885 1103 939 τούτων
1130 885 1410 957 ὠνόμακεν
1439 889 1642 953 ἐκεῖνα,
1682 890 1739 941 ὲν
1769 881 1852 950 οἷς

274 969 396 1020 ἑστι
455 968 657 1024 ταῦτα·
698 972 879 1036 οὐδεὶς
927 973 1057 1044 γὰρ,
1110 974 1340 1046 θελήσας
1396 976 1536 1045 γάλα
1573 977 1849 1047 σημῆναι,

274 1060 400 1130 οὐχὶ
427 1062 625 1133 μᾶλλον
658 1064 764 1136 πρὸ
791 1065 887 1119 τοῦ
912 1067 1053 1120 κατὰ
1076 1066 1175 1122 τοῦ
1202 1069 1373 1132 εἴδους
1400 1070 1499 1140 τῆς
1531 1070 1716 1133 οὐσίας
1738 1070 1852 1122 ὀνό-

282 1168 453 1221 ματος
479 1154 733 1222 κειμένου
771 1158 1145 1228 κατεχρήσατο
1176 1158 1237 1211 τὸ
1262 1158 1363 1229 τῆς
1387 1158 1730 1230 λευκότητος,
1766 1160 1853 1214 ἵνα

280 1243 357 1311 μὴ
386 1242 500 1295 ἀνθ’
531 1244 650 1306 ἑνὸς
706 1245 876 1300 πολλὰ
923 1248 1208 1319 σημαίνειν
1248 1249 1395 1321 δόξῃ,
1423 1246 1506 1313 οἷς
1531 1252 1852 1322 πρόσεστιν

277 1334 418 1387 ἀλλὰ
446 1335 549 1406 μὴν
571 1338 666 1389 καὶ
698 1338 907 1408 κόρακα
934 1339 995 1392 οὐ
1021 1340 1099 1411 τῷ
1118 1341 1305 1412 μέλανι
1334 1344 1690 1413 σημαίνομεν,
1720 1342 1855 1398 ἀλλὰ

273 1423 357 1494 τῷ
378 1424 470 1478 τοῦ
514 1426 653 1490 ζώου
696 1430 906 1483 καὶτοῦ
945 1431 1115 1495 εἴδους
1162 1432 1405 1503 ὀνόματι..
1437 1430 1604 1488 Αὖται
1635 1436 1730 1505 μὲν
1760 1432 1853 1488 οὖν

273 1518 373 1569 καὶ
428 1517 677 1573 τοιαῦται
731 1520 1022 1591 ἀχώριστοι
1076 1523 1388 1594 ποιότητεςο
1442 1525 1611 1595 ἀρετὴ
1666 1525 1723 1578 δὲ
1761 1528 1854 1580 καὶ

272 1611 443 1663 κακία
465 1612 520 1663 ἐν
540 1612 682 1683 ψυχῇ
702 1614 808 1666 τῶν
830 1616 989 1667 ὲπισυ
998 1614 1339 1685 μόαινουσῶν
1352 1617 1652 1686 ποιοτήτων
1673 1618 1808 1669 εἰσίν
1835 1634 1848 1646 ·

274 1704 354 1766 ὡς
392 1703 590 1773 μᾶλλον
624 1707 919 1776 προσήκειν
956 1706 1219 1776 μηδαμῶς
1246 1707 1352 1759 ἀπὸ
1403 1706 1605 1759 τούτων
1639 1706 1733 1777 τὴν
1761 1708 1851 1759 οὐ-

1957 522 2103 575 aliud
2129 521 2195 576 de
2218 523 2288 577 iis
2317 537 2438 592 quae
2478 522 2799 579 substantia:
2833 521 3105 575 accidunt.

2020 698 2184 767 Atqui
2216 699 2274 753 ﬁt
2301 700 2618 769 aliquando,
2658 708 2719 754 ut
2749 701 2931 754 album
2965 700 3183 770 quidem
3217 707 3272 756 et
3304 701 3523 773 nigrum

1955 786 2149 842 abesse
2186 802 2295 841 non
2334 789 2549 858 possint
2579 789 2648 843 ab
2687 789 2756 845 iis
2787 790 2841 843 in
2870 790 3072 860 quibus
3112 790 3331 857 insunt;
3362 807 3533 848 nemo,

1955 887 2136 932 tamen
2179 880 2250 935 ab
2279 880 2364 935 his
2392 897 2633 951 unquam
2666 882 2759 936 illa
2788 883 2842 937 in
2875 882 3077 953 quibus
3109 883 3223 937 haec
3242 892 3391 949 sunt,
3421 900 3532 940 no.

1957 971 2186 1025 minavit
2218 989 2230 1025 :
2263 972 2447 1026 nullus
2490 973 2635 1027 enim
2683 989 2807 1027 cum
2835 974 3008 1027 voluit
3047 974 3354 1045 signiﬁcare
3401 976 3529 1044 lac,

1959 1063 2146 1132 potius
2176 1064 2396 1118 nomine
2434 1064 2543 1118 albi
2580 1064 2801 1131 abusus;
2820 1071 2904 1120 est
2933 1080 3095 1135 quam
3131 1082 3264 1121 usus
3304 1068 3537 1125 nomine

1953 1155 2278 1210 substantiae
2309 1156 2564 1226 imposito
2593 1157 2825 1226 speciei;
2871 1172 2939 1210 ne
2974 1171 3072 1226 pro
3115 1171 3224 1211 uno
3253 1159 3418 1212 multa
3446 1159 3527 1213 si-

1952 1244 2213 1314 gniﬁcare
2259 1244 2530 1310 videatur,
2556 1247 2757 1316 quibus
2793 1247 2936 1301 inest
2974 1247 3131 1301 albus
3175 1246 3327 1301 color
3354 1266 3367 1301 :
3390 1249 3533 1317 quin

1954 1335 2121 1388 etiam
2164 1348 2391 1388 corvum
2433 1350 2542 1389 non
2578 1334 2923 1390 declaramus
2966 1335 3185 1390 nomine
3221 1336 3386 1406 nigri,
3428 1337 3529 1392 sed

1954 1420 2176 1474 nomine
2209 1421 2326 1476 avis
2373 1428 2427 1476 et
2474 1423 2697 1491 speciei.
2745 1421 2839 1477 Hae
2881 1422 3047 1492 igitur
3099 1432 3154 1478 et
3212 1424 3529 1494 hujusmodi

1954 1510 2251 1578 qualitates
2304 1511 2696 1581 inseparabiles
2730 1515 3096 1569 sunt:virtus
3147 1522 3326 1569 autem
3365 1525 3420 1571 et
3453 1517 3533 1571 vi-

1953 1602 2087 1655 tium
2123 1604 2175 1656 in
2207 1604 2390 1657 anima
2420 1619 2485 1659 ex
2527 1606 3024 1676 qualitatibusqum
3057 1607 3330 1669 accidunt,
3362 1618 3522 1676 sunt;

1956 1700 2015 1745 ut
2048 1694 2225 1763 magis
2253 1697 2564 1760 conveniat,
2607 1706 2665 1751 ut
2694 1698 2916 1751 minime
2940 1698 3188 1753 videatur
3217 1699 3523 1755 substantia

278 1791 401 1843 σίαν
437 1792 545 1844 δεῖν
586 1792 679 1845 τοῦ
708 1792 994 1865 ἀνθρώπου
1030 1795 1469 1867 κατηγορεῖσθαι,
1497 1797 1606 1849 δεῖν
1639 1797 1697 1849 δὲ
1729 1798 1844 1849 ταύ-

1957 1784 2193 1840 honiinis
2226 1786 2292 1840 ab
2322 1787 2408 1841 his
2441 1788 2741 1853 nominari;
2791 1789 2886 1844 sed
2940 1798 3192 1860 Oportere
3233 1791 3371 1846 hanc
3398 1808 3525 1862 pro.

272 1898 377 1952 την
415 1883 557 1947 ίδίως
584 1885 963 1953 σημαίνεσθαι.
1001 1888 1185 1949 Οὐδεὶς
1214 1886 1342 1955 γοῦν
1371 1887 1451 1948 τὸ,
1492 1887 1543 1940 τί
1587 1890 1733 1941 ἐστιν
1758 1888 1844 1940 ἄν-

1947 1880 2061 1947 prie
2102 1881 2433 1951 signiﬁcare.
2465 1882 2633 1937 Nemo
2654 1884 2820 1953 igitur
2854 1885 2983 1954 quid
3012 1893 3097 1941 est
3130 1886 3313 1950 homo,
3348 1904 3413 1941 ex
3438 1888 3523 1941 vi-

276 1971 516 2042 θρωπος.
568 1976 631 2027 ἐκ
669 1975 768 2042 τῆς
810 1976 1032 2047 ἐνούσης
1076 1977 1151 2047 τῷ
1183 1995 1288 2029 τινι
1326 1979 1523 2041 κακίας
1556 1980 1846 2049 ἐσήμανεν,

273 2063 413 2117 ἀλλὰ
444 2065 657 2134 πρῶτον
678 2068 774 2133 τῆς
797 2067 983 2129 οὐσίας
1030 2067 1090 2120 τὸ
1112 2064 1247 2132 εἶδος
1280 2068 1475 2132 εἰπὼν,
1499 2065 1618 2122 εἶτα
1643 2070 1738 2123 καὶ
1763 2072 1845 2136 τὸ,

272 2154 381 2216 τίς,
409 2154 738 2224 προσειπὼν,
768 2155 992 2225 ὕστερον
1018 2161 1310 2229 κατηγορεῖ
1332 2159 1429 2230 τὴν
1454 2160 1732 2231 ποιότητα.

348 2247 652 2317 Ποιοτήτων
695 2248 792 2317 μὲν
849 2242 961 2311 οὖν,
1001 2249 1030 2302 ὅ
1059 2248 1346 2319 προλαὸὼν
1375 2247 1547 2317 εἷπον,
1584 2251 1737 2323 εὖροι
1766 2270 1849 2317 τις

273 2337 344 2390 ἂν
373 2338 431 2390 ὲν
458 2340 572 2400 τοῖς
611 2337 1007 2409 ὐποδεὸηκόσιν
1044 2340 1394 2413 ἐναντιότητα
1421 2342 1529 2396 τῶν
1555 2344 1654 2413 μὲν
1681 2361 1848 2415 χωρι-

274 2428 439 2490 στῶν,
462 2429 570 2481 τῶν
591 2429 649 2483 δὲ
694 2431 789 2485 καὶ
824 2431 1140 2503 ἀχωρίστων
1171 2450 1185 2463 ·
1220 2434 1313 2486 ἐπὶ
1334 2433 1389 2487 δὲ
1418 2433 1510 2487 τοῦ
1541 2434 1675 2488 Θεοῦ
1701 2438 1851 2489 πᾶσα

276 2520 377 2590 μὲν
402 2521 619 2590 ποιότης
642 2520 981 2592 ὲκὸέόληται,
1017 2523 1199 2594 ἐπειδὴ
1226 2540 1288 2591 γε
1310 2524 1458 2576 οὐδὲν
1478 2518 1552 2576 ὧν
1582 2524 1849 2591 καλεῖται,

270 2612 360 2664 Ξτε
371 2628 460 2682 ρον
490 2613 619 2682 παρ’
652 2614 815 2667 αὐτόν
833 2630 845 2642 ·
870 2614 1073 2677 ἁπλοῦς
1106 2616 1215 2687 γὰρ
1234 2617 1330 2669 καὶ
1349 2615 1639 2680 ἁσύνθετός
1667 2620 1813 2670 ἐστιν
1834 2636 1847 2649 ·

270 2705 422 2773 ὅμως
464 2705 522 2757 δὲ
570 2708 637 2776 τῇ
664 2705 911 2775 ὲννοίᾳ,ὃ
949 2706 1311 2777 προλαϐόντες
1357 2707 1602 2776 εἴπομεν,
1657 2724 1850 2778 προτε-

276 2796 422 2866 ρεύει
446 2797 504 2849 τὸ
533 2795 669 2851 εἶναι
705 2796 798 2850 τοῦ
827 2798 1022 2851 τοιόνδε
1056 2794 1215 2852 εἶναι.

1946 1972 2022 2026 ιὶο
2068 1973 2215 2042 quod
2264 1976 2425 2030 alicui
2481 1978 2663 2040 inest,
2726 1977 3150 2046 signiﬁcaverit;
3207 1980 3302 2035 sed
3347 1982 3529 2051 primo-

1945 2064 2185 2134 speciem
2217 2066 2540 2120 substantiae
2566 2066 2791 2133 dixerit,
2822 2066 3021 2123 deinde
3047 2068 3172 2138 quis
3210 2070 3285 2125 sit
3310 2070 3523 2141 adjicit,

1947 2164 2133 2227 postea
2170 2158 2491 2227 qualitatem
2525 2159 2577 2212 in
2614 2173 2679 2213 eo
2707 2159 2861 2213 dicit.

2018 2250 2323 2315 Qualitates
2363 2251 2532 2320 igitur
2576 2251 2889 2316 contrariae,
2930 2253 3073 2306 sicut
3110 2261 3237 2307 ante
3280 2252 3417 2319 dixi,
3463 2255 3520 2310 in

1946 2342 2015 2396 iis
2049 2356 2171 2411 quae
2202 2342 2478 2407 accidunt,
2512 2343 2737 2412 reperiri
2786 2351 3019 2412 possunt
3062 2344 3260 2414 partim
3301 2345 3520 2415 quidem

1947 2434 2305 2503 separabiles,
2340 2435 2533 2504 partim
2557 2450 2687 2489 vero
2726 2450 2837 2489 non
2865 2438 2956 2491 :in
2990 2435 3102 2491 Deo
3128 2444 3309 2493 autem
3342 2440 3527 2495 omnis

1947 2524 2187 2593 qualitas
2207 2522 2380 2592 ejecta
2406 2532 2524 2590 est;
2555 2524 2998 2595 quandoquidem
3030 2524 3167 2579 nihil
3190 2541 3380 2581 eorum
3404 2536 3530 2597 quae

1947 2613 2015 2667 de
2057 2629 2121 2668 eo
2151 2612 2435 2680 dicuntur,
2479 2613 2629 2668 aliud
2680 2623 2762 2669 est
2796 2622 2994 2683 praeter
3032 2615 3249 2685 ipsum;
3291 2616 3524 2688 simplex

1951 2707 2095 2760 enim
2147 2717 2230 2762 est
2271 2716 2325 2762 et
2356 2708 2774 2776 compositionis
2813 2724 3043 2777 expers:
3069 2709 3406 2780 cogitatione
3448 2720 3531 2763 ta-

1953 2812 2096 2860 men,
2128 2806 2187 2851 ut
2220 2797 2479 2869 superius
2509 2797 2715 2852 dictum
2748 2806 2854 2861 est,
2891 2799 3047 2869 prius
3080 2808 3165 2855 est
3197 2816 3321 2856 esse
3358 2817 3524 2872 quam

1949 2886 2109 2939 talem
2135 2902 2281 2942 esse.

1132 2972 1259 3027 οη.
1302 2973 1367 3028 Χ.
1411 2974 1528 3027 Duo
1564 2976 1793 3045 ingenita
1823 2992 1925 3028 non
1956 2986 2175 3044 possunt
2200 2992 2311 3031 esse
2342 2978 2613 3029 contraria

341 3090 431 3142 Διό
469 3107 666 3161 φαμεν,
719 3090 1098 3153 ἀναλαόόντες,

269 3181 409 3238 εἶναι
442 3184 679 3247 ἐναντία,
724 3183 881 3236 οὐσία
907 3183 1057 3248 ζῶσά
1098 3200 1157 3237 τε
1200 3184 1293 3235 καὶ
1319 3184 1609 3253 ἀγέννητος
1638 3184 1719 3252 (οὐ
1739 3183 1848 3253 γὰρ

267 3275 652 3349 ἀρνηθεῖεν)’ῆ
684 3276 853 3345 ἄμφω
876 3273 1074 3343 ἀγαθὰ,
1095 3275 1181 3327 ῖνα
1214 3274 1411 3345 μᾶλλον
1436 3274 1571 3344 πρὸς
1594 3273 1654 3325 τὸ
1676 3272 1845 3342 εὐφη-

271 3391 372 3445 μον
394 3372 630 3436 εὐσεϐῶς
661 3372 748 3424 διὰ
773 3372 831 3424 τὸ
863 3370 1029 3435 ὅντως
1071 3369 1130 3424 ὃν
1158 3369 1360 3436 ἀγαθὸν
1393 3371 1485 3420 καί
1517 3365 1843 3429 τούναντίον,

267 3466 459 3535 ἔφασιν
477 3465 595 3535 (5⁸),
608 3464 832 3535 ἕλκηται
846 3463 906 3515 τὸ
928 3461 1184 3533 μηδαμῶς
1204 3462 1261 3513 ὃν
1275 3462 1354 3532 (οὐ
1372 3461 1479 3532 γὰρ
1494 3458 1843 3530 ἀντιστρέφο-

271 3546 417 3628 μεν),
444 3558 477 3626 ἦ
509 3557 675 3627 ἄμφω
701 3556 847 3610 κακὰ
866 3574 878 3587 ·
906 3557 966 3609 τὸ
994 3557 1102 3625 γὰρ
1141 3555 1430 3625 ἀγέννητον
1461 3553 1675 3615 πάντως
1707 3553 1844 3621 ἁγα-

267 3653 379 3704 θόν.
404 3652 608 3703 Αὐτίκα
637 3651 935 3721 ἀγέννητος
956 3650 984 3701 ὁ
1014 3649 1142 3711 Θεὸς
1177 3648 1457 3716 ὑπάρχων,
1489 3641 1596 3716 ἄρα
1622 3644 1753 3698 αὐτὸ
1784 3645 1845 3697 τὸ

269 3744 346 3815 μὴ
378 3744 701 3815 γεννηθῆναι
744 3743 819 3805 ὡς
860 3742 1026 3795 κακὸν
1076 3740 1221 3810 ﬁxes;
1271 3738 1554 3807 Οὐδαμῶς,
1618 3736 1731 3790 ἀλλ’
1770 3737 1846 3800 ὼς

265 3834 471 3903 ἀγαθον
499 3833 721 3903 δηλαδή.
775 3831 870 3894 Τίς
904 3826 994 3883 οὖν
1025 3832 1057 3900 ή
1098 3827 1496 3898 ἀποκλήρωσις,
1526 3828 1669 3879 τοῦτ’
1713 3827 1844 3879 αὐτὸ

264 3926 499 3998 πρᾶγμά
529 3942 587 3977 τε
644 3929 735 3976 καὶ
784 3923 972 3992 ὄνομα,
1007 3921 1157 3993 παρὰ
1193 3920 1290 3991 μὲν
1319 3919 1399 3990 τῷ
1436 3919 1552 3989 Θεῷ
1586 3918 1747 3971 καλόν
1783 3938 1842 3972 τε

264 4018 361 4072 καὶ
402 4018 603 4084 ἀγαθὸν
653 4012 812 4079 εἶναι,
850 4015 999 4089 παρὰ
1028 4014 1083 4067 δὲ
1108 4017 1171 4084 τῇ
1225 4014 1413 4083 κακίᾳ,
1440 4012 1512 4075 ὥς
1548 4029 1700 4081 φασι,
1723 4021 1844 4064 τού-

262 4112 477 4165 ναντίον
512 4109 709 4174 κακόν;
738 4109 932 4170 Γενεᾶς
967 4108 1063 4177 μὲν
1089 4106 1195 4178 γὰρ
1219 4105 1466 4176 εὑρεθείη
1493 4105 1556 4157 ἂν
1590 4104 1840 4174 διαφορὰ,

262 4204 495 4273 διαφορὰ
541 4201 722 4271 μέντοι
767 4201 859 4253 καὶ
898 4201 996 4253 οὐκ
1054 4198 1745 4268 ἐναντιότης-ἁγενιλησίας
1785 4197 1841 4249 δὲ

262 4296 423 4347 ποίαν
440 4311 522 4356 τις
542 4293 605 4345 ἂν
624 4291 1060 4363 εὐροιδιαφορᾶν,
1082 4286 1118 4359 ἦ
1140 4290 1240 4342 πού
1258 4306 1319 4356 γε
1338 4288 1704 4359 ἐναντιότητα;
1725 4287 1841 4341 Διό-

261 4403 369 4457 Ιηερ
394 4385 740 4439 παντάπασιν
771 4384 1049 4447 ἀδύνατον,
1072 4382 1363 4451 ἀγέννητον
1384 4381 1660 4450 ἁγεννήτῳ
1690 4380 1840 4431 ὲναν⁴

1140 3090 1236 3154 ὡς,
1268 3092 1316 3143 εί
1357 3092 1590 3163 ἑκάτερα
1620 3092 1654 3145 ἃ
1684 3108 1844 3161 φησιν

2022 3094 2381 3157 Quamobrem
2409 3109 2616 3163 rursus
2659 3093 2917 3159 dicimus,
2973 3095 3017 3149 si
3059 3106 3289 3165 utraque
3331 3111 3525 3151 eorum

1949 3199 2069 3253 qua:
2100 3184 2427 3239 Manichacus
2451 3186 2730 3239 contraria
2764 3201 2888 3241 esse
2929 3185 3081 3249 dicit,
3110 3188 3416 3243 substantia
3440 3190 3524 3243 vi-

1946 3293 2081 3331 vens
2127 3286 2181 3332 et
2234 3278 2472 3348 ingenita
2510 3287 2675 3345 sunt;
2727 3294 2837 3333 non
2880 3280 3026 3334 enim
3084 3281 3383 3350 negabunt,
3438 3282 3525 3336 vel

1947 3369 2108 3423 ambo
2144 3368 2283 3423 bona
2317 3377 2375 3423 ut
2406 3370 2579 3440 magis
2604 3372 2670 3425 ad
2701 3371 2754 3425 id
2780 3372 2925 3442 quod
2957 3373 3094 3427 bene
3120 3374 3313 3443 pieque
3338 3383 3522 3440 sonat,

1948 3468 2168 3529 propter
2200 3475 2325 3513 vere
2351 3460 2580 3523 bonum,
2616 3461 2793 3530 ipsum
2824 3462 3187 3528 contrarium,
3233 3462 3379 3533 quod
3419 3464 3522 3517 mi-

1947 3548 2093 3604 nime
2117 3557 2220 3612 est,
2262 3550 2548 3617 trahatur;
2586 3566 2695 3604 non
2722 3552 2865 3605 enim
2897 3553 3163 3619 dicemus,
3193 3554 3276 3610 vel
3303 3566 3516 3619 contra,

1945 3641 1990 3694 si
2026 3641 2187 3695 ambo
2235 3642 2412 3695 mala:
2443 3642 2589 3711 quod
2634 3644 2781 3697 enim
2813 3643 3112 3715 ingenitum
3146 3653 3251 3709 est,
3295 3648 3524 3703 omnino

1946 3730 2149 3785 bonum
2200 3739 2305 3786 est.
2353 3730 2630 3788 Continuo
2682 3735 2849 3805 igitur
2893 3734 3036 3792 Deus
3085 3752 3210 3791 cum
3243 3736 3521 3808 ingenitus

1944 3823 2038 3885 sit,
2081 3837 2426 3893 nequaquam
2479 3823 2641 3880 habet
2693 3825 2798 3881 hoc
2838 3827 3016 3897 ipsum
3068 3844 3179 3883 non
3215 3830 3515 3900 ingenitum

1943 3928 2066 3967 esse
2107 3920 2363 3982 tauquam
2411 3916 2637 3981 malum,
2673 3918 2767 3973 sed
2802 3926 3060 3987 tanquam
3110 3919 3311 3973 bonum
3346 3930 3515 3977 certe.

1944 4007 2075 4071 Quae
2096 4006 2262 4077 igitur
2288 4010 2504 4063 sortitio
2537 4010 2640 4065 ista
2667 4012 2908 4066 eamdem
2944 4029 3055 4068 rem
3078 4022 3132 4067 et
3152 4030 3351 4069 nomen
3372 4018 3516 4086 apud

1944 4099 2114 4154 Deum
2138 4100 2357 4169 quidem
2380 4102 2665 4171 pulchram
2691 4114 2745 4157 et
2764 4106 2963 4160 bonam
2987 4122 3109 4161 esse
3134 4125 3149 4173 ;
3173 4115 3362 4161 contra
3388 4118 3518 4164 vero

1944 4193 2139 4245 malam
2185 4194 2329 4262 apud
2361 4195 2587 4256 malum,
2641 4204 2700 4249 ut
2750 4198 2837 4251 isti
2872 4200 3057 4252 aiunt?
3088 4200 3139 4252 in
3171 4202 3519 4267 generatione

1942 4284 2161 4352 quidem
2216 4286 2449 4339 inveniri
2499 4295 2663 4356 queat
2709 4288 3036 4353 ditl'erentia,
3091 4290 3393 4346 diﬂerentia
3433 4302 3517 4347 ta-

1943 4390 2090 4438 men,
2126 4385 2180 4431 et
2214 4394 2323 4431 non
2374 4381 2736 4435 contrarium.
2771 4380 2829 4434 In
2871 4397 2939 4437 eo
2968 4398 3097 4438 vero
3131 4359 3275 4454 quod
3312 4391 3396 4438 est
3428 4384 3515 4437 in-

260 4473 376 4527 τίον
429 4469 594 4524 εἶναι·
648 4473 696 4524 εἰ
745 4470 852 4542 γάρ
885 4488 935 4522 τι
969 4470 1074 4542 εἴη,
1105 4468 1253 4522 οὐδὲν
1283 4469 1392 4521 τῶν
1430 4469 1607 4521 αὐτῶν
1634 4467 1836 4537 ὀφείλει

1947 4467 2182 4534 genitum
2223 4483 2365 4529 esse.
2417 4470 2544 4537 quid
2581 4480 2757 4540 potest
2807 4486 2931 4526 esse
2980 4472 3257 4535 diﬂerens,
3310 4470 3515 4526 nedum

258 4565 384 4620 οὐτε
423 4546 604 4628 εἶναι,
647 4563 768 4616 οὔτε
805 4560 1301 4635 προσαγορεύεσθαι
1344 4560 1422 4631 τῷ
1461 4560 1707 4630 ἐναντίῳ,
1749 4561 1835 4613 ἵνα

257 4657 620 4726 ἀκοινώνητον
714 4659 825 4719 τοῖς
858 4657 989 4709 πᾶσι
1014 4655 1149 4726 πρὸς
1180 4654 1241 4706 τὸ
1278 4653 1535 4705 ἐναντίον.

259 4752 355 4813 sit,

256 4842 542 4897 contrario
574 4841 939 4895 communitas
969 4855 1032 4892 ac
1068 4840 1324 4893 societas.

327 4936 391 4988 Εἰ
419 4934 526 5007 γὰρ
565 4936 637 5007 μὴ
686 4935 770 5007 εἴη
811 4935 987 5005 πάντη
1014 4934 1271 4998 ἐναντίον,
1298 4932 1431 4987 καθὸ
1462 4935 1827 4996 ἐπικοινωνεῖ,

252 5028 359 5081 οὐκ
402 5027 674 5081 ἐναντίον*
741 5026 982 5080 ἐναντίον
1024 5027 1206 5097 μέντοι
1250 5028 1309 5079 τὸ
1345 5026 1419 5097 μὴ
1458 5025 1515 5079 ὃν
1559 5024 1826 5095 τῴεὸντι·

255 5124 399 5192 τάχα
424 5121 479 5173 δὲ
500 5121 619 5175 οὐδὲ
650 5120 807 5175 τοῦτο
848 5120 946 5190 (6)’
984 5121 1044 5173 οὐ
1078 5120 1186 5191 γὰρ
1213 5120 1557 5190 διαμάχεται.
1593 5119 1665 5172 Τὸ
1688 5119 1745 5171 δὲ
1772 5118 1832 5172 ὃν

253 5214 335 5284 τῷ
383 5213 497 5266 δντι
548 5214 647 5265 οὐκ
706 5212 964 5266 ἐναντίον.
1000 5212 1063 5265 Et
1089 5212 1146 5265 δὲ
1175 5212 1234 5265 τὸ
1266 5212 1325 5265 ὃν
1369 5211 1447 5281 τῷ
1472 5212 1583 5264 ὄντι
1618 5212 1831 5275 πάντως

249 5304 537 5374 ὁμόλογον,
565 5302 623 5357 ἓν
656 5304 716 5356 τὸ
751 5304 841 5357 καὶ
860 5304 1017 5374 μόνον
1050 5302 1259 5372 ἀληθῶς
1291 5303 1348 5355 ὃν
1368 5343 1381 5367 ,
1418 5306 1527 5365 τοῖς
1561 5304 1693 5355 πᾶσι
1736 5300 1830 5355 τοῦ

251 5394 393 5453 εἶναι
414 5399 599 5468 ἄρχον.
1136 5402 1143 5409 ’

353 5687 431 5757 5⁸)
464 5684 642 5757 Forte,
674 5687 701 5757 ὁ
733 5704 916 5757 φασιν.
946 5685 1103 5742 Eutr.

354 5756 408 5828 6)
448 5755 607 5826 Τάχα
643 5755 817 5824 δὲ,⁷κ.
866 5775 916 5810 τ.
955 5757 1002 5811 λ.
1039 5759 1172 5813 Sunt
1206 5760 1342 5814 enim
1390 5761 1441 5813 in
1495 5759 1599 5817 Deo
1644 5762 1823 5829 simul,

1943 4560 2321 4613 contrarium?
2347 4561 2712 4626 Quamobrem
2751 4563 2974 4616 omnino
3002 4562 3117 4617 ﬁeri
3161 4580 3268 4618 non
3312 4572 3512 4633 potest,

1943 4657 2002 4702 ut
2035 4650 2336 4719 ingenitum
2361 4653 2603 4723 ingenito
2634 4655 2968 4709 contrarium
3002 4656 3104 4722 sit;
3131 4657 3176 4710 si
3207 4655 3337 4726 quid
3365 4654 3513 4710 enim

432 4751 641 4804 nullum
690 4763 877 4803 eorum
927 4747 1085 4801 debet
1150 4763 1250 4801 nec
1324 4762 1447 4801 esse
1502 4761 1602 4799 nec
1649 4743 1910 4814 appellari
1950 4745 2310 4807 contrarium,
2361 4754 2418 4798 ut
2461 4747 2515 4799 in
2562 4746 2817 4801 omnibus
2860 4748 3027 4803 rebus
3074 4750 3220 4804 nulla
3269 4750 3340 4805 sit
3386 4764 3511 4804 cum

2011 4924 2067 4977 Si
2105 4925 2247 4978 enim
2278 4940 2386 4978 non
2421 4925 2492 4979 sit
2522 4926 2744 4980 omnino
2773 4927 3131 4990 contrarium,
3156 4938 3425 4998 quatenus
3457 4935 3509 4989 ei

1945 5019 2314 5073 communitas
2347 5033 2472 5071 cum
2517 5020 2688 5073 altero
2731 5028 2836 5085 est,
2870 5037 2976 5073 non
3013 5030 3096 5075 est
3129 5025 3462 5079 contrarium
3492 5047 3505 5081 :

1941 5110 2217 5163 contraria
2265 5119 2447 5165 tamen
2490 5120 2617 5166 sunt
2650 5127 2772 5166 esse
2820 5119 2874 5166 εἴ
2914 5129 3023 5166 11011
3058 5128 3199 5168 esse.
3252 5113 3510 5172 Fortasse

1941 5216 2069 5254 vero
2099 5214 2202 5255 nec
2245 5200 2362 5254 hinc
2408 5202 2687 5255 contraria
2726 5212 2876 5267 sunt,
2909 5218 3019 5257 non
3063 5206 3207 5257 enim
3241 5215 3505 5276 pugnant.

1942 5290 2102 5357 Quod
2125 5306 2254 5346 vero
2280 5301 2383 5356 est,
2428 5308 2537 5345 non
2570 5303 2655 5347 est
2679 5294 3017 5348 contrarium
3053 5294 3102 5349 ei
3138 5296 3285 5365 quod
3320 5305 3425 5352 est.
3449 5296 3508 5353 Si

1938 5392 2120 5439 autem
2162 5384 2439 5457 quomodo
2467 5394 2551 5439 est
2584 5387 2800 5454 penitus
2827 5401 2951 5440 eum
2980 5401 3046 5441 eo
3075 5388 3221 5457 quod
3259 5396 3344 5443 est
3374 5405 3507 5444 con-

1941 5476 2103 5540 venit,
2138 5492 2303 5530 unum
2331 5485 2383 5531 et
2417 5478 2615 5541 solum,
2652 5479 2797 5548 quod
2826 5494 2954 5534 vere
2983 5488 3087 5547 est,
3119 5482 3376 5538 omnibus
3402 5485 3507 5539 erit

1938 5571 2264 5640 principium
2305 5578 2363 5624 ut
2397 5573 2527 5626 sint.

1938 5694 2087 5766 «qui
2116 5703 2265 5747 vocat
2293 5710 2354 5747 ea
2375 5711 2491 5761 qua:
2512 5711 2619 5766 non
2640 5704 2782 5760 sunt,
2814 5705 3063 5755 tanquam
3085 5714 3146 5751 ea
3168 5714 3284 5766 qua:
3313 5706 3453 5764 sunt,
3480 5715 3499 5748 ν

1940 5764 2082 5819 sicut
2116 5766 2416 5838 Apostolus
2450 5766 2526 5819 ait
2559 5763 2734 5836 (Rom.
2773 5784 2847 5833 iv,
2876 5767 2984 5839 l7).
3018 5763 3289 5826 Camsws.
