4072 6338
220 257 365 327 1085

1292 285 1664 344 Αονειιευε
1705 289 2129 348 uastauit-:03
2160 293 2297 350 LIB,
2330 271 2393 351 I.’

3331 304 3470 363 1086

213 388 476 458 δυνάμεις
496 404 509 417 °
546 390 839 459 αὐξηθεῖσα
884 395 1060 449 τοίνυν
1086 396 1338 466 ἀνήγετο,
1364 400 1463 452 οὐκ
1506 401 1675 453 εἰδυῖα
1707 400 1793 454 τοῦ

1907 421 1970 459 ac
2028 406 2227 463 multas
2278 416 2576 479 potestates
2636 411 3013 481 producebat;
3081 421 3243 468 aucta
3307 418 3472 489 igitur

214 480 425 548 ἀγαθοῦ
458 482 558 552 τὴν
592 482 845 554 ὓπαρξιν.
874 487 958 549 Ὠς
992 486 1047 540 δὲ
1071 489 1161 540 ἐπὶ
1187 488 1345 541 πλέον
1375 490 1665 560 ἀναχθεῖσα
1690 487 1797 545 εἶδε

212 576 318 645 τὴν
352 574 455 644 γῆν
480 591 540 627 τε
575 578 668 629 καὶ
704 577 764 629 τὸ
788 577 903 645 φῶς
927 578 1020 631 τοῦ
1047 580 1276 647 ἀγαθοῦ,
1308 581 1559 652 ἐπιϐῆναι
1582 585 1696 644 τοῖς
1722 585 1796 654 μὴ

215 668 373 731 ἰδίοις
397 670 683 741 ἐπιχειρεῖ·
702 673 730 723 ὁ
758 670 813 722 δὲ
839 672 1040 740 ἀγαθὸς
1053 673 1278 744 δύναμιν
1308 675 1623 728 ἀποστέλλει
1645 678 1791 743 τινὰ,

286 761 381 813 καὶ
429 760 599 830 ὄνομα
640 762 701 813 τὸ
747 762 902 829 δόξαν
939 764 1086 834 αὐτῷ
1130 764 1422 836 ἐπιτίθησι,
1461 767 1799 835 φυλάξουσαν

213 852 319 923 μὲν
363 850 525 921 δῆθεν
552 854 677 916 τοὺς
715 854 893 926 ὄρους,
920 856 986 909 τὸ
1013 856 1057 908 δ’
1091 857 1287 926 ἀληθὲς
1314 857 1500 931 δέλεαρ
1537 862 1798 932 ἐσομένην

212 944 300 1005 εἰς
333 942 586 996 ἀκούσιον
610 947 674 1015 τῇ
701 944 805 1018 ὕλῃ
822 950 1200 1019 σωφρονισμόν
1226 967 1239 979 ο
1270 951 1299 1002 ὃ
1340 951 1403 1021 δὴ
1450 954 1542 1005 καὶ
1584 954 1795 1021 γέγονε,

208 1033 538 1105 Θεασαμένη
598 1036 706 1107 γὰρ
755 1040 788 1109 ἡ
837 1037 934 1109 ὕλη
989 1040 1085 1110 τὴν
1122 1043 1516 1097 ἀποσταλεῖσαν
1569 1045 1797 1117 δύναμιν

213 1126 549 1197 προσεκίσση
559 1144 615 1178 σε
636 1128 753 1197 μὲν,
768 1128 841 1192 ὡς
856 1130 910 1182 δὲ
924 1131 1022 1203 (7‘)
1038 1133 1342 1203 ἐρασθεῖσα’
1362 1138 1506 1206 ὁρμὴ
1521 1138 1576 1190 δὲ
1594 1138 1796 1192 πλείονι

212 1214 457 1268 λαϐοῦσα
502 1218 704 1290 ταύτην
758 1221 1148 1279 κατέπιεοοκαὶ
1205 1227 1359 1298 ἐδέθη
1409 1231 1604 1301 τρόπον
1655 1231 1794 1297 τινὰ,

211 1308 407 1378 ὥσπερ
435 1308 639 1381 θηρίον.
673 1312 985 1385 Κέχρηνται
1020 1317 1126 1389 γὰρ
1157 1321 1249 1373 κα)⁸
1285 1321 1415 1391 τῷδε
1437 1322 1512 1393 τῷ
1543 1324 1795 1393 ὑποδείγη

214 1417 372 1468 ματι,
421 1400 496 1462 ὡς
554 1402 620 1455 δι’
671 1404 884 1474 ἐπῳδῆς
920 1406 1021 1476 τῆς
1076 1410 1470 1483 ἀποσταλείσης
1515 1414 1797 1485 δυνάμεως

211 1492 528 1563 ἐκοιμίσθη.
567 1494 761 1562 Γέγονε
811 1496 986 1551 τοίνυν
1034 1500 1177 1569 μίξις
1222 1505 1313 1556 καὶ
1361 1507 1557 1575 κρᾶσις
1585 1506 1792 1566 τοῦτον.

210 1584 374 1654 φησι,
410 1584 499 1636 τὸν
528 1588 725 1656 τρόπον
756 1590 855 1658 τῆς
885 1606 942 1641 τε
978 1594 1382 1666 καταποθείσης
1402 1597 1682 1666 δυνάμεως
1702 1599 1794 1651 τοῦ

213 1674 427 1742 ἀγαθοῦ
489 1678 582 1730 καὶ
630 1678 725 1748 τῆς
780 1682 1155 1754 καταπιούσης
1201 1684 1361 1756 ὕλης·
1408 1689 1501 1741 καὶ
1537 1688 1710 1752 οὕτως
1737 1690 1794 1756 ἐξ

212 1767 419 1835 ἀμφοῖν
447 1768 855 1841 ἐδημιουργήθη
891 1773 1008 1827 τόδε
1044 1777 1171 1835 πᾶν.
1205 1777 1310 1829 ὑπό
1339 1778 1431 1831 τοῦ
1465 1781 1670 1848 ἀγαθοῦ
1702 1782 1795 1852 δη-
1827 1765 1877 1818 θ’

213 1855 375 1928 λαδή·
426 1860 487 1911 οὐ
514 1859 621 1931 γὰρ
657 1861 722 1914 ἂν
757 1864 1088 1934 προύνόησεν
1129 1869 1160 1936 ἡ
1206 1869 1371 1922 κακία
1400 1872 1606 1942 κόσμου
1645 1874 1795 1941 γενέ-

216 1966 378 2012 σεως.
411 1951 687 2006 Ἐντεῦθεν
718 1954 773 2006 δέ
808 1973 935 2024 φασι
970 1958 1036 2011 τὰ
1067 1960 1165 2029 μὲν
1196 1962 1398 2027 ἀγαθὰ,
1437 1963 1503 2016 τὰ
1529 1964 1586 2016 δὲ
1625 1970 1791 2031 κακὰ,

212 2042 317 2111 τῆς
344 2044 591 2113 κράσεως
624 2047 837 2118 ἐκείνης
882 2051 974 2102 καὶ
1007 2051 1109 2121 τῆς
1138 2055 1355 2107 συνόδου
1389 2058 1500 2108 τοῖν
1537 2056 1681 2110 δυοῖν
1707 2058 1793 2113 διὰ

210 2135 316 2204 τῆς
348 2136 717 2209 ἐναντιότητος
757 2140 864 2194 τῶν
906 2143 1032 2214 τῇδε
1077 2147 1413 2217 πραγμάτων
1464 2150 1795 2222 ἐμφαινομέ-

212 2244 334 2296 vn;-

1902 499 2233 554 evehebatur
2285 502 2536 581 nesciens
2575 503 2932 559 substantiam
2981 503 3131 559 boni.
3174 505 3468 581 Postquam

1900 606 2033 644 vero
2074 592 2249 661 magis
2288 600 2471 647 evecta
2492 580 2650 648 novit
2673 604 2871 652 terram
2906 607 2961 653 et
2990 600 3171 655 lumen
3204 602 3353 666 boni,
3385 605 3472 659 ni-

1902 684 2117 737 tebatur
2163 686 2460 741 ascendere
2497 687 2565 740 ad
2599 702 2659 743 ea
2694 705 2815 758 quae
2854 706 2963 745 non
2999 699 3155 747 erant
3199 697 3418 766 propria
3451 716 3465 751 :

1901 773 2085 830 Bonus
2120 791 2251 831 vero
2299 785 2620 847 potestatem
2667 780 2958 849 quamdam
2995 784 3183 849 mittit,
3233 789 3320 841 cui
3364 804 3468 842 no-

1901 882 2024 920 men
2061 868 2204 936 quod
2238 868 2287 922 ei
2316 870 2489 924 visum
2516 881 2620 936 est,
2651 871 2903 943 imponit,
2934 876 3330 935 custodituram
3359 880 3470 937 sci-

1902 959 2029 1014 licet
2051 960 2389 1030 pratscripta,
2416 978 2476 1016 re
2510 974 2693 1017 autem
2720 980 2848 1019 vera
2884 964 3121 1020 futuram
3153 969 3269 1039 ipsi
3298 980 3469 1027 mate-

1906 1052 2002 1106 ria:
2035 1054 2346 1108 illecebram
2382 1061 2437 1108 et
2484 1055 2899 1111 invitamentum
2942 1058 3006 1112 ad
3038 1060 3465 1118 moderationem

1899 1142 2024 1210 ejus
2076 1155 2105 1193 a
2154 1142 2435 1196 voluntate
2486 1142 2738 1196 alienam.
2791 1144 2942 1209 Quod
2994 1145 3211 1214 quidem
3262 1147 3466 1202 factum

1898 1242 1982 1288 est
2021 1249 2033 1283 :
2069 1248 2193 1288 eum
2237 1235 2381 1288 enim
2430 1234 2659 1291 vidisset
2706 1238 2929 1291 materia
2974 1247 3299 1308 potestatem
3336 1241 3468 1296 mis-

1899 1341 2017 1380 sam
2058 1329 2215 1397 quasi
2262 1328 2540 1391 adamans,
2585 1330 2896 1398 concupivit
2941 1331 3156 1399 quidem
3197 1347 3337 1399 eam,
3370 1333 3466 1389 sed

1899 1418 2209 1473 ardentiore
2239 1420 2476 1489 appetitu
2513 1419 2835 1487 prehensam
2882 1422 3186 1486 absorbuit,
3231 1434 3285 1479 et
3326 1440 3465 1495 quo-

1899 1503 2021 1557 dam
2058 1506 2220 1559 modo
2280 1514 2537 1575 tanquam
2591 1507 2768 1561 bellua
2809 1509 2972 1579 ligata
3006 1519 3108 1566 est.
3161 1511 3261 1566 Usi
3286 1520 3463 1569 autem

1899 1606 2026 1650 sunt
2072 1596 2177 1651 hoc
2234 1598 2520 1668 exemplo,
2567 1608 2824 1669 tanquam
2884 1603 3136 1658 cautione
3181 1606 3483 1674 potestatis.

1900 1689 2079 1740 missae
2106 1687 2339 1756 sopitam
2373 1704 2516 1744 esse.
2550 1688 2713 1744 Facta
2752 1691 2920 1761 igitur
2944 1701 3047 1759 est,
3076 1694 3252 1761 aiunt,
3281 1696 3466 1749 mistio

1899 1786 1953 1831 et
1984 1780 2303 1848 temperatio
2342 1779 2408 1833 ad
2450 1782 2595 1835 hunc
2631 1783 2849 1837 modum
2877 1802 2891 1850 ;
2924 1784 3288 1856 absorptaque
3309 1797 3463 1856 pote-

1898 1878 2036 1924 state
2069 1870 2217 1934 boni,
2262 1880 2315 1926 et
2367 1873 2594 1925 materia
2645 1873 2970 1930 absorbente
3008 1876 3087 1930 sic
3128 1892 3193 1931 ex
3236 1884 3483 1948 utraque»

1898 1960 2225 2014 fabricatum
2265 1976 2388 2017 esse
2440 1964 2777 2031 universum,
2810 1980 2839 2017 a
2874 1966 3018 2020 bono
3062 1967 3317 2029 scilicet:
3354 1984 3465 2023 non

1896 2052 2041 2108 enim
2096 2053 2299 2107 malum
2348 2055 2585 2123 providit
2635 2062 2816 2109 ortum
2864 2058 3074 2112 mundi.
3122 2057 3261 2113 Hinc
3310 2060 3473 2114 aiuntt

1898 2147 2005 2200 alia
2036 2146 2253 2216 quidem
2300 2146 2441 2202 bona
2486 2163 2643 2214 esse,
2690 2149 2796 2202 alia
2823 2166 2953 2205 vero
2991 2152 3151 2217 mala,
3197 2151 3339 2206 facta
3368 2154 3464 2207 ωἰς

1899 2239 2082 2293 stione
2114 2238 2206 2291 illa
2232 2246 2285 2292 et
2312 2237 2542 2292 duorum
2569 2240 2712 2293 coitu
2748 2254 2844 2309 per
2863 2242 2970 2294 vim
3008 2244 3336 2298 contrariam
3377 2260 3463 2300 re-

1891 2346 2037 2393 rum,
2063 2345 2183 2400 quaz
2203 2330 2293 2385 hic
2324 2339 2468 2386 sunt.

603 2416 733 2470 Car.
768 2415 905 2471 Xlll.
942 2419 1133 2473 Anima
1166 2438 1196 2473 ιι
1226 2420 1357 2474 bono
1395 2423 1674 2493 principio,
1708 2442 1741 2479 a
1779 2424 1918 2478 malo
1946 2433 2119 2475 autem
2147 2438 2356 2489 corpus,
2389 2422 2672 2477 secundum
2714 2421 3054 2478 Manichaos.

317 2506 571 2577 Ορίζεται
603 2508 657 2560 δὲ
684 2509 857 2581 ψυχὴν
887 2512 985 2582 μὲν
1026 2513 1241 2566 ἃπασαν
1277 2512 1413 2569 εἶναι
1444 2518 1543 2587 τῆς
1573 2518 1788 2589 μερίδος

210 2596 311 2650 τοῦ
343 2598 566 2665 ἀγαθοῦ,
600 2600 759 2671 σῶμα
794 2604 849 2655 δὲ
888 2606 978 2657 καὶ
1012 2606 1108 2675 τὴν
1154 2607 1350 2678 σάρκα,
1386 2610 1483 2679 τῆς
1528 2609 1681 2681 ῦλης,
1713 2610 1788 2681 πὴ

212 2691 319 2759 μὲν
354 2692 686 2761 κατέχουσαν
710 2695 785 2758 ὡς
819 2698 875 2748 ἐν
903 2698 1094 2769 εἱρκτῇ
1116 2698 1213 2770 τὴν
1244 2700 1443 2770 ψυχὴν,
1477 2701 1551 2772 πὴ
1576 2702 1631 2755 δὲ
1655 2719 1787 2754 κατ-

209 2779 480 2849 εχομένην
521 2781 595 2845 ὡς
638 2782 823 2854 θηρίον
861 2786 995 2857 πρὸς
1019 2788 1118 2857 τῆς
1148 2790 1383 2860 ἐπῳδῆς.
1414 2790 1568 2843 Οὐτω
1598 2792 1693 2862 μὲν
1726 2790 1788 2862 δὴ

212 2874 577 2943 σοφισάμενος
617 2876 715 2947 τὴν
757 2876 888 2947 ὓλην
929 2880 957 2931 ὁ
990 2881 1192 2949 ἀγαθὸς
1252 2884 1476 2954 κόσμου,
1514 2886 1666 2955 φησὶ,
1699 2886 1789 2954 γέ·-

208 2983 336 3035 γονε
370 2967 724 3039 δημιουργός·
764 2970 863 3022 οὐκ
907 2970 1274 3043 ἀντιποιηθείς
1318 2993 1379 3043 γε
1415 2976 1505 3028 τοῦ
1530 2977 1789 3048 δημιουρ·
1815 3000 1858 3058 C

207 3057 380 3127 γῆσαι
430 3058 597 3111 αὐτὸν
632 3059 966 3128 (ἀνθίσταται
1000 3063 1107 3134 γὰρ
1149 3066 1341 3136 αὐτῷ),
1379 3068 1512 3121 ἀλλὰ
1558 3068 1644 3120 διὰ
1690 3069 1786 3138 τὴν

207 3149 582 3203 ἐπανάστασιν
612 3151 711 3221 τῆς
739 3153 961 3217 κακίας,
998 3156 1063 3225 ἦν
1118 3160 1462 3230 σωφρονῆσαι
1506 3159 1749 3231 διενοήθη
1771 3178 1783 3188 ·

207 3242 273 3295 οὐ
322 3242 502 3313 μέντοι
550 3242 740 3311 γέγονε
778 3244 1000 3299 δυνατὸν
1038 3247 1239 3311 ἐξελεῖν
1286 3251 1384 3320 τῆς
1442 3252 1639 3316 κακίας
1679 3252 1786 3304 τῶν

208 3335 551 3405 φαινομένων
594 3337 935 3409 πραγμάτων
978 3339 1068 3392 τὸν
1113 3340 1209 3404 ἰὸν,
1236 3342 1463 3396 ἕπεσθαι
1506 3342 1562 3395 δὲ
1604 3342 1786 3396 τοῦτον

207 3426 559 3497 δεικνύμενον
601 3433 663 3483 ὲκ
696 3431 796 3501 τῆς
832 3432 1057 3495 ἀταξίας
1098 3434 1189 3486 καὶ
1220 3434 1339 3503 τῆς,
1366 3434 1441 3497 ὡς
1468 3434 1783 3505 ὑπείληφεν,

210 3520 528 3591 ἀνισότητος
552 3522 660 3575 τῶν
692 3524 812 3577 καθ’
832 3528 1001 3595 ἡμᾶς,
1030 3525 1217 3579 τοῦτον
1249 3527 1346 3597 μὲν
1374 3526 1639 3589 πλουτεῖν,
1663 3526 1787 3580 τοῦ-

206 3628 303 3664 τον
354 3612 411 3665 δὲ
448 3614 725 3667 πένεσθαυ
768 3617 860 3670 καὶ
889 3620 979 3671 τὸν
1016 3620 1112 3689 μὲν
1158 3618 1408 3683 εὐδοξεῖν,
1444 3619 1535 3672 τὸν
1566 3620 1622 3672 δὲ
1664 3620 1785 3674 ἀδοο

211 3704 322 3767 ξεῖν
343 3720 355 3732 ’
387 3704 483 3758 καί
514 3705 616 3760 ὅσα
640 3707 884 3763 τοιαῦτα.
916 3710 988 3762 Τό
1023 3727 1079 3763 τε
1109 3710 1171 3781 δὴ
1200 3709 1630 3780 σπουδαζόμενὸν
1670 3714 1786 3765 ἐστι

207 3797 287 3869 τῷ
319 3799 510 3869 ἀγαθῷ
542 3801 639 3871 τὴν
682 3800 858 3871 ψυχὴν
901 3801 1260 3872 ἐλευθερῶσαι
1300 3803 1396 3873 τῆς
1430 3802 1657 3867 κακίας·
1694 3805 1787 3857 καὶ

207 3892 413 3962 ταύτην
464 3892 724 3963 ἀντλῆσαι
760 3894 959 3966 τρόπον
987 3895 1110 3949 τινὰ
1138 3897 1201 3947 ἐκ
1221 3895 1316 3965 τῆς
1344 3893 1473 3965 ῦλης
1493 3912 1505 3924 ·
1542 3894 1699 3948 τοῦτο
1730 3895 1785 3949 δὲ

208 3982 491 4051 γίγνεσθαι
521 3982 608 4036 διὰ
639 3983 737 4053 τῆς
768 3985 993 4056 σελήνης
1022 3985 1389 4056 αὐξανομένης
1404 4002 1460 4037 τε
1484 3986 1576 4038 καὶ
1601 4003 1785 4055 μειου-

210 4075 402 4145 μένης,
430 4075 505 4139 ὠς
535 4077 666 4146 ὁρᾷν
699 4076 961 4146 δοκοῦμεν
994 4079 1156 4147 qusi;
1175 4095 1187 4107 ·
1218 4078 1278 4131 τὸ
1304 4078 1411 4147 γὰρ
1434 4077 1648 4149 ἀληθὲς,
1684 4097 1786 4149 φη-

206 4168 317 4230 σὶν,
353 4166 539 4235 ὑδρίας
572 4167 773 4236 τρόπον
806 4168 943 4234 αὐτὴ
991 4168 1338 4239 πληρουμένη
1360 4208 1374 4231 ,
1423 4170 1487 4222 ἐκ
1525 4169 1622 4239 τῆς
1658 4186 1787 4222 κατ-

204 4258 479 4328 εχομένης
507 4257 693 4320 οὐσίας
722 4260 801 4321 είς
830 4258 891 4311 τὸ
922 4259 1180 4329 ὁμογενὲς
1203 4258 1404 4327 ἀγαθὸν
1427 4260 1704 4313 κενοῦται·
1734 4262 1783 4313 εί

204 4348 320 4418 γὰρ
351 4347 542 4419 καὶμὴ
585 4348 794 4411 τούτοις
830 4366 891 4417 γε
918 4352 1029 4413 τοῖς
1058 4351 1314 4421 ῥήμασιν,
1348 4351 1483 4404 ἀλλά
1517 4368 1580 4419 γε
1610 4352 1780 4406 ταῦτα
1813 4377 1855 4432 ι)

208 4439 457 4510 βούλεται
483 4440 680 4507 λέγειν,
702 4440 843 4511 ἀπερ
867 4442 1364 4512 εὐσχημονέστερον
1386 4443 1525 4495 πάνυ
1552 4460 1614 4511 γε
1642 4444 1780 4515 πρὸς

205 4529 365 4599 ἡμῶν
416 4531 657 4601 εἴρηται·
710 4530 963 4584 πλεῖστον
1015 4530 1123 4602 γὰρ
1183 4532 1306 4583 ὅσον
1358 4534 1483 4604 παρ’
1536 4534 1683 4604 αὐτῷ
1720 4536 1779 4593 τὸ

204 4620 493 4674 ἀλλόκοτον
522 4622 580 4674 ἐν
608 4624 673 4692 τῇ
709 4622 952 4696 διηγήσει
978 4624 1072 4676 καὶ
1095 4624 1156 4676 τὸ
1186 4624 1465 4685 ἀπίθανον.

1965 2515 2214 2570 Decernit
2243 2522 2423 2570 autem
2471 2531 2685 2571 omnem
2719 2516 2935 2586 quidem
2976 2518 3211 2572 animam
3243 2534 3364 2575 esse
3394 2536 3459 2575 ex

1896 2619 2045 2679 parte
2072 2608 2199 2662 boni
2241 2626 2256 2673 ;
2286 2624 2487 2678 corpus
2516 2623 2645 2662 vero
2678 2615 2731 2662 et
2759 2622 2979 2662 carnem
3012 2625 3077 2663 ex
3108 2618 3261 2679 parte
3284 2620 3460 2667 mate-

1895 2696 1990 2752 ria:
2033 2716 2045 2750 :
2082 2703 2136 2750 et
2172 2696 2284 2764 jam
2318 2695 2538 2765 quidem
2573 2711 2775 2767 corpus
2814 2698 3050 2751 animam
3096 2707 3357 2771 tanquam
3403 2702 3465 2755 in

1894 2804 2116 2843 carcere
2160 2788 2446 2853 detinere;
2487 2790 2599 2855 jam
2630 2805 2758 2844 vero
2806 2790 3043 2845 animam
3077 2792 3305 2849 detineri
3340 2802 3462 2849 tan-

1896 2895 2055 2948 quam
2081 2880 2315 2933 belluam
2346 2895 2375 2932 a
2405 2880 2677 2933 eantione.
2708 2878 2798 2934 Sic
2826 2881 3000 2935 bonus
3025 2896 3146 2935 cum
3177 2885 3458 2938 materiam

1894 2968 2219 3037 deeepisset,
2261 2967 2471 3030 mundi,
2521 2968 2718 3037 inquit,
2770 2966 2950 3023 factus
2987 2977 3071 3023 est
3116 2970 3455 3028 fabricator:

1890 3074 2000 3113 non
2053 3059 2271 3128 quidem
2329 3057 2474 3128 quod
2531 3059 2708 3129 ipsum
2759 3058 3016 3113 fabricari
3068 3060 3455 3128 desiderasset,

1889 3152 2096 3206 resistit
2137 3150 2281 3204 enim
2328 3152 2399 3211 ei.
2446 3151 2542 3205 sed
2598 3161 2819 3221 propter
2870 3152 3191 3207 seditionem
3233 3169 3264 3208 a
3316 3157 3463 3211 malo

1887 3241 2202 3307 excitatam,
2221 3256 2383 3309 quam
2409 3242 2682 3313 corrigere
2702 3253 2756 3296 et
2781 3242 3049 3297 moderari
3081 3246 3413 3316 cogitaverat
3439 3265 3463 3314 ;

1888 3351 1997 3389 non
2046 3344 2226 3389 tamen
2277 3334 2391 3389 ﬁeri
2429 3336 2697 3405 potuisse,
2730 3342 2787 3389 ut
2821 3351 3086 3391 venenum
3137 3339 3265 3393 mali
3310 3341 3455 3411 quod

1887 3436 1971 3483 est
2022 3428 2078 3481 in
2130 3428 2293 3481 rebus
2338 3441 2476 3495 quas
2512 3426 2781 3493 videmus,
2836 3429 3260 3496 extraheretur;
3301 3432 3455 3501 sequi

1887 3536 2017 3575 vero
2040 3520 2168 3584 hoc,
2202 3527 2260 3573 ut
2292 3518 2497 3588 opinati
2528 3525 2676 3581 sunt,
2711 3533 2777 3573 ex
2804 3519 3215 3588 perturbatione
3246 3522 3457 3577 ordinis

1886 3620 1940 3666 et
1982 3625 2050 3666 ex
2102 3610 2470 3680 inaequalitate
2517 3624 2697 3664 rerum
2734 3617 3047 3665 nostrarum
3103 3619 3264 3683 atque
3309 3613 3454 3667 hunc

1887 3703 2106 3773 quidem
2148 3702 2371 3757 divitem
2410 3717 2552 3765 esse,
2588 3701 2741 3755 illum
2777 3718 2904 3757 vero
2934 3718 3271 3774 pauperem;
3304 3704 3451 3760 hunc

1887 3795 2208 3867 gloriosum,
2268 3794 2423 3849 illum
2479 3794 2867 3849 inhonoratum
2924 3805 2977 3851 et
3028 3796 3338 3866 inglorium,
3400 3809 3456 3854 et

1886 3904 2231 3959 quaacunque
2278 3887 2407 3941 talia
2462 3892 2607 3942 sunt.
2671 3886 2922 3941 Studium
2979 3903 3110 3942 vero
3153 3888 3276 3944 boni
3332 3906 3456 3946 esse

1887 3982 2115 4037 liberare
2146 3980 2383 4035 animam
2420 3996 2449 4033 a
2484 3980 2648 4046 malo,
2680 3988 2733 4034 et
2753 3980 2893 4034 hanc
2923 3980 3158 4050 quodam
3194 3982 3356 4035 modo
3384 3998 3455 4036 ex

1885 4073 2109 4128 materia
2139 4072 2431 4127 exhaurire
2490 4089 2503 4126 :
2565 4071 2668 4126 hoc
2737 4080 2919 4126 autem
2967 4071 3084 4127 ﬁeri
3122 4087 3219 4143 per
3266 4072 3449 4125 lunam

1886 4172 2219 4219 crescentem
2264 4171 2317 4217 et
2365 4162 2797 4224 decrescentem,
2848 4169 2908 4215 ut
2943 4177 3045 4216 nos
3076 4162 3263 4217 videre
3300 4161 3452 4215 vide-

1885 4271 2009 4308 mur
2040 4271 2061 4305 :
2090 4270 2149 4310 re
2182 4270 2309 4310 vera
2340 4254 2508 4318 enim,
2542 4253 2738 4323 inquit,
2771 4253 2888 4323 ipsa
2920 4253 2973 4306 in
3004 4254 3220 4309 modum
3250 4254 3452 4325 hydria:

1886 4346 2101 4417 impleta
2124 4390 2137 4409 ,
2174 4364 2240 4402 ex
2278 4346 2583 4401 substantia
2618 4344 2797 4399 infusa
2830 4345 2887 4398 in
2920 4346 3126 4400 bonum
3159 4356 3453 4417 cognatum

1886 4440 2199 4495 exinanitur
2241 4454 2255 4491 :
2292 4440 2393 4493 etsi
2426 4438 2571 4493 enim
2619 4452 2725 4491 non
2773 4438 2858 4492 his
2892 4439 3095 4502 verbis,
3127 4438 3241 4493 haec
3268 4446 3451 4493 tamen

1885 4534 1997 4587 vult
2053 4534 2256 4595 dicere,
2308 4549 2430 4602 qua:
2483 4532 2654 4584 multo
2707 4531 2991 4587 honestius
3041 4548 3071 4585 a
3104 4531 3259 4587 nobis
3298 4530 3453 4587 dicta

1887 4634 2016 4681 sunt
2043 4646 2057 4689 ;
2086 4625 2378 4695 plurimum
2414 4623 2559 4679 enim
2603 4623 2827 4679 absurdi
2860 4631 2913 4678 et
2943 4623 3261 4678 incredibile
3285 4632 3369 4679 est
3393 4623 3453 4677 in

1885 4718 2005 4786 ejus
2028 4715 2356 4772 narratione.

1099 4808 1229 4865 Car.
1270 4808 1408 4863 XIV.
1451 4809 1528 4865 De
1553 4820 1697 4865 terra
1724 4823 1772 4865 et
1804 4810 2061 4871 imbribus
2088 4811 2316 4866 Manetis
2356 4814 2547 4881 opinio.

283 4902 422 4952 Ὅσα
473 4901 572 4970 μὲν
616 4896 708 4954 οῦν
755 4903 917 4973 ἕτερα
963 4903 1132 4975 γραὸς
1182 4904 1337 4974 δίκην
1382 4905 1667 4974 μυθολογεῖ
1695 4906 1789 4958 καὶ

206 4994 432 5065 γράφει,
463 4996 528 5063 τῇ
551 4994 736 5065 Σύρων
788 4997 937 5065 φωνῇ
974 4995 1272 5066 χρώμενος,
1317 4996 1464 5059 ὅπως
1511 4996 1607 5065 μὲν
1651 4996 1786 5068 ήγῆ

1962 4904 2311 4976 Quazcnnque
2361 4907 2528 4976 igitur
2566 4906 2671 4961 alia
2708 4907 2926 4962 aniliter
2976 4912 3031 4960 et
3078 4902 3455 4958 commentitie

1885 4997 2132 5068 loquitur
2161 5006 2216 5051 et
2256 4998 2471 5061 scribit,
2521 5014 2772 5055 sermone
2816 4997 3042 5070 Syriaco
3087 5002 3268 5057 utens,
3316 5000 3485 5064 quo-i

1885 5090 2048 5145 modo
2101 5098 2245 5145 terra
2314 5091 2652 5156 sustinetur,
2710 5107 2818 5145 non
2876 5088 3125 5144 devitans
3184 5086 3447 5156 poeticam

1884 5180 2124 5235 fabulam
2161 5199 2175 5247 ;
2220 5181 2495 5252 quomodo
2545 5183 2749 5237 imbres
2781 5182 2937 5245 ﬁunt,
2974 5188 3027 5235 et
3062 5178 3291 5233 sudores
3326 5193 3458 5232 esse

1886 5274 2216 5345 principium
2274 5276 2512 5329 materia:
2562 5294 2574 5328 :
2627 5275 2739 5328 haec
2774 5281 2828 5327 et
2870 5272 2973 5327 alia
3023 5269 3291 5342 ejusmodi
3330 5285 3450 5340 qlae

1884 5374 2081 5435 praeter
2125 5366 2400 5435 negotium
2454 5368 2539 5420 sui
2589 5366 2904 5419 certaminis
2934 5374 3152 5423 tractat.
3190 5378 3449 5432 superva—

1884 5475 2047 5513 cuum
2071 5468 2219 5515 esset
2250 5460 2317 5515 ad
2347 5458 2742 5515 eonfutandum
2766 5459 3031 5529 proferre.
3070 5456 3293 5529 Oportet
3328 5470 3449 5525 qua:

160 5128 174 5157 ρ
208 5086 554 5156 βαστάζεται,
591 5087 680 5139 τὸν
707 5089 985 5158 ποιητικὸν
1017 5089 1089 5159 μὴ
1120 5087 1401 5158 διαφυγὼν
1438 5089 1787 5159 μῦθοψδπως

158 5173 173 5251 ξ
204 5178 262 5230 δὲ
315 5176 658 5231 συνίστανται
704 5180 753 5230 οἱ
805 5179 1023 5250 ὄμϐροι,
1051 5180 1125 5242 ὡς
1160 5179 1381 5251 ίδρῶτές
1406 5183 1511 5233 εἰσι
1545 5181 1652 5233 τῶν
1686 5182 1787 5250 ἀρ-

157 5244 175 5348 ξ
205 5269 413 5339 χόντων
440 5270 538 5339 τῆς
569 5269 699 5341 ῦλης
720 5288 732 5300 ·
766 5272 936 5324 ταῦτα
977 5273 1069 5324 καὶ
1103 5272 1173 5324 τὰ
1206 5272 1447 5334 τοιαῦτα,
1479 5272 1585 5325 τῶν
1618 5272 1783 5325 αὐτοῦ

205 5361 601 5431 παλαισμάτων
627 5364 1155 5435 παρεμπορεύματα,
1173 5365 1423 5436 περιττὸν
1452 5365 1517 5421 ἂν
1544 5367 1627 5437 εἴη
1657 5382 1788 5437 προ-

208 5454 398 5526 φέρειν
431 5456 509 5517 είς
560 5454 799 5525 ἔλεγχον.
850 5456 969 5527 Χρὴ
1008 5456 1064 5509 δὲ
1094 5456 1130 5509 ἃ
1172 5457 1299 5526 περὶ
1344 5458 1572 5511 ἑκάστου
1605 5474 1785 5529 παρα-

207 5546 387 5598 παίων
410 5546 630 5617 γράφει,
666 5546 952 5617 γνώρισμα
980 5551 1093 5610 τοῖς
1134 5550 1319 5611 πᾶσιν,
1362 5548 1565 5617 ἤκιστά
1596 5565 1658 5615 γε
1689 5550 1785 5601 ἀν-

208 5636 428 5705 έχεσθαι
453 5637 586 5709 πρὸς
607 5638 908 5708 ἀπέραντον
928 5640 1190 5709 φλυαρίαν
1215 5640 1477 5708 τὸνλόγον
1506 5642 1651 5694 ἐκτεί
1665 5658 1782 5694 κειν·

281 5728 379 5800 (7‘)
413 5729 550 5799 Lege
571 5729 655 5799 δή.
686 5730 841 5783 lion.

1884 5549 1952 5604 de
1990 5551 2221 5619 singulis
2262 5550 2433 5605 delire
2473 5549 2685 5613 scribit,
2722 5566 2842 5619 qum
2867 5549 3119 5603 omnibus
3147 5556 3269 5602 nota
3296 5553 3447 5608 sunt,

1885 5660 1991 5699 non
2029 5645 2136 5713 puti
2170 5653 2230 5699 ut
2260 5645 2457 5699 librum
2490 5642 2716 5698 inﬁnitis
2753 5643 2910 5714 nugis
2943 5641 3168 5697 dilatent
3199 5658 3212 5705 ;
3248 5640 3449 5711 quippe
