4072 6338
667 339 806 396 1087

1792 334 1930 389 TlTl
1969 330 2395 390 BOS'I’RENSIS
2431 329 2736 386 EPISCOPI

3761 326 3912 382 1088

667 470 791 509 eum
822 450 958 507 satis
985 451 1059 506 sit
1090 447 1372 505 confutato
1403 450 1582 520 capite
1603 431 1841 506 insaniat
1871 451 1990 520 ejus
2020 450 2230 518 reliqua

2337 463 2406 510 ως
2447 444 2647 516 ἀρκοῦν
2693 443 2826 498 αὐτὸ
2885 443 2946 496 τὸ
3011 442 3301 512 κεφάλαιον
3355 440 3520 496 αὐτοῦ
3560 442 3663 512 τῆς
3708 442 3914 511 ἀλόγου

666 551 1017 599 contemnere
1065 561 1078 596 :
1113 553 1167 598 et
1204 542 1249 598 si
1282 557 1391 596 non
1430 543 1791 613 contingeret,
1824 551 1877 596 ut
1915 540 2230 596 necessario

667 634 781 688 haec
811 647 980 687 causa
1030 647 1335 687 sermonem
1363 631 1429 686 de
1463 631 1808 686 Providentia
1841 630 2230 698 complectere-

667 735 779 789 tur,
820 738 936 796 quo
981 723 1359 778 demonstrare
1395 728 1610 792 oportet
1635 721 1822 774 omnia
1850 735 1971 774 esse
1998 719 2133 774 bene
2165 731 2230 772 ac

669 818 852 874 divine
881 816 1155 882 ordinata,
1184 822 1238 871 et
1268 813 1597 869 ineffabilem
1626 812 1720 867 Dei
1741 811 2062 882 sapientiam
2091 824 2233 879 prat-

669 907 886 978 dicare;
919 909 1207 964 ridiculum
1246 912 1394 962 esset
1424 905 1509 960 vel
1544 905 1720 975 aliqua
1753 903 1942 958 saltem
1985 899 2232 956 confuta-

670 1002 836 1064 tione,
873 1016 992 1070 quae
1022 999 1297 1070 proposita
1327 1005 1473 1060 sunt,
1505 997 1668 1065 digna
1699 1010 1821 1051 esse
1852 1002 2082 1065 putare;
2113 1007 2233 1062 quae

671 1093 888 1162 quidem
925 1102 1076 1147 extra
1124 1105 1439 1145 communes
1469 1089 1716 1143 notiones
1752 1092 2008 1155 congesta
2041 1089 2234 1153 sponte

672 1197 771 1240 sua
806 1183 949 1255 apud
977 1198 1072 1239 eos
1109 1182 1200 1254 qui
1236 1189 1467 1235 tuentem
1501 1181 1699 1236 habent
1719 1185 2108 1248 coarguuntur.

2336 537 2531 607 μανίας
2560 534 2934 603 διελέγξαντας
2979 535 3086 588 τῶν
3120 533 3292 589 ἄλλων
3323 536 3703 605 καταφρονεῖν·
3737 536 3836 588 καὶ
3862 537 3910 588 εί

2335 630 2408 700 μή
2436 645 2500 696 γε
2525 629 2615 680 τὸν
2647 628 2774 698 περὶ
2806 626 3066 698 Προνοίας
3099 627 3256 695 λόγον
3293 625 3569 680 συνέϐαινε
3609 627 3776 698 τήνδε
3811 628 3916 699 τὴν

2333 718 2586 773 ὑπόθεσιν
2624 718 2933 786 ἀναγκαίως
2981 717 3422 790 περιλαμϐάνειν,
3444 718 3514 772 δι’
3547 713 3610 773 οὗ
3639 723 3910 788 προσήκει

2333 810 2524 877 δεῖξαι,
2563 811 2637 874 ὡς
2687 811 2900 866 ἅπαντα
2940 805 2999 864 εὖ
3046 828 3104 864 τε
3148 811 3243 865 καὶ
3281 811 3438 876 θείως
3462 813 3784 882 τεταγμένα
3815 813 3918 882 τὴν

2335 901 2570 972 ἄρρητον
2595 901 2688 956 τοῦ
2716 901 2849 955 Θεοῦ
2885 902 3074 972 σοφίαν
3101 902 3359 975 κηρύττει
3378 921 3392 934 ο
3425 904 3598 973 γέλως
3630 903 3699 958 ἂν
3727 900 3798 976 ἦν
3822 906 3918 958 ἀν-

2333 994 2634 1066 τιρρήσεως
2679 992 2810 1062 γοῦν
2851 1011 2995 1056 τινος
3035 993 3218 1059 ἀξιοῦν
3248 993 3317 1047 τά
3347 995 3714 1067 προτεθέντα,
3745 995 3909 1067 amp,

2335 1084 2489 1147 ἐκτὸς
2511 1084 2620 1137 τῶν
2658 1085 2849 1138 κοινῶν
2880 1085 3096 1138 ἐννοιῶν
3144 1088 3641 1158 συμπεφορημένα,
3673 1088 3911 1159 αὐτόμα-

2335 1191 2428 1228 τον
2460 1173 2572 1244 ἔχει
2602 1175 2754 1246 παρά
2785 1192 2848 1244 γε
2878 1179 2988 1240 τοῖς
3020 1177 3273 1249 ὲχέφροσι
3299 1178 3388 1231 τὸν
3412 1177 3638 1250 ἔλεγχον

1151 1294 1284 1350 CAP.
1322 1292 1439 1347 XV.
1504 1291 1772 1348 Sententia
1801 1291 1864 1344 de
1892 1291 2112 1344 materia
2138 1286 2419 1357 refutatur.
2447 1287 2528 1341 An
2559 1286 2726 1343 Satan
2753 1293 2823 1344 sit
2847 1291 3073 1346 deterior
3108 1312 3265 1365 quam
3293 1296 3413 1362 fuit.

748 1414 894 1470 Satis
922 1419 1101 1468 autem
1135 1421 1276 1476 erat,
1308 1419 1593 1481 postquam
1628 1425 1738 1464 non
1782 1410 1962 1463 minus
2001 1406 2230 1470 demon-g

677 1515 912 1563 stratum
950 1513 1035 1559 est
1067 1518 1406 1573 nequaquam
1451 1503 1560 1556 duo
1607 1501 1873 1570 principia
1915 1514 2059 1561 esse,
2096 1511 2234 1566 pra:-

677 1594 864 1650 sertim
921 1593 1215 1654 contraria,
1270 1591 1338 1646 de
1390 1591 1606 1644 homine
1653 1589 1764 1659 jam
1811 1596 1865 1643 et
1911 1589 1978 1642 de
2029 1587 2234 1656 reliqua

679 1684 886 1738 fabrica
947 1682 1220 1737 disserere
1272 1697 1286 1732 :

677 1774 1106 1837 consideremus,
1132 1773 1403 1842 quomodo
1431 1772 1704 1842 proposita
1725 1770 2059 1825 incredibilia
2084 1776 2230 1824 sunt.

2412 1407 2608 1478 Ἤρκει
2635 1409 2714 1467 δὲ.
2745 1410 2844 1462 οῦκ
2873 1409 3088 1465 ἔλαττον
3123 1412 3419 1478 δείξαντας,
3448 1416 3523 1480 ὡς
3550 1417 3818 1488 οὐδαμῶς
3852 1420 3911 1474 ἄν

2338 1490 2636 1560 ὑπάρξαιεν
2661 1496 2825 1566 ἀρχαὶ
2855 1497 2967 1561 δύο,
2995 1500 3088 1552 καὶ
3110 1500 3341 1570 μάλιστα
3367 1507 3628 1573 ἐναντίαι,
3647 1507 3756 1578 ήδη
3791 1513 3912 1583 περί

2337 1600 2395 1635 τε
2429 1585 2712 1657 ἀνθρώπου
2743 1590 2834 1641 καὶ
2866 1591 2962 1661 τῆς
2993 1592 3157 1663 ἄλλης
3200 1594 3556 1667 δημιουργίας
3593 1600 3908 1655 διαλαϐεῖν·

1342 1680 1477 1734 nihil
1534 1688 1714 1734 tamen
1769 1679 2041 1749 prohibet,
2101 1677 2235 1747 quin

2337 1676 2480 1745 ὅμως
2512 1677 2568 1730 δὲ
2598 1678 2658 1730 τὸ
2692 1679 2894 1734 κωλῦον
2921 1683 3070 1737 οὐδὲν
3103 1686 3195 1738 καὶ
3223 1686 3330 1739 τῶν
3371 1689 3753 1759 προτεθέντων
3790 1694 3912 1748 ἰδεῖν

2339 1765 2400 1817 τὸ
2424 1767 2700 1826 ἀπίθανον.
2735 1771 2985 1826 Ἠτάκτει
3015 1774 3142 1845 γὰρ,
3169 1778 3348 1846 φησιν,
3372 1779 3404 1847 ή
3433 1778 3530 1849 ῦλη
3557 1782 3722 1834 ποτέ.
3749 1785 3914 1838 Ποίαν

678 1863 996 1926 Ferebatur,
1043 1862 1241 1932 inquit,
1297 1861 1590 1931 aliquando
1641 1859 1868 1926 materia
1925 1858 2236 1930 perturbato

2337 1857 2593 1926 ἀταξίαν;
2637 1857 2746 1933 ἆρά
2781 1881 2844 1931 γε
2889 1865 3010 1918 καθ’
3053 1867 3250 1938 ἑαυτὴν
3293 1863 3446 1932 οὖσα,
3477 1871 3511 1941 ῆ
3552 1873 3707 1927 κατά
3734 1892 3908 1939 τινος;

677 1954 891 2010 ordine.
923 1952 1040 2020 Qua
1069 1953 1280 2010 ordinis
1307 1951 1747 2023 perturbatione?
1773 1966 1842 2005 an
1876 1965 2059 2004 secum
2082 1947 2237 2005 sola?

2337 1949 2517 2004 ἀδικία
2558 1952 2667 2025 γάρ
2705 1955 2908 2020 ἅπασα,
2952 1957 3150 2028 έαυτῆς
3199 1963 3300 2016 οὒκ
3340 1961 3406 2016 ἆν
3445 1964 3664 2032 γένοιτο
3706 1967 3912 2030 ἀδικία,

679 2059 749 2100 an
797 2052 989 2100 contra
1033 2043 1307 2114 aliquem?
1341 2043 1518 2098 omnis
1545 2043 1689 2097 enim
1720 2040 1983 2112 injustitia
2017 2055 2123 2096 non
2153 2046 2238 2096 est

2337 2041 2503 2096 δεῖται
2532 2044 2587 2096 δὲ
2614 2046 2798 2116 ἐτέρου
2841 2048 3004 2113 τινὸς,
3039 2050 3160 2103 καθ’
3195 2048 3253 2106 οὗ
3285 2054 3478 2122 γένοιτ’
3502 2056 3589 2110 ἄν.
3627 2058 3694 2110 Ἦ
3735 2061 3908 2113 τοίνυν

680 2135 770 2191 sui
814 2135 1128 2204 iujustitia;
1184 2133 1280 2190 sed
1338 2135 1508 2188 altero
1549 2133 1775 2202 indiget,
1824 2132 1879 2187 in
1922 2146 2080 2201 quem
2126 2131 2234 2184 fiat.

678 2226 778 2280 Cui
804 2225 970 2296 igitur
996 2240 1108 2282 non
1137 2231 1258 2281 erat
1285 2224 1646 2280 communitas
1665 2239 1788 2278 cum
1819 2223 1925 2277 alio
1949 2239 1966 2291 ;
1995 2222 2048 2276 in
2076 2236 2238 2293 quem

682 2315 996 2386 perturbato
1041 2315 1232 2371 ordine
1279 2315 1596 2370 ferebatur?
1622 2322 1716 2368 aut
1746 2329 1866 2384 quae
1898 2313 2036 2368 ratio
2064 2314 2241 2384 ipsius

677 2405 1142 2476 perturbationis?

753 2495 1061 2552 Generabat
1081 2494 1300 2566 quidem
1332 2495 1564 2566 primum
1592 2495 1832 2566 nequitia
1867 2494 2238 2566 progrediens,

679 2594 735 2640 et
785 2587 1068 2643 crescebat
1119 2605 1132 2642 :
1187 2588 1353 2658 igitur
1405 2587 1646 2658 ingenita
1690 2588 2003 2658 generabat,
2041 2598 2094 2642 et
2129 2601 2238 2642 non

681 2677 785 2732 erit
831 2678 984 2734 locus
1029 2677 1264 2741 dicendi,
1312 2685 1570 2733 aeternam
1619 2679 1822 2749 aliquid
1851 2678 1975 2733 novi
2003 2678 2178 2732 moliri
2220 2694 2235 2731 :

682 2778 775 2825 aut
835 2770 980 2825 enim
1037 2779 1230 2825 natura
1287 2771 1559 2835 molietur,
1612 2780 1773 2841 atque
1821 2772 1894 2825 ita
1960 2787 2236 2841 nunquam

683 2860 974 2915 intermisit
1016 2875 1198 2915 rerum
1242 2876 1502 2914 novarum
1549 2861 1881 2916 molitionem
1929 2880 1943 2915 :
1989 2862 2036 2916 si
2078 2861 2238 2916 modo

682 2951 956 3022 appellare
1020 2959 1236 3022 oportet
1301 2966 1567 3006 novarum
1625 2967 1806 3007 rerum
1863 2953 2234 3015 molitionem,

682 3052 875 3097 contra
917 3057 1080 3113 quam
1119 3043 1390 3112 negotium
1439 3059 1468 3096 a
1511 3042 1619 3098 Deo
1662 3052 1971 3113 susceptum
2017 3045 2237 3099 minime

684 3128 1008 3199 principium
1033 3130 1296 3198 temporis
1323 3129 1514 3184 habeat
1540 3147 1555 3194 ;
1586 3139 1678 3183 aut
1711 3130 1756 3184 si
1789 3130 1889 3184 hoc
1912 3130 2239 3199 c0gitatione

685 3226 845 3274 utens
889 3217 1036 3282 facit,
1088 3220 1351 3273 rationem
1403 3219 1566 3274 habet
1605 3229 1660 3275 et
1700 3220 2064 3290 cognitionem
2116 3240 2130 3274 :
2187 3227 2241 3275 et

682 3325 874 3365 eversa
925 3319 1009 3364 est
1051 3323 1216 3364 causa
1269 3311 1523 3382 nequitiae
1563 3311 1770 3366 ratione
1810 3311 2066 3366 carentis.
2115 3309 2242 3366 Sive

684 3400 853 3472 igitur
909 3401 1325 3456 ratiocinatione
1381 3409 1576 3465 utens,
1633 3401 1748 3457 sive
1811 3410 1962 3456 motu
2010 3403 2240 3458 rationis

684 3500 905 3562 experte
954 3493 1274 3548 seditionem
1321 3494 1508 3556 movit,
1561 3507 1682 3562 qua;
1732 3493 1871 3549 ratio
1907 3495 2128 3564 patitur,
2184 3503 2242 3550 ut

684 3583 911 3638 infinitis
948 3583 1163 3638 saaculis
1206 3583 1430 3639 dimissa
1461 3584 1532 3638 sit
1563 3583 1874 3651 hujusmodi
1921 3584 2240 3640 seditionem

686 3674 940 3728 movere?
965 3689 1029 3729 ex
1059 3689 1170 3744 quo
1199 3674 1343 3727 enim
1376 3673 1507 3728 dicit
1548 3673 1842 3728 cohibitam
1884 3682 1937 3730 et
1979 3683 2240 3729 retentam

683 3780 825 3829 esse,
853 3774 1110 3834 punctum
1149 3766 1407 3836 temporis
1437 3766 1658 3822 ﬂuxisse
1689 3767 2006 3837 reperietur,
2040 3767 2085 3822 si
2118 3782 2242 3821 cum

687 3853 912 3910 infinitis
941 3857 1154 3910 saaculis
1187 3855 1474 3926 praeteritis
1507 3864 1871 3926 comparetur.
1905 3855 2058 3920 Quod
2099 3856 2241 3909 enim

688 3943 876 4014 incipit
904 3954 957 4000 et
985 3947 1261 4010 terminat,
1296 3946 1508 4000 finitum
1532 3953 1615 4001 est
1640 3963 1655 4011 ;
1685 3947 1775 4014 qui
1813 3953 1989 4000 autem
2017 3956 2143 4002 sunt
2177 3964 2243 4000 ex

686 4044 799 4091 toto
834 4038 1029 4092 infiniti
1055 4038 1241 4092 wtcrni
1277 4047 1404 4092 sunt
1431 4047 1485 4092 et
1509 4038 1751 4108 ingeniti.

755 4130 1042 4192 Pra-terea,
1088 4131 1132 4184 si
1164 4130 1578 4185 ratiocinatione
1627 4139 1784 4185 utens
1820 4130 1888 4184 ad
1923 4129 2240 4184 seditionem

686 4223 1118 4292 depravahatur;
1155 4221 1426 4292 quomodo
1478 4239 1588 4277 non
1638 4225 1820 4292 potius
1862 4223 2137 4293 aggressio
2167 4222 2243 4276 rei

687 4330 809 4384 qua:
847 4314 960 4367 fieri
999 4331 1107 4369 non
1151 4322 1385 4384 poterat,
1426 4315 1730 4385 interrupta
1772 4323 1825 4369 et
1868 4313 2102 4370 rescissa
2131 4314 2243 4368 est?

686 4413 944 4475 tanquam
974 4422 1078 4460 non
1101 4415 1284 4475 posset
1306 4414 1496 4460 contra
1523 4406 1840 4476 sapientiam
1867 4405 2124 4458 invictam
2158 4406 2242 4458 in-

687 4499 992 4553 cursionem
1018 4498 1231 4555 facere?
1264 4500 1404 4553 unde
1434 4499 1632 4552 factum
1661 4507 1762 4560 est,
1785 4506 1840 4550 ut
1879 4507 2146 4558 caverent,
2178 4512 2245 4550 ne

629 4657 632 4660 ἢ
686 4590 738 4643 ei
778 4590 1043 4643 rationem
1087 4597 1141 4644 et
1184 4589 1545 4660 cognitionem
1581 4589 1921 4652 tribuerent,
1972 4594 2031 4642 ut
2066 4589 2243 4641 locum

686 4680 912 4736 haberet
960 4690 1326 4737 commentum
1369 4683 1654 4738 seditionis
1689 4690 1879 4736 contra
1926 4679 2089 4736 Deum
2134 4699 2146 4733 :
2191 4689 2245 4734 et

689 4776 998 4829 necessario
1048 4775 1114 4830 ab
1167 4776 1472 4846 ignorantia
1524 4785 1578 4832 et
1637 4784 1832 4831 natura
1873 4792 1980 4830 non
2020 4774 2242 4829 ratioci-

689 4875 852 4922 nante
907 4876 1102 4932 tracta,
1165 4884 1276 4923 non
1334 4870 1668 4940 exspectabit
1737 4868 1946 4922 infinita
2021 4867 2238 4930 saecula,

687 4955 818 5010 dum
879 4973 938 5012 se
987 4965 1161 5011 armat
1217 4966 1273 5012 et
1325 4975 1383 5014 se
1428 4962 1667 5014 exercitu
1720 4960 1880 5029 sopit,
1937 4967 1996 5012 ut
2043 4957 2134 5012 ﬁat
2177 4956 2242 5010 ad

687 5047 968 5102 audaciam
1039 5052 1355 5118 promptior.
1431 5049 1487 5104 Si
1548 5051 1689 5104 enim
1756 5051 2027 5119 e0piosior
2087 5049 2243 5103 tiebat

687 5139 757 5194 iis
794 5156 932 5210 quos
974 5141 1266 5210 generabat
1291 5181 1306 5204 ,
1349 5157 1692 5212 nequaquam
1730 5152 1904 5197 tamen
1950 5142 2242 5212 appetitum

689 5237 899 5283 natura:
956 5230 1207 5300 augebat,
1274 5246 1450 5301 neque
1511 5244 1691 5287 motus
1762 5233 2028 5287 naturalis
2083 5230 2244 5302 quid-

687 5336 852 5389 quam
904 5323 1171 5391 appetitus
1224 5324 1568 5388 assumebat,
1624 5339 1798 5393 neque
1851 5322 2138 5377 accidisset
2194 5322 2241 5376 ei

690 5414 927 5482 primum
973 5413 1192 5483 quidem
1235 5429 1546 5485 augescere,
1587 5428 1745 5487 atque
1800 5417 1873 5469 ita
1921 5416 2241 5470 seditionem

691 5519 906 5560 movere
932 5521 946 5570 ;
979 5505 1082 5560 hoc
1110 5507 1252 5560 enim
1276 5517 1482 5562 naturae
1511 5511 1717 5564 ratione
1757 5509 1957 5565 utentis
1995 5515 2096 5574 est,
2125 5521 2242 5578 qua:

686 5609 752 5647 ex
776 5596 1051 5665 proposito
1076 5598 1320 5666 nequiter
1349 5599 1474 5669 agit.

764 5686 836 5757 (ς)
867 5686 1048 5752 Forte,
1074 5689 1304 5755 ἐδέξατο.
1341 5691 1494 5746 Enn.

2337 2133 2506 2205 ἑτέρῳ
2538 2137 2642 2190 τινὶ
2677 2138 2750 2209 μὴ
2783 2140 3224 2196 ὲπικοινωνοῦσα.
3247 2146 3386 2201 κατά
3410 2148 3553 2212 τίνος
3570 2149 3848 2218 ἡτάκτει;
3875 2153 3905 2223 ἦ

2334 2225 2419 2288 τίς
2447 2227 2474 2278 ὁ
2501 2225 2655 2295 λόγος
2679 2229 2779 2300 τῆς
2803 2231 3026 2299 ἀταξίας
3050 2235 3248 2306 αὐτῆς

2420 2501 2642 2570 Ἑγέννα
2701 2504 2797 2574 μὲν
2863 2507 3074 2578 πρῶτον
3135 2510 3398 2582 προϊοῦσα
3469 2512 3564 2564 καὶ
3619 2513 3918 2583 ηὐξάνετο,

2339 2590 2501 2657 φησίν
2521 2607 2533 2620 ·
2565 2591 2757 2646 οὐκοῦν
2788 2593 2971 2659 ἀῖδίως
3003 2597 3035 2667 ἢ
3060 2597 3226 2662 ἀΐδιος
3263 2601 3505 2668 ἐγένννα,
3532 2606 3566 2674 ἡ
3603 2603 3910 2675 ἀγέννητος

2337 2680 2547 2749 ἐγέννα,
2583 2685 2676 2736 καὶ
2711 2684 2891 2756 χώραν
2934 2690 3030 2759 οὑχ
3064 2691 3172 2756 ἔξει
3215 2692 3274 2745 τὸ
3321 2699 3668 2766 καινοτομεῖν
3705 2717 3764 2752 τι
3815 2702 3914 2768 τὴν

2337 2769 2524 2824 ἀΐδιον⁶
2561 2771 2593 2842 ἢ
2639 2775 2745 2845 γὰρ
2783 2775 2938 2844 φύσει
2965 2783 3364 2851 καινοτομήσει,
3393 2786 3484 2838 καὶ
3515 2786 3782 2841 οὐδέποτε
3813 2789 3907 2858 τῆς

2338 2863 2679 2934 καινοτομίας
2721 2867 3022 2923 ἐπέπαυτο·
3055 2873 3103 2924 εί
3146 2872 3208 2941 δὴ
3247 2874 3403 2928 τοῦτο
3443 2880 3799 2948 καινοτομίαν
3831 2881 3911 2933 δεῖ

2338 2952 2536 3017 καλεῖν,
2569 2955 2644 3018 ὼς
2677 2958 2940 3031 μηδαμῶς
2984 2965 3236 3035 χρονικὴν
3271 2966 3445 3038 ἀρχὴν
3475 2967 3622 3038 ἔχειν
3646 2971 3749 3039 τὴν
3791 2973 3903 3025 κατ’

2338 3046 2506 3117 αὐτῆς
2545 3048 2638 3100 τοῦ
2670 3050 2874 3118 ἀγαθοῦ
2926 3055 3326 3127 μεταχείρησιν,
3380 3059 3412 3129 ἧ
3452 3058 3702 3131 λογισμῷ
3750 3062 3906 3116 τοῇο

2337 3137 2648 3208 πράττουσα
2675 3140 2828 3209 λόγον
2854 3141 2966 3213 ἔχει
2998 3147 3090 3198 καὶ
3118 3146 3316 3214 γνῶσιν
3336 3166 3350 3178 ·
3379 3149 3474 3203 καὶ
3498 3152 3902 3224 ἀνατέτραπται

2335 3228 2436 3298 τῆς
2475 3229 2669 3299 ἀλόγου
2717 3234 2912 3299 κακίας
2953 3237 2985 3307 ἡ
3021 3239 3294 3303 ὑπόθεσις.
3323 3241 3445 3294 Εἴτε
3494 3239 3587 3296 οὗν
3635 3245 3896 3316 λογισμῷ,

2337 3322 2445 3375 εἴτε
2478 3325 2570 3378 καὶ
2600 3325 2864 3398 ἀλογίστῳ
2889 3333 3030 3402 φορᾷ
3054 3333 3392 3398 ἐπανίστατο,
3429 3334 3511 3399 τίς
3535 3336 3565 3388 ὁ
3587 3335 3753 3403 λόγος
3784 3339 3899 3400 τοὺς

2339 3413 2671 3485 ἀπεράντους
2694 3417 2895 3482 αἰῶνας
2921 3421 3122 3492 ταύτην
3143 3427 3393 3495 παρεῖναι
3431 3426 3563 3496 πρὸς
3593 3428 3698 3498 τὴν
3722 3428 3896 3481 τοιαῦ-

2339 3519 2436 3573 την
2465 3504 2862 3572 ὲπανάστασιν;
2893 3511 2984 3578 ἀφ’
3005 3505 3064 3563 οὗ
3096 3513 3198 3584 γὰρ
3223 3513 3588 3584 κατεσχῆσθαί
3613 3534 3779 3587 φησιν
3804 3518 3896 3572 ai:-

2338 3593 2435 3666 τὴν
2494 3597 2595 3662 ἕως
2642 3598 2756 3662 νῦν,
2803 3605 3002 3672 στιγμῇ
3037 3604 3225 3674 χρόνου
3249 3604 3441 3673 γένοιτ’
3471 3605 3557 3669 ἂν,
3585 3610 3638 3659 εί
3664 3610 3895 3679 παραϐά-

2339 3687 2480 3740 λοιτο
2521 3693 2631 3754 τοῖς
2676 3691 3030 3762 προλαϐοῦσιν
3065 3697 3311 3768 ἀπείροις
3344 3697 3534 3751 αίῶσιο
3566 3700 3628 3752 τὸ
3675 3701 3773 3770 μὲν
3803 3701 3898 3770 γάρ

2341 3775 2503 3848 ἄρχον
2532 3780 2624 3832 xui
2650 3781 2886 3835 τελειοῦν
2922 3783 3274 3855 πεπέρασται·
3323 3789 3370 3840 οἱ
3398 3787 3456 3840 δὲ
3487 3789 3776 3854 παντελῶς
3801 3792 3902 3844 ἀπρ

2343 3868 2556 3940 έραντοι
2588 3874 2745 3927 ἀΐδιοι
2775 3893 2830 3929 τε
2853 3879 2947 3930 καὶ
2975 3879 3272 3949 ἀγέννητοι.

2417 4155 2645 4209 Ἔπειτα
2667 4155 2968 4227 εἱλογισμῷ
2998 4158 3288 4214 ὲκακύνετο
3308 4161 3442 4232 πρὸς
3469 4162 3573 4232 τὴν
3600 4165 3906 4220 ἐπανάστα-

2345 4260 2449 4308 σιν,
2470 4244 2585 4308 πῶς
2612 4246 2733 4316 οὐχὶ
2765 4248 2857 4300 καὶ
2901 4247 3142 4318 λογισμῷ
3172 4249 3392 4320 διεκόπη
3429 4252 3490 4304 τὸ
3521 4254 3787 4310 ἀδύνατον
3811 4259 3903 4329 τῆς

2273 4364 2316 4419 D
2345 4341 2768 4411 ὲπιχειρήσεως;
2794 4340 2868 4404 ὡς
2893 4342 2989 4412 οὐχ
3004 4336 3112 4396 οἶόν
3137 4360 3195 4395 τε
3219 4342 3276 4395 ὃν
3303 4344 3622 4416 ἐπιδραμεῖν
3654 4351 3904 4423 ἀηττήτῳ

2347 4434 2538 4504 σοφίᾳ;
2567 4432 2688 4485 ὅθεν
2716 4433 3018 4502 πεφεύγασι
3045 4435 3459 4505 προσομολογείν
3483 4438 3621 4509 αὐτῇ
3650 4440 3904 4513 λογισμόν

2343 4542 2403 4578 τε
2443 4527 2537 4578 καὶ
2567 4524 2784 4593 γνῶσιν,
2817 4525 2891 4588 ὡς
2923 4525 2987 4578 ἂν
3013 4525 3194 4597 χώραν
3226 4527 3335 4598 ἔχοι
3364 4529 3463 4599 τῆς
3485 4531 3904 4597 ἐπαναστάσεως

2343 4617 2442 4688 τῆς
2493 4616 2632 4669 κατά
2688 4616 2819 4669 Θεοῦ
2868 4618 2928 4671 τὸ
2979 4618 3232 4688 πλάσμα·
3288 4621 3382 4673 καὶ
3432 4621 3747 4691 ἐπάναγκες
3808 4626 3902 4678 ὑπὸ

2345 4707 2565 4776 ἀγνοίας
2598 4707 2698 4785 καίἑ
2718 4706 2997 4776 ἀλογίστου
3033 4711 3242 4778 φύσεως
3272 4711 3530 4785 ἑλκομένη
3563 4715 3668 4768 οὐκ
3701 4717 3902 4781 ἐκδέξε-

2343 4817 2430 4853 ται
2454 4771 2710 4870 ἀπείρους
2743 4801 2836 4853 καὶ⁵
2860 4802 3266 4873 ἀποπεράντονς
3303 4804 3502 4869 αἰῶνας
3523 4807 3726 4880 ἑαυτὴν
3751 4809 3899 4862 ὁπλί-

2344 4892 2507 4958 ζουσα
2545 4893 2639 4945 καὶ⁵
2675 4893 2895 4964 δυνάμει
2929 4894 3343 4966 περιϐάλλουσα,
3372 4899 3447 4960 ὡς
3478 4898 3732 4966 γενέσθαι
3773 4901 3900 4971 πρὸς

2342 4985 2440 5057 τὴν
2499 4985 2700 5056 τόλμαν
2751 4988 3186 5059 προχειροτέραν.
3220 4990 3283 5042 Et
3323 4989 3429 5061 γὰρ
3470 4989 3534 5059 δὴ
3581 4990 3678 5044 καὶ
3707 4993 3900 5046 πλείων

2343 5077 2584 5147 ἐγίγνετο
2612 5072 2692 5140 οἷς
2725 5078 2932 5147 ἐγέννα,
2974 5078 3086 5133 ἀλλ’
3121 5077 3242 5132 οὔτε
3271 5097 3333 5148 γε
3364 5080 3463 5151 τὴν
3487 5081 3664 5152 ὁρμὴν
3691 5082 3791 5153 τῆς
3817 5083 3901 5152 φύ-

2346 5188 2480 5234 σεως
2499 5172 2777 5242 ηὐξάνετο,
2801 5173 2918 5224 οὐδὲ
2945 5171 3353 5244 προσελάμϐανέ
3374 5190 3425 5225 τι
3443 5174 3647 5244 ταύτης
3666 5175 3727 5228 τὸ
3747 5194 3900 5238 φυσι-

2345 5264 2437 5317 κὸν
2466 5264 2686 5335 κίνημα·
2707 5265 2812 5318 οὐδ’
2832 5264 2896 5318 ἂν
2918 5265 3151 5329 ὲδείξατο
3163 5265 3238 5337 (8)
3260 5264 3472 5336 πρῶτόν
3492 5282 3555 5333 γε
3576 5266 3896 5336 αὐξηθῆναι,

2343 5355 2438 5409 καὶ
2479 5354 2650 5420 οὕτως
2691 5357 3074 5427 ὲπανασιῆναιο
3102 5357 3257 5412 τοῦτο
3283 5356 3390 5428 γάρ
3417 5357 3639 5429 λογικῆς
3689 5357 3898 5428 φύσεως

2345 5444 2594 5517 προθέσει
2616 5448 3064 5519 πονηρευομένης.
