4072 6338
234 292 259 348 i
272 294 379 349 089

1290 294 1656 352 ADVERSUS
1698 292 2122 352 ΜΑΝΙΕΗΛΕΟὸ
2154 295 2286 352 LIB.
2325 294 2368 351 1.

3353 300 3489 358 108³0

309 406 434 471 Πῶς
457 407 511 459 δὲ
536 408 632 461 καὶ
656 406 881 479 αὔξησις
903 410 1000 479 τῆς
1032 409 1229 473 κακίας
1254 411 1451 479 γένοιτ’
1485 412 1550 465 ἂν
1578 413 1611 483 ἦ
1640 430 1798 485 προσ-

1981 413 2265 479 Quomodo
2298 422 2477 469 autem
2514 414 2698 487 augeri
2730 422 2943 484 poterat
2990 415 3234 487 nequitia
3269 416 3344 487 (id
3376 426 3485 483 est,

230 501 378 571 θήκῃ
419 500 526 552 τῶν
561 501 877 571 προόολῶνς
920 505 982 556 Ei
1026 504 1132 574 γὰρ
1168 498 1247 567 ο⁷ς
1299 505 1462 575 γεννᾷ
1506 505 1806 558 τελειοῦται

228 589 314 652 είς
352 591 573 655 κακίαν,
595 593 786 662 ἀτελὴς
815 588 883 663 ἦν
917 596 949 664 ἡ
981 596 1166 659 κακία,
1194 598 1289 650 καὶ
1325 599 1424 651 ούκ
1449 594 1515 669 ἦν
1550 602 1607 652 ὲν
1638 599 1807 669 ἀκρό-

225 693 355 748 τητι
387 682 585 745 κακίας
607 698 619 710 ο
652 684 700 734 εἰ
744 684 800 735 δέ
830 685 1011 738 τελεία
1044 688 1137 739 καὶ
1174 688 1337 757 ἄκρα,
1375 690 1517 742 κατά
1543 690 1633 742 τὸν
1677 690 1806 743 ἴδιον

227 769 410 839 λόγον,
441 773 676 845 ἐκάτερα
711 776 987 841 τάναντία,
1028 778 1279 849 οὐδαμῶς
1300 780 1626 846 αὐξάνεσθαι
1666 782 1807 847 δόξει

224 866 262 933 πή
297 863 468 917 κακία
511 864 599 918 διά
626 865 733 919 τῶν
778 867 1225 938 προϐολῶν,.ούδὲ
1270 872 1685 945 Θαρσαλεωτέρα
1712 894 1805 943 γε-

227 959 475 1027 νήσεται,
504 959 694 1031 λογικὴ
724 961 799 1030 μὴ
824 958 978 1027 οὖσα,
1007 963 1126 1014 ούδέ
1159 965 1294 1035 πρὸς
1324 965 1646 1037 ἐπικουρίαν
1675 968 1802 1020 ἐαυ-
1849 968 1871 991 ⁶

223 1050 327 1119 τῆς
374 1052 788 1123 παραλήψεται·
842 1054 979 1118 δόξει
1022 1057 1128 1128 γὰρ
1184 1058 1289 1128 πρὸ
1336 1059 1434 1129 τῆς
1484 1059 1798 1123 τεκνώσεως

223 1144 428 1214 ἀτελής
468 1146 743 1214 γεγονέναι
790 1147 847 1200 οὐ
896 1149 1053 1219 μόνον
1108 1150 1242 1221 πρὸς
1280 1152 1477 1205 κακίαν
1520 1153 1553 1221 ἡ
1594 1152 1793 1214 κακία,

221 1234 363 1287 ἀλλά
410 1237 504 1289 καὶ
552 1237 687 1309 πρὸς
742 1240 894 1308 ἰσχὺν
940 1241 1032 1292 καὶ
1078 1240 1267 1311 ῥώμην
1345 1243 1481 1314 ὅπερ
1522 1241 1801 1311 ἀλλότριον

220 1330 547 1402 ἀγεννήτου.

1914 506 2169 576 Satanas)
2212 506 2525 562 accessione
2575 508 2818 563 sobolis?
2864 510 2909 564 si
2944 509 3087 563 enim
3132 510 3199 563 iis
3233 525 3371 578 quos
3406 513 3490 582 gi-

1914 600 2131 666 gnebat,
2166 599 2230 652 ad
2260 601 2556 669 nequitiam
2582 601 2882 671 perﬁcitur,
2907 600 3223 671 imperfecta
3248 610 3366 655 erat
3390 618 3486 659 ne-

1911 690 2105 759 quitia,
2140 698 2191 743 et
2224 705 2327 743 non
2362 701 2480 744 erat
2520 691 2575 744 in
2607 707 2821 746 summo
2845 699 2898 746 et
2924 690 3144 761 fastigio
3187 693 3483 762 nequitia:

1914 783 1998 836 sin
2032 798 2159 838 vero
2197 792 2314 837 erat
2347 783 2589 853 perfecta
2635 794 2689 838 et
2740 798 2952 837 summa
2979 784 3277 838 secundum
3317 784 3488 837 ratio.

1911 890 2033 927 nem
2066 876 2362 945 propriam,
2396 891 2589 929 rursus
2623 874 2845 929 minime
2875 875 3149 929 videbitur
3178 875 3362 945 augeri
3398 891 3487 929 nc-

1907 967 2077 1034 quitia
2117 982 2213 1036 per
2257 968 2697 1036 propagationem
2741 975 3142 1037 generatorum,
3184 984 3357 1036 neque
3396 967 3485 1023 ﬁet

1904 1057 2163 1112 audacior
2178 1067 2228 1111 et
2248 1058 2629 1128 prrelidentior.
2657 1075 2778 1113 cum
2794 1074 2901 1113 non
2923 1061 2996 1114 sit
3023 1062 3292 1131 particeps
3314 1063 3485 1117 ratio-

1901 1151 2024 1217 nis;
2076 1166 2174 1206 nec
2211 1150 2278 1203 ad
2312 1152 2569 1205 auxilium
2603 1168 2761 1206 suum
2794 1153 3068 1207 adhibebit
3091 1169 3228 1224 quos
3260 1158 3478 1225 genuit;

1908 1243 2109 1312 alioqui
2151 1243 2419 1297 videbitur
2465 1253 2751 1314 antequam
2782 1257 3127 1314 procrearet,
3165 1248 3479 1317 imperfecta

1911 1332 2082 1389 fuisse
2130 1351 2237 1390 non
2294 1337 2467 1390 solum
2513 1338 2752 1406 nequitia
2795 1337 2862 1390 ad
2905 1340 3225 1407 nequitiam,
3274 1338 3368 1394 sed
3411 1339 3479 1394 ad

1909 1427 2050 1481 vires
2092 1434 2143 1481 ct
2169 1427 2372 1493 robur;
2404 1428 2548 1498 quod
2576 1429 2809 1482 alienum
2842 1438 2929 1485 est
2958 1432 3026 1485 ab
3069 1432 3331 1501 ingenito.

891 1534 1020 1588 CAP.
1064 1533 1201 1589 XVI.
1235 1534 1436 1589 Seditio
1476 1538 1610 1589 inter
1636 1546 1789 1591 natos
1823 1538 1955 1591 mali
1993 1538 2258 1605 principii.
2295 1538 2570 1603 Quomodo
2598 1538 2805 1595 sedata.

296 1625 401 1678 Τὸν
440 1624 494 1677 δέ
543 1624 739 1695 τρόπον
790 1624 889 1695 τῆς
941 1627 1361 1689 ἐπαναστάσεως
1408 1628 1795 1698 εἰσηγούμενος

1974 1628 2285 1698 Explanans
2314 1637 2495 1683 autem
2528 1630 2745 1686 modum
2778 1630 3064 1686 seditionis
3095 1632 3259 1701 hujus
3297 1632 3474 1700 facta,

220 1717 452 1788 ταύτης,
498 1718 662 1788 φησίν
682 1736 695 1749 ·
733 1720 1002 1771 Ἤλαυνον
1029 1721 1120 1772 καὶ
1150 1720 1438 1790 κατήσθιον
1466 1723 1513 1773 οἱ
1541 1720 1598 1784 ἐξ
1630 1722 1798 1791 αύτῆς

1902 1719 2022 1787 Qui,
2071 1722 2268 1791 inquit,
2317 1737 2383 1776 ex
2426 1737 2488 1775 ea
2532 1722 2643 1774 nati
2680 1731 2835 1785 sunt,
2887 1738 2945 1778 se
2992 1734 3181 1779 mutuo
3228 1726 3478 1781 inseetati

220 1810 501 1880 ἀλλήλοις,
534 1811 681 1863 δεινά
710 1813 803 1865 καὶ
831 1813 1041 1883 χαλεπά
1062 1813 1390 1876 διατιθέντες
1409 1832 1421 1842 ·
1455 1816 1549 1867 καὶ
1582 1816 1641 1867 οὐ
1670 1816 1799 1885 πρόο

222 1920 284 1955 τε
296 1920 388 1973 ρον
410 1904 717 1957 ἐπαύσαντο
750 1904 996 1974 ἀλλήλοις
1021 1906 1457 1975 ἐπανιστάμενοι,
1496 1906 1632 1976 αὐτῇ
1657 1906 1798 1970 λέξει

224 1998 384 2067 φησὶ,
418 1998 611 2068 μέχρις
654 1991 713 2051 οῦ
745 1997 805 2049 τὸ
847 1996 961 2066 φῶς
998 1997 1095 2065 ὀψέ
1140 2015 1269 2050 ποτε
1304 1997 1627 2069 ἐφώρασανθ
1673 1999 1798 2051 διω-

220 2089 448 2159 κόμενοι
473 2087 581 2159 γὰρ
628 2088 722 2141 ἀπ’
761 2088 1027 2159 ἀλλήλων,
1064 2087 1383 2157 ἀγνοοῦντες
1416 2091 1533 2159 μὲν,
1562 2091 1711 2160 ὅμως
1741 2091 1798 2144 δὲ

221 2180 593 2249 τετολμήκασι
623 2179 716 2233 καὶ
750 2179 909 2251 μέχρι
930 2179 1022 2232 τοῦ
1058 2180 1236 2249 φωτὸς
1267 2179 1588 2250 ἀναχθῆναι.
1610 2182 1720 2233 Καὶ
1746 2180 1798 2233 τί

221 2271 287 2343 δὴ
320 2271 521 2323 τούτων
560 2268 963 2342 ἀπιθανώτερον
993 2270 1025 2341 ἢ
1051 2270 1483 2342 μυθωδέστερον;
1520 2272 1645 2335 τοὺς
1672 2271 1798 2341 μίαν

222 2364 329 2433 μὲν
374 2362 845 2434 ἐπιγραφομένους
878 2362 1122 2434 μητέρα,
1155 2364 1444 2433 συγγενείᾳ
1486 2363 1541 2415 δὲ
1586 2361 1798 2431 φύσεως

222 2456 560 2526 ἡνωμένους,
586 2454 836 2525 ἀλλήλοις
864 2454 1185 2525 ἐπιφύεσθαι
1216 2456 1415 2525 μάτην,
1436 2455 1528 2507 καὶ
1556 2454 1797 2526 ἀλλήλων

222 2546 293 2599 τά
321 2547 454 2618 μέλη
485 2546 812 2610 κατεσθίειν,
830 2549 921 2600 καὶ
947 2548 1210 2618 μηδέποτε
1236 2548 1421 2619 λήγειν
1442 2546 1601 2601 τοῦτο
1629 2547 1797 2619 δρῶνο

220 2655 359 2702 τας;
400 2640 573 2710 Ὅπερ
602 2641 649 2691 εί
677 2640 769 2691 καὶ
794 2639 990 2711 ἀληθὲς
1026 2636 1115 2709 ἦν,
1151 2639 1356 2709 βέλτιον
1376 2635 1443 2709 ἦν
1477 2640 1671 2702 αὐτοὺς
1707 2639 1796 2707 ὑφ’

221 2732 436 2786 ἑαυτῶν
461 2732 877 2787 ἀναλίσκεσθαι·
906 2734 999 2786 καὶ
1041 2733 1217 2803 μάτην
1238 2734 1266 2785 ὁ
1312 2733 1537 2805 ἀνόητος
1570 2732 1796 2799 ἀταξίαν

219 2826 384 2879 καλεί
407 2826 467 2879 τὸ
489 2826 765 2897 συμφέρον
785 2842 798 2856 ο
828 2825 1032 2895 ταύτης
1058 2824 1166 2895 γὰρ
1199 2824 1429 2895 μάλιστα
1466 2825 1565 2895 τῆς
1599 2824 1795 2886 κακίας

218 2918 467 2991 ὁρίζεται
493 2917 589 2988 τὴν
619 2917 723 2989 πρὸ
752 2917 955 2987 κόσμου
989 2915 1215 2981 ἀταξίαν
1234 2932 1246 2944 ·
1276 2915 1341 2985 ἣν
1372 2915 1562 2986 ῶσπερ
1597 2914 1796 2967 λυπού-

222 3027 390 3081 μενος
417 3010 513 3079 τῆς
539 3009 668 3080 ὕλης
697 3009 867 3072 οὓτως
894 3009 1167 3079 ὀνομάζει,
1194 3009 1275 3060 ὅτι
1308 3006 1381 3078 μὴ
1411 3009 1793 3077 προσηκόντως

216 3103 317 3171 ὑφ’
339 3103 537 3172 ἑαυτῆς
566 3102 912 3174 ἀνηλίσκετο·
949 3102 1041 3155 καὶ
1063 3100 1251 3172 ῶσπερ
1277 3117 1360 3163 τις
1394 3098 1543 3169 φίλος
1567 3098 1791 3169 ταύτης,

219 3195 507 3266 ἀδημονῶν
544 3196 626 3265 ἐφ’
663 3189 743 3258 οἷς
780 3193 977 3265 ἑαυτὴν
1006 3192 1399 3251 κατέϐλαπτεν,
1440 3190 1666 3254 ἀταξίαν
1701 3207 1797 3243 κα-

216 3288 338 3340 λεῖο
364 3288 399 3341 ἀ
426 3287 807 3359 συμφερόντως
837 3286 956 3338 καθ’
978 3285 1174 3354 ἑαυτῆς
1196 3284 1325 3353 ἕδρα
1343 3302 1357 3313 ·
1392 3281 1508 3335 δέον
1542 3280 1794 3344 εὐταξίαν

217 3380 323 3450 τὴν
354 3380 611 3433 ἀνωτάτω
627 3379 948 3440 καλέσαι,τδ
975 3376 1288 3449 φθείρεσθαι
1312 3392 1375 3444 γε
1405 3373 1705 3444 ὑφ’ἐαυτοῦ
1736 3374 1796 3426 τὸ

217 3472 411 3526 κακόν.
432 3472 489 3523 Ὀ
520 3472 595 3525 δέ.
627 3472 939 3536 Ἦτάκτουν,
959 3472 1109 3540 φησὶ,
1135 3470 1228 3523 καὶ
1251 3468 1469 3540 ἠδίκουν
1501 3467 1761 3539 ἀλλήλους
1780 3483 1795 3499 ο

217 3562 287 3614 τὸ
320 3563 434 3631 φῶς
456 3562 511 3614 δὲ
554 3562 748 3625 ἰδόντες
778 3562 1105 3614 ἐπαύσαντο.

1885 1823 2028 1867 «sum
2067 1822 2121 1867 et
2162 1814 2583 1877 devoraverunt,
2625 1813 2759 1867 dura
2793 1822 2846 1868 et
2904 1816 3087 1885 gravia
3145 1817 3336 1885 passi;
3379 1832 3477 1871 nc-

1900 1920 2005 1974 que
2058 1904 2210 1973 prius
2274 1904 2605 1959 destiterunt
2657 1906 2711 1958 in
2757 1921 2816 1960 se
2863 1907 3010 1976 ipsos
3057 1907 3264 1962 moveri
3310 1924 3475 1978 quam

1899 1997 2083 2050 lumen
2124 2011 2247 2050 sero
2277 1996 2494 2051 tandem
2537 1997 2821 2065 viderent;
2866 1999 2951 2053 his
2986 2000 3130 2054 enim
3157 1999 3339 2054 verbis
3369 2000 3477 2054 uti-

1900 2094 2025 2153 tur;
2075 2102 2104 2139 a
2142 2103 2200 2142 se
2244 2088 2389 2142 enim
2436 2088 2539 2159 ipsi
2586 2090 2841 2160 exagitati
2889 2107 3013 2144 cum
3050 2092 3250 2163 alioqui
3302 2094 3479 2148 nesci-

1899 2189 2040 2242 rent,
2067 2181 2136 2233 ita
2175 2188 2354 2235 tamen
2384 2184 2501 2236 ausi
2530 2191 2657 2239 sunt
2688 2199 2859 2253 usque
2888 2185 2952 2237 ad
2979 2184 3157 2240 lumen
3191 2185 3473 2241 accedere.

1898 2268 2103 2339 Ecquid
2154 2270 2237 2325 bis
2283 2270 2659 2327 incredibilius
2706 2281 2759 2327 et
2811 2274 2986 2342 magis
3031 2276 3473 2330 commentitium

1897 2376 1991 2417 eos
2023 2361 2114 2431 qui
2146 2376 2307 2415 unam
2350 2370 2576 2417 matrem
2614 2364 2731 2419 sibi.
2762 2366 3042 2420 ascribunt
3072 2374 3126 2421 et
3170 2366 3471 2431 vindicant,

1898 2462 1951 2507 et
1986 2454 2313 2522 cognatione
2358 2464 2565 2509 natura:
2589 2455 2763 2525 juncti
2802 2467 2949 2519 sunt,
2984 2459 3037 2512 in
3079 2474 3137 2514 se
3171 2460 3318 2530 ipsos
3360 2459 3475 2513 fru-

1898 2552 2011 2599 stra
2043 2544 2322 2609 invadere,
2382 2557 2434 2601 et
2470 2546 2714 2603 vicissim
2757 2549 3003 2604 membra
3034 2566 3134 2606 sua
3184 2551 3473 2618 devorare,

1897 2647 1951 2691 et
1989 2652 2270 2707 nunquam
2316 2636 2371 2691 in
2414 2640 2514 2692 hac
2552 2656 2611 2695 re
2662 2642 2918 2697 cessare?
2950 2640 3106 2708 Quod
3154 2643 3374 2713 quidem
3427 2645 3475 2699 si

1897 2744 2084 2783 verum
2134 2736 2272 2792 erat,
2329 2730 2626 2799 praestabat
2667 2732 2815 2802 ipsos
2846 2748 2874 2786 a
2914 2749 2972 2788 se
3010 2734 3145 2805 ipsis
3181 2737 3427 2791 consumi
3458 2756 3470 2791 :

1895 2829 1950 2874 et
1998 2820 2232 2875 inaniter
2263 2820 2488 2877 demens
2537 2822 2932 2894 (blank-haus)
2986 2826 3235 2891 ἀταξίαν,
3286 2828 3338 2882 id
3367 2838 3473 2891 est,

1897 2913 2362 2981 perturbationem
2393 2914 2605 2970 ordinis
2638 2928 2797 2970 vocat
2826 2917 2878 2970 in
2903 2932 2987 2979 eo,
3014 2919 3157 2987 quod
3182 2919 3316 2975 utile
3345 2930 3430 2975 est
3456 2942 3470 2975 :

1902 3004 2027 3058 huic
2049 3004 2194 3057 enim
2230 3003 2489 3074 nequitiae
2516 3006 2740 3060 ascribit
2762 3013 2815 3060 et
2838 3008 3080 3077 assignat
3107 3010 3476 3078 perturbatio-

1898 3110 2023 3150 nem
2071 3094 2282 3149 ordinis
2330 3105 2456 3150 ante
2495 3097 2791 3164 mundum;
2835 3112 2996 3169 quam
3031 3099 3110 3153 sic
3138 3108 3317 3165 vocat,
3351 3108 3474 3155 tan-

1900 3204 2064 3258 quam
2096 3188 2299 3253 doleat,
2345 3196 2400 3244 et
2429 3204 2488 3243 se
2541 3189 2802 3246 misereat
2845 3192 3118 3254 materiae,
3165 3191 3311 3261 quod
3360 3207 3472 3249 non

1901 3282 2054 3352 prius
2080 3296 2110 3334 a
2141 3297 2199 3337 se
2251 3282 2368 3351 ipsa
2401 3281 2611 3336 utiliter
2642 3290 2696 3338 et
2728 3282 3117 3337 convenienter
3146 3294 3472 3355 consumpta

1898 3380 2081 3437 esset;
2112 3380 2165 3427 et
2188 3383 2443 3442 tanquam
2469 3372 2688 3441 quidam
2713 3372 2921 3426 amicus
2950 3372 3110 3441 hujus
3139 3386 3374 3427 mmrens
3405 3387 3472 3427 ac

1901 3466 2136 3536 graviter
2165 3464 2375 3530 dolens,
2403 3464 2548 3534 quod
2574 3462 2679 3518 sibi
2710 3465 3011 3529 nocuisset,
3038 3480 3158 3534 quae
3186 3470 3376 3517 contra
3412 3478 3473 3520 se

1904 3559 2111 3613 utiliter
2146 3556 2291 3621 fecit,
2325 3558 2379 3612 in
2424 3558 2490 3611 iis
2532 3557 2993 3627 perturbationem
3039 3558 3245 3613 ordinis
3288 3565 3468 3621 vocat,

218 3670 349 3707 cum
376 3654 594 3707 deberet
620 3656 796 3723 potius
821 3654 1266 3723 compositionem
1293 3651 1501 3707 ordinis
1560 3649 2075 3707 excellentissimam
2124 3665 2339 3713 vocare,
2406 3650 2631 3705 interire
2686 3650 2897 3704 scilicet
2932 3651 3133 3704 malum
3198 3666 3228 3704 a
3264 3651 3468 3721 seipso.

225 3748 320 3800 Ille
351 3754 529 3799 autem
558 3746 651 3807 ait,
702 3744 758 3799 In
805 3746 1116 3815 perturbato
1168 3745 1359 3800 ordine
1428 3752 1605 3808 crant,
1640 3756 1694 3799 et
1724 3743 1829 3798 sibi
1867 3742 2010 3795 inter
2058 3757 2117 3796 se
2148 3743 2456 3807 nocebant;
2502 3742 2616 3796 viso
2653 3750 2832 3795 autem
2867 3743 3071 3797 lumine
3131 3742 3467 3799 desiverunt.

295 3841 505 3895 Οὐκοῦν
540 3841 894 3894 ἐπεϐούλευσε
932 3841 1009 3912 τῷ
1050 3841 1381 3912 συμφέροντι
1405 3842 1466 3893 τὸ
1500 3841 1637 3911 φῶς,
1677 3840 1791 3908 εἴγε

218 3936 351 3997 τοῦς
384 3936 584 3997 κακοὺς
619 3933 861 4003 ἀλλήλων
888 3932 1175 4004 ἐρρύσατο.
1208 3934 1302 3984 καὶ
1343 3932 1530 4003 ῶσπερ
1571 3932 1792 4003 φάρμα-

222 4044 322 4080 κον
366 4025 549 4096 ἰατροῦ
600 4024 932 4095 εύηργέτησε
979 4024 1102 4087 τοὺς
1149 4023 1455 4085 νοσοῦντας.
1488 4024 1602 4076 Ούκ
1639 4018 1707 4092 ἦν
1737 4022 1793 4075 δέ

223 4119 365 4190 πρὸς
411 4116 615 4186 ἀγαθοῦ
646 4116 929 4186 φείσασθαι
960 4114 1050 4167 τοῦ
1079 4116 1271 4178 κακοῦ,
1316 4116 1394 4177 είς
1430 4115 1489 4167 τὸ
1521 4114 1793 4184 διαμένειν

222 4212 320 4264 καὶ
351 4209 615 4275 σώζεσθαι
639 4249 652 4267 .
702 4209 794 4261 καὶ
831 4206 903 4277 μὴ
931 4209 1019 4275 ὑφ’
1057 4202 1250 4259 ἑαυτοῦ
1286 4205 1695 4259 ἀναλίσκεσθαι.
1733 4206 1795 4258 Et

218 4304 333 4375 γὰρ
373 4303 462 4372 ὑφ’
486 4302 679 4355 ἐαυτοῦ
713 4300 1054 4354 δαπανᾶσθαι
1075 4298 1232 4352 τοῦτο
1268 4299 1611 4359 διεκώλυσεν,
1643 4299 1792 4352 ἀντι-

1970 3835 2139 3906 Igitur
2199 3837 2511 3891 insidiatum
2554 3843 2636 3891 est
2679 3837 2859 3890 lumen
2892 3837 3132 3902 utilitati,
3180 3836 3225 3890 si
3251 3836 3470 3905 quidem

1900 3930 2073 3983 malos
2113 3944 2143 3982 a
2180 3938 2366 3982 mutua
2405 3928 2551 3983 caede
2594 3927 2862 3989 liberavit,
2908 3937 2961 3981 et
3002 3938 3259 3998 tanquam
3292 3928 3469 3981 medi-

1900 4023 2023 4075 cina
2070 4020 2265 4075 medici
2316 4020 2517 4089 profuit
2558 4021 2793 4090 aegrotis.
2842 4019 2911 4071 At
2959 4034 3065 4073 non
3115 4018 3471 4073 conveniebat

1904 4116 2069 4178 bono,
2112 4122 2168 4167 ut
2200 4122 2444 4183 parceret
2486 4114 2649 4176 malo,
2697 4122 2749 4167 et
2784 4114 2984 4167 sineret
3025 4126 3339 4181 permanere
3381 4110 3467 4163 in-

1902 4208 2137 4271 colume,
2166 4217 2218 4260 et
2249 4221 2355 4259 non
2389 4206 2590 4259 sineret
2614 4219 2644 4257 a
2677 4220 2735 4259 se
2765 4206 2882 4275 ipso
2909 4203 3179 4259 consumi.
3213 4201 3269 4256 Si
3300 4201 3466 4263 enim,

1903 4312 1970 4351 ne
2021 4313 2051 4350 a
2093 4313 2151 4352 se
2202 4303 2640 4359 consumeretur,
2675 4296 2777 4349 hoc
2818 4295 3118 4365 prohibuit,
3156 4295 3275 4364 ipse
3308 4294 3469 4363 plane

223 4413 361 4469 κρυς
383 4394 545 4456 αὐτὸς
572 4393 889 4465 διετήρησεν
916 4390 1044 4445 αύτό
1067 4407 1080 4421 ’
1117 4391 1209 4443 καὶ
1239 4390 1321 4460 εἴη
1350 4390 1414 4442 ἂν
1438 4389 1796 4461 ἀληθέστερον

1902 4390 2138 4443 servavit
2169 4390 2366 4459 ipsum,
2398 4396 2651 4458 essetque
2672 4388 2849 4442 verior
2877 4387 3089 4454 ἀταξία,
3116 4387 3167 4441 id
3192 4395 3295 4449 est,
3321 4386 3472 4441 aber-

225 4492 386 4547 τοῦτο
420 4490 635 4556 ἀταξία,
668 4490 697 4542 ὃ
731 4504 861 4557 φησι
894 4485 989 4556 τὴν
1023 4482 1248 4548 ἀταξίαν
1286 4481 1645 4534 πεπαυκέναι.
1667 4481 1795 4533 Ὅτε

224 4585 407 4639 τοίνυν
439 4585 573 4653 αὐτῇ
604 4581 742 4645 λέξει
774 4579 988 4649 φησὶνή
1025 4576 1152 4645 παρ’
1188 4575 1367 4636 αὺτοῖς
1403 4572 1582 4643 βίϐλος
1602 4587 1615 4601 ⁸
1651 4573 1796 4644 Πρδς

225 4678 492 4747 ἀλλήλους
522 4672 920 4737 στασιάζοντες,
968 4669 1309 4722 ἐπεπόλασαν
1340 4667 1432 4720 καὶ
1478 4666 1638 4740 μέχρι
1684 4666 1794 4719 τῶν

230 4770 519 4843 μεθορίων,
552 4770 645 4821 καὶ
669 4767 730 4819 τὸ
754 4764 867 4835 φῶς
894 4760 1054 4824 εἶδον,
1087 4762 1267 4831 θέαμά
1300 4779 1352 4813 τι
1388 4759 1672 4814 κάλλιστον
1700 4760 1794 4812 καὶ

226 4864 669 4935 εὐπρεπέστατον
693 4878 707 4891 ο
743 4860 882 4913 τότε.
933 4857 1037 4911 ὑπὸ
1078 4857 1178 4926 τ’ής
1224 4858 1280 4908 ἐν
1303 4855 1485 4916 αὐτοῖς
1530 4854 1795 4923 κινήσεως

226 4956 632 5019 ἐνθουσιῶντες,
660 4953 801 5007 κατά
847 4950 941 5005 τοῦ
968 4950 1143 5020 φωτὸς
1189 4946 1595 5007 ἐϐουλεύσαντο,
1636 4944 1688 4997 τί
1730 4944 1794 5015 δὴ

228 5052 554 5120 ποιήσαντες
586 5047 830 5101 δύναιντο
856 5044 920 5099 ἂν
950 5044 1146 5107 αὐτοὺς
1168 5040 1244 5112 τῷ
1283 5038 1553 5111 κρείττονι
1595 5052 1795 5105 συγκε-

231 5146 424 5218 ράσαι;
452 5141 701 5195 Τοῦτοδέ
743 5137 1061 5207 λογίσασθαι
1105 5136 1203 5206 ούχ
1246 5128 1346 5187 οἷοί
1386 5148 1447 5185 τε
1472 5127 1631 5202 ἦσαν,
1679 5129 1796 5181 ἀλλ’

228 5237 493 5307 ἐπιθυμίᾳ
521 5236 616 5289 τοῦ
672 5233 977 5306 κρείττονος
1028 5232 1158 5283 ῐδιον
1205 5228 1429 5299 θήραμα
1478 5225 1799 5295 νομίσαντες

225 5333 409 5395 αὐτοῖς
440 5328 680 5393 ἔσεσθαι,
723 5325 905 5380 πολλοὶ
938 5324 1087 5385 ὄντες
1132 5319 1651 5392 ἐπεστρατεύσαντο.

1904 4482 2040 4535 ratio
2073 4496 2103 4536 a
2141 4481 2285 4535 bono
2329 4481 2519 4535 ordine
2564 4480 2667 4533 hoc
2700 4478 2843 4549 quod
2885 4479 2982 4540 ait.
3031 4478 3298 4534 sublatam
3347 4494 3471 4533 esse

1902 4572 2361 4642 perturbationem
2391 4570 2619 4626 ordinis.
2663 4568 2753 4625 Sic
2785 4571 2950 4641 igitur
2988 4576 3073 4624 est
3115 4569 3169 4623 in
3206 4569 3347 4625 libro
3373 4570 3466 4640 qui

1901 4664 2044 4735 apud
2086 4664 2234 4734 ipsos
2263 4663 2439 4717 fertur
2466 4682 2479 4719 :
2509 4661 2775 4718 seditione
2807 4661 2950 4717 inter
2998 4661 3147 4732 ipsos
3175 4670 3317 4727 orta,
3350 4678 3471 4732 pro-

1900 4755 2118 4809 dierunt
2165 4770 2341 4825 usque
2388 4753 2455 4808 ad
2496 4752 2827 4819 conﬁnium,
2876 4760 2932 4809 et
2960 4754 3213 4808 viderunt
3263 4753 3467 4817 lumen,

1901 4847 2272 4917 spectaculum
2324 4846 2598 4917 quoddam
2650 4846 3079 4917 pulcherrimum
3125 4853 3181 4901 et
3228 4847 3469 4901 maxime

1902 4939 2161 4995 decorum
2198 4957 2211 4992 :
2253 4946 2383 4992 tunc
2414 4938 2775 4994 commotione
2814 4954 2912 4992 sua
2958 4938 3011 4991 in
3056 4938 3322 4992 insaniam
3362 4938 3467 4991 acti

1903 5032 2353 5087 consultaverunt
2378 5032 2446 5087 de
2470 5032 2673 5086 lumine
2702 5032 2831 5101 quid
2873 5030 3182 5086 faciendum
3212 5040 3378 5095 esset,
3410 5038 3469 5085 ut

1906 5141 1966 5180 se
1991 5140 2114 5178 cum
2152 5138 2218 5177 eo
2255 5123 2402 5193 quod
2442 5124 2791 5192 praestantius
2831 5134 2950 5177 erat
2996 5122 3305 5177 miscerent.
3358 5120 3471 5176 Hoc

1908 5225 2086 5272 autem
2123 5218 2361 5287 cogitare
2410 5232 2517 5271 non
2550 5224 2825 5286 poterant,
2885 5216 2978 5271 sed
3024 5231 3134 5285 prie
3176 5216 3473 5286 cupiditate

1905 5308 2146 5365 melioris
2179 5308 2423 5363 arbitrati
2460 5307 2697 5361 futuram
2743 5323 2865 5362 esse
2895 5308 3169 5377 propriam
3210 5307 3468 5378 praedam,

1904 5416 2027 5455 eum
2065 5399 2219 5453 multi
2246 5406 2451 5463 essent,
2486 5399 2784 5453 exercitum
2826 5398 3124 5453 instruunt.

1246 5526 1373 5580 CAP.
1412 5522 1571 5575 XVII.
1608 5520 1933 5575 Desiderium
1959 5518 2184 5572 hominis
2221 5522 2431 5570 bonum.

302 5630 569 5685 Λανθάνει
600 5628 655 5682 δέ
684 5630 795 5691 τοῖς
832 5627 931 5696 τῆς
954 5625 1150 5687 κακίας
1176 5624 1308 5685 υἱοῖς
1334 5621 1401 5674 τά
1430 5620 1643 5673 πάντων
1666 5616 1797 5670 κάλ-

229 5721 387 5781 λιστα
436 5721 858 5796 προμαρτυρῶν.
912 5720 973 5773 El
1005 5717 1112 5789 γὰρ
1158 5715 1217 5769 τὸ
1257 5714 1537 5768 κάλλιστον
1582 5710 1674 5764 καὶ
1710 5707 1795 5761 εύ-

1975 5613 2328 5675 Manichreus.
2372 5628 2492 5683 qua:
2538 5617 2665 5665 sunt
2713 5610 2955 5665 omnium
3000 5609 3363 5681 pulcherrima
3417 5614 3472 5662 et

1907 5706 2223 5775 bellissima,
2276 5704 2400 5761 (iliis
2446 5703 2702 5776 nequitia:
2739 5702 3049 5760 testimonio
3088 5716 3188 5759 suo
3220 5700 3470 5759 nesciens
