4072 6338
719 277 851 334 1091

1852 272 1989 330 rm
2024 272 2451 330 BOSTRENSiS
2482 266 2798 328 -Εριειῖορι
2872 253 2877 259 ’

3759 282 3857 340 i092

718 390 931 448 tribuit.
960 389 1170 447 Etenim
1202 390 1250 446 si
1280 389 1428 460 quod
1452 399 1540 448 est
1567 389 1999 461 pulcherrimum
2033 398 2089 446 et
2115 388 2280 445 maxi-

2393 389 2767 460 πρεπέστατον
2820 380 3099 459 ἐρασμίως
3162 380 3299 444 εἶδον
3317 431 3332 454 ,
3381 382 3469 444 καὶ
3514 386 3858 464 ἐπιθυμήσαντες

718 501 810 543 me
836 485 1077 540 omnium
1122 484 1404 549 decorum,
1446 490 1696 538 amanter
1729 481 2005 548 viderunt,
2042 493 2098 536 et
2129 481 2287 551 cupi-

708 577 888 635 ditate
931 576 1139 633 incensi
1180 576 1462 648 propriam
1494 574 1741 645 praedam
1783 590 1907 631 esse
1946 574 2291 631 existimave-

707 673 869 733 runt,
906 666 1077 739 liquet
1124 676 1278 722 recte
1324 665 1585 723 sensisse.
1632 664 1814 733 Quare
1857 666 2149 722 consilium
2195 681 2290 721 ca-

703 759 895 830 piunt,
915 759 1007 830 qui
1038 774 1148 814 non
1182 766 1312 814 sunt
1343 760 1570 814 rationis
1592 759 1905 830 participes,
1928 759 2201 830 quomodo
2230 775 2289 815 se

702 851 823 922 ipsi
852 867 979 907 cum
1013 852 1217 907 lumine
1245 851 1558 918 misceant;
1605 858 1662 907 et
1708 852 2039 922 relinquitur
2061 891 2080 915 ,
2114 860 2181 906 ut
2205 851 2289 906 in-

707 944 865 999 vidi:
905 953 1075 1010 esset,
1119 958 1229 999 non
1269 944 1587 1014 permittere
1644 943 1769 998 istis
1809 943 1914 997 frui
1959 943 2146 997 bono:
2180 955 2287 995 non
2315 958 2341 986 ο

700 1036 862 1094 enim
900 1046 1020 1092 erat
1048 1050 1229 1093 sermo
1259 1034 1544 1091 Manichaai
1584 1045 1867 1093 constans.
1894 1035 1960 1091 Si
1990 1038 2134 1092 enim
2162 1051 2290 1090 con-

702 1139 802 1183 τινα
826 1145 886 1185 se
917 1129 1285 1193 insaniebant,
1313 1129 1596 1200 oportebat
1616 1128 1834 1199 quidem
1862 1128 2137 1184 dimittere
2166 1142 2285 1193 eos,

704 1226 778 1273 ut
810 1233 843 1273 a
881 1233 943 1274 se
982 1218 1118 1290 ipsis
1150 1217 1459 1274 interirent.
1514 1217 1571 1272 Si
1602 1217 1876 1274 desiderio
1909 1219 2132 1273 luminis
2161 1227 2286 1273 tan-

702 1322 881 1378 quam
922 1308 1197 1379 elegantes
1226 1307 1570 1372 tenebantur,
1614 1308 1909 1364 honestum
1954 1310 2119 1364 etiam
2167 1318 2288 1364 erat

698 1400 798 1455 eis
824 1397 1146 1465 concedere,
1172 1407 1233 1454 ut
1262 1398 1598 1455 fruerentur.
1628 1398 1897 1455 Decorum
1920 1400 2070 1456 enim
2100 1408 2156 1455 et
2174 1402 2289 1453 lau-

698 1490 896 1546 dabile
928 1489 1153 1546 omnino
1198 1497 1282 1546 est
1316 1490 1615 1545 secundum
1664 1500 1914 1545 naturam
1957 1490 2287 1545 desiderium

714 1583 868 1649 boni,
905 1598 1015 1655 quo
1044 1582 1153 1637 frui
1183 1598 1294 1638 non
1314 1589 1630 1652 potuerunt,
1662 1581 1807 1636 sicut
1834 1581 1911 1635 ait
1934 1580 2028 1651 qui
2058 1580 2286 1652 dogma-

699 1682 771 1731 ‘ta
793 1673 1079 1730 Manicbzei
1106 1673 1361 1745 scripsit;
1393 1688 1517 1727 cum
1548 1672 1747 1742 alioqui
1775 1672 2169 1736 desiderarent,
2193 1688 2291 1743 po-

2391 478 2611 553 θήραμα
2648 478 2779 533 ἴδιον
2821 480 3078 552 ἐνόμισαν
3126 480 3292 543 αύτδ,
3325 480 3509 551 δῆλον,
3554 480 3622 544 ὡς
3663 482 3783 553 ὀρθοί
3815 503 3859 552 τι

2388 568 2527 645 ἦσαν
2552 573 2652 646 τὴν
2673 572 2959 658 ὑπόληψιν.
2999 573 3162 627 Ὥστε
3208 575 3304 628 καὶ
3341 573 3654 644 βουλεύονται
3683 578 3724 628 οἰ
3748 576 3859 647 λόγου

2392 663 2468 736 μὴ
2513 664 2859 735 μετέχοντες,
2908 666 3056 729 ὅπως
3098 665 3164 719 ἂν
3207 667 3429 731 ἑαυτοὺς
3472 669 3776 740 ἐγκεράσαιεν
3808 672 3860 742 τῷ

2390 753 2556 824 φωτίο
2593 754 2689 807 καὶ
2742 754 2937 824 φθόνου
2974 755 3159 809 λοιπὸν
3207 752 3277 828 ἦν
3315 759 3375 811 τὸ
3405 758 3477 829 μὴ
3504 761 3689 812 ἀνεῖναι
3711 759 3861 825 τούτοις
3968 794 3969 829 1

2387 849 2481 904 τοῦ
2524 848 2733 918 ἀγαθοῦ
2778 850 2877 922 τὴν
2925 851 3221 906 ἀπόλαυσιν
3242 870 3257 883 ’
3299 854 3395 924 οὐχ
3441 855 3625 925 ἕστηκε
3679 857 3763 929 γὰρ
3799 858 3859 911 τοῦ

2387 940 2661 1005 Μάνεντος
2677 942 2706 994 ό
2723 938 2899 1009 λόγος.
2911 945 2975 997 Εἰ
3000 944 3109 1016 γὰρ
3129 946 3248 998 κατ’
3262 946 3512 1023 ,ἀλλήλων
3524 950 3780 1019 ἐμαίνοντο,
3801 957 3860 1007 καὶ

2388 1034 2495 1087 ἔδει
2517 1051 2580 1102 γε
2610 1034 2807 1099 αὐτοὺς
2838 1036 3158 1090 καταλιπεῖν
3185 1038 3276 1091 ὑπ’
3315 1038 3551 1111 ἀλλήλων
3590 1041 3856 1113 φθείρεσθαιο

2388 1127 2437 1179 εί
2468 1126 2525 1179 δὲ
2579 1126 2934 1199 ἐπεθύμησαν
2957 1114 3039 1193 ὡς’
3071 1131 3275 1184 ἀστεῖοι
3297 1131 3390 1185 τοῦ
3416 1134 3599 1202 φωτὸς,
3631 1137 3709 1189 καὶ
3747 1155 3859 1209 προσ-

2387 1222 2521 1292 ῆκον
2561 1217 2631 1293 ἦν
2674 1224 2857 1286 αὐτοῖς
2906 1224 3198 1296 ἐπιτρέψαι
3240 1226 3430 1280 τούτου
3477 1228 3569 1299 τὴν
3608 1229 3855 1283 ἀπόλαυσιν·

2388 1312 2578 1366 ἀστεία
2621 1314 2731 1386 γὰρ
2761 1316 2852 1368 καὶ
2886 1316 3143 1388 ἐπαινετὴ
3185 1318 3328 1372 κατὰ
3353 1317 3507 1387 φύσιν
3538 1318 3726 1380 πάντως
3754 1321 3858 1392 litui

2386 1405 2593 1468 ἀγαθοῦ
2619 1408 2903 1479 ἐπιθυμία,
2927 1405 3099 1482 οὗπερ
3124 1411 3421 1464 ἀπολαύειν
3447 1412 3538 1482 μὲν
3566 1412 3633 1483 μὴ
3653 1412 3856 1483 ἠδύναντο,

2387 1496 2463 1561 ῶς
2502 1514 2564 1567 γε
2596 1500 2625 1550 ό
2658 1499 2724 1552 τὰ
2757 1499 2849 1553 τοῦ
2898 1500 3177 1565 Μάνεντος
3229 1503 3554 1574 συγγράφων
3595 1504 3762 1575 φησὶν,
3783 1506 3859 1558 ἐπι-

2388 1588 2705 1661 θυμοῦντες,
2729 1590 3063 1664 διαφθείρειν
3091 1594 3149 1647 δὲ
3187 1586 3288 1666 ούχ
3326 1590 3426 1649 οἷοί
3454 1613 3509 1649 τε
3532 1590 3657 1668 ἦσαν
3677 1613 3689 1626 '
3714 1596 3859 1650 ratein

2387 1679 2497 1752 γὰρ
2535 1681 2753 1745 πάντως
2779 1681 2841 1736 τὸ
2867 1683 3091 1752 ἀγαθὸν,
3125 1679 3237 1738 οἷον
3267 1687 3404 1757 μήτε
3423 1686 3743 1752 δαπανᾶσθαι,
3768 1688 3857 1757 μήτε

700 1778 936 1824 tuerunt
956 1774 1138 1823 tamen
1168 1782 1228 1823 se
1254 1767 1524 1825 conﬁcere
1549 1776 1607 1820 et
1635 1765 1918 1822 destruere
1949 1784 1963 1821 :
1999 1765 2108 1821 tale
2137 1766 2280 1847 enim

2390 1750 2561 1837 ἄλλως
2597 1750 3043 1830 ἐπιϐουλεύεσθαι
3086 1778 3222 1850 πρὸς
3397 1779 3697 1852 μετεχόντων

704 1862 931 1933 penitus
958 1868 1043 1917 est
1069 1860 1296 1925 bonum,
1330 1868 1388 1913 ut
1411 1874 1587 1929 neque
1605 1858 1854 1913 consumi
1881 1857 2077 1928 possit,
2109 1872 2286 1927 neque

701 1953 926 2023 .possint
945 1951 1175 2008 insidias
1201 1951 1251 2007 ei
1282 1965 1506 2021 ponere,
1540 1950 1635 2020 qui
1663 1949 1782 2019 ejus
1804 1948 2102 2019 participes
2132 1956 2281 2003 sunt.

711 2045 997 2114 Quomodo
1043 2052 1222 2100 autem
1252 2058 1442 2098 omnes
1481 2041 1644 2098 simul
1685 2042 1739 2095 in
1777 2040 2022 2094 militiam
2055 2038 2280 2109 profecti

697 2145 862 2199 sunt,
902 2134 997 2205 qui
1039 2149 1150 2189 non
1180 2138 1575 2205 cognoverant,
1623 2129 1748 2201 quis
1785 2129 2064 2189 resisteret
2090 2136 2145 2182 et
2181 2127 2281 2181 ad—

708 2226 1063 2284 versaretur?
1092 2223 1186 2280 Sic
1213 2224 1360 2280 enim
1387 2232 1471 2279 est
1514 2224 1568 2278 in
1597 2223 1763 2286 libro,
1793 2222 1939 2277 unde
1966 2221 2074 2276 ista
2112 2218 2284 2274 Mani-

712 2319 848 2376 cbaai
872 2318 1248 2389 apposuimus,
1275 2314 1632 2391 quod‘neque
1661 2314 1829 2367 Deum
1868 2314 1923 2367 in
1954 2312 2159 2368 lumine
2188 2312 2284 2364 ha-

712 2412 889 2467 bitare
931 2410 1200 2470 sciebant,
1239 2423 1416 2479 neque
1442 2422 1503 2463 se
1535 2421 1776 2477 unquam
1807 2405 2030 2474 impune
2051 2405 2283 2468 laturos,

700 2503 760 2557 si
790 2504 845 2557 in
879 2501 975 2559 Dei
1000 2500 1338 2557 domicilium
1368 2498 1625 2555 invadere
1653 2499 1941 2554 auderent.

2401 1864 2872 1937 Ἐπεστράτευσαν
2900 1865 2958 1920 δὲ
3005 1868 3141 1939 όμοῦ
3181 1869 3387 1933 πάντες
3429 1871 3542 1924 τίνα
3586 1870 3778 1941 τρόπον,
3810 1870 3856 1939 μὴ

2386 1957 2586 2020 εἰδότες
2607 1956 2698 2010 τὸν
2721 1958 3112 2030 ἀνθιστάμενον
3130 1978 3146 2027 ;
3174 1962 3316 2034 Φησὶ
3336 1963 3443 2036 γὰρ
3466 1958 3586 2017 αὐτὸ
3607 1963 3660 2016 τὸ
3674 1964 3855 2033 γράμμα.

2385 2040 2478 2115 ἀφ’
2508 2040 2569 2101 οὗ
2595 2045 2662 2100 τὰ
2690 2047 2843 2120 παρὰ
2877 2050 2971 2104 τοῦ
2989 2052 3267 2117 Μάνεντος
3298 2054 3679 2126 παρεθήκαμεν,
3704 2054 3763 2115 ὡς
3785 2049 3855 2105 οὐδ’

2378 2140 2606 2206 ὅτιθεὸς
2629 2144 2687 2195 ἐν
2714 2143 2855 2211 φωτὶ
2881 2143 3100 2216 διῃτᾶτο
3134 2148 3453 2216 ἐγίνωσκον,
3483 2147 3583 2201 οὐδ’
3607 2148 3694 2211 ὅτι,
3719 2147 3855 2216 rcipi-

2381 2251 2572 2298 σαντες
2596 2232 2737 2287 κατὰ
2766 2234 2860 2288 τοῦ
2898 2238 3213 2309 οἰκητηρίοι.
3258 2239 3353 2293 τοῦ
3381 2237 3543 2302 Θεοῦ,
3575 2240 3663 2292 οὐκ
3699 2236 3855 2307 ἔμελλον

2380 2328 2549 2384 ἀθῶοί
2576 2348 2705 2386 ποτε
2727 2330 3123 2401 ἀπαλλαγῆναι.

1627 2609 1758 2665 CAP.
1800 2607 1983 2664 XVIII.
2020 2604 2335 2680 Ignorantia
2361 2606 2701 2663 Hanicltat'ca
2724 2607 3044 2679 “agitatur.

786 2729 845 2787 Si
871 2729 1037 2803 igitur
1063 2743 1173 2784 non
1215 2735 1587 2800 cognoverunt
1641 2727 1975 2782 contrarium
2007 2726 2151 2797 quod
2180 2726 2278 2782 01)·-

700 2824 891 2880 stabat
930 2823 1031 2890 eis,
1072 2821 1311 2877 alienum
1359 2827 1444 2875 est
1486 2833 1711 2890 prorsus
1737 2833 1768 2872 a
1805 2820 2017 2873 ratione
2045 2819 2279 2874 educere

700 2916 1013 2971 exercitum
1063 2921 1257 2969 contra
1292 2927 1389 2968 eos
1447 2925 1479 2965 a
1520 2910 1721 2983 quibus
1749 2926 1811 2966 se
1847 2910 2038 2981 repelli
2068 2911 2279 2966 nescie-

709 3008 873 3063 bant:
898 3021 998 3079 par
1018 3006 1164 3063 enim
1195 3016 1313 3062 erat
1335 3004 1539 3059 armari
1564 3018 1681 3070 eos,
1715 3012 1774 3059 ut
1812 3003 1966 3059 aiunt
1992 3003 2119 3076 ipsi,
2153 3003 2277 3073 igne

700 3105 763 3152 'et
812 3097 1074 3161 tenebris,
1123 3096 1174 3153 si
1221 3095 1601 3168 praevidissent
1631 3110 1691 3152 se
1720 3095 1788 3151 ab
1842 3095 2035 3150 alienis
2082 3094 2277 3150 arceri.

706 3187 820 3244 Sed
866 3188 997 3259 quia
1033 3188 1256 3244 omnino
1297 3186 1642 3259 ignorabant,
1699 3202 1809 3240 non
1840 3185 2014 3241 solum
2047 3201 2154 3240 non
2197 3194 2281 3242 est

699 3277 991 3342 credibile,
1023 3279 1118 3334 sed
1153 3278 1314 3349 plano
1347 3277 1449 3333 sibi
1493 3290 1823 3347 repugnans,
1858 3288 2191 3331 armaturam
2226 3285 2280 3330 et

652 3356 656 3360 Δ
706 3374 1005 3429 exercitum
1050 3372 1383 3436 describere,
1432 3386 1558 3425 cum
1601 3371 1783 3425 nullus
1824 3369 2043 3438 penitus
2089 3385 2281 3440 exspe-

703 3472 958 3521 ctaretur
1007 3463 1075 3519 ad
1143 3462 1507 3519 resistendum
1576 3460 1884 3516 adfuturus.
1927 3459 2046 3515 Non
2098 3462 2279 3516 minus

698 3553 1041 3609 contrarium
1065 3561 1151 3609 est
1169 3552 1371 3615 dicere,
1388 3559 1501 3607 tum
1524 3551 1873 3621 cupiditatem
1908 3550 2131 3607 luminis
2155 3552 2279 3607 illos

706 3644 988 3709 habuisse,
1018 3656 1132 3700 tum
1155 3652 1417 3716 apparatu
1458 3643 1654 3698 bellico
1681 3658 1814 3699 usos
1848 3658 1970 3699 esse
1993 3643 2273 3698 conﬁteri:

705 3738 873 3792 armis
918 3737 1062 3792 enim
1097 3738 1307 3793 bellicis
1360 3736 1541 3792 omnis
1566 3736 1743 3791 hostis
1777 3747 1968 3791 contra
2021 3736 2279 3791 adversa-

704 3830 848 3884 rium
890 3845 952 3885 se
987 3830 1119 3900 tegit
1157 3838 1212 3885 et
1244 3830 1447 3893 munit;
1474 3843 1582 3883 non
1620 3839 1807 3883 contra
1838 3829 1913 3891 id,
1946 3829 2097 3898 quod
2128 3829 2278 3900 cupit

703 3935 826 3977 esse
851 3922 1132 3992 praemium
1175 3921 1510 3976 certaminis.
1545 3919 1604 3974 Si
1636 3934 1768 3990 ergo
1798 3935 1906 3975 non
1943 3928 2061 3975 erat
2087 3920 2278 3975 adver-

697 4013 920 4078 sarius,
971 4024 1243 4084 quatenus
1280 4012 1386 4083 ipsi
1436 4013 1797 4083 ignorabant,
1852 4013 2127 4083 quomodo
2166 4030 2276 4068 non

702 4115 832 4163 sunt
857 4107 1152 4170 contraria,
1177 4121 1378 4173 cupere
1405 4116 1460 4161 et
1487 4105 1844 4175 belligerare?
1873 4105 2156 4171 Quomodo
2185 4120 2278 4160 au-

700 4212 810 4257 tem
840 4200 975 4254 illud
999 4201 1161 4254 etiam
1190 4215 1298 4253 non
1321 4206 1406 4253 est
1454 4213 1782 4269 magnopere
1808 4214 2141 4270 repugnans,
2181 4214 2277 4254 eos

701 4291 797 4362 qui
829 4291 886 4345 in
916 4290 985 4346 iis
1027 4304 1149 4360 quae
1195 4288 1494 4345 secundum
1524 4298 1778 4345 naturam
1814 4298 1944 4346 sunt
1989 4306 2272 4361 nunquam

2452 2727 2516 2780 Ei
2551 2725 2730 2780 τοίνυν
2766 2725 2841 2797 μὴ
2869 2725 3066 2797 ᾔδεσαν
3100 2718 3160 2778 τὸ
3202 2723 3414 2779 κωλῦον
3461 2722 3690 2786 ἐναντίον,
3720 2721 3852 2787 diem

2384 2817 2557 2887 πάντη
2591 2817 2651 2869 τὸ
2688 2816 3119 2888 ἐπιστρατεύειν,
3153 2816 3240 2886 ἐφ’
3274 2813 3355 2881 οἷς
3386 2819 3483 2872 οὐκ
3505 2818 3675 2888 ᾔδεσαν
3708 2812 3850 2868 κωλυόσ

2386 2925 2535 2979 μενοι
2556 2925 2570 2939 ’
2603 2906 2918 2972 ὁπλίζεσθαι
2950 2907 3059 2979 γὰρ
3098 2906 3247 2971 εἰκὸς
3279 2904 3349 2980 ἦν
3404 2908 3616 2971 αὐτοὺς,
3642 2904 3703 2967 ὣς
3735 2917 3846 2971 φησι.

2383 3000 2518 3071 πυρὶ
2552 3001 2646 3053 καὶ
2679 2999 2875 3070 σκότῳ,
2899 3000 2947 3053 εί
2967 2999 3275 3071 προῄδεσαν
3311 3003 3418 3054 τῶν
3447 2999 3703 3071 ἀλλοτρίων
3727 2992 3847 3063 είργό·

2385 3108 2556 3161 μενοι.
2605 3092 2758 3145 Ἐπεὶ
2797 3091 2854 3146 δὲ
2900 3092 3175 3156 παντελῶς
3217 3094 3478 3165 ⁴Ι-ιγνόουν,
3524 3093 3613 3147 οὐκ
3660 3087 3844 3145 ἀπιθάνου

2384 3183 2563 3253 μόνον,
2597 3183 2733 3238 ἀλλὰ
2762 3184 2856 3237 καὶ
2884 3183 3067 3253 σαφῶς
3102 3186 3415 3257 μαχομένου
3440 3185 3605 3254 λόγου,
3634 3177 3789 3237 ὃπλισίν
3806 3194 3844 3228 τε

2382 3277 2475 3329 καὶ
2514 3275 2771 3348 στρατιὰν
2824 3276 3163 3347 διαγράφειν,
3211 3279 3357 3334 κατὰ
3405 3278 3616 3350 μηδενὸς
3652 3269 3845 3332 παντελῶς

2380 3367 2750 3422 ἐναντιοῦσθαι
2784 3368 3257 3441 προσδοκωμένου.
3287 3372 3399 3441 Οὐχ
3426 3366 3576 3443 ἦττον
3609 3369 3655 3421 δὲ
3679 3364 3844 3419 ἐναντίον

2379 3461 2472 3513 καὶ
2502 3458 2564 3513 τὸ
2596 3459 2671 3530 πὴ
2724 3459 2822 3530 μὲν
2853 3454 3147 3531 ἐπιθυμίαν
3180 3462 3320 3533 πρὸς
3364 3463 3423 3515 τὸ
3451 3462 3559 3530 φῶς
3584 3458 3841 3520 ἐκείνοις.γε·

2377 3548 2566 3604 νέσθαι
2603 3549 2799 3618 λέγειν,
2824 3547 2900 3619 πὴ
2934 3548 2993 3601 δὲ
3035 3553 3363 3622 παρασκευῇ
3404 3549 3647 3619 πολεμικῇ
3674 3546 3757 3597 κατ’
3782 3539 3843 3590 αὖε

2375 3642 2471 3696 τοῦ
2500 3642 2798 3713 κεχρῆσθαι
2827 3642 3053 3705 τούτους
3075 3643 3362 3712 ὁμολογεῖν
3381 3662 3396 3676 ·
3417 3643 3571 3697 ὁπλον
3589 3640 3680 3710 γὰρ
3699 3636 3845 3690 πάντως

2379 3734 2672 3806 πολεμικὸν
2698 3733 2836 3788 κατὰ
2859 3733 2952 3786 τοῦ
2986 3734 3383 3806 ἀνθισταμένου
3412 3732 3723 3807 προϐάλλεται

2381 3846 2500 3900 μιος
2529 3828 2693 3893 ἄπας,
2736 3828 2797 3880 οὐ
2836 3826 2957 3881 καθ’
2983 3819 3045 3880 οὗ
3082 3826 3196 3898 ἔχει
3230 3827 3337 3898 τὴν
3381 3826 3649 3897 ἐπιθυμίαν
3664 3816 3844 3874 ἐπάθλου.

2376 3924 2440 3977 Εί
2476 3922 2653 3975 τοίνυν
2687 3921 2760 3993 μὴ
2780 3916 2847 3993 ἦν
2888 3921 3027 3975 κατὰ
3052 3921 3151 3991 τὴν
3186 3922 3371 3975 αὐτῶν
3403 3920 3649 3989 ἄγνοιανό
3669 3907 3848 3969 ἀνθιστά·

2380 4031 2559 4084 μενος,
2583 4014 2699 4077 πῶς
2729 4014 2828 4067 οὐκ
2858 4013 3096 4067 ἐναντίον
3127 4013 3190 4066 τὸ
3228 4014 3515 4084 ἐπιθυμεῖν
3539 4010 3610 4081 τῷ
3632 4003 3846 4075 πολεμεῖνὶ

2376 4103 2500 4167 Πῶς
2527 4104 2583 4156 δὲ
2612 4104 2731 4174 οὐχὶ
2766 4104 2885 4158 λίαν
2919 4105 3139 4158 κάκεῖνο
3186 4106 3510 4177 μαχόμενον,
3536 4104 3635 4171 εἴγε
3662 4100 3701 4151 οἱ
3737 4092 3850 4166 μηδέ·

2375 4210 2505 4247 ποτε
2539 4195 2999 4265 συμφωνήσαντες
3051 4196 3110 4247 ἐν
3140 4198 3253 4258 τοῖς
3298 4196 3444 4250 κατὰ
3482 4194 3627 4266 φύσιν
3668 4186 3847 4255 ἀλλήλοις

2376 4285 2699 4351 συνέπνεον;
2737 4286 2902 4357 Ὀμοῦ
2932 4287 3061 4357 γὰρ,
3092 4289 3246 4358 φησὶ,
3287 4290 3432 4343 κατὰ
3455 4288 3543 4342 τοῦ
3577 4277 3847 4356 φωτδςέὁου·

702 4379 1004 4436 concordes
1033 4379 1271 4443 fuerunt,
1320 4379 1464 4435 inter
1509 4394 1569 4435 se
1609 4378 1677 4433 ad
1712 4379 2022 4435 bellandum
2056 4381 2277 4451 conspi-

2390 4375 2654 4433 λεύσαντο.
2693 4379 2755 4431 Oi
2795 4378 2901 4449 γὰρ
2934 4376 3002 4431 τὰ
3036 4378 3279 4450 ἀλλήλων
3314 4382 3447 4453 μέλη
3476 4378 3761 4450 τρεφόμενοι,
3785 4366 3848 4420 καὶ

701 4472 893 4526 rasse‘!
926 4469 1121 4534 Simul,
1165 4470 1374 4541 inquit,
1400 4479 1593 4525 contra
1628 4471 1812 4525 lumen
1842 4469 2132 4525 consilium
2183 4486 2274 4525 ce-

701 4568 921 4632 perunt.
975 4559 1078 4628 Qui
1118 4561 1264 4616 enim
1306 4560 1566 4616 membris
1607 4559 1724 4615 suis
1755 4559 1896 4615 inter
1942 4576 2002 4615 se
2029 4560 2273 4615 vicissim

699 4653 1084 4723 pascebantur,
1114 4661 1171 4708 et
1194 4666 1408 4722 semper
1436 4651 1584 4706 nulla
1601 4666 1841 4722 unquam
1867 4650 2274 4706 intermissione

2381 4468 2647 4540 μηδέποτε
2667 4470 2768 4540 τῆς
2796 4472 2915 4524 κατ’
2938 4471 3180 4543 ἀλλήλων
3207 4475 3407 4545 μανίας
3431 4472 3742 4540 παυσάμενοι,
3768 4460 3847 4519 πῶς

2376 4562 2436 4613 ἐν
2470 4563 2582 4625 τοῖς
2631 4560 2780 4632 παρὰ
2834 4561 2993 4630 φύσιν
3030 4565 3109 4627 είς
3139 4564 3433 4636 ἐπιθυμίαν
3471 4565 3577 4634 ἅμα
3617 4559 3696 4614 καὶ
3730 4550 3847 4626 ὀργὴν

2377 4651 2521 4706 κατὰ
2550 4651 2643 4706 τοῦ
2677 4652 2981 4723 κρείττονος
3019 4654 3439 4727 συνεφώνησανς

693 4743 846 4799 iacta
878 4751 1069 4799 contra
1107 4759 1167 4799 se
1205 4744 1570 4808 insaniebant,
1624 4744 1899 4814 quomodo
1931 4744 1986 4798 in
2031 4744 2100 4797 iis
2142 4760 2264 4814 qua:
2301 4753 2498 4813 prater
2528 4755 2778 4800 naturam
2818 4755 2969 4811 sunt,
3007 4747 3074 4801 ad
3108 4748 3411 4806 habendam
3469 4745 3769 4818 cupiditatem
3811 4741 3846 4790 et

697 4836 768 4891 ad
798 4835 1217 4891 commotionem
1262 4835 1357 4890 ira:
1397 4844 1588 4891 contra
1637 4834 1807 4892 Deum
1831 4836 2136 4891 concordes
2186 4837 2409 4891 fuerunt

770 4928 831 4984 Si
858 4944 987 4985 vero
1027 4929 1170 5000 iuvit
1195 4937 1475 5000 spectasse
1521 4930 1726 4995 lumen,
1761 4945 1945 4985 nonne
1977 4930 2266 4999 oportebat

696 5022 827 5077 duci
853 5036 950 5077 eos
977 5037 1009 5076 a
1048 5021 1159 5078 Deo
1200 5022 1269 5077 ad
1317 5020 1609 5092 perfectam
1637 5031 1849 5076 natura;
1880 5024 2263 5086 mutationem,

696 5113 940 5169 adhibita
993 5114 1102 5170 illis
1150 5115 1432 5170 curatione
1479 5113 1547 5168 ad
1586 5113 1876 5169 fruendum
1924 5115 2043 5185 ipso
2098 5114 2264 5177 bono,

698 5206 805 5261 hoc
841 5213 957 5268 est,
1006 5205 1116 5261 Deo
1170 5206 1445 5277 perfecte?
1484 5205 1766 5272 Quomodo
1800 5206 1940 5276 juvit
1982 5214 2267 5275 spectaco-

697 5297 810 5352 lum
836 5297 1060 5353 luminis
1087 5298 1187 5353 visi
1216 5297 1487 5367 profectos
1517 5298 1580 5356 ad
1614 5298 1921 5354 bellandum
1946 5314 2070 5352 cum
2110 5313 2269 5353 exer-

694 5389 849 5456 citu;
884 5389 1082 5459 quibus
1112 5388 1212 5443 hoc
1250 5390 1449 5459 ipsum
1474 5389 1654 5444 lumen
1691 5404 1800 5444 non
1846 5390 2094 5459 permisit
2131 5404 2265 5443 con-

698 5489 782 5534 tra
834 5480 1044 5549 seipsos
1076 5479 1314 5537 furorem
1366 5480 1601 5550 amplius
1639 5495 1913 5544 exercere,
1945 5489 2005 5535 ut
2044 5480 2261 5550 quidem

695 5584 953 5625 exercere
994 5572 1316 5640 Oportebat;
1365 5583 1557 5629 contra
1597 5588 1656 5627 se
1682 5589 1812 5629 vero
1861 5574 2035 5643 ipsum
2070 5582 2264 5644 praeter

2445 4932 2507 4985 Εἰ
2538 4931 2595 4985 δὲ
2633 4930 2841 5003 ὤνησεν
2884 4935 3080 4997 αὐτοὺς
3114 4936 3147 5005 ἡ
3202 4934 3300 4988 θέα
3337 4935 3425 4989 τοῦ
3457 4933 3634 5005 φωτὸς.
3662 4928 3754 4989 πῶς
3779 4923 3846 4973 οὒκ

2372 5023 2479 5078 ἔδει
2504 5040 2567 5091 γε
2592 5024 2727 5095 πρὸς
2750 5023 2953 5093 ἀγαθοῦ
2982 5025 3116 5098 πρὸς
3130 5025 3341 5080 τελείαν
3375 5027 3558 5088 αὐτοὺς
3582 5024 3667 5093 τῆς
3692 5016 3844 5087 φύσεως

2376 5115 2673 5186 μεταϐολὴν
2708 5115 3150 5189 ξεναγωγηθῆναι
3169 5120 3235 5189 τῇ
3269 5120 3526 5190 ἐπιτροπῇ
3556 5116 3643 5184 τῆς
3665 5101 3845 5164 ἐντελοῦς

2371 5207 2466 5260 τοῦ
2502 5208 2808 5279 κρείττονος
2852 5208 3235 5277 ἁπολαύσεως;
3287 5211 3410 5275 Πῶς
3437 5211 3490 5264 δὲ
3530 5208 3706 5277 ὤνησεν
3732 5194 3843 5270 θθέ²

2370 5297 2465 5349 τοῦ
2500 5298 2757 5365 φανέντος
2782 5295 2957 5368 φωτὸς
2987 5300 3485 5371 στρατευσαμένους
3505 5340 3518 5362 ,
3552 5292 3622 5359 οἷς
3655 5292 3734 5361 τὴν
3770 5298 3842 5354 μα’

2371 5388 2487 5440 νίαν
2510 5388 2692 5441 οὐκέτι
2720 5392 2839 5442 κατ’
2870 5390 3112 5461 ἀλλήλων
3128 5392 3353 5457 δεόντως
3375 5391 3596 5461 ἐνεργεῖν
3613 5383 3743 5439 τοῦτο
3759 5390 3842 5429 συν·

2369 5479 2648 5552 εχὼρησε,
2695 5482 2817 5535 καθ’
2864 5483 3057 5537 ἐαυτοῦ
3094 5485 3150 5537 δὲ
3195 5485 3343 5557 παρὰ
3397 5485 3456 5538 τὸ
3496 5483 3605 5536 δέον

2382 5572 2539 5625 Ἀλλὰ
2571 5574 2703 5625 πολὺ
2742 5574 2841 5644 μὲν
2876 5577 2933 5627 ἐν
2957 5575 3165 5640 τούτοις
3194 5580 3303 5641 τοῖς
3335 5575 3589 5646 πλάσμασι
3622 5565 3674 5620 τὺ
3708 5565 3837 5631 M96”

698 5672 861 5725 quam
901 5661 1201 5729 oportebat,
1255 5664 1536 5732 permisit?
1589 5661 1789 5718 Verum
1826 5664 1879 5719 in
1926 5664 2012 5720 bis
2042 5665 2259 5734 quidem

2390 5668 2487 5728 33;"
2516 5664 2697 5720 ταῦτα
2732 5666 2786 5719 δὲ
2818 5668 2909 5721 καὶ
2940 5667 3108 5733 ἄλλως
3149 5669 3495 5739 ἁσύγγνωστα
3521 5659 3736 5733 δειχθείη.
3762 5647 3835 5715 ﬁt"
