4072 6338
287 216 436 275 1095

1392 218 1759 275 ἈΙΝΕΗΞΠΘ
1792 217 2217 276 ΜΑΝῙΟΗΕΟΞ
2248 214 2383 275 LIB.
2424 216 2470 276 ἶ.

3400 221 3422 274 Ι
3434 221 3538 276 094

284 331 400 401 γὰρ
446 330 770 401 ὀνομάζουσι
808 332 901 385 τοῦ
928 331 1171 402 ’ἀγαθοῦο
1216 334 1371 386 ποίαν
1411 334 1467 386 δὲ
1502 334 1704 403 ταύτην
1747 335 1852 403 πρὸ

1956 338 2280 391 commentis
2341 335 2570 389 multum
2625 331 2968 390 deliramenti
3026 346 3143 398 est.
3200 347 3328 406 quae
3378 335 3538 390 aliter

283 420 389 492 τῆς
425 421 822 494 δημιουργίας;
880 423 1255 495 Προλαμϐάνει
1285 424 1348 496 δὴ
1389 427 1519 495 παρ’
1564 425 1747 487 αὐτοῖς
1787 424 1856 477 τά

281 512 525 583 ὀνόματα
574 513 680 568 τῶν
733 515 1072 585 πραγμάτων
1122 515 1220 585 τὴν
1286 512 1525 583 γένεσιν·
1568 516 1696 586 πρὶν
1747 514 1854 586 γὰρ

282 603 619 676 ὁμολογῆσαι
673 605 765 659 τὸν
817 606 948 659 Θεὸν
1002 607 1358 676 πεποιηκέναι
1382 648 1398 672 ,
1452 605 1599 675 λέγει
1656 601 1795 659 εἶναι
1827 606 1856 657 ὁ

280 696 648 766 χαλεπώτατα
674 699 864 769 μανεὶς
887 700 947 753 τὸ
974 701 1199 771 μηδέπω
1216 699 1601 770 γεγενημένον.
1626 694 1703 769 Γῆ
1723 698 1852 770 γὰρ,

284 789 336 841 εί
376 791 473 860 μὲν
504 792 743 859 ἐγένετο,
773 787 872 863 ἦν’
902 793 950 844 εί
980 792 1036 845 δὲ
1069 792 1144 863 μὴ
1172 792 1435 863 γενομένη
1467 792 1697 862 ὑπῆρχε,
1726 806 1854 843 συν-

281 883 549 953 αγένητος
574 879 642 954 ἦν
665 883 743 954 τῷ
769 883 905 954 Θεῷ.
936 884 1043 954 Γῆς
1075 884 1131 936 δέ
1153 885 1273 937 τίνα
1294 882 1481 956 χρείαν
1509 882 1622 953 ἔχει
1651 884 1679 935 ὁ
1699 881 1849 944 Θεὸς,

280 978 359 1047 γῇ
386 975 461 1046 μὴ
484 993 652 1047 κεχρη
663 976 853 1047 μένοςς
884 976 1395 1048 Ἀναλογίστωςγῆν
1414 974 1549 1028 Θεοῦ
1574 974 1849 1045 ὀνομάζει,

280 1070 414 1137 πρὶν
441 1068 642 1138 ταύτην
675 1070 849 1123 είπεῖν
892 1070 1206 1139 γεγονέναι·
1236 1064 1353 1123 οὖδέ
1385 1069 1493 1137 γὰρ
1542 1064 1650 1120 οἷόν
1680 1085 1738 1120 τε
1785 1064 1852 1139 ἦν

280 1162 392 1232 πρὸ
420 1162 777 1235 δημιουργίας
810 1160 1147 1233 μαρτυρῆσαι
1178 1161 1351 1235 ταύτῃ
1383 1161 1445 1213 τὸ
1474 1160 1745 1229 γενέσθαι.

1963 428 2125 483 etiam
2156 427 2555 486 convincimus,
2604 438 2723 479 =non
2768 441 2932 494 posse
2961 428 3259 481 condonari
3295 447 3308 480 :
3355 426 3534 481 nomi-

1962 527 2093 574 nant
2120 520 2264 574 enim
2284 525 2500 581 .terram
2531 518 2657 572 boni
2693 518 2713 589 (
2738 517 2792 571 id
2815 527 2917 585 est,
2953 518 3045 574 Dei
3075 519 3131 588 ;)
3161 520 3373 589 qualem
3405 533 3537 574 vero

1961 619 2164 668 terram
2209 619 2333 665 ante
2380 610 2569 664 mundi
2620 610 2995 665 creationem?
3043 610 3200 681 Apud
3234 625 3329 665 eos
3386 610 3538 664 scili-

1960 711 2050 758 cet
2091 710 2273 757 ortum
2314 716 2497 757 rerum
2531 702 2832 771 anticipant
2874 703 3094 755 nomina
3129 721 3142 757 :
3178 702 3335 773 prius
3385 701 3534 756 enim

1958 809 2122 864 quam
2156 794 2428 848 fateantur
2469 808 2686 849 creasse
2715 793 2883 849 Deum
2911 793 3194 859 mundum,
3240 793 3318 847 ait
3346 792 3536 847 absur-

1957 887 2216 943 dissimus
2269 885 2632 950 Manichacus,
2683 901 2805 941 esse
2866 887 3013 956 quod
3043 886 3287 941 nondum
3330 884 3533 940 factum

1957 986 2095 1032 erat.
2144 974 2315 1030 Terra
2359 991 2616 1045 namque,
2662 976 2708 1030 si
2752 976 2973 1047 quidem
3023 977 3221 1041 fuerat,
3254 986 3371 1033 erat
3403 996 3415 1031 :
3447 977 3535 1031 sin

1960 1083 2088 1123 vero
2117 1083 2225 1121 non
2261 1074 2379 1122 erat
2398 1066 2569 1130 facta,
2602 1069 2908 1123 eratsimul
2960 1083 3085 1124 cum
3127 1068 3238 1124 Deo
3269 1069 3530 1139 ingenita.

1956 1158 2096 1224 Quid
2130 1173 2258 1211 vero
2288 1173 2424 1226 opus
2452 1166 2570 1212 erat
2598 1157 2712 1212 Deo
2738 1166 2885 1213 terra
2907 1199 2921 1222 ,
2956 1175 3065 1229 qua
3094 1174 3204 1213 non
3232 1159 3333 1214 fuit
3360 1160 3533 1214 usus?

280 1251 395 1307 Sed
446 1255 536 1307 hic
580 1255 899 1324 insipienter
942 1263 1144 1308 terram
1187 1255 1277 1309 Dei
1327 1264 1504 1319 vocat,
1554 1262 1849 1324 antequam
1886 1253 2034 1308 dicat
2065 1252 2266 1307 factam
2302 1267 2423 1307 esse
2462 1270 2474 1305 :
2512 1266 2613 1307 nec
2675 1252 2821 1307 enim
2874 1262 3001 1309 ante
3055 1256 3388 1310 creationem
3435 1266 3533 1324 po-

277 1352 427 1399 terat
453 1346 827 1401 testimonium
857 1346 961 1401 dici
998 1348 1063 1400 de
1093 1354 1239 1401 terra
1271 1346 1437 1400 facta.

1071 1459 1200 1515 Car».
1243 1458 1385 1513 XIX.
1420 1459 1625 1514 Malum
1658 1457 1973 1529 principium
2004 1451 2176 1506 videre
2203 1450 2378 1504 lumen
2422 1465 2526 1505 non
2567 1453 2754 1519 potuit.

359 1580 588 1633 Ἔπειτα
634 1577 769 1631 Θεοῦ
820 1578 919 1648 μὲν
966 1577 1082 1631 ἐστι
1129 1576 1245 1646 φῶς
1283 1577 1537 1648 αἰσθητὸν
1584 1576 1846 1647 δημιούρ-

2025 1568 2229 1623 Deinde
2283 1582 2314 1621 a
2360 1568 2470 1622 Deo
2519 1566 2734 1637 quidem
2795 1575 3040 1622 creatum
3102 1580 3185 1626 est
3241 1572 3422 1630 lumen
3471 1577 3527 1632 in

255 1682 456 1743 ’γημα,
502 1672 661 1735 αὐτὸς
697 1670 755 1723 δὲ
793 1669 909 1738 φῶς
943 1669 1009 1724 ἂν
1042 1672 1128 1739 εἴη
1168 1669 1376 1740 νοητὸν,
1408 1668 1508 1721 οὐκ
1551 1666 1846 1735 αἱσθητὸν;

1950 1668 2231 1730 aspectum
2273 1658 2512 1724 cadens;
2565 1658 2682 1727 ipse
2703 1666 2882 1712 autem
2919 1657 3060 1716 Deus
3103 1666 3283 1718 lumen
3315 1674 3399 1720 est
3438 1668 3525 1723 in-

273 1761 435 1817 Εἶδεν
462 1759 608 1835 οὖνὴ
632 1763 820 1824 κακία,
854 1763 1009 1834 φησὶ,
1039 1762 1098 1815 τὸ
1128 1760 1246 1831 φῶς
1269 1760 1364 1814 τοῦ
1397 1758 1624 1829 ἀγαθοῦ.
1656 1759 1717 1811 Et
1747 1758 1844 1829 μὲν

252 1857 339 1910 ’τὸ
371 1856 624 1926 αἰσθητὸν
678 1856 812 1925 φῶς,
846 1853 1000 1907 οὔπω
1053 1853 1277 1924 κόσμος,
1322 1850 1447 1905 οὔτε
1490 1851 1705 1920 γένεσις
1761 1850 1846 1903 κό-

273 1965 417 2019 σμου
443 1964 458 1978 ο
515 1946 631 2011 πῶς
659 1942 766 2001 εἶδε
807 1945 866 1998 τὸ
895 1944 1118 2016 μηδέπω
1165 1944 1564 2015 γεγενημένον;
1607 1940 1700 1995 τοῦ
1738 1942 1845 2013 γὰρ

256 2039 614 2111 εκεχρημένου
651 2040 814 2110 μήπω
846 2038 1201 2107 τυγχάνοντος
1238 2034 1548 2107 ἀνθρώπου,
1579 2034 1684 2087 τίνι
1715 2035 1847 2105 χρή-

272 2148 435 2202 σιμον
474 2126 542 2201 ἦν
581 2129 642 2182 τὸ
680 2128 829 2198 φῶς;
879 2128 1112 2199 συγγενῆ
1154 2127 1261 2199 γὰρ
1309 2126 1387 2197 τῷ
1429 2128 1752 2198 κεχρημένῳ
1777 2126 1846 2180 τά

267 2224 520 2293 χρήσιμα
541 2238 553 2251 ·
581 2221 643 2274 οὐ
671 2220 778 2292 γὰρ
806 2219 870 2292 δὴ
897 2218 1020 2289 Θεῷ
1049 2220 1315 2291 χρήσιμον
1346 2214 1413 2289 ἦν
1438 2217 1847 2289 ἀπηλλαγμένῳ

266 2316 455 2385 πάσης
479 2313 744 2385 αἰσθητῆς
776 2312 1083 2383 μετουσίας.
1128 2312 1192 2364 Ei
1241 2312 1299 2364 δέ
1346 2312 1509 2363 αὑτὸν
1564 2311 1653 2363 τὸν
1687 2310 1843 2375 Θεὸν,

264 2408 443 2477 ὅσπερ
475 2408 592 2459 ἐστὶ
623 2404 809 2476 νοερὸν
842 2404 977 2473 φῶς,
1022 2404 1239 2466 πάντως
1284 2402 1589 2474 ὁμοιώματι
1633 2402 1847 2472 φύσεως

265 2494 377 2551 εἶδε
409 2499 469 2551 τὸ
501 2499 706 2569 ὅμοιον.
750 2498 988 2567 Ἀνάγκη
1012 2496 1187 2550 τοίνυν
1230 2494 1483 2566 αἰσθητὸν
1532 2494 1646 2563 φῶς
1678 2496 1846 2568 αὐτὴν

264 2591 606 2663 ἑωρακέναι·
650 2590 905 2662 αίσθητδν
935 2590 991 2643 δὲ
1023 2590 1128 2659 πρὸ
1172 2587 1280 2641 τῶν
1310 2586 1603 2659 αἰσθητῶν,
1639 2588 1732 2641 τοῦ
1776 2588 1848 2641 τί-

258 2701 358 2747 νος
396 2683 555 2755 χάριν
601 2683 834 2756 ὑπῆρχε.
878 2681 1002 2745 Πῶς
1034 2681 1091 2734 δὲ
1136 2681 1283 2751 ὅμως
1322 2679 1509 2742 σκότος
1553 2680 1655 2751 ὁρᾷ
1694 2679 1843 2749 φῶς;

262 2777 333 2830 Εἰ
370 2777 477 2848 γὰρ
520 2775 780 2829 ἐθεάσατο
820 2774 955 2844 φῶς,
1000 2772 1100 2825 οὐκ
1139 2771 1205 2825 ἂν
1249 2771 1336 2841 εἴη
1381 2771 1599 2834 σκότος·
1646 2771 1847 2843 πολλὴν

260 2870 376 2940 γὰρ
402 2870 512 2939 ἔχει
543 2868 640 2939 τὴν
668 2867 951 2923 κοινωνίαν
973 2868 1005 2937 ἡ
1039 2864 1289 2935 αἴσθησις
1320 2864 1456 2935 πρὸς
1481 2864 1542 2917 τὸ
1567 2864 1843 2935 αἰσθητόν.

259 2960 471 3031 Φυσικὴ
500 2958 607 3031 γὰρ
641 2961 673 3029 ἡ
704 2957 926 3029 ἐπιϐολὴ
950 2957 1017 3009 δι’
1036 2956 1331 3026 ὁμοιότητα
1370 2956 1469 3026 τῆς
1496 2956 1671 3025 ὅψεως
1709 2956 1846 3028 πρὸς

1946 1751 2226 1823 telligibile
2260 1766 2369 1805 non
2399 1749 2679 1805 sensibile.
2710 1747 2858 1804 Vidit
2882 1749 3065 1822 igitur,
3095 1753 3291 1825 inquit,
3339 1762 3529 1830 nequi-

1944 1843 2021 1897 tia
2053 1843 2237 1895 lumen
2269 1840 2472 1895 summi
2503 1840 2651 1896 boni.
2692 1838 2748 1896 Si
2772 1843 2979 1907 lumen,
3032 1846 3177 1915 quod
3205 1847 3260 1900 in
3300 1863 3525 1906 sensum

1945 1932 2110 1995 cadit,
2138 1932 2382 1986 nondum
2406 1941 2523 1987 erat
2552 1934 2809 1998 mundus,
2842 1952 2944 1991 nec
2971 1946 3125 1995 ortus
3148 1942 3358 2005 mundi,
3384 1958 3524 2014 quo-

1946 2025 2109 2080 modo
2142 2025 2309 2095 igitur
2338 2023 2472 2079 vidit
2509 2027 2655 2095 quod
2692 2028 2937 2082 nondum
2981 2029 3184 2085 factum
3222 2036 3381 2087 erat?
3431 2037 3522 2091 cui

1944 2116 2093 2171 enim
2134 2116 2333 2171 fuisset
2377 2117 2521 2183 usui,
2563 2118 2804 2173 nondum
2860 2119 3075 2177 homine
3121 2126 3216 2194 qui
3250 2135 3523 2192 uteretur,

1946 2208 2167 2262 creato?
2201 2209 2355 2262 utilia
2387 2210 2529 2265 enim
2562 2212 2737 2265 utenti
2768 2224 2996 2283 cognata
3036 2224 3203 2272 sunt:
3233 2234 3339 2273 non
3375 2222 3523 2276 enim

1947 2300 2060 2355 Deo
2100 2302 2193 2372 qui
2223 2302 2290 2355 ab
2331 2303 2479 2356 omni
2512 2304 2935 2374 participatione
2976 2309 3163 2363 sensili
3219 2311 3357 2365 liber
3396 2322 3480 2367 est
3504 2354 3520 2374 ,

1948 2394 2079 2449 utile
2095 2402 2232 2449 erat.
2263 2393 2319 2449 Si
2352 2404 2530 2450 autem
2584 2396 2763 2465 ipsum
2801 2394 2990 2461 Deum,
3030 2401 3177 2469 quod
3211 2410 3298 2456 est
3339 2402 3523 2459 lumen

1949 2487 2311 2557 intelligibile,
2344 2488 2568 2542 omnino
2608 2487 2743 2542 vidit
2789 2488 3151 2548 similitudine
3197 2502 3407 2549 natura:
3447 2499 3527 2550 si-

1947 2579 2101 2644 mile;
2135 2596 2362 2637 necesse
2400 2580 2566 2651 igitur
2605 2591 2725 2636 erat
2770 2588 2829 2635 ut
2865 2582 2983 2652 ipsa
3025 2584 3208 2640 lumen
3258 2586 3525 2642 sensibile

1947 2670 2211 2737 vidisset;
2270 2672 2532 2726 sensibile
2574 2681 2757 2729 autem
2807 2690 3071 2744 quorsum
3124 2675 3339 2741 fuisset,
3377 2685 3431 2733 et
3466 2679 3522 2732 in

1947 2778 2109 2834 quem
2150 2778 2310 2818 usum
2344 2772 2471 2818 ante
2525 2766 2805 2821 sensibilia
2859 2768 3082 2822 creata?
3129 2768 3346 2841 Alioqui
3385 2789 3524 2843 quo:

1946 2855 2109 2909 modo
2131 2855 2368 2910 tenebrze
2387 2855 2572 2909 vident
2596 2856 2820 2911 lumen?
2872 2857 2928 2911 Si
2976 2859 3121 2914 enim
3154 2861 3406 2917 viderunt
3439 2866 3523 2918 lu-

1949 2960 2094 3011 men,
2126 2946 2377 3001 diabolus
2403 2963 2509 3001 non
2536 2957 2653 3002 erat
2675 2949 2951 3017 tenebrae;
2984 2966 3233 3021 magnam
3266 2955 3407 3008 enim
3438 2972 3525 3011 so-

258 3052 326 3103 τὸ
360 3052 679 3121 φαινόμενον
700 3067 712 3079 ·
749 3049 943 3103 αὐτίκα
968 3048 1342 3119 άναμάσσεται
1378 3048 1493 3117 ἅμα
1520 3047 1709 3099 τούτου
1749 3048 1839 3100 τὸν

1942 3037 2194 3091 cietatem
2217 3046 2272 3092 et
2292 3038 2739 3108 conjunctionem
2770 3042 2934 3097 habet
2975 3058 3171 3099 sensus
3213 3061 3337 3099 cum
3389 3063 3519 3103 sen-

246 3143 586 3214 -χαρακτῆρα
611 3142 698 3196 διὰ
738 3141 834 3213 τὴν
862 3141 1082 3212 ἔννομον
1122 3140 1221 3212 τῆς
1261 3139 1475 3210 φύσεως
1513 3139 1797 3193 κοινωνίαν
1820 3156 1833 3169 ·

261 3236 425 3306 σῶμα
454 3235 551 3306 μὲν
589 3235 698 3305 γὰρ
741 3235 902 3305 σῶμα
933 3236 1032 3306 ὁρᾷ
1052 3254 1065 3263 ·
1098 3234 1279 3304 ὅμοιον
1318 3232 1374 3285 δὲ
1400 3231 1478 3301 τῷ
1506 3230 1677 3302 ὁμοίῳ
1720 3232 1839 3283 ἐπι-

261 3325 475 3389 ϐάλλει,
512 3327 606 3380 καὶ
633 3327 733 3379 οὐκ
770 3325 945 3379 ἔνεστι
987 3325 1050 3377 τὸ
1093 3328 1340 3397 κρεῖττον
1380 3324 1474 3377 καὶ
1501 3322 1836 3393 ἀναϐεϐηκὸς

257 3421 328 3489 τῇ
366 3417 547 3487 φύσει,
582 3417 821 3484 καίτοιγε
862 3417 961 3470 οὐκ
993 3417 1250 3479 ἐναντίως
1284 3415 1406 3486 ἔχον
1444 3413 1731 3485 (8⁸),.πλὴν
1754 3414 1835 3465 ὅτι

257 3526 325 3577 γε
377 3508 664 3580 ἀσώματον
711 3509 789 3580 τῷ
837 3508 1225 3579 ὑποϐεϐηκότι,
1281 3509 1375 3561 ἅτε
1428 3507 1491 3578 δὴ
1543 3505 1837 3576 σωματικῷ

259 3600 484 3663 πάντως
515 3601 611 3672 οὐχ
631 3601 822 3673 ὁρατόν
842 3618 854 3631 ·
888 3601 994 3672 ἄρα
1018 3618 1082 3668 γε
1108 3600 1170 3654 τὸ
1196 3601 1437 3653 ἐναντίον
1468 3599 1547 3669 τῷ
1588 3598 1832 3668 ἐναντίῳ,

256 3692 378 3760 εἴγε
404 3694 572 3756 ἐστὶν,
598 3693 862 3763 ἀόρατον·
905 3692 1099 3746 οὐκοῦν
1137 3694 1371 3762 συγγενὶ
1412 3692 1507 3746 καὶ
1552 3691 1698 3761 φίλα,
1741 3691 1834 3744 καὶ

255 3782 509 3852 οὐδαμῶς
539 3784 775 3837 ἐναντία.

1945 3129 2109 3184 sibili.
2134 3128 2411 3186 Naturalis
2453 3132 2599 3186 enim
2643 3134 2926 3204 conjectus
2964 3136 3250 3191 oculorum
3297 3149 3521 3209 propter

1944 3222 2362 3277 similitudinem
2393 3230 2649 3293 aspectus
2678 3240 2801 3280 cum
2829 3242 2889 3281 re
2920 3242 3040 3297 qum
3070 3227 3304 3292 videtur,
3334 3232 3516 3285 statim

1942 3314 2200 3384 exprimit
2233 3314 2462 3386 ﬁguram
2515 3317 2637 3386 ejus
2677 3326 2900 3389 prapter
2955 3320 3253 3390 legitimam
3310 3331 3519 3378 natura:

1942 3412 2420 3475 communionem;
2473 3426 2676 3480 corpus
2706 3413 2850 3466 enim
2884 3427 3085 3483 corpus
3115 3414 3279 3469 videt.
3329 3413 3517 3471 Simile

1942 3503 1999 3555 in
2036 3503 2213 3557 simile
2243 3502 2478 3557 intendit
2505 3504 2709 3570 aciem;
2742 3520 2919 3575 neque
2952 3516 3184 3575 possunt
3227 3508 3374 3562 oculi
3415 3524 3514 3561 na-

1942 3602 2076 3647 turae
2115 3591 2394 3647 inferioris
2424 3593 2569 3661 quod
2599 3600 2795 3646 natura
2837 3596 3186 3664 praestantius
3243 3604 3297 3652 et
3329 3598 3514 3653 excel-

1940 3686 2140 3743 lentius
2174 3694 2260 3741 est
2287 3685 2489 3752 videre,
2546 3686 2745 3741 nedum
2783 3688 2927 3759 quod
2965 3698 3173 3745 natura:
3223 3692 3514 3745 contrarim

1936 3788 2039 3836 est.
2056 3779 2114 3832 Si
2142 3788 2345 3841 autem,
2366 3778 2511 3848 quod
2526 3786 2609 3834 est
2630 3789 2839 3835 natura:
2869 3780 3293 3849 excellentioris,
3311 3784 3513 3854 quippe

256 3891 386 3931 eum
416 3893 524 3931 non
560 3878 632 3933 sit
652 3878 1007 3943 contrarium,
1045 3884 1401 3948 praterquam
1464 3878 1869 3947 incorporeum,
1911 3875 1979 3929 ab
2011 3873 2273 3928 inferiore
2304 3880 2495 3943 utpote
2526 3888 2793 3943 corporeo
2824 3873 3047 3928 omnino
3085 3889 3193 3928 non
3220 3884 3398 3945 potest
3428 3876 3511 3929 vi-

245 3969 411 4034 deri;
447 3984 578 4024 sane
622 3970 957 4025 contrarium
1007 3985 1039 4024 a
1085 3970 1387 4034 contrario,
1420 3969 1467 4025 si
1521 3969 1684 4024 modo
1731 3978 1836 4033 est,
1878 3967 2053 4022 videri
2122 3981 2229 4020 non
2288 3973 2487 4037 potest.
2539 3965 2678 4019 Sunt
2726 3965 2889 4036 igitur
2963 3965 3068 4020 ista
3122 3981 3242 4035 quae
3301 3967 3511 4021 scilicet

250 4072 320 4113 se
370 4057 578 4123 vident,
627 4068 859 4129 cognata
918 4068 971 4113 et
1011 4059 1185 4113 amica
1225 4068 1277 4112 et
1324 4072 1671 4129 nequaquam
1715 4059 2014 4114 contraria.

642 4171 771 4227 CAP.
810 4172 928 4228 XX.
969 4171 1203 4228 Materia
1231 4189 1294 4227 ex
1324 4172 1534 4229 Manete
1565 4174 1841 4229 ascendere
1877 4180 2120 4227 conatur.
2148 4169 2391 4227 Materies
2418 4189 2567 4226 amor
2586 4188 2712 4243 erga
2744 4173 2972 4229 sobolem
3000 4175 3119 4229 Dei.

340 4289 502 4343 Ἀλλά
544 4289 747 4360 πλῆρες
794 4289 1014 4362 ὀλέθρου
1063 4291 1341 4362 βαρϐάρου
1379 4292 1440 4345 τὸ
1474 4293 1697 4363 πλάσμα
1726 4292 1820 4363 (9)’
1856 4293 1860 4347 ξ

2001 4289 2107 4344 Sed
2143 4290 2362 4360 plenum
2400 4298 2486 4346 est
2521 4300 2893 4345 commentum
2931 4293 3168 4348 barbara
3213 4295 3456 4363 pernicie
3487 4314 3499 4349 :

254 4382 393 4454 φησὶ
424 4383 550 4451 γάρ·
587 4382 662 4433 Οὐ
700 4381 857 4452 μόνον
886 4378 1023 4434 είδεν
1054 4384 1086 4453 ἡ
1120 4382 1241 4453 ὕλη,
1276 4383 1411 4437 ἀλλὰ
1444 4384 1538 4436 καὶ
1570 4384 1826 4453 ἐπιϐῆναι

253 4471 587 4532 ἐϐουλεύετο.
629 4471 816 4544 ὥσπερ
861 4474 980 4528 τινὰ
1021 4475 1252 4547 σπουδὴν
1299 4476 1579 4546 τιθέμενος
1624 4476 1827 4547 ταύτην

251 4566 334 4627 είς
362 4563 633 4627 ἀπόδειξιν
666 4563 766 4633 τῆς
808 4565 943 4635 πρὸς
974 4565 1034 4618 τὸ
1062 4568 1176 4635 φῶς
1210 4568 1522 4631 κοινωνίας·
1558 4568 1698 4638 τάχα
1734 4569 1827 4620 καὶ

255 4655 602 4725 μετέγνωσαν
630 4656 677 4707 οί
712 4653 770 4718 ἐξ
803 4656 993 4726 αὐτῆς,
1030 4657 1109 4711 ὅτι
1134 4659 1192 4711 ὲν
1218 4657 1472 4721 ἀπλέτοις
1509 4658 1669 4711 αίῶσι
1716 4662 1827 4722 τοῖς

252 4745 617 4814 προλαϐοῦσιν
656 4747 937 4818 ἀπείρατοι
981 4749 1316 4817 ἐγεγόνεισαν
1357 4749 1450 4802 τοῦ
1488 4750 1682 4817 φωτός.
1716 4751 1827 4803 Καὶ

252 4840 378 4892 τίνα
408 4838 604 4910 τρόπον
634 4840 823 4902 σκότος
858 4844 1225 4911 μεταποιεῖται
1267 4842 1472 4911 (pictae;
1501 4842 1532 4913 ἢ
1560 4842 1702 4906 τίνος
1730 4842 1826 4913 χά-

255 4949 344 5002 ριν
375 4929 622 4983 ἐπελθεῖν
662 4930 834 5001 τούτῳ
882 4949 945 5000 γε
990 4932 1268 5003 βούλεταις
1314 4931 1457 5004 *Αρά
1509 4951 1572 5002 γε
1612 4934 1700 4989 ἴνα
1726 4934 1825 5005 τὴν

249 5024 415 5092 φύσιν
446 5022 832 5093 μεταϐάληται,
871 5026 965 5077 καὶ
992 5025 1213 5095 γένηται
1255 5025 1406 5092 φῶς;
1447 5025 1478 5096 ἢ
1512 5026 1598 5077 ἴνα
1640 5025 1825 5097 γράφῃ

251 5113 353 5183 (9‘)
386 5114 524 5182 φωτὶ
557 5114 799 5167 ἐναντίαν
841 5118 939 5185 τῆς
971 5115 1182 5182 φύσεως
1209 5116 1444 5186 τροφήν;
1488 5115 1625 5169 Ἀλλ’
1661 5117 1824 5185 ἁγνο-

246 5205 410 5269 οὖσα,
439 5206 689 5277 ἐπιϐῆναι
717 5205 893 5277 ἠθελεο
914 5206 1108 5267 καίτοι,
1145 5207 1192 5257 εί
1218 5207 1314 5275 μὲν
1344 5206 1503 5274 ἔγνω,
1533 5206 1686 5276 λόγον
1710 5202 1823 5277 εἶχε

248 5297 314 5350 τὸ
349 5298 777 5371 μεταποιηθῖψαι
798 5315 811 5330 ·
842 5295 1004 5353 οὖσαν
1038 5298 1094 5352 δὲ
1126 5298 1285 5367 φύσει
1319 5299 1516 5353 κακίαν
1551 5302 1643 5353 καὶ
1671 5302 1824 5368 ἀγνο-

326 5431 426 5501 (8⁸)
464 5433 667 5501 Ἐχον.
721 5430 849 5486 Post
891 5432 1030 5488 hanc
1080 5448 1267 5489 vocem
1314 5434 1505 5490 deesse
1556 5434 1610 5487 in
1662 5440 1823 5487 .textu

253 5503 521 5557 nonnulla
557 5503 832 5557 videntur.

330 5573 405 5638 (9)
447 5572 632 5635 Ἀλλὰ
653 5576 757 5625 ml.
792 5590 842 5625 κ.
863 5591 910 5625 τ.
932 5570 1154 5626 λ.11υηο
1182 5573 1357 5625 locum
1389 5574 1459 5627 ita
1493 5570 1666 5627 reddit
1691 5575 1821 5627 Bas-

256 5646 484 5715 nagius:
514 5642 738 5695 Barbari
769 5645 1068 5712 figmentum
1088 5644 1316 5713 pernicie
1350 5645 1556 5712 plenum
1573 5652 1668 5699 est.
1692 5643 1814 5697 Bar-

1930 4380 2005 4432 ait
2037 4381 2204 4443 enim,
2255 4394 2364 4433 non
2412 4381 2588 4435 solum
2631 4379 2768 4435 vidit
2831 4383 3078 4445 materia,
3125 4383 3221 4437 sed
3267 4384 3505 4439 decrevit

1928 4472 2219 4527 ascendere
2253 4480 2513 4542 tanquam
2544 4472 2789 4526 studium
2830 4474 3104 4542 quoddam
3145 4473 3414 4529 adhibens
3437 4475 3503 4528 ad

1926 4563 2415 4620 demonstrandum
2446 4564 2649 4619 habere
2685 4581 2744 4619 se
2762 4567 3199 4622 communionem
3234 4574 3287 4621 et
3330 4569 3505 4623 socie-

1926 4664 2092 4711 tatem
2124 4673 2247 4710 cum
2281 4658 2521 4711 lumine:
2558 4657 2792 4713 fortasse
2840 4674 2935 4713 eos
2978 4660 3071 4729 qui
3120 4674 3183 4714 ex
3229 4658 3347 4730 ipsa
3389 4661 3501 4714 nati

1927 4755 2074 4809 sunt,
2121 4746 2396 4817 pmnituit,
2421 4748 2566 4816 quod
2611 4748 2840 4804 infinitis
2878 4751 3091 4806 sacculis
3124 4751 3501 4819 superioribus

1925 4855 2034 4893 non
2082 4838 2317 4893 fuissent
2360 4839 2569 4909 experti
2608 4840 2789 4894 lumen
2824 4858 2837 4895 :
2868 4850 2922 4895 et
2958 4841 3231 4911 quomodo
3267 4843 3502 4897 tcnebra:

1926 4931 2241 4986 adsciscunt
2278 4939 2331 4986 et
2362 4932 2641 4986 vindicant
2690 4934 2794 4989 sibi
2826 4935 3051 4988 lumen?
3084 4943 3176 4987 aut
3211 4950 3496 5004 quorsum,

1924 5031 1979 5079 et
2008 5024 2062 5077 in
2097 5039 2256 5093 quem
2286 5039 2443 5079 usum
2477 5026 2667 5079 volunt
2710 5026 2946 5083 tenebrat
2988 5026 3249 5082 invadere
3279 5027 3499 5081 lumen?

1927 5130 1994 5169 an
2021 5123 2079 5169 ut
2125 5124 2375 5171 naturam
2411 5127 2622 5173 mutent
2650 5127 2703 5175 et
2743 5120 3048 5175 efﬁciantur
3079 5120 3305 5174 lumen?
3333 5134 3401 5173 an
3438 5128 3497 5171 ut

1925 5207 2243 5261 nutriantur
2272 5208 2500 5273 lumine,
2532 5209 2793 5265 alimento
2838 5218 3050 5263 natura:
3084 5209 3366 5264 contrario
3387 5211 3498 5265 ?At

1926 5298 2184 5368 ignorans
2223 5300 2399 5353 voluit
2438 5301 2753 5355 ascendere.
2791 5299 3002 5355 Etenim
3041 5301 3086 5355 si
3124 5301 3493 5375 cognovisset,

1924 5432 2088 5553 lﬁarus
2132 5433 2277 5487 enim
2313 5432 2423 5497 ille,
2461 5433 2655 5503 inquit,
2693 5434 2785 5504 qui
2812 5434 2937 5487 talia
2988 5434 3159 5500 finxit,
3190 5444 3275 5491 est
3306 5433 3493 5492 Manes

1967 5517 2111 5553 ersa.

1967 5517 2203 5645 ’Ἡ
2219 5573 2318 5625 ἵνα
2340 5590 2425 5642 τεο.
2449 5572 2524 5645 An
2556 5581 2612 5626 ut
2637 5575 2907 5645 imprimat
2943 5577 3254 5632 alimentum
3282 5584 3427 5633 natu!
3446 5591 3490 5629 (Β

1922 5643 2059 5698 lucis
2091 5645 2470 5697 contrarium?
2502 5644 2657 5699 Busa.
