4072 6338
613 295 634 349 1
647 289 754 349 οοε

1773 291 1911 348 ΤΠῚ
1951 289 2379 348 BOSTRENSIS
2419 287 2728 344 EPISCOPI

3736 284 3760 338 ἰ
3771 281 3876 338 096

608 403 752 460 ratio
777 409 1054 458 constaret
1081 417 1183 458 cur
1232 406 1435 459 mutari
1465 404 1731 461 voluisset
1777 427 1788 461 :
1829 423 1974 462 nunc
2012 419 2191 463 autem

2295 406 2480 469 οῦσαν,
2505 386 2784 476 ἀνατροπῆ
2815 402 3083 474 παντελὴς
3107 399 3206 472 τῆς
3230 399 3542 463 ὑποθέσεως
3574 399 3635 452 τὸ
3671 399 3748 468 μὴ
3779 397 3876 452 καὶ

607 509 735 577 cum
768 504 962 549 natura
997 494 1334 563 sit-nequitia
1365 497 1716 566 etignorans,
1744 498 1953 569 integra
1982 499 2194 554 eversio

601 586 774 642 totius
793 587 872 641 rei
901 594 955 640 et
987 601 1170 642 causae
1191 595 1274 642 est
1294 603 1401 642 non
1426 588 1620 658 fugere
1637 603 1666 640 a
1695 590 1998 643 contrario.

676 675 832 744 Quod
877 684 1060 731 autem
1106 677 1281 748 magis
1325 692 1354 730 a
1399 678 1613 732 ratione
1656 692 1910 733 aversum
1964 686 2071 736 est.
2114 681 2191 733 ait

609 769 838 825 missam
873 769 1046 826 fuisse
1069 785 1099 824 a
1126 770 1274 824 bono
1309 779 1654 840 potestatem,
1701 787 1811 824 non
1849 770 1962 840 jam
2008 772 2188 825 lumen

597 862 888 926 sensibile,
925 862 1020 917 sed
1050 863 1199 918 velut
1214 861 1442 920 diceret.
1477 862 1721 917 sobolem
1749 861 1863 916 Dei.
1889 860 2039 915 lianc
2063 876 2188 915 cum

608 952 836 1010 vidisset
866 953 1116 1016 materia,
1142 953 1458 1022 concupivit
1479 953 1696 1022 quidem
1715 961 1975 1023 tanquam
1999 968 2190 1007 amans

597 1064 766 1115 'eam;
803 1050 1066 1120 impetum
1101 1065 1231 1105 vero
1270 1049 1324 1103 in
1348 1065 1468 1103 eam
1513 1049 1642 1104 fecit
1683 1057 1735 1105 et
1775 1050 2083 1112 absorbuit,
2136 1056 2190 1104 et

599 1143 727 1197 suis
756 1143 1125 1212 potestatibus
1151 1140 1470 1205 distribuit;
1507 1156 1614 1211 qua
1635 1141 1721 1194 via
1757 1141 1874 1196 ﬁeri
1906 1157 2014 1196 non
2047 1149 2193 1212 pote-

601 1239 716 1295 rat,
747 1239 806 1286 ut
828 1231 1035 1287 videret
1068 1232 1295 1288 missum
1315 1248 1383 1285 ex
1413 1237 1609 1285 natura
1628 1231 1792 1297 boni;
1826 1231 1948 1295 hcc,
1990 1232 2188 1300 inquit,

607 1320 863 1377 eﬂ‘ectum
924 1328 1030 1387 est,
1079 1328 1140 1375 ut
1187 1319 1484 1375 absorbere
1533 1327 1719 1390 posset
1762 1321 2014 1375 missum.
2061 1319 2193 1375 Utar

609 1414 758 1469 enim
805 1413 983 1467 adhuc
1013 1413 1249 1484 amplius
1278 1411 1468 1467 eodem
1496 1413 1685 1476 verbo,
1733 1413 1992 1482 quoniam
2026 1413 2071 1466 si
2109 1413 2190 1465 vel

609 1506 788 1562 solum
843 1505 994 1568 vidit,
1049 1505 1286 1576 quodex
1329 1506 1635 1560 substantia
1679 1504 1772 1560 Dei
1824 1515 2185 1577 propagatum

603 1603 750 1661 erat,
784 1611 894 1652 non
923 1606 1006 1652 est
1034 1612 1171 1668 opus
1195 1597 1302 1650 alio
1324 1597 1580 1666 qquiam
1621 1598 1787 1651 verbo
1830 1597 1894 1651 ad
1941 1607 2184 1653 everten-

609 1685 739 1740 dum
761 1683 1314 1741 commentum.Vidit
1348 1687 1493 1741 enim
1532 1687 1761 1740 omnino
1812 1695 2070 1757 tanquam
2115 1687 2190 1742 si-

2295 501 2488 568 φυγεῖν
2507 497 2568 550 τὸ
2591 496 2848 550 ἐναντίον.

2363 679 2436 732 Τὸ
2457 679 2513 731 δὲ
2541 677 2605 750 δὴ
2629 675 2811 748 μεῖζον
2832 677 2911 740 είς
2940 675 3183 744 ἀλογίαν,
3217 671 3614 728 ἀποσταλεῖσαν
3646 671 3879 741 δύναμιν

2291 773 2385 826 τοῦ
2413 772 2638 841 ἀγαθοῦ,
2670 771 2854 824 οὐκέτι
2897 771 3010 839 φῶς
3040 769 3294 841 αἰσθητόν
3314 786 3327 798 ο
3363 767 3478 820 ἀλλ’
3516 768 3594 830 ὡς
3620 767 3688 820 ἂν
3716 767 3877 833 φαίη,

2292 862 2560 935 προϐολὴν
2605 861 2699 914 τοῦ
2733 860 2868 914 Θεοῦ
2921 859 3252 930 θεασαμένη,
3307 859 3616 929 προσκισσᾷ
3671 858 3771 926 μὲν
3804 857 3882 918 ὡς

2290 953 2492 1026 ἐρῶσα,
2517 953 2666 1024 ὁρμᾷ
2694 951 2749 1004 δὲ
2790 951 2882 1004 καὶ
2925 950 3231 1011 καταπίνει,
3262 949 3354 1002 καὶ
3380 951 3496 1009 ταῖς
3528 947 3690 1008 ἰδίαις
3717 945 3882 998 δυνά-

2295 1063 2421 1115 μεσι
2443 1043 2684 1113 διανέμει
2709 1060 2720 1072 ·
2817 1042 2872 1094 δὲ
2902 1043 2994 1094 καὶ
3021 1040 3318 1096 θεάσασθαι
3348 1040 3409 1092 τὸ
3441 1041 3506 1092 ὲκ
3530 1040 3628 1109 τῆς
3658 1037 3880 1106 φύσεως

2290 1137 2384 1191 τοῦ
2433 1136 2636 1205 ἀγαθοῦ
2681 1134 2928 1206 πεμφθὲν
2980 1133 3238 1187 ἀδύνατον
3285 1129 3376 1203 ἦν,
3419 1131 3593 1204 ταύτῃ
3651 1130 3880 1182 δυνατόν

2293 1247 2424 1300 φησι
2470 1227 2772 1297 γεγονέναι,
2828 1225 2921 1279 καὶ
2973 1227 3258 1277 καταπιεῖν
3315 1223 3490 1277 τοῦτο.
3535 1222 3663 1274 Ἐπὶ
3715 1221 3880 1273 πλέον

2293 1324 2400 1394 γὰρ
2429 1322 2507 1393 τῷ
2545 1321 2693 1391 αὑτῷ
2725 1323 2997 1392 χρήσομαι
3025 1319 3187 1390 λόγῳ,
3219 1318 3313 1382 ὡς,
3347 1318 3395 1369 εί
3430 1317 3524 1369 καὶ
3558 1316 3721 1386 μόνον
3771 1310 3879 1366 εἶδε

2291 1415 2353 1468 τὸ
2377 1417 2440 1468 ἐκ
2460 1415 2559 1484 τῆς
2581 1414 2767 1474 οὐσίας
2797 1411 2887 1464 τοῦ
2917 1410 3052 1464 Θεοῦ
3079 1409 3535 1484 προϐεϐλημένον,
3571 1406 3764 1478 ἐτέρου
3795 1423 3879 1458 τι·

2294 1506 2382 1569 νὸς
2399 1507 2496 1558 οὐκ
2512 1506 2576 1558 ἂν
2592 1502 2820 1575 δεόμεθα
2837 1504 2948 1575 (10)
2966 1503 3123 1572 λόγου
3141 1501 3275 1572 πρὸς
3296 1501 3602 1570 ἀνατροπὴν
3620 1498 3718 1551 τοῦ
3738 1498 3880 1550 πλα-

2296 1612 2531 1667 σματος·
2571 1591 2677 1648 εἶδε
2715 1595 2822 1667 γὰρ
2867 1595 3103 1658 πάντως,
3157 1594 3234 1657 ὼς
3270 1592 3430 1662 ὁμοία
3459 1593 3518 1644 τὸ
3547 1593 3755 1661 ὅμοιον.
3807 1589 3877 1643 Τδ

2294 1689 2402 1761 γὰρ
2435 1688 2608 1758 πάντη
2637 1687 2778 1740 κατὰ
2819 1686 2980 1754 φύσιν
3008 1686 3248 1738 ἐναντίον
3289 1685 3382 1737 καὶ
3416 1684 3552 1755 πρὸς
3583 1684 3764 1754 ἄκραν
3789 1684 3879 1735 iv-

607 1777 757 1834 milis
781 1778 976 1833 simile.
1014 1779 1169 1843 Quod
1192 1777 1338 1832 enim
1367 1785 1452 1832 est
1494 1777 1712 1847 penitus
1755 1778 2057 1833 secundum
2093 1793 2191 1832 na-

2297 1780 2582 1850 αντιότητα
2615 1777 2946 1848 κεχωρηκὸς,
2978 1776 3096 1829 οὔτ’·
3121 1776 3186 1830 ἂν
3229 1776 3327 1829 ίδοι
3373 1776 3434 1828 τὸ
3465 1774 3733 1836 ἐναντίον,
3761 1773 3875 1826 οὔτ’

611 1876 786 1922 turam
805 1870 1161 1935 contrarium,
1196 1877 1249 1924 et
1293 1883 1504 1923 summe
1526 1868 1886 1932 contrarium,
1911 1884 2190 1939 nunquam

609 1957 796 2014 videre
816 1961 1015 2030 poterit
1036 1959 1394 2023 contrarium,
1417 1973 1518 2013 nec
1552 1959 1934 2030 prOpinquabit
1953 1960 2025 2024 ei,
2062 1960 2192 2031 quia

609 2050 658 2108 si
690 2051 772 2106 vel
809 2052 986 2106 solum
1028 2052 1226 2116 videat,
1252 2051 1390 2106 ratio
1414 2053 1674 2106 contrarii
1702 2067 1929 2121 prorsus
1961 2054 2187 2106 tollitur.

2299 1872 2365 1926 ἂν
2417 1869 2827 1941 προσεγγίσειεν
2872 1866 3054 1938 αὐτῷ·
3106 1866 3293 1936 ἐπειδὴ
3351 1865 3727 1936 διαφθείρεται
3776 1865 3874 1932 τῆς

2296 1961 2667 2031 ἐναντιότητος
2693 1961 2721 2012 ὁ
2747 1959 2908 2028 λόγος
2941 1957 3240 2022 παντελῶς,
3273 1960 3320 2010 εί
3349 1958 3440 2010 καὶ
3473 1956 3638 2027 μόνον
3677 1954 3800 2007 ῖδοι.

1825 2163 1957 2220 CAP.
1998 2163 2140 2218 XXI.
2180 2165 2317 2221 Deus
2347 2160 2648 2219 invisibilis.

680 2253 794 2310 iloc
825 2263 1002 2310 autem
1036 2254 1189 2309 addit
1239 2255 1451 2310 caneris
1494 2272 1615 2326 qua:
1661 2257 1818 2322 dixit,
1873 2257 2186 2322 absurdius,

607 2356 663 2402 et
700 2363 886 2404 secum
920 2347 1269 2402 vehementer
1283 2363 1531 2419 pugnans
1558 2367 1572 2414 ;
1596 2364 1663 2402 ne
1694 2363 1832 2418 opus
1848 2348 1940 2412 sit,
1967 2357 2025 2402 ut
2046 2349 2189 2404 alius

608 2451 800 2494 contra
826 2453 949 2493 eum
978 2438 1143 2492 dicat.
1170 2438 1386 2492 Amavit
1413 2438 1582 2502 enim,
1618 2439 1815 2509 inquit,
1865 2448 2187 2510 potestatem

609 2531 757 2586 illam
780 2530 952 2584 visam
985 2515 1242 2600 tanquam
1263 2529 1430 2584 oblita
1457 2531 1675 2600 penitus
1699 2541 1905 2586 natura:
1926 2533 2186 2601 proprite:

610 2633 720 2674 non
743 2619 834 2672 illa
863 2617 1081 2688 quidem
1111 2618 1282 2673 oblita
1325 2626 1430 2683 est,
1461 2635 1583 2690 quae
1623 2637 1734 2674 non
1780 2628 1900 2675 erat
1945 2640 1957 2675 :
1993 2611 2088 2676 sed
2133 2621 2188 2676 hi

609 2719 739 2768 sunt
803 2725 1030 2766 suorum
1093 2719 1530 2766 commentorum
1588 2713 1973 2777 immemores;
2038 2712 2190 2766 aiunt

607 2803 782 2867 enim,
812 2806 1132 2873 priusquam
1161 2803 1282 2857 haec
1318 2803 1644 2859 seditionem
1663 2811 1924 2868 moveret,
1955 2818 2063 2858 non
2095 2805 2190 2856 ha-

2364 2254 2533 2307 Τοῦτο
2571 2251 2628 2306 δὲ
2669 2249 2989 2322 προστίθησι
3021 2247 3131 2302 τῶν
3163 2247 3476 2319 εἰρημένων
3519 2245 3876 2316 ﬁsos-ai)qu

2294 2344 2532 2418 ἰσχυρῶς
2557 2343 2733 2413 ἑαυτῷ
2775 2342 3080 2414 μαχόμενος
3103 2357 3120 2373 ·
3151 2341 3236 2394 ἵνα
3271 2339 3459 2410 μηδεὶς
3489 2340 3680 2410 ἕτερος
3709 2339 3873 2410 δεηθῇ

2295 2441 2432 2512 πρὸς
2452 2437 2614 2492 αὑτὸν
2646 2436 2838 2490 εἰπεῖν.
2866 2434 3004 2505 Φησὶ
3027 2435 3166 2506 γάρ·
3202 2432 3442 2504 Ἦράσθη
3479 2431 3582 2501 τῆς
3609 2433 3876 2502 φανείσης

2293 2533 2594 2604 δυνάμεως,
2631 2529 2817 2599 ὥσπερ
2861 2526 3211 2598 ὲπιλησθεῖσα
3257 2525 3535 2587 παντελῶς
3586 2525 3688 2594 τῆς
3739 2524 3878 2586 ἰδίας

2293 2623 2508 2693 φύσεως
2530 2639 2544 2651 ·
2573 2621 2634 2674 οὐ
2669 2618 2768 2689 μὲν
2807 2617 2870 2690 δὴ
2913 2617 3095 2688 εκείνη
3123 2633 3186 2685 γε
3216 2618 3249 2687 ὴ
3281 2617 3354 2687 μὴ
3383 2613 3539 2681 οὖσα,
3580 2615 3698 2668 ἀλλ’
3730 2612 3876 2670 οὗτοί

2293 2733 2356 2785 τε
2397 2715 2505 2768 τῶν
2549 2713 2692 2765 ίδίων
2723 2709 3055 2781 πλασμάτων
3077 2726 3090 2739 ·
3124 2711 3172 2761 εί
3204 2708 3312 2781 γὰρ
3341 2710 3469 2780 πρὶν
3498 2709 3876 2779 ἐπαναστῆναι

2292 2806 2496 2878 ταύτην
2523 2804 2656 2874 φασὶ
2695 2803 2896 2871 γνῶσιν
2934 2800 3030 2854 τοῦ
3063 2801 3271 2869 ἀγαθοῦ
3308 2803 3381 2872 μὴ
3426 2801 3744 2872 ἐσχηκέναι,
3791 2802 3876 2856 ἵνα

607 2895 800 2951 buisse
828 2895 1198 2966 cognitionem
1231 2893 1397 2960 boni;
1439 2910 1508 2950 ne
1533 2895 1849 2966 cognitione
1905 2895 2032 2950 boni
2087 2910 2186 2949 na-

2292 2899 2364 2970 μὴ
2397 2896 2746 2969 σεμνώσωσιν
2775 2891 2981 2962 ἀγαθοῦ
3015 2891 3212 2962 γνώσει
3261 2894 3360 2964 τὴν
3405 2895 3534 2964 παρ’
3569 2892 3738 2946 αὑτοῦ
3773 2892 3878 2963 φύ-

607 2995 794 3042 turam
822 2986 892 3041 ab
927 2986 1050 3056 ipso
1097 2993 1412 3042 accusatam
1463 2996 1677 3042 ornent.
1721 2985 1912 3042 Nonne
1951 2987 2189 3042 amentia

607 3087 720 3143 est,
748 3084 941 3149 putare
962 3091 1081 3132 eam
1111 3093 1234 3148 quae
1261 3077 1316 3131 in
1344 3093 1405 3133 se
1446 3092 1556 3131 non
1612 3077 1776 3133 habet
1805 3077 1948 3132 unde
1989 3091 2194 3149 cogno-

607 3178 732 3225 scat
754 3183 878 3224 esse
914 3169 1138 3235 bonum,
1171 3169 1418 3241 potuisse
1437 3168 1646 3234 videre,
1700 3175 1757 3224 et
1787 3176 2077 3239 postquam
2107 3167 2192 3222 vi-

611 3257 714 3321 dit,
738 3256 1120 3312 desiderasse?
1141 3258 1301 3328 longe
1326 3257 1473 3314 enim
1502 3257 1681 3328 majus
1709 3266 1795 3314 est
1825 3257 2191 3314 substantiam

609 3357 834 3420 aspectu
863 3350 1070 3412 videre,
1102 3365 1265 3420 quam
1297 3364 1633 3421 cognoscere
1654 3365 1798 3407 esse.
1821 3349 2062 3406 Primum
2081 3367 2191 3407 non

606 3443 790 3499 solum
823 3457 946 3508 nos,
977 3442 1074 3498 sed
1109 3449 1408 3514 potestates
1453 3443 1712 3513 angelica:
1750 3443 2191 3508 excellentiores,

612 3550 744 3592 esse
786 3535 1008 3606 quidem
1059 3535 1262 3590 bonum
1307 3535 1716 3606 cognoscimus,
1771 3549 1837 3588 ac
1880 3536 2194 3607 cognitione

605 3629 729 3684 sola
760 3627 828 3680 ad
851 3628 1106 3698 pietatem
1134 3628 1188 3681 in
1216 3626 1383 3682 Deum
1409 3627 1608 3680 alimur
1637 3634 1827 3692 ;tanlo
1860 3643 1991 3682 vero
2011 3631 2194 3684 excel-

615 3721 815 3776 ientius
838 3720 1038 3791 angeli,
1071 3731 1276 3792 quanto
1311 3729 1507 3774 natura
1553 3727 1684 3775 sunt
1726 3721 2188 3777 excellentiores:

612 3809 797 3864 videre
819 3817 1000 3864 autem
1031 3811 1394 3866 substantiam
1416 3809 1509 3864 Dei
1540 3824 1718 3880 neque
1747 3810 1927 3873 nobis,
1951 3827 2052 3866 nec
2083 3812 2192 3867 illis

606 3898 776 3954 licet:
805 3899 1074 3969 siquidem
1099 3915 1199 3956 nos
1229 3899 1471 3970 quandiu
1509 3915 1712 3970 corpus
1748 3899 2048 3954 secundum
2093 3916 2192 3954 na-

611 4000 789 4044 turam
815 3990 991 4044 induti
1025 4005 1238 4056 sumus,
1264 4006 1367 4045 nec
1399 3991 1622 4061 angelos
1651 3990 1801 4060 ipsos
1846 3990 2031 4046 videre
2065 4007 2191 4061 pos-

606 4092 826 4132 sumus.

680 4168 1030 4223 Manifestum
1055 4168 1200 4224 enim
1240 4176 1325 4223 est
1346 4178 1408 4223 et
1434 4184 1467 4239 p
1491 4185 1592 4224 anc
1619 4184 1967 4236 concessum,
1997 4172 2089 4243 qui
2115 4172 2193 4226 vi-

605 4260 704 4318 det
739 4261 919 4316 simile
939 4260 1046 4315 sibi
1078 4260 1281 4316 videre.
1331 4261 1390 4316 Si
1415 4261 1538 4331 quis
1578 4277 1706 4316 vero
1736 4263 2011 4320 existimet
2037 4265 2189 4320 futile
2219 4257 2264 4311 D

611 4367 739 4409 esse
767 4351 913 4423 quod
957 4351 1234 4420 dicimus;
1285 4353 1535 4408 videmus
1575 4355 1721 4408 enim
1764 4356 1956 4419 solem,
2003 4357 2187 4411 lunam

605 4452 672 4499 et
696 4443 908 4507 stellas,
946 4451 1208 4513 przeterea
1241 4444 1382 4513 apud
1419 4458 1523 4498 nos
1567 4443 1798 4514 lapides,
1847 4459 2062 4510 aurum,
2099 4462 2190 4500 ar-

605 4545 859 4608 gentum,
908 4534 1144 4606 denique
1191 4550 1341 4589 mare
1389 4535 1566 4604 ipsum
1605 4542 1660 4592 et
1688 4536 1870 4590 omnia
1911 4537 2184 4598 animalia,

611 4641 678 4682 ac
723 4628 877 4682 nullo
912 4635 1073 4698 pacto
1109 4627 1198 4684 bis
1241 4627 1452 4684 similes
1491 4643 1718 4696 sumus;
1777 4628 2024 4685 advertat
2063 4631 2187 4695 iste,

601 4719 755 4791 quod
786 4718 892 4774 etsi
911 4733 1104 4774 eorum
1125 4733 1248 4789 qua:
1278 4721 1743 4786 enumeravimus,
1783 4719 2015 4777 diversa:
2060 4737 2188 4792 spe--

599 4812 726 4867 cies
747 4810 894 4878 sint;
958 4818 1019 4864 at
1082 4811 1279 4868 horum
1343 4811 1590 4866 omnium
1646 4827 1822 4884 genus
1873 4828 2188 4883 supremum

602 4919 814 4974 corpus
845 4910 950 4959 est.
995 4903 1321 4959 Substantia
1358 4919 1595 4975 namque
1631 4905 1828 4976 partim
1883 4907 2190 4976 inaspecta-

610 4997 739 5052 bilis
772 5007 876 5060 est,
937 5005 999 5052 ut
1045 4998 1401 5067 incorporea;
1449 4997 1649 5068 partim
1705 5001 2082 5069 aspectabilis,
2131 5009 2190 5055 ut

601 5101 834 5156 corpus.
863 5085 1048 5140 Prima
1096 5087 1260 5157 igitur
1286 5087 1514 5158 partitio
1558 5087 1743 5141 omnia
1781 5089 1895 5142 hac
1927 5095 2186 5158 tanquam

603 5194 782 5248 genus
807 5187 1026 5248 separat
1067 5187 1122 5233 et
1168 5178 1477 5250 distinguit.
1529 5178 1710 5244 Quare
1742 5193 1945 5250 corpus
1986 5195 2186 5250 corpus

607 5269 800 5336 videt;
839 5278 892 5325 et
918 5285 1191 5342 quatenus
1212 5288 1435 5343 corpus,
1473 5274 1651 5329 simile
1679 5281 1734 5330 et
1779 5283 2070 5346 cognatum
2106 5283 2189 5330 est

607 5361 800 5418 videns
835 5363 975 5427 viso,
1016 5366 1266 5435 quamvis
1313 5367 1420 5421 sint
1466 5365 1698 5422 diversae
1744 5367 1938 5422 horum
1976 5369 2187 5437 species

604 5465 832 5522 propter
859 5456 1177 5514 varietatem
1207 5466 1262 5514 et
1283 5467 1539 5514 ornatum
1574 5459 1844 5514 universi.

677 5543 989 5603 Ridiculum
1017 5550 1164 5605 enim
1193 5558 1360 5616 esset,
1392 5553 1437 5605 si
1469 5551 1598 5622 quia
1626 5551 1726 5606 ﬂos
1755 5551 2184 5622 pulcherrimum

676 5658 794 5731 (t0)
824 5660 984 5718 Forte
1011 5662 1262 5736 δεοίμεθα
1293 5664 1380 5720 vel
1408 5664 1578 5737 δεώμ.
1613 5665 1773 5721 Εοιτ.

2296 3007 2379 3043 σιν
2403 2989 2830 3061 διαὸεσλημένην
2852 3005 2865 3018 ο
2901 2986 3020 3051 πῶς
3053 2987 3153 3040 οὐκ
3181 2985 3375 3055 ἀλογον
3415 2987 3514 3056 τὴν
3546 2987 3621 3057 μὴ
3645 2987 3874 3056 ἔχουσαν

2295 3085 2352 3136 ὲν
2398 3085 2536 3154 αὐτῇ
2579 3083 2639 3136 τὸ
2691 3082 2908 3144 εἰδέναι,
2944 3081 3026 3134 ὅτι
3071 3080 3187 3132 ἐστι
3231 3079 3487 3148 τάγαθὸν,
3528 3079 3741 3153 ταύτην
3782 3083 3874 3135 καὶ

2297 3175 2423 3229 ἰδεῖν
2443 3175 2754 3246 δυνηθῆναι,
2781 3170 2875 3228 καὶ
2909 3173 3253 3244 θεασαμένην
3279 3171 3656 3243 ἐπιθυμῆσαι;
3691 3175 3873 3244 μεῖζον

2293 3266 2404 3336 γὰρ
2441 3263 2786 3337 ἀσυγκρίτως
2825 3262 2920 3316 τοῦ
2953 3263 3177 3333 γνῶναι,
3208 3264 3291 3316 ὅτι
3328 3262 3444 3316 ἐστι
3480 3263 3544 3316 τὸ
3574 3263 3870 3318 θεάσασθαι

2293 3357 2411 3427 ὅψει
2440 3357 2536 3429 τὴν
2559 3357 2766 3410 οὐσίαν.
2813 3356 3024 3410 Λύτίκα
3064 3357 3163 3426 οὐχ
3204 3359 3365 3426 ἡμεῖς
3392 3355 3582 3426 μόνον,
3620 3357 3758 3410 ἀλλά
3781 3361 3873 3411 καὶ

2292 3449 2400 3501 τῶν
2420 3447 2666 3516 ἀγγέλων
2693 3449 2749 3500 αἱ
2785 3446 3172 3517 ἀναϐεϐηκυῖαι
3209 3447 3487 3517 δυνάμεις,
3519 3449 3605 3500 ὅτι
3637 3449 3740 3519 μὲν
3759 3449 3868 3502 ἐστι

2291 3539 2547 3608 τάγαθὸν,
2581 3537 2939 3608 γινώσκομεν,
2974 3541 3040 3608 τῇ
3072 3537 3269 3606 γνώσει
3309 3539 3402 3590 καὶ
3447 3539 3587 3612 μόνῃ
3613 3540 3751 3610 πρὸς
3775 3541 3868 3610 τὴν

2292 3631 2572 3684 εὐσέόειαν
2614 3627 2955 3700 τρεφόμενοι,
2993 3628 3238 3696 ἀγγέλων
3283 3627 3484 3699 δηλαδὴ
3537 3629 3871 3699 ἀναϐεῆηκό-

2290 3741 2399 3777 των
2426 3723 2568 3777 κατὰ
2593 3724 2691 3794 τὴν
2732 3723 2953 3791 γνῶσιν,
2997 3721 3121 3774 ὅσον
3151 3721 3244 3773 καὶ
3279 3721 3420 3774 κατά
3461 3719 3624 3789 φύσιν
3645 3739 3659 3750 ·
3690 3721 3782 3774 τοῦ
3817 3722 3870 3774 δὲ

2291 3816 2422 3868 Θεὸν
2455 3816 2575 3869 κατ’
2600 3814 2787 3868 οὐσίαν
2809 3814 2956 3873 ίδεῐν,
2983 3811 3094 3865 οὔθ’
3120 3815 3251 3882 ἡμῖν
3282 3811 3394 3864 οὗθ’
3424 3813 3662 3876 ἐκείνοις
3689 3814 3865 3883 μετόν·

2290 3910 2423 3962 ὅπου
2450 3910 2580 3979 ἡμῖν
2608 3908 2716 3961 οὐδ’
2755 3906 3016 3975 ἀγγέλους
3048 3906 3264 3968 αὐτοὺς,
3297 3909 3354 3958 ὲν
3379 3907 3491 3978 ὅσῳ
3519 3907 3583 3960 τὸ
3605 3908 3748 3961 κατά
3772 3907 3871 3976 φύ-

2293 4020 2376 4056 σιν
2401 4000 2758 4074 περικείμεθα
2790 3999 2969 4068 σῶμα,
3004 3997 3229 4051 δυνατὸν
3257 3997 3402 4052 [δεῖν.

2361 4179 2530 4250 Δῆλον
2561 4179 2672 4250 γὰρ
2705 4179 2799 4234 καὶ
2826 4179 3010 4249 σαφῶς
3035 4176 3480 4249 ὁμολογούμενον,
3509 4176 3588 4240 ὡς
3614 4178 3642 4228 ὁ
3668 4177 3726 4228 τὶ
3755 4176 3871 4245 βλέ-

2291 4291 2430 4336 πων,
2454 4273 2638 4343 ὅμοιον
2662 4272 2839 4344 ἐαυτῷ
2875 4272 2956 4333 ὃν,
2982 4270 3140 4324 τοῦτο
3174 4270 3376 4340 βλέπει.
3403 4271 3466 4322 Εἰ
3492 4269 3549 4322 δέ
3587 4287 3673 4333 τις
3704 4271 3869 4323 ἀπαι-

2290 4367 2490 4430 δεύτως
2532 4366 2742 4436 οίηθείη
2788 4365 2985 4437 σαθρὸν
3011 4364 3153 4417 εἶναι
3201 4362 3262 4416 τὸ
3308 4362 3474 4436 ῥηθὲν
3502 4361 3870 4434 (ὲμὸλέπομεν

2289 4459 2397 4532 γάρ
2425 4459 2574 4530 ἥλιον
2599 4459 2693 4512 καὶ
2725 4457 2954 4528 σελήνην
2979 4457 3071 4510 καὶ
3091 4456 3343 4529 ἀστέρας,
3368 4455 3448 4508 ἑτι
3481 4454 3587 4525 μὴν
3612 4456 3703 4522 ὑφ’
3727 4456 3871 4525 ἡμᾶς

2289 4551 2487 4614 λίθους,
2519 4550 2716 4623 χρυσόν
2751 4567 2811 4602 τε
2845 4551 2939 4604 καὶ
2975 4547 3234 4621 ἄργυρον,
3267 4549 3363 4601 καὶ
3399 4548 3635 4610 συνόλως
3669 4549 3770 4618 τήν
3811 4563 3869 4598 τε

2288 4641 2568 4696 ’θάλασσαν
2597 4642 2690 4695 καὶ
2720 4641 2789 4695 τὰ
2821 4641 2938 4706 ζῶα
2976 4641 3288 4711 σύμπαντα,
3321 4639 3417 4692 καὶ
3443 4639 3505 4691 οὐ
3536 4639 3712 4709 δήπου
3744 4638 3870 4692 τοῦ·

2287 4751 2400 4797 τοις
2432 4733 2605 4804 ὅμοιοί
2637 4730 2847 4804 ἐσμεν),
2887 4731 3224 4803 μανθανέτω,
3265 4730 3363 4794 ὡς,
3401 4731 3450 4782 εί
3496 4729 3592 4783 καὶ
3640 4729 3872 4800 διάερορα

2289 4825 2358 4877 τὰ
2385 4822 2502 4894 εἴδη
2532 4821 2642 4876 τῶν
2667 4820 3185 4894 κατηριθμημένων,
3215 4819 3354 4874 ἀλλὰ
3373 4835 3436 4887 γε
3466 4818 3674 4872 τούτων
3703 4820 3872 4872 ἀπάν-

2288 4930 2398 4966 των
2425 4911 2760 4983 ἀναϐεδηκὸς
2783 4911 2939 4980 γένος
2964 4911 3025 4964 τὸ
3064 4909 3222 4982 σῶμα
3246 4926 3260 4939 ·
3305 4910 3404 4980 τῆς
3437 4910 3548 4980 γὰρ
3587 4909 3778 4971 οὐσίας
3819 4911 3875 4960 si

2293 5005 2390 5076 μὲν
2422 5005 2675 5077 ἀόρατον,
2712 5004 2787 5066 ώς
2816 5002 3132 5074 ἀσώματον,
3163 5003 3225 5055 τὸ
3252 5003 3309 5056 δὲ
3347 5003 3567 5075 ὁρατὸν,
3589 5002 3665 5066 ὡς
3690 5003 3874 5073 σῶμα.

2302 5099 2366 5152 Ἦ
2401 5099 2580 5150 τοίνυν
2639 5095 2828 5169 πρώτη
2874 5096 3016 5167 τομὴ
3067 5096 3245 5149 πάντα
3291 5097 3465 5148 ταῦτα
3512 5097 3587 5158 ὡς
3621 5096 3691 5149 ἂν
3719 5097 3876 5165 γένος

2288 5189 2570 5262 ἀφορίζειθ
2628 5189 2787 5262 σῶμα
2820 5190 3020 5253 τοίνυν,
3077 5188 3234 5260 σῶμα
3295 5189 3518 5260 βλέπειο
3581 5189 3679 5242 καὶ
3741 5189 3878 5241 καθὸ

2290 5282 2468 5353 σῶμα,
2497 5282 2680 5352 ὅμοιον
2714 5283 2807 5336 καὶ
2838 5282 3097 5351 συγγενὲς
3116 5283 3178 5334 τδ
3209 5281 3350 5352 ὁρῶν
3392 5280 3470 5351 τῷ
3509 5281 3797 5353 ὁρωμένῳ,
3826 5282 3876 5332 εξ

2287 5370 2381 5422 καὶ
2416 5369 2646 5441 διάφορα
2675 5371 2882 5424 τούτων
2923 5369 2992 5424 τά
3022 5370 3137 5442 εἴδη
3162 5370 3252 5424 διὰ
3279 5371 3341 5424 τδ
3377 5370 3616 5424 ποικίλον
3650 5371 3746 5428 καὶ
3782 5371 3875 5423 κό-

2290 5478 2447 5532 σμιον
2480 5461 2557 5532 τῷ
2587 5463 2769 5518 παντί.

2373 5552 2524 5606 Ἐπεί
2543 5570 2624 5607 τοι
2649 5554 2821 5623 γέλως
2851 5555 2916 5611 ἂν
2947 5555 3031 5628 είη
3058 5556 3258 5628 χρυσοῦ
3291 5574 3349 5612 τε
3377 5557 3438 5610 τὸ
3460 5555 3643 5621 ἄνθος,
3678 5558 3870 5620 suam;
