4072 6338
297 268 433 324 ιοοτ

1383 252 1751 311 ADVERSUS
1788 245 2210 305 MAMCHASOS
2246 244 2371 299 LIB.
2419 243 2453 295 l.

3402 210 3537 292 i093

293 402 357 454 γε
394 384 677 439 κάλλιπον
704 385 768 453 τῇ
795 381 912 451 ὄψει
941 382 1204 450 φαίνεται,
1241 398 1331 434 και
1355 378 1580 447 αίθάλης
1613 377 1672 428 τὸ
1699 377 1859 429 ἀναν·
1886 425 1890 434 ,

1999 379 2242 442 spectum
2278 369 2463 431 habet,
2494 371 2547 419 et
2586 365 2651 420 ab
2682 378 2816 418 auro
2847 362 3050 427 dill‘ert,
3073 370 3127 417 et
3164 360 3308 431 quod
3342 370 3424 413 est
3447 359 3541 409 Πυο

295 474 405 540 θὲς,
446 472 519 545 μὴ
550 473 828 544 ἑκάτερον,
874 474 1009 543 ὅπερ
1052 474 1146 525 καὶ
1194 472 1358 533 ὅντως
1403 470 1540 534 ἐστὶ,
1578 468 1855 521 καλεῖσθαι

294 566 529 640 χρῶμα·
584 566 778 637 χρῶμα
841 565 969 636 γὰρ,
1018 566 1065 616 εί
1109 563 1200 615 καὶ
1246 562 1520 633 διάφορον,
1568 559 1857 629 ἑκάτερον·

293 660 416 730 ὄψις
447 658 555 731 γὰρ
584 660 617 728 ἡ
648 657 787 728 αὑτὴ
824 658 1023 728 ὁμοίως
1058 658 1301 729 ἐκατέρῳ
1328 657 1590 709 κοινωνεῖ.
1624 654 1778 707 Οῦτω
1802 652 1865 724 δὴ

293 754 472 806 πάντα
499 751 568 803 τὰ
611 750 836 821 σώματα
875 750 1065 821 ὁρατὰ,
1104 751 1149 802 εί
1182 752 1275 802 καὶ
1318 748 1547 818 διάφορα
1584 746 1662 817 τῷ
1713 746 1864 810 εῖδει,

295 846 493 914 φάσκει
522 845 646 914 μέν·
678 845 727 896 εί
758 844 813 896 δὲ
838 844 1063 914 σώματα
1084 842 1348 912 σωμάτων
1377 841 1627 911 κρείττω,
1657 839 1719 892 τὸ
1761 858 1863 892 κωο

296 935 422 987 λῦον
467 935 641 998 οὐδὲν,
707 935 845 1005 πλήν
906 951 971 1001 γε
1024 932 1251 1003 σώματα
1303 933 1516 987 πάντα·
1569 930 1690 983 ὅθεν
1744 929 1865 982 οὐδὲ

296 1025 671 1096 προσκυνητὸν
731 1026 962 1095 μάλιστα
1020 1023 1095 1093 τῷ
1146 1022 1338 1092 ὁρῶντι
1390 1022 1447 1075 τὸ
1514 1021 1728 1089 ὁρατὸν,
1792 1017 1867 1078 ὡς

297 1114 846 1187 καταλαμϐανόμενον
880 1115 1012 1183 πρὸς
1050 1114 1231 1167 αὐτοῦ.

1963 464 2140 519 ridum
2165 460 2344 516 diﬂert
2373 475 2401 513 a
2435 458 2615 522 viridi,
2652 472 2762 511 non
2807 464 3039 525 uterque
3084 459 3394 514 vocaretur,
3447 449 3540 519 qui

1972 556 2026 610 in
2058 570 2115 609 re
2144 562 2247 617 est,
2289 551 2443 605 color
2478 568 2493 605 :
2532 549 2685 604 color
2714 547 2861 602 enim
2911 553 2994 600 est
3030 551 3281 613 uterque,
3324 540 3542 594 tametsi

1977 647 2226 702 diversus
2260 664 2271 697 :
2302 643 2442 698 idem
2467 642 2611 697 enim
2660 646 2915 710 aspectus
2958 652 3083 693 cum
3136 643 3368 704 utroque
3412 647 3545 686 con-

1968 742 2313 813 junctionem
2350 748 2403 795 et
2427 738 2745 795 societatem
2770 735 2953 790 habet.
2994 732 3085 788 Sic
3113 733 3293 787 omnia
3315 744 3545 799 corpora

1974 844 2101 890 sunt
2131 832 2502 903 aspectabilia.
2529 831 2656 884 licet
2684 828 2997 883 diﬂ‘erentes
3014 828 3122 881 sint
3157 824 3386 895 Species.
3414 822 3546 877 Esse

1969 928 2147 973 autem
2195 931 2425 986 corpora
2467 915 2572 969 alia
2605 915 2729 969 aliis
2762 914 3161 984 prmstantiora,
3197 911 3329 965 nihil
3358 908 3545 979 prohi-

1970 1010 2082 1072 bet,
2115 1010 2247 1079 quin
2295 1009 2478 1063 omnia
2509 1022 2743 1078 corpora
2791 1007 2902 1062 sint
2942 1004 3254 1076 spectabilia
3286 1022 3297 1056 :
3330 1018 3397 1057 ex
3441 1016 3548 1070 quo

1972 1102 2051 1165 lit,
2088 1110 2146 1156 ut
2180 1116 2287 1154 non
2322 1100 2392 1155 sit
2422 1098 2566 1169 quod
2602 1098 2704 1153 sub
2730 1105 3008 1168 aspectum
3051 1096 3195 1149 cadit
3227 1093 3461 1147 maxime
3495 1098 3549 1143 et

1971 1192 2264 1263 praecipue,
2314 1190 2650 1245 adorandum
2686 1190 2754 1243 ab
2785 1206 2850 1245 eo
2872 1191 2963 1259 qui
2999 1186 3135 1242 illud
3192 1185 3386 1248 cernit,
3428 1191 3549 1238 tan-

1972 1299 2135 1355 quam
2160 1284 2229 1339 ab
2258 1284 2377 1354 ipso
2406 1283 2881 1353 comprehensum.

1001 1394 1129 1448 CAP.
1168 1391 1333 1447 XXII.
1375 1392 1605 1447 Materia
1639 1392 1798 1447 Deum
1823 1410 1926 1447 non
1964 1393 2112 1448 vidit.
2142 1391 2321 1463 Neque
2347 1394 2519 1447 lumen
2543 1392 2837 1447 absorbuit.

371 1511 436 1565 El
465 1511 646 1564 τοίνυν
689 1504 795 1563 εἶδε
834 1509 893 1562 τὸ
921 1511 983 1562 ἐκ
1026 1508 1125 1579 τῆς
1166 1509 1355 1573 οὐσίας
1402 1511 1433 1579 ἡ
1466 1510 1564 1580 ὑλη
1593 1508 1686 1562 τοῦ
1719 1508 1875 1571 Θεοῦ,
1922 1534 1932 1544 -

305 1602 594 1672 συγγενείᾳ
620 1601 847 1673 πλείστῃ
879 1617 937 1653 τε
982 1600 1074 1654 καὶ
1120 1600 1399 1670 ὁμοιότητι
1435 1600 1570 1669 πρὸς
1612 1600 1710 1668 τὴν
1752 1599 1878 1652 θέαν

2058 1508 2115 1563 Si
2141 1510 2303 1580 igitur
2336 1510 2563 1563 materia
2604 1507 2758 1572 vidit,
2797 1506 2941 1577 quod
2998 1522 3062 1561 ex
3119 1506 3423 1561 substantia
3458 1506 3551 1563 Dei

1986 1610 2126 1665 erat,
2156 1601 2481 1671 cognatione
2517 1613 2709 1669 magna
2755 1607 2809 1653 et
2855 1597 3211 1652 similitudine
3260 1598 3442 1662 ducta,
3484 1598 3552 1653 ad

302 1692 453 1767 ἦλθε,
482 1695 576 1747 καὶ
596 1693 747 1746 οὐδὲν
777 1693 934 1745 πλέον
962 1692 1129 1763 ἐχρῆν
1156 1691 1290 1763 πρὸς
1319 1691 1409 1744 τὸν
1432 1692 1731 1745 ἀσύστατον
1756 1709 1877 1743 τον-

1991 1693 2353 1765 spectaculum
2398 1692 2583 1755 venit,
2630 1707 2731 1745 nec
2762 1692 2997 1761 amplius
3038 1706 3175 1761 opus
3219 1701 3336 1745 crat
3376 1693 3555 1747 dicere

276 1787 417 1839 Δτονὶ
447 1784 613 1855 μῦθον
647 1786 817 1837 εἰπεῖν
842 1800 855 1812 ·
891 1787 939 1837 εί
970 1785 1026 1837 δὲ
1071 1786 1163 1838 καὶ
1196 1783 1509 1854 ἐπεθύμησε
1552 1783 1646 1836 τοῦ
1677 1784 1871 1847 φανέν-

302 1895 414 1941 τος,
449 1877 508 1930 τὸ
558 1878 772 1930 πάντων
814 1876 1032 1947 ἄριστον
1081 1878 1214 1948 αὐτῇ
1267 1875 1788 1947 προσεμαρτύρησεν
1846 1877 1874 1928 ὁ

304 1972 557 2041 ἀνόητος·
603 1970 677 2032 ὼς
728 1970 923 2023 κακίαν
985 1970 1080 2041 μὲν
1113 1970 1283 2041 ὄνομα
1328 1968 1627 2023 τεθεικέναι
1679 1968 1873 2031 δοκεῖν,

302 2061 491 2113 οὐσίαν
518 2059 574 2111 δὲ
615 2059 823 2129 ἀγαθὴν
868 2060 1353 2130 προσομολογῆσαι.
1393 2059 1455 2111 Τί
1487 2058 1594 2130 γὰρ
1628 2060 1706 2122 είς
1739 2059 1877 2111 ἀπό-

303 2150 467 2219 δειξιν
518 2152 918 2221 καλοκαγαθίας
963 2152 1145 2223 μεῖζον
1195 2150 1287 2205 τοῦ
1329 2151 1657 2223 ἐπιθυμῆσαι
1707 2152 1878 2218 τάγα-

305 2245 439 2310 θοῦ;
483 2246 544 2297 Εί
592 2244 647 2296 δέ
689 2261 821 2315 φησι
868 2245 961 2295 καὶ
1001 2242 1315 2306 ἐπελάϐετο,
1357 2243 1451 2295 καὶ
1495 2243 1771 2307 κατέπιεν,
1805 2241 1880 2303 ὡς

306 2339 565 2409 ἐγκύμων
614 2336 863 2406 γενέσθαι
912 2337 1009 2405 τῆς
1057 2336 1302 2398 ἐναντίας
1346 2333 1439 2387 τοῦ
1490 2332 1624 2386 Θεοῦ
1673 2333 1879 2396 οὐσίας,

308 2432 406 2483 καὶ
436 2432 554 2493 ταῖς
601 2430 757 2491 ἰδίαις
807 2428 1065 2498 δυνάμεσι
1109 2428 1408 2497 διένειμεντ·
1454 2426 1499 2479 ῶ
1542 2429 1639 2497 τῆς
1690 2426 1882 2494 ἀλόγου

313 2522 542 2595 μανίαςί
586 2522 686 2575 οὐκ
735 2517 839 2574 εἶδε
884 2522 1062 2591 μόνον,
1099 2519 1233 2573 ἀλλά
1275 2519 1365 2572 καὶ
1404 2518 1749 2591 ἐπεθύμησε·
1790 2520 1883 2571 καὶ⁸

306 2614 410 2667 οὑκ
454 2612 764 2684 ἐπεθύμησε
813 2613 991 2683 μόνον,
1038 2612 1172 2665 ἀλλά
1226 2612 1319 2663 καὶ
1367 2610 1628 2664 κατέπιε·
1679 2611 1774 2663 καὶ
1823 2610 1885 2662 οὐ

312 2704 537 2757 κατέπιε
579 2704 756 2773 μόνον,
797 2702 931 2755 ἀλλά
974 2702 1070 2755 καὶ
1100 2701 1336 2770 κατέχει.
1370 2698 1555 2763 Ταῦτα
1589 2700 1764 2753 πάντα
1794 2715 1889 2752 σα-

314 2795 429 2866 φῶς
458 2796 518 2847 οὐ
553 2794 648 2865 τὴν
689 2794 1037 2864 ἐναντιότητα
1078 2793 1175 2862 τῆς
1222 2792 1435 2860 φύσεως
1472 2788 1662 2861 ὁρίζει,
1713 2790 1887 2859 ἄκραν

312 2889 371 2943 δὲ
409 2890 503 2941 καὶ
528 2889 625 2959 τὴν
649 2887 908 2941 ἀνωτάτω
950 2883 1264 2951 συγγένειαν
1289 2883 1489 2952 ἀμφοῖν
1515 2880 1783 2950 ὁμολογεῖ.

390 3154 512 3207 Εἴτε
569 3151 678 3222 γὰρ
734 3150 1138 3220 ἀγανακτοῦσα,
1190 3151 1327 3222 ὅπερ
1382 3148 1645 3221 λογισμοῦ
1694 3150 1895 3220 δεῖγμα

313 3247 593 3315 τυγχάνει,
627 3245 735 3299 εἴτε
793 3246 887 3297 καὶ
940 3244 1283 3315 ἐπιθυμοῦσα
1331 3244 1559 3297 κατέπιε
1606 3243 1664 3295 τὸ
1706 3243 1890 3313 φανὲν,

316 3341 531 3411 φύσεως
562 3339 817 3409 ἄντικρύς
855 3339 1106 3392 κοινωνία
1148 3337 1317 3391 ταῦτα
1345 3338 1540 3405 γένοιτ·
1568 3338 1631 3391 ἄν
1652 3354 1663 3365 .
1702 3338 1747 3388 εἰ
1787 3336 1894 3406 γὰρ

316 3434 501 3501 ἄκρως
534 3432 775 3501 ὑπῆρχεν
808 3432 1045 3493 ἐναντία,
1092 3430 1353 3500 συνῆλθεν
1396 3428 1645 3499 οὐδαμῶς
1676 3429 1740 3482 ἂν
1772 3430 1897 3481 ἑκά-

319 3540 475 3595 τερα.
509 3522 585 3577 Οὑ
630 3522 835 3574 συνεῖδε
867 3522 922 3574 δὲ
963 3522 1097 3590 πρὸς
1126 3524 1238 3584 τοῖς
1268 3521 1444 3584 ἄλλοις
1475 3520 1745 3591 βάρϐαρος
1778 3520 1898 3573 οὐδὲ

320 3614 499 3676 τοῦτο,
525 3614 605 3665 ὅτι
629 3617 661 3683 ἡ
696 3611 1060 3665 ἀποσταλεῖσα
1092 3612 1241 3683 παρά
1283 3613 1376 3665 τοῦ
1404 3612 1538 3665 Θεοῦ
1568 3612 1817 3682 δύναμις,
1850 3612 1897 3663 εἰ

326 3706 425 3777 μὲν
453 3704 750 3775 ἀσώματος,
778 3700 865 3775 ἦν,
917 3704 1088 3774 τομὴν
1134 3704 1386 3774 οὐδεμίαν
1420 3703 1750 3775 παρεδέξατο
1803 3704 1894 3757 ἄν·

323 3797 400 3860 ὼς
436 3797 698 3867 μηδαμῶς
744 3795 1217 3865 καταδιαιρεθῆναι
1266 3793 1524 3848 δύνασθαι
1555 3794 1675 3848 κατ’
1715 3794 1901 3846 οὐσίαν

324 3892 405 3954 είς
444 3890 542 3952 τὰς
588 3889 835 3951 ἐναντίας
876 3887 1147 3957 δυνάμεις,
1184 3888 1319 3957 μήτε
1364 3886 1470 3957 μὴν
1495 3886 1896 3955 καταποθῆναι·

323 3982 387 4035 τὸ
417 3982 527 4053 γὰρ
560 3980 849 4051 ἀσώματον
872 3982 992 4033 τίνα
1022 3981 1088 4033 ἂν
1118 3978 1450 4049 καταποθείη
1470 3979 1703 4050 τρόπον;
1746 3978 1809 4029 Εἰ
1845 3976 1902 4029 δὲ

330 4074 639 4146 σωματικὴ,
672 4075 777 4127 πᾶν
814 4074 969 4145 σῶμα
996 4073 1467 4143 κατατεμνόμενον
1508 4072 1602 4123 καὶ
1635 4086 1905 4139 κατακερ-

332 4168 691 4239 ματιςόμενον
725 4168 1026 4239 ἀναιρεῖται
1049 4166 1247 4238 τρόπον
1284 4165 1424 4225 τινὰ,
1466 4166 1555 4218 καὶ
1585 4165 1683 4235 ζῇν
1724 4164 1906 4216 οὐκέτι

329 4263 553 4317 δύναται
583 4260 680 4332 τὴν
730 4260 862 4313 ἰδίαν
902 4259 1067 4328 ζωήν.
1109 4258 1406 4329 Τοιγαροῦν
1453 4258 1485 4329 ἢ
1524 4258 1813 4328 ἀσώματος
1840 4251 1907 4325 ἦν

332 4357 365 4425 ή
397 4354 768 4407 ἀποσταλεῖσα
803 4352 951 4422 παρά
986 4352 1077 4406 τοῦ
1108 4350 1312 4419 ἀγαθοῦ
1350 4350 1596 4421 δύναμις,
1635 4349 1728 4401 καὶ
1748 4348 1907 4401 οὐδα-

334 4446 452 4517 μῶς
491 4444 614 4498 οὑτε
659 4445 952 4515 κατεπόθη,
998 4443 1119 4497 οὔτε
1164 4446 1241 4507 εἰς
1272 4444 1497 4507 πολλοὺς
1537 4442 1781 4513 διῃρέθη,
1813 4440 1905 4493 καὶ

331 4537 626 4602 πέπαυται,
652 4537 745 4589 καὶ
780 4535 921 4588 οὑτω
952 4536 1223 4597 παντελῶς
1254 4536 1281 4587 ὁ
1317 4534 1482 4605 μῦθος
1506 4550 1519 4563 ·
1552 4534 1584 4603 ἢ
1618 4532 1901 4601 σωματικὴ

331 4646 415 4691 τις
437 4628 698 4697 ἐτύγχανε
724 4628 816 4680 καὶ
846 4627 1109 4699 ἀνῄρηται
1138 4629 1335 4698 πάντη,
1373 4627 1466 4679 καὶ
1499 4626 1740 4678 ἀπόλωλε
1767 4624 1904 4697 πρὸς

332 4721 433 4789 τῆς
478 4720 696 4782 κακίας,
747 4720 883 4789 ὅπερ
921 4720 1035 4771 ἐστὶ
1088 4711 1462 4789 χαλεπώτερον
1505 4720 1583 4781 είς
1624 4717 1779 4789 ὓϐριν
1809 4716 1902 4769 τοῦ

334 4810 571 4879 ἀγαθοῦ·
624 4811 820 4881 μᾶλλον
865 4810 919 4863 δὲ
954 4811 1310 4883 ίσχυρὼτερον
1349 4814 1427 4875 είς
1468 4810 1772 4879 ἀνασκευὴν
1809 4806 1903 4861 τοῦ

337 4898 511 4971 μύθου
537 4917 550 4931 ·
584 4901 741 4972 σῶμα
770 4902 877 4972 γάρ
899 4903 1017 4955 καθ’
1052 4902 1211 4955 ἑαυτὸ
1242 4901 1507 4973 διαιρεθὲν
1530 4900 1621 4953 καὶ
1651 4899 1907 4971 διασκορ-

335 4989 549 5055 πισθὲν,
576 4991 717 5062 (νοῦς
739 4992 846 5064 γάρ
869 4994 928 5045 οὐ
956 4993 1283 5065 διαιρεῖται),
1302 4992 1457 5046 ποίαν
1478 4992 1588 5063 ἔχει
1608 4992 1705 5063 τὴν
1733 4994 1905 5062 ἰσχὺν,

336 5080 479 5135 ὥστε
505 5084 823 5137 ὑποτάττειν
851 5084 949 5156 τὴν
970 5086 1185 5149 κακίαν,
1218 5085 1277 5137 τὸ
1306 5084 1572 5155 τοσαύτην
1608 5101 1665 5151 γε
1704 5083 1907 5154 βλάϐην

338 5177 434 5228 καὶ
466 5176 621 5246 ὓϐριν
654 5180 732 5241 είς
757 5179 855 5249 τὴν
898 5179 1031 5231 ἰδίαν
1078 5178 1236 5247 φύσιν
1263 5179 1574 5249 ὑπομεῖναν,
1614 5178 1688 5240 ὡς
1722 5176 1911 5245 ἠφανί-

342 5266 466 5319 σθαι
496 5270 588 5320 καί¹
618 5270 949 5325 ἀπολωλέναι
989 5271 1163 5324 δοκεῖν
1190 5288 1203 5337 ;
1232 5270 1389 5323 τοῦτο
1428 5270 1535 5342 γὰρ
1568 5270 1698 5323 ἴδιον
1735 5270 1914 5339 σώμα-

334 5371 434 5420 τος
473 5360 963 5431 κατατεμνομένου.

1973 1794 2165 1842 contra
2200 1786 2339 1842 hanc
2374 1784 2635 1847 fabulam,
2668 1799 2787 1853 qme
2825 1784 3125 1838 consistere
3170 1799 3279 1837 non
3326 1793 3502 1854 potest
3539 1802 3551 1837 :

1981 1879 2027 1935 si
2056 1892 2184 1933 vero
2206 1878 2369 1932 etiam
2401 1875 2733 1931 desideravit
2757 1876 2900 1945 quod
2930 1874 3086 1939 vidit,
3123 1876 3189 1929 de
3231 1891 3288 1930 re
3313 1877 3555 1933 omnium

1975 1969 2178 2039 optima
2211 1968 2585 2022 testimonium
2616 1966 2695 2019 illi
2716 1966 2994 2036 perhibuit
3039 1967 3199 2021 homo
3230 1968 3467 2035 stultus;
3499 1976 3558 2021 ut

1976 2057 2226 2112 videatur
2265 2071 2462 2111 nomen
2522 2055 2739 2125 quidem
2794 2055 3057 2124 nequitia:
3109 2056 3438 2127 imposuisse
3482 2060 3554 2123 ei,

1979 2150 2345 2205 substantiam
2408 2163 2539 2204 vero
2588 2149 2783 2203 bonam
2847 2164 2969 2204 esse
3022 2150 3195 2206 eidem
3250 2159 3561 2210 attestatus;

1982 2242 2123 2309 Quid
2157 2244 2301 2297 enim
2330 2243 2507 2311 majus
2532 2256 2652 2297 esse
2673 2250 2884 2311 poterat
2920 2241 2985 2294 ad
3014 2244 3359 2312 probandum
3402 2246 3561 2300 boui-

1980 2343 2169 2399 tatem,
2190 2351 2352 2406 quam
2400 2334 2741 2391 desiderasse
2776 2335 3010 2388 bonum?
3033 2334 3185 2401 Quod
3210 2345 3386 2391 autem
3428 2338 3563 2395 dicit

1982 2426 2409 2497 apprehendisse
2461 2438 2515 2482 et
2576 2426 2950 2491 absorbuisse,
3004 2435 3066 2480 ut
3126 2428 3430 2484 substantia
3466 2429 3561 2485 Dei

1986 2518 2264 2573 contraria
2297 2527 2556 2589 tanquam
2601 2518 2809 2573 semine
2844 2518 2994 2573 ﬁeret
3022 2520 3266 2589 gravida,
3305 2532 3357 2575 et
3379 2520 3565 2576 distri-

1987 2614 2171 2667 buisse
2201 2611 2316 2667 suis
2347 2613 2709 2682 potestatibus
2746 2632 2758 2667 :
2802 2628 2834 2665 ο
2874 2612 3110 2667 furorem
3152 2614 3412 2669 amentis!
3458 2630 3566 2669 non

1988 2704 2164 2757 solum
2198 2702 2354 2767 vidit,
2392 2704 2484 2759 sed
2525 2702 2896 2769 desideravit;
2939 2713 2994 2759 et
3029 2719 3136 2758 non
3172 2712 3383 2759 tantum
3415 2705 3563 2762 desi-

1990 2794 2227 2862 deravit,
2278 2796 2373 2850 sed
2419 2796 2735 2860 absorbuit;
2790 2806 2843 2851 et
2894 2812 3004 2851 non
3051 2798 3225 2852 solum
3264 2799 3567 2864 absorbuit,

1991 2886 2085 2941 sed
2115 2887 2276 2941 etiam
2307 2887 2550 2941 retinuit.
2590 2886 2712 2941 llrec
2736 2888 2918 2941 omnia
2948 2890 3231 2958 perspicztc
3288 2906 3396 2944 non
3436 2906 3571 2945 con-

1992 2978 2217 3031 trariam
2248 2986 2499 3031 naturam
2535 2977 2830 3044 deﬁniunt,
2868 2978 2962 3033 sed
2996 2980 3178 3048 potius
3203 2994 3468 3034 summam
3516 2988 3570 3035 et

1913 3040 1958 3100 C
1993 3066 2314 3121 altissimam
2348 3067 2712 3137 cognitionem
2748 3069 3032 3139 utriusque
3063 3070 3393 3125 concedunt.

2069 3155 2193 3211 Sive
2216 3158 2359 3211 enim
2393 3160 2911 3229 succensens,quod
2947 3160 3164 3229 quidem
3193 3162 3569 3217 ratiocinatio-

1994 3244 2085 3299 nis
2118 3244 2386 3299 indicium
2422 3254 2529 3309 est,
2578 3247 2691 3301 sive
2742 3248 3059 3305 desiderans
3107 3250 3385 3306 absorbuit
3424 3253 3573 3323 quod

1996 3337 2156 3402 vidit,
2211 3340 2325 3391 haec
2354 3338 2514 3408 plane
2559 3340 2625 3394 ad
2660 3346 3103 3398 communitatem
3148 3352 3355 3400 natura:
3402 3347 3572 3416 perti-

1997 3438 2180 3483 neant.
2213 3427 2269 3482 Si
2299 3429 2442 3484 enim
2474 3445 2686 3485 summe
2734 3433 3009 3487 contraria
3051 3432 3312 3502 fuissent,
3366 3450 3573 3506 nequa-

1998 3535 2160 3589 quam
2186 3529 2419 3591 utraque
2451 3523 2709 3577 coissent.
2732 3522 2799 3577 Ut
2821 3524 2927 3577 alia
2957 3526 3223 3593 omittam,
3263 3543 3438 3598 neque
3471 3529 3574 3585 hoc

2002 3613 2267 3668 barbarus
2299 3612 2549 3676 advertit,
2585 3615 2730 3689 quod
2772 3624 3014 3686 potestas
3054 3634 3083 3671 a
3115 3616 3225 3673 Deo
3256 3620 3446 3687 missa,
3494 3620 3573 3675 si-

2001 3705 2217 3774 quidem
2253 3705 2571 3774 incorporea
2617 3718 2755 3773 erat,
2788 3709 3373 3779 nullamvfpartitionem
3422 3728 3575 3767 rece-

2003 3796 2194 3866 pisset,
2217 3804 2277 3849 ut
2309 3797 2459 3850 nullo
2488 3798 2648 3852 modo
2685 3808 2868 3869 posset
2915 3799 3083 3854 dividi
3112 3804 3411 3857 secundum
3446 3804 3575 3859 sub-

2005 3887 2261 3941 stantiam
2296 3886 2350 3940 in
2380 3890 2688 3945 contrarias
2720 3899 3035 3960 potestates,
3076 3907 3138 3947 ac
3168 3896 3342 3949 multo
3391 3896 3575 3950 minus

2005 3979 2286 4033 absorberi
2315 3998 2326 4033 :
2353 3979 2496 4049 quod
2525 3981 2668 4035 enim
2698 3998 2891 4053 expers
2914 3987 3160 4055 corporis
3187 3996 3291 4053 est,
3338 4004 3575 4058 quonam

2007 4071 2169 4125 modo
2213 4072 2607 4127 absorbeatur?
2654 4073 2708 4129 Si
2761 4092 2889 4131 vero
2933 4093 3195 4148 corporea
3230 4091 3368 4145 erat,
3415 4096 3577 4137 omne

2008 4179 2207 4234 corpus
2229 4174 2437 4219 sectum
2474 4178 2526 4220 et
2557 4167 2609 4220 in
2638 4167 2815 4222 frusta
2848 4170 3103 4238 partitum
3144 4173 3377 4242 quodam
3417 4172 3577 4226 modo

2010 4258 2149 4326 perit
2178 4264 2231 4312 et
2259 4273 2365 4311 non
2398 4266 2578 4328 potest
2612 4261 2775 4314 vitam
2827 4276 2981 4315 suam
3024 4263 3225 4318 vivere.
3278 4262 3444 4332 Igitur
3493 4265 3578 4319 vel

1938 4348 2334 4442 Dineorporea
2392 4357 2508 4402 erat
2563 4358 2804 4419 potestas
2845 4366 2874 4403 a
2922 4351 3064 4405 bono
3116 4352 3309 4417 missa,
3334 4360 3389 4408 et
3429 4354 3579 4407 nullo

2012 4439 2175 4492 modo
2205 4441 2460 4509 absorpta
2486 4450 2589 4505 est,
2626 4457 2723 4495 nec
2757 4442 2810 4495 in
2846 4442 3045 4497 multos
3066 4442 3241 4498 divisa
3272 4453 3376 4507 est,
3413 4452 3580 4513 atque

2014 4532 2087 4584 ita
2122 4547 2187 4586 ex
2220 4540 2333 4585 toto
2382 4532 2561 4587 fabula
2597 4533 2809 4587 sublata
2842 4541 2927 4588 est
2960 4553 2973 4588 ε
3018 4534 3101 4588 vel
3136 4549 3397 4605 corporea
3435 4552 3580 4607 qua!-

2012 4622 2135 4676 dam
2172 4632 2413 4693 potestas
2452 4633 2591 4690 erat,
2624 4634 2677 4680 et
2716 4641 2744 4679 a
2779 4626 3020 4696 nequitia
3060 4627 3237 4682 deleta
3278 4635 3363 4682 est
3419 4636 3472 4682 et
3506 4630 3584 4682 in-

2011 4716 2227 4768 teritum
2259 4717 2401 4785 cepit
2429 4734 2443 4783 ;
2474 4716 2618 4787 quod
2645 4727 2727 4772 est
2769 4718 2835 4771 ad
2865 4719 3249 4772 contumeliam
3284 4717 3374 4773 Dei
3406 4719 3579 4773 sccle~

2010 4806 2204 4869 ratius,
2228 4808 2358 4875 quin
2388 4811 2569 4879 potius
2599 4809 2666 4861 ad
2685 4810 3020 4863 eversionem
3045 4809 3241 4864 fabulae
3268 4810 3536 4864 valentius
3565 4828 3577 4862 :

2011 4911 2211 4966 corpus
2235 4898 2380 4952 enim
2412 4914 2505 4969 per
2527 4915 2585 4955 se
2609 4899 2838 4954 divisum
2863 4910 2915 4955 et
2936 4900 3255 4970 dissipatum
3275 4915 3337 4953 ac
3367 4900 3581 4969 disper-

2012 5004 2130 5043 sum
2161 4990 2335 5059 (mens
2364 4994 2506 5047 enim
2526 5009 2632 5047 non
2657 4992 2956 5063 dividitur),
2985 5011 3122 5064 quas
3150 4996 3292 5049 vires
3322 4995 3480 5048 habet
3513 4991 3582 5045 ad

2014 5081 2368 5152 subigendam
2399 5086 2718 5155 nequitiam,
2746 5086 2888 5156 quod
2932 5095 3141 5139 tantum
3194 5086 3576 5142 detrimentum

2013 5184 2067 5228 et
2099 5177 2486 5230 contumeliam
2544 5178 2595 5232 in
2645 5187 2895 5232 naturam
2939 5180 3213 5249 propriam
3253 5180 3483 5249 accepit,
3524 5184 3583 5231 ut

1982 5298 1985 5299 ν
2016 5266 2267 5319 videatur
2294 5269 2531 5323 deletum
2564 5286 2686 5326 esse
2715 5280 2769 5326 et
2806 5270 3111 5327 interiisse?
3144 5271 3244 5327 hoc
3276 5272 3419 5326 enim
3460 5286 3583 5327 cor—

2018 5359 2166 5428 poris
2188 5359 2345 5414 divisi
2378 5363 2654 5431 pr0prium
2688 5375 2790 5421 est.

887 5474 1016 5530 Car.
1061 5474 1246 5529 XXIII.
1289 5475 1427 5529 Deus
1454 5474 1806 5527 substantiam
1841 5482 1992 5525 suam
2026 5489 2127 5525 non
2160 5473 2325 5530 misit.
2354 5472 2539 5529 Manes
2579 5477 2631 5529 in
2668 5476 2827 5530 Deum
2861 5480 3058 5547 (urens.

418 5588 489 5640 Τὸ
526 5588 583 5641 δὲ
619 5587 682 5658 δὴ
730 5587 1205 5659 παραλογώτερον,
1263 5590 1310 5641 εἰ
1353 5587 1582 5657 θελήσας
1632 5586 1765 5649 Θεὸς
1815 5586 1916 5656 γῆν

340 5678 621 5747 ἐξελέσθαι
667 5678 764 5748 τῆς
803 5680 1017 5743 κακίας,
1063 5680 1123 5731 τὸ
1167 5681 1230 5733 ὲκ
1264 5680 1359 5749 τῆς
1406 5680 1538 5742 ἰδίας
1574 5678 1784 5747 φύσεως
1824 5696 1918 5746 γυ-

509 5775 778 5839 ΡΑτιιοι..
812 5775 927 5835 GR.
964 5774 1167 5834 XVIII

2096 5584 2250 5651 Quod
2286 5596 2464 5642 autem
2495 5589 2766 5643 amentius
2803 5598 2904 5657 est,
2935 5591 2978 5647 si
3004 5606 3125 5645 cum
3159 5590 3417 5645 voluisset
3444 5588 3584 5643 Deus

2036 5684 2231 5734 terram
2259 5679 2468 5749 eripere
2501 5680 2779 5751 nequitiae,
2822 5697 2887 5737 ex
2923 5692 3115 5739 natura
3148 5682 3366 5754 propria
3406 5680 3587 5737 emisit

3237 5775 3312 5837 35
