4072 6338
583 312 721 374 1099

1699 294 1835 353 τιτι
1869 286 2301 351 BOSTRENSIS
2339 277 2645 343 EPISCOPI

3630 271 3752 329 H00

582 431 717 492 illud
746 427 949 485 nudum
993 419 1061 478 ad
1113 415 1497 476 contumeliam
1545 424 1599 472 et
1627 409 1904 469 interitum
1958 403 2130 475 ipsius

2238 400 2360 471 μνὸν
2392 396 2699 468 προσήκατο
2713 390 2792 453 είς
2810 386 2967 457 ὓϐριν
2988 381 3241 456 χαλεπὴν,
3274 379 3366 435 καὶ
3377 377 3650 450 διαφθορὰν
3669 383 3755 433 αὖ-

576 519 914 582 substantiae,
952 521 1033 569 tot
1080 510 1297 568 saeculis
1349 520 1628 565 sessurum
1663 508 1717 557 et
1760 496 2130 553 habitaturum

577 617 740 675 simul
780 626 903 667 cum
943 605 1207 678 nequitia,
1238 611 1293 659 et
1320 600 1594 673 particeps
1622 593 1741 665 ejus
1767 591 2034 653 futurum,
2071 600 2135 640 ac

578 724 702 766 cum
726 721 788 763 ea
815 701 1020 778 pariter
1042 703 1412 770 peccaturum.
1436 687 1591 757 Quod
1617 682 1834 756 quidem
1863 680 1944 734 vel
1974 691 2133 731 unam

578 805 769 859 horam
797 769 893 852 aut
913 801 1172 867 punctum
1204 784 1465 856 temporis
1496 775 1859 835 substantiam
1891 769 1984 825 Dei
2009 783 2131 838 pas-

580 912 696 953 sam
747 906 891 955 esse,
914 864 1002 943 tut
1041 881 1299 955 nequitias
1346 875 1592 945 subjecta
1635 874 1804 931 esset,
1840 872 1896 920 et
1933 864 2137 933 pariter

580 1004 704 1044 cum
759 998 824 1041 ea
870 978 1210 1049 deliquisset,
1270 956 1485 1025 omnem
1528 960 1834 1045 amentiam
1892 958 2133 1025 superat.

581 1082 795 1151 Quanto
844 1074 1036 1131 melius
1085 1076 1201 1125 erat
1233 1062 1491 1120 traditam
1539 1070 1663 1112 esse
1701 1060 1927 1112 terram,
1974 1058 2137 1116 quam

581 1168 943 1230 substantiam
976 1164 1066 1219 Dei
1097 1154 1545 1229 comprehensam
1571 1144 1728 1202 esse!
1771 1140 1829 1195 Si
1853 1137 1999 1194 enim
2028 1149 2137 1189 non

583 1260 781 1317 fuisset
813 1252 1034 1310 ferenda
1066 1245 1307 1304 incursio
1334 1243 1389 1296 in
1418 1247 1644 1298 terram,
1683 1238 1744 1286 nt
1785 1225 2012 1282 materia
2049 1238 2141 1275 or-

586 1353 767 1408 dinem
819 1344 1200 1417 perturbaret,
1262 1338 1465 1405 quanto
1509 1326 1691 1380 minus
1750 1316 1969 1375 ferenda
2025 1320 2142 1367 erat

588 1448 735 1497 tanta
787 1402 1047 1497 servitus,
1079 1437 1132 1484 et
1177 1402 1385 1481 naturae
1411 1416 1606 1473 divinae
1656 1408 1946 1479 subjectio,
1980 1402 2141 1472 idque

588 1548 700 1589 non
720 1529 796 1591 ad
829 1523 1211 1583 brevissimum
1242 1525 1478 1584 tempus,
1514 1507 1610 1565 sed
1642 1504 1711 1559 ad
1742 1500 2062 1557 universum
2089 1501 2145 1548 et

588 1626 913 1680 immensum
960 1609 1256 1671 saeculum?
1308 1613 1367 1659 ut
1413 1614 1589 1671 neque
1632 1590 1873 1665 nequitia
1918 1598 2146 1660 peccare

588 1715 896 1774 desisteret,
946 1714 999 1763 et
1032 1704 1175 1759 Deus
1210 1714 1334 1754 cum
1389 1710 1450 1748 ea
1475 1707 1571 1763 per
1609 1690 1930 1761 potestatem
1974 1694 2040 1734 ex
2086 1689 2146 1732 se

591 1805 824 1879 genitam
855 1804 1125 1871 peccaret.

664 1893 817 1952 Unde
845 1900 1188 1958 consequens
1217 1889 1322 1944 est,
1356 1890 1533 1947 neque
1564 1876 1726 1927 deum
1752 1865 1991 1921 voluisse
2021 1859 2147 1915 mit-

590 1997 707 2043 tere
741 1981 997 2055 nequitize
1033 1955 1101 2034 ex
1145 1970 1451 2031 substantia
1496 1980 1597 2022 sua
1629 1961 1865 2034 genitura
1923 1955 1987 2009 ad
2020 1966 2145 2022 pec-

584 2077 827 2135 ‘candum
853 2088 976 2130 cum
998 2085 1060 2127 ea
1093 2089 1106 2124 :
1139 2080 1240 2122 nec
1265 2061 1398 2118 illud
1422 2059 1646 2115 missum
1678 2050 1957 2107 inductum
1981 2044 2150 2099 fuisse

594 2179 648 2228 et
675 2170 1100 2237 obtemperasse,
1133 2166 1193 2212 ut
1217 2154 1284 2210 ad
1312 2160 1522 2206 tantum
1551 2144 1754 2201 malum
1779 2146 1833 2194 et
1861 2136 2003 2190 luem
2026 2145 2151 2202 pro-

586 2264 972 2322 ﬁcisceretur;
1008 2262 1069 2308 ut
1104 2249 1422 2319 impleretur
1448 2239 1657 2297 scilicet
1678 2232 1826 2289 omni
1863 2226 2153 2298 iniquitate

596 2366 651 2414 et
679 2352 968 2424 iniustitia.
1002 2342 1165 2400 simul
1191 2347 1247 2395 et
1279 2336 1578 2406 impietate,
1611 2327 1777 2397 idque
1810 2336 1910 2393 pro
1935 2328 2152 2374 terrena

598 2406 918 2502 liberatione
944 2444 1104 2491 terra:
1132 2445 1240 2485 non
1266 2426 1376 2497 jam
1414 2434 1543 2479 tunc
1585 2423 1777 2487 captae,
1812 2411 1907 2467 sed
1940 2406 2155 2478 capien-

598 2537 702 2601 dae,
734 2540 991 2601 tanquam
1032 2537 1139 2579 non
1172 2517 1438 2589 potuisset
1467 2510 1611 2566 Deus
1642 2506 1802 2562 aliter
1831 2501 1959 2557 huic
1995 2505 2155 2553 terrai

600 2591 865 2702 praeesse.-
910 2617 1048 2673 Vide
1096 2625 1261 2684 quam
1316 2608 1474 2678 plane
1525 2600 1800 2656 inﬁmum
1862 2591 2156 2648 mentiatur

1256 2698 1281 2702 —
1451 2694 1470 2702 ρ
1684 2699 1693 2702 -
1860 2700 1911 2702 --
1972 2680 2120 2702 LL-

607 2680 777 2778 rDeum
805 2709 1137 2770 Maniebmus
1167 2703 1222 2758 in
1255 2698 1422 2755 Deum
1447 2694 1653 2757 furens,
1681 2699 1937 2756 tanquam
1965 2680 2156 2737 defen-

604 2826 697 2869 sor
723 2804 1130 2881 possessionum
1167 2790 1399 2863 alicujus
1424 2784 1638 2860 pupilli,
1661 2790 1714 2837 et
1745 2780 1904 2850 cujus
1931 2763 2160 2831 inﬁrmi-

603 2910 770 2959 tatem
811 2893 1181 2955 necessarium
1219 2892 1304 2942 est
1335 2876 1605 2945 conﬁteri,
1631 2883 1691 2930 ut
1722 2884 1905 2945 partes
1941 2865 2158 2940 patroni

604 2994 843 3067 impleat.
877 2987 948 3044 Ut
980 2985 1124 3041 enim
1156 2985 1348 3036 contra
1383 2970 1680 3029 defendens
1723 2962 2021 3035 nequitiam
2064 2973 2161 3013 ne-

605 3096 877 3160 quaquam
907 3093 1004 3150 per
1044 3090 1104 3131 se
1138 3068 1550 3128 consistentem,
1598 3059 1779 3115 omnia
1810 3053 2027 3127 quidem
2077 3049 2158 3103 fe-

607 3180 751 3236 cisse
780 3179 974 3230 contra
1007 3167 1176 3223 Deum
1197 3164 1406 3222 narrat,
1440 3153 1785 3213 seditionem,
1816 3147 2076 3216 impetum
2107 3141 2162 3195 in

608 3284 699 3326 res
731 3265 872 3337 ejus,
904 3265 1201 3333 postremo,
1229 3248 1374 3322 quod
1408 3255 1492 3303 est
1531 3242 1774 3299 omnium
1805 3232 2166 3309 ﬂagitiosissi-

610 3374 782 3424 mum,
832 3350 1135 3412 obtinuisse
1184 3341 1334 3402 omni
1370 3337 1572 3396 saeculo
1610 3330 1975 3391 substantiam
2024 3324 2164 3395 ejus,

612 3461 841 3521 eamque
875 3445 931 3499 in
968 3439 1205 3497 inﬁnitas
1235 3440 1417 3507 partes
1445 3427 1721 3488 divisisse,
1757 3418 2079 3493 pra-iocare,
2114 3421 2168 3468 et

614 3546 674 3601 in
723 3557 784 3598 se
821 3540 940 3610 ipsa
988 3530 1306 3604 reprimere,
1357 3524 1665 3590 habereque
1701 3529 1820 3571 eam
1858 3510 2062 3567 sociam
2112 3506 2167 3560 in

615 3633 765 3691 omni
788 3641 951 3702 prava
977 3601 1190 3679 actione
1218 3623 1273 3673 et
1313 3607 1757 3681 intemperantia;
1793 3601 1958 3655 Deum
1989 3604 2169 3651 autem

612 3741 732 3793 non
758 3721 1001 3794 potuisse
1028 3716 1210 3771 locum
1239 3722 1398 3765 suum
1421 3705 1532 3760 ullo
1560 3702 1667 3755 alio
1694 3695 1855 3753 modo
1886 3706 2062 3762 neque
2083 3704 2171 3744 va-

611 3819 794 3882 lenter
820 3811 1052 3882 eripere,
1077 3820 1251 3876 neque
1272 3801 1462 3858 saltem
1486 3806 1676 3850 vacare
1701 3804 1730 3843 a
1752 3792 1997 3858 peccato,
2025 3781 2172 3853 quod

611 3916 869 3979 naturam
908 3902 1027 3973 ejus
1049 3897 1298 3955 decebat.

691 4087 820 4153 Qua:
861 4080 1006 4137 enim
1038 4076 1094 4133 id
1123 4070 1266 4142 quod
1310 4082 1373 4122 ex
1408 4066 1528 4135 ipso
1581 4057 1879 4115 secundum
1916 4054 2173 4109 substan-

620 4178 750 4232 tiam
807 4170 1047 4242 genitum
1098 4170 1202 4224 est,
1255 4160 1458 4228 pariter
1505 4166 1626 4206 cum
1688 4145 1912 4203 materia
1959 4146 2171 4211 peccat,

618 4268 782 4340 plane
808 4229 879 4316 in
918 4271 1041 4313 eum
1069 4251 1163 4323 qui
1193 4245 1401 4320 genuit,
1443 4238 1768 4297 redundant.
1821 4231 1913 4287 Sic
1956 4229 2173 4283 demum

620 4316 837 4414 omnem
871 4345 1163 4420 potentiam
1196 4316 1252 4393 in
1280 4336 1447 4389 Deum
1476 4325 1788 4385 testimonio
1833 4335 1934 4378 suo
1985 4316 2176 4373 tribuit

2174 1746 2220 1806 Β

2229 470 2329 562 τῆς
2362 506 2425 559 γε
2442 487 2542 557 τῆς
2557 483 2760 549 οὐσίας,
2776 478 3025 533 τοσοῦτον
3050 474 3218 529 αἰῶνα
3235 470 3587 542 καθεζόμενον
3615 472 3760 543 κακίᾳ

2233 581 2563 651 συνοικῆσον,
2602 576 2695 630 κα)⁸
2730 571 2949 644 μεθέξον
3006 564 3195 637 αὐτῆς,
3251 564 3348 618 καὶ
3384 561 3760 632 συναμαρτῆσον

2234 675 2368 746 αὐτῇ
2386 691 2400 704 ·
2428 673 2563 741 ὅπερ
2587 667 2713 741 μίαν
2737 665 2865 735 γοῦν
2899 662 3046 733 ὥραν
3070 659 3103 731 ἢ
3129 657 3317 729 χρόνου
3348 655 3574 725 στιγμὴν
3600 653 3764 706 παθεῖν

2232 767 2330 836 τὴν
2373 763 2561 819 οὐσίαν
2605 758 2697 814 τοῦ
2747 754 2911 819 Θεοῦ,
2955 752 3030 816 ὡς
3074 750 3403 818 ὑποταγῆναι
3465 745 3640 815 κακίᾳ.
3688 747 3764 796 καὶ

2234 856 2402 927 ταύτῃ
2423 841 2855 923 συναμαρτῆσαι,
2878 844 2971 899 καὶ⁸
3003 843 3215 897 πάντων
3239 837 3566 908 ἀλογώτερον
3590 836 3650 889 ἂν
3674 836 3763 905 εἴη.

2235 949 2346 1002 Καὶ
2376 926 2524 1016 πόσῳ
2573 944 2637 1013 δὴ
2672 941 2875 1013 βέλτιον
2914 933 2982 1007 ἦν
3032 937 3136 1006 γῆν
3180 928 3565 1002 παραδοθῆναι,
3594 926 3765 995 καὶμὴ

2235 1042 2334 1113 τὴν
2382 1037 2569 1091 οὐσίαν
2615 1032 2709 1087 τοῦ
2754 1029 2890 1085 Θεοῦ
2943 1024 3388 1096 καταληφθῆναι;
3437 1022 3499 1074 Ei
3548 1018 3647 1089 γὰρ
3687 1018 3769 1072 οὐκ

2238 1112 2434 1202 ἀνεκτὴ
2473 1128 2608 1201 πρὸς
2638 1124 2862 1190 ἀταξίαν
2907 1122 3007 1191 τῆς
3047 1119 3179 1189 ὕλης
3221 1120 3255 1189 ἡ
3283 1116 3422 1170 κατά
3462 1115 3559 1184 γῆς
3590 1112 3767 1181 ἔφοδος.

2240 1224 2389 1294 πόσῳ
2423 1220 2619 1292 μᾶλλον
2655 1216 2926 1287 ἀφόρητος
2970 1216 3003 1284 ἡ
3040 1210 3274 1279 τοσαύτη
3307 1207 3517 1262 δουλεία
3547 1206 3634 1258 καὶ
3661 1205 3769 1256 6m-

2239 1314 2379 1385 ταγὴ
2403 1313 2500 1382 τῆς
2526 1308 2617 1364 τοῦ
2642 1307 2776 1362 Θεοῦ
2803 1306 3034 1376 φύσεως,
3066 1303 3162 1356 καὶ
3189 1303 3248 1355 οῦ
3286 1301 3421 1372 πρὸς
3444 1300 3503 1353 τὸ
3532 1298 3772 1371 βραχύταε

2238 1425 2350 1471 τον,
2380 1404 2516 1461 ἀλλὰ
2541 1404 2675 1476 πρὸς
2701 1401 2819 1455 ὅλον
2847 1399 2941 1452 καὶ
2965 1397 3192 1452 ἄπλετον
3221 1395 3394 1448 αἰῶνα
3418 1408 3433 1457 ;
3464 1392 3537 1455 ὡς
3576 1389 3664 1458 τὴν
3691 1389 3772 1459 μὲν

2243 1497 2435 1553 κακίαν
2465 1495 2598 1568 (10⁸)
2626 1493 2718 1547 τοῦ
2773 1492 3034 1563 ἁμαρτεῖν
3071 1488 3145 1560 μὴ
3178 1484 3520 1549 πεπαῦσθαι,
3571 1482 3689 1536 Θεὸν
3726 1481 3773 1535 δέ

2245 1556 2674 1660 συναμαρτάνειν
2702 1556 2861 1648 αὐτὸ,
2894 1556 2985 1637 διὰ
3013 1556 3112 1652 της
3134 1556 3213 1644 ’ἐξ
3239 1576 3404 1632 αὑτοῦ
3437 1556 3799 1648 προϐεϐλημέ-’

2247 1699 2343 1754 νης
2374 1678 2663 1750 δυνάμεως.
3498 1693 3508 1705 .

2318 1854 2478 1908 Ὅθεν
2524 1852 2688 1916 εἰκὸς,
2719 1849 2838 1904 οὐδὲ
2875 1849 3003 1903 Θεὸν
3046 1847 3182 1920 πρὸς
3224 1848 3288 1902 τὸ
3328 1844 3775 1916 συνεξαμαρτάνειν

2246 1946 2497 2018 ἐθελῆσαι
2530 1944 2738 2015 πέμψαι
2775 1946 2841 2015 τῇ
2874 1943 3042 2015 κακία
3076 1943 3136 1995 τὸ
3186 1943 3253 1996 ἐκ
3298 1941 3399 2011 τῆς
3432 1941 3609 2002 οὐσίας
3638 1936 3775 1992 αὐτοῦ

2248 2037 2707 2112 προϐεϐλημένον,
2764 2034 2875 2088 οὒτ’
2916 2037 3091 2088 ἐκεῖνο
3131 2033 3427 2103 πεισθῆναί
3474 2050 3550 2098 τε,
3583 2030 3667 2085 καὶ
3695 2030 3777 2082 ὐπ-

2248 2128 2472 2183 ακοῦσαι
2499 2126 2631 2198 πρὸς
2655 2125 2900 2180 τοσοῦτον
2934 2123 3151 2197 ὄλεθρον
3186 2123 3499 2194 ἀφικέσθαι,
3542 2121 3666 2175 ὥστε
3691 2119 3776 2172 πά-

2252 2236 2351 2293 σης
2377 2219 2604 2289 ἀνομίας
2630 2233 2689 2269 τε
2723 2217 2816 2270 καὶ
2844 2215 3073 2279 ἀδικίας,
3103 2214 3218 2287 ἅμα
3257 2216 3352 2268 καὶ
3379 2212 3673 2275 δυσσεϐείας
3700 2214 3775 2280 ip.-

2252 2310 2555 2382 πλησθῆναι
2598 2309 2736 2379 ὑπὲρ
2788 2305 2880 2360 τοῦ
2928 2296 3134 2377 γηῒνου,
3183 2307 3284 2378 τὴν
3335 2306 3436 2378 ήδη
3487 2303 3774 2375 ληφθεῖσαν,

2252 2402 2386 2456 ἀλλά
2401 2400 2497 2473 τὴν
2525 2397 3029 2470 καταλαμϐάνεσθαι
3051 2397 3349 2470 μέλλουσαν
3377 2396 3774 2467 ἐλευθερωθῆναι.

2251 2494 2326 2558 ὡς
2344 2493 2442 2564 οὐχ
2467 2487 2577 2546 οἷόν
2599 2509 2659 2545 τε
2689 2490 2748 2544 ὂν
2775 2492 2970 2563 ἑτέρως
3000 2490 3200 2561 ταύτης
3230 2490 3324 2543 τὸν
3350 2488 3479 2542 Θεὸν
3502 2486 3773 2558 προστῆναι.

2256 2587 2397 2657 Ὅρα
2422 2586 2551 2654 ὃσην
2575 2580 2869 2652 ἀδυναμίαν
2922 2580 3315 2650 καταψεύδεται
3355 2579 3447 2633 τοῦ
3475 2577 3598 2632 Θεοῦ
3629 2574 3775 2643 σαφῶς

2256 2680 2284 2732 ὁ
2312 2676 2452 2731 κατὰ
2485 2674 2576 2728 τοῦ
2609 2673 2741 2728 Θεοῦ
2780 2674 2967 2743 μανείς
2986 2690 2999 2703 ο
3037 2672 3225 2743 ὥσπερ
3270 2671 3560 2743 κτημάτων
3583 2664 3776 2739 ὀρφανοῦ

2258 2787 2398 2833 τινος
2419 2766 2831 2840 προϊστάμενος,
2854 2760 2913 2820 οὗ
2942 2768 3037 2837 τὴν
3059 2765 3342 2819 ἀσθένειαν
3373 2762 3656 2831 ἐπάναγκες
3679 2762 3777 2829 ὁμο-

2259 2862 2504 2933 λογῆσαι,
2530 2860 2616 2913 ἵνα
2648 2859 2717 2913 τὰ
2759 2859 2856 2928 τῆς
2892 2855 3212 2929 συνηγορίας
3259 2854 3547 2925 πληρωθῇ·
3592 2851 3657 2915 ὡς
3692 2849 3775 2921 γὰρ

2261 2953 2586 3015 τούναντίον,
2619 2951 2718 3022 τὴν
2764 2948 3013 3021 οὐδαμῶς
3057 2948 3423 3017 ὑφεστηκυῖαν
3469 2944 3646 2998 κακίαν
3675 2957 3774 3011 πρε·

2267 3044 2492 3108 σϐεύων,
2544 3042 2721 3097 πάντα
2776 3042 2873 3112 μὲν
2924 3039 3092 3111 αὐτὴν
3148 3038 3289 3093 κατὰ
3326 3036 3460 3091 Θεοῦ
3493 3034 3773 3107 δεδρακέναι,

2264 3134 2412 3202 λέγει
2453 3132 2852 3202 ἐπαναστῆναι,
2903 3129 3153 3198 ἐπιϐῆναι
3195 3131 3310 3191 τοῖς
3362 3126 3522 3181 αὑτοῦ
3567 3123 3773 3192 θελῆσαιο

2264 3223 2434 3287 τέλος,
2491 3222 2552 3275 τὸ
2595 3222 2810 3275 πάντων
2848 3218 2987 3273 κατά
3025 3217 3156 3271 Θεοῦ
3194 3218 3583 3287 χαλεπώτερον,
3608 3213 3691 3282 τῆς
3715 3211 3778 3263 οὖα

2267 3314 2387 3378 σίας
2412 3313 2575 3368 αὑτοῦ
2611 3310 2851 3383 ἐγκρατῆ
2888 3309 3175 3380 σύμπαντα
3210 3310 3305 3363 τὸν
3348 3309 3514 3362 αἰῶνα
3557 3302 3774 3375 γενέσθαι,

2265 3407 2359 3461 καὶ
2385 3408 2709 3476 κατατεμεῖν
2736 3403 2957 3475 ταύτην,
2985 3402 3059 3466 ὡς
3086 3402 3186 3456 οὐκ
3213 3401 3503 3472 ἐνδέχεται,
3526 3401 3598 3461 είς
3620 3396 3775 3464 ἄπειρα

2264 3499 2545 3570 τμήματα,
2581 3496 2899 3564 ἀποπνίγειν
2950 3510 3010 3546 τε
3060 3492 3155 3547 καὶ
3197 3492 3507 3546 ἀποθλίϐειν
3545 3492 3598 3542 ἐν
3630 3485 3774 3554 ἑαυτῇ.

2268 3590 2362 3645 καὶ
2391 3587 2728 3661 συμμέτοχον
2777 3586 2972 3656 ἑαυτῆς
3020 3584 3076 3637 ἐν
3128 3583 3281 3658 πάσῃ
3341 3579 3663 3653 κακοπραγίᾳ
3707 3574 3777 3627 καὶ

2268 3681 2532 3753 ἀκολασίᾳ
2576 3680 2744 3751 ἔχειν·
2792 3677 2922 3731 Θεὸν
2970 3676 3026 3730 δὲ
3069 3675 3143 3747 μὴ
3188 3675 3478 3747 δυνηθῆναι
3549 3672 3667 3743 μήτε
3710 3664 3778 3717 τὸν

2269 3777 2401 3831 ἴδιον
2444 3774 2607 3828 τόπον
2655 3771 2837 3843 ἕτερόν
2875 3786 2994 3823 τινα
3037 3768 3237 3841 τρόπον
3289 3764 3613 3839 δραστηρίως
3645 3755 3781 3825 ἐξελέο

2273 3866 2418 3928 σθαι,
2451 3864 2588 3935 μήτε
2620 3862 2680 3915 τὸ
2714 3860 3088 3933 ἀναμάρτητον
3128 3857 3259 3927 γοῦν
3309 3855 3483 3926 ἐαυτῷ
3520 3849 3780 3925 πρεπόντως

2272 3959 2337 4028 τῇ
2379 3953 2535 4025 φύσει
2567 3951 2820 4023 τηρῆσαι.

2349 4048 2412 4099 Ἀ
2447 4044 2556 4116 γὰρ
2603 4043 2664 4096 τὸ
2706 4042 2764 4107 ἐξ
2807 4039 2968 4094 αὐτοῦ
3024 4038 3459 4110 προϐεϐλημένον
3495 4034 3603 4088 κατ’
3636 4026 3780 4082 οὐσίαν

2273 4141 2339 4209 τῇ
2372 4135 2470 4207 ὕλῃ
2501 4115 2801 4195 συναδικεῖ,
2848 4132 3103 4202 ἄντικρυς
3136 4133 3214 4194 είς
3244 4130 3405 4183 αὐτὸν
3442 4122 3693 4195 ἀνατρέχει
3710 4115 3779 4169 τὸν

2276 4223 2731 4298 προϐεϐλημένον.
2788 4219 2943 4291 Οῦτω
2980 4220 3044 4290 δὴ
3094 4220 3274 4273 πᾶσαν
3326 4214 3621 4271 δυναστείαν
3672 4202 3781 4260 κατὰ

2277 4318 2410 4373 Θεοῦ
2436 4319 2501 4388 τῇ
2541 4315 2706 4387 κακίᾳ
2753 4312 3205 4385 προσμαρτυρῶν,
3244 4311 3376 4365 Θεὸν
3421 4310 3474 4363 δὲ
3515 4306 3575 4361 τὰ
3612 4300 3781 4354 πάντων

620 4387 837 4414 υιιιιιειμ
871 4387 1163 4420 γνυνιι-ιυ--η
1197 4387 1252 4393 ---
1285 4387 1297 4389 -
1331 4387 1349 4389 _

620 4447 903 4519 nequitiae;
953 4438 1118 4493 Deum
1153 4445 1282 4487 vero
1324 4426 1455 4481 dicit
1498 4433 1718 4493 passum
1763 4428 1885 4472 esse
1928 4409 2159 4466 omniun‘

1750 4507 1764 4519 ⁸
1875 4514 1884 4519 -
1958 4511 1971 4519 ι
2028 4518 2035 4519 κ
2078 4499 2147 4519 n-

2238 4432 2250 4477 ι
2278 4412 2546 4481 ἀνήκεστα
2579 4407 2711 4476 πρὸς
2750 4406 2914 4477 αὐτῆς
2951 4403 3273 4457 πεπονθέναι
3295 4403 3460 4472 λέγει,
3492 4398 3576 4452 καὶ
3615 4387 3783 4460 τολμῶν

2283 4505 2296 4519 .
2366 4502 2378 4518 ι
2434 4517 2463 4519 _,
2526 4500 2599 4519 εν--
2636 4497 2688 4519 οι
2721 4497 3083 4519 --_-----:____
3125 4494 3219 4519 ,κη
3250 4494 3381 4519 2n--.
3409 4495 3439 4519 ,ι
3480 4483 3783 4519 ιυμηὶεῗτα

624 4498 916 4596 durissima
940 4548 955 4586 :
978 4538 1032 4586 et
1059 4524 1221 4580 audet
1242 4519 1594 4589 subjungere,
1623 4507 1767 4581 quod
1801 4511 2044 4578 potestas
2078 4498 2175 4553 Dei

626 4631 794 4686 missa
821 4621 1018 4695 sopivit
1036 4613 1329 4699 .materiam
1354 4618 1611 4678 tanquam
1639 4602 1874 4657 belluam
1897 4594 2174 4654 cautione,

627 4733 738 4773 non
781 4715 957 4771 solum
985 4685 1197 4765 summe
1236 4698 1531 4763 contraria,
1578 4706 1829 4749 sermone
1878 4685 2024 4742 omni
2060 4694 2179 4754 pro-

625 4808 904 4865 babilitate
933 4807 1155 4859 carente
1188 4796 1446 4857 miscens,
1479 4796 1532 4844 et
1557 4800 1677 4858 quae
1700 4783 1848 4838 nullo
1870 4787 2030 4851 pacto
2058 4788 2180 4829 esse

622 4896 879 4975 posSunt,
904 4892 1201 4952 secundum
1215 4896 1463 4943 naturam
1476 4883 1781 4937 commento
1803 4887 1901 4929 suo
1923 4870 2181 4940 largiens,

628 4993 725 5050 sed
758 4995 948 5046 contra
980 4997 1142 5056 quam
1174 4979 1290 5034 vult
1317 4977 1404 5030 hic
1431 4974 1592 5028 etiam
1621 4966 1915 5023 conficiens
1946 4972 2001 5017 et
2045 4975 2182 5014 con-

629 5080 894 5137 eludens:
921 5091 985 5159 es
1020 5071 1261 5139 utrisque
1293 5064 1436 5122 enim
1476 5062 1552 5115 ait
1582 5059 1725 5112 hunc
1753 5054 1921 5109 Deum
1956 5049 2182 5105 univer-

627 5188 754 5235 sum
795 5171 898 5225 hoc
943 5142 1263 5221 fabricatum
1312 5169 1454 5212 esse.
1509 5151 1718 5223 Corpus
1767 5162 1897 5203 vero
1944 5142 2181 5199 hominis

627 5279 754 5322 esse
786 5259 1003 5333 quidem
1026 5253 1305 5326 nequitiae;
1341 5246 1578 5304 animam
1606 5255 1735 5296 vero
1765 5238 1880 5300 Dei,
1914 5235 2029 5291 sive
2062 5246 2187 5287 cum

632 5359 746 5415 sint
788 5355 951 5410 unius
1001 5350 1206 5411 formae.
1270 5347 1385 5401 sive
1439 5354 1564 5395 cum
1612 5335 1723 5406 jam
1776 5347 1844 5388 ex
1893 5326 2187 5384 contrariis

629 5448 968 5521 composita;
996 5455 1227 5514 quorum
1272 5442 1549 5495 neutrum,
1595 5436 1655 5484 ut
1688 5425 1849 5498 paulo
1878 5431 1997 5494 post
2028 5418 2197 5474 doceJ

634 5540 851 5605 bimus,
893 5510 1192 5593 consistere
1241 5533 1439 5599 potest.
1504 5521 1726 5591 Corpus
1785 5525 1967 5569 tamen
2012 5510 2187 5568 solum

2281 4502 2493 4571 ἐπάγει,
2523 4500 2605 4551 ὅτι
2631 4497 2693 4569 δὴ
2720 4497 3084 4568 κατεκοίμησε
3123 4494 3219 4566 τὴν
3250 4494 3381 4565 ὓλην
3409 4495 3442 4562 ὴ
3478 4483 3784 4545 ἀποσταλεῖεα

2282 4591 2374 4648 τοῦ
2418 4589 2550 4644 Θεοῦ
2601 4589 2845 4659 δύναμις,
2882 4588 2957 4651 ὡς
2996 4587 3056 4640 τὸ
3101 4586 3287 4658 θηρίον
3334 4585 3527 4656 ἐπῳδῇ,
3568 4580 3621 4631 οὐ
3660 4574 3784 4646 μόνον

2284 4684 2561 4746 ἀπιθάνως
2585 4682 2651 4734 τὰ
2676 4658 2858 4753 ἄκρως
2882 4678 3097 4732 ἐναντία
3129 4677 3206 4748 τῷ
3236 4678 3378 4751 λόγῳ
3405 4671 3610 4746 κιρνῶν,
3637 4664 3715 4719 καὶ
3735 4658 3784 4711 τὰ

2289 4776 2550 4849 μηδαμῶς
2579 4773 2717 4828 κατά
2755 4771 2914 4841 φύσιν
2951 4770 3269 4840 ἐνδεχόμενα
3302 4767 3379 4839 τῷ
3419 4765 3525 4835 ἰδίῳ
3558 4757 3784 4824 πλάσματι

2288 4839 2659 4941 δίαριξόμενος,
2703 4839 2835 4918 ἀλλά
2881 4863 2973 4916 καὶ
3019 4839 3321 4914 τούναντίον
3378 4858 3410 4929 ἦ
3452 4854 3688 4928 βούλεται,
3716 4839 3786 4896 καὶ

2289 4958 2518 5012 ἐνταῦθα
2543 4952 2984 5017 κατασκευάζων
3023 4950 3080 5016 ἐξ
3114 4951 3313 5021 ἀμφοῖν
3359 4948 3454 5020 μὲν
3488 4943 3587 5014 γάρ
3620 4933 3787 4990 τούτοιν

2290 5051 2424 5122 φησὶ
2451 5049 2579 5102 Θεὸν
2605 5047 2794 5116 δημιου
2805 5044 3000 5116 ργῆσαι
3023 5018 3222 5094 τόδετὸ
3248 5018 3381 5095 πᾶνλ
3427 5035 3515 5090 τοῦ
3548 5033 3598 5086 δὲ
3628 5018 3788 5094 ἀνθρὼ-

2292 5158 2392 5192 που
2419 5135 2553 5192 εἶναι
2580 5137 2674 5207 μὲν
2705 5135 2763 5187 τὸ
2794 5132 2953 5203 σῶμα
2974 5132 3070 5202 τῆς
3093 5130 3288 5193 κακίας
3305 5147 3317 5160 ·
3344 5122 3476 5180 εἶναι
3514 5121 3564 5175 δὲ
3600 5114 3683 5183 τὴν
3710 5108 3788 5177 ἦν’

2286 5231 2385 5302 χὴν
2418 5229 2510 5281 τοῦ
2550 5198 2775 5293 ἀγαθοῦ,
2810 5198 2915 5278 εἴτε
2950 5198 3213 5294 μονοειδῆ,
3243 5221 3349 5274 εἴτε
3380 5206 3714 5284 συγκειμένην
3738 5198 3787 5249 ὲκ

2286 5321 2393 5374 τῶν
2423 5320 2676 5373 ἐναντίων
2697 5338 2708 5350 ·
2751 5319 2845 5373 καὶ
2869 5316 3058 5390 ταύτῃ,
3091 5314 3165 5379 ὡς
3192 5312 3439 5383 ἑκάτερον
3466 5301 3636 5377 μικρὸν
3664 5293 3786 5344 ὓστε-

2292 5432 2380 5488 ρον
2416 5412 2679 5484 δείξομεν,
2714 5411 2971 5465 σύστασιν
3008 5382 3125 5461 οὐδὲ
3155 5405 3281 5479 μίαν
3310 5382 3442 5474 ἕχον.
3473 5394 3619 5465 Σῶμα
3644 5382 3784 5457 μέντοι

3577 5481 3596 5488 _
3684 5467 3781 5488 με.

2288 5507 2409 5562 καθ’
2442 5504 2599 5558 ἑαυτὸ
2625 5504 2776 5558 οὐδὲν
2815 5502 2924 5558 τῶν
2964 5499 3149 5557 κακῶν
3180 5497 3288 5553 οὐδ’
3314 5492 3523 5556 ἐπινοεῖ,
3548 5481 3654 5538 οὔτε
3680 5467 3781 5543 595'

630 5766 635 5770 ,
708 5691 839 5771 μιν)
875 5687 1124 5749 Κακίαν.
1169 5683 1467 5740 Neauitiam
1506 5685 1663 5736 vocat
1710 5689 1926 5747 semper
1978 5671 2159 5725 Satan:

2277 5673 2485 5724 auctor.
2522 5662 2693 5719 Tuan.
