4072 6338
331 345 458 402 1101

1383 344 1750 403 ADVERSUS
1789 344 2373 430 MANICHEOSLEB.
2417 344 2456 398 Ι.

3440 339 3578 394 “02

323 461 448 515 οὔτε
475 460 581 532 γὰρ
621 461 854 530 φονεύει,
884 459 1006 514 οὔτε
1037 460 1296 532 μοιχεύει,
1333 461 1454 516 οὔτε
1477 463 1744 535 λῃστεύει,
1775 465 1896 519 οὔτε

2010 481 2063 518 ac
2096 479 2192 534 per
2223 480 2284 520 se
2334 463 2473 518 nihil
2515 461 2644 518 mali
2693 475 2872 532 neque
2913 457 3139 531 cogitat.
3187 474 3366 530 neque
3405 460 3575 527 facit;

325 549 453 605 ἄλλο
497 568 550 603 τι
583 551 690 606 τῶν
715 550 1066 623 ἀδικημάτων
1099 551 1410 623 ἐργάζεται,
1441 553 1616 624 ψυχῆς
1648 555 1795 626 αὐτῷ
1824 556 1898 627 μὴ

325 644 629 720 παρούσης.

2009 573 2114 610 non
2140 557 2286 612 enim
2321 556 2545 618 occidit.
2577 570 2754 626 neque
2793 554 3156 618 adulteretur,
3192 567 3369 623 neque
3402 551 3576 606 latro-

2004 652 2241 714 einatur,
2287 666 2388 704 nec
2437 649 2600 704 aliam
2630 647 2891 719 iniuriam
2925 645 3074 713 facit,
3122 661 3249 701 cum
3284 659 3392 700 non
3426 645 3581 700 adeSt

2004 757 2206 797 anima.

1337 850 1469 904 Car.
1512 848 1700 906 XXIV.
1734 847 1924 905 Mistio
1959 857 2152 908 anima:
2185 872 2303 908 cum
2340 871 2578 924 corpore.

401 966 590 1020 Καίτοι
622 963 823 1018 τούτων
858 963 952 1017 καὶ
991 962 1099 1016 τῶν
1127 961 1380 1015 τοιούτων
1421 963 1607 1016 ἕνεκεν
1634 966 1910 1036 ἐπινενόη-

328 1077 418 1114 ται
458 1058 536 1128 τῷ
564 1058 798 1112 Μάνεντι
846 1057 941 1128 τῆς
986 1056 1234 1118 ἐναντίας
1271 1055 1444 1126 ἀρχῆς
1495 1057 1528 1126 ὴ
1577 1056 1904 1120 ὑπόστασις,

332 1154 427 1206 καὶ
455 1153 560 1205 τῶν
588 1150 838 1204 ἐναντίων
882 1151 915 1221 ἡ
959 1151 1171 1220 κρᾶσις.
1221 1149 1296 1211 ὡς
1341 1147 1406 1201 ἂν
1447 1147 1507 1202 τὸ
1534 1150 1703 1202 αἴτιον
1731 1150 1908 1203 αὐτῶν

329 1243 599 1316 εὑρεθείη.
652 1244 715 1295 Εί
761 1242 816 1295 δὲ
865 1243 898 1311 ἡ
943 1243 1136 1313 κρᾶσις
1179 1241 1279 1310 τῆς
1323 1240 1500 1310 ψυχῆς
1552 1241 1645 1294 τοῦ
1703 1242 1906 1310 ἀγαθοῦ

330 1338 466 1408 πρὸς
499 1335 562 1389 τὺ
596 1334 752 1406 σῶμα
788 1333 882 1388 τοῦ
925 1333 1118 1397 κακοῦ,
1162 1332 1269 1386 τῶν
1319 1333 1670 1404 ἀδικημάτων
1701 1333 1910 1405 ἀνθρώ-

329 1450 451 1496 ποις
512 1432 749 1502 παρέσχε
804 1432 903 1494 τὰς
958 1429 1243 1500 ἀφορμὰς,
1297 1427 1416 1482 καθ’
1469 1429 1629 1482 ἑαυτὸ
1682 1429 1789 1503 γὰρ
1847 1431 1908 1483 οὐ

330 1522 640 1594 πλημμελεῖ
685 1521 840 1591 σῶμα
864 1536 879 1552 ⁸
913 1520 1119 1590 βέλτιον
1165 1516 1232 1590 ἦν
1270 1519 1344 1590 μὴ
1400 1519 1772 1592 συγκραθῆναι
1811 1522 1910 1593 τὴν

331 1617 718 1686 πεπλασμένην
752 1614 844 1666 τοῦ
881 1613 1086 1681 ἀγαθοῦ
1125 1613 1354 1684 δύναμιν
1399 1615 1462 1684 τῇ
1507 1613 1580 1684 μὴ
1627 1611 1762 1686 οὔσῃ
1813 1631 1912 1667 κα-

330 1711 453 1784 κίᾳ.-
491 1711 551 1763 οὑ
585 1709 692 1779 γάρ
725 1708 788 1762 ἂν
821 1707 927 1759 τῶν
976 1706 1115 1759 κατὰ
1145 1705 1460 1777 ἀνθρώπους
1496 1707 1911 1777 ἁμαρτημάτων

2072 969 2238 1038 Atqui
2290 969 2360 1022 ob
2401 969 2542 1023 hanc
2591 984 2815 1024 causam
2861 968 3196 1039 excogitavit
3245 966 3578 1022 Manicha'us

2003 1059 2338 1132 hypostasim
2382 1063 2635 1132 principii
2685 1062 2950 1118 contrarii
2987 1070 3040 1117 et
3090 1061 3401 1116 mistionem
3446 1075 3579 1114 eon-

2005 1154 2322 1218 trariorum,
2360 1165 2419 1208 ut
2455 1170 2621 1209 causa
2664 1155 2931 1208 malorum
2979 1154 3336 1224 reperiretur.
3387 1151 3494 1208 Sed
3531 1153 3578 1209 si

2007 1244 2265 1301 admistio
2305 1246 2522 1309 animm,
2563 1261 2682 1316 qua:
2719 1245 2810 1301 Dei
2842 1253 2948 1310 est,
2986 1261 3111 1300 eum
3144 1261 3401 1317 corpore,
3435 1245 3581 1315 quod

2009 1339 2233 1403 diaboli,
2266 1356 2461 1396 causas
2497 1350 2551 1395 et
2587 1340 2884 1410 primordia
2924 1341 3248 1410 iniuriarum
3297 1354 3362 1393 ac
3389 1352 3582 1409 pecea—

2007 1441 2184 1486 torum
2211 1434 2525 1488 hominibus
2555 1434 2804 1503 przebuit,
2837 1448 2933 1503 per
2962 1448 3021 1488 se
3049 1440 3229 1488 autem
3267 1445 3376 1486 non
3407 1430 3586 1494 delia.

2005 1526 2126 1597 quit
2169 1541 2410 1594 corpus:
2440 1526 2638 1580 melius
2679 1535 2819 1588 erat,
2853 1534 2910 1578 ut
2943 1525 3124 1578 anima
3177 1539 3206 1578 a
3238 1523 3348 1578 Deo
3395 1529 3579 1577 creata

2007 1631 2113 1669 non
2151 1615 2549 1671 admisceretur
2592 1616 2852 1679 nequitiae
2903 1631 3012 1669 non
3061 1615 3297 1670 exstanti
3329 1614 3580 1668 :nullum

2007 1710 2152 1763 enim
2180 1726 2246 1762 ex
2273 1710 2665 1779 peccatisquaa
2701 1710 2947 1764 homines
2975 1708 3346 1771 committunt,
3379 1707 3435 1761 in
3466 1707 3578 1760 vita

327 1805 478 1858 οὐδὲν
508 1798 868 1862 ἐπολιτεύετο,
903 1799 1010 1852 οὐδ’
1044 1798 1108 1852 ἂν
1138 1799 1377 1870 ὑπῆρχεν
1416 1799 1572 1862 ὅλως.
1610 1800 1766 1862 Ποῐος
1798 1798 1906 1871 γάρ

2010 1809 2327 1856 cerneretur
2367 1817 2545 1871 neque
2589 1805 2806 1873 penitus
2838 1809 3015 1880 esset.
3045 1800 3200 1866 Quod
3250 1800 3394 1854 enim
3433 1807 3580 1855 esset

327 1893 396 1968 ἦν
429 1899 457 1950 ὁ
492 1896 669 1964 φόνος,
697 1892 790 1946 τοῦ
825 1892 1179 1962 φονευομένου
1229 1892 1302 1961 μὴ
1343 1890 1517 1954 ὄντος,
1554 1892 1666 1960 εἴγε
1707 1891 1781 1962 μὴ
1820 1891 1906 1943 διὰ.

325 1988 424 2057 τῆς
455 1987 562 2040 τῶν
601 1984 854 2038 ὲναντίων
909 1984 1179 2054 κράσεως,
1233 1981 1385 2035 κατά
1424 1983 1514 2035 τὸν
1567 1983 1904 2051 γελοιότατον

326 2077 502 2147 λόγον,
557 2074 797 2144 ἐγεγόνει
850 2073 1092 2143 κόσμοςς
1141 2070 1269 2124 ποία
1322 2071 1364 2123 δ’
1418 2071 1482 2124 ἂν
1532 2071 1762 2142 μοιχεία,
1810 2071 1903 2124 τοῦ

331 2168 585 2239 σώματος
619 2165 692 2237 μὴ
720 2165 890 2228 ὄντος,
923 2165 1055 2235 μήτε
1090 2162 1209 2216 καθ’
1242 2162 1402 2216 ἑαυτὸ
1435 2161 1563 2231 γοῦν
1591 2162 1908 2234 ἐπιθυμοῦν-

323 2279 435 2326 τος,
473 2264 518 2315 εί
560 2261 633 2332 μὴ
665 2259 811 2331 ψυχὴ
865 2261 896 2330 ή
947 2257 1036 2312 τοῦ
1086 2256 1291 2325 ἀγαθοῦ
1326 2256 1719 2328 κατεπέμφθης
1764 2257 1906 2310 δυοῖν

326 2355 436 2428 γὰρ
481 2354 726 2426 θάτερονο
777 2353 809 2424 ἢ
853 2351 944 2405 τοῦ
989 2350 1192 2420 ἀγαθοῦ
1236 2349 1512 2422 οἰκονομίᾳ
1540 2349 1645 2420 χρὴ
1679 2350 1905 2419 φάσκειν

330 2444 601 2501 συνελθεῖν
652 2442 927 2506 τάναντία,
989 2445 1074 2497 ἵνα
1116 2442 1338 2513 γένηται
1389 2441 1463 2506 ὡς
1520 2442 1656 2513 πρὸς
1701 2442 1905 2510 ἀγαθοῦ

325 2539 551 2610 κόσμος,
578 2535 671 2592 καὶ
698 2536 833 2599 ὅλως
862 2535 1021 2598 αὐτὸς
1059 2534 1228 2598 αἴτιος
1254 2534 1319 2588 ἀν
1359 2533 1444 2604 εἴη
1474 2532 1581 2587 τῶν
1611 2534 1668 2588 ὲν
1699 2533 1906 2604 ἀνθρώ-

325 2648 449 2700 ποις
480 2633 685 2694 κακῶν,
715 2632 825 2698 εἴγε
851 2629 988 2684 ἑκὼν
1016 2631 1082 2699 τῇ
1111 2627 1278 2698 κακία
1323 2627 1733 2698 προσεχρήσατο
1765 2625 1906 2680 κατὰ

324 2726 435 2780 τῶν
467 2725 873 2795 γενησομένωνο
924 2722 957 2791 ἢ
1003 2721 1226 2791 ἐϐιάσθη
1270 2719 1406 2790 πρὸς
1432 2721 1530 2789 τῆς
1564 2720 1776 2782 κακίας,
1816 2720 1909 2771 καὶ

325 2818 428 2887 ἥδη
462 2815 528 2869 τὰ
564 2816 852 2886 νικητήρια
902 2812 1040 2867 κατά
1084 2813 1174 2865 τοῦ
1227 2811 1429 2879 ἀγαθοῦ
1471 2813 1832 2883 ἀπενήνεκται

327 2910 496 2966 κακία

2013 1891 2360 1946 homicidium
2398 1892 2614 1947 nemine
2641 1892 2863 1946 occiso?
2897 1891 2951 1944 Si
2985 1907 3080 1961 per
3106 1891 3419 1946 mistionem
3446 1904 3581 1943 con—

2011 1984 2325 2046 trariorum,
2357 1992 2414 2036 nt
2461 1993 2545 2039 est
2581 1985 2631 2038 in
2658 1985 2758 2038 hac
2781 1983 2963 2040 fabula
3000 1984 3254 2049 ridicula,
3293 1998 3402 2036 non
3439 1980 3581 2034 fu’s-

2011 2085 2092 2128 set
2137 2075 2313 2130 factus
2368 2077 2646 2130 mundus:
2682 2076 2827 2146 quod
2879 2076 3202 2130 adulterium
3263 2082 3409 2129 esset
3470 2088 3579 2127 non

2013 2176 2263 2222 exstante
2293 2184 2544 2237 corpore,
2573 2184 2748 2239 neque
2780 2184 2874 2238 per
2902 2183 2959 2222 sc
2991 2167 3436 2237 eoneupiseente,
3471 2165 3580 2219 nisi

2014 2257 2192 2310 anima
2223 2274 2342 2327 qua:
2369 2256 2461 2311 Dei
2488 2267 2593 2320 est,
2623 2257 2790 2311 missa
2821 2265 2966 2312 esset
2993 2258 3046 2310 in
3083 2257 3315 2325 corpus?
3347 2256 3578 2310 alterum

2011 2351 2155 2403 enim
2205 2365 2269 2404 ex
2313 2349 2528 2403 duobus
2571 2350 2932 2419 relinquitur:
2971 2359 3062 2403 aut
3100 2349 3388 2403 dicendum
3434 2363 3579 2411 esse,

2011 2441 2407 2512 gubernatione
2445 2441 2537 2497 Dei
2563 2443 2790 2512 provida
2817 2444 2996 2497 coisse
3042 2444 3338 2507 contraria,
3375 2448 3436 2494 ut
3466 2447 3583 2493 tan-

2010 2549 2175 2604 quam
2226 2549 2256 2588 a
2307 2535 2453 2589 bono
2489 2535 2596 2590 Deo
2627 2535 2781 2589 fleret
2834 2535 3093 2599 mundus,
3145 2545 3307 2604 atque
3350 2535 3424 2587 ita
3464 2533 3584 2603 ipse

2010 2629 2234 2683 omnino
2280 2629 2548 2683 malorum
2586 2628 2640 2682 in
2693 2629 3005 2684 hominibus
3049 2634 3242 2682 auctor
3293 2633 3463 2690 esset,
3509 2625 3586 2703 si-

2014 2721 2233 2792 quidem
2273 2721 2463 2777 volens
2507 2738 2642 2776 usus
2695 2729 2779 2776 est
2822 2721 3062 2791 nequitia
3113 2727 3305 2775 contra
3355 2733 3452 2774 eos
3489 2717 3584 2789 qui

2017 2813 2426 2878 fuluriessent;
2481 2822 2576 2868 aut
2606 2814 2656 2866 vi
2695 2829 2944 2867 coaetum
2982 2829 3104 2868 esse
3147 2828 3176 2866 a
3222 2811 3489 2882 nequitia,
3531 2817 3588 2863 et

2009 2905 2121 2975 iam
2173 2906 2471 2974 nequitiam
2516 2906 2804 2961 victoriam
2841 2905 3056 2960 devicto
3089 2905 3198 2960 Deo
3248 2912 3583 2975 reportasse.

328 3025 463 3080 Car.
506 3022 671 3077 XXV.
716 3019 949 3074 Materia
992 3027 1112 3070 ante
1153 3016 1468 3070 creationem
1508 3017 1652 3070 mala
1694 3017 1866 3083 facere
1908 3032 2008 3097 non
2043 3015 2234 3084 potuit.
2278 3014 2348 3069 De
2394 3014 2576 3068 mundi
2614 3016 2878 3069 creatinne
2921 3014 3155 3069 absurda
3202 3013 3430 3069 Manetis
3468 3030 3587 3068 sen-

1855 3096 2036 3139 tentta.

406 3211 561 3272 Ποῖος
593 3207 702 3276 γὰρ
747 3200 835 3275 ἦν,
873 3197 1026 3265 αὖθις
1057 3201 1219 3269 λέγω,
1252 3217 1428 3270 φονος,
1463 3202 1511 3254 εί
1545 3201 1678 3272 μήτε
1709 3200 1907 3272 ἄνθρω-

2089 3197 2194 3253 Sed
2242 3198 2421 3254 dicam
2466 3198 2686 3262 iterum,
2737 3182 2898 3270 q‘d‘ale
2948 3198 3303 3254 homicidium
3349 3207 3488 3263 erat,
3539 3200 3587 3255 si

332 3320 433 3365 πος
460 3296 547 3372 ἦν,
577 3300 712 3370 μήτε
747 3295 916 3363 ξίφος,
949 3295 1086 3364 μήτε
1116 3292 1244 3346 ἄλλο
1273 3309 1325 3345 τι
1356 3292 1462 3344 τῶν
1490 3292 1721 3360 φονικῶν
1752 3293 1913 3362 ἐργα-

328 3390 510 3454 λείων,
543 3391 590 3441 εί
639 3386 714 3459 μὴ
758 3383 846 3438 διὰ
882 3384 978 3455 τῆς
1031 3382 1246 3436 συνόδου
1298 3382 1406 3434 τῶν
1452 3380 1702 3434 ἐναντίων
1753 3396 1913 3434 κατε-

330 3480 606 3552 σκευάσθη
637 3483 664 3533 ὁ
691 3479 930 3548 κόσμος;
974 3475 1038 3528 'H
1067 3474 1175 3547 γὰρ
1206 3474 1304 3546 ὕλη
1333 3473 1456 3527 καθ’
1483 3473 1703 3544 ἑαυτὴν,
1734 3475 1779 3525 εί
1821 3473 1914 3526 καὶ

332 3572 471 3644 πρὸς
505 3569 764 3640 ἀλλήλους
811 3567 857 3618 οἱ
906 3562 965 3627 ἐξ
1010 3565 1181 3634 αὐτῆς
1234 3561 1575 3628 ἐστασίαζον,
1617 3563 1774 3632 φόνον
1817 3562 1912 3632 μὲν

327 3669 431 3721 οὐκ
455 3664 591 3735 ᾔδει,
621 3663 683 3715 οὐ
732 3660 838 3733 γὰρ
884 3655 996 3731 εἶχε
1048 3657 1260 3728 θνητὸν,
1291 3656 1350 3710 ὃν
1389 3657 1635 3727 φονεύει⁹
1671 3657 1914 3726 μοιχείαν

328 3759 538 3830 ἠγνόει,
586 3756 645 3810 οὐ
682 3755 789 3824 γὰρ
820 3753 1210 3823 κατεγγυήσεις
1244 3750 1436 3820 γάμων
1468 3752 1593 3820 παρ’
1615 3751 1750 3820 αὐτῇ
1784 3750 1911 3800 επο-

328 3845 621 3899 λιτεύοντοε
646 3845 706 3896 οὐ
743 3843 848 3914 μὴν
877 3841 984 3895 οὐδ’
1016 3841 1453 3908 ἐσυκοφαντεῖτο,
1485 3839 1604 3892 οὐδὲ
1636 3839 1745 3910 γὰρ
1776 3839 1911 3902 ὅλως

329 3938 395 3994 τὸ
437 3938 639 4011 κρίνειν
691 3931 854 4007 εῖχεν,
897 3934 1088 4003 ἄλογος
1110 3929 1274 3986 οὖσα’
1318 3931 1678 4004 φιλαργυρίας
1711 3931 1767 3984 δὲ
1805 3931 1912 3984 τῶν

330 4031 518 4087 κακῶν
549 4030 648 4100 τῆς
679 4028 832 4101 ῥίζης
871 4029 964 4082 καὶ
994 4025 1314 4097 φιλοδοξίας,
1347 4025 1464 4078 οὐδὲ
1510 4025 1614 4088 ἕως
1642 4041 1911 4096 προσηγο-

335 4119 459 4194 ρίας
493 4119 797 4190 ἐμέμνητο·
827 4119 860 4187 ἡ
897 4116 1005 4188 γὰρ
1031 4115 1371 4188 φυλαργυρία
1397 4115 1548 4187 παρά
1583 4114 1910 4188 ἀνθρώποις,

329 4215 421 4269 διὰ
444 4212 540 4284 τὴν
568 4211 776 4284 χρείαν,
801 4206 868 4282 ἧς
895 4209 1234 4281 ὴλευθέρωτό
1277 4225 1341 4278 γε
1389 4209 1568 4279 ἐκείνη
1587 4226 1598 4238 ·
1634 4208 1726 4262 καὶ
1757 4210 1790 4276 ὴ
1825 4226 1912 4278 φι-

331 4307 540 4371 λοδοξία
577 4303 837 4375 λογισμοῦ
887 4302 1076 4365 πάθος,
1116 4297 1184 4375 ἦς
1225 4301 1284 4354 οὐ
1321 4304 1588 4371 μετεῖχεν,
1629 4301 1911 4369 ἀλόγιστος

330 4394 484 4454 οὖσα·
512 4395 922 4468 γαστριμαργία
959 4411 1014 4448 τε
1050 4395 1142 4448 καὶ
1180 4395 1424 4465 πορνεία,
1470 4393 1564 4446 καὶ
1586 4394 1911 4465 ἀρρενοςρθο-

334 4493 427 4565 pia.
468 4493 597 4562 παρ’
629 4489 762 4559 αὐτῇ
800 4487 982 4560 χώραν
1014 4487 1114 4540 οὐκ
1142 4482 1253 4557 εἶχε
1276 4502 1290 4515 ’
1327 4486 1422 4539 καὶ
1465 4486 1697 4548 συνόλως
1731 4487 1907 4540 πάντα

2015 3306 2191 3361 neque
2221 3291 2384 3346 homo
2415 3299 2556 3360 erat,
2606 3307 2780 3362 neque
2813 3292 3047 3362 gladius,
3081 3309 3183 3348 nec
3225 3293 3370 3347 aliud
3413 3309 3588 3366 genus

2018 3383 2107 3437 teli
2136 3390 2230 3436 aut
2257 3383 2608 3439 instrumenti
2643 3383 2711 3437 ad
2757 3383 3140 3451 occidendum,
3184 3385 3292 3440 nisi
3323 3401 3418 3456 per
3452 3400 3588 3441 con-

2011 3473 2351 3544 iunctionem
2383 3475 2784 3530 contrariorum
2811 3475 3108 3532 aedificatus
3140 3487 3286 3532 esset
3312 3478 3587 3534 mundus?

2015 3567 2239 3623 Materia
2270 3568 2415 3623 enim
2448 3585 2543 3640 per
2571 3584 2629 3625 se
2650 3584 2712 3624 ac
2730 3570 2866 3634 sola,
2900 3584 3210 3640 quanquam
3235 3570 3346 3625 nati
3370 3587 3432 3627 ex
3470 3573 3586 3642 ipsa

2016 3657 2338 3714 seditionem
2379 3660 2436 3714 in
2489 3659 2701 3729 seipsos
2740 3660 3051 3723 movebant,
3079 3659 3433 3716 homicidium
3467 3664 3590 3732 qui-

2013 3751 2135 3807 dem
2169 3751 2487 3822 ignorabat;
2521 3750 2628 3806 ndn
2655 3751 2800 3806 enim
2834 3750 3068 3806 habebat
3091 3755 3400 3818 mortalem,
3424 3771 3588 3824 quem

2013 3844 2318 3911 occideret;
2370 3843 2696 3899 adulterium
2744 3844 3048 3910 nesciebat,
3083 3846 3210 3915 quia
3257 3848 3590 3916 sponsiones

2013 3935 2331 4006 nuptiarum
2379 3935 2524 4006 apud
2573 3950 2693 3990 eam
2739 3951 2851 3989 non
2884 3938 3286 3992 versabantur:
3319 3955 3420 3994 nec
3471 3948 3589 3994 erat

2013 4026 2309 4090 calumnia,
2342 4026 2568 4080 omnino
2597 4027 2743 4081 enim
2765 4028 3014 4096 indicare
3037 4043 3146 4082 non
3178 4038 3408 4100 poterat,
3441 4041 3588 4088 esset

2013 4131 2136 4172 cum
2183 4117 2412 4172 rationis
2460 4133 2674 4187 expers.
2713 4116 2999 4190 Cupiditas
3035 4127 3214 4175 autem
3247 4121 3583 4188 divitiarum,

2013 4226 2133 4280 quae
2166 4218 2248 4266 cst
2285 4211 2528 4264 omnium
2561 4195 2830 4266 malorum
2866 4212 3044 4275 radix,
3088 4227 3156 4268 ne
3199 4215 3588 4272 nominabatur

2013 4303 2267 4374 quidem;
2304 4302 2577 4373 cupiditas
2623 4303 2769 4356 enim
2803 4303 3116 4357 divitiarum
3149 4302 3292 4374 apud
3338 4305 3586 4363 homines

2011 4405 2096 4454 est
2134 4404 2357 4468 propter
2403 4413 2561 4451 usum
2597 4403 2651 4450 et
2698 4397 3106 4462 necessitatem,
3141 4413 3248 4467 qua
3296 4408 3415 4454 erat
3448 4401 3586 4456 libe-

2013 4495 2130 4540 rata
2179 4486 2428 4542 materia.
2473 4487 2710 4541 Ambitio
2743 4503 2850 4542 non
2895 4488 3254 4558 participabat
3295 4493 3586 4561 perturba-

328 4586 399 4638 τὰ
438 4583 585 4638 κακὰ
623 4582 660 4636 ἀ
707 4580 857 4651 παρὰ
889 4579 1192 4653 ἀνθρώποις
1230 4577 1614 4647 ἀναφαίνεται,
1661 4577 1907 4648 οὐδαμῶς

2015 4579 2213 4635 tionem
2246 4581 2502 4644 rationis,
2540 4582 2667 4652 quia
2696 4591 2814 4636 erat
2843 4583 2898 4637 in
2938 4587 3165 4640 materia
3203 4589 3451 4643 vacuitas
3495 4605 3586 4642 ra-

329 4673 476 4747 εἷχεν
503 4677 536 4745 ἡ
565 4674 664 4743 ὕλη
689 4671 794 4743 πρὸ
825 4671 1050 4741 κόσμου.

2014 4673 2178 4728 tionis
2218 4675 2396 4744 :gnlze
2428 4690 2491 4728 ac
2543 4677 2745 4731 ventris
2775 4677 2990 4741 vitium,
3044 4687 3098 4733 et
3143 4678 3452 4744 fornicatio,
3515 4699 3580 4737 ac

332 4768 702 4822 masculorum
737 4763 1064 4818 concubitus
1095 4761 1238 4832 apud
1268 4777 1386 4817 eam
1417 4762 1599 4816 locum
1642 4777 1753 4816 non
1791 4763 2104 4819 habebant:
2173 4774 2226 4820 et
2272 4776 2330 4820 ut
2399 4771 2712 4822 summatim
2757 4769 2956 4835 dicam,
3007 4773 3190 4826 omnia
3255 4773 3397 4827 mala
3463 4789 3584 4844 quae

330 4857 475 4928 apud
507 4856 758 4912 homines
788 4853 1056 4914 feruntur,
1105 4860 1230 4906 ante
1265 4851 1526 4906 mundum
1574 4851 1903 4907 aediﬁcatum
1944 4855 2169 4909 minime
2202 4855 2436 4911 habebat
2476 4859 2728 4912 materia.

405 4954 567 5007 ’Ὥστε
603 4954 702 5007 οὐκ
747 4951 974 5021 ὲπεδὲθη
994 4953 1058 5021 τῇ
1092 4949 1408 5020 συγκράσει,
1435 4948 1572 5001 ἀλλὰ
1602 4949 1910 5003 τούναντίον

333 5046 476 5103 κατὰ
497 5045 592 5118 τὴν
621 5045 846 5116 ἀνόητον
876 5042 1044 5114 αὐτὴν
1075 5041 1350 5104 ὑπόθεσιν,
1380 5040 1567 5112 ὥσπερ
1609 5042 1772 5104 ἵππος
1816 5059 1912 5094 πε-

331 5142 446 5196 δίου
482 5140 777 5210 λαὸομένη,
806 5137 1004 5192 διαθέει
1038 5137 1172 5210 πρὸς
1215 5136 1313 5206 τὴν
1349 5135 1560 5189 ἀδικίαν
1591 5134 1697 5187 τῶν
1727 5135 1910 5189 κακῶν

335 5232 634 5305 φερομένη·
665 5231 700 5285 ἃ
724 5231 830 5301 γὰρ
856 5228 1114 5300 μηδαμῶς
1138 5227 1350 5300 ὑπῆρχε
1379 5228 1484 5298 πρὸ
1513 5226 1716 5298 κόσμου
1742 5228 1906 5293 κακὰ,

332 5324 528 5384 ταῦτα,
556 5325 645 5392 ἀφ’
673 5315 732 5376 οὗ
763 5322 986 5392 κόσμος,
1023 5321 1080 5372 ὲν
1109 5319 1296 5390 κόσμῳ
1322 5318 1751 5390 ἐμπολιτεύεται.
1786 5317 1904 5371 Κᾶν

331 5416 441 5488 γὰρ
468 5416 584 5489 θείη
609 5435 691 5480 τις
727 5414 867 5468 κατά
907 5412 996 5467 τὸν
1039 5413 1245 5467 ἐκείνου
1287 5411 1463 5482 λόγον,
1490 5413 1777 5466 στασιάσαι
1811 5412 1905 5465 καὶ

337 5509 574 5584 μανῆναι
599 5507 717 5561 κατ’
737 5507 978 5578 ἀλλήλων
997 5506 1120 5568 τοὺς
1141 5503 1239 5576 τῆς
1261 5503 1410 5572 ὖλης,
1437 5507 1530 5558 καί⁵
1557 5504 1724 5577 μυρία
1743 5503 1904 5576 ἀλλὴ..

331 5602 458 5667 λους
481 5599 920 5664 διαθεῖναικακά,
945 5597 1040 5650 καὶ
1069 5595 1209 5650 κατὰ
1225 5596 1317 5650 τοῦ
1345 5597 1520 5667 φωτὸς
1547 5597 1870 5669 στρατεῦσαι
1887 5613 1902 5630 ο

329 5696 393 5751 οὐ
431 5694 614 5767 μέντοι
653 5693 745 5746 τὸν
791 5692 1086 5759 κατάλογον
1129 5688 1238 5743 τῶν
1282 5689 1773 5762 κατηριθμημένων
1807 5690 1902 5743 ἀν-

332 5786 620 5860 θρωπίνων
666 5784 848 5840 κακῶν
889 5784 1116 5848 ἐκείνοις
1164 5781 1398 5854 ὑπάρξαι
1438 5781 1896 5853 φαντασθήσεται·

2081 4953 2266 5022 Itaque
2301 4970 2408 5008 non
2456 4955 2557 5009 fuit
2604 4956 2767 5027 ligata
2816 4958 3216 5025 commistione,
3255 4963 3349 5017 sed
3399 4963 3582 5036 potius

2008 5053 2201 5099 contra
2254 5046 2647 5102 convenienter
2694 5048 2870 5104 eidem
2924 5065 3105 5105 causae
3161 5056 3383 5121 amenti,
3437 5056 3580 5113 sicut

2007 5154 2180 5210 equus
2210 5154 2461 5209 campum
2495 5148 2712 5204 nactus,
2753 5157 2919 5198 cursu
2949 5143 3120 5198 fertur
3145 5145 3211 5199 ad
3248 5146 3579 5216 iniustitiam

2007 5233 2273 5285 malorum
2313 5231 2594 5287 hominum
2625 5253 2636 5288 :
2666 5249 2785 5304 quae
2836 5235 2980 5290 enim
3013 5246 3172 5291 erant
3219 5248 3347 5295 ante
3389 5243 3579 5298 mundi

2011 5319 2423 5377 fabricationem
2456 5325 2619 5388 mala,
2654 5341 2722 5380 ex
2753 5341 2862 5395 quo
2901 5327 3137 5382 mundus
3161 5339 3263 5395 est,
3295 5331 3349 5385 in
3377 5334 3578 5389 mundo

2009 5423 2317 5468 versantur.
2354 5414 2616 5480 Quamvis
2666 5417 2810 5471 enim
2855 5433 3144 5488 ponamus,
3198 5434 3254 5476 ut
3285 5424 3374 5476 ille
3421 5424 3574 5489 dicit,

2008 5513 2167 5560 natos
2209 5521 2275 5560 ex
2321 5507 2548 5561 materia
2581 5507 2777 5564 fecisse
2823 5510 3170 5578 seditionem,
3209 5521 3262 5566 et
3294 5513 3480 5570 furore
3520 5517 3574 5570 in

2005 5592 2217 5662 seipsos
2248 5593 2416 5650 fuisse
2447 5597 2703 5666 percitos,
2757 5607 2812 5654 et
2862 5600 3091 5658 infinitis
3121 5605 3281 5658 malis
3313 5622 3370 5661 se
3410 5607 3572 5662 vicis-

2006 5685 2108 5741 sim
2139 5685 2410 5754 affecisse,
2433 5696 2486 5744 et
2516 5696 2708 5745 contra
2739 5691 2926 5750 lumen
2952 5697 3251 5752 exercitum
3278 5699 3571 5762 eduxisse;

2003 5795 2114 5836 non
2163 5789 2344 5840 tamen
2376 5783 2569 5842 bibens
2609 5800 2674 5841 ea
2709 5787 2850 5843 mala
2882 5805 3002 5862 quae
3037 5791 3091 5848 in
3142 5792 3362 5851 homine
3395 5810 3577 5852 nume~
