4072 6338
577 317 716 376 “05

1707 320 1846 376 TITI
1882 318 2308 379 BOSTRENSIS
2346 322 2654 381 EPISCOPI

3645 324 3755 377 1104

575 436 842 498 rarimus.
867 448 989 491 cum
1018 433 1125 489 illis
1161 433 1331 491 fuisse
1353 436 1683 508 cogitatione
1718 438 1982 508 ﬁngetur;
2015 439 2132 509 quia

2243 439 2426 511 ἐπειδή
2466 457 2530 510 γε
2567 438 2685 494 οὐδὲ
2723 438 2992 509 ἐνεδέχετο
3037 437 3106 491 τὰ
3141 433 3443 507 ἀνθρώπινα
3481 433 3612 487 me
3655 439 3758 506 πρὶν

576 543 686 584 non
726 534 975 598 poterant
1021 526 1258 583 humana
1288 528 1429 582 mala
1476 530 1563 599 agi
1609 530 1926 599 priusquam
1976 532 2138 587 homo

575 626 719 676 esset
752 627 844 674 :et
875 617 966 672 ubi
996 632 1120 674 esse
1152 625 1330 688 potest
1359 620 1454 689 qui
1484 621 1653 686 dicat,
1689 621 1833 691 quod
1857 622 2017 694 ligata
2042 638 2138 677 ne-

574 710 746 778 quitia
779 708 985 762 frenata
1013 717 1115 775 est,
1141 724 1260 778 qua:
1286 725 1463 780 neque
1487 711 1753 765 malorum
1777 711 2135 768 humanorum

534 800 927 865 inteminerat;
977 806 1268 870 postquam
1308 815 1436 856 vero
1467 800 1634 872 ligata
1675 810 1779 868 est,
1818 803 1886 858 de
1923 804 2008 859 bis
2053 820 2138 860 ac-

573 901 791 946 cusatur

642 983 784 1051 Quid
821 994 1002 1041 autem
1043 988 1277 1042 nocebat
1317 987 1462 1042 bono
1506 987 1619 1042 sola
1667 1001 1851 1043 secum
1890 986 2134 1042 ordinem

572 1078 900 1146 perturbans
921 1118 935 1142 ,
961 1090 1015 1134 et
1041 1095 1152 1134 non
1182 1080 1391 1135 habens
1425 1082 1513 1134 cui
1549 1080 2014 1151 perturbationem
2047 1094 2135 1133 or-

571 1166 717 1222 dinis
767 1167 1035 1222 inferret?
1065 1176 1310 1224 evertere
1353 1169 1499 1223 enim
1539 1168 1741 1223 bonum
1784 1169 1933 1222 nullo
1978 1178 2135 1239 pacto

570 1267 802 1328 poterat.
871 1258 928 1314 Si
986 1271 1163 1315 autem
1228 1260 1501 1316 nitebatur
1574 1260 1831 1316 invadere
1898 1260 1954 1315 in
2015 1262 2135 1316 loca

570 1353 788 1414 aliena,
833 1352 991 1407 aliter
1034 1353 1298 1423 impetum
1343 1353 1465 1421 ejus
1514 1361 1784 1406 amentem
1839 1353 2135 1423 reprimere

569 1442 854 1512 oportebat
886 1461 900 1497 :
930 1459 1051 1512 quae
1088 1444 1232 1497 enim
1269 1442 1421 1515 prius
1450 1458 1560 1497 non
1595 1445 1855 1510 nocebat,
1887 1448 2132 1503 ordinem

569 1542 762 1588 contra
810 1550 868 1589 se
905 1537 1253 1606 perturbans,
1293 1552 1441 1591 nunc
1485 1534 1704 1606 quidem
1742 1536 1956 1593 videtur
1986 1540 2132 1594 aliud

569 1624 700 1694 quid
743 1626 1129 1695 assumpsisse,
1178 1627 1231 1679 in
1280 1628 1428 1697 quod
1472 1635 1731 1698 tanquam
1763 1628 1816 1682 in
1870 1630 2134 1685 familiare

569 1726 623 1770 et
651 1716 1002 1784 conjunctum
1031 1719 1494 1788 perturbationem
1523 1719 1733 1775 ordinis
1766 1722 2130 1775 nocentiorem

2244 532 2524 603 ἄνθρωπον
2543 530 2794 600 γενέσθαι
2812 527 3145 600 πράττεσθαι
3166 543 3179 556 ·
3198 529 3287 580 καὶ
3309 526 3409 580 ποῦ
3441 526 3500 579 ἂν
3526 529 3552 579 ὁ
3574 527 3760 596 φάσκων

2244 625 2350 696 εἴη,
2376 625 2452 688 ὡς
2478 622 2850 695 ἐσωφρονίσθη
2890 619 3178 691 πεδηθεῖσα
3202 621 3236 691 ἡ
3266 620 3449 684 κακία,
3477 621 3509 691 ἡ
3543 621 3655 691 πρὶν
3682 622 3762 691 μὲν

2245 695 2536 790 πεδηθῆναι
2576 718 2683 770 τῶν
2715 715 2855 769 κατά
2890 711 3207 791 ἀνθρῴπους
3228 790 3231 791 ν
3250 713 3430 765 κακῶν
3456 695 3568 766 οὐδὲ
3592 731 3762 785 μεμνη-

2245 811 2403 882 μένη,
2459 811 2596 882 μετά
2634 810 2691 864 δὲ
2728 808 2791 862 τὸ
2831 790 3125 878 πεδηθῆναι
3166 790 3256 859 ἐπ’).
3291 805 3493 870 τούτοις
3528 805 3763 861 διαϐαλλο-

2288 902 2381 965 ένη
2403 921 2417 965 ;

2246 919 2381 1042 με’ἶὲ
2403 944 2515 1060 γὰρ
2544 988 2775 1041 ἔϐλαπτε
2804 987 3061 1057 τάγαθὸν,
3097 986 3218 1041 καθ’
3252 986 3446 1056 ἑαυτὴν
3474 985 3762 1052 ἀτακτοῦσα,

2242 1081 2336 1135 καὶ
2400 1081 2474 1152 μὴ
2522 1080 2716 1152 ἔχουσα
2840 1080 2937 1152 τὴν
2970 1080 3193 1145 ἀταξίαν
3232 1079 3643 1151 προστρίψηται;
3668 1080 3765 1151 τρέ-

2238 1175 2337 1244 ψαι
2369 1173 2467 1245 μὲν
2503 1172 2611 1245 γάρ
2634 1172 2870 1242 τάγαθὸν
2906 1171 3155 1243 οὐδαμῶς
3185 1172 3271 1225 οἶα
3303 1188 3362 1224 τε
3384 1167 3450 1242 ἦν
3473 1186 3485 1199 ’
3523 1173 3568 1223 εί
3596 1171 3646 1223 δὲ
3668 1173 3765 1224 ἐπι-

2240 1267 2440 1321 ϐαίνειν
2470 1266 2743 1338 ἐπεχείρει
2768 1268 2879 1329 τοῖς
2914 1265 2987 1337 μὴ
3019 1265 3166 1328 ίδίοις
3190 1264 3392 1328 τόποις,
3425 1263 3609 1335 ἑτέρως
3628 1265 3765 1335 αὐτὴν

2240 1359 2407 1431 ἐχρῆν
2452 1358 2760 1411 ἀναστεῖλαι
2801 1357 2899 1428 τῆς
2952 1356 3147 1425 ἀλόγου
3187 1357 3361 1427 φορᾶς
3386 1370 3399 1385 ’
3449 1356 3481 1427 ή
3530 1356 3626 1428 γὰρ
3666 1356 3764 1409 καθ’

2238 1451 2436 1523 ἑαυτῆς
2461 1451 2722 1522 πρότερον
2756 1448 2968 1520 ἀϐλαϐῆ
3012 1447 3110 1520 τὴν
3149 1447 3373 1512 ἀταξίαν
3406 1448 3763 1517 ἐνδεικνυμένη,

2238 1544 2332 1598 νῦν
2375 1562 2438 1614 γε
2485 1543 2631 1597 δοκεῖ
2680 1541 3100 1614 προσειληφέναι
3132 1557 3188 1593 τι
3220 1539 3428 1611 ἕτερον,
3474 1539 3587 1592 καθ’
3620 1534 3671 1594 οὗ
3704 1539 3764 1603 ὡς

2240 1636 2484 1699 συνόντος
2520 1635 2614 1707 τὴν
2658 1634 2882 1699 ἀταξίαν
2925 1633 3337 1705 βλαϐερωτέραν
3383 1631 3650 1697 ἐνδείξεται
3687 1631 3763 1684 αὑο

2236 1728 2393 1781 τίκαο
2428 1730 2520 1782 καὶ
2553 1727 2826 1800 ἄνθρωποι
2865 1726 2985 1779 καθ’
3014 1725 3240 1788 ἑαυτοὺς
3286 1724 3572 1794 κακοῦργοι
3600 1721 3761 1792 βουλή-

569 1808 782 1865 elliciet.
827 1808 1100 1865 Continuo
1148 1808 1427 1878 dicemus,
1477 1810 1624 1881 quod
1671 1811 1836 1866 etiam
1888 1812 2132 1867 homines

2240 1836 2419 1872 σονται
2461 1818 2557 1889 μέν
2600 1836 2653 1870 τι
2690 1817 2858 1883 κακὸν
2903 1816 3055 1888 δρᾷν,
3103 1815 3178 1888 μὴ
3230 1814 3443 1885 ἔχοντες
3488 1814 3540 1867 δὲ
3572 1814 3677 1867 καθ’
3713 1806 3761 1866 οὗ

570 1914 667 1967 per
700 1898 913 1968 seipsos
970 1898 1221 1966 maleﬁci,
1279 1900 1460 1955 volent
1507 1900 1724 1970 quidem
1758 1902 1961 1972 aliquid
2005 1904 2130 1955 muli

572 1989 804 2058 facere;
854 2004 964 2046 non
1018 1990 1281 2047 habentes
1331 2002 1509 2047 autem
1569 1993 1622 2047 in
1682 2008 1842 2063 quem
1900 1994 2132 2058 faciant,

568 2082 730 2138 otiosi
785 2083 1175 2154 reperiantur;
1236 2099 1296 2139 se
1354 2100 1484 2140 vero
1541 2084 1643 2156 ipsi
1687 2086 1946 2141 benevole
1987 2087 2134 2156 aSpi-

569 2174 717 2229 ciant
771 2175 841 2229 ob
893 2175 1243 2231 concordiam
1307 2175 1375 2229 ad
1432 2176 1765 2231 maleﬁcium
1829 2196 1841 2231 :
1906 2179 2132 2253 materia

569 2276 747 2323 autem
782 2282 959 2337 neque
990 2268 1223 2332 volebat,
1245 2283 1351 2323 non
1382 2268 1524 2323 enim
1561 2268 1849 2323 consilium
1884 2271 2130 2339 capiebat

570 2374 694 2414 cum
737 2368 884 2414 esset
926 2374 1122 2429 expers
1167 2358 1446 2437 rationis;
1498 2374 1673 2429 neque
1719 2367 1951 2430 poterat,
1999 2375 2127 2437 cum

568 2458 716 2507 esset
756 2455 871 2507 sola
905 2459 952 2506 et
990 2466 1086 2522 per
1125 2434 1208 2506 se.
1241 2450 1407 2522 Igitur
1445 2466 1627 2535 quea
1658 2451 1952 2507 Manichaee
1979 2434 2136 2507 voca-

570 2558 661 2601 tur
701 2546 950 2611 materia,
1003 2544 1217 2601 videtur
1272 2547 1572 2616 sumpsisse
1619 2546 1734 2602 fere
1778 2562 1809 2601 a
1858 2548 2000 2602 bono
2039 2563 2134 2619 per

570 2639 808 2693 animam
855 2638 1122 2693 veriorem
1174 2638 1457 2693 materiam
1506 2639 1573 2694 ad
1620 2639 1991 2710 operationem
2041 2655 2135 2695 ne-

568 2732 774 2803 quititn,
822 2747 985 2801 quam
1031 2730 1356 2799 nesciebat;
1404 2730 1767 2786 accusabatur
1813 2731 1956 2786 enim
2003 2740 2131 2787 ante

569 2823 757 2879 mundi
818 2822 1083 2879 fabricam
1132 2823 1199 2879 de
1255 2824 1664 2894 perturbatione
1713 2824 1923 2882 ordinis
1973 2828 2132 2881 nobis

2234 1912 2506 1982 δράσαιεν,
2564 1911 2725 1982 ἀργοὶ
2768 1909 2833 1962 ἂν
2877 1907 3279 1979 ἀποδειχθεῖεν·
3343 1906 3590 1977 ἀλλήλους
3633 1904 3671 1957 δ’
3710 1905 3762 1958 ἂν

2236 2004 2393 2057 ἴδοιεν
2434 2001 2689 2066 εὐνοϊκῶς
2737 2002 3026 2073 συμφωνίᾳ
3055 2002 3121 2071 τῇ
3162 2001 3291 2073 περὶ
3321 2000 3383 2053 τὸ
3428 2000 3603 2053 κακόν.
3641 1998 3692 2050 Ἦ
3717 1996 3761 2050 δὲ

2234 2096 2332 2166 ὕλη
2381 2095 2503 2149 οὔτε
2557 2094 2817 2164 ἠϐούλετο
2840 2113 2852 2124 ε
2902 2094 3022 2147 οὐδὲ
3078 2091 3187 2165 γάρ
3249 2091 3555 2146 ἐϐουλεύετο
3605 2089 3760 2156 ἄλογος

2232 2182 2386 2251 οὖσα,
2416 2184 2539 2240 οὔτε
2568 2183 2809 2251 ἐδύνατο,
2851 2183 2985 2255 μόνη
3020 2184 3115 2238 καὶ
3137 2183 3262 2238 καθ’
3291 2183 3484 2255 ἑαυτὴν
3502 2177 3641 2237 οὖσα.
3665 2182 3760 2251 Ἃρ*

2231 2273 2323 2331 οὖν
2356 2278 2389 2349 ὴ
2422 2275 2730 2348 καλουμένη
2780 2274 2931 2346 παρὰ
2968 2274 3061 2328 τοῦ
3111 2275 3390 2338 Μάνεντος
3439 2273 3531 2342 ὖλη
3568 2271 3644 2325 διά
3683 2268 3761 2334 τῆς

2230 2369 2409 2441 ψυχῆς
2456 2368 2587 2441 ὓλην
2630 2365 2997 2438 ἀληθεστέραν
3046 2365 3182 2437 πρὸς
3223 2364 3324 2418 τοῦ
3373 2362 3567 2434 ἀγαθοῦ
3617 2361 3761 2416 κινδυ-

2232 2460 2406 2513 νεύειν
2441 2459 2860 2531 προσειληφέναι
2887 2460 3033 2512 δοκεῖ
3067 2458 3149 2521 είς
3174 2457 3457 2529 ἐνέργειαν
3489 2455 3677 2518 κακίας,
3707 2452 3760 2522 ῆν

2232 2554 2445 2623 ἠγνόει·
2476 2551 2780 2605 ἐνεκαλεῖτο
2810 2550 2921 2623 γάρ
2951 2549 3056 2622 πρὸ
3088 2549 3301 2620 κόσμου
3343 2547 3578 2615 ἀταξίαν,
3606 2545 3759 2616 ἄδηλον

2234 2646 2366 2717 ἡμῖν
2390 2646 2483 2698 καὶ
2508 2644 2582 2716 μὴ
2606 2637 2955 2715 φαινομένηνῖ
2986 2641 3195 2713 Ἔμαθε
3217 2641 3279 2696 δὲ
3306 2644 3540 2715 ἐνεργεῖν
3557 2639 3670 2709 δῆλα
3686 2635 3758 2690 καὶ

2237 2734 2534 2805 φαινόμενα
2565 2733 2712 2787 κακά
2731 2750 2744 2763 ·
2772 2731 3063 2803 διύπνησεν
3090 2733 3199 2805 ἄρα
3227 2733 3297 2786 τὸ
3332 2732 3508 2803 θηρίον
3536 2731 3567 2802 ἡ
3595 2726 3756 2798 ἐπῳδὴν

2238 2826 2331 2880 καὶ
2357 2824 2604 2895 οὐδαμῶς
2629 2825 2749 2879 κατ’
2773 2825 2977 2879 ἐκεῖνον
3003 2823 3301 2895 ἐκοίμησεν

569 2917 773 2987 ignota,
824 2922 878 2970 et
919 2915 1141 2969 minime
1178 2923 1491 2984 apparente.
1535 2912 1733 2969 Didicit
1799 2922 1979 2970 autem
2029 2914 2243 2984 operari
2316 2912 2600 2969 manifesta
2670 2912 2844 2979 mala,
2888 2920 2943 2967 et
3009 2927 3129 2982 qua:
3160 2920 3515 2967 cernuntur:
3549 2903 3754 2963 excitavit

567 3026 696 3080 ergo
737 3009 967 3064 belluam
998 3009 1201 3072 cantio,
1226 3016 1280 3063 et
1303 3024 1643 3080 nequaquam
1681 3011 1901 3080 sopivit.
1938 3017 1997 3065 ut
2025 3012 2132 3081 ;ille
2168 3011 2318 3066 dicit.

640 3102 697 3157 Si
724 3110 906 3157 autem
938 3100 1070 3156 dicit
1100 3101 1343 3157 noluisse
1385 3099 1553 3156 Deum
1595 3110 1654 3156 ut
1685 3101 1838 3158 ﬁeret
1869 3104 2127 3166 mundus,

2302 3104 2366 3155 Εἰ
2391 3102 2447 3155 δὲ
2477 3101 2644 3171 λέγοι,
2676 3099 2790 3153 Οὐκ
2822 3098 3011 3170 ἤθελεν
3049 3102 3078 3153 ό
3117 3097 3248 3162 Θεὸς
3292 3095 3540 3167 γενέσθαι
3576 3093 3753 3164 κόσμον,

570 3194 1040 3266 percunctandutn
1091 3201 1208 3261 est,
1261 3194 1387 3264 quis
1441 3202 1580 3262 erat,
1632 3196 1723 3266 qui
1784 3197 1996 3250 voluit?
2058 3213 2126 3250 au

570 3284 806 3348 malitia,
838 3299 959 3354 qua:
1003 3299 1111 3338 non
1149 3284 1383 3340 habebat
1425 3286 1826 3356 cognitionem?
1870 3285 2006 3353 Quis
2045 3295 2129 3342 est

571 3378 667 3448 qui
694 3394 763 3433 ex
793 3378 1042 3449 utrisque
1077 3376 1206 3433 fecit
1235 3395 1354 3450 quae
1388 3379 1554 3434 sunt?
1591 3380 1837 3451 nunquid
1872 3380 2132 3434 materia?

567 3488 676 3527 non
719 3480 865 3528 esset
905 3472 960 3526 in
999 3469 1357 3527 admiratione
1394 3471 1514 3541 ejus
1548 3472 1813 3540 operatio.
1853 3468 1957 3524 Sed
1991 3486 2131 3524 nun-

568 3564 701 3637 quid
742 3581 852 3620 non
898 3564 1070 3618 voluit
1115 3562 1278 3628 Deus,
1314 3571 1537 3619 coactus
1582 3573 1759 3618 tamen
1806 3562 1925 3619 est?
1966 3560 2025 3616 Si
2057 3563 2131 3616 ita

567 3662 739 3722 esset,
788 3655 961 3725 magis
1006 3652 1286 3723 subjectus
1334 3652 1527 3709 fuisset
1568 3666 1731 3722 quam
1782 3652 2126 3721 subjecisset,

568 3756 733 3818 atque
779 3760 1240 3816 supervacaneum
1271 3754 1415 3802 esset
1444 3745 1596 3800 illum
1636 3744 1891 3799 admirari
1925 3746 2135 3814 sapien-

572 3839 698 3892 tiam
756 3836 850 3892 Dei
908 3835 959 3891 vi
1016 3846 1281 3898 coactam,
1335 3843 1390 3890 et
1441 3836 1698 3891 damnum
1754 3851 1982 3899 eorum,
2038 3836 2133 3906 qui

570 3929 740 3985 futuri
789 3937 991 3997 erant;
1041 3946 1162 4000 qua:
1204 3929 1347 3983 enim
1391 3929 1541 3984 nullo
1581 3929 1744 3983 modo
1791 3929 1933 3982 mala
1977 3935 2135 3982 erant

566 4029 695 4076 ante
743 4017 1191 4089 conjunctiouem
1247 4017 1681 4083 contrariorum,
1719 4032 1895 4086 neque
1938 4017 2131 4072 saltem

567 4114 1015 4177 nominabantur,
1050 4111 1164 4165 haec
1190 4121 1313 4182 post
1353 4118 1532 4164 ortum
1572 4109 1760 4164 mundi
1806 4109 2128 4164 ﬂoruerunt.

2230 3195 2551 3267 ἐρωτητέον,
2588 3192 2695 3246 Καὶ
2724 3192 2808 3256 τίς
2854 3186 2922 3263 ἦν
2964 3194 2992 3245 ὁ
3024 3190 3386 3261 βουλόμενοςς
3420 3186 3525 3261 ἆρα
3552 3190 3581 3258 ἡ
3609 3185 3751 3245 κακία,

2231 3288 2265 3358 ἡ
2303 3286 2376 3357 μὴ
2401 3287 2670 3355 ὲγνωκυῖα
2694 3300 2708 3349 ;
2746 3284 2840 3346 Τίς
2865 3283 2922 3336 δέ
2944 3285 3091 3336 ἐστιν
3115 3284 3143 3335 ὁ
3173 3284 3584 3344 κατασκευάσας
3609 3278 3658 3343 ἐξ
3680 3278 3753 3346 ἀμ-

2239 3380 2357 3448 φοῖν
2393 3379 2461 3431 τά
2502 3378 2662 3442 δντα;
2707 3376 2740 3447 ἢ
2781 3374 2880 3446 ὕλη
2910 3391 2924 3440 ;
2951 3375 3049 3428 οὐκ
3096 3369 3187 3428 οὖν
3220 3374 3500 3446 θαυμασία
3534 3373 3620 3443 τὴν
3642 3368 3752 3436 ἐνέρ-

2237 3488 2390 3540 γειαν
2417 3469 2547 3541 (Η).
2589 3467 2724 3520 Ἀλλ’
2765 3466 2875 3539 ἄρα
2910 3466 3041 3530 Θεὸς
3066 3466 3165 3520 οὐκ
3202 3465 3370 3538 ἤθελε
3418 3466 3533 3538 μὲν,
3566 3458 3752 3534 ἠναγκά-

2235 3560 2357 3628 ζετο
2400 3561 2489 3624 δές
2521 3560 2621 3612 οὐκ
2645 3554 2737 3612 οὖν
2778 3559 3021 3629 ὑπετάγη
3071 3557 3274 3628 μᾶλλον
3310 3558 3352 3630 ,ἥ
3392 3555 3638 3620 ὐπέταξε;
3672 3550 3752 3604 Καὶ

2236 3652 2485 3726 περιττὸν
2534 3652 2752 3704 κάκεῖνο
2799 3647 3115 3719 θαυμάζειν,
3172 3648 3419 3718 τάγαθοῦ
3466 3647 3560 3719 τὴν
3604 3640 3754 3712 σοφίαν

2235 3745 2549 3818 βιασθεῖσαν
2579 3745 2660 3808 είς
2690 3743 2788 3814 τὴν
2820 3741 3022 3813 βλάϐην
3050 3741 3157 3795 τῶν
3196 3741 3599 3813 γενησομένων⁸
3621 3737 3651 3791 ἃ
3672 3733 3754 3803 γὰρ

2233 3836 2481 3907 οὐδαμῶς
2504 3832 2572 3908 ἦν
2598 3834 2745 3890 κακὰ
2772 3834 2900 3905 πρὶν
2940 3834 3208 3888 συνελθεῖν
3240 3835 3519 3896 τάναντία,
3545 3828 3651 3885 οὔτε
3674 3825 3755 3897 μὴν

2233 3928 2402 3998 δνομα
2432 3928 2560 3998 γοῦν
2600 3928 2776 3984 αὐτῶν
2815 3926 3175 3991 ἐπολιτεύετο,
3210 3926 3389 3981 ταῦτα
3424 3923 3554 3996 μετά
3590 3919 3753 3988 κόσμου

2234 4020 2447 4074 ⁶γένεσιν
2488 4019 2745 4092 ἤνθησαν.

671 4233 802 4288 Car.
841 4226 1031 4285 XXVI.
1079 4227 1215 4282 Deus
1241 4235 1423 4282 auctor
1447 4227 1643 4295 peccati
1668 4227 1952 4281 secundum
1982 4210 2215 4282 Manent.
2258 4227 2558 4282 Mistionem
2594 4228 2785 4283 anima:
2817 4244 2937 4282 cum
2969 4228 3193 4281 materia
3220 4225 3411 4282 Manes
3444 4223 3672 4280 admittit.

636 4348 715 4402 An
769 4360 878 4400 non
932 4351 1014 4399 est
1068 4340 1367 4396 absurdum
1416 4339 1617 4403 dicere,
1670 4339 1911 4395 voluisse
1959 4339 2128 4394 Deum

2306 4342 2414 4394 Καὶ
2471 4341 2588 4405 πῶς
2638 4341 2737 4394 οὐκ
2778 4342 2974 4396 ἄτοπον
3032 4341 3284 4409 φάσκειν,
3343 4340 3643 4411 βουλόμενον
3684 4329 3757 4383 τὸν

566 4434 1030 4507 perturbationem
1089 4429 1337 4492 ordinis,
1390 4444 1513 4500 qua;
1555 4428 1717 4484 nobis
1762 4429 2126 4484 demonstrari

566 4544 677 4583 non
708 4532 907 4598 potest,
937 4540 968 4579 a
994 4524 1220 4579 materia
1255 4521 1469 4586 tollere,
1500 4530 1555 4577 et
1592 4521 1826 4577 actionis
1862 4522 2129 4576 malorum

566 4632 689 4690 quae
735 4618 983 4673 videmus
1040 4622 1095 4670 et
1150 4616 1204 4669 in
1256 4613 1572 4670 hominibus
1630 4621 1925 4684 apparent,
1982 4613 2128 4669 omni

566 4711 761 4769 ordine
802 4715 859 4764 et
895 4705 1110 4762 ratione
1145 4705 1387 4760 carentis
1436 4712 1714 4760 auctorem
1758 4703 1969 4760 fuisse?
2008 4703 2132 4760 Per-

567 4802 932 4858 turbatiouem
996 4811 1231 4868 namque
1294 4796 1504 4855 ordinis
1564 4796 1631 4854 de
1679 4812 1788 4867 qua
1844 4797 2130 4852 materiam

567 4893 894 4957 damnabat,
941 4890 1109 4947 verbo
1154 4889 1330 4945 solum
1368 4887 1614 4958 proferre
1658 4889 1853 4958 potuit.
1894 4904 2004 4944 non
2051 4898 2134 4942 ta-

566 5004 692 5045 men
743 4985 906 5043 rebus
953 4984 1089 5054 ipsis
1139 4991 1194 5038 et
1233 4981 1492 5052 operibus
1526 4979 1905 5036 demonstrare
1940 4999 1954 5035 :
1990 4980 2133 5037 mala

566 5084 771 5141 autem,
807 5090 875 5131 ex
918 5073 1172 5130 mistione
1219 5072 1323 5129 ista
1351 5071 1755 5126 contrariorum
1793 5070 2049 5135 conficta,
2075 5077 2133 5126 et

565 5183 689 5237 quae
751 5167 869 5222 ﬁeri
935 5180 1046 5221 non
1106 5166 1315 5236 potuit,
1370 5164 1547 5218 oculis
1615 5177 1848 5219 cernens
1900 5163 2130 5218 insanus

566 5257 764 5327 homo,
823 5256 1173 5313 dissimulare
1211 5271 1277 5312 ea
1336 5270 1449 5311 non
1504 5262 1702 5326 potest.
1759 5254 1940 5322 Quare
1996 5253 2129 5310 dum

566 5349 767 5406 docere
809 5349 956 5413 vult,
994 5364 1104 5404 non
1149 5362 1273 5404 esse
1310 5345 1480 5404 Deum
1524 5354 1806 5403 auctorem
1848 5347 2130 5418 injustitia:

2232 4434 2364 4488 Θεὸν
2409 4433 2634 4501 ἀταξίαν
2680 4432 2778 4504 τὴν
2819 4436 2947 4505 ἡμῖν
2993 4450 3058 4500 γε
3103 4434 3487 4487 ἀναπόδεικτον
3524 4428 3615 4499 τῆς
3652 4424 3757 4492 ὕλης

2236 4525 2462 4589 παῦσαι,
2497 4524 2719 4589 ἀταξίας
2761 4524 3233 4595 ἀποδεικνυμένων
3261 4525 3448 4579 κακῶν
3488 4523 3574 4576 καὶ
3603 4530 3756 4589 φαινο·

2239 4618 2413 4688 μένων
2441 4616 2749 4689 ἀνθρώποις
2781 4616 3065 4688 παραίτιον
3106 4617 3393 4685 γενέσθαι;
3422 4615 3528 4687 Τὴν
3557 4613 3643 4684 μὲν
3669 4604 3757 4676 γὰρ

2237 4708 2493 4777 ἀταξίαν,
2542 4712 2608 4779 ἢν
2659 4706 3056 4780 κατεψηφίζετο
3108 4711 3209 4780 τῆς
3260 4710 3393 4781 ὕλης
3444 4708 3577 4777 λόγῳ
3626 4700 3756 4774 μόνον

2238 4802 2525 4873 παράγειν,
2557 4803 2617 4855 οὐ
2668 4802 2772 4873 μὴν
2799 4803 2890 4855 καὶ
2931 4801 3099 4867 δεῖξαι
3143 4806 3254 4867 τοῖς
3284 4802 3463 4874 ἔργοις
3484 4796 3752 4865 δεδύνηται’

2236 4892 2306 4946 τά
2331 4892 2387 4946 δέ
2427 4892 2573 4946 κακά
2605 4890 2675 4945 τά
2711 4891 2816 4945 ἀπὸ
2842 4892 2938 4962 τῆς
2975 4889 3251 4962 μυθώδους
3278 4891 3372 4945 καὶ
3407 4888 3479 4961 μὴ
3513 4876 3754 4974 ἐνδεχομέ-

2236 5003 2333 5057 νης
2358 4985 2465 5039 τῶν
2493 4984 2747 5039 ἐναντίων
2778 4983 3046 5055 κράσεως,
3076 4982 3371 5054 ὀφθαλμοῖς
3396 4980 3530 5054 ὀρῶν
3563 4979 3591 5030 ὁ
3625 4971 3755 5039 ἆνόη⁸

2233 5093 2346 5144 τος,
2384 5078 2445 5131 οὐ
2471 5076 2817 5131 καταδύεται.
2843 5075 3001 5127 Ὥστε
3038 5074 3357 5146 βουλόμενος
3378 5073 3467 5127 τὸν
3490 5068 3611 5124 Θεὸν
3631 5060 3757 5118 ἀναίο

2233 5185 2345 5221 τιον
2377 5168 2473 5239 τῆς
2511 5167 2650 5222 κατά
2681 5166 2997 5239 ἀνθρώπους
3047 5166 3259 5231 ἀδικίας
3285 5165 3569 5235 ἀποφῆναι,
3599 5149 3753 5212 αἰτιώ-

2233 5275 2393 5314 τατον
2424 5258 2601 5312 αὐτῶν
2640 5258 2897 5331 ἄντικρυς
2945 5259 3197 5329 ὁμολογεῖ
3243 5258 3403 5313 πλέον
3434 5256 3467 5327 ἦ
3494 5252 3638 5308 τοῦτο
3675 5241 3751 5297 καὶ

2237 5351 2397 5423 μόνον
2427 5351 2776 5417 ἐσπούδαζεν.

566 5441 840 5512 humana,
866 5443 1099 5500 maxime
1128 5459 1251 5501 esse
1273 5443 1432 5516 plane
1455 5441 1769 5508 conﬁtetur,
1798 5442 1910 5499 imo
1954 5442 2171 5515 plenius
2208 5460 2371 5517 quam
2397 5447 2445 5502 si
2466 5444 2570 5502 hoc
2596 5447 2774 5503 solum
2800 5445 3069 5503 studeret.

639 5649 751 5721 (Il)
785 5651 913 5723 Οὐξε
941 5648 1019 5705 ἂν
1049 5653 1222 5721 θαυμ.
1260 5646 1396 5715 Quia
1457 5647 1527 5704 ab
1569 5645 1753 5718 aliquo
1806 5644 1950 5717 quod
2003 5645 2126 5704 sine
2165 5650 2475 5723 cognitione
2499 5657 2552 5710 et
2580 5653 2790 5711 ratione
2830 5651 2910 5719 lit,
2940 5666 3052 5711 non
3091 5659 3175 5711 est
3209 5647 3521 5709 admirabile
3566 5643 3621 5703 in
3672 5645 3751 5721 θοι

569 5718 740 5788 anno
763 5724 838 5777 tit.
871 5718 1046 5776 Tuan.
