4072 6338
326 307 514 363 “050

1383 312 1748 369 ADVERSUS
1789 313 2212 370 ΜΑΝΙΟΗΑΞΟΞ
2248 313 2372 367 LIB.
2417 315 2455 369 Ι.

3431 315 3567 369 ιιος

387 422 525 494 Φέρε
551 424 614 496 δὴ
638 423 706 478 τὰ
733 427 1077 497 πραττόμενα
1113 427 1258 480 κακά
1279 427 1412 498 πρὸς
1437 427 1533 479 ἀνθ
1544 427 1737 496 ρώπων
1767 447 1893 484 κατ-

2073 435 2182 500 Age
2215 429 2351 499 jam,
2408 428 2820 484 consideremus
2872 429 3016 483 mala
3061 444 3183 500 quae
3226 428 3296 483 ab
3336 429 3569 484 homini-

326 516 541 586 ίεωμεν,
584 516 689 569 τίνι
729 519 974 589 προσῆκε
1023 517 1360 589 φιλαλήθως·
1412 521 1750 592 ἐπιχειρήσει
1799 523 1896 592 μὲν

321 607 430 680 γὰρ
476 606 604 671 ἴσως
642 609 736 662 καὶ
783 609 882 680 τῆς
923 610 1100 682 ψυχῆς
1140 614 1332 682 κρᾶσιν
1359 611 1753 683 εἰσηγήσασθαι
1791 613 1897 665 τῶν

319 700 398 763 ῶς
424 699 718 771 ὑπείληφεν
747 702 1030 757 ἐναντίων·
1051 705 1160 760 εἴτε
1182 705 1238 759 δὲ
1266 705 1402 775 αὑτὴ
1430 704 1704 775 μονοειδὴς
1731 705 1899 775 ὑπάρ-

319 809 403 862 χει
438 793 502 844 ἐκ
544 791 781 860 τάγαθοῦ
831 796 960 866 παρ’
992 797 1160 869 αὐτῷ,
1194 798 1302 851 εἴτε
1341 797 1435 849 καὶ
1486 797 1549 849 ἐκ
1598 796 1896 859 συνθέσεως

318 884 430 936 τῶν
476 887 730 939 ἐναντίων
765 889 827 940 ἐκ
875 889 974 960 τῆς
1023 889 1236 962 μερίδος
1278 889 1584 942 τούναντίου
1630 889 1721 942 τοῦ
1763 889 1897 956 ἀγα-

321 973 440 1038 θοῧν
477 976 671 1047 ῥᾳδίως
697 978 1169 1052 ἀποδειχθήσεται,
1197 980 1336 1034 κατά
1362 979 1461 1050 τὴν
1496 980 1664 1049 ἀσεϐῆ
1692 979 1896 1049 ταύτην

321 1065 590 1132 ὑπόθεσιν,
629 1069 696 1122 τὰ
722 1071 863 1124 κακὰ
905 1073 1181 1143 γινόμενα.
1219 1073 1370 1126 Ἔστι
1419 1073 1516 1144 μὲν
1549 1068 1641 1125 οὖν
1674 1070 1898 1141 ἀσώμα-

320 1174 413 1220 τος
441 1159 474 1228 ή
515 1159 678 1230 ψυχὴ,
712 1162 805 1214 καὶ
835 1164 1098 1234 μηδαμῶς
1126 1165 1372 1218 σύνθεσιν
1405 1165 1525 1218 κατ’
1564 1163 1770 1224 οὐσίαν,
1807 1164 1896 1214 καὶ

324 1250 558 1321 μάλιστα
591 1255 846 1308 ἐναντίων
871 1256 1240 1330 ἀποδεχομένη
1265 1281 1276 1290 ·
1312 1259 1360 1312 οἱ
1398 1259 1502 1329 γὰρ
1534 1258 1597 1310 ἐκ
1624 1256 1894 1326 διαφόρων

323 1344 625 1399 συντιθέναι
655 1347 901 1414 δόξαντες
944 1350 1112 1421 αὐτὴν
1175 1353 1232 1403 οὐ
1267 1351 1364 1421 τὴν
1409 1351 1598 1404 οὐσίαν
1645 1347 1894 1416 ποικίλην

320 1437 416 1489 καὶ
463 1439 599 1510 πρὸς
646 1441 844 1512 ἑαυτὴν
891 1443 1287 1514 διαφερομένην
1331 1446 1713 1514 εἰσηγήσαντο,
1760 1440 1894 1493 ἀλλὰ

319 1527 419 1589 τὰς
463 1528 743 1598 ἐνεργείας
783 1531 953 1602 αὐτῆς
985 1534 1048 1585 ὲκ
1094 1531 1200 1584 τῶν
1229 1531 1521 1602 ὁρωμένων
1549 1526 1890 1599 ὑπέγραψαν,

320 1619 416 1671 ἐνα
448 1619 602 1687 λόγον
636 1621 840 1675 ἁπλοῦν
871 1625 966 1678 καὶ
1015 1624 1406 1696 περιληπτικὸν
1451 1624 1620 1693 αὐτῆς
1665 1621 1894 1691 ποιήσα-

319 1711 443 1766 σθαι
479 1712 552 1784 μὴ
576 1714 906 1784 δυνηθέντες.
999 1783 1007 1793 .

2000 520 2101 576 bus
2157 520 2322 587 fiunt,
2368 521 2436 576 ad
2481 536 2641 590 quem
2697 536 2822 576 vere
2870 521 3160 591 pertinent.
3214 521 3593 592 Aggredietur,

1999 613 2234 669 fortasse
2283 612 2633 668 introducere
2672 613 2986 669 mistionem
3036 614 3232 669 animae
3269 631 3393 668 cum
3439 631 3570 668 con-

1998 709 2182 762 trariis
2221 723 2383 778 quam
2435 707 2750 776 suspicatus
2789 715 2891 761 est.
2938 703 3065 761 Sive
3110 707 3227 776 ipsa
3269 706 3448 760 anima
3498 707 3572 761 sit

2000 800 2314 869 μονοειδής,
2352 798 2406 853 id
2458 805 2562 862 est,
2621 797 2884 869 simplicis
2933 809 2987 853 et
3043 799 3206 852 unius
3261 797 3450 852 forma:
3501 813 3568 852 ex

1998 889 2141 943 bono
2194 889 2335 959 apud
2381 889 2586 959 ipsum,
2641 888 2754 943 sive
2797 902 2861 942 ex
2906 886 3302 957 compositione
3350 895 3570 940 contra-

1999 978 2202 1031 riorum
2233 993 2299 1032 ex
2329 986 2481 1048 parte
2524 977 2644 1048 ejus
2689 976 2835 1048 quod
2876 985 2960 1032 cst
3000 977 3145 1032 bono
3187 976 3566 1041 contrarium;

2001 1052 2158 1121 facile
2221 1066 2521 1121 secundum
2581 1067 2684 1122 hoc
2763 1068 2988 1136 impium
3043 1066 3460 1121 fundamentum
3515 1074 3567 1120 et

1999 1159 2330 1229 principium
2381 1159 2908 1215 demonstrabuntur
2947 1160 3089 1214 mala
3125 1175 3246 1230 quae
3285 1159 3438 1212 fiunt.
3473 1157 3568 1213 Est

1999 1251 2164 1322 igitur
2217 1252 2398 1306 anima
2456 1268 2652 1323 expers
2701 1252 2984 1323 corporis,
3035 1267 3156 1321 qua:
3208 1251 3360 1306 nullo
3408 1261 3567 1320 pacto

1997 1344 2444 1414 compositionem
2487 1345 2783 1400 secundum
2840 1345 3221 1409 substantiam,
3266 1344 3566 1414 praesertim

1997 1437 2438 1502 contrariorum,
2503 1437 2717 1506 recipit.
2777 1436 2878 1502 Qui
2925 1435 3069 1488 enim
3109 1433 3210 1489 visi
3267 1444 3394 1488 sunt
3446 1450 3564 1488 eam

1998 1542 2349 1597 componere,
2387 1543 2496 1582 non
2531 1528 2897 1582 substantiam
2930 1527 3136 1580 variam
3169 1536 3222 1581 et
3258 1541 3286 1579 a
3321 1541 3379 1580 se
3413 1525 3566 1578 diﬂ‘e-

1998 1631 2200 1674 reutem
2250 1621 2697 1685 introduxerunt,
2740 1622 2834 1677 sed
2871 1622 3218 1692 operationes
3244 1621 3364 1690 ejus
3401 1635 3464 1674 ex
3499 1619 3566 1671 iis

1967 1726 2120 1780 .quaa
2167 1711 2441 1775 videntur,
2497 1712 2941 1783 descripserunt,
2997 1728 3121 1768 cum
3174 1729 3282 1767 non
3343 1719 3567 1782 possent

1922 1781 1962 1836 Β
1995 1808 2280 1855 exstruere
2315 1817 2478 1855 unam
2515 1781 2817 1872 simplicem
2850 1803 3221 1858 definitionem
3271 1781 3377 1872 qua
3417 1817 3566 1858 cem-

1996 1890 2447 1959 prehenderetur.

773 2022 903 2080 CAP.
943 2021 1151 2078 XXVII.
1195 1998 1340 2078 Unde
1365 2022 1609 2092 procedat
1645 2023 1836 2078 anima?
1864 2037 2150 2092 peccatum.
2182 2026 2336 2083 Ratio
2365 2038 2551 2096 pra'est
2575 2029 2713 2083 vitiis
2743 2039 2792 2083 et
2825 2028 3123 2083 virtutibus.

392 2142 454 2196 Ei.
480 2142 585 2213 γὰρ
620 2142 712 2194 καὶ
741 2145 860 2206 ταῖς
899 2143 1173 2214 διαφόροις
1209 2141 1485 2212 ποιότησιν
1529 2141 1591 2204 ἃς
1635 2142 1886 2211 ἐπεδέχε-

317 2252 408 2288 ται
469 2234 656 2288 ἄλλοτε
702 2235 894 2298 ἄλλως,
947 2235 1260 2306 διαφέρεται
1307 2234 1440 2304 πρὸς
1488 2234 1706 2304 ἑαυτὴν,
1750 2235 1895 2303 ὅμως

318 2329 439 2380 κατ’
481 2326 668 2379 οὐσίαν
712 2325 871 2398 ἔργον
914 2327 1230 2397 ὑπάρχουσα
1265 2325 1358 2378 τοῦ
1389 2324 1544 2387 Θεοῦ,
1589 2325 1898 2396 ἀμετάϐλη-

317 2415 411 2478 τός
440 2415 498 2468 τέ
529 2417 663 2480 ἐστι,
702 2416 794 2467 καὶ
821 2415 921 2468 οῦκ
960 2415 1024 2468 ὲκ
1063 2415 1332 2486 διαφόρων
1377 2413 1655 2482 σύγκειται
1680 2431 1692 2443 ·
1742 2416 1895 2466 ἐναν-

318 2507 450 2560 τίων
483 2507 663 2578 μέντοι
710 2507 956 2578 κράσεων
991 2507 1244 2560 τοσοῦτον
1289 2507 1618 2576 ἀφέστηκεν,
1651 2506 1773 2558 ὅσον
1807 2506 1897 2558 καὶ

317 2599 412 2653 τοῦ
438 2601 558 2653 καθ’
594 2600 787 2670 ἑαυτὴν
830 2600 988 2670 σῶμα
1020 2596 1157 2654 εἶναι
1202 2600 1396 2653 δοκεῖν.
1430 2599 1621 2670 Θῶμεν
1654 2599 1710 2653 δὲ
1755 2600 1896 2654 κατά

318 2693 416 2763 τὴν
447 2693 651 2746 ἐκείνου
683 2693 1052 2763 ψευδολογίαν,
1097 2695 1209 2762 εἴγε
1247 2694 1338 2746 καὶ
1367 2693 1523 2745 τοῦτο
1553 2692 1728 2761 λέγειν
1766 2694 1889 2744 ἐπι-

317 2785 550 2856 χειροίη,
574 2787 649 2849 ὡς
676 2787 767 2839 καὶ
795 2787 826 2856 ἡ
856 2785 1000 2856 ψυχὴ
1035 2785 1128 2838 τοῦ
1162 2784 1449 2857 ἀνθρώπου
1477 2785 1804 2854 συνέστηκεν
1833 2782 1892 2848 ἐξ

315 2875 526 2945 ἀγαθοῦ
567 2877 658 2930 καὶ
707 2878 878 2931 κακοῦ
905 2895 918 2908 ·
965 2879 1083 2948 οὐχ).
1125 2877 1186 2930 τὸ
1239 2877 1337 2947 μὲν
1381 2877 1686 2946 λογιστικὸν
1725 2876 1893 2946 αὐτῆς

317 2969 442 3020 κατ’
479 2970 683 3022 ἐκεῖνον
726 2968 1012 3023 ἀναθετέον
1044 2969 1121 3039 τῷ
1165 2967 1374 3040 ἀγαθῷ,
1414 2969 1475 3022 τὸ
1520 2969 1564 3021 δ’
1609 2969 1891 3037 ἀλόγιστον

2064 2147 2179 2205 Etsi
2229 2150 2372 2204 enim
2425 2151 2591 2206 variis
2632 2145 2987 2218 qualitatibus
3039 2157 3178 2212 quas
3224 2140 3358 2194 alias
3409 2138 3566 2193 aliter

1997 2240 2208 2309 recipit,
2245 2255 2275 2293 a
2315 2256 2374 2296 se
2395 2239 2573 2294 dillert
2605 2256 2620 2305 ;
2652 2247 2832 2291 tamen
2870 2231 3166 2289 secundum
3202 2227 3564 2284 substantiam

2006 2344 2114 2400 quae
2149 2347 2286 2402 Opus
2326 2331 2418 2386 Dei
2467 2339 2572 2394 est,
2615 2326 2969 2384 immutabilis
2997 2337 3104 2390 est,
3156 2333 3209 2376 et
3257 2335 3366 2373 non
3416 2333 3565 2372 com-

1999 2424 2220 2492 ponitur
2259 2439 2327 2478 ex
2369 2422 2643 2488 diversis;
2682 2435 2711 2472 a
2751 2415 3048 2474 contrariis
3076 2422 3258 2466 tamen
3295 2408 3567 2465 mistioni-

2000 2515 2102 2568 hus
2153 2521 2365 2568 tantum
2425 2514 2600 2577 abest,
2654 2523 2713 2567 ut
2761 2512 2879 2580 ipsa
2937 2523 3033 2578 per
3088 2521 3146 2562 se
3196 2517 3398 2572 corpus
3446 2514 3568 2555 esse

1999 2606 2269 2660 videatur.
2324 2605 2601 2660 Ponamus
2662 2604 2846 2673 igitur,
2908 2606 2968 2656 ut
3029 2599 3120 2653 ille
3179 2597 3462 2657 mentitur,
3521 2592 3569 2648 si

1995 2698 2215 2768 quidem
2258 2699 2362 2754 hoc
2402 2698 2587 2752 dicere
2622 2697 2989 2767 aggrediatur,
3037 2707 3160 2748 esse
3200 2689 3413 2746 scilicet
3451 2686 3569 2740 ani-

1995 2808 2136 2844 mam
2163 2791 2401 2845 hominis
2432 2790 2787 2860 compositam
2818 2803 2884 2842 ex
2919 2786 3061 2841 bono
3097 2790 3151 2838 et
3192 2782 3355 2846 malo,
3384 2794 3566 2834 nonne

1993 2882 2137 2952 quod
2188 2883 2241 2937 in
2285 2898 2348 2938 ea
2397 2889 2480 2937 est
2520 2881 2793 2952 particeps
2825 2878 3076 2940 rationis,
3109 2875 3363 2946 opinione
3406 2872 3565 2927 istius

1995 2977 2404 3032 attribuendum
2443 2983 2526 3032 est
2577 2976 2754 3036 bono,
2789 2973 2840 3028 id
2883 2983 2986 3035 est,
3041 2971 3192 3038 Deo;
3246 2967 3392 3039 quod
3439 2982 3568 3022 vero

319 3060 406 3130 εἴη
435 3063 499 3131 τῇ
531 3062 727 3134 κακίας
759 3064 937 3134 δῆλον,
963 3061 1038 3124 ῶς
1066 3061 1218 3115 οὐδὲν
1240 3059 1305 3114 ἂν
1334 3061 1519 3132 ἓτερον
1560 3063 1731 3113 εἰπεῖν
1758 3060 1888 3130 ἔχοι.

1999 3072 2208 3125 ratione
2245 3077 2415 3130 caret,
2459 3065 2750 3137 nequitiae?
2799 3066 2991 3135 liquet,
3039 3061 3175 3116 nihil
3218 3059 3364 3114 aliud
3406 3071 3568 3129 posse

317 3152 429 3223 Τῆς
461 3153 637 3207 τοίνυν
671 3155 960 3228 ἐπιθυμίας
987 3154 1310 3225 κινουμένης
1355 3153 1641 3224 σφαλερῶς
1679 3152 1788 3206 εἴτε
1825 3154 1890 3206 ἐκ

320 3244 482 3313 μόνου
509 3243 603 3297 τοῦ
632 3244 898 3316 σώματος,
925 3246 1032 3298 εἴτε
1076 3245 1168 3298 καὶ
1210 3245 1274 3298 ἐκ
1303 3244 1398 3296 τοῦ
1424 3247 1794 3315 προσήκοντος
1819 3246 1885 3314 τῇ

315 3337 485 3407 κακία
515 3337 706 3409 μέρους
731 3337 831 3406 τῆς
870 3337 1064 3407 ψυχῆς,
1107 3332 1194 3407 ἆρ’
1241 3336 1544 3407 αὐτόματος
1589 3336 1886 3407 πρόεισινή

317 3428 551 3497 πρᾶξιςς
577 3430 707 3499 Οὐχὶ
745 3429 802 3481 δὲ
839 3429 1026 3497 φθάνει
1059 3430 1155 3499 μὲν
1187 3428 1244 3480 ἐν
1275 3427 1546 3499 ἀνθρώπῳ
1578 3427 1769 3497 σκέψις
1800 3427 1893 3480 καὶ

319 3518 506 3590 βουλὴ,
543 3519 729 3573 ἔπειτα
767 3522 963 3593 κρίσις,
994 3521 1086 3573 καὶ
1124 3520 1332 3591 αἵρεσις
1361 3520 1458 3589 τῆς
1480 3519 1751 3589 πράξεως,
1798 3518 1891 3571 καὶ

315 3609 489 3674 οὕτως
528 3614 604 3675 είς
649 3612 865 3684 ἕργονή
908 3613 1166 3683 ἐπιθυμία
1211 3613 1578 3684 προφέρεται;
1603 3612 1891 3683 Ἔγκλημα

315 3703 374 3756 δὲ
405 3705 600 3768 κακίας
630 3707 693 3757 ἐκ
715 3706 812 3775 τῆς
842 3705 1112 3776 πράξεως.
1137 3705 1237 3759 οὐκ
1271 3707 1336 3759 ἐκ
1359 3706 1456 3776 τῆς
1492 3705 1786 3777 ἐπιθυμίας
1811 3707 1894 3776 γί-

316 3811 506 3862 γνεται
531 3813 544 3825 ο
577 3797 675 3860 ῶς,
722 3797 770 3848 εί
814 3797 1024 3867 μένειεν
1059 3798 1151 3850 ἐπὶ
1187 3796 1370 3868 χώρας
1409 3797 1764 3868 ήένθύμησις
1796 3799 1894 3869 τῆς

317 3887 614 3959 ἐπιθυμίας
639 3891 717 3952 είς
743 3889 898 3960 ἔργον
925 3892 990 3960 τῇ
1021 3890 1226 3961 αἱρέσει
1252 3888 1346 3943 τοῦ
1375 3889 1636 3960 λογισμοῦ
1670 3889 1742 3960 μὴ
1771 3907 1895 3961 προ·

318 3981 495 4045 ιοῦσα,
525 3981 738 4052 πρῶτον
766 3983 861 4052 μὲν
892 3984 959 4036 ἂν
987 3983 1289 4054 ἁρπασθείη
1318 3982 1529 4046 θᾶττον,
1555 3982 1891 4053 ἐξαπτομένη

233 4071 240 4076 ’
315 4090 377 4126 τε
406 4073 522 4143 ἅμα
553 4073 647 4126 καὶ
677 4073 1006 4145 σϐεννυμένη
1025 4089 1037 4101 ·
1064 4073 1249 4126 ἔπειτα
1276 4072 1527 4144 οὐδαμῶς
1552 4073 1618 4126 ἂν
1645 4073 1892 4146 ἔγκλημα

317 4163 622 4233 νομισθείη,
657 4164 718 4216 οὐ
753 4165 911 4234 μόνον
944 4165 1141 4230 κοινὸν,
1171 4164 1284 4218 ἀλλ’
1316 4165 1436 4218 οὐδὲ
1466 4164 1607 4218 κατά
1637 4165 1698 4218 τὸ
1726 4165 1894 4236 ἀκρον

318 4253 421 4324 τῆς
445 4254 644 4325 ἀρετῆς
677 4256 723 4306 εί
758 4255 1011 4325 κρίνοιτο.

391 4345 640 4397 Φαίνεται
665 4345 842 4398 τοίνυν
870 4345 947 4414 τῷ
972 4344 1171 4416 λογικῷ
1189 4345 1287 4416 τῆς
1306 4345 1482 4416 ψυχῆς
1507 4347 1737 4414 εὐλόγως
1765 4347 1893 4398 ἁνα-

1999 3162 2205 3219 alicere.
2269 3159 2519 3214 Excitata
2577 3174 2708 3229 ergo
2773 3156 3028 3227 (lubrica)
3097 3153 3396 3224 cupiditate
3452 3149 3567 3206 sive

1996 3271 2061 3310 ex
2107 3269 2358 3325 corpore,
2399 3255 2514 3308 sive
2557 3267 2622 3307 ex
2673 3266 2734 3306 ea
2784 3258 2939 3322 parte
2981 3248 3178 3302 anima:
3207 3261 3327 3316 quae
3367 3243 3434 3298 ad
3472 3259 3566 3298 ne-

1995 3347 2225 3417 quitiam
2270 3346 2524 3416 pertinet,
2567 3360 2634 3400 an
2677 3343 2903 3398 fortuito
2947 3341 3091 3396 actio
3123 3338 3341 3410 prodit?
3373 3335 3567 3391 Nonne

1994 3440 2367 3511 antegreditur
2399 3440 2454 3493 in
2486 3438 2704 3494 homine
2741 3433 3108 3492 consideratio
3152 3441 3207 3487 et
3249 3429 3563 3494 consilium,

1993 3531 2188 3586 deinde
2232 3531 2498 3601 judicium
2541 3536 2596 3583 et
2636 3529 2830 3584 electio
2861 3524 3114 3588 actionis,
3155 3531 3318 3592 atque
3352 3522 3426 3576 ita
3463 3519 3561 3576 de-

1995 3623 2255 3678 siderium
2285 3624 2349 3676 ad
2384 3622 2633 3677 effectum
2661 3617 3013 3692 perducitur?
3038 3615 3258 3672 Crimen
3295 3627 3426 3668 vero
3463 3623 3562 3665 ne-

1995 3713 2182 3784 quitia:
2218 3730 2284 3768 ex
2327 3713 2563 3777 actione,
2605 3727 2714 3766 non
2759 3726 2827 3766 ex
2867 3707 3139 3766 desiderio
3163 3704 3468 3765 conflatur;
3502 3707 3563 3756 ut

1996 3806 2042 3861 si
2089 3813 2304 3860 maneat
2350 3806 2402 3859 in
2445 3805 2566 3859 loco
2611 3803 2869 3874 cogitatio
2909 3799 3167 3856 desiderii
3206 3813 3317 3854 non
3346 3809 3568 3867 progre-

1996 3900 2152 3954 diens
2194 3899 2262 3954 ad
2295 3914 2433 3968 Opus
2473 3914 2569 3968 per
2605 3897 2927 3953 electionem
2959 3893 3134 3964 partis
3166 3887 3563 3952 ratiocinantis,

1995 3989 2231 4061 primum
2263 3989 2481 4058 quidem
2515 3989 2625 4043 cito
2667 3993 2845 4056 potest
2878 3984 3128 4040 desinere
3169 3982 3453 4036 incensum
3490 3978 3566 4033 si-

2000 4084 2108 4137 mul
2151 4089 2206 4137 et
2253 4082 2582 4137 exstinctum
2621 4100 2635 4135 :
2669 4078 2867 4134 deinde
2911 4088 3255 4146 nequaquam
3293 4071 3567 4150 existima-

1995 4176 2144 4230 bitur
2190 4175 2422 4238 crimen,
2461 4190 2571 4229 non
2617 4174 2794 4228 solum
2837 4183 3150 4231 commune,
3185 4165 3281 4221 sed
3311 4179 3486 4234 neque
3516 4161 3563 4215 si

1990 4266 2268 4336 judicetur
2303 4264 2601 4321 secundum
2639 4277 2912 4319 summum
2941 4259 3179 4317 virtutis.

2067 4356 2304 4427 Apparet
2391 4357 2556 4426 igitur
2615 4362 2838 4425 peccata
2895 4352 3286 4408 convenienter
3342 4343 3561 4408 rationi,

319 4435 578 4507 τιθέμενα
609 4436 677 4490 τὰ
711 4439 1095 4521 ἁμαρτήματα,
1127 4439 1220 4490 καὶ
1247 4437 1372 4490 οὔτε
1404 4437 1481 4509 τῷ
1513 4438 1742 4509 σώματι,
1771 4437 1892 4490 οὔτε

1997 4448 2136 4518 patti
2187 4449 2382 4502 anima:
2436 4446 2665 4501 rationis
2707 4445 2956 4516 participi
3007 4443 3282 4514 assignata
3339 4453 3462 4494 esse
3511 4444 3566 4490 et

319 4527 466 4599 ἄλλῳ
502 4531 657 4601 μέρει
689 4533 799 4583 τινὶ
831 4529 1033 4600 ταύτης
1057 4545 1071 4559 ⁶
1118 4531 1194 4594 ὼς
1225 4531 1317 4584 τὸν
1357 4532 1456 4602 μὲν
1489 4533 1768 4600 ἀλόγιστον
1798 4549 1895 4586 κα-

320 4622 448 4675 κίαν
479 4621 820 4693 ἀπηλλάχθαι
852 4622 952 4692 τῆς
991 4623 1168 4686 αἰτίας
1214 4623 1322 4676 τῶν
1365 4626 1494 4696 παρ’
1524 4625 1654 4694 ἡμῖν
1686 4625 1891 4691 κακῶν,

319 4716 416 4770 ἆτε
455 4715 588 4786 μηδὲ
623 4716 992 4786 ὑπάρχουσαν,
1028 4715 1356 4769 κινδυνεύειν
1381 4715 1436 4768 δὲ
1464 4717 1602 4769 κατὰ
1635 4715 1724 4768 τὸν
1754 4717 1895 4769 ἐκεί-

319 4825 412 4860 νου
447 4807 602 4875 λόγον
633 4810 696 4860 ἐκ
729 4807 826 4877 τῆς
875 4806 1089 4878 μερίδος
1129 4807 1363 4876 τάγαθοῦ
1408 4807 1580 4861 ταῦτα
1626 4808 1897 4879 προφέρε-

321 4900 486 4952 σθαι·
516 4899 570 4952 εἴ
607 4916 669 4966 γε
701 4899 774 4969 μὴ
818 4899 986 4970 ἐτέρῳ
1016 4899 1360 4970 χρησαίμεθα
1408 4898 1693 4968 φιλαλήθει
1729 4898 1889 4967 λόγῳ.

320 4994 384 5047 Εἰ
439 4992 536 5062 μὲν
585 4992 713 5062 γὰρ,
760 4995 833 5064 μὴ
874 4991 1302 5060 διαγινώσκουσα
1351 4994 1450 5064 τὴν
1487 4992 1744 5062 ποιότητα
1795 4991 1894 5061 τῆς

320 5082 633 5151 ἐπιθυμίας,
660 5084 752 5137 ἐπὶ
777 5082 873 5154 τὴν
899 5081 1094 5154 πρᾶξιν
1119 5077 1413 5150 ἀλογίστως
1443 5082 1638 5152 ἐχώρει
1669 5083 1700 5150 ἡ
1727 5080 1891 5152 ψυχὴ,

321 5176 700 5248 διισχυρίσαιτ*
734 5176 800 5229 ἀν
841 5192 946 5238 τις,
992 5175 1066 5238 ὡς
1113 5179 1176 5228 ἐκ
1221 5175 1312 5227 τοῦ
1363 5175 1647 5244 ἀλογίστου
1699 5174 1894 5245 μέρους

323 5269 550 5339 φέρεται
591 5270 656 5323 τὰ
695 5270 1014 5341 παραλόγως
1057 5268 1436 5339 πραττόμενα⁹
1472 5271 1519 5320 εί
1554 5269 1611 5322 δὲ
1641 5269 1895 5331 πολλάκις

320 5361 485 5426 αὐτὸς
509 5363 537 5414 ὁ
564 5363 818 5434 λογισμὸς
847 5364 920 5432 πὴ
955 5364 1050 5434 μὲν
1082 5364 1334 5433 αἱρεῖται,
1365 5362 1439 5425 ῶς
1473 5362 1896 5415 ὑποκατακλινό-

326 5473 486 5528 μενος
539 5456 678 5510 ἐκὼν
728 5459 916 5528 ἀγωγῇ
968 5458 1167 5528 φαύλῃ,
1219 5457 1316 5528 τὴν
1364 5456 1678 5526 ἐπιθυμίαν,
1716 5458 1790 5527 πὴ
1840 5457 1894 5509 δὲ

323 5551 670 5617 παραιτεῖται
714 5549 894 5610 πάλιν,
934 5550 1059 5601 ὅταν
1105 5548 1264 5617 φόϐος
1299 5549 1458 5601 αὑτὸν
1488 5549 1733 5601 ὁστισοῦν
1764 5549 1892 5600 ἀνα-

324 5638 528 5709 στείλῃ,
567 5639 597 5709 ἢ
642 5640 900 5710 ἐπιθυμία
947 5640 1072 5707 γοῦν
1109 5641 1306 5710 ἀρετῆς
1356 5639 1716 5709 ἀνθελκοὺσης
1760 5639 1892 5710 πρὸς

325 5727 562 5801 ἑαυτήν·
618 5731 794 5801 δῆλον,
844 5732 916 5795 ὡς
975 5734 1028 5830 δ’
1055 5731 1306 5802 λογισμός
1356 5734 1497 5786 ἐστιν
1547 5735 1574 5786 ὁ
1631 5733 1783 5802 μόνος
1818 5735 1893 5786 οἰ-

1998 4539 2254 4608 ascripta,
2287 4547 2341 4592 et
2382 4553 2490 4592 non
2535 4537 2773 4606 corpori,
2816 4550 2914 4589 nec
2967 4534 3058 4587 ulli
3087 4533 3180 4586 alii
3215 4529 3356 4601 parti
3403 4527 3567 4597 hujus

1999 4632 2212 4684 animae.
2246 4629 2317 4685 Ut
2349 4629 2591 4700 nequitia
2631 4627 2854 4698 quidem
2899 4623 3332 4681 ratiocinationis
3370 4634 3568 4691 expers

1997 4725 2221 4778 liberata
2260 4725 2332 4777 sit
2374 4737 2404 4775 a
2445 4721 2605 4792 culpa
2638 4731 2802 4791 atque
2843 4717 3195 4776 accusatione
3229 4730 3417 4770 eorum
3447 4727 3564 4765 ma-

1997 4817 2173 4870 lorum
2219 4831 2339 4885 qua:
2374 4814 2517 4886 apud
2569 4829 2672 4869 nos
2709 4824 2870 4878 sunt,
2906 4811 3108 4882 quippe
3138 4825 3262 4863 cum
3301 4822 3402 4862 nec
3449 4805 3562 4874 ipsa

1996 4915 2194 4969 exstet,
2237 4908 2634 4977 videanturque
2675 4907 2788 4961 haec
2828 4905 3128 4961 secundum
3159 4914 3464 4958 sermonem
3501 4897 3566 4950 il-

1998 5000 2123 5065 lius,
2149 5015 2215 5054 ex
2248 5009 2399 5070 parte
2443 4999 2537 5053 Dei
2572 4999 2839 5068 depromi,
2880 4999 3002 5052 licet
3039 4997 3188 5051 nulla
3216 4994 3320 5048 alia
3357 4991 3570 5045 ratione

1998 5107 2125 5148 vera
2178 5100 2474 5148 uteremur.
2531 5091 2586 5146 Si
2650 5091 2794 5146 enim
2860 5091 3045 5144 anima
3089 5104 3197 5143 non
3246 5087 3564 5141 discernens

1999 5185 2316 5256 qualitatem
2351 5185 2687 5255 cupiditatis.
2721 5183 2785 5237 ad
2814 5184 3081 5237 actionem
3115 5180 3232 5234 sine
3256 5179 3364 5232 ulla
3398 5175 3568 5229 ratio-

1997 5279 2270 5332 cinatione
2315 5277 2668 5348 procederet:
2714 5274 2981 5328 allirtnarc
3023 5273 3149 5343 quis
3193 5277 3396 5341 posset,
3447 5285 3568 5338 qua:

2000 5370 2403 5425 inconsiderate
2450 5385 2512 5422 ac
2561 5378 2755 5438 praeter
2793 5367 3056 5420 rationem
3104 5366 3259 5424 liunt,
3295 5378 3357 5416 ex
3417 5369 3568 5430 parte

1999 5461 2226 5514 rationis
2270 5467 2491 5528 experte
2523 5459 2791 5528 depromi.
2824 5457 2918 5510 Sin
2962 5464 3142 5510 autent
3195 5469 3567 5524 saepenumero

1999 5553 2138 5604 ratio
2185 5551 2298 5619 ipsa
2341 5551 2451 5616 jam
2497 5550 2648 5618 eligit
2689 5547 3061 5618 cupiditatem,
3105 5557 3362 5614 tanquam
3404 5558 3567 5612 prava

2000 5642 2340 5696 institutione
2421 5640 2556 5694 ﬂexa
2614 5641 2823 5703 libens,
2873 5641 2984 5706 jam
3039 5654 3227 5692 rursus
3279 5635 3566 5705 repudiat.

1998 5750 2122 5789 cum
2173 5734 2369 5802 aliquis
2412 5741 2588 5789 metus
2629 5749 2746 5789 eam
2792 5734 3062 5797 refrenat,
3103 5741 3194 5786 aut
3237 5727 3571 5788 desiderium
