4072 6338
635 291 774 352 1107

1751 276 1912 356 ’τιτι
1951 297 2371 354 ΒοετιιεΝειε
2406 295 2709 357 EPISCOPI

3627 293 3780 350 'l108

631 407 853 463 virtutis
887 405 953 462 ad
1001 424 1061 464 se
1100 409 1428 467 attrahentis
1459 429 1475 485 ς
1504 411 1675 482 liquet
1707 413 1882 470 solum
1931 415 2182 470 rationem

2228 415 2608 486 Α’κειούμενος
2655 415 2723 469 τὰ
2777 413 2955 477 καλῶς
3010 429 3069 466 τε
3121 411 3213 467 καὶ
3257 410 3327 473 ὡς
3374 409 3556 481 ἑτέρως
3594 411 3779 480 πραττό.

632 512 777 567 csse,
826 514 947 569 quae
993 507 1139 556 recte
1189 510 1244 557 et
1296 517 1462 573 prave
1502 502 1641 559 facta
1697 503 1803 558 sibi
1856 503 2094 558 vindicat
2146 514 2202 558 et

633 589 875 645 asciscit.
1056 650 1059 651 ν

707 679 807 735 Hic
830 688 1084 736 versatur
1119 689 1174 739 et
1204 684 1440 745 vertitur
1473 686 1541 741 ad
1570 685 1966 742 occurrendum
2009 695 2198 741 contra

630 772 887 827 excussio
947 788 1135 828 eorum
1183 791 1305 846 qum
1356 777 1499 832 male
1537 796 1565 832 a
1617 777 1914 833 Manichaee
1972 778 2198 848 probata

631 869 762 917 sunt
816 878 833 916 :
895 879 1004 919 non
1058 865 1242 931 enim,
1300 875 1360 922 ut
1408 876 1666 939 apparet,
1726 870 1898 923 ullum
1955 870 2198 925 materiae

631 961 917 1024 peceatum
952 963 1036 1012 est
1064 957 1119 1014 in
1153 959 1358 1015 nostris
1388 961 1717 1025 actionibus,
1749 962 1845 1019 sed
1870 962 2092 1024 animae.
2114 963 2197 1017 vel

631 1046 805 1114 partis
843 1045 1008 1116 hujus
1053 1064 1175 1118 quae
1214 1056 1298 1103 est
1327 1050 1556 1107 rationis
1585 1052 1877 1122 particeps,
1906 1068 2045 1122 quae,
2080 1051 2194 1106 Ma-

630 1135 842 1192 nichaee
864 1145 1109 1206 auctore,
1140 1140 1205 1194 ad
1240 1151 1446 1211 partem
1472 1141 1563 1196 Dei
1594 1142 1847 1217 pertinet.

705 1225 782 1281 Ad
836 1226 949 1281 haec
1001 1230 1046 1284 si
1096 1230 1387 1295 accideret,
1436 1239 1498 1285 ut
1549 1230 1602 1284 in
1641 1232 1711 1286 iis
1748 1223 1840 1301 qui
1878 1231 2194 1300 pudicitiam

631 1318 839 1393 colunt,
868 1327 1016 1376 esset
1045 1321 1291 1386 insitum,
1320 1338 1427 1379 non
1457 1323 1684 1377 excitari
1710 1323 1777 1377 ad
1804 1322 2152 1393 cupiditatem
2177 1341 2191 1391 ;

629 1388 817 1479 posset
852 1412 977 1481 quis
1000 1412 1055 1466 in
1088 1413 1377 1484 impudicis
1404 1414 1636 1470 liberare
1659 1417 1924 1472 rationem
1953 1431 1982 1470 a
2010 1417 2194 1470 crimi-

630 1501 816 1567 nibus,
845 1504 1002 1573 quasi
1028 1505 1302 1576 cupiditas
1335 1508 1597 1563 rationem
1629 1524 1696 1564 ex
1727 1515 1842 1564 toto
1874 1508 1941 1563 ab
1966 1508 2194 1562 actioni-

630 1593 735 1649 bus
781 1603 1072 1661 averteret,
1123 1613 1285 1668 quam
1340 1599 1691 1670 cupiditatem
1747 1600 1840 1654 ille
1889 1599 2023 1655 dicit
2071 1614 2193 1654 esse

630 1699 695 1738 ex
732 1692 888 1754 parte
932 1687 1080 1742 mali.
1131 1686 1236 1743 Sed
1268 1690 1312 1744 si
1341 1690 1465 1760 quis
1496 1691 1726 1746 maxime
1767 1693 1910 1762 apud
1960 1707 2053 1746 eos
2096 1692 2199 1760 qui

2303 523 2460 575 μενα.

2352 685 2474 739 Καὶ
2504 682 2639 754 πρὸς
2685 679 2990 736 τούναντίον
3029 676 3262 732 ἐνταῦθα
3290 678 3448 747 χωρεί
3484 674 3582 728 τῶν
3615 676 3782 728 ἀποδει-

2295 781 2572 849 κνυμένων
2617 773 2697 846 τῷ
2746 774 2984 829 Μάνεντι
3042 768 3226 833 κακῶς
3274 770 3308 840 ἡ
3356 768 3617 834 ἐξέτασις*
3665 768 3780 819 οὐδὲν

2293 872 2402 941 γὰρ
2428 870 2526 941 τῆς
2566 867 2717 939 ὕλης,
2750 866 2826 930 ὡς
2852 865 3047 928 ἔοικεν,
3084 865 3143 916 ὲν
3180 863 3289 924 τοῖς
3330 859 3443 914 καθ’
3484 859 3617 929 ἡμᾶς
3646 859 3783 929 ἀμάρ-

2292 981 2463 1034 τημα,
2503 960 2637 1015 ἀλλὰ
2656 960 2756 1029 τῆς
2791 956 2972 1028 ψυχῆς
3013 955 3047 1025 ἦ
3088 953 3182 1008 τοῦ
3213 951 3410 1024 ταύτης
3441 949 3728 1019 λογιστικοῦ,
3756 950 3781 1020 ἢ

2291 1058 2355 1127 τῇ
2389 1053 2482 1107 τοῦ
2515 1051 2716 1123 ἀγαθοῦ
2751 1050 2914 1122 μοίρᾳ
2939 1048 3178 1119 προσῆκε
3212 1045 3326 1117 μετ’
3358 1047 3567 1098 ἐκεῖνον.

2364 1228 2507 1301 Πρὸς
2546 1228 2602 1281 δὲ
2649 1226 2886 1290 τούτοις,
2940 1228 2988 1279 εί
3036 1226 3149 1287 τοῖς
3194 1220 3531 1293 σωφροσύνην
3576 1220 3785 1275 ἀσκοῦσιν

2293 1322 2545 1391 ἀκίνητον
2580 1319 2887 1373 συνέϐαινεν
2920 1314 3057 1372 εἶναι
3092 1317 3191 1389 τὴν
3232 1316 3343 1380 ’ἐξιν
3371 1314 3498 1383 πρὸς
3528 1312 3784 1383 ἐπιθυμίαν,

2291 1413 2599 1485 ἀπήλλαξεν
2628 1411 2694 1465 ἄν
2718 1428 2802 1474 τις
2831 1409 2980 1483 παρά
3009 1412 3121 1473 τοῖς
3150 1406 3578 1461 ἀκολασταίνουσι
3612 1404 3704 1456 τῶν
3726 1405 3789 1470 ὲγ-

2290 1505 2584 1576 κλημάτων
2614 1502 2706 1555 τὸν
2740 1501 3017 1572 λογισμὸν,
3061 1499 3136 1562 ὼς
3171 1501 3270 1569 τῆς
3317 1496 3591 1567 ἐπιθυμίας
3618 1494 3670 1548 τὸ
3696 1492 3787 1546 ὅλον

2289 1595 2702 1666 ἀποφερομένης
2743 1592 2850 1646 τῶν
2894 1590 3299 1663 πραττομένων,
3331 1590 3396 1659 ἢν
3438 1587 3501 1641 ἂν
3538 1588 3713 1649 ἐκεῖνος
3740 1587 3789 1639 ὲκ

2288 1689 2388 1759 τῆς
2420 1687 2512 1743 τοῦ
2542 1686 2709 1742 κακοῦ
2742 1684 2953 1758 μερίδος
2984 1684 3118 1753 φαίη
3144 1681 3445 1756 τυγχάνειν.
3474 1680 3532 1732 El
3559 1679 3609 1732 δέ
3635 1694 3688 1747 γε
3713 1676 3789 1747 μά·

630 1777 946 1846 putlicitiam
998 1781 1420 1851 amplectuntur,
1462 1784 1562 1837 bac
1599 1785 1779 1838 via‘et
1827 1784 2036 1839 ratione
2068 1799 2182 1838 eam

2228 1770 2262 1828 Β
2290 1780 2445 1833 λιστα
2491 1776 2640 1848 ποιρά
2668 1779 2778 1838 τοῖς
2812 1773 3156 1847 σωφροσύνης
3182 1770 3619 1841 ἀντιποιουμένοις
3655 1766 3787 1838 ταύτῃ

622 1869 810 1926 colere
841 1873 1098 1942 reperiat,
1132 1875 1277 1945 quod
1314 1875 1390 1930 illi
1432 1875 1759 1945 cupiditates
1793 1885 2000 1929 natura:
2025 1877 2190 1929 ratio-

627 1975 696 2015 ne
723 1960 935 2017 frenant
963 1971 1017 2018 et
1045 1966 1302 2021 cohibent
1338 1986 1351 2021 :
1386 1968 1671 2038 perspicue
1700 1968 2064 2034 concluditur,
2098 1982 2189 2021 ra-

627 2051 830 2107 tionem
874 2068 997 2110 esse
1038 2072 1160 2126 qua.
1200 2057 1469 2130 delinquit
1507 2066 1560 2113 et
1592 2059 1848 2114 virtutem
1882 2059 2033 2119 colit.
2066 2073 2188 2128 quae

626 2153 915 2215 utrumque
946 2154 1000 2201 et
1022 2149 1270 2204 virtutem
1300 2158 1355 2204 et
1384 2150 1570 2204 vitium
1597 2153 1764 2205 novit.
1799 2150 1978 2223 Quare
2005 2158 2186 2205 autem

625 2233 788 2288 insita
822 2237 984 2293 nobis
1016 2238 1086 2292 sit
1112 2249 1456 2309 peccatorum
1479 2240 1770 2310 cupiditas,
1797 2241 2041 2297 dicemus
2061 2256 2183 2299 cum

623 2325 730 2379 erit
767 2338 1153 2397 opportunum,
1181 2330 1476 2396 docentes,
1519 2332 1793 2403 pertinere
1820 2336 1924 2389 hoc
1954 2338 2186 2391 maxime

624 2415 691 2473 ad
717 2417 1129 2479 admirationem
1160 2418 1452 2481 Creatoris.

2289 1871 2350 1925 τὸ
2369 1868 2660 1941 ἀσκητικὸν
2691 1867 2838 1938 εὖροι
2878 1883 2960 1929 τις
2988 1864 3074 1927 ἂν,
3102 1865 3185 1918 δτι
3232 1862 3472 1933 λογισμῷ
3508 1863 3598 1932 τῆς
3622 1858 3789 1930 φύσεως

2292 1962 2559 2018 κωλύουσι
2589 1958 2689 2023 τὰς
2735 1958 3026 2029 ἐπιθυμίας
3050 1974 3063 1989 '
3115 1956 3303 2027 σαφῶς
3343 1955 3706 2017 ἀποδείκνυται,
3733 1952 3788 2014 ὡς

2289 2056 2319 2108 ὁ
2350 2048 2605 2123 λογισμός
2638 2051 2787 2103 ὲστιν
2815 2051 2843 2103 ὁ
2873 2048 3207 2120 πλημμελῶν
3245 2065 3304 2102 τε
3347 2047 3437 2101 καὶ
3475 2044 3733 2115 κατορθῶν,
3765 2043 3787 2095 ὁ

2291 2146 2527 2217 ἑκάτερα
2554 2142 2728 2207 εἰδὼς,
2765 2142 2963 2214 ἀρετήν
2991 2159 3049 2193 τε
3081 2139 3176 2193 κοιλ⁵
3206 2138 3423 2192 κακίαν.
3453 2136 3544 2189 Διὰ
3575 2136 3621 2188 τί
3649 2134 3788 2206 μέντοι

2290 2239 2527 2310 ἔμφυτος
2563 2236 2692 2307 ἡμῖν
2732 2233 2840 2288 τῶν
2877 2231 3288 2304 ἁμαρτημάτων
3319 2232 3352 2302 ή
3386 2228 3645 2299 ἐπιθυμία,
3683 2222 3788 2279 κατὰ

2290 2329 2475 2401 καιρὸν
2519 2327 2767 2405 ἐροῦμεν,
2819 2324 3229 2386 ἀποδεικνύντες
3286 2339 3348 2391 γε
3407 2321 3554 2376 τοῦτο
3605 2317 3788 2391 μάλιστα

2294 2421 2580 2476 συντείνειν
2612 2422 2689 2483 είς
2716 2418 2895 2490 θαῦμα
2922 2416 3014 2471 τοῦ
3046 2417 3543 2489 δημιουργήσαντος

1564 2539 1693 2594 Car.
1735 2537 1971 2594 XXVIII.
2006 2537 2355 2609 Confirmatio
2383 2535 2599 2608 hujusce
2629 2535 2904 2591 doctrinas.

694 2644 849 2712 Quod
874 2658 1053 2705 autem
1089 2668 1234 2708 nunc
1260 2655 1541 2723 quaeritur,
1586 2655 1633 2711 si
1676 2671 1781 2712 non
1826 2657 1961 2712 satis
1995 2655 2182 2712 confe«

623 2746 770 2793 ctum
805 2750 908 2805 est,
935 2743 1085 2800 nullo
1118 2745 1278 2799 modo
1300 2754 1519 2817 peccata
1549 2756 1732 2803 nostra
1757 2763 1878 2803 esse
1904 2763 2041 2818 opus
2078 2748 2180 2802 ali-

624 2830 784 2900 cujus
821 2834 1062 2891 materia:
1100 2844 1195 2893 aut
1233 2839 1508 2908 nequitiae,
1547 2840 1642 2895 sed
1677 2849 1868 2895 contra
1895 2841 2065 2895 solius
2097 2854 2184 2894 ra-

623 2924 835 2992 tionis;
870 2926 996 2981 licet
1032 2928 1197 2982 etiam
1242 2930 1398 2986 aliter
1441 2930 1766 2987 conﬁrmare
1803 2932 1945 3002 quod
1976 2932 2180 2987 dictum

621 3023 726 3070 est.
763 3016 841 3069 An
875 3016 1020 3072 aliud
1045 3019 1173 3089 quid
1210 3020 1392 3076 dicere
1422 3031 1649 3092 possunt
1684 3036 1805 3077 esse
1832 3021 2180 3077 homicidium

621 3123 787 3177 quam
830 3110 1052 3175 malum,
1097 3119 1150 3167 et
1188 3113 1573 3169 scortationem
1625 3121 1789 3183 atque
1833 3114 2180 3177 adulterium,

620 3208 676 3254 et
716 3200 941 3266 furtum,
980 3209 1034 3257 et
1083 3203 1459 3258 mendacium?
1495 3203 1553 3259 Si
1594 3221 1701 3261 non
1740 3205 1885 3260 aliud
1933 3212 2182 3276 possunt,

620 3293 969 3362 perspicuum
1017 3302 1103 3348 est
1153 3294 1298 3364 quod
1330 3296 1469 3347 mala
1509 3303 1692 3351 erunt.
1726 3295 1896 3362 Quid?
1934 3296 1980 3351 si
2017 3295 2183 3367 jntlex

618 3382 823 3436 occidit
862 3399 987 3438 eum
1021 3383 1117 3454 qui
1165 3385 1421 3454 iniuriam
1465 3384 1615 3451 fecit,
1650 3387 1828 3444 caedes
1864 3388 2027 3460 igitur
2071 3388 2184 3459 lege

623 3472 913 3527 sancitur?
959 3472 1124 3545 Atqui
1165 3475 1306 3532 idem
1350 3477 1531 3542 ellicit,
1559 3480 1651 3550 qui
1687 3478 1923 3536 violente
1958 3479 2179 3543 occidit,

619 3572 670 3616 et
720 3563 811 3631 qui
858 3564 971 3634 lege
1017 3584 1030 3619 :
1092 3566 1186 3621 sed
1224 3568 1557 3637 propositum
1607 3568 1894 3640 distinguit
1955 3571 2177 3625 factum.

619 3651 761 3719 Quin
796 3655 977 3724 potius
1001 3657 1190 3713 eadem
1226 3668 1311 3714 est
1358 3661 1500 3715 actio
1526 3661 1666 3730 ejus,
1697 3660 1788 3731 qui
1817 3676 1942 3716 cum
1976 3677 2095 3724 sua,
2127 3668 2182 3716 et

620 3743 714 3811 qui
745 3758 871 3797 cum
905 3746 1080 3800 aliena
1103 3764 1163 3804 se
1183 3749 1376 3805 miscet
1402 3767 1417 3817 ;
1452 3750 1545 3805 sed
1572 3751 1906 3821 propositum
1942 3761 2178 3823 separat,

619 3850 742 3904 quae
768 3836 1021 3893 similiter
1051 3838 1194 3894 facta
1225 3849 1370 3896 sunt.

687 3925 951 3982 Praeterea
980 3928 1150 3984 furari
1180 3946 1210 3984 a
1235 3929 1534 3988 Manichzeo
1554 3949 1676 4003 quae
1706 3942 1834 3989 sunt
1864 3933 2006 4003 apud
2030 3949 2176 3993 eum.

621 4018 708 4073 vel
759 4018 1143 4086 instrumenta,
1189 4022 1271 4075 vel
1316 4022 1489 4084 cibos,
1556 4038 1735 4077 annon
1774 4024 1989 4078 videtur
2037 4023 2180 4079 idem

614 4124 757 4180 epus
796 4124 920 4166 esse
964 4118 1127 4180 atque
1166 4111 1369 4167 furtum
1401 4115 1754 4170 criminosum
1804 4115 2025 4171 facere?
2067 4133 2177 4172 non

617 4210 800 4257 tamen
857 4202 1070 4257 ratione
1113 4203 1256 4258 idem
1311 4212 1436 4271 est,
1490 4204 1586 4260 sed
1634 4205 1850 4276 penitus
1904 4207 2176 4264 dill'erens.

617 4292 821 4349 Deinde
854 4292 902 4349 si
936 4292 1124 4350 furens
1153 4294 1316 4350 homo
1342 4296 1593 4366 gladium
1625 4305 1855 4367 repetat,
1890 4313 2049 4368 quem
2084 4297 2178 4352 de-

2358 2655 2432 2708 Τὸ
2467 2654 2561 2708 νῦν
2596 2653 2651 2707 δὲ
2685 2651 3009 2723 ζητούμενον
3051 2650 3163 2720 εἴγε
3209 2650 3287 2722 μὴ
3329 2650 3601 2719 αὐτάρκως
3636 2645 3788 2701 ἀποδέ-

2285 2747 2513 2809 δεικται,
2539 2745 2614 2809 ὡς
2642 2743 2892 2815 οὐδαμῶς
2930 2741 3061 2812 ὕλης
3086 2740 3228 2804 τινὸς
3276 2741 3309 2810 ἢ
3359 2739 3548 2802 κακίας
3585 2737 3705 2791 ἐστὶν
3723 2733 3790 2805 ἑρ-

2285 2855 2381 2907 γον
2408 2836 2477 2891 τὰ
2507 2835 2752 2908 ἡμέτερα
2798 2833 3261 2906 πλημμελήματα,
3308 2831 3599 2887 τούναντίον
3641 2829 3685 2882 δὲ
3723 2824 3789 2897 μό-

2288 2947 2378 2983 νου
2417 2928 2514 2983 τοῦ
2544 2925 2832 2999 λογισμοῦ·
2870 2927 3046 2981 ἔνεστι
3079 2925 3185 2997 γὰρ
3230 2925 3330 2979 καὶ
3369 2924 3560 2995 ἑτέρως
3586 2920 3785 2989 συστῆναι

2286 3019 2363 3091 τῷ
2394 3018 2667 3090 λεγομένῳ
2691 3035 2704 3048 ο
2737 3013 2845 3088 ἆρα
2881 3018 2955 3089 μή
2983 3034 3036 3070 τι
3068 3016 3192 3071 ἄλλο
3229 3016 3465 3088 φήσαιεν
3507 3009 3627 3069 εἶναι
3651 3009 3783 3078 φόνον.

2286 3094 2319 3182 ἡ
2364 3110 2553 3174 κακὸν,
2604 3110 2859 3182 πορνείαν
2891 3126 2948 3162 τε
2989 3109 3082 3163 καὶ
3123 3108 3395 3179 μοιχείαν,
3430 3106 3619 3175 κλοπήν
3650 3118 3698 3154 τε
3719 3098 3785 3153 καὶ

2281 3200 2474 3272 ψεῦδος
2503 3219 2518 3268 ;
2553 3201 2739 3272 Δῆλον,
2788 3201 2861 3264 ὡς
2911 3200 3062 3254 ἔσται
3117 3200 3357 3270 μάλιστα
3393 3197 3571 3251 κακία.
3607 3194 3661 3248 Τί
3693 3186 3780 3253 οὗνς

2283 3296 2377 3349 ἐὰν
2407 3297 2438 3349 ὁ
2459 3293 2713 3365 δικαστὴς
2740 3293 2936 3365 ἀναιρῇ
2982 3293 3071 3346 τὸν
3109 3292 3412 3364 ἠδικηκότα
3442 3289 3693 3361 φονεύσας,
3717 3281 3783 3354 φό-

2282 3403 2371 3450 νος
2401 3382 2511 3458 ἆρα
2537 3383 2852 3455 νομισθείη;
2882 3384 3054 3439 καίτοι
3085 3385 3146 3437 τὸ
3175 3383 3341 3456 ἔργον
3369 3383 3555 3436 ταύτὸν
3583 3378 3661 3432 τοῦ
3685 3374 3782 3445 πρὸς

2284 3475 2404 3547 βίαν
2434 3474 2767 3545 φονεύοντος,
2815 3475 2909 3527 καὶ
2956 3472 3050 3526 τοῦ
3089 3473 3236 3544 νόμῳ
3289 3471 3649 3543 ἁναιρούντος’
3689 3461 3782 3516 ὁδέ

2283 3565 2482 3630 σκοπὸς
2514 3566 2746 3637 διίστησι
2780 3565 2841 3619 τὸ
2880 3565 3278 3637 πραττόμενον.
3327 3562 3487 3616 Ἀλλά
3527 3561 3610 3614 καὶ
3646 3557 3727 3629 μὴν
3758 3553 3781 3621 ἡ

2281 3658 2419 3729 αὐτή
2450 3658 2646 3730 πρᾶξις
2673 3657 2811 3729 πρὸς
2837 3661 2934 3729 τὴν
2966 3657 3102 3710 ίδίαν
3129 3672 3187 3707 τε
3216 3656 3315 3709 καὶ
3348 3653 3617 3725 ἀλλοτρίαν
3637 3646 3783 3730 τῷἀνξ

2279 3747 2365 3819 δρὶ
2389 3728 2831 3819 τῆςῖκοινωνίαςο
2869 3728 2899 3800 δ
2929 3745 2985 3799 δὲ
3013 3743 3274 3814 λογισμὸς
3307 3743 3525 3814 χωρίζει
3544 3738 3613 3809 τῷ
3643 3728 3784 3801 σκοπῷ

2278 3839 2347 3893 τὰ
2378 3839 2767 3911 παραπλησίως
2792 3839 3067 3909 γινόμενα.

2354 3933 2472 3985 Ἔτι
2506 3932 2612 4004 μὴν
2644 3932 2705 3984 τὸ
2735 3930 2928 4001 κλέψαι
2971 3930 3121 4002 παρὰ
3156 3931 3251 3986 τοῦ
3305 3935 3571 3997 Μάνεντος
3598 3930 3656 3983 τά
3682 3926 3783 3996 πρὸς

2279 4024 2568 4096 ὲπιΰουλὴν
2613 4024 2761 4095 αὐτῷ
2812 4028 3210 4098 παρακείμενα,
3242 4028 3279 4098 ἢ
3332 4026 3652 4101 ὲργαλεῖα.ἢ
3686 4021 3782 4091 ὕψι,

2280 4117 2396 4180 πῶς
2428 4117 2527 4170 οὐκ
2558 4115 2623 4170 ἂν
2671 4115 2838 4181 δόξειε
2881 4118 3073 4173 ταύτόν
3115 4136 3180 4187 γε
3204 4115 3347 4176 εἶναι
3376 4121 3438 4174 τὸ
3479 4121 3622 4191 ἔργον
3649 4113 3782 4182 κλοπῇ

2277 4213 2343 4281 τῇ
2386 4208 2816 4280 διαϐεϐλημένῃς
2868 4209 2929 4261 οὐ
2984 4209 3164 4279 μέντοι
3212 4212 3412 4265 ταύτὸν
3458 4211 3531 4282 τῷ
3559 4203 3785 4277 λογισμῷ.

2228 4335 2231 4338 ν
2279 4302 2414 4356 ἀλλά
2453 4302 2626 4371 πάντη
2678 4300 2949 4371 διάφορον.
2981 4299 3124 4371 Πρὸς
3154 4300 3212 4354 δὲ
3252 4304 3465 4368 τούτοις
3494 4305 3540 4356 εί
3579 4294 3787 4363 ἀπαιτοίη

614 4386 795 4453 posuit
830 4402 977 4442 sanae
999 4388 1199 4442 mentis
1232 4402 1356 4443 cum
1381 4397 1546 4450 esset,
1575 4398 1634 4443 ut
1667 4406 1888 4447 necesse
1915 4391 1984 4446 sit
2013 4390 2061 4445 ci
2088 4390 2176 4446 cui

2228 4408 2253 4462 )
2283 4394 2470 4466 μανεὶς
2513 4393 2797 4463 ἄνθρωπος
2827 4393 3010 4462 ξίφος,
3044 4394 3181 4466 ὅπερ
3222 4396 3488 4469 παρέθετο
3516 4397 3703 4468 νήφων,
3729 4389 3787 4452 ὡς

613 4478 969 4535 conunissum
1009 4488 1090 4534 est
1135 4479 1441 4551 depositum
1493 4483 1713 4538 mentiri
1756 4498 1860 4536 non
1912 4497 1971 4537 se
2015 4497 2173 4537 acce-

614 4569 781 4637 pisse.
810 4569 941 4640 quid
979 4569 1157 4627 verbis
1197 4570 1375 4626 dill‘ert
1408 4572 1748 4628 mendacium
1780 4589 1810 4626 a
1857 4588 1982 4628 vera
2011 4570 2166 4643 perii.

611 4661 723 4726 dia,
755 4662 861 4718 nisi
884 4662 1165 4735 proposito
1199 4668 1626 4730 asseverantium
1646 4666 2084 4722 discernantur?

682 4841 754 4902 Et
787 4836 871 4901 his
903 4845 1068 4917 igitur
1100 4856 1248 4918 patet
1293 4851 1561 4907 actionem
1617 4862 1676 4906 ut
1724 4851 2014 4922 plurimum
2065 4831 2187 4905 non.

612 4949 707 5006 per
762 4951 822 4991 se
874 4938 1184 5008 explorari,
1229 4942 1326 4997 sed
1363 4953 1597 4999 mentem
1649 4944 1731 4998 vel
1789 4943 2171 5013 cogitationem

606 5022 728 5089 ejus
758 5023 852 5092 qui
879 5027 1143 5097 suscepit.
1174 5028 1374 5084 Eadem
1408 5033 1550 5086 ratio
1580 5032 1633 5086 in
1676 5033 1971 5087 contrariis
2018 5046 2170 5101 repe-

606 5114 703 5168 riri
740 5126 939 5185 potest.
990 5117 1047 5175 Si
1092 5120 1217 5191 quis
1241 5123 1384 5177 enim
1423 5125 1703 5193 pecuniam
1728 5124 1809 5180 vel
1854 5126 2171 5179 alimentum

605 5205 881 5277 impertiat
908 5214 1110 5281 egenti,
1143 5232 1254 5272 non
1289 5228 1347 5271 ut
1378 5218 1456 5272 illi
1490 5217 1719 5286 benigne
1758 5216 1939 5280 faciat,
1981 5216 2076 5273 sed
2114 5225 2173 5272 ut

604 5296 821 5354 laudem
850 5315 1039 5357 eorum
1061 5305 1154 5375 qui
1176 5306 1361 5361 vident
1394 5315 1730 5376 aucupetur;
1763 5321 1945 5361 nonne
1964 5308 2174 5377 perspi-

511 5403 515 5407 '
602 5403 767 5461 cuum
802 5402 887 5447 est
919 5392 1121 5450 factum
1155 5398 1373 5468 quidem
1404 5414 1526 5455 esse
1547 5400 1973 5470 pulcherrimum
2002 5409 2056 5456 et
2078 5402 2165 5457 be-

602 5480 850 5553 nignum,
875 5489 1212 5557 propositum
1247 5498 1426 5547 tamen
1453 5491 1609 5547 valde
1658 5492 1863 5548 humile
1909 5501 1964 5547 et
1991 5495 2172 5548 crimi-

604 5575 842 5630 nosum?
870 5577 926 5631 Si
960 5580 1084 5650 quis
1127 5583 1335 5651 prolixe
1355 5592 1604 5652 precetur
1641 5591 1694 5639 et
1742 5584 2054 5654 frequenter
2088 5585 2173 5653 je-

600 5665 777 5743 juaet,
810 5671 1122 5742 religionem
1165 5683 1219 5741 et
1268 5676 1606 5745 tolerantiam
1645 5677 1957 5745 hominibus
1988 5685 2168 5736 osten-

2278 4487 2570 4553 ἀναγκαῖον
2596 4481 2832 4554 εἶναιτῷ
2861 4484 3239 4557 ὑποδεξαμένῳ
3268 4487 3563 4558 ψεύσασθαι
3587 4487 3651 4557 μὴ
3676 4482 3788 4549 eliq-

2279 4576 2465 4644 φέναι·
2509 4575 2651 4629 κατά
2703 4576 2756 4629 τί
2785 4575 2851 4629 διν
2887 4576 3130 4647 διαφέροι
3157 4579 3274 4641 τοῖς
3306 4581 3508 4649 ῥήμασι
3550 4576 3605 4628 τὸ
3632 4571 3789 4642 ψεῦᾶος

2278 4668 2413 4735 πρὸς
2444 4667 2543 4739 τὴν
2573 4667 2741 4731 ὅντως
2770 4667 3180 4739 ἀγνωμοσύνην,
3205 4671 3252 4722 εί
3292 4669 3367 4742 μὴ
3393 4669 3469 4741 τῷ
3505 4666 3673 4737 σκοπῷ
3698 4664 3788 4723 διε-

2278 4761 2514 4832 κρίνοιτο
2539 4761 2646 4814 τῶν
2673 4760 3093 4831 ίσχυριζομένων
3117 4778 3132 4827 ;

2345 4853 2512 4923 Δῆλον
2541 4852 2825 4923 τοιγαροῦν
2859 4853 2923 4906 ὲκ
2952 4853 3156 4907 τούτων
3174 4894 3189 4917 ,
3218 4854 3299 4918 ὡς
3322 4856 3440 4908 οὐδὲ
3477 4859 3508 4926 ή
3539 4853 3711 4925 πρᾶξις
3731 4848 3788 4910 ὡς

2275 4945 2367 4997 ἐπὶ
2396 4945 2529 4999 πολὺ
2570 4944 2688 4999 καθ’
2737 4944 2931 5016 ἑαυτὴν
2979 4944 3367 5016 δοκιμάζεται,
3408 4946 3517 5000 ἀλλ’
3552 4947 3583 5016 ή
3620 4942 3787 4999 nam

2276 5037 2422 5091 καὶὸ
2448 5035 2702 5106 λογισμὸς
2738 5033 2831 5089 τοῦ
2862 5034 3134 5105 μετιόντος
3153 5053 3167 5066 ·
3206 5034 3358 5107 εὖροι
3389 5036 3495 5107 γὰρ
3520 5034 3582 5089 ἄν
3614 5049 3687 5095 τις
3718 5026 3790 5082 καὶ

2274 5131 2334 5182 ὲν
2358 5131 2468 5192 τοῖς
2505 5126 2763 5190 ἐναντίοις
2796 5127 2886 5179 τὸν
2927 5126 3086 5181 αὐτὸν
3129 5127 3302 5194 λόγον.
3354 5128 3415 5181 Εί
3437 5127 3543 5197 γὰρ
3572 5119 3785 5195 μεταδοίη

2270 5237 2355 5282 τις
2391 5218 2684 5290 χρημάτων
2726 5217 2759 5288 ἢ
2806 5219 3009 5289 τροφῆς
3052 5218 3128 5289 τῷ
3167 5220 3464 5289 πενομένῳ,
3488 5218 3582 5270 οὐκ
3620 5214 3788 5267 eum

2275 5310 2867 5383 φιλανθρωπευόμενος,
2891 5311 2981 5365 τὸν
3007 5312 3061 5364 δὲ
3095 5311 3244 5384 παρά
3266 5313 3375 5365 τῶν
3411 5309 3646 5384 ὁρώντων
3663 5307 3788 5358 ἔπαι-

2273 5419 2363 5457 νον
2392 5401 2705 5474 θηρώμενος
2729 5419 2743 5431 ·
2774 5402 2891 5465 πῶς
2915 5403 2975 5455 ού
3009 5401 3185 5472 δῆλον,
3210 5404 3282 5466 ὡς
3307 5402 3369 5455 τὸ
3390 5401 3487 5472 μὲν
3513 5400 3658 5472 ἔργον
3684 5390 3786 5448 κάλ·

2273 5496 2450 5549 λιστον
2482 5497 2576 5549 καὶ
2615 5493 3013 5565 φιλάνθρωπον,
3051 5497 3080 5549 δ
3110 5494 3166 5547 δὲ
3200 5495 3397 5557 σκοπὸς
3435 5492 3548 5546 λίαν
3573 5478 3783 5541 ταπεινὸς

2273 5589 2367 5642 καὶ
2396 5586 2848 5658 διαϐεϐλημένοςς
2892 5588 2954 5641 Εἰ
2987 5586 3046 5640 δέ
3080 5605 3161 5651 τις
3202 5588 3292 5642 καὶ
3338 5584 3670 5657 προσεύχοιτο
3697 5590 3780 5646 μα’

2278 5677 2402 5751 κρὰ,
2438 5678 2529 5731 καὶ
2560 5676 2805 5754 νηστεύοι
2837 5678 3035 5744 πυκνὰ,
3069 5678 3371 5753 ἀνθρώποις
3408 5674 3668 5731 εὐλάϐειαν
3691 5665 3785 5737 ἄρα
