4072 6338
333 323 472 381 1109

1423 331 1795 390 ADVERSUS
1836 331 2256 391 MANICHIEOS
2295 331 2423 386 LIB.
2465 330 2507 386 1.

3438 323 3570 378 mo

327 439 422 493 καὶ
463 441 760 520 καρτερίαν
801 438 1266 515 ἐπιδεικνύμενος·
1315 443 1558 520 εὔδηλον,
1601 449 1676 514 ὡς
1707 451 1767 504 ού
1811 452 1897 506 διὰ

2002 461 2143 519 tans,
2175 451 2345 521 liquet
2377 464 2487 504 non
2521 460 2644 500 esse
2674 451 2895 515 propter
2923 456 3064 511 opus
3099 438 3450 498 laudandum.
3479 437 3572 492 sed

327 533 388 584 τὸ
415 531 578 602 ἔργον
604 532 668 587 ἀν
692 535 917 612 εἰκότως
944 537 1275 611 ὲπαινεθείη,
1309 539 1399 594 διὰ
1423 541 1479 594 δὲ
1514 542 1604 596 τὸν
1640 543 1764 597 νοῦν
1788 545 1897 598 τῶν

327 627 719 697 πραττομένων
766 628 1015 702 ψεχθείη.
1060 631 1134 683 Οὐ
1175 631 1280 703 μὴν
1323 632 1437 686 ἀλλ’
1489 635 1543 687 εἴ
1593 653 1677 699 τις
1715 636 1898 705 ἕτερος

329 718 657 789 σωφρονοίη,
681 720 773 774 καὶ
794 721 902 775 τῶν
924 740 988 792 γε
1016 723 1272 779 πλειόνων
1297 725 1596 798 ἐπιθυμιῶν
1623 728 1896 800 ἀπέχοιτο,

327 810 390 862 οὐ
447 809 602 881 πόθῳ
659 812 759 883 τῆς
809 813 1009 884 ἀρετῆς
1037 857 1051 882 ,
1102 816 1275 885 φειδοῖ
1305 817 1361 870 δὲ
1417 819 1743 889 χρημάτων·
1799 821 1899 873 οὐκ

325 901 568 974 εὔδηλον,
601 904 676 968 ὡς
696 905 724 957 ὀ
752 905 990 970 τοιοῦτος
1009 907 1097 961 διὰ
1123 909 1292 973 πάθος
1319 911 1505 965 παθῶν
1531 911 1732 984 ἑτέρων
1764 929 1899 984 κρα-

327 997 430 1058 τεῖ,
457 995 626 1066 αὐτὴν
652 996 714 1067 δὴ
742 997 839 1068 τὴν
872 998 1014 1052 κατά
1037 1001 1098 1052 τὸ
1123 1001 1439 1073 φαινόμενον
1459 1003 1756 1075 καρτερίαν
1778 1003 1898 1058 ἀντὶ

327 1086 525 1151 κακίας
551 1086 626 1158 τῷ
650 1088 834 1159 σκοπῷ
863 1089 1256 1162 μετερχόμενος
1277 1109 1291 1158 ;

396 1257 458 1311 El
478 1258 658 1313 τοίνυν
683 1260 940 1342 πολλᾲκις
964 1262 1056 1317 καὶ
1080 1264 1148 1317 τὰ
1170 1264 1499 1337 νομιζόμενα
1514 1267 1661 1321 κακά
1689 1269 1752 1339 τῇ
1780 1269 1895 1322 δια-

323 1349 442 1421 νοίᾳ
457 1350 551 1403 τοῦ
570 1351 898 1423 πράττοντος
927 1355 1107 1422 ἀγαθὰ
1125 1357 1500 1428 ἀναφαίνεται,
1519 1360 1551 1430 ἧ
1577 1360 1708 1431 μηδὲ
1727 1361 1892 1430 κακὰ,

323 1443 420 1494 καὶ
437 1443 746 1497 τούναντίον
766 1444 834 1498 τὰ
855 1446 946 1498 ἐπὶ
961 1446 1022 1499 τὸ
1043 1446 1250 1515 βέλτιον
1267 1449 1644 1522 ὑπειλημμένα
1659 1451 1734 1516 ὡς
1751 1453 1896 1506 κακά

323 1531 656 1602 διελέγχεται
682 1538 746 1606 τῇ
775 1537 982 1607 αἱρέσει
1010 1541 1105 1592 καὶ
1137 1539 1214 1610 τῷ
1253 1541 1439 1613 σκοπῷ
1465 1542 1558 1596 τοῦ
1590 1543 1891 1614 μετιόντος’

325 1623 409 1687 τίς
438 1625 504 1678 ἂν
538 1625 618 1679 ἔτι
646 1627 830 1682 λοιπὸν
855 1630 1158 1700 ἀντιλέγειν
1193 1632 1325 1702 ἔχοι,
1350 1633 1426 1698 ὡς
1457 1635 1555 1705 οὐχ
1584 1637 1638 1688 αἱ
1671 1636 1896 1706 πράξεις

325 1715 401 1779 ὡς
439 1717 533 1770 ἐπὶ
559 1719 692 1772 πολὺ
724 1720 877 1792 παρά
902 1739 964 1791 γε
991 1726 1054 1794 τῇ
1082 1724 1309 1798 ἀληθείᾳ
1348 1725 1752 1796 δοκιμάζονται,
1784 1729 1812 1780 ὁ
1838 1727 1897 1780 δὲ

322 1806 448 1874 νοῦς
474 1811 590 1863 ἐστι
616 1811 724 1865 τῶν
755 1815 1139 1886 πραττομένων
1171 1819 1199 1870 ὁ
1225 1816 1678 1888 βασανιζόμενος;

393 1988 528 2041 Ποῖα
547 1989 724 2042 τοίνυν
751 1991 888 2064 ἔργα
911 1995 977 2066 τῇ
999 1995 1166 2066 κακίᾳ
1195 1995 1554 2067 λογιούμεθα;
1588 1996 1653 2050 τὰ
1679 1995 1895 2051 δοκοῦν-

320 2098 391 2134 τα
419 2078 555 2137 εῖναι
589 2085 754 2149 κακά,
787 2087 929 2158 ἅπερ
957 2089 1102 2143 ἐστὶν
1135 2090 1334 2160 ἀγαθὰ,
1349 2092 1435 2145 ὅτε
1465 2091 1666 2163 ἀρετῆς
1693 2091 1896 2164 διανοίᾳ

321 2174 656 2246 πράττεται;
691 2181 824 2232 Ποῖα
860 2180 916 2233 δὲ
945 2180 1022 2252 τῷ
1046 2183 1234 2255 ἀγαθῷ
1265 2183 1639 2254 ἀναθήσομεν;
1671 2182 1740 2235 τὰ
1767 2200 1892 2251 φαιο

321 2266 521 2338 νόμενα
549 2269 749 2337 ἀγαθὰ,
789 2270 930 2342 ἅπερ
970 2255 1212 2346 λογισμῷ
1241 2274 1384 2328 κακὰ
1420 2275 1657 2342 γίνεται;
1686 2273 1894 2327 Οὐκοῦν

320 2359 614 2430 ἀποτόμως
643 2362 897 2434 οὐδέτερα
923 2363 1209 2436 οὐδετέρῳο
1233 2365 1391 2436 μόνον
1420 2365 1478 2418 δὲ
1501 2365 1562 2419 τὸ
1589 2364 1893 2434 λογιστικὸν

321 2452 418 2504 καὶ
448 2453 920 2523 ἡγεμονικώτατον
955 2455 1048 2509 τοῦ
1080 2456 1171 2510 νοῦ
1203 2457 1296 2510 τοῦ
1324 2457 1652 2528 πράττοντος
1689 2457 1896 2528 διακρι-

321 2541 541 2612 νοῦμεν,
578 2545 804 2618 πότερον
835 2547 1008 2618 ὀρθῶς
1057 2548 1319 2620 μετῆλθεν
1359 2551 1391 2622 ἦ
1441 2549 1514 2622 μὴ
1557 2549 1617 2602 τὸ
1659 2550 1895 2620 πραττό-

321 2652 484 2704 μενον
501 2653 514 2666 ο
545 2637 605 2689 τὸ
628 2638 683 2690 δὲ
708 2639 1180 2710 ἡγεμονικώτατον
1209 2643 1308 2713 τῆς
1337 2641 1429 2696 τοῦ
1465 2641 1752 2715 ἀνθρώπου
1781 2643 1894 2696 δια-

318 2729 493 2793 νοίας.
513 2732 594 2783 ὅτι
618 2734 930 2787 παντάπασι
963 2739 1203 2808 προσῆκε
1233 2736 1372 2790 κατά
1396 2736 1486 2790 τὸν
1512 2737 1718 2791 ἐκείνου
1739 2735 1894 2804 λόγον

316 2822 396 2894 τῷ
428 2823 654 2893 βελτίονι
682 2826 840 2899 μέρει
859 2828 959 2899 τῆς
983 2828 1179 2900 ψυχῆς,
1198 2831 1302 2884 κᾶν
1335 2830 1594 2902 μυριάκις
1621 2830 1894 2901 μαίνοιντο

316 2919 367 2970 οἱ
400 2921 465 2971 ὲκ
491 2919 586 2972 τοῦ
616 2922 910 2987 Μάνεντος,
941 2923 1038 2976 οῦκ
1071 2923 1136 2977 ἂν
1167 2925 1468 2996 ἀρνηθεῖεν.

395 3007 614 3060 Ἀδικον
641 3009 927 3082 τοιγαροῦν
958 3011 1234 3075 παντελῶς
1258 3012 1437 3083 κρίσιν
1467 3011 1606 3066 κατά
1635 3013 1735 3083 τῆς
1761 3015 1890 3085 παρ’

320 3097 485 3151 αὑτοῦ
516 3101 889 3171 πεποιημένης
919 3101 1050 3173 ὕλης
1084 3102 1392 3172 ἐξενήνοχεν
1439 3103 1467 3155 ὁ
1497 3102 1707 3172 Μάνηςς
1745 3104 1892 3156 ἀντι⁹

320 3191 492 3255 θεὶςά
529 3193 791 3264 μηδαμῶς
825 3197 960 3265 αὐτῇ
999 3195 1292 3266 προσῆκεν,
1331 3196 1444 3264 εἴγε
1479 3195 1572 3248 καὶ
1600 3195 1893 3266 ἐτύγχανεν

316 3277 454 3337 οὖσα
507 3285 614 3338 τῶν
692 3287 842 3356 παρὰ
913 3287 1219 3358 ἀνθρώποις
1272 3287 1659 3358 πραττομένων
1708 3287 1892 3342 αἰτία·

318 3377 628 3430 τούναντίον
653 3378 707 3432 δὲ
735 3379 933 3450 μᾶλλον
954 3381 1052 3450 τῆς
1073 3379 1165 3432 τοῦ
1188 3379 1391 3449 ἀγαθοῦ
1420 3380 1635 3452 μερίδος
1660 3380 1894 3448 εὐλόγως

317 3465 389 3522 ἂν
417 3470 730 3541 νομισθείη,
766 3471 877 3540 εἴγε
925 3472 1178 3535 ἐναντίως
1226 3471 1318 3525 δύο
1355 3471 1498 3536 τινές
1550 3472 1686 3526 είσιν
1731 3472 1895 3543 ἀρχαὶ

322 3559 465 3613 κατά
489 3562 584 3633 τὴν
611 3563 819 3615 ἐκείνου
846 3563 1064 3633 μανίαν.

2004 553 2226 615 propter
2251 550 2486 597 mentem
2518 553 2681 609 quam
2707 536 2760 590 in
2792 537 2859 590 iis
2882 550 3003 605 quae
3036 532 3166 588 fecit
3214 531 3402 585 habuit
3431 531 3569 583 vitu-

1999 635 2320 706 perandum.
2368 629 2678 697 Quinetiam
2725 628 2770 683 si
2814 626 2940 697 quis
2971 625 3112 679 alius
3141 635 3450 685 temperans
3481 621 3571 681 sit,

1997 741 2052 784 et
2094 743 2124 782 a
2171 725 2360 782 multis
2389 721 2784 787 cupiditatibus
2847 718 3117 783 abstineat
3149 731 3257 771 non
3300 711 3574 767 desiderio

1998 820 2238 886 virtutis,
2271 819 2366 874 sed
2397 823 2458 871 ut
2494 813 2733 886 pecuniae
2762 823 2971 881 parcat.
3023 824 3204 864 annon
3236 807 3369 863 satis
3399 804 3574 860 mani-

1999 911 2198 968 festum
2233 919 2316 966 est
2359 909 2505 962 hunc
2534 907 2627 976 qui
2668 905 2747 962 sic
2786 911 2890 966 est,
2917 901 3203 956 ati‘ectione
3257 897 3573 955 affectiones

1999 1003 2133 1058 alias
2161 1002 2415 1064 vincere,
2467 1000 2640 1069 ipsam
2694 1011 2821 1051 vero
2857 993 3200 1050 tolerantiam
3254 990 3432 1062 specie
3476 1005 3572 1044 ex-

1999 1097 2272 1151 trinsecus
2307 1099 2602 1164 apparenle
2633 1105 2730 1160 pro
2762 1087 3003 1158 nequitia
3051 1086 3234 1140 animo
3279 1091 3333 1139 et
3369 1097 3570 1153 propo-

1998 1190 2104 1246 sito
2136 1185 2448 1256 suscipere?

2069 1281 2123 1336 Si
2157 1281 2320 1351 igitur
2351 1294 2493 1348 saepe
2516 1291 2636 1347 quae
2667 1290 2831 1345 prava
2859 1273 3262 1335 existimantur,
3295 1287 3359 1327 ex
3389 1271 3570 1324 animo

1998 1373 2249 1428 facientis
2278 1372 2508 1426 honesta
2538 1383 2660 1425 esse
2692 1374 2982 1437 apparent;
3015 1365 3098 1420 vel
3119 1379 3240 1435 qua
3265 1377 3372 1417 non
3405 1375 3570 1432 prava

1995 1465 2401 1524 existimantur,
2436 1462 2530 1517 sed
2584 1469 2778 1516 contra
2813 1460 2996 1530 potius
3048 1458 3276 1513 honesta
3328 1463 3383 1510 et
3428 1453 3569 1508 bona

1998 1564 2278 1627 putantur,
2324 1556 2608 1608 voluntate
2639 1560 2692 1608 et
2723 1552 3007 1622 pr0posito
3044 1548 3400 1620 suseipientis
3433 1560 3569 1600 con-

1996 1648 2290 1703 vincuntur
2321 1646 2599 1717 nequitiae,
2633 1645 2758 1715 quis
2800 1644 2912 1715 jam
2945 1651 3124 1714 potest
3155 1639 3528 1698 contradicere
3553 1678 3567 1698 .

1995 1756 2062 1795 ex
2095 1755 2285 1810 magna
2323 1746 2474 1809 parte
2503 1739 2747 1794 actiones
2793 1752 2900 1793 non
2955 1735 3098 1806 apud
3152 1733 3433 1790 veritatem
3483 1747 3572 1786 ex-

1996 1832 2232 1902 plorari;
2265 1841 2497 1886 mentem
2521 1845 2649 1885 vero
2692 1845 2834 1894 esse,
2871 1845 2991 1900 qua:
3039 1829 3093 1882 in
3134 1827 3201 1883 iis
3231 1841 3351 1897 qua:
3397 1839 3569 1895 agun-

1997 1932 2106 1983 tur.
2134 1923 2441 1978 excutitur?

2064 2003 2196 2070 Quze
2220 2005 2382 2076 igitur
2411 2019 2574 2074 Opera
2601 2004 2939 2060 ascribemus
2965 2000 3255 2072 nequitiae?
3273 1998 3435 2054 illane
3450 2011 3571 2067 quae

1995 2097 2247 2152 videntur
2270 2098 2430 2160 mala,
2459 2113 2578 2167 quae
2609 2097 2828 2168 quidem
2861 2103 2988 2150 sunt
3016 2095 3180 2156 bona,
3229 2089 3448 2163 quando
3475 2104 3571 2144 ra-

1995 2193 2141 2246 tione
2173 2191 2388 2245 virtutis
2436 2190 2605 2244 ﬁunt?
2661 2191 2791 2256 Quae
2844 2204 2972 2244 vero
3022 2187 3356 2242 asciscemus
3391 2181 3579 2238 bono?

1995 2300 2064 2337 an
2115 2298 2235 2354 qua:
2279 2291 2543 2352 apparent
2588 2284 2728 2337 bona
2757 2297 2898 2346 esse,
2932 2296 3052 2351 qua:
3098 2278 3315 2349 quidem
3360 2275 3571 2329 ratione

1994 2369 2138 2424 mala
2159 2370 2341 2424 ﬁunt?
2369 2370 2540 2440 igitur
2557 2378 2750 2424 neutra
2773 2369 2951 2424 neutri
2978 2365 3319 2424 solummodo
3343 2383 3356 2418 :
3393 2363 3569 2418 solum

1993 2462 2284 2525 rationem,
2323 2469 2375 2516 et
2423 2461 2567 2533 quod
2599 2462 2654 2514 in
2696 2463 2876 2516 ménte
2908 2459 3174 2514 actionem
3209 2452 3560 2526 suscipientis

1995 2551 2326 2623 prtecipuum
2348 2559 2452 2617 est,
2483 2551 2930 2622 dijudicabimus,
2963 2558 3143 2604 utrum
3192 2557 3340 2603 recte
3383 2559 3572 2601 susce-

1994 2645 2095 2715 pit,
2127 2661 2194 2698 an
2223 2661 2403 2700 secus.
2431 2644 2585 2711 Quod
2615 2655 2792 2700 autem
2820 2642 3055 2698 maxime
3100 2639 3394 2712 principale
3421 2653 3574 2692 men-

1993 2739 2062 2794 tis
2094 2738 2329 2794 hominis
2356 2747 2460 2801 est,
2488 2739 2758 2807 pertinere
2796 2737 2863 2792 ad
2892 2736 3167 2791 meliorem
3219 2741 3428 2804 partem
3461 2732 3576 2786 ani.

1993 2844 2129 2892 mea,
2164 2836 2223 2882 ut
2252 2829 2340 2883 ille
2383 2829 2588 2895 tradit,
2640 2829 2766 2883 licet
2822 2827 3031 2882 infinite
3083 2826 3362 2882 insaniant
3397 2823 3571 2878 Mani-

1991 2919 2153 2983 chaei,
2187 2936 2294 2975 non
2323 2928 2554 2990 possunt
2591 2935 2807 2990 negare.

2064 3011 2314 3080 Iniquum
2347 3011 2511 3081 igitur
2550 3009 2815 3080 judicium
2850 3008 3218 3079 pronuntiavit
3243 3005 3572 3061 Manichteus

1991 3111 2182 3157 contra
2213 3102 2495 3157 materiam
2531 3118 2561 3156 a
2607 3117 2665 3158 se
2719 3101 2944 3168 factum,
2998 3100 3284 3170 assignans
3335 3095 3412 3151 illi
3455 3112 3576 3166 quae

1997 3196 2148 3252 nullo
2177 3205 2337 3267 pacto
2369 3197 2418 3252 ei
2468 3197 2905 3262 conveniebant,
2951 3197 2998 3252 si
3047 3211 3236 3251 eorum
3282 3209 3402 3266 quae
3430 3193 3574 3263 apud

2004 3289 2252 3344 homines
2284 3288 2451 3354 ﬁunt,
2507 3305 2674 3346 causa
2709 3297 2844 3345 erat.
2902 3290 3014 3346 lmo
3064 3295 3254 3344 contra
3291 3285 3470 3357 potius
3504 3283 3573 3337 ad

2007 3389 2216 3454 partem
2249 3383 2375 3438 boni
2413 3383 2801 3438 convenienter
2844 3382 3038 3437 rationi
3076 3381 3350 3452 pertinere
3381 3376 3573 3433 existi-

2000 3485 2313 3539 marentur,
2383 3476 2430 3530 si
2492 3476 2602 3532 duo
2670 3474 2917 3545 quaedam
2974 3473 3244 3546 principia
3299 3468 3574 3528 contraria

1917 3617 1920 3620 .
1999 3575 2146 3630 sunt,
2178 3576 2234 3621 ut
2267 3554 2355 3622 ille
2391 3567 2584 3623 insane
2616 3566 2802 3621 tradit.

489 3696 616 3752 CAP.
656 3696 848 3752 XXIX.
888 3698 969 3751 An
1000 3704 1309 3767 potestatem
1341 3696 1643 3765 absorptam
1683 3697 1871 3750 iterum
1912 3701 2098 3764 recepit
2135 3699 2290 3755 Deus.
2330 3699 2558 3756 Manetis
2591 3699 2926 3769 blasphemia:
2948 3699 3198 3754 adversus
3223 3696 3411 3754 Deum.

394 3815 722 3880 Σπουδάζειν
773 3816 830 3869 δέ
861 3833 991 3886 φησι
1026 3817 1115 3870 τὸν
1161 3815 1292 3869 Θεὸν
1339 3816 1440 3886 τὴν
1494 3815 1894 3870 καταποθεῖσαν

320 3907 570 3979 δύναμιν,
595 3911 660 3979 ἣν
683 3909 838 3962 καλεῖ
856 3907 1031 3979 ψυχὴν
1059 3908 1332 3973 ἁπάντων,
1351 3904 1507 3972 αὖθις
1539 3909 1676 3978 πρὸς
1708 3908 1897 3962 ἑαυτὸν

321 3997 680 4064 ἀναδέξασθαι
706 4018 718 4032 ·
743 4001 828 4053 ἵνα
854 3999 927 4071 μὴ
957 3999 1016 4052 τὸ
1032 3999 1225 4054 ἑαυτοῦ
1257 4000 1576 4071 ἀπεράντως
1605 4001 1692 4058 ἀεὶ
1726 4017 1893 4072 προσ-

319 4092 602 4163 δεδεμένον
634 4095 700 4164 τῇ
737 4092 857 4163 ῦλῃ,
885 4091 978 4145 καὶ
1004 4093 1412 4164 τιμωρούμενον
1444 4092 1683 4164 διατελῇ.
1715 4092 1779 4145 Τί
1805 4086 1898 4145 οῦν

246 4172 249 4174 ’
320 4186 424 4256 τὴν
454 4184 628 4256 ἀρχὴν
661 4184 998 4256 παρεϐάλετο
1037 4183 1222 4244 τοῦτο.
1254 4184 1394 4239 ὥστε
1434 4184 1686 4239 τοσοῦτον
1728 4185 1899 4240 αἰῶνα

329 4277 456 4348 μηδ’
477 4276 808 4330 ἀναπνεῦσαι
833 4276 1145 4348 δυνηθῆναι,
1171 4278 1263 4330 καὶ
1293 4277 1454 4331 πλέον
1479 4278 1668 4332 παθεῖν
1699 4275 1898 4349 μᾶλλον

325 4370 359 4440 ἦ
389 4369 618 4440 δρᾶσαις
653 4371 715 4422 Εἰ
750 4370 845 4439 μὲν
871 4369 981 4440 γὰρ
1013 4373 1286 4441 περιεῖχεν
1308 4373 1335 4424 ὁ
1362 4371 1551 4442 μῦθος,
1573 4373 1648 4436 ὡς
1677 4372 1766 4426 τοῦ
1798 4372 1897 4442 μὲν

2069 3815 2209 3873 Dicit
2243 3827 2504 3888 praztereu
2555 3817 2833 3875 studuisse
2881 3816 3086 3881 Deum,
3144 3823 3204 3870 ut
3252 3817 3576 3886 potestatem

1999 3909 2309 3980 absorptam
2335 3952 2350 3974 ,
2393 3927 2555 3982 quam
2588 3921 2748 3967 vocat
2798 3911 3034 3965 animam
3067 3909 3307 3962 omnium
3329 3947 3345 3972 ,
3380 3895 3575 3962 rursus

2000 4001 2067 4054 ad
2103 4017 2161 4056 se
2197 4003 2495 4072 reciperet;
2525 4018 2593 4057 ne
2625 4003 2769 4074 quod
2809 4011 2926 4058 erat
2958 4019 3022 4058 ex
3058 4002 3198 4072 ipso,
3226 4001 3467 4056 materia:
3496 4001 3576 4055 al-

2001 4090 2246 4161 ligatum,
2293 4103 2346 4146 et
2380 4093 2434 4146 in
2474 4093 2742 4163 supplicio
2781 4108 2994 4162 semper
3027 4093 3145 4148 sine
3175 4089 3284 4144 ullo
3316 4086 3419 4142 line
3449 4099 3576 4155 per-

2004 4193 2265 4240 maneret.
2300 4184 2440 4252 Quid
2477 4186 2640 4258 igitur
2673 4187 2942 4258 principio
2985 4186 3087 4240 hoc
3123 4180 3493 4255 protrahebat,
3520 4185 3579 4232 ut

2003 4284 2083 4330 tot
2121 4277 2335 4332 saeculis
2363 4294 2539 4348 neque
2568 4279 2840 4349 respirare
2864 4285 3068 4349 posset,
3094 4285 3148 4333 et
3175 4276 3346 4347 magis
3375 4280 3579 4343 patere-

2003 4376 2094 4422 tur
2127 4385 2289 4439 quam
2321 4371 2540 4440 ageret?
2575 4370 2630 4424 Si
2683 4371 2828 4426 enim
2862 4371 2917 4424 in
2963 4369 3146 4424 fabula
3173 4375 3361 4430 esset,
3405 4363 3573 4419 Deum

325 4458 462 4513 Θεοῦ
500 4460 663 4531 μηδὲν
704 4459 1048 4532 ὑϐρισθέντος
1082 4462 1158 4524 είς
1195 4461 1294 4533 τὴν
1337 4461 1470 4515 ἰδίαν
1503 4463 1720 4525 οὐσίαν,
1761 4463 1897 4533 μήτε

2002 4461 2222 4532 quidem
2257 4461 2459 4515 nullam
2489 4462 2877 4517 contumeliam
2920 4462 2975 4515 in
3012 4459 3373 4515 substantiam
3421 4471 3575 4512 suam

329 4551 472 4607 κατά
497 4551 628 4625 γοῦν
652 4551 713 4604 τὸ
743 4551 1080 4623 βραχύτατον
1111 4553 1453 4624 ὲνσχεθέντος
1486 4554 1605 4608 λίαν
1637 4553 1900 4625 ἀπρεπῶς

325 4645 392 4714 τῇ
450 4641 550 4714 ῦλῃ
575 4683 590 4706 ,
616 4624 750 4696 ’ἀλλ’
797 4643 981 4715 ἐτέρου
1031 4643 1092 4717 δή
1141 4662 1282 4709 τινος
1327 4624 1757 4718 ἀλλοτριωτάτου
1804 4645 1902 4716 τῆς

324 4732 490 4787 αὐτοῦ
520 4731 760 4803 φύσεως,
794 4731 909 4804 ἅμα
954 4734 1011 4787 δὲ
1057 4735 1152 4788 καὶ
1191 4734 1352 4798 εὐθὺς
1400 4735 1768 4807 ἐξαιρεθέντος
1809 4736 1902 4789 κα)⁸

325 4821 555 4888 τούτου,
608 4824 683 4888 ὡς
720 4825 777 4876 ὲν
819 4823 974 4895 τύπῳ
1020 4825 1217 4896 μᾶλλον
1257 4825 1290 4897 ἦ
1339 4827 1762 4880 ὑποκατακλίσει
1805 4826 1903 4898 τὴν

326 4913 583 4986 τοιαύτην
618 4916 946 4988 πεποιῆσθαι
978 4916 1152 4973 δοκεῖν
1198 4918 1612 4990 μεταχείρησιν,
1650 4919 1804 4990 ἔσχεν
1837 4919 1902 4973 ἂν

325 5007 389 5061 τὸ
423 5006 550 5075 γοῦν
576 5007 798 5062 π.θανὺν
823 5011 880 5062 ὲν
911 5009 1095 5079 ψεύδει
1122 5009 1182 5062 τὸ
1211 5009 1453 5082 πλάσμα.
1486 5011 1620 5064 Νυνὶ
1648 5013 1704 5065 δὲ
1734 5012 1899 5066 ἄπλε-

327 5117 418 5161 τος
448 5099 544 5170 μὲν
574 5099 728 5165 αίὼν,
763 5101 856 5153 καὶ
893 5100 1052 5154 τοῦτο
1091 5102 1152 5174 δή
1190 5119 1349 5170 φασιν
1378 5105 1441 5156 ἐκ
1475 5104 1574 5174 τῆς
1601 5103 1812 5174 φύσεως
1845 5104 1904 5157 ὃν

327 5189 424 5242 τοῦ
454 5188 588 5242 Θεοῦ
633 5189 1028 5262 καθειργμένον
1077 5191 1370 5247 διατελεῖν·
1417 5193 1493 5258 ὡς
1549 5195 1709 5249 αὑτὸν
1767 5191 1904 5250 εἶναι

329 5283 506 5334 διικεῖν
529 5282 618 5335 τὸν
638 5283 998 5354 κατεχόμενον
1017 5287 1083 5356 τῇ
1105 5286 1381 5358 ὁμοιότητι
1401 5286 1494 5340 τοῦ
1516 5289 1901 5359 κατεχομένου,

331 5372 534 5444 καὶτῷ
567 5391 630 5442 γε
675 5376 738 5428 ἐκ
781 5375 876 5446 τῆς
923 5376 1136 5446 φύσεως
1174 5377 1337 5432 αὑτοῦ
1384 5379 1542 5432 τοῦτο
1583 5382 1899 5452 τυγχάνεινο

331 5464 456 5519 ὅθεν
499 5468 594 5522 καὶ
633 5467 835 5523 πλείονί
865 5486 927 5538 γε
966 5470 1166 5542 σπουδῇ
1202 5472 1339 5544 πρὸς
1374 5473 1566 5526 ἑαυτὸν
1594 5469 1752 5539 αὖθις
1781 5476 1906 5529 ἀνα-

331 5559 586 5626 λέξασθαι
613 5562 768 5616 τοῦτο
811 5563 994 5616 ποθεῖο
1034 5565 1066 5635 ὴ
1107 5565 1163 5617 δὲ
1213 5564 1311 5636 ῦλη
1359 5565 1507 5636 ἁπλῆ
1555 5568 1648 5621 καὶ
1695 5567 1905 5641 ἀπαθὴς

332 5651 594 5726 ὑπάρχει,
633 5654 708 5720 ὡς
741 5655 986 5726 δράσασα
1025 5657 1226 5729 μᾶλλον
1257 5659 1287 5728 ἦ
1321 5658 1586 5715 παθοῦσα.

2002 4551 2311 4622 accepisse,
2358 4569 2532 4623 neque
2563 4553 2645 4608 vel
2688 4552 2967 4623 paululum
3015 4551 3298 4605 inhazsisse
3334 4545 3576 4601 materiae

2002 4645 2159 4699 valde
2186 4645 2484 4713 indecorae,
2527 4645 2621 4700 sed
2656 4645 2820 4699 alium
2854 4643 3143 4715 quemdam
3177 4640 3574 4696 alienissimum

2002 4751 2032 4790 a
2065 4743 2258 4790 natura
2287 4736 2428 4807 ejus,
2455 4745 2506 4791 et
2544 4737 2691 4792 hunc
2720 4737 2982 4792 continuo
3035 4741 3278 4807 ereptum
3311 4748 3466 4798 esse,
3504 4731 3579 4786 ita

2001 4837 2061 4883 ιιι
2086 4830 2397 4900 hujusmodi
2431 4831 2721 4901 prehensio
2764 4831 2936 4902 magis
2993 4827 3305 4901 apparendo
3353 4829 3406 4882 in
3452 4843 3579 4896 spe-

2002 4923 2162 4988 ciem,
2197 4938 2360 4994 quam
2401 4924 2808 4980 succumbendo
2842 4922 2982 4978 facta
3005 4937 3129 4978 esse
3156 4921 3449 4984 videretur,
3481 4921 3578 4974 ha-

2003 5015 2212 5070 buisset
2241 5027 2604 5070 commentum
2635 5016 2856 5087 paulum
2893 5017 3083 5071 saltem
3122 5015 3190 5071 ad
3240 5014 3580 5070 suadendum

2005 5107 2058 5160 in
2095 5105 2396 5162 mendacio.
2439 5106 2593 5163 Nunc
2638 5123 2770 5163 vero
2811 5108 3138 5162 immensum
3193 5106 3451 5162 saeculum
3485 5122 3590 5176 po-.

2004 5207 2161 5261 nunt,
2219 5204 2272 5250 et
2323 5197 2425 5252 hoc
2471 5213 2592 5254 esse
2619 5214 2686 5252 ex
2741 5208 2936 5252 natura
2969 5195 3086 5259 Dei,
3115 5209 3338 5250 manere
3388 5194 3583 5248 vincu-

2005 5285 2074 5343 lis
2107 5287 2468 5342 constrictum
2492 5329 2507 5354 ,
2562 5296 2624 5342 ut
2664 5290 2779 5358 ipse
2815 5286 2958 5342 Deus
2996 5285 3427 5356 comprehensus
3458 5283 3580 5340 esse

2005 5379 2256 5434 videatur
2287 5387 2512 5452 propter
2561 5378 2979 5441 similitudinem
3026 5377 3148 5447 ejus
3188 5377 3280 5451 qui
3325 5376 3582 5432 detentus

2006 5479 2111 5537 est,
2135 5479 2188 5526 et
2222 5472 2348 5541 quia
2397 5471 2499 5526 hoc
2532 5472 2676 5542 quod
2705 5480 2923 5541 captum
2955 5469 3260 5533 tenebatur,
3289 5483 3354 5523 ex
3388 5475 3582 5522 natura

2007 5564 2125 5635 ejus
2153 5571 2302 5632 erat;
2338 5565 2483 5619 unde
2507 5563 2714 5632 majore
2733 5563 2913 5618 studio
2930 5563 2994 5618 ad
3019 5563 3282 5633 seipsum,
3327 5569 3385 5616 ut
3408 5561 3580 5624 aiunt,

2009 5656 2327 5729 recolligere
2385 5655 2763 5710 desiderabat:
2822 5655 3045 5710 materia
3110 5659 3289 5710 autem
3354 5652 3582 5722 simplex

2010 5756 2128 5806 crat
2153 5758 2202 5805 et
2234 5747 2478 5825 ἀπαθής,
2526 5756 2708 5823 utpote
2740 5749 2912 5819 magis
2952 5765 3115 5822 agens
3154 5763 3324 5822 quam
3347 5746 3602 5819 patiens._
