4072 6338
476 4884 530 4927 αντ
549 4895 576 4927 v
648 4886 762 4926 rem
785 4871 1003 4924 inanem
1034 4873 1087 4922 et
1115 4865 1284 4920 malas
1307 4862 1518 4925 sordes,
1548 4875 1654 4915 non
1689 4860 1742 4913 in
1771 4874 1837 4914 eo
1859 4873 2009 4927 spem
2035 4854 2210 4909 maxi-

1069 268 1101 280 ν
1121 268 1128 272 .
1201 266 1207 271 .

595 297 731 359 ιω
1753 301 1888 357 TITI
1928 302 2203 359 BOSTRE.

1753 301 1888 357 TITI
1928 302 2352 361 BOSTRENSIS
2388 304 2715 374 EPISCOPIZ

675 413 756 471 Ex
781 417 868 472 his
896 413 1223 485 perspicitur
1267 415 1448 471 omnia
1494 433 1614 486 qua:
1645 417 1735 474 ille
1771 419 1970 488 planus
2014 435 2166 474 com-
2195 428 2239 482 Α

601 508 807 578 posuit,
838 505 905 560 ad
930 506 1325 576 blasphemiam
1353 507 1448 563 Dei
1488 510 1883 579 composuisse,
1907 511 1998 580 qui
2030 511 2163 566 niliii

602 601 795 655 horum
819 607 1008 654 contra
1038 614 1099 656 se
1138 598 1286 654 fecit.
1321 598 1509 671 Itaque
1535 601 1669 667 vult,
1707 602 1903 673 inquit,
1949 615 2002 658 et
2047 612 2164 660 stu-

603 689 714 752 det,
747 697 805 743 ut
831 690 896 744 ad
931 706 990 746 se
1033 691 1258 761 recipiat
1285 691 1433 746 illam
1480 694 1779 749 virtutem:
1826 705 1882 750 et
1911 695 2026 750 haec
2083 705 2168 752 est

605 781 748 850 apud
779 784 926 851 ipsos
953 783 1100 839 salus
1125 793 1440 856 exspectata
1479 794 1534 840 et
1573 787 1875 852 beatitudo,
1908 804 2030 844 esse
2057 790 2165 844 sci—

607 871 732 926 licet
765 872 1033 928 redditum
1064 873 1194 940 Deo,
1218 877 1366 946 quod
1389 887 1506 932 erat
1548 877 1668 948 ejus
1695 880 1996 948 proprium.
2046 879 2167 950 Ipse

609 961 772 1032 igitur
795 966 1143 1034 exspectabat
1171 967 1275 1022 sibi
1328 970 1518 1030 tinem.
1549 983 1778 1038 sperans
1806 971 2050 1039 accipere
2079 971 2170 1025 be-

609 1055 892 1122 neficium;
927 1056 1196 1126 siquidem
1220 1066 1642 1128 recuperaturus
1665 1066 1782 1122 est,
1808 1061 1950 1130 quod
1979 1076 2044 1115 ex
2074 1076 2170 1114 na-

609 1152 731 1199 tura
764 1146 882 1216 ejus
907 1156 1010 1215 est,
1043 1148 1372 1218 libertatem;
1402 1160 1461 1206 ut
1487 1169 1606 1222 qua:
1623 1153 2171 1219 destruxitzedificet,

609 1246 665 1292 et
693 1239 828 1293 nihil
854 1241 1022 1308 aliud,
1063 1253 1117 1298 et
1148 1259 1244 1313 spe
1271 1245 1509 1300 nutritus
1534 1245 1714 1301 sedeat
1734 1247 1972 1300 tolerans
1993 1286 2007 1310 ,
2045 1257 2098 1301 et
2118 1247 2175 1300 in

2276 1246 2584 1318 ἐλευθερίαν
2623 1246 3054 1317 ἀπολαμϐάνειν·
3094 1249 3180 1302 ἵνα
3225 1249 3261 1302 ἀ
3309 1249 3588 1302 κατέλυσεν
3627 1249 3786 1300 οἰκοδο-

613 1338 772 1392 tinem
797 1336 1036 1399 intuens,
1063 1341 1121 1389 ut
1150 1351 1209 1391 se
1240 1337 1415 1406 ipsum
1453 1338 1848 1406 quodammodo
1876 1353 1906 1391 a
1938 1332 2177 1408 nequitia

2283 1337 2451 1408 μήσῃ,
2479 1337 2571 1388 καὶ
2618 1337 2778 1390 πλέον
2818 1337 3003 1390 οὐδέν·
3055 1338 3146 1390 καὶ
3174 1340 3241 1408 τῇ
3295 1337 3465 1390 ἐλπίδι
3507 1338 3788 1407 τρεφόμενος

611 1430 843 1484 liberet:
876 1427 1021 1498 quod
1061 1427 1276 1498 quidem
1313 1428 1358 1484 si
1414 1430 1758 1494 retardetur,
1813 1436 1868 1485 et
1914 1445 2024 1484 non
2067 1429 2178 1486 cito

2280 1425 2514 1495 κάθηται
2560 1427 2861 1499 καρτερῶν,
2901 1430 2995 1482 καὶ
3025 1427 3161 1500 πρὸς
3191 1427 3252 1480 τὸ
3294 1427 3444 1491 τέλος
3475 1428 3693 1498 ἀφορῶν,
3726 1429 3789 1480 ἶνα

613 1523 729 1587 ﬁat,
755 1522 872 1592 ipse
904 1523 976 1578 sit
1003 1521 1096 1592 qui
1125 1521 1382 1577 tarditate
1409 1523 1650 1592 punitur.

2283 1514 2476 1567 ἐαυτὸν
2506 1515 2705 1585 τρόπον
2737 1515 2858 1569 τινά
2897 1517 2995 1587 τῆς
3039 1517 3240 1581 κακίας
3275 1515 3632 1588 ἐλευθερώσῃ·
3674 1510 3723 1568 οὑ
3747 1517 3789 1568 δὲ

2287 1604 2669 1676 βραδύνοντος,
2715 1609 2809 1659 καὶ
2845 1609 2920 1680 μὴ
2967 1607 3160 1661 θᾶττον
3193 1608 3538 1679 γιγνομένου,
3578 1609 3716 1672 αὑτὸς
3741 1607 3790 1661 ἂν

2285 1698 2370 1768 εἴη
2401 1697 2490 1751 διὰ
2518 1699 2617 1769 τῆς
2658 1699 2983 1771 βραδύτητος
3007 1701 3036 1752 ό
3063 1699 3490 1770 τιμωρούμενος.

688 1782 880 1854 Liquet
907 1785 1050 1840 enim
1077 1801 1192 1856 non
1225 1801 1346 1841 esse
1393 1801 1559 1857 penes
1611 1785 1786 1856 ipsum
1843 1785 2173 1841 celeritatem
2203 1781 2247 1835 B

2203 1781 2247 1835 Β
2351 1791 2522 1860 Δῆλον
2545 1791 2674 1863 γὰρ,
2724 1793 2798 1855 ὼς
2827 1792 2948 1845 οὑδέ
2981 1792 3066 1844 ἐπ’
3099 1791 3248 1863 αὑτῷ
3277 1793 3526 1862 τυγχάνει
3550 1793 3579 1862 ἠ
3603 1791 3792 1861 ταχύτης

619 1876 776 1941 ﬁnis;
809 1877 935 1931 olim
975 1878 1119 1932 enim
1144 1878 1197 1932 in
1241 1879 1342 1933 hac
1376 1895 1433 1934 re
1458 1894 1605 1948 spem
1644 1878 1870 1946 habuit;
1919 1879 2175 1948 quoniam

621 1968 768 2023 aliud
798 1970 1086 2024 ridiculum
1117 1971 1250 2025 dicit
1289 1970 1642 2036 Manichaaus,
1671 1971 1816 2041 quod
1847 1987 1969 2025 cum
2012 1973 2048 2025 ii
2086 1971 2179 2040 qui

621 2068 777 2115 crant
821 2061 994 2130 ipsius
1050 2065 1310 2128 materize,
1342 2065 1607 2119 sentirent
1649 2079 1707 2119 se
1741 2065 1880 2118 male
1913 2063 2181 2133 perituros

623 2155 824 2210 lumine
853 2154 1110 2224 paulatim
1143 2156 1343 2219 ablato,
1369 2173 1432 2211 ex
1465 2157 1690 2211 adverso
1720 2156 2014 2210 machinati
2057 2164 2186 2210 sunt

621 2245 804 2298 carnis
857 2247 1319 2301 constructionem
1353 2247 1421 2301 ad
1473 2247 1789 2302 vinciendos
1824 2261 2019 2317 magno
2064 2247 2184 2300 vin-

2291 2245 2482 2315 μικρὸν
2516 2245 2916 2317 ἀφαιρουμένου
2935 2285 2948 2307 ,
2982 2245 3496 2316 ἀντεμηχανήσαντο
3520 2245 3609 2311 τῆς
3639 2241 3794 2311 σαρκὸς

621 2336 746 2388 culo
777 2336 1005 2391 animas.
1038 2335 1218 2402 Quare
1258 2345 1317 2392 ut
1353 2339 1440 2394 ille
1468 2338 1651 2403 tradit,
1680 2340 2021 2409 perspicuum
2069 2347 2186 2403 est,

2288 2334 2385 2404 τὴν
2413 2335 2756 2406 κατασκευὴν
2787 2335 2983 2404 δεσμὸν
3019 2332 3274 2405 μέγιστον
3301 2339 3420 2398 ταῖς
3446 2334 3645 2403 ψυχαῖς.
3672 2332 3794 2382 Ὥστε

623 2425 862 2492 quandiu
908 2426 984 2480 illi
1023 2442 1242 2483 carnem
1275 2427 1726 2498 suppeditabunt,
1769 2429 1954 2482 tandiu
1998 2430 2190 2482 animae

2186 2448 2190 2480 ι
2291 2424 2445 2494 δῆλον
2485 2425 2624 2478 κατά
2668 2427 2759 2478 τὸν
2809 2425 2971 2479 αὑτοῦ
3025 2426 3178 2494 λόγον
3200 2465 3213 2488 ,
3266 2426 3374 2486 ἓως
3425 2425 3486 2478 ἂν
3514 2427 3681 2476 ἐκεῖνοι
3721 2420 3794 2488 τὴν

625 2514 720 2569 Dei
769 2515 1126 2572 inhaerescent
1189 2518 1426 2572 materia:
1474 2527 1528 2574 et
1581 2519 1774 2574 vincta:
1819 2520 2185 2580 tenebuntur;

2297 2515 2472 2585 σάρκα
2518 2518 2930 2586 χορηγησωσιν,
2986 2517 3089 2579 ἐως
3137 2516 3201 2587 δὴ
3231 2516 3424 2569 τούτου
3464 2517 3514 2568 αἱ
3550 2513 3693 2583 ψυχαὶ
3726 2507 3793 2562 τοῦ

624 2607 835 2678 eritque
866 2625 1030 2680 penes
1068 2610 1190 2666 illos
1219 2625 1326 2664 non
1361 2611 1734 2666 circumscribi
1764 2611 2022 2665 mundum
2053 2618 2188 2664 tem-

2185 2642 2188 2649 ν
2295 2607 2499 2674 ἀγαθοῦ
2535 2608 2978 2677 ἐνσχεθήσονται·
3016 2609 3108 2662 καὶ
3148 2608 3305 2662 ἐσται
3337 2608 3420 2660 ἐπ’
3447 2606 3651 2666 ἐκείνοις
3669 2603 3717 2655 τὸ
3739 2599 3793 2670 μὴ

626 2715 777 2769 pore,
806 2709 860 2757 et
888 2717 996 2756 non
1023 2703 1126 2757 erit
1155 2703 1210 2756 in
1245 2709 1507 2772 potestate
1536 2702 1662 2758 boni
1700 2702 1824 2756 finis
1852 2702 1994 2771 ejus.

2295 2699 2698 2769 περιγραφῆναι
2757 2699 2932 2769 χρόνῳ
2979 2699 3068 2754 τὸν
3113 2700 3340 2772 κόσμον,
3393 2697 3586 2769 οὑχὶδὲ
3631 2695 3706 2746 ἐπὶ
3739 2689 3795 2759 τῷ

2295 2789 2480 2860 ἀγαθῷ
2511 2789 2571 2841 τὸ
2599 2788 2750 2854 τέλος
2777 2791 2963 2848 αὑτοῦ.

3657 314 3770 372 III!

2359 423 2449 476 Ἐκ
2480 423 2682 477 τούτων
2727 439 2788 491 γε
2817 421 2994 493 δῆλον,
3035 423 3109 486 ὼς
3150 423 3359 477 ἅπαντα
3386 423 3421 476 ἀ
3461 425 3721 496 συνέθηκεν
3749 434 3772 484 6

2267 514 2495 580 πλάνος,
2543 517 2624 579 είς
2658 514 3004 586 βλασφημίαν
3053 515 3358 568 συντέθεικε
3402 516 3495 569 τοῦ
3524 517 3674 582 Θεοῦ,
3699 523 3775 575 τοῦ

2269 606 2434 677 μηδὲν
2460 606 2662 660 τούτων
2710 607 2832 660 καθ’
2872 606 3066 660 ἐαυτοῦ
3117 608 3494 680 πεποιηκότος·
3537 611 3778 667 ἀναλαὸεἰν

2268 698 2446 752 τοίνυν
2494 697 2630 769 πρὸς
2681 699 2871 752 ἐαυτὸν
2927 698 3099 752 ἐθέλει
3131 699 3223 752 καὶ
3273 701 3582 764 σπουδάζει,
3617 702 3779 772 φησὶν,

2270 789 2482 858 ἐκείνην
2509 787 2604 859 τὴν
2628 787 2855 856 δύναμιν
2875 787 3008 859 (11⁸)
3027 805 3040 818 ·
3071 789 3166 841 καὶ⁹
3186 789 3342 842 τοῦτό
3369 789 3432 858 γέ
3461 792 3596 842 ἐστιν
3625 792 3654 861 ή
3678 792 3782 863 παρ’

2271 878 2450 942 αὑτοῖς
2481 876 2806 948 ἐλπιζομένη
2849 878 3088 949 σωτηρία
3111 881 3202 932 καὶ
3231 881 3580 950 μακαριότης,
3603 882 3657 934 τὸ
3677 884 3783 935 ἀπο-

2273 970 2488 1041 δοθῆναί
2525 988 2589 1038 γε
2617 971 2694 1041 τῷ
2721 971 2840 1042 Θεῷ
2869 971 2930 1025 τὸ
2957 973 3154 1026 οἰκεῖον
3191 971 3374 1027 αὑτοῦ.
3399 975 3514 1044 Ἆρ’
3550 969 3635 1026 οῦν
3657 974 3784 1037 αὑτὸς

2275 1062 2354 1124 είς
2387 1062 2574 1115 ἐαυτὸν
2603 1063 2859 1134 ἀναμένει
2895 1063 2956 1116 τὸ
2995 1063 3148 1125 τέλος
3180 1064 3412 1127 ἐλπίζων
3446 1065 3517 1128 ὡς
3542 1066 3786 1136 εὐεργετη-

2279 1153 2536 1222 σόμενος,
2582 1154 2693 1223 είγε
2747 1155 2988 1225 μέλλοιτο
3036 1157 3099 1209 ἐκ
3135 1157 3232 1227 τῆς
3276 1156 3485 1227 φύσεως
3528 1157 3675 1209 αὑτοῦ
3711 1157 3787 1226 τὴν

2283 1879 2376 1933 τοῦ
2431 1881 2647 1944 τέλους·
2685 1881 2849 1933 πάλαι
2894 1881 3001 1952 γάρ
3031 1880 3096 1934 ἂν
3145 1880 3321 1951 τούτῳ
3365 1880 3683 1950 χρησάμενος
3721 1879 3793 1946 τῆς

2287 1972 2498 2035 ἐλπίδος
2524 1972 2888 2026 ἀπολέλαυκεν
2905 1990 2918 2003 ·
2951 1973 3134 2043 ἐπειδὴ
3165 1973 3263 2025 καὶ
3290 1971 3445 2038 λόγος
3468 1971 3640 2041 ἔτερος
3662 1986 3793 2021 κατα-

2287 2063 2544 2131 γέλαστός
2577 2065 2690 2116 ἐστι
2721 2063 2814 2116 τοῦ
2855 2065 3158 2128 Μάνεντος,
3193 2063 3270 2128 ὡς
3305 2065 3354 2115 οξ
3381 2064 3476 2133 τῆς
3501 2062 3620 2131 ὑλης
3651 2059 3796 2112 αἰσθα-

2288 2154 2535 2222 νόμενοι,
2587 2154 2668 2206 δτι
2709 2153 2891 2218 κακῶς
2932 2152 3292 2215 ἀπολοῦνται,
3334 2151 3424 2205 τοῦ
3483 2153 3641 2220 φωτὸς
3688 2148 3795 2202 κατὰ

1694 2907 1823 2960 (ΖΜ).
1864 2904 2028 2959 XXX.
2072 2905 2302 2959 Manetis
2328 2907 2792 2962 contradictiones.

703 3021 840 3088 Quid
872 3022 1015 3076 aliud
1039 3022 1219 3077 dicere
1245 3030 1420 3091 potest
1439 3022 1531 3092 qui
1562 3020 1815 3082 advertit,
1847 3036 2009 3088 quam
2034 3021 2176 3090 quod

2357 3021 2422 3072 Τί
2468 3021 2512 3074 δ’
2541 3021 2605 3074 ἂν
2639 3022 2769 3092 φαίη
2803 3039 2885 3086 τις
2930 3020 3168 3091 συνορῶν
3190 3061 3206 3085 ,
3253 3020 3335 3083 ὡς
3379 3019 3477 3089 οὑχ
3515 3014 3698 3072 ἵσταταί
3733 3031 3795 3066 πω

630 3130 739 3169 non
769 3122 982 3170 constat
1031 3114 1134 3169 sibi
1185 3113 1546 3178 Manichzeus;
1603 3113 1735 3183 quin
1766 3113 1948 3177 potius
2001 3111 2107 3165 huc
2139 3096 2238 3166 ει(

2183 3095 2261 3164 lC
2294 3111 2449 3182 λόγος
2489 3113 2566 3184 τῷ
2618 3115 2872 3176 Μάνεντι,
2916 3113 3030 3166 ἀλλ’
3057 3106 3158 3165 ὦδε
3209 3108 3449 3164 κάκεῖσε
3496 3109 3791 3182 μεταγόμενος

631 3211 762 3265 illuc
830 3224 888 3264 se
947 3207 1283 3264 transferens
1341 3222 1371 3261 a
1433 3206 1612 3276 seipso
1664 3205 2042 3275 redarguitur?
2091 3203 2193 3270 Qui

2186 3204 2193 3257 ἱ
2298 3207 2387 3276 ὑφ’
2415 3206 2606 3260 ἐαυτοῦ
2629 3206 2993 3276 διελέγχεται;
3028 3205 3132 3259 Τοῦ
3170 3205 3284 3277 γὰρ
3309 3206 3511 3276 κόσμου
3538 3200 3794 3274 δημιουργὸν

631 3301 776 3354 cnim
807 3301 902 3363 ait,
934 3297 1102 3354 Deum
1151 3315 1273 3354 esse
1323 3296 1643 3352 fabricatum
1702 3297 2002 3360 mundum,
2055 3311 2195 3364 quu-

2186 3324 2195 3336 -
2299 3297 2520 3367 φάσκων
2549 3295 2683 3351 εἷναι
2715 3297 2802 3351 τὸν
2824 3297 2974 3360 Θεὸν,
2997 3299 3144 3360 ὅπως
3169 3294 3260 3352 οὑν
3290 3295 3444 3360 αὖθις
3468 3297 3583 3358 τοὺς
3603 3295 3681 3364 τῆς
3703 3291 3794 3358 ῦλης

633 3391 796 3446 modo
828 3405 1023 3446 rursus
1048 3390 1123 3444 ait
1150 3404 1244 3444 eos
1270 3389 1360 3458 qui
1397 3396 1525 3443 sunt
1566 3386 1804 3441 materiae
1835 3385 1928 3438 lilii
1957 3424 1972 3445 ,
2028 3399 2200 3453 Oppo-

2185 3414 2200 3424 -
2299 3389 2461 3458 φησὶν
2513 3387 2838 3460 ἀντιτιθέναι
2893 3389 3037 3459 αὑτῷ
3082 3389 3179 3459 τὴν
3231 3390 3452 3460 σάρκα,
3502 3387 3666 3455 ὥσπερ
3699 3377 3793 3434 Θεοῦ

635 3485 812 3539 suisse
833 3483 884 3539 ei
916 3496 1134 3538 carnem
1156 3521 1168 3543 ,
1209 3488 1465 3550 tanquam
1509 3477 1703 3547 partita
1758 3482 1902 3529 esset
1935 3475 2042 3527 Deo
2075 3488 2198 3527 cum

2185 3488 2198 3525 ι
2303 3479 2654 3550 μεριζομένου
2707 3459 2843 3551 πρὸς
2893 3479 3132 3543 ἐκείνους
3181 3480 3282 3550 τὴν
3314 3459 3685 3550 δημιουργίαν·
3729 3468 3793 3522 καὶ

638 3576 746 3631 illis
772 3573 1057 3629 fabricatio
1091 3571 1277 3626 mundi
1307 3588 1322 3637 ;
1349 3578 1402 3625 ct
1431 3570 1534 3623 hac
1565 3567 1784 3638 quidem
1821 3567 2031 3621 ratione
2061 3565 2199 3620 facta

2184 3579 2199 3618 ι
2302 3569 2444 3622 κατά
2469 3569 2625 3623 τοῦτο
2655 3571 2754 3641 μὲν
2785 3571 2904 3640 βίαν
2932 3572 3319 3641 ὑπομένοντος,
3347 3575 3414 3643 τῇ
3436 3571 3491 3624 δὲ
3518 3568 3637 3640 πρὸς
3652 3561 3792 3620 αὐτοὺς

639 3667 749 3723 Deo
779 3666 1069 3729 violentia,
1129 3663 1434 3718 concedens
1482 3676 1610 3716 vero
1643 3660 1748 3714 illis
1796 3659 1898 3712 hoc
1943 3666 2200 3728 tanquam

2185 3672 2200 3710 ι
2301 3659 2565 3714 ἀντιδόσει
2615 3661 2675 3714 τὸ
2723 3664 2830 3716 πᾶν
2869 3663 2930 3715 οὑ
2986 3663 3126 3716 κατά
3175 3661 3408 3734 γνώμην
3451 3661 3575 3714 ίδίαν
3609 3651 3793 3724 συμπλη-

640 3774 858 3822 munus,
891 3772 998 3812 non
1031 3757 1325 3826 compleret
1375 3758 1688 3807 universum
1736 3749 2032 3806 secundum
2081 3764 2203 3818 pro-
2307 3753 2543 3822 ροῦντος.

641 3851 812 3922 priam
845 3849 1195 3904 voluntatem.

709 3941 992 4013 Tanquam
1030 3948 1212 3994 autem
1245 3952 1424 3993 causa:
1476 3951 1587 3991 suze
1635 3941 1687 3988 et
1719 3933 1970 4004 principii
2000 3931 2204 3985 oblitus

2193 3947 2204 3985 ι
2390 3933 2475 3994 Ὠς
2501 3931 2557 3985 δὲ
2587 3934 2683 4003 τῆς
2716 3932 3022 3995 ὑποθέσεως
3053 3931 3476 4003 ἐπιλελησμένος
3497 3932 3524 3983 ό
3547 3926 3711 3984 πλάνος
3732 3918 3801 3985 τῆς

641 4038 876 4108 planus,
932 4034 1063 4088 dicit
1113 4031 1351 4085 futuram
1414 4044 1536 4083 esse
1597 4024 1905 4096 pestiferam
1967 4024 2205 4077 materiae

2196 4039 2205 4076 ι
2307 4025 2530 4089 ἐαυτοῦ,
2583 4025 2824 4098 ὀλέθριον
2856 4029 2920 4096 τῇ
2986 4025 3084 4096 ὖλῃ
3136 4025 3302 4096 φησὶν
3336 4021 3542 4076 ἔσεσθαι
3588 4017 3674 4108 τῇς
3707 4024 3804 4108 κρέ’

641 4100 1039 4198 ademptionem
1093 4132 1147 4179 et
1181 4123 1514 4192 ereptionem
1548 4119 1768 4172 virtutis
1812 4116 1887 4170 illi
1919 4115 2164 4170 admista:
2186 4154 2202 4179 ,

2196 4155 2202 4178 ,
2306 4117 2492 4187 τείσης
2521 4117 2658 4188 αὑτῇ
2685 4116 2980 4188 ,δυνάμεως
3024 4117 3121 4186 τὴν
3160 4116 3472 4185 ἀφαίρεσιν,
3507 4111 3568 4164 δι’
3603 4103 3660 4178 ἦς
3681 4100 3804 4168 αὐτὴν

641 4239 746 4294 qua
775 4226 1032 4291 posuerat
1059 4215 1322 4270 frenatam
1355 4228 1478 4268 esse
1509 4209 1970 4282 perturbationem
1999 4207 2208 4262 ordinis

2198 4224 2208 4262 ἱ
2309 4208 2539 4262 ὑπέθετο
2559 4207 2655 4280 τὴν
2673 4208 2843 4280 ἀρχὴν
2869 4207 3101 4262 ἀτακτοῦ
3110 4225 3204 4260 σαν
3223 4204 3653 4278 σωφρονισθῆναι·
3675 4197 3713 4247 εἰ
3729 4188 3806 4258 γὰρ

643 4281 696 4369 iii
730 4315 819 4368 illa
843 4309 1085 4382 principe
1113 4306 1359 4362 materia.
1403 4303 1460 4358 Si
1483 4304 1626 4358 enim
1658 4316 1782 4356 cum
1813 4300 1986 4363 adest,
2018 4299 2210 4369 nequi-

2200 4327 2210 4339 -
2313 4295 2561 4366 παροῦσα
2613 4297 2862 4367 δεσμεύει
2907 4296 3005 4369 τὴν
3038 4297 3266 4357 κακίαν,
3321 4291 3651 4364 ἀναχωροῦσα
3688 4281 3808 4336 πάλιν

643 4408 773 4459 tiam
803 4405 965 4472 ligat,
1011 4413 1200 4455 rursus
1258 4396 1520 4451 recedens
1568 4395 1810 4460 relaxat;
1854 4394 1957 4448 erit
2014 4405 2251 4484 magnal

2199 4409 2208 4444 ι
2243 4430 2284 4484 D
2313 4391 2517 4462 ἀνίησι,
2549 4389 2644 4442 καὶ
2689 4387 2841 4440 ἔσται
2871 4388 2988 4441 λίαν
3033 4391 3171 4441 κατὰ
3204 4387 3304 4458 τὴν
3335 4385 3574 4458 ἀρχαίαν.
3700 4369 3807 4484 τοῦῖ

644 4514 809 4554 causa
847 4497 1041 4552 hetitize
1085 4495 1188 4566 ipsi
1230 4493 1468 4548 materiae
1513 4491 1625 4545 luec
1668 4491 1894 4557 ereptio.
1935 4487 1990 4542 Si
2045 4487 2209 4558 igitur
2243 4455 2252 4484 Ι

2199 4502 2209 4516 ·
2243 4455 2284 4484 υ
2315 4483 2429 4536 ἔστι
2459 4481 2632 4552 χαρᾶς
2658 4479 2804 4532 αἰτία
2834 4478 2927 4532 καὶ
2952 4481 3016 4550 τῇ
3051 4477 3152 4550 ὕλῃ
3182 4479 3214 4549 ἡ
3252 4477 3453 4547 ταύτης
3480 4470 3756 4541 dedpr

646 4593 714 4647 ad
745 4600 1044 4648 extremum
1076 4604 1200 4658 spes
1234 4587 1337 4658 ipsi
1358 4593 1464 4652 est,
1487 4583 1786 4640 rediturum
1810 4597 1929 4636 esse
1947 4581 2012 4635 ad
2042 4579 2207 4635 Deum

2199 4597 2207 4633 ι
2313 4571 2402 4630 οἶα
2443 4574 2580 4645 πρὸς
2617 4572 2807 4644 ἡδονῆς
2837 4571 3261 4644 ἀφαιρουμένης.
3304 4571 3366 4623 Εἰ
3413 4567 3577 4621 τοίνυν
3601 4560 3654 4658 οὑ

645 4641 1388 4755 iipwsoid‘irsjunctum
1425 4641 1545 4740 fuit,
1580 4674 1722 4744 quod
1750 4689 1780 4727 a
1823 4672 2088 4744 principio
2112 4671 2208 4726 de-

2199 4700 2208 4710 .
2314 4667 2376 4719 τδ
2402 4641 2576 4729 τέλος,
2607 4641 2755 4736 ὅμως
2787 4662 2938 4724 ἐλπὶς
2967 4641 3104 4732 decf;
3142 4662 3434 4730 τυγχάνει,
3463 4649 3685 4755 adeo)?
3712 4641 3807 4742 esti

647 4739 838 4840 crevit,
868 4739 1300 4845 et-adegitvillud
1332 4770 1515 4825 subire
1536 4739 1772 4823 Vin-finitis
1812 4739 2027 4823 saeculi;
2060 4765 2212 4818 labo-

2199 4792 2212 4803 .
2317 4753 2585 4827 ἐπανέλθῃ
2621 4751 2995 4822 διαζευχθεῖσα
3042 4750 3225 4813 αὑτοῦ,
3258 4750 3310 4802 τί
3354 4748 3448 4817 τὴν
3479 4741 3632 4814 ἀρχὴν
3654 4739 3807 4845 dim“:

2317 4848 2474 4912 ζετο,
2522 4846 2752 4901 ἄπλετον
2795 4843 2966 4898 αἰῶνα
3011 4845 3266 4914 ὑποσχεῖν
3311 4843 3526 4912 μάταιον
3565 4833 3702 4886 πόνον
3741 4821 3808 4875 καὶ

2320 4942 2488 5013 ῥύπον
2518 4930 2708 5005 κακὸν,
2737 4941 2832 4994 καὶ
2863 4939 2984 4993 ἀντὶ
3032 4938 3293 5009 μεγίστης
3326 4933 3528 4993 ἐλπίδος
3565 4925 3646 4980 καὶ
3677 4931 3809 5013 μακε·

2323 5007 2568 5108 ριότητος
2616 5033 2860 5087 τίθεσθαι
2901 5031 2962 5084 τὸ
3004 5007 3159 5092 αὖθις
3216 5025 3604 5097 ἀναληφθῆναις
3640 5015 3692 5066 Ἠ
3730 5007 3808 5108 τξρ

2321 5100 2420 5200 ὑλη
2444 5100 2594 5182 οὐδέν
2617 5145 2679 5197 γε
2703 5125 2936 5197 οὐδαμοῦ
2959 5125 3223 5179 δέδεικται
3265 5115 3686 5200 σωφρονισθεῖσα·
3717 5100 3808 5200 τοὶς·

2320 5221 2528 5274 ναντίον
2562 5219 2658 5289 μὲν
2682 5212 2774 5271 οῦν
2802 5216 3044 5279 πλείονος
3083 5213 3350 5285 λαϐομένη
3378 5210 3474 5280 τῆς
3511 5199 3720 5270 ἐξουσίας
3752 5199 3808 5246 εις

2321 5310 2571 5381 πονηρῶν
2597 5294 2770 5381 ἔργων
2802 5309 3063 5360 ἐπίνοιαν.

2423 5403 2546 5458 AUC
2574 5403 2701 5464 ἔδει,
2739 5401 2893 5472 φησὶ,
2923 5400 3141 5470 δεθῆναι
3178 5398 3411 5468 ταύτην·
3453 5394 3571 5444 ὅταν
3603 5379 3680 5438 οὖν
3707 5378 3806 5472 ἀπθ-

2331 5494 2542 5564 σπασθῇ
2575 5463 2713 5546 κατά
2747 5463 2940 5562 μικρὸν
2966 5491 2999 5560 ἡ
3030 5463 3365 5559 κατεχομένη
3383 5463 3806 5566 eammeam?

2335 5605 2520 5654 σεται;
2553 5585 2791 5656 εὔδηλον,
2834 5583 2908 5646 ὡς
2949 5579 3104 5646 αὖθις
3154 5584 3184 5651 ἡ
3223 5580 3318 5648 ὕλη
3354 5575 3478 5646 πρὸς
3503 5571 3589 5641 τὴν
3627 5563 3808 5633 φυσικῇν

647 4977 793 5016 mam
820 4970 874 5016 ct
903 4957 1295 5014 beatitudinem
1326 4969 1526 5025 ponere
1553 4993 1567 5018 ,
1614 4952 1660 5006 si
1697 4966 1890 5006 rursus
1923 4963 2212 5018 recupera-

647 5056 839 5113 rctur?
876 5052 1098 5108 Materia
1130 5051 1274 5106 enitr.
1314 5048 1463 5102 nullo
1487 5054 1645 5117 pacto
1677 5050 1899 5114 apparet
1942 5041 2214 5095 refrenata

649 5165 713 5204 ac
743 5161 1014 5218 repressa,
1044 5145 1154 5199 imo
1194 5150 1387 5197 contra
1426 5139 1605 5210 potius
1636 5136 1896 5206 majorem
1944 5133 2213 5188 licentiam

651 5242 718 5297 ad
743 5237 1098 5306 excogitanda
1129 5250 1294 5307 prava
1319 5247 1482 5305 opera
1513 5231 1722 5298 adepta.

726 5420 793 5474 At
815 5416 1138 5490 oportebat,
1192 5413 1402 5484 inquit,
1455 5411 1596 5465 hanc
1649 5409 1854 5480 ligare:
1892 5421 2014 5461 cum
2055 5403 2218 5475 igitur

649 5515 913 5590 paulatim
945 5512 1218 5567 abstracta
1255 5508 1358 5563 erit
1403 5508 1579 5562 virtus
1626 5503 1874 5566 detenta,
1918 5497 2047 5571 quid
2101 5493 2222 5552 fiet?

651 5607 844 5680 liquet,
876 5621 1069 5662 rursus
1113 5615 1454 5660 reversuram
1487 5614 1609 5655 csse
1659 5596 1939 5653 materiam
1985 5593 2052 5647 ad
2098 5607 2224 5663 per-

728 5763 861 5833 (ll')
901 5761 1017 5830 Τὴν
1041 5760 1312 5828 δύναμιν.
1344 5757 1517 5828 Supra
1546 5756 1677 5811 verti
1723 5767 1862 5823 saepe
1893 5759 2233 5821 potestatem;
2284 5747 2360 5803 sic
2396 5745 2620 5802 vocabat
2648 5739 2972 5798 Mani'rhmts
3000 5736 3255 5794 animam.
3289 5733 3450 5788 Tuan.
