4072 6338
313 311 453 370 11ἰὸ

1353 291 1756 374 iADVEltSUS
1796 313 2218 372 MANICHIEOS
2257 312 2386 368 LIB.
2431 313 2450 368 ι

3403 315 3543 373 HM

309 428 532 494 ἀταξίαν
555 427 828 498 ἐπανήξει.
856 427 952 490 Οὔ,
983 428 1174 499 φησίν*
1208 428 1264 483 ἐν
1289 428 1395 501 γὰρ
1427 429 1506 500 τῷ
1541 431 1682 483 τέλει
1715 448 1868 502 περι-

1980 433 2362 488 turbationem.
2409 429 2579 499 Negat
2622 425 2949 482 Manichacus
2977 445 2989 479 :
3021 425 3409 498 Nequaquam,
3456 430 3544 484 in-

307 522 594 591 γενήσεται
617 519 842 590 ταύτης,
879 521 972 572 καὶ
1015 520 1184 590 βῶλον
1221 522 1671 593 ἀπεργασάμενος
1701 523 1870 594 αὐτὴν

309 608 399 676 ὑφ’
449 609 650 677 ἑαυτῆς
704 609 992 678 φλέγεσθαι
1036 612 1464 681 παρασκευάσῖι.
1523 612 1587 664 Τί
1632 609 1722 666 οῦν
1774 614 1871 684 τὴν

308 697 482 769 ἀρχὴν
515 697 590 769 μὴ
609 698 765 751 τοῦτο
791 699 1121 770 πεποίηκεν;
1152 695 1278 770 'Ap‘
1306 702 1404 754 οὐκ
1426 701 1674 755 ἐϐούλετο
1707 703 1739 774 ἣ
1772 703 1871 755 οὐκ

309 789 570 858 ἡδόνατο;
597 791 657 843 Et
693 790 791 860 μὲν
838 789 945 863 γὰρ
991 791 1065 862 μὴ
1115 791 1380 856 ἐϐούλετο,
1423 793 1538 857 πῶς
1570 791 1724 856 αὖθις
1751 793 1873 864 βου-

308 882 554 952 λήσεται,
587 883 907 952 μεταγνοὺς,
951 883 985 954 ἢ
1024 884 1086 937 τὸ
1135 884 1342 955 βέλτιον
1393 886 1708 957 ἐπικρίναςς
1758 885 1870 940 Οὐκ

308 970 376 1046 ἦν
404 975 461 1028 δὲ
485 977 580 1028 καὶ
600 974 770 1038 ἄλλως
792 975 925 1046 πρὸς
947 975 1151 1044 ἀγαθοῦ
1181 976 1252 1048 μὴ
1277 978 1374 1050 τὴν
1396 978 1567 1048 ἀρχὴν
1597 977 1872 1040 παντελῶς

311 1067 654 1139 καταργῆσαι
684 1068 901 1131 κακίαν,
937 1067 1052 1136 εἴγε
1087 1067 1197 1133 οἷός
1231 1087 1288 1122 τε
1321 1066 1406 1142 ἦν.
1446 1072 1506 1122 Εἰ
1537 1072 1592 1124 δέ
1626 1071 1698 1142 μὴ
1741 1071 1870 1140 ήδύ-

309 1174 458 1222 νατο,
494 1157 793 1228 ἀδυναμίας
842 1160 939 1229 μὲν
979 1159 1219 1222 κίνδυνος
1259 1160 1555 1214 ἀνακόπτει
1595 1161 1733 1214 κατά
1779 1159 1871 1212 τοῦ

311 1248 655 1317 πλασαμένου
676 1263 689 1278 °
733 1249 850 1313 πῶς
879 1251 934 1304 δὲ
972 1252 1119 1317 ὅμως
1149 1251 1371 1322 ῦστερόν
1404 1269 1530 1304 ποτε
1557 1253 1870 1323 δυνήσεταις

308 1335 420 1409 ἆρα
447 1339 765 1410 προσλαϐὼν
791 1342 1039 1413 δύναμιν,
1076 1344 1144 1414 ἥν
1177 1344 1250 1415 μὴ
1294 1341 1457 1414 εἶχεν,
1493 1345 1525 1416 ἢ
1555 1346 1808 1416 αὐξηθεὶς
1837 1347 1869 1417 ἦ

307 1431 562 1494 ἐπιδοῦς;
593 1435 641 1485 εί
678 1433 784 1504 γάρ
826 1434 1063 1505 ἀγένητα
1089 1435 1252 1505 ἄμφω
1281 1437 1559 1500 τάναντία,
1594 1437 1873 1508 οὐδέτερον

307 1519 432 1574 οὔτε
454 1521 678 1593 αὔξησιν
701 1523 823 1578 οὕτε
844 1526 1068 1595 μείωσιν
1095 1526 1416 1597 ἐπιδέχεται.

385 1703 541 1756 Ὀλον
571 1703 854 1776 τοιγαροῦν
899 1705 1196 1759 ἀσύστατον
1223 1707 1313 1761 τοῦ
1349 1707 1623 1780 βαρϐάρου
1655 1708 1715 1762 τὺ
1741 1711 1872 1764 πλά-

308 1811 442 1864 σμα.
497 1796 561 1847 Τί
598 1796 687 1860 δέ;
737 1793 824 1867 ἆρ’
861 1796 1114 1868 αἴσθησιν
1158 1783 1436 1868 είληῲέναι
1479 1802 1660 1871 φησὶν,
1687 1802 1761 1862 ὡς
1783 1802 1874 1855 τοῦ

305 1888 551 1950 πλείονος
573 1881 772 1960 μέρους
807 1888 839 1960 ἢ
866 1889 960 1941 τοῦ
982 1889 1111 1958 γοῦν
1129 1889 1407 1954 ἐλάττονος
1437 1891 1876 1954 ἀποσπασθέντος

304 1979 406 2050 τῆς
463 1979 861 2052 συγκραθείσης
897 1983 961 2051 τῇ
1016 1980 1114 2051 ῦλῃ
1159 1981 1472 2052 δυνάμεωςς
1519 1983 1629 2049 εῖγε
1681 1983 1772 2051 ἀφ’
1815 1975 1876 2034 οὗ

308 2070 508 2141 σελήνη
536 2069 684 2134 αῦξει
702 2072 792 2123 καὶ
818 2070 1083 2140 μειοῦται,
1111 2070 1342 2124 διατελεῖ
1373 2072 1504 2134 Θεὸς
1535 2071 1673 2124 κατὰ
1705 2071 1876 2142 βραχὺ

302 2163 366 2214 τὸ
388 2162 1012 2232 οίκεῖονάπολαμϐάνων.
1046 2162 1303 2230 Καίτοιγε
1330 2161 1578 2226 τοσοῦτος
1608 2162 1877 2232 παρῆλθεν

303 2254 464 2314 αἰὼν,
498 2253 593 2306 καὶ
618 2253 739 2306 οὔτε
764 2255 824 2307 τὸ
872 2255 1207 2326 ἀνθρώπινον
1258 2253 1413 2322 γένος
1442 2254 1660 2326 ἀριθμῷ
1681 2271 1742 2323 γε
1771 2254 1878 2306 τῶν

304 2343 527 2409 ζώντων
574 2345 915 2414 ἠλάττωται,
976 2345 1097 2398 οὔτε
1135 2345 1262 2399 ἄλλο
1307 2363 1356 2398 τι
1401 2345 1512 2398 τῶν
1540 2345 1878 2417 τετραπόδων

308 2438 536 2508 μείωσιν
595 2438 798 2508 ὑπέστη
869 2438 1008 2502 τινὰ,
1041 2438 1176 2491 ἀλλά
1207 2439 1450 2508 συνήθως
1488 2438 1556 2490 τά
1583 2437 1879 2507 γιγνόμενα

303 2529 554 2597 γίγνεται
583 2531 676 2582 καὶ
704 2531 1057 2598 ἀπογίγνεται
1079 2547 1092 2560 ’
1117 2531 1210 2583 καὶ
1242 2529 1320 2581 ἔτι
1345 2529 1542 2598 μᾶλλον
1568 2530 1646 2591 είς
1677 2527 1877 2598 πλῆθος

304 2621 340 2690 ἡ
407 2621 759 2693 ἀνθρωπότης
804 2622 1113 2678 ἐπιδέδωκε.
1162 2621 1331 2674 Πόθεν
1386 2621 1560 2674 τοίνυν
1608 2622 1808 2683 ἐκεῖνος
1850 2623 1878 2674 ό

306 2712 638 2782 παραπαίων
661 2714 828 2765 οἴεται
862 2713 1206 2784 ἀφαιρεῖσθαι
1236 2712 1376 2766 κατά
1407 2711 1601 2783 βραχὺ,
1626 2711 1691 2782 ἣν
1713 2712 1878 2764 πλατ-

304 2803 531 2874 τόμενός
573 2821 704 2873 φησι
760 2805 1128 2876 συγκραθῆναι
1158 2808 1222 2875 τῇ
1269 2809 1436 2877 κακία
1477 2804 1734 2875 δύναμινς
1765 2805 1877 2872 εἴγε

305 2895 378 2946 τά
411 2894 549 2948 αὐτὰ
574 2895 830 2958 ὡσαύτως
853 2896 960 2966 ἔχει
988 2896 1128 2948 κατά
1146 2897 1349 2966 κόσμον
1367 2914 1378 2926 ο
1399 2896 1460 2949 τὸ
1486 2896 1616 2948 αὐτὸ
1649 2897 1745 2966 μέν
1772 2895 1876 2966 γὰρ

305 2986 411 3057 τῆς
433 2986 640 3056 ἡμέρας
670 2987 882 3058 μέτρον,
925 2988 984 3040 τὸ
1011 2988 1140 3040 αὐτὸ
1164 2987 1220 3040 δέ
1251 2989 1345 3058 τῆς
1380 2988 1570 3050 νυκτός
1595 3006 1605 3017 ·
1634 2989 1726 3040 καὶ⁵
1755 2986 1878 3039 οὕτε

309 3078 376 3130 τὸ
403 3078 515 3147 φῶς
537 3078 856 3149 ἠλάττωται,
879 3078 999 3131 οὔτε
1021 3079 1079 3131 τὸ
1110 3080 1297 3143 σκότος
1329 3079 1650 3132 ἐπλεόνασεν
1667 3097 1679 3109 ·
1715 3082 1743 3133 ό
1772 3080 1878 3149 γάρ

310 3170 475 3232 αὐτὸς
525 3170 675 3241 ἡλίου
726 3171 920 3242 δρόμος
953 3171 1046 3224 καὶ
1081 3171 1328 3242 σελήνης,
1371 3171 1462 3224 καὶ
1505 3171 1600 3241 μία
1625 3171 1686 3242 δὴ
1727 3169 1876 3236 τάξις

307 3262 347 3334 ἠ
380 3259 440 3326 ἐξ
468 3263 638 3334 ἀρχῆς
654 3263 914 3334 γενομένη
934 3263 1198 3333 διαμένει.

1911 1783 1952 1838 Β

1969 525 2124 596 quit;
2181 522 2247 578 ad
2302 529 2602 578 extremum
2657 519 2798 572 enim
2850 518 3030 573 vincet
3074 534 3216 581 eam,
3279 518 3548 589 facietque

1970 593 2030 669 ut
2068 614 2286 669 redacta
2343 613 2397 666 in
2459 611 2667 681 glebam
2704 623 2735 662 a
2783 608 2964 678 seipsa
3024 609 3393 664 comburatur.
3436 610 3550 666 Cur
3626 593 3713 681 ιςιλέ

1971 707 2136 776 igitur
2162 719 2271 760 non
2298 703 2552 758 fecithoc
2583 717 2612 756 a
2643 700 2952 772 principio?
2981 699 3170 754 Utrum
3204 715 3312 754 non
3346 703 3540 766 voluit,

1971 811 2038 850 an
2069 812 2176 850 non
2215 795 2425 866 potuit?
2476 793 2532 848 Si
2575 793 2768 856 noluit,
2799 792 3071 862 quomodo
3122 806 3315 846 rursus
3364 792 3546 855 volet,

1975 889 2292 960 pmnitentia
2325 886 2552 947 ductus,
2585 885 2838 956 judicans
2891 897 2944 939 et
2981 884 3188 953 eligens
3243 884 3388 953 quod
3437 899 3551 940 meo

1977 982 2082 1034 lius
2119 980 2244 1034 est?
2270 978 2458 1034 Nonne
2486 980 2788 1050 pertinebat
2816 978 2883 1032 ad
2915 979 3118 1032 bonum
3150 975 3308 1030 aliter
3331 990 3360 1028 a
3397 976 3547 1046 prin-

1972 1072 2118 1142 cipio
2153 1071 2393 1126 funditus
2419 1072 2598 1126 delere
2629 1071 2952 1141 nequitiam,
2981 1070 3026 1124 si
3059 1069 3276 1138 quidem
3312 1075 3552 1138 poterat?

1975 1159 2069 1214 Sin
2095 1175 2222 1214 vero
2244 1175 2353 1213 non
2387 1169 2634 1230 poterat,
2681 1159 2980 1229 periculum
3013 1156 3344 1211 inﬁrmitatis
3371 1156 3422 1209 in
3453 1171 3552 1208 au-

1972 1252 2276 1306 ctoritatem
2310 1251 2493 1306 mundi
2547 1251 2794 1321 emergit.
2851 1249 3131 1316 Quomodo
3181 1264 3312 1318 ergo
3361 1255 3547 1318 postea

1977 1346 2212 1414 poterit?
2250 1360 2318 1398 an
2348 1345 2554 1398 viribus
2587 1359 2724 1414 quas
2775 1359 2881 1397 non
2917 1342 3170 1404 habebat,
3205 1341 3506 1409 assumptis
3531 1379 3546 1403 ,

1973 1439 2056 1491 vel
2109 1452 2446 1506 augescens,
2491 1437 2574 1492 vel
2618 1435 2988 1490 accessionem
3044 1443 3098 1488 et
3146 1432 3548 1487 incrementum

1975 1529 2278 1584 adhibens?
2307 1530 2351 1584 si
2401 1529 2545 1583 enim
2581 1529 2743 1584 ambo
2787 1526 3060 1582 contraria
3101 1525 3342 1595 ingenita
3377 1531 3545 1587 sunt,

1974 1629 2226 1674 neutrum
2258 1619 2620 1673 accretiouem
2663 1625 2756 1671 aut
2798 1616 3230 1672 imminutionem
3263 1614 3457 1683 recipit

2050 1709 2246 1763 Totum
2277 1709 2440 1778 igitur
2466 1715 2834 1762 commentum
2867 1703 3085 1758 barbari
3113 1703 3416 1758 consistere
3449 1715 3551 1754 ne-

1979 1802 2116 1871 quit.
2173 1801 2313 1867 Quid
2370 1802 2540 1855 vero?
2599 1815 2667 1853 an
2723 1798 2853 1852 dicit
2894 1796 3243 1856 Manichaeus,
3294 1808 3458 1850 sensu
3489 1807 3550 1847 se

1980 1893 2290 1962 percepisse
2336 1891 2594 1960 majorem
2651 1891 2734 1944 vel
2782 1890 3042 1971 iniwrem
3090 1895 3297 1955 partem
3333 1882 3550 1936 virtutis

1977 1983 2224 2037 admista:
2267 1982 2506 2036 materia:
2542 1989 2782 2050 ereptam
2813 1988 2867 2033 et
2899 1975 3244 2047 ademptam?
3270 1973 3548 2043 Siquidem

1977 2092 2040 2129 ex
2071 2091 2178 2144 quo
2206 2075 2331 2128 luna
2362 2074 2561 2128 crescit
2587 2083 2639 2127 et
2669 2071 2955 2136 decrescit,
2989 2069 3150 2133 Deus,
3180 2067 3390 2136 inquit,
3416 2080 3550 2135 pau-

1979 2166 2130 2219 latim
2158 2171 2444 2233 recuperat
2468 2163 2612 2233 quod
2642 2163 2784 2217 lunae
2815 2161 3094 2231 pr0prium
3129 2167 3243 2223 est;
3277 2166 3330 2212 et
3366 2165 3548 2210 tamen

1977 2265 2058 2310 tot
2091 2257 2306 2311 saeculis
2347 2256 2536 2325 lapsis,
2571 2271 2748 2324 neque
2782 2268 2954 2324 genus
2984 2252 3280 2304 humanum
3318 2261 3550 2302 numero

1979 2349 2276 2403 viventium
2318 2347 2666 2402 imminutum
2697 2356 2801 2408 est,
2856 2359 2957 2398 nec
3001 2343 3169 2396 ullum
3200 2339 3344 2393 aliud
3379 2353 3549 2408 genus

1979 2439 2393 2510 quadrupedum
2461 2437 2878 2492 diminutionem
2939 2435 3105 2488 ullam
3168 2433 3310 2500 cepit
3362 2429 3550 2498 :quin

1979 2537 2161 2607 potius
2201 2551 2320 2606 quae
2374 2536 2514 2588 facta
2547 2540 2696 2595 sunt,
2730 2531 2893 2586 solito
2928 2543 3078 2583 more
3112 2525 3266 2589 ﬁunt,
3303 2531 3358 2578 et
3401 2521 3552 2578 desi-

1979 2633 2116 2681 nunt
2149 2639 2300 2690 esse;
2335 2632 2388 2678 et
2420 2622 2598 2676 adhuc
2633 2621 2807 2691 magis
2850 2616 3165 2672 humanitas
3205 2614 3260 2667 in
3307 2612 3554 2666 multitu-

1978 2715 2159 2770 dinem
2209 2715 2415 2770 crevit.
2473 2712 2627 2767 Unde
2679 2712 2846 2781 igitur
2896 2709 3124 2764 insanus
3173 2705 3262 2759 ille
3299 2703 3552 2774 opinatur

1978 2807 2239 2878 paulatim
2291 2805 2493 2859 auferri
2546 2804 2824 2864 virtutem,
2863 2815 3028 2870 quam
3078 2797 3231 2866 ﬁngit
3261 2795 3552 2849 aduiistam

1978 2910 2100 2952 esse
2144 2894 2442 2964 nequitiae?
2496 2890 2779 2961 Siquidem
2829 2889 3018 2942 eadem
3054 2885 3306 2940 similiter
3344 2899 3403 2937 se
3455 2882 3554 2936 ha-

1979 2989 2106 3042 bent
2134 2987 2188 3040 in
2216 2984 2456 3051 mundo;
2491 2984 2679 3040 eadem
2714 2981 2858 3035 enim
2891 2987 2976 3034 est
3018 2991 3272 3031 mensura
3305 2974 3436 3037 diei,
3461 2989 3554 3029 ea-

1982 3078 2101 3132 dem
2143 3078 2355 3142 noctis;
2396 3091 2572 3144 neque
2604 3076 2787 3128 lumen
2822 3072 2995 3142 magis
3022 3078 3186 3124 tenue
3217 3067 3421 3121 factum
3444 3071 3550 3130 est,

1984 3182 2156 3238 neque
2195 3166 2430 3220 tenebrae
2447 3165 2682 3232 majores
2718 3183 2730 3216 :
2768 3161 2911 3216 idem
2956 3173 3194 3227 namque
3239 3164 3325 3212 est
3356 3171 3552 3210 cursus

1985 3259 2117 3314 solis
2158 3266 2211 3310 et
2245 3258 2404 3320 lunie,
2468 3255 2521 3314 id
2560 3263 2664 3316 est,
2713 3254 2856 3308 idem
2895 3251 3030 3305 ordo
3061 3251 3153 3320 qui
3196 3263 3228 3302 a
3286 3247 3552 3319 principio

1987 3351 2161 3405 factus
2199 3357 2316 3412 est,
2352 3354 2676 3418 perseverat.
2732 3386 2736 3390 ι

311 3462 444 3520 CAP.
473 3459 661 3516 XXXI.
705 3459 998 3515 Secundum
1023 3459 1255 3523 Manent,
1288 3459 1584 3512 substantia
1615 3461 1706 3514 Dei
1733 3465 1953 3528 patitur,
1981 3466 2028 3517 si
2068 3465 2258 3516 anima:
2289 3463 2604 3530 puniantur.
2645 3459 2784 3513 Deus
2821 3457 2995 3511 inwiet
3028 3453 3348 3525 profundum
3381 3450 3552 3509 'undJ

1320 3534 1564 3584 materia.
1603 3532 1944 3587 Diaboloruin
1977 3535 2195 3586 malitia:
2226 3547 2548 3602 progressus.

396 3647 723 3718 Ἐρωτητέον
760 3646 815 3699 δέ
843 3647 1083 3710 κάκεῖνο,
1119 3647 1181 3698 Εἰ
1210 3647 1263 3699 αἱ
1289 3646 1672 3718 άμαρτήσασαι
1696 3649 1882 3717 ψυχαὶ,

2050 3647 2485 3702 Percontandum
2509 3646 2670 3700 etiam
2707 3643 2836 3698 illud
2861 3663 2872 3697 :
2893 3642 3030 3697 Num
3060 3642 3250 3696 animae
3279 3655 3398 3711 quae
3428 3653 3553 3709 pec-

311 3743 409 3798 κα“ι
442 3740 654 3811 μυρίοις
712 3739 1008 3808 ἐνεχθεῖσαι
1064 3742 1252 3802 κακοῖς
1299 3739 1354 3790 ἐν
1400 3739 1477 3809 τῷ
1521 3738 1640 3809 βίῳ,
1674 3739 1881 3792 τίσουσι

1980 3748 2238 3795 caverunt
2275 3747 2328 3793 et
2357 3737 2689 3792 inﬁnitorum
2735 3737 2999 3789 malorum
3048 3736 3104 3788 in
3145 3739 3253 3786 vita
3286 3748 3392 3787 rem.
3425 3730 3547 3786 fue-

309 3836 467 3905 ζίκην
512 3827 585 3886 ὧν
612 3832 1057 3903 ἐπλημμέλησαν,
1084 3833 1116 3902 ἦ
1148 3831 1246 3898 ob;
1275 3833 1335 3884 Εί
1368 3833 1464 3901 μὲν
1489 3829 1580 3885 οῦν
1622 3833 1880 3897 τίσουσιν,

309 3923 343 3977 ὃ
383 3922 447 3993 δὴ
481 3921 573 3975 καὶ
624 3921 782 3984 αὐτὸς
813 3921 1061 3991 ὁμολογεῖ
1083 3923 1138 3973 ἐν
1160 3924 1226 3992 τῇ
1261 3920 1436 3991 βώλῳ,
1473 3921 1672 3984 ταύτας
1700 3923 1880 3992 ἐμπα-

312 4015 579 4087 γήσεσθαι
611 4015 722 4085 ἆμα
751 4016 814 4084 τῇ
851 4014 1018 4084 κακίᾳ
1072 4012 1244 4081 λέγων
1267 4031 1279 4042 ·
1312 4014 1664 4084 εὑρεθήσεται
1701 4017 1728 4068 ὁ
1754 4015 1883 4076 Θεὸς

311 4110 412 4181 τὴν
445 4106 637 4160 ἐαυτοῦ
691 4105 849 4176 φύσιν
888 4107 1319 4177 τιμωρούμενος·
1366 4100 1425 4158 οῦ
1484 4107 1536 4158 τί
1584 4105 1648 4158 ἂν
1681 4106 1885 4174 γένοιτο

309 4198 695 4270 ἀτοπώτερον;
726 4199 773 4250 εί
807 4198 862 4250 δὲ
908 4198 1240 4269 ἀτιμώρητοι
1283 4197 1514 4263 ἔσονται,
1549 4199 1646 4252 οὐκ
1686 4198 1885 4263 ἄλυπος

312 4292 409 4344 καὶ
468 4289 697 4360 ἀζήμιος
750 4291 906 4360 μόνον
943 4291 974 4360 ή
1009 4290 1274 4361 ἀμαρτία,
1312 4291 1446 4344 ἀλλὰ
1500 4292 1593 4345 καὶ
1622 4293 1782 4344 πλέον
1820 4292 1884 4345 ἂν

311 4385 458 4454 ἔχειν
483 4384 663 4452 δοκοίη
697 4383 795 4452 τῆς
817 4382 1159 4453 δικαιοσύνης
1183 4401 1195 4413 ·
1217 4382 1330 4452 εἴγε
1357 4384 1450 4437 καὶ
1478 4386 1534 4437 ἐν
1558 4385 1634 4455 τῷ
1661 4386 1884 4455 παρόντι

312 4477 468 4528 αἰῶνι
519 4476 616 4545 τὴν
657 4475 848 4546 ἡδονὴν
903 4475 1164 4545 προσάγοι
1194 4475 1269 4544 τῷ
1301 4476 1555 4545 μετιόντι,
1587 4478 1682 4530 καὶ
1723 4479 1778 4530 ἐν
1808 4476 1882 4547 τῷ

318 4567 561 4625 μέλλοντι
584 4568 849 4638 τιμωρίας
880 4566 1025 4620 αἰτία
1060 4568 1132 4638 μὴ
1166 4568 1391 4635 γένοιτο.

383 4739 526 4810 Πρὸς
567 4739 624 4791 δὲ
656 4738 866 4798 τούτοις
899 4740 1068 4792 ἅπασι
1101 4738 1412 4808 θαύμαστον
1444 4741 1608 4793 αὑτοῦ
1641 4743 1878 4809 κάκεῖνο,

313 4831 442 4885 ένθα
467 4835 649 4902 φησιν,
671 4832 766 4895 ὡς,
793 4831 890 4900 τῆς
929 4832 1124 4894 κακίας
1166 4832 1412 4885 ἐνταυθοῖ
1456 4834 1878 4906 ἀσχολουμένης,

313 4925 446 4987 Θεὸς
475 4924 532 4974 ὲν
559 4922 634 4992 τῷ
671 4921 869 4991 μεταξὺ
902 4921 963 4974 τὸ
1005 4921 1163 4992 βάθος
1196 4923 1494 4994 ἀναπληροῖ
1513 4926 1722 4994 χώματι
1758 4926 1880 4980 ὅθεν

314 5014 582 5084 ἀνέκυψεν
609 5017 643 5084 ἡ
670 5013 790 5086 ῦλη,
819 5014 962 5068 κατὰ
977 5015 1071 5086 τὴν
1095 5015 1256 5068 αὑτοῦ
1285 5015 1592 5087 δεινοτάτην
1629 5017 1880 5071 ἔκστασιν

317 5111 393 5181 μὴ
437 5108 724 5173 συνιέντος,
762 5108 837 5171 ὡς
866 5109 924 5162 τὸ
964 5108 1396 5180 ἐπιϐαλλόμενον.
1424 5111 1484 5161 Ei
1523 5111 1618 5181 μὲν
1646 5112 1752 5164 ἀπὸ
1782 5112 1882 5182 τῆς

313 5202 416 5272 γῆς
476 5200 562 5271 εἴη
606 5200 700 5254 τοῦ
751 5200 978 5268 ἀγαθοῦ,
1012 5202 1133 5254 τίνα
1183 5202 1380 5272 τρόπον
1423 5203 1534 5273 ἔχει
1575 5204 1778 5276 χώραν,
1823 5206 1882 5258 ὲν

313 5295 465 5365 τόπῳ
507 5311 570 5362 γε
624 5295 878 5364 ἐναντίῳ;
936 5296 982 5347 εί
1013 5295 1069 5348 δέ
1099 5299 1162 5348 ἐκ
1194 5295 1311 5348 τῶν
1339 5297 1520 5367 μερῶν
1553 5299 1647 5369 τῆς
1689 5298 1881 5361 κακίας

312 5386 376 5440 τὸ
397 5387 592 5438 οἰκεῖον
617 5388 715 5440 οὐκ
739 5387 1002 5440 ἐκκλείσει
1025 5389 1132 5457 (l2)
1152 5388 1247 5459 τὴν
1280 5389 1499 5442 αὐτόθεν
1525 5391 1877 5462 ὡρμημένην.

315 5479 567 5550 Κάθηται
594 5480 651 5532 δὲ
671 5480 802 5543 Θεὸς
834 5481 974 5533 κατά
1004 5481 1092 5533 τὸν
1129 5483 1377 5536 Μάνεντα
1414 5483 1477 5535 δι’
1504 5484 1695 5547 αἰῶνος
1721 5501 1856 5554 μετα

317 5571 498 5644 φέρων
521 5572 766 5643 χώματα.
801 5575 892 5626 καὶ
941 5573 1079 5626 κατά
1107 5573 1277 5644 βραχὺ
1322 5575 1707 5644 προσχωννύων
1743 5575 1879 5646 βάθη

1914 4517 1957 4571 D

1984 3841 2131 3895 runt,
2160 3832 2368 3886 dabunt
2409 3846 2599 3901 pmnas
2647 3845 2836 3884 eorum
2869 3844 2988 3898 qua:
3020 3827 3432 3884 commiserunt.
3482 3839 3553 3878 an

1981 3924 2130 3978 non?
2191 3921 2247 3976 Si
2301 3923 2518 3993 quidem
2557 3921 2804 3984 dabunt,
2867 3920 3011 3990 quod
3063 3918 3281 3988 quidem
3331 3926 3385 3972 et
3438 3917 3554 3986 ipse

1980 4013 2287 4078 conﬁtetur,
2340 4028 2466 4068 cum
2520 4013 2594 4065 ait
2653 4013 2706 4066 in
2750 4011 2904 4081 gleba
2953 4011 3054 4065 has
3105 4007 3406 4079 inﬁgenilas
3433 4023 3554 4063 esse

1986 4123 2109 4160 eum
2141 4107 2403 4177 nequitia,
2451 4106 2754 4176 reperietur
2797 4103 2939 4158 Deus
2968 4111 3214 4156 naturain
3258 4114 3411 4153 suam
3449 4113 3552 4168 pu-

1987 4201 2132 4254 nire:
2162 4215 2272 4270 quo
2294 4199 2424 4270 quid
2457 4198 2748 4253 absurdius
2774 4205 2827 4252 et
2858 4195 3180 4267 ﬂagitiosius
3209 4193 3322 4247 ﬁeri
3350 4190 3556 4262 potest?

1988 4289 2045 4344 Si
2089 4305 2217 4344 vero
2263 4289 2541 4360 impunita:
2572 4299 2624 4343 et
2655 4289 2841 4341 inultae
2881 4296 3062 4350 erunt,
3093 4300 3200 4338 non
3236 4283 3414 4337 solum
3457 4296 3554 4335 ne-

1983 4399 2088 4452 que
2117 4382 2361 4438 dolorem
2398 4396 2573 4451 neque
2607 4379 2862 4433 damnum
2897 4378 3083 4433 alieret
3120 4384 3423 4448 peccatum,
3456 4372 3552 4428 sed

1986 4476 2148 4529 etiam
2190 4476 2311 4544 plus
2341 4473 2569 4542 iustitia:
2619 4472 2820 4525 habere
2851 4471 3121 4523 videbitur
3159 4489 3171 4522 :
3204 4465 3552 4538 quandoqui-

1986 4567 2108 4622 dem
2163 4567 2220 4620 in
2275 4567 2377 4619 hoc
2409 4564 2607 4620 saeculo
2640 4563 2969 4630 voluptatem
3010 4560 3198 4615 aﬁ‘erat
3237 4556 3553 4626 suscipienti

1985 4668 2038 4714 et
2066 4659 2122 4712 in
2154 4657 2334 4711 futuro
2365 4671 2471 4710 non
2508 4656 2577 4710 sit
2621 4655 2871 4725 supplicii
2909 4668 3098 4710 causa.

2051 4751 2254 4805 Praeter
2293 4749 2406 4802 lucc
2435 4748 2640 4810 omnia,
2676 4746 2806 4801 illud
2842 4755 2925 4800 est
2963 4747 3017 4800 in
3064 4747 3170 4802 isto
3201 4743 3550 4816 stupendum,

1987 4845 2076 4898 ubi
2107 4844 2201 4905 ait,
2246 4841 2390 4912 quod
2422 4839 2666 4910 nequitia
2709 4841 2797 4894 hic
2829 4848 3120 4908 occupata,
3161 4837 3212 4891 id
3245 4845 3330 4892 est
3365 4837 3552 4905 ligata,

1985 4935 2128 4990 Deus
2169 4934 2384 4988 interim
2424 4933 2758 5005 profundum
2813 4930 2998 4998 implet
3039 4943 3233 4998 aggere
3265 4925 3408 4980 unde
3434 4938 3553 4977 ma-

1988 5027 2126 5082 teria
2153 5027 2407 5091 emersit;
2440 5026 2577 5080 nihil
2609 5027 2728 5095 ipso
2768 5024 2821 5076 in
2845 5021 3166 5092 gravissima
3198 5017 3396 5072 mentis
3422 5017 3556 5071 alie-

1987 5120 2209 5175 natione
2256 5119 2591 5189 intelligente
2657 5117 2731 5178 ὼς
2756 5113 2819 5166 τὸ
2848 5111 3291 5180 ἐπιϐαλλόμενον,
3315 5115 3374 5163 ιιι
3409 5106 3555 5178 quod

1989 5211 2352 5280 injiciebatur.
2414 5210 2472 5263 Si
2517 5216 2634 5264 erat
2679 5223 2745 5261 ex
2788 5212 2935 5258 terra
2983 5202 3132 5266 boni,
3167 5198 3443 5271 quomodo
3498 5198 3554 5253 in

1989 5302 2110 5357 loco
2154 5302 2429 5356 contrario
2460 5297 2756 5369 recipitur?
2789 5293 2843 5349 Si
2869 5303 3048 5348 autem
3076 5308 3142 5347 ex
3183 5289 3430 5362 partibus
3460 5301 3556 5342 ne-

1980 5396 2193 5466 quitiae,
2235 5393 2378 5464 quod
2413 5409 2476 5447 ex
2519 5399 2672 5462 parte
2701 5387 2955 5458 nequitia:
2995 5395 3080 5441 est
3109 5392 3162 5440 et
3191 5385 3239 5437 ei
3274 5378 3551 5443 convenit,

1993 5499 2099 5538 non
2139 5481 2378 5537 includet
2409 5481 2533 5534 inde
2556 5489 2802 5534 exortam
2841 5476 3146 5531 materiam.
3183 5472 3343 5528 Sedet
3371 5477 3550 5524 autem

1991 5575 2152 5640 Deus,
2200 5583 2419 5630 auctore
2451 5571 2767 5639 Manichaee,
2813 5567 3150 5627 transferens
3195 5578 3408 5637 semper
3458 5575 3554 5634 ag-

389 5726 501 5799 (12)
541 5731 887 5784 Ἐκκ.ίει’σει.
933 5729 1014 5785 An
1045 5729 1351 5800 ἐγκλείσειῖ
1401 5731 1490 5787 Sic
1539 5732 1746 5803 legebat
1792 5734 2078 5804 interpres.

3627 767 3660 804 ἰ’
3681 783 3722 814 1"
3744 769 3804 814 ν’

3853 640 3911 678 (Ὺ
3934 645 3966 682 ἴ·
4014 652 4027 664 η
