4072 6338
532 299 672 362 11ῖῦ

1681 293 1818 350 TITI
1856 290 2283 350 BOSTBENSIS
2315 289 2627 346 .EPISCOPI

3640 289 3785 344 1116

531 437 709 496 geres,
743 429 798 477 et
824 418 1081 490 paulatim
1119 416 1364 488 quaedam
1402 415 1669 487 profunda
1703 415 1992 486 aggeribus
2021 429 2102 470 re-

2210 412 2338 466 τινά.
2369 413 2432 465 Ὢ
2455 413 2551 482 τῆς
2577 410 2771 480 ἀλόγου
2804 407 3030 480 μανίαςῑ
3065 397 3200 479 πρὸς
3236 408 3302 479 ἢν
3341 409 3397 461 ἐν
3427 410 3537 472 τοῖς
3565 407 3787 462 πλείοσι

533 519 710 585 plens.
752 513 796 568 Ο
822 520 1090 566 amentem
1122 510 1393 565 furorem!
1443 509 1510 563 ad
1535 525 1696 581 quem
1730 508 1979 579 pluribus
2016 505 2101 561 vel

530 608 722 663 saltem
754 603 1086 675 respondere
1118 619 1206 658 res
1237 612 1322 658 est
1358 603 1610 658 ridicula.

604 700 663 754 Si
690 715 819 753 vero
849 697 1014 752 vultis
1039 697 1202 762 scire,
1239 697 1513 752 daemones
1534 697 1682 766 ipsos
1715 709 1824 750 non
1851 708 1974 749 esse
1995 708 2103 746 ma-

532 794 616 849 los
659 807 689 844 a
723 791 926 855 radice,
973 806 1148 860 neque
1176 791 1377 844 habere
1417 788 1654 842 radicem
1694 787 1813 840 vitii
1846 794 1899 840 et
1930 785 2102 853 turpi-

533 887 760 948 tudinis,
802 885 897 940 sed
945 886 1224 940 voluntate
1263 885 1367 935 huc
1412 882 1782 950 processisse,
1833 893 1957 932 cum
1995 892 2102 930 non

532 987 716 1036 essent
743 987 935 1033 natura
965 978 1126 1039 mali,
1161 990 1336 1045 neque
1367 982 1562 1027 natura
1591 972 1814 1042 ascripti
1848 971 2106 1041 ignoran-

533 1074 642 1138 tiae,
691 1089 799 1126 non
845 1087 950 1125 nox
999 1078 1051 1123 et
1083 1068 1321 1122 tenebrae
1368 1063 1665 1119 secundum
1714 1062 2102 1124 substantiam,

534 1166 630 1220 sed
659 1165 843 1219 habitu
875 1171 929 1218 et
957 1163 1174 1225 studiis,
1208 1169 1262 1214 et
1286 1158 1609 1212 tractatione
1642 1155 1954 1225 bujusrnqdi
1996 1162 2107 1207 stu-

533 1260 748 1314 diorum
798 1257 921 1310 l'acti
973 1256 1143 1317 tales,
1193 1253 1534 1323 inquiramus
1570 1245 1918 1318 disputando.
1950 1245 2105 1300 Caeca

535 1354 702 1422 igitur
747 1361 940 1404 natura
989 1363 1166 1418 neque
1215 1347 1497 1400 minimum
1561 1343 1778 1414 quidem
1822 1349 2103 1411 aspectum

537 1444 777 1507 habebit,
816 1451 870 1497 et
901 1444 1016 1510 ipsa
1049 1439 1355 1510 ignorantia
1388 1451 1566 1506 neque
1599 1436 1799 1492 stillam
1840 1433 2107 1505 cognitio-

535 1537 622 1591 nis
660 1536 762 1590 sibi
796 1533 1112 1594 vindicabit,
1159 1545 1336 1600 neque
1366 1544 1474 1582 nox
1503 1528 1622 1598 ipsa
1658 1535 1712 1582 et
1759 1527 1997 1582 tenebrae
2025 1525 2106 1580 sic

538 1637 732 1682 natura
777 1635 910 1680 orta:
952 1625 1034 1678 vel
1066 1624 1119 1677 in
1154 1637 1382 1693 parvum
1425 1619 1771 1690 splendorem
1814 1616 2107 1670 mutabun-

539 1732 628 1776 tur
662 1740 674 1776 :
713 1725 930 1790 apparet
974 1726 1154 1771 autem
1187 1716 1511 1785 cognovisse
1549 1712 1824 1766 daemones
1854 1708 2105 1764 Salvato-

2203 504 2297 560 xa‘t
2330 504 2498 573 γέλως
2522 503 2582 556 τὸ
2603 503 2732 573 γοῦν
2761 501 3177 574 ἀποκρίνασθαι.

2275 685 2336 737 Εἰ
2365 683 2421 735 δὲ
2462 682 2712 753 βούλεσθε
2743 682 2953 754 μαθεῖν,
2977 684 3059 736 ὃτι
3108 684 3201 736 καὶ
3237 685 3288 735 ot
3329 683 3580 753 δαίμονες
3626 683 3792 734 αὐτοὶ

2198 779 2303 830 ὀὐκ
2343 777 2450 830 ἀπὸ
2497 777 2651 848 ῥίζης
2686 777 2790 829 εἰσὶ
2823 777 3001 839 κακοὶ,
3033 776 3154 828 ούδὲ
3189 777 3340 847 ῥίζαν
3369 775 3599 838 ἀτοπίας
3625 776 3794 844 έχοτδο

2207 887 2311 933 σιν,
2341 869 2476 924 ἀλλά
2515 871 2753 922 κάκεῖνοι
2787 870 2895 922 ἀπὺ
2925 869 3295 941 προαιρέσεως
3323 870 3413 922 ἐπὶ
3457 868 3616 921 τοῦτο
3652 867 3791 935 ἐ.λῆ-

2204 961 2449 1028 λύθασιν,
2478 963 2539 1016 ού
2566 964 2788 1032 πονηροὶ
2821 963 2921 1034 τὴν
2950 963 3112 1031 φύσιν
3144 962 3316 1027 ὄντες,
3340 964 3439 1016 ούκ
3468 961 3663 1031 ἀγνοίᾳ⁵
3695 962 3796 1027 ἔγ-

2205 1053 2596 1126 γεγραμμένοι.
2625 1053 2746 1107 οὔτε
2782 1053 2877 1118 νὺξ
2899 1055 2992 1106 καὶ
3017 1055 3203 1116 σκότος
3234 1053 3333 1125 τὴν
3355 1053 3541 1106 ούσίαν
3571 1050 3793 1119 τυγχάο

2205 1165 2407 1212 νοντες,
2435 1148 2548 1200 ἀλλ’
2579 1147 2688 1214 ’έξει
2735 1148 2828 1200 καὶ
2878 1146 3287 1216 ἐπιτηδεύμασι,
3328 1148 3394 1217 τῇ
3441 1134 3798 1217 ἐπιχειρήσέι

2205 1241 2312 1294 τῶν
2341 1241 2595 1293 τοιούτων
2623 1241 2902 1310 γεγονότες
2923 1259 2935 1270 ·
2964 1239 3054 1293 τὸν
3083 1239 3240 1308 λόγον
3281 1239 3624 1308 ἐξετάσωμεν
3644 1255 3657 1267 ο
3693 1254 3800 1289 τυ-

2207 1333 2311 1406 φλὴ
2338 1333 2435 1404 μὲν
2473 1329 2564 1386 οῦν
2619 1332 2777 1402 φύσις
2833 1332 2954 1385 οὐδὲ
3000 1332 3058 1384 ὲν
3107 1330 3362 1404 ἐλαχίστῃ
3404 1330 3495 1384 καὶ
3529 1329 3692 1400 ὀλίγῃ
3721 1332 3799 1398 τῇ

2209 1417 2392 1496 βλέῖιικει
2441 1426 2758 1496 γενήσεται·
2812 1425 2903 1478 καὶ
2943 1425 3082 1495 αύτὴ
3132 1427 3164 1495 ἠ
3212 1423 3399 1490 ἄγνοια
3433 1421 3550 1475 οὐδὲ
3589 1421 3802 1492 ρανίδα

2208 1517 2460 1586 γνώσεως
2493 1519 2659 1588 ἑαυτῇ
2706 1518 3150 1588 προσποιήσεται,
3183 1514 3304 1568 οὐδὲ
3338 1512 3435 1578 νὺξ
3495 1513 3634 1584 αὑτὴ
3687 1513 3802 1564 καὶ

2209 1609 2398 1672 σκότος
2417 1608 2476 1661 τὸ
2495 1607 2638 1661 οῦτω
2666 1609 2905 1678 πεφυκὸς
2932 1608 3032 1662 κᾶν
3062 1609 3142 1671 είς
3175 1608 3430 1678 βραχεῖαν
3458 1606 3803 1676 λαμπηδόνα

2211 1702 2734 1773 μεταποιηθήσεται’
2787 1702 3063 1771 φαίνονται
3088 1702 3143 1754 δὲ
3191 1703 3284 1754 καὶ
3309 1703 3358 1754 οἱ
3386 1701 3638 1772 δαίμονες
3689 1701 3803 1753 καὶ

538 1823 672 1872 rem,
696 1823 758 1861 ac
783 1805 1064 1859 Dominum
1097 1805 1382 1858 confessos
1401 1818 1552 1856 esse:
1574 1800 1803 1866 Scimus,
1831 1800 2103 1870 inquiunt,

2210 1795 2436 1866 Σωτῆρα
2467 1795 2686 1860 εἰδότες,
2718 1795 2812 1848 καὶ
2842 1794 3044 1865 Κύριον
3062 1793 3479 1864 ὁμολογοῦντες·
3521 1793 3804 1863 Οἴδαμέν

535 1902 653 1972 quis
696 1901 768 1952 sis
829 1895 1004 1950 Filius
1053 1895 1280 1978 Dri‘ivi
1309 1896 1357 1950 ¹.
1413 1893 1754 1965 Cognoscere
1784 1907 1962 1949 autem
1999 1911 2107 1949 non

538 2003 714 2065 potest
743 1990 1073 2063 ignorantia,
1118 2004 1293 2059 neque
1351 1987 1535 2043 videre
1589 1987 1826 2042 czecitas.
1893 1986 2104 2050 Sciunt,

537 2095 591 2142 et
652 2102 836 2141 verum
893 2085 1082 2139 dicunt
1137 2083 1394 2146 scientes,
1466 2089 1521 2136 et
1585 2096 1692 2134 non
1748 2095 1843 2151 per
1901 2081 2108 2133 calum-

538 2180 683 2233 niam
715 2196 730 2244 ;
764 2177 952 2232 dicunt
999 2175 1143 2230 enim
1167 2217 1181 2239 ,
1225 2171 1438 2226 tametsi
1485 2186 1595 2225 non
1626 2170 1866 2242 legitima
1906 2179 1960 2224 et
1993 2171 2108 2223 sin-

537 2285 665 2325 cera
696 2268 1001 2331 aﬂectione,
1045 2266 1349 2320 veritatem.
1396 2261 1514 2317 Non
1558 2262 1670 2332 jam
1700 2262 1766 2318 de
1819 2277 1960 2316 caeca
2010 2277 2107 2315 na-

538 2373 661 2416 tura
687 2371 779 2415 aut
809 2358 1118 2430 ignorantia
1148 2367 1512 2421 accusantur;
1569 2353 1773 2424 alioqui
1823 2369 1892 2408 ne
1939 2354 2102 2407 mini-

538 2465 687 2506 mum
723 2449 942 2519 quidem
993 2447 1278 2509 vidissent,
1314 2459 1414 2498 nec
1451 2443 1501 2498 ei
1539 2443 1814 2512 supplices
1849 2443 2103 2508 fuissent,

540 2557 718 2612 neque
747 2541 1042 2595 cessissent
1073 2537 1244 2601 dicto,
1277 2551 1454 2606 neque
1481 2549 1769 2590 secernere
1798 2534 2107 2604 potuissent

539 2651 664 2690 eum
694 2635 785 2705 qui
816 2631 1088 2704 apparuit,
1126 2629 1220 2685 sed
1253 2628 1433 2699 potius
1465 2627 1871 2682 existimassem
1895 2643 1962 2682 ex
1995 2629 2111 2684 suis

538 2743 680 2792 esse,
725 2727 968 2796 nihilque
1006 2723 1147 2777 inter
1196 2721 1404 2790 seipsos
1437 2725 1491 2772 et
1529 2718 1677 2772 illum
1705 2718 1988 2773 interesse.

2212 1903 2304 1950 σε,
2337 1885 2428 1952 τίς
2457 1883 2530 1949 εἴ,
2561 1887 2828 1954 λέγοντες,
2871 1890 2904 1940 ὁ
2945 1887 3075 1952 Υἱὸς
3098 1887 3204 1940 τοῦ
3233 1887 3378 1940 Θεοῦ
3405 1887 3508 1940 τοῦ
3541 1885 3798 1952 ζῶντος.

2212 1978 2420 2032 Εξδέναι
2442 1979 2497 2031 δὲ
2512 1977 2699 2046 ἄγνοια
2719 1979 2778 2030 ού
2800 1978 3041 2041 δύναται,
3067 1980 3160 2031 καὶ
3175 1978 3392 2047 βλέπειν
3416 1977 3588 2049 τυφλὴ
3621 1979 3692 2047 φύ
3704 1995 3805 2040 σίς

2210 2074 2309 2126 οὐκ
2349 2073 2541 2142 ἰσχύει.
2587 2075 2779 2135 Ἴσασι,
2827 2073 2920 2126 καὶ
2968 2073 3320 2144 ἀληθεύουσιν
3354 2073 3568 2138 εἰδότες,
3598 2074 3692 2127 καὶ
3728 2076 3803 2127 οὐ

2214 2165 2668 2235 συκοφαντοῦντες
2709 2167 2957 2234 λέγουσι’
2990 2165 3205 2233 λέγουσι
3247 2166 3375 2236 γάρ,
3405 2165 3550 2228 ὅντες
3579 2165 3681 2218 κᾶν
3711 2167 3805 2237 μὴ

2212 2259 2409 2329 γνησία
2457 2257 2727 2321 διαθέσει,
2793 2260 2889 2328 τὴν
2933 2258 3206 2330 ἀλήθειαν.
3247 2259 3442 2312 Οὐκέτι
3489 2260 3662 2331 τυφλῇ
3721 2263 3802 2332 τῇ

2212 2351 2369 2420 φύσει
2402 2349 2523 2404 οὕτε
2547 2353 2612 2422 τῇ
2665 2350 2857 2424 ἀγνοίᾳ
2897 2352 3326 2423 κατηγοροῦνται
3355 2371 3367 2382 ⁸
3471 2354 3578 2424 γὰρ
3606 2354 3672 2408 ἂν
3701 2355 3806 2408 οὐ·

2210 2443 2266 2496 δὲ
2294 2443 2352 2496 τὸ
2381 2443 2659 2514 ἐλάχιστον
2689 2443 2894 2516 ἑώρων,
2925 2443 3046 2497 οὔτε
3072 2446 3247 2499 ἱκέται
3275 2442 3435 2518 ἦσαν,
3457 2447 3577 2500 οὔτε
3611 2466 3806 2519 παρε-

2213 2535 2420 2607 χώρουν
2474 2536 2551 2607 τῷ
2603 2536 2898 2607 λεγομένῳ,
2941 2537 3064 2590 οῦτε
3109 2538 3380 2610 διέκριναν
3427 2540 3515 2592 τὸν
3546 2541 3800 2609 φανέντα

2211 2626 2368 2679 ἄλλον
2403 2625 2510 2679 τῶν
2539 2625 2744 2678 πολλῶν
2774 2622 2936 2690 εἶναι,
2982 2628 3075 2680 καὶ
3121 2627 3270 2680 οὐδὲν
3307 2628 3579 2702 διαφέρειν
3617 2630 3800 2684 αὐτόν

2212 2737 2271 2773 τε
2306 2721 2401 2773 καὶ
2428 2720 2642 2782 αύτούς.

1037 2840 1169 2896 CAP.
1207 2837 1420 2894 XXXII.
1455 2837 1641 2892 Preces
1675 2838 1971 2892 dwmonum
2019 2838 2148 2895 Deo.
2179 2840 2450 2908 Quomodo
2479 2841 2767 2908 puniantur
2787 2839 3046 2894 dwmones
3076 2841 3128 2893 in
3160 2839 3364 2909 inferis.

611 2959 713 3025 En,
765 2955 1022 3011 animalia
1060 2968 1166 3007 non
1214 2951 1421 3006 utentia
1462 2949 1674 3005 ratione
1712 2951 1988 3020 sapientes
2037 2950 2106 3006 ab

539 3049 920 3122 insipientibus
971 3061 1080 3100 non
1127 3046 1526 3099 internoscunt.
1580 3040 1638 3095 Si
1679 3052 1859 3096 autem
1905 3059 2107 3114 cogno-

2296 2953 2425 3008 Ἰδοὺ
2449 2952 2556 3024 γὰρ
2578 2953 2644 3006 τά
2675 2953 2843 3021 ἄλογα
2875 2952 2988 3016 ζῶα
3017 2950 3218 3022 μεταξὺ
3255 2951 3435 3022 σοφῶν
3459 2969 3517 3004 τε
3538 2952 3632 3004 καὶ
3654 2951 3798 3007 ἀσό-

2212 3061 2328 3113 φων
2354 3046 2451 3098 ούκ
2471 3046 2582 3116 ἔχει
2621 3046 2838 3109 εἰδέναι,
2885 3047 3026 3096 ποῖοι
3065 3045 3234 3112 σοφοὶ,
3265 3045 3358 3097 καὶ
3401 3047 3537 3098 ποῖοι
3566 3046 3791 3114 ἀσοᾳοι.

537 3150 735 3198 verunt
769 3141 1058 3204 daemones,
1100 3145 1154 3193 ct
1189 3145 1410 3208 propter
1446 3135 1718 3204 judicium
1763 3135 1927 3190 soluti
1985 3145 2107 3191 sunt

2216 3139 2278 3190 Ei
2327 3138 2383 3191 δὲ
2439 3137 2678 3206 ἔγνωσαν
2727 3139 2776 3189 oi
2824 3136 3096 3207 δαίμονες,
3132 3136 3225 3190 καὶ
3265 3136 3533 3208 διάκρισιν
3583 3138 3795 3204 εἰδότες

538 3237 654 3306 lege
679 3249 787 3288 non
813 3230 1217 3287 internoscendi
1247 3229 1391 3282 aliud
1415 3228 1483 3282 ab
1510 3229 1638 3293 alio,
1671 3236 1725 3282 et
1757 3227 2112 3297 dijudicando

539 3333 875 3398 agnoverunt
914 3324 1074 3389 talia;
1114 3320 1456 3376 convincitur
1481 3335 1588 3374 non
1621 3328 1873 3374 naturam
1914 3321 1970 3374 in
2010 3321 2112 3376 hac

538 3438 619 3484 re,
651 3421 744 3477 sed
774 3420 1108 3474 veluntatem
1135 3414 1407 3470 moderari
1441 3431 1455 3467 :
1491 3414 1741 3484 quamvis
1773 3414 1918 3469 enim
1946 3429 2114 3484 aegro-

537 3523 616 3570 tet
641 3515 916 3577 voluntas,
936 3509 1186 3581 quamvis
1214 3516 1380 3574 erret,
1411 3523 1520 3561 non
1551 3515 1731 3562 tamen
1758 3505 1961 3561 desinit
1989 3521 2112 3561 esse

539 3605 768 3661 rationis
806 3605 1115 3674 particeps;
1161 3601 1294 3670 quin
1330 3601 1513 3670 potius
1545 3615 1653 3654 non
1683 3610 1766 3654 est
1791 3601 1905 3655 boc-
1941 3601 2111 3654 inter-

536 3704 800 3764 emptum.
860 3691 951 3746 Sic
987 3693 1260 3746 daemones
1303 3699 1642 3762 agnoverunt
1683 3707 1840 3754 eum,
1888 3706 2112 3762 rogave-

539 3793 688 3851 runt,
738 3785 1010 3853 suppiices
1058 3783 1107 3838 ei
1153 3781 1404 3846 fuerunt,
1450 3797 1518 3836 ne
1557 3781 1774 3851 juberet
1821 3796 1917 3835 eos
1961 3781 2113 3836 abire

540 3879 596 3932 in
647 3877 926 3949 abyssum.
992 3874 1048 3929 Si
1081 3881 1238 3930 erant
1278 3872 1371 3927 lilii
1403 3874 1609 3946 abyssi,
1644 3874 1690 3928 si
1729 3873 2107 3944 cognationem

538 3984 662 4024 cum
687 3969 883 4041 abysso
915 3967 1209 4032 habebant,
1244 3981 1343 4020 cur
1382 3974 1614 4036 cognata
1649 3965 1966 4035 refugiunt?
2013 3981 2112 4018 cur

536 4056 777 4112 radicem
806 4071 959 4111 suam
1000 4054 1289 4110 recusant?
1327 4055 1515 4126 potius
1543 4055 1687 4110 enim
1725 4069 1844 4108 eam
1876 4053 2108 4124 amplexi

535 4157 741 4213 essent,
775 4151 1099 4203 arbitrantes
1132 4149 1377 4218 requiem
1404 4164 1558 4202 suam
1587 4163 1708 4203 esse
1739 4149 1791 4201 in
1819 4149 2110 4217 cognatio-

537 4260 607 4298 ne
647 4243 904 4314 positam,
946 4239 1216 4309 siquidem
1251 4239 1305 4292 in
1337 4239 1586 4309 cognatis
1616 4239 1672 4292 [it
1699 4239 1997 4304 recreatio;
2054 4237 2109 4291 in

537 4334 840 4407 peregrinis
867 4347 995 4387 vero
1024 4341 1079 4386 et
1113 4331 1306 4386 alienis
1330 4330 1708 4384 atllictationes
1735 4349 1748 4384 :
1787 4330 1960 4401 magis
1993 4337 2110 4385 erat

538 4425 645 4479 illis
671 4421 1006 4478 recusandus
1034 4420 1225 4489 Jesus;
1255 4421 1428 4493 magis
1457 4419 1792 4476 recusandus
1821 4419 1909 4473 hic
1932 4420 2104 4485 locus,

2211 3229 2566 3284 ἀπολέλυνται
2599 3230 2710 3300 (13)
2738 3229 2830 3282 τοῦ
2873 3229 3209 3301 ἀδιακρίτου,
3231 3228 3494 3300 διακρίσει
3527 3229 3584 3282 τὸ
3611 3230 3794 3284 τοιοῦ-

2211 3339 2300 3375 τον
2339 3322 2737 3390 ἐπεγνωκότες·
2774 3320 3051 3391 ἐλέγχεται
3081 3322 3173 3374 καὶ
3196 3322 3252 3374 ὲν
3280 3322 3453 3391 τούτῳ
3489 3323 3562 3393 μὴ
3599 3322 3792 3392 φύσις,

2211 3413 2346 3466 ἀλλὰ
2398 3415 2710 3488 προαίρεσις
2779 3411 3233 3483 πρυτανεύουσα·
3289 3413 3391 3464 xiv
3451 3413 3560 3482 γάρ
3615 3413 3792 3484 νοήσῃ

2212 3503 2550 3576 προαίρεσις,
2587 3503 2689 3557 κᾶν
2741 3501 2939 3572 σφάλῃ,
2979 3502 3130 3572 ὅμως
3163 3501 3258 3554 τοῦ
3282 3497 3419 3554 εἶναι
3449 3501 3641 3574 λογικὴ
3680 3503 3793 3555 οὐκ

2209 3597 2576 3667 ἀπήλλακται,
2603 3595 2716 3649 ἀλλ’
2753 3595 2866 3666 ἔχει
2892 3593 3049 3648 τοῦτο
3084 3594 3157 3664 μὴ
3189 3593 3595 3665 διεφθαρμένον.
3627 3595 3795 3650 Οὕτω

2211 3689 2303 3741 καὶ
2343 3687 2590 3757 δαίμονες
2612 3687 2926 3755 ἐπέγνωσαν
2965 3686 3150 3739 αὐτόν·
3179 3685 3537 3757 ὲλιπάρησαν,
3572 3687 3796 3741 ἱκέτευ-

2213 3798 2328 3845 σαν,
2357 3781 2443 3834 ῖνα
2465 3781 2537 3851 μὴ
2562 3779 2788 3852 ἐπιτάξῃ
2809 3781 2990 3842 αὐτοῖς
3015 3780 3095 3843 εἰς
3125 3779 3224 3851 τὴν
3247 3778 3478 3832 ἄϐυσσον
3507 3781 3793 3836 ἀπελθεῖν.

2211 3875 2272 3928 Εἰ
2302 3875 2399 3945 τῆς
2428 3874 2662 3928 ἀϐύσσου
2687 3875 2872 3936 παῖδες
2907 3869 3065 3944 ἦσαν,
3104 3875 3151 3926 εἰ
3178 3874 3494 3942 συγγένειαν
3524 3876 3658 3946 1:95;
3688 3875 3798 3947 τὴν

2211 3964 2442 4018 ἄϐυσσον
2477 3960 2640 4032 εἶχον,
2701 3963 2753 4015 τί
2782 3961 3041 4032 φεύγουσι
3081 3961 3148 4016 τά
3180 3963 3450 4034 συγγενῆ;
3482 3964 3533 4015 τί
3561 3965 3662 4034 τὴν
3707 3969 3798 4018 οἰ-

2210 4056 2360 4108 κείαν
2424 4054 2803 4125 παραιτοῦνται
2844 4051 3030 4123 ρίζαν;
3080 4055 3278 4126 μᾶλλον
3308 4055 3416 4126 γὰρ
3474 4056 3539 4109 ἂν
3605 4057 3799 4126 ἠσπά-

2213 4163 2370 4199 σαντο
2399 4147 2713 4199 ἀνάπαυλαν
2746 4147 2951 4200 ἑαυτῶν
2981 4147 3077 4218 τὴν
3109 4147 3425 4216 συγγένειαν
3455 4148 3749 4218 ἡγούμενοι
3780 4168 3794 4180 ο

2211 4242 2267 4292 ὲν
2300 4238 2402 4309 γάρ
2427 4240 2538 4299 τοῖς
2557 4238 2869 4305 συγγενέσιν
2899 4241 2930 4309 ἡ
2959 4238 3254 4309 ἀνάκτησις
3277 4239 3504 4306 γίνεται,
3540 4241 3594 4290 ὲν
3616 4237 3676 4290 δὲ
3697 4238 3797 4304 ξέ-

2210 4348 2319 4393 νοις
2373 4331 2427 4382 αἱ
2473 4329 2776 4393 κακώσεις·
2817 4329 3016 4400 μᾶλλον
3060 4329 3166 4401 γὰρ
3217 4330 3324 4383 ἔδει
3357 4330 3553 4392 αὐτοὺς
3590 4347 3800 4397 παραι-

2209 4425 2416 4478 τεῑσθαι
2443 4423 2534 4476 τὸν
2573 4422 2778 4492 Ἰησοῦν
2799 4439 2810 4449 ·
2871 4421 3068 4493 μᾶλλον
3118 4421 3173 4474 δὲ
3218 4421 3323 4474 ἔδει
3356 4423 3553 4484 αὐτοὺς
3586 4438 3802 4492 παραι-

539 4518 630 4571 ubi
678 4516 804 4571 boni
840 4523 896 4570 et
938 4516 1077 4585 aequi
1112 4522 1270 4578 sunt;
1309 4513 1717 4583 amplectendus
1747 4526 1878 4567 vero
1900 4511 2107 4566 disces-

2210 4517 2420 4571 τεῖσθαι
2471 4515 2530 4569 τὸ
2584 4514 2820 4569 ἐνταῦθα
2875 4513 3098 4586 χωρίον,
3161 4514 3286 4566 ἔνθα
3356 4513 3634 4566 σπουδαῖοι
3696 4516 3798 4568 καὶ

538 4625 634 4664 sus
666 4611 717 4662 in
749 4609 1024 4680 abyssum.
1062 4607 1266 4662 Contra
1297 4621 1423 4661 vero
1460 4605 1590 4660 dum
1625 4614 1900 4671 recusant,
1929 4612 1985 4660 et
2019 4619 2110 4660 ca-

537 4711 686 4765 vent,
737 4713 790 4755 et
823 4701 952 4755 illuc
997 4700 1147 4755 abire
1174 4699 1501 4764 detrectant,
1536 4698 1646 4752 imo
1685 4699 1755 4752 ob
1793 4698 1936 4752 hanc
1976 4712 2109 4752 cau-

540 4807 653 4847 sam
685 4791 956 4861 supplices
985 4799 1164 4855 orant,
1198 4789 1331 4844 satis
1363 4789 1547 4844 indicii
1576 4789 1865 4852 dederunt,
1898 4782 2104 4842 nullam

538 4899 599 4940 se
644 4880 1100 4937 necessitudinem
1163 4889 1216 4935 et
1243 4880 1622 4951 cognationem
1669 4895 1792 4934 cum
1831 4881 1951 4935 loco
1993 4887 2108 4934 tor-

536 4983 844 5030 mentorum
877 4973 1106 5039 habere;
1143 4972 1278 5026 nihil
1319 4973 1466 5028 enim
1504 4973 1744 5043 seipsum
1775 4972 2017 5039 amictat,
2055 4980 2108 5027 et

537 5070 681 5122 malo
712 5066 910 5121 allicit:
944 5081 1104 5121 omne
1134 5073 1314 5120 autem
1349 5065 1496 5137 quod
1524 5066 1837 5133 aﬂlictatur,
1861 5075 1915 5121 et
1962 5067 2106 5121 malo

539 5161 789 5223 adicitur,
815 5159 884 5213 ab
907 5159 1014 5214 alio
1060 5158 1378 5214 aﬂlictatur:
1408 5174 1633 5214 necesse
1663 5160 1805 5213 enim
1846 5168 1930 5214 est
1963 5159 2106 5228 quod

538 5253 758 5307 alllictat
807 5268 916 5306 non
971 5253 1042 5307 sit
1100 5252 1186 5306 sui
1237 5251 1512 5308 alllictatio
1555 5267 1618 5306 ac
1660 5253 1960 5316 cruciatus,
2013 5249 2109 5305 sed

536 5348 764 5404 alterius
808 5346 954 5418 quod
1007 5355 1193 5416 aptum
1243 5356 1431 5402 natum
1475 5357 1579 5413 est,
1620 5354 1678 5402 ut
1717 5345 2004 5401 alllictetur
2056 5353 2109 5399 et

535 5443 681 5498 malo
707 5439 990 5496 adiciatur.

612 5608 628 5633 ‘
660 5601 820 5658 Marc.
856 5619 896 5666 ι,
931 5601 1019 5666 24;
1057 5600 1189 5655 Luc.
1223 5616 1294 5664 Iv,
1323 5600 1408 5654 δέ.

2207 4609 2492 4672 ἐπιεικεῖς,
2551 4605 2889 4670 ἀσπάζεσθαι
2940 4605 2996 4658 δὲ
3051 4606 3148 4675 τὴν
3199 4604 3434 4659 ἄϐυσσον
3486 4604 3520 4674 ἦ
3564 4605 3666 4674 τὴν
3730 4608 3797 4656 ἐν

2213 4702 2432 4772 ἀϐύσσῳ
2454 4700 2654 4771 ἄφιξιν.
2687 4700 3114 4771 Παραιτούμενοι
3143 4699 3197 4751 δὲ
3235 4700 3326 4752 καὶ
3371 4698 3798 4768 φυλαττόμενοι,

2214 4796 2308 4848 καὶ
2361 4793 2578 4848 ἀπιέναι
2626 4793 2741 4845 ἐκεῖ
2789 4793 2889 4845 οὐκ
2940 4793 3278 4862 ἀνεχόμενοι,
3308 4791 3420 4845 ἀλλ’
3453 4791 3799 4854 ἱκετεύοντες

2209 4889 2307 4960 τῆς
2341 4889 2518 4952 αἰτίας
2546 4887 2745 4957 ταύτης
2770 4887 2947 4958 χάριν,
2983 4885 3162 4938 ἱκανὸν
3199 4889 3494 4955 τεκμήριον
3521 4882 3798 4937 δεδώκασι

2215 4981 2482 5053 μηδεμίαν
2514 4980 2709 5041 αὐτοὺς
2745 4977 2978 5048 φυσικὴν
3004 4975 3333 5044 ισυγγένειαν
3361 4975 3495 5046 πρὸς
3527 4973 3597 5026 τὰ
3622 4975 3798 5027 κολα-

2213 5076 2406 5143 στήρια
2447 5071 2587 5142 ἔχειν
2609 5087 2622 5101 ·
2658 5068 2909 5123 οὐδέποτε
2941 5067 3048 5139 γὰρ
3081 5067 3230 5120 οὐδὲν
3271 5065 3429 5121 ἑαυτὸ
3457 5068 3648 5118 κακοί·
3680 5069 3798 5118 πᾶν

2211 5165 2266 5217 δὲ
2317 5163 2648 5234 κακούμενον
2681 5163 2770 5214 ὑπ’
2801 5161 2961 5216 ἄλλου
2990 5159 3254 5213 κακοῦται
3275 5175 3288 5190 ο
3325 5159 3536 5228 ἀνάγκη
3580 5158 3693 5230 γὰρ
3729 5159 3796 5210 τὸ

2211 5257 2413 5316 κακοῦν
2476 5257 2551 5328 μὴ
2603 5254 2794 5309 ἑαυτοῦ
2853 5250 2991 5308 εἶναι
3018 5253 3281 5318 κάκωσιν,
3321 5251 3436 5307 ἀλλ’
3470 5251 3662 5326 ἐτέρου
3691 5249 3791 5303 τοῦ

2211 5350 2510 5420 πεφυκότος
2547 5347 2843 5420 πάσχειν,ἥ
2871 5344 3192 5400 κακοῦσθαι.

611 5721 722 5793 (l5)
775 5718 1047 5775 ‘Ano.té.t.
1083 5718 1217 5774 lluic
1261 5717 1361 5788 legi
1397 5716 1638 5772 serviunt
1669 5721 1721 5770 et
1760 5720 1947 5784 parent
1983 5709 2234 5766 animalia
2263 5707 2485 5764 rationis
2512 5702 2770 5776 expertia.
2803 5701 2973 5760 Tum.
