4072 6338
302 233 440 306 uir

1391 256 1766 316 ADVERSUS
1808 254 2235 312 MANICHASOS
2273 256 2401 315 LIB.
2441 253 2483 314 ἰ.

3405 210 3572 308 ιιιε

380 363 508 418 ’[δού
535 363 595 417 τὸ
629 362 739 437 πῦρ
790 366 948 422 ἑαυτὸ
981 368 1040 422 οὐ
1063 368 1246 424 καίει·
1277 370 1464 444 ἕτερον
1493 372 1602 444 γάρ
1656 372 1749 426 καὶ
1775 371 1868 442 οὐχ

2050 370 2190 427 Ecce
2234 371 2376 442 ignis
2428 384 2538 424 non
2579 365 2850 425 comburit
2886 380 2980 430 se,
3017 363 3110 421 sed
3147 363 3313 432 aliud,
3366 379 3542 436 neque

296 456 458 510 ἑαυτὸ
488 455 776 512 ἀναλώσει.
820 459 950 512 Ἰδοὺ
980 461 1039 514 τὸ
1067 461 1209 534 ὕδωρ
1235 462 1396 516 ἑαυτὸ
1421 464 1480 518 οὐ
1503 461 1831 528 κατακλύζει
1854 479 1869 493 °

294 546 362 600 τὰ
389 546 498 620 γὰρ
527 546 687 620 ἔτερα
703 550 1043 605 κατακλῦσαι
1071 545 1232 618 οἵδεν,
1259 554 1418 625 ἑαυτὸ
1449 553 1506 608 δὲ
1532 554 1872 609 κατακλύσαι

292 640 392 692 οὐκ
420 638 554 710 ἔχει.
587 641 717 694 Ἰδοὐ
763 643 792 696 ὁ
831 643 937 715 ἀὴρ
957 644 1148 716 ψύχειν
1188 646 1376 700 ἑαυτὸν
1402 647 1500 701 οὐκ
1541 642 1680 702 οἶδεν
1702 665 1716 680 ·
1752 649 1872 703 ἐπεὶ

292 731 402 784 πᾶν
431 731 492 784 τὸ
521 731 662 805 δρῶν
686 733 780 787 καὶ
815 735 1016 790 κακοῦν
1049 736 1232 809 ἕτερόν
1249 742 1586 794 τικακοῖκαὶ
1606 741 1793 794 λυπεῖ’
1823 742 1872 794 εί

290 823 346 876 δὲ
387 824 530 896 κακὴ
561 826 592 898 ἡ
619 826 874 896 ἄϐυσσος,
887 831 979 883 καὶ
994 830 1349 886 κακοῦνταιοί
1365 833 1613 905 δαίμονες
1644 834 1748 888 ὐπὸ
1774 834 1873 906 τῆς

290 914 550 980 ἀϐύσσου,
585 917 680 971 καὶ
743 917 1161 992 βασανιστήριον
1201 922 1297 993 μὲν
1347 922 1666 994 ήάϐυσσος,
1711 939 1868 994 στρε-

291 1006 543 1062 ϐλοῦνται
565 1009 622 1063 δὲ
658 1012 706 1063 οἱ
743 1011 1016 1083 δαίμονες,
1048 1013 1231 1067 οὐκέτι
1259 1013 1337 1086 τῷ
1358 1016 1528 1087 ὁμοίῳ
1556 1015 1870 1086 βασανίζον-

290 1117 400 1162 ut,
423 1099 534 1152 ἀλλ’
558 1100 731 1174 ἕτεροι
761 1103 1021 1168 ὄντεςύπὸ
1045 1105 1231 1176 ἐτέρου
1249 1106 1632 1177 βασανίζονται
1651 1123 1663 1136 ·
1689 1106 1870 1160 οὐκέτι

289 1191 391 1261 τῆς
428 1191 643 1262 φύσεως
687 1194 891 1265 ταύτης
947 1196 1068 1248 οὐδὲ
1113 1195 1216 1267 τῆς
1266 1197 1481 1261 οὐσίας·
1531 1197 1725 1268 ἐτέρας
1762 1195 1871 1268 γάρ

290 1284 502 1357 ἐδείχθη
547 1286 734 1352 οὐσίας
779 1290 810 1360 η
844 1288 1096 1354 ἄϐυσσος.
1146 1290 1255 1344 Καὶ
1287 1290 1496 1362 ὅτιμὲν
1529 1292 1577 1344 οἱ
1618 1291 1870 1361 δαίμονες

290 1377 480 1449 ἑτέρου
507 1378 701 1447 γένους
736 1381 830 1434 καὶ
866 1381 1058 1454 ἑτέρας
1082 1382 1270 1446 οὐσίας
1302 1381 1452 1457 παρὰ
1475 1384 1574 1457 τὴν
1610 1383 1866 1446 ἄϐυσσον,

293 1468 457 1523 ικανά
497 1470 567 1524 τὰ
613 1472 911 1542 εἰρημένα·
949 1474 1042 1526 καὶ
1071 1473 1210 1544 αῦτη
1242 1474 1297 1526 δὲ
1327 1476 1360 1546 ἡ
1387 1473 1621 1538 ἄϐυσσος
1651 1473 1870 1545 βασανι-

291 1561 513 1633 στήριον
549 1562 648 1634 μὲν
701 1561 816 1616 ἔστι
860 1564 954 1617 καὶ⁸
986 1563 1362 1634 κολαστήριον,
1393 1564 1494 1616 οὐκ
1534 1561 1749 1616 αἰώνιον
1789 1563 1864 1627 δὲ,

286 1651 411 1707 οὔτε
467 1655 779 1728 ἀγέννητον,
833 1657 947 1710 ἀλλ’
993 1657 1214 1730 ὕστερόν
1262 1675 1391 1712 ποτε
1451 1658 1864 1730 γεγεννημένον,

287 1745 385 1816 ὀψέ
410 1764 537 1802 ποτε
567 1749 953 1820 πεποιημένον,
977 1751 1097 1804 ἀντὶ
1132 1752 1424 1822 φαρμάκου
1465 1751 1560 1805 καὶ
1589 1750 1867 1822 βοηθήμα-

286 1857 379 1904 τος
403 1842 516 1906 τοῖς
537 1842 931 1914 ἡμαρτηκόσιν.
989 1844 1154 1914 Ίερα“ι
1190 1844 1298 1915 γὰρ
1331 1844 1388 1896 αἱ
1417 1843 1698 1914 μάστιγες,
1729 1844 1866 1916 φάρη

289 1951 466 2004 μακον
514 1929 667 1988 οὖσαι
717 1935 825 1989 τῶν
874 1937 1270 2009 ἡμαρτηκότων
1300 1953 1314 1966 °
1376 1936 1516 2008 ἱεραὶ
1559 1937 1616 1990 αί
1659 1936 1866 2007 πληγαὶ

286 2025 609 2099 βοηθήματα
637 2027 1001 2099 τυγχάνουσαι
1035 2029 1143 2082 τῶν
1175 2028 1486 2098 σφαλέντων
1505 2043 1519 2058 ·
1549 2029 1611 2082 οὐ
1638 2029 1747 2099 γὰρ
1781 2028 1865 2081 ἵνα

284 2112 390 2174 ὦσι
423 2121 585 2174 κακοὶ
629 2122 685 2175 αἱ
724 2121 928 2192 πληγαὶ
969 2121 1290 2190 γεγόνασιν,
1324 2120 1438 2174 ἀλλ’
1473 2121 1620 2185 ὅπως
1657 2121 1732 2192 μὴ
1763 2115 1864 2174 ὦσι

285 2213 452 2266 κακοὶ
509 2213 796 2282 γεγόνασιν
851 2215 905 2267 αἱ
967 2215 1258 2284 μάστιγεςο
1288 2213 1615 2284 λυπούμενοι
1657 2213 1765 2284 γάρ
1796 2216 1862 2284 τῇ

286 2305 470 2376 πληγῇ
507 2306 556 2358 οἱ
599 2306 757 2359 κακοὶ
786 2308 850 2377 τῇ
887 2306 1108 2377 μάστιγι
1137 2305 1418 2360 κολοϐοῦσι
1442 2305 1510 2359 τὰ
1560 2305 1736 2359 κακά’
1776 2304 1866 2358 διὰ

283 2397 445 2452 τοῦτο
477 2397 598 2451 οὐδὲ
641 2397 740 2462 τὰς
771 2397 1040 2462 ἀϐύσσους
1085 2399 1447 2470 μεμφόμεθαο
1479 2397 1592 2452 ἀλλ’
1620 2396 1861 2468 οἴδαμεν,

283 2488 370 2542 ὅτι
397 2487 814 2558 βασανιστήριον
837 2487 930 2540 καὶ
967 2488 1320 2560 κολαστήριον
1345 2491 1619 2560 γεγόνασι,
1650 2509 1862 2562 σωφρο-

282 2578 480 2649 νισμὸς
511 2577 620 2631 τῶν
650 2577 1047 2650 ἡμαρτηκότων
1076 2582 1461 2650 τυγχάνουσαι.

361 2671 421 2723 Et
449 2669 505 2722 δὲ
527 2672 940 2743 βασανιστήριον
963 2673 1054 2726 καὶ
1083 2673 1512 2746 στρεϐλωτήριον
1538 2677 1572 2747 ὴ
1606 2674 1862 2740 ἄϐυσσος,

286 2759 672 2833 στρεϐλοῦνται
714 2761 770 2816 δὲ
805 2764 898 2817 καὶ
941 2763 1320 2834 βασανίζονται
1375 2769 1424 2820 οί
1475 2766 1746 2838 δαίμονες,
1772 2766 1865 2820 καὶ

281 2854 386 2924 τὴν
417 2854 603 2908 οὐσίαν
652 2853 865 2926 ἔχουσιν
913 2855 1125 2926 εὐπαθῆ
1161 2858 1298 2928 πρὸς
1349 2857 1416 2910 τά
1449 2858 1862 2930 βασανιστήρια,

281 2946 384 3001 καὶ
408 2945 658 3001 δύνανται
701 2947 843 3018 ἔχειν
880 2950 975 3002 καὶ
1014 2948 1302 3019 ἀλγηδόνα,
1335 2950 1644 3006 ὑπόκεινται
1670 2951 1760 3003 καὶ
1786 2967 1862 3002 τι-

1943 479 2034 521 se
2077 464 2370 521 consumit.
2435 461 2572 518 Ecce
2627 476 2765 532 aqua
2827 475 2937 513 non
2984 458 3211 512 inundat
3276 458 3540 528 seipsam,

1974 571 2093 625 qua:
2127 555 2232 610 alia
2278 554 2545 609 inundare
2587 553 2745 615 solet,
2805 566 2864 607 se
2889 565 3017 604 vero
3053 550 3168 620 ipsa
3195 564 3304 602 non
3338 557 3540 618 potest.

1973 647 2113 703 Ecce
2149 662 2263 713 aer,
2288 646 2611 716 refrigerare
2647 661 2706 699 se
2737 644 2852 714 ipse
2891 658 2998 697 non
3032 648 3244 712 potest,
3281 641 3542 711 quoniam

1973 755 2132 796 omne
2177 740 2323 812 quod
2372 739 2505 794 facit
2545 746 2600 794 et
2629 737 2860 802 cruciat,
2905 733 3050 788 aliud
3075 732 3202 804 quid
3237 733 3448 786 cruciat
3489 740 3544 785 et

1973 829 2162 887 dolore
2194 831 2377 886 allicit.
2433 831 2490 884 Si
2528 837 2708 884 autem
2741 829 2974 900 abyssus
3000 827 3210 881 cruciat
3250 833 3304 879 et
3343 824 3543 878 daemo-

1975 938 2074 978 nes
2117 923 2436 978 cruciantur
2462 922 2529 976 ab
2558 922 2674 992 ipsa
2711 921 2930 992 abysso,
2965 926 3156 990 estque
3195 919 3429 990 abyssus
3459 917 3542 971 lo-

1973 1031 2074 1071 cus
2101 1023 2532 1080 tormentorum;
2566 1019 2889 1082 torquentur
2922 1012 3067 1066 enim
3105 1011 3398 1073 daemones,
3430 1025 3541 1065 non

1967 1106 2078 1178 jam
2110 1113 2434 1176 torquentur
2463 1121 2493 1158 a
2535 1104 2722 1168 simili,
2756 1102 2848 1158 sed
2885 1102 2972 1155 alii
3016 1117 3139 1156 cum
3173 1103 3302 1166 sint,
3344 1103 3412 1156 ab
3434 1103 3542 1156 alio

1973 1207 2342 1270 torquentur;
2378 1211 2487 1250 non
2518 1197 2583 1248 ah
2617 1195 2717 1249 hac
2763 1202 2956 1248 natura
2989 1209 3164 1263 neque
3210 1194 3538 1257 substantia.

1969 1308 2077 1364 qua
2102 1291 2311 1346 scilicet
2334 1288 2607 1343 dazmones
2636 1299 2763 1342 sunt
2794 1305 2806 1341 :
2845 1286 3070 1351 alterius
3098 1285 3241 1340 enim
3281 1286 3542 1341 substan-

1972 1386 2058 1439 tias
2081 1392 2165 1439 est
2209 1383 2461 1454 abyssus.
2509 1379 2686 1449 Atque
2730 1394 2852 1434 esse
2891 1378 3108 1450 quidem
3157 1377 3431 1434 daemones
3462 1377 3542 1434 al-

1969 1477 2139 1532 terius
2160 1474 2376 1546 generis
2411 1488 2474 1528 ac
2499 1471 2820 1527 substantiae
2845 1480 3038 1541 praeter
3079 1471 3260 1542 abyssi
3293 1471 3542 1526 substan-

1968 1569 2121 1632 tiam,
2147 1567 2280 1622 satis
2306 1583 2372 1622 ex
2403 1566 2470 1620 iis
2497 1579 2618 1634 qua:
2667 1564 2815 1618 dicta
2847 1571 3005 1627 sunt,
3038 1564 3386 1634 perspicitur.
3419 1562 3540 1634 Ipsa

1970 1674 2097 1713 vero
2138 1658 2369 1729 abyssus
2404 1657 2557 1711 locus
2599 1663 2684 1710 est
2720 1664 3112 1710 tormentorum
3142 1670 3206 1710 ac
3245 1655 3542 1726 supplicio-

1966 1769 2109 1814 rum,
2136 1768 2242 1806 non
2275 1761 2455 1804 tamen
2488 1759 2747 1811 aeternus,
2766 1764 2866 1804 nec
2902 1749 3174 1819 ingenitus
3202 1767 3216 1815 ;
3254 1749 3347 1804 sed
3385 1753 3539 1818 post-

1965 1861 2028 1901 ea
2059 1845 2177 1911 fuit,
2208 1857 2330 1899 sero
2374 1841 2589 1896 tandem
2631 1841 2808 1895 factus
2834 1880 2849 1904 ,
2909 1848 2966 1894 ut
3003 1848 3146 1895 esset
3191 1839 3458 1894 medicina
3483 1846 3539 1894 et

1966 1953 2122 2009 Opem
2170 1935 2336 1991 ferret
2383 1933 2758 2004 peccantibus.
2815 1931 2997 1987 Sacrae
3045 1940 3175 1988 sunt
3224 1933 3391 2003 plagae
3419 1946 3542 2002 qua

1965 2039 2094 2087 sunt
2136 2027 2375 2083 remedia
2413 2033 2467 2080 et
2502 2025 2702 2079 auxilia
2749 2034 3092 2091 erratorum;
3143 2039 3250 2078 non
3291 2025 3434 2079 enim
3479 2033 3540 2080 ut

1967 2125 2077 2178 sint
2101 2120 2252 2182 mali,
2285 2118 2442 2173 facta:
2474 2126 2602 2173 sunt
2633 2117 2822 2188 plagae,
2850 2117 2943 2171 sed
2991 2126 3050 2170 ut
3084 2132 3192 2170 non
3239 2116 3349 2172 sint
3385 2114 3538 2186 mali,

1964 2215 2191 2270 verbera
2242 2212 2465 2267 inducta
2495 2219 2661 2276 sunt;
2696 2209 2824 2262 mali
2858 2209 3002 2264 enim
3045 2209 3232 2264 dolore
3258 2209 3537 2279 plagarum

1965 2313 2248 2378 amputant
2281 2314 2336 2360 et
2362 2305 2669 2375 praecidunt
2708 2303 2862 2357 vitia.
2889 2300 3098 2356 Idcirco
3121 2317 3229 2356 non
3259 2303 3540 2372 querimur

1963 2401 2031 2456 de
2081 2397 2330 2470 abyssis;
2385 2398 2520 2467 quin
2563 2395 2748 2466 potius
2800 2393 3090 2448 tormentis
3141 2400 3196 2448 et
3255 2393 3538 2463 suppliciis

1965 2501 2170 2556 scimus
2204 2497 2460 2571 castigari
2495 2512 2559 2552 ac
2598 2495 2803 2567 corrigi
2841 2509 2937 2551 eos
2973 2494 3068 2566 qui
3103 2494 3446 2565 deliquerunt

2037 2694 2092 2750 Si
2124 2705 2302 2751 autem
2334 2696 2568 2766 abyssus
2596 2701 2700 2758 est,
2752 2693 2843 2749 ubi
2890 2694 3165 2749 daemones
3216 2699 3540 2764 torquentur

1965 2795 2018 2842 et
2045 2788 2312 2856 supplicio
2343 2785 2676 2848 alliciuntur,
2710 2795 2762 2838 et
2805 2786 3164 2842 substantiam
3197 2785 3397 2840 habent
3419 2801 3540 2856 quae

1967 2878 2151 2932 subire
2181 2885 2358 2945 potest
2390 2886 2660 2931 tormenta
2693 2884 2747 2930 et
2785 2877 3025 2930 dolorem
3075 2877 3299 2941 sentire,
3328 2882 3382 2931 et
3409 2891 3538 2948 sup-

1966 2968 2124 3040 plicia
2165 2967 2458 3031 sustinent,
2499 2974 2553 3020 et
2582 2966 2783 3021 habent
2831 2967 3321 3022 remunerationem
3351 2980 3541 3036 paena-

285 3036 491 3107 μωρίᾳ,
510 3037 604 3089 καὶ
618 3037 899 3108 ἀντίληψιν
922 3037 1103 3109 ἔχουσι
1128 3039 1234 3093 τῶν
1254 3039 1545 3104 κολάσεων,
1575 3039 1691 3103 πῶς
1714 3040 1868 3109 άγέν.

1968 3036 2094 3112 rum
2135 3057 2334 3127 quibus
2377 3058 2711 3126 puniuntur,
2769 3056 3043 3128 quomodo
3095 3057 3366 3127 ingeniti?
3402 3073 3541 3126 quo-

284 3145 471 3199 νητοι;
509 3128 627 3192 πῶς
658 3129 777 3196 ἀεί;
834 3129 951 3193 πῶς
1001 3130 1256 3184 οὐδέποτε
1305 3131 1564 3202 ἧρξαντος
1615 3131 1732 3195 πῶς
1774 3132 1866 3202 ἀφ’

283 3220 496 3274 ἑαυτῶν
523 3223 660 3276 εἰσιν
692 3222 742 3274 οἱ
766 3221 839 3292 μὴ
871 3221 1138 3288 ἀπαθεῖς;
1166 3225 1214 3277 οἱ
1247 3222 1437 3277 παθεῖν
1460 3223 1740 3294 δυνάμενοι
1773 3224 1868 3276 καὶ

282 3309 662 3381 τιμωρηθῆναι
706 3310 1013 3380 ίσχύοντες;
1043 3311 1297 3365 οὐδέποτε
1334 3311 1443 3383 γὰρ
1474 3313 1535 3364 τὸ
1573 3313 1866 3382 ἀγέννητον

281 3399 435 3453 οὐδὲν
461 3402 727 3463 πείσεται,
759 3402 879 3454 οὐδὲ
913 3401 1017 3455 ὐπὸ
1048 3419 1192 3465 τινος
1237 3403 1717 3474 τιμωρηθήσεται·
1751 3403 1866 3457 ἀλλ’

282 3492 378 3560 ἀφ’
410 3492 600 3546 ἑαυτοῦ
621 3492 924 3564 ἀρξάμενον
954 3494 1130 3564 ἑαυτῷ
1147 3493 1318 3564 μένει,
1343 3496 1437 3548 καὶ
1459 3496 1533 3568 μὴ
1561 3497 1653 3566 ἀφ’
1678 3497 1865 3568 ἑτέρου

281 3583 574 3656 δεξάμενον
613 3587 711 3656 τὴν
738 3587 933 3657 ἀρχὴν,
974 3586 1094 3639 οὐδὲ
1129 3586 1221 3655 ἀφ’
1252 3586 1438 3657 ἐτέρου
1469 3588 1568 3660 τὴν
1597 3587 1867 3660 τιμωρίαν

282 3677 580 3749 λαμϐάνειο
607 3677 699 3730 καὶ⁸
727 3677 800 3747 μὴ
831 3676 1268 3747 ἐπιγραφόμενον
1298 3678 1389 3731 τὸν
1422 3680 1592 3732 αἴτιον
1623 3681 1720 3733 οὐκ
1751 3682 1868 3733 ἐπι-

283 3771 627 3842 γραφήσεται
676 3768 767 3822 τὸν
796 3767 1096 3832 κολάζοντα
1116 3784 1128 3797 ·
1163 3770 1256 3822 καὶ
1298 3770 1358 3822 οὐ
1390 3770 1707 3841 κριθήσεται
1738 3774 1866 3842 παρ’

283 3861 473 3935 ἑτέρου
535 3861 609 3932 μὴ
641 3862 770 3932 παρ’
799 3861 985 3932 ἐτέρου
1022 3860 1326 3932 ἀρξάμενον
1352 3878 1365 3891 ·
1417 3863 1509 3915 καὶ
1533 3863 1594 3916 οὐ
1631 3863 1868 3935 φοβηθή-

284 3973 439 4010 σεται
467 3954 656 4008 οὐδένα
707 3955 836 4025 παρ’
866 3953 1077 4017 οὐδενὸς
1114 3954 1174 4006 τὸ
1220 3950 1360 4007 εἶναι
1381 3955 1628 4027 εἰληφός.
1659 3957 1724 4009 Τί
1757 3958 1867 4029 γὰρ

285 4047 382 4102 καὶ
427 4044 815 4117 φοϐηθήσεται,
849 4046 897 4098 εί
951 4043 1162 4098 τελείαν
1202 4045 1302 4118 τὴν
1355 4045 1611 4100 σύστασιν
1644 4045 1788 4118 ἔχει;
1817 4050 1866 4101 εἰ

283 4137 492 4192 τέλειον
513 4137 606 4191 τὸν
649 4135 1022 4207 ἀπαρτισμόν;
1067 4138 1115 4190 εί
1155 4137 1247 4207 ἀφ’
1281 4137 1474 4191 ἑαυτοῦ
1510 4139 1864 4210 ἀπήρτισται,

286 4231 382 4286 καὶ
408 4228 584 4300 ἑαυτῷ
604 4230 909 4301 ﬁgunt-at;
938 4231 1004 4284 τὰ
1031 4230 1139 4302 γὰρ
1170 4230 1440 4301 δυνάμενα
1467 4230 1579 4303 (ll)
1619 4231 1866 4304 παθητὴν

285 4323 433 4395 ἔχειν
489 4321 587 4393 τὴν
641 4321 908 4393 ἁρμονίαν
959 4321 1202 4391 φοϐεῖται
1247 4322 1338 4376 τὸν
1374 4322 1671 4395 δυνάμενον
1702 4343 1866 4397 μετα-

288 4416 465 4467 ποιεῖν
492 4411 591 4477 τάς
617 4412 881 4483 ἁρμονίας
904 4429 916 4443 ·
947 4412 1006 4466 τὸ
1057 4412 1349 4484 δυνάμενον
1397 4413 1587 4467 παθεῖν
1623 4417 1865 4485 φοϐεῖται
1898 4412 1942 4472 D

285 4507 380 4561 τὸν
409 4505 636 4577 δρῶντα.
666 4505 730 4558 El
760 4504 816 4557 δὲ
842 4504 1128 4574 φοϐοῦνται
1157 4507 1206 4558 οἱ
1231 4506 1480 4576 δαίμονες
1502 4508 1594 4561 καὶ
1614 4508 1864 4564 δύνανται

289 4599 506 4662 παθεῖν,
541 4599 641 4652 οὐκ
691 4598 972 4668 ἁγέννητοί
1003 4601 1136 4650 εἰσιο
1178 4600 1238 4652 τὸ
1266 4600 1372 4672 γὰρ
1403 4601 1694 4676 ἀγέννητον
1725 4605 1868 4660 ἀπα-

287 4690 403 4754 θὲς,
440 4690 533 4744 καὶ
579 4690 638 4742 οὐ
674 4687 895 4743 δύναται
950 4689 1161 4753 παθεῖν,
1214 4689 1316 4757 ἔξω
1364 4693 1462 4764 τῆς
1507 4694 1720 4763 φύσεως
1756 4697 1865 4750 τῶν

287 4783 562 4859 γεννητῶν
584 4783 846 4854 ὑπάρχον.

371 4883 487 4935 Ὀτι
520 4881 576 4934 δὲ
617 4879 969 4944 ἱκετεύουσιν,
996 4882 1053 4932 ὲν
1096 4881 1344 4954 αἰσθήσει
1382 4884 1508 4945 εἰσὶ,
1547 4885 1640 4939 καὶ
1669 4886 1870 4940 οἴδασιν

288 4979 321 5030 ὅ
365 4977 506 5028 alar
557 4975 656 5027 καὶ
693 4974 919 5040 οἴδασιν,
968 4975 1048 5027 ὅτι
1094 4973 1345 5028 δύνανται
1391 4977 1611 5030 παθεῖν·
1653 4979 1714 5031 οὐ
1762 4979 1870 5052 γὰρ

293 5068 570 5140 ἠγνόησαν
596 5067 821 5131 ἑαυτούς
839 5084 852 5096 ·
889 5067 990 5120 οὐκ
1021 5067 1249 5131 ἀπαθεῖς
1275 5070 1498 5132 ἑαυτοὺς
1524 5069 1834 5139 ὲλογίσαντο
1853 5089 1866 5102 ·

291 5160 355 5214 τὸ
373 5160 430 5212 δὲ
465 5159 660 5213 εἰδέναι
704 5157 824 5212 τινὰ
855 5157 1046 5211 ἑαυτὸν
1072 5159 1166 5212 καὶ
1207 5158 1280 5231 μὴ
1307 5159 1654 5230 ἠγνοηκέναι,
1681 5161 1872 5232 αἰσθή-

202 5310 208 5316 _
295 5249 439 5312 σεώς
461 5250 576 5301 ἐστι
617 5247 881 5319 σύμϐολον
916 5248 1010 5301 καὶ
1049 5252 1291 5318 σημεῖον.
1326 5251 1388 5303 Εἰ
1421 5249 1466 5302 δ’
1498 5251 1577 5304 ὅτι
1606 5251 1742 5304 εἰσὶν
1781 5254 1870 5304 εὐ-

201 5321 214 5382 ἶ
294 5341 491 5405 παθεῖς
515 5341 842 5407 ἐδειλίασαν,
871 5343 965 5396 καὶ
989 5341 1290 5406 δειλιῶντες
1317 5343 1622 5407 ἱκέτευσαν,
1646 5345 1740 5398 καὶ
1769 5344 1872 5398 ἱκέ·

293 5452 453 5490 τευον
489 5434 579 5488 τὸν
622 5435 916 5506 δυνάμενον
937 5452 950 5465 ·
978 5435 1079 5488 οὐκ
1111 5435 1383 5507 ἠγνόησαν
1416 5436 1507 5490 τὸν
1553 5437 1828 5508 ίχνεύοντα
1854 5455 1866 5467 ’

1970 3149 2133 3204 modo
2178 3149 2436 3218 semper?
2467 3151 2741 3218 quomodo
2771 3163 3044 3217 nunquam
3077 3163 3200 3203 esse
3221 3147 3540 3218 coeperunt?

1969 3242 2241 3312 quomodo
2265 3257 2330 3296 ex
2358 3258 2420 3298 se
2450 3249 2599 3305 sunt,
2633 3241 2726 3310 qui
2754 3239 3084 3310 impatibiles
3113 3255 3220 3292 nou
3244 3247 3395 3302 sunt,
3443 3238 3537 3308 qui

1969 3333 2077 3401 pati
2114 3340 2364 3402 possunt,
2403 3333 2495 3404 qui
2540 3337 2770 3402 possunt
2809 3327 3026 3398 puniri?
3052 3327 3348 3398 ingenitum
3391 3325 3539 3382 enim

1969 3424 2105 3478 nihil
2159 3439 2397 3495 unquam
2430 3425 2556 3477 mali
2588 3420 2914 3485 sustinebit,
2967 3432 3066 3473 nec
3107 3419 3177 3473 ab
3209 3417 3316 3472 ullo
3348 3416 3538 3488 punie-

1966 3527 2074 3574 tur.
2117 3517 2258 3585 Quin
2289 3518 2468 3589 potius
2521 3532 2551 3571 a
2600 3517 2784 3587 seipso
2843 3513 3171 3585 principium
3203 3511 3411 3567 ducens
3453 3524 3540 3567 se-

1967 3609 2088 3680 ipso
2125 3609 2406 3672 consistit,
2451 3615 2504 3664 et
2539 3623 2647 3662 uon
2678 3607 2746 3661 ah
2777 3605 2952 3660 altero
2983 3611 3222 3674 emptum
3272 3611 3357 3658 est
3383 3641 3398 3665 ,
3438 3615 3540 3658 nec

1967 3702 2038 3757 ab
2084 3702 2256 3755 altero
2302 3699 2628 3770 supplicium
2678 3698 2820 3764 fert;
2856 3704 2910 3752 et
2946 3697 3036 3752 cui
3067 3710 3177 3751 non
3229 3695 3537 3765 assignatur

1968 3800 2180 3856 auctor,
2213 3808 2322 3846 non
2356 3791 2728 3860 assignabitur
2749 3789 2982 3856 vindex;
3016 3796 3070 3844 et
3098 3804 3204 3844 non
3260 3787 3537 3859 judicabi-

1967 3893 2057 3937 tur
2081 3883 2150 3939 ab
2185 3884 2380 3946 altero,
2413 3882 2506 3952 qui
2536 3882 2604 3936 ab
2629 3882 2800 3936 altero
2824 3895 2931 3934 non
2957 3885 3042 3934 est
3075 3885 3322 3946 emptus;
3353 3890 3417 3929 ac
3440 3890 3538 3929 ne—

1966 3975 2167 4030 minem
2199 3981 2421 4037 metuet,
2444 3972 2535 4042 qui
2567 3987 2596 4026 a
2626 3972 2842 4027 nemine
2871 3969 3078 4040 accepit
3111 3978 3169 4022 ut
3200 3975 3366 4022 esset.
3398 3965 3539 4032 Quid

1906 4077 1928 4102 ο
1967 4065 2113 4121 enim
2157 4072 2382 4129 metuet,
2419 4063 2464 4120 si
2505 4064 2560 4117 in
2609 4061 2941 4133 perfectione
2973 4057 3262 4115 consistit?
3315 4056 3360 4111 si
3418 4070 3539 4126 per-

1968 4157 2164 4212 fectam
2205 4153 2731 4210 consummationem
2764 4152 2961 4207 habet?
3017 4150 3063 4206 si
3107 4164 3138 4203 a
3181 4163 3240 4203 se
3283 4160 3540 4202 consum-

1969 4257 2148 4302 matus
2175 4247 2300 4302 est?
2348 4247 2392 4300 si
2440 4245 2622 4313 seipso
2655 4243 2911 4314 aptatus?
2943 4255 3176 4313 quorum
3209 4239 3353 4294 enim
3389 4245 3540 4307 apta-

1966 4340 2045 4393 tio
2087 4339 2482 4394 incommodari
2513 4344 2714 4408 potest,
2757 4336 2950 4390 timent
3004 4347 3128 4389 eum
3153 4371 3170 4397 ,
3204 4330 3299 4400 qui
3352 4337 3540 4398 aptare

1971 4413 2151 4502 putest
2177 4449 2191 4485 :
2223 4430 2367 4500 quod
2399 4436 2577 4500 potest
2598 4428 2738 4483 tnale
2761 4426 2920 4490 allici,
2942 4426 3098 4480 timet
3127 4423 3269 4479 male
3298 4420 3537 4475 allicien-

1971 4532 2102 4578 tem.
2143 4521 2202 4576 Si
2235 4529 2414 4576 autem
2449 4523 2642 4577 timent
2679 4520 2954 4575 daemones
2976 4555 2992 4581 ,
3040 4521 3095 4571 et
3131 4519 3362 4584 possunt
3399 4511 3540 4564 male

1975 4613 2134 4679 allici,
2165 4629 2272 4667 non
2305 4623 2433 4668 sunt
2460 4613 2685 4685 ingeniti
2713 4630 2726 4666 :
2762 4611 2906 4680 quod
2929 4608 3072 4663 enim
3106 4604 3402 4676 ingenitum
3429 4609 3536 4666 est,

1973 4705 2274 4776 impatibile
2299 4712 2416 4772 est;
2456 4713 2510 4759 et
2549 4720 2656 4758 non
2699 4709 2876 4773 poteSL
2906 4699 3040 4772 pati,
3081 4697 3226 4770 quod
3257 4705 3410 4752 extra
3441 4699 3540 4749 na-

1974 4808 2151 4854 turam
2187 4797 2492 4868 'genitorum
2526 4805 2629 4852 est.

2041 4889 2197 4956 Quod
2219 4897 2398 4945 autem
2433 4889 2768 4959 supplicant,
2800 4885 2856 4940 in
2886 4899 3052 4941 sensu
3088 4887 3238 4949 sunt,
3257 4887 3310 4936 et
3333 4877 3536 4942 sciunt,

1972 4981 2102 5054 quid
2130 4983 2270 5047 sint,
2313 4982 2539 5052 etquod
2573 4995 2762 5052 paruas
2790 4980 3062 5036 sustinere
3112 4979 3381 5046 possunt;
3428 4985 3539 5026 non

1970 5073 2117 5130 enim
2146 5089 2204 5128 se
2235 5073 2651 5144 ignorarerunt;
2681 5087 2791 5127 non
2826 5086 2886 5126 se
2924 5068 3256 5141 impatibiles
3296 5079 3419 5120 esse
3446 5080 3539 5118 co-

1970 5165 2451 5236 gitaruntznosse
2490 5174 2670 5220 autem
2743 5163 2978 5233 aliquem
3029 5161 3267 5230 seipsum
3329 5165 3382 5210 et
3429 5169 3538 5208 non

1974 5258 2259 5328 ignorare,
2295 5258 2509 5328 signum
2560 5263 2644 5312 est
2689 5270 2885 5310 sensus
2914 5261 2968 5309 et
2997 5250 3281 5306 indicium.
3321 5245 3374 5300 Si
3412 5259 3541 5300 vero

1973 5349 2100 5418 quia
2125 5359 2284 5404 erant
2311 5349 2595 5420 patibiles,
2634 5347 3099 5409 lormidaverunt,
3134 5350 3190 5398 et
3239 5337 3540 5395 formidan-

1976 5446 2059 5495 tes
2095 5440 2572 5510 supplicaverunt,
2606 5446 2660 5494 et
2707 5437 3152 5508 supplicaverunt
3184 5433 3232 5489 ei
3268 5429 3360 5502 qui
3389 5435 3540 5499 pote-

370 5591 480 5668 (ῌ)
517 5591 598 5646 Τὰ
627 5590 737 5660 γὰρ
779 5591 926 5668 δυν.Δ
959 5589 1048 5645 Sic
1096 5591 1430 5668 reddendum
1458 5611 1469 5650 :
1504 5592 1608 5660 Qui
1661 5593 1990 5661 harmoniam
2038 5594 2344 5652 nautabilem
2384 5596 2558 5666 habet,
2612 5593 2916 5668 reformidat
2951 5607 3066 5648 eum
3097 5587 3187 5662 qui
3217 5593 3382 5658 potest
3411 5584 3539 5646 kar-

299 5663 506 5732 mout'ar
532 5673 734 5717 mutare
773 5673 863 5716 aut
891 5662 1176 5719 destruere.
1209 5661 1364 5730 Btsu,
