4072 6338
563 277 703 340 Ιιίθ

1713 280 1849 339 TITI
1891 280 2316 384 BOSTIIENSIS
2352 281 2632 340 EPISCOP

3665 276 3809 336 uas

564 403 686 464 rat;
720 411 829 452 non
866 397 1253 467 ignoraverunt
1276 413 1400 454 eum
1431 398 1521 470 qui
1570 398 1944 472 interrogabat
1970 420 1984 456 :
2015 403 2131 473 ipsa

2244 403 2370 475 zi'rr'q
2398 402 2508 473 γὰρ
2530 402 2564 471 ἡ
2600 399 2777 454 ἱκεσία
2809 396 2987 450 αὐτῶν
3031 397 3298 468 μαρτυρεῖ
3323 436 3335 460 ,
3361 393 3443 448 ὃτι
3469 393 3692 465 ᾔδεισαν
3716 394 3810 448 τδν

565 490 710 544 enim
742 489 1075 559 supplicatio
1104 496 1341 546 testatur
1373 493 1699 563 cognovisse
1739 508 1834 550 eos
1896 494 2132 551 interro-

567 588 806 650 gantem,
840 588 1004 649 atque
1028 595 1151 637 esse
1177 582 1395 652 quidem
1440 599 1499 639 se
1530 585 1815 655 patibiles,
1835 600 1947 641 non
1977 586 2131 658 igno-

566 679 861 737 raverunt;
889 689 1012 729 esse
1039 690 1168 729 vero
1205 675 1363 730 illum
1389 716 1404 741 ,
1446 678 1539 747 qui
1594 678 1990 750 interrogabat,
2025 679 2131 736 Do-

567 762 773 816 minum
815 772 869 817 et
897 779 1080 835 regem
1112 767 1486 824 universitatis
1516 784 1722 834 rerum,
1750 785 1816 825 ex
1852 771 2130 842 supplica-

569 852 718 907 tione
766 862 991 925 apparet
1038 856 1284 912 scivisse.
1320 856 1448 913 Haec
1488 857 1556 914 de
1604 860 1940 918 demonibus
1987 864 2132 918 dicta

570 952 719 1009 sunt,
745 951 804 998 ut
835 960 1011 1015 neque
1046 947 1114 1001 de
1140 945 1476 1005 daemonibus
1500 950 1796 1021 disputatio
1821 962 2059 1008 vacaret.

640 1034 879 1092 Possunt
907 1048 960 1093 et
985 1038 1098 1093 haec
1133 1037 1282 1104 addi,
1316 1048 1566 1094 naturam
1587 1056 1709 1098 esse
1737 1042 1841 1097 sibi
1874 1043 2129 1108 similem,

570 1128 814 1201 nihilque
835 1145 954 1185 eam
984 1144 1015 1184 a
1044 1146 1103 1186 se
1131 1130 1370 1188 diﬂ‘erre.
1406 1132 1546 1187 Ecce
1576 1133 1718 1204 ignis
1755 1141 1903 1191 totus
1938 1137 2133 1193 similis

455 1229 459 1233 '
573 1220 677 1275 sibi
700 1227 803 1284 est,
839 1235 949 1274 non
988 1219 1174 1275 minus
1203 1218 1415 1274 calidus
1459 1234 1625 1289 quam
1671 1221 1743 1275 sit
1772 1222 1921 1292 ipse,
1959 1238 2135 1293 neque

2234 494 2511 566 ίχνεύοντα
2532 492 2666 563 (15),
2691 491 2784 544 καὶ
2804 490 2887 542 ὅτι
2925 488 3023 558 μὲν
3051 484 3190 558 ἦσαν
3220 486 3477 548 εὐπαθεῖς
3507 485 3606 538 καὶ
3632 486 3813 557 meq-

2231 587 2314 641 τοὶ
2350 587 2449 641 οὐκ
2475 585 2778 656 ἠγνόησαν·
2809 583 2891 636 ὅτι
2915 580 2974 635 δέ
3000 581 3205 645 ἐκεῖνος
3227 575 3295 650 ἦν
3320 580 3349 633 6
3383 577 3610 649 ίχνεύων
3638 581 3668 632 6
3698 578 3815 631 Kri-

2236 656 2347 752 ριος
2372 679 2463 733 καὶ
2489 676 2739 748 βασιλεὺς
2761 674 2869 728 τῶν
2897 673 3255 745 πραγμάτων,
3287 671 3565 742 φαίνονται
3592 670 3683 724 διὰ
3712 671 3816 741 τῆς

2236 768 2444 834 ἱκεσίας
2501 766 2872 838 ἐπιστάμενοι.
2938 763 3047 817 Καὶ
3109 760 3281 815 ταῦτα
3346 762 3475 832 περὶ
3531 759 3818 829 δαιμόνων

2233 858 2734 929 κατεσκευάσαμεν,
2785 856 2873 910 ἴνα
2916 853 3051 926 μηδὲ
3105 855 3135 909 6
3173 852 3301 908 πεοὶ
3345 853 3617 907 δαιμόνων
3659 851 3818 922 ἀργῇ

2231 953 2407 1021 λόγόζ.

2232 1046 2251 1087 ι
2316 1042 2582 1113 Ἐγχωρεῖ
2606 1039 2716 1112 γὰρ
2751 1038 2845 1094 καὶ
2870 1036 3041 1091 ταῦτα
3075 1037 3445 1109 προστιθέναι,
3480 1038 3563 1092 ὅτι
3588 1039 3622 1107 ἡ
3646 1035 3824 1106 φύσις

2234 1134 2397 1203 ἑαυτῇ
2426 1130 2584 1203 ὁμοία
2611 1130 2748 1191 ἐστὶ,
2767 1130 2860 1183 καὶ
2876 1127 3127 1199 οὐδεμίαν
3151 1127 3413 1198 διαφορὰν
3441 1128 3577 1199 πρὸς
3604 1127 3825 1196 ἑαυτὴν

2234 1224 2365 1295 ἔχει.
2419 1223 2546 1276 Ἰδοὺ
2575 1222 2683 1295 γὰρ
2720 1219 2782 1274 τὸ
2812 1218 2923 1292 πῦρ
2948 1219 3086 1283 ὅλον,
3122 1219 3306 1290 ὅμοιον
3335 1218 3533 1290 ἐαυτῷ,
3568 1219 3670 1288 οὐχ
3714 1215 3825 1290 ἧτ-

572 1313 747 1383 magis
775 1330 789 1367 :
822 1328 930 1367 non
954 1312 1120 1367 habet
1148 1312 1270 1382 plus
1295 1318 1350 1366 et
1379 1311 1560 1367 minus
1590 1331 1602 1366 :
1637 1312 1693 1366 in
1731 1314 1942 1369 naturis
1989 1317 2134 1370 enim

574 1412 771 1458 vacant
803 1404 926 1470 plus
955 1410 1008 1458 et
1034 1403 1215 1458 minus
1243 1421 1256 1456 :
1292 1402 1383 1457 ubi
1405 1402 1550 1456 enim
1582 1413 1665 1457 est
1696 1404 1819 1472 plus
1846 1413 1901 1459 et
1929 1405 2132 1470 minus,

574 1509 684 1548 non
722 1501 805 1549 est
842 1501 1056 1559 natura,
1082 1493 1176 1549 sed
1209 1493 1455 1549 accessio
1481 1494 1800 1551 voluntatis.
1846 1494 1904 1549 Si
1955 1505 2134 1552 autem

2234 1331 2323 1368 τον
2350 1311 2538 1366 ἑαυτοῦ
2583 1310 2803 1384 θερμὸν,
2830 1308 2948 1363 οὐδὲ
2986 1308 3183 1380 μᾶλλον
3210 1307 3407 1363 ἑαυτοῦ
3430 1326 3442 1338 ·
3479 1309 3537 1361 οὐ
3578 1308 3643 1360 τὸ
3672 1308 3831 1378 μᾶλ-

2235 1405 2324 1459 λον
2346 1405 2441 1458 καὶ
2466 1404 2528 1457 τὸ
2558 1399 2719 1476 ἧττον
2754 1403 2863 1475 ἔχει
2882 1420 2896 1433 ·
2932 1405 2988 1456 ἐν
3020 1402 3127 1475 γὰρ
3154 1405 3276 1465 ταῖς
3304 1401 3490 1470 etiam
3517 1403 3579 1455 τὸ
3608 1401 3832 1472 μᾶλλον

2238 1495 2328 1548 καὶ
2355 1493 2416 1546 τὸ
2443 1488 2605 1565 ἦττον
2632 1493 2793 1564 ἀργεῖ
2809 1508 2823 1522 ’
2847 1492 2978 1545 ὅπου
3005 1490 3060 1544 δὲ
3084 1490 3280 1562 μᾶλλον
3302 1491 3396 1544 καὶ
3415 1485 3597 1561 ἦττον,
3626 1492 3691 1543 οὐ
3701 1491 3834 1542 κέτι

576 1584 644 1639 de
666 1583 1001 1638 daemonibus
1044 1583 1309 1653 scriptum
1348 1591 1453 1648 est,
1487 1584 1567 1640 ire
1621 1592 1676 1639 et
1723 1599 2006 1641 assumere
2049 1603 2136 1643 se-

2244 1584 2419 1655 φύσις,
2455 1583 2592 1638 ἀλλὰ
2630 1583 2996 1656 προαιρέσεως
3029 1582 3288 1646 ἐπίδοσις.
3324 1582 3387 1635 Ei
3411 1581 3467 1634 δὲ
3498 1582 3837 1653 γέγραπται

578 1680 724 1745 ptem
766 1674 903 1729 alios
945 1673 1171 1743 spiritus
1196 1675 1486 1745 nequiores
1511 1691 1572 1731 se
1600 1677 1659 1741 ';
1706 1684 1761 1730 et
1810 1684 2029 1747 apparet
2070 1693 2136 1733 ex

2244 1677 2332 1729 καὶ
2362 1677 2489 1748 περὶ
2509 1675 2798 1747 δαιμόνων,
2830 1676 2911 1729 ὅτι
2938 1675 3241 1753 ρέα-Ἡ.
3270 1673 3364 1727 καὶ
3390 1674 3836 1746 παραλαμϐάνει

579 1780 846 1828 sermone,
878 1781 1001 1821 esse
1026 1767 1420 1831 accessionem,
1452 1767 1579 1837 quia
1609 1767 1713 1823 hoc
1744 1775 1829 1824 est
1878 1785 2137 1840 nequam,

2244 1768 2379 1822 ἑπτὰ
2404 1768 2565 1840 ἔτερα
2587 1766 2872 1838 πνεύματα
2894 1753 3232 1839 πονηρότερα
3251 1764 3443 1820 ἑαυτοῦ
3466 1782 3480 1795 ·
3508 1769 3604 1821 καὶ
3626 1769 3841 1836 φαίνε-

575 1856 709 1914 iilud
743 1872 869 1912 vero
924 1858 1185 1929 nequius,
1245 1857 1547 1914 diﬁ‘erentia
1599 1860 1854 1930 nequitiae
1908 1869 2011 1916 est.
2047 1860 2142 1917 Ubi

2244 1879 2329 1915 ται
2357 1864 2422 1915 ἐκ
2453 1860 2546 1914 τοῦ
2578 1860 2735 1930 λόγου
2769 1860 3027 1925 ἐπίδοσις,
3052 1859 3223 1914 ὅτιτὸ
3257 1861 3353 1930 μὲν
3390 1859 3643 1931 πονηρὸν,
3672 1861 3751 1912 τὸ
3775 1860 3841 1913 δὲ

575 1958 660 2004 est
708 1956 902 2003 natura
955 1964 1066 2004 non
1115 1950 1218 2005 sibi
1268 1951 1503 2017 similis,
1564 1951 1609 2006 si
1643 1951 1950 2007 diﬂ'erentia
1992 1969 2147 2023 repe-

576 2044 719 2098 ritur
746 2043 801 2097 in
831 2043 1109 2113 nequitia;
1140 2055 1193 2099 et
1218 2042 1522 2099 differentia
1553 2045 1870 2110 voluntatis,
1906 2061 2014 2101 non
2047 2061 2145 2100 na-

580 2145 716 2191 turae
737 2136 895 2192 testis
923 2136 1045 2191 est?
1098 2135 1177 2190 Ac
1225 2137 1293 2193 de
1339 2136 1426 2191 bis
1473 2136 1691 2207 quidem
1750 2138 1887 2194 satis
1935 2137 2143 2193 dictum

580 2226 670 2281 sit.

3088 1745 3239 1755 Μ

2242 1954 2619 2026 πονηρότερον,
2650 1952 2879 2023 διαφορὰ
2907 1952 3190 2023 πονηρίας.
3227 1949 3337 2004 Ποῦ
3378 1950 3491 2004 ἐστι
3529 1950 3700 2020 φύσις
3752 1951 3839 2023 μὴ

2240 2041 2374 2099 οὖσα
2411 2045 2571 2116 ὁμοία
2604 2046 2790 2115 ἑαυτῇ.
2824 2044 3085 2115 διαφορᾶς
3125 2046 3182 2098 ἐν
3216 2044 3449 2115 πονηρίᾳ
3487 2044 3838 2115 εὑρισκομέ-

2242 2154 2361 2208 vna,
2393 2139 2487 2192 καὶ
2525 2140 2625 2210 τῆς
2664 2138 2924 2209 διαφορᾶς
2972 2137 3350 2208 μαρτυρούσης
3381 2140 3445 2208 τῇ
3496 2136 3843 2207 προαιρέσει

2240 2231 2336 2283 καὶ
2372 2228 2446 2301 μὴ
2476 2232 2544 2301 τῇ
2576 2228 2772 2298 φύσεις
2806 2229 2958 2293 ’Ἅλις
2982 2229 3079 2300 μὲν
3110 2228 3218 2282 τῶν
3248 2228 3501 2283 τοιούτων
3526 2229 3737 2298 λόγων.

578 2335 705 2391 Car.
746 2334 983 2391 XXXIII.
1039 2334 1266 2390 Manetis
1303 2336 1408 2392 duo
1453 2338 1715 2409 principia
1771 2340 2003 2465 ingenita
2027 2351 2335 2465 feriarum;
2365 2341 2545 2466 Matii:
2592 2341 2790 2408 Salan,
2842 2342 2983 2398 Deus
3027 2342 3212 2398 bonus.
3248 2342 3490 2414 Aposluli
3524 2342 3842 2413 aliquando

1953 2428 2061 2466 om.
2084 2431 2114 2466 a
2142 2429 2295 2466 unum
2339 2431 2369 2466 ο
2399 2431 2483 2466 ma
2509 2431 2547 2466 ι.

1953 2428 2061 2477 om,
2084 2428 2369 2484 aliquando
2399 2428 2547 2468 mau.

648 2521 1041 2592 Aggrediemur
1068 2520 1325 2592 deinceps
1347 2531 1712 2578 commentum
1743 2524 1979 2595 primum
2003 2526 2139 2582 isto-

580 2629 701 2668 rum
738 2614 930 2668 fabula:
957 2629 1253 2685 exponere,
1283 2622 1338 2670 et
1375 2613 1845 2673 confutationibus
1871 2618 2137 2673 refellere.

2326 2527 2789 2599 Ἐπιχειρήσωμεν
2821 2526 2877 2580 δέ
2899 2526 2991 2580 καὶ
3016 2526 3115 2597 τὴν
3160 2525 3476 2597 μυθοποιίαν
3511 2524 3691 2578 αὐτῶν
3725 2524 3843 2596 τὴν

2247 2618 2468 2691 πρώτην
2499 2616 2933 2689 ὑφηγησάμενοι,
2956 2619 3064 2680 τοῖς
3096 2617 3574 2678 ἀνασκευαστικοίς
3598 2617 3843 2686 χρησώ-

583 2704 804 2770 Malum,
836 2706 1031 2777 inquit,
1062 2712 1215 2772 erat,
1265 2714 1322 2762 et
1371 2706 1672 2777 ingenitum
1701 2718 1854 2764 erat:
1896 2717 2012 2764 erat
2046 2725 2142 2763 au-

2253 2711 2391 2782 μεθα
2435 2709 2632 2778 λόγοις.
2675 2708 2879 2783 Κακία,
2920 2707 3104 2778 φησὶν,
3139 2703 3227 2778 ἦν,
3260 2707 3355 2759 καὶ¹
3395 2706 3681 2775 ἀγέννητος
3717 2701 3838 2775 ἦν’

581 2805 688 2853 tem
737 2804 790 2853 et
820 2796 963 2854 Deus
991 2798 1209 2862 bonus.
1252 2806 1307 2853 et
1365 2797 1539 2854 divisa
1588 2798 1708 2852 loca
1757 2798 2142 2869 habitationis,

2246 2799 2314 2874 ἦν
2340 2801 2396 2856 δέ
2422 2803 2514 2855 καὶ
2544 2804 2572 2855 ὁ
2597 2800 2798 2869 ἀγαθὸς
2826 2799 2975 2864 Θεὸς,
3001 2799 3092 2851 καὶ
3125 2797 3512 2869 μεμερισμένοι
3538 2797 3689 2849 τόποι
3719 2799 3843 2868 τῆς

579 2895 635 2944 et
667 2895 892 2958 uterque
916 2887 1059 2959 apud
1090 2903 1150 2945 se
1200 2889 1269 2944 ab
1300 2888 1469 2946 altero
1523 2889 1848 2959 seiunctus:
1886 2906 1950 2947 ac
1986 2908 2142 2962 sepa-

2246 2895 2510 2967 οίκήσεως
2531 2910 2543 2924 ·
2571 2894 2662 2947 καὶ
2682 2891 2938 2965 ἑκάτερος
2960 2891 3081 2946 καθ’
3108 2890 3297 2945 ἑαυτὸν
3318 2890 3412 2943 τοῦ
3435 2889 3612 2961 ἐτέρου
3636 2890 3845 2961 ἁπηλο

581 2986 736 3034 ratus
768 2978 985 3050 quidem
1015 2979 1160 3036 Deus
1187 2996 1218 3035 a
1247 2982 1392 3036 malo
1418 2999 1432 3049 ;
1489 2991 1778 3053 separatus
1808 2985 1936 3041 item
1964 2999 1995 3038 a
2034 2985 2142 3041 Deo

2246 2986 2549 3058 λαγμένος’
2606 2985 2700 3040 καὶ
2727 2985 3004 3056 ἀφώριστο
3051 2984 3148 3056 μὲν
3206 2983 3404 3047 κακίας
3448 2985 3477 3037 6
3511 2982 3668 3045 Θεός·
3711 2983 3827 3052 ἀφ-

584 3071 834 3141 princeps
869 3071 999 3126 mali
1031 3091 1045 3126 :
1075 3080 1129 3128 et
1178 3080 1404 3143 uterque
1452 3075 1594 3146 apud
1628 3091 1687 3131 se
1716 3084 1875 3141 erat,
1918 3087 2142 3146 uterque

2250 3079 2451 3151 ὡριστο
2476 3078 2533 3131 δὲ
2570 3079 2663 3132 καὶ
2685 3079 2713 3131 6
2732 3078 2831 3147 τῆς
2847 3076 3044 3138 κακίας
3059 3076 3238 3147 ἄρχων
3252 3074 3346 3127 τοῦ
3369 3074 3503 3128 Θεοῦ
3520 3091 3532 3103 ·
3564 3075 3661 3127 λαὶ
3683 3076 3833 3129 ἐκά-

584 3159 698 3213 suis
720 3159 1022 3229 imperabat
1060 3168 1116 3216 et
1148 3162 1487 3232 gubernabat
1510 3203 1526 3228 ,
1574 3174 1634 3219 ut
1670 3174 1835 3221 natus
1878 3174 1932 3221 et
1988 3177 2142 3239 aptus

2246 3188 2402 3243 τερος
2427 3170 2547 3223 καθ’
2576 3169 2764 3223 ἑαυτὸν
2788 3164 2856 3241 ἦν
2874 3185 2888 3199 ·
2919 3169 3011 3223 καὶ
3029 3164 3198 3240 ἦρχεν
3222 3169 3479 3239 ἑκάτερος
3500 3167 3608 3221 τῶν
3638 3168 3795 3222 ἰδίων
3815 3187 3829 3198 ·

583 3259 740 3305 erat:
772 3251 947 3307 malus
980 3252 1195 3322 quidem
1231 3255 1403 3319 male,
1454 3255 1631 3313 bonus
1661 3272 1791 3313 vero
1819 3258 1989 3327 bene;
2040 3276 2142 3315 ma-

2249 3262 2342 3316 καὶ
2369 3261 2633 3333 ᾠκονόμει
2662 3261 2736 3324 ὡς
2758 3260 3052 3331 ἐπεφύκει·
3086 3263 3114 3314 6
3142 3260 3240 3331 μὲν
3278 3259 3445 3324 κακὸς
3476 3258 3683 3323 κακῶς,
3710 3262 3747 3312 6
3771 3259 3836 3315 δὲ

587 3341 672 3397 lus
696 3356 898 3398 nocens
925 3351 979 3399 et
1001 3344 1116 3400 suis
1141 3344 1306 3400 rebus
1334 3362 1561 3413 nocens,
1592 3357 1647 3403 et
1676 3350 1792 3405 suis
1818 3366 2017 3407 nocere
2039 3367 2142 3407 non

2247 3356 2447 3426 ἀγαθὸς
2494 3354 2714 3424 ἁγαθῶς
2733 3371 2745 3384 ·
2771 3355 2798 3407 6
2829 3352 2925 3423 μὲν
2968 3352 3135 3416 κακὸς
3166 3350 3436 3421 βλάπτων,
3465 3351 3557 3404 καὶ
3587 3351 3656 3404 τὰ
3687 3351 3833 3404 ἐαυ-

585 3434 875 3502 desinens;
917 3435 1097 3490 bonus
1129 3452 1346 3508 semper
1394 3439 1569 3496 bonus
1601 3449 1654 3494 et
1681 3440 1911 3510 juvans,
1966 3449 2018 3497 et
2067 3459 2142 3501 res

2248 3444 2340 3498 τοῦ
2378 3444 2648 3515 βλάπτων,
2678 3443 2772 3497 καὶ
2797 3442 2889 3495 τοῦ
2925 3441 3179 3512 βλάπτειν
3209 3440 3276 3494 τὰ
3305 3440 3410 3494 ἴδια
3444 3442 3518 3512 μὴ
3549 3440 3836 3495 ἀπαλλατ-

588 3541 717 3581 suas
735 3527 953 3595 juvans,
974 3535 1027 3584 et
1060 3546 1339 3602 nunquam
1375 3547 1481 3586 non
1513 3531 1732 3601 juvans.
1790 3532 1978 3590 Omnis
2005 3534 2142 3589 enim

2249 3538 2502 3606 τόμενος.’
2538 3538 2567 3589 6
2594 3535 2651 3589 δὲ
2671 3534 2875 3603 ἀγαθὸς
2896 3535 2982 3588 ἀεὶ
3012 3532 3216 3602 ἀγαθὸς
3236 3534 3329 3586 καὶ⁵
3354 3532 3597 3601 ὠφελῶν,
3633 3533 3726 3585 καὶ
3756 3532 3836 3586 τὰ

587 3617 796 3672 utilitas
825 3633 855 3670 a
879 3618 1023 3673 bono
1054 3621 1220 3690 coepit
1252 3620 1545 3691 proﬁcisci.
1582 3621 1719 3677 Cum
1756 3623 2022 3679 doctrinis
2049 3639 2142 3693 pn-

2250 3627 2444 3680 ὲαυτοῦ
2495 3626 2738 3696 ὠφελῶν,
2799 3625 2893 3680 καὶ
2944 3624 3212 3697 μηδέποτε
3254 3623 3326 3695 μὴ
3364 3623 3619 3693 ὡφελῶν’
3672 3627 3835 3678 πᾶτα

588 3716 925 3779 gnaverunt;
956 3718 1196 3766 extrema
1226 3714 1622 3781 quaesiverunt;
1649 3714 1890 3769 invenire
1920 3731 2026 3768 non
2056 3730 2142 3784 po‘

2250 3718 2357 3790 γὰρ
2386 3717 2619 3787 ὠφέλεια
2638 3716 2698 3781 ἐξ
2726 3716 2929 3785 ἀγαθοῦ
2958 3717 3283 3788 προήρχετο.
3311 3715 3420 3787 (16)
3460 3715 3839 3770 Ἀνακόλουθα

591 3808 842 3868 tuerunt;
878 3802 968 3871 qui
1001 3818 1032 3856 a
1066 3803 1367 3873 principio,
1417 3821 1538 3875 quae
1569 3806 1912 3861 consectaria
1963 3815 2142 3871 erant,

2253 3808 2588 3880 μαθημάτων
2612 3808 2976 3880 ἐμαχέσαντο·
3008 3807 3076 3859 τὰ
3102 3805 3384 3883 τελευταῖα
3411 3807 3701 3878 ἐζήτησαν,
3736 3809 3839 3861 εὑο

591 3907 701 3947 non
726 3894 1182 3964 approbaverunt.
1209 3895 1286 3949 Ac
1313 3910 1477 3966 parva
1498 3896 1714 3968 quidem
1747 3905 1874 3953 sunt
1910 3897 2022 3952 haec
2041 3937 2056 3961 ,
2100 3905 2142 3952 el

2255 3905 2365 3975 ρεῖν
2393 3903 2491 3955 οὐκ
2518 3901 2878 3973 ἠδυνήθησαν,
2906 3900 3016 3954 άπὸ
3038 3901 3138 3971 τῆς
3163 3901 3335 3972 ἀρχῆς
3376 3900 3475 3970 τὴν
3502 3899 3843 3954 ἀκολουθίαν

591 4001 700 4040 non
753 3986 958 4054 multa;
1007 3987 1143 4043 satis
1199 3996 1381 4053 tamen
1428 3997 1556 4045 sunt
1601 3988 1668 4043 ad
1726 3988 2142 4060 diSputationem

2253 3995 2328 4067 μὴ
2378 3993 2828 4065 παραδεξάμενοι.
2856 3994 2967 4047 Καὶ
3013 3994 3186 4065 μικρά
3231 3995 3330 4065 μὲν
3381 3991 3573 4055 ταῦτα,
3616 3993 3712 4046 καὶ
3766 3995 3841 4047 οὗ

590 4078 909 4149 ηιιαιειίοηίε
941 4098 955 4134 :
993 4077 1221 4134 formam
1255 4086 1464 4134 tantum
1510 4082 1745 4151 protuli;
1797 4097 1907 4135 non
1936 4081 2142 4137 excurri

2250 4087 2420 4142 πολλά
2437 4105 2450 4118 '
2484 4088 2728 4159 αὐτάρκη
2753 4087 2808 4140 δὲ
2834 4086 2968 4157 πρὸς
2986 4086 3084 4158 τὴν
3106 4083 3330 4158 ζήτησιν
3353 4105 3364 4115 ·
3393 4086 3484 4138 τὸν
3501 4086 3842 4156 χαρακτῆρα

591 4175 659 4227 ad
692 4172 1092 4228 multitudinem
1125 4175 1585 4230 testimoniorum.
1634 4174 1767 4242 Quae
1803 4177 1944 4230 enim
1981 4174 2142 4229 ιιἰὶὶηὶ-

2254 4178 2411 4249 μόνον
2441 4176 2727 4247 κεκίνηκα,
2756 4176 2851 4230 καί
2879 4177 2979 4230 οὐκ
3010 4177 3090 4238 εἰς
3116 4174 3316 4246 πλῆθος
3344 4175 3695 4244 καταϐέϐηκα
3716 4175 3844 4229 τῶν

590 4274 754 4321 tatem
783 4273 838 4321 et
868 4266 1244 4337 cognationem
1268 4282 1392 4322 cum
1422 4268 1508 4323 his
1557 4268 1777 4331 habent,
1834 4277 2041 4338 quaeret
2084 4269 2157 4324 le-

590 4368 729 4421 ctor,
762 4368 815 4414 et
845 4375 911 4414 ex
947 4359 1029 4414 his
1053 4358 1118 4412 ad
1153 4359 1351 4414 similia
1379 4367 1431 4416 et
1460 4360 1717 4417 aﬂinitate
1750 4361 2044 4430 conjuncta
2077 4360 2153 4416 le-

590 4450 823 4522 gendum
853 4450 1246 4521 progredietur.

662 4540 772 4612 Age
798 4556 966 4606 nunc,
994 4540 1331 4598 instruamus
1347 4556 1706 4614 paremusque
1725 4542 1943 4596 illorum
1972 4539 2153 4609 dispu-

592 4641 870 4705 tationem,
900 4641 1143 4710 ipsorum
1170 4640 1423 4710 dogmata
1458 4653 1810 4713 apponentes.
1839 4639 2012 4693 Malus
2039 4638 2153 4707 qui-

2254 4267 2568 4340 μαρτυριῶν
2585 4284 2598 4297 ο
2634 4266 2745 4339 (I7)
2772 4267 2840 4321 τὰ
2871 4267 2972 4337 γὰρ
3005 4266 3242 4337 συγγενῆ
3269 4265 3377 4319 τῶν
3403 4264 3708 4336 λεγομένων
3729 4264 3848 4339 ζη-

2250 4360 2402 4431 τήσει
2432 4359 2461 4410 6
2492 4356 2896 4426 ἀναγινώσκων,
2921 4357 3014 4410 καὶ
3044 4358 3107 4409 ἐκ
3122 4354 3324 4409 τούτων
3349 4355 3439 4408 ἐπὶ
3459 4354 3527 4408 τά
3544 4356 3705 4426 ὃμοια
3734 4358 3845 4412 καὶ

2180 4433 2230 4490 D
2254 4450 2457 4521 ἀδελφά
2485 4451 2723 4522 χωρήσει
2756 4449 3176 4520 ἀναγνώσματα.

2339 4546 2526 4616 Ἡμεῖς
2541 4543 2596 4597 δὲ
2623 4543 2753 4613 φέρε
2780 4541 3270 4611 κατασκευάσωμεν
3286 4540 3378 4592 τὸν
3399 4538 3621 4592 ἐκείνων
3645 4538 3843 4606 λόγον,

2254 4637 2324 4692 τὰ
2351 4637 2595 4709 δόγματα
2623 4637 2843 4691 ἐκείνων
2876 4635 3242 4707 παραθέμενοι
3259 4649 3277 4667 θ
3311 4631 3546 4702 πονηρὸς
3584 4631 3686 4699 μὲν
3708 4627 3786 4702 ἦν
3810 4634 3845 4686 ὁ

589 4730 712 4786 dem
746 4738 864 4785 erat
909 4729 1161 4793 Satanas,
1195 4730 1371 4785 bonus
1413 4744 1541 4784 vero
1595 4728 1737 4785 Deus
1771 4748 1784 4783 :
1826 4735 1880 4783 et
1929 4726 2009 4782 sic
2061 4736 2150 4779 res

588 4832 725 4879 erat.
759 4821 1014 4876 Fabulam
1039 4828 1211 4885 verto,
1248 4829 1307 4876 ut
1339 4820 1576 4877 fabulam
1608 4820 1882 4891 repudiem
1911 4837 1926 4886 ;
1967 4826 2021 4874 et
2043 4818 2149 4874 nisi

586 4931 856 4997 opponam
879 4930 999 4986 qua:
1031 4921 1329 4985 exponunt,
1349 4929 1457 4969 non
1482 4929 1699 4985 possum
1732 4913 1968 4969 fabulam
1997 4927 2152 4968 ever-

590 5018 726 5062 tere.
764 4996 945 5063 Bonus
971 4996 1188 5077 quidem
1221 5013 1341 5062 erat
1376 5006 1538 5069 Deus,
1567 5006 1781 5076 inquit;
1813 5006 1989 5061 malus
2022 5020 2151 5060 vero

592 5098 861 5166 Satanas;
888 5105 943 5154 et
967 5082 1245 5169 nunquam
1275 5115 1384 5154 non
1412 5105 1563 5165 erat;
1595 5106 1712 5153 erat
1742 5097 1886 5153 enim
1912 5113 2148 5169 semper,

591 5200 648 5247 et
670 5206 701 5245 a
734 5192 885 5247 nullo
911 5192 1221 5263 profectus;
1256 5199 1373 5250 erat
1402 5192 1567 5257 enim,
1603 5199 1656 5247 et
1687 5191 1838 5245 radix
1870 5198 2019 5257 erat,
2068 5192 2153 5246 in-

661 5347 953 5415 ’Luc.xr,
989 5347 1080 5403 26.
1172 5356 1313 5431 “rw
1372 5374 1471 5437 μιν
1518 5356 1677 5449 κγ,ιῇ

1190 5427 1194 5431 ,
1266 5430 1301 5443 ,,
1416 5430 1419 5441 ,
1598 5428 1652 5451 Ν

669 5504 781 5573 (15)
818 5504 932 5559 Τὸν
975 5506 1092 5575 lxv.
1142 5504 1498 5575 interrogavit
1543 5502 1700 5575 enim
1731 5501 1885 5575 ﬁlum
1938 5498 2144 5556 Jesus:

594 5571 749 5644 Quod
772 5586 848 5630 est
892 5571 1238 5645 tibi'nomen?
1265 5571 1413 5644 (Lu'c.
1446 5590 1564 5645 vin,
1594 5571 1709 5645 50.)
1730 5571 1900 5645 Tuan.

666 5646 776 5714 (16)
800 5641 1071 5699 Ἀνακόλ.
1088 5640 1361 5714 ιιιεθνόηι,
1389 5640 2027 5714 ἀκόλουθαμαθημάτων.
2047 5640 2151 5714 sic-

596 5711 704 5789 que
750 5711 1025 5773 redderem
1069 5711 1233 5771 totam
1268 5715 1548 5787 periodum
1589 5732 1600 5768 :
1640 5712 2046 5782 Consequentia:
2073 5711 2154 5766 di-

2256 4731 2525 4794 Σατανᾶς,
2554 4728 2755 4799 άγαθδς
2794 4728 2849 4782 δὲ
2890 4724 2957 4800 ἦν
2990 4728 3019 4780 6
3068 4726 3233 4789 Θεός’
3269 4723 3360 4777 καὶ
3398 4722 3569 4785 οὕτως
3598 4717 3693 4793 ἦν.
3722 4722 3841 4776 Τὸν

2259 4821 2426 4894 μῦθον
2460 4822 2695 4893 στρέφω,
2726 4820 2814 4874 ἵνα
2850 4820 2942 4874 τὸν
2982 4818 3147 4891 μῦθον
3176 4817 3515 4887 δυσωπήσωο
3547 4815 3644 4867 καὶ
3675 4817 3723 4867 εἰ
3754 4816 3839 4887 μὴ

2258 4914 2587 4987 παράθωμαι
2614 4914 2651 4968 ἃ
2694 4913 3032 4983 ἐξηγοῦνται,
3081 4909 3334 4981 ἐντρέψαι
3367 4905 3466 4978 τὴν
3505 4905 3841 4977 μυθοποιίαν

2256 5010 2356 5062 οὐκ
2394 5008 2519 5079 ἔχω.
2559 5006 2783 5075 Ἀγαθὸς
2821 5006 2915 5077 μὲν
2944 5000 3011 5075 ἦν
3053 5005 3083 5056 ὁ
3115 5002 3265 5066 Θεὸς,
3313 5002 3467 5072 φησι,
3504 4999 3739 5069 πονηρὸς
3774 5000 3841 5053 δὲ

2258 5102 2287 5153 6
2314 5102 2557 5163 Σατανᾶς
2575 5116 2588 5129 ο
2609 5098 2703 5151 καὶ
2742 5093 2809 5168 ἦν
2836 5095 3098 5166 πονηρός·
3139 5093 3234 5147 καί⁵
3269 5091 3392 5146 οὔτε
3426 5090 3557 5144 ποτὲ
3584 5090 3686 5143 οὐκ
3717 5086 3793 5160 ἦν
3818 5109 3836 5121 ο

2257 5194 2344 5247 ἀεὶ
2376 5192 2483 5263 γὰρ
2504 5187 2598 5262 ἦν·
2630 5191 2725 5245 καὶ
2751 5190 2850 5243 οὐκ
2878 5186 2983 5242 ἀπό
3012 5203 3153 5250 τινος
3178 5180 3245 5257 ἦν
3267 5203 3281 5215 ·
3312 5179 3381 5255 ἦν
3402 5183 3510 5254 γάρ
3530 5199 3544 5213 ⁸
3576 5183 3670 5235 καὶ
3703 5183 3839 5254 ῥίζα

2257 5498 2595 5566 sciplinarum
2633 5506 2968 5568 negauerunt,
2999 5504 3231 5551 extrema
3255 5495 3627 5568 quasiverunt.
3655 5504 3707 5550 et
3737 5511 3833 5551 rc—

2257 5571 2424 5636 perire
2437 5585 2537 5622 non
2558 5567 2856 5636 potuerunt.
2880 5568 3251 5637 principiorum
3275 5567 3696 5637 consequentiam
3719 5582 3829 5619 non

2262 5635 2623 5699 admittentes;
2658 5639 2737 5693 sic
2767 5635 2910 5693 enim
2948 5639 3142 5706 planus
3168 5646 3249 5693 est
3277 5635 3491 5692 sensus.
3524 5635 3684 5690 Bosa.

2331 5709 2439 5780 (l7)
2475 5711 2547 5764 Τὰ
2571 5712 2677 5779 γὰρ
2701 5707 2839 5778 συγ.
2873 5707 3127 5775 Quaedam
3151 5709 3338 5764 deesse
3366 5708 3677 5763 videbantur
3706 5706 3825 5777 hoc
