4072 6338
264 315 398 373 “21

1354 310 1724 366 ADVERSUS
1768 311 2190 367 MANICHIEOS
2229 312 2355 365 Ll-B.
2401 310 2441 368 I.

3366 318 3505 375 1122

259 436 350 511 ἦν,
381 434 533 507 φησὶ,
567 437 659 489 καὶ
690 430 756 505 ἦν
780 436 1001 507 Κύριος,
1034 436 1127 489 καὶ
1156 435 1316 498 αὐτὸς
1348 430 1444 505 ἦν·
1480 435 1571 489 καὶ
1601 434 1723 497 ῥίζα
1741 430 1828 504 ἦν’

1951 435 2089 503 init:
2123 440 2240 488 erat
2277 434 2402 487 item
2438 432 2733 494 Dominus.
2791 441 2845 486 et
2881 434 2996 502 ipse
3043 438 3196 497 erat;
3244 442 3297 487 et
3352 436 3505 491 radix

263 528 356 583 καὶ
393 528 518 600 ῥίζα
548 526 707 597 καλὴ,
748 528 838 578 καὶ
870 526 992 597 ῥίζα
1019 525 1231 578 καλῶν·
1263 528 1357 579 καὶ
1388 528 1492 578 πᾶν
1533 526 1693 577 καλὸν
1732 526 1839 578 ἀπὸ

261 618 452 672 τούτου
503 616 719 686 ἐξῆλθε·
752 616 844 668 δύο
872 617 979 685 γὰρ
1018 612 1157 685 ἦσαν
1190 616 1355 686 ῥίζαι,
1392 617 1483 667 καὶ
1518 616 1611 667 δύο
1639 615 1839 685 προῆλ-

263 712 355 765 Θον
382 709 620 781 πρόοδοι,
647 710 701 761 αἱ
734 708 948 778 πρόοδοι
975 706 1299 777 κατάλληλοι
1339 709 1459 768 ταῖς
1501 707 1673 775 ῥίζαις
1697 722 1709 735 ’
1745 706 1837 758 ἀπ’

264 803 481 872 ἐκείνης
510 800 579 853 τὰ
605 800 847 865 τοιαῦτα,
872 800 964 852 καί¹
985 799 1092 851 ἀπὸ
1118 798 1323 868 ταύτης
1344 796 1412 849 τὰ
1436 796 1656 849 τοιαῦτα
1688 796 1841 866 θρυλ-

263 894 464 947 λοῦσινε

337 986 559 1054 Στῶμεν
584 984 687 1047 ἓως
716 982 917 1035 τούτων
942 982 1375 1052 ἐπιχειρήσωμεν
1398 979 1583 1033 λοιπὸν
1624 980 1723 1051 τὴν
1758 978 1842 1044 ἐξ·

265 1079 450 1132 ἐτασιν
474 1118 487 1140 ,
516 1077 609 1129 καὶ
627 1076 820 1145 ἴδωμεν
844 1073 1250 1143 συλλογισμοὺς,
1269 1074 1361 1125 καὶ
1388 1090 1489 1143 μνη
1498 1071 1840 1143 μονεύσωμεν

268 1169 470 1241 ῥητῶν,
504 1168 589 1220 ἵνα
622 1166 714 1219 καὶ
748 1168 858 1227 τοῖς
891 1164 1266 1233 συλλογισμοῖς
1309 1162 1718 1232 συναγάγωμεν,
1751 1162 1843 1213 καὶ

263 1264 380 1323 τοῖς
413 1260 595 1331 ῥητοῖς
642 1258 918 1327 πείσωμεν
940 1273 951 1284 ·
1000 1258 1242 1328 φήσομεν
1275 1254 1384 1325 γάρ
1424 1255 1557 1325 πρὸς
1604 1253 1799 1316 αὐτούς
1825 1270 1837 1282 ·

277 1353 434 1404 Ἐπεὶ
461 1351 593 1413 Θεὸς
620 1349 743 1419 ῥίζα
780 1346 869 1419 ἦν,
902 1348 995 1402 καὶ
1031 1348 1152 1419 ῥίζα
1187 1347 1347 1418 καλὴ,
1394 1348 1486 1400 καὶ
1517 1346 1718 1416 καρποὶ
1744 1363 1843 1398 κα-

269 1440 354 1491 λοὶ
387 1437 493 1491 ἀπὸ
528 1437 690 1509 ῥιζῶν
730 1436 907 1489 καλῶν
937 1436 1347 1507 προηνέχθησαν
1370 1453 1382 1464 '
1419 1438 1509 1489 καὶ
1535 1438 1563 1489 ὁ
1601 1436 1843 1498 Σατανᾶς

268 1528 396 1598 ῥίζα
428 1524 518 1598 ἦν,
554 1528 646 1579 καὶ
673 1525 795 1597 ῥίζα
824 1528 994 1598 κακήο
1027 1527 1119 1578 καὶ
1147 1527 1345 1597 καρποὶ
1378 1527 1535 1579 κακοὶ
1561 1525 1666 1578 ἀπό
1691 1524 1843 1595 ῥίζης

268 1618 449 1687 κακῆς
479 1616 890 1687 προηνέχθησαν
913 1630 926 1643 ’
959 1616 1101 1678 τίνος
1127 1616 1326 1686 καρποὶ
1347 1616 1395 1667 οἱ
1431 1614 1734 1676 ἀπόστολοι,
1760 1616 1843 1666 ἵνα

267 1711 335 1762 ἐκ
370 1710 479 1762 τῶν
535 1709 763 1780 καρπῶν
802 1708 1017 1778 γνῶμεν
1059 1710 1119 1761 τὸ
1172 1709 1539 1780 ζητούμενον;
1586 1709 1719 1777 ὅπερ
1745 1708 1843 1759 οὐκ

271 1804 383 1856 ἀπὸ
414 1802 522 1855 τῶν
578 1802 739 1873 ῥιζῶν
783 1802 1040 1872 λαμϐάνω
1063 1817 1075 1828 ·
1110 1804 1351 1871 φήσομεν
1380 1804 1506 1873 γὰρ,
1558 1802 1624 1853 Ἢ
1656 1802 1779 1871 ῥίζα
1810 1802 1842 1870 ή
1877 1784 1917 1842 Β

270 1891 420 1963 κακὴ
483 1891 635 1944 οὐδὲν
689 1890 847 1946 καλὸν
884 1894 1264 1961 προσενεγκεῖν
1290 1887 1428 1944 οἶδεν
1454 1911 1466 1921 ·
1506 1892 1685 1963 οῦτεή
1723 1891 1844 1961 ῥίζα

269 1985 307 2055 ἡ
373 1982 511 2053 καλὴ
573 1983 719 2036 οὐδὲν
781 1983 949 2036 κακὸν
1010 1986 1391 2054 προσενεγκεῖν
1447 1980 1574 2038 οἶδε.
1634 1985 1847 2036 Φαίνον-

275 2092 371 2127 ται
413 2074 469 2126 δὲ
503 2075 553 2126 oi
585 2073 867 2126 ἀπόστολοι
898 2073 1023 2125 ποτὲ
1060 2076 1154 2144 μὲν
1201 2074 1375 2135 καλοὶ,
1411 2074 1538 2127 ποτὲ
1570 2075 1624 2127 δὲ
1657 2076 1841 2127 κακοί⁸

272 2166 372 2219 καὶ
400 2166 497 2235 ὀψὲ
526 2166 623 2235 μὲν
652 2165 825 2228 καλοὶ,
859 2164 1096 2235 ἀρχῆθεν
1121 2166 1177 2218 δὲ
1214 2167 1391 2231 κακοὶ,
1422 2168 1513 2219 καὶ
1546 2169 1847 2239 μεταϐολὴν

272 2257 640 2328 πεποιημένοι
680 2256 785 2309 ἀπὸ
818 2256 923 2308 τῶν
950 2257 1155 2311 κακῶν.

349 2351 411 2402 El
433 2351 529 2419 μὲν
548 2350 654 2420 γὰρ
679 2350 919 2419 φήσομεν
939 2348 1032 2400 τοῦ
1058 2350 1271 2403 Σατανᾶ
1296 2352 1538 2421 καρποὺς
1565 2348 1701 2404 εἶναι
1724 2353 1847 2415 τοὺς

275 2442 609 2505 ἀποστόλους
638 2444 723 2497 διὰ
751 2444 819 2496 τὰ
844 2443 1046 2496 παλαιὰ
1076 2444 1410 2513 πταίσματα,
1432 2444 1846 2514 δυσωπηθήσον-

276 2547 371 2582 ται
404 2529 491 2582 διὰ
523 2530 621 2600 τὴν
652 2531 953 2601 ἀποστολὴν
988 2532 1079 2584 καὶ
1112 2533 1209 2603 τὴν
1248 2533 1552 2603 τελειότητα
1580 2535 1686 2586 τῶν
1719 2537 1847 2605 ἀρε-

279 2619 390 2672 τῶν
410 2635 423 2649 '
457 2621 581 2673 εἰδὲ
607 2620 700 2673 τοῦ
729 2621 884 2684 Θεοῦ,
916 2624 968 2674 τί
992 2621 1174 2689 ὲροῦσι
1201 2624 1327 2693 περὶ
1356 2623 1463 2675 τῶν
1498 2626 1849 2694 πταισμάτων

280 2711 391 2763 τῶν
427 2710 670 2764 παλαιῶν
701 2714 792 2765 καὶ
824 2714 921 2783 τῆς
958 2714 1194 2775 παλαιᾶς
1224 2715 1509 2786 διαϐολῆς;
1544 2716 1849 2788 δυσωπήσει

280 2802 394 2874 γὰρ
432 2803 625 2865 αὐτοὺς
652 2804 711 2855 τὸ
744 2805 997 2876 γράμμα,
1033 2808 1124 2859 καὶ
1153 2808 1355 2875 ἐλέγξει
1399 2808 1573 2861 αὐτῶν
1606 2810 1702 2879 τὴν
1735 2810 1853 2879 κρί-

280 2912 389 2948 σιν.
409 2895 473 2947 Εὶ
498 2895 572 2957 δὲ,
604 2896 933 2967 ἀποροῦντες
955 2899 1048 2949 καὶ
1072 2902 1245 2950 εἰπεῖν
1278 2901 1350 2970 μὴ
1380 2900 1698 2969 δυνάμενοι,
1730 2902 1854 2953 ἀντ-

279 2985 528 3057 ερωτῶσι
546 2988 843 3055 φάσκοντες
867 2988 1121 3043 δύσκολον
1150 2988 1285 3044 εἶναι
1311 2994 1408 3063 τὴν
1430 2993 1580 3046 λύσιν
1601 2996 1705 3047 τῶν
1726 3013 1855 3065 προ-

276 3080 510 3143 τάσεων,
548 3081 641 3133 καὶ
680 3080 932 3133 δύσκολον
971 3080 1233 3154 εἶναιτὴν
1272 3084 1572 3149 άπόδειξιν’
1610 3088 1851 3157 φήσομεν

278 3172 377 3223 καὶ
400 3174 559 3242 ἡμεῖς
584 3173 645 3225 οὺ
665 3176 908 3244 καρποὺς
934 3172 1069 3228 εἶναι
1090 3178 1213 3239 τοὺς
1237 3177 1561 3240 ἀποστόλους
1583 3178 1673 3231 τοῦ
1696 3179 1851 3243 Θεοῦ,

279 3264 417 3317 ἀλλά
446 3268 722 3336 ποιήματα
753 3267 845 3319 καὶ
884 3268 1182 3337 πλάσματα
1201 3284 1215 3296 ·
1246 3270 1303 3320 οὐ
1328 3270 1434 3339 γὰρ
1468 3269 1541 3331 ὡς
1569 3270 1676 3321 ἀπὸ
1702 3269 1857 3339 ῥίζης

280 3353 485 3421 καρποὶ
526 3354 956 3425 προηνέχθησαν,
987 3356 1099 3408 ἀλλ’
1117 3358 1190 3419 ὡς
1218 3358 1324 3410 ἀπὸ
1350 3360 1566 3411 κτίστου
1586 3361 1677 3411 καὶ
1700 3377 1854 3429 ποιη-

278 3441 399 3505 τοῦ,
436 3443 706 3512 κτίσματα
742 3445 833 3496 καὶ
860 3448 1140 3515 ποιήματα
1169 3449 1488 3517 γεγένηνται
1510 3449 1601 3501 τοῦ
1632 3466 1857 3517 πεποιη-

282 3534 468 3596 κότος’
487 3535 583 3604 οὐχ
602 3536 676 3599 ὡς
701 3539 957 3606 ὀμοουσία
973 3539 1064 3590 τοῦ
1086 3542 1461 3611 πεποιηκότος·
1486 3544 1730 3611 γεννητοὶ
1751 3541 1857 3611 γὰρ

282 3626 349 3676 ἐκ
378 3625 471 3677 τοῦ
502 3627 795 3698 ἀγεννήτου
824 3630 951 3681 ποτὲ
979 3631 1076 3682 οὐκ
1106 3632 1277 3693 ὄντες,
1309 3632 1532 3701 ὕστερον
1553 3633 1608 3684 δὲ
1628 3650 1855 3703 πεποιη-

286 3715 468 3784 μένοι·
506 3718 565 3768 τὸ
601 3718 699 3787 μὲν
732 3715 869 3771 εἶναι
911 3721 1018 3773 ἀπὸ
1061 3720 1153 3773 τοῦ
1186 3724 1544 3792 πεποιηκότος
1583 3724 1854 3787 λαϐόντες,

281 3807 383 3857 οὐκ
411 3808 586 3860 οὐσίαι
620 3809 674 3861 δὲ
705 3809 760 3875 ἐξ
788 3811 992 3875 οὐσίας,
1026 3813 1139 3865 ἀλλ’
1169 3815 1489 3877 ὑποστάσεις
1513 3816 1571 3881 ἐξ
1594 3814 1860 3885 ἀγαοότη-

280 3914 374 3961 τος
402 3898 493 3950 τοῦ
523 3902 863 3971 Δημιουργοῦ
890 3905 1266 3975 πεποιημένοι·
1292 3906 1383 3958 καὶ
1404 3906 1543 3959 οῦτω
1564 3907 1861 3976 πεποιημέ-

287 4008 389 4055 νοι,
419 3993 506 4045 ἵνα
550 3996 861 4065 προαιρέσει
893 3996 989 4067 τὴν
1020 3998 1194 4067 ἀρχὴν
1234 3997 1397 4068 ἔχωσι
1438 3999 1572 4069 (18).
1608 3992 1858 4051 Φαίνεται

286 4080 381 4135 οὖν
406 4086 434 4135 ὁ
457 4086 644 4155 Σωτὴρ
664 4086 834 4154 λέγων
859 4104 871 4117 ⁸
898 4089 969 4141 El
995 4106 1083 4154 τις
1115 4090 1271 4143 θέλει
1295 4092 1484 4143 ὀπίσω
1500 4108 1618 4159 μου
1639 4089 1855 4144 ἐλθεῖν·

262 4159 359 4229 Ἐἰ
388 4175 579 4242 θέλεις
606 4178 830 4245 τέλειος
860 4180 1167 4247 γενέσθαι·
1191 4184 1254 4234 Εἰ
1272 4181 1463 4247 θέλεις
1504 4182 1673 4251 ὑγιὴς
1701 4182 1860 4251 γενέ-

286 4270 426 4319 σθαι
446 4284 460 4298 ·
493 4270 540 4320 εί
562 4270 589 4320 ό
606 4273 832 4341 ποιήσας
862 4270 1084 4324 τοιαῦτα
1106 4272 1273 4337 λαλεῖ,
1295 4274 1358 4326 δι’
1381 4268 1441 4326 οῦ
1474 4275 1660 4345 Πατὴρ
1683 4276 1858 4327 πάντα

286 4360 531 4429 ἐποίησε,
564 4362 673 4413 νόει
706 4360 799 4413 τοῦ
829 4365 1186 4433 πεποιηκότος
1218 4364 1315 4427 τὰς
1341 4366 1550 4432 φωνάς·
1588 4366 1643 4416 ὲν
1675 4365 1751 4435 τῷ
1772 4365 1857 4417 Θέ-

285 4448 397 4501 λειν
424 4452 546 4512 τοὺς
569 4451 763 4521 νόμους
788 4452 935 4503 ἔθετο
957 4469 969 4481 ·
996 4455 1051 4505 ὲν
1075 4457 1139 4523 τῇ
1164 4448 1377 4524 θελήσει
1404 4454 1471 4507 τὰ
1499 4456 1695 4524 νομικά
1718 4457 1854 4508 ἀπο-

284 4541 632 4611 ταμιεύεται·
678 4543 773 4613 τὴν
825 4543 1075 4613 βούλησιν
1118 4545 1226 4598 τῶν
1270 4547 1615 4615 πραττόντων
1661 4548 1851 4617 κυρίαν

286 4635 398 4687 τῶν
428 4637 813 4706 πραττομένων
842 4638 1144 4690 ἐπίσταται.

1938 528 2098 589 bona,
2137 535 2189 580 et
2219 526 2374 579 radix
2416 526 2715 589 bonorum;
2757 532 2809 579 et
2836 540 2996 578 omne
3050 524 3251 578 bonum
3284 526 3353 580 ab
3404 528 3508 582 hoc

1938 618 2238 688 profectum
2283 626 2365 671 est
2399 634 2412 670 :
2450 616 2571 670 duae
2594 631 2828 685 namque
2870 616 3079 670 radices
3115 626 3290 681 erant,
3324 627 3370 673 et
3401 619 3511 676 duo

1937 712 2143 763 surculi
2177 716 2573 779 provenerunt,
2631 709 2835 761 surculi
2868 708 3146 762 radicibus
3175 712 3511 780 responden-

1939 809 2021 856 tes
2053 822 2065 855 :
2101 802 2167 855 al)
2200 802 2291 854 illa
2320 802 2468 865 talia,
2494 802 2562 854 ab
2596 801 2697 854 hac
2728 802 2856 854 talia
2887 800 3000 854 ﬂeri
3032 801 3258 870 jactanl.
3416 812 3419 813 '

2009 976 2329 1032 lnsistamus
2354 978 2463 1041 hic,
2496 978 2691 1033 deinde
2714 981 3070 1049 quaestionem
3104 982 3503 1053 aggrediamur,

1941 1070 2329 1138 videamusque
2378 1072 2898 1139 argumentationes,
2936 1081 2987 1127 et
3022 1089 3141 1143 qua:
3184 1076 3325 1128 dicta
3381 1086 3508 1129 sunt

1942 1162 2323 1224 recordemur,
2380 1168 2438 1213 ut
2504 1165 3071 1231 argumentationibus
3128 1168 3507 1222 conclusiones

1942 1251 2335 1313 conliciamns;
2368 1257 2422 1304 et
2453 1266 2516 1304 ex
2548 1252 2616 1305 iis
2657 1268 2777 1321 quae
2821 1253 3081 1319 diximus,
3138 1257 3293 1310 iidem
3348 1258 3507 1312 racia-

1943 1357 2098 1396 mus:
2142 1341 2386 1397 dicemus
2417 1341 2558 1395 enim
2601 1342 2721 1398 istis
2763 1362 2777 1397 :
2815 1343 2871 1398 Si
2926 1345 3067 1402 Deus
3098 1358 3213 1402 erat
3251 1350 3424 1411 radix,
3455 1356 3510 1403 ct

1942 1433 2083 1487 bona
2108 1433 2281 1497 radix,
2314 1442 2367 1487 et
2390 1433 2515 1487 boni
2557 1433 2767 1492 fructus
2793 1453 2857 1491 ex
2895 1438 3050 1493 bonis
3082 1440 3355 1495 radicibus
3386 1457 3509 1510 pro-

1946 1524 2084 1589 fusi;
2116 1540 2178 1577 ac
2210 1524 2441 1578 Satanas
2473 1525 2624 1579 radix
2658 1535 2795 1590 erat,
2828 1536 2881 1581 et
2914 1530 3053 1583 mala
3083 1531 3257 1597 radix,
3291 1547 3354 1585 ac
3394 1532 3507 1587 fru-

1944 1627 2065 1672 ctus
2119 1617 2244 1669 mali
2279 1634 2342 1671 ex
2387 1619 2528 1670 mala
2564 1619 2743 1673 radice
2772 1618 2876 1674 fusi
2906 1640 2917 1675 :
2956 1623 3110 1690 cujus
3156 1625 3354 1680 radicis
3382 1640 3510 1695 apo-

1948 1709 2072 1763 stoli
2100 1708 2309 1764 fructus
2340 1710 2686 1772 exstiterunt,
2714 1720 2772 1764 ut
2806 1728 2869 1765 ex
2905 1714 3169 1768 fructibus
3201 1716 3341 1785 quod
3366 1732 3512 1785 quaa-

1947 1801 2139 1863 rimus,
2166 1802 2595 1870 cognoscamus?
2619 1801 2863 1856 Nondum
2890 1820 2917 1855 a
2942 1806 3210 1862 radicibus
3229 1825 3512 1878 argumen-

1949 1900 2060 1944 tum
2093 1908 2283 1958 sumo;
2316 1893 2560 1947 dicemus
2589 1896 2729 1948 enim
2758 1916 2769 1949 :
2826 1896 2965 1949 Mala
3019 1898 3169 1951 radix
3216 1902 3347 1954 nihil
3382 1902 3509 1957 boni

1948 1984 2192 2052 proferre
2223 1984 2397 2053 potuit
2420 2023 2433 2047 ,
2466 2000 2639 2053 neque
2684 1987 2834 2040 radix
2870 1990 3008 2043 bona
3038 1992 3329 2060 quidquam
3364 1994 3507 2047 mali.

1949 2073 2213 2128 Videntur
2248 2087 2426 2128 autem
2452 2077 2680 2143 apostoli
2730 2079 3051 2148 quandoque
3088 2082 3236 2147 boni,
3265 2083 3514 2149 quando—

1947 2181 2051 2235 que
2082 2167 2205 2219 mali
2244 2165 2441 2233 fuisse;
2477 2182 2541 2221 ac
2589 2182 2711 2222 sero
2769 2168 2989 2237 quidem
3037 2170 3199 2235 boni,
3244 2174 3515 2243 principio

1948 2266 2127 2311 autem
2162 2258 2310 2321 mali,
2344 2269 2696 2328 mutasseque
2730 2261 2902 2315 malos
2937 2277 3115 2317 mores

2020 2346 2077 2401 Si
2102 2348 2242 2402 enim
2286 2349 2532 2404 dicamus
2570 2366 2689 2405 esse
2724 2350 2998 2418 aposwlos
3032 2352 3246 2406 Satanae
3303 2353 3514 2409 fructus

1948 2448 2169 2510 prepter
2201 2449 2374 2493 vetera
2404 2440 2624 2505 delicta,
2660 2442 2992 2496 adhibebunt
3038 2445 3117 2499 eis
3159 2446 3515 2501 reverentiam

1950 2541 2168 2603 pr0pler
2192 2534 2555 2601 apostolatum
2591 2542 2643 2587 et
2674 2534 3061 2602 perfectionem
3096 2536 3382 2593 virtutum.
3421 2537 3518 2593 Sin

1951 2640 2078 2677 vero
2110 2622 2203 2677 Dei
2246 2625 2456 2680 fructus
2479 2665 2493 2689 ,
2541 2626 2673 2695 quid
2727 2626 2910 2680 dicent
2938 2626 3005 2681 de
3036 2628 3276 2697 antiquis
3328 2644 3517 2684 eorum

1952 2716 2212 2785 peccatis,
2245 2716 2384 2771 etde
2416 2719 2639 2786 antiqua
2671 2718 2779 2769 vita
2806 2718 3121 2772 diabolica?
3155 2720 3220 2773 ad
3252 2721 3518 2788 pudorem

1952 2808 2093 2861 enim
2130 2808 2407 2860 revocabit
2433 2824 2526 2861 eos
2560 2808 2841 2877 Scriptura
2872 2849 2885 2871 ,
2941 2818 2993 2863 et
3023 2826 3209 2886 eorum
3250 2812 3519 2881 judicium

1954 2901 2258 2969 redarguet.
2293 2898 2347 2952 Si
2378 2916 2504 2953 vero
2560 2916 2667 2954 non
2721 2902 3053 2971 reperientes
3074 2903 3301 2969 exitum,
3333 2914 3387 2958 et
3413 2919 3521 2973 quo

1955 3007 2012 3046 se
2035 2998 2249 3044 vertant
2282 2992 2586 3045 nescientes
2615 3034 2628 3055 ,
2679 3008 2778 3045 nos
2814 3008 3006 3046 rursus
3040 2994 3413 3061 interrogent,
3445 2996 3523 3049 di-

1955 3091 2185 3152 camque
2224 3082 2382 3136 nobis
2419 3097 2634 3152 quoque
2671 3083 2909 3139 diﬂiciles
2942 3099 3064 3138 esse
3092 3085 3422 3153 quaestiones
3452 3086 3521 3141 ad

1956 3174 2321 3238 solvendum;
2393 3175 2606 3230 dillicile
2676 3177 2801 3231 item
2870 3178 3079 3230 ratione
3144 3178 3517 3235 concludere:

1955 3266 2423 3334 respondebimus,
2453 3282 2559 3319 non
2590 3282 2711 3321 esse
2746 3267 2955 3321 fructus
2983 3266 3073 3320 Dei
3104 3269 3402 3337 apostolos,
3422 3269 3517 3324 sed

1956 3358 2127 3412 factos
2147 3366 2199 3411 et
2230 3358 2421 3424 ﬁctos;
2464 3374 2571 3411 non
2607 3360 2750 3412 enim
2802 3368 3058 3429 tanquam
3097 3360 3305 3415 fructus
3333 3376 3398 3414 ex
3432 3376 3519 3414 ra-

1956 3450 2075 3504 dice
2107 3448 2313 3518 profusi
2344 3457 2491 3512 sunt,
2523 3450 2613 3504 sed
2630 3459 2885 3520 tanquam
2914 3461 3175 3507 creaturae
3205 3468 3232 3505 a
3261 3451 3521 3507 Creatore

1957 3549 2009 3593 et
2040 3548 2259 3594 auctore
2294 3541 2458 3594 creati
2488 3558 2501 3604 ;
2544 3549 2806 3595 creatura:
2848 3542 2993 3595 enim
3033 3543 3151 3611 ejus
3207 3552 3375 3607 sunt,
3409 3559 3521 3597 non

1956 3638 2211 3700 tanquam
2290 3632 2531 3699 ejusdem
2599 3632 2956 3696 substantiae,
3026 3634 3182 3704 cujus
3237 3635 3352 3704 ipse
3415 3642 3519 3689 est.

1957 3719 2133 3775 Gcniti
2163 3730 2289 3777 sunt
2317 3724 2383 3776 ab
2408 3724 2667 3793 ingenito,
2695 3740 2818 3779 cum
2854 3726 3147 3795 aliquando
3181 3743 3287 3781 non
3311 3733 3520 3793 essent,

1957 3822 2145 3883 postea
2174 3814 2298 3868 facti
2328 3825 2453 3869 sunt
2477 3832 2491 3880 ;
2535 3815 2626 3884 qui
2675 3824 2731 3867 ut
2759 3825 2943 3870 essent
2972 3816 3213 3887 quidem,
3242 3818 3309 3873 ab
3338 3833 3402 3873 eo
3426 3818 3521 3889 qui

1959 3907 2110 3969 fecit,
2150 3914 2497 3975 acceperunt,
2544 3922 2653 3961 non
2695 3908 3014 3963 substantiae
3071 3926 3136 3964 ex
3177 3910 3520 3976 substantia,

1957 3998 2052 4052 sed
2097 3998 2223 4051 facti
2271 3999 2592 4069 hypostases
2643 4000 2883 4054 bonitate
2918 4003 3190 4065 auctoris,
3250 4009 3412 4071 atque
3445 4003 3521 4056 ita

1960 4088 2108 4150 facti,
2143 4089 2228 4139 ἵνα
2263 4089 2574 4159 προαιρέσει
2601 4088 2697 4159 τὴν
2735 4090 2905 4160 ἀρχὴν
2936 4090 3119 4160 ἔχωσι,
3161 4098 3218 4143 ιιι
3244 4090 3522 4143 voluntate

1959 4178 2191 4232 habeant
2209 4180 2591 4248 principatum.
2611 4180 2697 4232 Ait
2716 4180 2877 4249 igitur
2891 4179 3138 4233 Salvator
3163 4200 3175 4234 :
3208 4180 3393 4250 Siquis
3414 4180 3521 4231 vult

1958 4272 2127 4324 venire
2152 4281 2268 4339 post
2291 4288 2367 4323 me
2402 4271 2451 4336 ³;
2484 4268 2542 4323 Si
2577 4271 2649 4323 vis
2672 4272 2929 4339 perfectus
2963 4289 3072 4326 esse
3096 4272 3148 4337 ‘;
3181 4270 3240 4326 Si
3263 4273 3335 4325 vis
3360 4288 3522 4325 sanus

1958 4364 2076 4431 fieri
2113 4364 2154 4416 ⁵.
2197 4363 2252 4416 Si
2287 4365 2331 4417 is
2356 4364 2446 4432 qui
2478 4363 2623 4427 fecit,
2666 4364 2745 4416 sic
2778 4364 3035 4433 loquitur,
3078 4379 3172 4433 per
3216 4378 3373 4432 quem
3418 4360 3522 4414 Pa-

1961 4464 2043 4509 ter
2063 4456 2245 4508 omnia
2277 4455 2575 4512 fabricatus
2622 4465 2725 4519 est,
2758 4456 2995 4525 intellige
3029 4471 3191 4510 voces
3236 4453 3514 4506 auctoris:

1961 4546 2013 4598 in
2048 4546 2325 4597 voluntate
2356 4547 2536 4614 posuit
2557 4547 2735 4615 leges;
2774 4546 2824 4597 in
2860 4545 3137 4598 voluntate
3166 4544 3401 4612 legitima
3434 4557 3516 4594 re-

1962 4635 2185 4701 condit;
2224 4635 2555 4691 voluntatem
2588 4636 2860 4707 agentium
2910 4635 3013 4690 scit
3038 4633 3310 4687 dominam
3345 4634 3517 4686 actio-

1962 4742 2087 4779 num
2123 4740 2265 4779 esse.

280 4837 414 4894 Car.
468 4835 707 4891 XXXIV.
750 4835 883 4891 Mali
926 4836 1132 4907 aliquas
1180 4837 1395 4891 virtutes
1440 4835 1650 4891 habent.
1698 4836 1930 4959 Pirustae.
1983 4836 2494 4891 Nabuchodonosor.
2548 4834 2854 4906 Nequitiam
2898 4835 3072 4889 lumen
3116 4834 3355 4903 rapuisse
3376 4830 3525 4889 dare!

1873 4926 2009 4959 (11188.

1873 4926 2009 4962 ωιεδ.

369 5024 583 5095 Ἀμέλει
626 5025 799 5096 τιμῶν
828 5026 925 5098 τὴν
970 5028 1076 5081 τῶν
1104 5027 1214 5098 (l9)
1261 5028 1509 5101 πράξεων
1547 5030 1838 5097 κοινωνίαν,

279 5118 585 5188 ἀνήρτησεν
628 5119 685 5171 ὲν
716 5122 781 5190 τῇ
817 5119 1029 5191 Θελήσει
1057 5124 1084 5174 ὁ
1115 5121 1297 5191 λόγος’
1342 5122 1482 5177 Ἐὰν
1510 5122 1717 5190 θέλητε
1756 5123 1853 5176 καὶ

356 5273 379 5305 ³
401 5271 592 5330 Matth.
623 5292 732 5341 ινι,
762 5276 852 5332 24.
928 5278 949 5309 ’⁵
980 5277 1165 5334 Matth.
1204 5297 1316 5347 xtx,
1347 5281 1436 5335 2i.

280 5500 424 5561 loco,
454 5514 574 5567 quae
598 5498 665 5552 ad
691 5500 1123 5555 eonfutationem
1148 5516 1333 5555 eorum
1368 5518 1486 5570 qum
1511 5502 1754 5569 proxime
1781 5517 1845 5553 ex

280 5570 564 5643 Manichazi
618 5572 757 5624 libro
790 5573 1133 5637 recitaverat,
1171 5572 1561 5643 pettinehant;
1612 5588 1843 5643 quorum

280 5642 585 5695 confutatio
612 5643 801 5695 ordine
838 5651 1091 5696 secutura
1114 5651 1249 5697 erat.
1282 5642 1455 5697 Tuan.

351 5712 463 5780 (l8)
496 5713 611 5781 Τὴν
640 5711 835 5782 ἀρχὴν
868 5713 957 5782 ἐχ.
984 5713 1040 5769 In
1055 5712 1237 5782 .Epist.
1268 5712 1418 5769 Juda:
1454 5714 1484 5783 3'
1515 5712 1570 5781 6,
1620 5714 1841 5784 Angelos

1514 5284 1534 5312 ⁸
1567 5280 1723 5336 Joan.
1760 5297 1809 5346 v,
1837 5283 1890 5335 6.

2033 5027 2175 5084 Sane
2209 5028 2425 5099 quidem
2461 5036 2520 5084 ut
2556 5043 2655 5083 nos
2683 5028 3012 5093 honoraret,
3063 5026 3232 5080 voluit
3263 5022 3521 5083 Verbum,

1960 5132 2019 5177 ut
2056 5124 2418 5178 communitas
2472 5124 2745 5177 actionum
2796 5122 2849 5177 in
2904 5122 3183 5175 voluntate
3240 5112 3522 5186 penderet.

1955 5521 2071 5558 vero
2090 5505 2179 5573 qui
2201 5520 2299 5556 non
2324 5508 2655 5557 servaverunt
2677 5516 2831 5555 suum
2867 5500 3246 5573 principatum,
3274 5498 3383 5548 etc.
3411 5486 3489 5545 ID.

2025 5575 2137 5643 (19)
2162 5575 2437 5642 Πράξεων
2462 5592 2611 5627 κοιν.
2640 5573 2897 5626 Actiones
2922 5572 3094 5633 bonae,
3121 5579 3358 5639 quarum
3385 5574 3533 5643 com:

1953 5638 2218 5699 uiduitate
2255 5661 2375 5715 cum
2432 5644 2543 5702 Deo
2589 5642 2863 5715 conjuncti
2911 5638 3151 5707 sumus,’
3180 5648 3376 5692 omnes
3406 5638 3535 5685 sunt

1951 5716 2290 5771 voluntaria.
2321 5714 2392 5768 lo.
2698 5714 2701 5715 ⁷
3155 5742 3161 5748 -
