4072 6338
664 288 805 345 1123
1789 286 1924 343 τιτι
1965 284 2389 343 BOSTRENSIS
2429 286 2734 346 EPISCOPI
3712 297 3812 355 im

663 404 726 460 Si
752 380 1036 467 volueritis,
1073 401 1279 472 inquit,
1330 413 1378 457 et
1429 405 1708 461 audieritis
1744 422 1823 461 me
1846 447 1861 470 ,
1909 406 2044 460 bona
2075 416 2271 466 terra”

2203 421 2228 459 ε
2255 410 2301 466 Δ
2329 408 2723 477 εὶσακούσητέ
2738 427 2877 479 μου,
2906 408 2977 464 τὰ
2996 408 3183 479 ἀγαθὰ
3203 408 3307 479 τῆς
3332 408 3438 479 γῆς
3459 410 3687 481 φὰτεσθε
3703 432 3715 444 ·
3733 417 3811 471 ἐὰν·

662 495 983 557 comedetis;
1018 495 1065 549 si
1097 505 1271 549 autem
1321 496 1627 561 nolueritis,
1663 514 1754 552 nec
1796 497 2070 552 audieritis
2114 514 2227 562 me,

2327 494 2398 549 δὲ
2421 497 2507 576 μὴ
2541 497 2771 565 θέλητε,
2818 498 2974 568 μηδὲ
3016 500 3404 567 εὶσακούσητέ
3446 518 3575 570 μου,
3610 503 3813 572 μάχαιρα
3924 540 3928 549 ι

661 589 871 661 gladius
916 586 1182 642 devorabit
1215 605 1302 643 vos
1338 590 1379 644 ⁸.
1417 587 1523 645 Sed
1554 591 1851 646 absurdum
1885 597 1968 646 est
2011 600 2230 660 prmter-

2203 611 2230 632 ν-
2328 587 2483 656 ὑμᾶς
2512 589 2836 643 κατέδεται.
2877 590 3108 644 ’Ἄτοπον
3136 590 3194 643 δέ
3214 592 3307 644 καὶ
3335 590 3423 644 τὸν
3464 594 3579 665 περὶ
3602 595 3692 647 τῶν
3712 613 3811 666 φαυ-

660 682 876 737 mittere
916 683 1222 736 sermonem
1253 682 1319 735 de
1355 680 1775 752 improbissimis
1800 720 1813 745 ,
1858 697 1922 737 ac
1952 681 2229 753 praeterire

2205 697 2229 737 θ
2325 678 2562 733 λοτάτων
2605 680 2921 735 καταλιπεῖν
2962 681 3138 751 λόγον,
3162 684 3253 736 καὶ
3279 682 3375 755 τὴν
3420 686 3540 755 περὶ
3574 684 3667 738 τῶν
3685 689 3813 758 αἰσχί-

660 770 1150 827 consideratiouein
1190 773 1257 827 de
1307 772 1376 828 iis
1407 775 1499 843 qui
1529 774 1848 844 turpissime
1881 783 2044 846 atque
2073 775 2228 831 effre—

2204 804 2228 816 -
2328 790 2465 837 στως
2494 773 2587 827 καὶ
2618 773 3079 845 ἐκδεδιῃτημένως
3098 774 3527 846 άναστρεφόντων
3554 778 3812 847 παραλιπεῖν

665 864 953 919 notissima
1006 864 1223 918 licentia
1276 865 1331 919 in
1369 866 1480 918 vita
1507 874 1819 931 versantur,
1856 883 1923 921 ne
1976 874 2225 922 nostrum

2202 883 2225 922 α
2324 863 2585 929 ἐξέτασιν,
2618 866 2814 936 μήπως
2845 867 2878 934 ή
2902 863 3057 935 ήμῶν
3088 862 3265 936 σιωπὴ
3297 866 3542 918 ἀπόνοιαν
3561 867 3810 937 χαλεπωτά-

655 956 932 1011 silentium
960 957 1479 1026 periculosissimam
1513 956 1946 1027 desperationem
1982 959 2061 1014 eis
2083 975 2226 1013 com-

2205 989 2226 1000 -
2323 971 2424 1026 τήν
2452 955 2634 1019 αὐτοῖς
2672 953 3069 1026 κατασκευάσῃ.
3104 955 3180 1008 Οὐ
3204 956 3403 1028 σφόδρα
3433 957 3732 1012 διαϐάλλουσι
3750 961 3812 1013 τὸν

656 1052 828 1114 paret.
855 1042 971 1099 Non
992 1059 1318 1115 magnopere
1336 1053 1592 1102 accusant
1613 1044 2225 1104 Nabuchodonosorem?

2202 1050 2225 1103 ἲ
2323 1045 2831 1116 Ναϐουχοδονόσορς
2875 1045 2935 1098 οὐ
2977 1045 3179 1117 σφόδρα
3211 1049 3503 1117 μέμφονται
3530 1048 3612 1101 τὸν
3630 1050 3810 1119 (lupae;

656 1124 765 1191 non
786 1135 942 1190 valde
976 1137 1381 1208 reprehendunt
1403 1135 1786 1192 Pharaonem?
1816 1154 1926 1193 non
1977 1140 2044 1194 ad
2073 1155 2224 1196 sum-

2203 1170 2224 1183 -
2322 1139 2381 1191 οὐ
2422 1138 2586 1210 πέρας
2626 1137 2980 1209 αἱσχρότητος
3026 1139 3222 1202 αὐτοὺς
3268 1140 3601 1209 νενομίκασι;
3643 1142 3811 1196 τοιαῦτα

656 1243 803 1282 mum
833 1227 1112 1298 fastigium
1144 1228 1500 1298 turpitudinis
1529 1244 1849 1299 progressos
1872 1231 2223 1287 existimant?

2201 1233 2223 1286 7
2320 1229 2428 1301 γάρ
2461 1230 2585 1299 περὶ
2613 1228 2712 1299 τῆς
2739 1230 2958 1284 ἐκείνων
2988 1230 3262 1299 διαγωγῆς
3287 1231 3397 1285 ἄνω
3420 1232 3508 1284 καὶ
3536 1232 3668 1286 κάτω
3690 1233 3809 1305 θρυλ-

652 1319 783 1372 talia
819 1319 961 1374 enim
994 1318 1061 1373 de
1094 1319 1308 1373 illorum
1344 1319 1453 1372 vita
1498 1327 1552 1373 et
1597 1318 1847 1373 instituto
1892 1320 2093 1391 ubique
2130 1323 2221 1393 ja-

2202 1351 2221 1365 -
2320 1319 2501 1374 λοῦσιν
2551 1320 2614 1372 Ei
2646 1320 2741 1390 μὲν
2765 1315 2857 1373 οὖν
2896 1322 2953 1373 ἐν
2986 1319 3388 1395 ταῖςδιανοίαις
3417 1321 3620 1375 ἐκείνων
3640 1324 3810 1393 οὐδεμίε

654 1418 821 1465 ctant.
849 1409 905 1464 Si
938 1411 1101 1482 igitur
1148 1410 1200 1464 in
1243 1411 1460 1465 illorum
1491 1411 1689 1466 animis
1738 1413 1944 1467 nullum
1978 1415 2217 1470 studium

2202 1431 2217 1469 ι
2322 1411 2523 1483 σπουδὴ
2545 1410 2758 1481 φανείη,
2785 1411 2941 1480 λόγος
2962 1411 3027 1465 ἂν
3047 1411 3129 1483 εἵη
3157 1412 3342 1482 ἕτερος
3360 1431 3373 1443 ·
3397 1415 3442 1466 εἰ
3463 1414 3514 1467 δὲ
3538 1415 3697 1479 ἐντοῖς
3710 1416 3810 1470 οὕτω

654 1511 989 1563 cerneretur,
1015 1501 1118 1555 alia
1149 1502 1288 1555 ratio
1308 1508 1472 1556 esset.
1506 1499 1603 1556 Sin
1636 1517 1765 1557 vero
1799 1505 1854 1558 in
1895 1505 2029 1559 adeo
2062 1505 2219 1562 malis

2202 1522 2219 1562 ς
2319 1505 2507 1565 κακοῖς
2533 1503 2777 1574 καὶμὲρη
2802 1503 3111 1573 εὑρίσκεται
3133 1502 3332 1567 καλῶν,
3366 1506 3730 1578 καὶαίσθήσεις,
3746 1509 3810 1562 καὶ

653 1594 821 1667 etiam
870 1600 1055 1663 partes
1094 1594 1287 1663 aliqua:
1325 1608 1511 1648 eorum
1546 1608 1665 1663 qua:
1708 1593 1847 1648 bona
1892 1601 2019 1650 sunt
2064 1611 2218 1665 repe-

2202 1623 2218 1636 -
2316 1592 2647 1663 ἀντιλήψεις,
2676 1594 2769 1646 καὶ
2823 1594 3145 1665 μετάμελος,
3180 1598 3274 1650 καὶ
3306 1596 3526 1651 ίκεσίαι·
3564 1598 3612 1651 τί
3636 1599 3702 1653 ἐτι
3737 1604 3810 1673 φή-

651 1682 890 1747 riuntur,
922 1699 1141 1748 sensus,
1182 1683 1580 1753 perceptiones,
1618 1684 2008 1755 intelligentiae,
2043 1685 2219 1755 pmni-
2250 1759 2259 1762 _

2200 1711 2219 1724 -
2250 1759 2277 1762 _
2319 1699 2498 1736 σουσιν
2524 1699 2538 1747 ;
2576 1684 2636 1737 Et
2658 1683 2766 1755 γὰρ
2811 1679 2963 1749 οὗτος
2999 1689 3028 1739 ό
3058 1689 3199 1742 πάνυ
3230 1689 3502 1758 αἴσχιστος
3528 1690 3694 1762 φανείη
3724 1693 3808 1745 τινὰ

657 1777 825 1830 tentia
872 1791 936 1830 ac
986 1776 1445 1846 supplicationes;
1478 1774 1608 1845 quid
1666 1774 1777 1845 jam
1807 1775 2008 1830 dicturi
2043 1777 2219 1831 sunt?
2248 1759 2265 1813 1

2200 1759 2288 1830 in
2319 1775 2458 1846 μέρη
2509 1775 2647 1846 ἔχων
2687 1777 2903 1847 ἀρετῆς,
2954 1778 3048 1832 καὶ
3088 1779 3305 1848 τρόπων
3354 1759 3737 1851 ἐπιτηδειότητα,
3771 1783 3808 1836 τί

652 1866 710 1921 Si
748 1868 892 1922 enim
941 1867 1030 1921 hic
1067 1866 1421 1938 turpissimus
1474 1875 1733 1937 appareat
1789 1867 1985 1923 habere
2033 1876 2215 1938 partes

2197 1884 2215 1923 s
2314 1867 2563 1937 ἐροῦσιν;
2603 1869 2675 1921 ’Ἠ
2704 1869 2812 1939 γὰρ
2841 1870 2930 1923 τὸν
2967 1871 3207 1925 Σατανᾶν
3254 1873 3443 1943 μικτὸν
3473 1871 3528 1937 ἐξ
3555 1873 3721 1944 ἀρετῆς
3740 1874 3805 1926 tul

649 1961 912 2029 quasdam
946 1961 1160 2015 virtutis
1207 1967 1261 2015 et
1318 1974 1497 2015 mores
1540 1960 1753 2030 aliquos
1789 1960 2011 2017 idoneos
2036 2000 2051 2024 ,
2084 1962 2214 2031 quid

2193 1962 2214 2017 1
2314 1959 2529 2023 κακίας,
2556 1959 2631 2023 ὡς
2666 1961 2889 2030 μικτούς
2932 1961 3176 2032 καρποὺς
3219 1962 3505 2029 ἐνεγκόντα
3533 1963 3801 2034 ﬁdenam

647 2052 870 2108 dicent?
898 2052 954 2106 Si
987 2052 1132 2107 enim
1184 2051 1613 2121 respondebunt,
1646 2052 1867 2107 mistum
1906 2067 2030 2107 esse
2061 2051 2215 2107 Sata-

2195 2083 2215 2094 -
2310 2049 2531 2113 τούτους
2563 2050 2808 2124 καρποὺς
2837 2050 2911 2122 μὴ
2938 2048 3076 2106 εἶναι
3110 2054 3203 2107 τοῦ
3245 2053 3486 2108 διαϐόλου
3505 2072 3518 2084 ·
3544 2055 3697 2108 οὐκέτι
3728 2055 3803 2125 γὰρ

648 2160 796 2211 nam,
830 2152 888 2199 ut
909 2145 1000 2215 qui
1034 2143 1243 2199 fructus
1273 2160 1341 2199 ex
1383 2144 1587 2199 virtute
1633 2160 1696 2198 ac
1747 2144 1879 2199 vitio
1905 2143 2096 2199 mistos
2131 2154 2214 2199 at-

2194 2175 2214 2187 -
2309 2141 2360 2194 οί
2409 2142 2589 2211 μικτοὶ
2626 2140 2718 2194 τοῦ
2761 2143 2994 2212 ἀμίκτου
3042 2138 3151 2197 εἷεν
3193 2143 3262 2197 ἂν
3306 2145 3519 2216 καρποὶ,
3548 2143 3655 2197 οὔτε
3694 2143 3802 2214 ῥίζαν

648 2238 851 2299 tulerit,
888 2244 980 2290 aut
1006 2236 1218 2290 fructus
1254 2235 1356 2291 hos
1386 2251 1494 2290 non
1524 2249 1645 2290 esse
1663 2234 1903 2303 diaboli;
1933 2250 2039 2289 non
2065 2236 2211 2290 enim

2194 2251 2211 2289 ι
2309 2234 2370 2288 τὸ
2400 2233 2628 2305 ἄμικτον
2658 2234 2754 2289 τοῦ
2792 2236 2981 2305 μικτοῦ
3016 2238 3318 2307 φανήσεται
3341 2255 3354 2269 υ
3381 2233 3519 2292 οὗτοι
3545 2238 3596 2291 δὲ
3636 2237 3710 2290 καὶ
3742 2253 3802 2306 μι-

645 2327 859 2382 fructus
918 2325 1096 2389 misti,
1154 2324 1369 2379 fructus
1418 2323 1621 2380 fuerint
1653 2325 1892 2379 carentis
1920 2325 2210 2392 mistione;

2193 2342 2210 2392 ;
2310 2325 2428 2377 κτοὶ
2452 2325 2724 2397 ἐφάνησαν
2755 2327 2950 2399 χρόνῳ,
2985 2328 3077 2381 καὶ
3121 2327 3223 2391 τὰς
3254 2330 3552 2400 ἐπιστήμας
3577 2327 3799 2390 λαϐόντες,

643 2434 821 2489 neque
853 2417 999 2487 quod
1034 2431 1140 2470 non
1178 2422 1264 2470 est
1316 2415 1539 2470 mistum
1565 2456 1581 2480 ,
1615 2416 1769 2470 radix
1801 2416 1945 2495 misti
1979 2418 2115 2483 erit;
2155 2416 2210 2470 bi

2193 2416 2210 2470 i
2311 2413 2405 2466 καὶ
2438 2415 2669 2485 πονηρίᾳ
2696 2414 3035 2487 αἱρεθέντες’
3072 2417 3167 2471 καὶ
3198 2419 3492 2489 φανήσεται
3518 2417 3639 2472 κατὰ
3663 2415 3799 2470 τοῦτον

645 2517 827 2564 autem
863 2508 1008 2563 misti
1039 2522 1180 2569 esse,
1211 2505 1396 2576 aliquo
1444 2513 1689 2576 tempore
1738 2515 2128 2577 apparuerunt,
2158 2517 2213 2562 et

2193 2517 2213 2562 ι
2307 2503 2399 2558 τὸν
2425 2504 2579 2573 λόγον
2605 2504 2829 2576 πλάσμα
2852 2503 2990 2560 εἶναι
3010 2506 3190 2576 λόγου,
3222 2508 3319 2562 καὶ
3354 2508 3428 2581 μὴ
3456 2507 3681 2570 ἀληθείας
3703 2505 3797 2559 ὁπό-

645 2596 950 2666 percepisse
977 2594 1254 2656 scientias.
1288 2601 1342 2649 et
1372 2595 1721 2666 improbitate
1745 2597 1889 2667 capti
1913 2612 2036 2652 esse
2062 2615 2076 2652 :
2108 2598 2210 2653 hac
2310 2610 2519 2659 στασις.

642 2689 854 2744 ratione
890 2687 1225 2759 apparebunt
1274 2702 1382 2743 non
1440 2702 1562 2744 esse
1609 2704 1749 2745 verae
1781 2705 2060 2761 personae,
2111 2691 2207 2748 sed

641 2781 781 2836 ﬁcta:
809 2781 1157 2851 cogitatione.

714 2869 787 2924 En
835 2870 1067 2939 Pharao,
1104 2888 1230 2928 cum
1272 2873 1603 2943 increpatur,
1652 2874 1878 2929 remittit
1921 2882 1975 2931 et
2020 2875 2205 2930 molli-

2182 2903 2205 2918 -
2387 2873 2513 2926 Ἰδοὺ
2538 2872 2645 2940 γὰρ
2671 2872 2698 2924 ὁ
2726 2873 2823 2942 μὲν
2846 2871 3042 2944 Φαραὼ
3068 2874 3126 2926 ἐν
3148 2876 3273 2938 ταῖς
3298 2874 3588 2945 ἐπιτιμίαις
3609 2870 3790 2927 ἐνδίδωσι

636 2970 748 3029 tur,
783 2962 1018 3019 flectitur
1050 2973 1250 3034 mente,
1293 2976 1347 3021 et
1391 2981 1650 3035 percussa
1701 2966 1882 3020 anima
1930 2984 2038 3023 non
2080 2984 2205 3039 per-

2183 2998 2205 3010 -
2304 2964 2398 3018 καὶ¹
2435 2964 2782 3019 άπαλύνεται·
2824 2964 3064 3018 ἐνδίδωσι
3106 2968 3170 3037 τῇ
3219 2966 3449 3038 διανοίᾳ,
3492 2967 3577 3020 καὶ
3613 2979 3791 3019 utatu-

636 3063 849 3111 severat
883 3057 940 3110 in
978 3056 1217 3123 duritia;
1258 3057 1390 3128 quin
1433 3057 1612 3127 potius
1640 3056 1749 3113 duo
1779 3056 1910 3112 facit
1967 3077 1981 3113 :
2027 3061 2201 3129 poscit
2226 3105 2244 3160 ⁴

2181 3069 2201 3114 ι
2226 3103 2268 3161 c
2305 3058 2458 3128 φθεὶς
2497 3059 2594 3129 τὴν
2630 3057 2806 3129 ψυχὴν
2845 3058 2945 3111 οὐκ
2988 3057 3237 3127 ἐπιμένει
3274 3062 3342 3129 τῇ
3376 3058 3659 3131 τραχύτητι·
3691 3052 3788 3155 ἀλλά

634 3145 780 3217 quod
822 3152 993 3218 optat,
1041 3157 1094 3202 et
1138 3156 1362 3204 accusat
1413 3147 1667 3216 factum;
1717 3156 1771 3204 et
1826 3164 1958 3220 non,
1987 3153 2200 3208 videtur
2228 3143 2242 3159 “

2178 3170 2200 3208 ι·
2228 3143 2268 3161 “
2298 3150 2391 3203 δύο
2423 3154 2583 3214 ποιεῖ,
2628 3150 2722 3203 καὶ
2765 3149 2862 3220 τήν
2902 3148 3064 3220 εὐχὴν
3094 3151 3256 3215 αἰτεῖ,
3305 3151 3398 3204 καὶ
3438 3148 3694 3221 κατηγορεῖ
3720 3143 3786 3199 τοῦ

634 3238 815 3294 anima
838 3239 1011 3294 oculis
1037 3245 1215 3309 capta,
1248 3240 1343 3295 sed
1376 3240 1444 3294 ad
1471 3240 1845 3310 paenitentiam
1877 3242 2194 3310 procedens,

2178 3283 2194 3308 ,
2296 3239 2607 3311 γενομένου,
2638 3239 2731 3292 καὶ
2758 3240 2817 3292 οὐ
2854 3239 3099 3308 φαίνεται
3133 3238 3314 3310 πηρδς
3342 3242 3376 3311 ἡ
3409 3238 3565 3311 ψυχὴ,
3595 3237 3687 3292 ἀλλ’
3715 3237 3786 3307 ἐμ.

633 3344 700 3385 ac
732 3331 1051 3401 petitionem
1080 3338 1136 3385 et
1172 3332 1631 3402 supplicationem
1671 3320 2026 3403 amplectens,
2057 3345 2110 3391 et
2140 3337 2196 3392 in

2175 3354 2196 3392 ,t
2296 3335 2586 3397 ϐλέπουσα,
2618 3334 2712 3388 καὶ
2747 3334 2879 3404 πρὸς
2909 3333 3191 3405 μετάνοιαν
3225 3332 3495 3405 χωροῦσω
3530 3329 3783 3401 ἀντιλαμϐα-

630 3422 886 3493 precibus
928 3422 1234 3479 blandiens.
1285 3423 1346 3477 Si
1397 3430 1579 3479 autem
1622 3432 1820 3478 natura
1853 3426 2030 3483 malus
2061 3410 2197 3483 fuis-

2176 3457 2197 3471 -
2294 3427 2490 3498 νομένη
2529 3427 2585 3480 δέ
2627 3427 2719 3480 καὶ
2750 3426 2849 3495 τῆς
2877 3426 3141 3494 αἰτήσεως
3178 3426 3275 3478 καὶ
3307 3424 3528 3488 ἱκεσίας,
3567 3423 3646 3476 καὶ
3672 3422 3782 3474 λιπα-

633 3516 736 3575 set,
783 3512 1057 3581 quomodo
1110 3513 1177 3569 de
1227 3513 1481 3583 precibus
1531 3521 1585 3569 et
1634 3515 1955 3584 pmnitentia
2009 3519 2197 3589 cogni-

2174 3547 2197 3559 -
2297 3518 2461 3589 ροῦσα
2488 3518 2647 3588 εὐχῆς
2668 3516 2871 3570 ἕνεκεν.
2902 3517 2961 3569 Ei
2984 3515 3041 3569 δέ
3061 3515 3328 3584 ἐπεφύκει
3353 3516 3534 3580 κακὸς,
3555 3515 3653 3578 πῶς
3670 3509 3782 3580 ἐγώ

633 3601 836 3657 tionem
880 3603 1204 3659 habuisset?
1246 3604 1304 3658 Si
1357 3605 1692 3684 cnimgbooa
1728 3614 1813 3661 est
1850 3610 2190 3676 poenitentia,

2178 3652 2190 3674 ,
2292 3626 2376 3663 κει
2407 3608 2531 3680 περὶ
2554 3608 2651 3680 τῆς
2672 3609 2833 3679 εὐχῆς
2855 3608 3065 3680 καὶτῆς
3086 3609 3404 3679 μετανοίας;
3426 3610 3485 3661 El
3504 3606 3600 3678 γὰρ
3622 3601 3781 3675 ήμετᾶ·

629 3704 686 3748 et
742 3694 883 3749 bona
938 3696 1065 3750 item
1128 3698 1409 3766 precatio;
1477 3698 1524 3752 si
1575 3713 1703 3754 vero
1762 3708 1956 3755 natura
2027 3702 2188 3766 mala,

2173 3743 2188 3766 ,
2290 3719 2406 3754 νοια
2436 3701 2596 3773 καλὴ,
2637 3701 2730 3755 καὶ
2764 3701 2895 3772 εὐχὴ
2929 3700 3089 3772 καλή*
3120 3702 3169 3754 εἱ
3194 3700 3254 3754 δὲ
3284 3703 3318 3773 ἠ
3348 3701 3504 3773 φύσις
3534 3698 3672 3769 κακὴ.
3697 3695 3778 3757 m3;

629 3786 903 3857 quomodo
955 3788 1158 3843 malum
1207 3803 1333 3842 cum
1391 3788 1536 3844 bono
1584 3791 1807 3845 mistum
1863 3792 2000 3846 fuit?
2041 3793 2192 3860 Quo-

2173 3823 2192 3836 -
2290 3793 2456 3863 ἐμίγη
2502 3793 2565 3846 τὸ
2606 3791 2775 3847 κακὸν
2804 3792 2882 3863 τῷ
2917 3791 3094 3863 καλῷς
3142 3792 3271 3857 Πῶς
3305 3794 3361 3847 δὲ
3394 3796 3458 3848 ἐκ
3487 3791 3635 3847 κακοῦ
3664 3789 3781 3843 καλὸν

628 3878 791 3934 modo
840 3895 907 3934 ex
964 3881 1107 3935 malo
1152 3881 1355 3936 bonum
1415 3880 1688 3950 prolatum
1740 3883 1863 3937 est?
1906 3883 2188 3956 Apparent

2170 3896 2188 3941 t
2290 3882 2628 3956 προηνέχθη;
2676 3885 2784 3937 Καὶ
2826 3882 3105 3952 φαίνονται
3153 3884 3229 3954 μὴ
3270 3885 3468 3948 εἰδότες
3507 3885 3534 3939 δ
3572 3884 3778 3952 λέγουσιν·

626 3988 735 4028 non
784 3974 1084 4045 intelligere
1110 3990 1230 4045 quae
1262 3974 1580 4043 loquuntur,
1619 3974 1750 4044 quin
1787 3976 1967 4044 potius
2010 3988 2190 4034 ntentc

2171 3994 2190 4034 3
2287 3974 2422 4029 ἀλλὰ
2462 3974 2766 4047 ἀπαιδεύτῳ
2803 3974 2995 4049 γνώμῃ
3038 3974 3329 4047 πτύσματα
3365 3976 3553 4048 μᾶλλον
3580 3973 3779 4048 ῥημάτων

625 4065 749 4121 rudi
797 4073 852 4121 et
904 4067 1195 4131 inerudita,
1240 4074 1397 4136 sputa
1444 4065 1619 4137 magis
1671 4068 1988 4137 verborum,
2022 4086 2186 4142 quam

1444 4065 1619 4137 magis
1671 4068 1988 4156 verborum,
2022 4086 2186 4142 quam
2285 4065 2318 4136 ἢ
2348 4067 2564 4137 ῥήματα
2596 4066 3043 4138 προσφερόμενοι.

625 4158 786 4215 verba
814 4158 1077 4229 proferre.

691 4270 1216 4338 Nabuchodonosor,
1245 4271 1491 4342 quamvis
1519 4272 1763 4329 moribus
1801 4288 1977 4329 saevus
2013 4283 2181 4343 esset,

2172 4320 2181 4343 ,
2353 4269 2415 4321 El
2437 4267 2493 4321 δὲ
2525 4267 2661 4320 καὶὸ
2690 4265 3171 4338 Ναϐουχοδονόσορ,
3216 4268 3395 4321 καίτοι
3423 4266 3632 4339 χαλεπὸς
3656 4263 3715 4316 ὢν
3736 4259 3780 4312 τὸ

620 4375 675 4419 ct
716 4364 991 4418 fornacem
1026 4370 1406 4435 praeparasset,
1446 4371 1500 4417 et
1533 4362 1823 4434 imaginem
1863 4362 2103 4431 fecisset,
2127 4374 2183 4422 et

2172 4374 2183 4419 ι
2281 4356 2410 4431 ἦθος
2437 4362 2543 4413 καὶ
2583 4360 2682 4429 τὴν
2729 4360 2958 4431 κάμινον
3005 4359 3352 4429 εὐτρεπίσας,
3398 4363 3488 4415 καὶ
3524 4360 3612 4430 τὴν
3640 4352 3780 4410 εἰκόνα

619 4458 785 4514 minis
834 4467 1082 4520 terreret,
1121 4463 1285 4527 atque
1320 4455 1607 4527 imaginem
1634 4456 1883 4510 venerari
1923 4465 2174 4527 cogeret;
2210 4460 2227 4519 1

2169 4476 2174 4522 ;
2210 4460 2254 4519 D
2284 4454 2528 4524 ποιήσας,
2576 4454 2669 4507 καὶ
2709 4455 2774 4523 τῇ
2814 4451 3004 4523 ἀπειλῇ
3047 4451 3261 4521 φοϐῶν,
3298 4454 3391 4507 καὶ
3422 4450 3706 4523 προσκυνεῖν
3733 4442 3777 4496 τὸ

620 4552 803 4605 statim
847 4558 906 4603 ut
955 4549 1130 4604 sancti
1168 4548 1320 4619 pueri
1361 4549 1415 4603 in
1453 4547 1722 4604 fornacem
1762 4549 1893 4602 illati
1933 4558 2080 4615 sunt,
2126 4559 2180 4605 et

2169 4559 2180 4602 ι
2279 4544 2495 4615 ἄγαλμα
2525 4544 2865 4612 ἀναγκάζων,
2901 4543 2973 4606 ὡς
2997 4545 3044 4596 οἱ
3069 4543 3212 4612 ἅγιοι
3242 4543 3389 4597 ἐνδον
3416 4542 3685 4600 ἐϐάλλοντο,
3709 4534 3777 4588 καὶ

619 4638 844 4694 cedebat
887 4637 1124 4704 ﬂamma,
1168 4649 1220 4692 et
1256 4651 1485 4707 corpora
1524 4652 1631 4692 non
1686 4638 1887 4708 attigit,
1922 4638 2178 4711 factaque

2167 4657 2178 4695 ξ
2278 4635 2546 4708 ὑπεχώρει
2584 4639 2616 4707 ή
2647 4635 2776 4706 φλὸξ
2806 4636 2897 4690 καὶ
2938 4634 3043 4689 τῶν
3073 4635 3337 4706 σωμάτων
3370 4635 3463 4706 οὐχ
3490 4636 3684 4706 ἥπτετο,
3710 4626 3775 4681 καί

598 4739 702 4807 ‘est
760 4730 949 4787 fornax
997 4744 1290 4801 synagoga,
1344 4745 1409 4784 ac
1461 4745 1563 4801 pro
1606 4730 1857 4786 lamentis
1903 4731 2087 4803 hymni
2125 4740 2178 4787 et

2168 4740 2178 4787 ι
2209 4792 2217 4801 ,
2279 4727 2562 4797 συναγωγὴ
2598 4727 2630 4798 ή
2655 4727 2879 4798 κάμινος
2906 4727 3125 4795 ἐγίνετο
3159 4726 3254 4779 καὶ
3282 4726 3401 4780 ἀντὶ
3427 4723 3652 4796 ὀδυρμῶν
3668 4720 3776 4773 ἔνδον

614 4823 808 4880 laudes
856 4823 1269 4887 adhibebantur,
1330 4837 1504 4892 neque
1552 4822 1663 4891 jam
1725 4829 1987 4893 tanquam
2054 4824 2177 4894 igne

2169 4842 2177 4876 ε
2278 4816 2434 4888 ὕμνοι
2475 4818 2769 4881 ἐτελοῦντο,
2803 4819 2897 4872 καὶ
2929 4818 3109 4872 οὐκέτι
3142 4818 3440 4889 καιομένης
3474 4813 3654 4887 σαρκὸς
3677 4809 3777 4882 θρῆο

614 4932 838 4981 carnem
894 4922 1083 4971 urente
1141 4915 1457 4970 lamentatio
1508 4914 1691 4978 fiebat,
1747 4914 1842 4969 sed
1890 4915 1958 4969 ab
1994 4914 2175 4969 anima

2165 4932 2175 4969 ι
2275 4926 2362 4973 νος
2394 4910 2686 4982 ἐπέμπετο,
2730 4910 2843 4964 ἀλλ’
2876 4913 2939 4964 ἐκ
2971 4908 3445 4982 πανηγυριζούσης
3471 4906 3629 4976 ψυχῆς
3658 4898 3773 4972 ᾆσμα

612 5012 832 5066 laetante
886 5015 1081 5064 cantus
1135 5006 1511 5063 celebrabatur
1573 5023 1588 5060 ε
1645 5008 1861 5071 statim,
1915 5007 2169 5079 inquam,

2164 5049 2169 5069 ,
2274 5000 2523 5054 ἐτελεῖτοο
2549 5002 2858 5073 παρέκυψεν
2891 5002 3015 5056 ίδεῖν
3042 5003 3109 5056 τὰ
3137 5002 3304 5067 ἔνδον,
3334 5003 3601 5073 τετίμηται
3623 4998 3678 5067 τῇ
3703 4987 3772 5044 τοῦ

613 5099 895 5170 prospexit
950 5112 1070 5169 quae
1122 5097 1265 5151 intra
1329 5095 1602 5150 fornacem
1662 5096 1893 5160 fiebant,
1940 5098 2172 5152 honora-

2164 5128 2172 5138 -
2272 5092 2504 5162 ἀγγέλου
2543 5093 2760 5165 θεωρίᾳ,
2797 5094 2973 5165 άφῆκε
3008 5094 3208 5166 φωνήνο
3255 5092 3399 5162 Οὐχὶ
3427 5089 3572 5161 τρεῖς
3596 5084 3772 5170 ἄνδρας

614 5168 809 5262 tneque
855 5197 941 5247 est
972 5168 1164 5260 angeli
1218 5187 1551 5259 spectaculo,
1597 5188 1855 5258 misitque
1905 5204 2095 5243 vocem
2152 5207 2167 5244 :

2159 5208 2167 5244 :
2270 5184 2628 5255 ἐνεϐάλομεν
2654 5188 2740 5251 εὶς
2764 5184 2876 5253 τὴν
2896 5185 3179 5267 recipit-or;
3210 5184 3337 5240 ίδοὺ
3366 5187 3641 5250 τέσσαρας
3664 5168 3767 5267 ὁρῶ.

613 5281 800 5337 Nonne
830 5292 933 5337 tres
956 5282 1090 5336 siros
1122 5281 1175 5336 in
1204 5280 1470 5352 fornacem
1491 5280 1806 5335 intulimus?
1840 5296 1923 5344 en,
1947 5290 2171 5351 quatuor

2160 5298 2171 5311 ’
2270 5280 2368 5332 καὶ
2400 5276 2505 5331 τὸν
2539 5277 2838 5346 τέταρτον,
2880 5278 2959 5344 ὡς
2997 5265 3198 5347 ὅμοιον
3243 5276 3350 5343 Υιῷ
3393 5274 3551 5331 Θεοῦ.
3599 5265 3768 5352 Εῠδέως

607 5374 779 5438 video,
830 5384 881 5429 et
926 5383 1172 5445 quartum
1206 5350 1475 5444 tanquam
1525 5371 1749 5427 similem
1793 5350 2081 5426 FilioDei
2125 5371 2167 5423 ⁷.

2155 5410 2167 5423 .
2269 5369 2397 5440 γοῦν
2423 5370 2623 5442 γράφει
2655 5370 2795 5442 ὑπὲρ
2820 5369 3010 5424 τούτου
3039 5371 3219 5442 νόμον,
3248 5368 3517 5442 ὁμολογεῖν
3542 5362 3622 5416 τὸν
3647 5350 3763 5411 Θεὸν.

607 5464 881 5522 Continuo
920 5465 1084 5537 igitur
1126 5465 1300 5536 legem
1343 5463 1411 5520 de
1454 5461 1557 5517 hac
1602 5478 1663 5518 re
1700 5463 1913 5528 scribit,
1951 5470 2008 5518 ut
2039 5477 2169 5519 con-

2156 5495 2169 5505 -
2269 5465 2562 5535 μαρτυρεῖν
2589 5462 2685 5533 τὴν
2711 5460 2984 5534 ἀλήθειαν·
3008 5461 3275 5535 ἐξηγητὴς
3304 5462 3397 5533 τῆς
3420 5456 3636 5531 ὁράσεως
3654 5445 3764 5517 γίνεσ

605 5558 863 5615 fiteantur
901 5556 1094 5614 Deum.
1145 5565 1205 5612 ut
1243 5562 1514 5613 testentur
1547 5555 1828 5613 veritatem
1858 5573 1872 5625 ;
1908 5556 1967 5612 fit
1998 5554 2171 5612 inter-

2152 5585 2171 5599 -
2265 5570 2374 5610 ται.
2398 5554 2762 5627 Διαϐάλλομεν
2791 5550 2883 5609 οὖν
2908 5553 3006 5620 τὰς
3036 5552 3337 5626 ἐξηγήσεις,
3371 5551 3402 5609 ἢ
3429 5542 3760 5610 ἐπαινέσομνί

680 5717 702 5751 ⁵
723 5717 829 5773 lsa.
856 5732 897 5783 ι,
930 5717 1016 5784 19,
1039 5716 1127 5771 20.
1203 5717 1224 5749 ⁷
1254 5713 1389 5771 Dan.
1417 5729 1499 5780 tu,
1530 5713 1619 5783 9i,
1649 5711 1739 5771 92.
