4072 6338
299 263 442 319 Η.Ξὸ

1317 259 1685 315 ADV’ERSUS
1722 257 2148 315 MANICHJEOS
2189 258 2316 314 LIB.
2359 259 2400 314 1.

3401 254 3537 312 1126

297 379 462 432 καλὸν
498 378 561 432 τὸ
596 377 1126 447 ,πρεσϐεύὲινῠπὲρ
1169 377 1446 445 Χριστοῦ,
1491 379 1522 448 ἢ
1566 379 1623 432 ὲν
1651 377 1864 448 πονηρῷ

1969 393 2091 446 pres
2138 385 2192 431 et
2235 383 2521 431 enarrator
2566 372 2690 428 visi.
2739 371 3132 426 Accusabimus
3173 371 3338 442 igitur
3375 387 3535 427 enar-

299 475 457 542 μέρει
478 471 608 524 αὐτὸ
633 470 844 540 ἐῶμεν;
874 471 936 522 Ei
969 471 1066 540 μὲν
1097 470 1205 542 γὰρ
1226 471 1286 523 τὸ
1310 471 1627 541 πρεσϐεύειν
1655 469 1720 522 τὰ
1751 468 1866 522 θεῖα

292 565 472 629 λόγια,
500 564 592 615 καὶ
617 562 898 633 μάρτυρας
920 557 1057 614 εἶναι
1081 562 1177 632 τῆς
1203 561 1476 631 ἀληθείας,
1506 560 1685 613 καλόν·
1712 560 1869 630 ἐπρέ-

297 653 493 704 σὸευσε
521 651 701 708 δὲκαὶ
735 650 1223 722 Ναϐουχοδονόσορ,
1271 652 1366 704 καὶ
1405 651 1626 722 ἔγραψε,
1665 650 1757 702 καὶ
1790 653 1868 714 εἰς

297 746 480 796 πᾶσαν
500 745 596 814 τὴν
618 742 788 814 ἀρχὴν
816 742 979 794 αὑτοῦ
1004 743 1232 812 ἔπεμψε·
1270 742 1480 795 λέλυται
1501 744 1533 812 ἡ
1557 742 1715 810 φύσις
1732 741 1864 812 (ao)-

295 834 659 902 ἐπιστάμενος
683 832 790 902 γὰρ
825 832 884 884 τὸ
918 831 1097 894 καλὸν,
1133 832 1266 902 πρὸς
1295 831 1388 902 τὴν
1423 831 1651 902 μάθησιν
1680 832 1866 901 ἔϐλεψε

297 925 395 976 τοῦ
433 923 616 976 καλοῦ.
659 924 720 975 El
747 923 802 976 δὲ
834 922 1070 993 ἤμϐλυνε
1101 923 1198 992 τὴν
1237 924 1473 994 μάθησιν
1507 928 1570 995 τῇ
1607 925 1738 995 πρὸς
1767 926 1866 994 τὴν

301 1015 566 1085 πονηρίαν
593 1014 844 1075 διαθέσει,
874 1019 1273 1084 κατηγορεῖται·
1301 1017 1480 1087 ἕτερον
1509 1017 1616 1087 γὰρ
1645 1019 1704 1070 τὸ
1731 1018 1866 1081 ὅλως

302 1107 379 1177 μὴ
403 1105 659 1159 δύνασθαι
683 1109 852 1160 ποιεῖν
874 1105 932 1158 τὺ
952 1106 1132 1158 καλόν·
1161 1107 1245 1158 ἓτε
1255 1125 1344 1177 ρον
1365 1108 1417 1160 δὲ
1443 1109 1503 1160 τὸ
1525 1110 1721 1162 εἰδέναι
1745 1110 1863 1179 μὲν,

303 1198 380 1269 μὴ
399 1197 655 1250 δύνασθαι
669 1198 726 1251 δὲ
739 1201 908 1251 ποιεῖν
929 1198 986 1250 τὸ
1005 1197 1193 1262 καλὸν,
1221 1201 1284 1269 τῇ
1312 1199 1444 1270 πρὸς
1467 1199 1532 1252 τὰ
1555 1200 1697 1272 πάθη
1724 1203 1862 1271 ῥοπῇ

226 1283 243 1298 ’
297 1287 630 1359 ἡττώμενον.

1972 469 2234 530 rationes,
2269 481 2336 520 an
2370 465 2753 520 laudabimus?
2773 464 3028 534 praeclara
3055 479 3142 518 res
3175 472 3257 518 est
3280 463 3536 533 legatione

1974 557 2120 628 fungi
2173 573 2268 626 pro
2315 556 2573 611 Christo“
2629 572 2642 608 :
2699 569 2768 607 an
2814 554 2915 606 hoc
2961 552 3020 605 in
3069 552 3267 605 malam
3323 559 3534 620 partem

1973 653 2144 721 accipi
2197 649 2496 706 sinamus?-
2535 646 2590 701 Si
2639 647 2790 702 obire
2829 646 3152 716 legationem
3197 659 3298 714 pro
3345 643 3533 697 divina

1975 743 2281 814 Scriptura,
2333 752 2388 798 et
2430 750 2596 797 testes
2636 755 2757 795 esse
2802 739 3046 794 veritatis
3087 730 3384 808 gloriosum
3423 745 3529 802 est,

1981 836 2152 890 obivit
2196 845 2371 890 autem
2416 835 2733 905 legationem
2764 831 3284 893 Nabuchodonosor,
3310 838 3364 885 et
3393 831 3533 886 scri-

1972 926 2100 995 psit,
2123 934 2176 980 ct
2209 926 2274 980 ad
2303 926 2608 980 universam
2641 923 2897 982 ditionem
2931 939 3082 976 suam
3109 925 3251 976 misit
3279 939 3292 975 :
3321 921 3532 977 sublata

1972 1026 2057 1071 εει
2104 1028 2302 1071 natura
2354 1017 2480 1070 mali
2514 1032 2526 1067 :
2555 1015 2825 1085 siquidem
2860 1030 2982 1069 cum
3019 1015 3204 1078 sciret,
3235 1012 3379 1084 quod
3413 1019 3532 1068 erat

1972 1109 2198 1172 bonum,
2253 1108 2319 1162 ad
2371 1107 2675 1161 doctrinam
2711 1106 2777 1160 de
2818 1106 2962 1160 bono
3008 1107 3264 1175 respexit.
3307 1105 3364 1158 Si
3400 1121 3531 1159 vero

1971 1199 2273 1255 doctrinam
2311 1199 2596 1254 affectione
2639 1199 2996 1268 turpitudinis
3045 1197 3337 1261 hebetavit,
3365 1212 3530 1252 accu-

1972 1299 2166 1358 satur;
2227 1289 2374 1343 aliud
2429 1289 2571 1344 enim
2623 1296 2730 1352 est,
2779 1303 2887 1341 non
2943 1302 3104 1357 posse
3154 1301 3312 1355 agere
3381 1283 3530 1353 quod

299 1381 592 1436 honestum
643 1389 772 1448 est;
834 1381 981 1436 aliud
1029 1399 1158 1438 vero
1210 1384 1352 1440 scire
1396 1384 1527 1455 quid
1573 1393 1678 1454 εει,
1724 1385 1868 1457 quod
1907 1387 2196 1442 honestum
2232 1394 2337 1450 est,
2370 1401 2476 1439 non
2517 1393 2697 1439 tamen
2763 1399 2922 1439 acere
2971 1398 3152 1438 oosse.
3187 1379 3528 1436 inclinationi

299 1471 528 1527 allectus
566 1474 1032 1528 succumbentem.

385 1569 599 1640 Ἐπειδὴ
637 1569 689 1623 δὲ
727 1573 782 1622 ἐν
812 1571 1114 1643 ἀνθρώποις
1139 1573 1341 1644 καρποὶ
1372 1572 1465 1626 τοῦ
1501 1573 1744 1627 διαϐόλου
1767 1574 1860 1644 οὐχ

2037 1566 2238 1633 Quodsi
2283 1567 2335 1620 in
2377 1566 2690 1620 hominibus
2730 1581 2836 1620 non
2893 1573 3021 1620 sunt
3071 1545 3269 1636 reperti
3312 1567 3525 1625 fructus

296 1662 361 1714 εὖ
371 1661 618 1732 ρέθησαν,
645 1663 736 1714 καὶ
758 1662 1082 1715 ἐδυσωπεῖτο
1107 1664 1283 1718 αὐτῶν
1303 1667 1330 1718 ὁ
1351 1664 1568 1736 τρόπος,
1591 1666 1684 1719 καὶ
1704 1666 1862 1736 ἠλέγ-

1966 1659 2190 1722 diaboli,
2249 1667 2302 1712 et
2361 1674 2546 1713 eorum
2585 1675 2724 1728 quos
2769 1658 3028 1721 diximus,
3071 1674 3250 1714 mores
3289 1659 3526 1730 pudendi

297 1752 402 1822 χθη
445 1751 621 1805 αὐτῶν
655 1753 685 1821 ἡ
717 1753 930 1804 ἀτοπία·
985 1752 1089 1804 ποῦ
1131 1752 1316 1806 λοιπὸν
1343 1754 1671 1825 τραπῶμεν;
1707 1758 1753 1808 εἰ
1790 1756 1862 1825 μὴ

297 1843 408 1913 ἄρα
450 1842 583 1912 πρὸς
618 1844 741 1903 τοὺς
781 1843 1036 1913 δαίμονας
1073 1843 1396 1915 βαδίσωμεν·
1434 1847 1486 1898 εἴ
1528 1862 1590 1912 γε
1643 1846 1716 1917 μὴ
1758 1847 1866 1917 ἄρα

298 1935 587 2004 φήσουσιν,
607 1934 726 1986 Ἀνθ
736 1932 928 2007 ρώπων
943 1935 1038 2004 μὲν
1059 1936 1230 1998 οὐδεὶς
1255 1937 1462 2007 καρπὸς
1481 1937 1572 1989 τοῦ
1596 1937 1862 1999 διαϐόλου,

296 2027 548 2096 δαίμονες
578 2025 632 2078 δὲ
657 2026 801 2092 γόνοι
827 2004 919 2077 καὶ
939 2026 1155 2089 τοκετὸς
1180 2027 1329 2096 μόνοι
1349 2025 1533 2081 αὐτοῦ.
1563 2029 1671 2080 Καὶ
1693 2027 1864 2081 ταῦτα

295 2117 546 2186 λέγοντες
577 2117 1050 2188 δυσωπηθήσονται
1084 2118 1180 2187 μὲν
1219 2120 1311 2171 καὶ
1350 2120 1404 2171 ὲν
1424 2118 1614 2190 τούτῳ·
1653 2120 1864 2190 πρῶτον

294 2205 356 2262 δὲ
391 2209 749 2262 ἀκουέτωσαν·
796 2209 855 2261 Εί
904 2209 1073 2271 οὐδεὶς
1111 2209 1394 2281 ἄνθρωπος
1438 2211 1572 2275 τέως
1611 2213 1704 2266 τοῦ
1749 2215 1865 2278 ἐνὸς

295 2300 642 2361 ἀπολέλυται,
682 2302 829 2354 οὐδὲν
865 2297 957 2354 οὖν
989 2301 1104 2372 (21)
1141 2303 1316 2355 κοινὸν
1366 2302 1444 2374 τῷ
1492 2305 1722 2376 Σατανᾷ,
1773 2309 1866 2360 καὶ

295 2392 380 2463 ’τῷ
421 2391 519 2463 βίῳ
559 2394 749 2464 τούτῳ,
799 2393 932 2446 ἀλλὰ
974 2394 1187 2448 πάντων
1233 2395 1599 2468 ἀπήλλακται.
1649 2400 1864 2454 πάντων

299 2485 489 2554 γέγονε
520 2487 686 2552 ξένος,
713 2485 1032 2556 ὲκόέϐληται
1062 2489 1498 2560 καταπετόμενος
1517 2491 1648 2561 (2‘2).

381 2751 596 2823 Ἐπειδὴ
623 2753 696 2814 δὲ,
729 2753 809 2806 ἔτι
831 2755 886 2806 ἐν
910 2757 972 2824 τῇ
1004 2754 1177 2826 πλάνῃ
1211 2755 1303 2807 καὶ
1337 2755 1394 2806 ὲν
1426 2759 1490 2826 τῇ
1526 2754 1709 2828 ἀπάτῃ
1734 2771 1865 2824 προ-

298 2842 607 2906 κόπτοντες,
633 2845 710 2895 Ξτι
732 2844 1106 2916 ἀπατηλότερα
1126 2847 1218 2898 καὶ
1241 2847 1627 2916 πεπλανημένα
1723 2862 1864 2916 ματα

299 2935 652 3006 προφέρουσι,
680 2937 752 3005 μὴ
777 2938 1154 3007 σιωπησωμεν·
1185 2938 1314 3006 φασὶ
1343 2937 1469 3008 γὰρ,
1497 2939 1576 2990 ὅτι
1604 2937 1864 3009 προϊοῦσα

1970 1751 2208 1814 fuerunt,
2260 1749 2612 1820 ipsorumque
2651 1749 2932 1818 turpitudo
2973 1749 3222 1802 convicta
3260 1758 3384 1803 est:
3417 1766 3526 1819 quo

1966 1842 2183 1897 demum
2218 1849 2597 1896 convertemus
2644 1842 2776 1896 nos?
2817 1842 2920 1895 nisi
2966 1841 3103 1895 forte
3140 1842 3205 1896 ad
3253 1842 3525 1897 da:mones

1965 1950 2193 2000 eamus;
2232 1935 2336 1988 nisi
2367 1934 2506 1988 forte
2538 1934 2722 1987 dicant
2761 1935 2970 1988 nullum
2998 1934 3214 2004 quidem
3251 1936 3523 1990 Lominem

1966 2041 2088 2080 esse
2132 2025 2370 2080 fructum
2421 2027 2619 2081 diaboli
2651 2045 2666 2094 ;
2702 2027 2974 2082 daemones
3004 2042 3131 2081 vero
3178 2029 3345 2092 solos,
3384 2027 3524 2082 fetus

1965 2127 2018 2173 ει
2045 2127 2229 2188 partes
2267 2119 2384 2188 ejus
2407 2135 2550 2174 esse.
2579 2119 2682 2173 Sed
2708 2121 2754 2174 si
2788 2121 2887 2174 hoc
2916 2119 3171 2182 dixerint,
3197 2120 3283 2173 hic
3309 2136 3524 2191 quoque

1966 2208 2200 2277 pudendi
2229 2220 2408 2262 erunt.
2432 2207 2669 2261 Primum
2706 2223 2830 2262 vero
2859 2209 3079 2261 audiant
3113 2227 3125 2261 :
3165 2207 3224 2262 Si
3249 2209 3524 2266 daemones

1967 2309 2096 2354 sunt
2149 2300 2361 2354 fructus
2419 2300 2644 2362 diaboli,
2711 2307 2766 2354 et
2823 2300 3006 2355 nullus
3060 2301 3224 2355 homo
3277 2311 3360 2356 εει
3407 2301 3527 2354 dia-

1964 2393 2071 2447 boli
2135 2391 2402 2446 fructus:
2471 2393 2634 2460 igitur
2707 2393 2853 2445 nulla
2900 2401 2982 2447 est
3037 2392 3254 2448 diabolo
3309 2393 3363 2446 in
3421 2393 3524 2447 hac

1965 2484 2072 2537 vita
2123 2499 2244 2536 cum
2289 2483 2602 2539 hominibus
2645 2486 3047 2550 communitas;
3093 2485 3187 2540 sed
3235 2485 3418 2555 potius
3456 2485 3525 2540 ab

1964 2575 2221 2629 omnibus
2253 2575 2561 2645 disjunctus
2589 2583 2692 2641 est,
2725 2575 2794 2629 ab
2823 2577 3075 2631 omnibus
3109 2576 3378 2633 alienatus
3414 2585 3523 2644 εει,

1963 2665 2168 2735 cjcctus
2196 2674 2299 2721 est.

2033 2755 2171 2822 Quia
2199 2774 2322 2812 vero
2352 2758 2404 2812 in
2432 2773 2616 2813 errore
2645 2764 2698 2812 et
2728 2756 2941 2812 fallacia
2968 2759 3144 2814 adhuc
3174 2761 3526 2830 progredien-

1963 2857 2068 2913 tes,
2104 2851 2276 2920 magis
2324 2850 2503 2903 adhuc
2545 2851 2758 2903 fallacia
2787 2860 2839 2904 et
2870 2851 3124 2905 mendosa
3151 2851 3313 2904 verba
3342 2851 3525 2920 profe-

1966 2948 2116 3002 runt,
2144 2956 2210 2994 ne
2244 2941 2463 2994 silentio
2515 2940 2990 3008 praetermittamus
3017 2955 3078 2993 ea
3121 2957 3134 2992 :
3171 2941 3322 2993 aiunt
3354 2944 3521 3004 enim,

296 3029 332 3096 ἡ
365 3027 615 3097 πονηρία,
651 3029 742 3079 καὶ
779 3028 896 3080 καθ’
925 3030 1120 3099 ἑαυτὴν
1151 3027 1400 3100 χωροῦσα
1435 3029 1627 3100 ἑαυτὴν
1663 3030 1858 3100 ηδίκει,

1966 3028 2106 3100 quod
2154 3031 2392 3099 nequitia
2442 3037 2642 3083 cuncta
2681 3040 3018 3098 antegressa,
3061 3037 3114 3082 et
3164 3030 3278 3082 sola
3328 3046 3524 3099 proce-

301 3118 396 3170 καὶ
422 3117 613 3188 ἑαυτὴν
657 3118 990 3189 ἐλυμαίνετο·
1027 3121 1102 3184 ὡς
1131 3121 1184 3173 δὲ
1220 3121 1419 3193 ἐπέστη
1452 3121 1529 3192 τῷ
1559 3121 1740 3192 χωρίῳ
1768 3121 1864 3193 τῆς

299 3208 576 3280 ἀληθείας,
625 3210 927 3282 ἐξεπλάγη·
979 3212 1160 3282 θαῦμα
1206 3211 1363 3264 ἔλαϐε
1415 3211 1505 3264 τοῦ
1554 3211 1864 3277 ἐξαπιναίου

302 3301 497 3370 φωτός·
532 3302 820 3356 ἐπελάθετο
851 3305 948 3375 τῆς
976 3305 1109 3365 ἰδίας
1138 3306 1333 3374 μάχης·
1371 3305 1594 3357 ἐπέθετο
1639 3303 1716 3374 τῷ
1759 3321 1864 3373 φα-

302 3393 469 3444 νέντι·
506 3395 721 3463 ἥρπασε
748 3394 890 3463 φῶς·
932 3396 1155 3448 κατέπιε
1186 3397 1246 3448 τὸ
1283 3395 1572 3466 θεωρηθέν.
1607 3393 1866 3446 Ἐνταῦθα

299 3484 482 3537 λοιπὸν
517 3485 680 3547 πολὺς
714 3487 742 3536 ὁ
770 3486 941 3553 γέλως
982 3486 1073 3538 καὶ
1113 3486 1321 3556 μεγάλη
1357 3487 1388 3556 ἡ
1417 3484 1600 3555 χλεύη·
1632 3483 1863 3538 ἐνταῦθα

301 3575 411 3636 πᾶς
442 3573 742 3644 πεπάτηται
793 3575 957 3644 μῦθος
1013 3575 1338 3644 Ἑλληνικὸς,
1370 3574 1664 3644 νικώμενος
1693 3574 1865 3646 τούτῳ

297 3661 379 3732 τῷ
409 3665 664 3738 σχήματι·
699 3662 943 3730 λέγονται
987 3663 1093 3734 γὰρ
1139 3663 1295 3733 μῦθοι
1343 3666 1390 3716 οἱ
1435 3664 1613 3733 μῦθοι,
1651 3663 1763 3716 ἀλλ’
1790 3663 1866 3727 ὠς

303 3751 462 3822 μῦθοι
496 3752 854 3806 πιστεύονται·
894 3746 1046 3817 οὗτος
1075 3755 1150 3818 δὲ,
1187 3756 1234 3806 εί
1267 3756 1382 3825 μὲν,
1412 3755 1488 3828 ᾡς
1517 3755 1730 3824 ἐλέγετο
1765 3755 1865 3825 μῦο

297 3840 413 3904 οος,
441 3841 516 3904 ὡς
553 3841 718 3911 μῦθος
758 3841 1088 3904 ἐπιστεύετο,
1137 3843 1336 3914 μικρὰν
1379 3843 1444 3896 ἂν
1484 3839 1594 3913 εἶχε
1635 3845 1732 3915 τὴν
1772 3845 1866 3916 ξη-

301 3932 453 4006 μίαν·
505 3931 597 3985 νῦν
643 3932 698 3985 δὲ
740 3935 863 4003 νικᾷ
906 3933 1004 4003 μὲν
1047 3935 1172 3996 τοὺς
1209 3934 1429 4002 μύθους,
1468 3935 1779 3990 πιστεύεται
1809 3937 1863 3991 δὲ

301 4024 450 4096 παρὰ
473 4026 587 4086 τοῖς
615 4025 838 4094 ἄφροσιν
863 4023 937 4087 ὼς
961 4024 1203 4091 ἀλήθεια.
1241 4026 1301 4076 Εί
1329 4025 1437 4094 γὰρ
1463 4027 1536 4087 ὡς
1566 4030 1863 4097 μεμηνυῖα,

298 4117 378 4182 ὥς
406 4133 562 4186 φατε,
587 4119 680 4170 καὶ
714 4116 834 4169 καθ’
861 4117 1054 4187 ἑαυτὴν
1087 4117 1464 4188 πολιορκοῦσα,
1499 4117 1764 4186 ἐφθακυία
1787 4121 1866 4184 είς

297 4212 370 4265 τὰ
396 4213 566 4266 οἰκεῖα
599 4212 740 4280 ὅρια,
778 4206 880 4263 εἶδε
915 4210 1028 4278 φῶς
1062 4209 1154 4262 καὶ
1189 4211 1527 4280 κατεπλάγη,
1565 4211 1657 4264 καὶ
1685 4211 1864 4282 ἀπηλ-

300 4303 440 4375 λάγη
481 4302 580 4372 τῆς
619 4303 752 4365 ἰδίας
789 4302 984 4372 μάχης,
1017 4305 1108 4356 καὶ
1137 4302 1356 4355 ἐπέθετο
1391 4303 1466 4373 τῷ
1493 4303 1732 4372 φανέντι.
1765 4305 1866 4373 ἥρ·

1967 3123 2132 3183 dens,
2207 3123 2440 3190 seipsam
2490 3120 2688 3190 injuria
2726 3119 2987 3173 alliciebat
3021 3127 3074 3174 ει
3111 3119 3212 3174 sibi
3246 3121 3471 3173 nocebat
3505 3138 3518 3173 :

1967 3221 2252 3282 postquam
2294 3228 2424 3266 vero
2465 3211 2640 3265 adfuit
2668 3211 2724 3264 in
2769 3211 2891 3266 loco
2921 3209 3186 3273 veritatis,
3217 3211 3520 3279 obstupuit.

1965 3313 2020 3358 et
2074 3305 2420 3375 repentinum
2481 3305 2665 3357 lumen
2720 3303 2983 3356 admirata
3020 3311 3124 3364 εει,
3179 3317 3370 3372 pugnae
3410 3318 3523 3357 sua:

1967 3395 2134 3450 oblita
2186 3405 2290 3451 est.
2321 3395 2548 3450 ‘lnvasit
2595 3394 2741 3464 quod
2787 3394 3059 3463 apparuit,
3103 3395 3281 3464 rapuit
3314 3395 3518 3455 lumen.

1965 3487 2253 3542 absorbuit
2279 3493 2603 3556 spectatum.
2638 3484 2756 3539 Jam
2789 3485 2877 3539 hic
2910 3486 3053 3540 risus
3091 3486 3293 3541 multus
3321 3495 3374 3542 et
3409 3503 3523 3541 ma-

1965 3594 2127 3649 gnum
2160 3576 2452 3632 ludibrium
2490 3595 2504 3632 :
2549 3577 2635 3632 hic
2666 3577 2842 3632 omnis
2874 3576 3053 3631 fabula
3076 3576 3261 3632 Graeca
3289 3579 3518 3648 protrita

1963 3677 2066 3735 est,
2085 3681 2137 3725 et
2159 3671 2299 3724 victa
2316 3669 2478 3740 hujus
2504 3669 2696 3724 fabula:
2713 3669 2894 3723 habitu
2917 3687 2932 3735 ;
2953 3669 3144 3723 fabula:
3165 3669 3308 3723 enim
3327 3669 3522 3725 fabula:

1964 3761 2242 3826 dicuntur,
2283 3762 2378 3817 sed
2425 3772 2684 3832 tanquam
2719 3762 2920 3816 fabulis
2950 3761 3193 3816 creditur
3229 3782 3241 3816 :
3279 3763 3393 3817 hare
3423 3778 3524 3817 au~

1965 3861 2071 3908 tem
2112 3855 2157 3909 si
2194 3863 2252 3908 ut
2287 3854 2468 3908 fabula
2503 3855 2727 3918 dicitur,
2760 3855 2840 3909 sic
2881 3863 3136 3924 tanquam
3187 3855 3381 3910 fabulae
3410 3871 3524 3911 cre-

1965 3945 2205 4010 deretur,
2253 3963 2444 4016 parum
2505 3947 2692 4002 damni
2735 3946 2923 4011 ﬁeret;
2983 3961 3129 4000 nunc
3175 3961 3304 4000 vero
3355 3946 3522 4001 vincit

1967 4037 2178 4094 fabulas
2212 4054 2225 4090 :
2259 4047 2309 4094 et
2352 4039 2503 4095 stulti
2548 4037 2778 4093 credunt
2809 4038 2859 4093 ei
2902 4045 3159 4107 tanquam
3190 4037 3422 4116 veritati.
3463 4035 3519 4089 Si

1965 4133 2108 4186 enim
2139 4133 2278 4202 apud
2309 4147 2367 4186 se
2401 4146 2648 4195 manens,
2688 4137 2748 4184 ut
2779 4130 2983 4192 dicitis,
3019 4130 3252 4200 seipsam
3287 4127 3521 4187 obsedit,

1966 4239 2088 4277 cum
2135 4224 2373 4278 venisset
2432 4222 2488 4277 in
2541 4221 2678 4276 fines
2729 4221 2971 4287 luminis,
3033 4221 3168 4275 vidit
3227 4220 3410 4274 lumen
3468 4227 3524 4273 et

1967 4315 2273 4382 obstupuit,
2300 4323 2354 4369 et
2397 4329 2425 4367 a
2469 4329 2564 4368 sua
2609 4327 2786 4382 pugna
2839 4312 3063 4366 liberata
3105 4319 3210 4373 est,
3242 4319 3296 4366 et
3335 4311 3523 4364 adorta

300 4412 443 4449 πασε
475 4394 533 4447 τὸ
562 4393 850 4465 θεωρηθέν·
898 4393 1013 4456 πῶς
1061 4395 1159 4446 οὑκ
1213 4393 1457 4447 ἀδύνατοι
1506 4395 1600 4447 καὶ
1653 4393 1864 4464 ψευδεῖς

1967 4420 2048 4464 εει
2095 4410 2272 4462 lumen
2307 4409 2504 4469 visum,
2549 4413 2603 4460 et
2643 4406 2823 4474 rapuit
2859 4405 3000 4473 quod
3040 4406 3338 4473 spectavit;
3389 4420 3525 4472 quo-

302 4485 629 4555 φανήσονται
656 4487 703 4538 οἱ
724 4483 901 4552 λόγοι;
934 4483 1056 4546 Πῶς
1081 4483 1186 4553 γὰρ
1217 4485 1412 4554 ἑαυτὴν
1441 4485 1616 4552 ἠδίκει
1641 4485 1673 4555 ἡ
1705 4501 1866 4554 πονη-

306 4576 428 4646 ρία;
454 4575 644 4646 ἑαυτὴν
668 4574 874 4644 ἀνῄρει;
897 4574 1090 4643 ἑαυτὴν
1114 4573 1370 4643 ἠφάνιζεν
1391 4593 1405 4640 ;
1431 4575 1552 4646 ἄρτι
1581 4576 1676 4645 μὲν
1696 4592 1864 4628 κατα-

302 4667 552 4728 πίνουσα,
576 4667 697 4738 ἄρτι
721 4667 777 4718 δὲ
799 4667 1061 4734 γεννῶσα,
1096 4665 1208 4735 εἴγε
1239 4667 1527 4737 ἀγέννητος
1553 4663 1652 4737 ἦν;
1683 4665 1866 4719 ἐλύετο

301 4760 413 4832 γὰρ
441 4760 632 4830 ἑαυτὴν
657 4759 1054 4830 διαφθείρουσα.
1083 4760 1145 4810 Ei
1179 4758 1234 4810 δὲ
1265 4757 1331 4810 τὰ
1368 4758 1505 4830 μέρη
1539 4760 1732 4828 ἑαυτῆς
1754 4755 1863 4828 εἶχε

298 4849 738 4919 διαφθειρόμενα,
782 4851 932 4900 ποῖον
969 4847 1218 4919 ἐνέχυρον
1247 4845 1536 4919 αὔταρκες,
1573 4848 1654 4901 ὅτι
1679 4849 1772 4918 ὅλη
1801 4849 1862 4900 ού

383 4985 404 5015 ⁸
458 4982 498 5036 ll
529 4983 654 5037 Cor.
687 5001 739 5045 γ,
765 4983 852 5037 90.

377 5116 488 5188 (20)
534 5117 603 5170 Ἠ
631 5118 832 5188 φύσις.
886 5113 1496 5188 Ιιιιετρτεε.1εεεὶ›τιι,ή
1554 5117 1714 5185 φύσις
1767 5117 1861 5171 τοῦ

303 5187 501 5309 acrem";
559 5190 732 5256 Atque
781 5187 918 5238 hanc
971 5185 1274 5241 Ιεειίοηειῐί
1299 5185 1584 5241 confirmat
1628 5203 1863 5259 sequens

338 5275 464 5309 πιστ
509 5274 678 5309 ιιενοε.

304 5261 678 5320 ἐπιστάμενος.

728 5321 858 5380 οὖν.
883 5323 1055 5395 Opera
1083 5326 1225 5380 enim
1250 5327 1486 5382 hominis
1514 5328 1675 5393 mala,
1699 5343 1862 5396 opera

305 5399 650 5453 tenebrarum
683 5405 738 5450 et
763 5397 960 5449 diaboli
1004 5397 1279 5459 dicuntur,
1314 5406 1368 5452 et
1397 5407 1522 5453 sunt
1560 5400 1862 5452 secundum

303 5468 692 5534 imitationem;
719 5474 772 5521 et
801 5468 1098 5520 secundum
1129 5483 1191 5521 ea
1225 5479 1307 5522 est
1333 5469 1532 5524 homini
1561 5472 1864 5523 communi-

304 5549 389 5593 tas
423 5554 542 5591 cum
574 5554 658 5591 eo.
689 5537 914 5590 Deerant
944 5537 1028 5590 hic
1057 5537 1256 5606 aliqua.
1284 5539 1453 5593 Tuan.

377 5608 489 5677 (22)
533 5612 754 5662 Καταπ.
809 5607 1030 5662 Diversa
1073 5609 1228 5676 plane
1276 5617 1456 5663 textus
1487 5609 1656 5663 series
1695 5609 1860 5662 cst.in

303 5678 543 5745 Graecis;
579 5679 776 5750 quippe
821 5685 1143 5747 sequuntur,
1188 5679 1280 5731 καὶ
1333 5679 1476 5732 ἐστιν
1519 5679 1721 5748 ἁλωτὴ,
1771 5680 1863 5731 καὶ

1967 4498 2128 4554 modo
2157 4515 2265 4552 non
2297 4499 2636 4568 apparebunt
2667 4497 2780 4550 haec
2811 4511 2918 4549 non
2952 4510 3113 4564 posse
3142 4495 3277 4555 fieri.
3310 4503 3365 4548 et
3389 4495 3524 4548 falsa

1963 4593 2125 4647 esse?
2162 4591 2444 4656 Quomodo
2499 4589 2643 4642 enim
2695 4589 2936 4656 nequitia
2976 4587 3082 4642 sibi
3120 4588 3234 4656 ipsa
3266 4586 3538 4655 injuriam.

1966 4682 2236 4736 faciebat?
2279 4698 2338 4736 se
2396 4683 2514 4752 ipsa
2568 4679 2957 4735 interimebat?
2995 4695 3054 4734 se
3105 4679 3222 4749 ipsa
3268 4679 3527 4734 delebat?

1963 4773 2246 4839 Quomodo
2313 4790 2460 4828 nunc
2515 4774 2734 4843 quidem
2795 4773 3134 4834 absorbens,
3190 4785 3337 4826 nunc
3395 4785 3525 4823 vero

1962 4881 2251 4936 generatis.
2281 4867 2325 4919 si
2379 4867 2616 4937 ingenita
2649 4865 2804 4921 erat?
2844 4863 3246 4918 dissolvebatur
3267 4863 3411 4918 enim
3439 4877 3524 4918 se-

1962 5125 2115 5196 λυτὴ,
2139 5126 2231 5178 καὶ
2259 5124 2513 5195 λυομένη,
2539 5133 2705 5192 potest
2734 5125 2892 5196 igitur
2912 5122 3315 5196 εαρὶηάἱεεοίυὶ,
3339 5131 3387 5175 ει
3409 5123 3524 5196 di:-

1962 5193 2136 5248 soluta
2167 5207 2320 5264 atque
2349 5193 2672 5263 capto.etc.,
2707 5211 2826 5264 qua:
2864 5195 2915 5247 in
2952 5193 3145 5264 pagina
3176 5195 3418 5260 sequenti
3449 5195 3522 5248 le-

1963 5276 2172 5331 gentur.
2222 5263 2422 5320 Deinde
2465 5279 2592 5318 vero
2633 5265 2687 5317 in
2724 5263 2910 5318 codice
2956 5279 3058 5316 ms.
3117 5263 3522 5333 interjiciuntur

1963 5337 2169 5405 paginze
2215 5337 2480 5404 plurimae,
2516 5335 2570 5388 in
2610 5350 2839 5403 quorum
2884 5349 2988 5388 una
3027 5333 3522 5405 occurrit_initium

1964 5403 2085 5458 lini-i
2131 5403 2294 5460 tertii.
2333 5406 2467 5459 Cum
2507 5405 2620 5458 haec
2660 5405 2792 5460 satis
2829 5412 3080 5475 accurate
3120 5419 3226 5475 non
3262 5403 3523 5475 distingui

1963 5477 2014 5528 in
2047 5475 2234 5530 Graeco
2261 5475 2448 5530 codice
2479 5476 2635 5528 nobis
2666 5482 2960 5538 roristaret,
2997 5472 3250 5528 Turriani
3279 5472 3522 5530 ordinem

1961 5547 2154 5608 secuti,
2209 5561 2329 5615 qua:
2373 5546 2643 5613 discerpta
2664 5554 2749 5615 _ct
2800 5544 2853 5598 in
2890 5546 3050 5601 tertio
3101 5545 3236 5600 libro
3285 5544 3523 5615 reposita

1960 5627 2134 5683 erant,
2169 5613 2256 5672 hic
2289 5617 2630 5687 subjicimus.
2663 5613 2822 5670 BASN.
