4072 6338
677 279 817 337 1127

1818 266 1954 323 TITI
1985 263 2413 323 BOSTRENSIS
2451 262 2758 320 EPISCOPI

3716 271 3818 329 1128

675 398 851 470 ipsam
899 394 1255 457 interimens;
1298 402 1354 447 et
1402 406 1511 446 non
1555 391 1667 459 jam
1712 404 1836 445 esse
1874 394 2088 457 poterat
2130 386 2235 441 sibi
2269 396 2283 447 Α

2209 386 2235 438 υἱ
2269 393 2311 448 Α
2336 385 2718 455 διαφθείρεται,
2760 384 2866 436 τῶν
2906 383 3086 454 μερῶν
3137 383 3524 455 διαφθείρεσθαι
3572 388 3817 457 πεφυλαιώο

674 489 953 546 interitum
996 484 1250 541 aﬂ'erens.
1295 482 1353 539 Si
1399 492 1580 538 autem
1626 488 1809 552 partes
1844 493 1973 535 suas
2002 476 2235 532 habebat

672 582 1031 645 intereuntes,
1086 578 1231 649 quod
1290 578 1488 648 pignus
1534 591 1656 631 esse
1708 581 1886 643 potest
1932 570 2069 626 satis
2121 568 2236 623 ido-

672 689 867 738 neum,
897 687 1006 728 non
1052 678 1218 726 totam
1257 668 1480 723 interire
1524 665 1771 735 partibus
1810 663 1955 718 natis
1998 660 2140 731 aptis
2170 659 2238 713 ad

2337 494 2480 541 των;
2513 478 2573 529 Ei
2600 476 2656 529 δὲ
2685 475 2777 529 καὶ
2809 475 3006 547 ἑαυτὴν
3031 475 3238 543 ἐγέννα,
3276 477 3367 532 καὶ
3402 472 3531 532 εἶναι
3551 479 3731 550 ἤρχετοε
3752 485 3821 555 ἁρ-

2341 567 2543 638 χομένη
2583 566 2640 619 δὲ
2678 566 2772 620 τοῦ
2800 562 2959 633 εἶναι,
2988 570 3083 621 καὶ
3108 564 3449 640 γεννητὴ’ἦνσ
3488 569 3594 635 πῶς
3622 571 3691 624 ἔτι
3727 575 3820 641 ἀγέ.

2343 675 2538 729 νητος;

670 769 1053 824 iutereundum
1073 768 1097 820 ‘l
1121 765 1178 820 Si
1205 772 1387 820 autem
1417 765 1653 833 seipsam
1686 759 2001 832 generabat,
2029 767 2084 813 et
2105 769 2229 811 esse
2266 754 2579 825 incipiebat,
2611 763 2667 810 et
2696 754 2967 827 incipiens
3003 771 3146 823 esse,
3205 758 3522 829 generabilis
3547 769 3670 826 erat,
3719 778 3820 833 quo-

672 862 834 917 modo
863 870 981 917 erat
1013 858 1289 930 ingenita?

1625 974 1754 1031 CAP.
1796 970 2009 1028 XXXV.
2045 969 2342 1040 Ingenitum
2380 965 2597 1019 dissolvi
2627 982 2729 1019 non
2757 958 2973 1037 potest.‘

737 1091 1102 1159 Quamobrem
1137 1109 1246 1149 non
1282 1093 1351 1175 ab
1384 1092 1493 1146 alio
1521 1090 1759 1146 absurda
1798 1104 1988 1146 eorum
2016 1086 2226 1158 opinio,

670 1185 765 1241 sed
797 1185 866 1240 ab
889 1200 1078 1241 eorum
1112 1186 1275 1255 nugis
1306 1183 1678 1254 redarguenda
1710 1192 1795 1239 est
1824 1200 1839 1249 ;
1874 1181 2045 1237 multa
2085 1178 2228 1234 enim

669 1276 861 1332 dicunt
917 1293 1100 1333 secum
1154 1284 1480 1347 pugnantes,
1532 1290 1636 1330 nec
1686 1281 2007 1344 exspectant
2065 1271 2228 1325 faciat

670 1369 813 1425 alius
841 1378 901 1423 ut
929 1369 1275 1431 erubescant,
1311 1366 1408 1422 sed
1457 1365 1558 1436 ipsi
1596 1364 1700 1420 hoc
1722 1364 1845 1418 aliis
1877 1361 2137 1425 invident,
2178 1367 2231 1415 et

669 1461 778 1533 ipsi
816 1474 875 1515 se
914 1458 1264 1533 erubescunt.
1305 1455 1463 1522 Quod
1491 1455 1636 1511 enim
1683 1452 1910 1508 dissolvi
1946 1458 2146 1522 potest,
2177 1456 2231 1504 et

669 1550 989 1608 dissolvitur
1014 1558 1069 1604 et
1105 1548 1549 1619 potestinterire,
1587 1545 1860 1616 quomodo
1894 1543 2056 1599 fuerit
2082 1543 2232 1611 inge-

668 1642 885 1699 nitum?
924 1640 1197 1711 quomodo
1241 1655 1272 1693 a
1329 1654 1388 1694 se
1442 1637 1758 1693 exstiterit?
1800 1635 2073 1705 quomodo
2122 1650 2233 1689 non

2404 1083 2495 1136 Διὸ
2519 1085 2699 1138 οὐκέτι
2732 1088 2861 1157 παρ’
2889 1087 3074 1160 ἐτέρου
3097 1088 3188 1142 τὸν
3215 1090 3426 1162 ἔλεγχον
3452 1094 3542 1163 τῆς
3570 1096 3738 1149 ἀτόπου
3761 1099 3820 1151 δό-

2337 1174 2433 1246 ξης
2456 1177 2632 1230 αὐτῶν
2664 1176 2940 1249 λήψονται,
2971 1181 3083 1234 ἀλλ’
3112 1183 3219 1236 ἀπὸ
3255 1183 3355 1253 τῆς
3383 1185 3573 1249 οἰκείας
3598 1187 3816 1261 φλυαρίας·

2336 1264 2503 1319 πολλὰ
2526 1267 2633 1339 γὰρ
2667 1268 3047 1339 φθεγγόμενοι,
3081 1273 3291 1338 ἑαυτοῖς
3326 1275 3598 1346 μαχόμενοι
3620 1278 3819 1347 φθέγγον-

2334 1372 2442 1409 ται·
2484 1359 2577 1411 καὶ
2621 1359 2805 1414 οὐκέτι
2853 1362 3209 1434 ἀναμένουσιν
3255 1366 3345 1435 ὑφ’
3390 1367 3563 1439 ἑτέρου
3603 1370 3817 1442 ὲρυθριᾷν,

2334 1449 2468 1504 ἀλλά
2494 1450 2859 1524 φλυαροῦντες
2896 1454 3054 1509 τοῦτο
3078 1457 3185 1510 ἀπὸ
3213 1459 3311 1529 τῆς
3340 1460 3531 1524 οἰκείας
3561 1466 3817 1532 προπετείας

2331 1540 2617 1612 πάσχουσι.
2650 1542 2724 1597 Τὸ
2749 1546 2858 1617 γὰρ
2886 1546 3178 1617 δυνάμενον
3206 1548 3443 1615 λύεσθαι,
3472 1553 3556 1605 καὶ
3582 1554 3710 1607 λύσιν
3733 1558 3818 1608 im-

2327 1632 2631 1704 δεχόμενον,
2655 1637 2749 1690 καὶ⁵
2779 1636 3070 1709 δυνάμενον
3103 1638 3521 1713 διαφθείρεσθαι,
3559 1646 3659 1709 πῶς
3687 1646 3739 1700 ἂν
3757 1650 3815 1716 εἴη

668 1737 737 1791 ab
782 1735 889 1791 alio
938 1734 1202 1805 originem
1250 1732 1505 1787 duxerit?
1553 1746 1677 1785 cum
1724 1730 1824 1786 hoc
1869 1728 2086 1799 quidem
2127 1728 2276 1798 tale]

2205 1743 2233 1782 e
2264 1743 2304 1798 Β
2332 1725 2658 1798 ἀγέννητον;
2694 1729 2809 1794 πῶς
2845 1729 2910 1786 ἂν
2943 1732 3026 1804 εἴη
3056 1733 3148 1803 ἀφ’
3177 1735 3371 1789 ἑαυτοῦ
3402 1737 3488 1801 6ν;
3524 1738 3626 1801 πῶς
3652 1741 3730 1792 οὐκ
3751 1742 3813 1809 ἀφ’

668 1828 897 1883 liberum
947 1827 1018 1882 sit
1072 1826 1141 1881 ab
1190 1824 1414 1880 interitu
1459 1834 1512 1879 et
1562 1822 1880 1894 impatibile,
1920 1819 2053 1874 illud
2099 1833 2229 1873 vero

666 1919 784 1976 tolli
820 1929 877 1974 et
917 1918 1095 1990 perire
1133 1918 1327 1989 possit,
1374 1931 1499 1972 cum
1551 1931 1657 1969 non
1704 1914 1776 1969 sit
1817 1928 1848 1967 a
1891 1926 1968 1966 se.
2021 1909 2226 1976 Quodsi

666 2013 829 2085 perit,
870 2019 931 2065 ut
976 2009 1184 2074 dicitis,
1217 2010 1321 2065 hoc
1358 2009 1502 2064 enim
1546 2006 1727 2062 verbis
1759 2005 1957 2061 vestris
1992 2002 2228 2059 deﬁnitis

665 2119 733 2161 ac
787 2103 1105 2167 decernitis,
1162 2102 1485 2157 confitentes
1539 2097 1841 2161 absorberi,
1912 2106 1964 2151 et
2014 2103 2227 2164 captam

665 2205 834 2269 atque
869 2196 1182 2266 absorptam
1238 2194 1516 2249 interitum
1549 2192 1763 2261 cepisse
1794 2209 1809 2255 ;
1848 2195 2025 2259 potest
2065 2186 2229 2256 igitur

663 2290 785 2359 capi
814 2296 869 2343 et
901 2287 1147 2351 dissolvi,
1192 2294 1247 2340 et
1287 2286 1557 2340 dissoluta
1601 2294 1761 2353 atque
1795 2289 1955 2351 capta
1984 2294 2090 2334 non
2115 2278 2227 2347 jam

665 2381 993 2438 sustentabit
1026 2396 1112 2445 ea,
1157 2396 1279 2450 quae
1313 2386 1441 2433 sunt
1484 2392 1591 2431 non
1634 2373 2023 2430 intereuntium
2055 2388 2069 2423 2
2103 2385 2226 2425 cum

662 2483 795 2524 vero
830 2484 938 2523 non
987 2468 1183 2523 habeat
1212 2476 1462 2521 naturam
1487 2467 1555 2520 ab
1594 2464 1939 2520 incommodo
1971 2470 2025 2517 et
2064 2462 2230 2516 inter-

664 2560 747 2617 itu
779 2561 1037 2625 alienam,
1069 2575 1178 2616 non
1202 2560 1315 2630 jam
1346 2559 1586 2630 ingenita
1610 2572 1732 2614 esse
1753 2555 2033 2626 putabitur
2058 2571 2072 2620 ;
2099 2564 2148 2610 et
2181 2553 2228 2609 si

662 2653 905 2726 ingenita
945 2669 1057 2710 non
1093 2663 1174 2710 est
1221 2653 1483 2724 nequitia,
1532 2666 1707 2723 neque
1746 2660 1873 2705 ortu
1911 2664 2087 2718 neque
2125 2646 2230 2701 line

662 2760 855 2803 carere
883 2745 1200 2816 apparebit,
1232 2760 1357 2800 cum
1388 2745 1525 2799 alias
1554 2743 1773 2815 quidem
1805 2758 1913 2797 non
1946 2741 2038 2801 sit,
2068 2740 2228 2794 modo

661 2852 797 2894 vero
828 2837 1004 2894 solum
1033 2838 1293 2893 insonare
1320 2836 1586 2891 videatur.
1623 2835 1777 2900 Quod
1806 2834 1950 2889 enim
1981 2840 2086 2895 est,
2118 2847 2228 2885 non

662 2935 748 2983 est
778 2927 1104 2990 substantia,
1137 2927 1231 2981 sed
1265 2925 1489 2980 morbus
1521 2925 1613 2994 qui
1649 2923 1975 2979 substantiis
2006 2921 2225 2987 accidit,

666 3017 761 3088 qui
787 3024 965 3088 potest
997 3033 1029 3071 a
1059 3016 1385 3073 substantiis
1414 3025 1467 3072 et
1498 3016 1747 3087 personis
1777 3015 2041 3086 separari.
2071 3013 2225 3080 Quod

667 3117 849 3164 autem
893 3110 1175 3181 deceptor,
1214 3108 1361 3180 quod
1401 3120 1507 3174 est,
1543 3109 1699 3162 ruina
1729 3116 1783 3163 et
1822 3109 1978 3177 lapsu
2007 3106 2224 3168 accidit,

663 3212 725 3257 ut
750 3211 917 3267 esset,
944 3204 1062 3274 ipsa
1094 3204 1253 3257 ruina
1270 3211 1324 3258 et
1340 3203 1494 3272 lapsu
1519 3208 1812 3257 attestante
1830 3200 2224 3269 ademptionem

661 3297 930 3354 bonorum
982 3297 1250 3368 priorum,
1304 3303 1535 3350 testatur
1591 3294 1812 3364 quidem
1868 3292 2036 3347 Isaias
2102 3304 2227 3358 pro-

661 3389 845 3459 pheta,
878 3402 1002 3442 cum
1048 3388 1125 3441 ait
1160 3405 1174 3441 :
1224 3384 1497 3451 Quomodo
1554 3383 1738 3438 cecidit
1779 3399 1806 3435 α
1831 3382 1980 3435 -εωιο
2020 3380 2227 3448 luciler,

660 3483 751 3552 qui
781 3497 935 3535 mane
963 3479 1232 3533 oriebatur
1269 3478 1335 3532 ⁸2
1382 3475 1518 3531 Cum
1552 3491 1680 3531 vero
1724 3474 1869 3528 hunc
1912 3473 2068 3528 talem
2108 3472 2228 3541 ejus

662 3579 871 3629 statum
928 3588 995 3628 ex
1040 3572 1197 3641 lapsu
1246 3568 1516 3625 accidisse
1559 3567 1727 3622 sciret
1773 3565 2043 3629 Salvator,
2084 3565 2228 3617 anti-

662 3678 832 3734 quum
882 3677 1015 3717 vero
1060 3670 1267 3717 statum
1311 3660 1554 3716 divinum
1608 3674 1673 3714 ac
1726 3657 2228 3729 splendidissimum

663 3761 718 3808 et
748 3752 984 3807 maxime
1021 3751 1278 3807 decorum
1310 3750 1502 3814 fuisse,
1532 3750 1599 3805 de
1624 3766 1690 3806 eo
1718 3758 1945 3806 testatur
1976 3749 2031 3803 in
2059 3747 2230 3801 Evan-

663 3842 803 3914 gelia
832 3843 1083 3913 inquiens
1107 3861 1119 3897 :
1141 3841 1274 3896 Ecce
1306 3840 1450 3896 video
1491 3840 1752 3897 Satanam
1779 3850 2028 3909 tanquam
2050 3838 2229 3909 fulgur

664 3935 932 3991 cadentem
977 3935 1041 3990 de
1089 3935 1217 3990 caelo
1279 3936 1344 3988 ιθ.
1402 3935 1461 3989 Si
1509 3942 1689 3989 autem
1743 3933 1823 3988 sic
1886 3940 2043 3987 natus
2086 3940 2224 3998 erat,

664 4027 713 4083 si
751 4026 833 4082 sic
878 4034 1037 4097 aptus
1074 4034 1290 4088 natura,
1333 4039 1444 4078 non
1479 4023 1754 4078 diceretur
1786 4030 1898 4076 tum
1939 4021 2224 4089 cecidisse,

662 4126 780 4174 tum
830 4116 1146 4181 decidisse;
1189 4114 1335 4185 quod
1380 4115 1524 4170 enim
1587 4115 1755 4178 cadit,
1795 4129 1862 4169 ex
1906 4122 2055 4170 statu
2097 4131 2229 4185 quo-

664 4211 809 4281 piam
835 4208 1016 4274 cadit;
1050 4216 1104 4262 et
1134 4206 1280 4278 quod
1308 4206 1532 4273 decidit,
1561 4222 1629 4262 ex
1656 4207 1913 4277 quapiam
1943 4206 2228 4262 abundan-

665 4304 739 4359 tia
768 4300 998 4358 excedit.

2328 1816 2513 1887 ἐτέρου
2544 1818 2762 1888 ἤρξατο,
2785 1819 2877 1873 τοῦ
2908 1822 3004 1892 μὲν
3032 1822 3272 1878 τοιούτου
3299 1826 3583 1899 ἀνωλέθρου
3611 1830 3688 1882 καὶ
3714 1830 3820 1883 dmi

2328 1905 2452 1971 θοῦς
2480 1909 2834 1980 ὑπάρχοντος,
2863 1912 2956 1967 τοῦ
2982 1913 3039 1966 δὲ
3067 1914 3366 1986 δυναμένου
3412 1918 3722 1986 ἀφανίζεσθαι
3749 1920 3813 1972 καὶ

2325 1995 2726 2069 διαφθείρεσθαι
2771 2001 2868 2053 οὐκ
2911 2000 3005 2071 ἀφ’
3044 2003 3239 2056 ἑαυτοῦ
3276 2004 3455 2069 δντος;
3489 2007 3534 2059 εί
3560 2007 3608 2059 δὲ
3632 2007 3810 2075 διαφθεί-

2328 2105 2499 2161 ρεται,
2539 2089 2611 2155 ῶς
2644 2108 2801 2160 φατε,
2830 2092 2987 2146 τοῦτο
3024 2094 3132 2167 γὰρ
3168 2098 3195 2149 ὁ
3228 2096 3483 2169 ὑμέτερος
3517 2098 3664 2169 ὁρίζει
3685 2098 3809 2167 λόγος,

2324 2180 2385 2232 τὸ
2425 2182 2816 2237 καταπίνεσθαι
2862 2184 3158 2255 ὁμολογῶν,
3193 2189 3255 2241 τὸ
3290 2186 3424 2242 εἶναι
3462 2190 3723 2253 ἀλλοίωσιν,
3747 2192 3809 2243 καὶ

2327 2273 2531 2344 φθορὰν
2567 2273 2665 2346 τὴν
2706 2277 3024 2330 κατάποσιν’
3065 2282 3159 2331 καὶ
3191 2279 3340 2333 ἐστιν
3368 2281 3556 2353 ἀλωτὴ,
3592 2281 3670 2335 καὶ
3699 2280 3807 2351 luci},

2326 2366 2418 2418 καὶ
2458 2366 2712 2440 λυομένη,
2751 2368 2844 2422 καὶ
2884 2369 3304 2443 ἁναλισκομένη,
3345 2375 3519 2429 οὐκέτι
3554 2374 3613 2428 τὰ
3643 2373 3727 2429 τῶν
3758 2373 3808 2443 μὴ

2326 2457 2735 2530 ἀφανιζομένων
2774 2461 3159 2532 ὑποστήσεται·
3199 2466 3277 2537 μὴ
3316 2466 3504 2537 ἔχουσα
3527 2468 3575 2521 δὲ
3597 2466 3808 2540 τὴνφύσιν

2326 2551 2532 2624 ἀϐλαϐῆ
2560 2553 2653 2606 καὶ
2681 2553 3004 2627 ἀνώλεθρον,
3037 2556 3219 2609 οὐκέτι
3244 2558 3524 2630 ἀγέννητος
3551 2558 3809 2627 ὑποτεθήσῐσ

2325 2663 2432 2700 ταν
2473 2645 2547 2718 μὴ
2574 2642 2706 2700 οὖσα
2744 2647 2801 2701 δὲ
2835 2649 3145 2718 ἀγέννητος,
3180 2649 3309 2703 οὔτε
3339 2650 3574 2721 ἄναρχος,
3600 2649 3698 2703 οὔτε
3720 2650 3808 2702 area

2325 2737 2581 2808 λεύτητος
2622 2744 2919 2810 φανήσεται
2962 2743 2994 2811 ἡ
3039 2740 3227 2804 κακία,
3271 2742 3453 2797 ἄλλοτε
3484 2744 3571 2813 μὲν
3592 2742 3672 2795 ούκ
3695 2735 3804 2802 οὖσα.

2325 2830 2448 2902 ἄρτι
2475 2830 2530 2884 δὲ
2562 2831 2792 2885 δοκοῦσα
2826 2833 3142 2903 ἐμόομϐεῖν.
3178 2836 3292 2887 Καὶ
3317 2835 3425 2908 γὰρ
3445 2836 3472 2887 ὅ
3497 2838 3623 2888 ἐστιν
3647 2833 3720 2885 οὐκ
3743 2832 3805 2883 οὗ.

2328 2921 2416 2974 σία
2444 2921 2611 2985 ἐστὶν,
2650 2921 2784 2976 ἀλλά
2810 2923 3022 2994 νόσημά
3049 2941 3100 2977 τι
3138 2925 3481 2997 συμϐεϐηκὸς
3515 2925 3625 2995 περὶ
3649 2923 3721 2986 τὰς
3739 2922 3805 2975 ού-

2327 3014 2467 3079 σίας,
2488 3013 2781 3084 δυνάμενον
2808 3014 2916 3068 τῶν
2939 3015 3133 3069 οὐσιῶν
3159 3016 3257 3070 καὶ
3282 3017 3387 3071 τῶν
3412 3016 3707 3071 ύποστάσεων
3729 3031 3803 3083 χω-

2331 3105 2596 3177 ρισθῆναι·
2621 3106 2702 3159 ὅτι
2734 3105 2842 3178 γὰρ
2879 3106 3039 3170 αὐτὸς
3069 3109 3097 3160 ὁ
3121 3107 3399 3171 ἀπατεὼν,
3424 3110 3551 3179 ὅπερ
3576 3106 3684 3168 ἐστὶ,
3706 3100 3801 3156 κατὰ

2327 3197 2528 3251 πτῶσιν
2562 3199 2656 3251 καὶ
2683 3199 2802 3252 κατ’
2827 3197 3043 3269 ὄλεθρον
3068 3198 3328 3268 τυγχάνει
3357 3201 3454 3271 τῆς
3480 3197 3710 3259 πτώσεως.
3738 3191 3801 3245 καὶ

2324 3290 2417 3344 τοῦ
2448 3290 2658 3345 ὀλίσθου
2705 3291 3102 3363 μαρτυροῦντος
3141 3293 3205 3361 τῇ
3252 3291 3581 3363 ὑπεξαιρέσει
3606 3287 3689 3341 τῶν
3711 3300 3799 3354 apo-

2330 3384 2693 3453 υπηργμένων
2723 3382 2919 3446 καλῶν,
2962 3385 3232 3454 μαρτυρεῖ
3265 3383 3362 3454 μὲν
3379 3384 3584 3445 Ἡσαΐας
3606 3379 3630 3430 ὁ
3653 3374 3797 3449 προφή-

2324 3491 2444 3545 της·
2462 3473 2592 3540 Πῶς
2602 3475 2889 3539 ἐξέπεσεν
2902 3475 2970 3528 ἐκ
2987 3474 3090 3528 τοῦ
3111 3474 3373 3543 οὐρανοῦ
3391 3479 3423 3530 ό
3437 3474 3691 3543 ἑωσφόρος
3700 3465 3799 3536 πρωῒ

2324 3567 2702 3630 ἁνατέ.ιλων;
2726 3568 2825 3639 τὴν
2870 3568 2965 3637 μὲν
2994 3567 3200 3621 τοιάνδε
3249 3569 3412 3623 αὑτοῦ
3444 3568 3715 3623 κατάστασιν
3737 3561 3796 3613 ἐκ·

2327 3676 2535 3714 πτωτον
2561 3659 2733 3727 είδὼς,
2759 3660 2855 3731 τὴν
2874 3660 2931 3713 δὲ
2954 3661 3191 3715 παλαιὰν
3219 3662 3372 3717 θείαν
3391 3663 3480 3716 καὶ
3499 3655 3798 3728 διαυγεστάτην

2324 3752 2713 3822 τυγχάνουσανο
2748 3756 3011 3824 μαρτυρεῖ
3036 3754 3091 3806 δὲ
3120 3755 3216 3808 καὶ
3247 3758 3276 3809 ὁ
3310 3756 3494 3827 Σωτὴρ
3522 3757 3573 3808 ὲν
3596 3752 3656 3822 τῷ
3676 3749 3800 3812 E911-

2325 3842 2511 3914 γελίῳ,
2543 3842 2734 3912 λέγων’
2782 3844 2926 3897 Ἰδοὺ
2963 3844 3078 3913 ὁρῶ
3103 3846 3210 3899 τὸν
3245 3845 3511 3901 Σατανᾶν
3536 3845 3605 3910 ὡς
3640 3841 3798 3905 ἀστρα-

2325 3933 2452 4004 πὴν
2484 3937 2749 3990 πεσόντα
2779 3935 2847 3989 ἐκ
2878 3936 2984 3990 τοῦ
3009 3940 3290 4006 οὐρανοῦ.
3328 3942 3391 3995 Εἰ
3419 3940 3472 3994 δὲ
3493 3937 3638 4000 οὕτως
3662 3927 3802 3997 ἐπεφύ-

2325 4042 2431 4091 κει,
2459 4026 2551 4079 atati.
2575 4024 2746 4090 οὓτως
2771 4022 2859 4097 ἦν,
2901 4027 3002 4081 οὐκ
3031 4026 3095 4081 ἂν
3125 4028 3199 4100 πὴ
3232 4032 3331 4101 μὲν
3361 4029 3568 4093 πτῶσις,
3684 4023 3725 4076 δὲ
3744 4020 3802 4072 ἔκ-

2326 4134 2531 4182 πτωσις
2561 4118 2824 4173 ὲκαλεῖτω
2859 4120 2919 4173 τὸ
2958 4120 3066 4192 γὰρ
3113 4127 3311 4177 πῖπτον
3342 4125 3445 4177 ἀπὸ
3474 4139 3601 4184 τινος
3628 4117 3802 4173 στάσεως

2326 4209 2534 4263 πίπτει’
2580 4210 2642 4264 τὸ
2686 4211 2744 4265 δὲ
2791 4215 3052 4267 ἐκπῖπτον
3104 4214 3212 4268 ἀπό
3256 4234 3401 4280 τινος
3438 4211 3706 4286 περιουσίας
3736 4207 3802 4258 ἔχ’

2326 4301 2476 4357 6αίνε
2486 4320 2524 4356 ι.

735 4393 792 4449 Si
820 4391 1134 4447 nominatur
1151 4390 1205 4443 in
1229 4389 1295 4445 iis
1316 4389 1406 4460 qui
1430 4388 1766 4452 ceciderunt,
1791 4396 1908 4443 erat
1932 4388 2226 4459 aliquando
2258 4417 2301 4471 ι)

2194 4407 2226 4447 ο
2258 4417 2301 4471 ι)
2398 4395 2461 4449 Εί
2488 4395 2545 4449 δὲ
2574 4396 2633 4449 ὲν
2669 4397 2892 4451 πεσοῦσι
2933 4396 3167 4465 λέγεται,
3194 4394 3267 4471 ἦν
3310 4417 3437 4454 ποτε
3482 4401 3536 4452 ὲν
3571 4395 3719 4450 στάσει
3738 4387 3802 4444 καὶ

664 4486 720 4541 iu
753 4493 896 4540 statu
928 4490 983 4537 et
1011 4481 1306 4537 stabilitate
1335 4481 1419 4535 :si
1461 4488 1640 4535 autem
1689 4479 1745 4533 in
1786 4480 1854 4535 iis
1878 4481 1970 4551 qui
2002 4479 2223 4537 decide-

664 4586 813 4639 runt,
840 4581 1155 4637 accusatur,
1195 4588 1304 4627 non
1328 4583 1447 4628 erat
1473 4572 1651 4643 inops,
1680 4587 1788 4627 non
1834 4582 1953 4628 erat
1975 4573 2094 4628 Irus
2135 4574 2226 4628 ali-

662 4667 902 4740 quando,
934 4682 1057 4721 cum
1100 4664 1350 4721 amuebat
1378 4664 1537 4721 bonis
1570 4665 1824 4735 copiose;
1871 4667 2070 4737 quibus
2099 4683 2226 4737 pro-

663 4769 784 4834 pter
816 4758 1065 4815 morbum
1101 4757 1338 4827 aliquem
1373 4756 1637 4826 privatus,
1670 4757 1724 4811 in
1771 4758 1838 4812 iis
1882 4759 1975 4827 qui
2011 4758 2227 4814 cecide-

662 4861 812 4919 runt,
843 4857 1164 4905 numeratur
1197 4855 1252 4904 et
1284 4848 1533 4903 habetur.
1568 4845 1712 4903 Sane
1742 4850 1959 4919 quidem
2001 4849 2225 4907 alﬂueu-

663 4948 795 5002 tiam
839 4945 959 5016 ejus
1009 4943 1293 5015 Scriptura
1336 4942 1646 4999 fateturzsi
1676 4943 1821 4999 enim
1867 4944 1922 4997 in
1969 4958 2034 4998 eo
2082 4943 2224 5013 quod

665 5042 767 5109 ait,
815 5040 1086 5110 Quomodo
1138 5040 1324 5095 cecidit
1378 5038 1600 5109 lucifer?
1644 5053 1843 5095 nomen
1890 5040 2102 5095 Iucil‘eri
2147 5040 2228 5095 aI-

662 5134 886 5191 ﬂuentia
921 5143 1059 5198 erat,
1093 5140 1147 5189 et
1177 5132 1271 5204 qui
1304 5141 1422 5187 erat
1450 5130 1645 5186 lucifer
1679 5132 1853 5202 ipsam
1896 5132 2106 5187 luciferi
2150 5132 2228 5187 ef-

665 5225 954 5282 fectionem
975 5232 1029 5280 et
1049 5224 1179 5290 vim,
1203 5231 1258 5280 et
1274 5223 1619 5290 alﬂuentiam,
1637 5230 1691 5278 et
1712 5224 2110 5294 possessionem
2129 5225 2228 5278 ba-

663 5317 856 5385 bebat;
889 5324 944 5372 et
974 5316 1042 5371 ab
1079 5317 1183 5372 hac
1219 5331 1343 5372 cum
1381 5317 1606 5383 decidit,
1638 5318 1739 5372 hac
1790 5316 1967 5372 factus
2009 5325 2092 5371 est
2138 5332 2229 5371 va-

661 5410 1021 5480 cuuszinops
1057 5410 1274 5479 quidem
1325 5418 1408 5466 est
1441 5410 1589 5466 illius
1638 5408 1924 5466 anluentim
1970 5408 2224 5475 lucileri,

661 5511 887 5574 vagatur
911 5501 1216 5570 mendicus,
1245 5509 1300 5558 et
1331 5510 1416 5558 est
1450 5518 1586 5572 pene
1613 5502 1754 5575 Irus,
1783 5514 1835 5561 et
1866 5503 1924 5560 in
1952 5517 2139 5561 casum
2164 5518 2227 5558 ac

616 5671 647 5719 ει
734 5660 880 5730 ’Isa.
909 5690 1019 5741 XVI,
1051 5673 1139 5732 12.
1202 5679 1255 5727 Α¹⁰
1287 5677 1417 5736 Luc.
1456 5695 1508 5746 κ,
1548 5681 1611 5735 18

2326 4487 2626 4562 ἑδραιότητι
2657 4492 2961 4562 τυγχάνων·
2994 4494 3043 4545 εί
3072 4491 3128 4544 δὲ
3165 4493 3262 4546 καὶ
3295 4496 3352 4547 ὲν
3381 4497 3486 4556 τοὶς
3508 4481 3803 4546 ἐκπεπτωκόσι

2324 4582 2725 4653 κατηγορεῖται,
2770 4581 2831 4635 ού
2870 4580 3036 4652 πένης
3058 4577 3147 4654 ἦν,
3182 4586 3284 4638 οὐκ
3312 4581 3454 4656 Ἶρος
3489 4579 3550 4655 ἦν
3590 4593 3711 4641 ποτε,
3742 4572 3800 4624 ὅτε

2324 4674 2523 4747 πολλὴν
2563 4677 2875 4746 περιουσίαν
2913 4671 3079 4747 εἶχεν,
3106 4676 3242 4730 ἀλλὰ
3273 4678 3359 4732 διά
3383 4694 3496 4731 τινα
3516 4674 3647 4727 νόσον
3669 4666 3803 4737 στέρη-

2325 4784 2411 4820 σιν
2437 4767 2649 4838 ἐκείνης
2674 4767 2773 4837 τῆς
2802 4767 3116 4838 περιουσίας
3146 4768 3456 4839 ὑπομείνας,
3485 4768 3537 4819 ἐν
3565 4754 3802 4818 πεπτωκότι

2324 4859 2586 4930 κρίνεται.
2632 4859 2842 4928 Ἀμέλει
2871 4860 2965 4913 καὶ
2991 4858 3086 4929 τὴν
3116 4860 3429 4931 περιουσίαν
3454 4859 3485 4928 ἡ
3522 4852 3683 4926 Γραφὴ
3711 4849 3801 4915 δμθ

2324 4951 2488 5021 λογεῖ.
2525 4952 2587 5004 Ei
2610 4951 2736 5020 γὰρ,
2765 4950 2897 5015 Πῶς
2934 4950 3069 5015 ἑξέετ
3086 4968 3225 5004 acer
3251 4955 3282 5005 ό
3306 4952 3617 5020 ἑωσφόρος
3640 4941 3713 4995 καὶ
3735 4951 3801 4988 πει

2329 5041 2537 5113 ριουσία
2561 5037 2628 5113 ἦν
2650 5042 2709 5094 τὸ
2731 5042 2920 5112 ὄνομα,
2949 5043 3042 5094 καὶ
3076 5043 3348 5114 ἑωσφόρος
3371 5041 3441 5094 ὢν
3468 5038 3615 5108 αὐτὴν
3638 5033 3717 5101 τὴν
3736 5021 3799 5114 τοῦ

2326 5134 2601 5205 ἑωσφόρου
2626 5135 2927 5204 ἐνέργειαν,
2949 5136 3042 5187 καὶ
3061 5113 3308 5206 δύναμιν,
3325 5135 3414 5188 καὶ
3434 5125 3719 5202 περιουσίαν,
3737 5113 3799 5170 καὶ

2325 5229 2514 5299 κτῆσιν
2548 5224 2680 5297 εἶχε,
2710 5228 2803 5281 καὶ
2831 5227 3037 5298 ταύτης
3062 5228 3329 5291 ἐκπεσὼν,
3349 5224 3539 5293 ταύτης
3566 5219 3722 5288 γέγονε
3737 5224 3799 5265 κε·

2322 5315 2442 5378 νὸς’
2473 5315 2755 5386 πενητεύει
2796 5316 2893 5387 μὲν
2929 5318 2986 5369 ὲν
3016 5320 3082 5389 τῇ
3126 5316 3405 5388 περιουσίᾳ
3432 5312 3518 5367 τοῦ
3564 5302 3796 5389 ἑωσφόρον)

2324 5405 2575 5478 ἀληθεύει
2603 5407 2659 5460 δὲ
2684 5409 2778 5461 καὶ
2802 5386 3109 5463 κινδυνεύει
3131 5386 3276 5480 Ἶρος
3313 5407 3385 5461 ὢν
3413 5407 3498 5460 καὶ
3524 5404 3749 5457 ἑκπτωτυς
3775 5386 3796 5437 δ

2326 5499 2491 5553 πάλαι
2520 5498 2716 5572 πολλὴν
2747 5501 3058 5572 περιουσίαν
3081 5501 3236 5574 ἔχων*
3278 5502 3325 5554 εί
3361 5500 3413 5554 δὲ
3443 5495 3568 5566 κατὰ
3593 5491 3644 5544 τὸ
3664 5484 3793 5547 Εὖατ·
