4072 6338
334 304 472 361 1199

1397 302 1762 359 ADVERSUS
1799 301 2224 359 MANICIIIEOS
2264 300 2389 355 LIB.
2430 301 2473 355 I.

3440 307 3572 361 “:30

329 425 512 496 γέλιον
533 423 643 477 τῶν
663 423 968 483 πιπτόντων
986 425 1103 478 ἐστὶ
1128 425 1220 480 καὶ
1244 426 1420 497 χαμαὶ
1437 427 1701 497 κειμένων
1727 426 1904 480 κυλιν-

2007 425 2215 478 ruinam
2247 423 2428 486 datus,
2465 421 2562 492 qu'i
2594 422 2723 475 olim
2756 422 2908 477 valde
2931 423 3190 492 copiosus
3218 435 3352 480 erat.
3391 424 3448 481 Si
3475 444 3574 482 au-

326 517 626 590 δουμένων,
643 516 827 572 λοιπὸν
845 519 904 572 ὲν
924 517 1004 589 τῷ
1020 519 1205 588 ὲδάφει
1227 521 1468 591 εἱστήκει
1483 521 1630 584 ποτε,
1657 521 1748 574 καὶ
1775 520 1900 589 ἡδύ-

327 628 458 666 νατο
477 609 672 678 λέγειν·
690 608 970 676 Ἐστῶτες
1004 606 1166 680 ἦσαν
1199 613 1252 664 οὶ
1282 610 1462 676 πόδες
1490 608 1657 679 ἡμῶν
1679 609 1748 664 ἐν
1774 609 1901 675 ταῖς

324 703 546 770 αὐλαῖς
578 717 714 768 σου,
758 703 1176 773 Ἰερουσαλήμ·
1207 703 1436 773 ἠδύνατο
1463 702 1696 757 ἀκούειν·
1715 702 1902 772 Στῆτε

323 785 790 866 περιζωσάμενοι
819 799 925 863 τὰς
959 798 1191 867 ὀσφύας
1225 795 1390 866 ὑμῶν
1413 797 1482 851 ἐν
1506 797 1776 864 ἀληθείᾳ·
1810 797 1902 849 καὶ

326 888 627 959 δυνάμενος
648 889 740 942 τοῦ
768 890 1003 955 ἀκούειν,
1035 891 1133 943 οὐκ
1166 889 1498 959 ἠσφαλίσατο
1525 889 1584 942 τὸ
1616 890 1900 959 εἰρημένον

328 979 529 1047 λόγιον·
585 978 649 1032 '0
680 977 874 1032 δοκῶν
921 978 1166 1033 ἑστάναι
1187 978 1462 1043 βλεπέτω
1478 978 1563 1049 μὴ
1593 978 1771 1048 πέσῃ·
1807 980 1900 1032 καὶ

333 1071 600 1144 μηδεμίαν
644 1071 780 1142 πρὸς
812 1071 873 1126 τὸ
903 1072 1139 1126 τοιοῦτον
1179 1073 1542 1143 πεποιημένος
1580 1071 1896 1140 ἀσφάλειαν,

327 1165 390 1218 ἐν
419 1166 532 1226 τοῖς
555 1163 814 1227 τοιούτοις
838 1164 1072 1236 σήμερον
1092 1163 1413 1217 κυλινδεῖται
1436 1180 1448 1193 ·
1478 1163 1539 1216 τὸ
1569 1163 1677 1235 γὰρ
1705 1163 1792 1217 ἀεὶ
1812 1180 1904 1233 χα-

333 1254 431 1324 μαὶ
464 1255 734 1325 κείμενον,
762 1256 862 1308 ούκ
896 1255 962 1309 ἂν
987 1256 1159 1329 πέσῃ·
1191 1259 1363 1309 κεῖται
1390 1255 1497 1328 γὰρ
1535 1256 1728 1326 χαμαί·
1760 1255 1820 1307 τὸ
1845 1254 1901 1308 δὲ

327 1345 615 1409 πεπτωκὸς
637 1346 730 1399 καὶ
741 1347 915 1416 χαμαὶ
930 1347 1167 1415 γεγονὸς,
1191 1346 1298 1402 ἀπὸ
1320 1348 1621 1418 ἑστηκότων
1645 1347 1734 1400 καὶ
1755 1348 1903 1417 ἠρει-

331 1431 546 1502 σμένων
563 1432 856 1503 παρέλκον,
879 1435 970 1487 ἐπὶ
986 1434 1047 1487 τὸ
1064 1439 1250 1488 πεσεῖν
1277 1436 1556 1489 ἐλεύσεται
1573 1451 1585 1463 ·
1613 1438 1708 1490 καὶ
1727 1435 1787 1488 τὸ
1815 1436 1902 1488 ἀεὶ

333 1523 628 1594 πενητεῦον
658 1527 753 1578 καὶ
772 1525 1025 1580 οὐδέποτε
1047 1527 1265 1599 εἰληφὸς
1293 1528 1545 1600 οὐδεμίαν
1563 1529 1896 1600 περιουσίαν,

327 1612 583 1666 οὐδέποτε
608 1616 940 1669 ἐκπεσεῖται·
965 1618 1052 1671 ἀεὶ
1079 1617 1186 1690 γὰρ
1206 1620 1355 1674 οὐδὲν
1381 1620 1511 1690 ἔχει,
1540 1621 1634 1674 καὶ
1659 1622 1718 1673 οὐ
1741 1619 1898 1674 δύνα-

327 1719 419 1756 ται
445 1704 718 1769 ἐκπεσεῖν,
740 1706 889 1760 οὐδὲν
911 1708 1164 1763 ούδέποτε
1188 1713 1436 1783 ἐσχηκός·
1467 1712 1526 1765 τὸ
1551 1712 1607 1766 δὲ
1631 1711 1899 1766 ἔκπτωσιν

2005 526 2110 570 tem
2149 515 2448 571 secundum
2492 512 2844 583 Evangelium
2891 530 2956 569 ex
2986 530 3172 570 eorum
3207 532 3434 574 numero
3468 529 3573 584 est,

2003 607 2093 678 qui
2126 605 2346 671 cadunt,
2365 615 2419 660 et
2445 604 2594 658 humi
2619 603 2824 674 jacent,
2847 613 2899 659 et
2930 614 3146 676 poterat
3175 607 3387 664 dicere:
3416 608 3574 665 Stan-

2005 705 2077 750 tes
2110 705 2260 750 erant
2289 694 2440 765 pedes
2475 694 2647 746 nostri
2685 695 2739 746 in
2785 697 2938 748 atriis
2980 699 3104 759 tuis,
3148 695 3445 754 Jerusalem
3489 703 3528 733 ¹¹
3559 721 3570 757 ;

2002 795 2215 858 poterat
2244 787 2432 842 audire
2469 787 2601 841 illud
2637 786 2823 842 :State
2855 790 3107 842 succincti
3140 791 3342 846 lumbos
3379 804 3572 850 vestros

2002 882 2056 934 in
2098 881 2314 934 veritate
2345 881 2385 911 ¹²
2415 898 2429 935 :
2462 889 2515 934 et
2557 895 2683 933 cum
2719 890 2904 950 posset
2949 881 3051 935 hoc
3087 883 3296 951 audire,
3330 885 3575 941 adhibuit

2003 971 2071 1025 ad
2123 971 2430 1026 cautionem
2478 979 2533 1026 et
2575 973 2885 1025 ﬁrmitatem
2938 973 3083 1042 quod
3125 974 3197 1027 ait
3260 974 3570 1046 Scriptura,

2005 1063 2108 1129 Qui
2140 1072 2266 1127 stat,
2296 1064 2468 1118 videat
2499 1081 2561 1118 ne
2600 1064 2758 1116 cadat
2788 1064 2831 1094 ⁸⁸
2859 1083 2871 1118 :
2897 1072 2951 1119 et
2979 1080 3102 1119 cum
3133 1067 3270 1121 nihil
3312 1070 3574 1124 munierit

2004 1164 2194 1210 contra
2222 1142 2432 1222 hoc,'in
2477 1158 2681 1212 talibus
2725 1157 2887 1213 hodie
2918 1160 3146 1214 vertitur
3195 1176 3259 1215 ac
3297 1162 3570 1231 volvitur;

2003 1249 2149 1319 quod
2199 1249 2344 1304 enim
2385 1264 2601 1320 semper
2643 1249 2799 1303 humi
2829 1249 2997 1318 jacet,
3049 1267 3328 1322 nunquam
3377 1254 3571 1322 cadet;

1997 1341 2142 1412 jacet
2162 1341 2308 1396 enim
2336 1342 2485 1396 humi
2515 1361 2528 1396 ε
2554 1343 2699 1412 quod
2727 1352 2906 1398 autem
2941 1344 3160 1409 cecidit,
3192 1354 3247 1399 et
3280 1355 3364 1400 est
3394 1346 3568 1410 humi,

2003 1450 2110 1489 non
2141 1434 2388 1489 deveniet
2417 1434 2486 1488 ab
2517 1436 2793 1490 stantibus
2819 1445 2872 1490 et
2902 1436 3102 1490 erectis
3129 1435 3195 1489 ad
3227 1436 3566 1504 cadendum;

2000 1536 2054 1582 et
2083 1528 2225 1596 quod
2273 1543 2488 1598 semper
2514 1535 2598 1583 est
2636 1529 2689 1582 in
2719 1529 2924 1598 inopia,
2958 1536 3013 1583 et
3061 1545 3339 1599 nunquam
3373 1532 3571 1586 accidit

2002 1629 2060 1674 ut
2089 1621 2292 1686 aﬂluat,
2324 1637 2602 1691 nunquam
2637 1622 2826 1688 cadet;
2871 1637 3086 1692 semper
3131 1625 3274 1678 enim
3313 1623 3447 1678 nihil
3482 1624 3571 1678 ha-

2001 1714 2110 1777 bet,
2141 1723 2192 1767 et
2218 1713 2415 1768 cadere
2461 1728 2570 1767 non
2607 1722 2808 1783 potest,
2862 1714 3005 1784 quod
3037 1714 3172 1768 nihil
3202 1731 3440 1785 unquam
3472 1717 3568 1770 ha-

329 1797 652 1869 ὑπομεῖναν,
685 1799 778 1854 καὶ
810 1799 1074 1864 πεπονθὸς
1105 1801 1210 1856 ἀπὸ
1240 1802 1440 1874 πολλῆς
1467 1805 1778 1874 περιουσίας
1808 1805 1900 1858 καὶ

2002 1801 2138 1855 buit.
2172 1801 2327 1867 Quod
2351 1817 2538 1857 casum
2581 1811 2634 1857 et
2668 1803 2880 1856 ruinam
2926 1805 3108 1868 sentit,
3144 1813 3363 1876 propter
3391 1806 3566 1861 abun-

329 1886 614 1961 ὑπάρξεως
639 1889 914 1960 τυγχάνει.
942 1891 1051 1944 Καὶ
1079 1891 1317 1957 τοιοῦτος
1349 1893 1447 1965 μὲν
1467 1896 1495 1947 6
1521 1893 1732 1965 πρῶτος
1747 1893 1896 1962 ἔλεγ-

322 1994 444 2049 χος.

2000 1893 2242 1948 dantiam
2291 1902 2344 1949 et
2391 1910 2507 1950 rem
2539 1895 2795 1950 amissam
2837 1897 3022 1950 sentit.
3052 1897 3131 1951 Ac
3163 1899 3300 1952 ratio
3346 1899 3564 1970 quidem

2001 1987 2176 2057 prima
2203 1987 2513 2057 opinionem
2545 1989 2708 2043 istam
2743 1988 3101 2044 convincendi
3137 1991 3262 2044 talis
3290 2001 3394 2046 est.

1223 2160 1352 2217 CAP.
1385 2159 1623 2215 XXXVI.
1661 2159 1908 2216 Patibih‘s
1938 2161 2080 2218 Deus
2105 2165 2390 2219 secundum
2419 2164 2763 2222 Manichazos.

423 2323 549 2378 Αλλ’
595 2325 781 2399 ἐπειδὴ
831 2345 990 2397 φασιν
1017 2344 1029 2359 ’
1053 2330 1172 2382 Ἔτι
1223 2330 1486 2402 προϊοῦσα
1517 2333 1550 2402 ἡ
1583 2334 1771 2396 κακία,
1803 2351 1896 2387 και

324 2419 525 2486 ἑαυτὴν
557 2419 966 2485 κατατείνουσα,
997 2423 1089 2475 καὶ
1128 2423 1391 2495 γενομένη
1437 2425 1573 2496 πρὸς
1613 2425 1691 2496 τῷ
1735 2428 1893 2496 φωτὶ,

325 2511 576 2581 ἥρπασεν
607 2511 715 2564 ἀπὸ
755 2510 848 2565 τοῦ
885 2515 1078 2582 φωτὸς,
1107 2515 1201 2568 καὶ
1235 2516 1488 2570 κατέπιεν
1513 2517 1618 2570 ἀπὸ
1655 2518 1748 2570 τοῦ
1785 2536 1898 2589 φω-

325 2604 447 2667 τός·
485 2603 616 2675 φέρε
651 2603 749 2674 τὴν
788 2605 1100 2675 πρεσϐείαν,
1135 2609 1200 2678 ἢν
1230 2608 1369 2680 ὑπὲρ
1402 2609 1495 2662 τοῦ
1534 2611 1767 2683 πονηροῦ
1795 2631 1893 2665 πει

325 2696 578 2766 ποίηνται
618 2696 756 2749 κατὰ
777 2698 872 2767 τῆς
908 2697 1180 2768 ἀληθείας,
1211 2699 1508 2754 καταλῦσαι
1537 2701 1609 2774 μὴ
1631 2721 1896 2775 παραιτη-

328 2784 585 2858 σώμεθα·
630 2786 914 2856 ἐπαίρουσι
963 2788 1070 2859 γὰρ
1109 2789 1186 2858 τῷ
1227 2789 1368 2860 λόγῳ
1408 2775 1580 2861 τούτῳ
1606 2790 1702 2861 τὴν
1733 2808 1896 2861 πονη-

328 2879 474 2951 ρίαν,
521 2878 849 2943 εὐτελίζουσι
881 2881 937 2934 es
966 2880 1064 2951 τὴν
1098 2880 1383 2951 ἀλήθειαν·
1431 2883 1526 2935 καὶ
1572 2881 1739 2953 νεῦρα
1797 2883 1894 2953 μὲν

323 2970 528 3024 διδόασι
567 2973 630 3040 τῇ
677 2969 928 3042 πονηρίᾳ,
962 2970 1184 3043 ἄνευρον
1209 2972 1266 3026 δὲ
1291 2972 1388 3044 τὴν
1427 2973 1680 3050 ἀλήθειαν
1709 2973 1894 3026 ὑποτί-

327 3063 533 3116 θενται.
569 3063 631 3116 EE
679 3064 788 3135 γὰρ
830 3065 862 3135 ἡ
909 3064 1005 3136 μὲν
1037 3064 1268 3138 πονηρία
1326 3066 1562 3136 ἥρπασε,
1597 3065 1655 3116 τὸ
1685 3064 1741 3116 δὲ
1781 3063 1895 3133 φῶς

324 3157 624 3228 ἥρπασται,
656 3157 749 3210 καὶ
778 3157 1152 3227 ἁρπαζόμενον
1181 3157 1402 3227 ἔπασχε,
1433 3158 1524 3210 καὶ
1548 3158 1752 3227 πάσχον
1795 3174 1893 3210 πα-

2067 2331 2173 2388 Sed
2213 2331 2341 2403 quia
2390 2332 2580 2388 dicunt
2622 2330 2771 2402 quod
2822 2331 3067 2403 nequitia
3111 2331 3288 2387 adhuc
3339 2349 3561 2406 progre-

1996 2425 2172 2488 diens,
2206 2439 2270 2479 ac
2301 2439 2359 2480 se
2388 2423 2561 2494 ipsam
2587 2424 2874 2479 intendens
2906 2441 2969 2479 ac
2999 2425 3262 2480 roborans
3290 2437 3344 2480 et
3372 2427 3564 2481 lumini

1996 2516 2460 2586 appropinquans,
2494 2515 2675 2586 rapuit
2707 2532 2773 2570 ex
2799 2532 2864 2571 eo
2911 2526 2964 2570 et
2997 2517 3316 2584 absorbuit;
3351 2533 3448 2588 age
3489 2519 3563 2574 le-

1996 2607 2264 2676 gationem
2299 2623 2460 2678 quam
2513 2623 2610 2678 pro
2640 2607 2858 2664 diabolo
2887 2617 3080 2664 contra
3115 2612 3392 2666 veritatem
3443 2627 3564 2668 sus-

1994 2704 2290 2766 ceperunt,
2352 2697 2651 2752 dissolvere
2728 2714 2796 2752 ne
2845 2697 3190 2769 defugiamus
3237 2718 3248 2752 :
3299 2700 3564 2754 extollunt

1995 2792 2140 2847 enim
2181 2791 2268 2848 his
2310 2794 2492 2848 verbis
2531 2794 2770 2860 malum,
2804 2801 3101 2849 extenuant
3145 2804 3323 2850 autem
3367 2798 3565 2851 verita-

1995 2886 2128 2942 tem,
2171 2886 2224 2932 et
2257 2894 2453 2934 nervos
2499 2881 2749 2934 tribuunt
2782 2884 3035 2952 nequitia:
3060 2903 3074 2950 ;
3104 2885 3388 2939 veritatem
3435 2901 3564 2941 vero

1996 2969 2112 3026 sine
2148 2971 2330 3026 nervis
2362 2982 2591 3042 ponunt.
2628 2973 2838 3029 Etenim
2887 2977 2931 3030 si
2962 2976 3202 3044 nequitia
3248 2977 3449 3046 rapuit,
3482 2978 3564 3031 lu-

1995 3079 2119 3119 men
2146 3080 2275 3119 vero
2314 3074 2526 3135 raptum
2564 3074 2673 3132 est,
2721 3068 2940 3138 etquod
2970 3068 3372 3123 dominatur-um
3422 3079 3560 3134 erat,

1997 3153 2235 3223 patitur;
2269 3162 2322 3209 et
2353 3158 2495 3225 quod
2522 3158 2745 3226 patitur,
2785 3158 3004 3226 patibile
3041 3167 3154 3224 est;
3189 3160 3430 3229 patibilis
3458 3162 3554 3230 igi-
3591 3165 3594 3170 '

325 3249 489 3320 θητδν
530 3246 626 3320 ἦν·
686 3249 920 3320 παθητὸς
974 3250 1070 3320 μὲν
1104 3249 1222 3302 κατ’
1250 3250 1445 3312 αὐτοὺς
1501 3251 1530 3302 ὁ
1566 3248 1715 3312 Θεὸς,
1755 3249 1895 3302 ἁπα-

2000 3257 2086 3300 tur
2116 3248 2354 3317 ipsorum
2380 3249 2634 3318 opinione
2667 3249 2809 3304 Deus
2826 3259 2941 3306 est:
2967 3253 3197 3306 Satanas
3223 3268 3350 3308 vero
3368 3269 3562 3324 expers

327 3341 428 3412 θὴς
458 3341 517 3394 δὲ
551 3343 580 3394 6
612 3341 888 3404 Σατανᾶς’
929 3343 956 3394 ὁ
1007 3342 1103 3412 μὲν
1147 3341 1439 3411 δυνάμενος
1501 3340 1716 3405 παθεῖν,
1760 3343 1788 3394 6
1836 3340 1892 3392 δὲ

323 3432 620 3504 δυνάμενος
640 3433 855 3504 δρᾶσαι.
873 3432 978 3486 Τοῦ
1002 3433 1110 3505 γὰρ
1140 3432 1314 3503 φωτὸς
1337 3433 1488 3496 ὄντος
1514 3431 1778 3504 παθητοῦ,
1805 3433 1895 3486 καὶ

324 3525 485 3589 αὐτὸς
516 3525 582 3578 ἂν
611 3527 694 3595 εἴη
728 3525 984 3594 παθητὸς,
1019 3527 1116 3596 οὐχ
1149 3525 1334 3598 ἕτερος
1364 3524 1438 3579 ὢν
1478 3525 1626 3596 παρὰ
1655 3525 1715 3577 τὸ
1747 3524 1889 3593 φῶς·

325 3618 439 3685 εῐγε
462 3616 696 3688 ἠδυνήθη
723 3616 932 3679 παθεῖν,
962 3617 1054 3670 καὶ
1095 3617 1286 3670 παθεῖν
1320 3615 1393 3688 μὴ
1417 3616 1507 3685 ἀφ’
1533 3615 1746 3678 ἑαυτοῦ,
1778 3613 1891 3668 ἀλλ’

324 3711 431 3775 ὑπὸ
459 3710 551 3764 τοῦ
576 3710 831 3781 πολεμίου
864 3712 955 3764 καὶ
984 3710 1318 3781 μαχομένου·
1352 3710 1445 3762 καὶ
1472 3708 1768 3778 ἀποστῆναι
1795 3707 1892 3778 μὲν

325 3801 542 3869 ἑαυτοῦ,
571 3802 820 3871 γενέσθαι
849 3802 905 3855 δὲ
936 3803 1070 3874 πρὸς
1097 3801 1174 3872 τῷ
1195 3802 1418 3873 χείρονι·
1445 3800 1560 3864 πῶς
1590 3800 1646 3853 δὲ
1672 3800 1764 3853 καὶ
1785 3799 1891 3852 τῶν

325 3897 474 3951 ἰδίων
502 3894 847 3966 κεχώρισται,
871 3897 899 3947 6
924 3894 1020 3965 τὴν
1036 3894 1294 3965 ἑνωτικὴν
1322 3893 1480 3962 φύσιν
1504 3893 1670 3963 ἔχων;
1696 3891 1762 3946 τὰ
1783 3892 1890 3963 γὰρ

321 3988 466 4043 κατὰ
494 3989 652 4058 φύσιν
676 3987 956 4056 πεφυκότα
977 3986 1298 4058 χωρίζεσθαι
1321 3986 1524 4039 ἑαυτῶν
1551 3987 1610 4037 ού
1630 3986 1885 4054 πέφυκεν.

320 4081 385 4132 Εἰ
419 4079 476 4131 δὲ
497 4078 788 4148 ἀγέννητον
815 4072 881 4148 ἦν
922 4076 982 4130 τὸ
1021 4078 1134 4146 φῶς
1162 4077 1255 4130 καὶ
1290 4077 1464 4148 ἤνωτο
1487 4075 1563 4146 τῷ
1592 4077 1886 4146 ἀγεννὴτῳ,

319 4172 440 4236 πῶς
467 4188 596 4224 ποτε
637 4169 966 4240 χωρισθῆναι
998 4169 1309 4240 δεδύνηται·
1348 4168 1461 4233 πῶς
1486 4169 1542 4222 δὲ
1575 4168 1889 4238 ἀπαλλαγῆ-

316 4283 408 4320 ναι
441 4262 656 4327 ἑαυτοῦ,
686 4265 779 4316 καὶ
815 4261 1066 4331 γενέσθαι
1100 4262 1284 4334 ἕτερον
1313 4265 1440 4334 παρ’
1471 4261 1661 4326 tauro;
1697 4263 1743 4313 εί
1780 4259 1887 4330 γὰρ

316 4358 631 4429 ὑπηρέτησε
664 4354 905 4426 πονηρῷ,
945 4354 1039 4407 καὶ
1075 4354 1426 4424 βεϐιασμένον
1455 4353 1560 4406 ὑπὸ
1596 4354 1694 4422 τῆς
1723 4369 1887 4422 πονη-

318 4450 462 4522 ρίας,
495 4449 677 4502 λοιπὸν
722 4448 792 4501 τὰ
849 4447 1107 4518 πονηρίας
1158 4448 1357 4517 ᾑρεῖτο,
1394 4445 1486 4498 καὶ
1542 4443 1776 4512 ἔπραττε
1820 4441 1887 4493 τὰ

314 4543 613 4614 πονηρίας·
660 4540 755 4594 καὶ
799 4539 983 4610 ὴγνόει
1023 4539 1120 4610 μὲν
1171 4537 1351 4597 ἑαυτὸ,
1383 4538 1474 4588 καὶ
1509 4534 1691 4588 οὐκέτι
1727 4530 1886 4584 ὲαυτδ

311 4606 636 4704 ἐγνώριζεν,
681 4631 794 4684 ἀλλ’
824 4606 1121 4701 έπιλῆσμον
1149 4627 1340 4682 ἑαυτοῦ
1372 4626 1637 4696 ἐγεγόνει·
1665 4622 1799 4694 ᾤετο
1825 4622 1881 4674 δὲ
1916 4606 1958 4659 D

307 4725 476 4780 ἑαυτὸ
497 4723 734 4778 τοιοῦτον
765 4719 902 4777 εἶναι
924 4719 1033 4776 οἷόν
1057 4723 1170 4775 ἐστι
1205 4721 1297 4774 καὶ
1328 4720 1388 4772 τὸ
1415 4718 1646 4790 πονηρόν
1664 4735 1677 4748 ·
1717 4717 1882 4787 μαχό-

312 4835 475 4890 μενος
531 4818 826 4888 φανήσεται
872 4819 899 4868 6
940 4815 1122 4882 λόγος·
1175 4813 1234 4866 τὸ
1279 4813 1386 4883 γὰρ
1424 4811 1712 4881 ἀγέννητον
1758 4807 1879 4861 οὔτε

307 4912 474 4966 ἑαυτὸ
522 4912 724 4980 ἀγνοεῖ,
772 4909 894 4962 οὔτε
938 4908 1088 4960 ἔσται
1120 4907 1303 4979 ἕτερον
1349 4906 1476 4977 παρ’
1510 4904 1703 4957 ἑαυτό·
1746 4899 1880 4954 ἀλλὰ

304 5003 550 5058 τοιοῦτον
601 5003 863 5072 διαμένει,
911 4996 1020 5054 οἷον
1065 4997 1163 5072 ἦν·
1228 5001 1319 5053 καὶ
1380 4998 1631 5052 οὐδέποτε
1687 4993 1876 5047 ἑαυτοῦ

306 5095 772 5166 ἀπαλλαγήσεται,
802 5094 1055 5146 οὐδέποτε
1083 5092 1174 5146 τοῦ
1205 5089 1342 5146 εἶναι
1377 5090 1698 5164 ἀρξάμενον.

1997 3349 2205 3392 natura:
2238 3340 2511 3408 patibilis;
2549 3341 2639 3395 iIIe
2665 3341 2880 3412 quidem
2912 3343 3052 3398 male
3076 3344 3210 3398 afﬁci
3247 3354 3446 3414 potest,
3472 3347 3559 3400 hic

1995 3447 2126 3486 vero
2165 3434 2304 3487 male
2337 3432 2568 3488 allicere.
2607 3432 2665 3487 Si
2706 3436 2848 3488 enim
2889 3435 3070 3489 lumen
3116 3437 3336 3506 patibile
3366 3446 3470 3504 est,
3508 3449 3560 3493 et

1997 3524 2112 3594 ipse
2157 3523 2301 3580 Deus
2344 3533 2428 3580 est
2460 3527 2722 3595 patibilis,
2754 3542 2877 3581 cum
2923 3545 3030 3582 non
3084 3530 3156 3584 sit
3189 3530 3334 3584 aliud
3369 3541 3563 3601 praeter

1994 3615 2196 3668 lumen.
2227 3614 2382 3680 Quod
2414 3616 2458 3668 si
2495 3619 2670 3684 potuit
2696 3616 2837 3670 male
2866 3615 3027 3684 allici,
3053 3625 3107 3670 et
3138 3632 3245 3670 non
3279 3633 3308 3671 a
3341 3634 3399 3673 se
3423 3620 3561 3672 male

1993 3705 2151 3766 allici.
2185 3708 2275 3760 sed
2300 3707 2368 3761 ab
2401 3707 2555 3761 hoste
2587 3713 2640 3760 et
2672 3719 2969 3776 pugnante,
3003 3717 3056 3762 et
3079 3708 3311 3764 deficere
3341 3725 3369 3762 a
3394 3726 3472 3777 se,
3495 3719 3550 3765 et.

1991 3813 2113 3852 esse
2165 3796 2309 3866 apud
2341 3797 2582 3852 deterius
2613 3818 2624 3851 :
2655 3800 2929 3868 quomodo
2971 3814 3000 3852 a
3044 3802 3279 3870 propriis
3327 3818 3549 3872 separa-

1992 3897 2105 3942 tum
2147 3899 2252 3948 est,
2290 3889 2436 3958 quod
2481 3898 2730 3944 naturam
2777 3891 2934 3945 habet
2979 3893 3403 3961 copulatricem?
3432 3911 3550 3964 quae

1991 3982 2135 4036 enim
2166 3981 2466 4036 secundum
2519 3988 2770 4035 naturam
2807 3993 2931 4054 apta
2979 3992 3105 4036 nata
3150 3992 3296 4047 sunt,
3331 3995 3388 4039 ut
3431 4003 3461 4040 a
3498 4005 3556 4042 se

1991 4074 2126 4144 ipsis
2157 4082 2497 4143 separentur,
2535 4089 2641 4127 non
2681 4075 2867 4129 insunt
2903 4082 3115 4129 natura.
3167 4077 3222 4129 Si
3268 4085 3443 4130 autem
3477 4080 3560 4131 in—

1988 4166 2228 4237 genitum
2259 4173 2374 4220 erat
2403 4167 2606 4228 lumen,
2657 4174 2710 4221 et
2750 4175 2867 4221 erat
2897 4184 3018 4222 cum
3055 4169 3299 4239 ingenito
3336 4172 3558 4239 copula-

1986 4266 2124 4323 tum,
2162 4259 2436 4328 quomodo
2477 4274 2715 4327 unquam
2753 4261 2997 4328 separari
3042 4263 3256 4330 potuit?
3284 4263 3556 4332 quomodo

1989 4363 2018 4401 a
2044 4364 2101 4404 se
2127 4349 2332 4414 divelli,
2369 4359 2421 4404 et
2455 4349 2570 4404 fieri
2602 4347 2747 4401 aliud
2775 4365 2936 4419 quam
2975 4352 3126 4404 erat?
3162 4351 3217 4406 Si
3259 4354 3403 4407 enim
3454 4353 3557 4406 ηιξ-ι

1986 4441 2242 4497 nistravit
2285 4443 2445 4502 malo,
2494 4442 2656 4511 idque
2706 4458 2800 4511 per
2830 4444 2937 4497 vim
2989 4459 3016 4496 a
3050 4446 3292 4514 nequitia
3326 4447 3554 4509 illatam,

1988 4531 2246 4600 deinceps
2283 4532 2582 4600 nequitiam
2613 4532 2865 4600 eligebat,
2903 4541 2955 4588 et
2985 4550 3104 4604 quae
3138 4545 3263 4589 sunt
3297 4553 3550 4606 nequam,

1988 4622 2367 4692 perpetrabat;
2405 4629 2458 4675 et
2489 4623 2772 4691 ignorabat
2816 4638 2894 4686 se,
2938 4639 3039 4677 nec
3084 4640 3142 4680 se
3169 4625 3281 4692 jam
3322 4628 3553 4697 amplius

1987 4714 2338 4783 agnoscebat,
2376 4714 2468 4767 sed
2519 4714 2603 4767 sui
2640 4714 2822 4783 potius
2869 4715 3099 4769 oblitum
3142 4724 3294 4782 erat;
3333 4719 3554 4786 putabat

1987 4804 2131 4858 enim
2164 4818 2221 4858 se
2253 4805 2358 4857 tale
2391 4819 2535 4869 esse,
2568 4806 2726 4873 quale
2750 4810 2833 4858 est
2863 4806 3087 4861 malum.
3119 4806 3174 4858 Si
3201 4807 3271 4860 ita
3296 4815 3433 4872 erat,
3455 4823 3551 4878 .ap-

1987 4897 2255 4967 parebunt
2299 4897 2414 4950 hinc
2447 4898 2825 4967 repugnantia.
2873 4896 3026 4962 Quod
3063 4900 3206 4952 enim
3253 4899 3548 4968 ingenitum

1985 4997 2090 5052 est,
2124 5004 2299 5057 neque
2343 5004 2402 5042 se
2439 4989 2670 5058 ignorat,
2707 5005 2804 5044 nec
2846 4989 2992 5044 aliud
3029 4991 3151 5054 erit,
3188 4999 3546 5062 praeterquam

1985 5087 2088 5146 est,
2139 5080 2233 5135 sed
2277 5081 2457 5150 potius
2507 5081 2615 5136 tale
2654 5090 2984 5152 perseverat,
3040 5083 3200 5153 quale
3244 5093 3391 5150 erat;
3446 5101 3544 5140 nec

306 5204 550 5259 unquam
583 5204 611 5240 a
640 5203 698 5242 se
727 5186 961 5256 disjungi
997 5187 1195 5257 potuit,
1222 5186 1368 5256 quod
1398 5197 1675 5253 nunquam
1705 5178 1870 5247 coepit
1899 5188 2040 5230 esse.

392 5284 531 5338 Ἀλλ’
565 5283 750 5355 ἐπειδὴ
783 5281 1002 5354 γραώδη
1035 5283 1130 5337 καὶ
1155 5283 1368 5354 μυθώδη
1386 5281 1735 5351 φθέγγονται,
1754 5278 1876 5333 οὔτε

303 5377 334 5430 δ
364 5377 613 5446 λέγουσιν
657 5376 880 5439 ειδότες,
914 5374 1028 5429 ἀλλ’
1066 5376 1159 5444 ἀφ’
1205 5369 1278 5428 ὧν
1311 5375 1558 5443 λέγοντες
1599 5371 1878 5428 δυσωπούο

307 5485 484 5540 μενοι,
521 5470 614 5522 καὶ
644 5466 803 5521 τοῦτο
836 5465 1246 5540 προγράφωμεν
1271 5465 1347 5537 τῷ
1377 5466 1539 5536 λόγῳ·
1564 5466 1626 5519 Εἰ
1646 5464 1878 5535 ἠδύνατο

301 5563 366 5616 τὸ
405 5562 521 5631 φῶς
549 5561 900 5632 ἀμειφθῆναι,
943 5561 1036 5614 καὶ
1067 5559 1252 5632 ἕτερον
1281 5559 1584 5630 παρ’ὲαυτὸ
1605 5558 1876 5627 γενέσθαι,

378 5717 414 5749 ¹¹
447 5715 592 5770 Psal.
633 5730 779 5778 cxxr,
810 5713 866 5767 2.
945 5714 987 5745 "
1013 5711 1210 5782 Epltes.
1243 5727 1316 5774 vi,
1353 5712 1438 5771 I6.
1518 5713 1560 5744 ¹³
1591 5711 1612 5764 I
1638 5713 1760 5767 (Sor.
1795 5732 1848 5777 τ,
1885 5715 1972 5788 19..

627 5811 898 5869 Ρηιιοι..
942 5808 1058 5868 Gn.
1107 5801 1336 5867 XVIII.

2058 5289 2280 5355 Verum,
2308 5293 2433 5362 quia
2475 5295 2639 5349 anilia
2689 5302 2743 5350 et
2794 5297 3167 5353 commentitia
3213 5298 3547 5369 loquuntur,

1985 5398 2094 5437 non
2131 5383 2490 5454 intelligentes
2529 5403 2649 5457 qua:
2679 5388 2887 5454 dicunt,
2917 5389 3011 5443 sed
3055 5405 3121 5444 ex
3167 5391 3232 5446 iis
3265 5391 3398 5461 ipsis
3428 5409 3546 5462 quae

1983 5471 2194 5536 dicunt,
2219 5476 2406 5530 revicti
2441 5485 2494 5530 et
2529 5493 2587 5532 se
2631 5479 3038 5545 erubescentes,
3070 5481 3172 5536 hoc
3201 5483 3364 5537 etiam
3396 5485 3461 5538 ad
3483 5501 3547 5540 ea

1982 5580 2101 5621 aute
2145 5564 2288 5620 dlCIa
2327 5574 2474 5632 sunt,
2506 5567 2768 5625 addamus
2801 5586 2812 5622 :
2842 5569 2897 5626 Si
2925 5579 3136 5641 poterat
3176 5573 3357 5631 lumen
3395 5589 3552 5632 com-

3152 5826 3230 5887 36
