4072 6338
627 318 758 376 “Si

1745 295 1910 352 ’TlTl
1948 290 2366 351 BOSTRENSIS
2404 287 2705 344 EPISCOPI

3662 284 3768 340 1132

628 440 848 503 mutari,
894 445 945 493 et
991 436 1136 491 aliud
1171 428 1529 506 mmmam
1576 433 1693 483 erat
1737 425 1915 495 ipsum
1948 420 2086 484 ﬁeri,
2131 427 2182 474 et
2213 430 2236 484 Α

2163 427 2182 471 t
2213 430 2258 484 Α
2286 415 2378 466 καὶ
2409 412 2658 481 γενέσθαι
2706 410 2840 482 πρὸς
2872 413 2937 480 τῇ
2964 421 3213 478 πονηριᾳ,
3241 415 3332 458 και
3363 401 3540 458 εαυτοῦ
3569 402 3653 472 μὲν
3675 405 3767 456 ἐπι-

629 547 752 588 esse
799 529 940 601 apud
991 529 1285 598 nequitiam
1335 539 1398 579 ac
1449 522 1534 579 sui
1579 517 1976 582 oblivisci,-et
2008 513 2183 569 facere

631 636 964 694 quaecunque
985 620 1232 690 nequitia
1259 617 1422 681 facit;
1453 612 1630 684 potuit
1661 611 1765 664 hoc
1794 606 2008 664 evenire
2035 605 2185 676 prin-

632 717 843 786 cipibus
883 715 1156 785 nequitiae,
1185 719 1244 768 ut
1267 710 1440 780 magis
1468 705 1742 777 potuerint
1775 699 1970 756 mutari
1998 703 2053 752 in
2084 698 2180 752 bo-

632 824 780 864 num.
827 809 882 861 Si
932 814 1110 862 autem
1166 804 1391 858 mutatio
1431 800 1546 855 lieri
1595 796 1773 868 potuit
1828 804 1882 848 et
1932 790 2182 852 variatio,

631 894 905 963 quomodo
933 908 1042 947 non
1073 891 1265 946 melius
1298 897 1414 945 erat
1447 903 1513 942 ex
1543 886 1675 940 vitio
1704 885 1758 937 in
1783 883 2036 936 virtutem
2067 896 2184 933 mu-

633 986 756 1048 tari,
783 1001 946 1054 quam
989 1000 1054 1040 ex
1087 984 1288 1040 virtute
1321 983 1377 1036 in
1409 979 1639 1033 vitium?
1673 974 1954 1042 Quomodo
1994 988 2183 1044 passus

633 1083 714 1129 est
756 1073 921 1137 Deus,
975 1081 1028 1127 et
1058 1072 1305 1143 permisit
1336 1070 1452 1140 rapi
1491 1066 1709 1121 lumen?
1749 1063 2029 1132 Quomodo
2074 1078 2183 1116 non

632 1163 909 1232 prohibuit
956 1160 1405 1232 aggressionem?
1451 1155 1734 1224 Quomodo
1793 1169 1902 1209 non
1951 1153 2184 1209 servavit

634 1256 769 1309 sua?
795 1254 1078 1320 Quomodo
1097 1259 1383 1321 postquam
1413 1248 1590 1302 ablata
1621 1254 1768 1310 sunt,
1795 1245 1970 1300 noluit
1996 1260 2183 1299 eorum

634 1344 1025 1415 providentiam
1068 1349 1121 1396 et
1153 1339 1588 1410 procurationem
1635 1337 1872 1392 habere?
1907 1334 2186 1402 Quomodo

634 1455 742 1494 non
771 1437 922 1508 prius
955 1437 1213 1505 impetum
1245 1442 1296 1488 et
1323 1443 1578 1487 conatum
1608 1428 1884 1484 coercuit?
1907 1426 2186 1493 Quomodo

637 1543 740 1581 non
775 1527 944 1596 magis
977 1525 1211 1580 servavit
1241 1539 1308 1578 ne
1333 1526 1679 1592 caperentur,
1707 1519 1800 1574 sed
1831 1519 2010 1588 potius
2030 1523 2184 1586 capta

635 1626 688 1672 et
709 1618 918 1687 direpta
950 1616 1152 1670 auxilio
1191 1630 1302 1668 non
1341 1611 1663 1668 honoravit?
1706 1609 1762 1663 Si
1799 1609 1920 1664 ideo
1951 1607 2096 1670 fecit,
2129 1615 2186 1660 ut

638 1711 817 1763 lumen
868 1721 992 1761 cum
1041 1706 1094 1759 in
1145 1704 1303 1760 malis
1341 1709 1506 1767 esset,
1549 1701 1691 1755 mala
1737 1705 1988 1763 mutaret,
2029 1695 2185 1766 quasi

2284 503 2559 567 λαθέσθαι,
2586 503 2805 572 ποιῆσαι
2839 500 2896 553 δὲ
2929 500 3030 553 ὅσα
3057 499 3090 569 ἠ
3115 497 3339 568 πονηρία
3381 496 3540 546 ποιεῖ·
3562 493 3772 562 ἠδύναντο

2285 599 2378 653 καὶ
2395 599 2442 649 οί
2457 596 2554 666 τῆς
2569 594 2828 665 πονηρίας
2849 593 3105 664 ἄρχοντες
3121 588 3274 642 τοῦτο
3288 586 3491 650 παθεῖν,
3509 585 3593 639 καὶ
3616 584 3771 654 μᾶλλον

2287 685 2808 760 μεταϐάλλεσθαιὲπὶ
2818 684 2878 736 τὸ
2890 683 3049 736 καλόν
3067 721 3082 735 .
3097 678 3397 750 Ἰσχυούσης
3411 677 3463 730 δὲ
3481 677 3571 746 τῆς
3590 676 3773 747 μεταϐο-

2282 781 2378 850 λῆς
2396 781 2486 832 καὶ
2499 777 2799 848 δυναμένης
2809 776 2904 844 τῆς
2920 773 3270 835 ἀλλοιώσεως,
3290 770 3400 832 πῶς
3415 771 3508 822 οὐκ
3526 769 3712 838 ἄμεινον
3725 763 3774 838 ἧν

2281 876 2393 936 τοῖς
2430 874 2616 935 κακοῖς
2664 871 2863 941 μᾶλλον
2891 869 2982 920 ἐπὶ
3007 868 3104 937 τὴν
3131 864 3329 936 ἀρετὴν
3367 860 3772 933 μεταϐληθῆναιῆ

2282 967 2393 1027 τοῖς
2425 962 2605 1024 καλοῖς
2651 961 2742 1011 ἐπὶ
2775 958 2872 1029 τὴν
2899 957 3094 1010 κακίαν
3121 972 3135 1020 ;
3165 954 3286 1016 Πῶς
3314 953 3368 1006 δὲ
3401 953 3489 1005 καὶ
3512 951 3729 1018 ἠνέσχετο
3754 950 3776 998 ὁ

2284 1056 2432 1119 Θεὸς,
2466 1054 2556 1106 καὶ
2584 1051 2851 1121 ληφθῆναι
2877 1049 2938 1101 τὸ
2971 1047 3082 1117 φῶς
3115 1042 3371 1114 ἐπέτρεψε
3395 1059 3408 1106 ;
3431 1041 3544 1104 Πῶς
3569 1041 3621 1093 οὐ
3640 1038 3774 1092 κεκώ-

2283 1147 2412 1201 λυκε
2459 1147 2556 1218 τὴν
2601 1143 2811 1215 ὁρμήν;
2861 1141 2984 1204 Πῶς
3025 1139 3092 1192 τὰ
3139 1137 3245 1190 ἴδια
3281 1136 3378 1188 οὐκ
3417 1134 3658 1204 ἑτὴρησε;
3687 1130 3778 1191 Πῶς

2284 1239 2361 1301 δὲ,
2395 1237 2531 1308 μετά
2570 1236 2630 1288 τὸ
2664 1233 3048 1304 ἀφαιρεθῆναι,
3095 1229 3345 1301 πρόνοιαν
3375 1226 3476 1279 τῶν
3513 1221 3779 1296 ἀφαιρεθέν-

2286 1347 2392 1383 των
2435 1325 2761 1398 ποιήσασθαι
2788 1325 2847 1377 οὐ
2885 1322 3234 1394 βεϐούληται;
3266 1318 3386 1382 Πῶς
3438 1317 3494 1370 οὐ
3550 1312 3782 1386 προλαϐὼν

2285 1419 2482 1488 ὲπέσχε
2534 1416 2629 1487 τὴν
2673 1415 3043 1485 ὲπιχείρησιν;
3084 1411 3207 1475 Πῶς
3257 1408 3449 1481 μᾶλλον
3485 1404 3703 1460 ἀνάλωτα
3734 1405 3781 1456 οὐ

2286 1513 2606 1582 τετήρηκεν,
2657 1507 2792 1561 ἀλλὰ
2836 1505 3028 1559 ἁλόντα
3079 1504 3170 1556 καὶ
3216 1500 3481 1572 ληφθέντα
3529 1496 3716 1568 βοηθείᾳ
3737 1497 3781 1548 οὗ

2285 1602 2607 1672 τετίμηκεν;
2658 1599 2720 1651 Et
2769 1597 2865 1667 μὲν
2905 1596 3083 1648 εἴασεν
3119 1593 3205 1645 ἵνα
3238 1589 3298 1645 τὸ
3336 1590 3447 1659 φῶς
3478 1587 3723 1656 γενόμενον
3741 1587 3785 1636 ὲν

2286 1696 2396 1756 τοῖς
2439 1693 2627 1754 κακοῖς
2655 1688 2933 1760 μεταϐάλῃ
2955 1688 3022 1742 τὰ
3056 1685 3219 1748 κακὰ,
3249 1685 3324 1748 ὡς
3353 1681 3632 1752 δυναμένων
3660 1694 3783 1748 μετα-

638 1797 830 1850 mutari
891 1802 1116 1866 possent
1162 1793 1302 1846 mala
1345 1810 1356 1844 :
1403 1805 1513 1845 non
1575 1789 1739 1860 igitur
1795 1787 1936 1841 mala
1991 1793 2186 1839 natura
2219 1777 2246 1830 l3

2175 1801 2186 1838 ι
2219 1777 2258 1830 Β
2288 1783 2574 1839 ϐάλλεσθαι
2611 1781 2716 1835 τῶν
2761 1780 2966 1846 κακῶν,
2995 1779 3175 1833 οὐκέτι
3204 1777 3272 1830 τὰ
3297 1775 3438 1829 κακά
3469 1771 3647 1843 φυσικά
3665 1770 3783 1823 δυνά-

638 1891 778 1942 mala
812 1897 971 1954 sunt;
1002 1902 1123 1958 quae
1162 1901 1285 1941 cum
1315 1883 1513 1939 mutari
1543 1887 1793 1950 possunt,
1839 1877 2188 1948 sponsionem

637 1976 692 2029 in
722 1977 1020 2030 mutatione
1052 1976 1166 2045 ipsa
1193 1973 1489 2042 accipiunt,
1524 1987 1634 2024 non
1658 1985 1780 2025 esse
1801 1979 1994 2023 natura
2024 1967 2185 2021 mala.

710 2066 764 2120 Si
787 2075 965 2121 autem
998 2065 1200 2121 sciebat
1234 2078 1340 2117 non
1371 2061 1590 2126 mutari,
1621 2075 1796 2129 neque
1837 2065 2030 2113 natura
2065 2065 2190 2126 apta

637 2174 760 2215 esse
822 2169 881 2213 ut
931 2159 1282 2213 mutationem
1339 2164 1594 2227 caperent
1667 2151 1940 2225 quomodo
1987 2151 2191 2204 frustra

639 2252 783 2317 sivit,
829 2259 888 2305 ut
922 2251 1122 2305 bonum
1153 2251 1423 2320 jacturam
1467 2246 1692 2310 faceret,
1738 2253 1790 2299 et
1827 2244 2036 2298 lucrum
2083 2257 2190 2296 non

638 2343 903 2397 tribueret
935 2341 1116 2395 malo?
1147 2339 1428 2406 Quomodo
1463 2338 1590 2394 sivit
1619 2339 1735 2407 ipsa
1769 2335 1909 2390 mala
1938 2349 2046 2388 non
2073 2349 2195 2388 mu-

637 2435 766 2498 tari,
799 2448 857 2500 se
884 2447 1013 2487 vero
1041 2441 1095 2486 et
1127 2445 1224 2487 sua
1246 2431 1388 2494 bona
1413 2437 1619 2484 mutata
1653 2426 1924 2499 neglexit?
1944 2424 2192 2480 Absurda

638 2534 722 2580 est
753 2525 897 2579 enim
931 2524 1046 2579 hate
1081 2521 1438 2594 praescriptio,
1483 2521 1662 2591 ipsum
1691 2535 1812 2576 esse
1857 2519 2191 2583 mutabilem,

640 2618 766 2688 quia
809 2631 907 2672 sua
954 2623 1264 2682 mutantur;
1318 2630 1429 2669 non
1483 2629 1604 2669 esse
1652 2621 1829 2668 autem
1879 2612 2195 2666 mutabilem

640 2707 942 2761 materiam.
971 2707 1147 2776 Atque
1185 2707 1285 2760 hoc
1320 2704 1538 2775 quidem
1585 2703 1665 2758 sic
1694 2701 2095 2772 redarguimus,
2137 2708 2196 2755 ut

641 2799 910 2868 prolixum
939 2812 1242 2852 sermonem
1271 2795 1679 2857 eontrahamus,
1715 2794 1931 2848 silentio
1966 2802 2189 2862 praeter-

643 2897 836 2944 euntes
875 2889 967 2942 illa
1007 2888 1373 2958 integumenta
1420 2901 1541 2957 qua:
1576 2884 1898 2949 obtendunt,
1950 2884 2072 2938 illas
2112 2898 2196 2939 re-

641 2977 971 3048 pugnantias
1001 2985 1055 3032 et
1084 2975 1293 3031 fabulas
1325 2987 1378 3030 et
1404 2990 1614 3046 pugnas
1651 2976 1960 3046 gigantum;
1986 2981 2046 3027 ut
2075 2988 2196 3044 qua:

641 3069 708 3122 de
751 3067 1018 3137 principio
1065 3083 1248 3123 rerum
1301 3067 1446 3122 dicta
1507 3074 1656 3131 sunt,
1705 3067 1878 3121 instar
1909 3065 2193 3135 cujusdam

642 3158 871 3214 subsidii
901 3159 1045 3214 dicta
1089 3159 1220 3227 sint,
1261 3158 1668 3229 habeanturque
1711 3166 1966 3228 tanquam
2005 3172 2192 3213 semen

644 3253 1023 3320 quaestionum.

2292 1897 2427 1952 μενα
2476 1877 2924 1950 μεταϐάλλεσθαι,
2951 1875 3060 1930 ἀπὸ
3091 1874 3197 1927 τῶν
3228 1871 3413 1925 κακῶν
3458 1869 3679 1939 ἐνέχυρον
3712 1864 3783 1935 τὴν

2293 1971 2589 2044 μεταϐολὴν
2619 1970 2760 2024 κατά
2787 1973 2884 2040 τῆς
2914 1969 3127 2039 φύσεως
3148 1965 3428 2036 λαμϐάνει.

2359 2064 2421 2116 Εἰ
2452 2063 2508 2116 δὲ
2535 2062 2818 2132 ﬁni-010.10,
2849 2061 2929 2113 ὅτι
2967 2060 3042 2113 οὔ
3079 2056 3453 2130 μετεϐάλλετο,
3501 2053 3584 2107 καὶ
3624 2051 3692 2103 δτι
3738 2048 3785 2099 οὐ

2292 2155 2531 2224 πέφυκεν
2571 2150 2940 2206 ἀλλοιοῦσθαι·
2986 2149 3100 2213 πῶς
3133 2150 3311 2220 μάτην
3347 2147 3487 2200 εἴασε
3521 2141 3693 2212 ζημίαν
3713 2136 3783 2209 μὲν

2291 2245 2574 2316 ὑπομεῖναι
2627 2244 2688 2297 τὸ
2735 2242 2917 2308 καλὸν,
2969 2241 3159 2312 κέρδος
3215 2241 3275 2293 δὲ
3331 2239 3404 2310 μὴ
3445 2236 3698 2304 ἀπονεῖμαι
3727 2228 3785 2299 τῷ

2291 2337 2478 2407 κακῷ;
2510 2337 2634 2401 Πῶς
2664 2338 2720 2390 δὲ
2748 2336 2886 2390 αὐτὰ
2919 2337 3016 2408 μὲν
3054 2334 3122 2388 τά
3156 2333 3304 2388 κακά
3333 2328 3641 2387 ἀλλοιοῦσθαι
3660 2321 3782 2385 οἶδδδ.

2291 2428 2482 2484 ἑαυτὸν
2527 2430 2583 2483 δὲ
2613 2431 2703 2483 καὶ
2737 2429 2806 2484 τὰ
2835 2427 3025 2482 ἑαυτοῦ
3065 2426 3206 2481 καλὰ
3255 2423 3590 2494 ἀλλοιούμενα
3637 2416 3784 2488 παρεῖ-

2291 2520 2414 2586 δεν,
2442 2521 2675 2584 Ἀτοπος
2695 2520 2801 2591 γὰρ
2826 2520 2950 2590 ὅρος
2974 2511 3146 2583 οὗτος,
3169 2518 3330 2571 αὑτὸν
3356 2517 3450 2588 μὲν
3474 2509 3598 2567 εἶναι
3621 2509 3784 2564 ἀλλοιω-

2292 2612 2403 2679 τὸν,
2450 2593 2537 2665 διὰ
2583 2613 2644 2665 τὸ
2693 2611 3031 2666 ἀλλοιοῦσθαι
3060 2611 3128 2665 τά
3165 2609 3381 2675 ἑαυτοῦ,
3408 2607 3478 2679 μὴ
3511 2602 3629 2659 εἶναι
3653 2601 3697 2654 δὲ
3717 2599 3785 2654 ἁλ-

2293 2703 2609 2774 λοιουμένην
2637 2702 2734 2774 τὴν
2762 2702 2914 2774 ὓλην.
2948 2704 3055 2756 Καὶ⁸
3072 2702 3264 2756 τούτου
3292 2701 3388 2772 μὲν
3409 2697 3622 2759 τοιοῦτος
3642 2691 3785 2758 651.57-

2293 2811 2404 2865 χος,
2435 2795 2519 2847 ἵνα
2549 2793 2745 2866 πολλὴν
2780 2795 3141 2864 συστείλωμεν
3173 2792 3407 2863 ὁμιλίαν,
3446 2789 3537 2853 τὰς
3577 2783 3782 2858 προόολάς

2291 2885 2490 2949 αὐτῶν,
2514 2886 2613 2949 τὰς
2643 2885 2838 2955 μάχας,
2855 2884 2952 2948 τὰς
2979 2884 3299 2956 μυθοποιίας
3325 2881 3530 2942 ὲκείνας
3556 2877 3783 2943 καὶγιγαν·

2293 2977 2558 3048 τομαχίας
2587 2977 2894 3040 σιωπῶντες
2912 2994 2924 3006 ·
2959 2977 3045 3029 ἵνα
3087 2976 3180 3029 καὶ
3212 2976 3283 3028 τά
3313 2973 3563 3045 εἰρημένα
3589 2962 3782 3037 περὶτῆς

2295 3068 2466 3138 ἀρχῆς
2496 3067 2603 3120 τῶν
2636 3069 2996 3138 πραγμάτων,
3049 3066 3203 3138 δίκην
3232 3068 3482 3137 ἀφορμῆς
3516 3077 3640 3122 τινος
3676 3058 3784 3126 ειρη-

2300 3157 2434 3227 μένα
2479 3159 2739 3232 τυγχάνῃ,
2777 3160 2868 3212 καὶ
2898 3159 3116 3231 σπέρμα
3162 3157 3274 3210 τῶν
3305 3156 3568 3228 ζητήσεων
3600 3149 3782 3220 ὑπάρχοι

643 3391 3757 3423 ______________________________________________________.

1736 3581 2090 3670 LIBER
2160 3580 2804 3671 SECUNDUS.

1480 3890 1607 3947 Car.
1650 3889 1688 3942 1.
1724 3888 1919 3958 Scopus
1951 3890 2272 3942 auctoribus.
2317 3885 2470 3941 Nihil
2503 3886 2630 3939 mali
2672 3893 2903 3936 creatum
2934 3891 3028 3939 est.

719 4023 875 4091 Ducit
919 4036 1031 4104 jam
1073 4049 1171 4088 nos
1214 4031 1469 4101 deinceps
1517 4003 1654 4085 ratio
1697 4029 2086 4100 disputationis
2135 4029 2201 4082 ad

2379 4032 2534 4098 Ἀγει
2565 4027 2629 4099 δὴ
2658 4025 2839 4079 λοιπὸν
2882 4026 3027 4096 ἡμᾶς
3065 4026 3093 4078 ό
3143 4024 3302 4091 λόγος
3341 4023 3430 4076 ἐπὶ
3455 4021 3545 4091 τὴν
3570 3998 3793 4099 περὶθεῷ

647 4125 1026 4184 disserendum
1066 4123 1211 4179 serio
1243 4121 1311 4177 de
1342 4121 1471 4178 Deo.
1512 4119 1788 4177 Fortassis
1821 4123 1964 4176 enim
2004 4121 2138 4174 nihil
2173 4138 2204 4175 a

2185 4138 2204 4175 ι
2307 4097 2769 4185 σπουδαιολογίαν·
2804 4115 3018 4179 παιδιᾶς
3041 4115 3146 4188 γὰρ
3179 4114 3312 4178 ἴσως
3345 4113 3574 4182 διέφερεν
3605 4103 3725 4160 οὐδὲν
3744 4097 3793 4150 τά

649 4220 779 4274 ludo
829 4216 1118 4279 dill‘erunt,
1170 4228 1291 4284 qua:
1333 4212 1602 4267 hactenus
1653 4210 1721 4265 ad
1773 4210 2204 4264 eonl’utationem

651 4315 845 4369 fabula:
874 4313 1019 4367 illius
1052 4309 1195 4364 dicta
1228 4315 1376 4364 sunt.
1401 4305 1478 4362 Ne
1501 4307 1665 4376 igitur
1689 4307 1859 4361 risum
1889 4319 2202 4360 moveamus

2309 4211 2443 4281 πρὸς
2471 4207 2772 4276 ἀνασκευὴν
2819 4205 2919 4274 τῆς
2961 4205 3166 4257 ἐκείνου
3216 4202 3533 4274 μυθολογίας
3571 4190 3791 4267 εἰρημέναι

2311 4301 2424 4354 Ἵνα
2451 4297 2540 4352 οὖν
2577 4300 2650 4370 μὴ
2673 4299 2762 4351 καὶ
2791 4297 2997 4366 γέλωτα
3017 4297 3339 4369 ὀφλήσωμεν
3365 4293 3507 4364 παρὰ
3526 4294 3624 4352 τοῖς
3640 4287 3791 4355 ἕμφροτ

649 4409 1007 4482 prudentibus
1027 4447 1042 4471 ,
1071 4412 1434 4462 commentum
1460 4403 1614 4458 valde
1639 4402 1742 4458 sibi
1777 4415 2084 4471 repugnans
2113 4416 2205 4455 ac-
2239 4442 2257 4495 ι

2190 4430 2205 4439 -
2239 4442 2282 4495 D
2312 4411 2385 4459 σι,
2417 4391 2636 4460 πλάσμα
2676 4390 2794 4444 λίαν
2826 4388 3122 4442 ἀσύστατον
3148 4387 3552 4460 περιεργότερον
3582 4372 3798 4443 ἐξετάζον·

2449 4487 2472 4495 ..
2590 4483 2630 4495 ι..
2719 4483 2741 4495 ,ο
3158 4479 3170 4495 ρ
3390 4479 3415 4490 ~
3455 4476 3657 4495 ‘IL,_-.._.
3698 4463 3797 4495 Hm

651 4503 897 4557 curatius
927 4499 1267 4554 excutientes
1293 4514 1307 4563 ;
1339 4509 1457 4565 qua:
1486 4501 1664 4548 autem
1703 4509 1733 4546 a
1765 4491 2060 4546 Manichazo
2092 4507 2205 4544 ma-

651 4593 732 4662 gis
766 4591 996 4662 mystica
1027 4591 1244 4642 inventa
1274 4595 1433 4650 sunt,
1465 4601 1585 4655 qua:
1612 4593 1742 4640 sunt
1771 4584 2056 4653 complura
2079 4623 2092 4647 ,
2132 4582 2206 4637 si-

653 4684 819 4738 lentio
853 4687 1240 4752 prmtereuntes
1267 4697 1280 4732 :
1315 4677 1691 4748 aggrediemur
1719 4676 1832 4745 jam
1851 4675 2050 4730 docere
2072 4717 2086 4742 ,
2107 4689 2207 4728 ne-

652 4773 880 4844 quitiam
910 4771 1128 4842 quidem
1150 4784 1489 4839 nequaquam
1521 4768 1818 4823 secundum
1847 4767 2205 4821 substantiam

652 4867 916 4920 exsistere
938 4904 952 4928 ,
987 4878 1163 4934 neque
1189 4861 1428 4915 materia:
1461 4858 1785 4929 principium
1813 4858 1980 4912 ullum
2009 4857 2211 4927 princi-

655 4958 743 5026 pio
775 4970 967 5010 carens
994 4953 1104 5007 Deo
1133 4950 1467 5006 contrarium
1509 4962 1654 5003 esse.
1702 4947 1878 5001 Unum
1920 4963 2047 5002 vero
2088 4962 2209 5003 esse

2308 4503 2418 4548 τες,
2447 4487 2546 4538 ὅσα
2585 4483 2648 4555 δὴ
2688 4483 2912 4554 εὓρηται
2945 4479 3318 4553 μυστικώτερα
3349 4479 3425 4548 τῷ
3455 4476 3663 4530 Μάνεντι
3698 4463 3802 4534 (ἔστι

2309 4578 2366 4630 δὲ
2397 4575 2730 4648 πάμπολλα),
2761 4575 2918 4643 λόγου
2950 4572 3211 4645 μηδαμῶς
3226 4571 3574 4639 ἀξιώσαντες·
3601 4562 3687 4632 ἠδη
3715 4570 3802 4648 πει·

2315 4647 2591 4740 ρασόμεθα
2624 4669 2811 4732 δεῖξαι,
2841 4667 2916 4730 ὡς
2956 4666 3120 4720 κακία
3153 4665 3248 4734 μὲν
3289 4659 3515 4733 οὐδαμοῦ
3539 4653 3642 4710 κατ’
3661 4647 3804 4703 οὐσίαν

2313 4763 2562 4833 omne"
2611 4760 2721 4814 οὗθ’
2769 4759 2898 4831 ὕλης
2935 4760 3074 4829 ἀρχή
3115 4775 3199 4820 τις
3241 4757 3469 4826 ἄναρχος
3494 4745 3805 4833 ἀντιτέτακται

2315 4831 2463 4924 eaq;-
2487 4831 2591 4925 μία
2618 4854 2673 4907 δὲ
2695 4852 2836 4924 ἁρχὴ
2856 4851 2962 4904 τῶν
2995 4851 3150 4912 δλων,
3187 4850 3281 4904 καὶ
3305 4845 3382 4911 εἷς
3404 4846 3526 4908 Θεὸς
3544 4843 3569 4894 ὁ
3592 4838 3653 4892 τὰ
3672 4831 3804 4925 «im

2313 4920 2746 5016 δημιουργήσας,
2761 4920 2899 4998 καλά
2926 4961 2982 4995 τε
3018 4943 3110 4995 καὶ
3138 4942 3236 5012 τῆς
3264 4937 3424 4994 αὑτοῦ
3480 4930 3650 5001 σοφίας
3693 4920 3803 4985 55‘“-

658 5049 980 5118 principium
1021 5047 1263 5100 omnium
1285 5083 1299 5109 ,
1339 5050 1392 5098 et
1433 5057 1601 5095 unum
1645 5039 1814 5095 Deum
1836 5079 1850 5103 ,
1891 5039 1984 5108 qui
2024 5039 2206 5092 omnia
2231 5038 2438 5092 creavit
2469 5037 2608 5090 bona
2639 5043 2692 5090 et
2722 5035 2908 5104 iipsius
2937 5031 3201 5102 sapientia
3231 5029 3413 5100 digna.

726 5163 1006 5218 Maniehaai
1051 5161 1194 5215 enim
1222 5199 1238 5224 ,
1289 5163 1574 5228 postquam
1623 5157 1680 5208 in
1726 5153 2095 5223 diSputatione
2139 5152 2207 5207 de

659 5256 942 5327 principiis
993 5251 1225 5308 convicti
1284 5256 1447 5311 sunt,
1500 5248 1568 5302 ad
1631 5247 1770 5300 hanc
1813 5245 2209 5300 dubitationem

2385 5152 2495 5205 Kal.
2531 5151 2637 5222 γὰρ
2683 5151 2747 5221 δὴ
2785 5151 2834 5202 οἱ
2865 5148 2923 5214 ἐξ
2961 5148 3190 5210 ἐκείνου,
3214 5143 3428 5199 ἐπειδὰν
3448 5140 3566 5211 περὶ
3591 5133 3683 5188 τῶν
3707 5129 3806 5185 ἀσυ-

2318 5246 2523 5300 στάτων
2553 5242 2733 5314 ἀρχῶν
2762 5243 2821 5294 ὲν
2835 5240 2976 5312 λόγῳ
2990 5239 3385 5310 διελεγχθῶσιν,
3414 5234 3500 5289 ὲπὶ
3520 5228 3695 5292 ταύτην
3713 5232 3804 5314 κατ-

661 5305 917 5415 tranquam
970 5341 1238 5396 dillieilem
1267 5338 1335 5393 ad
1363 5336 1708 5393 enodandum
1759 5344 1813 5391 et
1857 5336 2053 5390 multas
2097 5343 2215 5388 ten-

2199 5362 2215 5372 -
2317 5337 2535 5404 ἀγονται
2705 5305 3064 5402 ὲπαπόρησιν,
3091 5305 3600 5394 (ὓς-δυσαπόδεικτον,
3619 5314 3702 5415 καλ
3714 5305 3807 5361 πολ·

660 5436 870 5491 diculas
893 5443 948 5490 et
985 5433 1266 5504 captiones
1307 5439 1498 5486 contra
1537 5428 1829 5483 disserenti
1879 5427 2208 5496 praebentem

663 5529 1025 5585 deducuntur.
1059 5526 1318 5592 Quaerunt
1342 5525 1485 5578 enim
1507 5562 1522 5586 ,
1555 5521 1696 5575 unde
1734 5519 1875 5573 mala
1913 5519 2219 5574 exsistant?

2317 5402 2414 5490 λάς
2469 5402 2808 5497 παρέχουσαν
2855 5423 3025 5486 λαϐὰς
3065 5422 3202 5476 κατά
3235 5420 3326 5474 τοῦ
3354 5402 3802 5497 προδιαλεγομέγῑξυι

2323 5488 2646 5588 φάσκοντεςῖ
2668 5515 2837 5569 Πόθεν
2862 5511 2955 5568 οὖν
2986 5514 3052 5567 τά
3081 5513 3225 5567 κακά
3242 5530 3256 5578 ;
3272 5488 3447 5580 Φαμὲν
3471 5505 3530 5574 δὴ
3553 5488 3804 5588 θαρσαλέίῗς

665 5619 773 5674 Nos
815 5629 992 5674 autem
1043 5618 1270 5672 ﬁdenter
1320 5612 1744 5684 respondemus,
1797 5627 1920 5666 cum
1962 5627 2104 5665 unus
2148 5610 2218 5664 sit

2199 5618 2218 5662 t
2321 5611 2499 5680 ἡμεῖς,
2528 5609 2600 5671 ὡς
2655 5608 2772 5671 ἑνὸς
2828 5606 2979 5669 ὄντος
3011 5604 3144 5657 Θεοῦ
3182 5604 3277 5657 τοῦ
3324 5601 3490 5656 πάντα
3531 5582 3803 5684 δημιουρῖίῖο

665 5713 808 5770 Deus
836 5712 928 5783 qui
957 5717 1152 5765 cuncta
1182 5708 1306 5765 fecit
1327 5707 1496 5774 ,nibil
1521 5705 1738 5776 quidem
1770 5701 2068 5760 secundum
2094 5701 2218 5756 sub-

2324 5716 2532 5765 σαντος,
2559 5699 2707 5752 οὐδὲν
2751 5699 2846 5769 μὲν
2888 5698 3004 5750 κατ’
3038 5695 3222 5750 οὐσίαν
3255 5695 3317 5747 ἐν
3354 5694 3459 5752 τοῖς
3507 5680 3612 5738 οὖσι
3653 5670 3802 5733 κακδνι
