4072 6338
319 361 456 417 1133

1407 359 1772 415 ADVERSUS
1811 359 2232 414 MANIUH:EOS
2271 358 2393 415 LIB.
2439 359 2497 412 ιι.

3433 365 3567 420 (13.4

312 481 499 536 πάντα
544 481 600 534 δὲ
645 479 784 533 καλὰ
823 480 964 543 λίαν,
1004 481 1097 534 καὶ
1135 481 1401 552 διαφόρως
1443 483 1602 544 καλὰ,
1634 486 1728 537 καὶ
1757 485 1878 556 πρὸς

1992 483 2249 536 stantiam
2295 483 2497 536 malum
2536 497 2698 547 esse;
2735 491 2933 535 cuncta
2979 490 3161 536 autem
3194 484 3347 538 valde
3391 486 3565 549 bona.

315 571 569 634 ποικίλας
604 571 825 642 χρήσεις
873 573 1378 642 κατεσκευασμένα,
1418 572 1641 626 καὶτῶν
1665 573 1892 643 γενομέ-

314 681 422 720 νων
469 663 622 718 οὑδὲν
663 664 789 718 ἄνευ
837 665 995 734 λόγου
1041 667 1360 738 γεγένηται·
1393 667 1506 721 ἀλλ’
1527 668 1752 722 ἕκαστον
1787 669 1893 723 τῶν

311 755 482 810 ὅντων
515 754 723 826 μικρῶν
749 771 808 807 τε
836 757 928 808 καὶ
955 756 1204 826 μεγάλων
1234 760 1290 810 ὲν
1311 756 1486 827 ἑαυτῷ
1505 757 1617 827 ἕχει
1640 756 1730 810 τοῦ
1755 755 1892 812 εἶναι

310 845 405 900 τὸν
435 844 611 913 λόγον,
633 843 739 898 τῶν
771 862 828 897 τε
857 847 914 898 ὲν
945 845 1157 916 οὐρανῷ
1178 847 1271 898 καὶ
1302 847 1358 898 ἐν
1381 849 1446 917 τῇ
1475 850 1544 917 γῇ
1585 848 1674 900 καὶ
1703 850 1759 901 ὲν
1797 846 1888 900 θα·

310 934 509 1007 λάττῃ·
563 935 656 987 καὶ
697 932 884 1005 ὥσπερ
931 934 1115 1005 ἄρτιον
1167 937 1258 988 καὶ
1303 936 1591 1006 ὁλόκληρον
1636 937 1794 1008 σῶμα
1823 940 1889 1007 τῇ

315 1027 571 1080 συστάσει
600 1026 707 1079 τῶν
751 1026 932 1097 μερῶν
958 1028 1051 1080 καὶ
1095 1027 1273 1097 μελῶν
1300 1028 1697 1081 κατεσκεύασεν
1732 1031 1764 1100 ἠ
1789 1029 1890 1101 ἄρ-

314 1104 616 1190 ρητός-τοῦ
659 1118 794 1171 Θεοῦ
840 1119 1000 1188 σοφία
1044 1119 1160 1172 τόδε
1209 1120 1270 1172 τὸ
1315 1122 1454 1173 πᾶν·
1485 1119 1624 1173 ὥστε
1654 1121 1788 1192 ὅπερ
1823 1121 1890 1175 ἂν

311 1213 534 1282 άφέλοις
557 1211 633 1282 τῷ
653 1211 795 1282 λόγῳ
820 1211 925 1264 τῶν
953 1211 1256 1282 γενομένων
1284 1212 1358 1275 ὡς
1389 1213 1663 1284 περιττὸν,
1683 1215 1890 1285 καὶτῆς

310 1305 502 1379 χρείας
527 1305 826 1378 ἀλλότριον,
855 1304 1361 1376 ἁκρωτηριάζεσθαι
1390 1306 1509 1358 ὅλον
1533 1305 1593 1358 τὸ
1620 1305 1778 1377 σῶμα
1807 1306 1888 1359 6o-

312 1397 426 1448 κεῖ’
461 1394 646 1466 ἐπειδή
678 1410 740 1462 γε
766 1393 826 1446 τὸ
853 1392 1041 1446 δοκοῦν
1080 1394 1136 1445 ἐν
1182 1395 1294 1458 τοῖς
1340 1389 1456 1446 οὖσι
1491 1393 1609 1447 λίαν
1637 1394 1886 1448 ἐὐκατα-

313 1487 602 1560 φρόνητον,
633 1485 1087 1556 συμπληρωτικὸν
1127 1484 1226 1554 τῆς
1267 1484 1360 1538 τοῦ
1392 1483 1644 1555 σώματος
1686 1485 1886 1539 τελειό-

312 1583 474 1654 τητός
515 1584 631 1635 ἐστι
651 1598 664 1611 ·
711 1583 804 1635 καὶ
835 1582 985 1635 οὐδὲν
1018 1582 1185 1653 ἀργὸν
1212 1583 1269 1634 ὲν
1297 1583 1411 1644 τοῖς
1444 1578 1613 1648 οὖσιν,
1639 1583 1758 1635 οὐδὲ
1790 1582 1888 1652 μά-

308 1693 412 1747 την
439 1676 680 1746 γεγονὸς,
705 1676 808 1729 οὐδ’
845 1677 922 1740 είς
953 1673 1262 1746 φιλοτιμίαν
1294 1674 1550 1746 περιττὴν
1588 1675 1884 1747 παρεγκεί-

314 1787 496 1840 μενῳι.

379 1965 531 2036 Μόνη
560 1965 616 2018 δὲ
642 1964 876 2035 εὐλόγως
902 1965 995 2018 καὶ
1026 1964 1248 2029 δικαίως
1274 1965 1497 2037 περιττὴ
1521 1968 1553 2038 ή
1583 1966 1690 2019 τῶν
1715 1968 1887 2038 ἀμαρ-

303 2061 575 2114 τανόντων
623 2057 922 2130 ἀνθρώπων
966 2058 1179 2124 ἀδικία,
1211 2059 1304 2112 καὶ
1351 2058 1566 2129 ἀληθῶς
1601 2076 1664 2127 γε
1715 2059 1884 2112 κακία

305 2152 586 2222 τυγχάνει,
616 2151 677 2204 o6
718 2151 822 2222 μὴν
849 2150 906 2216 ἐξ
932 2149 1166 2223 ἀνάρχου
1211 2150 1425 2216 κακίας,
1460 2151 1647 2221 ἥντινα
1684 2151 1757 2221 μὴ
1791 2147 1882 2204 οῦ-

307 2262 409 2298 σαν
431 2244 506 2308 ὡς
532 2245 638 2298 ἀπὸ
660 2244 862 2315 ταύτης
891 2261 955 2314 γε
987 2243 1154 2316 οῦσης
1178 2245 1470 2316 ἐπενόησεν
1501 2246 1529 2297 6
1559 2245 1776 2315 Μάνηςο
1807 2245 1883 2308 ὡς

301 2339 334 2390 6
358 2338 514 2408 λόγος
564 2338 662 2410 ήδη
715 2338 810 2408 μὲν
861 2337 1059 2401 ἱκανῶς
1099 2337 1348 2408 ἠνοῐξατο
1399 2339 1510 2400 τοῖς
1553 2335 1878 2407 ἔμπροσθεν,

300 2431 469 2496 δείξει
496 2432 552 2486 δὲ
586 2431 915 2504 σαφέστερον
947 2433 1176 2494 καὶτοῖς
1208 2430 1352 2502 ἑξῆς.

1994 583 2048 627 ct
2077 573 2392 629 diﬂerenter
2424 575 2597 639 bona,
2630 581 2685 628 et
2716 573 2782 627 ad
2817 575 2996 628 varios
3028 589 3162 630 usus
3194 575 3332 629 facta
3363 595 3375 641 ;
3401 578 3565 631 nihil—

1993 681 2100 734 que
2143 680 2332 719 eorum
2380 681 2502 735 quae
2555 667 2694 718 facta
2744 674 2902 729 sunt,
2947 664 3066 720 sine
3106 669 3321 721 ratione
3367 669 3567 723 iactum

1993 771 2146 821 esse,
2195 757 2287 813 sed
2335 760 2764 827 unumqquque
2805 773 2994 812 eorum
3036 773 3156 828 quae
3184 759 3373 815 effecta
3405 773 3567 820 sunt.

1996 865 2216 917 parvum
2248 858 2302 902 et
2338 864 2622 915 magnum,
2655 851 2709 904 in
2742 850 2883 904 cutio
2911 858 2966 904 et
2997 851 3054 904 in
3088 860 3232 906 terra
3262 861 3316 906 et
3347 853 3401 907 in
3434 858 3564 906 [nari

1996 940 2196 994 habere
2221 941 2273 994 in
2300 957 2359 995 se
2390 942 2654 996 rationem
2685 958 2799 997 suae
2825 944 3110 1003 essentiaa.
3139 945 3568 1016 fabricatamque

1992 1048 2115 1087 esse
2145 1033 2468 1102 sapientiam
2497 1033 2590 1088 Dei
2623 1035 2951 1092 ineliabilem
2981 1038 3294 1095 universum
3326 1041 3428 1096 hoc
3453 1051 3567 1096 tan-

1991 1141 2154 1196 quam
2187 1128 2456 1196 integrum
2484 1137 2536 1180 et
2570 1134 2744 1180 totum
2777 1144 2980 1199 corpus
3009 1133 3403 1189 constitutione
3440 1153 3564 1206 par-

1991 1218 2123 1272 tium
2153 1226 2209 1272 et
2243 1219 2644 1274 membrorum:
2670 1229 2746 1284 ιιι,
2781 1222 3044 1292 quidquid
3072 1225 3341 1281 ademeris
3365 1230 3562 1283 rationi

1989 1325 2180 1364 eorum
2213 1327 2334 1381 quae
2363 1311 2502 1366 facta
2531 1321 2692 1377 sunt,
2726 1323 2985 1385 tanquam
3019 1333 3485 1387 supervacaneum
3511 1334 3564 1376 et

1991 1401 2181 1457 inutile
2211 1443 2225 1465 ,
2270 1412 2443 1458 totum
2502 1420 2702 1474 corpus
2755 1409 3062 1463 mutilatum
3109 1423 3231 1466 esse
3292 1413 3559 1468 videatur.

1990 1492 2271 1566 Siquidem
2301 1497 2445 1567 quod
2480 1497 2534 1551 in
2566 1499 2730 1553 rebus
2761 1499 2978 1556 videtur
3006 1503 3334 1559 vilissimum
3377 1517 3430 1562 et
3470 1507 3563 1561 de-

1988 1587 2458 1656 spicatissimnm,
2517 1590 2917 1649 absolutionem
2975 1597 3224 1666 corporis
3278 1600 3559 1669 complet;

1987 1679 2234 1750 nihilque
2264 1681 2316 1733 in
2349 1683 2514 1736 rebus
2543 1682 2781 1738 otiosum
2813 1695 2929 1750 est,
2963 1703 3140 1757 neque
3169 1701 3371 1745 temere
3400 1701 3561 1762 atque

1988 1773 2222 1827 inaniter
2255 1773 2489 1840 factum,
2535 1792 2634 1831 nec
2667 1778 2734 1830 ad
2771 1795 3161 1849 supervacuam
3211 1784 3558 1850 ambitionem

1921 1865 1960 1920 Β
1993 1866 2393 1936 interpositum.

2065 1978 2189 2031 Sola
2238 1995 2368 2034 vero
2418 1980 2696 2037 hominum
2745 1986 2810 2040 ad
2868 1989 3161 2056 nequitiam
3217 1992 3555 2060 peccantium

1993 2067 2260 2137 injustitia
2300 2081 2448 2125 recte
2480 2087 2533 2127 et
2559 2073 2707 2141 juste
2737 2090 2801 2130 ac
2830 2093 2957 2132 vere
2998 2081 3240 2150 nequitia
3281 2089 3401 2146 est,
3447 2098 3556 2137 non

1992 2168 2170 2215 tamen
2198 2177 2260 2215 ex
2291 2164 2528 2232 nequitia
2553 2167 2820 2238 principio
2845 2179 3067 2225 carente
3092 2171 3333 2241 profecta
3354 2213 3369 2239 ,
3393 2189 3557 2244 quam

1988 2252 2352 2316 Manichacus,
2379 2271 2502 2309 cum
2528 2272 2634 2311 non
2664 2259 2767 2326 sit,
2796 2275 2916 2316 esse
2945 2265 3268 2332 excogitavit
3299 2273 3557 2335 tanquam

1988 2341 2056 2394 ab
2087 2341 2188 2396 hac
2213 2343 2484 2414 principio
2512 2359 2730 2403 carente
2752 2391 2766 2414 ,
2793 2367 2956 2420 quam
2993 2354 3146 2407 ﬁnxit
3167 2396 3180 2417 ,
3211 2357 3559 2424 proﬁciscen-

1985 2438 2093 2487 tem
2118 2450 2132 2500 ;
2163 2442 2222 2487 ut
2251 2435 2386 2491 satis
2413 2435 2466 2491 in
2499 2441 2876 2508 superioribus
2902 2443 3200 2512 disputatio
3227 2448 3474 2518 aperuit,
3504 2455 3559 2503 et
3619 2437 3630 2452 ’

1986 2524 2202 2581 docebit
2233 2528 2438 2585 clarius
2470 2531 2523 2584 in
2557 2531 2622 2587 iis
2652 2549 2771 2603 quae
2799 2546 3121 2606 sequuntur.

547 2695 676 2751 CAP.
717 2693 777 2748 ll.
825 2692 996 2747 Homo
1023 2691 1342 2746 liberrimas.
1388 2689 1601 2745 Peccati
1628 2705 1768 2754 reus,
1807 2705 1924 2742 cum
1949 2690 2018 2743 sit
2050 2689 2199 2758 liber.
2242 2690 2496 2748 Homines
2526 2706 2744 2764 possunt
2779 2714 2892 2752 esse
2925 2698 3046 2752 boui
3072 2709 3123 2754 et
3157 2701 3306 2755 mali.

372 2835 464 2888 Διὸ
485 2835 548 2906 δὴ
581 2833 796 2906 πρῶτον
825 2834 952 2905 περὶ
979 2834 1168 2887 τούτου
1197 2832 1560 2895 διαλαϐόντες,
1585 2831 1754 2893 οῦτιός
1776 2829 1879 2900 ὁδῷ

302 2927 748 3001 προελευσόμεθα
777 2925 1100 2989 δεικνύντες,
1123 2926 1199 2988 ὡς
1232 2927 1354 2978 κατ’
1382 2923 1568 2976 οὐσίαν
1592 2921 1744 2976 οὐδὲν
1771 2921 1878 2973 τῶν

299 3022 473 3075 ὄντων
500 3020 664 3074 κακόν
683 3037 698 3051 ο
727 3020 862 3074 ἀλλὰ
902 3020 1008 3092 μὴν
1040 3021 1137 3072 ὅσα
1158 3018 1298 3072 κατὰ
1318 3017 1511 3086 γενεὰν
1538 3017 1812 3085 οἰκονομεῖ
1850 3014 1879 3065 6

301 3115 456 3178 Θεὸς,
487 3113 804 3186 πρεπόντως
835 3129 897 3181 γε
935 3115 1000 3184 τῇ
1033 3110 1225 3165 ἑαυτοῦ
1259 3110 1420 3181 σοφίᾳ⁸
1455 3109 1550 3163 καὶ
1579 3109 1878 3178 συμφερόν-

299 3224 412 3271 τως
434 3208 705 3277 οἰκονομεῖ
732 3208 844 3268 τοῖς
867 3206 1006 3277 ὑπὲρ
1030 3198 1105 3257 ὧν
1131 3201 1305 3256 ταῦτα
1326 3203 1486 3254 ποιεῖ.
1515 3201 1730 3270 Κόσμον
1767 3199 1879 3253 τοί-

301 3317 399 3352 νυν
423 3299 532 3369 (25)
568 3297 964 3351 κατεσκεύασεν
990 3298 1017 3350 6
1049 3295 1199 3359 Θεός·
1227 3295 1322 3348 καὶ
1350 3295 1476 3366 περὶ
1512 3292 1724 3358 τούτου,
1744 3292 1880 3364 πρὸς

298 3393 398 3458 οὓς
420 3395 448 3447 6
471 3392 644 3461 λόγος,
662 3393 722 3445 οὺ
746 3389 1186 3461 διαχειμάζονται
1205 3405 1220 3420 ο
1251 3391 1297 3442 εί
1318 3387 1426 3459 γὰρ
1449 3386 1512 3458 δὴ
1534 3388 1628 3440 καὶ
1649 3387 1726 3451 είς
1751 3388 1879 3440 ἁκο-

303 3484 469 3557 σμίαν
503 3485 725 3555 κόσμιον
751 3483 880 3536 ὄντα
916 3483 1007 3536 τὸν
1037 3483 1239 3552 κόσμον
1271 3478 1716 3552 μεταϐάλλουσιν,
1746 3477 1879 3532 ἀλλά

300 3597 364 3648 γε
398 3578 523 3650 περί
556 3595 614 3630 τε
644 3577 849 3649 τρόπου
884 3576 976 3630 καὶ¹
1004 3576 1101 3647 τῆς
1126 3575 1302 3637 αἰτίας
1337 3573 1433 3625 τοῦ
1464 3570 1714 3640 γενέσθαι
1743 3571 1876 3641 ὀμο-

299 3670 537 3742 λογοῦσι.
566 3669 750 3740 Τούτῳ
770 3668 853 3740 δή,
882 3668 1042 3739 μέρος
1071 3667 1170 3739 μὲν
1198 3666 1323 3717 ὄντα
1357 3662 1450 3717 τοῦ
1487 3663 1705 3727 παντὸς,
1729 3663 1877 3732 ὅμως

298 3765 356 3817 δὲ
397 3761 622 3831 πολίτην
661 3763 958 3831 ἐπιστήσας
995 3757 1209 3826 λογικὸν
1235 3758 1327 3810 τὸν
1354 3754 1636 3825 ἄνθρωπον
1665 3754 1692 3806 ό
1721 3752 1873 3814 Θεὸς,

295 3857 366 3911 τὰ
393 3857 491 3928 μὲν
516 3855 650 3909 ἄλλα
677 3855 776 3907 ὅσα
805 3855 941 3925 μήτε
962 3851 1098 3924 πρὸς
1124 3849 1323 3922 ἀρετὴν
1345 3849 1482 3920 μήτε
1517 3847 1652 3918 πρὸς
1678 3845 1876 3897 κακίαν

295 3951 419 4020 ὁρᾷ,
455 3947 630 4019 ἐαυτῷ
661 3948 962 4019 τετήρηκεν
988 3945 1314 4013 οἰκονομεῖνο
1344 3941 1542 4012 ἀρετὴν
1574 3939 1630 3991 δὲ
1661 3936 1872 4009 μόνονῆ

297 4041 497 4095 κακίαν
533 4040 618 4092 ἐπ’
649 4039 796 4110 αὐτῷ
821 4033 957 4091 εἶναι
987 4036 1275 4104 πεποίηκε,
1310 4036 1375 4105 τῇ
1408 4031 1566 4101 φύσει
1595 4028 1875 4101 προενθεὶς

296 4133 560 4206 ἑκατέρου
603 4131 700 4204 τὴν
748 4130 976 4201 γνῶσιν’
1013 4130 1121 4194 ἵνα,
1165 4123 1444 4197 ὀφθαλμοῦ
1484 4123 1638 4193 δίκην
1673 4121 1874 4190 ταύτην

294 4226 658 4296 ἑπαγόμενος,
705 4225 764 4277 οὐ
814 4223 972 4295 μόνον
1029 4220 1167 4292 μετὰ
1197 4217 1407 4280 τελείας
1446 4215 1755 4284 ἐπιστήμης
1783 4210 1872 4263 τὸν

296 4315 410 4386 βίον
449 4314 626 4388 ὁδεύῃ,
661 4311 797 4366 ἀλλὰ
825 4313 918 4366 καὶ
946 4309 1244 4381 αὐτουργὸς
1267 4308 1375 4361 τῶν
1397 4305 1497 4377 τῆς
1517 4303 1714 4376 ἀρετῆς
1740 4317 1871 4354 κατ-

293 4407 632 4479 ορθωμάτων
669 4407 908 4478 ὑπάρχῃ.

2055 2829 2417 2898 Quamobrem
2451 2850 2576 2888 cum
2622 2836 2690 2889 de
2737 2836 2842 2891 hoc
2887 2839 3061 2907 primo
3103 2848 3285 2893 actum
3330 2839 3435 2903 sit,
3480 2840 3558 2894 sic

1987 2921 2070 2975 via
2095 2933 2148 2978 et
2177 2925 2387 2978 ratione
2413 2927 2827 2996 progrediemur
2851 2947 2865 2995 ;
2891 2929 3151 2984 docentes
3183 2930 3317 2984 nihil
3351 2946 3473 2987 esse
3502 2933 3557 2986 in

1984 3013 2150 3068 rebus
2195 3015 2398 3068 malum
2443 3016 2742 3070 secundum
2773 3019 3135 3073 substantiam
3164 3039 3177 3074 :
3212 3021 3343 3090 quin
3375 3021 3558 3090 potius

1983 3120 2326 3176 quzecunque
2356 3107 2410 3161 in
2441 3109 2645 3163 saeculo
2673 3110 2940 3180 gubernat
2971 3125 3035 3164 ac
3063 3111 3350 3181 dispensat
3377 3112 3519 3167 Deus
3539 3154 3554 3176 ,

1986 3197 2183 3251 decore
2207 3238 2221 3262 ,
2254 3206 2314 3252 ut
2346 3199 2670 3268 sapientiam
2699 3203 2821 3272 ejus
2849 3203 3034 3271 decet,
3069 3212 3122 3260 et
3154 3205 3221 3260 ad
3255 3205 3555 3263 utilitatem

1985 3306 2174 3345 eorum
2196 3332 2210 3356 ,
2245 3304 2466 3362 propter
2495 3310 2633 3363 quos
2667 3295 2783 3350 hmc
2833 3296 2996 3365 facit,
3019 3298 3290 3368 gubernat
3332 3315 3397 3354 ac
3439 3301 3558 3356 dis-c

1986 3393 2197 3456 pensat.
2235 3385 2498 3440 Ornatum
2535 3383 2700 3458 igitur
2757 3392 3028 3445 exstruxit
3057 3391 3234 3448 Deus:
3267 3403 3322 3450 et
3352 3395 3420 3450 de
3453 3395 3558 3452 hoc

1983 3477 2020 3530 ii
2068 3485 2261 3532 contra
2304 3495 2444 3548 quos
2485 3479 2865 3548 disputamus,
2910 3499 3021 3538 non
3067 3485 3333 3542 ﬂuctuant
3379 3505 3558 3560 neque

1981 3579 2300 3638 tempestate
2325 3570 2604 3639 jactantur
2631 3592 2643 3626 :
2679 3573 2726 3628 si
2751 3573 2896 3628 enim
2925 3575 3187 3630 mundum
3216 3587 3471 3634 ornatum
3503 3589 3557 3635 et

1981 3659 2238 3714 decorum
2272 3661 2326 3715 in
2359 3661 2669 3716 inornatum
2701 3673 2914 3720 mutant
2936 3707 2951 3732 ,
2983 3667 3050 3722 de
3090 3669 3251 3724 modo
3291 3679 3345 3726 et
3387 3686 3555 3727 causa

1979 3751 2105 3806 facti
2128 3753 2312 3806 mundi
2336 3756 2683 3812 conﬁtentur.
2709 3755 2992 3813 Hominem
3015 3776 3172 3827 vero,
3196 3761 3300 3818 etsi
3324 3773 3406 3820 est
3429 3781 3556 3835 pars

1983 3841 2209 3908 mundi,
2243 3851 2420 3898 tamen
2456 3846 2581 3914 quia
2611 3862 2734 3901 eum
2771 3847 2944 3903 civem
2977 3852 3205 3907 rationis
3237 3856 3554 3927 participem

1983 3935 2278 4002 praeposuit
2316 3950 2380 3989 ac
2429 3936 2678 4006 praefecit
2711 3937 2852 3995 Deus
2875 3981 2889 4005 ,
2923 3941 2978 3995 in
3019 3945 3232 4000 caeteris
3279 3947 3404 4001 aliis
3434 3964 3557 4017 qua:

1979 4043 2156 4098 neque
2201 4029 2268 4084 ad
2301 4033 2597 4102 nequitiam
2631 4049 2731 4088 nec
2761 4036 2825 4090 ad
2871 4038 3126 4092 virtutem
3168 4048 3450 4109 spectant,
3495 4052 3556 4099 ut

1978 4121 2336 4190 gubernaret,
2363 4125 2468 4180 sibi
2495 4126 2596 4196 ipsi
2625 4131 2924 4184 reservavit
2949 4149 2964 4196 ;
2994 4131 3168 4187 virtus
3198 4141 3251 4186 et
3276 4132 3465 4187 vitium
3495 4143 3555 4188 ut

1980 4210 2036 4265 in
2084 4222 2348 4282 potestate
2392 4216 2510 4285 ejus
2549 4229 2723 4282 esset,
2770 4219 2930 4286 fecit,
2975 4221 3301 4293 ingenerans
3347 4232 3557 4283 natura

1983 4305 2269 4376 utriusque
2300 4311 2664 4377 cognitionem
2693 4330 2705 4365 :
2741 4319 2797 4365 ut
2826 4313 3000 4368 instar
3029 4315 3173 4368 oculi
3206 4314 3348 4369 hanc
3379 4313 3554 4369 addu-

1980 4409 2112 4451 cens
2141 4405 2194 4452 et
2226 4400 2490 4458 adhibens
2510 4443 2524 4467 ,
2558 4418 2666 4458 non
2699 4405 2873 4459 solum
2906 4421 3029 4462 cum
3057 4407 3297 4475 perfecta
3326 4409 3551 4464 scientia

293 4505 351 4558 in
397 4504 505 4556 vita
548 4502 884 4564 ambularet,
939 4498 1034 4556 sed
1071 4499 1234 4554 etiam
1259 4506 1404 4552 esset
1433 4501 1623 4549 auctor
1651 4488 1950 4546 oﬂiciorum
1984 4490 2219 4548 virtutis.

371 4618 686 4688 Ἀνθρωπος
721 4615 920 4682 τοίνυν,
942 4613 1159 4680 ἀδικῶν,
1195 4611 1528 4682 ἁμαρτάνειν
1559 4608 1869 4677 ἐγκαλεῖται

2050 4608 2224 4665 Homo
2251 4611 2415 4680 igitur
2441 4614 2642 4684 injuste
2664 4631 2897 4685 operans
2917 4656 2932 4681 ,
2959 4616 3106 4684 juste
3126 4617 3193 4672 de
3215 4627 3438 4686 peccato
3461 4633 3553 4672 ac-

287 4711 539 4775 δικαίως.
567 4711 628 4762 Εί
657 4709 755 4779 μὲν
784 4707 892 4779 γὰρ
931 4707 1158 4779 πράττει
1180 4705 1278 4777 τὴν
1315 4703 1588 4776 ἁμαρτίαν
1621 4703 1680 4756 ού
1712 4701 1869 4755 δυνά-

292 4820 455 4876 μενος
481 4801 818 4873 ἀποσχέσθαι
843 4800 1065 4868 ταύτης,
1093 4799 1275 4852 ἄδικον
1305 4798 1563 4868 ὑπομένει
1591 4797 1690 4868 τὴν
1731 4797 1870 4867 μέμ-

285 4898 382 4968 ψιν
401 4914 416 4928 ·
445 4900 493 4950 εί
521 4897 598 4961 δὲ,
631 4895 750 4960 ἐξὸν
793 4894 867 4967 μή
897 4898 1090 4958 ποιεῖν,
1115 4894 1424 4946 τούναντίον
1454 4893 1614 4953 ποιεῖ,
1639 4891 1715 4953 ὡς
1748 4891 1866 4942 ἁδι-

288 4989 404 5045 κῶν
441 4989 677 5058 εὐλόγως
705 4987 1011 5057 ἐγκαλεῖται
1030 5003 1044 5018 ο
1072 4988 1165 5039 καὶ
1203 4983 1384 5049 καλῶς
1409 5001 1472 5053 γε
1500 4983 1645 5054 λόγῳ
1670 4982 1867 5054 ὲγκλή-

291 5099 462 5153 ματος
495 5079 528 5153 ὴ
561 5082 803 5152 ἁμαρτία
829 5080 1070 5132 καλεῖται
1105 5078 1254 5150 παρὰ
1285 5070 1524 5145 λόγον,ᾧ
1543 5093 1606 5145 γε
1644 5076 1869 5129 δυνατόν

287 5179 406 5229 ἐστι
461 5173 786 5246 χρήσασθαι,
818 5169 1089 5243 πανταχοῦ
1161 5171 1540 5242 πραττομένη·
1595 5170 1670 5233 ὼς
1728 5164 1866 5222 εἶναι

289 5269 566 5340 ἁμαρτίαν
623 5268 731 5319 πᾶν
786 5265 848 5318 τὸ
898 5265 1052 5336 παρὰ
1089 5263 1244 5332 λόγον
1274 5264 1664 5334 πραττόμενον,
1696 5265 1742 5316 εί
1773 5264 1866 5317 καὶ

287 5367 354 5417 ὲκ
377 5362 486 5416 τῶν
519 5360 664 5415 κατὰ
695 5360 854 5430 φύσιν
880 5358 1142 5428 λαμϐάνει
1163 5360 1266 5428 τὴν
1294 5358 1576 5429 ἀφορμήν
1619 5357 1723 5410 τῶν
1757 5357 1865 5428 γὰρ

285 5455 430 5509 κατὰ
462 5453 622 5524 φύσιν
647 5455 680 5524 ἡ
711 5452 992 5521 ἀλόγιστος
1031 5450 1226 5522 χρῆσις
1258 5451 1404 5502 ποιεῖ
1433 5449 1532 5520 τὴν
1561 5449 1859 5520 ἁμαρτίαν·

284 5548 444 5618 λόγος
464 5549 520 5602 δὲ
545 5549 602 5601 ὲν
634 5549 767 5619 ἡμῖν
805 5543 1188 5615 δοκιμαστικὺ;
1209 5541 1316 5595 τῶν
1347 5541 1488 5595 κατὰ
1522 5540 1682 5609 φύσιν
1703 5558 1715 5571 ·
1745 5539 1864 5592 ὅθεν

285 5644 347 5698 οὐ
375 5643 626 5697 λανθάνει
655 5640 1026 5712 πραττομένη.

1978 4713 2225 4756 cusatur.
2256 4704 2312 4757 Si
2344 4705 2488 4760 enim
2520 4717 2802 4778 peccatum
2831 4709 3122 4765 committit
3152 4718 3408 4776 tanquam
3441 4711 3550 4764 no'n

1979 4794 2151 4862 possit
2179 4794 2248 4849 ab
2276 4811 2340 4850 eo
2370 4813 2428 4851 se
2467 4797 2742 4853 abstinere
2762 4838 2775 4862 ,
2810 4799 3066 4869 injustam
3088 4801 3380 4868 qumrelam
3423 4801 3553 4853 sub-

1977 4887 2018 4940 it
2046 4902 2062 4952 ;
2106 4888 2190 4941 sin
2237 4897 2451 4954 autem,
2485 4906 2609 4944 cum
2641 4900 2828 4962 posset
2861 4906 2970 4945 non
3015 4890 3228 4956 facere,
3259 4890 3389 4945 facit
3420 4905 3553 4944 con-

1977 4982 2228 5048 trarium,
2251 4983 2448 5037 merito
2477 4992 2770 5040 accusatur
2793 4993 3049 5054 tanquam
3078 4984 3402 5053 injustitiam
3430 4999 3553 5038 sus-

1977 5075 2222 5146 cipiens:
2256 5084 2310 5131 et
2367 5085 2648 5146 peccatum
2679 5084 2826 5132 recte
2847 5077 3061 5130 ratione
3087 5076 3340 5130 criminis
3365 5077 3554 5145 appel-

1979 5169 2122 5223 latur
2153 5179 2467 5242 peccatum,
2499 5170 2646 5240 quod
2689 5186 2903 5242 semper
2949 5171 3313 5225 committitur
3357 5177 3554 5239 praeter

1975 5263 2243 5316 rationem
2277 5278 2382 5331 qua
2414 5262 2490 5314 uti
2523 5262 2733 5331 potuit:
2759 5270 2818 5315 ut
2842 5263 2911 5316 sit
2935 5262 3048 5331 jam
3079 5271 3362 5332 peccatum
3390 5276 3553 5314 omne

1974 5355 2027 5410 id
2048 5394 2062 5418 ,
2095 5356 2240 5425 quod
2276 5366 2470 5424 praeter
2503 5356 2768 5408 rationem
2815 5354 2897 5421 fit,
2951 5355 3303 5424 quamvis'ex
3335 5353 3402 5409 iis
3430 5370 3551 5422 quas

1975 5456 2103 5503 sunt
2132 5448 2431 5503 secundum
2463 5457 2714 5501 naturam
2735 5487 2748 5511 ,
2781 5447 3128 5501 occasionem
3159 5455 3212 5502 et
3243 5443 3547 5501 subsidium

1973 5541 2242 5611 accipiat:
2291 5557 2424 5596 usus
2472 5541 2615 5594 enim
2668 5553 2858 5592 eorum
2905 5555 3026 5608 qum
3075 5547 3204 5594 sunt
3248 5538 3548 5594 secundum

1971 5642 2260 5698 naturam,
2311 5651 2340 5687 a
2385 5634 2596 5689 ratione
2636 5648 2896 5699 aversus,
2944 5633 3106 5688 cilicit
3159 5641 3218 5687 ut
3262 5639 3551 5702 peccatum

347 5820 469 5894 με)
500 5821 741 5889 Κόσμον
766 5820 914 5875 τείν.
946 5817 1182 5885 Clarius,
1219 5814 1466 5870 mundum
1503 5817 1659 5886 igitur
1696 5832 1878 5870 cxorm

2002 5813 2162 5870 Deus.
2199 5814 2362 5870 Bsss.
