4072 6338
642 340 782 399 1155

1813 334 1950 391 ΤιΊΊ
1990 336 2423 395 BOSTRENSIS
2459 335 2763 395 EPISCOPS

3723 345 3829 404 1156

642 458 871 517 exsistat
898 476 912 525 ;
944 456 1084 513 ratio
1110 454 1315 512 autem'
1336 455 1392 510 in
1432 454 1594 511 nobis
1624 453 1959 525 exploratrix
2000 465 2085 512 est
2129 472 2320 514 eorum
2344 502 2361 527 ,
2393 475 2512 531 quae
2544 459 2847 517 secundum
2904 469 3155 515 naturam
3214 472 3380 517 sunt:
3445 477 3511 516 ex
3549 477 3649 533 quo
3686 463 3735 519 fit
3784 476 3827 521 ut

641 567 755 609 non
781 550 983 614 lateat,
1015 563 1139 629 cum
1176 545 1562 603 committitur.

716 645 774 701 Si
796 660 927 717 ergo
953 642 1023 698 ad
1046 621 1496 700 exercitationem
1517 640 1739 698 virtutis
1760 640 2030 698 rationem
2056 641 2217 698 nobis
2249 656 2291 712 Α

2249 656 2291 712 Α
2388 642 2451 696 Ει
2480 657 2576 714 μεν
2597 659 2777 696 τοινυν
2810 610 2949 714 προς
2971 642 3204 714 ἄσκησιν
3234 642 3436 715 ἀρετῆς
3465 643 3552 698 τὸν
3579 643 3716 716 λόγον
3741 649 3827 704 δια.

644 739 865 795 insitam
913 750 1309 805 exerceamus,
1364 743 1624 804 tanquam
1672 750 1875 806 corpus
1922 742 2224 805 temperato

644 840 795 887 motu
813 871 829 896 ,
864 845 1053 885 sanam
1081 828 1227 884 hanc
1255 836 1310 883 et
1337 821 1748 883 benevolentem
1773 826 2101 882 reddemus:
2138 826 2222 882 sin

645 936 776 978 vero
806 920 1201 978 exercitatione
1230 925 1285 974 et
1334 917 1687 973 accuratione
1727 916 1871 971 hanc
1908 932 2019 972 non
2063 932 2224 973 exco-

648 1014 938 1079 luerimus,
967 1013 1328 1083 languescens
1344 1009 1633 1066 obscurior
1647 1007 1899 1075 cﬂicitur,
1922 1025 1986 1064 ac
2005 1009 2223 1065 demum

649 1107 892 1178 neglecta
918 1112 1175 1160 caecatur.
1202 1101 1377 1158 Penes
1408 1115 1509 1156 nos
1548 1115 1681 1155 vero
1724 1109 1841 1166 est,
1886 1100 2091 1171 ubique
2132 1115 2223 1154 ra-

649 1201 798 1257 tione
826 1212 948 1270 qua:
974 1197 1031 1253 in
1062 1196 1221 1251 nobis
1252 1204 1372 1261 est,
1405 1193 1484 1248 uti
1514 1212 1529 1257 ;
1561 1199 1616 1246 et
1658 1194 1802 1247 sicut
1830 1192 1924 1263 qui
1950 1200 2122 1248 artem
2152 1208 2224 1246 az-

649 1292 904 1349 difieandi
934 1297 1226 1352 exercent,
1258 1287 1339 1344 sic
1368 1300 1562 1341 norma
1592 1299 1657 1340 ac
1684 1284 1873 1356 regula
1904 1284 1971 1339 ad
1998 1299 2222 1339 accura-

651 1386 856 1441 tionem
896 1382 1117 1439 virtutis
1157 1377 1433 1442 adhibita,
1476 1377 1619 1431 hanc
1646 1377 1914 1431 rationem
1941 1376 2223 1437 excolere,

650 1486 912 1548 tanquam
940 1473 1148 1530 semina
1175 1472 1231 1527 in
1258 1478 1405 1526 terra
1429 1483 1622 1540 sparsa
1641 1509 1656 1536 ,
1682 1482 1804 1539 quae
1830 1482 1955 1525 cum
1982 1467 2226 1541 neglecta

652 1578 783 1625 sunt
802 1608 818 1633 ,
851 1573 1084 1639 pereunt

724 1661 837 1717 Hoc
867 1660 987 1715 loco
1014 1657 1343 1727 ambiguitas
1370 1654 1693 1728 quaestionis
1731 1652 2000 1708 exoritur.
2040 1650 2227 1718 Quare

652 1762 805 1828 tanto
836 1749 1080 1824 periculo
1108 1749 1311 1819 objecti
1342 1764 1535 1806 sumus
1554 1790 1569 1814 ,
1602 1756 1662 1802 ut
1690 1761 1858 1818 penes
1881 1759 1982 1800 nos
2008 1746 2080 1799 sit
2105 1758 2228 1799 esse

654 1847 864 1908 honos,
897 1852 1091 1899 etnon
1118 1842 1286 1898 esse?
1326 1850 1385 1895 ut
1428 1855 1539 1895 non
1581 1838 1806 1893 omnino
1852 1834 1979 1892 boni
2025 1834 2228 1891 etlicia-

651 1953 797 2002 mur,
826 1936 920 1993 sed
942 1936 1294 2007 plerumque,
1319 1948 1426 1989 non
1458 1939 1669 1987 tantum
1698 1929 2028 2002 quandoque
2058 1927 2223 1991 mali,

2322 731 2696 803 γυμνάζοιμεν
2724 732 2817 786 τὸν
2853 733 2911 786 ὲν
2941 733 3094 805 ἡμῖν,
3121 730 3312 804 ῶσπερ
3344 734 3497 805 σῶμα
3529 738 3593 808 τῇ
3631 738 3831 812 εὐμέτρῳ

2324 827 2559 897 κινήσει,
2578 827 2704 897 ὑγιῆ
2730 827 2824 880 καὶ
2841 824 3115 897 εὑρωστον
3137 826 3326 880 τοῦτον
3346 827 3681 903 [παρέξομεν.
3702 832 3754 904 ἢν
3770 833 3828 907 δὲ]

2327 920 2402 990 μὴ
2418 917 2658 989 ἀξιῶμεν
2675 917 2785 989 (24)
2802 935 2817 949 ·
2848 919 3033 973 τοῦτον
3055 917 3338 990 ἀσκήσεώς
3352 936 3410 973 τε
3430 921 3827 995 κα“ιὲπιμελείας,]

2323 1009 2566 1065 ἀσθενῶν
2598 1010 2974 1083 ἀμαυρότερος
3011 1011 3242 1081 γίνεται,
3285 1011 3381 1065 καὶ
3412 1012 3559 1077 τέλος
3585 1015 3830 1087 ἀμελούμε-

2325 1121 2414 1169 νος
2450 1103 2749 1177 πηροὺταυ
2790 1104 2879 1173 ἐφ’
2917 1106 3050 1176 ἡμῖν
3073 1104 3130 1159 δὲ
3161 1106 3417 1176 τυγχάνει
3442 1107 3693 1178 πανταχοῦ
3725 1109 3830 1181 λόγῳ

2324 1195 2402 1266 τῷ
2437 1196 2495 1249 ὲν
2530 1198 2660 1267 ἡμῖν
2711 1195 3035 1268 κεχρῆσθαι,
3076 1196 3267 1268 ὥσπερ
3306 1198 3356 1250 oi
3402 1198 3497 1269 τὴν
3550 1199 3830 1273 οἰκοδομικὴν

2331 1288 2605 1359 μετιόντες
2635 1286 2713 1359 τῷ
2743 1286 3005 1360 γνώμονι,
3058 1289 3196 1361 πρὸς
3238 1288 3339 1362 τὴν
3365 1291 3556 1363 ἀρετῆς
3583 1294 3829 1364 ἀκρίϐειαν.

2328 1381 2420 1433 καὶ
2446 1379 2633 1434 τοῦτον
2656 1384 2943 1453 γεωργεῖν,
2961 1380 3149 1455 ῶσπερ
3173 1384 3240 1454 τῇ
3270 1384 3341 1454 γῇ
3365 1382 3431 1437 τὰ
3460 1385 3831 1459 musaeum

2330 1473 2646 1545 σπέρματω
2683 1474 2847 1547 άπερ,
2876 1474 3093 1529 ἐπειδὰν
3124 1474 3398 1547 ἀμεληθῇ,
3424 1475 3770 1549 διαφθείρεται.

2412 1646 2677 1702 Ἐνταῦθα
2689 1646 2753 1717 δὴ
2768 1646 2828 1699 τὸ
2849 1648 2882 1700 ἀ
2890 1645 3148 1717 μφίϐολον
3167 1646 3471 1701 ἀνακύπτει
3487 1648 3581 1720 τῆς
3592 1646 3828 1723 ζητήσεως.

2330 1738 2485 1802 Τίνος
2517 1737 2680 1809 χάριν
2707 1737 2785 1808 τῷ
2813 1754 2878 1803 γε
2900 1737 3139 1809 τοσούτῳ
3158 1737 3391 1809 κινδύνῳ
3420 1739 3829 1813 παραϐεϐλήμεθα,

2328 1826 2413 1897 ἐφ’
2446 1827 2658 1890 ἑαυτοῖς
2710 1826 2923 1896 ἔχοντες
2970 1826 3031 1879 τὸ
3081 1825 3427 1893 σπουδάζειν,
3454 1830 3544 1882 καὶ
3574 1831 3668 1902 μή;
3689 1830 3749 1895 ὡς
3777 1833 3828 1903 μὴ

2332 1919 2547 1982 πάντως
2580 1916 2817 1985 ἀγαθοὺς
2858 1917 3263 1983 ἀποτελεῖσθαι,
3297 1918 3412 1972 ἀλλ’
3436 1918 3469 1990 ἢ
3496 1920 3566 1984 ὡς
3589 1920 3670 1974 ἐπὶ
3694 1920 3828 1974 τὸπο-

653 2031 1048 2096 necessarium,
1078 2044 1188 2084 non
1218 2027 1539 2098 simpliciter
1570 2025 1698 2080 utile
1725 2022 2049 2094 perieulum.
2078 2020 2229 2075 Alio-

2220 2049 2229 2058 .
2261 2019 2299 2072 Β
2327 2010 2414 2074 λὺ,
2441 2010 2501 2064 ού
2532 2011 2690 2082 μόνον
2704 2009 2851 2063 ἐστιν
2873 2011 2983 2075 ὅτε,
3012 2011 3238 2078 κακοὺς,
3263 2013 3569 2084 ἀναγκαῖος,
3590 2014 3675 2086 οὐχ
3693 2013 3828 2077 ἁπλῶς

651 2125 747 2196 qui
794 2141 823 2177 a
876 2131 992 2179 toto
1020 2121 1374 2185 aberramus,
1405 2126 1633 2189 totoque
1667 2116 2099 2171 frustraremur:
2144 2120 2228 2167 et-

652 2218 797 2272 enim
825 2216 871 2272 si
901 2214 1121 2271 fecisset
1140 2228 1243 2269 nos
1268 2211 1434 2279 Deus,
1456 2218 1516 2264 ut
1537 2224 1644 2265 non
1663 2222 1950 2281 possemus
1978 2218 2224 2277 peccare,

652 2324 934 2381 nunquam
961 2307 1089 2362 facti
1112 2320 1359 2363 essemus
1389 2304 1515 2359 boni
1541 2321 1555 2369 ;
1586 2303 1764 2358 bonus
1787 2300 1932 2357 enim
1962 2297 2103 2368 apud
2129 2297 2228 2350 ho-

652 2403 830 2458 mines
853 2410 970 2465 est,
1002 2398 1096 2470 qui
1122 2399 1308 2468 justus
1336 2404 1389 2451 et
1420 2401 1755 2466 temperatus
1784 2398 1868 2448 est
1895 2410 1909 2448 :
1943 2390 2227 2445 abstinens

655 2504 838 2550 autem
890 2493 958 2548 ab
1008 2490 1281 2563 injustltia
1326 2487 1385 2545 fit
1423 2487 1652 2559 justus;
1697 2493 1751 2542 et
1790 2483 2005 2555 fugiens
2033 2482 2227 2537 intem-

654 2587 958 2658 perantiam
1000 2590 1357 2655 temperatus.
1398 2579 1675 2635 Potestate
1723 2578 1891 2649 igitur
1919 2572 2228 2630 contrario-

655 2696 777 2736 rum
808 2687 1160 2750 comparatur
1188 2684 1243 2733 et
1272 2673 1576 2747 acquiritur
1608 2670 1887 2743 possessio
1915 2667 2226 2724 contrario-

653 2788 800 2829 rum.
836 2768 906 2827 Ut
933 2770 982 2826 si
1010 2771 1136 2841 quis
1162 2783 1273 2824 non
1322 2766 1526 2821 habeat
1580 2770 1907 2834 potestatem
1957 2759 2227 2827 intempe-

654 2865 881 2929 rantia,
915 2877 1027 2918 non
1056 2861 1235 2934 possit
1268 2858 1384 2915 fieri
1414 2866 1728 2927 temperans
1756 2874 1769 2910 :
1803 2869 1913 2909 non
1940 2852 2087 2908 enim
2118 2864 2226 2904 non

654 2971 817 3029 posse
836 2953 1121 3024 suscipere
1138 2948 1592 3007 incontinentiam
1614 2988 1629 3011 ,
1654 2945 1785 3001 facit
1806 2943 2227 3005 continentiam;

653 3065 757 3106 nec
794 3047 1072 3105 infirmum
1110 3060 1232 3101 esse
1266 3044 1335 3099 ad
1379 3041 1707 3113 injustitiam
1749 3039 1879 3094 facit
1910 3037 2225 3108 justitiam:

654 3138 753 3195 sed
783 3152 947 3210 posse
974 3135 1155 3191 facere
1175 3175 1191 3199 ,
1220 3134 1436 3189 ratione
1465 3148 1595 3188 vero
1625 3131 1902 3186 abstinere
1932 3143 1999 3185 ne
2028 3127 2229 3191 faciat,

655 3233 771 3288 inec
796 3238 881 3288 est
904 3230 1082 3284 virtus
1108 3225 1484 3298 temperantiae
1504 3233 1558 3280 et
1576 3223 1836 3295 justitize;
1858 3232 1912 3277 et
1936 3235 2046 3277 non
2069 3234 2232 3290 posse

2329 2103 2621 2176 ὠφέλιμος,
2650 2107 2679 2158 ὁ
2705 2103 2963 2169 κίνδυνοςο
2990 2105 3195 2159 ὲπείτοι
3221 2104 3317 2159 τοῦ
3352 2107 3562 2178 παντὸς,
3581 2106 3827 2179 διαμάρτοιο

2332 2211 2431 2266 μεν
2473 2196 2559 2250 ἄν.
2608 2195 2671 2248 Εἰ
2716 2194 2824 2267 γὰρ
2869 2195 3168 2267 πεποίηκεν
3211 2197 3412 2268 ήμᾶςό
3445 2196 3567 2262 θεὸς
3602 2197 3826 2260 ἀδυνάτους

2328 2288 2503 2360 πάντη
2562 2287 2700 2361 πρὸς
2737 2289 3033 2361 ἁμαρτίαν,
3075 2288 3176 2342 οὑκ
3216 2288 3286 2343 ἂν
3324 2290 3613 2361 γεγόναμεν
3655 2289 3822 2359 ἀγαθοίο

2328 2380 2530 2448 ἀγαθὸς
2579 2381 2677 2452 μὲν
2723 2380 2831 2453 γὰρ
2870 2384 2928 2435 ὲν
2952 2380 3260 2453 ἀνθρώποις
3291 2383 3322 2435 ό
3347 2382 3548 2447 δίκαιός
3573 2400 3624 2437 τε
3652 2382 3728 2436 καὶ
3749 2383 3824 2435 σὼ-

2329 2489 2499 2544 φρων·
2518 2472 2857 2544 ἀπεχόμενος
2881 2473 2937 2526 δὲ
2961 2474 3060 2545 τῆς
3085 2473 3323 2540 ἀδικίας,
3343 2475 3541 2544 γίνεται
3562 2475 3745 2539 δίκαιος·
3758 2475 3824 2528 καὶ

2329 2567 2545 2637 φεύγων
2592 2569 2885 2624 ἀκολασίαν
2930 2568 3160 2641 σώφρων
3207 2570 3567 2627 ἀποτελεῖται.
3607 2572 3662 2626 Ἠ
3695 2572 3824 2625 τοίνυν

2328 2657 2546 2723 ἐξουσία
2574 2658 2684 2714 τῶν
2713 2660 2965 2714 ἐναντίων
3005 2659 3104 2732 τὴν
3151 2661 3440 2733 att-77mm...
3474 2661 3574 2727 Ὦς,
3603 2660 3735 2724 εἴτις
3769 2660 3823 2731 μὴ

2330 2754 2388 2806 ὲν
2425 2752 2642 2824 ἐξουσίᾳ
2682 2751 2979 2816 ἀκολασίας
3016 2753 3299 2824 τυγχάνοι,
3338 2754 3561 2827 σώφρων
3581 2755 3662 2808 οὐκ
3688 2753 3738 2807 ἂν
3758 2753 3823 2822 γέ-

2329 2863 2493 2900 νοιτο.
2510 2846 2645 2917 Φαίη
2667 2845 2775 2917 γὰρ
2796 2845 2862 2899 ἄν
2900 2862 2987 2908 τις
3009 2846 3140 2917 (ἓόγ
3159 2846 3257 2911 Τίς
3285 2848 3416 2920 γὰρ,
3436 2843 3542 2912 οἷός
3556 2865 3605 2901 τε
3619 2846 3675 2899 ὣν
3693 2848 3823 2899 ποιεῖν

2331 2939 2648 3003 ἀκόλαστον,
2676 2938 2737 2992 οὑ
2790 2936 3124 3011 πεποίηκεν;
3152 2940 3213 2992 οὑ
3255 2938 3368 3013 γὰρ
3401 2940 3642 3011 ἀδυναμία
3674 2935 3821 2991 ἀκολα-

2334 3033 2454 3097 σίας
2483 3035 2626 3087 ποιεῖ
2670 3030 3044 3104 σωφροσύνην,
3075 3032 3195 3086 οὑδὲ⁹
3240 3033 3492 3089 ἀσθένεια
3522 3034 3636 3106 πρὸς
3666 3029 3821 3083 ἀδικίαν

2333 3128 2478 3179 ποιεῖ
2504 3123 2879 3196 δικαιοσύνηψ
2910 3123 3049 3178 ἀλλά
3086 3125 3149 3179 τὸ
3196 3125 3461 3180 δύνασθαι
3490 3126 3580 3198 μὲν
3610 3123 3818 3195 πράττειν.

2331 3218 2476 3291 λόγῳ
2521 3218 2578 3272 δὲ
2628 3216 2958 3289 ἀπέχεσθαι,
2987 3217 3147 3272 τοῦτο
3178 3219 3210 3290 ἡ
3262 3220 3435 3292 ἀρετὴ
3475 3214 3762 3288 σωφροσύνης
3778 3225 3819 3262 τε

656 3324 834 3381 solum
857 3362 874 3389 ,
905 3321 1001 3378 sed
1042 3336 1073 3375 a
1104 3326 1304 3377 natura
1341 3317 1564 3373 invitari
1590 3324 1645 3371 et
1679 3313 1925 3379 titillari,
1959 3321 2018 3368 ut
2048 3313 2230 3383 aliqua

2208 3326 2230 3365 ι
2334 3313 2429 3365 καὶ
2458 3311 2822 3382 δικαιοσύνης*
2857 3311 2953 3366 καὶ
2985 3312 3105 3383 οὐχὶ
3132 3311 3395 3366 δύνασθαι
3433 3307 3715 3384 μόνον,ἀλλὰ
3728 3307 3816 3377 πρὸς

657 3433 786 3474 vera
816 3420 937 3471 laus
964 3415 1036 3468 sit
1056 3412 1298 3469 voluisse
1317 3425 1429 3466 non
1454 3408 1634 3465 facere
1657 3426 1672 3464 :
1700 3412 1813 3462 haec
1833 3406 1978 3462 enim
1999 3446 2015 3473 ,
2038 3413 2093 3460 et
2122 3419 2233 3459 non
2259 3404 2265 3439 ⁴

2204 3419 2233 3458 n
2259 3390 2301 3448 ο
2335 3405 2433 3476 τῆς
2454 3404 2669 3474 φύσεως
2713 3403 3072 3477 ἐρεθίζεσθαι,
3104 3404 3192 3458 ἵνα
3222 3422 3311 3471 τις
3337 3406 3432 3460 καὶ
3461 3401 3812 3475 ἀληθὴςηέπαινος

658 3509 766 3562 alia
814 3503 1046 3562 inveniri
1102 3508 1283 3575 potest
1326 3498 1472 3570 apud
1518 3498 1768 3553 homines
1819 3496 2039 3560 virtus,
2088 3491 2232 3549 Deus

2205 3509 2232 3548 s
2404 3495 2500 3550 τοῦ
2553 3496 2628 3569 μὴ
2674 3496 2935 3567 πράττειν
2980 3496 3290 3569 αἱρεῖσθαιθ
3317 3497 3457 3568 αὕτη
3488 3494 3587 3579 γάρ
3609 3493 3728 3565 μόνη,
3752 3487 3813 3540 καὶ

656 3601 805 3656 enim
838 3613 950 3654 non
994 3603 1080 3653 est
1119 3592 1405 3649 vocandus
1447 3601 1798 3663 temperans,
1848 3594 1945 3643 aut
1983 3585 2146 3642 fortis
2180 3593 2232 3641 et

658 3692 767 3746 alia
796 3687 1112 3761 huiusmodi
1139 3727 1155 3752 ,
1184 3684 1457 3757 siquidem
1501 3698 1669 3753 supra
1715 3681 2014 3736 humanam
2056 3679 2230 3734 virtu-

658 3794 771 3841 tem
799 3790 886 3839 est
919 3801 933 3837 :
964 3781 1070 3836 etsi
1099 3779 1246 3834 enim
1277 3778 1480 3833 dicitur
1503 3776 1720 3846 justus,
1752 3774 1910 3828 aliter
1937 3787 2103 3845 quam
2134 3785 2233 3826 nos

596 3884 601 3889 ‘
659 3874 882 3930 dicitur.
931 3870 1105 3927 Homo
1138 3878 1321 3925 autem
1346 3909 1363 3937 ,
1396 3875 1671 3940 quatenus
1714 3867 1909 3931 homo,
1959 3862 2233 3936 quomodo

662 3967 754 4019 tiat
782 3964 960 4019 bonus
982 4004 998 4032 ,
1026 3962 1324 4034 quaerimus
1351 3979 1364 4014 :
1400 3958 1695 4025 unicuique
1718 3957 1865 4012 enim
1892 3971 2082 4011 eorum
2112 3970 2234 4027 quae

632 4060 804 4114 'facta
835 4064 1000 4123 sunt,
1033 4067 1289 4110 mensura
1324 4059 1535 4105 natura:
1567 4050 1786 4104 decreta
1830 4056 1885 4103 et
1931 4046 2233 4102 constituta

659 4157 745 4205 est
764 4189 779 4214 ,
801 4162 966 4219 quam
988 4145 1209 4217 quidem
1238 4142 1477 4197 transire
1500 4148 1555 4196 et
1582 4153 1844 4211 superare
1874 4153 1985 4193 non
2014 4145 2233 4209 potest;

662 4246 755 4301 sed
786 4243 1020 4300 deficere
1048 4248 1227 4312 potest
1250 4238 1496 4310 perfecta
1519 4247 1574 4293 et
1596 4237 1851 4292 absoluta
1874 4238 2071 4292 virtus.
2102 4232 2235 4303 Quae

662 4340 830 4410 igitur
856 4349 1116 4391 mensura
1146 4332 1358 4388 homini
1390 4330 1459 4387 ad
1484 4332 1742 4386 virtutem
1772 4328 1995 4384 definita
2023 4337 2109 4385 est
2128 4371 2142 4396 ,
2180 4337 2235 4384 et

663 4439 723 4485 ut
750 4430 823 4485 sit
858 4428 1061 4484 bonum
1100 4424 1475 4497 temperantiae
1517 4432 1571 4478 et
1603 4421 1834 4492 justitize
1857 4462 1870 4486 ,
1906 4428 1961 4476 et
2001 4421 2234 4475 aliarum

661 4521 966 4579 virtutum?
1020 4534 1187 4590 supra
1240 4519 1355 4573 h:ec
1400 4517 1545 4572 enim
1588 4523 1648 4570 ut
1686 4515 1851 4570 homo
1898 4514 1972 4571 sit
2018 4513 2231 4577 bonus,

666 4619 784 4676 fieri
817 4633 926 4674 non
959 4623 1159 4690 potest.
1193 4613 1250 4669 Si
1279 4613 1425 4669 enim
1448 4610 1810 4682 temperantia
1834 4615 1917 4665 est
1951 4609 2236 4663 continere

664 4710 993 4782 cupiditates
1012 4708 1355 4778 voluptatum
1378 4744 1393 4771 ,
1416 4711 1633 4774 oportet
1656 4716 1780 4757 esse
1806 4700 1862 4755 in
1880 4706 2148 4770 potestate
2170 4713 2234 4753 ea

664 4820 787 4876 qua:
818 4802 1193 4874 temperantia:
1235 4806 1367 4854 sunt
1404 4795 1715 4863 contraria,
1751 4807 1985 4864 quorum
2029 4790 2236 4845 dicitur

664 4897 1029 4959 continentia,
1063 4908 1184 4965 quae
1212 4901 1296 4948 est
1326 4888 1705 4961 temperantiae
1749 4901 1988 4953 nomen,
2034 4893 2087 4941 et
2121 4883 2240 4938 otii-

665 4989 812 5045 cium
838 4995 1003 5059 atque
1033 5001 1193 5056 opus.
1229 4981 1351 5038 Non
1381 4997 1506 5038 esse
1534 4987 1717 5035 autem
1753 4978 1808 5033 in
1840 4983 2111 5049 potestate
2146 4992 2242 5031 vo-

667 5081 938 5149 luptates,
987 5076 1349 5149 privationem
1399 5068 1780 5143 temperantia
1833 5070 1997 5139 plane
2056 5066 2237 5124 efficit.

668 5171 876 5228 Similis
907 5170 1051 5226 ratio
1074 5177 1160 5226 est
1180 5166 1408 5239 justitiaa
1430 5173 1483 5220 et
1517 5163 1749 5218 aliarum
1783 5162 2071 5219 virtutum.

2332 3590 2433 3643 οὐκ
2474 3586 2609 3658 άλλη
2643 3604 2727 3651 τις
2752 3587 3002 3661 εὑρεθείη
3036 3586 3187 3661 παρά
3228 3587 3533 3663 ἀνθρώποις
3554 3585 3708 3659 ἀρετή.
3727 3579 3815 3634 Θεὸν

2337 3680 2435 3751 μὲν
2456 3679 2566 3753 γὰρ
2590 3680 2715 3734 οὑτε
2745 3680 2996 3752 σώφρονα
3019 3679 3268 3751 κλητέον,
3292 3681 3417 3737 οὔτε
3442 3679 3674 3753 ἀνδρεῖον,
3686 3674 3755 3729 καὶ
3772 3671 3816 3724 τὰ

2333 3772 2587 3826 τοιαῦταο
2635 3773 2821 3827 ὲπάκίω
2867 3774 2977 3848 γάρ
3011 3775 3109 3847 τῆς
3141 3776 3487 3848 ἀνθρωπίνης
3513 3773 3683 3848 ἀρετῆς
3698 3767 3819 3839 ὑπάρ-

2334 3884 2418 3939 χει
2436 3882 2451 3897 ·
2480 3865 2583 3921 κᾶν
2605 3866 2810 3928 δίκαιος
2830 3867 2887 3921 δὲ
2907 3868 3159 3939 καλῆται,
3178 3869 3472 3942 ἑτέρωςοοὺ
3493 3869 3592 3941 γὰρ
3614 3867 3675 3930 ὡς
3690 3862 3815 3933 ἡμεῖς·

2334 3959 2617 4032 ἅνθρωπος
2647 3959 2723 4024 δὲ,
2745 3960 2868 4015 ὅσον
2895 3960 3199 4035 ἄνθρωπος,
3224 3963 3346 4028 πῶς
3366 3964 3433 4017 ἂν
3455 3962 3641 4033 γένοιτο
3658 3951 3817 4025 ἀγαθὸς.

2335 4049 2605 4124 ζητοῦμεν
2624 4070 2638 4085 ⁸
2680 4053 2898 4125 ἑκάστῳ
2940 4054 3050 4126 γὰρ
3081 4056 3190 4110 τῶν
3219 4056 3515 4128 γινομένων
3544 4052 3707 4125 μέτρον
3729 4044 3819 4115 ὥρι-

2338 4159 2461 4197 σται
2491 4144 2727 4213 φύσεως,
2750 4146 2887 4218 ὅπερ
2920 4147 3221 4220 ὑπερϐῆναι
3247 4149 3349 4220 μὲν
3367 4148 3625 4210 ἀδύνατον,
3647 4143 3696 4196 τὸ
3715 4134 3818 4207 δὲμῆ

2338 4237 2725 4310 ὑπολειφθῆναι
2758 4241 2977 4315 ἐντελὴς
3000 4242 3189 4316 ἀρετή.
3219 4243 3286 4297 Τί
3314 4244 3487 4299 τοίνυν
3507 4237 3732 4314 ἀνθρώπῳ
3751 4229 3818 4303 μ’

2334 4347 2462 4403 τρον
2481 4330 2714 4402 ὥρισται
2733 4334 2871 4406 πρὸς
2903 4336 3102 4407 ἀρετὴν
3132 4337 3229 4391 καὶ
3257 4339 3393 4412 πρὸς
3415 4338 3474 4392 τὸ
3495 4332 3708 4408 γενέσθαι
3726 4329 3819 4394 ἀγα-

2338 4422 2460 4488 θόν;
2497 4425 2817 4498 σωφροσύνη
2865 4445 2924 4480 τε
2970 4429 3065 4482 καὶ
3100 4428 3436 4502 δικαιοσύνη,
3460 4431 3546 4484 καὶ
3573 4425 3734 4481 τᾶλλασ
3758 4418 3820 4473 ἄν·

2339 4513 2555 4587 θρωπον
2582 4515 2690 4588 γάρ
2722 4518 2863 4589 ὑπὲρ
2888 4518 3061 4574 ταῦτα
3089 4521 3344 4590 γενέσθαι
3370 4521 3578 4592 ἀγαθὸν.
3609 4515 3818 4571 ἀδύνατον.

2337 4607 2400 4661 Et
2437 4607 2495 4661 δὲ
2532 4610 2566 4680 ἡ
2612 4611 2932 4683 σωφροσύνη
2955 4614 3252 4686 ἐγκράτειά
3286 4618 3430 4670 ἐστιν
3449 4612 3646 4688 ἡδονῶν,
3668 4607 3731 4660 δεῖ
3749 4599 3821 4655 τῶν

2337 4699 2437 4770 τῆς
2469 4701 2823 4776 σωφροσύνης
2847 4705 3107 4759 ἐναντίων
3138 4708 3196 4763 έν
3220 4707 3435 4781 ἐξουσίᾳ
3457 4704 3721 4778 τυγχάνειν,
3740 4690 3820 4749 καθ’

2340 4785 2415 4846 ὧν
2437 4795 2472 4864 ή
2496 4795 2812 4867 ἐγκράτεια,
2853 4798 3207 4871 σωφροσύνης
3241 4801 3415 4874 ὄνομά
3438 4817 3494 4855 τε
3519 4798 3603 4853 καὶ
3622 4794 3762 4866 ἔργον.
3773 4783 3820 4836 Ti

2338 4886 2395 4940 δὲ
2424 4886 2499 4958 μὴ
2523 4883 2662 4942 εἶναι
2686 4890 2744 4943 ἐν
2765 4888 2984 4962 ἐξουσίᾳ
3008 4891 3115 4945 τῶν
3137 4893 3362 4965 ἡδονῶν,
3379 4893 3617 4962 ἄντικρυς
3631 4883 3818 4955 στέρησιν

2343 4979 2697 5054 σωφροσύνης
2738 4985 2903 5039 ποιεῖ.
2944 4985 3346 5059 Παραπλησίως
3372 4985 3427 5040 δὲ
3448 4986 3551 5057 ἔχει
3581 4970 3817 5035 δικαιοσύνη

2344 5073 2438 5126 καὶ
2460 5072 2647 5129 τᾶλλα.

867 5290 997 5347 Car.
1039 5289 1129 5346 lll.
1169 5291 1251 5345 An
1286 5289 1455 5360 potuit
1488 5289 1637 5342 homo
1660 5303 1773 5342 esse
1796 5286 2169 5356 impeccabilis.
2206 5285 2386 5341 Virtus
2421 5287 2571 5342 nulla
2603 5290 2715 5345 sine
2740 5307 2935 5364 pugna.
2978 5291 3121 5352 Puer
3150 5315 3254 5353 non
3292 5298 3437 5353 habet
3462 5297 3667 5351 uirtutes.

742 5384 799 5441 Si
828 5385 954 5457 quis
1001 5399 1135 5440 vero
1169 5392 1362 5439 contra
1393 5383 1574 5447 dicat,
1624 5378 1937 5453 Oportuisse
1984 5393 2087 5434 nos
2128 5393 2238 5432 non

670 5496 793 5535 esse
825 5488 984 5550 aptos
1015 5476 1082 5533 ad
1103 5476 1449 5549 suscipienda
1487 5473 1763 5529 contraria
1787 5471 2084 5529 virtutibus
2110 5510 2126 5537 ,
2179 5477 2240 5523 ut

743 5620 855 5690 (24)
883 5618 981 5690 Μὴ
1014 5617 1114 5683 ἀξ.
1148 5616 1248 5673 ilic
1272 5616 1547 5690 nonnulla
1573 5616 1765 5690 deess_e
1789 5612 2062 5690 videntur.
2098 5612 2250 5684 (Qua:

676 5683 778 5746 nos
806 5683 1131 5758 supplendo,
1158 5688 1317 5743 uncis
1346 5686 1684 5758 inclusimus.
1712 5683 1891 5758 Enrr.)

747 5759 860 5836 (25)
878 5751 1043 5828 ’φαίη
1073 5751 1181 5829 γὰρ
1208 5757 1286 5812 ἄν
1307 5774 1414 5823 τις.
1448 5756 1571 5811 li.ee
1598 5756 1793 5811 desunt
1819 5751 1881 5809 in
1901 5751 2092 5808 Latina
2115 5770 2240 5810 ver-

2373 5380 2479 5490 vEi
2529 5382 2585 5486 δέ
2629 5401 2712 5449 τις
2751 5387 3056 5457 ἀντιλέγοι,
3085 5389 3163 5455 ὡς
3199 5392 3314 5446 δέον
3343 5390 3480 5464 ἡμᾶς
3520 5377 3815 5441 ἀνεπιδέχτως

2345 5468 2483 5526 εἶναι
2509 5473 2619 5530 τῶν
2645 5477 2901 5533 ἐναντίων
2923 5481 3219 5549 ἀκολασίας
3245 5501 3303 5538 τε
3335 5483 3426 5538 καὶ
3462 5468 3814 5537 etiamm“?

2359 5615 2511 5699 sione
2545 5614 2795 5699 Turriani
2829 5617 3047 5699 :_Dicat
3091 5623 3228 5677 enim
3281 5621 3484 5693 aliqu".
3514 5630 3574 5699 αξ
3610 5610 3667 5699 ξξί

2350 5687 2441 5758 (μιέ
2470 5690 2635 5744 possit
2662 5688 2836 5758 facere
2857 5675 3307 5762 intemperantem,
3339 5675 3387 5747 ἁ
3419 5675 3513 5745 non
3547 5682 3666 5756 fecit.
3697 5675 3809 5727 ΒΜ·
