4072 6338
292 315 435 372 1157

1381 318 1753 380 ADVERSUS
1791 317 2219 376 MANICHA‘ZOS
2257 313 2386 372 LIB.
2430 313 2494 370 ll.

3411 309 3546 366 1158

285 434 316 484 ὁ
343 430 491 495 θεὸς,
515 431 670 487 οὐδὲν
691 432 878 505 ἕτερον
902 435 930 487 ὁ
955 432 1192 498 τοιοῦτος
1223 433 1388 504 λέγει,
1412 437 1444 507 ἦ
1477 439 1551 503 ὡς
1583 439 1703 492 δέον
1731 434 1870 490 εἶναι

1977 434 2455 504 intemperantiam
2506 438 2561 486 et
2596 431 2954 502 iniustitiam,
3007 429 3152 486 sicut
3186 427 3360 494 Deus;
3413 426 3545 481 nihil

287 524 436 594 ἡμᾶς
462 523 565 578 οὐκ
593 523 912 598 ἀνθρώπους
932 541 945 555 ·
977 523 1166 596 ὥσπερ
1199 523 1264 580 ἄν
1297 543 1402 593 τις,
1430 530 1587 583 ἀετὸν
1619 530 1730 584 ἄνω
1766 545 1866 581 που

287 615 512 686 θεωρῶν
564 616 767 689 ὑψηλὸν
819 618 1151 692 ίπτάμενον,
1208 619 1540 693 ἀγανακτοίη
1594 623 1738 676 κατὰ
1771 623 1870 693 τῆς

287 706 461 762 ἵππου
495 708 734 780 φύσεως,
773 713 866 766 καὶ
914 712 1126 782 πικρῶς
1172 715 1385 779 κακίζοι
1418 715 1642 786 ταύτην,
1689 716 1764 779 ὼς
1794 715 1868 787 μὴ

291 801 684 873 παραπλησίαν
740 806 806 873 τῇ
850 804 942 858 τοῦ
980 805 1174 871 ἀετοῦ,
1234 807 1352 860 δέον
1393 808 1557 863 ἵππον
1609 809 1684 872 ὡς
1734 809 1871 881 πρὸς

291 887 464 942 ἵππου
497 889 658 960 φύσιν
705 891 999 958 ἐξετάζειν.
1049 895 1367 968 ’Ἄνθρωπον
1406 899 1470 970 δὴ
1510 898 1807 970 πεποίηκεν
1840 896 1884 952 δ’

289 979 426 1044 Θεὸς
452 980 545 1034 τὸν
579 981 887 1054 ἄνθρωπον,
911 984 1089 1058 ψυχὴν
1109 986 1170 1058 δὴ
1201 989 1334 1059 μετὰ
1364 988 1611 1060 σώματος
1631 1007 1644 1020 ·
1680 1007 1862 1060 σωμα-

289 1075 443 1138 τικὸς
477 1074 585 1147 γάρ
633 1076 780 1130 ἔστιν
829 1078 1067 1150 οἰκήτωρ
1097 1079 1327 1151 κόσμου.
1355 1075 1522 1144 Οὗτος
1558 1082 1734 1135 τοίνυν
1773 1082 1869 1136 ἐὰν

291 1168 520 1238 γένηται
565 1169 788 1239 ἀγαθὸς,
819 1172 941 1224 ὅσον
971 1175 1138 1244 χωρεῖ
1169 1172 1456 1246 ἀνθρώπου
1502 1173 1682 1243 φύσις,
1720 1176 1869 1228 εὐδό-

292 1281 456 1335 κιμος
487 1263 553 1317 ἂν
599 1264 868 1336 εὑρεθείη.
917 1265 1044 1330 Πῶς
1088 1267 1154 1321 ἂν
1192 1263 1284 1322 οὖν
1329 1269 1540 1337 γένοιτο
1586 1269 1870 1343 ἄνθρωπος

291 1353 517 1424 ἀγαθὸς,
560 1353 842 1429 ζητητέον,
874 1359 922 1411 εί
972 1359 1268 1430 πεποίηκεν
1307 1361 1486 1416 αὐτόν.
1520 1359 1729 1416 Οὐκοῦν
1774 1363 1868 1416 ἄν-

293 1445 513 1517 θρωπος
544 1446 751 1514 γένοιτο
792 1447 1015 1518 ἀγαθὸς,
1043 1450 1092 1504 εἰ
1123 1449 1356 1522 σώφρων
1385 1451 1469 1523 είη
1504 1452 1598 1505 καὶ
1629 1452 1833 1516 δίκαιος
1853 1471 1865 1484 ·

293 1536 344 1586 εἰ
367 1533 476 1606 γὰρ
496 1532 672 1587 ἔνεστι
703 1535 897 1606 βελτίω
925 1537 1123 1610 τρόπον
1143 1539 1427 1611 ἄνθρωπον
1450 1541 1700 1611 γενέσθαι
1729 1544 1867 1612 ἀγα·

293 1625 405 1691 θον,
437 1627 708 1682 αἰτιατέον
727 1629 820 1683 τὸν
851 1629 1354 1704 δημιουργήσαντα,
1372 1637 1454 1689 ὅτι
1486 1635 1561 1707 μὴ
1587 1637 1706 1691 κατ’
1728 1639 1870 1690 ἐκεῖ-

292 1734 384 1772 νον
416 1719 652 1788 ἀνέδειξε
707 1721 800 1774 τὸν
847 1721 1132 1794 ἄνθρωπον
1187 1726 1409 1794 ἀγαθόν.
1442 1728 1505 1780 Εἰ
1552 1728 1609 1782 δὲ
1655 1729 1778 1782 ὅσον
1812 1732 1869 1783 ὲν

1974 529 2121 582 aliud
2153 528 2242 581 hic
2266 526 2422 589 dicit,
2455 541 2618 596 quam
2652 534 2905 595 oportere
2934 539 3035 579 nos
3067 538 3176 577 non
3201 536 3326 576 esse
3367 518 3544 573 homi-

1973 637 2071 678 nes
2100 640 2111 673 :
2148 627 2207 674 ut
2261 619 2307 673 si
2363 619 2488 688 quis
2519 624 2794 688 spectaret
2840 615 3077 686 aquilam
3110 615 3162 668 in
3193 613 3426 668 sublime
3456 628 3549 666 vo-

1971 712 2197 778 lantem,
2220 718 2274 766 et
2303 717 2654 766 succenserct
2687 719 2894 763 natura:
2917 707 3064 778 equi,
3092 721 3324 776 eamque
3355 704 3551 759 acerbe

1969 805 2302 876 vituperaret
2365 812 2626 874 tanquam
2682 801 3004 857 dissimilem
3061 806 3271 854 natura:
3311 796 3547 868 aquila},

1971 913 2094 951 cum
2126 904 2400 968 oporteret
2433 911 2635 968 equum
2682 911 2748 950 ει
2786 901 2984 948 natura
3015 892 3144 963 equi
3173 891 3547 947 considerare.

1974 987 2120 1042 Sane
2153 987 2372 1058 quidem
2395 987 2672 1040 hominem
2707 985 2834 1039 fecit
2863 982 3026 1049 Deus,
3053 983 3145 1053 qui
3179 988 3326 1037 esset
3354 981 3566 1044 homo;-

1970 1081 2208 1134 animam
2274 1081 2404 1134 item
2453 1094 2578 1132 cum
2630 1092 2898 1148 corpore,
2955 1077 3084 1147 quia
3136 1082 3221 1130 est
3274 1073 3551 1128 habitator

1971 1171 2158 1225 mundi
2190 1185 2510 1241 corporeus.
2548 1167 2648 1223 Hic
2677 1168 2846 1240 igitur
2885 1167 2931 1225 si
2985 1167 3077 1222 liat
3107 1168 3282 1222 bonus
3305 1206 3320 1232 ,
3369 1163 3549 1236 quoad

1969 1271 2164 1318 natura
2196 1262 2436 1318 hominis
2471 1263 2679 1333 patitur
2705 1302 2719 1325 ,
2749 1269 3028 1332 spectatus
3061 1269 3114 1315 et
3148 1259 3412 1331 probatus
3460 1271 3549 1313 τε·

1971 1357 2233 1426 periatur.
2270 1354 2555 1422 Quomodo
2589 1362 2769 1408 autem
2823 1353 2916 1408 liat
2972 1354 3136 1408 homo
3168 1352 3410 1424 probus,
3464 1350 3550 1405 in-

1969 1447 2298 1518 quirendum
2345 1454 2429 1502 est
2484 1457 2647 1517 atque
2697 1447 3084 1517 requirendum
3117 1461 3148 1501 a
3200 1444 3331 1510 Deo,
3367 1451 3548 1497 utrum

1971 1539 2162 1595 fecerit
2195 1556 2341 1594 eum.
2395 1538 2566 1594 Homo
2603 1540 2768 1610 igitur
2813 1539 2903 1594 ﬁet
2932 1541 3134 1602 bonus,
3172 1539 3218 1594 si
3245 1537 3316 1592 sit
3347 1544 3554 1605 tempe-

1970 1647 2102 1686 rans
2131 1639 2184 1686 et
2208 1632 2433 1701 justus:
2473 1633 2516 1686 si
2555 1633 2698 1687 enim
2759 1633 2919 1687 liceat
2967 1630 3192 1686 meliore
3230 1629 3392 1684 modo
3435 1627 3550 1682 fieri

1974 1726 2250 1779 hominem
2287 1726 2491 1779 bonum
2516 1766 2530 1790 ,
2568 1726 2912 1781 accusandus
2963 1725 3037 1781 sit
3073 1723 3213 1780 Deus
3239 1763 3253 1787 ,
3306 1723 3401 1793 qui
3459 1722 3553 1775 illo

291 1809 584 1882 ἀνθρώπου
618 1812 776 1882 φύσει
804 1814 956 1868 οὐδὲν
992 1815 1217 1887 βέλτιον,
1249 1818 1514 1873 ἐπιδέοιτο
1547 1819 1612 1874 ἂν
1663 1819 1872 1892 ἀνθρω-

1977 1817 2134 1872 modo
2165 1818 2547 1888 praestantiore
2577 1834 2685 1872 non
2721 1817 2847 1874 fecit
2880 1817 3153 1874 hominem
3189 1817 3415 1872 bonum.
3454 1813 3551 1869 Sin

293 1920 394 1966 πος
418 1903 770 1977 σωφροσύνης
794 1905 888 1960 καὶ
914 1906 1021 1961 τῶν
1041 1907 1214 1962 ἄλλων
1232 1926 1245 1938 ο
1273 1908 1554 1982 ζητητέον,
1580 1911 1695 1974 πῶς
1720 1907 1876 1976 αὖθις

290 1997 515 2051 δυνατόν
541 2015 604 2068 γε
634 1997 918 2072 ἄνθρωπον
951 2000 1207 2075 σώφρονά
1244 2021 1303 2056 τε
1336 2003 1432 2058 καὶ
1472 2004 1677 2060 δίκαιον
1701 2003 1870 2059 εἶναι·

294 2089 544 2160 βούλεται
586 2090 693 2163 γὰρ
747 2092 919 2146 ταῦτα
961 2089 1098 2148 εἶναι
1156 2096 1318 2150 αὐτὸν
1361 2099 1390 2149 ό
1443 2097 1870 2170 δημιουργήσας.

293 2182 504 2236 Οὐκοῦν
536 2185 857 2257 σωφροσύνη
899 2186 1020 2258 δίχα
1065 2188 1167 2258 τῆς
1209 2189 1304 2242 τοῦ
1346 2190 1590 2244 ἐναντίου
1635 2191 1867 2263 παραθέ-

294 2291 436 2339 σεως
469 2277 568 2330 οὐκ
602 2275 668 2330 ἂν
712 2277 949 2346 γένοιτο·
983 2279 1183 2350 ὁμοίως
1211 2280 1265 2332 δὲ
1309 2283 1403 2334 καὶ
1448 2281 1792 2356 δικαιοσύνηέ
1822 2287 1871 2338 εἰ

290 2368 350 2422 δὲ
382 2369 481 2442 μὴ,
509 2371 610 2424 οὐκ
637 2369 704 2425 ἂν
735 2371 820 2444 εἴη
856 2373 1174 2446 σωφροσύνη
1205 2373 1325 2428 οὔτε
1360 2375 1692 2446 δικαιοσύνη.

1979 1919 2159 1966 autem
2187 1919 2450 1982 quantum
2484 1911 2536 1965 in
2569 1920 2766 1965 natura
2800 1910 3038 1966 hominis
3070 1910 3234 1964 situm
3276 1914 3383 1973 est,
3417 1908 3552 1962 nihil

1979 2003 2206 2069 melius;
2237 2019 2375 2074 opus
2408 2013 2494 2059 est
2523 2003 2728 2058 homini
2763 2003 3120 2073 temperantia
3143 2043 3156 2066 ,
3215 2009 3269 2057 et
3304 2000 3552 2071 iustitia,

1978 2098 2208 2167 aliisque
2255 2096 2570 2151 virtutibus.
2629 2094 2727 2151 llic
2774 2111 2968 2150 rursus
3021 2092 3374 2166 querendum
3425 2103 3551 2154 est,

1979 2190 2254 2261 quomodo
2293 2189 2456 2246 homo
2491 2196 2827 2260 temperatus
2861 2197 2916 2244 et
2946 2188 3134 2259 justus
3168 2203 3290 2243 esse
3329 2194 3507 2257 potest
3536 2206 3550 2240 :

1981 2283 2095 2337 vult
2124 2285 2269 2339 enim
2298 2284 2391 2354 qui
2423 2298 2546 2338 eum
2583 2282 2729 2351 fecit,
2761 2289 2821 2337 ut
2861 2281 2985 2337 talis
3019 2281 3110 2338 sit.
3144 2282 3318 2353 Igitur
3347 2289 3556 2352 tempe-

1981 2377 2159 2432 rantia
2188 2376 2306 2431 sine
2339 2375 2749 2445 comparatione
2804 2382 2858 2429 et
2914 2374 3265 2430 contentione
3293 2372 3555 2428 contrarii

294 2461 414 2516 ﬁeri
466 2477 576 2518 non
622 2472 831 2535 potest;
888 2467 1140 2523 similiter
1182 2468 1438 2538 justitia:
1473 2456 1676 2536 alioqui
1728 2487 2011 2540 nunquam
2047 2470 2151 2525 erit
2185 2468 2565 2539 temperantia,
2597 2481 2774 2536 neque
2804 2466 3037 2536 justitia.

365 2598 430 2651 Ei
468 2598 524 2652 δὲ
557 2602 631 2671 μὴ
681 2603 765 2671 εἰη
795 2599 982 2653 τοῦτον
1017 2601 1106 2654 τὸν
1132 2602 1331 2673 τρόπον
1364 2602 1588 2658 δυνατὸν
1618 2606 1870 2674 γενέσθαι

290 2690 500 2744 δίκαιόν
532 2709 590 2744 τε
636 2693 728 2745 καὶ
773 2692 1054 2766 σώφρονα,
1090 2695 1190 2747 ούκ
1230 2694 1295 2748 ἂν
1330 2695 1502 2760 ἄλλως
1538 2697 1748 2766 γένοιτο
1777 2701 1872 2754 ἄν-

292 2781 515 2854 θρωπος
543 2782 748 2847 δίκαιός
775 2801 833 2837 τε
858 2787 949 2837 καὶ
984 2783 1215 2857 σώφρων
1234 2804 1247 2816 ·
1284 2787 1377 2841 καὶ
1398 2788 1516 2841 τότε
1539 2788 1775 2858 εὐλόγως
1809 2791 1873 2844 ἂν

292 2877 323 2928 ό
349 2875 680 2948 δημιουργὸς
722 2876 1035 2948 διαϐληθείη
1060 2893 1074 2908 ο
1100 2878 1181 2931 ὅτι
1225 2879 1492 2951 πεποίηκε
1523 2881 1746 2936 δυνατὸν
1775 2884 1872 2936 οὐκ

293 2963 438 3021 εἶναι
471 2969 560 3022 τὸν
609 2969 893 3042 ἄνθρωπον
931 2970 1186 3039 γενέσθαι
1221 2971 1444 3039 ἀγαθὸν,
1487 2971 1629 3042 λέγω
1675 2974 1738 3045 δὴ
1772 2973 1873 3027 σώ-

2051 2607 2206 2675 Quod
2232 2609 2278 2664 si
2308 2609 2412 2664 hoc
2445 2607 2608 2663 modo
2632 2622 2738 2663 non
2771 2605 2946 2677 possit
2971 2605 3086 2660 ﬁeri
3116 2603 3301 2673 justus
3329 2609 3385 2658 et
3413 2609 3556 2656 tem—

1981 2713 2238 2774 peratus,
2287 2720 2396 2758 non
2442 2704 2600 2757 aliter
2635 2699 2724 2754 (iet
2769 2699 2934 2753 homo
2979 2697 3167 2766 justus
3197 2701 3252 2750 et
3285 2703 3558 2764 tempera.

1982 2805 2106 2851 tus:
2141 2805 2196 2852 et
2226 2803 2356 2851 tunc
2390 2795 2586 2850 merito
2619 2791 3052 2863 reprehendatur
3104 2787 3269 2855 Deus,
3299 2787 3426 2858 quia
3478 2785 3558 2842 fe-

1981 2890 2056 2944 cit
2097 2898 2155 2943 ut
2186 2889 2527 2959 impossibile
2549 2894 2694 2943 esset
2716 2885 2833 2941 ﬁeri
2859 2883 3138 2938 hominem
3167 2881 3397 2946 bonum,
3421 2887 3558 2933 tem-

1980 2991 2228 3051 peratum
2269 2981 2414 3043 (lico,
2445 2988 2500 3036 et
2541 2980 2791 3050 justum;
2838 2991 2949 3046 quo
2974 2973 3192 3043 quidem
3246 2972 3405 3027 modo
3435 2982 3557 3024 tan-

296 3061 474 3133 φρονᾶ
519 3078 583 3115 τε
635 3064 728 3116 καὶ
762 3063 988 3126 δίκαιον,
1027 3063 1146 3116 καθ’
1181 3063 1238 3117 ὃν
1300 3065 1458 3136 μόνον
1499 3066 1593 3119 καὶ
1625 3067 1872 3138 οὐδαμῶς

1979 3084 2115 3136 tum,
2151 3082 2204 3127 et
2228 3073 2380 3128 nullo
2420 3073 2674 3143 quopiam
2709 3070 2818 3124 alio
2856 3068 3073 3122 futurus
3110 3075 3228 3118 erat
3257 3063 3551 3133 gloriosus,

293 3153 484 3225 ἕτερόν
520 3171 642 3208 τινα
674 3155 874 3226 τρόπον
920 3156 1227 3228 εύδοξήσειν
1261 3156 1472 3228 ἔμελλε,
1504 3159 1598 3214 καὶ
1629 3161 1776 3228 ἄξιός
1808 3180 1871 3231 γε

295 3246 399 3316 τῆς
424 3244 518 3298 τοῦ
558 3247 919 3317 πεποιηκότος
955 3248 1145 3317 σοφίας
1185 3249 1693 3322 ἀποδειχθήσεσθαι.
1724 3254 1784 3305 Εἰ
1818 3253 1874 3305 δὲ

295 3337 546 3409 ἐπιμένοι
581 3341 609 3392 ὁ
644 3339 960 3408 ἀντιλέγων,
988 3341 1062 3404 ὼς
1096 3341 1262 3411 ἐχρῆν
1297 3341 1475 3411 φύσει,
1511 3344 1605 3398 καὶ
1638 3345 1696 3397 οὗ
1731 3346 1875 3406 τόνω

297 3429 551 3502 σώφρονα
581 3431 836 3500 γενέσθαι
882 3432 970 3485 τὸν
1006 3432 1291 3504 ἄνθρωπον
1314 3476 1327 3499 ,
1377 3435 1556 3500 πάλιν,
1589 3436 1649 3489 τὸ
1681 3437 1731 3490 τί
1761 3439 1875 3490 ἐστι

299 3525 621 3596 σωφροσύνη
657 3524 1086 3596 καταλιμπάνων
1107 3569 1120 3590 ,
1162 3527 1251 3579 ἐπὶ
1285 3527 1566 3597 ἀλόγιστον
1609 3531 1818 3600 αἵρεσιν
1849 3533 1876 3584 ό

294 3613 535 3679 τοιοῦτος
579 3614 850 3668 ἐκκλίνει·
901 3615 962 3668 τὸ
1015 3617 1111 3686 μὲν
1143 3617 1226 3669 ὅτι
1271 3617 1531 3670 ἀδύνατόν
1573 3620 1719 3670 ἐστιν
1751 3617 1874 3671 ἄνευ

299 3708 654 3781 σωφροσύνης
685 3709 776 3761 καὶ
802 3708 1150 3780 δικαιοσύνης
1177 3709 1326 3774 ἄξιον
1355 3706 1605 3764 εἷναιτοῠ
1647 3727 1876 3780 πεποιη-

296 3800 456 3864 κότος
487 3799 786 3871 τιθέμενος,
820 3800 910 3852 τὸν
951 3800 1006 3852 δὲ
1032 3801 1232 3872 τῷπον
1264 3804 1363 3872 τῆς
1401 3803 1644 3874 κτήσεως
1673 3802 1875 3855 τούτων

295 3891 573 3958 ἐξετάζειν
606 3893 667 3946 ού
723 3893 1074 3964 βουλόμενος·
1115 3895 1196 3947 ὅτι
1243 3894 1306 3964 δὴ
1335 3896 1396 3948 τὸ
1439 3895 1620 3966 δεσμῷ
1665 3895 1876 3964 φύσεως

296 3985 622 4055 γιγνόμενον
655 3986 755 4040 οὐκ
791 3987 856 4041 ἂν
885 3987 966 4058 εἴη
1014 3988 1356 4060 σωφροσύνη,
1409 3989 1530 4060 ἦτις
1573 3989 1774 4060 ἥκιστά
1814 4007 1875 4058 γε

295 4077 558 4149 ἑτέρωςῆ
595 4081 660 4150 τῇ
696 4078 805 4131 τῶν
832 4079 1032 4150 ἡδονῶν
1060 4079 1372 4132 ἀντιστάσει
1405 4080 1748 4148 γνωρίζεται.
1780 4123 1792 4134 .
1819 4123 1831 4134 .
1860 4123 1872 4133 .

294 4172 470 4225 δεῖται
512 4171 620 4242 ἄρα
668 4171 778 4224 τῶν
830 4171 1262 4243 ἀνθισταμένων,
1312 4172 1398 4225 ἵνα
1448 4165 1733 4244 μαχομέύη
1787 4176 1878 4226 καὶ

295 4264 578 4337 κρατοῦσα
631 4264 817 4318 τοῦτον
864 4265 1036 4336 κληθῇ
1095 4265 1189 4318 καὶ
1235 4264 1460 4336 γένηται
1515 4266 1871 4338 σωφροσύνην

295 4359 699 4432 παραπλησίως
727 4359 784 4411 δὲ
813 4360 906 4412 καὶ
936 4358 1004 4412 τὰ
1034 4359 1185 4414 ἄλλα.
1219 4359 1374 4412 Οὕτω
1400 4359 1464 4430 δὴ
1500 4359 1873 4413 κατεσκεύακε

1975 3175 2029 3223 et
2059 3167 2325 3238 sapientia
2357 3165 2598 3220 auctoris
2634 3163 2720 3219 sui
2775 3162 2974 3232 dignus
3027 3157 3330 3213 habendus.
3366 3154 3423 3209 Si
3457 3168 3556 3208 au-

1977 3269 2082 3316 tem
2115 3260 2208 3331 qui
2243 3259 2604 3322 contradicit,
2649 3261 2962 3327 perseveret
3014 3251 3349 3308 contendens
3394 3264 3556 3320 opor-

1977 3355 2149 3411 tuisse
2183 3361 2402 3415 natura,
2431 3360 2486 3406 et
2522 3368 2631 3406 non
2662 3350 2848 3404 labore
2895 3347 3009 3402 ﬁeri
3038 3345 3314 3400 hominem
3343 3349 3554 3413 tempe—

1978 3453 2225 3511 rantem;
2258 3459 2454 3499 rursus
2486 3443 2575 3496 hic
2613 3444 2872 3496 omittens
2894 3437 3024 3509 quid
3049 3438 3120 3493 sit
3149 3434 3506 3506 temperantia
3537 3474 3551 3495 ,

1977 3537 2045 3591 ad
2079 3536 2384 3606 eligendqu
2420 3550 2484 3589 ac
2523 3533 2849 3590 sumendum
2899 3530 3044 3602 quod
3087 3545 3118 3583 a
3158 3529 3367 3583 ratione
3396 3543 3554 3583 aver-

1978 3645 2098 3683 sum
2128 3636 2212 3683 est
2241 3627 2512 3693 declinat;
2548 3635 2662 3679 tum
2697 3624 2824 3696 quia
2864 3622 3016 3693 ponit
3045 3631 3099 3676 et
3124 3620 3346 3684 statuit,
3395 3635 3558 3690 posse

1979 3721 2251 3775 hominem
2285 3721 2403 3776 sine
2437 3718 2795 3790 temperantia
2828 3725 2882 3771 et
2917 3715 3133 3786 justitia
3180 3729 3303 3770 esse
3330 3713 3555 3784 dignum

1977 3819 2200 3868 auctore
2229 3827 2330 3866 suo
2365 3811 2454 3881 qui
2488 3826 2610 3864 eum
2651 3809 2810 3873 fecit;
2841 3815 2954 3860 tum
2982 3805 3108 3876 quia
3143 3821 3249 3859 non
3285 3804 3400 3858 vult
3433 3818 3560 3858 con-

1977 3907 2242 3971 siderare,
2268 3904 2543 3975 quomodo
2568 3901 2848 3974 possessio
2875 3901 3069 3954 harum
3103 3897 3366 3951 virtutum
3403 3911 3556 3950 com-

1979 4007 2235 4070 paretur,
2282 3999 2409 4068 quia
2440 3995 2584 4067 quod
2628 3995 2848 4049 vinculo
2878 4001 3086 4048 naturae
3123 3990 3322 4044 factum
3377 3976 3572 4052 esset,

1980 4105 2256 4161 nunquam
2304 4097 2452 4144 esset
2513 4084 2912 4156 temperantia,
2971 4097 3094 4153 qua;
3137 4080 3362 4135 minime
3402 4080 3558 4132 aliter

1978 4201 2140 4254 quam
2197 4183 2582 4240 resistentibus
2637 4179 3006 4246 voluptatibus
3058 4174 3442 4247 cognoscitur;
3500 4179 3558 4224 ut

1980 4292 2230 4347 pugnans
2258 4283 2311 4330 et
2339 4275 2566 4330 vincens
2608 4287 2722 4336 eas,
2758 4278 2983 4325 vocetur
3034 4277 3086 4322 et
3139 4266 3211 4321 sit
3251 4274 3559 4333 temperan-

1981 4371 2093 4424 tia:
2134 4369 2386 4424 similiter
2421 4367 2476 4420 in
2512 4365 2656 4420 aliis.
2692 4362 2784 4418 Sic
2829 4377 2962 4417 sane
3008 4359 3280 4415 hominem
3307 4363 3559 4412 constru-

293 4454 388 4508 τὸν
416 4453 734 4525 ἄνθρωπον·
775 4452 933 4520 φύσει
975 4452 1072 4523 μὲν
1119 4451 1228 4504 οὔτ’
1262 4451 1466 4520 ἀγαθὸν
1511 4451 1634 4505 οὔτε
1667 4453 1833 4506 κακόν
1856 4470 1868 4483 ·

1981 4465 2079 4528 xit,
2105 4470 2300 4515 natura
2331 4459 2551 4529 quidem
2585 4471 2762 4526 neque
2821 4456 3022 4509 bonum
3082 4465 3257 4520 neque
3314 4449 3513 4502 malum
3540 4486 3555 4510 ,

294 4543 597 4617 ἐπιτρέψας
628 4543 684 4596 δὲ
718 4542 796 4613 τῷ
827 4542 1076 4612 λογισμῷ
1112 4543 1204 4595 τοῦ
1247 4544 1552 4614 κρείττονος
1585 4542 1683 4616 τὴν
1726 4544 1876 4615 αἵρεε

296 4652 402 4688 σιν.
439 4635 502 4687 Εἰ
543 4635 597 4687 δέ
643 4652 723 4687 τοι
787 4636 911 4706 μήτ’
956 4635 1160 4703 ἀγαθὸν
1193 4637 1329 4708 μητὲ
1362 4637 1555 4701 κακὸν,
1587 4637 1638 4690 τί
1661 4636 1725 4691 ἂν
1765 4637 1873 4709 εἴη,

293 4727 482 4781 λοιπὸν
512 4727 777 4800 ζητεῖται.

349 4861 674 4935 ΐΣκοπητεον
706 4877 767 4919 το
807 4866 978 4934 βραχύ
1023 4866 1236 4916 παιδιον
1265 4865 1329 4933 τῇ
1363 4879 1472 4915 των
1500 4863 1687 4932 ἄκρων
1724 4878 1876 4916 αναι-

297 4957 445 5030 ρὲσει
467 4955 886 5027 γνωριζόμενον,
907 4955 1049 5024 λέγω
1074 4953 1136 5026 δὴ
1165 4954 1274 5008 οὔτ’
1299 4954 1501 5023 ἀγαθὸν
1523 4953 1646 5008 οὔτε
1673 4955 1839 5008 κακόν
1860 4972 1872 4984 ’

291 5051 326 5120 η
362 5049 461 5120 μὲν
505 5047 614 5121 γὰρ
657 5048 815 5101 οὐσία
859 5047 1049 5102 τούτου
1098 5047 1269 5119 καλήν
1316 5047 1377 5100 τὸ
1419 5047 1476 5101 δὲ
1515 5049 1634 5101 κατ’
1675 5047 1876 5118 ἀρετὴν

290 5149 498 5217 ἀγαθὸν
547 5148 701 5204 οὕπω
754 5149 1139 5222 προσείληφεν.
1200 5146 1358 5201 Οὕτω
1415 5147 1479 5219 δὴ
1528 5148 1622 5201 καὶ
1677 5146 1876 5217 χρυσὸς

291 5245 455 5315 φύσει
489 5244 680 5307 καλόςο
723 5243 868 5314 λόγῳ
911 5244 968 5297 δὲ
1013 5244 1212 5315 ἀρετῆς
1259 5243 1358 5295 οὐκ
1403 5242 1626 5311 ἀγαθὸς,
1671 5241 1876 5311 ἄψυχος

291 5339 398 5391 ὧν·
435 5337 530 5390 καὶ
581 5337 718 5391 λίθοι
763 5338 936 5409 τίμιοι
980 5336 1405 5409 παραπλησίως,
1452 5335 1546 5388 καὶ
1585 5334 1762 5388 πάντα
1807 5333 1874 5387 τὰ

286 5429 442 5492 ὄντα,
477 5429 708 5483 ἕκαστον
751 5430 892 5483 κατὰ
931 5429 993 5482 τὸ
1036 5429 1166 5482 ἴδιον
1200 5430 1258 5482 ἐν
1300 5428 1419 5498 ὄψει
1467 5426 1680 5490 κάλλος.
1717 5426 1874 5480 Κατὰ

287 5523 354 5594 δὴ
386 5523 576 5577 τοῦτον
612 5524 702 5576 τὸν
742 5523 900 5593 λόγον
953 5523 1049 5576 καὶ
1098 5521 1382 5593 ἄνθρωπος
1407 5539 1419 5552 ο
1453 5520 1614 5584 καλὸς
1646 5521 1744 5591 μὲν
1786 5521 1878 5574 καὶ

289 5617 411 5671 λίαν
445 5617 609 5680 καλὸς
641 5617 796 5689 οὐσία
823 5634 881 5670 τε
906 5618 1001 5670 καὶ
1033 5614 1181 5686 αὐτῷ
1204 5614 1281 5685 τῷ
1305 5609 1441 5669 εἶναι
1463 5633 1476 5645 ·
1505 5615 1564 5668 τὸ
1595 5615 1650 5668 δὲ
1673 5613 1874 5683 ἀγαθὸν

291 5711 354 5766 τὸ
385 5710 476 5766 διὰ
527 5711 696 5781 μόνης
741 5710 943 5781 ἀρετῆς
991 5708 1418 5782 προσγινόμενον
1477 5707 1622 5777 πόνῳ
1658 5707 1870 5760 κτᾶται.

295 5804 388 5858 Διὸ
415 5803 546 5867 Θεὸς
589 5804 676 5857 ἐπ’
730 5802 878 5874 αὐτῷ
922 5799 1060 5858 εἶναι
1109 5801 1264 5856 τοῦτο
1311 5799 1648 5872 πεποίηκεν
1690 5801 1736 5852 εἰ
1783 5795 1874 5852 οὗν

1980 4555 2329 4609 committens
2381 4549 2580 4605 rationi
2637 4546 2960 4602 electionem
3022 4542 3282 4597 melioris.
3337 4539 3392 4594 Si
3428 4554 3557 4594 vero

1981 4662 2161 4719 neque
2193 4645 2396 4700 bonum
2445 4657 2622 4712 neque
2653 4641 2879 4700 malum,
2911 4638 3178 4709 quaeritur
3203 4634 3336 4705 quid
3364 4640 3554 4689 restet.

2053 4864 2500 4923 Considerandus
2528 4871 2611 4918 est
2639 4878 2772 4933 puer
2801 4877 3001 4932 parvus
3026 4901 3040 4924 ,
3091 4861 3143 4913 in
3182 4874 3289 4928 quo
3317 4859 3561 4912 cernitur

1991 4963 2280 5030 utriusque
2310 4958 2540 5012 extremi
2581 4955 2876 5026 ademptio,
2905 4953 2958 5008 id
2987 4961 3091 5017 est,
3119 4966 3297 5022 neque
3330 4952 3556 5008 bonum.

1980 5069 2157 5122 neque
2187 5051 2388 5105 malum
2419 5064 2541 5103 esse
2582 5047 2892 5104 substantia
2915 5045 3060 5100 enim
3087 5043 3251 5112 hujus
3284 5042 3425 5095 bona
3450 5048 3558 5100 est,

1980 5146 2277 5202 bonitatem
2322 5159 2453 5199 vero
2503 5139 2806 5198 sccundum
2838 5139 3092 5192 virtutem
3138 5133 3380 5190 nondum
3417 5133 3560 5186 asci-

1979 5241 2078 5294 vit.
2110 5239 2200 5294 Sic
2232 5239 2359 5292 item
2393 5247 2445 5292 et
2499 5250 2691 5289 aurum
2725 5233 2928 5288 bonum
2960 5237 3046 5286 est
3082 5236 3308 5295 natura;
3349 5225 3560 5279 ratione

1981 5349 2108 5387 vero
2142 5331 2362 5385 virtutis
2390 5344 2498 5384 non
2527 5335 2612 5382 est
2639 5327 2864 5387 bonum,
2896 5339 3020 5378 cum
3060 5323 3132 5377 sit
3166 5319 3557 5384 inanimatam:

1981 5425 2236 5482 similiter
2292 5422 2514 5494 pretiosi
2578 5418 2807 5490 lapides,
2862 5426 2916 5473 et
2985 5416 3168 5471 oumia
3225 5429 3346 5484 quae
3405 5419 3556 5475 sunt,

1980 5515 2405 5586 unumquodque
2449 5510 2749 5568 secundum
2778 5507 3055 5579 propriam
3083 5508 3136 5561 in
3177 5509 3403 5575 aspectu
3435 5503 3558 5572 pul-

1978 5610 2364 5666 chritudinem.
2401 5606 2512 5660 llas
2544 5604 2752 5658 ratione
2784 5601 2946 5655 homo
2989 5600 3153 5654 etiam
3189 5595 3418 5668 pulcher
3448 5599 3555 5657 est,

1979 5701 2136 5756 valde
2186 5699 2410 5769 pulcher
2469 5694 2778 5752 substantia
2834 5701 2888 5748 et
2933 5690 3173 5748 essentia
3205 5689 3326 5760 ipsa
3405 5684 3560 5738 boni-

1978 5811 2061 5851 tas
2120 5808 2248 5850 vero
2291 5808 2388 5863 per
2432 5791 2602 5847 solam
2658 5789 2912 5844 virtutem
2986 5785 3272 5841 ascisritur
3305 5821 3320 5847 ,
3370 5780 3560 5834 labore
