4072 6338
591 322 727 378 1139

1751 322 1887 376 τιτι
1929 323 2358 381 aosrnsxsxs
2399 294 2698 381 muscum

3670 330 3779 384 tuo

587 448 963 512 comparatur.
994 439 1200 495 ldcirco
1242 438 1368 495 fecit
1397 441 1563 509 Deus,
1597 454 1655 500 ut
1677 446 1780 502 hoc
1808 447 1861 501 in
1894 456 2163 519 potestate
2193 508 2195 514 ,

2193 459 2234 516 Α
2265 451 2429 505 ἔδωκε
2463 452 2559 520 μὲν
2588 448 2685 521 τὴν
2713 448 2983 513 ἐξουσίαν,
3012 449 3072 502 οὐ
3107 446 3473 520 προεντέθεικε
3493 448 3546 502 δὲ
3571 451 3631 521 τῇ
3653 453 3778 521 φύσει

587 531 710 601 ejus
737 533 903 586 situm
941 540 1127 587 esset:
1169 532 1214 587 si
1267 532 1434 603 igitur
1465 546 1787 605 potestatem
1819 541 2036 610 quidem
2066 541 2155 597 de-

586 622 760 679 disset
791 622 957 687 Deus.
983 638 1093 678 non
1140 632 1321 678 autem
1356 637 1567 684 natura:
1601 630 1927 699 praefecisset
1974 633 2161 703 cogni-

588 715 790 769 tionem
819 716 1041 774 virtutis
1069 726 1123 774 et
1152 719 1291 784 vitii,
1324 721 1471 776 visus
1503 730 1649 776 esset
1680 739 1882 778 caecum
1918 724 2158 795 aurigam

585 808 774 862 currui
801 810 1153 867 velocissimo
1184 814 1485 884 praeficere.
1524 812 1621 869 Sin
1653 831 1783 871 vero
1813 817 1974 871 ambo
1997 816 2159 873 simul

588 900 957 966 commiscuit,
986 912 1309 972 potestatem
1357 907 1423 961 ad
1474 907 1857 962 asciscendum
1882 909 2029 979 quod
2056 923 2164 965 me-

588 990 696 1047 lius
738 999 845 1058 est,
887 1003 940 1049 et
970 997 1354 1065 cogitationem
1388 997 1454 1052 ad
1491 999 1906 1055 discernendam
1936 1008 1989 1055 et
2041 1016 2163 1055 mu—

588 1083 846 1139 niendam
904 1086 1261 1155 electionem;
1317 1089 1582 1145 artificem
1640 1092 1858 1161 quidem
1922 1093 2165 1164 aurigam

591 1188 826 1235 mentem
853 1179 1141 1237 adhibuit:
1173 1182 1289 1238 haec
1328 1191 1510 1239 autem
1546 1197 1768 1238 currum
1804 1194 2013 1240 natura:
2060 1185 2172 1241 sal-

2264 544 2363 615 τὴν
2393 544 2590 613 γνῶσιν
2624 544 2826 616 ἀρετῆς
2869 562 2928 598 τε
2959 544 3054 597 καὶ
3091 544 3304 609 κακίας,
3340 543 3530 613 τυφλὸν
3555 542 3616 596 ἂν
3640 543 3782 608 ἔδοξεν

2268 636 2476 705 ἡνίοχον
2520 637 2744 708 ὲῳιστᾷν
2789 637 2994 708 ἅρματι
3044 633 3317 706 ὀξυτάτῳ’
3356 635 3404 686 εί
3444 634 3498 687 δέ
3540 632 3645 705 ἅμα
3687 651 3783 688 συν-

2267 727 2526 798 εκέρασεν
2551 727 2737 797 ἄμφω,
2788 726 3037 791 ἐξουσίαν
3080 743 3138 778 τε
3173 725 3306 797 πρὸς
3350 724 3535 795 κτῆσιν
3568 724 3653 777 τοῦ
3682 725 3785 777 καλ-

2268 817 2459 881 λίονος,
2497 820 2590 871 καὶ
2620 817 2818 886 γνῶσιν
2857 818 2993 889 πρὸς
3034 816 3299 888 διάκρισιν
3344 815 3437 869 καὶ
3482 815 3609 886 πρὸς
3648 815 3787 883 ἀσσά-

2269 911 2415 964 λειαν
2447 913 2546 982 τῆς
2594 911 2857 983 αἱρέσεως
2878 926 2891 938 ·
2917 909 3166 981 τεχνίτην
3198 909 3295 980 μὲν
3328 907 3685 980 προσανέδειξε
3716 908 3785 959 τὸν

2271 1003 2483 1073 ἡνίοχον
2514 1000 2638 1055 νοῦν
2662 1018 2675 1031 ·
2729 1001 2913 1056 ἐλάσει
2957 1002 3013 1056 δέ
3057 1002 3194 1055 σῶον
3234 994 3389 1065 οὗτος
3428 1000 3487 1054 τὸ
3535 999 3672 1073 ἅρμα

2276 1091 2521 1161 φύσεως·
2564 1090 2678 1160 εἴγε
2710 1093 2818 1164 μὴ,
2854 1091 3106 1156 ὑπνώσας
3171 1091 3314 1145 κατὰ
3354 1091 3415 1144 τὸ
3445 1088 3672 1155 στάδιον,
3705 1087 3787 1141 ὑπὸ

2277 1182 2386 1235 τῶν
2408 1181 2608 1254 ἡδονῶν
2635 1183 2980 1254 ἀναϐληθείη.

591 1288 716 1328 vum
751 1282 805 1329 et
838 1275 1165 1331 incolumem
1208 1276 1470 1348 agitabit;
1514 1277 1620 1331 nisi
1669 1293 1921 1333 somnum
1968 1278 2023 1333 in
2051 1278 2227 1334 stadio
2249 1277 2491 1347 capiens,
2522 1291 2551 1330 a
2579 1276 2945 1346 voluptatibus
2970 1276 3310 1333 deturbetur.

815 1435 945 1490 Car.
982 1434 1071 1491 IV.
1118 1435 1291 1490 Homo
1316 1436 1478 1491 bonus
1503 1445 1553 1490 et
1580 1437 1755 1491 malus
1776 1452 1839 1490 ex
1860 1438 2150 1506 proposito.
2182 1437 2499 1508 Beneﬁcium
2529 1446 2605 1492 est
2632 1437 2852 1502 homini,
2883 1452 3033 1504 posse
3060 1436 3340 1490 admittere
3359 1444 3631 1506 peceatum.

667 1591 981 1647 Substantia
1013 1592 1230 1663 quidem
1269 1601 1323 1649 et
1357 1601 1550 1648 natura
1581 1594 1809 1664 pulcher
1847 1603 1931 1650 est
1965 1595 2162 1660 homo,

595 1694 654 1739 ut
676 1701 889 1749 aurum,
920 1693 980 1740 ut
1009 1685 1147 1757 lapis
1194 1685 1469 1756 pretiosus
1498 1727 1513 1751 ,
1563 1694 1621 1741 ut
1653 1701 1791 1757 opus
1825 1686 1952 1753 Dei;
1989 1688 2166 1744 bonus

594 1792 744 1842 vero,
771 1787 863 1831 aut
894 1784 1083 1832 contra
1136 1779 1330 1843 malus,
1376 1779 1690 1848 proposito:
1728 1778 1841 1834 hrcc
1890 1778 2035 1833 enim
2066 1779 2164 1833 ad-

590 1872 777 1938 jacent
810 1870 860 1926 ei
903 1878 1163 1941 tanquam
1217 1887 1340 1942 qua:
1394 1871 1509 1927 fieri
1556 1879 1810 1943 possunt.
1866 1871 2171 1939 Qualitates

594 1977 723 2018 vero
752 1961 1049 2018 adveniunt
1082 1970 1136 2017 et
1168 1962 1575 2034 adjunguntur,
1611 1961 1913 2018 secundum
1950 1962 2173 2017 institu-

594 2061 711 2111 tum
758 2068 869 2125 quo
900 2053 1119 2108 ducitur
1140 2094 1155 2120 ,
1189 2061 1242 2107 et
1274 2054 1577 2109 secundum
1622 2053 1941 2108 electionem
1973 2067 2172 2123 propo-

596 2144 721 2213 siti;
755 2152 814 2199 ut
852 2143 1096 2216 nequitia
1126 2158 1248 2214 qua:
1303 2145 1360 2199 in
1394 2144 1609 2200 actione
1648 2144 1903 2200 consistit
1952 2143 2130 2198 solum
2154 2184 2169 2206 ,

596 2245 725 2293 ante
755 2237 1023 2291 actionem
1058 2250 1168 2291 non
1207 2237 1426 2292 exsistit
1482 2252 1579 2307 per
1632 2236 1712 2292 se.
1763 2234 1935 2290 Habet
1990 2244 2171 2291 tamen

596 2330 762 2386 homo
796 2336 1121 2400 potestatem
1157 2327 1415 2398 nequitia:
1438 2368 1452 2393 ,
1509 2343 1673 2398 quam
1707 2335 1887 2398 potest
1918 2327 2170 2397 operari:

598 2422 782 2483 habet,
820 2421 1064 2490 inquam,
1101 2426 1424 2491 potestatem
1470 2419 1613 2488 ejus,
1640 2432 1748 2472 non
1781 2428 1839 2473 ut
1870 2433 1990 2473 eam
2041 2431 2173 2487 ope-

597 2521 768 2575 retur,
788 2512 897 2567 -sed
931 2519 989 2566 ut
1018 2527 1127 2567 non
1169 2527 1402 2581 operans
1428 2527 1545 2568 eam
1568 2552 1582 2577 ,
1620 2513 1861 2583 optimus
1889 2519 2169 2582 appareat.

599 2603 658 2658 Si
691 2603 834 2659 enim
868 2619 975 2659 non
1012 2613 1156 2660 esset
1181 2620 1349 2675 penes
1378 2620 1502 2661 eum
1539 2606 1701 2669 actio,
1730 2604 2008 2659 videretur
2038 2604 2172 2659 sub-

600 2699 680 2752 ire
702 2696 1053 2752 invidentiam
1083 2695 1363 2753 Creatoris
1384 2737 1398 2761 ,
1441 2704 1501 2751 ut
1554 2696 1779 2752 haberet
1811 2695 2170 2767 impedimen-

598 2798 713 2845 tum
750 2789 1195 2860 approbationis,
1245 2797 1299 2844 et
1342 2789 1704 2860 privationem
1754 2789 2055 2855 libertatis;
2111 2796 2171 2841 ut

597 2882 693 2951 qui
723 2896 831 2936 non
859 2881 1084 2936 haberet
1129 2880 1184 2934 in
1239 2888 1508 2950 potestate
1537 2897 1638 2937 sua
1680 2881 1846 2936 situm
1868 2919 1883 2944 ,
1920 2889 1981 2935 ut
2024 2887 2171 2936 esset

599 2974 810 3041 bonus;
841 2985 901 3028 ut
942 2973 1056 3043 jam
1087 2972 1331 3031 conditio
1361 2981 1653 3045 partesque
1685 2981 1916 3038 naturas,
1948 2989 2069 3044 quae
2114 2973 2168 3028 in

599 3065 821 3120 homine
868 3063 1156 3121 inferiores
1186 3066 1472 3134 videntur,
1531 3068 1815 3123 verissime
1860 3066 2170 3136 superiores

2342 1597 2514 1668 Οὐσίᾳ
2533 1598 2633 1668 μὲν
2648 1599 2741 1651 καὶ
2759 1597 2919 1667 φύσει
2935 1596 3220 1668 ἄνθρωπος
3232 1594 3417 1660 καλὸς.
3438 1593 3712 1664 ὠςχρυσὸς.
3727 1591 3787 1653 ὡς

2270 1686 2417 1753 λίθος
2446 1689 2642 1757 τίμιος,
2664 1689 2739 1753 ὡς
2763 1689 2923 1760 ἔργον
2949 1688 3084 1742 Θεοῦ
3104 1705 3117 1718 ·
3154 1687 3359 1756 ἀγαθὸς
3395 1686 3453 1740 δὲ
3475 1686 3507 1757 ἦ
3532 1684 3790 1740 τούναντίον

2274 1781 2439 1844 κακὸς
2460 1780 2743 1853 προθέσει·
2760 1780 2934 1834 ταῦτα
2958 1780 3067 1851 γὰρ
3091 1778 3241 1849 αὐτῷ
3271 1778 3593 1849 παράκειται
3608 1777 3709 1849 μὲν,
3731 1776 3789 1839 ὡς

2273 1870 2580 1941 πραχθῆναι
2597 1869 2888 1940 δυνάμενα·
2917 1868 3028 1941 (26)
3051 1868 3338 1940 ποιότητες
3366 1869 3500 1921 είσιν
3515 1865 3789 1937 ἐπισνμὸαί-

2272 1975 2481 2021 νουσαι,
2518 1958 2657 2012 κατὰ
2689 1960 2789 2029 τὴν
2821 1957 3179 2029 ἐγγινομένην
3213 1956 3439 2028 ἀγωγὴν
3472 1955 3667 2028 καὶτῆς
3690 1973 3788 2029 προ-

2275 2052 2475 2115 θέσεως
2507 2052 2717 2121 αἰρεσιν
2737 2068 2752 2083 ·
2779 2050 2854 2115 ὡς
2884 2052 2983 2123 τὴν
3006 2051 3203 2105 κακίαν
3226 2053 3286 2106 ἐν
3316 2050 3509 2122 πράξει
3531 2050 3672 2120 μόνον
3696 2066 3790 2102 συν-

2276 2144 2589 2214 ισταμένην,
2616 2143 2741 2213 πρὶν
2767 2143 3096 2215 πραχθῆναι,
3128 2142 3203 2214 μὴ
3233 2143 3527 2212 ὑφεστάναι
3545 2158 3557 2171 δ
3586 2138 3788 2205 ἐξουσίαν

2276 2236 2456 2307 μέντοι
2486 2236 2599 2307 ἔχει
2632 2236 2827 2297 κακίας
2854 2237 2882 2290 6
2908 2235 3192 2308 ἄνθρωπος
3227 2234 3328 2305 τῆς
3356 2234 3644 2306 πραχθῆναι
3664 2233 3785 2285 δυνα-

2276 2328 2476 2399 μένης,
2516 2329 2611 2399 οὐχ
2647 2328 2730 2383 ἵνα
2769 2326 2951 2400 πράξῃ
2983 2326 3220 2400 ταύτην,
3256 2326 3372 2381 ἀλλ’
3406 2327 3490 2381 ῐνα
3524 2326 3592 2398 μὴ
3621 2323 3785 2397 πράξας

2272 2421 2492 2493 ἄριστος
2514 2422 2825 2494 ἁναδειχθῇ.
2853 2423 2916 2476 Et
2943 2422 3051 2493 γὰρ
3089 2420 3248 2475 τοῦτο
3286 2421 3537 2493 πράττειν
3565 2419 3651 2488 τὴν
3671 2417 3786 2482 ἐξου-

2274 2515 2395 2568 σίαν
2427 2514 2526 2568 οὐκ
2551 2510 2685 2585 εἶχε,
2712 2514 2903 2583 φθόνον
2927 2513 2992 2568 ἂν
3020 2512 3195 2580 ἔδοξεν
3226 2513 3450 2584 ὑπέχειν
3473 2511 3559 2564 τοῦ
3577 2510 3783 2580 δημιουρ-

2271 2605 2368 2676 γοῦ
2396 2607 2531 2677 πρὸς
2571 2606 2823 2678 ἐμπόδιον
2856 2606 3281 2678 εὐδοκιμήσεως,
3312 2604 3557 2677 καὶπρὸς
3585 2600 3783 2674 στέρησιν

2272 2697 2730 2771 ἐλευθεριότητος,
2764 2698 2840 2762 ὡς
2873 2699 2974 2751 οὐκ
3001 2697 3139 2768 ἔχων
3173 2698 3259 2766 ἐφ’
3290 2696 3469 2767 ἐαυτῷ
3504 2695 3561 2747 τὸ
3585 2689 3783 2762 γενέσθαι

2270 2790 2503 2860 ἀγαθός·
2559 2790 2635 2853 ὡς
2683 2788 2744 2843 τὸ
2797 2788 2988 2842 δοκοῦν
3045 2791 3194 2861 μεῖον
3248 2787 3439 2859 κτῆμα
3485 2784 3782 2857 ἀληθέστατον

2269 2886 2554 2957 τυγχάνειν
2603 2885 2702 2955 τῆς
2738 2883 2954 2953 φύσεως
2998 2883 3402 2955 πλεονέκτημα.
3447 2880 3555 2936 Νῦν
3588 2880 3664 2950 μὲν
3694 2874 3778 2943 γὰρ

2268 2980 2469 3048 ἣκιστα
2482 2976 2617 3047 πρὸς
2636 2975 2756 3046 βίαν
2771 2980 2804 3049 ἡ
2820 2976 2986 3031 κακία
3000 2976 3212 3031 ἔπεισιν
3239 2975 3413 3045 αὐτῷ,
3436 2974 3509 3045 μὴ
3525 2974 3625 3027 κατ’
3637 2967 3781 3022 οὐσίαν

2271 3070 2610 3143 ὑπάρχουσα·
2634 3072 2681 3123 εί
2701 3069 2756 3122 δὲ
2776 3069 2849 3139 μὴ
2872 3064 3014 3141 εἶχεν
3031 3068 3280 3134 ἐξουσίαν
3297 3068 3488 3139 αὐτῆς,
3504 3066 3594 3120 οὐκ
3609 3062 3662 3116 ἂν
3675 3056 3785 3129 εἶχεν

598 3169 665 3209 ac
700 3154 1029 3211 valentiores
1052 3164 1258 3211 essent.
1284 3155 1441 3211 Nunc
1470 3163 1650 3211 autem
1679 3156 1921 3227 nequitia
1947 3156 2170 3213 minime
2196 3182 2206 3229 ε

2196 3173 2240 3235 c
2272 3162 2355 3230 ἐφ’
2385 3160 2561 3233 ἐαυτῷ
2596 3160 2656 3215 τὸ
2688 3159 2908 3230 φεύγειν
2934 3161 3123 3233 αὐτὴν·
3154 3159 3347 3230 φεύγει
3379 3158 3485 3230 γὰρ
3528 3156 3614 3225 οὐχ
3648 3153 3706 3213 ὡς
3738 3148 3780 3199 δν

600 3265 698 3320 per
716 3250 826 3304 vim
855 3248 1021 3313 subit,
1047 3263 1171 3303 cum
1201 3263 1312 3302 non
1335 3247 1407 3304 sit
1438 3248 1739 3304 secundum
1769 3247 2165 3303 substantiam:

599 3341 727 3400 etsi
767 3341 930 3397 homo
959 3356 1067 3397 non
1097 3340 1320 3397 haberet
1347 3340 1467 3411 ejus
1507 3347 1855 3411 potestatem,
1881 3354 1991 3395 non
2021 3346 2168 3397 esset
2206 3357 2371 3412 penes
2410 3361 2531 3399 eum
2566 3344 2753 3416 fugere
2814 3360 2932 3400 eam

2276 3252 2337 3305 τὸ
2354 3252 2427 3324 μὴ
2442 3251 2521 3317 ὃν,
2541 3251 2653 3305 ἀλλ’
2670 3252 2746 3316 ὡς
2765 3252 2855 3305 ὑπ’
2868 3250 3033 3306 αὐτοῦ
3053 3249 3310 3320 γενέσθαι
3334 3250 3631 3319 δυνάμενον.

2996 3364 3009 3400 :
3066 3342 3201 3416 fugit
3253 3343 3399 3399 enim
3444 3356 3545 3397 non
3581 3345 3777 3407 tauquam

599 3430 831 3488 exsistat
875 3431 1022 3503 quod
1082 3445 1193 3486 non
1222 3432 1450 3496 exstitit,
1487 3431 1585 3488 sed
1621 3437 1881 3503 tauquam
1919 3430 1972 3486 id
2020 3431 2166 3498 quod
2205 3435 2273 3490 ab
2307 3435 2425 3507 ipso
2456 3435 2570 3491 tieri
2598 3443 2796 3508 potest.

671 3549 957 3615 Quomodo
987 3558 1167 3605 autem
1198 3549 1292 3620 qui
1322 3547 1436 3604 odit
1465 3549 1668 3605 malum
1689 3589 1704 3615 ,
1735 3549 1880 3620 quod
1913 3550 2177 3622 optimum

600 3652 685 3701 est
705 3652 985 3714 comparet
1026 3642 1134 3697 nisi
1163 3642 1295 3696 illud
1342 3643 1488 3713 quod
1520 3642 1699 3697 facere
1729 3652 1961 3713 poterat,
1989 3643 2179 3699 volens

600 3733 922 3801 recusaret?
973 3733 1148 3791 virtus
1196 3735 1341 3790 enim
1380 3734 1455 3788 -in
1503 3733 1820 3788 hominibus
1851 3749 1987 3803 pene
2042 3734 2179 3789 nihil

602 3827 753 3883 aliud
782 3837 868 3884 est
899 3842 1063 3898 quam
1103 3827 1377 3883 recusatio
1409 3842 1472 3881 ac
1522 3826 1817 3882 declinatio
1849 3828 1967 3881 vitii
1994 3845 2007 3881 :
2040 3837 2172 3883 tem-

604 3926 825 3990 peratus
853 3920 998 3974 enim
1029 3924 1144 3983 est,
1188 3918 1281 3990 qui
1311 3934 1420 3972 non
1447 3926 1531 3972 est
1560 3918 1966 3990 intemperans;
1994 3927 2048 3974 et
2085 3919 2175 3988 ju-

600 4015 746 4072 stus,
776 4009 869 4081 qui
920 4023 1026 4064 non
1068 4016 1153 4065 est
1198 4008 1472 4079 injustas;
1522 4016 1576 4063 et
1633 4009 1885 4064 similiter
1928 4009 1986 4063 in
2030 4009 2172 4066 aliis.

604 4100 748 4157 Deus
779 4101 924 4156 enim
960 4100 1137 4156 bonus
1170 4109 1277 4162 est,
1298 4114 1407 4155 non
1444 4099 1572 4170 quia
1595 4114 1702 4154 non
1731 4098 1863 4155 facit
1893 4099 2174 4169 injuriam,

603 4191 823 4246 tametsi
853 4191 1061 4261 possit;
1104 4189 1198 4245 sed
1233 4190 1360 4260 quia
1394 4190 1735 4245 solummodo
1760 4192 2033 4247 beneﬁcus
2055 4198 2171 4246 est:

604 4282 954 4350 quamobrem
1004 4280 1154 4337 solus
1203 4290 1287 4338 est
1322 4282 1519 4337 bonus.
1570 4280 1631 4337 ln
1686 4282 1999 4339 hominibus
2047 4297 2176 4339 vero

603 4375 805 4429 bonum
855 4390 921 4429 ex
955 4371 1082 4445 fuga
1133 4376 1257 4429 mali
1296 4373 1531 4446 primum
1587 4374 1840 4442 exsistit;
1889 4374 2051 4445 cujus
2080 4390 2180 4446 po-

2354 3551 2478 3617 Πῶς
2511 3552 2557 3606 δ’
2584 3552 2649 3608 ἂν
2668 3553 2729 3606 τὸ
2754 3552 3049 3624 μισόκακον
3078 3552 3349 3623 ἐκτήσατο
3374 3534 3723 3604 κάλλιστον’ῦν,
3743 3536 3777 3586 εί

2287 3644 2382 3715 μὴ,
2406 3637 2517 3709 οἷός
2545 3661 2603 3697 τε
2641 3643 2716 3697 ὢν
2746 3642 2969 3697 τοιαῦτα
3011 3642 3292 3714 πράττειν,
3340 3640 3479 3696 ἑκὼν
3516 3634 3779 3708 παρῃτεῖωὶ

2280 3737 2449 3807 ἀρετὴ
2491 3735 2600 3809 γὰρ
2642 3736 2699 3790 ἐν
2728 3734 3032 3807 ἀνθρώποις
3064 3734 3247 3805 σχεδὸν
3292 3734 3441 3789 οὐδὲν
3478 3723 3782 3802 ἐτερονῆκασ

2282 3827 2405 3891 κίας
2436 3829 2765 3900 παραίτησις
2784 3844 2797 3858 ⁸
2834 3826 3066 3898 σώφρων
3092 3826 3200 3898 γὰρ
3228 3828 3257 3880 ὁ
3293 3827 3367 3899 μὴ
3398 3824 3689 3879 ἀκόλαςτος
3714 3809 3785 3865 καὶ

2278 3920 2486 3983 δίκαιος
2509 3922 2537 3974 ὁ
2567 3919 2643 3992 μὴ
2673 3920 2876 3985 ἄδικος,
2913 3921 3007 3975 καὶ
3050 3919 3219 3973 τᾶλλα
3263 3912 3652 3991 παραπλησίως.
3686 3902 3781 3961 θεὸς

2283 4012 2382 4083 μὲν
2413 4012 2521 4083 γὰρ
2560 4011 2764 4080 ἀγαθὸς
2805 4012 2865 4065 οὐ
2908 4011 2986 4082 τῷ
3024 4010 3099 4083 μὴ
3138 4011 3368 4073 ἀδικεῖν,
3390 4011 3436 4062 εί
3482 4004 3567 4059 καὶ
3594 4002 3780 4054 δύναται.

2282 4103 2416 4157 ἀλλὰ
2439 4103 2518 4174 τῷ
2546 4104 2705 4173 μόνον
2733 4105 3039 4176 εὐεργετεῖν
3060 4120 3074 4133 ο
3114 4103 3194 4156 διὸ
3226 4104 3321 4156 καὶ
3353 4100 3504 4173 μόνος
3526 4090 3694 4163 ἀγαθός
3709 4103 3720 4116 ·
3740 4083 3782 4135 έν

2282 4195 2590 4265 ἀνθρώποις
2610 4196 2666 4249 δὲ
2685 4195 2746 4249 τὸ
2770 4196 2972 4265 ἀγαθὸν
2998 4195 3216 4267 πρῶτον
3240 4197 3306 4267 τῇ
3332 4194 3471 4264 φυγῇ
3490 4187 3575 4243 τοῦ
3598 4182 3782 4267 χείροῆς

2285 4286 2633 4343 συνίσταται·
2691 4282 2751 4343 οῦ
2800 4287 2897 4360 τὴν
2947 4286 3193 4352 ἐξουσίαν
3242 4286 3531 4355 ἀναγκαῖον
3577 4266 3783 4360 πειραΞῦ

2286 4379 2429 4445 σθαι,
2462 4381 2528 4434 ἵν’
2557 4382 2651 4435 ἐπὶ⁸
2674 4380 2750 4452 τῷ
2781 4357 3086 4452 βουλομένῳ
3114 4378 3366 4449 γενέσθαι
3393 4370 3570 4443 ἀγαθῷ
3592 4357 3784 4431 τυγχάνῃ

604 4474 854 4523 testatem
886 4481 1109 4524 necesse
1134 4475 1218 4523 est
1249 4482 1372 4523 esse
1392 4465 1439 4521 ei
1470 4466 1563 4536 qui
1594 4466 1709 4521 vult
1736 4481 1859 4521 esse
1887 4466 2088 4531 bonus,
2121 4474 2181 4521 nt

2174 4482 2181 4519 ί
2217 4473 2254 4526 D
2285 4476 2345 4529 τὸ
2378 4474 2455 4546 μὴ
2486 4477 2659 4528 ποιεῖν
2684 4474 2840 4529 αὐτὼ
2874 4474 2977 4527 κᾶν
3003 4470 3374 4544 γάρὸτέλειος
3402 4452 3782 4546 προσαπαιτείται

604 4560 675 4615 sit
704 4573 869 4629 penes
899 4559 1075 4629 ipsum
1137 4574 1243 4615 non
1296 4559 1471 4616 facere
1500 4561 1725 4615 malum.
1781 4556 1897 4613 Etsi
1953 4559 2098 4613 enim
2148 4574 2176 4613 a

603 4650 845 4721 perfecto
878 4661 1071 4721 prmter
1124 4650 1306 4721 fugam
1368 4654 1772 4707 contrariorum
1823 4650 2182 4721 requiruntur

603 4744 766 4800 etiam
795 4746 1070 4808 actiones,
1119 4744 1242 4815 fuga
1278 4752 1458 4801 tamen
1489 4754 1542 4801 et
1572 4743 1866 4799 declinatio
1889 4742 2179 4798 deterioris

604 4838 782 4909 majus
803 4839 932 4909 quid
967 4846 1053 4895 est
1087 4838 1155 4893 ad
1180 4838 1579 4910 probationem.
1628 4836 1766 4891 Hinc
1800 4836 1889 4902 lit,
1934 4844 1995 4891 ut
2032 4834 2175 4906 apud

604 4931 852 4989 homines
881 4946 1042 4987 nemo
1062 4947 1267 4986 vacuus
1296 4946 1325 4985 a
1354 4938 1579 5002 peccato
1603 4928 1942 4999 reperiatur;
1975 4928 2176 4998 quippe

602 5042 729 5082 cum
762 5024 1042 5096 probatior
1069 5026 1141 5080 sit
1160 5025 1323 5080 homo
1354 5032 1576 5094 propter
1604 5022 1973 5079 difﬁcultatem
2005 5019 2177 5076 absti-

602 5119 768 5176 nendi
810 5134 840 5173 a
871 5126 1098 5190 peccato
1130 5138 1143 5173 :
1177 5114 1618 5189 quandoquidem
1677 5115 1782 5170 hoc
1825 5112 2178 5185 potissimum

606 5213 766 5267 modo
796 5213 1040 5283 signatur
1059 5213 1266 5279 virtus;
1294 5211 1562 5266 actionem
1582 5216 1762 5265 autem
1790 5208 1988 5263 bonam
2013 5208 2177 5261 etiam

606 5303 746 5372 apud
775 5303 932 5359 valde
959 5305 1133 5361 malos
1157 5303 1482 5374 reperimus.

672 5395 865 5467 Liquet
894 5398 1060 5469 igitur
1089 5397 1412 5453 beneficium
1456 5412 1580 5453 esse
1608 5394 1816 5451 homini
1852 5401 2175 5465 potestatem

606 5488 934 5558 suscipiendi
985 5499 1302 5561 peccatum;
1347 5505 1376 5544 a
1408 5505 1518 5561 quo
1557 5489 1775 5562 quidem
1807 5504 1867 5543 se
1900 5486 2179 5542 abstinens

2282 4541 2630 4638 stabat-odisti;
2674 4564 2894 4634 ἀγαθῶν
2933 4541 3170 4636 πρὸς-τῇ
3224 4563 3369 4632 φυγῇ
3416 4555 3517 4611 τῶν
3556 4541 3782 4603 ἐναντίωνν

2279 4660 2415 4714 ἀλλὰ
2454 4637 2639 4729 μεῖζον
2682 4660 2760 4723 εἱς
2792 4655 3136 4727 εὐδοκίμησιν
3178 4655 3211 4724 ἡ
3255 4652 3401 4722 φυγὴ
3438 4637 3779 4741 τοῦ-κξίξσνῗῗ

2280 4754 2436 4809 υῦτω
2463 4754 2563 4825 μὲν
2604 4752 2711 4825 γὰρ
2747 4751 2809 4806 τὸ
2865 4750 2962 4822 μὲν
3002 4750 3295 4803 ἄπταιστον
3350 4740 3491 4814 παρὰ
3530 4731 3781 4825 ἀνθρώποξς

2279 4814 2530 4919 οὐδαμίῦς
2585 4814 2736 4919 clipei
2784 4814 2878 4909 et;
2909 4842 3007 4908 ἂν,
3057 4840 3132 4904 ὡς
3177 4832 3585 4909 εὐδοκιμωτέρου
3621 4814 3781 4919 Tvﬂd‘

2280 4914 2460 5004 νον-τος
2479 4940 2567 4993 διὰ
2608 4914 2706 5011 rip:
2734 4937 3051 5008 δυσχέρειαν
3076 4932 3169 4986 τοῦ
3202 4927 3486 5002 ἀπέχεσθαι
3510 4924 3598 4991 τῆς
3636 4914 3777 4980 éimi"

2280 5033 2434 5096 τίας·
2479 5031 2665 5103 ἐπειδὴ
2704 5031 2893 5085 τοῦτον
2928 5028 3156 5100 μάλιστα
3186 5025 3278 5079 τὸν
3317 5022 3512 5093 ’τρόπον
3556 5012 3779 5103 χαρακττξῖ

2286 5087 2491 5195 ρίζεται
2520 5087 2773 5196 ἡάρετὴ·
2805 5087 3004 5195 πρᾶξιν
3036 5120 3093 5174 δὲ
3135 5087 3377 5191 χρηστὴν
3407 5110 3494 5166 καὶ
3529 5095 3659 5170 παρὰ
3693 5087 3778 5143 τοῖς

2280 5215 2401 5268 λίαν
2436 5217 2691 5287 πονηροῖς
2715 5214 3061 5285 εὑρίσκομεν.

2350 5393 2518 5462 Δῆλον
2551 5394 2746 5456 τοίνυν,
2775 5392 2850 5455 ὡς
2893 5393 3175 5464 ἄνθρωπος
3215 5381 3557 5460 εὐεργετεῖται

2284 5485 2372 5555 σία
2413 5454 2511 5535 τοῦ
2568 5454 2938 5553 πλημμελεῖν
2988 5454 3049 5536 οῦ
3082 5498 3144 5550 γε
3201 5454 3553 5549 ἁπεγομενοςν
3587 5454 3666 5512 καὶ
3701 5456 3773 5507 θνκ

675 5642 785 5711 (‘26)
825 5646 1161 5713 Ποιότητες.
1210 5645 1509 5711 Qualitatcs
1554 5644 1815 5701 bonitatis
1861 5642 2071 5700 scilicet
2132 5645 2178 5697 et
2216 5640 2490 5712 nequitiae,
2530 5639 2642 5696 sive
2674 5638 2892 5695 virtutis
2934 5647 2987 5694 et
3019 5638 3154 5703 vitii,
3190 5646 3247 5692 ut
3277 5637 3476 5693 dicatur
3510 5626 3660 5681 bonus
3706 5600 3768 5660 τά

602 5713 800 5768 malus.
844 5713 1015 5767 Tum.
