  <div class='ocr_page' id='page_1' title='image "/cluster/home/n/w/nwhite01/storage/ocr_20150623/18/hvd.32044073501215/580.png"; bbox 0 0 4072 6338; ppageno 0'>
   <div class='ocr_carea' id='block_1_1' title="bbox 331 264 494 344">
    <p class='ocr_par' dir='ltr' id='par_1_1' title="bbox 331 264 494 344">
     <span class='ocr_line' id='line_1_1' title="bbox 331 264 494 344; baseline 0.006 -27"><span class='ocrx_word' id='word_1_1' title='bbox 331 264 494 344; x_wconf 48' lang='grc' dir='ltr'><strong>,ιιιι</strong></span> 
     </span>
    </p>
   </div>
   <div class='ocr_carea' id='block_1_2' title="bbox 1440 245 2536 338">
    <p class='ocr_par' dir='ltr' id='par_1_2' title="bbox 1440 245 2536 338">
     <span class='ocr_line' id='line_1_2' title="bbox 1440 245 2536 338; baseline 0.01 -11"><span class='ocrx_word' id='word_1_2' title='bbox 1440 245 1805 332; x_wconf 70' lang='grc' dir='ltr'><strong>Ᾰυγειιεῑε</strong></span> <span class='ocrx_word' id='word_1_3' title='bbox 1848 277 2266 336; x_wconf 58' lang='grc' dir='ltr'><strong>ιιεαιιῖιιιεοε</strong></span> <span class='ocrx_word' id='word_1_4' title='bbox 2307 279 2434 336; x_wconf 87' lang='lat' dir='ltr'><strong>LIB.</strong></span> <span class='ocrx_word' id='word_1_5' title='bbox 2471 279 2536 338; x_wconf 86' lang='lat' dir='ltr'><strong>ll.</strong></span> 
     </span>
    </p>
   </div>
   <div class='ocr_carea' id='block_1_3' title="bbox 3455 285 3583 341">
    <p class='ocr_par' dir='ltr' id='par_1_3' title="bbox 3455 285 3583 341">
     <span class='ocr_line' id='line_1_3' title="bbox 3455 285 3583 341; baseline 0.008 -4"><span class='ocrx_word' id='word_1_6' title='bbox 3455 285 3583 341; x_wconf 70' lang='grc'><strong>1142</strong></span> 
     </span>
    </p>
   </div>
   <div class='ocr_carea' id='block_1_4' title="bbox 360 381 1905 469">
    <p class='ocr_par' dir='ltr' id='par_1_4' title="bbox 360 381 1905 466">
     <span class='ocr_line' id='line_1_4' title="bbox 360 381 1905 466; baseline 0.008 -31"><span class='ocrx_word' id='word_1_7' title='bbox 360 381 584 455; x_wconf 69' lang='grc' dir='ltr'><strong>ἑτέρως,</strong></span> <span class='ocrx_word' id='word_1_8' title='bbox 619 383 908 458; x_wconf 74' lang='grc' dir='ltr'><strong>εὐδοκιμεῖ.</strong></span> <span class='ocrx_word' id='word_1_9' title='bbox 939 387 1360 462; x_wconf 82' lang='grc' dir='ltr'><strong>Ἐλευθεριότητι</strong></span> <span class='ocrx_word' id='word_1_10' title='bbox 1388 395 1673 466; x_wconf 76' lang='grc' dir='ltr'><strong>τοιγαροῦν</strong></span> <span class='ocrx_word' id='word_1_11' title='bbox 1707 395 1905 466; x_wconf 86' lang='grc' dir='ltr'><strong>τετίμη-</strong></span> 
     </span>
    </p>
   </div>
   <div class='ocr_carea' id='block_1_5' title="bbox 2005 381 3584 469">
    <p class='ocr_par' dir='ltr' id='par_1_5' title="bbox 2020 397 3584 469">
     <span class='ocr_line' id='line_1_5' title="bbox 2020 397 3584 469; baseline -0.001 -15"><span class='ocrx_word' id='word_1_12' title='bbox 2020 406 2297 468; x_wconf 89' lang='lat' dir='ltr'><strong>spectatur</strong></span> <span class='ocrx_word' id='word_1_13' title='bbox 2319 408 2372 453; x_wconf 90' lang='lat' dir='ltr'><strong>et</strong></span> <span class='ocrx_word' id='word_1_14' title='bbox 2404 397 2682 468; x_wconf 73' lang='lat' dir='ltr'><strong>probatur,</strong></span> <span class='ocrx_word' id='word_1_15' title='bbox 2713 405 2766 452; x_wconf 92' lang='lat' dir='ltr'><strong>et</strong></span> <span class='ocrx_word' id='word_1_16' title='bbox 2804 414 2908 452; x_wconf 87' lang='lat' dir='ltr'><strong>non</strong></span> <span class='ocrx_word' id='word_1_17' title='bbox 2955 399 3128 452; x_wconf 86' lang='lat' dir='ltr'><strong>aliter.</strong></span> <span class='ocrx_word' id='word_1_18' title='bbox 3182 398 3373 452; x_wconf 81' lang='lat' dir='ltr'><strong>Libera</strong></span> <span class='ocrx_word' id='word_1_19' title='bbox 3421 401 3584 469; x_wconf 75' lang='lat' dir='ltr'><strong>igitur</strong></span> 
     </span>
    </p>
   </div>
   <div class='ocr_carea' id='block_1_6' title="bbox 357 475 1919 554">
    <p class='ocr_par' dir='ltr' id='par_1_6' title="bbox 357 475 1919 554">
     <span class='ocr_line' id='line_1_6' title="bbox 357 475 1919 554; baseline 0.007 -26"><span class='ocrx_word' id='word_1_20' title='bbox 357 491 447 528; x_wconf 86' lang='grc' dir='ltr'><strong>ται</strong></span> <span class='ocrx_word' id='word_1_21' title='bbox 477 475 790 547; x_wconf 78' lang='grc' dir='ltr'><strong>ἄνθρωπος,</strong></span> <span class='ocrx_word' id='word_1_22' title='bbox 823 480 1022 550; x_wconf 82' lang='grc' dir='ltr'><strong>ἀρετῆς</strong></span> <span class='ocrx_word' id='word_1_23' title='bbox 1065 498 1123 534; x_wconf 85' lang='grc' dir='ltr'><strong>τε</strong></span> <span class='ocrx_word' id='word_1_24' title='bbox 1169 482 1263 534; x_wconf 79' lang='grc' dir='ltr'><strong>καὶ</strong></span> <span class='ocrx_word' id='word_1_25' title='bbox 1291 482 1486 547; x_wconf 88' lang='grc' dir='ltr'><strong>κακίας</strong></span> <span class='ocrx_word' id='word_1_26' title='bbox 1517 485 1718 539; x_wconf 72' lang='grc' dir='ltr'><strong>τούτων</strong></span> <span class='ocrx_word' id='word_1_27' title='bbox 1762 486 1919 554; x_wconf 80' lang='grc' dir='ltr'><strong>φύσει</strong></span> 
     </span>
    </p>
   </div>
   <div class='ocr_carea' id='block_1_7' title="bbox 355 565 1920 648">
    <p class='ocr_par' dir='ltr' id='par_1_7' title="bbox 355 565 1920 648">
     <span class='ocr_line' id='line_1_7' title="bbox 355 565 1920 648; baseline 0.008 -30"><span class='ocrx_word' id='word_1_28' title='bbox 355 565 456 636; x_wconf 85' lang='grc' dir='ltr'><strong>τὴν</strong></span> <span class='ocrx_word' id='word_1_29' title='bbox 491 566 692 635; x_wconf 86' lang='grc' dir='ltr'><strong>γνῶσιν</strong></span> <span class='ocrx_word' id='word_1_30' title='bbox 739 569 896 640; x_wconf 76' lang='grc' dir='ltr'><strong>ἔχων,</strong></span> <span class='ocrx_word' id='word_1_31' title='bbox 950 573 1259 643; x_wconf 63' lang='grc' dir='ltr'><strong>δυναμέτων</strong></span> <span class='ocrx_word' id='word_1_32' title='bbox 1312 575 1637 646; x_wconf 76' lang='grc' dir='ltr'><strong>πραχθῆναι,</strong></span> <span class='ocrx_word' id='word_1_33' title='bbox 1687 579 1814 648; x_wconf 76' lang='grc' dir='ltr'><strong>πρὶν</strong></span> <span class='ocrx_word' id='word_1_34' title='bbox 1863 577 1920 630; x_wconf 85' lang='grc' dir='ltr'><strong>δὲ</strong></span> 
     </span>
    </p>
   </div>
   <div class='ocr_carea' id='block_1_8' title="bbox 359 654 1918 740">
    <p class='ocr_par' dir='ltr' id='par_1_8' title="bbox 359 654 1918 740">
     <span class='ocr_line' id='line_1_8' title="bbox 359 654 1918 740; baseline 0.007 -31"><span class='ocrx_word' id='word_1_35' title='bbox 359 654 668 728; x_wconf 80' lang='grc' dir='ltr'><strong>πραχθῆναι</strong></span> <span class='ocrx_word' id='word_1_36' title='bbox 703 661 776 731; x_wconf 82' lang='grc' dir='ltr'><strong>μὴ</strong></span> <span class='ocrx_word' id='word_1_37' title='bbox 822 661 1016 715; x_wconf 81' lang='grc' dir='ltr'><strong>ὅντων·</strong></span> <span class='ocrx_word' id='word_1_38' title='bbox 1067 664 1167 717; x_wconf 79' lang='grc' dir='ltr'><strong>ποῦ</strong></span> <span class='ocrx_word' id='word_1_39' title='bbox 1201 665 1307 736; x_wconf 83' lang='grc' dir='ltr'><strong>γὰρ</strong></span> <span class='ocrx_word' id='word_1_40' title='bbox 1351 667 1415 720; x_wconf 85' lang='grc' dir='ltr'>ἂν</span> <span class='ocrx_word' id='word_1_41' title='bbox 1447 667 1529 738; x_wconf 74' lang='grc' dir='ltr'><strong>εἴη</strong></span> <span class='ocrx_word' id='word_1_42' title='bbox 1568 668 1628 721; x_wconf 85' lang='grc' dir='ltr'><strong>τὸ</strong></span> <span class='ocrx_word' id='word_1_43' title='bbox 1680 667 1918 740; x_wconf 75' lang='grc' dir='ltr'><strong>πραττόσο</strong></span> 
     </span>
    </p>
   </div>
   <div class='ocr_carea' id='block_1_9' title="bbox 363 748 1920 828">
    <p class='ocr_par' dir='ltr' id='par_1_9' title="bbox 363 748 1920 828">
     <span class='ocr_line' id='line_1_9' title="bbox 363 748 1920 828; baseline 0.006 -29"><span class='ocrx_word' id='word_1_44' title='bbox 363 762 541 815; x_wconf 85' lang='grc' dir='ltr'><strong>μενον,</strong></span> <span class='ocrx_word' id='word_1_45' title='bbox 565 748 656 801; x_wconf 80' lang='grc' dir='ltr'><strong>τοῦ</strong></span> <span class='ocrx_word' id='word_1_46' title='bbox 686 751 1012 818; x_wconf 74' lang='grc' dir='ltr'><strong>πράττοντος</strong></span> <span class='ocrx_word' id='word_1_47' title='bbox 1036 755 1108 825; x_wconf 81' lang='grc' dir='ltr'><strong>μὴ</strong></span> <span class='ocrx_word' id='word_1_48' title='bbox 1132 755 1461 828; x_wconf 80' lang='grc' dir='ltr'><strong>ὑπάρχοντος</strong></span> <span class='ocrx_word' id='word_1_49' title='bbox 1483 774 1496 822; x_wconf 90' lang='lat'><strong>;</strong></span> <span class='ocrx_word' id='word_1_50' title='bbox 1522 757 1678 811; x_wconf 83' lang='grc' dir='ltr'><strong>Ὥστε</strong></span> <span class='ocrx_word' id='word_1_51' title='bbox 1713 758 1920 826; x_wconf 84' lang='grc' dir='ltr'><strong>γίνεται</strong></span> 
     </span>
    </p>
   </div>
   <div class='ocr_carea' id='block_1_10' title="bbox 358 836 1916 921">
    <p class='ocr_par' dir='ltr' id='par_1_10' title="bbox 358 836 1916 921">
     <span class='ocr_line' id='line_1_10' title="bbox 358 836 1916 921; baseline 0.01 -34"><span class='ocrx_word' id='word_1_52' title='bbox 358 836 452 888; x_wconf 63' lang='grc' dir='ltr'><strong>καὶ¹</strong></span> <span class='ocrx_word' id='word_1_53' title='bbox 482 837 794 906; x_wconf 79' lang='grc' dir='ltr'><strong>ἀπογίνεται</strong></span> <span class='ocrx_word' id='word_1_54' title='bbox 826 846 993 898; x_wconf 92' lang='grc' dir='ltr'><strong>κακία</strong></span> <span class='ocrx_word' id='word_1_55' title='bbox 1027 849 1406 919; x_wconf 82' lang='grc' dir='ltr'><strong>πραττομένη,</strong></span> <span class='ocrx_word' id='word_1_56' title='bbox 1455 850 1550 904; x_wconf 75' lang='grc' dir='ltr'><strong>καὶ</strong></span> <span class='ocrx_word' id='word_1_57' title='bbox 1585 851 1678 921; x_wconf 84' lang='grc' dir='ltr'><strong>μή.</strong></span> <span class='ocrx_word' id='word_1_58' title='bbox 1711 851 1916 903; x_wconf 79' lang='grc' dir='ltr'><strong>Αὐτίκα</strong></span> 
     </span>
    </p>
   </div>
   <div class='ocr_carea' id='block_1_11' title="bbox 356 929 1914 1012">
    <p class='ocr_par' dir='ltr' id='par_1_11' title="bbox 356 929 1914 1012">
     <span class='ocr_line' id='line_1_11' title="bbox 356 929 1914 1012; baseline 0.008 -32"><span class='ocrx_word' id='word_1_59' title='bbox 356 929 452 982; x_wconf 76' lang='grc' dir='ltr'><strong>καὶ</strong></span> <span class='ocrx_word' id='word_1_60' title='bbox 483 929 641 995; x_wconf 77' lang='grc' dir='ltr'><strong>Θεὸς,</strong></span> <span class='ocrx_word' id='word_1_61' title='bbox 676 932 876 1001; x_wconf 84' lang='grc' dir='ltr'><strong>ἀγαθὸς</strong></span> <span class='ocrx_word' id='word_1_62' title='bbox 908 933 982 988; x_wconf 80' lang='grc' dir='ltr'><strong>ὢν</strong></span> <span class='ocrx_word' id='word_1_63' title='bbox 1001 979 1015 1002; x_wconf 87' lang='grc'><strong>,</strong></span> <span class='ocrx_word' id='word_1_64' title='bbox 1059 939 1153 990; x_wconf 75' lang='grc' dir='ltr'><strong>καὶ</strong></span> <span class='ocrx_word' id='word_1_65' title='bbox 1194 939 1350 1009; x_wconf 79' lang='grc' dir='ltr'><strong>μόνον</strong></span> <span class='ocrx_word' id='word_1_66' title='bbox 1391 940 1695 1012; x_wconf 75' lang='grc' dir='ltr'>εὐεργετεῖν</span> <span class='ocrx_word' id='word_1_67' title='bbox 1727 941 1882 1004; x_wconf 78' lang='grc' dir='ltr'><strong>εἰδὼς</strong></span> <span class='ocrx_word' id='word_1_68' title='bbox 1901 982 1914 1006; x_wconf 89' lang='grc'><strong>,</strong></span> 
     </span>
    </p>
   </div>
   <div class='ocr_carea' id='block_1_12' title="bbox 354 1019 1917 1103">
    <p class='ocr_par' dir='ltr' id='par_1_12' title="bbox 354 1019 1917 1103">
     <span class='ocr_line' id='line_1_12' title="bbox 354 1019 1917 1103; baseline 0.009 -30"><span class='ocrx_word' id='word_1_69' title='bbox 354 1019 525 1073; x_wconf 74' lang='grc' dir='ltr'><strong>κακὸν</strong></span> <span class='ocrx_word' id='word_1_70' title='bbox 587 1022 684 1092; x_wconf 83' lang='grc' dir='ltr'><strong>μὲν</strong></span> <span class='ocrx_word' id='word_1_71' title='bbox 729 1025 880 1078; x_wconf 79' lang='grc' dir='ltr'><strong>οὐδὲν</strong></span> <span class='ocrx_word' id='word_1_72' title='bbox 931 1025 1062 1098; x_wconf 76' lang='grc' dir='ltr'><strong>δρᾷο</strong></span> <span class='ocrx_word' id='word_1_73' title='bbox 1117 1028 1238 1082; x_wconf 75' lang='grc' dir='ltr'><strong>οὔτε</strong></span> <span class='ocrx_word' id='word_1_74' title='bbox 1287 1030 1343 1084; x_wconf 85' lang='grc' dir='ltr'><strong>δὲ</strong></span> <span class='ocrx_word' id='word_1_75' title='bbox 1411 1033 1601 1102; x_wconf 71' lang='grc' dir='ltr'><strong>ἀγνοίᾳ</strong></span> <span class='ocrx_word' id='word_1_76' title='bbox 1655 1033 1917 1103; x_wconf 79' lang='grc' dir='ltr'><strong>ἀπέχεται</strong></span> 
     </span>
    </p>
   </div>
   <div class='ocr_carea' id='block_1_13' title="bbox 354 1109 1914 1195">
    <p class='ocr_par' dir='ltr' id='par_1_13' title="bbox 354 1109 1914 1195">
     <span class='ocr_line' id='line_1_13' title="bbox 354 1109 1914 1195; baseline 0.011 -35"><span class='ocrx_word' id='word_1_77' title='bbox 354 1109 570 1174; x_wconf 86' lang='grc' dir='ltr'><strong>κακίας,</strong></span> <span class='ocrx_word' id='word_1_78' title='bbox 601 1111 722 1165; x_wconf 81' lang='grc' dir='ltr'><strong>ούτε</strong></span> <span class='ocrx_word' id='word_1_79' title='bbox 767 1113 1034 1187; x_wconf 73' lang='grc' dir='ltr'><strong>ἀδυναμία</strong></span> <span class='ocrx_word' id='word_1_80' title='bbox 1062 1119 1290 1190; x_wconf 80' lang='grc' dir='ltr'><strong>πάμπαν</strong></span> <span class='ocrx_word' id='word_1_81' title='bbox 1324 1123 1649 1192; x_wconf 83' lang='grc' dir='ltr'><strong>κεχώρισται</strong></span> <span class='ocrx_word' id='word_1_82' title='bbox 1691 1123 1914 1195; x_wconf 74' lang='grc' dir='ltr'><strong>ταύτης.</strong></span> 
     </span>
    </p>
   </div>
   <div class='ocr_carea' id='block_1_14' title="bbox 353 1198 1915 1286">
    <p class='ocr_par' dir='ltr' id='par_1_14' title="bbox 353 1198 1915 1286">
     <span class='ocr_line' id='line_1_14' title="bbox 353 1198 1915 1286; baseline 0.011 -36"><span class='ocrx_word' id='word_1_83' title='bbox 353 1198 481 1263; x_wconf 84' lang='grc' dir='ltr'><strong>Πῶς</strong></span> <span class='ocrx_word' id='word_1_84' title='bbox 531 1201 638 1273; x_wconf 80' lang='grc' dir='ltr'><strong>γὰρ</strong></span> <span class='ocrx_word' id='word_1_85' title='bbox 683 1204 864 1272; x_wconf 84' lang='grc' dir='ltr'><strong>ἀγνοεῖ</strong></span> <span class='ocrx_word' id='word_1_86' title='bbox 907 1209 934 1260; x_wconf 87' lang='grc' dir='ltr'>ὁ</span> <span class='ocrx_word' id='word_1_87' title='bbox 978 1207 1240 1266; x_wconf 79' lang='grc' dir='ltr'><strong>διδάσκων</strong></span> <span class='ocrx_word' id='word_1_88' title='bbox 1289 1212 1362 1284; x_wconf 84' lang='grc' dir='ltr'><strong>μὴ</strong></span> <span class='ocrx_word' id='word_1_89' title='bbox 1407 1214 1665 1284; x_wconf 80' lang='grc' dir='ltr'><strong>πράττειν</strong></span> <span class='ocrx_word' id='word_1_90' title='bbox 1712 1216 1915 1286; x_wconf 76' lang='grc' dir='ltr'><strong>αὑτήνς</strong></span> 
     </span>
    </p>
   </div>
   <div class='ocr_carea' id='block_1_15' title="bbox 351 1286 1914 1374">
    <p class='ocr_par' dir='ltr' id='par_1_15' title="bbox 351 1286 1914 1374">
     <span class='ocr_line' id='line_1_15' title="bbox 351 1286 1914 1374; baseline 0.009 -32"><span class='ocrx_word' id='word_1_91' title='bbox 351 1286 478 1352; x_wconf 79' lang='grc' dir='ltr'><strong>Πῶς</strong></span> <span class='ocrx_word' id='word_1_92' title='bbox 505 1289 560 1343; x_wconf 77' lang='grc' dir='ltr'><strong>δὲ</strong></span> <span class='ocrx_word' id='word_1_93' title='bbox 590 1290 806 1362; x_wconf 71' lang='grc' dir='ltr'><strong>εὔλογον</strong></span> <span class='ocrx_word' id='word_1_94' title='bbox 836 1295 904 1348; x_wconf 82' lang='grc' dir='ltr'><strong>δι’</strong></span> <span class='ocrx_word' id='word_1_95' title='bbox 962 1297 1260 1370; x_wconf 82' lang='grc' dir='ltr'><strong>ἀδυναμίαν</strong></span> <span class='ocrx_word' id='word_1_96' title='bbox 1311 1302 1441 1355; x_wconf 81' lang='grc' dir='ltr'>Θεὸν</span> <span class='ocrx_word' id='word_1_97' title='bbox 1475 1303 1772 1374; x_wconf 75' lang='grc' dir='ltr'><strong>ἀπέχεσθαι</strong></span> <span class='ocrx_word' id='word_1_98' title='bbox 1817 1321 1914 1356; x_wconf 88' lang='grc' dir='ltr'><strong>κα-</strong></span> 
     </span>
    </p>
   </div>
   <div class='ocr_carea' id='block_1_16' title="bbox 350 1379 1916 1465">
    <p class='ocr_par' dir='ltr' id='par_1_16' title="bbox 350 1379 1916 1465">
     <span class='ocr_line' id='line_1_16' title="bbox 350 1379 1916 1465; baseline 0.011 -33"><span class='ocrx_word' id='word_1_99' title='bbox 350 1379 478 1444; x_wconf 88' lang='grc' dir='ltr'><strong>κίας</strong></span> <span class='ocrx_word' id='word_1_100' title='bbox 511 1383 789 1453; x_wconf 79' lang='grc' dir='ltr'><strong>ἡγεῖσθαι,</strong></span> <span class='ocrx_word' id='word_1_101' title='bbox 825 1389 884 1440; x_wconf 79' lang='grc' dir='ltr'><strong>οὐ</strong></span> <span class='ocrx_word' id='word_1_102' title='bbox 920 1389 1027 1461; x_wconf 83' lang='grc' dir='ltr'><strong>γάρ</strong></span> <span class='ocrx_word' id='word_1_103' title='bbox 1060 1391 1327 1464; x_wconf 81' lang='grc' dir='ltr'>ἀδυναμίᾳ</span> <span class='ocrx_word' id='word_1_104' title='bbox 1364 1393 1458 1447; x_wconf 79' lang='grc' dir='ltr'><strong>τοῦ</strong></span> <span class='ocrx_word' id='word_1_105' title='bbox 1496 1395 1748 1465; x_wconf 84' lang='grc' dir='ltr'><strong>ἀδικῆσαι</strong></span> <span class='ocrx_word' id='word_1_106' title='bbox 1781 1396 1916 1463; x_wconf 87' lang='grc' dir='ltr'><strong>ἀγα-</strong></span> 
     </span>
    </p>
   </div>
   <div class='ocr_carea' id='block_1_17' title="bbox 349 1468 1910 1557">
    <p class='ocr_par' dir='ltr' id='par_1_17' title="bbox 349 1468 1910 1557">
     <span class='ocr_line' id='line_1_17' title="bbox 349 1468 1910 1557; baseline 0.01 -32"><span class='ocrx_word' id='word_1_107' title='bbox 349 1468 509 1534; x_wconf 76' lang='grc' dir='ltr'><strong>Οὸςοό</strong></span> <span class='ocrx_word' id='word_1_108' title='bbox 559 1475 792 1542; x_wconf 82' lang='grc' dir='ltr'><strong>ἀγαθὸς,</strong></span> <span class='ocrx_word' id='word_1_109' title='bbox 837 1479 972 1534; x_wconf 86' lang='grc' dir='ltr'><strong>ἀλλά</strong></span> <span class='ocrx_word' id='word_1_110' title='bbox 1005 1482 1185 1555; x_wconf 76' lang='grc' dir='ltr'><strong>τελείᾳ</strong></span> <span class='ocrx_word' id='word_1_111' title='bbox 1231 1483 1326 1538; x_wconf 81' lang='grc' dir='ltr'><strong>τοῦ</strong></span> <span class='ocrx_word' id='word_1_112' title='bbox 1378 1485 1452 1557; x_wconf 80' lang='grc' dir='ltr'><strong>μὴ</strong></span> <span class='ocrx_word' id='word_1_113' title='bbox 1507 1486 1788 1557; x_wconf 87' lang='grc' dir='ltr'><strong>βούλεσθαι</strong></span> <span class='ocrx_word' id='word_1_114' title='bbox 1819 1488 1910 1540; x_wconf 88' lang='grc' dir='ltr'><strong>δυ-</strong></span> 
     </span>
    </p>
   </div>
   <div class='ocr_carea' id='block_1_18' title="bbox 348 1562 531 1634">
    <p class='ocr_par' dir='ltr' id='par_1_18' title="bbox 348 1562 531 1634">
     <span class='ocr_line' id='line_1_18' title="bbox 348 1562 531 1634; baseline 0.022 -20"><span class='ocrx_word' id='word_1_115' title='bbox 348 1562 531 1634; x_wconf 79' lang='grc' dir='ltr'><strong>νάμει.</strong></span> 
     </span>
    </p>
   </div>
   <div class='ocr_carea' id='block_1_19' title="bbox 2021 489 3584 560">
    <p class='ocr_par' dir='ltr' id='par_1_19' title="bbox 2021 489 3584 560">
     <span class='ocr_line' id='line_1_19' title="bbox 2021 489 3584 560; baseline 0.001 -17"><span class='ocrx_word' id='word_1_116' title='bbox 2021 497 2286 560; x_wconf 91' lang='lat' dir='ltr'><strong>potestate</strong></span> <span class='ocrx_word' id='word_1_117' title='bbox 2325 490 2539 544; x_wconf 86' lang='lat' dir='ltr'><strong>virtutis</strong></span> <span class='ocrx_word' id='word_1_118' title='bbox 2576 497 2630 544; x_wconf 90' lang='lat' dir='ltr'><strong>et</strong></span> <span class='ocrx_word' id='word_1_119' title='bbox 2661 489 2778 543; x_wconf 85' lang='lat' dir='ltr'><strong>vitii</strong></span> <span class='ocrx_word' id='word_1_120' title='bbox 2805 489 3104 543; x_wconf 88' lang='lat' dir='ltr'><strong>honoratus</strong></span> <span class='ocrx_word' id='word_1_121' title='bbox 3131 496 3214 543; x_wconf 90' lang='lat' dir='ltr'><strong>est</strong></span> <span class='ocrx_word' id='word_1_122' title='bbox 3239 489 3400 544; x_wconf 92' lang='lat' dir='ltr'><strong>homo</strong></span> <span class='ocrx_word' id='word_1_123' title='bbox 3427 529 3442 552; x_wconf 93' lang='lat'><strong>,</strong></span> <span class='ocrx_word' id='word_1_124' title='bbox 3488 491 3584 544; x_wconf 80' lang='lat' dir='ltr'><strong>ha-</strong></span> 
     </span>
    </p>
   </div>
   <div class='ocr_carea' id='block_1_20' title="bbox 2018 579 3582 650">
    <p class='ocr_par' dir='ltr' id='par_1_20' title="bbox 2018 579 3582 650">
     <span class='ocr_line' id='line_1_20' title="bbox 2018 579 3582 650; baseline 0 -14"><span class='ocrx_word' id='word_1_125' title='bbox 2018 582 2152 636; x_wconf 89' lang='lat' dir='ltr'><strong>bens</strong></span> <span class='ocrx_word' id='word_1_126' title='bbox 2187 590 2379 636; x_wconf 87' lang='lat' dir='ltr'><strong>natura</strong></span> <span class='ocrx_word' id='word_1_127' title='bbox 2416 581 2608 636; x_wconf 90' lang='lat' dir='ltr'><strong>horum</strong></span> <span class='ocrx_word' id='word_1_128' title='bbox 2639 580 3027 650; x_wconf 80' lang='lat' dir='ltr'><strong>cognitionem,</strong></span> <span class='ocrx_word' id='word_1_129' title='bbox 3062 596 3182 649; x_wconf 72' lang='lat' dir='ltr'><strong>qua:</strong></span> <span class='ocrx_word' id='word_1_130' title='bbox 3223 579 3276 633; x_wconf 91' lang='lat' dir='ltr'><strong>in</strong></span> <span class='ocrx_word' id='word_1_131' title='bbox 3312 581 3582 636; x_wconf 88' lang='lat' dir='ltr'><strong>actionem</strong></span> 
     </span>
    </p>
   </div>
   <div class='ocr_carea' id='block_1_21' title="bbox 2021 670 3580 742">
    <p class='ocr_par' dir='ltr' id='par_1_21' title="bbox 2021 670 3580 742">
     <span class='ocr_line' id='line_1_21' title="bbox 2021 670 3580 742; baseline -0.001 -17"><span class='ocrx_word' id='word_1_132' title='bbox 2021 673 2206 727; x_wconf 90' lang='lat' dir='ltr'><strong>venire</strong></span> <span class='ocrx_word' id='word_1_133' title='bbox 2231 679 2478 742; x_wconf 89' lang='lat' dir='ltr'><strong>possunt,</strong></span> <span class='ocrx_word' id='word_1_134' title='bbox 2511 679 2564 723; x_wconf 88' lang='lat' dir='ltr'><strong>et</strong></span> <span class='ocrx_word' id='word_1_135' title='bbox 2613 671 2764 740; x_wconf 90' lang='lat' dir='ltr'><strong>prius</strong></span> <span class='ocrx_word' id='word_1_136' title='bbox 2807 685 2966 740; x_wconf 88' lang='lat' dir='ltr'><strong>quam</strong></span> <span class='ocrx_word' id='word_1_137' title='bbox 3001 670 3240 734; x_wconf 79' lang='lat' dir='ltr'><strong>veniant,</strong></span> <span class='ocrx_word' id='word_1_138' title='bbox 3269 686 3376 724; x_wconf 93' lang='lat' dir='ltr'><strong>non</strong></span> <span class='ocrx_word' id='word_1_139' title='bbox 3417 677 3540 725; x_wconf 90' lang='lat' dir='ltr'><strong>sunt</strong></span> <span class='ocrx_word' id='word_1_140' title='bbox 3569 691 3580 724; x_wconf 94' lang='lat'>:</span> 
     </span>
    </p>
   </div>
   <div class='ocr_carea' id='block_1_22' title="bbox 1950 758 3586 829">
    <p class='ocr_par' dir='ltr' id='par_1_22' title="bbox 1950 758 3586 829">
     <span class='ocr_line' id='line_1_22' title="bbox 1950 758 3586 829; baseline -0.002 -15"><span class='ocrx_word' id='word_1_141' title='bbox 1950 763 1961 781; x_wconf 83' lang='lat'><strong><em>’</em></strong></span> <span class='ocrx_word' id='word_1_142' title='bbox 2021 760 2110 814; x_wconf 88' lang='lat' dir='ltr'><strong>ubi</strong></span> <span class='ocrx_word' id='word_1_143' title='bbox 2133 761 2274 814; x_wconf 92' lang='lat' dir='ltr'><strong>enim</strong></span> <span class='ocrx_word' id='word_1_144' title='bbox 2311 759 2414 812; x_wconf 90' lang='lat' dir='ltr'><strong>erit</strong></span> <span class='ocrx_word' id='word_1_145' title='bbox 2442 758 2585 828; x_wconf 92' lang='lat' dir='ltr'><strong>quod</strong></span> <span class='ocrx_word' id='word_1_146' title='bbox 2621 758 2838 827; x_wconf 85' lang='lat' dir='ltr'><strong>agitur,</strong></span> <span class='ocrx_word' id='word_1_147' title='bbox 2888 758 2932 812; x_wconf 90' lang='lat' dir='ltr'><strong>si</strong></span> <span class='ocrx_word' id='word_1_148' title='bbox 2982 765 3222 822; x_wconf 83' lang='lat' dir='ltr'><strong>nonest</strong></span> <span class='ocrx_word' id='word_1_149' title='bbox 3276 758 3368 827; x_wconf 91' lang='lat' dir='ltr'><strong>qui</strong></span> <span class='ocrx_word' id='word_1_150' title='bbox 3423 759 3586 829; x_wconf 78' lang='lat' dir='ltr'><strong>agat?</strong></span> 
     </span>
    </p>
   </div>
   <div class='ocr_carea' id='block_1_23' title="bbox 2023 849 3581 920">
    <p class='ocr_par' dir='ltr' id='par_1_23' title="bbox 2023 849 3581 920">
     <span class='ocr_line' id='line_1_23' title="bbox 2023 849 3581 920; baseline -0.002 -16"><span class='ocrx_word' id='word_1_151' title='bbox 2023 852 2202 918; x_wconf 80' lang='lat' dir='ltr'><strong>Quare</strong></span> <span class='ocrx_word' id='word_1_152' title='bbox 2231 851 2382 906; x_wconf 86' lang='lat' dir='ltr'><strong>adest</strong></span> <span class='ocrx_word' id='word_1_153' title='bbox 2412 851 2675 920; x_wconf 86' lang='lat' dir='ltr'><strong>nequitia,</strong></span> <span class='ocrx_word' id='word_1_154' title='bbox 2708 865 2828 904; x_wconf 90' lang='lat' dir='ltr'><strong>cum</strong></span> <span class='ocrx_word' id='word_1_155' title='bbox 2885 857 2967 904; x_wconf 80' lang='lat' dir='ltr'><strong>cst</strong></span> <span class='ocrx_word' id='word_1_156' title='bbox 3005 850 3146 903; x_wconf 90' lang='lat' dir='ltr'><strong>actio</strong></span> <span class='ocrx_word' id='word_1_157' title='bbox 3193 849 3342 918; x_wconf 84' lang='lat' dir='ltr'><strong>ejus;</strong></span> <span class='ocrx_word' id='word_1_158' title='bbox 3384 850 3539 904; x_wconf 88' lang='lat' dir='ltr'><strong>abest</strong></span> <span class='ocrx_word' id='word_1_159' title='bbox 3567 890 3581 911; x_wconf 88' lang='lat'><strong>,</strong></span> 
     </span>
    </p>
   </div>
   <div class='ocr_carea' id='block_1_24' title="bbox 2023 940 3581 1005">
    <p class='ocr_par' dir='ltr' id='par_1_24' title="bbox 2023 940 3581 1005">
     <span class='ocr_line' id='line_1_24' title="bbox 2023 940 3581 1005; baseline -0.003 -7"><span class='ocrx_word' id='word_1_160' title='bbox 2023 959 2144 998; x_wconf 90' lang='lat' dir='ltr'><strong>cum</strong></span> <span class='ocrx_word' id='word_1_161' title='bbox 2173 959 2281 998; x_wconf 90' lang='lat' dir='ltr'><strong>non</strong></span> <span class='ocrx_word' id='word_1_162' title='bbox 2306 951 2407 998; x_wconf 90' lang='lat' dir='ltr'><strong>est.</strong></span> <span class='ocrx_word' id='word_1_163' title='bbox 2437 942 2710 996; x_wconf 88' lang='lat' dir='ltr'><strong>Continuo</strong></span> <span class='ocrx_word' id='word_1_164' title='bbox 2756 941 2918 996; x_wconf 87' lang='lat' dir='ltr'><strong>etiam</strong></span> <span class='ocrx_word' id='word_1_165' title='bbox 2955 940 3096 995; x_wconf 89' lang='lat' dir='ltr'><strong>Deus</strong></span> <span class='ocrx_word' id='word_1_166' title='bbox 3123 941 3298 995; x_wconf 87' lang='lat' dir='ltr'><strong>bonus</strong></span> <span class='ocrx_word' id='word_1_167' title='bbox 3323 955 3446 994; x_wconf 93' lang='lat' dir='ltr'><strong>cum</strong></span> <span class='ocrx_word' id='word_1_168' title='bbox 3476 941 3546 994; x_wconf 78' lang='lat' dir='ltr'><strong>sit</strong></span> <span class='ocrx_word' id='word_1_169' title='bbox 3565 980 3581 1005; x_wconf 91' lang='lat'><strong>,</strong></span> 
     </span>
    </p>
   </div>
   <div class='ocr_carea' id='block_1_25' title="bbox 2021 1031 3584 1102">
    <p class='ocr_par' dir='ltr' id='par_1_25' title="bbox 2021 1031 3584 1102">
     <span class='ocr_line' id='line_1_25' title="bbox 2021 1031 3584 1102; baseline -0.003 -14"><span class='ocrx_word' id='word_1_170' title='bbox 2021 1042 2076 1089; x_wconf 91' lang='lat' dir='ltr'><strong>et</strong></span> <span class='ocrx_word' id='word_1_171' title='bbox 2105 1033 2446 1088; x_wconf 85' lang='lat' dir='ltr'><strong>solummodo</strong></span> <span class='ocrx_word' id='word_1_172' title='bbox 2477 1033 2773 1096; x_wconf 85' lang='lat' dir='ltr'><strong>beneficus,</strong></span> <span class='ocrx_word' id='word_1_173' title='bbox 2797 1032 2929 1086; x_wconf 85' lang='lat' dir='ltr'><strong>nihil</strong></span> <span class='ocrx_word' id='word_1_174' title='bbox 2961 1032 3084 1086; x_wconf 90' lang='lat' dir='ltr'><strong>mali</strong></span> <span class='ocrx_word' id='word_1_175' title='bbox 3116 1031 3263 1095; x_wconf 80' lang='lat' dir='ltr'><strong>facit,</strong></span> <span class='ocrx_word' id='word_1_176' title='bbox 3295 1047 3470 1102; x_wconf 89' lang='lat' dir='ltr'><strong>neque</strong></span> <span class='ocrx_word' id='word_1_177' title='bbox 3486 1046 3584 1101; x_wconf 90' lang='lat' dir='ltr'><strong>per</strong></span> 
     </span>
    </p>
   </div>
   <div class='ocr_carea' id='block_1_26' title="bbox 2025 1121 3581 1193">
    <p class='ocr_par' dir='ltr' id='par_1_26' title="bbox 2025 1121 3581 1193">
     <span class='ocr_line' id='line_1_26' title="bbox 2025 1121 3581 1193; baseline -0.003 -17"><span class='ocrx_word' id='word_1_178' title='bbox 2025 1124 2384 1193; x_wconf 81' lang='lat' dir='ltr'><strong>ignorantiam</strong></span> <span class='ocrx_word' id='word_1_179' title='bbox 2414 1123 2647 1177; x_wconf 86' lang='lat' dir='ltr'><strong>abstinet</strong></span> <span class='ocrx_word' id='word_1_180' title='bbox 2673 1137 2701 1174; x_wconf 92' lang='lat' dir='ltr'><strong>a</strong></span> <span class='ocrx_word' id='word_1_181' title='bbox 2736 1121 2974 1192; x_wconf 88' lang='lat' dir='ltr'><strong>nequitia</strong></span> <span class='ocrx_word' id='word_1_182' title='bbox 2997 1161 3010 1185; x_wconf 94' lang='lat'><strong>,</strong></span> <span class='ocrx_word' id='word_1_183' title='bbox 3048 1136 3221 1190; x_wconf 88' lang='lat' dir='ltr'><strong>neque</strong></span> <span class='ocrx_word' id='word_1_184' title='bbox 3265 1121 3390 1190; x_wconf 91' lang='lat' dir='ltr'><strong>quia</strong></span> <span class='ocrx_word' id='word_1_185' title='bbox 3431 1121 3581 1176; x_wconf 86' lang='lat' dir='ltr'><strong>deest</strong></span> 
     </span>
    </p>
   </div>
   <div class='ocr_carea' id='block_1_27' title="bbox 2021 1211 3578 1283">
    <p class='ocr_par' dir='ltr' id='par_1_27' title="bbox 2021 1211 3578 1283">
     <span class='ocr_line' id='line_1_27' title="bbox 2021 1211 3578 1283; baseline -0.002 -16"><span class='ocrx_word' id='word_1_186' title='bbox 2021 1221 2283 1283; x_wconf 81' lang='lat' dir='ltr'><strong>potestas,</strong></span> <span class='ocrx_word' id='word_1_187' title='bbox 2317 1215 2538 1268; x_wconf 92' lang='lat' dir='ltr'><strong>omnino</strong></span> <span class='ocrx_word' id='word_1_188' title='bbox 2555 1214 2622 1268; x_wconf 92' lang='lat' dir='ltr'><strong>ab</strong></span> <span class='ocrx_word' id='word_1_189' title='bbox 2637 1228 2699 1268; x_wconf 90' lang='lat' dir='ltr'><strong>ea</strong></span> <span class='ocrx_word' id='word_1_190' title='bbox 2718 1213 2998 1282; x_wconf 90' lang='lat' dir='ltr'><strong>scjunctus</strong></span> <span class='ocrx_word' id='word_1_191' title='bbox 3014 1211 3410 1278; x_wconf 89' lang='lat' dir='ltr'><strong>est.&#39;Quomodo</strong></span> <span class='ocrx_word' id='word_1_192' title='bbox 3437 1213 3578 1266; x_wconf 89' lang='lat' dir='ltr'><strong>enim</strong></span> 
     </span>
    </p>
   </div>
   <div class='ocr_carea' id='block_1_28' title="bbox 2019 1303 3580 1375">
    <p class='ocr_par' dir='ltr' id='par_1_28' title="bbox 2019 1303 3580 1375">
     <span class='ocr_line' id='line_1_28' title="bbox 2019 1303 3580 1375; baseline -0.002 -16"><span class='ocrx_word' id='word_1_193' title='bbox 2019 1305 2229 1375; x_wconf 79' lang='lat' dir='ltr'><strong>ignoret</strong></span> <span class='ocrx_word' id='word_1_194' title='bbox 2257 1304 2572 1375; x_wconf 87' lang='lat' dir='ltr'><strong>nequitiam,</strong></span> <span class='ocrx_word' id='word_1_195' title='bbox 2611 1319 2770 1374; x_wconf 89' lang='lat' dir='ltr'><strong>quam</strong></span> <span class='ocrx_word' id='word_1_196' title='bbox 2807 1304 2992 1366; x_wconf 89' lang='lat' dir='ltr'><strong>docet,</strong></span> <span class='ocrx_word' id='word_1_197' title='bbox 3047 1318 3154 1358; x_wconf 91' lang='lat' dir='ltr'><strong>non</strong></span> <span class='ocrx_word' id='word_1_198' title='bbox 3183 1303 3437 1358; x_wconf 88' lang='lat' dir='ltr'><strong>adhibere</strong></span> <span class='ocrx_word' id='word_1_199' title='bbox 3461 1317 3580 1358; x_wconf 88' lang='lat' dir='ltr'><strong>eam</strong></span> 
     </span>
    </p>
   </div>
   <div class='ocr_carea' id='block_1_29' title="bbox 2019 1395 3581 1460">
    <p class='ocr_par' dir='ltr' id='par_1_29' title="bbox 2019 1395 3581 1460">
     <span class='ocr_line' id='line_1_29' title="bbox 2019 1395 3581 1460; baseline -0.001 -11"><span class='ocrx_word' id='word_1_200' title='bbox 2019 1396 2085 1449; x_wconf 91' lang='lat' dir='ltr'><strong>ad</strong></span> <span class='ocrx_word' id='word_1_201' title='bbox 2141 1395 2454 1450; x_wconf 88' lang='lat' dir='ltr'><strong>actionem?</strong></span> <span class='ocrx_word' id='word_1_202' title='bbox 2510 1396 2792 1460; x_wconf 78' lang='lat' dir='ltr'><strong>Quomodo</strong></span> <span class='ocrx_word' id='word_1_203' title='bbox 2854 1411 3048 1450; x_wconf 89' lang='lat' dir='ltr'><strong>rursus</strong></span> <span class='ocrx_word' id='word_1_204' title='bbox 3099 1395 3296 1448; x_wconf 83' lang='lat' dir='ltr'><strong>rationi</strong></span> <span class='ocrx_word' id='word_1_205' title='bbox 3347 1410 3581 1449; x_wconf 81' lang='lat' dir='ltr'><strong>consen-</strong></span> 
     </span>
    </p>
   </div>
   <div class='ocr_carea' id='block_1_30' title="bbox 2017 1483 3577 1555">
    <p class='ocr_par' dir='ltr' id='par_1_30' title="bbox 2017 1483 3577 1555">
     <span class='ocr_line' id='line_1_30' title="bbox 2017 1483 3577 1555; baseline -0.001 -17"><span class='ocrx_word' id='word_1_206' title='bbox 2017 1493 2240 1540; x_wconf 76' lang='lat' dir='ltr'><strong>laneum</strong></span> <span class='ocrx_word' id='word_1_207' title='bbox 2269 1492 2351 1541; x_wconf 89' lang='lat' dir='ltr'><strong>est</strong></span> <span class='ocrx_word' id='word_1_208' title='bbox 2385 1485 2718 1547; x_wconf 79' lang='lat' dir='ltr'><strong>existimare,</strong></span> <span class='ocrx_word' id='word_1_209' title='bbox 2749 1485 2874 1554; x_wconf 88' lang='lat' dir='ltr'><strong>quia</strong></span> <span class='ocrx_word' id='word_1_210' title='bbox 2903 1483 3044 1538; x_wconf 86' lang='lat' dir='ltr'><strong>desit</strong></span> <span class='ocrx_word' id='word_1_211' title='bbox 3077 1485 3335 1555; x_wconf 83' lang='lat' dir='ltr'><strong>potentia,</strong></span> <span class='ocrx_word' id='word_1_212' title='bbox 3377 1483 3518 1539; x_wconf 85' lang='lat' dir='ltr'><strong>Deus</strong></span> <span class='ocrx_word' id='word_1_213' title='bbox 3550 1501 3577 1537; x_wconf 88' lang='lat' dir='ltr'><strong>a</strong></span> 
     </span>
    </p>
   </div>
   <div class='ocr_carea' id='block_1_31' title="bbox 2016 1575 3578 1647">
    <p class='ocr_par' dir='ltr' id='par_1_31' title="bbox 2016 1575 3578 1647">
     <span class='ocr_line' id='line_1_31' title="bbox 2016 1575 3578 1647; baseline -0.001 -17"><span class='ocrx_word' id='word_1_214' title='bbox 2016 1577 2256 1647; x_wconf 86' lang='lat' dir='ltr'><strong>nequitia</strong></span> <span class='ocrx_word' id='word_1_215' title='bbox 2288 1577 2596 1632; x_wconf 83' lang='lat' dir='ltr'><strong>abstineat?</strong></span> <span class='ocrx_word' id='word_1_216' title='bbox 2630 1591 2737 1630; x_wconf 89' lang='lat' dir='ltr'><strong>non</strong></span> <span class='ocrx_word' id='word_1_217' title='bbox 2765 1576 2908 1630; x_wconf 90' lang='lat' dir='ltr'><strong>enim</strong></span> <span class='ocrx_word' id='word_1_218' title='bbox 2937 1575 3024 1630; x_wconf 89' lang='lat' dir='ltr'><strong>ille</strong></span> <span class='ocrx_word' id='word_1_219' title='bbox 3054 1577 3146 1646; x_wconf 90' lang='lat' dir='ltr'><strong>qui</strong></span> <span class='ocrx_word' id='word_1_220' title='bbox 3180 1585 3261 1630; x_wconf 82' lang='lat' dir='ltr'><strong>est</strong></span> <span class='ocrx_word' id='word_1_221' title='bbox 3299 1577 3449 1631; x_wconf 93' lang='lat' dir='ltr'><strong>solus</strong></span> <span class='ocrx_word' id='word_1_222' title='bbox 3483 1576 3578 1629; x_wconf 85' lang='lat' dir='ltr'><strong>bo-</strong></span> 
     </span>
    </p>
   </div>
   <div class='ocr_carea' id='block_1_32' title="bbox 350 1655 3576 1740">
    <p class='ocr_par' dir='ltr' id='par_1_32' title="bbox 350 1655 3576 1740">
     <span class='ocr_line' id='line_1_32' title="bbox 350 1655 3576 1740; baseline 0.004 -34"><span class='ocrx_word' id='word_1_223' title='bbox 350 1669 476 1718; x_wconf 86' lang='lat' dir='ltr'><strong>nus,</strong></span> <span class='ocrx_word' id='word_1_224' title='bbox 502 1655 629 1726; x_wconf 84' lang='lat' dir='ltr'><strong>quia</strong></span> <span class='ocrx_word' id='word_1_225' title='bbox 655 1673 763 1713; x_wconf 91' lang='lat' dir='ltr'><strong>non</strong></span> <span class='ocrx_word' id='word_1_226' title='bbox 790 1670 969 1731; x_wconf 87' lang='lat' dir='ltr'><strong>potest</strong></span> <span class='ocrx_word' id='word_1_227' title='bbox 1005 1663 1244 1736; x_wconf 85' lang='lat' dir='ltr'><strong>injustus</strong></span> <span class='ocrx_word' id='word_1_228' title='bbox 1270 1681 1412 1733; x_wconf 89' lang='lat' dir='ltr'><strong>esse,</strong></span> <span class='ocrx_word' id='word_1_229' title='bbox 1448 1670 1624 1726; x_wconf 92' lang='lat' dir='ltr'><strong>bonus</strong></span> <span class='ocrx_word' id='word_1_230' title='bbox 1657 1677 1779 1737; x_wconf 88' lang='lat' dir='ltr'><strong>est;</strong></span> <span class='ocrx_word' id='word_1_231' title='bbox 1821 1669 1915 1725; x_wconf 86' lang='lat' dir='ltr'><strong>sed</strong></span> <span class='ocrx_word' id='word_1_232' title='bbox 1953 1668 2080 1739; x_wconf 90' lang='lat' dir='ltr'><strong>quia</strong></span> <span class='ocrx_word' id='word_1_233' title='bbox 2136 1667 2431 1740; x_wconf 79' lang='lat' dir='ltr'><strong>perfectam</strong></span> <span class='ocrx_word' id='word_1_234' title='bbox 2463 1675 2784 1739; x_wconf 88' lang='lat' dir='ltr'><strong>potestatem</strong></span> <span class='ocrx_word' id='word_1_235' title='bbox 2823 1668 2983 1722; x_wconf 84' lang='lat' dir='ltr'><strong>habet</strong></span> <span class='ocrx_word' id='word_1_236' title='bbox 3015 1684 3120 1722; x_wconf 92' lang='lat' dir='ltr'><strong>non</strong></span> <span class='ocrx_word' id='word_1_237' title='bbox 3175 1668 3386 1722; x_wconf 83' lang='lat' dir='ltr'><strong>volendi</strong></span> <span class='ocrx_word' id='word_1_238' title='bbox 3437 1667 3576 1735; x_wconf 86' lang='lat' dir='ltr'><strong>inju—</strong></span> 
     </span>
    </p>
   </div>
   <div class='ocr_carea' id='block_1_33' title="bbox 347 1748 575 1805">
    <p class='ocr_par' dir='ltr' id='par_1_33' title="bbox 347 1748 575 1805">
     <span class='ocr_line' id='line_1_33' title="bbox 347 1748 575 1805; baseline 0.013 -3"><span class='ocrx_word' id='word_1_239' title='bbox 347 1748 575 1805; x_wconf 76' lang='lat' dir='ltr'><strong>stitiam.</strong></span> 
     </span>
    </p>
   </div>
   <div class='ocr_carea' id='block_1_34' title="bbox 487 1855 3418 1946">
    <p class='ocr_par' dir='ltr' id='par_1_34' title="bbox 487 1855 3418 1946">
     <span class='ocr_line' id='line_1_34' title="bbox 487 1855 3418 1946; baseline 0.004 -34"><span class='ocrx_word' id='word_1_240' title='bbox 487 1855 615 1914; x_wconf 71' lang='grc' dir='ltr'><strong>ΟΑΡ.</strong></span> <span class='ocrx_word' id='word_1_241' title='bbox 656 1859 723 1919; x_wconf 78' lang='grc' dir='ltr'><strong>ν.</strong></span> <span class='ocrx_word' id='word_1_242' title='bbox 764 1862 902 1920; x_wconf 78' lang='lat' dir='ltr'><strong>Deus</strong></span> <span class='ocrx_word' id='word_1_243' title='bbox 924 1883 1023 1922; x_wconf 81' lang='lat' dir='ltr'><strong>non</strong></span> <span class='ocrx_word' id='word_1_244' title='bbox 1048 1881 1214 1938; x_wconf 78' lang='lat' dir='ltr'><strong>potest</strong></span> <span class='ocrx_word' id='word_1_245' title='bbox 1245 1873 1416 1942; x_wconf 81' lang='lat' dir='ltr'><strong>facere</strong></span> <span class='ocrx_word' id='word_1_246' title='bbox 1443 1877 1714 1946; x_wconf 77' lang='lat' dir='ltr'><strong>injustam.</strong></span> <span class='ocrx_word' id='word_1_247' title='bbox 1752 1875 1977 1931; x_wconf 78' lang='lat' dir='ltr'><strong>Mutatio</strong></span> <span class='ocrx_word' id='word_1_248' title='bbox 2000 1869 2226 1924; x_wconf 78' lang='lat' dir='ltr'><strong>hominis</strong></span> <span class='ocrx_word' id='word_1_249' title='bbox 2254 1867 2321 1920; x_wconf 86' lang='lat' dir='ltr'><strong>ad</strong></span> <span class='ocrx_word' id='word_1_250' title='bbox 2351 1867 2555 1922; x_wconf 75' lang='lat' dir='ltr'><strong>vitium.</strong></span> <span class='ocrx_word' id='word_1_251' title='bbox 2593 1867 2943 1938; x_wconf 77' lang='lat' dir='ltr'><strong>Impossibilis</strong></span> <span class='ocrx_word' id='word_1_252' title='bbox 2971 1870 3234 1922; x_wconf 78' lang='lat' dir='ltr'><strong>conversio</strong></span> <span class='ocrx_word' id='word_1_253' title='bbox 3267 1871 3418 1924; x_wconf 84' lang='lat' dir='ltr'><strong>unde.</strong></span> 
     </span>
    </p>
   </div>
   <div class='ocr_carea' id='block_1_35' title="bbox 417 1977 1905 2066">
    <p class='ocr_par' dir='ltr' id='par_1_35' title="bbox 417 1977 1905 2060">
     <span class='ocr_line' id='line_1_35' title="bbox 417 1977 1905 2060; baseline 0.013 -32"><span class='ocrx_word' id='word_1_254' title='bbox 417 1977 482 2030; x_wconf 86' lang='grc' dir='ltr'><strong>Εί</strong></span> <span class='ocrx_word' id='word_1_255' title='bbox 525 1977 581 2031; x_wconf 81' lang='grc' dir='ltr'><strong>δὲ</strong></span> <span class='ocrx_word' id='word_1_256' title='bbox 621 1979 906 2054; x_wconf 77' lang='grc' dir='ltr'><strong>λέγοιμεν,</strong></span> <span class='ocrx_word' id='word_1_257' title='bbox 947 1986 1020 2052; x_wconf 84' lang='grc' dir='ltr'><strong>ὡς</strong></span> <span class='ocrx_word' id='word_1_258' title='bbox 1076 1989 1136 2042; x_wconf 82' lang='grc' dir='ltr'><strong>οὐ</strong></span> <span class='ocrx_word' id='word_1_259' title='bbox 1183 1991 1403 2047; x_wconf 88' lang='grc' dir='ltr'><strong>δύναται</strong></span> <span class='ocrx_word' id='word_1_260' title='bbox 1456 1996 1586 2060; x_wconf 85' lang='grc' dir='ltr'>Θεὸς</span> <span class='ocrx_word' id='word_1_261' title='bbox 1630 1997 1811 2050; x_wconf 82' lang='grc' dir='ltr'><strong>ἄδικόν</strong></span> <span class='ocrx_word' id='word_1_262' title='bbox 1859 2013 1905 2049; x_wconf 86' lang='grc' dir='ltr'><strong>τι</strong></span> 
     </span>
    </p>
   </div>
   <div class='ocr_carea' id='block_1_36' title="bbox 2005 1977 3577 2066">
    <p class='ocr_par' dir='ltr' id='par_1_36' title="bbox 2085 1984 3577 2066">
     <span class='ocr_line' id='line_1_36' title="bbox 2085 1984 3577 2066; baseline -0.001 -24"><span class='ocrx_word' id='word_1_263' title='bbox 2085 1987 2139 2042; x_wconf 91' lang='lat' dir='ltr'><strong>Si</strong></span> <span class='ocrx_word' id='word_1_264' title='bbox 2175 1995 2352 2041; x_wconf 91' lang='lat' dir='ltr'><strong>autem</strong></span> <span class='ocrx_word' id='word_1_265' title='bbox 2383 1985 2652 2050; x_wconf 89' lang='lat' dir='ltr'><strong>dicamus,</strong></span> <span class='ocrx_word' id='word_1_266' title='bbox 2677 2001 2785 2042; x_wconf 91' lang='lat' dir='ltr'><strong>non</strong></span> <span class='ocrx_word' id='word_1_267' title='bbox 2827 2000 2987 2057; x_wconf 92' lang='lat' dir='ltr'><strong>posse</strong></span> <span class='ocrx_word' id='word_1_268' title='bbox 3016 1984 3185 2039; x_wconf 88' lang='lat' dir='ltr'><strong>Deum</strong></span> <span class='ocrx_word' id='word_1_269' title='bbox 3236 1985 3436 2066; x_wconf 85' lang='lat' dir='ltr'><strong>aliquid</strong></span> <span class='ocrx_word' id='word_1_270' title='bbox 3492 1989 3577 2041; x_wconf 82' lang='lat' dir='ltr'><strong>in-</strong></span> 
     </span>
    </p>
   </div>
   <div class='ocr_carea' id='block_1_37' title="bbox 346 2071 1910 2160">
    <p class='ocr_par' dir='ltr' id='par_1_37' title="bbox 346 2071 1910 2160">
     <span class='ocr_line' id='line_1_37' title="bbox 346 2071 1910 2160; baseline 0.013 -39"><span class='ocrx_word' id='word_1_271' title='bbox 346 2071 605 2142; x_wconf 81' lang='grc' dir='ltr'><strong>ποιῆσαι,</strong></span> <span class='ocrx_word' id='word_1_272' title='bbox 644 2074 821 2140; x_wconf 84' lang='grc' dir='ltr'><strong>καλῶς</strong></span> <span class='ocrx_word' id='word_1_273' title='bbox 845 2077 908 2149; x_wconf 83' lang='grc' dir='ltr'><strong>δή</strong></span> <span class='ocrx_word' id='word_1_274' title='bbox 958 2097 1164 2152; x_wconf 71' lang='grc' dir='ltr'><strong>φαμενο</strong></span> <span class='ocrx_word' id='word_1_275' title='bbox 1211 2085 1271 2138; x_wconf 82' lang='grc' dir='ltr'><strong>τὸ</strong></span> <span class='ocrx_word' id='word_1_276' title='bbox 1313 2086 1492 2156; x_wconf 84' lang='grc' dir='ltr'><strong>μέντοι</strong></span> <span class='ocrx_word' id='word_1_277' title='bbox 1538 2089 1612 2160; x_wconf 82' lang='grc' dir='ltr'><strong>μὴ</strong></span> <span class='ocrx_word' id='word_1_278' title='bbox 1656 2090 1910 2144; x_wconf 85' lang='grc' dir='ltr'><strong>δύνασθαι</strong></span> 
     </span>
    </p>
   </div>
   <div class='ocr_carea' id='block_1_38' title="bbox 343 2161 1911 2253">
    <p class='ocr_par' dir='ltr' id='par_1_38' title="bbox 343 2161 1911 2253">
     <span class='ocr_line' id='line_1_38' title="bbox 343 2161 1911 2253; baseline 0.015 -42"><span class='ocrx_word' id='word_1_279' title='bbox 343 2161 437 2253; x_wconf 37' lang='lat' dir='ltr'><strong>oin</strong></span> <span class='ocrx_word' id='word_1_280' title='bbox 457 2161 593 2232; x_wconf 79' lang='grc' dir='ltr'><strong>πρὸς</strong></span> <span class='ocrx_word' id='word_1_281' title='bbox 635 2165 914 2223; x_wconf 86' lang='grc' dir='ltr'><strong>ἀσθένειαν</strong></span> <span class='ocrx_word' id='word_1_282' title='bbox 959 2171 1225 2246; x_wconf 78' lang='grc' dir='ltr'><strong>ἕλκομεν,</strong></span> <span class='ocrx_word' id='word_1_283' title='bbox 1279 2178 1413 2232; x_wconf 86' lang='grc' dir='ltr'><strong>ἀλλά</strong></span> <span class='ocrx_word' id='word_1_284' title='bbox 1460 2181 1595 2252; x_wconf 80' lang='grc' dir='ltr'><strong>πρὸς</strong></span> <span class='ocrx_word' id='word_1_285' title='bbox 1636 2181 1911 2253; x_wconf 81' lang='grc' dir='ltr'><strong>ἀκρότητα</strong></span> 
     </span>
    </p>
   </div>
   <div class='ocr_carea' id='block_1_39' title="bbox 341 2250 1907 2343">
    <p class='ocr_par' dir='ltr' id='par_1_39' title="bbox 341 2250 1907 2343">
     <span class='ocr_line' id='line_1_39' title="bbox 341 2250 1907 2343; baseline 0.016 -40"><span class='ocrx_word' id='word_1_286' title='bbox 341 2250 439 2343; x_wconf 70' lang='grc' dir='ltr'><strong>τού</strong></span> <span class='ocrx_word' id='word_1_287' title='bbox 477 2253 552 2324; x_wconf 84' lang='grc' dir='ltr'><strong>μὴ</strong></span> <span class='ocrx_word' id='word_1_288' title='bbox 580 2255 880 2326; x_wconf 81' lang='grc' dir='ltr'><strong>βούλεσθαι,</strong></span> <span class='ocrx_word' id='word_1_289' title='bbox 922 2264 1015 2323; x_wconf 67' lang='grc' dir='ltr'><strong>καὶ.</strong></span> <span class='ocrx_word' id='word_1_290' title='bbox 1044 2266 1180 2336; x_wconf 79' lang='grc' dir='ltr'><strong>πρὸς</strong></span> <span class='ocrx_word' id='word_1_291' title='bbox 1209 2267 1270 2322; x_wconf 82' lang='grc' dir='ltr'><strong>τὸ</strong></span> <span class='ocrx_word' id='word_1_292' title='bbox 1291 2250 1660 2341; x_wconf 70' lang='grc' dir='ltr'><strong>ἀμετάστατον</strong></span> <span class='ocrx_word' id='word_1_293' title='bbox 1687 2250 1785 2343; x_wconf 76' lang='grc' dir='ltr'><strong>τῆς</strong></span> <span class='ocrx_word' id='word_1_294' title='bbox 1813 2250 1907 2326; x_wconf 79' lang='grc' dir='ltr'><strong>τοῦ</strong></span> 
     </span>
    </p>
   </div>
   <div class='ocr_carea' id='block_1_40' title="bbox 345 2341 1906 2433">
    <p class='ocr_par' dir='ltr' id='par_1_40' title="bbox 345 2341 1906 2433">
     <span class='ocr_line' id='line_1_40' title="bbox 345 2341 1906 2433; baseline 0.004 -25"><span class='ocrx_word' id='word_1_295' title='bbox 345 2341 589 2414; x_wconf 78' lang='grc' dir='ltr'><strong>χείρονος</strong></span> <span class='ocrx_word' id='word_1_296' title='bbox 621 2350 1028 2421; x_wconf 75' lang='grc' dir='ltr'><strong>παραιτήσεωςο</strong></span> <span class='ocrx_word' id='word_1_297' title='bbox 1061 2356 1325 2426; x_wconf 77' lang='grc' dir='ltr'><strong>ἄτρεπτος</strong></span> <span class='ocrx_word' id='word_1_298' title='bbox 1359 2359 1465 2431; x_wconf 81' lang='grc' dir='ltr'><strong>γὰρ</strong></span> <span class='ocrx_word' id='word_1_299' title='bbox 1493 2359 1568 2414; x_wconf 78' lang='grc' dir='ltr'><strong>ὢν</strong></span> <span class='ocrx_word' id='word_1_300' title='bbox 1601 2361 1696 2433; x_wconf 76' lang='grc' dir='ltr'><strong>τὴν</strong></span> <span class='ocrx_word' id='word_1_301' title='bbox 1727 2341 1906 2431; x_wconf 58' lang='grc' dir='ltr'><strong>φύσιν,</strong></span> 
     </span>
    </p>
   </div>
   <div class='ocr_carea' id='block_1_41' title="bbox 342 2435 1902 2525">
    <p class='ocr_par' dir='ltr' id='par_1_41' title="bbox 342 2435 1902 2525">
     <span class='ocr_line' id='line_1_41' title="bbox 342 2435 1902 2525; baseline 0.013 -38"><span class='ocrx_word' id='word_1_302' title='bbox 342 2435 612 2506; x_wconf 79' lang='grc' dir='ltr'><strong>ἄτρεπτον</strong></span> <span class='ocrx_word' id='word_1_303' title='bbox 660 2438 771 2510; x_wconf 79' lang='grc' dir='ltr'><strong>ἔχει</strong></span> <span class='ocrx_word' id='word_1_304' title='bbox 815 2442 875 2495; x_wconf 86' lang='grc' dir='ltr'><strong>τὸ</strong></span> <span class='ocrx_word' id='word_1_305' title='bbox 921 2443 995 2515; x_wconf 84' lang='grc' dir='ltr'><strong>μὴ</strong></span> <span class='ocrx_word' id='word_1_306' title='bbox 1039 2445 1320 2516; x_wconf 83' lang='grc' dir='ltr'><strong>βούλεσθαί</strong></span> <span class='ocrx_word' id='word_1_307' title='bbox 1362 2468 1413 2503; x_wconf 87' lang='grc' dir='ltr'><strong>τι</strong></span> <span class='ocrx_word' id='word_1_308' title='bbox 1472 2451 1636 2504; x_wconf 74' lang='grc' dir='ltr'><strong>κακὸν</strong></span> <span class='ocrx_word' id='word_1_309' title='bbox 1679 2452 1902 2525; x_wconf 57' lang='grc' dir='ltr'><strong>δρᾶσι-ιν</strong></span> 
     </span>
    </p>
   </div>
   <div class='ocr_carea' id='block_1_42' title="bbox 342 2525 1906 2619">
    <p class='ocr_par' dir='ltr' id='par_1_42' title="bbox 342 2525 1906 2619">
     <span class='ocr_line' id='line_1_42' title="bbox 342 2525 1906 2619; baseline 0.014 -41"><span class='ocrx_word' id='word_1_310' title='bbox 342 2525 484 2619; x_wconf 58' lang='grc' dir='ltr'><strong>ωστε</strong></span> <span class='ocrx_word' id='word_1_311' title='bbox 517 2529 737 2584; x_wconf 86' lang='grc' dir='ltr'><strong>δύναται</strong></span> <span class='ocrx_word' id='word_1_312' title='bbox 781 2535 910 2602; x_wconf 83' lang='grc' dir='ltr'><strong>μὲν,</strong></span> <span class='ocrx_word' id='word_1_313' title='bbox 945 2538 1006 2589; x_wconf 82' lang='grc' dir='ltr'><strong>οὐ</strong></span> <span class='ocrx_word' id='word_1_314' title='bbox 1042 2537 1144 2610; x_wconf 75' lang='grc' dir='ltr'><strong>δρᾷ</strong></span> <span class='ocrx_word' id='word_1_315' title='bbox 1193 2540 1250 2594; x_wconf 77' lang='grc' dir='ltr'><strong>δὲ</strong></span> <span class='ocrx_word' id='word_1_316' title='bbox 1294 2541 1548 2614; x_wconf 85' lang='grc' dir='ltr'><strong>ἀτρέπτῳ</strong></span> <span class='ocrx_word' id='word_1_317' title='bbox 1572 2547 1636 2615; x_wconf 82' lang='grc' dir='ltr'><strong>τῇ</strong></span> <span class='ocrx_word' id='word_1_318' title='bbox 1686 2543 1776 2598; x_wconf 83' lang='grc' dir='ltr'><strong>τοῦ</strong></span> <span class='ocrx_word' id='word_1_319' title='bbox 1832 2546 1906 2619; x_wconf 83' lang='grc' dir='ltr'><strong>μὴ</strong></span> 
     </span>
    </p>
   </div>
   <div class='ocr_carea' id='block_1_43' title="bbox 346 2616 1906 2710">
    <p class='ocr_par' dir='ltr' id='par_1_43' title="bbox 346 2616 1906 2710">
     <span class='ocr_line' id='line_1_43' title="bbox 346 2616 1906 2710; baseline 0.013 -40"><span class='ocrx_word' id='word_1_320' title='bbox 346 2616 626 2687; x_wconf 82' lang='grc' dir='ltr'><strong>βούλεσθαι</strong></span> <span class='ocrx_word' id='word_1_321' title='bbox 656 2622 833 2692; x_wconf 81' lang='grc' dir='ltr'><strong>φύσει.</strong></span> <span class='ocrx_word' id='word_1_322' title='bbox 865 2628 974 2679; x_wconf 73' lang='grc' dir='ltr'><strong>Καὶ</strong></span> <span class='ocrx_word' id='word_1_323' title='bbox 1004 2628 1173 2693; x_wconf 75' lang='grc' dir='ltr'><strong>οὕτως</strong></span> <span class='ocrx_word' id='word_1_324' title='bbox 1189 2631 1286 2684; x_wconf 75' lang='grc' dir='ltr'><strong>οὐκ</strong></span> <span class='ocrx_word' id='word_1_325' title='bbox 1301 2631 1596 2689; x_wconf 77' lang='grc' dir='ltr'><strong>ἔστικακία</strong></span> <span class='ocrx_word' id='word_1_326' title='bbox 1612 2636 1760 2707; x_wconf 74' lang='grc' dir='ltr'><strong>παρὰ</strong></span> <span class='ocrx_word' id='word_1_327' title='bbox 1788 2616 1906 2710; x_wconf 81' lang='grc' dir='ltr'><strong>Θεῷ</strong></span> 
     </span>
    </p>
   </div>
   <div class='ocr_carea' id='block_1_44' title="bbox 340 2706 1904 2798">
    <p class='ocr_par' dir='ltr' id='par_1_44' title="bbox 340 2706 1904 2798">
     <span class='ocr_line' id='line_1_44' title="bbox 340 2706 1904 2798; baseline 0.013 -37"><span class='ocrx_word' id='word_1_328' title='bbox 340 2706 405 2761; x_wconf 79' lang='grc' dir='ltr'><strong>οὐ</strong></span> <span class='ocrx_word' id='word_1_329' title='bbox 438 2707 597 2778; x_wconf 88' lang='grc' dir='ltr'><strong>μόνον</strong></span> <span class='ocrx_word' id='word_1_330' title='bbox 624 2711 700 2788; x_wconf 75' lang='grc' dir='ltr'><strong>τῷ</strong></span> <span class='ocrx_word' id='word_1_331' title='bbox 740 2713 813 2784; x_wconf 83' lang='grc' dir='ltr'><strong>μὴ</strong></span> <span class='ocrx_word' id='word_1_332' title='bbox 859 2715 1173 2784; x_wconf 76' lang='grc' dir='ltr'><strong>ὑφεστάναι,</strong></span> <span class='ocrx_word' id='word_1_333' title='bbox 1216 2720 1350 2774; x_wconf 82' lang='grc' dir='ltr'><strong>ἀλλά</strong></span> <span class='ocrx_word' id='word_1_334' title='bbox 1380 2723 1512 2794; x_wconf 81' lang='grc' dir='ltr'><strong>μηδὲ</strong></span> <span class='ocrx_word' id='word_1_335' title='bbox 1551 2725 1626 2796; x_wconf 82' lang='grc' dir='ltr'><strong>τῷ</strong></span> <span class='ocrx_word' id='word_1_336' title='bbox 1671 2706 1904 2798; x_wconf 64' lang='grc' dir='ltr'><strong>τέράττεὲ</strong></span> 
     </span>
    </p>
   </div>
   <div class='ocr_carea' id='block_1_45' title="bbox 344 2798 1904 2891">
    <p class='ocr_par' dir='ltr' id='par_1_45' title="bbox 344 2798 1904 2891">
     <span class='ocr_line' id='line_1_45' title="bbox 344 2798 1904 2891; baseline 0.015 -40"><span class='ocrx_word' id='word_1_337' title='bbox 344 2798 488 2891; x_wconf 79' lang='grc' dir='ltr'><strong>σθαι.</strong></span> <span class='ocrx_word' id='word_1_338' title='bbox 534 2801 748 2877; x_wconf 83' lang='grc' dir='ltr'><strong>Ἐπειδὴ</strong></span> <span class='ocrx_word' id='word_1_339' title='bbox 778 2805 834 2858; x_wconf 79' lang='grc' dir='ltr'><strong>δέ</strong></span> <span class='ocrx_word' id='word_1_340' title='bbox 869 2825 982 2871; x_wconf 88' lang='grc' dir='ltr'><strong>πως</strong></span> <span class='ocrx_word' id='word_1_341' title='bbox 1005 2809 1308 2883; x_wconf 83' lang='grc' dir='ltr'><strong>ἀνθρώποις</strong></span> <span class='ocrx_word' id='word_1_342' title='bbox 1337 2815 1434 2868; x_wconf 80' lang='grc' dir='ltr'><strong>οὐκ</strong></span> <span class='ocrx_word' id='word_1_343' title='bbox 1471 2815 1616 2871; x_wconf 77' lang='grc' dir='ltr'><strong>ἐστιν</strong></span> <span class='ocrx_word' id='word_1_344' title='bbox 1643 2818 1904 2891; x_wconf 80' lang='grc' dir='ltr'><strong>ἄτρεπτος</strong></span> 
     </span>
    </p>
   </div>
   <div class='ocr_carea' id='block_1_46' title="bbox 347 2889 1904 2982">
    <p class='ocr_par' dir='ltr' id='par_1_46' title="bbox 347 2889 1904 2982">
     <span class='ocr_line' id='line_1_46' title="bbox 347 2889 1904 2982; baseline 0.014 -39"><span class='ocrx_word' id='word_1_345' title='bbox 347 2889 736 2966; x_wconf 70' lang='grc' dir='ltr'><strong>ἠπαραίτησις</strong></span> <span class='ocrx_word' id='word_1_346' title='bbox 771 2898 960 2968; x_wconf 77' lang='grc' dir='ltr'><strong>αὐτῆς,</strong></span> <span class='ocrx_word' id='word_1_347' title='bbox 995 2899 1096 2955; x_wconf 78' lang='grc' dir='ltr'><strong>κάν</strong></span> <span class='ocrx_word' id='word_1_348' title='bbox 1127 2919 1212 2966; x_wconf 88' lang='grc' dir='ltr'><strong>τις</strong></span> <span class='ocrx_word' id='word_1_349' title='bbox 1250 2904 1574 2978; x_wconf 74' lang='grc' dir='ltr'><strong>ἀναϐεϐήκει</strong></span> <span class='ocrx_word' id='word_1_350' title='bbox 1615 2889 1749 2980; x_wconf 77' lang='grc' dir='ltr'><strong>πρδς</strong></span> <span class='ocrx_word' id='word_1_351' title='bbox 1779 2912 1904 2982; x_wconf 85' lang='grc' dir='ltr'><strong>ἀρε-</strong></span> 
     </span>
    </p>
   </div>
   <div class='ocr_carea' id='block_1_47' title="bbox 339 2982 1901 3073">
    <p class='ocr_par' dir='ltr' id='par_1_47' title="bbox 339 2982 1901 3073">
     <span class='ocr_line' id='line_1_47' title="bbox 339 2982 1901 3073; baseline 0.014 -40"><span class='ocrx_word' id='word_1_352' title='bbox 339 2982 464 3053; x_wconf 79' lang='grc' dir='ltr'><strong>τὴν,</strong></span> <span class='ocrx_word' id='word_1_353' title='bbox 492 2989 836 3060; x_wconf 81' lang='grc' dir='ltr'><strong>πραττομένη</strong></span> <span class='ocrx_word' id='word_1_354' title='bbox 883 2990 1040 3061; x_wconf 86' lang='grc' dir='ltr'><strong>μόνον</strong></span> <span class='ocrx_word' id='word_1_355' title='bbox 1071 2988 1208 3047; x_wconf 75' lang='grc' dir='ltr'><strong>εἶναι</strong></span> <span class='ocrx_word' id='word_1_356' title='bbox 1261 2995 1424 3060; x_wconf 89' lang='grc' dir='ltr'><strong>δοκεῖ,</strong></span> <span class='ocrx_word' id='word_1_357' title='bbox 1460 2999 1578 3069; x_wconf 75' lang='grc' dir='ltr'><strong>οὐχὶ</strong></span> <span class='ocrx_word' id='word_1_358' title='bbox 1619 3000 1674 3052; x_wconf 87' lang='grc' dir='ltr'><strong>δὲ</strong></span> <span class='ocrx_word' id='word_1_359' title='bbox 1705 3001 1796 3054; x_wconf 78' lang='grc' dir='ltr'><strong>καὶ</strong></span> <span class='ocrx_word' id='word_1_360' title='bbox 1828 3002 1901 3073; x_wconf 78' lang='grc' dir='ltr'><strong>μὴ</strong></span> 
     </span>
    </p>
   </div>
   <div class='ocr_carea' id='block_1_48' title="bbox 341 3076 1901 3164">
    <p class='ocr_par' dir='ltr' id='par_1_48' title="bbox 341 3076 1901 3164">
     <span class='ocr_line' id='line_1_48' title="bbox 341 3076 1901 3164; baseline 0.013 -39"><span class='ocrx_word' id='word_1_361' title='bbox 341 3076 687 3149; x_wconf 78' lang='grc' dir='ltr'><strong>πραττομένη</strong></span> <span class='ocrx_word' id='word_1_362' title='bbox 711 3083 1070 3154; x_wconf 84' lang='grc' dir='ltr'><strong>προϋπάρχει.</strong></span> <span class='ocrx_word' id='word_1_363' title='bbox 1099 3085 1252 3138; x_wconf 75' lang='grc' dir='ltr'><strong>Οὕτω</strong></span> <span class='ocrx_word' id='word_1_364' title='bbox 1279 3087 1376 3157; x_wconf 82' lang='grc' dir='ltr'><strong>μὲν</strong></span> <span class='ocrx_word' id='word_1_365' title='bbox 1402 3088 1464 3160; x_wconf 79' lang='grc' dir='ltr'><strong>δὴ</strong></span> <span class='ocrx_word' id='word_1_366' title='bbox 1496 3091 1586 3142; x_wconf 76' lang='grc' dir='ltr'><strong>τὸν</strong></span> <span class='ocrx_word' id='word_1_367' title='bbox 1617 3091 1901 3164; x_wconf 80' lang='grc' dir='ltr'><strong>ἄνθρωπον</strong></span> 
     </span>
    </p>
   </div>
   <div class='ocr_carea' id='block_1_49' title="bbox 337 3165 1900 3255">
    <p class='ocr_par' dir='ltr' id='par_1_49' title="bbox 337 3165 1900 3255">
     <span class='ocr_line' id='line_1_49' title="bbox 337 3165 1900 3255; baseline 0.012 -39"><span class='ocrx_word' id='word_1_368' title='bbox 337 3165 633 3237; x_wconf 73' lang='grc' dir='ltr'><strong>τετίμηκεν</strong></span> <span class='ocrx_word' id='word_1_369' title='bbox 684 3170 713 3222; x_wconf 82' lang='grc' dir='ltr'>ὁ</span> <span class='ocrx_word' id='word_1_370' title='bbox 759 3171 916 3235; x_wconf 81' lang='grc' dir='ltr'><strong>Θεὸς,</strong></span> <span class='ocrx_word' id='word_1_371' title='bbox 953 3176 1072 3228; x_wconf 83' lang='grc' dir='ltr'><strong>κατ’</strong></span> <span class='ocrx_word' id='word_1_372' title='bbox 1109 3175 1290 3229; x_wconf 87' lang='grc' dir='ltr'><strong>εἰκόνα</strong></span> <span class='ocrx_word' id='word_1_373' title='bbox 1336 3177 1527 3231; x_wconf 79' lang='grc' dir='ltr'><strong>ἑαυτοῦ</strong></span> <span class='ocrx_word' id='word_1_374' title='bbox 1568 3179 1900 3255; x_wconf 82' lang='grc' dir='ltr'><strong>δημιουργή-</strong></span> 
     </span>
    </p>
   </div>
   <div class='ocr_carea' id='block_1_50' title="bbox 339 3259 1901 3344">
    <p class='ocr_par' dir='ltr' id='par_1_50' title="bbox 339 3259 1901 3344">
     <span class='ocr_line' id='line_1_50' title="bbox 339 3259 1901 3344; baseline 0.013 -35"><span class='ocrx_word' id='word_1_375' title='bbox 339 3272 533 3320; x_wconf 83' lang='grc' dir='ltr'><strong>σαντος</strong></span> <span class='ocrx_word' id='word_1_376' title='bbox 548 3259 706 3312; x_wconf 84' lang='grc' dir='ltr'><strong>αὐτόν</strong></span> <span class='ocrx_word' id='word_1_377' title='bbox 725 3277 738 3291; x_wconf 87' lang='grc'><strong>·</strong></span> <span class='ocrx_word' id='word_1_378' title='bbox 767 3262 832 3315; x_wconf 79' lang='grc' dir='ltr'><strong>ἵν’</strong></span> <span class='ocrx_word' id='word_1_379' title='bbox 865 3263 1052 3338; x_wconf 81' lang='grc' dir='ltr'><strong>ὥσπερ</strong></span> <span class='ocrx_word' id='word_1_380' title='bbox 1085 3268 1244 3330; x_wconf 73' lang='grc' dir='ltr'><strong>αὐτὸς</strong></span> <span class='ocrx_word' id='word_1_381' title='bbox 1265 3269 1659 3343; x_wconf 76' lang='grc' dir='ltr'><strong>ἐλευθεριότητι</strong></span> <span class='ocrx_word' id='word_1_382' title='bbox 1690 3276 1901 3344; x_wconf 79' lang='grc' dir='ltr'><strong>φύσεως</strong></span> 
     </span>
    </p>
   </div>
   <div class='ocr_carea' id='block_1_51' title="bbox 337 3333 1971 3436">
    <p class='ocr_par' dir='ltr' id='par_1_51' title="bbox 337 3333 1971 3436">
     <span class='ocr_line' id='line_1_51' title="bbox 337 3333 1971 3436; baseline 0.015 -41"><span class='ocrx_word' id='word_1_383' title='bbox 337 3343 562 3436; x_wconf 78' lang='grc' dir='ltr'><strong>ἀγαθὸς,</strong></span> <span class='ocrx_word' id='word_1_384' title='bbox 595 3347 735 3403; x_wconf 73' lang='grc' dir='ltr'><strong>οὕτω</strong></span> <span class='ocrx_word' id='word_1_385' title='bbox 765 3350 828 3421; x_wconf 77' lang='grc' dir='ltr'><strong>δὴ</strong></span> <span class='ocrx_word' id='word_1_386' title='bbox 871 3354 961 3406; x_wconf 78' lang='grc' dir='ltr'><strong>καὶ</strong></span> <span class='ocrx_word' id='word_1_387' title='bbox 981 3333 1321 3428; x_wconf 62' lang='grc' dir='ltr'><strong>δάνθρωπος</strong></span> <span class='ocrx_word' id='word_1_388' title='bbox 1349 3333 1739 3434; x_wconf 69' lang='grc' dir='ltr'><strong>ἐλευθεριότητι</strong></span> <span class='ocrx_word' id='word_1_389' title='bbox 1773 3333 1904 3436; x_wconf 45' lang='grc' dir='ltr'><strong>προίι</strong></span> <span class='ocrx_word' id='word_1_390' title='bbox 1929 3333 1971 3389; x_wconf 78' lang='lat' dir='ltr'><strong><em>C</em></strong></span> 
     </span>
    </p>
   </div>
   <div class='ocr_carea' id='block_1_52' title="bbox 339 3434 1902 3527">
    <p class='ocr_par' dir='ltr' id='par_1_52' title="bbox 339 3434 1902 3527">
     <span class='ocr_line' id='line_1_52' title="bbox 339 3434 1902 3527; baseline 0.016 -41"><span class='ocrx_word' id='word_1_391' title='bbox 339 3434 542 3527; x_wconf 73' lang='grc' dir='ltr'><strong>θέσεως</strong></span> <span class='ocrx_word' id='word_1_392' title='bbox 567 3437 810 3513; x_wconf 78' lang='grc' dir='ltr'><strong>ζηλωτὴς</strong></span> <span class='ocrx_word' id='word_1_393' title='bbox 842 3444 1057 3517; x_wconf 82' lang='grc' dir='ltr'><strong>ὑπάρχῃ</strong></span> <span class='ocrx_word' id='word_1_394' title='bbox 1083 3447 1238 3517; x_wconf 82' lang='grc' dir='ltr'><strong>Θεοῦ,</strong></span> <span class='ocrx_word' id='word_1_395' title='bbox 1264 3451 1364 3504; x_wconf 85' lang='grc' dir='ltr'><strong>οὐκ</strong></span> <span class='ocrx_word' id='word_1_396' title='bbox 1395 3452 1662 3527; x_wconf 76' lang='grc' dir='ltr'><strong>ἀδυναμίᾳ</strong></span> <span class='ocrx_word' id='word_1_397' title='bbox 1690 3434 1902 3526; x_wconf 80' lang='grc' dir='ltr'><strong>φύσεως</strong></span> 
     </span>
    </p>
   </div>
   <div class='ocr_carea' id='block_1_53' title="bbox 337 3525 1906 3621">
    <p class='ocr_par' dir='ltr' id='par_1_53' title="bbox 337 3525 1906 3621">
     <span class='ocr_line' id='line_1_53' title="bbox 337 3525 1906 3621; baseline 0.017 -44"><span class='ocrx_word' id='word_1_398' title='bbox 337 3525 434 3579; x_wconf 79' lang='grc' dir='ltr'><strong>τοῦ</strong></span> <span class='ocrx_word' id='word_1_399' title='bbox 481 3529 812 3601; x_wconf 83' lang='grc' dir='ltr'><strong>ἁμαρτάνειν</strong></span> <span class='ocrx_word' id='word_1_400' title='bbox 859 3536 1223 3609; x_wconf 74' lang='grc' dir='ltr'><strong>ἀπεχόμενος,</strong></span> <span class='ocrx_word' id='word_1_401' title='bbox 1271 3525 1659 3619; x_wconf 77' lang='grc' dir='ltr'><strong>ἐλευθεριότητι</strong></span> <span class='ocrx_word' id='word_1_402' title='bbox 1701 3525 1755 3602; x_wconf 82' lang='grc' dir='ltr'><strong>δὲ</strong></span> <span class='ocrx_word' id='word_1_403' title='bbox 1807 3549 1906 3621; x_wconf 76' lang='grc' dir='ltr'><strong>τὴν</strong></span> 
     </span>
    </p>
   </div>
   <div class='ocr_carea' id='block_1_54' title="bbox 338 3621 767 3696">
    <p class='ocr_par' dir='ltr' id='par_1_54' title="bbox 338 3621 767 3696">
     <span class='ocr_line' id='line_1_54' title="bbox 338 3621 767 3696; baseline 0.021 -24"><span class='ocrx_word' id='word_1_404' title='bbox 338 3621 541 3694; x_wconf 77' lang='grc' dir='ltr'><strong>ἀρετὴν</strong></span> <span class='ocrx_word' id='word_1_405' title='bbox 571 3625 767 3696; x_wconf 81' lang='grc' dir='ltr'><strong>τιμῶν.</strong></span> 
     </span>
    </p>
   </div>
   <div class='ocr_carea' id='block_1_55' title="bbox 411 3800 1902 3884">
    <p class='ocr_par' dir='ltr' id='par_1_55' title="bbox 411 3800 1902 3884">
     <span class='ocr_line' id='line_1_55' title="bbox 411 3800 1902 3884; baseline 0.014 -31"><span class='ocrx_word' id='word_1_406' title='bbox 411 3800 594 3856; x_wconf 78' lang='grc' dir='ltr'><strong>Ταῦτα</strong></span> <span class='ocrx_word' id='word_1_407' title='bbox 635 3803 689 3857; x_wconf 82' lang='grc' dir='ltr'><strong>δὲ</strong></span> <span class='ocrx_word' id='word_1_408' title='bbox 739 3806 988 3877; x_wconf 84' lang='grc' dir='ltr'><strong>σημαίνει</strong></span> <span class='ocrx_word' id='word_1_409' title='bbox 1021 3810 1119 3880; x_wconf 83' lang='grc' dir='ltr'><strong>μὲν</strong></span> <span class='ocrx_word' id='word_1_410' title='bbox 1151 3812 1454 3884; x_wconf 76' lang='grc' dir='ltr'><strong>αὐτάρκως,</strong></span> <span class='ocrx_word' id='word_1_411' title='bbox 1490 3817 1581 3870; x_wconf 71' lang='grc' dir='ltr'><strong>καὶ</strong></span> <span class='ocrx_word' id='word_1_412' title='bbox 1613 3817 1672 3869; x_wconf 85' lang='grc' dir='ltr'><strong>τὸ</strong></span> <span class='ocrx_word' id='word_1_413' title='bbox 1704 3820 1902 3884; x_wconf 70' lang='grc' dir='ltr'><strong>πολλὰς</strong></span> 
     </span>
    </p>
   </div>
   <div class='ocr_carea' id='block_1_56' title="bbox 342 3888 1902 3984">
    <p class='ocr_par' dir='ltr' id='par_1_56' title="bbox 342 3888 1902 3984">
     <span class='ocr_line' id='line_1_56' title="bbox 342 3888 1902 3984; baseline 0.015 -42"><span class='ocrx_word' id='word_1_414' title='bbox 342 3888 600 3954; x_wconf 77' lang='grc' dir='ltr'><strong>πολλάκις</strong></span> <span class='ocrx_word' id='word_1_415' title='bbox 641 3894 698 3945; x_wconf 81' lang='grc' dir='ltr'><strong>ἐν</strong></span> <span class='ocrx_word' id='word_1_416' title='bbox 744 3895 1050 3967; x_wconf 78' lang='grc' dir='ltr'><strong>ἀνθρώποις</strong></span> <span class='ocrx_word' id='word_1_417' title='bbox 1099 3901 1449 3973; x_wconf 82' lang='grc' dir='ltr'>εὑρίσκεσθαι</span> <span class='ocrx_word' id='word_1_418' title='bbox 1510 3909 1644 3980; x_wconf 84' lang='grc' dir='ltr'><strong>πρὸς</strong></span> <span class='ocrx_word' id='word_1_419' title='bbox 1702 3912 1902 3984; x_wconf 76' lang='grc' dir='ltr'><strong>ἀρετὴν</strong></span> 
     </span>
    </p>
   </div>
   <div class='ocr_carea' id='block_1_57' title="bbox 339 3981 1902 4072">
    <p class='ocr_par' dir='ltr' id='par_1_57' title="bbox 339 3981 1902 4072">
     <span class='ocr_line' id='line_1_57' title="bbox 339 3981 1902 4072; baseline 0.015 -38"><span class='ocrx_word' id='word_1_420' title='bbox 339 3981 436 4034; x_wconf 78' lang='grc' dir='ltr'>καὶ</span> <span class='ocrx_word' id='word_1_421' title='bbox 467 3983 688 4072; x_wconf 4' lang='grc' dir='ltr'><strong>,κακίαν</strong></span> <span class='ocrx_word' id='word_1_422' title='bbox 743 3989 1070 4055; x_wconf 74' lang='grc' dir='ltr'><strong>μεταϐολάς,</strong></span> <span class='ocrx_word' id='word_1_423' title='bbox 1121 3988 1201 4059; x_wconf 79' lang='grc' dir='ltr'><strong>οἷς</strong></span> <span class='ocrx_word' id='word_1_424' title='bbox 1254 3995 1320 4049; x_wconf 80' lang='grc' dir='ltr'><strong>ἀν</strong></span> <span class='ocrx_word' id='word_1_425' title='bbox 1368 3999 1658 4072; x_wconf 80' lang='grc' dir='ltr'><strong>μηδέτερον</strong></span> <span class='ocrx_word' id='word_1_426' title='bbox 1700 3981 1902 4058; x_wconf 79' lang='grc' dir='ltr'><strong>τούτων</strong></span> 
     </span>
    </p>
   </div>
   <div class='ocr_carea' id='block_1_58' title="bbox 335 4071 1902 4174">
    <p class='ocr_par' dir='ltr' id='par_1_58' title="bbox 335 4071 1902 4174">
     <span class='ocr_line' id='line_1_58' title="bbox 335 4071 1902 4174; baseline 0.017 -53"><span class='ocrx_word' id='word_1_427' title='bbox 335 4071 550 4174; x_wconf 76' lang='grc' dir='ltr'><strong>παγίως</strong></span> <span class='ocrx_word' id='word_1_428' title='bbox 589 4076 880 4174; x_wconf 40' lang='grc' dir='ltr'><strong>’ἐνυπάρχῃ</strong></span> <span class='ocrx_word' id='word_1_429' title='bbox 930 4083 1123 4152; x_wconf 82' lang='grc' dir='ltr'><strong>χρονίῳ</strong></span> <span class='ocrx_word' id='word_1_430' title='bbox 1173 4085 1460 4158; x_wconf 73' lang='grc' dir='ltr'><strong>συνηθείᾳ·</strong></span> <span class='ocrx_word' id='word_1_431' title='bbox 1513 4071 1611 4142; x_wconf 77' lang='grc' dir='ltr'>ὅσα</span> <span class='ocrx_word' id='word_1_432' title='bbox 1653 4092 1750 4161; x_wconf 85' lang='grc' dir='ltr'><strong>μὲν</strong></span> <span class='ocrx_word' id='word_1_433' title='bbox 1794 4094 1902 4165; x_wconf 79' lang='grc' dir='ltr'><strong>γὰρ</strong></span> 
     </span>
    </p>
   </div>
   <div class='ocr_carea' id='block_1_59' title="bbox 333 4163 1903 4251">
    <p class='ocr_par' dir='ltr' id='par_1_59' title="bbox 333 4163 1903 4251">
     <span class='ocr_line' id='line_1_59' title="bbox 333 4163 1903 4251; baseline 0.017 -40"><span class='ocrx_word' id='word_1_434' title='bbox 333 4163 549 4251; x_wconf 67' lang='grc' dir='ltr'><strong>φύσεως</strong></span> <span class='ocrx_word' id='word_1_435' title='bbox 577 4163 787 4238; x_wconf 82' lang='grc' dir='ltr'><strong>ἀνάγκῃ</strong></span> <span class='ocrx_word' id='word_1_436' title='bbox 821 4168 1054 4239; x_wconf 82' lang='grc' dir='ltr'><strong>δρῶμεν,</strong></span> <span class='ocrx_word' id='word_1_437' title='bbox 1090 4173 1291 4228; x_wconf 81' lang='grc' dir='ltr'><strong>τούτων</strong></span> <span class='ocrx_word' id='word_1_438' title='bbox 1324 4178 1622 4251; x_wconf 77' lang='grc' dir='ltr'><strong>μεταϐολὴν</strong></span> <span class='ocrx_word' id='word_1_439' title='bbox 1655 4183 1753 4236; x_wconf 77' lang='grc' dir='ltr'><strong>οὐκ</strong></span> <span class='ocrx_word' id='word_1_440' title='bbox 1784 4163 1903 4238; x_wconf 19' lang='grc' dir='ltr'><strong>ἐπιν-</strong></span> 
     </span>
    </p>
   </div>
   <div class='ocr_carea' id='block_1_60' title="bbox 333 4249 1901 4342">
    <p class='ocr_par' dir='ltr' id='par_1_60' title="bbox 333 4249 1901 4342">
     <span class='ocr_line' id='line_1_60' title="bbox 333 4249 1901 4342; baseline 0.02 -41"><span class='ocrx_word' id='word_1_441' title='bbox 333 4249 622 4342; x_wconf 72' lang='grc' dir='ltr'><strong>δεχόμεθα·</strong></span> <span class='ocrx_word' id='word_1_442' title='bbox 658 4255 756 4309; x_wconf 81' lang='grc' dir='ltr'>ὅσα</span> <span class='ocrx_word' id='word_1_443' title='bbox 801 4258 857 4310; x_wconf 83' lang='grc' dir='ltr'><strong>δὲ</strong></span> <span class='ocrx_word' id='word_1_444' title='bbox 899 4259 1040 4332; x_wconf 80' lang='grc' dir='ltr'><strong>λόγῳ</strong></span> <span class='ocrx_word' id='word_1_445' title='bbox 1071 4266 1372 4335; x_wconf 74' lang='grc' dir='ltr'><strong>προθέσεως</strong></span> <span class='ocrx_word' id='word_1_446' title='bbox 1421 4249 1701 4342; x_wconf 77' lang='grc' dir='ltr'><strong>ποιοῦμεν,</strong></span> <span class='ocrx_word' id='word_1_447' title='bbox 1730 4276 1901 4332; x_wconf 72' lang='grc' dir='ltr'><strong>ταῦτα</strong></span> 
     </span>
    </p>
   </div>
   <div class='ocr_carea' id='block_1_61' title="bbox 331 4336 1900 4436">
    <p class='ocr_par' dir='ltr' id='par_1_61' title="bbox 331 4336 1900 4436">
     <span class='ocr_line' id='line_1_61' title="bbox 331 4336 1900 4436; baseline 0.02 -46"><span class='ocrx_word' id='word_1_448' title='bbox 331 4336 736 4436; x_wconf 31' lang='grc' dir='ltr'><strong>ἄλλοτε-ἄλλως</strong></span> <span class='ocrx_word' id='word_1_449' title='bbox 771 4350 828 4401; x_wconf 84' lang='grc' dir='ltr'><strong>ἐν</strong></span> <span class='ocrx_word' id='word_1_450' title='bbox 872 4351 1003 4421; x_wconf 80' lang='grc' dir='ltr'><strong>ἡμῖν</strong></span> <span class='ocrx_word' id='word_1_451' title='bbox 1052 4353 1162 4424; x_wconf 77' lang='grc' dir='ltr'><strong>ἔχει</strong></span> <span class='ocrx_word' id='word_1_452' title='bbox 1217 4357 1352 4428; x_wconf 83' lang='grc' dir='ltr'><strong>πρὸς</strong></span> <span class='ocrx_word' id='word_1_453' title='bbox 1402 4359 1499 4425; x_wconf 85' lang='grc' dir='ltr'><strong>τὰς</strong></span> <span class='ocrx_word' id='word_1_454' title='bbox 1548 4336 1900 4436; x_wconf 75' lang='grc' dir='ltr'><strong>ἐγγινομένας</strong></span> 
     </span>
    </p>
   </div>
   <div class='ocr_carea' id='block_1_62' title="bbox 333 4433 1900 4526">
    <p class='ocr_par' dir='ltr' id='par_1_62' title="bbox 333 4433 1900 4526">
     <span class='ocr_line' id='line_1_62' title="bbox 333 4433 1900 4526; baseline 0.018 -43"><span class='ocrx_word' id='word_1_455' title='bbox 333 4433 678 4526; x_wconf 24' lang='grc' dir='ltr'><strong>τῇᾲπροθέσει</strong></span> <span class='ocrx_word' id='word_1_456' title='bbox 710 4441 898 4508; x_wconf 80' lang='grc' dir='ltr'><strong>ῥοπάς,</strong></span> <span class='ocrx_word' id='word_1_457' title='bbox 929 4444 999 4496; x_wconf 77' lang='grc' dir='ltr'><strong>Οὐ</strong></span> <span class='ocrx_word' id='word_1_458' title='bbox 1023 4445 1201 4499; x_wconf 86' lang='grc' dir='ltr'><strong>τοίνυν</strong></span> <span class='ocrx_word' id='word_1_459' title='bbox 1236 4452 1461 4516; x_wconf 73' lang='grc' dir='ltr'><strong>φυσικὸν</strong></span> <span class='ocrx_word' id='word_1_460' title='bbox 1485 4457 1578 4508; x_wconf 72' lang='grc' dir='ltr'><strong>καὶ</strong></span> <span class='ocrx_word' id='word_1_461' title='bbox 1605 4433 1900 4526; x_wconf 74' lang='grc' dir='ltr'><strong>ἀναγκαῖον</strong></span> 
     </span>
    </p>
   </div>
   <div class='ocr_carea' id='block_1_63' title="bbox 327 4521 1899 4612">
    <p class='ocr_par' dir='ltr' id='par_1_63' title="bbox 327 4521 1899 4612">
     <span class='ocr_line' id='line_1_63' title="bbox 327 4521 1899 4612; baseline 0.018 -39"><span class='ocrx_word' id='word_1_462' title='bbox 327 4521 636 4590; x_wconf 83' lang='grc' dir='ltr'><strong>ἀνθρώποις</strong></span> <span class='ocrx_word' id='word_1_463' title='bbox 677 4528 737 4581; x_wconf 84' lang='grc' dir='ltr'><strong>τὺ</strong></span> <span class='ocrx_word' id='word_1_464' title='bbox 783 4531 1069 4602; x_wconf 82' lang='grc' dir='ltr'><strong>ἁμαρτεῖν,</strong></span> <span class='ocrx_word' id='word_1_465' title='bbox 1104 4536 1238 4590; x_wconf 86' lang='grc' dir='ltr'><strong>ἀλλά</strong></span> <span class='ocrx_word' id='word_1_466' title='bbox 1280 4546 1658 4612; x_wconf 84' lang='grc' dir='ltr'><strong>προαιρετικὸν</strong></span> <span class='ocrx_word' id='word_1_467' title='bbox 1708 4521 1768 4600; x_wconf 76' lang='grc' dir='ltr'><strong>τὸ</strong></span> <span class='ocrx_word' id='word_1_468' title='bbox 1802 4566 1899 4601; x_wconf 90' lang='grc' dir='ltr'><strong>κα-</strong></span> 
     </span>
    </p>
   </div>
   <div class='ocr_carea' id='block_1_64' title="bbox 326 4621 1894 4710">
    <p class='ocr_par' dir='ltr' id='par_1_64' title="bbox 326 4621 1894 4710">
     <span class='ocr_line' id='line_1_64' title="bbox 326 4621 1894 4710; baseline 0.018 -43"><span class='ocrx_word' id='word_1_469' title='bbox 326 4621 644 4688; x_wconf 87' lang='grc' dir='ltr'><strong>κοπραγεῖν.</strong></span> <span class='ocrx_word' id='word_1_470' title='bbox 677 4622 935 4693; x_wconf 83' lang='grc' dir='ltr'><strong>Σημαίνει</strong></span> <span class='ocrx_word' id='word_1_471' title='bbox 973 4626 1029 4678; x_wconf 85' lang='grc' dir='ltr'>δὲ</span> <span class='ocrx_word' id='word_1_472' title='bbox 1079 4630 1172 4682; x_wconf 75' lang='grc' dir='ltr'><strong>καὶ</strong></span> <span class='ocrx_word' id='word_1_473' title='bbox 1212 4633 1240 4686; x_wconf 88' lang='grc' dir='ltr'><strong>ό</strong></span> <span class='ocrx_word' id='word_1_474' title='bbox 1271 4633 1428 4697; x_wconf 86' lang='grc' dir='ltr'><strong>πόνος</strong></span> <span class='ocrx_word' id='word_1_475' title='bbox 1467 4637 1564 4707; x_wconf 76' lang='grc' dir='ltr'><strong>τῆς</strong></span> <span class='ocrx_word' id='word_1_476' title='bbox 1601 4640 1798 4710; x_wconf 79' lang='grc' dir='ltr'><strong>ἀρετῆς</strong></span> <span class='ocrx_word' id='word_1_477' title='bbox 1832 4642 1894 4694; x_wconf 81' lang='grc' dir='ltr'><strong>τὸ</strong></span> 
     </span>
    </p>
   </div>
   <div class='ocr_carea' id='block_1_65' title="bbox 327 4713 1892 4797">
    <p class='ocr_par' dir='ltr' id='par_1_65' title="bbox 327 4713 1892 4797">
     <span class='ocr_line' id='line_1_65' title="bbox 327 4713 1892 4797; baseline 0.017 -37"><span class='ocrx_word' id='word_1_478' title='bbox 327 4713 710 4781; x_wconf 77' lang='grc' dir='ltr'><strong>προαιρετικὸν</strong></span> <span class='ocrx_word' id='word_1_479' title='bbox 764 4715 870 4767; x_wconf 83' lang='grc' dir='ltr'><strong>τῶν</strong></span> <span class='ocrx_word' id='word_1_480' title='bbox 926 4723 1276 4791; x_wconf 82' lang='grc' dir='ltr'><strong>κεκτημένων</strong></span> <span class='ocrx_word' id='word_1_481' title='bbox 1331 4727 1539 4797; x_wconf 67' lang='grc' dir='ltr'><strong>αὐτή-θ’</strong></span> <span class='ocrx_word' id='word_1_482' title='bbox 1593 4725 1673 4793; x_wconf 75' lang='grc' dir='ltr'><strong>οἷς</strong></span> <span class='ocrx_word' id='word_1_483' title='bbox 1729 4733 1782 4786; x_wconf 78' lang='grc' dir='ltr'><strong>εἴ</strong></span> <span class='ocrx_word' id='word_1_484' title='bbox 1841 4751 1892 4785; x_wconf 88' lang='grc' dir='ltr'><strong>τι</strong></span> 
     </span>
    </p>
   </div>
   <div class='ocr_carea' id='block_1_66' title="bbox 327 4801 1893 4882">
    <p class='ocr_par' dir='ltr' id='par_1_66' title="bbox 327 4801 1893 4882">
     <span class='ocr_line' id='line_1_66' title="bbox 327 4801 1893 4882; baseline 0.015 -29"><span class='ocrx_word' id='word_1_485' title='bbox 327 4801 424 4854; x_wconf 77' lang='grc' dir='ltr'><strong>καὶ</strong></span> <span class='ocrx_word' id='word_1_486' title='bbox 504 4804 699 4876; x_wconf 84' lang='grc' dir='ltr'><strong>μικρὸν</strong></span> <span class='ocrx_word' id='word_1_487' title='bbox 767 4807 1024 4877; x_wconf 81' lang='grc' dir='ltr'><strong>ἀμελείας</strong></span> <span class='ocrx_word' id='word_1_488' title='bbox 1087 4813 1385 4882; x_wconf 79' lang='grc' dir='ltr'><strong>ὲγγίνοιτο,</strong></span> <span class='ocrx_word' id='word_1_489' title='bbox 1468 4821 1759 4876; x_wconf 74' lang='grc' dir='ltr'><strong>κινδυνεύει</strong></span> <span class='ocrx_word' id='word_1_490' title='bbox 1833 4826 1893 4877; x_wconf 81' lang='grc' dir='ltr'><strong>τὸ</strong></span> 
     </span>
    </p>
   </div>
   <div class='ocr_carea' id='block_1_67' title="bbox 326 4891 531 4962">
    <p class='ocr_par' dir='ltr' id='par_1_67' title="bbox 326 4891 531 4962">
     <span class='ocr_line' id='line_1_67' title="bbox 326 4891 531 4962; baseline 0.02 -19"><span class='ocrx_word' id='word_1_491' title='bbox 326 4891 531 4962; x_wconf 80' lang='grc' dir='ltr'><strong>κτῆμα.</strong></span> 
     </span>
    </p>
   </div>
   <div class='ocr_carea' id='block_1_68' title="bbox 395 5070 1886 5158">
    <p class='ocr_par' dir='ltr' id='par_1_68' title="bbox 395 5070 1886 5158">
     <span class='ocr_line' id='line_1_68' title="bbox 395 5070 1886 5158; baseline 0.013 -35"><span class='ocrx_word' id='word_1_492' title='bbox 395 5070 457 5123; x_wconf 81' lang='lat' dir='ltr'><strong>Ei</strong></span> <span class='ocrx_word' id='word_1_493' title='bbox 492 5071 547 5124; x_wconf 80' lang='grc' dir='ltr'><strong>δέ</strong></span> <span class='ocrx_word' id='word_1_494' title='bbox 581 5091 664 5137; x_wconf 89' lang='grc' dir='ltr'><strong>τις</strong></span> <span class='ocrx_word' id='word_1_495' title='bbox 695 5075 835 5130; x_wconf 83' lang='grc' dir='ltr'><strong>κατά</strong></span> <span class='ocrx_word' id='word_1_496' title='bbox 856 5078 949 5130; x_wconf 73' lang='grc' dir='ltr'><strong>τοῦ</strong></span> <span class='ocrx_word' id='word_1_497' title='bbox 983 5078 1141 5147; x_wconf 81' lang='grc' dir='ltr'><strong>λόγου</strong></span> <span class='ocrx_word' id='word_1_498' title='bbox 1173 5083 1410 5153; x_wconf 86' lang='grc' dir='ltr'><strong>παράγοι</strong></span> <span class='ocrx_word' id='word_1_499' title='bbox 1443 5084 1532 5136; x_wconf 82' lang='grc' dir='ltr'><strong>τὸν</strong></span> <span class='ocrx_word' id='word_1_500' title='bbox 1566 5085 1886 5158; x_wconf 84' lang='grc' dir='ltr'><strong>βουλόμενον</strong></span> 
     </span>
    </p>
   </div>
   <div class='ocr_carea' id='block_1_69' title="bbox 328 5157 1889 5246">
    <p class='ocr_par' dir='ltr' id='par_1_69' title="bbox 328 5157 1889 5246">
     <span class='ocr_line' id='line_1_69' title="bbox 328 5157 1889 5246; baseline 0.013 -37"><span class='ocrx_word' id='word_1_501' title='bbox 328 5157 428 5226; x_wconf 86' lang='grc' dir='ltr'><strong>μὲν</strong></span> <span class='ocrx_word' id='word_1_502' title='bbox 457 5158 601 5213; x_wconf 82' lang='grc' dir='ltr'><strong>ἔστιν</strong></span> <span class='ocrx_word' id='word_1_503' title='bbox 639 5164 725 5216; x_wconf 84' lang='grc' dir='ltr'><strong>ὅτε</strong></span> <span class='ocrx_word' id='word_1_504' title='bbox 775 5165 990 5232; x_wconf 83' lang='grc' dir='ltr'><strong>φαύλων</strong></span> <span class='ocrx_word' id='word_1_505' title='bbox 1030 5169 1348 5239; x_wconf 82' lang='grc' dir='ltr'><strong>ἀπέχεσθαι,</strong></span> <span class='ocrx_word' id='word_1_506' title='bbox 1387 5171 1664 5241; x_wconf 71' lang='grc' dir='ltr'><strong>φάσκοντα</strong></span> <span class='ocrx_word' id='word_1_507' title='bbox 1689 5157 1749 5242; x_wconf 88' lang='grc' dir='ltr'><strong>γε</strong></span> <span class='ocrx_word' id='word_1_508' title='bbox 1785 5178 1889 5246; x_wconf 81' lang='grc' dir='ltr'><strong>μὴν</strong></span> 
     </span>
    </p>
   </div>
   <div class='ocr_carea' id='block_1_70' title="bbox 323 5250 1889 5337">
    <p class='ocr_par' dir='ltr' id='par_1_70' title="bbox 323 5250 1889 5337">
     <span class='ocr_line' id='line_1_70' title="bbox 323 5250 1889 5337; baseline 0.013 -36"><span class='ocrx_word' id='word_1_509' title='bbox 323 5250 596 5317; x_wconf 83' lang='grc' dir='ltr'><strong>ἀδυνάτως</strong></span> <span class='ocrx_word' id='word_1_510' title='bbox 619 5255 762 5325; x_wconf 76' lang='grc' dir='ltr'><strong>ἔχειν</strong></span> <span class='ocrx_word' id='word_1_511' title='bbox 780 5275 793 5286; x_wconf 89' lang='grc'><strong>·</strong></span> <span class='ocrx_word' id='word_1_512' title='bbox 829 5258 1160 5329; x_wconf 78' lang='grc' dir='ltr'><strong>μανθανέτω,</strong></span> <span class='ocrx_word' id='word_1_513' title='bbox 1191 5263 1266 5326; x_wconf 81' lang='grc' dir='ltr'><strong>ὡς</strong></span> <span class='ocrx_word' id='word_1_514' title='bbox 1289 5265 1499 5336; x_wconf 85' lang='grc' dir='ltr'><strong>χρόνιον</strong></span> <span class='ocrx_word' id='word_1_515' title='bbox 1531 5268 1627 5336; x_wconf 80' lang='grc' dir='ltr'><strong>μὲν</strong></span> <span class='ocrx_word' id='word_1_516' title='bbox 1659 5269 1752 5320; x_wconf 81' lang='grc' dir='ltr'><strong>καὶ</strong></span> <span class='ocrx_word' id='word_1_517' title='bbox 1780 5269 1889 5337; x_wconf 74' lang='lat'><strong>(‘27)</strong></span> 
     </span>
    </p>
   </div>
   <div class='ocr_carea' id='block_1_71' title="bbox 325 5343 1887 5428">
    <p class='ocr_par' dir='ltr' id='par_1_71' title="bbox 325 5343 1887 5428">
     <span class='ocr_line' id='line_1_71' title="bbox 325 5343 1887 5428; baseline 0.013 -33"><span class='ocrx_word' id='word_1_518' title='bbox 325 5343 467 5397; x_wconf 83' lang='grc' dir='ltr'><strong>κατὰ</strong></span> <span class='ocrx_word' id='word_1_519' title='bbox 497 5346 652 5418; x_wconf 81' lang='grc' dir='ltr'><strong>σῶμα</strong></span> <span class='ocrx_word' id='word_1_520' title='bbox 674 5349 842 5414; x_wconf 78' lang='grc' dir='ltr'><strong>πάθος</strong></span> <span class='ocrx_word' id='word_1_521' title='bbox 865 5353 922 5404; x_wconf 79' lang='grc' dir='ltr'><strong>ού</strong></span> <span class='ocrx_word' id='word_1_522' title='bbox 957 5354 1152 5425; x_wconf 71' lang='grc' dir='ltr'><strong>ῥαδίως</strong></span> <span class='ocrx_word' id='word_1_523' title='bbox 1179 5359 1582 5426; x_wconf 82' lang='grc' dir='ltr'><strong>μετακινεῖσθαι</strong></span> <span class='ocrx_word' id='word_1_524' title='bbox 1614 5361 1851 5428; x_wconf 66' lang='grc' dir='ltr'><strong>πέφυκεν</strong></span> <span class='ocrx_word' id='word_1_525' title='bbox 1873 5380 1887 5391; x_wconf 79' lang='grc'><em>’</em></span> 
     </span>
    </p>
   </div>
   <div class='ocr_carea' id='block_1_72' title="bbox 324 5433 1886 5524">
    <p class='ocr_par' dir='ltr' id='par_1_72' title="bbox 324 5433 1886 5524">
     <span class='ocr_line' id='line_1_72' title="bbox 324 5433 1886 5524; baseline 0.013 -38"><span class='ocrx_word' id='word_1_526' title='bbox 324 5433 468 5489; x_wconf 78' lang='grc' dir='ltr'><strong>οὕτω</strong></span> <span class='ocrx_word' id='word_1_527' title='bbox 497 5437 558 5508; x_wconf 76' lang='grc' dir='ltr'><strong>δὴ</strong></span> <span class='ocrx_word' id='word_1_528' title='bbox 593 5441 684 5492; x_wconf 77' lang='grc' dir='ltr'>καὶ</span> <span class='ocrx_word' id='word_1_529' title='bbox 728 5444 826 5514; x_wconf 81' lang='grc' dir='ltr'><strong>τῆς</strong></span> <span class='ocrx_word' id='word_1_530' title='bbox 857 5443 1034 5516; x_wconf 69' lang='grc' dir='ltr'><strong>ψυχῆς</strong></span> <span class='ocrx_word' id='word_1_531' title='bbox 1067 5445 1177 5512; x_wconf 82' lang='grc' dir='ltr'><strong>ἕξις</strong></span> <span class='ocrx_word' id='word_1_532' title='bbox 1208 5450 1306 5502; x_wconf 77' lang='grc' dir='ltr'><strong>οὐκ</strong></span> <span class='ocrx_word' id='word_1_533' title='bbox 1336 5451 1534 5524; x_wconf 81' lang='grc' dir='ltr'><strong>ἀγαθὴ,</strong></span> <span class='ocrx_word' id='word_1_534' title='bbox 1566 5454 1738 5524; x_wconf 86' lang='grc' dir='ltr'><strong>χρόνῳ</strong></span> <span class='ocrx_word' id='word_1_535' title='bbox 1783 5473 1886 5506; x_wconf 77' lang='grc' dir='ltr'><strong>πα-</strong></span> 
     </span>
    </p>
   </div>
   <div class='ocr_carea' id='block_1_73' title="bbox 325 5532 1888 5620">
    <p class='ocr_par' dir='ltr' id='par_1_73' title="bbox 325 5532 1888 5620">
     <span class='ocr_line' id='line_1_73' title="bbox 325 5532 1888 5620; baseline 0.012 -38"><span class='ocrx_word' id='word_1_536' title='bbox 325 5532 503 5597; x_wconf 60' lang='grc' dir='ltr'><strong>γςῖσα,</strong></span> <span class='ocrx_word' id='word_1_537' title='bbox 543 5533 640 5586; x_wconf 68' lang='grc' dir='ltr'><strong>οὐκ</strong></span> <span class='ocrx_word' id='word_1_538' title='bbox 683 5535 900 5590; x_wconf 69' lang='grc' dir='ltr'><strong>εὔκολον</strong></span> <span class='ocrx_word' id='word_1_539' title='bbox 938 5539 1049 5610; x_wconf 78' lang='grc' dir='ltr'><strong>ἕχει</strong></span> <span class='ocrx_word' id='word_1_540' title='bbox 1092 5542 1198 5594; x_wconf 81' lang='grc' dir='ltr'><strong>τῶν</strong></span> <span class='ocrx_word' id='word_1_541' title='bbox 1244 5546 1299 5597; x_wconf 77' lang='grc' dir='ltr'><strong>ἐν</strong></span> <span class='ocrx_word' id='word_1_542' title='bbox 1335 5545 1500 5616; x_wconf 75' lang='grc' dir='ltr'><strong>πολλῇ</strong></span> <span class='ocrx_word' id='word_1_543' title='bbox 1530 5563 1592 5614; x_wconf 87' lang='grc' dir='ltr'><strong>γε</strong></span> <span class='ocrx_word' id='word_1_544' title='bbox 1633 5548 1888 5620; x_wconf 56' lang='grc' dir='ltr'><strong>συνηθείᾳ</strong></span> 
     </span>
    </p>
   </div>
   <div class='ocr_carea' id='block_1_74' title="bbox 399 5686 1190 5764">
    <p class='ocr_par' dir='ltr' id='par_1_74' title="bbox 399 5686 1190 5764">
     <span class='ocr_line' id='line_1_74' title="bbox 399 5686 1190 5764; baseline 0.015 -24"><span class='ocrx_word' id='word_1_545' title='bbox 399 5686 510 5760; x_wconf 72' lang='grc'><strong>(27)</strong></span> <span class='ocrx_word' id='word_1_546' title='bbox 547 5693 704 5748; x_wconf 79' lang='grc' dir='ltr'><strong>Κατὰ</strong></span> <span class='ocrx_word' id='word_1_547' title='bbox 735 5694 902 5764; x_wconf 74' lang='grc' dir='ltr'>σῶμα</span> <span class='ocrx_word' id='word_1_548' title='bbox 933 5697 1121 5764; x_wconf 71' lang='grc' dir='ltr'><strong>πάἹρς</strong></span> <span class='ocrx_word' id='word_1_549' title='bbox 1155 5737 1190 5753; x_wconf 88' lang='grc'><strong>..</strong></span> 
     </span>
    </p>
   </div>
   <div class='ocr_carea' id='block_1_75' title="bbox 2008 2073 3571 2147">
    <p class='ocr_par' dir='ltr' id='par_1_75' title="bbox 2008 2073 3571 2147">
     <span class='ocr_line' id='line_1_75' title="bbox 2008 2073 3571 2147; baseline 0.001 -17"><span class='ocrx_word' id='word_1_550' title='bbox 2008 2077 2215 2147; x_wconf 86' lang='lat' dir='ltr'><strong>justum</strong></span> <span class='ocrx_word' id='word_1_551' title='bbox 2265 2073 2443 2130; x_wconf 89' lang='lat' dir='ltr'><strong>facere</strong></span> <span class='ocrx_word' id='word_1_552' title='bbox 2469 2116 2484 2140; x_wconf 94' lang='lat'><strong>,</strong></span> <span class='ocrx_word' id='word_1_553' title='bbox 2527 2084 2673 2132; x_wconf 83' lang='lat' dir='ltr'><strong>recte</strong></span> <span class='ocrx_word' id='word_1_554' title='bbox 2726 2075 2944 2147; x_wconf 87' lang='lat' dir='ltr'><strong>quidem</strong></span> <span class='ocrx_word' id='word_1_555' title='bbox 2975 2075 3240 2142; x_wconf 84' lang='lat' dir='ltr'><strong>dicimus;</strong></span> <span class='ocrx_word' id='word_1_556' title='bbox 3289 2083 3528 2132; x_wconf 90' lang='lat' dir='ltr'><strong>attamen</strong></span> <span class='ocrx_word' id='word_1_557' title='bbox 3557 2119 3571 2137; x_wconf 90' lang='lat'><strong>.</strong></span> 
     </span>
    </p>
   </div>
   <div class='ocr_carea' id='block_1_76' title="bbox 2010 2166 3572 2238">
    <p class='ocr_par' dir='ltr' id='par_1_76' title="bbox 2010 2166 3572 2238">
     <span class='ocr_line' id='line_1_76' title="bbox 2010 2166 3572 2238; baseline 0.001 -17"><span class='ocrx_word' id='word_1_558' title='bbox 2010 2183 2118 2223; x_wconf 90' lang='lat' dir='ltr'><strong>non</strong></span> <span class='ocrx_word' id='word_1_559' title='bbox 2147 2183 2326 2238; x_wconf 88' lang='lat' dir='ltr'><strong>posse,</strong></span> <span class='ocrx_word' id='word_1_560' title='bbox 2363 2182 2470 2221; x_wconf 91' lang='lat' dir='ltr'><strong>non</strong></span> <span class='ocrx_word' id='word_1_561' title='bbox 2501 2167 2565 2221; x_wconf 89' lang='lat' dir='ltr'><strong>ad</strong></span> <span class='ocrx_word' id='word_1_562' title='bbox 2615 2166 2986 2221; x_wconf 84' lang='lat' dir='ltr'><strong>infirmitatem</strong></span> <span class='ocrx_word' id='word_1_563' title='bbox 3043 2167 3351 2230; x_wconf 82' lang='lat' dir='ltr'><strong>referimus,</strong></span> <span class='ocrx_word' id='word_1_564' title='bbox 3383 2167 3477 2222; x_wconf 90' lang='lat' dir='ltr'><strong>sed</strong></span> <span class='ocrx_word' id='word_1_565' title='bbox 3507 2169 3572 2222; x_wconf 90' lang='lat' dir='ltr'><strong>ad</strong></span> 
     </span>
    </p>
   </div>
   <div class='ocr_carea' id='block_1_77' title="bbox 2011 2256 3570 2329">
    <p class='ocr_par' dir='ltr' id='par_1_77' title="bbox 2011 2256 3570 2329">
     <span class='ocr_line' id='line_1_77' title="bbox 2011 2256 3570 2329; baseline 0.002 -19"><span class='ocrx_word' id='word_1_566' title='bbox 2011 2272 2276 2311; x_wconf 88' lang='lat' dir='ltr'><strong>summam</strong></span> <span class='ocrx_word' id='word_1_567' title='bbox 2313 2256 2697 2328; x_wconf 88' lang='lat' dir='ltr'><strong>perfectionem</strong></span> <span class='ocrx_word' id='word_1_568' title='bbox 2741 2273 2851 2311; x_wconf 91' lang='lat' dir='ltr'><strong>non</strong></span> <span class='ocrx_word' id='word_1_569' title='bbox 2880 2257 3091 2312; x_wconf 88' lang='lat' dir='ltr'><strong>volendi</strong></span> <span class='ocrx_word' id='word_1_570' title='bbox 3123 2257 3267 2329; x_wconf 90' lang='lat' dir='ltr'><strong>quod</strong></span> <span class='ocrx_word' id='word_1_571' title='bbox 3304 2258 3570 2329; x_wconf 88' lang='lat' dir='ltr'><strong>injustum</strong></span> 
     </span>
    </p>
   </div>
   <div class='ocr_carea' id='block_1_78' title="bbox 2009 2347 3568 2411">
    <p class='ocr_par' dir='ltr' id='par_1_78' title="bbox 2009 2347 3568 2411">
     <span class='ocr_line' id='line_1_78' title="bbox 2009 2347 3568 2411; baseline 0.002 -10"><span class='ocrx_word' id='word_1_572' title='bbox 2009 2355 2113 2411; x_wconf 88' lang='lat' dir='ltr'><strong>est,</strong></span> <span class='ocrx_word' id='word_1_573' title='bbox 2137 2354 2190 2402; x_wconf 91' lang='lat' dir='ltr'><strong>et</strong></span> <span class='ocrx_word' id='word_1_574' title='bbox 2244 2347 2312 2401; x_wconf 91' lang='lat' dir='ltr'><strong>ad</strong></span> <span class='ocrx_word' id='word_1_575' title='bbox 2361 2347 2752 2402; x_wconf 88' lang='lat' dir='ltr'><strong>immutabilem</strong></span> <span class='ocrx_word' id='word_1_576' title='bbox 2787 2347 3206 2402; x_wconf 85' lang='lat' dir='ltr'><strong>declinationem</strong></span> <span class='ocrx_word' id='word_1_577' title='bbox 3237 2349 3524 2405; x_wconf 87' lang='lat' dir='ltr'><strong>deterioris</strong></span> <span class='ocrx_word' id='word_1_578' title='bbox 3557 2370 3568 2404; x_wconf 88' lang='lat'><strong>:</strong></span> 
     </span>
    </p>
   </div>
   <div class='ocr_carea' id='block_1_79' title="bbox 2008 2437 3572 2508">
    <p class='ocr_par' dir='ltr' id='par_1_79' title="bbox 2008 2437 3572 2508">
     <span class='ocr_line' id='line_1_79' title="bbox 2008 2437 3572 2508; baseline 0.003 -16"><span class='ocrx_word' id='word_1_579' title='bbox 2008 2453 2131 2492; x_wconf 91' lang='lat' dir='ltr'><strong>cum</strong></span> <span class='ocrx_word' id='word_1_580' title='bbox 2159 2438 2304 2492; x_wconf 90' lang='lat' dir='ltr'><strong>enim</strong></span> <span class='ocrx_word' id='word_1_581' title='bbox 2338 2438 2410 2493; x_wconf 89' lang='lat' dir='ltr'><strong>sit</strong></span> <span class='ocrx_word' id='word_1_582' title='bbox 2436 2437 2734 2493; x_wconf 90' lang='lat' dir='ltr'><strong>secundum</strong></span> <span class='ocrx_word' id='word_1_583' title='bbox 2768 2447 3018 2492; x_wconf 88' lang='lat' dir='ltr'><strong>naturam</strong></span> <span class='ocrx_word' id='word_1_584' title='bbox 3061 2438 3439 2508; x_wconf 86' lang='lat' dir='ltr'><strong>immutabilis,</strong></span> <span class='ocrx_word' id='word_1_585' title='bbox 3469 2441 3572 2496; x_wconf 51' lang='lat' dir='ltr'><strong>im-</strong></span> 
     </span>
    </p>
   </div>
   <div class='ocr_carea' id='block_1_80' title="bbox 2006 2527 3572 2599">
    <p class='ocr_par' dir='ltr' id='par_1_80' title="bbox 2006 2527 3572 2599">
     <span class='ocr_line' id='line_1_80' title="bbox 2006 2527 3572 2599; baseline 0.002 -17"><span class='ocrx_word' id='word_1_586' title='bbox 2006 2529 2267 2583; x_wconf 86' lang='lat' dir='ltr'><strong>mutabile</strong></span> <span class='ocrx_word' id='word_1_587' title='bbox 2299 2537 2383 2583; x_wconf 90' lang='lat' dir='ltr'><strong>est</strong></span> <span class='ocrx_word' id='word_1_588' title='bbox 2409 2530 2459 2583; x_wconf 90' lang='lat' dir='ltr'><strong>ei</strong></span> <span class='ocrx_word' id='word_1_589' title='bbox 2485 2529 2627 2584; x_wconf 91' lang='lat' dir='ltr'><strong>nolle</strong></span> <span class='ocrx_word' id='word_1_590' title='bbox 2656 2527 2950 2599; x_wconf 91' lang='lat' dir='ltr'><strong>quidquam</strong></span> <span class='ocrx_word' id='word_1_591' title='bbox 2988 2529 3111 2583; x_wconf 89' lang='lat' dir='ltr'><strong>mali</strong></span> <span class='ocrx_word' id='word_1_592' title='bbox 3139 2528 3333 2585; x_wconf 90' lang='lat' dir='ltr'><strong>facere.</strong></span> <span class='ocrx_word' id='word_1_593' title='bbox 3369 2530 3572 2598; x_wconf 91' lang='lat' dir='ltr'><strong>Quam-</strong></span> 
     </span>
    </p>
   </div>
   <div class='ocr_carea' id='block_1_81' title="bbox 2007 2618 3571 2690">
    <p class='ocr_par' dir='ltr' id='par_1_81' title="bbox 2007 2618 3571 2690">
     <span class='ocr_line' id='line_1_81' title="bbox 2007 2618 3571 2690; baseline 0.002 -15"><span class='ocrx_word' id='word_1_594' title='bbox 2007 2620 2194 2675; x_wconf 89' lang='lat' dir='ltr'><strong>obrem</strong></span> <span class='ocrx_word' id='word_1_595' title='bbox 2231 2627 2408 2690; x_wconf 89' lang='lat' dir='ltr'><strong>potest</strong></span> <span class='ocrx_word' id='word_1_596' title='bbox 2439 2620 2682 2690; x_wconf 90' lang='lat' dir='ltr'><strong>quidem,</strong></span> <span class='ocrx_word' id='word_1_597' title='bbox 2713 2621 2805 2675; x_wconf 90' lang='lat' dir='ltr'><strong>sed</strong></span> <span class='ocrx_word' id='word_1_598' title='bbox 2843 2635 2951 2674; x_wconf 88' lang='lat' dir='ltr'><strong>non</strong></span> <span class='ocrx_word' id='word_1_599' title='bbox 2987 2618 3117 2675; x_wconf 84' lang='lat' dir='ltr'><strong>facit</strong></span> <span class='ocrx_word' id='word_1_600' title='bbox 3139 2629 3333 2676; x_wconf 90' lang='lat' dir='ltr'><strong>natura</strong></span> <span class='ocrx_word' id='word_1_601' title='bbox 3371 2624 3571 2678; x_wconf 78' lang='lat' dir='ltr'><strong>immu-</strong></span> 
     </span>
    </p>
   </div>
   <div class='ocr_carea' id='block_1_82' title="bbox 2005 2709 3573 2783">
    <p class='ocr_par' dir='ltr' id='par_1_82' title="bbox 2005 2709 3573 2783">
     <span class='ocr_line' id='line_1_82' title="bbox 2005 2709 3573 2783; baseline 0.001 -19"><span class='ocrx_word' id='word_1_602' title='bbox 2005 2710 2158 2764; x_wconf 90' lang='lat' dir='ltr'><strong>tabili</strong></span> <span class='ocrx_word' id='word_1_603' title='bbox 2189 2727 2299 2765; x_wconf 91' lang='lat' dir='ltr'><strong>non</strong></span> <span class='ocrx_word' id='word_1_604' title='bbox 2321 2711 2539 2766; x_wconf 89' lang='lat' dir='ltr'><strong>volendi</strong></span> <span class='ocrx_word' id='word_1_605' title='bbox 2571 2711 2774 2764; x_wconf 88' lang='lat' dir='ltr'><strong>malum</strong></span> <span class='ocrx_word' id='word_1_606' title='bbox 2800 2729 2812 2764; x_wconf 90' lang='lat'><strong>:</strong></span> <span class='ocrx_word' id='word_1_607' title='bbox 2839 2717 3001 2780; x_wconf 89' lang='lat' dir='ltr'><strong>atque</strong></span> <span class='ocrx_word' id='word_1_608' title='bbox 3034 2709 3105 2764; x_wconf 92' lang='lat' dir='ltr'><strong>ita</strong></span> <span class='ocrx_word' id='word_1_609' title='bbox 3139 2727 3246 2766; x_wconf 93' lang='lat' dir='ltr'><strong>non</strong></span> <span class='ocrx_word' id='word_1_610' title='bbox 3274 2722 3359 2767; x_wconf 92' lang='lat' dir='ltr'><strong>est</strong></span> <span class='ocrx_word' id='word_1_611' title='bbox 3388 2717 3573 2783; x_wconf 83' lang='lat' dir='ltr'><strong>nequi-</strong></span> 
     </span>
    </p>
   </div>
   <div class='ocr_carea' id='block_1_83' title="bbox 2007 2799 3567 2874">
    <p class='ocr_par' dir='ltr' id='par_1_83' title="bbox 2007 2799 3567 2874">
     <span class='ocr_line' id='line_1_83' title="bbox 2007 2799 3567 2874; baseline 0.004 -21"><span class='ocrx_word' id='word_1_612' title='bbox 2007 2801 2080 2854; x_wconf 89' lang='lat' dir='ltr'><strong>tia</strong></span> <span class='ocrx_word' id='word_1_613' title='bbox 2108 2800 2249 2871; x_wconf 92' lang='lat' dir='ltr'><strong>apud</strong></span> <span class='ocrx_word' id='word_1_614' title='bbox 2275 2799 2464 2865; x_wconf 89' lang='lat' dir='ltr'><strong>Deum,</strong></span> <span class='ocrx_word' id='word_1_615' title='bbox 2489 2816 2598 2856; x_wconf 91' lang='lat' dir='ltr'><strong>non</strong></span> <span class='ocrx_word' id='word_1_616' title='bbox 2629 2800 2802 2854; x_wconf 92' lang='lat' dir='ltr'><strong>solum</strong></span> <span class='ocrx_word' id='word_1_617' title='bbox 2839 2800 2964 2870; x_wconf 89' lang='lat' dir='ltr'><strong>quia</strong></span> <span class='ocrx_word' id='word_1_618' title='bbox 2999 2815 3107 2854; x_wconf 91' lang='lat' dir='ltr'><strong>non</strong></span> <span class='ocrx_word' id='word_1_619' title='bbox 3130 2805 3343 2858; x_wconf 81' lang='lat' dir='ltr'><strong>exsistit</strong></span> <span class='ocrx_word' id='word_1_620' title='bbox 3365 2821 3460 2874; x_wconf 89' lang='lat' dir='ltr'><strong>per</strong></span> <span class='ocrx_word' id='word_1_621' title='bbox 3487 2821 3567 2868; x_wconf 86' lang='lat' dir='ltr'><strong>se,</strong></span> 
     </span>
    </p>
   </div>
   <div class='ocr_carea' id='block_1_84' title="bbox 2005 2888 3569 2960">
    <p class='ocr_par' dir='ltr' id='par_1_84' title="bbox 2005 2888 3569 2960">
     <span class='ocr_line' id='line_1_84' title="bbox 2005 2888 3569 2960; baseline 0.001 -15"><span class='ocrx_word' id='word_1_622' title='bbox 2005 2890 2098 2945; x_wconf 90' lang='lat' dir='ltr'><strong>sed</strong></span> <span class='ocrx_word' id='word_1_623' title='bbox 2128 2891 2252 2960; x_wconf 91' lang='lat' dir='ltr'><strong>quia</strong></span> <span class='ocrx_word' id='word_1_624' title='bbox 2284 2904 2384 2945; x_wconf 91' lang='lat' dir='ltr'><strong>nec</strong></span> <span class='ocrx_word' id='word_1_625' title='bbox 2409 2897 2492 2945; x_wconf 91' lang='lat' dir='ltr'><strong>est</strong></span> <span class='ocrx_word' id='word_1_626' title='bbox 2536 2890 2591 2944; x_wconf 89' lang='lat' dir='ltr'><strong>in</strong></span> <span class='ocrx_word' id='word_1_627' title='bbox 2641 2889 2872 2943; x_wconf 84' lang='lat' dir='ltr'><strong>actione.</strong></span> <span class='ocrx_word' id='word_1_628' title='bbox 2908 2888 3047 2953; x_wconf 86' lang='lat' dir='ltr'><strong>Quia</strong></span> <span class='ocrx_word' id='word_1_629' title='bbox 3094 2905 3221 2945; x_wconf 87' lang='lat' dir='ltr'><strong>vero</strong></span> <span class='ocrx_word' id='word_1_630' title='bbox 3260 2892 3569 2947; x_wconf 86' lang='lat' dir='ltr'><strong>hominibus</strong></span> 
     </span>
    </p>
   </div>
   <div class='ocr_carea' id='block_1_85' title="bbox 2003 2978 3568 3053">
    <p class='ocr_par' dir='ltr' id='par_1_85' title="bbox 2003 2978 3568 3053">
     <span class='ocr_line' id='line_1_85' title="bbox 2003 2978 3568 3053; baseline 0 -17"><span class='ocrx_word' id='word_1_631' title='bbox 2003 2982 2404 3053; x_wconf 89' lang='lat' dir='ltr'><strong>quodammodo</strong></span> <span class='ocrx_word' id='word_1_632' title='bbox 2433 2997 2539 3034; x_wconf 90' lang='lat' dir='ltr'><strong>non</strong></span> <span class='ocrx_word' id='word_1_633' title='bbox 2564 2988 2648 3035; x_wconf 90' lang='lat' dir='ltr'><strong>est</strong></span> <span class='ocrx_word' id='word_1_634' title='bbox 2686 2978 3040 3034; x_wconf 90' lang='lat' dir='ltr'><strong>immutabilis</strong></span> <span class='ocrx_word' id='word_1_635' title='bbox 3073 2981 3345 3034; x_wconf 86' lang='lat' dir='ltr'><strong>recusatio</strong></span> <span class='ocrx_word' id='word_1_636' title='bbox 3377 2984 3568 3051; x_wconf 87' lang='lat' dir='ltr'><strong>nequi-</strong></span> 
     </span>
    </p>
   </div>
   <div class='ocr_carea' id='block_1_86' title="bbox 2003 3071 3568 3143">
    <p class='ocr_par' dir='ltr' id='par_1_86' title="bbox 2003 3071 3568 3143">
     <span class='ocr_line' id='line_1_86' title="bbox 2003 3071 3568 3143; baseline -0.001 -15"><span class='ocrx_word' id='word_1_637' title='bbox 2003 3076 2131 3140; x_wconf 46' lang='lat' dir='ltr'><strong>timy</strong></span> <span class='ocrx_word' id='word_1_638' title='bbox 2157 3073 2259 3130; x_wconf 90' lang='lat' dir='ltr'><strong>etsi</strong></span> <span class='ocrx_word' id='word_1_639' title='bbox 2293 3073 2417 3143; x_wconf 89' lang='lat' dir='ltr'><strong>quis</strong></span> <span class='ocrx_word' id='word_1_640' title='bbox 2448 3072 2515 3126; x_wconf 91' lang='lat' dir='ltr'><strong>ad</strong></span> <span class='ocrx_word' id='word_1_641' title='bbox 2544 3072 2794 3126; x_wconf 85' lang='lat' dir='ltr'><strong>virtutem</strong></span> <span class='ocrx_word' id='word_1_642' title='bbox 2830 3071 3103 3138; x_wconf 81' lang='lat' dir='ltr'><strong>ascendit;</strong></span> <span class='ocrx_word' id='word_1_643' title='bbox 3138 3073 3312 3126; x_wconf 87' lang='lat' dir='ltr'><strong>solum</strong></span> <span class='ocrx_word' id='word_1_644' title='bbox 3354 3072 3568 3127; x_wconf 86' lang='lat' dir='ltr'><strong>videtur</strong></span> 
     </span>
    </p>
   </div>
   <div class='ocr_carea' id='block_1_87' title="bbox 2001 3163 3562 3235">
    <p class='ocr_par' dir='ltr' id='par_1_87' title="bbox 2001 3163 3562 3235">
     <span class='ocr_line' id='line_1_87' title="bbox 2001 3163 3562 3235; baseline -0.001 -15"><span class='ocrx_word' id='word_1_645' title='bbox 2001 3181 2124 3221; x_wconf 87' lang='lat' dir='ltr'><strong>esse</strong></span> <span class='ocrx_word' id='word_1_646' title='bbox 2159 3165 2422 3235; x_wconf 87' lang='lat' dir='ltr'><strong>nequitia,</strong></span> <span class='ocrx_word' id='word_1_647' title='bbox 2459 3164 2586 3218; x_wconf 90' lang='lat' dir='ltr'><strong>dum</strong></span> <span class='ocrx_word' id='word_1_648' title='bbox 2618 3172 2700 3219; x_wconf 92' lang='lat' dir='ltr'><strong>est</strong></span> <span class='ocrx_word' id='word_1_649' title='bbox 2741 3163 2794 3217; x_wconf 94' lang='lat' dir='ltr'><strong>in</strong></span> <span class='ocrx_word' id='word_1_650' title='bbox 2824 3163 3076 3228; x_wconf 89' lang='lat' dir='ltr'><strong>actione;</strong></span> <span class='ocrx_word' id='word_1_651' title='bbox 3120 3179 3227 3218; x_wconf 89' lang='lat' dir='ltr'><strong>non</strong></span> <span class='ocrx_word' id='word_1_652' title='bbox 3268 3172 3447 3220; x_wconf 88' lang='lat' dir='ltr'><strong>autem</strong></span> <span class='ocrx_word' id='word_1_653' title='bbox 3479 3175 3562 3220; x_wconf 87' lang='lat' dir='ltr'><strong>est</strong></span> 
     </span>
    </p>
   </div>
   <div class='ocr_carea' id='block_1_88' title="bbox 2003 3255 3566 3312">
    <p class='ocr_par' dir='ltr' id='par_1_88' title="bbox 2003 3255 3566 3312">
     <span class='ocr_line' id='line_1_88' title="bbox 2003 3255 3566 3312; baseline 0.001 -1"><span class='ocrx_word' id='word_1_654' title='bbox 2003 3265 2128 3312; x_wconf 88' lang='lat' dir='ltr'><strong>ante</strong></span> <span class='ocrx_word' id='word_1_655' title='bbox 2145 3255 2531 3312; x_wconf 89' lang='lat' dir='ltr'><strong>actionem.Sic</strong></span> <span class='ocrx_word' id='word_1_656' title='bbox 2549 3257 2818 3310; x_wconf 88' lang='lat' dir='ltr'><strong>hominem</strong></span> <span class='ocrx_word' id='word_1_657' title='bbox 2839 3255 2978 3312; x_wconf 88' lang='lat' dir='ltr'><strong>Deus</strong></span> <span class='ocrx_word' id='word_1_658' title='bbox 2999 3257 3281 3311; x_wconf 86' lang='lat' dir='ltr'><strong>honoravit</strong></span> <span class='ocrx_word' id='word_1_659' title='bbox 3297 3255 3566 3312; x_wconf 79' lang='lat' dir='ltr'><strong>fabricatis</strong></span> 
     </span>
    </p>
   </div>
   <div class='ocr_carea' id='block_1_89' title="bbox 2004 3347 3566 3418">
    <p class='ocr_par' dir='ltr' id='par_1_89' title="bbox 2004 3347 3566 3418">
     <span class='ocr_line' id='line_1_89' title="bbox 2004 3347 3566 3418; baseline -0.001 -15"><span class='ocrx_word' id='word_1_660' title='bbox 2004 3364 2127 3404; x_wconf 89' lang='lat' dir='ltr'><strong>eum</strong></span> <span class='ocrx_word' id='word_1_661' title='bbox 2153 3349 2219 3403; x_wconf 89' lang='lat' dir='ltr'><strong>ad</strong></span> <span class='ocrx_word' id='word_1_662' title='bbox 2245 3348 2532 3418; x_wconf 84' lang='lat' dir='ltr'><strong>imaginem</strong></span> <span class='ocrx_word' id='word_1_663' title='bbox 2564 3363 2716 3403; x_wconf 85' lang='lat' dir='ltr'><strong>suam</strong></span> <span class='ocrx_word' id='word_1_664' title='bbox 2747 3367 2758 3400; x_wconf 93' lang='lat'><strong>:</strong></span> <span class='ocrx_word' id='word_1_665' title='bbox 2793 3355 2851 3402; x_wconf 89' lang='lat' dir='ltr'><strong>ut</strong></span> <span class='ocrx_word' id='word_1_666' title='bbox 2879 3347 3020 3402; x_wconf 90' lang='lat' dir='ltr'><strong>sicut</strong></span> <span class='ocrx_word' id='word_1_667' title='bbox 3053 3349 3168 3418; x_wconf 88' lang='lat' dir='ltr'><strong>ipse</strong></span> <span class='ocrx_word' id='word_1_668' title='bbox 3195 3347 3443 3402; x_wconf 87' lang='lat' dir='ltr'><strong>libertate</strong></span> <span class='ocrx_word' id='word_1_669' title='bbox 3468 3363 3566 3402; x_wconf 71' lang='lat' dir='ltr'><strong>n2-</strong></span> 
     </span>
    </p>
   </div>
   <div class='ocr_carea' id='block_1_90' title="bbox 2006 3439 3610 3510">
    <p class='ocr_par' dir='ltr' id='par_1_90' title="bbox 2006 3439 3610 3510">
     <span class='ocr_line' id='line_1_90' title="bbox 2006 3439 3610 3510; baseline -0.001 -15"><span class='ocrx_word' id='word_1_670' title='bbox 2006 3450 2140 3496; x_wconf 78' lang='lat' dir='ltr'><strong>turze</strong></span> <span class='ocrx_word' id='word_1_671' title='bbox 2178 3443 2352 3496; x_wconf 92' lang='lat' dir='ltr'><strong>bonus</strong></span> <span class='ocrx_word' id='word_1_672' title='bbox 2382 3449 2486 3504; x_wconf 90' lang='lat' dir='ltr'><strong>est,</strong></span> <span class='ocrx_word' id='word_1_673' title='bbox 2517 3441 2595 3495; x_wconf 90' lang='lat' dir='ltr'><strong>sic</strong></span> <span class='ocrx_word' id='word_1_674' title='bbox 2617 3443 2776 3492; x_wconf 91' lang='lat' dir='ltr'><strong>homo</strong></span> <span class='ocrx_word' id='word_1_675' title='bbox 2810 3439 3054 3496; x_wconf 85' lang='lat' dir='ltr'><strong>libertate</strong></span> <span class='ocrx_word' id='word_1_676' title='bbox 3085 3439 3348 3510; x_wconf 89' lang='lat' dir='ltr'><strong>propositi</strong></span> <span class='ocrx_word' id='word_1_677' title='bbox 3382 3439 3568 3494; x_wconf 71' lang='lat' dir='ltr'><strong>imita-</strong></span> <span class='ocrx_word' id='word_1_678' title='bbox 3603 3451 3610 3458; x_wconf 90' lang='lat'>&#39;</span> 
     </span>
    </p>
   </div>
   <div class='ocr_carea' id='block_1_91' title="bbox 2005 3531 3567 3602">
    <p class='ocr_par' dir='ltr' id='par_1_91' title="bbox 2005 3531 3567 3602">
     <span class='ocr_line' id='line_1_91' title="bbox 2005 3531 3567 3602; baseline 0 -14"><span class='ocrx_word' id='word_1_679' title='bbox 2005 3543 2091 3589; x_wconf 92' lang='lat' dir='ltr'><strong>tor</strong></span> <span class='ocrx_word' id='word_1_680' title='bbox 2121 3533 2213 3589; x_wconf 92' lang='lat' dir='ltr'><strong>Dei</strong></span> <span class='ocrx_word' id='word_1_681' title='bbox 2244 3542 2422 3597; x_wconf 89' lang='lat' dir='ltr'><strong>esset;</strong></span> <span class='ocrx_word' id='word_1_682' title='bbox 2457 3550 2562 3588; x_wconf 93' lang='lat' dir='ltr'><strong>non</strong></span> <span class='ocrx_word' id='word_1_683' title='bbox 2596 3534 2876 3588; x_wconf 89' lang='lat' dir='ltr'><strong>abstinens</strong></span> <span class='ocrx_word' id='word_1_684' title='bbox 2923 3547 2951 3584; x_wconf 89' lang='lat' dir='ltr'><strong>a</strong></span> <span class='ocrx_word' id='word_1_685' title='bbox 2992 3540 3234 3602; x_wconf 87' lang='lat' dir='ltr'><strong>peccato,</strong></span> <span class='ocrx_word' id='word_1_686' title='bbox 3273 3531 3399 3602; x_wconf 89' lang='lat' dir='ltr'><strong>quia</strong></span> <span class='ocrx_word' id='word_1_687' title='bbox 3429 3531 3567 3588; x_wconf 65' lang='lat' dir='ltr'><strong>desit</strong></span> 
     </span>
    </p>
   </div>
   <div class='ocr_carea' id='block_1_92' title="bbox 2004 3624 3564 3697">
    <p class='ocr_par' dir='ltr' id='par_1_92' title="bbox 2004 3624 3564 3697">
     <span class='ocr_line' id='line_1_92' title="bbox 2004 3624 3564 3697; baseline 0.001 -18"><span class='ocrx_word' id='word_1_688' title='bbox 2004 3633 2211 3680; x_wconf 58' lang='lat' dir='ltr'><strong>natura!</strong></span> <span class='ocrx_word' id='word_1_689' title='bbox 2241 3624 2342 3695; x_wconf 87' lang='lat' dir='ltr'><strong>ipsi</strong></span> <span class='ocrx_word' id='word_1_690' title='bbox 2377 3631 2638 3696; x_wconf 89' lang='lat' dir='ltr'><strong>potestas,</strong></span> <span class='ocrx_word' id='word_1_691' title='bbox 2665 3625 2757 3682; x_wconf 89' lang='lat' dir='ltr'><strong>sed</strong></span> <span class='ocrx_word' id='word_1_692' title='bbox 2810 3625 3061 3680; x_wconf 88' lang='lat' dir='ltr'><strong>libertate</strong></span> <span class='ocrx_word' id='word_1_693' title='bbox 3094 3626 3357 3697; x_wconf 88' lang='lat' dir='ltr'><strong>propositi</strong></span> <span class='ocrx_word' id='word_1_694' title='bbox 3391 3625 3564 3681; x_wconf 87' lang='lat' dir='ltr'><strong>virtu.-</strong></span> 
     </span>
    </p>
   </div>
   <div class='ocr_carea' id='block_1_93' title="bbox 2004 3719 2447 3774">
    <p class='ocr_par' dir='ltr' id='par_1_93' title="bbox 2004 3719 2447 3774">
     <span class='ocr_line' id='line_1_93' title="bbox 2004 3719 2447 3774; baseline 0 0"><span class='ocrx_word' id='word_1_695' title='bbox 2004 3728 2108 3774; x_wconf 91' lang='lat' dir='ltr'><strong>tem</strong></span> <span class='ocrx_word' id='word_1_696' title='bbox 2150 3719 2447 3774; x_wconf 80' lang='lat' dir='ltr'><strong>honoraris.</strong></span> 
     </span>
    </p>
   </div>
   <div class='ocr_carea' id='block_1_94' title="bbox 2074 3807 3564 3878">
    <p class='ocr_par' dir='ltr' id='par_1_94' title="bbox 2074 3807 3564 3878">
     <span class='ocr_line' id='line_1_94' title="bbox 2074 3807 3564 3878; baseline 0 -16"><span class='ocrx_word' id='word_1_697' title='bbox 2074 3809 2196 3865; x_wconf 61' lang='lat' dir='ltr'><strong>Haec</strong></span> <span class='ocrx_word' id='word_1_698' title='bbox 2228 3820 2404 3865; x_wconf 90' lang='lat' dir='ltr'><strong>autem</strong></span> <span class='ocrx_word' id='word_1_699' title='bbox 2441 3809 2574 3864; x_wconf 89' lang='lat' dir='ltr'><strong>satis</strong></span> <span class='ocrx_word' id='word_1_700' title='bbox 2608 3807 2928 3878; x_wconf 89' lang='lat' dir='ltr'><strong>abundeque</strong></span> <span class='ocrx_word' id='word_1_701' title='bbox 2962 3807 3240 3864; x_wconf 89' lang='lat' dir='ltr'><strong>declarant</strong></span> <span class='ocrx_word' id='word_1_702' title='bbox 3271 3815 3350 3862; x_wconf 89' lang='lat' dir='ltr'><strong>tot</strong></span> <span class='ocrx_word' id='word_1_703' title='bbox 3386 3817 3564 3863; x_wconf 83' lang='lat' dir='ltr'><strong>muta—</strong></span> 
     </span>
    </p>
   </div>
   <div class='ocr_carea' id='block_1_95' title="bbox 2003 3899 3562 3969">
    <p class='ocr_par' dir='ltr' id='par_1_95' title="bbox 2003 3899 3562 3969">
     <span class='ocr_line' id='line_1_95' title="bbox 2003 3899 3562 3969; baseline 0 -17"><span class='ocrx_word' id='word_1_704' title='bbox 2003 3900 2180 3954; x_wconf 89' lang='lat' dir='ltr'><strong>tiones</strong></span> <span class='ocrx_word' id='word_1_705' title='bbox 2213 3900 2281 3954; x_wconf 89' lang='lat' dir='ltr'><strong>ad</strong></span> <span class='ocrx_word' id='word_1_706' title='bbox 2313 3901 2565 3954; x_wconf 88' lang='lat' dir='ltr'><strong>virtutem</strong></span> <span class='ocrx_word' id='word_1_707' title='bbox 2605 3907 2659 3954; x_wconf 89' lang='lat' dir='ltr'><strong>et</strong></span> <span class='ocrx_word' id='word_1_708' title='bbox 2709 3900 2933 3963; x_wconf 74' lang='lat' dir='ltr'><strong>vitium,</strong></span> <span class='ocrx_word' id='word_1_709' title='bbox 2979 3914 3100 3969; x_wconf 65' lang='lat' dir='ltr'><strong>quae</strong></span> <span class='ocrx_word' id='word_1_710' title='bbox 3145 3901 3198 3952; x_wconf 93' lang='lat' dir='ltr'><strong>in</strong></span> <span class='ocrx_word' id='word_1_711' title='bbox 3249 3899 3562 3952; x_wconf 87' lang='lat' dir='ltr'><strong>hominibus</strong></span> 
     </span>
    </p>
   </div>
   <div class='ocr_carea' id='block_1_96' title="bbox 2004 3991 3560 4062">
    <p class='ocr_par' dir='ltr' id='par_1_96' title="bbox 2004 3991 3560 4062">
     <span class='ocr_line' id='line_1_96' title="bbox 2004 3991 3560 4062; baseline -0.004 -14"><span class='ocrx_word' id='word_1_712' title='bbox 2004 4007 2372 4062; x_wconf 66' lang='lat' dir='ltr'><strong>saepenumero</strong></span> <span class='ocrx_word' id='word_1_713' title='bbox 2407 3991 2776 4061; x_wconf 87' lang='lat' dir='ltr'><strong>reperiuntur,</strong></span> <span class='ocrx_word' id='word_1_714' title='bbox 2823 3991 2877 4045; x_wconf 93' lang='lat' dir='ltr'><strong>in</strong></span> <span class='ocrx_word' id='word_1_715' title='bbox 2925 3992 3124 4060; x_wconf 91' lang='lat' dir='ltr'><strong>quibus</strong></span> <span class='ocrx_word' id='word_1_716' title='bbox 3169 3998 3418 4044; x_wconf 88' lang='lat' dir='ltr'><strong>neutrum</strong></span> <span class='ocrx_word' id='word_1_717' title='bbox 3465 3991 3560 4043; x_wconf 85' lang='lat' dir='ltr'><strong>ho-</strong></span> 
     </span>
    </p>
   </div>
   <div class='ocr_carea' id='block_1_97' title="bbox 2002 4079 3561 4150">
    <p class='ocr_par' dir='ltr' id='par_1_97' title="bbox 2002 4079 3561 4150">
     <span class='ocr_line' id='line_1_97' title="bbox 2002 4079 3561 4150; baseline 0 -14"><span class='ocrx_word' id='word_1_718' title='bbox 2002 4099 2122 4138; x_wconf 92' lang='lat' dir='ltr'><strong>rum</strong></span> <span class='ocrx_word' id='word_1_719' title='bbox 2158 4083 2411 4138; x_wconf 90' lang='lat' dir='ltr'><strong>diuturna</strong></span> <span class='ocrx_word' id='word_1_720' title='bbox 2445 4082 2841 4138; x_wconf 90' lang='lat' dir='ltr'><strong>consuetudine</strong></span> <span class='ocrx_word' id='word_1_721' title='bbox 2879 4083 2982 4136; x_wconf 79' lang='lat' dir='ltr'><strong>tixe</strong></span> <span class='ocrx_word' id='word_1_722' title='bbox 3018 4082 3177 4136; x_wconf 89' lang='lat' dir='ltr'><strong>inest.</strong></span> <span class='ocrx_word' id='word_1_723' title='bbox 3213 4079 3561 4150; x_wconf 63' lang='lat' dir='ltr'><strong>Quaecunque</strong></span> 
     </span>
    </p>
   </div>
   <div class='ocr_carea' id='block_1_98' title="bbox 2001 4173 3570 4238">
    <p class='ocr_par' dir='ltr' id='par_1_98' title="bbox 2001 4173 3570 4238">
     <span class='ocr_line' id='line_1_98' title="bbox 2001 4173 3570 4238; baseline -0.001 -9"><span class='ocrx_word' id='word_1_724' title='bbox 2001 4175 2145 4230; x_wconf 91' lang='lat' dir='ltr'><strong>enim</strong></span> <span class='ocrx_word' id='word_1_725' title='bbox 2223 4176 2547 4229; x_wconf 88' lang='lat' dir='ltr'><strong>necessitate</strong></span> <span class='ocrx_word' id='word_1_726' title='bbox 2588 4182 2796 4228; x_wconf 59' lang='lat' dir='ltr'><strong>natura!</strong></span> <span class='ocrx_word' id='word_1_727' title='bbox 2836 4173 3102 4238; x_wconf 87' lang='lat' dir='ltr'><strong>facimus,</strong></span> <span class='ocrx_word' id='word_1_728' title='bbox 3147 4173 3338 4228; x_wconf 89' lang='lat' dir='ltr'><strong>horum</strong></span> <span class='ocrx_word' id='word_1_729' title='bbox 3386 4185 3570 4227; x_wconf 77' lang='lat' dir='ltr'><strong>muta-</strong></span> 
     </span>
    </p>
   </div>
   <div class='ocr_carea' id='block_1_99' title="bbox 2002 4267 3562 4339">
    <p class='ocr_par' dir='ltr' id='par_1_99' title="bbox 2002 4267 3562 4339">
     <span class='ocr_line' id='line_1_99' title="bbox 2002 4267 3562 4339; baseline 0 -18"><span class='ocrx_word' id='word_1_730' title='bbox 2002 4268 2203 4323; x_wconf 90' lang='lat' dir='ltr'><strong>tionem</strong></span> <span class='ocrx_word' id='word_1_731' title='bbox 2239 4285 2345 4323; x_wconf 90' lang='lat' dir='ltr'><strong>non</strong></span> <span class='ocrx_word' id='word_1_732' title='bbox 2383 4269 2730 4339; x_wconf 50' lang='lat' dir='ltr'><strong>recipimus»,</strong></span> <span class='ocrx_word' id='word_1_733' title='bbox 2785 4281 3124 4337; x_wconf 73' lang='lat' dir='ltr'><strong>qumcunque</strong></span> <span class='ocrx_word' id='word_1_734' title='bbox 3174 4284 3303 4322; x_wconf 82' lang='lat' dir='ltr'><strong>vero</strong></span> <span class='ocrx_word' id='word_1_735' title='bbox 3354 4267 3562 4321; x_wconf 90' lang='lat' dir='ltr'><strong>ratione</strong></span> 
     </span>
    </p>
   </div>
   <div class='ocr_carea' id='block_1_100' title="bbox 2003 4358 3576 4430">
    <p class='ocr_par' dir='ltr' id='par_1_100' title="bbox 2003 4358 3576 4430">
     <span class='ocr_line' id='line_1_100' title="bbox 2003 4358 3576 4430; baseline -0.003 -18"><span class='ocrx_word' id='word_1_736' title='bbox 2003 4361 2267 4430; x_wconf 90' lang='lat' dir='ltr'><strong>pr0positi</strong></span> <span class='ocrx_word' id='word_1_737' title='bbox 2297 4369 2349 4415; x_wconf 91' lang='lat' dir='ltr'><strong>et</strong></span> <span class='ocrx_word' id='word_1_738' title='bbox 2375 4359 2786 4416; x_wconf 90' lang='lat' dir='ltr'><strong>deliberationis</strong></span> <span class='ocrx_word' id='word_1_739' title='bbox 2823 4359 3088 4422; x_wconf 89' lang='lat' dir='ltr'><strong>facimus,</strong></span> <span class='ocrx_word' id='word_1_740' title='bbox 3129 4358 3240 4412; x_wconf 63' lang='lat' dir='ltr'><strong>haec</strong></span> <span class='ocrx_word' id='word_1_741' title='bbox 3304 4359 3359 4412; x_wconf 92' lang='lat' dir='ltr'><strong>in</strong></span> <span class='ocrx_word' id='word_1_742' title='bbox 3403 4359 3576 4414; x_wconf 89' lang='lat' dir='ltr'><strong>nobis.</strong></span> 
     </span>
    </p>
   </div>
   <div class='ocr_carea' id='block_1_101' title="bbox 2001 4448 3558 4519">
    <p class='ocr_par' dir='ltr' id='par_1_101' title="bbox 2001 4448 3558 4519">
     <span class='ocr_line' id='line_1_101' title="bbox 2001 4448 3558 4519; baseline 0.001 -15"><span class='ocrx_word' id='word_1_743' title='bbox 2001 4451 2305 4517; x_wconf 87' lang='lat' dir='ltr'><strong>variantur,</strong></span> <span class='ocrx_word' id='word_1_744' title='bbox 2336 4459 2390 4506; x_wconf 89' lang='lat' dir='ltr'><strong>et</strong></span> <span class='ocrx_word' id='word_1_745' title='bbox 2419 4451 2554 4505; x_wconf 89' lang='lat' dir='ltr'><strong>alias</strong></span> <span class='ocrx_word' id='word_1_746' title='bbox 2603 4452 2757 4506; x_wconf 86' lang='lat' dir='ltr'><strong>aliter</strong></span> <span class='ocrx_word' id='word_1_747' title='bbox 2805 4451 3003 4506; x_wconf 88' lang='lat' dir='ltr'><strong>habent</strong></span> <span class='ocrx_word' id='word_1_748' title='bbox 3054 4448 3120 4502; x_wconf 89' lang='lat' dir='ltr'><strong>ad</strong></span> <span class='ocrx_word' id='word_1_749' title='bbox 3170 4451 3558 4519; x_wconf 87' lang='lat' dir='ltr'><strong>propensioncs</strong></span> 
     </span>
    </p>
   </div>
   <div class='ocr_carea' id='block_1_102' title="bbox 2000 4541 3564 4613">
    <p class='ocr_par' dir='ltr' id='par_1_102' title="bbox 2000 4541 3564 4613">
     <span class='ocr_line' id='line_1_102' title="bbox 2000 4541 3564 4613; baseline 0 -17"><span class='ocrx_word' id='word_1_750' title='bbox 2000 4558 2121 4612; x_wconf 67' lang='lat' dir='ltr'><strong>qum</strong></span> <span class='ocrx_word' id='word_1_751' title='bbox 2149 4545 2208 4597; x_wconf 91' lang='lat' dir='ltr'><strong>in</strong></span> <span class='ocrx_word' id='word_1_752' title='bbox 2247 4543 2526 4613; x_wconf 89' lang='lat' dir='ltr'><strong>pr0posito</strong></span> <span class='ocrx_word' id='word_1_753' title='bbox 2556 4541 2709 4596; x_wconf 84' lang='lat' dir='ltr'><strong>fiunt.</strong></span> <span class='ocrx_word' id='word_1_754' title='bbox 2748 4541 2866 4595; x_wconf 80' lang='lat' dir='ltr'><strong>Non</strong></span> <span class='ocrx_word' id='word_1_755' title='bbox 2901 4541 3068 4610; x_wconf 77' lang='lat' dir='ltr'><strong>igitur</strong></span> <span class='ocrx_word' id='word_1_756' title='bbox 3104 4556 3365 4608; x_wconf 83' lang='lat' dir='ltr'><strong>peccare,</strong></span> <span class='ocrx_word' id='word_1_757' title='bbox 3404 4551 3564 4596; x_wconf 86' lang='lat' dir='ltr'><strong>natu-</strong></span> 
     </span>
    </p>
   </div>
   <div class='ocr_carea' id='block_1_103' title="bbox 2002 4632 3561 4697">
    <p class='ocr_par' dir='ltr' id='par_1_103' title="bbox 2002 4632 3561 4697">
     <span class='ocr_line' id='line_1_103' title="bbox 2002 4632 3561 4697; baseline -0.001 -9"><span class='ocrx_word' id='word_1_758' title='bbox 2002 4635 2112 4689; x_wconf 91' lang='lat' dir='ltr'><strong>rale</strong></span> <span class='ocrx_word' id='word_1_759' title='bbox 2141 4641 2310 4689; x_wconf 87' lang='lat' dir='ltr'><strong>estet</strong></span> <span class='ocrx_word' id='word_1_760' title='bbox 2371 4635 2740 4688; x_wconf 86' lang='lat' dir='ltr'><strong>necessarium</strong></span> <span class='ocrx_word' id='word_1_761' title='bbox 2787 4633 3134 4697; x_wconf 89' lang='lat' dir='ltr'><strong>hominibus,</strong></span> <span class='ocrx_word' id='word_1_762' title='bbox 3180 4632 3273 4687; x_wconf 88' lang='lat' dir='ltr'><strong>sed</strong></span> <span class='ocrx_word' id='word_1_763' title='bbox 3314 4634 3561 4688; x_wconf 67' lang='lat' dir='ltr'><strong>volunta.</strong></span> 
     </span>
    </p>
   </div>
   <div class='ocr_carea' id='block_1_104' title="bbox 1999 4725 3567 4781">
    <p class='ocr_par' dir='ltr' id='par_1_104' title="bbox 1999 4725 3567 4781">
     <span class='ocr_line' id='line_1_104' title="bbox 1999 4725 3567 4781; baseline 0.001 -1"><span class='ocrx_word' id='word_1_764' title='bbox 1999 4726 2139 4780; x_wconf 89' lang='lat' dir='ltr'><strong>rium</strong></span> <span class='ocrx_word' id='word_1_765' title='bbox 2172 4735 2256 4780; x_wconf 91' lang='lat' dir='ltr'><strong>est</strong></span> <span class='ocrx_word' id='word_1_766' title='bbox 2290 4726 2635 4781; x_wconf 81' lang='lat' dir='ltr'><strong>maleﬁcium’.</strong></span> <span class='ocrx_word' id='word_1_767' title='bbox 2674 4725 2919 4780; x_wconf 91' lang='lat' dir='ltr'><strong>Declarat</strong></span> <span class='ocrx_word' id='word_1_768' title='bbox 2949 4733 3126 4780; x_wconf 89' lang='lat' dir='ltr'><strong>autem</strong></span> <span class='ocrx_word' id='word_1_769' title='bbox 3159 4725 3313 4779; x_wconf 92' lang='lat' dir='ltr'><strong>lahor</strong></span> <span class='ocrx_word' id='word_1_770' title='bbox 3343 4727 3567 4781; x_wconf 84' lang='lat' dir='ltr'><strong>virtutis</strong></span> 
     </span>
    </p>
   </div>
   <div class='ocr_carea' id='block_1_105' title="bbox 1997 4816 3558 4887">
    <p class='ocr_par' dir='ltr' id='par_1_105' title="bbox 1997 4816 3558 4887">
     <span class='ocr_line' id='line_1_105' title="bbox 1997 4816 3558 4887; baseline 0.001 -17"><span class='ocrx_word' id='word_1_771' title='bbox 1997 4818 2360 4872; x_wconf 88' lang='lat' dir='ltr'><strong>voluntarium</strong></span> <span class='ocrx_word' id='word_1_772' title='bbox 2389 4833 2576 4872; x_wconf 89' lang='lat' dir='ltr'><strong>eorum</strong></span> <span class='ocrx_word' id='word_1_773' title='bbox 2607 4819 2697 4887; x_wconf 90' lang='lat' dir='ltr'><strong>qui</strong></span> <span class='ocrx_word' id='word_1_774' title='bbox 2724 4833 2842 4872; x_wconf 89' lang='lat' dir='ltr'><strong>eam</strong></span> <span class='ocrx_word' id='word_1_775' title='bbox 2878 4816 3284 4886; x_wconf 80' lang='lat' dir='ltr'><strong>ar-quisiverunt</strong></span> <span class='ocrx_word' id='word_1_776' title='bbox 3312 4835 3326 4883; x_wconf 93' lang='lat'><strong>;</strong></span> <span class='ocrx_word' id='word_1_777' title='bbox 3362 4818 3413 4871; x_wconf 89' lang='lat' dir='ltr'><strong>in</strong></span> <span class='ocrx_word' id='word_1_778' title='bbox 3441 4820 3558 4887; x_wconf 86' lang='lat' dir='ltr'><strong>qui-</strong></span> 
     </span>
    </p>
   </div>
   <div class='ocr_carea' id='block_1_106' title="bbox 1997 4910 3560 4983">
    <p class='ocr_par' dir='ltr' id='par_1_106' title="bbox 1997 4910 3560 4983">
     <span class='ocr_line' id='line_1_106' title="bbox 1997 4910 3560 4983; baseline 0.002 -19"><span class='ocrx_word' id='word_1_779' title='bbox 1997 4910 2103 4966; x_wconf 90' lang='lat' dir='ltr'><strong>bus</strong></span> <span class='ocrx_word' id='word_1_780' title='bbox 2133 4910 2179 4965; x_wconf 88' lang='lat' dir='ltr'><strong>si</strong></span> <span class='ocrx_word' id='word_1_781' title='bbox 2217 4911 2436 4981; x_wconf 85' lang='lat' dir='ltr'><strong>paulum</strong></span> <span class='ocrx_word' id='word_1_782' title='bbox 2478 4911 2820 4982; x_wconf 75' lang='lat' dir='ltr'><strong>negligentia:</strong></span> <span class='ocrx_word' id='word_1_783' title='bbox 2871 4911 3044 4976; x_wconf 82' lang='lat' dir='ltr'><strong>insit,</strong></span> <span class='ocrx_word' id='word_1_784' title='bbox 3065 4910 3404 4980; x_wconf 89' lang='lat' dir='ltr'><strong>periclitatur</strong></span> <span class='ocrx_word' id='word_1_785' title='bbox 3435 4928 3560 4983; x_wconf 88' lang='lat' dir='ltr'><strong>pos-</strong></span> 
     </span>
    </p>
   </div>
   <div class='ocr_carea' id='block_1_107' title="bbox 1996 5002 2628 5074">
    <p class='ocr_par' dir='ltr' id='par_1_107' title="bbox 1996 5002 2628 5074">
     <span class='ocr_line' id='line_1_107' title="bbox 1996 5002 2628 5074; baseline 0 -18"><span class='ocrx_word' id='word_1_786' title='bbox 1996 5002 2172 5056; x_wconf 87' lang='lat' dir='ltr'><strong>sessio</strong></span> <span class='ocrx_word' id='word_1_787' title='bbox 2203 5003 2422 5056; x_wconf 89' lang='lat' dir='ltr'><strong>virtutis</strong></span> <span class='ocrx_word' id='word_1_788' title='bbox 2450 5012 2628 5074; x_wconf 88' lang='lat' dir='ltr'><strong>parta.</strong></span> 
     </span>
    </p>
   </div>
   <div class='ocr_carea' id='block_1_108' title="bbox 2067 5092 3557 5165">
    <p class='ocr_par' dir='ltr' id='par_1_108' title="bbox 2067 5092 3557 5165">
     <span class='ocr_line' id='line_1_108' title="bbox 2067 5092 3557 5165; baseline 0.002 -18"><span class='ocrx_word' id='word_1_789' title='bbox 2067 5092 2122 5147; x_wconf 91' lang='lat' dir='ltr'><strong>Si</strong></span> <span class='ocrx_word' id='word_1_790' title='bbox 2153 5095 2278 5164; x_wconf 86' lang='lat' dir='ltr'><strong>quis</strong></span> <span class='ocrx_word' id='word_1_791' title='bbox 2312 5109 2442 5150; x_wconf 87' lang='lat' dir='ltr'><strong>vero</strong></span> <span class='ocrx_word' id='word_1_792' title='bbox 2490 5094 2752 5149; x_wconf 84' lang='lat' dir='ltr'><strong>adversus</strong></span> <span class='ocrx_word' id='word_1_793' title='bbox 2797 5093 2900 5148; x_wconf 92' lang='lat' dir='ltr'><strong>hoc</strong></span> <span class='ocrx_word' id='word_1_794' title='bbox 2949 5093 3215 5163; x_wconf 89' lang='lat' dir='ltr'><strong>producat</strong></span> <span class='ocrx_word' id='word_1_795' title='bbox 3251 5109 3408 5159; x_wconf 90' lang='lat' dir='ltr'><strong>cum,</strong></span> <span class='ocrx_word' id='word_1_796' title='bbox 3464 5097 3557 5165; x_wconf 92' lang='lat' dir='ltr'><strong>qui</strong></span> 
     </span>
    </p>
   </div>
   <div class='ocr_carea' id='block_1_109' title="bbox 1993 5185 3557 5257">
    <p class='ocr_par' dir='ltr' id='par_1_109' title="bbox 1993 5185 3557 5257">
     <span class='ocr_line' id='line_1_109' title="bbox 1993 5185 3557 5257; baseline 0.003 -19"><span class='ocrx_word' id='word_1_797' title='bbox 1993 5185 2108 5238; x_wconf 83' lang='lat' dir='ltr'><strong>vult</strong></span> <span class='ocrx_word' id='word_1_798' title='bbox 2140 5185 2360 5255; x_wconf 91' lang='lat' dir='ltr'><strong>quidem</strong></span> <span class='ocrx_word' id='word_1_799' title='bbox 2401 5186 2726 5257; x_wconf 89' lang='lat' dir='ltr'><strong>quandoque</strong></span> <span class='ocrx_word' id='word_1_800' title='bbox 2767 5186 3042 5241; x_wconf 84' lang='lat' dir='ltr'><strong>abstinere</strong></span> <span class='ocrx_word' id='word_1_801' title='bbox 3089 5201 3118 5240; x_wconf 90' lang='lat' dir='ltr'><strong>a</strong></span> <span class='ocrx_word' id='word_1_802' title='bbox 3164 5189 3376 5256; x_wconf 86' lang='lat' dir='ltr'><strong>pravis,</strong></span> <span class='ocrx_word' id='word_1_803' title='bbox 3426 5189 3557 5243; x_wconf 88' lang='lat' dir='ltr'><strong>dicit</strong></span> 
     </span>
    </p>
   </div>
   <div class='ocr_carea' id='block_1_110' title="bbox 1995 5277 3555 5348">
    <p class='ocr_par' dir='ltr' id='par_1_110' title="bbox 1995 5277 3555 5348">
     <span class='ocr_line' id='line_1_110' title="bbox 1995 5277 3555 5348; baseline 0.003 -19"><span class='ocrx_word' id='word_1_804' title='bbox 1995 5284 2174 5330; x_wconf 90' lang='lat' dir='ltr'><strong>tamen</strong></span> <span class='ocrx_word' id='word_1_805' title='bbox 2229 5292 2286 5331; x_wconf 91' lang='lat' dir='ltr'><strong>se</strong></span> <span class='ocrx_word' id='word_1_806' title='bbox 2328 5293 2436 5332; x_wconf 90' lang='lat' dir='ltr'><strong>non</strong></span> <span class='ocrx_word' id='word_1_807' title='bbox 2483 5293 2686 5346; x_wconf 89' lang='lat' dir='ltr'><strong>posse;</strong></span> <span class='ocrx_word' id='word_1_808' title='bbox 2741 5277 2987 5334; x_wconf 84' lang='lat' dir='ltr'><strong>advertat</strong></span> <span class='ocrx_word' id='word_1_809' title='bbox 3032 5277 3181 5347; x_wconf 91' lang='lat' dir='ltr'><strong>ipse,</strong></span> <span class='ocrx_word' id='word_1_810' title='bbox 3225 5279 3369 5348; x_wconf 93' lang='lat' dir='ltr'><strong>quod</strong></span> <span class='ocrx_word' id='word_1_811' title='bbox 3413 5281 3555 5336; x_wconf 92' lang='lat' dir='ltr'><strong>sicut</strong></span> 
     </span>
    </p>
   </div>
   <div class='ocr_carea' id='block_1_111' title="bbox 1992 5369 3555 5439">
    <p class='ocr_par' dir='ltr' id='par_1_111' title="bbox 1992 5369 3555 5439">
     <span class='ocr_line' id='line_1_111' title="bbox 1992 5369 3555 5439; baseline 0.001 -17"><span class='ocrx_word' id='word_1_812' title='bbox 1992 5370 2218 5424; x_wconf 88' lang='lat' dir='ltr'><strong>morbus</strong></span> <span class='ocrx_word' id='word_1_813' title='bbox 2247 5371 2498 5439; x_wconf 88' lang='lat' dir='ltr'><strong>corporis</strong></span> <span class='ocrx_word' id='word_1_814' title='bbox 2528 5371 2818 5426; x_wconf 90' lang='lat' dir='ltr'><strong>diuturnus</strong></span> <span class='ocrx_word' id='word_1_815' title='bbox 2851 5388 2959 5426; x_wconf 89' lang='lat' dir='ltr'><strong>non</strong></span> <span class='ocrx_word' id='word_1_816' title='bbox 2993 5369 3151 5425; x_wconf 84' lang='lat' dir='ltr'><strong>facile</strong></span> <span class='ocrx_word' id='word_1_817' title='bbox 3182 5379 3439 5438; x_wconf 88' lang='lat' dir='ltr'><strong>mutatur,</strong></span> <span class='ocrx_word' id='word_1_818' title='bbox 3474 5373 3555 5426; x_wconf 78' lang='lat' dir='ltr'><strong>sie</strong></span> 
     </span>
    </p>
   </div>
   <div class='ocr_carea' id='block_1_112' title="bbox 1991 5460 3550 5532">
    <p class='ocr_par' dir='ltr' id='par_1_112' title="bbox 1991 5460 3550 5532">
     <span class='ocr_line' id='line_1_112' title="bbox 1991 5460 3550 5532; baseline 0.004 -20"><span class='ocrx_word' id='word_1_819' title='bbox 1991 5461 2184 5514; x_wconf 78' lang='lat' dir='ltr'><strong>anima:</strong></span> <span class='ocrx_word' id='word_1_820' title='bbox 2213 5460 2456 5515; x_wconf 89' lang='lat' dir='ltr'><strong>habitum</strong></span> <span class='ocrx_word' id='word_1_821' title='bbox 2490 5477 2598 5516; x_wconf 92' lang='lat' dir='ltr'><strong>non</strong></span> <span class='ocrx_word' id='word_1_822' title='bbox 2631 5463 2830 5518; x_wconf 90' lang='lat' dir='ltr'><strong>bonum</strong></span> <span class='ocrx_word' id='word_1_823' title='bbox 2861 5471 3100 5532; x_wconf 87' lang='lat' dir='ltr'><strong>tempore</strong></span> <span class='ocrx_word' id='word_1_824' title='bbox 3135 5460 3295 5516; x_wconf 87' lang='lat' dir='ltr'><strong>fixum</strong></span> <span class='ocrx_word' id='word_1_825' title='bbox 3333 5480 3437 5518; x_wconf 90' lang='lat' dir='ltr'><strong>non</strong></span> <span class='ocrx_word' id='word_1_826' title='bbox 3470 5473 3550 5519; x_wconf 86' lang='lat' dir='ltr'><strong>est</strong></span> 
     </span>
    </p>
   </div>
   <div class='ocr_carea' id='block_1_113' title="bbox 1990 5550 3552 5624">
    <p class='ocr_par' dir='ltr' id='par_1_113' title="bbox 1990 5550 3552 5624">
     <span class='ocr_line' id='line_1_113' title="bbox 1990 5550 3552 5624; baseline 0.004 -21"><span class='ocrx_word' id='word_1_827' title='bbox 1990 5550 2166 5607; x_wconf 80' lang='lat' dir='ltr'><strong>facilis</strong></span> <span class='ocrx_word' id='word_1_828' title='bbox 2196 5552 2335 5605; x_wconf 89' lang='lat' dir='ltr'><strong>ratio</strong></span> <span class='ocrx_word' id='word_1_829' title='bbox 2370 5552 2672 5622; x_wconf 89' lang='lat' dir='ltr'><strong>depellendi</strong></span> <span class='ocrx_word' id='word_1_830' title='bbox 2710 5555 2762 5608; x_wconf 91' lang='lat' dir='ltr'><strong>in</strong></span> <span class='ocrx_word' id='word_1_831' title='bbox 2792 5554 3085 5624; x_wconf 81' lang='lat' dir='ltr'><strong>longinqua</strong></span> <span class='ocrx_word' id='word_1_832' title='bbox 3115 5557 3506 5610; x_wconf 80' lang='lat' dir='ltr'><strong>consuetudine</strong></span> <span class='ocrx_word' id='word_1_833' title='bbox 3532 5575 3552 5622; x_wconf 60' lang='grc' dir='ltr'><strong>ς</strong></span> 
     </span>
    </p>
   </div>
   <div class='ocr_carea' id='block_1_114' title="bbox 1205 5701 3315 5778">
    <p class='ocr_par' dir='ltr' id='par_1_114' title="bbox 1205 5701 3315 5778">
     <span class='ocr_line' id='line_1_114' title="bbox 1205 5701 3315 5778; baseline 0.006 -26"><span class='ocrx_word' id='word_1_834' title='bbox 1205 5742 1215 5753; x_wconf 96' lang='grc'>.</span> <span class='ocrx_word' id='word_1_835' title='bbox 1251 5718 1459 5768; x_wconf 53' lang='lat' dir='ltr'><strong>uerax.</strong></span> <span class='ocrx_word' id='word_1_836' title='bbox 1497 5701 1737 5758; x_wconf 74' lang='lat' dir='ltr'><strong>Mutatur</strong></span> <span class='ocrx_word' id='word_1_837' title='bbox 1765 5703 2006 5774; x_wconf 86' lang='lat' dir='ltr'><strong>morbus,</strong></span> <span class='ocrx_word' id='word_1_838' title='bbox 2037 5706 2125 5761; x_wconf 86' lang='lat' dir='ltr'><strong>cui</strong></span> <span class='ocrx_word' id='word_1_839' title='bbox 2159 5707 2382 5778; x_wconf 81' lang='lat' dir='ltr'><strong>dcpulso</strong></span> <span class='ocrx_word' id='word_1_840' title='bbox 2417 5710 2603 5765; x_wconf 72' lang='lat' dir='ltr'><strong>ntcrbo</strong></span> <span class='ocrx_word' id='word_1_841' title='bbox 2640 5709 2879 5764; x_wconf 76' lang='lat' dir='ltr'><strong>succedit</strong></span> <span class='ocrx_word' id='word_1_842' title='bbox 2906 5710 3128 5766; x_wconf 84' lang='lat' dir='ltr'><strong>sanitas.</strong></span> <span class='ocrx_word' id='word_1_843' title='bbox 3163 5709 3315 5765; x_wconf 69' lang='lat' dir='ltr'><strong>Tuan</strong></span> 
     </span>
    </p>
   </div>
  </div>
