4072 6338
603 309 737 365 HIS

1730 310 1867 367 TITI
1905 302 2342 372 BOSTRENSIS'
2361 308 2669 368 EPISCOPI

3652 307 3799 366 ιηι.

599 426 704 484 nisi
734 423 912 494 majus
941 424 1173 494 aliquem
1214 423 1418 479 bonum
1452 424 1680 489 subeat,
1724 442 1833 496 quo
1876 437 2153 498 antegres~
2183 434 2207 489 Δ

2183 434 2225 489 Α
2254 426 2351 499 τὴν
2379 427 2661 496 ἀποφυγήν
2680 443 2695 458 ο
2740 424 2880 497 πλὴν
2907 424 2956 478 εί
2994 423 3068 497 μή
3094 440 3146 478 τι
3190 422 3370 495 μεῖζον
3398 421 3595 493 άγῖιθδν
3623 426 3769 494 πάθος

599 533 719 573 tum
754 517 953 570 malum
986 516 1306 584 expellatur.
1354 516 1492 573 Hinc
1534 520 1629 583 (lt,
1671 527 1731 571 ut
1772 534 1913 589 saepe
1954 520 2152 589 aliquis

600 624 721 663 cum
754 606 1011 663 eﬂrcnate
1040 609 1095 662 in
1125 619 1284 680 turpe
1318 609 1588 680 quoddam
1620 625 1757 681 opus
1789 611 2043 682 impetum
2076 611 2152 667 fe-

597 701 793 763 cisset,
826 701 909 755 vel
944 702 1280 771 pr0positum
1313 718 1434 758 esse
1472 703 1767 758 adulterari
1790 744 1804 767 ,
1841 705 1958 759 solo
1991 720 2150 774 aspe-

597 799 685 845 ctu
729 792 949 857 mariti,
981 801 1128 847 metu
1174 795 1522 863 cupiditatem
1570 797 1860 866 repressit,
1905 806 1999 853 aut
2038 813 2150 852 me-

596 881 769 934 moria
801 882 974 951 Iegum
1008 883 1061 935 in
1096 891 1274 938 mente
1300 892 1573 939 revocata.
1609 887 1764 942 Alius
1792 903 1914 941 cum
1946 888 2149 944 delibe-

594 979 771 1028 rasset
801 972 1147 1039 latrocinari,
1179 984 1323 1029 metu
1356 977 1603 1046 supplicii
1629 979 1977 1048 cupiditatem
2000 994 2153 1034 coer-

592 1064 722 1116 CUit.
778 1062 869 1117 Sic
932 1073 1152 1133 peccata
1202 1080 1365 1135 opera
1417 1074 1544 1122 sunt
1596 1068 1983 1135 aﬂ‘ectionum,
2040 1086 2149 1125 non

593 1170 770 1209 autem
817 1172 884 1211 ex
934 1166 1125 1211 natura
1170 1158 1535 1215 emorescunt.
1582 1161 1922 1217 Honoramus
1969 1170 2148 1218 autem

592 1264 780 1303 oumes
805 1259 855 1303 et
884 1264 1127 1304 amamus
1147 1291 1161 1314 ,
1190 1251 1279 1320 qui
1306 1252 1577 1321 :equitatis
1606 1254 1897 1324 participes
1926 1270 2146 1320 sumus,

593 1337 735 1407 leges
767 1355 886 1408 qua:
916 1340 1189 1396 maleficos
1222 1342 1338 1397 sine
1363 1343 1470 1396 ulla
1495 1345 1845 1400 excusatione
1874 1347 2105 1415 puniunt
2133 1364 2147 1400 :

593 1430 670 1482 sic
686 1432 957 1485 communi
972 1433 1224 1502 opinione
1239 1450 1333 1503 per
1346 1450 1508 1504 opera
1522 1436 1905 1492 conﬁrmamus
1919 1453 2021 1493 non
2035 1436 2153 1508 cogi

593 1521 835 1576 homines
859 1533 1047 1577 natura
1078 1524 1141 1577 ad
1178 1525 1462 1588 maleﬁcia,
1502 1526 1596 1581 sed
1631 1527 1755 1597 quia
1789 1528 2066 1598 proposito
2093 1537 2147 1584 et

591 1612 978 1670 deliberatione
1007 1632 1068 1670 ea
1099 1616 1323 1686 eligunt,
1351 1618 1621 1689 supplicio
1647 1618 1841 1690 dignos
1857 1620 2142 1675 declarari.

2252 519 2559 575 ἐπεισελθδν
2606 517 2667 573 τδ
2721 515 2988 589 προλαϐδν
3024 515 3257 571 ἐκϐάλοι.
3304 504 3512 570 Αὐτίκα
3553 519 3769 589 ὁρμήσας

2249 630 2332 676 τις
2385 610 2642 674 πολλάκις
2676 608 2919 679 ἀσχέτως
2961 608 3053 661 ἐπὶ
3107 606 3314 679 φαύλην
3346 607 3471 662 τινὰ
3519 608 3769 681 πράξιν,ῆ

2248 706 2339 759 τὸν
2380 704 2545 773 ἀνδρα
2591 702 2921 772 θεασάμενος
2948 700 3046 771 τῆς
3073 699 3326 770 γυναικὸς
3361 700 3634 772 μοιχεῦσαι
3662 718 3771 772 προ-

2251 798 2491 868 θέμενος,
2524 793 2789 865 ἀνεστάλη
2820 792 2968 864 φόϐῳ
2993 791 3098 846 τῶν
3124 791 3360 863 ἐλέγχων
3389 793 3485 862 τῆς
3511 791 3771 863 ἐπιθυμίας

2248 889 2281 960 ἤ
2308 888 2415 941 τῶν
2445 886 2621 957 νόμων
2643 883 3035 955 ἀναμνησθείς·
3078 882 3253 947 ἀλλος,
3283 882 3572 955 ληστεῦσαι
3603 884 3772 955 προθέ.

2254 995 2428 1047 μενος,
2459 977 2564 1030 δέει
2611 976 2709 1048 τῆς
2757 974 3024 1046 τιμωρίας
3054 975 3153 1046 τὴν
3192 973 3485 1045 ἐπιθυμίαν
3526 974 3769 1031 ἐκόλασεν.

2250 1070 2402 1123 Οῦτω
2456 1067 2642 1122 παθῶν
2694 1067 2830 1140 ἔργα
2885 1068 2954 1121 τά
3014 1068 3416 1139 ἁμαρτήματα,
3467 1067 3525 1120 ού
3587 1066 3772 1135 φύσεως

2249 1162 2615 1232 ἐξανθήματα.
2667 1160 2921 1232 Τιμῶμεν
2976 1160 3031 1213 δὲ
3084 1159 3280 1224 πάντες
3327 1160 3423 1213 καὶ
3479 1159 3770 1230 ἀγαπῶμεν,

2251 1248 2333 1317 οἷς
2388 1252 2684 1315 ἐπιεικείας
2736 1252 2984 1322 μέτεστι,
3037 1251 3165 1316 τοὺς
3223 1251 3423 1321 νόμους
3482 1249 3772 1313 κολάζοντας

2253 1344 2635 1415 ἀπαραιτήτως
2659 1342 2782 1406 τοὺς
2804 1340 3278 1414 κακοπραγοῦντας
3298 1358 3312 1370 ·
3335 1339 3477 1393 οὕτω
3501 1343 3641 1410 κοινῇ
3665 1339 3771 1410 δόξῃ

2253 1439 2345 1492 διά-
2365 1439 2471 1492 τῶν
2507 1438 2679 1511 ἔργων
2706 1439 2986 1510 τιθέμεθα,
3023 1438 3095 1510 μὴ
3127 1437 3478 1509 βιαζομένους
3514 1436 3659 1506 φύσει
3683 1454 3768 1491 κα-

2249 1532 2565 1602 κοπραγεῖν,
2599 1530 2949 1603 αἱρουμένους
2991 1530 3048 1584 δέ
3094 1529 3350 1603 προθέσει
3390 1528 3489 1601 τῆς
3531 1527 3770 1591 κολάσεως

2249 1622 2431 1686 ἀξίους
2459 1621 2871 1692 ἀποφαίνεσθαι.

970 1730 1098 1786 Car.
1139 1732 1224 1785 Π.
1266 1732 1621 1804 Cogitationes
1644 1736 1926 1806 aliquando
1959 1738 2434 1815 boumgliquando
2465 1739 2639 1793 malw.
2672 1739 2821 1792 Actio
2850 1744 2912 1792 ab
2942 1738 3188 1819 electione
3216 1738 3425 1808 pendet.

662 1824 766 1880 Sed
815 1828 941 1897 quia
989 1828 1268 1885 Manichmi
1310 1831 1468 1886 aliter
1508 1832 1670 1887 etiam
1715 1834 1965 1887 nituntur
2008 1849 2141 1889 con-
2177 1837 2221 1896 Β

591 1916 803 1972 vincere
832 1920 969 1976 duas
997 1929 1220 1977 naturas
1248 1924 1550 1978 contrarias
1576 1924 1629 1978 in
1661 1925 1819 1980 nobis
1842 1941 1995 1989 esse,
2021 1926 2147 1995 quia

589 2008 877 2076 aliquando
918 2011 1133 2080 quidem
1175 2028 1276 2068 nos
1305 2014 1608 2085 cogitamus
1644 2016 1818 2080 mala,
1854 2016 2146 2083 aliquando

587 2113 716 2152 vero
756 2099 934 2166 bona;
982 2102 1368 2160 advertendum
1416 2113 1527 2169 est,
1573 2108 1698 2177 quia
1743 2106 2009 2163 naturalis
2050 2122 2144 2161 co-

588 2192 757 2258 gnitio
789 2202 1142 2265 utrorumque
1180 2197 1235 2250 in
1281 2198 1439 2253 nobis
1477 2200 1651 2264 inest,
1692 2201 2000 2255 necessario
2040 2216 2141 2255 nos

588 2280 653 2333 ad
683 2282 1065 2351 cogitationem
1095 2299 1280 2339 eorum
1308 2302 1427 2356 quae
1448 2290 1848 2358 cognoscimus,
1874 2290 2139 2356 excitari,

588 2370 790 2423 nullam
824 2372 1040 2439 quidem
1089 2373 1359 2443 jacturam
1410 2384 1505 2430 aut
1546 2376 1800 2431 damnum
1851 2378 2139 2447 facientes,

588 2461 679 2514 sed
715 2463 892 2530 potius
924 2471 1094 2517 totum
1130 2465 1437 2530 lucrantes,
1480 2470 1769 2537 praaposito
1816 2480 1867 2524 et
1906 2472 2142 2527 antelata

587 2554 728 2622 quod
762 2556 956 2610 melius
982 2564 1084 2611 cst.
1120 2556 1405 2623 Quomodo
1434 2560 1579 2613 enim
1611 2562 1666 2615 in
1692 2563 2002 2620 hominibus
2036 2580 2144 2620 mo-

587 2654 675 2699 tus
701 2655 755 2701 et
782 2648 1035 2703 excitatio
1063 2650 1130 2704 ad
1161 2652 1352 2707 melius
1381 2662 1574 2708 testata
1598 2664 1772 2719 esset,
1802 2657 1905 2711 nisi
1935 2667 2144 2712 utrum-

588 2755 692 2807 que
718 2741 1037 2795 naturaliter
1070 2743 1295 2813 cogitari
1327 2754 1547 2815 posset,
1580 2745 1795 2817 justitia
1840 2750 2047 2804 scilicet
2088 2758 2142 2805 et

588 2829 894 2897 injustitia?
916 2831 1166 2900 Cognitio
1195 2849 1427 2903 namque
1451 2838 1761 2892 necessaria
1788 2847 1871 2894 est
1897 2838 1963 2892 ad
1994 2839 2141 2909 diju-

586 2920 877 2975 dicandum
905 2939 920 2988 ;
948 2924 1206 2993 cogitatio
1239 2942 1368 2981 vero
1402 2928 1629 2981 rimatur
1650 2930 1864 2999 cognita
1893 2947 1908 2997 ;
1941 2946 2139 3001 propo-

585 3012 746 3067 situm
770 3022 950 3070 autem
971 3056 986 3080 ,
1012 3017 1064 3070 in
1089 3033 1249 3087 quam
1273 3026 1478 3089 partem
1504 3020 1619 3074 vult
1638 3060 1651 3085 ,
1679 3022 2001 3092 propendet:
2027 3022 2143 3078 haec

584 3120 712 3159 vero
742 3121 849 3161 non
886 3115 1012 3161 sunt
1045 3115 1228 3178 partes
1268 3110 1463 3165 anima:
1501 3110 1847 3174 differentes.
1892 3111 1985 3169 sed
2021 3122 2143 3168 tan-

2332 1835 2482 1888 Ἐπεί⁵
2512 1834 2568 1888 δὲ
2597 1834 2689 1887 καὶ⁵
2718 1833 2889 1896 ἄλλως
2914 1834 2962 1886 oi
2990 1834 3053 1886 ἐκ
3078 1833 3171 1886 τοῦ
3202 1832 3483 1896 Μάνεντος
3510 1831 3766 1903 πειρῶνται

2247 1925 2339 1982 δύο
2367 1925 2553 1995 φύσεις
2580 1925 2827 1988 ἐναντίας
2855 1926 2983 1996 ἡμῖν
3013 1923 3176 1987 οὔσας
3202 1923 3547 1994 ἀπελέγχειν,
3570 1922 3641 1993 τῷ
3662 1924 3767 1976 ποτέ

2250 2017 2347 2088 μὲν
2400 2018 2549 2088 ἡμᾶς
2597 2015 2943 2088 ἐνθυμεῖσθαι
2991 2014 3198 2087 φαῦλα,
3246 2015 3439 2069 ἄλλοτε
3485 2010 3541 2068 δέ
3579 2014 3760 2082 ἀγαθά·

2247 2108 2658 2179 ἐπισημαντέον,
2700 2107 2794 2171 ὡς,
2840 2106 3069 2177 φυσικῆς
3096 2106 3154 2159 ἐν
3181 2107 3318 2176 ἡμῖν
3349 2104 3515 2176 οὔσης
3537 2105 3631 2175 τῆς
3651 2103 3765 2173 γνώο

2248 2217 2383 2263 σεως
2420 2200 2711 2269 ἑκατέρων,
2757 2198 3066 2267 ἀναγκαίως
3107 2197 3198 2251 ἐπὶ
3223 2196 3328 2268 τὴν
3369 2195 3664 2268 ἐνθύμησιν,
3703 2189 3761 2248 ὧν

2245 2286 2599 2357 γινώσκομεν,
2634 2286 2946 2357 κινούμεθα,
2970 2286 3327 2357 ζημιούμενοι
3358 2287 3455 2358 μὲν
3478 2286 3578 2340 οὐδ’
3597 2284 3761 2346 ὁτιοῦν,

2243 2379 2611 2451 κερδαίνοντες
2640 2378 2695 2432 δέ
2737 2378 2797 2432 τὸ
2843 2380 2949 2432 πᾶν
2978 2382 3044 2450 τῇ
3087 2378 3180 2431 τοῦ
3215 2378 3497 2443 καλλίονος
3537 2378 3761 2449 προτιμὴ-

2245 2488 2345 2525 σει.
2385 2471 2509 2535 Πῶς
2546 2470 2653 2544 γάρ
2684 2470 2747 2525 ἂν
2775 2471 2809 2540 ἠ
2836 2471 2928 2525 ἐπὶ
2957 2470 3019 2523 τὸ
3048 2473 3295 2543 κρεῖττον
3322 2470 3616 2541 ἀνθρώποις
3637 2468 3759 2522 ἐκού-

2244 2580 2354 2628 σιος
2386 2563 2735 2635 ἐμαρτυρήθη
2770 2562 3000 2634 κίνησις,
3035 2563 3109 2635 μὴ
3146 2562 3245 2632 τῆς
3289 2563 3629 2635 ἐνθυμήσεως
3655 2561 3756 2613 ἐκα-

2239 2654 2417 2727 τέροις
2444 2654 2686 2724 φυσικῶς
2714 2653 3127 2726 ἐπιϐαλλούσης,
3161 2653 3351 2727 ἀδικίᾳ
3391 2671 3451 2707 τε
3483 2654 3571 2706 καὶ
3594 2652 3757 2704 δικαιο-

2242 2746 2407 2819 σύνης
2452 2748 2516 2799 Ἦ
2545 2747 2643 2817 μὲν
2671 2746 2781 2818 γὰρ
2805 2745 3004 2816 γνῶσις
3041 2746 3315 2813 ἀναγκαία
3342 2744 3477 2818 πρὸς
3499 2742 3752 2813 διάκρισιν⁹

2238 2840 2272 2910 ή
2303 2839 2358 2892 δὲ
2394 2838 2689 2910 ἐνθύμησις
2717 2838 2939 2909 ψηλαφᾷ
2964 2838 3032 2892 τά
3058 2837 3411 2907 ἐγνωσμέναο
3443 2838 3477 2909 ἡ
3510 2836 3564 2890 δέ
3598 2834 3751 2905 πρόθε-

2243 2949 2326 2996 σις
2351 2931 2435 3000 ἐφ’
2470 2931 2498 2984 ό
2524 2930 2768 3002 βούλεται
2801 2931 2955 3003 ῥέπει
2978 2948 2992 2961 ·
3018 2931 3188 2985 ταῦτα
3217 2929 3272 2983 δὲ
3299 2930 3429 3000 οὐχὶ
3459 2928 3588 3001 μέρη
3611 2924 3747 2995 ψυχῆς

2239 3024 2487 3096 διάφορα,
2516 3024 2629 3079 ἀλλ’
2656 3024 2731 3089 ὡς
2753 3024 3017 3097 ἐνέργειαι
3053 3023 3282 3095 ταύτης·
3339 3023 3480 3078 οὕτω
3518 3022 3672 3093 μέντοι
3690 3013 3752 3085 τῷ

2243 3113 2491 3185 ἡμετέρῳ
2541 3112 2802 3183 ὀφθαλμῷ
2831 3112 3085 3184 πρόσεστι
3138 3111 3390 3182 φυσικῶς
3414 3110 3474 3165 τὸ
3499 3110 3617 3183 όρᾷν
3654 3105 3754 3162 ἄλλο

585 3209 745 3261 quam
773 3198 1119 3265 operationes
1146 3199 1264 3268 ejus
1291 3218 1304 3253 :
1342 3216 1451 3254 non
1483 3209 1665 3257 tamen
1694 3202 1834 3258 inest
1861 3204 2019 3259 oculo
2043 3220 2142 3258 no-
2168 3200 2193 3259 (

2140 3236 2142 3244 τ
2168 3200 2210 3259 C
2241 3204 2289 3256 εί
2326 3203 2497 3275 τύχοι,
2528 3204 2561 3275 ἥ
2601 3204 2825 3276 πράξεις
2852 3205 3024 3269 κακάς
3059 3221 3119 3256 τε
3172 3204 3264 3257 καὶ
3297 3202 3527 3272 ἀγαθὰς,
3555 3200 3636 3255 καὶ
3657 3197 3748 3251 οὐδε

584 3296 699 3340 stro
746 3289 1088 3351 naturaliter,
1146 3298 1204 3344 ut
1257 3292 1439 3347 videat
1490 3293 1635 3349 aliud
1684 3294 1731 3349 si
1780 3295 2023 3363 accidat,
2054 3296 2139 3351 vel

586 3377 827 3433 actiones
860 3378 1034 3434 malas
1069 3386 1122 3434 et
1152 3379 1324 3435 bonas
1344 3421 1357 3442 .
1383 3395 1444 3434 ac
1468 3382 1715 3436 neutrius
1742 3396 1906 3435 causa
1932 3381 2094 3436 fuerit
2122 3400 2139 3449 ;

585 3483 737 3522 mens
763 3470 908 3523 enim
937 3479 1217 3540 aspectum
1252 3471 1482 3542 recipit,
1528 3473 1646 3527 visa
1683 3473 1945 3543 dijudicat
1978 3481 2139 3544 atque

582 3559 897 3615 discernit:
952 3561 1031 3616 sic
1083 3563 1341 3633 cogitatio
1397 3565 1710 3619 necessario
1766 3565 1938 3619 instar
1993 3566 2140 3620 oculi

583 3658 829 3705 movetur
853 3650 920 3705 ad
953 3667 1016 3706 ea
1045 3669 1164 3722 qum
1191 3653 1304 3709 ﬁeri
1338 3664 1569 3724 possunt
1590 3696 1605 3719 ,
1633 3672 1741 3710 non
1772 3673 1993 3713 movens
2022 3657 2141 3711 ani-

581 3757 725 3795 mam
760 3743 827 3795 ad
856 3757 917 3799 ea
949 3759 1046 3815 per
1072 3746 1181 3799 vim
1204 3786 1217 3811 ,
1257 3747 1352 3802 sed
1395 3748 1705 3818 cognitione
1743 3748 1979 3806 naturali
2025 3751 2141 3805 haec

583 3833 885 3889 attendens.
938 3834 1209 3891 Continuo
1266 3838 1483 3907 quidem
1538 3840 1583 3896 si
1633 3842 1918 3908 volumus,
1978 3842 2139 3897 simul

582 3926 854 3979 contraria
886 3927 1227 3997 cogitamus;
1259 3929 1420 3984 simul
1452 3937 1627 3985 tamen
1660 3934 1933 3987 contraria
1963 3932 2143 3989 facere

581 4031 687 4069 non
716 4032 1021 4086 possumus.

654 4108 712 4162 in
745 4109 890 4165 hunc
922 4110 1142 4165 modum
1174 4110 1317 4165 actio
1345 4112 1563 4181 quidem
1590 4112 1855 4170 electione
1878 4116 2139 4187 propositi

580 4200 797 4256 decreta
829 4209 911 4255 est
939 4219 954 4268 ;
999 4202 1255 4272 cogitatio
1282 4217 1411 4258 vero
1440 4206 1743 4260 naturalem
1775 4208 2140 4277 cognitionem

579 4293 798 4348 virtutis
828 4300 883 4348 et
917 4294 1033 4347 vitii
1066 4301 1335 4349 testatur:
1370 4295 1477 4350 nisi
1506 4295 1649 4350 enim
1684 4298 1798 4353 haec
1830 4313 2141 4368 praecogno-

581 4394 858 4439 s‘ceremus
878 4426 892 4449 ,
917 4401 1017 4439 nec
1046 4400 1106 4440 ea
1136 4385 1499 4456 cogitaremus
1520 4426 1535 4450 ,
1568 4404 1741 4458 neque
1771 4390 1915 4458 quod
1948 4390 2141 4447 melius

579 4484 694 4539 est,
726 4476 1048 4547 eligeremus
1070 4516 1084 4541 ,
1120 4493 1417 4548 praegressa
1447 4481 1668 4534 omnino
1695 4480 1959 4535 electione
1991 4480 2140 4537 dete-

2242 3292 2440 3365 ετέρων
2487 3293 2654 3359 αἴτιος
2699 3294 2766 3348 ἂν
2809 3294 2925 3367 εἴη·
2974 3293 3273 3365 διαδέχεται
3302 3294 3415 3365 γάρ
3454 3295 3483 3347 ό
3533 3290 3641 3354 νοῦς
3676 3286 3753 3358 τὴν

2239 3382 2378 3453 ὄψιν,
2432 3385 2526 3439 καὶ
2572 3383 2832 3456 διακρίνει
2877 3385 2945 3440 τά
2988 3384 3271 3458 ὁρώμενα·
3347 3384 3487 3439 οὕτω
3517 3383 3576 3454 δὴ
3609 3379 3687 3435 καὶ
3723 3379 3749 3446 ἡ

2239 3476 2533 3548 ἐνθύμησις
2603 3476 2878 3548 ὀφθαλμοῦ
2954 3476 3109 3548 δίκην
3183 3476 3499 3544 ἀναγκαίως
3567 3474 3748 3527 κινεῖται

2240 3568 2374 3643 πρὸς
2421 3571 2481 3624 τὸ
2521 3570 2768 3640 γενέσθαι
2821 3568 3160 3640 ἐνδεχόμενα,
3211 3568 3272 3621 ού
3335 3567 3613 3639 βιαζομὲνη
3646 3562 3749 3632 πρὸς

2238 3660 2377 3716 αύτά
2412 3647 2512 3733 τὴν
2554 3660 2749 3732 ψυχὴν,
2781 3658 2916 3714 ἀλλά
2960 3657 3156 3727 γνώσει
3188 3660 3394 3729 φυσικῇ
3445 3654 3749 3710 ἐπιϐάλλουσα

2237 3752 2464 3817 τούτοις.
2512 3752 2720 3806 Αὐτίκα
2766 3750 2881 3822 ἅμα
2919 3750 3039 3822 μὲν,
3086 3749 3180 3801 ἐάν
3235 3748 3502 3819 θέλωμεν,
3543 3742 3750 3800 τάναντία

2239 3842 2631 3916 ἐνθυμούμεθα,
2678 3843 2795 3915 ἅμα
2842 3841 2898 3895 δὲ
2940 3841 3197 3895 τάναντία
3240 3842 3503 3911 πράττειν
3540 3839 3593 3892 ού
3623 3835 3748 3891 δυνά-

2242 3933 2399 4006 μεθα.

2239 4206 2582 4280 προθέσεως’
2631 4205 2665 4275 ἠ
2714 4204 2772 4257 δὲ
2829 4202 3125 4275 ἐνθύμησις
3167 4202 3265 4273 τὴν
3314 4199 3541 4271 φυσικὴν
3586 4192 3749 4297 γνῶσιμ

2238 4300 2438 4372 ἀρετῆς
2483 4315 2542 4352 τε
2599 4297 2692 4351 καὶ
2749 4297 2944 4360 κακίας
3000 4295 3387 4379 μαρτυρεῖται·
3428 4294 3491 4386 ⁸εἰ
3546 4287 3641 4358 γάρ

2237 4370 2408 4444 ταῦτα
2442 4386 2917 4461 προεγινώσκομεν
2936 4427 2950 4451 ,
2978 4370 3087 4439 ούτ²
3121 4384 3187 4439 ἂν
3213 4381 3625 4455 ἐνεθυμήθημεν,
3661 4370 3736 4427 οὔτ

2243 4481 2306 4535 ἂν
2351 4480 2411 4534 τὸ
2463 4482 2706 4551 κρεῖττον
2761 4476 3044 4548 εἱλόμεθα⁶
3086 4473 3400 4547 στερόμενοι
3450 4471 3525 4541 τῷ
3572 4466 3749 4522 πάντως

583 4567 769 4635 rioris,
802 4569 984 4638 pravis
1014 4568 1278 4624 institutis
1304 4570 1602 4641 anticipati.
1633 4571 1994 4638 Quamobrem
2024 4587 2137 4626 ma-
2171 4554 2191 4608 Ῑ

2171 4554 2210 4608 ί)
2242 4570 2613 4646 προαιρεῖσθαι
2649 4571 2710 4624 τὸ
2742 4572 2942 4642 χεῖρον,
2966 4567 3224 4637 ἀγωνίαις
3252 4566 3472 4636 φαύλοις
3498 4557 3749 4646 προειλημξ

578 4661 659 4737 gis
705 4666 789 4715 est
834 4659 1157 4717 studendum
1212 4669 1266 4717 et
1314 4662 1666 4739 laborandum
1714 4664 2027 4719 hominibus
2082 4665 2135 4718 in

577 4752 897 4807 educatione
933 4754 1162 4808 filiorum
1187 4794 1203 4818 ,
1239 4770 1399 4825 quam
1432 4756 1687 4826 agricolis
1716 4756 1770 4810 in
1802 4757 2136 4811 incremento

580 4845 857 4899 arborum.
894 4843 1243 4915 interpretari
1281 4847 1444 4917 igitur
1477 4849 1861 4918 cogitationem
1893 4858 2134 4904 nostram

581 4936 837 4994 indicium
886 4953 1008 4993 esse
1059 4939 1290 4992 duarum
1341 4949 1659 4993 naturarum
1705 4941 2133 5003 contrariarum,

579 5026 802 5096 perinde
831 5036 914 5083 est
948 5044 1012 5081 ac
1050 5028 1095 5083 si
1129 5030 1252 5099 quis
1285 5028 1524 5090 diceret.
1561 5046 1684 5086 esse
1718 5040 2000 5102 aspectum
2033 5032 2136 5084 mi-

578 5117 806 5171 stionem
858 5118 1099 5171 omnium
1162 5118 1440 5186 colorum,
1496 5119 1622 5188 quia
1676 5118 1731 5172 in
1790 5117 1901 5172 hzec
1954 5117 2135 5171 omnia

576 5209 744 5263 aciem
776 5209 1026 5263 intendit.
1061 5208 1216 5275 Quod
1255 5211 1421 5280 igitur
1454 5212 1766 5267 necessario
1801 5210 2008 5280 accepit
2038 5210 2136 5264 ho-

576 5315 664 5351 mo
711 5307 768 5353 ut
816 5308 998 5370 posset
1049 5318 1308 5371 peccare,
1358 5304 1437 5359 sic
1472 5318 1502 5357 a
1534 5303 1643 5357 Deo
1678 5302 1887 5364 factus,
1922 5311 1982 5355 ut
2023 5318 2131 5357 non

575 5389 731 5442 aliter
763 5398 947 5458 posset
979 5407 1045 5445 ex
1080 5392 1282 5447 virtute
1314 5392 1493 5446 vivere
1523 5409 1537 5451 :
1575 5392 1628 5446 id
1661 5392 1805 5461 quod
1843 5391 1984 5447 Deus
2010 5407 2132 5446 cum

572 5486 714 5532 esset
755 5480 928 5534 bonus
960 5488 1151 5535 etnon
1199 5481 1446 5546 invidus,
1492 5490 1700 5536 natura:
1745 5483 1966 5537 insitum
2012 5498 2134 5539 esse

574 5571 778 5624 voluit-
810 5581 864 5628 et
896 5574 1039 5644 quod
1076 5583 1291 5643 propter
1330 5590 1404 5647 ea.
1438 5591 1558 5646 quae
1600 5575 1802 5647 injuste
1847 5575 1991 5647 apud
2037 5575 2133 5632 hc-

636 5681 778 5761 ,(31’)
812 5690 1153 5750 Desideratur
1182 5695 1296 5765 τήν.
1336 5695 1493 5754 Enn.

2239 4644 2409 4734 μένοι.
2449 4663 2538 4716 Διὸ
2564 4662 2627 4735 δὴ
2676 4660 2872 4733 μᾶλλον
2918 4658 3220 4730 ἀνθρώποις
3269 4644 3751 4747 σπουδαστέονὶπερὶ

2233 4756 2330 4827 τὴν
2344 4754 2449 4807 τῶν
2472 4755 2675 4809 παίδων
2707 4750 3064 4824 ἀνατροφὴνῆ
3092 4751 3356 4822 γεωργοῖς
3380 4748 3501 4820 περὶ
3522 4739 3641 4839 (27:)
3664 4739 3749 4839 τῶν

2235 4847 2414 4916 φυτῶν
2446 4845 2693 4917 αύξησιν.
2723 4844 2803 4897 Τὸ
2833 4843 3011 4897 τοίνυν
3054 4841 3154 4913 τὴν
3191 4841 3481 4910 ἐνθύμησιν
3518 4833 3655 4907 ἡμῶν
3685 4833 3748 4889 εἰς

2234 4939 2527 5009 τεκμήριον
2574 4936 2867 5008 λαμϐάνειν
2917 4934 3009 4987 δύο
3049 4933 3262 5003 φύσεων
3296 4930 3562 4989 ἐναντίων,
3604 4933 3748 4990 παραυ

2240 5029 2461 5098 πλήσιον
2507 5028 2571 5083 ἂν
2623 5029 2708 5096 εἴη
2739 5026 2927 5097 ὥσπερ
2960 5024 3014 5078 εἴ
3046 5042 3129 5088 τις
3164 5024 3294 5093 φαίη
3342 5022 3446 5077 τῶν
3486 5012 3746 5089 χρωμάτων

2239 5120 2491 5173 ἁπάντων
2516 5120 2711 5189 κρᾶσιν
2740 5114 2875 5171 εἶναι
2902 5117 3000 5187 τὴν
3031 5115 3173 5184 ὄψιν,
3202 5114 3383 5184 ἐπειδὴ
3415 5110 3604 5168 τούτοις
3631 5100 3746 5154 άπα-

2238 5226 2321 5263 σιν
2349 5210 2645 5264 ἐπιϐάλλει.
2696 5210 2818 5263 Ὀτι
2863 5209 2959 5279 μὲν
3011 5204 3104 5260 οὖν
3151 5204 3455 5275 ἀναγκαίως
3488 5204 3544 5252 τὸ
3581 5193 3742 5292 ﬁght”

2236 5303 2569 5372 ἁμαρτάνειν
2607 5302 2829 5374 εἴληφεν
2865 5302 3166 5376 ἄνθρωπος.
3207 5300 3348 5355 οὕτω
3382 5293 3661 5366 γενόμενοςν
3683 5291 3742 5337 ως

2234 5396 2334 5447 ούκ
2359 5391 2425 5446 ἂν
2452 5394 2652 5465 ἑτέρως
2682 5394 2743 5445 τὸ
2791 5393 3086 5464 κατορθοῦν
3131 5391 3384 5448 δύνασθαι
3410 5378 3738 5465 κτησάμενος]

2234 5486 2369 5557 ὅπερ
2416 5455 2555 5548 Θεδέ
2591 5455 2794 5552 ἀγαθός
2825 5502 2883 5537 τε
2930 5455 3030 5538 ὶςαι
3075 5483 3303 5554 ἄφθονος
3349 5477 3591 5548 ὑπάρχων
3622 5455 3738 5557 ὲνῖέ·

2237 5552 2481 5654 θεσικε-τῇ
2531 5576 2718 5645 φύσειο
2758 5576 2850 5632 καὶ
2891 5577 2971 5630 ὅτι
3015 5552 3151 5640 τέως
3186 5575 3273 5630 διά
3304 5590 3366 5643 γε
3401 5569 3465 5623 τὰ
3494 5559 3624 5633 παρὰ
3660 5552 3736 5605 ἀν’
