4072 6338
322 282 461 342 1145
1400 292 1766 351 ADVERSUS
1807 294 1854 348 Μ

1958 295 2241 352 ιαιιΑιοδ·
2258 295 2385 354 LIB.
2424 297 2488 354 Ιῐ.
3391 309 3530 364 1136

317 395 889 491 θριῦποις-ἁδικήματα
938 404 1162 476 οὐδεμία
1205 406 1414 480 ἀνάγκη
1465 409 1598 481 ὑλην
1643 412 1859 485 ἄναρχοι

1974 411 2144 468 mines
2175 414 2351 470 ﬁunt:
2383 417 2534 470 nullo
2583 425 2743 488 pacto
2776 432 2999 475 necesse
3046 428 3130 476 est
3173 429 3362 491 putare
3414 438 3531 478 ma-

313 487 408 539 καὶ
453 487 649 540 κακίαν
689 489 863 544 δοκεῖν
909 494 1394 566 ἀντιπαρατάττειν
1425 499 1575 570 Θεῷ·
1606 501 1728 555 οὔτε
1764 503 1859 586 μὴν

1975 503 2163 558 teriam
2212 506 2478 577 principio
2524 487 2798 564 carentem
2847 517 2904 564 et
2944 487 3241 580 nequitiam
3274 513 3526 570 resistere

311 576 447 640 ὅλως
474 579 593 630 κατ’
631 579 813 634 οὑσίαν
841 583 1202 656 ὑφεστηκέναι
1231 586 1470 657 νομίζειν
1502 590 1720 657 κακίαν,
1752 576 1859 647 ἀλλ’

1972 594 2110 663 Deo;
2136 612 2236 652 nec
2265 576 2580 655 existimare
2606 601 2822 670 penitus
2843 576 3142 657 secundum
3169 603 3523 661 substantiam

311 668 369 718 ὲν
399 669 592 738 πράξει
617 671 715 742 τὴν
741 671 1034 730 ὑπόστασιν
1063 675 1223 747 ἔχειν,
1250 676 1336 731 διὰ
1379 679 1486 732 τῶν
1533 683 1859 754 προειρημέ-

1971 699 2068 754 per
2111 700 2171 740 se
2210 687 2488 743 exstitisse
2522 668 2854 758 nequitiam,
2887 691 2982 746 sed
3015 691 3070 746 in
3111 693 3324 760 actione,
3351 695 3522 761 consig

310 771 416 811 νων
453 757 840 817 ἀποδέδεικται.

1971 786 2114 834 stere
2135 820 2150 842 ,
2180 779 2430 860 superius
2461 757 2890 836 demonstratum
2920 790 2976 839 et
3002 757 3323 839 conclusum
3351 791 3454 840 est.

1282 857 1410 914 Car.
1446 860 1561 916 VII.
1603 861 1929 931 Objectiones
1959 869 2101 922 circa
2137 857 2553 926 Providentiam.

380 937 576 993 Λοιπὸν
600 940 678 1012 (δὴ
725 961 849 1014 περι
890 962 949 998 τε
984 947 1081 1019 τῆς
1109 949 1381 1020 πανσόφου
1420 951 1731 1025 διοικήσεως
1771 955 1863 1009 τοῦ

308 1026 465 1093 Θεοῦ,
499 1032 591 1085 καὶ
632 1033 888 1105 περὶτῶν
916 1037 1091 1108 μάτην
1124 1042 1203 1103 είς
1233 1041 1429 1095 κακίαν
1465 1043 1598 1115 πρὸς
1622 1044 1715 1098 τοῦ
1748 1047 1866 1100 Μά-

309 1137 490 1185 νεντος
519 1122 908 1194 διαϐληθέντων
931 1127 1230 1201 δημιουργη
1240 1133 1444 1201 μάτων,
1465 1135 1654 1206 ρητέον
1673 1136 1747 1200 ὡς
1777 1137 1866 1190 δύ-

310 1226 489 1280 ναμις.
538 1214 784 1280 Ἀταξίαν
803 1215 866 1287 δὴ
898 1218 1092 1289 πολλὴν
1122 1219 1410 1290 ψηφίζεται
1436 1223 1542 1277 τῶν
1573 1225 1691 1279 καθ’
1718 1229 1864 1297 ἡμᾶς

309 1304 666 1373 πραγμάτων,
698 1305 920 1360 πλοῦτόν
960 1326 1018 1362 τε
1052 1313 1143 1364 καί⁹
1180 1313 1387 1375 πενίαν,
1422 1315 1608 1384 ὑγείαν
1659 1335 1717 1370 τε
1769 1320 1862 1373 καὶ

307 1395 480 1457 νόσον,
511 1396 585 1459 ὠς
618 1396 776 1450 ἄνισα
823 1399 1115 1455 διαϐάλλων
1135 1420 1148 1432 ·
1186 1403 1265 1456 ἔτι
1317 1404 1422 1476 μὴν
1451 1409 1541 1460 καὶ
1571 1408 1631 1461 τὺ
1663 1410 1858 1466 πολλά-

307 1503 396 1549 κις
435 1485 525 1540 τὸν
570 1487 668 1558 μὲν
697 1489 997 1560 κακοῦργον
1029 1492 1340 1563 διαφεύγειν
1385 1496 1482 1568 τὴν
1527 1497 1635 1554 τῶν
1683 1502 1860 1573 νόμων

304 1579 594 1650 τιμωρίαν,
646 1579 734 1633 τὸν
787 1580 832 1634 δ’
884 1583 1122 1639 ἀναίτιον
1173 1590 1541 1658 τιμωρεῖσθαι,
1592 1590 1682 1644 καί⁹
1735 1593 1860 1656 τοὺς

2041 960 2304 1031 Deinceps
2337 963 2404 1018 de
2443 962 2841 1032 sapientissima
2878 961 2970 1018 Dei
3018 964 3442 1034 gubernatione,
3475 976 3524 1022 et

1969 1054 2038 1108 de
2084 1055 2151 1110 iis
2197 1073 2316 1126 quae
2363 1058 2600 1113 inaniter
2632 1066 2686 1112 et
2721 1058 3007 1113 temerarie
3052 1074 3081 1112 a
3138 1058 3430 1114 Manichaeo
3473 1060 3525 1114 in

1969 1147 2289 1203 criminibus
2320 1150 2385 1203 ad
2415 1149 2763 1204 asserendam
2798 1150 3093 1217 nequitiam
3125 1149 3336 1218 objecta
3365 1158 3525 1208 sunt.

1969 1255 2064 1309 pro
2095 1241 2302 1296 viribus
2334 1240 2621 1296 dicendum
2653 1249 2757 1296 est.
2795 1240 3016 1294 Multam
3059 1242 3521 1310 perturbationem

1965 1334 2170 1388 ordinis
2205 1334 2256 1388 in
2290 1335 2492 1389 nostris
2531 1334 2696 1389 rebus
2735 1341 2978 1387 accusat.
3027 1333 3251 1388 Divitias
3296 1343 3349 1388 et
3390 1350 3522 1404 pau-

1965 1433 2224 1492 pertatem
2250 1464 2264 1488 ,
2293 1424 2576 1479 sanitatem
2604 1434 2656 1478 et
2683 1425 3130 1487 invaletudinem,
3163 1432 3416 1492 tauquam
3453 1425 3524 1480 sit

1963 1511 2018 1566 in
2062 1513 2140 1568 eis
2177 1513 2550 1582 inaequalitas,
2596 1513 2938 1567 criminatur.
2988 1512 3120 1567 ltem
3168 1513 3338 1580 illud,
3382 1527 3522 1582 saepe

1965 1603 2262 1658 maleﬁcum
2297 1604 2621 1674 supplicium
2656 1604 2832 1675 legum
2880 1604 3144 1675 eﬁ‘ngere,
3175 1605 3521 1660 innocentem

305 1670 540 1739 φαύλους
573 1670 714 1724 ἔστιν
758 1673 846 1726 ὅτε
881 1675 979 1744 τῆς
1021 1675 1160 1730 κατὰ
1195 1678 1302 1732 τῶν
1335 1680 1506 1733 ἄλλων
1548 1682 1720 1752 ἀρχῆς
1745 1684 1859 1735 ἐπι-

1962 1711 2088 1750 vero
2117 1696 2295 1766 puniri
2321 1737 2335 1759 ,
2366 1695 2690 1766 quandoque
2719 1697 2883 1750 etiam
2918 1696 3195 1766 improbos
3236 1697 3520 1766 imperium

303 1759 523 1814 ϐαίνειν.
573 1761 788 1832 Ῥητέον
821 1764 932 1833 (28)
965 1767 1163 1830 τοίνυν,
1191 1769 1270 1822 ὅτι
1299 1772 1570 1841 παρῆκται
1589 1772 1697 1843 (29)
1727 1775 1860 1844 πρὸς

300 1851 394 1905 τοῦ
425 1853 919 1925 δημιουργήσαντος
959 1856 1241 1928 ἄνθρωπος
1285 1863 1365 1924 είς
1393 1863 1486 1915 τὸν
1522 1862 1656 1933 βίον,
1690 1865 1860 1934 ἐμπο-

304 1943 586 2014 ρευόμενος
635 1945 817 2015 ἕτερον
860 1947 1011 2000 οὐδὲν
1056 1950 1088 2021 ἢ
1140 1951 1306 2021 μόνην
1357 1952 1632 2006 εὐσέϐειάν
1679 1973 1736 2008 τε
1765 1956 1858 2008 καὶ

297 2035 515 2104 ἀρετήν.
543 2035 723 2089 Ταῦτα
771 2037 878 2108 γὰρ
929 2041 1266 2112 κτησάμενος
1310 2043 1427 2112 μὲν,
1475 2033 1651 2109 καλῶς
1690 2047 1754 2100 ἂν
1783 2047 1858 2099 δι-

299 2127 565 2197 ανήξηται
592 2129 738 2182 τόνδε
767 2130 856 2182 τὸν
889 2129 1000 2200 βίον
1019 2149 1034 2161 ⁸
1068 2133 1344 2203 ἀμελήσας
1371 2135 1427 2188 δὲ
1450 2137 1670 2201 τούτων,
1699 2139 1857 2208 χαλε-

297 2214 415 2278 πῶς
445 2217 510 2270 ἂν
543 2217 950 2291 διαϐαπτισθείη
1003 2220 1368 2294 πλανώμενος.
1413 2226 1628 2297 Τροφὴν
1659 2227 1714 2279 δὲ
1757 2226 1858 2280 σώ-

299 2324 467 2376 ματος
483 2309 573 2361 καὶ
591 2309 900 2380 ἐνδυμάτων
917 2313 1228 2384 περιϐολὴν,
1247 2316 1340 2367 καὶ
1354 2316 1453 2386 τὴν
1468 2317 1632 2389 ἄλλην
1649 2319 1855 2389 σκέπην

293 2396 527 2450 δέδωκεν
555 2401 584 2451 ὁ
611 2400 742 2462 Θεὸς
759 2400 904 2472 αὑτῷ
935 2404 1031 2473 οὑχ
1054 2403 1128 2467 ὡς
1146 2405 1280 2475 (⁵29⁸)
1301 2408 1677 2480 προηγούμενα
1692 2411 1854 2484 δῶρα,

293 2489 410 2540 ἀλλ’
433 2489 508 2552 ὼς
531 2491 798 2560 ἀναγκαῖα
830 2493 964 2565 πρὸς
984 2494 1078 2566 τὴν
1110 2497 1340 2551 ἐνταῦθα
1372 2499 1464 2552 τοῦ
1495 2497 1632 2556 εἶναι
1662 2504 1857 2556 σύστα-

299 2597 417 2633 σινο
441 2580 524 2634 ἵνα
560 2583 694 2652 μετὰ
721 2583 968 2654 σώματος
1002 2587 1256 2658 ὑπάρχων
1280 2589 1339 2642 τὸ
1375 2591 1471 2660 μὲν
1497 2593 1594 2662 ζῇν
1623 2593 1708 2646 διὰ
1735 2594 1858 2648 τού-

296 2685 404 2720 των
453 2669 569 2740 ἔχῃ,
618 2670 676 2724 τὸ
725 2672 781 2725 δὲ
835 2677 1014 2727 πονεῖν
1074 2675 1168 2728 καὶ
1235 2677 1462 2733 κτᾶσθαι
1501 2681 1570 2734 τὰ
1628 2683 1856 2754 ῥηθέντα

297 2762 508 2826 ἀόκνως
534 2765 712 2835 μετίῃ.

367 2854 484 2916 Φῶς
521 2853 576 2906 δὲ
621 2857 968 2926 περιεποίησε
1016 2861 1355 2928 σωματικὸν,
1405 2863 1856 2937 καὶ’κατάλληλον

294 2943 460 2998 αὑτοῦ
489 2949 552 3017 τῇ
586 2947 762 3017 φύσει.
797 2950 890 3004 καὶ
917 2950 1052 3022 ἀέρα
1076 2952 1210 3024 πρὸς
1249 2953 1538 3025 ἀναπνοὴν,
1571 2957 1662 3010 καὶ
1692 2956 1851 3029 ὕδωρ,

1960 1785 2014 1840 in
2041 1787 2178 1841 alios
2212 1786 2486 1841 invadere.
2518 1785 2816 1844 Dicendum
2852 1787 3019 1858 igitur
3047 1797 3130 1843 est
3151 1830 3164 1852 ,
3195 1787 3519 1859 productum

1957 1891 2076 1930 esse
2122 1876 2394 1930 hominem
2435 1876 2503 1929 ab
2547 1882 2768 1931 auctore
2812 1891 2912 1931 suo
2952 1877 3005 1930 in
3049 1878 3189 1931 hanc
3231 1878 3428 1940 vitam,
3463 1887 3524 1931 ut

1957 1966 2163 2019 nullum
2213 1966 2357 2020 aliud
2409 1967 2684 2036 negotium
2743 1979 2958 2037 ageret,
3018 1984 3178 2038 quam
3235 1975 3292 2020 ut
3347 1968 3518 2022 solam

1956 2057 2204 2127 pietatem
2249 2067 2302 2112 et
2346 2057 2636 2121 virtutem,
2685 2066 3049 2128 compararet.
3106 2057 3231 2113 Haec
3283 2059 3427 2113 enim
3474 2061 3520 2114 si

1956 2146 2371 2216 acquisivisset.
2406 2155 2551 2202 recte
2586 2151 2727 2203 hanc
2770 2150 2935 2202 vitam
2968 2156 3228 2204 tranaret.
3270 2147 3366 2204 His
3396 2166 3522 2206 vero

1954 2239 2247 2308 neglectis,
2294 2239 2600 2309 periculose
2641 2238 3045 2310 demergeretur
3088 2240 3366 2311 deceptus.
3410 2241 3522 2295 Ali-

1955 2336 2198 2383 mentum
2230 2337 2410 2386 autem
2446 2330 2692 2400 corporis
2712 2371 2726 2394 ,
2757 2338 2810 2386 et
2836 2331 3121 2395 vestitum,
3153 2338 3207 2385 et
3253 2332 3518 2401 reliquum

1954 2430 2318 2493 tegumentum
2377 2421 2525 2476 dedit
2567 2421 2711 2476 Deus
2759 2422 2863 2492 ipsi
2913 2438 3022 2477 non
3067 2431 3323 2493 tanquam
3371 2424 3513 2477 dona

1955 2514 2257 2583 pnecipua,
2301 2513 2393 2568 sed
2449 2523 2701 2584 tanquam
2752 2515 3060 2568 necessaria
3107 2515 3173 2568 ad
3220 2515 3382 2568 vitam
3429 2514 3521 2567 hic

1955 2605 2208 2658 tuendam
2241 2623 2254 2658 :
2292 2612 2348 2657 ut
2376 2603 2502 2658 dum
2534 2621 2732 2675 corpus
2764 2605 2960 2669 habet,
2993 2616 3101 2659 tum
3146 2606 3338 2659 horum
3384 2620 3521 2676 prze-

1955 2695 2096 2750 sidio
2148 2695 2330 2756 vivat,
2384 2703 2498 2748 tum
2547 2695 2775 2766 impigre
2828 2695 3068 2751 laborem
3121 2696 3418 2766 suscipiat,
3465 2705 3519 2749 et

1953 2801 2073 2856 quas
2101 2784 2242 2839 dicta
2278 2794 2436 2851 sunt,
2469 2796 2622 2855 paret

2027 2873 2231 2929 Lumen
2274 2883 2452 2928 autem
2493 2875 2683 2928 ascivit
2719 2874 2767 2929 ei
2807 2891 3130 2945 corporeum
3164 2884 3370 2930 natnrte
3401 2876 3522 2946 ejus

1896 3024 1902 3033 ι
1955 2965 2285 3018 conveniens
2310 3005 2323 3026 ,
2361 2972 2472 3016 tum
2505 2979 2683 3018 aerem
2716 2965 2781 3017 ad
2813 2964 3114 3018 ducendum
3144 2967 3394 3036 spiritum
3418 3007 3432 3027 .
3466 2977 3522 3021 et

297 3040 391 3091 καὶ
416 3039 483 3091 τὰ
515 3040 645 3092 ἄλλα
686 3040 749 3111 δὴ
782 3042 880 3094 ὅσα
911 3043 1212 3112 ἀναγκαῖα·
1241 3045 1411 3099 ταῦτα
1443 3044 1551 3119 γὰρ
1580 3049 1730 3102 κοινὰ
1765 3051 1859 3119 μὲν

1961 3071 2154 3125 aquam
2206 3065 2258 3110 et
2308 3069 2642 3124 quaecunque
2690 3055 2792 3107 alia
2829 3056 3173 3110 necessaria:
3220 3057 3334 3110 hate
3374 3057 3515 3110 enim

295 3129 540 3196 φυσικῶς
585 3130 780 3184 ἅπασιν
831 3132 1134 3204 ἀνθρώποις
1191 3135 1422 3206 ὑπάρχει
1482 3137 1631 3208 παρὰ
1687 3140 1856 3193 Θεοῧ’

297 3221 392 3272 καὶ⁸
414 3222 512 3273 οὑκ
544 3222 606 3274 ἄν
634 3238 718 3285 τις
748 3222 902 3292 φαίη,
939 3224 1014 3289 ὡς
1040 3225 1117 3296 τῷ
1143 3227 1331 3298 πένητι
1377 3229 1594 3282 ἔλαττον
1620 3231 1710 3283 τοῦ
1748 3250 1860 3301 φω-

294 3311 388 3374 τὸς
434 3311 650 3381 μέτεστι
684 3312 714 3383 ἢ
757 3313 854 3382 τῆς
893 3315 1000 3367 τῶν
1032 3316 1238 3371 ὑδάτων
1269 3320 1550 3390 χορηγίας,
1582 3320 1704 3374 οὔτε
1756 3324 1860 3393 μὴν

295 3402 398 3469 τῆς
422 3403 555 3474 πρὸς
591 3403 650 3456 τὸ
680 3404 777 3475 ζῇν
808 3407 1186 3478 φυσικωτάτης
1231 3410 1528 3482 ἀναπνοῆς·
1575 3414 1668 3476 καὶ
1697 3415 1862 3482 ἀναγ-

297 3492 458 3545 καίαν
490 3494 544 3546 δὲ
578 3496 676 3566 τὴν
704 3497 925 3570 τροφὴν,
973 3500 1019 3551 εί
1055 3501 1146 3553 καὶ
1192 3502 1265 3572 μὴ
1297 3503 1420 3555 ἄνευ
1461 3503 1680 3574 ἱδρῶτος
1709 3506 1861 3576 πορί-

298 3586 470 3651 ζεται,
527 3587 638 3642 ἀλλ’
695 3589 842 3660 ὅμως
893 3592 1066 3655 κοινὸς
1123 3595 1237 3657 τοῖς
1290 3597 1420 3648 πᾶσι
1479 3596 1577 3664 τῆς
1627 3596 1760 3666 πρὸς
1801 3599 1860 3651 τὸ

297 3680 610 3747 ἀναγκαίως
655 3680 751 3751 ζῇν
793 3683 1053 3752 χορηγίας
1080 3687 1107 3738 ὁ
1140 3685 1355 3757 τρόπος.
1398 3689 1606 3757 Χρυσὸς
1657 3706 1715 3742 τε
1765 3689 1858 3742 καὶ

298 3769 553 3840 ἄργυρος,
587 3771 679 3823 καὶ
709 3770 842 3823 λίθοι
871 3773 1059 3843 τίμιοι,
1090 3776 1216 3846 παρ’
1248 3777 1411 3830 αὑτοῦ
1441 3778 1725 3832 καὶταῦτα
1751 3781 1860 3843 τοῖς

298 3859 651 3928 κεκτημένοις
696 3859 962 3930 ὑπάρχει·
999 3863 1057 3914 οὑ
1103 3861 1205 3933 μὴν
1239 3863 1397 3917 πλέον
1429 3882 1480 3917 τι
1515 3865 1856 3935 συμϐάλλοιτ’

300 3949 368 4002 ἂν
427 3948 560 4017 πρὸς
607 3949 704 4019 τὴν
755 3952 1155 4022 προειρημένην
1204 3953 1490 4024 ἐμπορίαν,
1541 3957 1589 4007 εἰ
1642 3956 1714 4026 μὴ
1766 3958 1858 4010 καὶ

303 4039 504 4108 μᾶλλον
558 4041 896 4111 ἐμποδίσειεν
939 4043 1021 4095 ἄν.
1069 4043 1256 4114 Ὅμως
1298 4044 1354 4096 δὲ
1405 4044 1525 4097 οὑτε
1571 4047 1727 4118 πενίᾳ
1768 4048 1856 4101 ἁν-

298 4131 518 4199 έφικτος
573 4134 605 4204 ή
665 4133 982 4204 προτεθεῖσα
1034 4134 1182 4204 παρὰ
1239 4134 1372 4188 Θεοῦ
1405 4139 1515 4199 τοῖς
1547 4137 1852 4207 ἀνθρώποις

300 4223 517 4294 πορεῖα,
547 4221 666 4276 οὔτε
700 4223 912 4294 πλούτῳ
954 4225 1151 4294 μᾶλλον
1178 4225 1362 4297 ῥᾳδία·
1396 4225 1508 4278 ἀλλ’
1538 4226 1859 4298 ἀμφοτέρως

299 4318 474 4370 ἔνεστι
501 4319 614 4380 τοῖς
664 4335 726 4386 γε
759 4319 1190 4383 σπουδαιοτάτοις
1236 4320 1334 4391 τὴν
1377 4323 1736 4393 προκειμένην
1776 4341 1859 4376 τε-

1964 3157 2183 3202 auctore
2215 3147 2322 3202 Deo
2349 3146 2659 3201 communia
2701 3155 2829 3203 sunt
2872 3149 3192 3202 naturaliter
3237 3163 3358 3201 cum
3405 3163 3520 3200 om-

1962 3243 2122 3296 nibus
2169 3239 2521 3306 hominibus;
2567 3254 2666 3294 nec
2713 3239 2858 3295 ullus
2898 3239 3080 3295 dicere
3121 3241 3296 3309 possit
3341 3239 3522 3294 minus

1961 3332 2182 3387 .uminis
2212 3332 2474 3400 impartiri
2512 3332 2769 3400 pauperi,
2804 3347 2978 3401 neque
3008 3332 3189 3385 minus
3223 3346 3373 3400 aqua:
3402 3345 3526 3400 sup~

1959 3423 2222 3493 peditari,
2258 3438 2432 3492 neque
2467 3423 2647 3478 minus
2681 3422 2822 3476 aeris
2854 3420 2919 3475 ad
2952 3422 3362 3490 respirationem
3397 3437 3520 3488 quae

1959 3523 2042 3569 est
2072 3515 2138 3568 ad
2171 3514 2458 3568 vivendum
2491 3514 2728 3568 maxime
2771 3513 3067 3576 naturalis,
3109 3521 3163 3567 et
3206 3513 3521 3566 alimentum

1960 3607 2366 3671 necessarium,
2405 3605 2618 3659 tametsi
2660 3621 2766 3658 non
2807 3606 2926 3660 sine
2956 3603 3153 3658 sudore
3186 3603 3519 3674 suppeditat.

1959 3700 2162 3753 Aurum
2200 3707 2379 3754 autem
2413 3705 2466 3753 et
2492 3705 2774 3766 argentum
2808 3705 2862 3750 et
2893 3695 3100 3766 lapides
3133 3697 3400 3767 pretiosos
3427 3695 3521 3764 qui

1960 3791 2196 3854 habent,
2224 3792 2292 3845 ab
2322 3791 2439 3860 ipso
2463 3790 2754 3861 accipiunt.
2779 3787 2896 3842 Non
2927 3798 3105 3842 tamen
3129 3790 3249 3859 plus
3274 3786 3523 3842 conferre

1960 3884 2168 3954 possint
2193 3883 2257 3936 ad
2291 3883 2598 3936 facultatem
2619 3923 2633 3949 ,
2662 3896 2823 3947 quam
2853 3880 3104 3950 superius
3130 3880 3387 3943 diximus,
3414 3879 3520 3934 nisi

1961 3973 2134 4042 magis
2163 3973 2322 4027 etiam
2356 3973 2638 4042 impedire.
2672 3971 2879 4026 Tamen
2909 3987 3083 4041 neque
3121 3970 3382 4041 profectio
3423 3971 3522 4024 ho-

1961 4066 2199 4119 minibus
2253 4080 2280 4117 a
2335 4063 2441 4118 Deo
2490 4065 2800 4134 proposita,
2847 4068 3164 4134 paupertate
3207 4061 3518 4132 impeditur,

1959 4172 2134 4225 neque
2163 4155 2366 4209 divitiis
2402 4154 2614 4208 facilior
2644 4153 2894 4210 eﬁicitur.
2933 4152 3037 4208 Sed
3069 4160 3300 4222 utraque
3330 4151 3521 4205 condi-

1959 4249 2103 4302 tione
2134 4245 2391 4302 studiosis
2421 4253 2474 4300 et
2504 4245 2737 4300 maxime
2767 4245 3052 4301 industriis
3082 4259 3146 4298 ac
3174 4243 3362 4313 gnavis
3393 4244 3521 4298 licet

1962 4340 2309 4394 constitutam
2337 4338 2480 4392 viam
2512 4347 2565 4392 et
2599 4337 2924 4391 destinatam
2954 4335 3258 4390 conﬁcere:
3292 4349 3521 4404 pauper-

302 4412 423 4480 μείν
447 4407 562 4460 ὁδόν
581 4425 595 4438 ’
628 4409 784 4461 πενία
815 4411 910 4480 μὲν
943 4411 1048 4482 γὰρ
1073 4411 1159 4465 διὰ
1196 4414 1488 4484 καρτερίας
1516 4414 1607 4466 καὶ
1647 4414 1857 4466 ἐλευθε-

1964 4435 2046 4483 tas
2074 4429 2217 4482 enim
2249 4443 2345 4498 per
2385 4428 2726 4481 tolerantiam
2773 4434 2824 4480 et
2868 4425 3204 4487 libertatem,
3244 4423 3515 4494 apulentia

301 4500 566 4570 ριότητος,
613 4499 839 4564 πλοῦτος
885 4502 942 4555 δὲ
990 4503 1079 4555 διὰ
1129 4504 1586 4576 μετριοςρροσύνης
1631 4506 1723 4558 κα)⁸
1762 4505 1856 4558 τοῦ

298 4592 570 4661 προτιμᾷν
610 4591 717 4644 τῶν
752 4592 1008 4645 δοθέντων
1034 4594 1124 4646 τὸν
1151 4594 1436 4658 δεδωκότα,
1466 4594 1857 4666 κατορθώσειεν

298 4683 365 4734 ἂν
392 4682 452 4734 τὸ
479 4683 925 4752 σπουδαζόμενον,
958 4683 1031 4748 ὡς
1068 4687 1202 4756 μήτε
1241 4687 1328 4738 τὸν
1361 4685 1700 4754 πτωχεύοντα
1731 4687 1857 4740 δυσ-

296 4773 519 4843 χερείας
568 4773 693 4826 ἄνευ
743 4774 835 4826 καὶ
897 4775 1068 4827 πόνων
1113 4775 1418 4829 ἐπιϐάλλειν
1466 4778 1542 4847 τῷ
1587 4777 1858 4850 κατορθω-

302 4882 432 4934 ματι
453 4883 466 4895 ·
507 4865 708 4919 δεῖσθαι
739 4867 792 4918 δὲ
824 4867 1164 4938 προσεχείας,
1200 4870 1248 4920 εἰ
1288 4869 1378 4920 καί
1403 4871 1485 4931 τις
1515 4869 1662 4940 αὑτῴ
1697 4871 1860 4941 πρόσ-

297 4974 445 5008 εστιν
481 4957 846 5028 άφροντιστία,
878 4957 1012 5029 πρὸς
1043 4957 1102 5010 τὸ
1137 4958 1210 5028 μὴ
1250 4959 1349 5029 τῆς
1405 4959 1675 5028 πτωχείας
1702 4961 1859 5032 χάριν

298 5048 646 5120 ἀνελεύθερόν
677 5067 728 5102 τι
759 5050 856 5120 μὲν
886 5051 1100 5121 δρᾶσαι,
1135 5053 1580 5122 ἀγανακτήσαντα
1621 5052 1676 5105 δὲ
1723 5055 1858 5124 πρὸς

298 5139 502 5210 ταύτην
534 5141 799 5209 διελέγξαι
834 5142 930 5213 τὴν
972 5144 1175 5196 οἰκείαν
1221 5143 1495 5214 πρόθεσιν,
1539 5144 1613 5206 ὼς
1661 5145 1858 5215 μᾶλλον

300 5231 371 5285 ἂν
400 5231 530 5286 Θεοῦ
565 5233 740 5304 τιμῴη
785 5233 852 5286 τὰ
902 5235 1036 5306 πρὸς
1071 5234 1232 5287 αὑτοῦ
1271 5236 1548 5305 διδόμενα’
1596 5237 1731 5306 μήτε
1765 5237 1856 5289 τὸν

301 5324 614 5394 περιουσίαν
642 5326 895 5395 πλείστην
927 5327 1258 5396 κεκτημένον
1284 5327 1441 5379 ὠνίου
1465 5327 1659 5398 τρόπον
1686 5329 1860 5400 ἐαυτῷ

299 5415 558 5469 δύνασθαι
590 5417 867 5485 εὑσέϐειάν
902 5436 960 5471 τε
997 5419 1088 5472 καὶ
1112 5418 1309 5490 ἀρετὴν
1349 5419 1694 5490 πορίσασθαι,
1727 5420 1859 5472 ἀλλὰ

373 5529 486 5603 (‘28)
521 5531 779 5603 'Bnréor.
812 5551 862 5585 κ.
890 5551 941 5587 τ.
973 5535 1020 5587 λ.
1047 5535 1178 5590 Vide
1218 5535 1354 5588 infra
1381 5535 1433 5588 in
1484 5535 1858 5603 Supplementis

302 5597 500 5676 rdhos
532 5599 634 5654 Titi
663 5603 1187 5676 Bostrensisrlihros,
1219 5604 1306 5658 ubi
1343 5604 1369 5676 §
1417 5604 1475 5676 llr
1497 5597 1858 5676 eijarulle-

301 5672 366 5723 tis
389 5670 782 5726 Damascenieis
811 5673 1118 5741 descriptus
1152 5670 1440 5729 exhibetur
1469 5675 1556 5727 hic
1587 5675 1760 5728 locus.

373 5741 485 5812 (29)
510 5741 824 5811 Παρῆκται.
853 5741 1058 5798 Parati.
1098 5746 1132 5800 Ι.
1153 5760 1226 5812 c.,
1251 5743 1520 5815 παρήχθη.
1565 5742 1686 5799 Mox
1718 5744 1845 5798 ibid.
1899 5765 1909 5777 ’

1957 4534 2087 4573 vero
2113 4534 2207 4587 per
2233 4517 2547 4572 modestiam
2575 4525 2628 4570 et
2654 4517 2858 4570 cultum
2888 4517 3252 4584 honoremque
3279 4515 3519 4569 auctoris

1958 4610 2221 4664 bonorum
2254 4625 2412 4679 quem
2444 4609 2725 4678 anteponit
2753 4607 2910 4662 bonis
2939 4607 3102 4677 ipsis,
3139 4607 3393 4677 perﬁcere
3421 4622 3520 4676 po-

1958 4708 2064 4754 test
2105 4699 2249 4768 quod
2282 4699 2462 4754 studet
2493 4705 2546 4750 et
2585 4699 2835 4764 laborat;
2869 4704 2925 4749 ut
2955 4712 3128 4766 neque
3162 4711 3364 4764 pauper
3399 4696 3524 4750 sine

1958 4787 2270 4841 diliicultate
2310 4797 2363 4841 et.
2397 4787 2676 4843 laboribus
2717 4794 3043 4856 assequatur
3088 4786 3384 4852 virtutem;
3425 4786 3520 4840 sed

1957 4890 2108 4952 egeat
2141 4880 2320 4934 studio
2357 4887 2410 4934 et
2452 4880 2831 4941 accuratione,
2875 4880 2919 4934 si
2963 4893 3068 4948 qua
3116 4877 3169 4930 in
3217 4878 3334 4947 ipso
3380 4878 3521 4931 inest

1960 4974 2202 5038 incuria,
2233 4989 2301 5028 ne
2333 4982 2551 5042 propter
2593 4978 2962 5042 paupertatem
3013 4968 3215 5037 aliquid
3257 4968 3520 5023 illiberale

1960 5065 2120 5119 faciat
2139 5105 2153 5128 ,
2179 5073 2234 5119 ct
2262 5065 2391 5118 dum
2419 5065 2604 5133 iniquo
2631 5064 2813 5118 animo
2843 5063 2944 5118 fert
2971 5070 3338 5132 paupertatem
3361 5099 3376 5123 ,
3403 5047 3520 5112 ani-

1959 5172 2104 5210 mum
2134 5172 2292 5211 suum
2323 5171 2386 5210 ac
2416 5158 2748 5210 voluntatem
2783 5155 3109 5226 patefaciat;
3142 5163 3199 5207 ut
3227 5153 3318 5222 qui
3346 5149 3517 5220 magis

1960 5263 2117 5318 quam
2147 5247 2313 5301 Deum
2337 5287 2352 5309 ,
2382 5249 2612 5302 honoret
2641 5263 2705 5302 ea
2731 5265 2849 5317 quae
2875 5265 2903 5301 a
2939 5247 3046 5301 Deo
3076 5245 3272 5299 dantur
3297 5261 3312 5298 :
3343 5255 3518 5310 neque

1958 5341 2049 5409 qui
2082 5339 2285 5393 divitiis
2333 5339 2533 5396 aﬂluit.
2577 5340 2746 5409 possit
2797 5340 2900 5394 sibi
2945 5339 3116 5393 instar
3155 5335 3232 5390 rei
3275 5331 3514 5393 venalis,

1960 5433 2209 5500 pietatem
2247 5437 2300 5484 et
2330 5432 2583 5487 virtutem
2617 5446 2970 5501 comparare;
3012 5429 3144 5500 quin
3178 5426 3358 5498 potius
3388 5423 3515 5494 plus

1957 5544 2284 5607 διανήξαιτο.

2029 5614 2160 5678 ((29⁸)
2197 5616 2320 5681 Οὐχ
2350 5613 2448 5678 ὡς.
2491 5611 2614 5667 Haec
2645 5613 2945 5666 addidimus
2969 5651 2983 5673 .
3019 5619 3074 5681 et
3118 5608 3381 5665 sententia
3413 5620 3516 5678 ρον

1961 5684 2218 5748 stulantc,
2250 5679 2573 5739 et’vcrsione
2597 5687 2666 5739 ita
2693 5683 2992 5738 cxhibente.
3027 5679 3177 5737 Enn.
