4072 6338
529 289 666 344 HN
1575 317 1578 321 -
1713 287 1854 343 ἸἹΊΊ
1894 284 2320 344 BOSTBENSIS
2359 284 2661 340 EPISCOPI
3645 282 3775 335 “i8

529 409 586 462 in
615 407 718 462 hac
745 423 803 462 re
831 408 1136 462 sudandum
1161 408 1209 464 ei
1237 408 1308 462 sit
1333 428 1347 464 :
1385 411 1559 480 magis
1589 411 1732 464 enim
1763 409 1852 464 hic
1871 452 1884 473 ,
1912 418 1969 463 ut
2004 425 2100 480 par
2130 459 2137 471 ι

2169 408 2451 471 [πλείονος
2483 406 2703 479 ἱδρῶτος
2741 405 2876 476 πρὸς
2922 404 3080 458 τοῦτο
3135 404 3367 458 δεῖσθαι’
3424 401 3777 474 Χειμάξεσθαι

531 508 658 564 est,
734 498 998 559 ﬂuctuat.
1063 507 1113 554 et
1179 508 1434 569 tanquam
1493 508 1813 570 tempestate
1864 500 2099 570 jactatur

2201 501 2306 572 γὰρ
2339 499 2538 571 μᾶλλον
2569 499 2658 551 τὸν
2681 496 2922 551 τοιοῦτον
2951 497 3094 561 είκὸς
3115 497 3212 568 τὴν
3234 497 3494 560 διάνοιαν,
3529 498 3597 565 τῇ
3621 511 3781 566 φρονο

534 597 722 652 utens,
749 603 880 642 cura
913 595 968 642 et
1005 589 1379 644 sollicitudine
1413 590 1468 645 in
1500 592 1640 646 bona
1664 601 1885 646 externa
1911 631 1927 655 ,
1957 600 2010 646 et
2047 591 2098 646 in

2203 594 2306 648 τίδι
2339 595 2690 666 μεριζόμενον
2719 592 2855 660 πρός
2886 609 2945 644 τε
2979 590 3048 644 τά
3079 590 3235 652 ἐκτὸς
3261 588 3416 660 ,πρός
3457 605 3517 642 τε
3545 588 3617 639 τὰ
3656 588 3780 658 περὶ

536 681 776 736 animam
806 681 1005 752 partita
1033 701 1045 736 :
1074 691 1128 737 et
1153 682 1256 738 nisi
1284 682 1558 738 existimet
1582 699 1704 738 esse
1731 699 1860 753 opes
1882 684 2102 738 omnino

2207 685 2306 756 τὴν
2359 685 2571 756 ψυχήν*
2625 683 2720 747 ὡς,
2761 684 2810 735 εἰ
2867 681 2942 753 μὴ
2995 680 3271 752 πάρεργον
3327 673 3467 734 εἶναι
3504 677 3785 741 παντελῶς

534 773 832 845 πάρεργον,
880 772 1036 846 ἔργον
1076 789 1204 829 vero
1247 776 1422 831 solum
1469 776 1762 829 amicitiam
1808 792 1930 831 cum
1972 777 2100 842 Deo,

2208 775 2296 828 τὸν
2351 775 2575 828 πλοῦτον
2645 772 2887 844 οίηθείη,
2944 773 3103 844 ἔργον
3156 772 3213 824 δὲ
3270 771 3426 842 μόνον
3494 769 3595 840 τὴν
3649 769 3787 839 πρὸς

534 864 882 935 demergatur
909 866 962 920 in
988 867 1279 921 amentiam
1306 867 1572 937 integram
1601 884 1614 933 ;
1650 882 1759 921 non
1795 867 2101 939 intelligens

2208 863 2337 916 Θεὸν
2373 863 2573 932 φιλίαν,
2631 862 3054 935 βαπτισθήσεται
3102 863 3238 934 πρὸς
3285 864 3466 917 ἄνοιαν
3519 861 3784 930 παντελῆ,

535 973 618 1020 se.
645 959 824 1028 primo
850 967 903 1013 et
931 959 1048 1014 solo
1079 959 1222 1013 bono
1253 959 1477 1024 relicto,
1511 959 1717 1015 servire
1762 961 1992 1016 mortuis
2019 960 2104 1014 di-

2213 957 2287 1027 μὴ
2356 957 2589 1020 συνιείς.
2649 957 2743 1020 ὡς,
2801 957 2863 1010 τὸ
2919 956 3132 1028 πρῶτον
3195 957 3288 1010 καὶ
3349 956 3508 1026 μόνον
3582 953 3790 1023 ἀγαθὸν

536 1049 704 1115 vitiis,
736 1066 870 1120 quas
897 1067 1019 1105 cum
1053 1052 1335 1122 reliquerit
1355 1052 1514 1116 aliis,
1545 1053 1661 1122 ipse
1689 1053 1879 1107 abibit.

2211 1049 2398 1113 ὲάσας,
2429 1049 2666 1102 δουλεύει
2694 1049 2873 1121 νεκρῷ
2917 1051 3149 1121 πλούτῳ,
3187 1049 3244 1103 ὃν
3285 1047 3567 1103 ἀπολιπὼν
3607 1047 3789 1112 ἄλλοις

2213 1142 2510 1212 οἰχήσεται.

1206 1244 1336 1300 CAP.
1377 1243 1514 1300 Vill.
1558 1244 1814 1315 Pauperis
1845 1256 1892 1300 et
1915 1245 2093 1302 divitis
2126 1248 2429 1307 discrimen.
2463 1251 2740 1323 Improbus
2766 1271 2926 1327 quare
2953 1255 3115 1311 dives.
3147 1278 3153 1290 ~

614 1365 690 1420 Et
721 1379 877 1435 atquo
913 1363 1078 1434 igitur
1107 1372 1264 1418 vacat
1310 1363 1556 1434 periculo
1590 1365 1676 1419 via
1713 1366 1974 1434 virtutis;
2020 1382 2118 1421 ne-

2303 1371 2606 1435 ’Δκίνδυνος
2638 1372 2736 1442 μὲν
2765 1370 2857 1426 οὖν
2888 1373 3082 1444 ὲπίσης
3108 1371 3231 1425 οὐτε
3263 1373 3502 1444 πλουσίῳ
3526 1373 3652 1427 οὐτε
3697 1375 3799 1429 stt-

543 1476 650 1531 que
675 1459 850 1524 diviti,
879 1471 1058 1528 neque
1082 1459 1304 1528 pauperi
1348 1456 1628 1528 impedita.
1661 1455 1808 1513 Inter
1836 1474 1894 1514 se
1938 1468 2118 1512 autem

2220 1483 2340 1536 νητι
2391 1464 2490 1536 τὴς
2521 1466 2718 1536 ἀρετῆς
2772 1467 2805 1538 ἡ
2861 1465 3074 1539 πορεία,
3110 1467 3172 1518 οὐ
3205 1467 3310 1538 μὴν
3335 1467 3441 1520 οὐδ’
3498 1467 3800 1536 ἀνέφικτος

546 1553 702 1607 dives
735 1559 788 1605 et
826 1565 1028 1622 pauper
1053 1550 1226 1606 solum
1262 1549 1514 1604 ditierunt
1555 1557 1904 1604 externarum
1937 1567 2119 1605 rerum

2221 1555 2395 1608 οὐδενὶ
2433 1554 2642 1611 τούτοιν
2659 1574 2672 1587 ·
2699 1557 2940 1629 ἀλλήλων
2983 1557 3040 1610 δὲ
3061 1555 3376 1630 διαφέρουσι
3414 1558 3572 1630 μόνον
3599 1561 3666 1630 τῇ
3689 1559 3801 1612 τῶν

545 1644 880 1707 accessione,
905 1659 1025 1715 quae
1059 1643 1230 1698 nihilo
1263 1644 1386 1714 plus
1418 1644 1560 1698 valet
1610 1643 1674 1697 ad
1713 1644 1765 1698 id
1807 1644 1950 1714 quod
2000 1659 2124 1715 pro-

2193 1722 2196 1737 ι
2224 1645 2421 1713 ἔξωθεν
2453 1646 2733 1719 περιϐολῇ,
2770 1647 2935 1718 μηδὲν
2971 1648 3168 1720 ἐχούσῃ
3203 1648 3363 1702 πλέον
3395 1650 3532 1718 πρὸς
3562 1650 3626 1703 τὸ
3664 1669 3801 1723 προ-

548 1739 786 1808 positum
817 1746 922 1800 est,
950 1736 1361 1808 adipiscendum
1399 1755 1410 1790 :
1444 1745 1607 1808 atque
1631 1736 1733 1791 hoc
1769 1735 1990 1807 quidem
2029 1754 2124 1793 ne-

2193 1735 2195 1737 ’
2225 1738 2508 1810 κείμενον*
2543 1737 2853 1807 ἀναγκαίως
2884 1740 2977 1792 καὶ
3007 1739 3167 1792 τοῦτο
3187 1739 3286 1810 τῆς
3316 1739 3410 1794 τοῦ
3439 1741 3576 1794 Θεοῦ
3606 1744 3801 1811 σοφίας

548 1830 794 1887 cessario
830 1830 1014 1884 divina
1063 1829 1330 1900 sapientia
1375 1829 1668 1901 disposuit.
1705 1829 1935 1896 Quando
1977 1830 2124 1885 enim

2225 1830 2514 1900 διαθείσης.
2552 1831 2618 1883 Ὅ
2644 1847 2704 1883 τε
2735 1831 2842 1902 γὰρ
2863 1830 3028 1900 πένης
3049 1831 3470 1901 διαγυμνάζεται
3502 1833 3641 1906 πρὸς
3664 1851 3803 1906 καρ-

551 1939 757 1995 pauper
787 1930 1077 1980 exercetur
1105 1923 1172 1978 ad
1203 1923 1546 1979 tolerantiam
1572 1922 1913 1994 capiendam,
1936 1924 2126 1979 videns

2225 1923 2432 1993 τερίαν,
2468 1921 2694 1976 πλοῦτον
2731 1924 2860 1993 παρ’
2896 1922 3037 1993 ἄλλῳ
3067 1922 3278 1993 βλέπων
3297 1963 3312 1987 ,
3343 1924 3437 1977 καὶ
3467 1927 3497 1978 ό
3545 1924 3801 1990 πλούσιος

553 2015 697 2086 apud
728 2014 896 2069 alium
941 2015 1310 2086 0pulentiam;
1353 2015 1568 2070 animus
1605 2015 1768 2070 etiam
1810 2015 1994 2071 divitis
2031 2032 2127 2070 ex-

2227 2013 2578 2084 δοκιμάξεται
2617 2014 2716 2084 τὴν
2753 2012 2976 2086 γνώμην
3009 2017 3074 2085 τῇ
3107 2014 3200 2068 τοῦ
3239 2015 3611 2087 πτωχεύοντος
3651 2020 3801 2071 έντευ

554 2106 804 2176 ploratur
854 2105 1120 2160 tenuitate
1181 2105 1468 2177 pauperis;
1519 2105 1746 2161 inutiles
1800 2105 1945 2161 enim
2002 2115 2130 2161 sunt

2229 2105 2374 2176 λείᾳ’
2408 2104 2636 2168 πλοῦτος
2671 2105 2770 2176 μὲν
2800 2105 2908 2178 γὰρ
2954 2105 3027 2178 μὴ
3070 2111 3480 2181 παρακειμένης
3527 2110 3805 2182 πτωχείας

555 2213 710 2269 opes,
743 2198 790 2253 si
820 2208 932 2252 non‘
956 2197 1098 2253 adsit
1121 2207 1412 2268 paupertas
1447 2216 1460 2253 :
1498 2199 1586 2252 cui
1619 2197 1763 2253 enim
1795 2197 2027 2269 benigne
2051 2197 2131 2252 fa-

2231 2197 2531 2270 ἀχρηστοςο
2567 2197 2685 2252 τίνα
2732 2198 2840 2271 γὰρ
2871 2200 3185 2270 εὐποιήσει;
3215 2201 3308 2254 καὶ
3350 2201 3511 2257 πενία
3543 2204 3805 2276 ἀδόκιμος

555 2290 666 2346 ciet
694 2290 1026 2361 opulentus?
1050 2297 1103 2344 et
1127 2297 1416 2360 paupertas
1434 2306 1542 2345 non
1567 2297 1650 2345 est
1666 2299 1907 2361 spectata
1927 2297 1979 2345 et
2002 2306 2130 2361 pro-

2236 2289 2308 2361 μὴ
2336 2289 2705 2360 ἀντικειμένου
2741 2289 2988 2344 πλούτου.
3016 2291 3193 2358 Ὄλως
3225 2293 3282 2346 δὲ
3313 2293 3435 2348 οὔτε
3469 2293 3531 2348 τὸ
3557 2296 3805 2350 πλουτεῖν

557 2382 705 2447 bata,
733 2381 839 2436 nisi
865 2381 1188 2436 adversante
1227 2383 1524 2452 opulentia.
1565 2381 1808 2453 Denique
1849 2398 2025 2454 neque
2055 2383 2134 2437 di-

2236 2382 2523 2454 μακάριον,
2547 2379 2667 2434 οὐτε
2693 2382 2753 2435 τὸ
2773 2381 3024 2436 πένεσθαι
3051 2384 3277 2438 ἐλεεινόν
3299 2399 3313 2414 ⁶
3339 2385 3526 2459 ἐπειδή
3553 2405 3619 2456 γε
3648 2389 3806 2456 μόνος

558 2473 724 2528 vitem
761 2489 886 2529 esse
915 2473 1135 2528 beatum
1174 2482 1278 2538 est,
1314 2489 1492 2545 neque
1535 2489 1829 2545 pauperem
1874 2490 1998 2531 esse
2028 2477 2132 2531 mi-

2234 2478 2440 2540 ἐκεῖνος
2472 2475 2761 2548 μακάριος,
2787 2469 2831 2544 ᾧ
2861 2477 3146 2548 πρόσεστιν
3179 2481 3212 2550 ἡ
3257 2477 3473 2550 βέϐαιος
3497 2484 3597 2552 τῆς
3629 2481 3805 2555 ψυχῆς

559 2579 743 2620 serum
772 2583 786 2622 :
821 2565 1258 2635 quandoquidem
1283 2566 1432 2621 solus
1466 2565 1556 2621 ille
1591 2566 1681 2620 cui
1723 2565 1933 2621 accedit
1979 2566 2133 2621 ﬁrma

2235 2570 2353 2624 κατ’
2388 2570 2586 2642 ἀρετὴν
2627 2570 2922 2641 εὐπραγία,
2956 2571 3118 2624 κᾶν-τε
3146 2571 3414 2636 πλούσιος,
3449 2573 3614 2627 κάντε
3642 2574 3806 2646 πένης

561 2654 761 2710 animae
791 2655 1092 2710 secundum
1123 2655 1380 2711 virtutem
1413 2655 1668 2722 felicitas,
1699 2658 1814 2714 sive
1845 2658 1998 2714 dives
2021 2658 2136 2714 sive

2238 2664 2455 2735 ὑπάρχῃ
2485 2665 2512 2717 ὁ
2552 2660 2820 2729 τοιοῦτος,
2851 2657 2918 2734 ἦς
2959 2662 3142 2717 ἕνεκεν
3187 2663 3322 2734 πρὸς
3357 2664 3491 2716 Θεοῦ
3524 2664 3809 2734 ἄνθρωπος

561 2763 769 2819 pauper
800 2748 892 2812 sit,
926 2763 1150 2818 compos
1170 2749 1291 2818 ejus
1321 2757 1406 2804 cst
1429 2749 1589 2820 cuius
1612 2765 1778 2806 causa
1827 2765 1858 2804 a
1908 2750 2016 2806 Deo
2059 2749 2138 2804 fa-

2238 2753 2559 2824 γεγένηται·
2588 2751 2662 2815 ὡς
2693 2751 2810 2804 δέον
2852 2751 3002 2825 παρά
3035 2753 3132 2824 μὲν
3167 2755 3299 2808 Θεοῦ
3332 2753 3392 2808 τὸ
3417 2751 3558 2808 εἶναι
3603 2754 3806 2816 λαϐεῖν,

561 2845 686 2894 ctus
719 2845 804 2894 est
824 2837 985 2893 homo
1018 2855 1033 2893 :
1068 2847 1126 2892 ut
1156 2837 1269 2909 jam
1295 2854 1433 2918 opus
1471 2841 1540 2896 sit
1570 2855 1601 2894 a
1632 2839 1742 2896 Deo
1786 2841 2054 2910 accipere,
2078 2848 2139 2894 ut

2240 2845 2368 2916 παρ’
2397 2841 2588 2897 ἑαυτοῦ
2621 2843 2678 2896 δὲ
2710 2843 2772 2896 τὸ
2804 2845 3006 2914 ἀγαθὸν
3038 2846 3426 2917 προσγενέσθαι
3449 2846 3649 2911 λαϐεῖν,
3687 2864 3808 2900 συν·

563 2931 675 2999 sit;
721 2946 753 2987 a
783 2947 844 2987 se
896 2946 1025 2988 vero
1083 2933 1352 3003 accipere,
1394 2941 1452 2988 ut
1484 2933 1663 2989 bonus
1711 2935 1804 2998 sit,
1848 2933 2141 3004 adjuvante

2243 2935 2533 3007 εργοῦντος
2583 2934 2718 2989 Θεοῦ
2739 2953 2754 2967 ο
2791 2934 3034 3006 βούλεται
3059 2938 3166 3009 γὰρ
3196 2937 3330 3001 Θεὸς
3357 2941 3452 2993 καὶ
3484 2940 3609 3012 παρ’
3643 2938 3807 2992 αύτεῦ

564 3024 870 3082 Deozvult
909 3027 1053 3082 enim
1098 3025 1264 3094 Deus,
1326 3035 1386 3098 u_t
1442 3027 1604 3083 homo
1665 3043 1788 3082 cum
1849 3028 1921 3084 sit
1974 3028 2172 3127 ration

2202 3078 2206 3096 ,
2239 3028 2328 3081 τὸν
2355 3026 2638 3097 ἄνθρωπον
2677 3025 2820 3099 ἔχειν
2851 3028 2915 3082 ἀν
2937 3045 3008 3092 τι,
3039 3026 3250 3096 λογικὸν
3281 3028 3409 3083 ὅντα
3438 3029 3575 3100 πρὸς
3609 3029 3810 3094 ἔνδοξον

563 3117 654 3174 nis
699 3119 995 3189 particeps,
1048 3119 1246 3176 habeat
1299 3119 1506 3191 aliquid
1562 3135 1592 3174 a
1647 3135 1706 3176 se
1751 3118 1818 3174 ad
1845 3117 2171 3192 gloriosam'

964 3134 995 3187 l,
1048 3119 1246 3176 habeat
1299 3119 1506 3191 aliquid
1562 3135 1592 3174 a
1647 3135 1706 3176 se
1751 3118 1818 3174 ad
1845 3121 2136 3192 gloriosam
2168 3117 2207 3132 “
2243 3123 2572 3196 παρρησίαν.

565 3210 845 3268 llduciam.

636 3301 906 3369 Quocirca
935 3317 1046 3358 non
1083 3303 1494 3369 admirabimur,
1539 3319 1718 3375 neque
1760 3305 1978 3361 beatum
2012 3322 2144 3378 prae-

2315 3306 2475 3358 Ὥστε
2531 3306 2592 3358 οὐ
2640 3304 2993 3378 θαυμάσομεν
3045 3306 3165 3360 οὐδὲ
3215 3307 3596 3379 μακαριοῦμεν
3653 3308 3807 3379 ἄνδρα

565 3395 872 3452 dicabimus
906 3395 1085 3451 virum
1122 3395 1343 3451 divitem
1379 3397 1641 3453 maleficia
1684 3399 2140 3454 committentem:

2254 3399 2504 3453 πλούσιον
2551 3399 3038 3472 κακοπραγοῦντα·
3086 3399 3206 3453 οὐδὲ
3254 3399 3699 3470 διαπορήσομεν,
3737 3401 3807 3454 Et:

569 3503 746 3558 neque
776 3487 1118 3560 stupebimus
1170 3498 1359 3544 contra
1396 3488 1487 3545 Dei
1523 3489 1941 3562 providentiam,
1978 3491 2143 3561 quod,

2247 3493 2463 3546 πλουτεῖ
2489 3494 2726 3557 τοιοῦτος
2758 3491 2832 3547 ὢν
2870 3495 3004 3563 πρὸς
3027 3493 3126 3563 τὴν
3149 3492 3241 3546 τοῦ
3280 3492 3413 3546 Θεοῦ
3447 3494 3722 3565 πρόνοιαν.
3752 3491 3807 3545 Τί

569 3582 665 3653 qui
697 3583 824 3639 talis
861 3591 971 3648 est,
997 3583 1205 3640 divitiis
1233 3584 1436 3640 aliiuat.
1469 3584 1609 3651 Quid
1630 3585 1772 3640 enim
1798 3585 2029 3656 amplius
2050 3585 2146 3638 ha-

2245 3586 2353 3658 γὰρ
2382 3587 2616 3658 ὑπάρχει
2659 3585 2817 3640 πλέον
2846 3585 2998 3659 ἀνδρὶ
3029 3585 3246 3657 πονηρῷ
3280 3584 3595 3638 πλουτοῦντι
3621 3602 3637 3650 ;
3670 3585 3733 3638 Τί
3759 3583 3809 3638 ἃ

573 3677 664 3731 bet
686 3678 768 3732 vir
793 3677 1076 3747 improbus
1124 3679 1314 3734 dives?
1342 3677 1484 3744 Quid
1520 3694 1650 3734 vero
1690 3693 1800 3732 non
1837 3679 2022 3734 minus
2053 3679 2146 3732 lia-

2246 3679 2344 3731 οὐκ
2376 3677 2593 3730 ἔλαττον
2616 3677 2762 3748 αὐτῷ
2789 3676 3108 3748 πρόσεστιν;
3141 3676 3437 3750 ἀγρυπνίαι
3462 3676 3562 3747 μὲν
3596 3678 3689 3729 καὶ
3709 3675 3812 3730 κίν-

573 3767 708 3822 bet?
735 3767 933 3838 vigilia:
961 3770 1106 3823 enim
1134 3779 1187 3825 et
1210 3769 1450 3840 pericula
1477 3778 1698 3840 propter
1723 3770 2017 3840 pecunias;
2051 3771 2148 3825 do-

2246 3768 2389 3823 δυνοι
2415 3769 2503 3823 διὰ
2537 3769 2604 3824 τὰ
2639 3769 2894 3842 χρήματα
2913 3809 2927 3834 ,
2960 3768 3126 3823 λύπαι
3156 3769 3212 3822 δὲ
3246 3768 3356 3822 τῶν
3379 3769 3812 3840 ἀναλισκομένων

575 3859 722 3916 lores
752 3875 884 3915 vero
913 3861 979 3916 de
1000 3863 1341 3932 consumptis
1375 3862 1631 3932 majores,
1651 3877 1812 3933 quam
1846 3863 2148 3932 voluptates

2252 3864 2468 3934 μείζους
2497 3864 2640 3934 ἤπερ
2672 3863 2854 3935 ἡδοναὶ
2878 3861 2985 3915 τῶν
3023 3861 3420 3934 ποριζομένωνο
3454 3863 3514 3914 οὐ
3547 3863 3656 3934 γὰρ
3683 3861 3815 3914 οὔτω

574 3954 644 4012 de
668 3955 989 4027 acquisitis:
1023 3973 1128 4011 non
1173 3958 1314 4012 enim
1353 3966 1462 4011 tam
1506 3957 1737 4012 delectat
1775 3959 1917 4028 quod
1972 3958 2146 4020 adest,

2248 3955 2308 4009 τὸ
2363 3957 2533 4026 παρὸν
2575 3955 2875 4027 εὐφραίνει,
2907 3954 2982 4019 ὡς
3010 3955 3068 4008 τὸ
3094 3956 3230 4008 ἀπὸν
3271 3953 3457 4006 λυπεῖ·
3490 3955 3585 4007 καὶ
3625 3954 3715 4006 ἀεὶ
3753 3953 3817 4005 τὰ

575 4062 739 4116 quam
774 4048 989 4102 cruciat
1026 4049 1171 4118 quod
1205 4049 1378 4114 abest,
1423 4057 1478 4102 et
1518 4065 1734 4120 semper
1776 4049 2042 4118 cupiditas
2073 4049 2153 4104 di-

2248 4044 2346 4114 τῆς
2376 4042 2670 4113 ἐπιθυμίας
2719 4042 3039 4107 συναύξεται
3070 4043 3146 4114 τῷ
3179 4043 3420 4113 πλούτῳ,
3458 4044 3535 4106 ὡς
3563 4044 3655 4097 τὸν
3680 4044 3818 4111 λογι-

577 4137 1038 4206 vitiisjaugetur:
1071 4139 1142 4192 ita
1181 4147 1237 4192 ut
1287 4140 1404 4194 sine
1457 4139 1859 4195 intermissione
1895 4140 2151 4211 cogitatio

2253 4134 2387 4205 σμὸν
2441 4134 2796 4198 ἀδιαλείπτως
2852 4138 3115 4188 συνοικεῖν
3167 4135 3380 4206 ἀσχέτῳ
3427 4134 3620 4202 πάθει,
3668 4136 3729 4188 τὸ
3765 4135 3817 4188 δὲ

579 4229 783 4286 habitet
813 4245 937 4285 cum
960 4230 1244 4286 affectione
1267 4230 1570 4294 effrenata;
1601 4247 1800 4302 corpus
1826 4247 1954 4286 vero
1983 4248 2152 4302 smpe-

2254 4225 2413 4298 σῶμα
2445 4227 2702 4292 πολλάκις
2726 4227 3232 4298 συγκατατήκεσθαι
3258 4227 3333 4298 τῷ
3367 4228 3646 4300 λογισμῷ·
3683 4229 3743 4282 τὸ
3766 4227 3819 4280 δὲ

578 4338 810 4379 nmncro
844 4324 1176 4394 cogitatione
1201 4325 1573 4380 contabescat.
1609 4324 1830 4380 Demum
1856 4341 1974 4393 quae
2006 4326 2152 4380 vide-

2252 4320 2441 4374 δοκοῦν
2464 4321 2836 4394 πλεονεκτημα
2862 4321 2954 4375 τοῦ
2981 4321 3291 4392 περιουσίαν
3314 4322 3649 4392 κεκτημένου
3673 4321 3822 4391 χαλεο

580 4423 673 4465 tur
721 4413 1068 4481 praestantior
1109 4413 1352 4468 conditio
1399 4416 1727 4470 aliluentiam
1771 4431 1930 4486 opum
1975 4417 2188 4485 possi-t

2213 4436 2226 4484 ι
2257 4411 2497 4484 πώτερον
2531 4413 2840 4484 τυγχάνειῆ
2881 4413 3246 4484 μειονέκτημα
3271 4428 3284 4442 ·
3325 4411 3545 4482 τρυφῶν
3577 4411 3693 4480 ('50)
3720 4409 3821 4481 γὰρ

579 4503 781 4567 dentis,
831 4505 1103 4566 dillicilior
1143 4513 1197 4562 et
1239 4509 1520 4564 molestior
1569 4517 1653 4566 est
1692 4524 1851 4580 quam
1913 4509 2151 4565 conditio

2257 4505 2349 4558 καὶ
2379 4504 2536 4574 εὐνῆς
2563 4504 2860 4576 ἀπαλότητι
2893 4503 3191 4575 χρώμενος,
3230 4505 3309 4567 είς
3348 4503 3656 4575 ἀρρωστίας
3683 4501 3821 4554 ἔστιν

581 4598 790 4664 egentis
826 4617 837 4652 :
872 4599 960 4654 ille
984 4600 1132 4666 enim
1156 4600 1366 4655 deliciis
1393 4609 1445 4655 ct
1473 4603 1698 4656 mollitia
1740 4601 1936 4657 cubilis
1967 4611 2150 4667 utens,

2257 4598 2344 4650 ὅτε
2368 4597 2612 4660 ποικίλας
2635 4597 2914 4668 ὲμπίπτει’
2931 4595 3024 4649 τοῦ
3049 4597 3104 4650 δὲ
3126 4597 3357 4665 πένητος
3372 4599 3434 4666 τῇ
3457 4593 3714 4665 ξηρότητι
3732 4593 3822 4662 τῆς

583 4688 909 4761 quandoque
942 4692 995 4745 in
1027 4693 1205 4747 varios
1255 4694 1475 4748 morbos
1527 4693 1735 4760 incidit,
1788 4711 1911 4748 cum
1949 4711 2153 4766 pauper

2258 4691 2560 4758 ἀναγκαίας
2605 4690 2810 4760 διαίτης
2854 4689 2914 4742 τὸ
2959 4690 3198 4758 ὑγιαῖνον
3233 4688 3308 4759 τῷ
3353 4686 3566 4757 σώματι
3609 4683 3823 4756 ποριζὸο

585 4785 835 4842 siccitate
894 4787 1070 4842 victus
1141 4789 1437 4842 necessarii
1508 4789 1869 4844 valetudinem
1938 4790 2149 4859 corpori

2263 4800 2444 4854 μενον.
2500 4783 2692 4837 Καίτοι
2731 4783 2815 4848 τίς
2849 4782 2914 4836 ἂν
2969 4783 3123 4852 φαίη,
3159 4783 3234 4846 ὡς
3261 4781 3381 4853 οὐχὶ
3425 4781 3486 4833 τὸ
3518 4780 3682 4849 σῶμα
3726 4778 3825 4831 τῶν

584 4879 799 4935 ascivit.
829 4877 898 4932 At
929 4880 1052 4950 quis
1081 4879 1226 4934 dicat
1263 4895 1369 4933 non
1407 4895 1528 4934 esse
1556 4896 1754 4950 corpus
1785 4881 2139 4935 excellentius

2260 4875 2414 4940 ἐκτὸς
2443 4877 2865 4948 προτιμότερον;
2894 4876 2956 4928 Εἰ
2978 4875 3033 4928 δὲ
3057 4878 3165 4938 τοῖς
3200 4873 3267 4928 τὰ
3293 4873 3562 4942 ἀναγκαῖα
3591 4871 3827 4942 μετρίοις

585 4979 639 5023 et
668 4969 841 5038 magis
869 4969 1190 5024 honoratum
1224 4986 1386 5040 quam
1419 4970 1558 5025 bona
1607 4970 1866 5026 externa?
1897 4969 2054 5036 Quod
2105 4971 2151 5026 si

2260 4967 2707 5040 ἐρρωμενεστέρα
2751 4967 2842 5020 τοῦ
2887 4967 3134 5038 σώματος
3173 4961 3287 5030 ἕξις
3329 4963 3594 5034 διαμένει,
3633 4965 3746 5024 τοῖς
3777 4959 3827 5012 δὲ

589 5060 848 5116 habitudo
886 5063 1131 5131 corporis
1185 5063 1452 5116 valentior
1489 5063 1544 5116 in
1589 5062 1656 5117 iis
1709 5070 2019 5132 perseverat
2065 5063 2156 5132 qui

2262 5059 2397 5128 πρὸς
2449 5058 2682 5130 ἄμετρον
2726 5058 2934 5128 τρυφὴν
2987 5055 3444 5127 κεχαλασμένοις,
3496 5052 3829 5120 συγκαταγε-

588 5154 916 5210 necessariis
945 5155 1220 5208 moderate
1262 5163 1518 5219 utuntur;
1555 5154 1622 5210 iis
1669 5171 1798 5209 vero
1843 5154 1935 5224 qui
1989 5170 2048 5210 se
2091 5154 2156 5210 ad

2263 5168 2348 5203 ται
2378 5151 2473 5204 καὶ
2511 5149 2606 5203 τοῦ
2641 5150 2888 5222 σώματος
2928 5150 2955 5202 ὁ
2993 5150 3174 5214 τόνος⁸
3213 5149 3328 5212 πῶς
3359 5147 3458 5200 οὐκ
3488 5144 3728 5216 ἔνδηλον,
3762 5142 3829 5203 ὡς

590 5245 980 5301 immoderatas
1025 5245 1253 5301 delicias
1307 5247 1612 5311 dimittunt,
1677 5247 1839 5301 simul
1890 5247 2057 5300 robur
2106 5256 2160 5300 et

2266 5244 2408 5298 κατὰ
2433 5243 2589 5298 τοῦτο
2621 5244 2713 5297 καὶ
2743 5244 2962 5298 ἔλαττον
2998 5246 3097 5314 τῆς
3135 5242 3322 5305 πενίας
3347 5241 3376 5293 ὁ
3402 5237 3668 5300 πλοῦτοςς
3700 5232 3829 5303 πλὴν

593 5337 820 5392 ﬁrmitas
843 5338 1090 5409 corporis
1121 5338 1431 5403 relaxatur;
1475 5354 1654 5392 annon
1697 5339 1863 5408 liquet
1887 5339 1985 5392 hac
2008 5347 2162 5408 parte

2266 5340 2314 5391 εἶ
2361 5339 2432 5410 μή
2488 5355 2569 5400 τις
2598 5337 2842 5410 εὑρεθείη
2901 5337 2995 5390 καὶ
3036 5336 3143 5389 τῶν
3187 5333 3496 5402 ἀναγκαίων
3547 5327 3826 5400 προσδεὴς,

593 5438 644 5482 et
679 5431 779 5485 hac
804 5431 1011 5486 ratione
1039 5431 1327 5487 inferiores
1373 5447 1496 5486 esse
1539 5430 1760 5485 divitias
1810 5431 2164 5500 paupertate?

2267 5433 2403 5502 ὅπερ
2434 5430 2684 5483 οὐδέποτε
2721 5430 2798 5501 τῷ
2831 5430 2950 5484 κατ’
2983 5429 3181 5501 ἀρετὴν
3226 5424 3495 5495 σπουδαίῲ
3529 5421 3828 5493 συμϐαίνει.

597 5535 951 5598 praeterquam
979 5526 1022 5582 si
1052 5527 1175 5598 quis
1210 5525 1512 5596 reperiatur
1561 5525 1652 5594 qui
1698 5531 1851 5593 egeat
1876 5524 2238 5589 necessariis;
2278 5524 2422 5595 quod
2447 5525 2665 5594 quidem
2689 5539 2967 5595 nunquam
3004 5523 3248 5578 studioso
3271 5519 3489 5574 virtutis
3514 5515 3731 5571 accidit.

668 5621 917 5694 Nunquid
969 5625 1216 5694 voluptas
1264 5622 1511 5677 ciborum
1550 5631 1994 5704 sumptuosorum
2043 5637 2166 5691 pcr-

2347 5618 2492 5692 Ἀρα
2530 5621 2591 5692 δὴ
2633 5621 2737 5674 τῶν
2774 5619 3078 5674 πολυτελῶν
3107 5618 3412 5688 ἐδεσμάτων
3442 5617 3473 5686 ἡ
3507 5612 3666 5684 ἡδονὴ
3712 5620 3831 5663 συντ

673 5745 782 5820 (50)
812 5746 971 5804 Forte
995 5751 1244 5818 τρυφαῖς.
1275 5747 1424 5801 EDtT.
