4072 6338
369 273 508 330 ιιιο

1462 271 1836 330 ADVERSUS
1875 270 2299 329 MANICHKEOS
2335 273 2462 328 LIB.
2504 274 2568 329 ll.

3477 274 3615 331 H50

364 389 609 462 διαμένει
641 393 707 462 τῇ
737 389 985 461 αἰσθήσει
1006 388 1114 443 τῶν
1151 390 1238 443 ἀελ⁵
1263 391 1642 462 κεχρημένων.
1672 389 1706 460 ἢ
1733 388 1795 459 δὴ
1821 387 1913 440 λίαπ

2043 395 2221 443 manet
2250 403 2373 443 cum
2405 403 2568 443 sensu
2602 403 2788 442 eorum
2835 389 2927 457 qui
2960 402 3172 456 semper
3213 387 3295 444 usi
3340 395 3469 444 sunt
3503 390 3608 459 cis,

364 482 697 548 εύτελίξεται
725 486 791 554 τῇ
824 482 1011 554 χρονία
1042 483 1331 554 συνηθείας
1360 483 1436 546 ὼς
1461 483 1623 555 μηδὲν
1646 482 1786 552 ἔχειν
1813 481 1938 545 τοὺς

361 577 635 642 τοιούτους
659 578 838 642 πλέον,
861 579 997 650 ὅπερ
1020 580 1099 641 είς
1118 577 1325 649 τρυφὴν
1342 578 1792 649 προσαγάγωνται
1809 593 1821 606 ·
1851 575 1938 630 ἀεὶ

361 670 474 740 γὰρ
506 671 568 723 τὸ
613 669 838 740 σύνηθες
884 672 1372 742 εὐκαταφρόνητον.
1415 670 1503 741 Τῷ
1530 672 1587 724 δὲ
1633 670 1824 742 πένητι
1876 670 1938 723 τὸ

363 760 464 830 μὲν
497 759 711 822 εὐτελὲς
744 759 831 812 διὰ
859 759 954 830 τὴν
987 760 1172 827 ὑγείαν
1190 758 1424 828 ἥδιστον,
1454 759 1516 811 τὸ
1549 759 1604 812 δὲ
1625 756 1932 820 πολυτελὲς,

361 850 418 902 ετ
447 866 579 902 ποτε
614 849 846 917 γένοιτο,
881 849 1027 913 ξένον
1063 850 1157 902 καὶ
1195 850 1506 903 καινότατον
1533 852 1610 913 είς
1643 849 1934 920 ἀνειμένην

360 939 664 994 ἀπόλαυσιν
684 958 699 972 -
741 939 880 993 ὥστε
912 940 1054 993 κατά
1077 940 1233 995 τοῦτο
1262 946 1374 1006 τοῖς
1401 943 1578 1014 ὀρθοῖς
1601 943 1878 1012 λογισμοῖς
1905 943 1933 994 6

361 1027 644 1100 χρώμενος
683 1028 831 1100 εὖροι
870 1029 936 1083 ἂν
965 1031 1126 1084 πλέον
1167 1031 1356 1102 ἔχοντα
1400 1033 1494 1087 τού
1545 1032 1795 1086 πλουσίου
1843 1030 1932 1084 τὸν

360 1122 591 1192 πένητα.
621 1122 792 1186 Νόσος
819 1122 876 1176 δὲ
906 1125 1000 1177 καὶ
1031 1125 1188 1193 ὑγεία
1207 1126 1600 1197 παραπλησίως
1624 1127 1893 1193 ἀναγκαῖα
1912 1141 1927 1157 ·

354 1213 390 1282 ἦ
421 1230 482 1266 τε
507 1213 615 1284 γὰρ
647 1213 803 1282 ὑγεία
848 1215 983 1286 πρὸς
1012 1215 1223 1268 ἀδικίαν
1250 1216 1343 1270 τοῦ
1382 1217 1542 1288 έργου
1571 1219 1668 1288 τῆς
1707 1217 1926 1289 ἀρετῆς,

353 1305 388 1376 ἦ
423 1322 484 1358 τε
517 1306 667 1369 νόσος
699 1305 844 1360 ἔστιν
864 1308 951 1360 ὅτε
978 1308 1115 1381 πρὸς
1143 1309 1450 1380 ἀνατροπὴν
1475 1309 1773 1381 ἁμαρτίας·
1806 1308 1930 1381 βοη-

355 1398 528 1452 θεῖται
549 1398 656 1470 γὰρ
680 1398 938 1463 πολλάκις
967 1401 994 1452 6
1025 1399 1281 1472 λογισμὸς
1305 1406 1417 1465 τοῖς
1440 1401 1636 1466 ἔξωθεν
1665 1403 1924 1472 κύμασιν.

356 1491 566 1555 Ἀλλως
587 1507 645 1544 τε
670 1491 776 1544 τῶν
799 1493 1245 1564 ἀρρωστημάτων
1272 1497 1304 1566 ἡ
1334 1499 1494 1567 πεῖρα
1518 1496 1616 1567 τῆς
1637 1496 1729 1549 τοῦ
1754 1496 1929 1564 ὑγιαί-

349 1599 466 1637 νειν
498 1583 814 1653 εὐεργεσίας
850 1585 1252 1656 ἀναμιμνήσκει
1304 1586 1439 1658 πρὸς
1481 1586 1781 1640 εὐλάϐειαν.
1818 1583 1925 1639 Ἦν

346 1677 392 1728 δ’
426 1676 492 1730 ἂν
529 1678 623 1729 καὶ
661 1676 779 1732 λίαν
811 1679 1301 1751 εὐκαταφρόνητος,
1331 1681 1380 1733 εί
1402 1680 1523 1734 καθ’
1561 1681 1756 1752 ἑαυτὴν
1791 1679 1924 1732 καθ-

345 1767 468 1820 όλου
521 1767 756 1838 διέμενε,
805 1768 884 1840 τῷ
933 1771 1100 1842 μηδὲν
1136 1771 1445 1843 ἐνδέχεσθαι
1493 1772 1917 1844 παρεμποδίζειν

347 1857 536 1926 αὑτήν.

2041 493 2109 532 an
2137 480 2290 533 valde
2320 481 2444 536 vilis
2471 479 2700 534 efﬁcitur
2722 479 2981 536 diuturno
3015 480 3152 534 usu?
3183 488 3240 533 ut
3275 481 3387 549 jam
3435 483 3612 538 nihilo

2038 570 2162 638 plus
2189 569 2423 624 habeam
2456 570 2546 624 isti
2575 572 2627 623 iu
2655 585 2742 630 eo.
2775 571 2918 640 quod
2944 570 3010 624 ad
3030 571 3255 626 delicias
3280 582 3334 626 et
3356 574 3590 643 volupta-

2038 669 2144 716 tem
2190 661 2448 716 adhibent
2481 680 2493 714 :
2527 677 2738 730 semper
2763 663 2906 717 enim
2931 661 3077 731 quod
3130 671 3455 718 consuetum
3498 674 3605 730 cst,

2037 755 2194 810 facile
2234 755 2622 810 contemnitur.
2658 754 2890 825 Pauperi
2930 763 3110 810 autem
3153 757 3296 826 quod
3344 765 3506 812 tenue
3552 766 3608 813 et

2035 849 2141 903 vile
2199 858 2302 912 est,
2357 855 2579 917 propter
2620 849 2908 904 sanitatem
2961 850 3345 904 suavissimum
3400 859 3483 906 est
3513 867 3528 906 :
3558 852 3607 907 si

2034 940 2254 1010 quando
2282 955 2413 994 vero
2443 941 2515 994 sit.
2543 940 2614 1001 ei,
2641 940 2784 1009 quod
2816 949 3198 1009 sumptuosum
3221 951 3326 1004 est,
3368 943 3604 1012 peregri-

2033 1048 2161 1086 num
2198 1041 2252 1086 et
2284 1047 2482 1086 novum
2514 1031 2664 1086 ducit
2713 1032 2780 1086 ad
2824 1032 3108 1087 fruendam
3159 1035 3552 1090 relaxationem
3586 1055 3601 1090 :

2031 1131 2093 1178 ut
2118 1124 2219 1178 hac
2248 1123 2476 1187 ratione,
2519 1126 2611 1192 qui
2655 1131 2802 1178 recte
2850 1124 3071 1193 cogitet,
3127 1139 3419 1194 pauperem
3459 1141 3612 1196 repe-

2030 1214 2136 1268 riat
2189 1222 2447 1282 praestare
2495 1212 2669 1266 diviti.
2713 1211 2932 1268 Morbus
2967 1223 3148 1268 autem
3202 1221 3256 1269 et
3325 1215 3464 1268 bona
3507 1229 3605 1268 va-

2028 1306 2212 1363 letudo
2260 1321 2413 1376 aeque
2459 1307 2768 1360 necessaria
2804 1313 2953 1360 sunt.
2984 1291 3224 1361 Sanitas
3279 1307 3423 1361 enim
3460 1305 3607 1360 valet

2028 1398 2299 1454 interdum
2329 1397 2396 1452 ad
2457 1396 2774 1467 injustitiam
2826 1408 2880 1452 et
2931 1396 3288 1451 offensionem
3357 1397 3604 1461 virtutis,

2029 1491 2252 1545 morbus
2280 1491 2406 1544 item
2434 1488 2726 1558 aliquando
2755 1488 2822 1542 ad
2855 1489 3210 1544 evertendam
3245 1497 3301 1544 et
3346 1488 3599 1544 refutan-

2026 1583 2153 1638 dum
2214 1593 2492 1652 peccatum
2546 1581 2690 1634 valet
2725 1579 2991 1648 :juvatur
3033 1581 3178 1634 enim
3224 1595 3606 1650 saepenumero

2027 1677 2166 1730 ratio
2191 1674 2432 1730 externis
2461 1672 2738 1728 fluctibus.
2761 1671 3040 1726 Interdum
3076 1674 3410 1743 experientia
3447 1677 3602 1727 inva-
3675 1703 3678 1708 λ

2026 1767 2286 1822 Ιειιιᾱίηἱε
2315 1765 2383 1819 de
2414 1764 2681 1819 beneficio
2706 1764 2860 1818 bonae
2899 1763 3225 1818 valetudinis
3248 1765 3502 1820 admonet
3530 1766 3598 1820 ad

2023 1853 2405 1912 declinandum
2435 1852 2780 1907 malelicium.
2815 1851 2972 1908 Esset
3014 1862 3192 1907 autem
3234 1852 3488 1924 despecta
3517 1869 3600 1910 sa-

2028 1947 2193 2010 nitas,
2222 1946 2266 1999 si
2294 1945 2545 1999 universe
2573 1959 2666 2014 per
2699 1959 2757 1999 se
2789 1951 3150 2014 permaneret,
3177 1945 3420 2016 nihilque
3453 1945 3597 2016 quod

2017 2055 2136 2097 eam
2169 2037 2474 2109 impediret,
2499 2045 2682 2108 posset
2723 2039 3065 2104 contingere.

1122 2186 1248 2243 CAP.
1292 2187 1384 2244 IX.
1419 2187 1608 2245 Justus
1642 2203 1928 2262 aegrotans.
1971 2194 2206 2264 Male/isi
2247 2211 2342 2249 cur
2373 2209 2477 2248 non
2508 2164 2818 2264 puniantur.

415 2329 476 2381 El
495 2327 540 2380 δ’
575 2327 604 2379 6
635 2325 732 2397 μὲν
757 2325 1005 2398 ἐπιεικὴς
1036 2325 1237 2398 νοσοίη,
1278 2327 1510 2395 ὑγιαίνοι
1535 2326 1590 2379 δὲ
1617 2329 1644 2381 6
1679 2327 1884 2398 θρασύς
1903 2349 1916 2361 ·

337 2419 368 2469 6
402 2417 502 2488 μὲν
547 2415 858 2487 κατέχεται,
904 2415 984 2486 τῷ
1030 2415 1234 2487 κύματι
1284 2416 1675 2488 βοηθούμενος,
1707 2420 1842 2491 πρὸς
1859 2422 1921 2474 τὸ

338 2511 629 2579 ἄμεμπτον
675 2509 774 2580 τῆς
807 2507 1001 2562 ἑαυτοῦ
1055 2509 1234 2579 ζωῆςο
1263 2513 1290 2563 6
1331 2510 1390 2563 δὲ
1438 2512 1793 2583 παραδέδοται
1841 2513 1920 2586 τῷ

340 2600 682 2671 πλημμελεῖν
717 2601 794 2662 ὼς
838 2602 1277 2671 ἀπεγνωσμένος.
1307 2602 1370 2654 El
1405 2602 1449 2655 δ’
1485 2600 1638 2667 αὖθις
1660 2605 1688 2657 6
1715 2604 1920 2676 Θρασὺς

338 2692 434 2746 καὶ
464 2690 586 2744 λίαν
607 2691 810 2765 ἀσεδὴς
848 2693 1186 2764 περιπίπτοι,
1225 2694 1254 2746 6
1288 2693 1344 2746 δὲ
1372 2695 1621 2767 ἐπιεικὴς
1649 2695 1880 2764 ὑγιαίνοι
1900 2709 1915 2726 ·

335 2789 365 2838 6
394 2787 492 2856 μὲν
513 2785 611 2856 οὑχ
645 2785 732 2838 ἵνα
762 2784 1000 2856 βοηθηθῇ
1036 2785 1171 2856 πρὸς
1197 2784 1450 2857 αἴσθησιν
1470 2789 1775 2854 κολάζεται,
1801 2789 1916 2844 ἀλλ’

340 2878 426 2930 ἵνα
473 2874 818 2951 χρησιμεύσῃ
858 2880 971 2941 τοῖς
1023 2877 1190 2949 ὁρῶσι
1233 2879 1368 2950 πρὸς
1407 2881 1737 2953 ὑπόδειγμα·
1763 2885 1791 2937 6
1834 2883 1915 2947 δὲ,

335 2971 413 3034 ὼς
435 2971 558 3041 δίχα
587 2969 802 3040 δεσμῶν
827 2969 1046 3041 ἡμέρως
1069 2970 1426 3040 ἀναστρέφειν
1449 2970 1764 3042 δυνάμενος,
1792 2973 1918 3027 ἄνο-

337 3080 429 3126 σος
453 3061 730 3131 διαμένει·
773 3063 821 3114 εί
871 3063 963 3114 καὶ
998 3061 1133 3124 ὅλως
1179 3062 1416 3133 ἑκάτερα
1467 3063 1743 3132 πανταχοῦ
1781 3066 1916 3136 χρή·

2097 2329 2154 2384 Si
2190 2335 2370 2384 autem
2404 2328 2496 2384 ille
2541 2327 2762 2398 quidem
2806 2327 2994 2399 justus
3046 2336 3292 2400 aegrotet,
3336 2329 3426 2386 hic
3465 2313 3600 2388 vero

2019 2422 2196 2477 audax
2229 2422 2367 2477 bene
2417 2420 2627 2489 valeat;
2689 2421 2780 2476 ille
2834 2422 3060 2492 quidem
3115 2423 3402 2478 cohibetur
3452 2426 3598 2480 unda

2020 2515 2263 2584 adjutus,
2290 2514 2477 2568 utvita
2499 2515 2619 2582 ejus
2665 2513 2888 2584 querela
2939 2523 2993 2570 et
3031 2514 3457 2584 reprehensione
3501 2530 3598 2570 ca-

2018 2613 2176 2672 reat;
2231 2605 2318 2660 hic
2365 2621 2497 2660 vero
2539 2614 2800 2677 tanquam
2864 2606 3187 2676 desperatus
3238 2607 3473 2663 traditus
3514 2616 3599 2664 est

2017 2697 2275 2768 peccatis.
2311 2695 2368 2751 Si
2412 2713 2606 2754 rursus
2638 2697 2817 2752 audax
2863 2706 2916 2752 et
2963 2697 3122 2753 valde
3169 2698 3370 2768 impius
3407 2698 3601 2757 morbo

2019 2789 2388 2853 conﬂictetur,
2415 2790 2603 2858 justus
2650 2805 2776 2845 vero
2807 2789 2963 2844 firma
3013 2792 3324 2847 valetudine
3354 2793 3460 2858 sit;
3496 2809 3598 2862 pu-

2017 2881 2170 2935 nitur
2195 2881 2286 2935 ille
2315 2881 2533 2951 quidem
2579 2897 2744 2936 sensu
2798 2881 3072 2952 supplicii,
3129 2898 3238 2936 nou
3271 2890 3330 2936 ut
3350 2882 3592 2952 juvetur,

2013 2973 2108 3027 sed
2145 2981 2203 3026 ut
2232 2971 2370 3027 alios
2401 2973 2648 3041 exemplo
2673 2973 2861 3042 juvet;
2888 2975 2975 3026 hic
3011 2988 3161 3040 vero,
3208 2984 3468 3044 tanquam
3499 2977 3592 3045 qui

2011 3063 2206 3119 solutis
2239 3063 2470 3120 vinculis
2504 3072 2785 3120 mansuete
2820 3064 3024 3119 versari
3052 3066 3386 3134 potest,sine
3410 3081 3594 3136 aegro-

335 3173 491 3227 σιμα,
519 3155 614 3240 καξι
641 3154 821 3218 ἄθλιος
843 3155 871 3206 6
900 3155 998 3225 τὴν
1024 3155 1288 3226 Πρόνοιαν
1313 3154 1560 3208 ἐντεῦθεν
1585 3156 1913 3228 ἀρνούμενος

2020 3157 2230 3210 latione
2261 3165 2593 3225 perseverat.
2627 3155 2887 3221 Quamvis
2922 3165 3152 3226 utraque
3193 3173 3421 3226 prorsus
3469 3158 3596 3214 ubi-

330 3245 366 3317 ἢ
397 3244 724 3299 διαϐάλλωνο
761 3244 897 3315 μόνη
935 3243 1044 3318 γὰρ
1068 3244 1308 3317 ὀλέθριος
1340 3246 1518 3316 ἐκείνη
1550 3245 1723 3311 νόσος,
1750 3249 1782 3318 ἡ
1810 3249 1907 3320 τὴν

327 3336 568 3391 διάθεσιν
588 3336 688 3406 τῆς
707 3336 884 3407 ψυχῆς
912 3337 1048 3408 πρὸς
1074 3337 1394 3410 ἀποτροπὴν
1416 3339 1614 3410 ἀρετῆς
1640 3338 1904 3395 κακοῦσα.

329 3423 429 3494 Οἷς
458 3426 552 3484 οὖν
573 3431 601 3484 6
633 3428 888 3500 λογισμὸς
906 3427 1081 3494 ἀθῶος
1100 3429 1362 3501 διαμένοι,
1390 3430 1486 3484 εἴτ’
1507 3427 1599 3484 οὖν
1622 3433 1714 3484 καὶ⁵
1735 3431 1910 3500 ὑγιαί-

329 3539 413 3574 νοι
449 3521 510 3574 τὸ
555 3521 733 3593 σῶμα,
763 3520 1112 3593 αἰσθήσονται
1146 3522 1405 3593 ἑκατέρου
1436 3521 1496 3575 τὸ
1526 3524 1791 3594 χρήσιμον
1811 3540 1823 3554 ·
1859 3523 1908 3575 εἰ

326 3615 439 3684 γὰρ
484 3612 560 3684 μὴ
611 3612 828 3676 πάντως
861 3611 1077 3677 κολάζοι
1102 3613 1192 3666 τὸν
1238 3613 1688 3684 κακοπραγοῦντα
1733 3615 1907 3680 νόσος,

326 3705 514 3777 ἐπειδὴ
557 3706 650 3760 καὶ
681 3705 808 3768 τοὺς
837 3705 1035 3776 νόμους
1082 3705 1226 3759 ἔστιν
1271 3705 1357 3758 ὅτε
1402 3705 1753 3774 διαφεύγουσι
1804 3724 1905 3760 και

325 3797 584 3868 κοῦργοιο
634 3793 721 3869 ἆρ’
752 3793 844 3851 οὖν
872 3797 972 3850 οὑκ
1005 3796 1080 3851 ἂν
1100 3799 1184 3870 εἴη
1213 3798 1301 3852 διὰ
1330 3797 1488 3852 τοῦτο
1535 3797 1764 3870 κώλυμα
1810 3799 1908 3868 τῆς

325 3890 661 3962 κακουργίας
690 3891 719 3943 6
760 3891 944 3963 νόμος,
981 3888 1166 3960 ἐπειδὴ
1210 3890 1282 3963 μὴ
1319 3890 1408 3944 διά
1453 3893 1666 3946 πάντων
1695 3892 1909 3962 πρόεισι

320 3985 433 4038 τῶν
463 3984 874 4056 ὑποκειμένων;
919 3985 950 4056 ἢ
979 3986 1038 4038 τὸ
1088 3982 1271 4055 θαῦμα
1297 3984 1393 4056 τῆς
1426 3984 1519 4037 τοῦ
1558 3983 1691 4037 Θεοῦ
1721 3984 1909 4054 σοφίας

323 4075 576 4130 ἐντεῦθεν
609 4075 684 4140 ὡς
726 4075 1062 4146 πανταχόθεν
1103 4073 1515 4141 ἀναδείκνυται;
1556 4077 1620 4128 Εἰ
1665 4077 1761 4146 μὲν
1801 4075 1909 4146 γὰρ

320 4168 545 4232 παντως
582 4167 740 4240 δῆλον
782 4165 870 4240 ἦν,
895 4168 970 4231 ὼς
1008 4168 1258 4240 οὐδαμῶς
1287 4168 1554 4239 ἐνδέχεται
1599 4166 1910 4236 διαφεύγειν

319 4258 430 4314 τῶν
474 4259 653 4331 νόμων
697 4260 797 4332 τὴν
848 4260 1066 4312 κόλασιν
1092 4258 1182 4312 τὸν
1229 4260 1256 4312 ὃ
1311 4277 1363 4312 τι
1415 4259 1610 4330 δήποτε
1652 4258 1759 4312 τῶν
1803 4259 1908 4312 ἁπ-

319 4353 707 4424 ηγορευμένων
747 4351 1208 4423 διαπραττόμενον
1229 4391 1242 4412 ,
1280 4350 1531 4420 κίϐδηλον
1566 4351 1630 4404 ἂν
1675 4350 1769 4403 καὶ
1792 4349 1909 4402 λίαν

317 4443 577 4514 ἀδόκιμον
605 4439 674 4514 ἦν
700 4443 761 4496 τὸ
794 4444 1073 4516 ἄπρακτον
1111 4443 1210 4514 τῆς
1243 4445 1549 4517 ἀμαρτίας’
1578 4443 1778 4505 πάντες
1803 4441 1910 4514 γάρ

2010 3263 2114 3319 que
2163 3248 2314 3302 utilia
2357 3248 2501 3315 sint;
2536 3253 2591 3303 et
2637 3248 2825 3312 miser,
2877 3249 2969 3320 qui
3023 3248 3424 3306 Providentiam
3466 3253 3594 3308 hinc

2010 3349 2166 3410 negat
2196 3348 2286 3394 aut
2327 3347 2551 3395 accusat
2583 3357 2598 3394 :
2629 3340 2717 3396 ille
2759 3339 2906 3394 enim
2941 3341 3168 3395 morbus
3215 3340 3366 3397 solus
3399 3341 3594 3398 morti-

2009 3428 2090 3486 fer
2119 3439 2222 3495 est,
2252 3429 2344 3500 qui
2377 3431 2614 3484 animam
2649 3434 2717 3484 ad
2745 3431 3096 3486 evertendam
3139 3431 3401 3486 virtutem
3451 3435 3594 3490 male

2009 3520 2191 3576 allicit.
2224 3521 2280 3576 In
2317 3521 2518 3592 quibus
2546 3522 2712 3592 igitur
2728 3522 2870 3575 ratio
2904 3522 3052 3577 salva
3069 3529 3121 3576 et
3153 3521 3447 3578 incolumis
3469 3539 3594 3594 per-

2010 3622 2244 3677 severat,
2279 3613 2396 3667 sive
2432 3627 2576 3682 aegro
2608 3627 2838 3681 corpore
2871 3612 2986 3667 sive
3029 3627 3165 3666 sano
3199 3613 3330 3678 sint,
3378 3613 3588 3668 utrius-

2009 3716 2115 3772 que
2145 3701 2436 3756 utilitatem
2463 3702 2698 3756 sentient
2725 3701 2858 3754 :etsi
2887 3701 3029 3754 enim
3071 3716 3179 3755 non
3209 3702 3430 3756 omnino
3452 3719 3590 3757 mor-

2010 3793 2112 3847 bus
2143 3795 2449 3847 maleficum
2486 3793 2697 3863 puniat,
2731 3791 2998 3862 siquidem
3034 3794 3180 3864 leges
3219 3795 3382 3849 etiam
3418 3795 3586 3850 inter-

2009 3883 2138 3937 dum
2191 3883 2425 3937 malefici
2468 3883 2768 3953 elTugiunt;
2804 3897 2873 3936 an
2923 3893 3210 3953 propterea
3249 3885 3461 3940 desinet
3505 3887 3585 3941 lex

2008 3989 2131 4028 esse
2161 3973 2604 4044 impedimentum
2641 3974 2922 4039 tnalelicis,
2967 3975 3094 4044 quia
3131 3990 3239 4029 non
3276 3991 3370 4045 per
3397 3991 3590 4032 omnes

2009 4067 2110 4138 legi
2139 4067 2420 4136 subjectos
2455 4066 2733 4136 procedit?
2761 4067 2843 4120 An
2869 4067 3162 4122 admiratio
3186 4068 3470 4138 sapientiae
3490 4066 3584 4124 Dei

2011 4161 2140 4214 hinc
2172 4160 2337 4214 etiam
2372 4159 2512 4213 sicut
2562 4157 2803 4229 undique
2837 4159 3186 4214 declaratur?
3219 4158 3277 4215 Si
3317 4161 3458 4215 enim
3499 4177 3589 4231 pe-

2010 4253 2158 4306 nitus
2197 4259 2497 4316 constaret,
2535 4252 2687 4305 nullo
2722 4259 2882 4322 pacto
2919 4267 3078 4323 posse
3122 4252 3401 4308 hominem
3446 4253 3584 4308 ellu-

2009 4345 2711 4415 gerelsuppliciumlegum,
2762 4344 2853 4414 qui
2884 4345 3248 4416 quodcunque
3284 4344 3398 4414 lege
3449 4343 3586 4400 veti-

2013 4446 2128 4491 tum
2173 4444 2258 4492 est
2288 4435 2634 4501 admitteret;
2672 4435 2949 4492 abstinere
2991 4446 3238 4507 peccato,
3284 4452 3392 4491 non
3437 4445 3584 4491 esset

318 4535 386 4588 ἂν
432 4535 540 4588 δέει
589 4536 690 4605 τῆς
737 4537 1026 4608 τιμωρίας,
1066 4537 1185 4607 οὑχὶ
1233 4539 1379 4608 μίσει
1421 4539 1520 4608 τῆς
1546 4537 1899 4606 κακουργίας,

2017 4535 2319 4598 spectatum
2340 4539 2413 4581 ac
2451 4527 2761 4597 probatura,
2796 4527 2890 4582 sed
2922 4528 3286 4582 adulterinum
3322 4535 3375 4583 et
3399 4529 3581 4584 incer—

315 4628 624 4697 ἀπείχοντο.
668 4627 788 4700 Χρὴ
826 4627 881 4680 δὲ
928 4627 1019 4681 τὸν
1065 4629 1346 4682 σπουδαῖον
1393 4632 1568 4700 μισεῖν
1597 4631 1657 4682 τὸ
1679 4626 1899 4697 ποιῆσαι

318 4719 518 4788 μᾶλλον
549 4718 581 4789 ἢ
621 4719 833 4781 παθεῖν,
873 4719 974 4773 κᾶν
1009 4720 1082 4791 μὴ
1111 4721 1336 4784 δικαίως
1365 4721 1673 4788 συμϐαίνοι.

2010 4627 2123 4672 tum
2161 4637 2173 4672 :
2205 4633 2396 4674 omnes
2414 4619 2556 4673 enim
2591 4625 2735 4672 metu
2775 4619 3051 4689 supplicii,
3094 4635 3202 4673 non
3240 4619 3368 4675 odio
3409 4620 3581 4675 male-

2007 4711 2112 4766 ﬁcii
2153 4711 2510 4766 abstinerent.
2552 4709 2778 4782 Oportet
2813 4723 2992 4766 autem
3020 4711 3317 4780 honestum
3368 4720 3422 4768 et
3455 4727 3581 4784 pro-

314 4814 444 4864 bum
477 4808 649 4879 magis
680 4811 862 4866 odisse
896 4811 1222 4865 maleﬁcium
1264 4812 1462 4873 facere,
1507 4826 1668 4882 quam
1721 4804 1970 4864 maleficii
2012 4818 2202 4873 pmuas
2247 4802 2399 4868 dare,
2431 4803 2686 4873 quamvis
2714 4802 2939 4872 injuste.

399 4923 678 4978 Ἐντεῦθεν
704 4923 1052 4992 διαφεύγουσι
1081 4925 1208 4988 τοὺς
1236 4924 1433 4995 νόμους
1453 4923 1557 4977 τῶν
1579 4921 1899 4993 κακούργων

314 5014 366 5066 οἱ
394 5013 632 5078 πλείους,
667 5013 852 5084 ἐπειδὴ
883 5031 946 5082 γε
969 5014 1190 5078 κόλασις
1223 5016 1320 5084 οὑχ
1343 5013 1482 5083 αὕτη
1506 5012 1613 5065 τῶν
1651 5013 1898 5082 ἁμαρτα-

317 5107 513 5160 νόντων
535 5106 703 5171 ἐστὶν,
735 5107 910 5177 οἴησις
943 5106 998 5159 δὲ
1027 5107 1184 5176 μόνον
1209 5109 1498 5179 τιμωρίας·
1533 5105 1760 5168 θάνατος
1791 5104 1898 5176 γὰρ

311 5203 342 5250 6
376 5197 518 5250 κατά
558 5198 720 5266 φύσιν
753 5198 844 5249 κα¹ι
877 5196 999 5266 δίχα
1043 5197 1315 5261 κολάσεως
1353 5197 1419 5250 ἂν
1465 5196 1699 5250 ἐπέλθοι.
1736 5197 1896 5249 Ὥστε

311 5287 446 5359 ἄλλη
472 5287 702 5356 μὲνὲστι
726 5290 838 5350 τοῖς
863 5287 1268 5359 παρανομοῦσιν
1299 5289 1330 5359 ἠ
1361 5288 1599 5357 ἄφυκτος
1619 5286 1858 5360 τιμωρία
1877 5305 1891 5317 ο

310 5377 660 5446 διαφεύγουσι
689 5378 746 5432 δὲ
779 5379 875 5450 τὴν
910 5381 994 5448 ἐφ’
1019 5379 1177 5450 ἡμῶν
1203 5381 1252 5434 οἱ
1279 5381 1514 5444 πλείους,
1549 5381 1633 5433 ἵνα
1665 5379 1724 5432 τὺ
1751 5379 1890 5432 ἐνδε-

311 5470 540 5541 χόμενον
565 5471 658 5525 τοῦ
700 5472 880 5525 λαθεῖν
905 5472 1135 5543 βάσανος
1164 5472 1387 5543 γένηται
1411 5471 1506 5524 τοῦ
1549 5472 1887 5543 ἀνθρωπίνου

310 5562 574 5633 λογισμοῦ
596 5579 608 5593 ·
647 5563 738 5616 καὶ
769 5563 994 5618 καθόλου
1026 5565 1116 5617 ἐπί
1147 5581 1206 5618 τε
1238 5563 1558 5628 κλέπτοντος
1587 5565 1682 5617 καὶ
1710 5563 1891 5633 ψευδο-

316 5653 500 5723 μένου,
527 5656 621 5708 καὶ
650 5655 717 5708 τὰ
745 5657 916 5726 μείζω
950 5656 1057 5710 τῶν
1091 5656 1273 5711 κακῶν
1302 5657 1430 5728 δρᾷ-ι
1474 5656 1887 5727 ἐπιχειρούντων

312 5738 370 5792 τὸ
398 5740 560 5812 ῥηθὲν
595 5744 1029 5814 παρεκτείνεται.

2075 4915 2211 4972 Hinc
2252 4915 2309 4969 fit
2357 4924 2414 4971 ut
2455 4917 2631 4986 major
2677 4932 2805 4987 pars
2857 4915 3228 4972 maleficorum
3271 4919 3415 4990 leges
3447 4919 3584 4976 εσυ-

2003 5007 2136 5078 giat,
2168 5008 2425 5077 quoniam
2477 5023 2584 5062 non
2611 5016 2696 5063 cst
2727 5009 2828 5062 hoc
2882 5009 3213 5078 supplicium
3255 5011 3577 5082 delinquen-

2005 5099 2161 5161 tium,
2195 5100 2289 5153 sed
2316 5099 2500 5169 opinio
2537 5107 2748 5154 tantum
2800 5099 3186 5156 vindicationis
3216 5119 3229 5155 :
3262 5117 3412 5156 mors
3433 5103 3577 5157 enim

2003 5191 2269 5246 naturalis
2303 5191 2420 5246 sine
2453 5192 2722 5262 supplicio
2750 5192 2912 5247 etiam
2947 5179 3216 5247 adveniet.
3250 5191 3429 5258 Quare
3459 5193 3562 5246 alia

2006 5291 2088 5334 est
2124 5281 2254 5334 ultio
2283 5290 2337 5335 et
2387 5283 2714 5352 supplicium
2760 5283 3215 5353 delinquentium,
3247 5284 3406 5354 cujus
3449 5284 3578 5340 ellu-

2003 5374 2149 5444 gium
2179 5376 2415 5444 reperire
2439 5390 2546 5428 non
2596 5384 2825 5444 possunt
2857 5393 2868 5427 ε
2903 5375 3142 5429 evadunt
3171 5384 3349 5430 autem
3389 5377 3574 5447 plures

2001 5483 2066 5521 ex
2109 5476 2295 5521 nostra
2345 5467 2605 5532 vindicta,
2643 5476 2702 5523 ut
2749 5483 2908 5539 posse
2941 5469 3112 5524 latere
3153 5477 3480 5526 tormentum
3517 5482 3570 5528 et

2000 5561 2278 5616 cruciatus
2327 5561 2578 5616 humanae
2601 5561 2947 5632 cogitationis
2995 5561 3278 5618 efliciatur.
3327 5563 3391 5617 Et
3446 5566 3566 5619 uui-

1998 5670 2153 5708 verse
2184 5654 2324 5722 quod
2356 5653 2560 5709 dictum
2592 5665 2693 5718 est,
2726 5651 2790 5706 ad
2824 5653 3092 5710 furantem
3125 5667 3176 5710 et
3217 5657 3562 5713 ruentieutcm

1999 5754 2050 5802 et
2079 5746 2325 5817 graviora
2353 5746 2614 5803 maleficia
2652 5747 3053 5805 cuuunittcutcs
3087 5749 3399 5818 porrigitur.
