4072 6338
506 291 642 348 M5!

1697 289 1832 344 TITI
1874 288 2304 346 BOSTRENSIS
2343 289 2656 346 EPISCOPI

3635 289 3782 348 lib!

579 405 686 463 Sed
710 407 855 463 dicet
884 407 1108 476 aliquis.
1141 405 1317 476 magis
1356 414 1706 478 torqueretur
1751 406 2087 462 conscientia

2258 405 2396 476 Φαίη
2422 405 2466 458 δ’
2513 405 2580 460 ἄν
2611 422 2716 469 τις,
2753 404 2830 468 ὡς
2866 403 3027 457 πλέον
3051 400 3118 458 ἀν
3160 401 3486 474 ὲϐασανίσθη
3528 399 3639 454 τῶν
3677 402 3773 455 ἀν-

508 501 811 564 hominum,
830 497 879 555 si
892 497 1078 554 nullus
1094 497 1374 554 maleﬁcus
1391 498 1768 569 deprehensus
1785 499 2089 568 puniretur:

507 600 700 647 contra
728 605 856 646 vero
878 591 1060 646 evenit
1087 596 1146 643 ut
1183 590 1344 660 plane
1376 590 1449 645 sit
1477 589 1718 644 hortatio
1753 588 2001 659 quasdam
2022 588 2089 642 ad

508 681 836 738 maleﬁcium
857 679 1191 744 faciendum,
1211 679 1477 751 quosdam
1500 678 1776 735 maleﬁcos
1799 677 2093 748 aliquando

509 789 620 840 non
647 771 1040 844 comprehendi
1069 787 1100 826 a
1134 772 1348 843 legibus
1373 787 1390 826 :
1423 771 1567 826 unde
1596 777 1886 841 utrumque
1909 785 2096 826 neces-

512 866 719 922 sarium
758 871 863 926 est.
924 873 981 920 et
1036 863 1280 918 incidere
1326 861 1634 917 maleﬁcum
1699 861 1755 916 in
1808 861 1975 933 leges,
2027 875 2095 916 ac

510 955 897 1026 comprehendi
929 955 995 1009 ad
1017 955 1324 1026 exemplum
1348 953 1560 1008 vitandi
1591 953 1842 1008 maleﬁcii
1870 971 1885 1020 ;
1915 961 1970 1009 et
1999 952 2096 1008 ef-

509 1049 701 1119 fugere
745 1055 1081 1103 tormentum
1118 1053 1175 1102 et
1201 1046 1510 1101 cruciatum
1561 1046 1926 1117 cogitationis.
1985 1046 2097 1100 Ho-

507 1143 648 1198 mini
683 1142 825 1197 enim
852 1141 918 1197 ad
951 1140 1258 1213 eligendum
1279 1141 1535 1196 virtutem
1567 1151 1622 1196 et
1657 1140 1848 1195 vitium
1896 1139 2090 1199 libero.

507 1237 596 1294 sic
630 1237 772 1293 facto
812 1252 842 1292 a
896 1235 1029 1296 Deo,
1079 1235 1214 1291 foris
1251 1235 1504 1299 accedit,
1559 1245 1620 1290 ut
1662 1236 1900 1306 quodam
1932 1235 2094 1290 modo

513 1349 670 1390 mens
698 1333 819 1403 ejus
843 1331 1154 1402 adjuvetur,
1205 1339 1260 1385 et
1293 1331 1452 1401 quasi
1501 1328 1757 1384 fulciatur
1799 1328 1995 1383 timore
2039 1335 2095 1382 et

509 1427 800 1483 vacatione
838 1423 1077 1487 timoris,
1126 1421 1528 1477 bortationibus
1601 1429 1656 1476 et
1697 1417 2096 1474 dehortationi-

511 1520 642 1585 bus,
676 1517 868 1572 morbo
898 1523 953 1572 et
985 1515 1237 1581 sanitate,
1267 1521 1588 1585 paupertate
1633 1518 1690 1566 et
1721 1510 1918 1582 opibus
1946 1527 1962 1575 ;
1998 1511 2095 1565 de-

516 1612 684 1682 nique
721 1609 903 1664 omnia
932 1623 1054 1678 quas
1073 1606 1349 1662 contraria
1394 1607 1534 1660 inter
1557 1619 1617 1660 se
1649 1602 1922 1665 videntur,
1964 1616 2098 1655 con-

517 1718 653 1759 sone
673 1718 737 1757 ac
771 1700 1163 1757 convenienter
1197 1699 1250 1752 in
1288 1712 1457 1752 unum
1483 1697 1716 1751 tendunt
1741 1702 1795 1749 et
1825 1700 2094 1764 spectant,

2194 498 2426 572 θρὼπων
2448 500 2481 570 ἡ
2503 497 2780 570 πρόθεσις,
2802 497 2853 549 εί
2880 495 3068 568 μηδεὶς
3092 493 3394 565 κακοῦργος
3420 493 3778 564 ἐλεγχόμενος

2193 595 2512 664 ἐτιμωρεῖτο
2528 609 2541 622 ·
2575 592 2764 660 γέγονε
2801 590 2857 644 δὲ
2883 588 3189 642 τούναντίον
3212 588 3471 656 ἄντικρυς
3491 584 3779 660 προτροπὴ

2193 683 2287 737 τοῦ
2319 687 2688 755 κακοπραγεϊν
2719 682 2782 735 τὸ
2815 681 2888 754 μὴ
2932 679 3444 751 καταλαμϐάνεσθαί
3477 696 3610 732 ποτε
3640 678 3778 748 πρὸς

2194 775 2300 830 τῶν
2327 775 2508 847 νόμων
2540 776 2702 839 ἐνίοις
2733 773 2842 826 τῶν
2872 774 3164 845 μετιόντων
3198 772 3266 826 τά
3295 772 3470 826 κακά·
3499 770 3625 824 ὅθεν
3650 770 3775 824 ἐκά-

2193 885 2350 940 τερον
2379 871 2692 938 ἀναγκαῖον.
2717 868 2813 922 καὶ⁵
2835 867 2896 920 τὸ
2921 866 3328 938 παρεμπίπτειν
3349 865 3440 918 τὸν
3465 863 3777 935 κακοῦργον

2196 964 2274 1026 είς
2305 963 2618 1033 ἀνατροπῆς
2661 961 2988 1032 ὑπόδειγμα,
3029 960 3125 1013 καί⁵
3180 960 3494 1028 διαφεύγειν
3541 959 3777 1029 βάσανον

2195 1054 2480 1125 λογισμοῦ.
2519 1054 2817 1126 Ἐλευθέρῳ
2850 1055 2959 1125 γὰρ
2987 1052 3066 1123 τῷ
3101 1051 3372 1124 ἀνθρώπῳ
3402 1052 3539 1124 πρὸς
3564 1053 3777 1123 αἵρεσιν

2197 1147 2398 1220 ἀρετῆς
2423 1148 2518 1203 καὶ
2557 1147 2772 1212 κακίας,
2813 1145 2956 1200 οὕτω
2985 1146 3124 1217 πρὸς
3157 1145 3291 1199 Θεοῦ
3317 1146 3618 1216 γενομένῳ,
3644 1144 3776 1210 ἐξω-

2197 1242 2289 1294 θεν
2341 1239 2722 1312 πμῦπάρχει·
2756 1240 2849 1292 καὶ
2892 1239 2953 1291 τὸ
3004 1237 3311 1308 βοηθεῖσθαι
3353 1238 3446 1291 καὶ
3475 1236 3777 1307 ἐρείδεσθαι

2196 1335 2397 1407 τρόπον
2421 1333 2542 1387 τινὰ
2566 1335 2664 1404 τὴν
2687 1333 2943 1396 διάνοιαν,
2971 1327 3081 1385 οἷον
3105 1330 3196 1385 διά
3219 1331 3384 1400 φόϐου
3404 1333 3496 1384 καὶ
3521 1330 3774 1399 ἀφοϐίας,

2199 1424 2520 1497 προτροπῶν
2547 1441 2606 1477 τε
2638 1425 2731 1477 καὶ
2764 1424 3112 1498 ἀποτροπῶν,
3154 1424 3309 1478 νόσου
3337 1442 3396 1478 τε
3431 1425 3527 1478 καὶ
3563 1425 3773 1493 ὑγείας.

2199 1517 2389 1582 πενίας
2435 1535 2494 1570 τε
2528 1517 2623 1570 καὶ
2671 1515 2922 1577 πλούτου.
2954 1517 3050 1571 καὶ
3094 1517 3274 1571 πάντα
3316 1517 3386 1572 τά
3439 1517 3774 1572 ἀντικεῖσθαι

2199 1610 2447 1682 ἀλλήλοις
2468 1608 2749 1672 δοκοῦντα,
2780 1607 3086 1680 συμφώνως
3121 1609 3256 1680 πρὸς
3296 1609 3354 1662 ἓν
3386 1611 3574 1674 τείνει,
3604 1611 3684 1674 ὡς
3713 1611 3775 1664 ἂν

2198 1701 2289 1755 τὸν
2331 1699 2668 1772 ἀνθρώπινον
2710 1701 2834 1756 νοῦν
2866 1701 3216 1772 διαγυμνάζοι
3259 1703 3423 1774 μηδὲν
3465 1702 3774 1756 άποκαθεύ-

516 1803 579 1852 ut
611 1795 903 1850 humanam
931 1801 1168 1848 mentem
1196 1795 1514 1852 exerceant,
1547 1795 1601 1843 et
1641 1801 1800 1842 nemo
1835 1800 1894 1840 se
1935 1784 2096 1839 dedat

2201 1794 2327 1858 δειν,
2360 1794 2605 1849 ἐντεῦθεν
2639 1793 2696 1847 δὲ
2731 1793 2983 1848 κάκεῖθεν
3023 1795 3516 1866 κατακρουόμενον,
3555 1796 3772 1867 διεγρη-

517 1902 750 1954 somno;
779 1887 911 1957 quin
949 1886 1132 1956 potius
1164 1883 1293 1938 hinc
1322 1889 1376 1938 et
1423 1882 1573 1936 illinc
1613 1881 1804 1952 pulsus
1848 1885 1902 1933 et
1943 1877 2095 1932 exci-

516 1989 690 2046 tatus,
718 1979 904 2050 vigilet
931 1977 997 2032 ad
1021 1977 1256 2032 oﬁicium
1291 1975 1508 2046 pictatis
1537 1981 1592 2030 et
1619 1973 1838 2028 virtutis
1887 1972 2096 2026 obeun-

517 2074 668 2128 dum.
695 2071 752 2126 Si
782 2087 910 2127 vero
940 2070 1173 2131 accidat.
1211 2076 1267 2123 ut
1295 2068 1493 2139 aliquis
1523 2067 1781 2138 puniatur
1833 2079 1941 2118 non
1989 2079 2082 2119 so-

519 2167 632 2220 lum
659 2166 946 2228 innocens,
978 2163 1073 2218 sed
1103 2163 1188 2217 vir
1216 2161 1665 2224 admirabilis,-et
1712 2159 1780 2213 ab
1809 2172 1875 2212 eo
1921 2171 2098 2228 preme

519 2261 742 2316 virtutis
795 2266 1132 2330 repetantur,
1174 2255 1305 2328 quid
1345 2255 1598 2310 nocuerit
1629 2251 1963 2308 sustinenti?
1990 2250 2095 2304 Ar-

519 2355 634 2424 guit
662 2352 878 2425 quidem
911 2353 1015 2406 hoc
1041 2367 1136 2407 eos
1167 2352 1259 2421 qui
1297 2351 1524 2414 faciunt,
1554 2365 1664 2404 non
1694 2363 1818 2403 eum
1848 2345 1940 2416 qui
1973 2361 2097 2401 sus-

529 2450 684 2511 tinet,
716 2448 843 2502 licet
874 2461 1047 2516 usque
1069 2445 1137 2498 ad
1201 2450 1431 2498 mortem
1467 2443 1711 2511 iniquum
1765 2438 2095 2510 supplicium

523 2539 920 2611 progrediatur.
977 2537 1081 2603 Qui
1112 2536 1238 2590 talis
1283 2542 1388 2598 est,
1429 2533 1823 2606 anticipatione
1877 2531 2094 2593 mortis,

521 2648 644 2704 qua:
682 2631 962 2696 pertinent
1019 2629 1086 2683 ad
1125 2630 1288 2684 vitam
1325 2628 1588 2688 futuram.
1629 2623 1922 2680 meditatus
1965 2629 2092 2677 est:

522 2726 610 2782 cui
637 2723 782 2781 enim
807 2724 938 2779 nihil
971 2739 1136 2780 suave
1159 2730 1243 2778 est
1259 2737 1467 2784 eorum,
1493 2734 1614 2790 quae
1636 2718 1822 2772 multis
1841 2715 2094 2786 jucunda

525 2824 803 2880 sunt,nec
843 2817 1134 2879 acerbum,
1170 2830 1351 2870 annon
1407 2820 1493 2868 est
1544 2810 1635 2866 hic
1685 2817 1810 2864 ante
1862 2817 2095 2863 mortem

526 2910 651 2964 huic
678 2909 801 2964 vitae
830 2909 1120 2964 mortuus?
1148 2907 1250 2974 Qui
1307 2906 1395 2960 hic
1430 2921 1494 2961 ea
1537 2919 1661 2974 qme
1712 2902 2099 2958 existimantur

524 2998 736 3055 insidia:
773 2999 945 3061 fac-ue,
998 2999 1119 3053 loco
1149 2997 1399 3053 beneﬁcii
1445 3002 1498 3050 et
1546 2994 1730 3066 gratia:
1759 2992 1931 3057 ducit,
1991 3007 2097 3062 qua

523 3099 810 3164 exspectat
839 3098 958 3162 post
988 3091 1132 3146 hanc
1161 3090 1328 3144 vitam
1362 3088 1573 3158 majora
1619 3089 1761 3142 bona
1810 3087 2095 3158 consequi.

524 3201 685 3256 quam
716 3201 780 3242 ea
811 3201 930 3255 qua:
965 3184 1271 3254 relinquere
1305 3181 1540 3243 videtur,
1571 3180 1637 3235 ad
1678 3196 1798 3251 qua:
1838 3180 1906 3234 ab
1928 3179 2102 3234 inimi-

2196 1887 2415 1960 γορέναι
2440 1885 2575 1959 πρὸς
2596 1886 2656 1956 τὸ
2685 1886 2844 1959 ἔργον
2871 1887 2972 1957 τῆς
2993 1887 3270 1952 εὐσεϐείας
3295 1888 3392 1942 καὶ
3421 1889 3520 1959 τῆς
3550 1890 3772 1960 ἀρετῆς.

2197 1981 2260 2033 Et
2289 1980 2346 2033 δὲ
2384 1980 2476 2033 καὶ
2528 1977 2851 2045 κολάζεσθαί
2896 1996 3016 2032 τινα
3042 1979 3349 2049 συμϐαίνοι,
3389 1981 3492 2033 ούκ
3535 1981 3773 2034 ἀναίτιον

2201 2071 2379 2144 μόνον,
2411 2071 2544 2125 ἀλλὰ
2577 2071 2672 2126 καὶ
2705 2070 3007 2144 θαυμάσιον
3033 2072 3219 2143 ἄνδρα,
3254 2073 3349 2126 καὶ
3384 2071 3544 2142 δίκην
3573 2073 3773 2145 ἀρετῆς

2197 2163 2541 2218 ἀπαιτεῖσθαι
2570 2161 2790 2226 τοῦτον,
2823 2162 2876 2216 τί
2901 2162 2966 2216 ἂν
2997 2162 3192 2234 βλάϐος
3213 2164 3552 2236 προσαγάγοι
3579 2164 3658 2235 τῷ
3680 2166 3775 2219 πάι

2201 2275 2379 2329 σχοντι
2401 2273 2414 2320 ;
2441 2256 2703 2327 διελέγχει
2737 2256 2835 2327 μὲν
2858 2256 2963 2328 γὰρ
2985 2257 3110 2322 τοῦς
3133 2255 3516 2320 ποιοῦντας,ού
3543 2257 3772 2328 βλάπτει

2197 2351 2253 2402 δὲ
2285 2349 2376 2402 τὸν
2403 2347 2760 2418 ὑπομένοντα,
2805 2347 2905 2400 κᾶν
2935 2345 3040 2410 ἓως
3069 2346 3298 2401 θανάτου
3327 2346 3563 2419 φέρηται
3588 2347 3661 2400 τὰ
3680 2347 3773 2417 τῆς

2199 2440 2393 2509 ἀλόγου
2427 2439 2715 2511 τιμωρίας.
2743 2438 2957 2501 Φθάσας
2995 2437 3103 2511 γὰρ
3141 2438 3234 2506 ὅγε
3284 2437 3548 2501 τοιοῦτος.
3593 2438 3773 2507 νεκρό-

2196 2549 2320 2604 τητι
2356 2528 2426 2583 τά
2476 2530 2611 2598 πρὸς
2663 2529 2754 2582 τὸν
2784 2527 2894 2599 βίον
2949 2529 3350 2601 μεμελέτηκεν·
3387 2522 3433 2597 ᾧ
3461 2529 3573 2600 γάρ
3615 2529 3773 2600 μηδὲν

2203 2623 2300 2694 μὲν
2339 2621 2436 2693 ἡδὺ
2465 2619 2571 2673 τῶν
2605 2622 2717 2682 τοῖς
2745 2619 2980 2683 πολλοῖς,
3015 2620 3048 2693 ἢ
3081 2621 3262 2692 ἀηδὲς,
3301 2619 3418 2683 πῶς
3438 2621 3562 2690 οὐχὶ
3586 2620 3773 2690 νεκρὸς

2200 2714 2292 2768 τοῦ
2327 2713 2442 2783 βίου
2476 2713 2570 2766 καὶ
2608 2712 2714 2785 πρὸ
2746 2712 2976 2767 θανάτου
3006 2712 3100 2782 ὅγε
3133 2711 3372 2776 τοιοῦτος
3401 2711 3772 2782 καθέστηκεν;

2200 2809 2279 2870 είς
2311 2808 2468 2880 χάριν
2505 2808 2602 2880 τήν
2628 2823 2691 2875 γε
2737 2804 3096 2877 νομιζομένην
3137 2806 3427 2878 ἐπιϐουλὴν
3466 2807 3769 2878 δεχόμενος,

2199 2894 2234 2973 ᾖ
2269 2899 2406 2971 μετά
2435 2899 2527 2953 τὸν
2560 2899 2806 2972 παρόντα
2835 2898 2948 2969 βίον
2986 2899 3258 2973 προσδοκᾷ
3283 2899 3526 2972 μείζοσιν
3551 2901 3772 2970 ἀγαθοῖς

2201 2992 2566 3059 ἐντεύξεσθαι,
2607 2986 2683 3047 ὧν
2728 2991 3015 3047 ἀπολιπεῖν
3057 2993 3223 3056 δοκεῖ,
3283 2993 3367 3062 ἐφ’
3399 2992 3436 3047 ἃ
3487 2994 3620 3067 πρὸς
3665 2995 3774 3048 τῶν

2202 3086 2409 3159 ἐχθρῶν
2436 3086 2646 3158 ταχέως
2679 3085 3204 3158 παραπεμπόμενος,
3234 3086 3309 3148 ὡς
3336 3087 3636 3156 εὐεργέτας
3652 3089 3778 3152 τοῦς

2203 3178 2648 3242 ἐπιϐουλεύοντας
2675 3177 2808 3249 ἔχει.

523 3282 604 3336 cis
635 3281 752 3336 suis
779 3279 889 3334 cito
919 3277 1202 3340 dimissus,
1232 3285 1491 3345 tanquam
1519 3273 1793 3330 beneﬁcos
1823 3273 1972 3328 ducit
1996 3288 2094 3330 eos
2117 3273 2208 3345 qui
2239 3275 2288 3330 ei
2322 3272 2565 3330 insidiati
2601 3281 2750 3329 sunt.

905 3437 1034 3494 Cu».
1067 3435 1138 3492 X.
1173 3435 1350 3492 Ρανηιε
1375 3446 1496 3492 sunt
1525 3444 1835 3508 argumenta
1865 3437 2092 3495 virtutis.
2126 3435 2354 3492 Manetis
2390 3436 2726 3507 blasphemia:
2757 3436 2813 3489 iu
2839 3434 2940 3491 Dei
2975 3436 3376 3507 providentiam.

597 3599 715 3656 Alia
741 3600 904 3654 etiam
928 3597 1135 3653 ratione
1159 3597 1301 3668 apud
1330 3597 1576 3652 homines
1606 3597 1978 3654 necessarium
2006 3605 2096 3652 est

529 3694 769 3764 permitti
813 3707 844 3745 a
879 3691 988 3747 Deo
1043 3699 1313 3746 tormenta
1362 3697 1416 3745 et
1461 3690 1780 3754 cruciatus,
1809 3698 1869 3746 ut
1923 3692 2096 3762 magis

531 3791 776 3855 spectata
803 3798 867 3837 ac
895 3783 1120 3854 probata
1163 3782 1233 3837 sit
1266 3782 1434 3838 libera
1463 3783 1679 3839 virtutis
1722 3784 2016 3854 susceptio,
2050 3783 2096 3838 si

531 3891 710 3944 neque
737 3883 965 3930 mortem
996 3886 1252 3945 oppetere
1298 3873 1633 3930 reformidet.
1680 3873 1797 3930 Jam
1821 3892 1944 3930 cum
1996 3875 2092 3928 im-

533 3967 731 4040 probos
751 3974 806 4021 et
828 3966 1066 4021 avaritiae
1098 3963 1310 4021 deditos
1337 3965 1636 4023 viderimus
1675 3968 1971 4038 aliquando
1998 3969 2098 4022 im-

532 4061 738 4132 perium
761 4069 964 4123 tenere,
999 4067 1054 4114 et
1079 4059 1144 4113 ad
1173 4060 1526 4130 magistratus
1555 4061 1718 4130 eligi;
1753 4061 1894 4116 scire
1931 4075 2099 4127 opor-

533 4161 608 4210 tet
639 4153 872 4226 permitli
919 4153 1022 4208 hoc
1056 4155 1394 4224 providentia
1431 4170 1496 4208 ac
1543 4155 1934 4224 gubernatione
1962 4152 2053 4209 Dei
2083 4174 2095 4208 :

533 4264 656 4302 cum
679 4247 822 4302 enim
851 4247 940 4316 qui
966 4253 1094 4299 sunt
1130 4246 1234 4300 sub
1273 4246 1500 4316 imperio
1534 4248 1772 4317 peccatis
1796 4246 2097 4313 abundant,

528 4335 736 4406 justum
761 4336 1084 4407 supplicium
1118 4345 1202 4391 est
1236 4336 1494 4406 iniquitas
1518 4353 1706 4391 eorum
1741 4337 1835 4408 qui
1869 4338 2102 4408 imperio

533 4437 796 4501 prmsunt,
830 4431 920 4500 qui
954 4431 1292 4485 ulciscuntur
1329 4447 1450 4500 qua:
1482 4430 1720 4494 faciunt,
1767 4437 1820 4486 et
1867 4431 2103 4502 puniunt
2135 4413 2176 4466 Ῐ)

532 4539 653 4594 quae
679 4524 1026 4579 committunt
1054 4543 1067 4579 :
1097 4532 1158 4578 ut
1203 4525 1437 4579 maxime
1501 4532 1681 4594 pateat
1718 4539 1854 4579 non
1887 4525 2099 4581 contin-

533 4632 659 4686 gere
697 4627 754 4671 ut
803 4624 1084 4686 peccatum
1147 4616 1477 4686 impunitum
1524 4619 1615 4672 sit.
1649 4616 1850 4674 Rectus
1883 4618 2103 4688 quidem

535 4706 704 4762 videri
741 4715 914 4776 potest
941 4705 1131 4774 judex,
1163 4707 1291 4776 quia
1337 4723 1403 4760 ne
1438 4708 1568 4776 quid
1600 4709 1723 4762 mali
1758 4709 2062 4763 committat
2087 4749 2102 4771 ,

533 4816 628 4855 eos
649 4799 742 4869 qui
775 4799 1123 4854 committunt
1179 4803 1355 4870 punit.
1392 4800 1487 4855 Sin
1521 4810 1702 4856 autem
1743 4803 1792 4856 is
1815 4803 1907 4872 qui
1951 4802 2102 4871 judi-

532 4897 622 4944 cat
672 4888 860 4960 incipit
888 4903 951 4943 ea
1000 4889 1288 4944 admittere
1335 4905 1455 4960 qum
1507 4891 1560 4944 in
1611 4891 1734 4946 aliis
1763 4891 2019 4956 vindicat,
2053 4901 2108 4946 et

533 4981 707 5052 punit,
742 4987 798 5037 et
824 4980 1041 5052 quidem
1079 4982 1412 5052 impensius,
1450 4989 1508 5036 ut
1567 4984 1825 5048 suadeat,
1865 4999 1923 5040 se
1971 4985 2108 5040 nihil

535 5073 659 5134 mali
691 5088 877 5144 agere;
905 5074 1065 5144 plane
1090 5082 1316 5146 apparet
1339 5074 1429 5144 jus
1461 5073 1675 5129 ﬁrmum
1706 5084 1760 5130 et
1793 5075 1950 5131 valde
1978 5076 2106 5131 hor-

535 5163 693 5237 ribile
729 5180 850 5220 esse
879 5165 1118 5221 incidere
1162 5168 1217 5221 in
1268 5165 1582 5235 bujusmodi
1634 5167 1989 5237 magistratus
2039 5168 2106 5223 ad

538 5257 884 5315 sustinendas
935 5275 1124 5329 pmnas
1168 5269 1387 5331 propter
1426 5260 1827 5329 improbitatem
1865 5277 2104 5316 morum.

545 5345 815 5404 Feruntur
844 5359 1023 5406 autem
1057 5353 1110 5406 in
1154 5352 1451 5423 Scripturis
1476 5351 1790 5420 bujusmodi
1827 5354 2110 5409 sententia:

547 5439 743 5497 divinas
779 5442 1078 5499 manifesta:
1105 5452 1294 5500 contra
1322 5460 1417 5500 eos
1445 5445 1538 5516 qui
1579 5444 1923 5516 delinquunt.

612 5531 941 5591 Manichmns
973 5545 1152 5591 tamen
1201 5537 1646 5599 amentissimus,
1681 5545 1743 5590 ut
1768 5536 1962 5608 dogma
2010 5552 2109 5592 ne-

539 5623 726 5694 quitiae
754 5625 1006 5697 ingenitae
1036 5635 1091 5683 et
1113 5627 1464 5698 blasphemia;
1504 5627 1559 5681 in
1604 5625 1773 5681 Deum
1810 5625 1952 5694 apud
1978 5641 2103 5681 eum

546 5719 764 5772 ﬁrmum
812 5727 995 5788 esset,
1057 5718 1261 5777 nullam
1309 5726 1517 5789 partem
1566 5718 1972 5790 gubernationis
2007 5717 2104 5781 Dei

2271 3592 2381 3646 Καὶ
2409 3591 2580 3656 ἄλλως
2633 3594 2690 3647 ὲν
2729 3592 3034 3664 ἀνθρώποις
3091 3593 3362 3664 ἀναγκαία
3404 3594 3504 3666 τῆς
3545 3595 3776 3665 βασάνου

2201 3687 2234 3758 ἡ
2287 3685 2437 3757 παρά
2493 3685 2585 3739 τοῦ
2639 3685 2774 3739 Θεοῦ
2819 3685 3183 3759 συγχώρησις,
3217 3687 3292 3752 ὡς
3337 3686 3402 3741 ἂν
3435 3687 3779 3762 δοκιμωτέρα

2203 3777 2458 3848 τυγχάνοι
2496 3780 2530 3848 ἡ
2559 3778 2766 3851 αἵρεσις
2799 3779 2895 3848 τῆς
2919 3779 3138 3850 ἀρετῆς,
3173 3780 3221 3832 εί
3255 3779 3386 3850 μηδὲ
3415 3779 3649 3834 θάνατον
3694 3783 3780 3835 sti-

2203 3869 2435 3924 λαϐοῖτο.
2478 3871 2754 3942 Πονηροὺς
2775 3871 2831 3957 δε
2869 3873 2962 3925 καὶ
2987 3871 3396 3937 πλεονεκτικοῦς
3416 3873 3546 3928 ὃταν
3585 3875 3780 3948 ἴδωμεν

2205 3963 2348 4016 ἔστιν
2379 3964 2468 4016 ὅτε
2507 3963 2862 4035 κρατοῦντας,
2889 3965 2981 4017 καὶ
3013 3964 3111 4029 τάς
3143 3963 3318 4037 ἀρχὰς
3337 3967 3774 4037 πιστευομένους·

2207 4054 2401 4118 ἰστέον,
2431 4055 2510 4108 ὅτι
2549 4056 2890 4128 συγχώρησίς
2917 4057 3144 4110 ἐστικαὶ
3165 4056 3320 4110 τοῦτο
3344 4057 3444 4128 τῆς
3470 4058 3780 4130 οἰκονομίας

2205 4144 2300 4198 τοῦ
2333 4145 2466 4199 Θεοῦ
2494 4163 2508 4178 ·
2569 4148 2788 4201 ἐπειδάν
2834 4146 2942 4219 γάρ
2971 4148 3040 4202 τά
3071 4149 3169 4218 τῆς
3205 4149 3478 4220 ἁμαρτίας
3511 4150 3780 4223 πλεονάζῃ

2206 4239 2315 4294 τῶν
2357 4241 2693 4311 ἀρχομένων,
2725 4241 2944 4305 κόλασις
2984 4241 3049 4294 ἂν
3085 4243 3298 4311 γένοιτο
3327 4242 3509 4296 δικαία
3549 4243 3663 4297 τῶν
3695 4246 3781 4313 ἀρ·

2207 4333 2407 4404 χόντων
2445 4335 2478 4402 ἡ
2513 4333 2720 4396 ἀδικία,
2774 4334 3197 4406 τιμωρουμένων
3229 4333 3264 4388 ἀ
3317 4335 3636 4406 πράττουσι,
3690 4339 3782 4390 καὶ

2205 4425 2537 4492 κολαζόντων
2585 4425 2621 4480 ἃ.
2675 4426 2952 4480 ποιοῦσιν·
3019 4427 3095 4491 ὡς
3157 4427 3223 4481 ἂν
3281 4428 3490 4497 γένοιτο
3547 4429 3782 4501 μάλιστα

2204 4517 2379 4588 δῆλον,
2406 4518 2488 4571 ὅτι
2515 4518 2827 4590 παρανομία
2869 4518 3212 4591 ἀτιμώρητος
3239 4521 3339 4575 ούκ
3365 4519 3469 4592 εἴη.
3523 4523 3781 4593 Ὀρθότης

2207 4610 2305 4680 μὲν
2344 4609 2598 4663 δικαστοῦ
2635 4609 2832 4675 δόξειεν
2867 4609 2951 4671 ἂν,
2994 4611 3176 4683 ἐπειδὴ
3221 4630 3275 4664 τι
3315 4614 3387 4683 μὴ
3417 4615 3649 4684 πράττει
3684 4633 3783 4669 κα-

2205 4705 2319 4770 κὸν,
2338 4706 2463 4768 τοὺς
2491 4704 2776 4769 ποιοῦντας
2801 4707 3069 4766 κολάζειν.
3092 4709 3154 4760 El
3183 4707 3227 4760 δ’
3255 4709 3450 4772 αὐτοὺς
3466 4712 3494 4762 ὁ
3519 4710 3779 4776 δικάζων,

2204 4797 2312 4850 τῶν
2331 4815 2392 4864 γε
2408 4800 2664 4851 τοιούτων
2681 4799 2793 4852 ἀπα
2803 4799 3081 4870 ρχὸμενος.
3100 4800 3225 4862 τοὺς
3249 4797 3318 4852 τά
3333 4799 3470 4853 αύτά
3498 4803 3783 4871 μετιόντας

2205 4889 2443 4954 κολάζει,
2485 4891 2578 4945 καὶ
2635 4891 2870 4962 μάλιστα
2915 4891 3316 4962 δαψιλέστερον,
3373 4891 3448 4955 ὡς
3504 4892 3573 4946 ἄν
3607 4895 3782 4950 πείθοι

2210 4981 2376 5052 μηδὲν
2413 4983 2575 5046 αὐτὸς
2617 4983 2818 5053 φαῦλον
2858 4983 3316 5055 διαπράττεσθαι·
3354 4984 3615 5056 ἄντικρυς
3649 5005 3782 5058 κρα-

2205 5074 2334 5128 τοῦν
2363 5076 2456 5129 καὶ
2505 5075 2623 5128 λίαν
2667 5075 2896 5145 φοϐερὸν
2922 5076 3274 5144 ἀναφαίνεται
3303 5074 3364 5129 τὸ
3394 5075 3602 5129 δίκαιον
3648 5081 3783 5148 πρδς

2206 5167 2266 5221 τὸ
2286 5168 2441 5240 δίκην
2458 5169 2748 5240 ὑπομένειν
2767 5165 2909 5233 τοὺς
2926 5168 3014 5222 διὰ
3046 5169 3342 5241 σκαιότητα
3367 5170 3589 5239 τρόπων
3610 5172 3782 5224 τοιούο

2207 5279 2319 5325 τοις
2343 5261 2567 5333 ἄρχουσι
2603 5261 2824 5326 δικαίως
2854 5259 3308 5331 περιπίπτοντας·
3341 5261 3651 5330 ἀποφάσεις
3675 5263 3782 5334 γὰρ

2207 5354 2301 5406 καὶ
2331 5353 2570 5407 τοιαῦται
2617 5357 2804 5422 σαφεῖς
2848 5352 2998 5424 παρά
3035 5352 3171 5406 θεοῦ
3223 5351 3363 5406 κατά
3391 5353 3498 5406 τῶν
3531 5355 3780 5426 ἀμαρτασ-

2208 5445 2404 5499 νόντων
2437 5447 2494 5497 ὲν
2522 5445 2762 5517 Γραφαῖς
2789 5448 2908 5508 ταῖς
2937 5445 3118 5514 ἁγίαις
3151 5444 3494 5515 γεγένηνται.

2291 5537 2348 5590 '0
2416 5536 2596 5608 μέντοι
2648 5536 3005 5607 χαλεπώτατα
3062 5538 3286 5603 Μανεὶς,
3327 5538 3413 5591 ἵνα
3455 5538 3589 5609 παρ’
3632 5538 3784 5612 αὐτῷ

2209 5630 2459 5700 κρατήσῃ
2501 5629 2562 5682 τὸ
2604 5629 2781 5698 δόγμα
2821 5629 2920 5699 τῆς
2960 5630 3255 5700 ἀγεννήτον
3313 5628 3510 5706 κακίας
3553 5629 3648 5683 καὶ

2210 5719 2348 5775 κατὰ
2377 5719 2508 5774 Θεοῦ
2546 5720 2908 5793 βλασφημίας,
2937 5721 3086 5775 οὐδὲν
3134 5722 3578 5794 ἀτδκοφάντητον
3608 5703 3781 5776 stata:-
