4072 6338
337 311 475 365 “53

1389 301 1757 359 ADVERSUS
1791 299 2219 356 MANICHIEOS
2255 298 2384 354 LIB.
2422 298 2481 351 Il.

3442 291 3581 347 1154

332 427 545 481 λέλοιπε
578 427 676 497 τῆς
703 425 795 479 τοῦ
829 426 964 480 Θεοῦ
997 427 1331 498 διοικήσεως.
1367 424 1632 487 Πολλάκις
1662 423 1722 489 δὲ
1756 422 1902 474 ἐστιν

2008 420 2390 492 ριωιοτιιιίεὶι,
2429 416 2561 487 quin
2619 430 2739 469 eam
2803 412 3260 467 culumniaretur.
3319 410 3582 466 Videmus

336 520 467 573 ίδεῖν
494 520 588 572 καὶ
619 518 860 583 δικαίους
879 521 1269 592 ἡμαρτηκότας
1301 520 1405 572 ὑπὸ
1431 517 1647 580 ἀσεϐεῖς
1680 516 1902 587 γενομέ-

332 625 487 672 νουςο
518 608 707 682 ῶσπερ
733 611 927 681 εὐγενῆ
958 611 1122 665 παῖδα
1151 611 1317 682 πατρὶ¹
1348 609 1422 681 μὴ
1447 609 1781 679 πειθόμενον,
1814 608 1903 662 διά

334 700 489 765 ξένου
521 702 871 772 τυπτόμενον,
905 702 990 755 ἵνα
1019 702 1154 773 μετά
1191 704 1287 773 τῆς
1328 703 1616 774 ἀλγηδόνος
1644 702 1751 755 τῶν
1774 701 1905 771 πλη-

329 794 466 860 γῶν,
506 794 600 848 καὶ
632 795 665 863 ἡ
696 794 886 864 ἀτιμία
924 793 1018 847 τοῦ
1052 795 1463 865 διακονουμένου
1504 795 1782 867 μεταϐάλῃ
1813 796 1903 847 τὸν

332 883 443 953 πλη
452 883 775 954 μμελοῦντα·
796 885 852 936 ἓν
862 885 968 956 γάρ
984 903 1034 939 τι
1050 886 1144 939 καὶ
1164 886 1340 956 μόνον,
1359 885 1586 955 ἔφαμεν,
1600 886 1691 939 καὶ
1708 886 1903 955 ἀληθές

330 978 502 1038 ἐστιν,
527 977 602 1039 ὡς
632 979 659 1029 ό
681 977 812 1048 πρὸς
837 978 972 1030 Θεοῦ
991 979 1277 1049 γενόμενος
1293 978 1387 1032 ἄνθ
1394 996 1575 1050 ρωπος
1595 981 1903 1032 ἀπαιτεῖται

330 1066 474 1121 κατά
494 1067 583 1119 τὸν
607 1067 719 1137 βίον
739 1069 800 1120 τὸ
816 1068 1026 1121 συνέσει
1047 1069 1304 1141 λογισμοῦ
1331 1069 1670 1141 κατορθῶσαι
1686 1071 1746 1123 τὸ
1762 1070 1901 1123 κατά

333 1156 501 1227 μηδὲν
530 1158 736 1211 ἀδικεῖν
748 1160 843 1230 τὴν
860 1160 1079 1231 ἀρετήν’
1096 1153 1214 1232 ᾧδή
1236 1179 1317 1224 τις
1341 1161 1622 1233 προσέχων
1644 1163 1734 1215 καὶ
1759 1163 1902 1233 μόνῳ

331 1249 489 1319 (30’),
513 1248 951 1322 [μακαριώτατος
974 1252 1039 1305 ἂν
1059 1253 1285 1321 γένοιτο,
1317 1254 1442 1326 κᾶν]
1467 1256 1629 1326 μηδὲν
1652 1256 1833 1325 ἕτερόν
1849 1272 1901 1307 τι

326 1344 473 1397 κατά
489 1344 577 1396 τὸν
595 1344 704 1413 βίον
724 1345 841 1417 ἔχῃ.
860 1344 1028 1397 Τοῦτο
1042 1346 1219 1399 τοίνυν
1235 1346 1356 1398 είδι’
1370 1346 1491 1399 ὅλου
1507 1346 1599 1399 τοῦ
1618 1337 1682 1399 πε
1693 1347 1745 1418 pi
1766 1349 1809 1398 Π
1816 1364 1902 1417 ρο-

328 1435 481 1498 νοίας
538 1435 696 1504 λόγου
752 1436 1172 1507 μνημονεύοιτο,
1236 1437 1388 1490 οὐδὲν
1440 1438 1504 1491 ἂν
1551 1438 1903 1492 ὑποπτεύοιτο

329 1528 469 1597 πρὸς
524 1528 817 1600 ἀνισότητα
879 1532 970 1581 καὶ
1030 1528 1253 1592 ἀταξίαν
1307 1529 1414 1581 τῶν
1462 1530 1597 1600 πρὸς
1641 1530 1774 1585 Θεοῦ
1822 1531 1900 1583 δι-

328 1614 695 1685 ιικουμένων⁸
727 1618 773 1669 εί
822 1618 918 1688 μὲν
959 1618 1065 1690 γὰρ
1114 1617 1263 1689 εὕροι
1309 1636 1392 1683 τις
1417 1620 1503 1682 ἂν,
1533 1619 1607 1682 ὡς
1633 1620 1774 1691 ἄλλῳ
1805 1622 1902 1691 μὲν

328 1708 537 1760 ἀνεῖται
600 1708 697 1779 τῆς
747 1709 1001 1773 εὐσεϐοῦς
1061 1711 1260 1783 ἀρετῆς
1314 1714 1346 1783 ὴ
1404 1714 1623 1783 πορεία.
1683 1714 1904 1784 ἀλλῳδὲ

2008 528 2151 581 sape
2205 512 2387 581 justos
2433 510 2523 580 qui
2570 508 2917 578 deliquerunt
2989 505 3091 560 sub
3150 505 3356 559 ditione
3393 511 3448 559 et
3478 520 3581 574 po-

2007 612 2201 659 testate
2230 603 2522 672 impiorum
2564 616 2715 665 esse,
2760 606 2819 652 ut
2868 598 2949 652 sic
2998 596 3372 665 castigentur,
3435 597 3583 651 sicut

2007 710 2130 751 cum
2165 710 2466 764 generosus
2491 692 2655 754 (ilius,
2686 691 2779 760 qui
2814 692 2951 759 patri
2994 705 3100 742 non
3134 696 3307 757 paret,
3339 703 3369 741 a
3421 701 3581 756 pere—

2008 790 2165 859 grino
2196 798 2244 843 et
2283 789 2493 858 hospite
2523 788 2875 847 verberatur,
2933 790 2991 836 ut
3021 783 3181 837 dolor
3213 783 3493 852 plagarum
3526 790 3581 835 et

2009 882 2303 951 ignominia
2353 881 2578 935 verbera
2635 877 2947 933 adhibentis
2992 876 3400 945 delinquentem
3458 889 3581 927 mu-

2009 982 2161 1026 tent:
2200 987 2364 1025 unum
2391 975 2535 1025 enim
2559 985 2641 1025 esr
2674 986 2737 1023 ac
2780 971 2954 1023 solum
2991 978 3043 1023 et
3077 983 3286 1029 verum,
3323 975 3383 1020 ut
3431 964 3578 1019 dixi-

2009 1081 2151 1129 nius,
2178 1062 2322 1133 quod
2358 1063 2497 1118 Deus
2540 1064 2608 1116 ab
2636 1062 2857 1116 homine
2891 1063 2944 1115 in
2972 1062 3083 1114 vita
3116 1059 3367 1130 requirit,
3400 1065 3459 1110 ut
3494 1056 3581 1113 ef-

2010 1158 2151 1211 ﬁciat
2185 1159 2415 1227 sapienti
2469 1156 2835 1224 cogitatione,
2898 1171 2965 1209 ne
3033 1157 3289 1209 virtutem
3348 1154 3455 1208 ulla
3511 1171 3580 1209 ex

2008 1263 2161 1321 parte
2194 1249 2435 1304 otl'endat
2467 1267 2480 1303 :
2512 1248 2658 1318 quod
2687 1249 2905 1317 quidem
2931 1250 2974 1302 si
3002 1249 3246 1303 attendat
3275 1250 3359 1303 vel
3391 1249 3573 1303 solum

2007 1344 2143 1405 hoc,
2204 1343 2553 1397 beatissimus
2608 1342 2713 1405 sit,
2753 1343 3004 1411 quamvis
3038 1341 3171 1393 nihil
3204 1341 3350 1394 aliud
3386 1340 3441 1394 in
3473 1341 3585 1394 vita

2008 1436 2221 1490 habeat.
2257 1435 2368 1489 lloc
2395 1436 2560 1505 igitur
2601 1435 2645 1488 si
2688 1434 2741 1487 in
2785 1434 3040 1489 universo
3070 1448 3320 1488 sermone
3350 1433 3417 1487 de
3444 1432 3580 1486 Pro-

2007 1529 2245 1582 videntia
2275 1533 2757 1588 commemoretur,
2782 1526 2930 1579 nulla
2971 1526 3211 1595 su5pieio
3243 1525 3581 1593 relinquetur

2007 1621 2072 1674 de
2106 1620 2472 1689 inaequalitate
2502 1627 2555 1672 et
2590 1617 2998 1687 perturbatione
3022 1616 3236 1670 ordinis
3267 1618 3321 1669 in
3357 1616 3424 1671 iis
3461 1631 3588 1684 qme

2008 1728 2037 1765 a
2069 1712 2175 1766 Deo
2219 1713 2614 1781 gubernantur.
2652 1709 2705 1763 Si
2738 1708 2863 1779 quis
2916 1710 3059 1763 enim
3111 1708 3371 1779 reperire;
3395 1718 3583 1777 posset

328 1800 770 1865 ἁποκέκλεισται,
807 1803 1039 1857 ἐνταῦθα
1089 1806 1225 1875 πρὸς
1259 1805 1320 1858 τὸ
1350 1805 1446 1858 νῦν
1488 1807 1775 1875 κεφάλαιον
1801 1808 1902 1862 τῶν

2009 1806 2149 1874 quod
2186 1804 2307 1858 aliis
2343 1805 2521 1857 laxata
2553 1812 2699 1858 esset
2742 1803 2852 1855 vita
2883 1801 3103 1856 virtutis
3134 1801 3235 1870 pia:
3268 1807 3322 1853 et
3351 1807 3578 1865 sanctre,

326 1892 548 1959 ἀγαθῶν
578 1893 672 1947 καὶ
721 1896 752 1965 ή
795 1897 1046 1966 ἀνισότης
1083 1896 1331 1967 διαϐολὴν
1375 1897 1441 1950 ἂν
1468 1896 1610 1967 ἔχειν
1641 1898 1784 1963 ἔδοξε
1810 1901 1907 1970 τῆς

325 1984 677 2055 διοικήσεως’
706 1988 753 2039 εί
791 1986 845 2039 δὲ
875 1988 941 2040 δι’
968 1983 1027 2042 οὗ
1076 1990 1168 2042 καὶ
1199 1990 1358 2059 μόνου
1398 1991 1591 2060 γένοιτ’
1615 1992 1679 2046 ἀν
1711 2011 1793 2056 τις
1831 1993 1907 2056 ὡς

326 2075 545 2148 ἀληθῶς
572 2077 857 2149 μακάριος,
883 2080 1038 2133 τοῦτο
1072 2080 1247 2135 κοινὸν
1274 2083 1465 2154 ἐπίσης
1499 2083 1636 2154 πρὸς
1662 2084 1905 2150 ἐξουσίαν

325 2172 441 2232 τοῖς
480 2170 649 2224 ἆπασι
667 2172 970 2242 πρόκειται·
1004 2174 1162 2227 ποίαν
1194 2174 1453 2247 διαφορὰν
1473 2176 1615 2229 εἴποι
1638 2193 1702 2245 γε
1718 2179 1904 2248 (3ν1)ἀν

325 2278 432 2323 τις,
455 2260 557 2313 κᾶν
635 2263 916 2330 φιλαίτιος,
954 2266 985 2336 ἢ
1026 2266 1333 2336 ἀνισότητα,
1360 2267 1630 2322 ὀπότετῶν
1664 2270 1817 2335 ἐκτὸς
1848 2271 1904 2324 αἱ

327 2350 632 2417 πλεονεξίαι
680 2349 833 2417 αὖθις
877 2356 1015 2426 πρὸς
1044 2356 1267 2427 ἰσότητα
1307 2359 1418 2419 τοῖς
1458 2357 1736 2428 λογισμοῖς
1779 2358 1907 2410 ἀνα⁹

325 2441 600 2508 κλῶνται;
654 2445 729 2508 ὡς
779 2446 879 2499 οὐκ
919 2447 1135 2501 ἔλαττον
1210 2448 1305 2517 μὲν
1355 2448 1386 2519 ἢ
1437 2450 1531 2501 καὶ
1573 2449 1772 2520 μᾶλλον
1794 2449 1911 2519 ἠδο-

332 2533 497 2601 μένου
550 2534 646 2589 τοῦ
695 2536 926 2607 πένητος
977 2533 1058 2601 οἷς
1114 2539 1481 2611 προσφέρεται
1518 2542 1759 2610 τροφίοις
1813 2541 1906 2593 τοῦ

327 2626 561 2697 πλησίου
572 2668 584 2680 .

2013 1898 2135 1951 aliis
2164 1911 2292 1950 vero
2342 1897 2564 1961 clausa;
2605 1895 2879 1948 videretur
2910 1904 3100 1949 contra
3134 1895 3238 1946 hoc
3277 1899 3443 1961 caput
3473 1892 3575 1945 bo-

2013 2001 2204 2040 norum
2230 2001 2352 2041 esse
2390 1986 2443 2039 in
2479 1985 2844 2054 inaequalitate
2901 1982 3177 2037 accusatio
3232 1980 3581 2051 gubernatio—

2011 2077 2115 2131 nis.
2150 2076 2242 2128 Sin
2272 2090 2397 2129 vero
2440 2073 2493 2128 id
2540 2090 2649 2145 quo
2690 2074 2809 2129 solo
2861 2080 3038 2143 potest
3071 2072 3195 2142 quis
3224 2086 3348 2125 vere
3386 2070 3586 2125 beatus

2010 2186 2131 2225 csse
2180 2170 2432 2223 omnibus
2484 2185 2636 2240 teque
2690 2168 3053 2223 communiter
3105 2167 3443 2237 propositum
3474 2177 3581 2231 est,

2011 2272 2067 2315 ut
2104 2262 2277 2332 possit
2311 2276 2432 2316 esse
2489 2277 2713 2331 compos
2775 2261 2929 2330 ejus;
2966 2273 3129 2329 quam
3169 2259 3579 2327 oppressionem

2008 2362 2103 2407 aut
2136 2355 2556 2423 inatqualitatem
2603 2354 2798 2423 poterit
2845 2353 2968 2422 quis
3007 2352 3247 2420 objicere
3283 2351 3582 2421 quamlibet

2008 2447 2300 2500 accusandi
2348 2446 2623 2517 cupidus?
2691 2444 3143 2514 Quandoquidem
3201 2445 3401 2497 habere
3457 2444 3581 2511 plus

2010 2541 2277 2594 bonorum
2307 2550 2653 2595 externorum
2705 2556 2899 2595 rursus
2921 2538 3229 2593 rationibus
3258 2536 3325 2591 ad
3359 2537 3584 2607 aequali-

2008 2641 2173 2687 tatem
2218 2641 2542 2699 revocatur,
2590 2640 2650 2687 ut
2679 2647 2788 2687 non
2852 2632 3033 2687 minus
3079 2632 3165 2686 vel
3212 2631 3378 2686 etiam
3410 2630 3584 2701 magis

324 2720 626 2775 delectetur
654 2737 857 2792 pauper
888 2724 955 2780 iis
983 2725 1120 2780 cibis
1148 2726 1240 2796 qui
1271 2727 1319 2781 ei
1351 2727 1678 2784 adhibentur
1725 2744 1888 2799 quam
1922 2730 2092 2783 dives.

398 2834 508 2889 Καὶ
555 2834 621 2890 τὰ
672 2837 796 2908 περὶ
852 2838 1059 2910 σκέπην
1107 2840 1163 2893 δὲ
1206 2843 1403 2911 ὁμοίως
1436 2843 1567 2913 ἔχει,
1613 2845 1715 2897 κάν
1740 2841 1903 2916 ἧττον

326 2925 563 2996 ὑπάρχει
579 2928 755 2995 τίμια,
770 2932 861 2982 καὶ
878 2930 1045 2993 τόπος
1064 2931 1364 3003 αἰσθήσεως
1381 2934 1446 2987 τὰ
1466 2936 1709 3001 συνήθως
1729 2954 1897 3007 παρα-

326 3018 575 3088 κείμενα,
630 3021 705 3082 ὼς
762 3023 963 3092 μηδένα
1007 3024 1100 3077 τοῦ
1165 3026 1407 3091 πλείονος
1449 3029 1894 3089 ὲπαισθάνεσθαι.

2086 2842 2346 2897 Similiter
2368 2844 2549 2898 evenit
2585 2844 2639 2898 in
2676 2843 2744 2898 iis
2777 2858 2897 2913 qua:
2930 2843 2996 2897 ad
3045 2851 3417 2913 tegumentum
3461 2855 3585 2894 cor-

2012 2935 2159 3003 poris
2183 2936 2450 3003 pertinent
2482 2954 2494 2987 :
2526 2936 2777 3004 quamvis
2808 2935 2998 2987 viliora
3031 2934 3142 2988 sint
3168 2972 3183 2997 ,
3233 2947 3454 2987 sensum
3500 2932 3586 2985 in-

2007 3028 2242 3081 formant
2284 3043 2404 3096 quze
2461 3028 2509 3081 ei
2557 3037 2961 3082 consueverunt
3016 3026 3245 3097 apponi,
3304 3034 3365 3078 ut
3421 3038 3581 3078 nemo

324 3110 413 3162 διὰ
438 3112 536 3181 τῆς
557 3113 836 3184 συνηθείας
850 3116 949 3185 τῆς
971 3118 1273 3190 αἰσθήσεως
1287 3121 1434 3189 ἀμαυ
1444 3122 1709 3193 ρουμένης
1728 3140 1741 3153 ο
1769 3124 1901 3194 μηδὲ

2008 3119 2151 3189 quod
2185 3093 2315 3188 plus
2362 3129 2444 3173 est
2498 3120 2726 3186 sentiat,
2763 3135 2926 3175 sensu
2972 3093 3372 3174 consuetudine
3417 3116 3582 3171 hebe-

324 3202 485 3255 ἄλλον
518 3204 612 3256 τοῦ
665 3206 965 3272 ἐλάττονος,
996 3212 1089 3264 καὶ
1143 3211 1328 3264 τοῦτον
1370 3212 1457 3265 διὰ
1508 3213 1791 3283 συνηθείας
1842 3216 1903 3267 τὸ

324 3295 505 3349 ἐνδέον
537 3299 671 3369 πρὸς
721 3300 818 3371 τὴν
859 3301 1107 3371 αἴσθησιν
1148 3304 1220 3374 μὴ
1256 3304 1476 3373 ἄγοντα.
1520 3306 1728 3359 Αὐτίκα
1768 3306 1899 3377 βάρ-

330 3387 489 3459 ϐαροι
523 3392 719 3460 γυμνοὶ
764 3393 825 3445 τό
857 3410 920 3461 γε
973 3394 1132 3447 πλέον
1171 3395 1263 3448 τοῦ
1315 3396 1562 3467 σώματος
1607 3398 1901 3466 διάγοντες,

327 3480 424 3531 καὶ
480 3481 745 3553 ἀστρωτοι
789 3484 1173 3553 καθεύδοντες,
1219 3489 1310 3541 καὶ
1356 3488 1579 3559 λυπροῖς
1616 3491 1902 3561 αίδέσμασι

324 3572 691 3643 διαιτώμενοι,
747 3578 846 3629 οὐκ
879 3579 1167 3649 ἠνέσχοντο
1202 3579 1419 3634 πώποτε
1452 3584 1768 3635 καταλιπεῖν
1804 3583 1901 3654 τὴν

328 3663 494 3733 φίλην
516 3665 742 3731 δίαιταν,
768 3667 842 3730 ὡς
867 3668 955 3721 διὰ
984 3670 1084 3740 τῆς
1109 3670 1393 3742 συνηθείας
1421 3672 1481 3726 τὸ
1510 3674 1684 3727 ἐνδέον
1721 3676 1900 3729 αὐτῶν

330 3756 499 3825 μηδὲν
534 3758 889 3829 καθορῶντες,
932 3762 1127 3832 μᾶλλον
1155 3764 1209 3816 δὲ
1235 3764 1439 3835 ταύτην
1475 3766 1595 3837 μηδ’
1616 3768 1898 3822 ἀπολιπεῖν

324 3843 509 3901 οἷοίτε
536 3848 713 3913 ὄντες·
763 3851 795 3921 ἣ
838 3852 1028 3906 θᾶττον
1064 3855 1159 3925 μὲν
1187 3856 1253 3909 ἂν
1282 3857 1455 3910 καὶτὸ
1492 3858 1753 3927 ὑγιαίνειν
1791 3878 1896 3914 κα-

258 3998 273 4010 ,
322 3940 625 4007 ταλίποιεν,
685 3942 874 3996 θᾶττον
928 3945 972 3997 δ’
1029 3946 1093 3999 ἂν
1121 3949 1213 4000 καὶ
1254 3949 1315 4001 τὸ
1357 3949 1494 4021 πρὸς
1536 3953 1780 4023 κρυμοὺς
1806 3954 1900 4007 καὶ

325 4033 559 4103 ἡλιακὴν
589 4033 760 4104 φλόγα
790 4039 1076 4108 καρτερεῖν
1100 4039 1515 4110 ἀποκτήσαιντο.

2004 3221 2151 3278 tato;
2192 3228 2291 3267 nec
2327 3214 2466 3268 alius
2496 3213 2637 3283 quod
2686 3214 2866 3268 minus
2899 3222 2983 3268 est
3021 3214 3146 3283 quia
3188 3223 3413 3284 propter
3434 3231 3571 3270 eon-

2005 3305 2349 3359 suetudinem
2407 3322 2513 3359 non
2572 3307 2800 3375 percipit
2833 3322 2997 3360 sensu
3053 3306 3199 3376 quod
3233 3306 3405 3361 deest.
3442 3305 3582 3361 Hinc

2003 3398 2265 3449 continuo
2292 3396 2348 3449 ﬁt
2406 3404 2461 3449 ut
2493 3395 2738 3461 Barbari,
2775 3397 2917 3466 quod
2944 3397 3122 3465 majus
3153 3403 3256 3460 est,
3291 3401 3437 3450 nudo
3457 3411 3585 3451 cor-

2004 3504 2133 3559 pore
2167 3491 2333 3544 vitam
2363 3491 2639 3560 degentes,
2671 3499 2723 3544 et
2762 3490 2881 3544 sine
2915 3490 3161 3560 stragula
3188 3497 3339 3545 veste
3371 3490 3587 3545 cuban-

2008 3592 2110 3647 tes,
2143 3592 2195 3637 et
2236 3584 2445 3652 asperis
2481 3581 2814 3638 indumentis
2859 3590 3113 3646 utentes,
3163 3598 3443 3653 nunquam
3486 3600 3589 3655 pa-

2008 3682 2249 3729 terentur
2276 3682 2336 3727 ut
2394 3674 2762 3743 relinquerent
2796 3673 3063 3728 rationem
3097 3672 3313 3729 vivendi
3344 3683 3582 3744 gratam,

2007 3775 2065 3821 ut
2089 3768 2180 3838 qui
2208 3776 2433 3838 pr0pter
2484 3768 2939 3823 consuetudinem
2974 3767 3129 3838 quid.
3157 3769 3237 3823 eis
3276 3767 3418 3823 desit
3469 3783 3585 3822 non

2005 3861 2351 3930 intelligunt,
2390 3862 2498 3915 imo
2536 3862 2628 3930 qui
2665 3877 2772 3914 non
2811 3869 3039 3930 possunt
3069 3860 3211 3914 hanc
3252 3861 3587 3930 relinquere,

2006 3961 2060 4006 et
2093 3954 2273 4023 potius
2304 3967 2367 4007 ac
2396 3953 2658 4007 libentius
2697 3952 3009 4007 desinerent
3069 3960 3213 4006 recte
3260 3953 3442 4007 valere
3466 3992 3482 4018 ,
3527 3960 3587 4007 et

2006 4046 2229 4116 mallent
2261 4044 2463 4114 frigora
2492 4052 2544 4099 et
2572 4043 2822 4099 ardorem
2867 4044 2999 4097 solis
3039 4043 3296 4098 tolerare.

899 4194 1027 4251 CAP.
1067 4196 1158 4251 Kl.
1193 4198 1505 4253 Communia
1534 4198 1787 4254 bonorum
1821 4209 1871 4255 et
1911 4202 2193 4256 malorum.
2232 4202 2384 4257 Bella
2421 4220 2515 4257 cur
2546 4202 2688 4257 Deus
2723 4203 2980 4273 permittit

399 4337 509 4390 Καὶ
536 4336 670 4407 πρός
702 4352 765 4405 γε
791 4336 851 4389 τὸ
889 4336 986 4407 ζῇν
1020 4336 1192 4399 οὐδεὶς
1212 4336 1423 4399 οὐδενὸς
1443 4337 1602 4390 πλέον
1620 4336 1732 4408 ἔχει
1764 4338 1905 4391 κατά

2082 4340 2260 4408 Atque
2304 4339 2368 4393 ad
2417 4340 2584 4393 vitam
2631 4338 2948 4410 degendam,
2982 4354 3044 4393 ac
3078 4337 3319 4408 jucunde
3359 4335 3581 4407 quidem

326 4428 421 4481 τὸν
481 4427 591 4497 βίον
616 4446 628 4459 ν
680 4428 981 4497 κοιναὶ-μὲν
1024 4428 1132 4497 γάρ
1168 4430 1330 4480 πᾶσιν
1368 4430 1423 4481 αί
1465 4431 1688 4497 φυσικαὶ
1716 4429 1900 4482 διανα-

2008 4429 2325 4501 degendam,
2360 4448 2520 4486 nemo
2568 4431 2691 4502 plus
2739 4447 2902 4502 quam
2948 4432 3091 4486 alius
3128 4431 3300 4501 ,liabet
3349 4431 3405 4485 in
3447 4430 3576 4483 vita.

328 4519 559 4582 παύσεις
579 4520 912 4573 ἀνακλίσεών
940 4537 999 4572 τε
1032 4522 1126 4573 καὶ
1157 4518 1358 4582 ὕπνων,
1406 4522 1580 4573 κοιναὶ
1608 4522 1663 4574 δὲ
1705 4523 1902 4591 τροφαὶ

329 4616 426 4667 καὶ
448 4611 793 4675 ἀπολαύσεις,
836 4612 979 4673 εἴτις
1006 4613 1065 4665 τὸ
1097 4612 1195 4682 μὲν
1231 4611 1482 4682 διάφορον
1512 4612 1744 4675 συνετῶς
1767 4630 1906 4681 παρ-

328 4706 494 4769 έλθοι,
526 4705 625 4777 τὴν
675 4705 730 4757 δὲ
763 4708 953 4775 χρῆσιν
982 4707 1045 4774 τῇ
1088 4704 1331 4775 αἰσθήσει
1382 4702 1694 4772 δοκιμάζοιο
1730 4705 1906 4756 κοιναὶ

329 4796 386 4850 δὲ
427 4799 527 4850 οὐκ
579 4797 795 4850 ἔλαττον
825 4796 1065 4867 ἀκριϐῶς
1105 4796 1196 4848 καὶ
1218 4797 1273 4847 αί
1303 4795 1469 4847 λύπαι
1497 4794 1684 4863 ψυχῶν
1718 4813 1778 4847 τε
1810 4796 1904 4847 καὶ¹

333 4890 601 4959 σωμάτων
624 4904 638 4918 ⁸
672 4890 767 4943 καὶ
793 4889 990 4959 μᾶλλον
1020 4886 1267 4959 εὑρεθείη
1309 4904 1389 4950 τις
1421 4885 1487 4939 ἂν
1511 4886 1714 4939 τούτων
1740 4888 1906 4957 ὑπερ-

343 4981 462 5053 ἰολὴ
488 4981 637 5053 παρά
663 4984 774 5044 τοῖς
810 4981 969 5033 πλέον
1008 4979 1147 5033 κατὰ
1182 4979 1273 5032 τὸν
1304 4978 1415 5048 βίον
1462 4978 1604 5048 ἔχειν
1632 4978 1900 5031 δοκοῦσιν.

341 5072 497 5125 Ὥστε
546 5071 638 5123 καὶ
680 5070 883 5123 τούτων
934 5069 1074 5123 κατά
1114 5069 1174 5121 τὸ
1210 5067 1406 5138 ἀληθὲς
1434 5067 1605 5131 οὕτως
1651 5069 1902 5136 ἐχόντων,

339 5162 439 5215 ποῦ
462 5164 527 5217 ἂν
550 5163 635 5233 εἴη
673 5162 734 5215 τὸ
757 5164 937 5216 ἀνισον
982 5161 1081 5231 τῆς
1118 5160 1210 5214 τοῦ
1254 5159 1387 5213 Θεοῦ
1414 5159 1752 5229 διοικήσεως,
1783 5178 1905 5213 ποι-

337 5252 542 5320 κιλίαν,
595 5257 693 5309 οὐκ
735 5256 1023 5326 ἀνισότητα
1073 5257 1185 5317 τοῖς
1223 5252 1342 5306 καθ’
1374 5253 1521 5322 ἡμᾶς
1560 5251 1904 5318 ἀντιθέντος;

337 5346 520 5417 ἕτερον
555 5346 665 5417 γὰρ
692 5344 945 5416 τυγχάνει
990 5344 1230 5397 ποικιλία
1267 5344 1454 5411 σοφίας
1490 5344 1547 5396 ὲν
1571 5343 1759 5413 κόσμῳ
1797 5343 1909 5396 δια-ν

336 5438 641 5510 πρέπουσα,
700 5439 797 5492 καὶ
833 5438 1014 5509 ἕτερον
1052 5436 1245 5501 ἀταξία
1274 5436 1609 5507 διοικήσεως.
1648 5437 1711 5489 Εἰ
1740 5437 1797 5489 δέ
1829 5454 1907 5501 τις

336 5530 490 5602 εὖροι
530 5530 595 5586 ἂν
641 5533 764 5594 τοὺς
814 5531 911 5601 μὲν
941 5529 1169 5594 ἀπαθεῖς
1213 5529 1374 5599 φύσει
1427 5528 1536 5581 τῶν
1579 5528 1907 5602 ἀνθρώπων,

434 5672 547 5741 30')
587 5671 777 5737 Μόνῳ.
809 5669 938 5725 Post
982 5670 1121 5723 hanc
1167 5683 1351 5721 vocem
1400 5667 1659 5741 nonnulla
1703 5666 1893 5741 deesse

343 5739 612 5798 videntur.
645 5742 796 5811 (Quae
830 5757 929 5796 nos
976 5740 1295 5809 supplendo,
1331 5739 1485 5792 uncis
1526 5739 1892 5805 inclusimus.)

1998 4522 2332 4576 Communia
2383 4531 2511 4578 sunt
2562 4525 2839 4588 omnibus,
2874 4524 3072 4593 quibus
3121 4530 3316 4577 natura
3362 4535 3572 4576 recrea-

2015 4627 2156 4673 mur,
2197 4612 2582 4667 accubatioues
2632 4623 2686 4667 et
2732 4614 2983 4682 epulares
3016 4613 3225 4679 somni;
3268 4611 3583 4667 communia

2012 4703 2291 4765 alimenta,
2317 4710 2372 4757 et
2397 4719 2588 4758 eorum
2621 4704 2832 4760 fructus
2862 4720 2924 4759 ac
2950 4704 3347 4781 iucunditates,
3379 4705 3425 4760 si
3452 4704 3583 4775 quis

2012 4792 2308 4862 prudenter
2347 4796 2715 4864 praestantiam
2747 4796 2965 4867 quidem
3015 4813 3203 4852 eorum
3259 4805 3576 4868 praetereat.

2014 4901 2169 4939 usum
2205 4903 2331 4941 vero
2366 4904 2531 4942 sensu
2562 4889 2874 4959 experiatur
2897 4897 2951 4943 et
2995 4890 3209 4960 probet.
3252 4888 3581 4945 Communes

2014 4979 2139 5033 item
2171 4988 2297 5033 sunt
2327 4997 2433 5034 non
2466 4982 2647 5036 minus
2676 4994 2863 5037 exacte
2885 4983 3189 5037 animarum
3207 4990 3260 5037 et
3288 4996 3581 5051 corporum

2012 5071 2262 5137 dolores;
2312 5080 2475 5142 atque
2496 5072 2550 5126 in
2577 5073 2662 5127 liis
2695 5073 2912 5143 quidem
2947 5056 3119 5142 magis
3153 5074 3457 5142 reperietur
3485 5087 3583 5131 cx-

2009 5166 2321 5231 superantia
2378 5166 2517 5234 apud
2556 5180 2650 5220 eos
2708 5167 2802 5234 qui
2849 5166 2903 5219 in
2952 5166 3060 5219 vita
3092 5165 3212 5234 plus
3246 5164 3447 5219 habere
3502 5163 3581 5216 vi-

2009 5252 2226 5308 dentur.
2265 5254 2445 5320 Quare
2475 5270 2597 5309 cum
2636 5256 2747 5308 hinc
2772 5256 2843 5308 ita
2872 5256 3002 5317 sint,
3031 5255 3123 5309 ubi
3157 5258 3262 5309 erit
3300 5254 3579 5324 inaequali-

2010 5356 2090 5401 tas
2127 5347 2179 5401 in
2209 5348 2604 5416 gubernatione
2633 5348 2759 5411 Dei,
2814 5352 2906 5416 qui
2940 5348 3251 5402 varietatem
3278 5386 3294 5412 ,
3334 5361 3443 5400 non
3493 5347 3577 5399 in-

2010 5438 2375 5508 :equalitatem
2400 5439 2455 5493 in
2486 5440 2649 5495 rebus
2672 5441 2875 5495 nostris
2902 5440 3120 5509 posuit?
3144 5440 3291 5493 aliud
3323 5438 3465 5494 enim
3491 5445 3581 5491 est.

2014 5530 2248 5584 varietas
2279 5531 2556 5600 sapientiae
2590 5548 2710 5602 qua:
2743 5532 2798 5585 in
2839 5532 3041 5585 mundo
3076 5532 3327 5588 decorem
3368 5529 3581 5586 habet;

2071 5666 2186 5737 (5i)
2214 5667 2385 5721 εἴποι
2419 5684 2502 5736 γε.
2538 5666 2691 5738 Vulg.
2722 5667 2922 5721 ἕποιεν.
2958 5667 3113 5722 Εοιτ.
