4072 6338
560 307 698 364 H55

1697 303 1824 358 τιτι
1864 300 2179 358 BOSTREN
2188 299 2291 357 SIS
2329 299 2633 356 EPISCOPI

3671 301 3814 356 “56

558 426 704 481 aliud
730 426 1065 498 perturbatio
1093 423 1300 480 ordinis
1344 425 1400 480 in
1449 425 1862 497 gubernatione.
1891 424 1948 480 Si
2002 426 2113 497 quis

2226 425 2350 487 τοὺς
2411 423 2466 477 δέ
2523 421 2792 492 ἐμπαθεῖς
2853 421 2972 475 καθ’
3033 421 3292 492 ἑκάτερον
3363 420 3540 492 ψυχήν
3592 436 3654 472 τε
3712 422 3817 474 καὶ

557 519 794 588 reperire
816 524 1002 587 posset
1030 516 1168 571 alios
1198 516 1417 587 quidem
1447 517 1696 572 homines
1729 526 1926 572 natura
1951 517 2018 571 ab
2049 517 2131 571 af-

559 610 888 665 fectionibus
920 610 1115 662 animae
1164 616 1219 662 et
1274 610 1517 678 corporis
1568 609 1789 675 liberos,
1819 609 1955 664 alios
2001 625 2129 663 vero

557 718 665 758 non
708 702 938 768 liberos;
975 718 1170 756 rursus
1201 702 1339 756 aiios
1378 703 1496 755 sine
1526 701 1651 756 cibo
1680 702 1922 756 viventes
1945 743 1958 766 ,
1993 704 2128 758 alios

556 793 682 847 cibo
714 793 921 847 alentes
953 793 1152 858 vitam;
1199 800 1293 845 aut
1337 791 1472 846 alios
1502 792 1596 861 qui
1627 792 1920 861 nequitiam
1960 794 2130 847 susci-

554 899 683 954 pere
737 899 846 938 non
902 892 1147 953 possent,
1181 885 1318 938 alios
1365 883 1456 953 qui
1514 894 1772 954 possent;
1832 884 1956 938 item
1991 885 2126 941 alios

555 975 850 1039 mortales,
897 975 1034 1029 alios
1071 975 1443 1029 immortales:
1474 981 1622 1030 recte
1661 977 1761 1030 iste
1794 977 2128 1045 inaequalita-

552 1076 659 1120 tem
707 1065 1122 1136 gubernationis
1157 1067 1614 1136 reprehenderet,
1650 1075 1704 1121 et
1762 1067 2125 1123 turbationem

551 1155 796 1222 ordinis,
841 1156 997 1226 quasi
1033 1157 1207 1226 magis
1241 1158 1524 1213 sortitione
1575 1173 1740 1228 quam
1784 1157 1994 1212 ratione
2036 1175 2124 1214 res

552 1261 769 1305 nostras
809 1249 955 1304 Deus
1005 1258 1343 1321 procuraret.
1396 1249 1524 1316 Sed,
1557 1252 1601 1306 si
1652 1249 1792 1306 idem
1828 1251 2021 1306 modus
2068 1251 2124 1306 in

551 1346 675 1392 ortu
703 1339 946 1394 omnium
972 1376 986 1402 ,
1033 1353 1140 1392 una
1171 1345 1224 1392 et
1273 1337 1461 1394 eadem
1519 1347 1726 1392 natura:
1753 1337 2037 1401 educatio;
2069 1345 2124 1392 et

550 1445 741 1486 eorum
765 1446 884 1500 qua:
916 1431 1226 1486 necessaria
1256 1438 1420 1496 sunt,
1464 1430 1582 1486 sine
1613 1431 1812 1500 quibus
1845 1431 1953 1485 vita
2001 1429 2121 1501 degi

551 1538 662 1578 non
691 1531 902 1592 potest,
947 1523 1256 1578 communis
1293 1532 1379 1577 est
1426 1521 1682 1577 omnibus
1712 1537 1775 1576 ex
1812 1537 1969 1593 aequo
1996 1538 2122 1592 sup-

552 1616 846 1687 peditatio;
881 1616 1002 1670 ﬁnis
1033 1622 1213 1670 autem
1247 1614 1488 1669 omnium
1514 1630 1656 1669 unus
1689 1623 1742 1669 et
1772 1616 1960 1670 solus:
1995 1630 2118 1670 cum

550 1716 810 1780 appareat
833 1721 1050 1764 summa
1080 1707 1363 1778 aequalitas
1401 1707 1452 1760 in
1493 1709 1746 1764 omnibus
1770 1749 1786 1773 ,
1824 1710 1909 1764 vel
1939 1724 2115 1764 caecus

2233 515 2424 586 σῶμα*
2496 515 2590 567 καὶ
2646 515 2771 577 τοὺς
2825 514 2922 584 μὲν
2953 513 3078 568 ἄνευ
3120 513 3327 585 τροφῆς
3364 513 3499 584 (δι’)
3530 533 3545 546 ·
3593 511 3629 584 ἢ
3681 514 3818 575 τοὺς

2233 607 2332 676 μέν
2357 605 2736 667 άνεπιδὲκτους
2767 605 2983 668 κακίας,
3007 604 3133 667 τοὺς
3156 604 3212 657 δὲ
3249 603 3531 668 δεκτικούς
3552 622 3564 634 ·
3591 603 3672 657 ἔτι
3703 603 3817 675 μὴν

2225 698 2353 761 τοὺς
2405 698 2502 768 μὲν
2541 696 2788 766 θνητοὺς,
2829 696 2955 759 τοὺς
3001 697 3057 750 δέ
3099 695 3429 760 ἀθανάτουςο
3473 695 3658 758 καλῶς
3696 695 3818 748 ave

2225 789 2466 851 τοιοῦτος
2499 787 2725 852 ἀταξίαν
2749 804 2807 840 τε
2830 790 2924 841 καὶ
2948 787 3241 856 ἀνισότητα
3268 787 3513 840 κατείποι
3548 787 3650 856 τῆς
3673 785 3815 838 διοι-

2226 883 2456 952 κήσεως,
2508 881 2582 944 ὡς
2639 879 3022 950 ἀποκληρώσει
3063 881 3170 933 τινὶ
3233 880 3490 950 μᾶλλονῆ
3541 880 3688 950 λόγῳ
3717 879 3814 932 τοῦ

2224 974 2359 1028 Θεοῦ
2405 975 2474 1027 τά
2538 972 2659 1026 καθ’
2688 975 2832 1044 ἡμᾶς
2859 972 3204 1036 διοικοῦντος.
3238 971 3378 1024 Εἱδέ
3415 971 3619 1042 τρόπος
3653 971 3758 1041 μὲν
3787 973 3815 1022 ό

2224 1066 2388 1129 αὐτὸς
2433 1068 2547 1128 τοῖς
2607 1067 2741 1118 πᾶσι
2793 1065 3080 1133 γενέσεως,
3133 1064 3231 1134 μία
3272 1063 3329 1116 δὲ
3359 1064 3508 1134 καὶὴ
3539 1064 3680 1134 αὐτὴ
3713 1064 3815 1131 τῆς

2224 1156 2436 1226 φύσεως
2492 1158 2524 1228 ή
2573 1156 2851 1228 ἀνατροφὴ
2879 1195 2892 1220 ,
2953 1156 3061 1208 τῶν
3097 1156 3153 1208 δὲ
3183 1156 3528 1224 ἀναγκαίων,
3567 1150 3646 1210 ὧν
3679 1155 3815 1209 ἄνευ

2224 1252 2480 1322 συστῆναι
2501 1251 2778 1310 ἀδύνατον,
2804 1250 2957 1319 κοινὴ
2991 1253 3102 1312 τοῖς
3127 1249 3329 1302 ἅπασιν
3355 1249 3552 1320 ἐπίσης
3581 1251 3615 1320 ἡ
3649 1266 3818 1320 χορη-

2221 1344 2334 1412 γία,
2367 1343 2520 1409 τέλος
2569 1343 2624 1395 δέ
2671 1341 2779 1395 τῶν
2829 1343 3083 1395 ἀπάντων
3116 1341 3174 1393 ἓν
3214 1341 3306 1394 καὶ
3343 1343 3537 1411 μόνον’
3562 1340 3666 1410 τῆς
3695 1341 3814 1393 ίιτό⁹

2219 1453 2379 1506 τητος
2407 1435 2543 1505 πρὸς
2605 1433 2779 1505 ἄκραν
2818 1432 3101 1505 ἀκρίϐειαν
3139 1433 3198 1486 ἐν
3243 1432 3413 1485 ἅπασι
3443 1432 3810 1501 φαινομένης,

2218 1527 2250 1598 ἢ
2279 1526 2476 1596 τυφλὸς
2493 1525 2771 1589 παντελῶς
2801 1528 2828 1578 ό
2852 1524 3151 1578 διαϐάλλων
3181 1526 3261 1586 εἰς
3288 1523 3512 1589 ἀταξίαν
3536 1522 3631 1575 τοῦ
3665 1521 3810 1575 Θεοῦ

2215 1617 2315 1690 τὴν
2376 1619 2651 1690 πρόνοιαν,
2683 1618 2717 1689 ἢ
2754 1617 2969 1688 ἐχθροῖς
3013 1616 3222 1686 ὗμμασι
3264 1614 3510 1686 καθορῶν
3552 1615 3624 1667 τὰ
3659 1615 3811 1686 πρά-

2216 1728 2250 1780 γ
2257 1728 2420 1782 ματα,
2435 1713 2632 1782 ἥκιστα
2649 1708 2958 1762 πιστεύεται
2973 1707 3196 1770 δίκαιος.
3218 1709 3279 1760 Εἰ
3291 1707 3399 1778 γὰρ
3413 1708 3445 1777 ἡ
3459 1706 3696 1776 διαφορά
3707 1705 3809 1776 τὴν

549 1817 775 1872 prorsus
798 1811 900 1864 est,
935 1801 1025 1870 qui
1049 1799 1140 1854 Dei
1178 1798 1568 1868 providentiam
1602 1809 1860 1872 tanquam
1891 1817 1998 1856 non
2025 1817 2113 1856 or-

2215 1803 2440 1870 ἀταξίαν
2462 1803 2593 1874 ἔχει,
2615 1802 2677 1856 τὸ
2694 1802 2916 1871 κόσμιον
2928 1801 3027 1871 τῆς
3043 1801 3330 1862 ποικιλίας,
3348 1801 3566 1873 τεχνίτῃ
3581 1816 3648 1868 γε
3670 1816 3781 1852 παν
3793 1828 3811 1839 -

547 1891 789 1945 dinatam
823 1898 1074 1954 accusat,
1122 1891 1204 1945 vel
1241 1890 1414 1945 oculis
1461 1893 1762 1948 malevolis'
1791 1901 1843 1948 et
1883 1893 2113 1949 inimicis

2218 1895 2364 1964 σόφῳ
2383 1895 2504 1948 λίαν
2519 1895 2806 1965 ἁρμόττον,
2826 1895 2854 1946 ὁ
2877 1891 3113 1955 τοιοῦτος
3135 1890 3433 1945 διαϐάλλει.
3451 1891 3564 1944 Καὶ
3595 1888 3807 1961 προῖὼν

547 1995 636 2037 res
665 1983 881 2053 aspicit,
907 1992 960 2038 et
987 1983 1056 2037 ob
1084 1997 1206 2036 eam
1236 1998 1457 2037 causam
1495 1999 1604 2039 non
1640 1994 1725 2041 est
1771 1984 1965 2056 dignus
1993 1986 2113 2042 ﬁde.

2218 1986 2489 2052 κακιζέτω
2515 1987 2609 2038 καὶ
2639 1985 2696 2038 τὸ
2716 1984 2953 2038 ποικίλον
2969 1984 3076 2036 τῶν
3101 1984 3424 2055 χρωμάτων,
3446 1981 3672 2036 καὶτῶν
3697 1981 3808 2034 ἐδε-

547 2071 783 2141 Ειεηὶιη,
816 2075 866 2130 si
908 2075 1242 2146 perturbatio
1277 2077 1488 2134 ordinis
1539 2079 1594 2133 in
1625 2079 1886 2134 varietate
1942 2081 2113 2146 inest,

2220 2079 2443 2149 σμάτων
2462 2077 2555 2132 καὶ
2579 2076 2838 2149 πομάτων
2856 2077 2916 2129 τὸ
2947 2075 3202 2146 διάφορον
3219 2092 3233 2105 ·
3263 2076 3405 2146 άπερ
3430 2071 3806 2144 ἀναλαμϐάνει

546 2164 811 2222 decorum
846 2168 1151 2232 varietatis,
1191 2167 1339 2236 quod
1371 2169 1668 2239 sapientem
1699 2170 1961 2226 artificem
2001 2188 2113 2227 ma-

2218 2190 2282 2242 γε
2336 2173 2653 2245 θαυμασίως
2691 2171 2789 2234 τὰς
2836 2169 3114 2242 αἰσθήσεις
3141 2168 3256 2238 ,τῶν
3313 2165 3799 2239 προσφερομένων.

544 2275 784 2332 gnopere
835 2259 1010 2325 decet,
1070 2262 1416 2331 reprehendit
1463 2265 1584 2321 iste.
1639 2264 1835 2336 Pergat
1891 2269 2054 2322 etiam
2109 2269 2418 2340 improbare
2480 2269 2799 2324 varietatem
2859 2267 3106 2321 colorum
3137 2305 3153 2330 ,
3207 2272 3263 2319 et
3314 2263 3692 2318 diversitatem
3737 2276 3803 2315 ac

543 2352 908 2408 diﬂ'erentiam
957 2353 1206 2408 ciborum
1247 2370 1311 2410 ac
1344 2357 1663 2426 potionum,
1693 2375 1814 2430 qua:
1849 2358 2172 2418 mirabiliter
2202 2379 2400 2420 sensus
2429 2370 2680 2418 recreant
2711 2376 2902 2416 eorum
2941 2359 3143 2430 qui-bus
3174 2355 3524 2410 adhibentur.

617 2447 755 2503 Hinc
797 2449 1028 2519 profecti
1058 2458 1187 2504 sunt
1221 2452 1514 2507 miserrimi
1561 2454 1847 2521 homines,
1899 2457 1993 2526 qui
2048 2456 2116 2512 ad

543 2538 947 2594 defendendum
987 2542 1155 2596 fatum
1189 2542 1445 2598 videntur
1480 2545 1585 2600 sibi
1635 2547 1958 2604 conﬁrmare
2008 2564 2120 2602 ma-

545 2639 660 2692 lum
700 2639 1084 2709 inmqnalitatis
1106 2680 1120 2704 ,
1169 2641 1384 2694 duobus
1419 2639 1703 2711 principiis
1737 2641 2064 2697 introductis
2098 2661 2111 2696 :

544 2740 828 2788 ostensum
861 2740 1043 2787 tamen
1071 2741 1154 2789 est
1193 2733 1556 2804 prudentibus
1588 2735 1793 2788 nullam
1841 2734 1896 2788 in
1947 2734 2113 2790 rebus

543 2825 748 2881 nostris
777 2825 1198 2896 inmqualitatem
1231 2841 1374 2882 esse.

615 2913 754 2980 Quia
792 2930 923 2970 vero
951 2915 1090 2970 bella
1119 2916 1284 2971 etiam
1331 2915 1651 2997 assignant,
1705 2923 1760 2971 et
1807 2917 2114 2972 attribuunt

541 3005 800 3076 nequitiae
824 3044 842 3072 ,
875 3006 1148 3076 quomodo
1183 3007 1334 3060 varia
1380 3007 1510 3070 fata,
1540 3006 1783 3076 ipsorum
1817 3008 2074 3077 opinione
2095 3049 2113 3074 ,

2299 2457 2578 2512 Ἐντεῦθεν
2603 2454 2824 2529 ἐξῆλθον
2841 2456 2890 2508 οἱ
2907 2453 3027 2508 λίαν
3055 2450 3401 2513 ἀθλιώτατοι,
3425 2448 3565 2519 πρὸς
3589 2447 3792 2519 εἱμαρο

2220 2549 2387 2620 μένην
2413 2549 2474 2600 τὸ
2503 2547 2700 2602 ἄτοπον
2746 2547 2848 2618 τῆς
2903 2545 3220 2616 ἀνισότητος
3247 2541 3335 2594 διὰ
3375 2542 3497 2593 ταῖν
3528 2539 3675 2592 δυοῖν
3701 2541 3798 2610 ἀρ-

2215 2644 2337 2713 χαῖν
2399 2639 2646 2710 βεϐαιοῦν
2699 2638 3019 2704 δοκοῦντες’
3049 2635 3184 2691 ἀλλά
3232 2634 3502 2687 δέδεικται
3541 2633 3644 2703 μὲν
3683 2636 3797 2697 τοῖς

2213 2734 2501 2806 ἔμφροσιν,
2532 2733 2606 2797 ώς
2649 2731 2874 2803 οὐδεμία
2901 2747 2984 2794 τις
3027 2729 3278 2798 ἀνισότης
3309 2725 3516 2778 ἔνεστιν
3570 2727 3633 2778 ἐν
3682 2728 3796 2788 τοῖς

2215 2823 2336 2878 καθ’
2359 2825 2525 2894 ἡμᾶς.

2291 2915 2508 2987 Ἐπειδὴ
2549 2915 2606 2968 δὲ
2639 2914 2758 2974 ικαὶ
2799 2914 2926 2977 τοὺς
2970 2911 3236 2984 πολέμους
3266 2913 3332 2982 τῇ
3363 2909 3534 2982 κακίᾳ
3560 2907 3792 2979 προσνὲο

2221 3025 2401 3080 μουσι,
2431 3008 2551 3061 τίνα
2579 3007 2776 3079 τρόπον
2793 3005 3126 3076 είμαρμέναι
3149 3003 3394 3074 διάφοροι
3420 3003 3542 3055 κατ’
3570 2999 3788 3062 αὐτοὺς,

541 3098 844 3152 multorum
873 3098 1170 3168 aliquando
1193 3098 1422 3152 millium
1455 3098 1508 3152 in
1540 3113 1708 3151 unum
1735 3105 1971 3168 tempus,
2004 3098 2113 3152 imo

2215 3099 2425 3153 πολλῶν
2450 3098 2595 3153 ἔστιν
2621 3100 2708 3152 ὅτε
2733 3098 2985 3170 χιλιάδων
3023 3097 3114 3165 ὑφ’
3145 3096 3242 3148 ἕνα
3274 3095 3487 3166 καιρὸν,
3518 3092 3717 3164 μᾶλλον
3736 3091 3791 3143 δὲ

540 3189 599 3244 in
629 3205 792 3244 unam
829 3189 1018 3245 horam
1063 3189 1350 3244 incidunt?
1386 3205 1457 3243 an
1508 3205 1679 3243 unum
1718 3187 1888 3242 fatum
1924 3189 2114 3243 conci-

537 3282 639 3337 liat
669 3282 770 3337 hos
807 3290 861 3336 et
905 3282 1125 3352 copulat
1154 3283 1297 3337 inter
1325 3281 1424 3336 se?
1481 3296 1664 3336 annon
1709 3289 1795 3335 est
1822 3280 2112 3335 ridiculum

2202 3191 2320 3264 imo
2348 3191 2478 3262 μίαν
2518 3190 2666 3263 ὤραν
2700 3188 3052 3253 πιπτουσῶν;
3092 3183 3200 3258 ἆρα
3231 3187 3328 3258 μία
3367 3204 3450 3250 τις
3483 3183 3792 3256 εἱμαρμένη

2217 3285 2476 3338 συνάπτει
2537 3283 2758 3346 τούτους
2787 3283 2876 3350 ὑφ’
2934 3282 3141 3352 ἐαυτῇ;
3200 3279 3294 3334 καὶ
3351 3279 3463 3342 πῶς
3505 3279 3569 3330 οῦ
3616 3278 3788 3349 πάντη

536 3373 854 3428 existimare
885 3373 1022 3429 hoc?
1057 3371 1131 3427 Ex
1158 3388 1266 3443 quo
1297 3373 1355 3426 lit
1380 3381 1438 3427 ut
1484 3372 1821 3443 inaequalitas
1855 3372 1972 3439 fati,
1997 3387 2113 3442 quae

2215 3376 2370 3437 ετοῦτό
2407 3392 2470 3444 γε
2517 3374 2918 3446 ὑπολαμϐάνειν
2987 3373 3356 3443 γελοιότατον;
3391 3370 3556 3424 Ὅθεν
3589 3370 3653 3422 τὸ
3698 3368 3790 3439 μὲν

537 3473 624 3521 εει
659 3467 842 3536 gravis
883 3467 1106 3522 morbus
1139 3466 1474 3530 errantium,
1513 3467 1693 3520 locum
1734 3467 1790 3521 in
1821 3466 1983 3522 rebus
2008 3474 2118 3522 non

542 3556 760 3612 habeat.
805 3555 952 3612 Bella
987 3566 1166 3612 autem
1199 3557 1529 3627 principium
1581 3565 1806 3613 sumunt
1833 3573 1898 3612 ex
1932 3557 2123 3612 avaril.

541 3647 654 3713 tia;
707 3657 973 3718 geruntur
1016 3657 1196 3704 autem
1244 3652 1514 3718 permissu
1550 3648 1682 3705 Dei:
1731 3650 1933 3704 malum
1967 3650 2105 3726 enin,

539 3735 734 3790 borum
770 3746 853 3792 est
899 3738 1014 3807 ipsa
1047 3753 1234 3800 causa,
1275 3737 1328 3792 id
1377 3747 1463 3794 est
1505 3738 1796 3808 cupiditas,
1830 3753 1951 3810 qua:
1981 3753 2103 3800 ara,-

538 3825 720 3878 ritiam
755 3827 932 3896 parit:
969 3827 1113 3898 quod
1153 3829 1375 3899 quidem
1406 3829 1607 3882 malum
1652 3830 1721 3883 ab
1771 3829 2115 3885 hominibus)

2206 3460 2396 3522 ἄνισον
2427 3467 2525 3538 τῆς
2554 3466 2912 3539 εἱμαρμένης,
2951 3463 3012 3518 τδ
3036 3462 3268 3536 χαλεπὸν
3293 3461 3402 3515 τῶν
3435 3457 3790 3530 πεπλανημέ-

2205 3557 2324 3614 ῗνων
2383 3560 2620 3632 νόσημα,
2673 3562 2852 3630 χώραν
2907 3559 2964 3611 ἐν
3005 3560 3117 3620 τοῖς
3171 3556 3488 3627 πράγμασιν
3513 3555 3617 3608 οὐκ
3647 3553 3785 3622 ἔχει’

2203 3652 2441 3724 ,πόλεμοι
2490 3652 2546 3706 δέ
2582 3652 2678 3723 τὴν
2748 3650 2846 3721 μὲν
2893 3650 3061 3722 ἀρχὴν
3106 3650 3170 3702 ἐκ
3219 3645 3534 3710 πλεονεξίας
3577 3643 3790 3715 λαμϐά-

2210 3762 2380 3814 νουσι,
2404 3743 2505 3814 τὴν
2547 3742 2602 3796 δέ
2645 3741 2926 3814 ἐνέργειαν
2977 3741 3114 3812 πρὸς
3155 3739 3288 3794 Θεοῦ
3332 3737 3792 3809 συγχωρουμένην

2206 3837 2425 3907 έχουσι·
2461 3836 2629 3889 κακὸν
2672 3835 2767 3906 μὲν
2795 3833 2905 3904 γὰρ
2946 3833 3146 3885 τούτων
3189 3833 3222 3902 ή
3256 3831 3497 3902 ἀφορμὴ,
3547 3829 3693 3898 λέγω
3732 3829 3794 3900 δὴ

539 3931 651 3970 non
684 3933 714 3970 a
743 3916 851 3973 Deo
885 3920 1285 3988 proﬁciscitur,
1338 3928 1396 3974 ut
1428 3919 1484 3974 in
1519 3919 1588 3976 iis
1617 3935 1738 3992 qua:
1763 3919 1917 3992 prius
1963 3919 2113 3975 dicta

2215 3925 2309 3996 τῆς
2359 3924 2671 3990 πλεονεξίας
2727 3926 2760 3994 ὴ
2803 3923 3098 3994 ἐπιθυμία’
3137 3924 3273 3994 ὅπερ
3323 3921 3650 3994 ἀνθρώπων,
3679 3919 3792 3974 ἀλλ’
3821 3995 3832 4004 1

539 4016 668 4063 sunt
695 4010 1028 4079 patefactum
1061 4019 1167 4068 est.

2209 4015 2330 4085 οὑχὶ
2375 4015 2514 4069 Θεοῦ
2563 4015 2964 4087 πλημμέλημα,
2989 4018 3100 4080 τοῖς
3150 4014 3460 4087 ἔμπροσθεν
3500 4014 3789 4068 δέδεικται.

814 4128 945 4183 αλιι.
984 4128 1097 4184 Xll.
1131 4127 1279 4184 Mors
1311 4147 1413 4183 non
1445 4131 1609 4186 mata.
1635 4130 1744 4185 Cur
1773 4147 1889 4186 vero
1921 4132 2152 4186 timetur.
2183 4131 2463 4189 Justorum
2495 4143 2544 4189 et
2587 4135 2867 4203 impiorum
2907 4133 3092 4188 mortis
3124 4131 3271 4202 ﬁiiis,
3307 4132 3504 4203 qualis.

609 4239 755 4296 Mors
783 4251 993 4294 natura:
1018 4248 1102 4296 est
1133 4257 1242 4296 non
1267 4241 1428 4296 mala.
1455 4241 1622 4296 Ortus
1645 4251 1699 4298 et
1727 4258 1876 4298 mors
1900 4250 2100 4298 natura

536 4341 668 4390 sunt
695 4348 726 4386 a
763 4331 871 4387 Deo
919 4333 1172 4400 sancita;
1217 4348 1326 4388 non
1382 4333 1599 4404 quidem
1649 4343 1708 4387 ut
1750 4342 1978 4404 pereant
2013 4337 2104 4404 qui

537 4424 881 4490 moriuntur,
929 4425 1024 4479 sed
1069 4433 1129 4477 ut
1188 4432 1532 4496 apponuntur
1577 4425 1644 4480 iis
1675 4425 1768 4495 qui
1803 4434 1950 4480 sunt.
1987 4425 2104 4480 Non

535 4514 680 4569 enim
719 4524 867 4570 esset
897 4513 1027 4569 Boni
1072 4515 1206 4571 solis
1233 4515 1543 4570 hominibus
1571 4515 1664 4585 qui
1723 4523 1850 4568 sunt
1918 4515 2102 4585 largiri

537 4615 598 4661 ut
627 4607 736 4661 sint
762 4615 814 4662 et
852 4608 964 4661 nati
1000 4609 1142 4672 sint,
1194 4609 1289 4664 sed
1326 4610 1489 4664 etiam
1535 4624 1631 4664 eos
1685 4608 1779 4679 qui
1826 4623 1934 4662 non
1975 4615 2105 4663 sunt

535 4698 774 4754 creando
801 4699 1099 4770 adjungerc
1136 4700 1203 4754 ad
1239 4717 1334 4756 eos
1363 4701 1456 4770 qui
1513 4709 1682 4756 sunt:
1733 4709 1793 4754 ut
1838 4703 1931 4771 qui
1977 4711 2106 4754 sunt

536 4789 673 4852 nati.
697 4805 867 4845 cursu
902 4791 1030 4846 vita:
1056 4793 1192 4846 satis
1229 4806 1474 4855 emenso,
1503 4798 1562 4844 ut
1613 4807 1643 4844 a
1673 4807 1841 4845 cursu
1892 4793 2110 4861 requie-

536 4891 714 4947 scant,
761 4892 988 4940 mortem
1020 4885 1292 4953 accipiant
1344 4900 1452 4940 non
1487 4901 1608 4956 qua)
1641 4900 1737 4940 eos
1771 4885 1836 4939 ad
1867 4901 2105 4954 pereun-

535 4973 666 5028 dum
705 4975 912 5041 ducat,
963 4977 1056 5032 sed
1107 4993 1228 5047 quae
1259 4977 1370 5031 alio
1402 4978 1650 5048 singulos
1695 4993 1793 5047 pro
1842 4977 2106 5048 dignitate

536 5066 870 5132 transferat,
907 5075 961 5122 et
997 5068 1089 5138 qui
1139 5084 1248 5122 non
1299 5069 1717 5128 sunt..aditum
1764 5069 2001 5123 habeant
2039 5069 2104 5122 ad

535 5155 860 5224 capiendum
908 5169 1111 5210 ortum.
1164 5157 1308 5212 Mors
1368 5157 1534 5227 igitur
1575 5157 1690 5228 lege
1730 5167 1940 5210 natura:
1973 5172 2106 5211 san-

536 5245 644 5298 cita
672 5261 782 5300 non
810 5256 893 5301 est
949 5249 1110 5311 mala,
1145 5263 1474 5319 quocunque
1515 5248 1678 5302 modo
1702 5247 1916 5302 accidat
1949 5265 1962 5301 :
2004 5262 2106 5301 nec

536 5337 683 5392 enim
732 5339 1114 5410 inquirendum
1168 5349 1250 5396 est
1299 5340 1366 5395 de
1416 5341 1583 5396 variis
1613 5341 1834 5395 casibus
1880 5350 2102 5411 propter

536 5447 676 5500 quos
701 5433 918 5488 accidit.
952 5432 1105 5489 Unus
1149 5435 1343 5489 modus
1376 5435 1686 5490 communis
1716 5435 1974 5488 omnibus
2009 5449 2108 5488 co-

574 5570 744 5648 .(3l_‘)
786 5572 955 5648 'Atfev
993 5571 1343 5648 τρομξῡερει
1371 5572 1457 5626 hic
1483 5571 1699 5648 aliquid
1739 5581 1796 5626 ut
1821 5575 2100 5648 liatoppo-

540 5642 666 5711 sitio
699 5642 836 5711 inter
872 5645 1071 5696 bonum
1109 5652 1161 5697 et
1197 5645 1415 5706 nmium,
1447 5644 1692 5696 ciborum
1727 5643 2012 5711 penuriam
2045 5651 2099 5696 et

540 5709 1097 5780 abundantiamﬁdeo
1131 5711 1496 5782 reponendum
1515 5715 1699 5782 credo,
1725 5709 1850 5776 τοὺς
1880 5712 1935 5765 δὲ
1963 5713 2098 5782 μετὰ

2281 4247 2519 4310 Θάνατος
2559 4247 2616 4299 δὲ
2671 4247 2770 4318 τῆς
2821 4246 3033 4316 φύσεως
3071 4247 3131 4300 οὐ
3180 4246 3385 4309 κακόςο
3433 4245 3654 4314 γένεσις
3688 4249 3792 4320 γὰρ

2211 4338 2306 4392 καὶ
2340 4337 2563 4400 θάνατος
2593 4338 2728 4408 πρὸς
2753 4336 2885 4390 Θεοῦ
2919 4337 3077 4407 φύσει
3101 4337 3518 4408 νενομοθέτηται
3542 4354 3558 4368 ’
3595 4340 3660 4392 οὐ
3687 4341 3792 4393 τῶν

2208 4449 2271 4500 γε
2293 4429 2662 4484 τελευτώντων
2713 4430 3100 4501 ἀπολλυμένων
3121 4469 3135 4492 ,
3181 4430 3317 4484 ἀλλά
3353 4431 3462 4485 τῶν
3489 4433 3791 4502 γινομένων

2210 4526 2322 4586 τοῖς
2366 4518 2484 4576 οὖσι
2519 4520 2983 4595 προστιθεμένων.
3035 4521 3264 4589 Ἀγαθοῦ
3291 4521 3401 4591 (52)
3440 4522 3548 4591 γὰρ
3585 4525 3690 4576 οὐκ
3725 4524 3790 4576 ἂν

2211 4614 2294 4686 εἴη
2324 4614 2384 4668 τὸ
2415 4615 2596 4685 μόνοις
2652 4617 2766 4678 τοῖς
2813 4609 2961 4667 οὖσιν
2994 4611 3300 4684 ἀνθρώποις
3344 4613 3404 4666 τὸ
3442 4610 3581 4667 εἶναί
3604 4631 3665 4667 τε
3700 4617 3792 4668 καὶ

2211 4707 2487 4774 γεγονέναι
2528 4705 2838 4776 δωρεῖσθαι,
2882 4704 3015 4758 ἀλλά
3062 4705 3157 4757 καὶ
3187 4706 3311 4768 τοὺς
3349 4705 3423 4776 μὴ
3449 4705 3607 4769 ὄντας
3655 4723 3790 4776 προ-

2212 4801 2634 4865 κατασκευάζειν
2651 4804 2762 4863 τοῖς
2777 4796 2947 4853 οὖσιν·
2962 4799 3035 4862 ώς
3051 4797 3116 4852 ἂν
3134 4799 3186 4851 οἵ
3199 4816 3256 4852 τε
3268 4799 3791 4870 γενόμενοι,διαδρσ-

2215 4891 2404 4962 μόντες
2431 4891 2716 4962 αὐτάρκως
2747 4891 2840 4944 τοῦ
2868 4889 2982 4960 βίου
3030 4891 3090 4942 τὸ
3126 4889 3361 4954 στάδιον,
3397 4890 3519 4942 ἀντὶ
3543 4889 3788 4942 ἀναπαύ-

2214 4999 2350 5044 σεως
2402 4981 2497 5035 τοῦ
2546 4981 2745 5054 δρόμου
2803 4981 2896 5036 τὸν
2943 4981 3188 5035 θάνατον
3222 4981 3494 5045 λάϐωσιν,
3549 4980 3652 5033 οὐκ
3715 4981 3791 5042 εἰς

2212 5070 2485 5124 ἀπώλειαν
2537 5072 2733 5134 αὐτοὺς
2789 5072 3010 5138 ἄγοντα,
3067 5069 3179 5123 ἀλλ’
3247 5069 3482 5140 ἑτέρωσε
3508 5068 3654 5120 κατὰ
3696 5068 3788 5136 τὴν

2211 5163 2366 5230 ἀξίαν
2410 5163 2641 5216 ἐκάστου
2699 5164 3000 5233 μετάγοντα
3027 5178 3040 5192 ο
3073 5162 3126 5215 οἴ
3148 5179 3208 5214 τε
3241 5163 3314 5231 μὴ
3355 5161 3506 5224 ὄντες
3559 5160 3790 5232 πάροδον

2212 5255 2290 5317 είς
2311 5253 2372 5306 τὸ
2402 5253 2655 5322 γενέσθαι
2702 5253 2958 5308 λάϐωσιν.
2987 5254 3196 5307 Οὐκοῦν
3229 5252 3460 5316 θάνατος
3482 5253 3511 5305 ό
3537 5255 3604 5323 τῇ
3635 5251 3792 5321 φῦσει

2211 5345 2698 5417 νενομοθετημένας
2736 5345 2796 5398 οὐ
2859 5345 3113 5418 πονηρὸς,
3153 5344 3254 5398 κᾶν
3305 5342 3555 5397 ὁπωσοῦν
3608 5344 3787 5397 ἐπίοι·

2212 5435 2331 5488 οὐδὲ
2358 5435 2467 5507 γάρ
2487 5437 2548 5488 τὸ
2577 5435 2830 5508 διάφορον
2861 5435 2970 5489 τῶν
3014 5435 3407 5508 περιστάσεων,
3436 5434 3502 5487 δι’
3537 5426 3614 5487 ὧν
3645 5433 3792 5487 ἔπεια

2212 5571 2439 5644 τροφῆς,
2477 5571 2600 5626 illos
2633 5573 2865 5644 veroiqui
2895 5572 3039 5644 cibis
3059 5573 3328 5641 fruuntur.
3357 5571 3517 5644 Bitsu.

2249 5639 2394 5711 '(52)
2451 5643 2710 5711 Ἀγαθοῦ.
2757 5639 2914 5711 Boni,
2961 5639 3067 5700 ho'c
3089 5654 3194 5713 est,
3226 5645 3341 5700 Dei.
3379 5641 3557 5699 Tuas.
3588 5672 3662 5685 —
3689 5639 3784 5700 Sic

2215 5729 2356 5782 εοερο
2382 5711 2558 5782 alibi.‘
