4072 6338
302 254 444 311 1157

1336 234 1726 318 ’Λογειιευε
1765 259 2190 317 ιιΑΝιοιιΑ-ῑοε
2228 261 2358 319 LlB.
2401 261 2462 316 ιι.

3409 265 3543 322 Ηῖ.8

301 392 405 441 σιν,
439 373 768 441 ἐξεταστέον.
806 377 943 431 Ἕνα
989 378 1044 433 δὲ
1096 380 1293 450 τρόπον
1344 381 1519 434 κοινὸν
1551 383 1661 444 τοῖς
1700 384 1850 433 πᾶσιι

1966 381 2316 451 gnoscendus
2357 387 2472 444 est,
2514 379 2604 448 qui
2662 386 2745 433 est
2785 376 3064 433 discessus
3105 378 3301 435 animae
3346 394 3376 433 a
3416 394 3543 436 cor-

297 468 426 520 ὄντα
475 469 761 537 γνωστέον,
825 470 965 539 λέγω
1008 472 1073 544 δὴ
1121 472 1181 526 τὸ
1228 472 1302 545 μὴ
1336 472 1453 545 δίχα
1498 474 1866 545 περιστάσεως

295 575 437 623 τινος
486 564 581 613 καὶ
638 562 879 633 ἀνάγκης
928 564 1227 635 ἀναχωρεῖν
1262 564 1436 636 ψυχὴν
1460 567 1567 620 ἀπὸ
1594 566 1863 638 σώματος,

294 653 430 706 ἀλλὰ
454 653 788 724 παραμένειν
815 656 919 718 ἓως
968 655 1032 709 ἂν
1060 658 1119 710 τὸ
1166 659 1390 727 φυσικὸν
1418 659 1586 729 αὐτῆς
1619 660 1867 729 καταγώ-

292 764 414 817 γιον
438 747 796 818 ἀκαθαίρετον
834 749 1102 820 διαμένοι·
1142 751 1313 822 τούτῳ
1344 752 1523 821 μέντοι
1552 754 1627 824 τῷ
1654 752 1865 824 φυσικῷ

295 842 391 894 καὶ
446 839 608 911 κοινῷ
662 845 990 913 συνυπάρχει
1036 861 1090 895 τι
1143 843 1280 907 δέος,
1310 846 1445 916 ὅπερ
1485 848 1564 909 είς
1597 848 1865 919 τιμωρίας

296 932 532 1003 ὑποψίαν
578 934 890 1002 ἀναγκαίως
934 935 1331 1006 παρείληπται,
1361 937 1421 989 οὐ
1459 937 1639 1007 μέντοι
1676 940 1730 990 ἐν
1754 941 1865 1001 τοῖς

294 1027 482 1093 πᾶσιν,
515 1026 627 1080 ἀλλ’
656 1024 735 1090 οἷς
758 1044 821 1096 γε
856 1028 1106 1098 ήδιάνοια
1145 1028 1430 1100 πρόχειρος
1460 1031 1538 1093 είς
1573 1029 1862 1100 ἁμαρτίαν,

245 1106 269 1176 )’
293 1118 430 1188 πρὸς
480 1118 787 1191 ἀνατροπὴν
818 1118 1039 1190 ταύτης.
1085 1119 1141 1172 '0
1174 1120 1270 1189 μὲν
1312 1120 1420 1190 γάρ
1468 1120 1691 1190 ἔμφρων
1745 1124 1863 1173 κατ’

291 1207 516 1278 ἀρετὴν,
552 1208 723 1280 ἀραγε
781 1209 873 1263 τοῦ
940 1210 1297 1281 πλημμελεῖν,
1364 1212 1457 1263 καὶ
1503 1211 1598 1265 τοῦ
1661 1212 1864 1265 οἴεσθαι

298 1302 571 1374 μοχθηρὸν
620 1300 758 1358 εἶναι
791 1305 881 1357 τὸν
918 1304 1144 1359 θάνατον
1191 1307 1561 1377 ἀπήλλακται·
1593 1311 1621 1361 ό
1653 1309 1708 1362 δὲ
1744 1309 1864 1378 φιλ-

294 1394 661 1464 αμαρτήμων,
682 1394 786 1446 ἀπὸ
805 1395 901 1464 μὲν
930 1396 1027 1465 τῆς
1060 1397 1227 1467 αὐτῆς
1259 1398 1440 1461 ἀνοίας
1461 1394 1864 1471 ἀφ’ἦσπερνκαὶ

295 1482 627 1556 πλημμελεῖ,
650 1485 738 1538 τὸν
764 1484 989 1539 θάνατον
1015 1486 1338 1542 εὐλαϐεῖται.
1395 1491 1714 1559 Ἀναγκαῖον
1745 1491 1865 1561 μέν·

294 1594 379 1629 τοι
403 1578 501 1648 τῆς
533 1578 716 1640 ἀνοίας
757 1577 867 1648 ἔχει
900 1578 960 1631 τὸ
992 1580 1228 1634 τοιοῦτον
1254 1583 1742 1654 παρακολούθημα,
1778 1586 1863 1639 ἵνα

292 1668 356 1720 τὸ
379 1668 529 1731 ἀδεὲς
572 1666 774 1733 δεδιὼς,
824 1669 852 1722 δ
898 1671 1169 1741 προσῆκεν
1200 1672 1413 1743 ἀληθῶς
1444 1674 1690 1740 δεδιέναι,
1722 1675 1862 1743 λέγω

290 1761 356 1832 δὴ
381 1763 477 1832 τῆς
507 1762 775 1832 ἁμαρτίας
819 1762 1054 1833 διαφύγῃ
1088 1763 1185 1831 τὴν
1234 1763 1455 1835 βλάϐην.
1494 1767 1741 1820 Ἐπειδὰν
1769 1764 1860 1821 οῦν

290 1852 561 1922 πλεονάσῃ
584 1854 711 1922 παρ’
746 1852 919 1905 ἔθνεσι
961 1852 1027 1906 τὰ
1079 1854 1178 1923 τῆς
1214 1856 1504 1927 ἁμαρτίας,
1540 1855 1607 1929 ἧς
1636 1876 1697 1928 γε
1726 1877 1859 1930 τυγ-

289 1945 442 2013 χάνει
491 1942 546 1996 ἓν
607 1938 743 2006 εἶδος
785 1944 845 1996 τὸ
875 1944 972 2015 τῆς
1004 1944 1325 2016 ἀπληστίας,
1364 1949 1572 2011 ἑαυτοῖς
1598 1947 1859 2023 παραίτια

289 2033 646 2104 γίγνεταιτῆς
665 2033 803 2087 κατὰ
832 2033 892 2087 τὸ
916 2034 1238 2106 φαινόμενον
1264 2040 1550 2110 τιμωρίας,
1575 2042 1693 2112 ἥτις
1715 2043 1859 2096 κατά

198 2170 205 2177 .
292 2124 394 2196 μέν
421 2125 480 2177 τὸ
504 2124 695 2196 ἀληθὲς
724 2125 799 2189 ὡς
828 2127 925 2179 οὐκ
955 2126 1120 2198 ἂνεῖη
1154 2130 1391 2202 τιμωρία
1407 2130 1671 2197 λέλεκται,
1699 2134 1856 2203 φύσει

286 2220 443 2289 κοινῇ
480 2218 620 2271 κατὰ
658 2220 871 2272 πάντων
921 2218 1198 2293 ὡρισμένη
1221 2238 1234 2252 ·
1271 2223 1548 2294 εὐεργετεῖ
1566 2224 1620 2278 δὲ
1646 2225 1771 2290 τούς
1795 2244 1855 2281 τε

283 2312 584 2376 πίπτοντας
635 2315 692 2366 ὲν
722 2312 940 2384 πολέμῳ
984 2316 1227 2380 καὶτοὺς
1270 2315 1715 2388 διασωζομένους,
1746 2324 1856 2384 τοῖς

286 2404 691 2475 μὲν-ἁμαρτίας
731 2405 882 2469 τέλος
904 2406 1236 2478 παρέχουσα,
1297 2409 1407 2470 τοῖς
1445 2407 1501 2460 δὲ
1556 2408 1856 2481 ὑπόδειγμα

282 2497 439 2559 δέους
469 2495 767 2566 ἐμποιοῦσα
790 2515 803 2527 ·
848 2498 1121 2569 εὐεργετεῖ
1155 2497 1231 2562 δὲ,
1260 2497 1361 2551 κᾶν
1390 2498 1585 2552 δίκαιοι
1614 2500 1691 2571 τῷ
1720 2501 1857 2573 πλή-

283 2589 368 2642 θει
410 2588 844 2641 συναπέλθωσιν·
904 2591 979 2653 ὡς
1004 2590 1111 2662 γὰρ
1148 2593 1258 2655 τοῖς
1313 2591 1520 2655 ἀδίκοις
1562 2592 1713 2657 τέλος
1756 2600 1855 2665 τῆς

280 2680 500 2744 ἀδικίας
535 2682 563 2732 ὁ
592 2681 835 2745 θάνατος,
870 2683 1010 2735 οὕτω
1036 2682 1090 2735 δὲ
1123 2683 1215 2737 καὶ
1242 2683 1470 2748 δικαίοις
1500 2683 1575 2748 ὡς
1607 2689 1852 2756 νικηταῖς

279 2773 482 2844 τρόπον
514 2772 632 2826 τινὰ
657 2776 932 2844 στεφάνων
956 2775 1095 2846 ἀρχή

356 2951 515 3003 Ὥστε
544 2949 842 3021 Θαυμάσιον
883 2949 972 3002 διὰ
1009 2950 1106 3022 τῆς
1148 2951 1421 3021 πανσόφου
1463 2952 1715 3024 προνοίας
1758 2952 1848 3006 τοῦ

1968 490 2115 543 ρπϐ,
2152 490 2258 527 non
2292 473 2411 527 sine
2452 488 2585 527 casu
2629 470 2866 541 quodam
2922 479 2975 525 et
3029 471 3377 539 necessitate,
3442 474 3539 529 sed

1965 564 2392 634 exspectandum
2440 574 2558 626 est,
2596 563 2839 633 quandiu
2898 561 3237 617 domicilium
3293 564 3542 616 naturale

1965 655 2124 709 durat
2151 664 2199 711 et
2226 672 2332 710 non
2365 656 2717 711 dissolvitur:
2756 671 2880 709 cum
2930 656 3033 709 boc
3079 663 3261 708 tamen
3294 657 3537 708 naturali

1966 746 2240 802 domicilio
2270 756 2324 802 et
2347 748 2622 801 communi
2665 748 2828 803 simul
2870 747 3012 801 inest
3046 747 3267 817 quidam
3309 756 3488 802 metus
3524 788 3539 810 .

1966 839 2055 909 qui
2081 841 2295 910 quidem
2331 841 2645 895 necessario
2671 840 2737 894 de
2776 846 3031 908 suspecto
3053 839 3323 909 supplicio
3358 840 3539 894 susci-

1965 933 2146 1000 pitur;
2186 948 2291 985 non
2334 942 2514 987 tamen
2545 933 2614 986 ab
2643 932 2936 996 omnibus,
2970 933 3064 988 sed
3114 936 3182 987 ab
3222 934 3288 989 iis
3337 935 3538 1004 quibus

1965 1040 2119 1081 mens
2151 1034 2235 1081 est
2263 1036 2509 1096 prompta
2549 1035 2602 1079 et
2651 1024 2827 1080 lacilis
2863 1027 2926 1079 ad
2974 1036 3253 1096 peccatum
3283 1043 3297 1092 ;
3332 1028 3398 1081 ad
3434 1028 3539 1082 hu-

1959 1115 2051 1184 jus
2100 1114 2245 1169 enim
2288 1116 2627 1169 aversionem
2675 1125 2853 1169 metus
2914 1115 3004 1169 ille
3052 1115 3370 1185 suscipitur.
3435 1116 3539 1182 Qui

1962 1207 2106 1262 enim
2142 1207 2287 1276 degit
2319 1222 2385 1261 ex
2430 1208 2650 1269 virtute,
2686 1207 2733 1261 is
2770 1207 2989 1276 quidem
3048 1222 3276 1277 peccare
3320 1208 3535 1270 desivit.

1962 1308 2016 1355 et
2045 1317 2152 1354 non
2168 1302 2423 1370 opinatur
2451 1300 2641 1354 duram
2677 1316 2797 1354 esse
2829 1308 3077 1354 mortem.
3106 1299 3209 1366 Qui
3227 1315 3354 1355 vero
3388 1301 3539 1355 dedi-

1964 1403 2066 1451 tus.
2083 1404 2163 1450 est
2196 1395 2435 1466 peccatis
2465 1433 2480 1457 ,
2537 1393 2726 1448 eadem
2764 1392 3131 1463 imprudentia
3171 1409 3277 1464 qua
3312 1403 3533 1463 peccat.

1962 1492 2189 1540 mortem
2216 1486 2389 1540 timet.
2424 1484 2806 1542 Necessarium
2842 1495 3019 1538 tamen
3070 1492 3155 1540 est
3186 1494 3245 1539 ut
3271 1486 3410 1541 hanc
3438 1487 3537 1541 im-

1963 1578 2303 1648 prudentiam
2343 1578 2430 1631 bic
2460 1586 2639 1631 metus
2678 1584 3079 1646 consequatur,
3135 1585 3193 1630 ut
3243 1578 3336 1648 qui
3380 1579 3539 1633 time-

1961 1671 2052 1725 bat
2077 1672 2129 1726 id
2156 1672 2209 1726 in
2246 1686 2355 1741 quo
2384 1686 2494 1725 non
2522 1678 2639 1726 erat
2670 1670 2853 1733 timor,
2882 1685 3007 1725 vere
3041 1670 3231 1725 timeat
3277 1670 3422 1741 quod
3461 1672 3535 1724 ti-

1895 1743 1934 1797 Β
1964 1779 2109 1818 mere
2137 1772 2370 1834 oportet,
2400 1764 2681 1827 damnum,
2719 1763 2961 1835 inquam,
2998 1778 3063 1818 ex
3103 1770 3348 1833 peccato.
3394 1762 3531 1829 Quia

1959 1856 2127 1927 igitur
2161 1864 2349 1927 gentes
2388 1857 2630 1927 peccatis
2662 1857 2991 1919 redundant,
3027 1873 3259 1927 quorum
3320 1858 3532 1929 species

1961 1962 2066 2002 una
2104 1956 2187 2003 est
2216 1948 2579 2003 insatiabilem
2624 1964 2746 2004 esse
2774 1990 2788 2012 ,
2847 1948 2978 2018 ipsae
3026 1956 3156 2002 sunt
3209 1947 3313 2002 sibi
3364 1964 3530 2003 causa

1960 2040 2247 2109 supplicii,
2286 2039 2338 2094 id
2375 2047 2458 2095 est
2496 2040 2716 2107 mortis;
2757 2040 2900 2110 quod
2959 2040 3176 2110 quidem
3207 2040 3414 2094 dictum
3447 2048 3533 2094 est

1958 2144 2065 2183 non
2101 2144 2223 2185 esse
2253 2144 2377 2183 vere
2415 2129 2765 2199 supplicium,
2799 2128 2943 2200 quod
2984 2137 3180 2183 natura
3226 2137 3314 2184 est
3347 2130 3529 2187 omni-

1958 2220 2059 2275 bus
2090 2220 2391 2287 del‘mitum,
2443 2220 2708 2277 benellcio
2767 2229 2948 2276 autem
2993 2220 3155 2275 allicit
3191 2237 3286 2277 eos
3338 2221 3432 2292 qui
3474 2223 3527 2276 in

1958 2313 2098 2367 bello
2120 2311 2350 2376 cadunt,
2395 2319 2449 2367 et
2482 2328 2577 2369 eos
2608 2313 2700 2383 qui
2744 2313 2982 2372 evadunt
3014 2313 3322 2369 incolumes
3355 2331 3369 2369 :
3417 2313 3529 2369 illis

1956 2405 2174 2475 quidem
2214 2405 2374 2460 tinem
2405 2404 2664 2475 peccandi
2708 2403 2883 2467 affert,
2918 2404 3002 2460 bis
3027 2420 3159 2459 vero
3210 2404 3524 2475 exemplum

1955 2496 2169 2550 timoris
2206 2496 2481 2566 proponit.
2510 2494 2685 2549 Amcit
2724 2488 2907 2549 autem
2938 2494 3227 2561 beneﬁcio,
3273 2494 3401 2550 licet
3447 2493 3533 2563 ju-

1956 2591 2025 2644 sti
2056 2606 2177 2644 cum
2210 2590 2559 2645 multitudine
2606 2590 2751 2660 vulgi
2785 2604 2815 2643 a
2848 2589 2957 2643 vita
3011 2589 3271 2644 recedant
3305 2606 3319 2655 ;
3384 2588 3531 2644 sicut

1954 2682 2097 2735 enim
2152 2682 2368 2751 injustis
2401 2698 2550 2737 mors
2602 2692 2685 2736 est
2725 2681 2848 2735 linis
2891 2680 3196 2750 injustitiae,
3233 2680 3317 2735 sic
3356 2680 3528 2750 justis

1954 2784 2212 2844 tanquam
2242 2774 2543 2830 victoribus
2591 2774 2995 2845 quodammodo
3038 2785 3123 2830 est
3166 2774 3385 2828 initium
3433 2788 3531 2828 co-

1954 2883 2236 2921 ronarum.

2030 2956 2180 3013 Unde
2214 2957 2317 3012 hoc
2358 2972 2455 3027 per
2492 2957 2886 3027 providentiam
2918 2955 3010 3011 Dei
3061 2955 3527 3027 sapientissimam

279 3044 413 3097 Θεοῦ
452 3041 764 3113 συμϐαίνει·
800 3043 861 3096 τὸ
897 3042 1006 3114 γὰρ
1032 3042 1217 3097 δοκοῦν
1252 3043 1516 3107 κολάζειν,
1552 3046 1845 3117 εὐεργετεῖ·

1954 3048 2271 3103 admirabile
2315 3050 2514 3113 evenit,
2565 3056 2623 3101 ut
2648 3048 2792 3118 quod
2824 3046 3036 3101 videtur
3076 3045 3291 3115 punire,
3321 3042 3528 3099 beneﬂ-

280 3139 375 3190 xz‘t
401 3136 522 3189 οὐδὲ
548 3136 614 3189 δι’
640 3130 713 3188 ὧν
733 3135 892 3198 αὐτὸς
915 3135 1169 3207 ἄντικρυς
1193 3136 1585 3200 κατασκευάζει
1611 3136 1849 3207 ἀνιαρῶν

278 3226 419 3283 εἶναι
448 3226 764 3291 δοκούντων,
803 3226 937 3280 ἀλλά
965 3228 1030 3281 δι’
1056 3221 1128 3280 ὧν
1157 3226 1463 3298 ἀνθρώποις
1497 3229 1847 3299 αὐτομολοῦσι

279 3320 570 3391 συγχωρεῖ·
601 3317 740 3371 ὥστε
781 3317 1013 3384 πόλεμος
1042 3319 1141 3372 οὐκ
1178 3318 1337 3391 ἔργον
1361 3318 1517 3383 Θεοῦ,
1557 3320 1692 3374 ἀλλά
1717 3338 1848 3390 συγ-

276 3411 517 3483 χώρησις
551 3409 821 3478 ἀναγκαία
855 3410 934 3471 είς
971 3410 1069 3479 μὲν
1112 3409 1345 3479 ὑποψίαν
1390 3411 1658 3483 τιμωρίας
1707 3412 1846 3465 κατὰ

274 3505 377 3574 τῆς
407 3503 697 3574 ἁμαρτίας,
741 3501 879 3555 κατά
910 3502 966 3554 δὲ
1004 3502 1064 3556 τὸ
1102 3502 1318 3573 ἀληθὲς,
1364 3506 1441 3566 είς
1476 3503 1625 3568 τέλος
1655 3506 1842 3575 αὐτῆς·

276 3597 405 3650 ἔνθα
435 3596 534 3648 κᾶν
560 3594 765 3659 δίκαιος
790 3596 953 3668 πέσῃ,
990 3595 1195 3649 δίκαιον
1222 3595 1278 3648 δὲ
1308 3594 1563 3666 πολεμεῖν
1596 3596 1843 3661 ἀπεικὸς,

277 3688 535 3761 μειζόνως
561 3688 945 3758 εὐεργετεῖται·
983 3689 1163 3757 μεῖξον
1188 3687 1295 3758 γὰρ
1328 3687 1419 3739 τοῦ
1452 3688 1721 3757 παυθῆναι
1750 3706 1847 3740 κα-

274 3783 399 3844 κίας
430 3780 488 3833 τὸ
524 3782 748 3851 καρπῶν
789 3780 1091 3834 ἀπολαῦσαι
1117 3780 1225 3832 τῶν
1257 3780 1357 3850 τῆς
1400 3782 1601 3852 ἀρετῆς
1644 3783 1842 3848 πόνων,

271 3875 410 3942 δπερ
452 3872 695 3925 εὐσεϐέσι
754 3872 889 3943 μετά
935 3872 1158 3926 θάνατον
1208 3874 1461 3944 ὑπάρχει.
1510 3876 1570 3926 υἱ
1610 3874 1666 3926 δὲ
1710 3876 1846 3947 πρὸς

270 3964 444 4017 ταῦτα
476 3965 883 4035 διαμαχόμενοι,
925 3967 1053 4037 πρὶν
1090 3966 1148 4018 τὸ
1182 3966 1408 4019 καθόλου
1442 3966 1707 4034 διελέγξαι
1743 3985 1843 4020 κα-

271 4056 392 4120 κὸν,
426 4056 487 4109 τὸ
530 4058 692 4129 μέρος
734 4058 1127 4122 διαϐάλλουσιν·
1175 4061 1221 4111 εί
1264 4059 1371 4131 γαρ
1398 4058 1472 4122 ὡς
1511 4060 1617 4113 ἀπὸ
1650 4062 1845 4125 κακίας

271 4150 659 4222 ὐφεστηκυίας,
690 4154 781 4205 καὶ
808 4153 978 4223 ἀρχῆς
1004 4152 1260 4224 ἀνάρχου,
1277 4153 1401 4215 τούς
1428 4153 1693 4224 πολέμους
1713 4157 1844 4224 ἡμῖν

270 4242 747 4312 κατακομίζουσιν,
778 4245 934 4297 αὐτόν
962 4262 1023 4313 γε
1063 4245 1153 4297 τὸν
1179 4244 1405 4298 θάνατον
1431 4246 1525 4298 καὶ
1556 4246 1713 4315 μόνον
1743 4264 1843 4299 κα-

268 4335 420 4389 κίσαι
454 4337 725 4408 προσῆκον
756 4332 823 4407 ἦν
853 4338 1053 4400 αὐτοῖς·
1090 4338 1336 4409 περιττὸν
1370 4338 1477 4407 γάρ
1510 4337 1606 4401 τὰς
1636 4340 1843 4410 προφά-

1950 3141 2093 3195 cium
2126 3141 2237 3197 ﬁat.
2270 3140 2388 3196 Non
2417 3142 2538 3196 dico
2572 3141 2739 3195 videri
2772 3139 2965 3209 punire
3009 3154 3103 3208 per
3141 3152 3203 3192 ea
3236 3153 3356 3208 quia
3382 3136 3527 3192 Deus

1948 3233 2093 3288 haud
2127 3234 2289 3289 dubie
2325 3234 2473 3297 facit,
2524 3249 2644 3303 quae
2684 3232 2882 3287 acerba
2915 3240 2970 3286 et
3005 3244 3200 3301 aspera
3244 3229 3523 3292 videntur,

1948 3325 2043 3381 sed
2091 3340 2187 3395 per
2233 3341 2297 3381 ea
2346 3341 2466 3396 quae
2510 3324 2827 3379 hominibus
2870 3321 3176 3392 transfugis
3222 3321 3522 3391 permittit;

1945 3416 2298 3487 quamobrem
2332 3417 2534 3471 bellum
2562 3416 2793 3471 istorum
2822 3428 2930 3469 non
2970 3420 3052 3469 est
3079 3428 3219 3483 opus
3250 3411 3369 3475 Dei,
3409 3411 3508 3466 sed

1946 3505 2238 3576 permissio
2288 3506 2618 3561 necessaria.
2670 3504 2729 3561 In
2770 3506 3008 3576 speciem
3044 3504 3263 3575 quidem
3310 3503 3379 3557 ad
3416 3519 3525 3573 pu-
3602 3496 3607 3499 Α

1946 3599 2206 3654 niendum
2239 3606 2543 3668 peccatum,
2578 3614 2705 3653 vere
2737 3607 2914 3653 autem
2945 3598 3012 3651 ad
3040 3596 3423 3667 imponendum
3459 3596 3523 3649 Γι-

1946 3707 2069 3747 nem
2115 3701 2373 3761 peccato;
2421 3690 2513 3744 ubi
2562 3695 2807 3760 quamvis
2830 3690 3013 3759 justus
3078 3689 3237 3743 cadat
3294 3688 3523 3759 (justum

1946 3792 2125 3839 autem
2162 3785 2362 3839 bellare
2396 3800 2504 3839 non
2537 3785 2751 3856 decet),
2791 3786 2968 3855 majus
3003 3784 3323 3839 beneﬁcium
3375 3787 3520 3839 acci-

1944 3877 2055 3947 pit;
2109 3877 2285 3946 majus
2332 3877 2479 3932 enim
2519 3885 2603 3931 est
2652 3878 2931 3947 percipere
2980 3875 3220 3929 fructum
3266 3876 3519 3930 laborum

1945 3953 2180 4032 virtutis,
2217 3968 2362 4039 quod
2398 3968 2502 4039 piis
2547 3976 2669 4039 post
2718 3977 2946 4023 mortem
2993 3967 3288 4037 contingit,
3343 3981 3514 4036 quam

1943 4060 2192 4115 desinere
2242 4076 2488 4130 peccare.
2539 4060 2643 4125 Qui
2693 4067 2875 4114 autem
2934 4068 3122 4113 contra
3172 4058 3287 4112 haec
3338 4055 3517 4111 disce-

1947 4159 2117 4222 plant,
2171 4153 2487 4222 priusquam
2539 4150 2770 4220 probent
2826 4150 3026 4205 bellum
3076 4165 3198 4205 esse
3248 4164 3313 4204 ex
3366 4146 3516 4201 omni

1944 4254 2097 4316 parte
2140 4246 2361 4312 malum,
2401 4255 2608 4315 partem
2644 4243 2765 4313 ejus
2806 4254 3087 4298 accusant.
3125 4242 3182 4297 Si
3226 4242 3368 4297 enim
3398 4240 3515 4295 bel-

1944 4338 2119 4392 lorum
2154 4338 2418 4408 originem
2459 4353 2525 4392 ex
2583 4337 2825 4408 nequitia
2894 4352 2989 4405 per
3026 4351 3085 4392 se
3134 4336 3428 4390 exsistente
3462 4339 3516 4385 t-t

268 4444 385 4491 σεις
420 4426 711 4495 ἐξετάζειν,
739 4429 829 4482 τοῦ
856 4430 1168 4498 ἀναγκαίως
1204 4431 1590 4500 συμϐαίνοντος
1618 4431 1842 4502 ἀκρίτου

1950 4444 2015 4482 ex
2050 4429 2316 4499 principio
2363 4428 2605 4499 ingenito
2664 4426 2789 4481 duci
2838 4426 3050 4489 dicunt,
3092 4426 3377 4496 Oportebat
3419 4438 3517 4478 e03

269 4516 544 4588 μένοντος.

1947 4520 2117 4588 ipsam
2168 4527 2418 4582 mortem,
2464 4526 2518 4572 et
2562 4517 2777 4587 quidem
2826 4519 2997 4572 solam
3047 4519 3391 4587 vituperare:
3421 4529 3517 4569 su-

266 4626 663 4680 pervacaneum
688 4614 829 4666 enim
857 4621 938 4668 est
968 4628 1164 4668 causas
1196 4612 1459 4666 bellorum
1490 4620 1747 4668 excutere
1782 4622 1835 4668 et
1870 4615 2166 4686 inquirere,
2200 4630 2323 4669 cum
2352 4613 2495 4684 quod
2526 4614 2840 4670 necessario
2868 4612 3087 4679 accidit,
3139 4614 3197 4668 in
3264 4613 3318 4667 id
3366 4609 3513 4681 indic

265 4702 413 4755 cium
444 4718 551 4757 non
584 4704 760 4760 cadat.

1026 4842 1154 4896 Car.
1194 4839 1325 4895 Xlll.
1370 4840 1594 4895 Mortem
1630 4842 1829 4895 malam
1858 4857 1959 4895 non
1995 4856 2126 4903 esse,
2161 4840 2351 4893 iterum
2390 4839 2760 4908 conﬁrmatur.

312 4976 459 5040 ’Πῶς
491 4979 535 5032 δ’
566 4979 630 5032 ἂν
676 4980 764 5032 τὸν
816 4980 1042 5034 θάνατον
1087 4980 1309 5033 κακίσαι
1354 4980 1652 5051 δυνηθεῖεν,
1701 4983 1834 5033 ἀπυ-

261 5071 456 5124 λύοντά
491 5089 552 5139 γε
588 5074 683 5142 τῆς
717 5072 865 5142 ὐλης,
905 5073 1044 5126 κατὰ
1073 5072 1164 5126 τὸν
1188 5072 1342 5141 λόγον
1373 5072 1468 5125 τοῦ
1497 5072 1829 5137 ἀπατεῶνος,

257 5160 359 5231 τὴν
386 5160 592 5231 ψυχηνς
620 5164 778 5214 Ὥστε
806 5164 945 5216 κατὰ
973 5165 1068 5233 μὲν
1096 5164 1193 5234 τὴν
1230 5164 1412 5235 κοινὴν
1446 5164 1601 5227 δόξαν
1633 5164 1832 5233 ἤκιστά

257 5270 323 5321 γε
359 5252 585 5317 θάνατος
611 5255 795 5308 κακόν·
835 5255 896 5307 τὸ
923 5255 1031 5325 γαρ
1063 5256 1371 5323 ἀναγκαίως
1394 5257 1505 5317 τοῖς
1531 5256 1664 5306 πᾶσι
1696 5271 1832 5324 συμ-

257 5349 439 5400 ϐαῖνον
464 5349 524 5400 οὐ
554 5348 738 5402 κακόν·
779 5350 953 5421 μάτην
982 5347 1143 5401 αὐτὸν
1169 5348 1253 5401 διὰ
1283 5350 1406 5411 τοὺς
1436 5348 1701 5417 πολέμους
1721 5348 1830 5400 δια-

255 5440 559 5505 ϐάλλουσιν,
599 5442 748 5495 οὐδὲν
796 5442 956 5494 πλέον
1000 5441 1271 5508 ἐπάγοντα
1317 5440 1425 5493 τῶν
1470 5440 1611 5493 κατὰ
1663 5440 1821 5509 φύσιν

254 5535 650 5605 ἀποκειμένων.
689 5536 749 5587 Εἰ
773 5534 829 5587 δέ
854 5552 936 5597 τις
968 5534 1064 5605 τὴν
1088 5534 1356 5603 πρόφασιν
1390 5534 1559 5605 αὐτὴν
1586 5534 1692 5585 τῶν
1722 5551 1821 5586 πο-

254 5625 433 5694 λέμων
462 5628 694 5691 κακίςοι,
736 5627 832 5679 εἴτ’
862 5622 954 5678 οὖν
995 5625 1181 5697 ὀργὴν,
1217 5626 1312 5677 εἴτ’
1343 5625 1561 5695 ἔχθραν,
1588 5626 1695 5677 εἴτε
1728 5626 1820 5678 καὶ

256 5717 584 5785 πλεονεξίαν,
621 5720 719 5773 οὐκ
753 5720 815 5773 ἂν
857 5719 1203 5791 διαμαρτάνοι
1242 5718 1332 5771 τοῦ
1374 5719 1696 5789 πρέποντος·
1732 5720 1821 5772 ἁν-

2006 4980 2291 5047 Quomodo
2335 4990 2513 5035 autem
2550 4988 2779 5050 possunt
2812 4988 3041 5034 mortem
3076 4983 3273 5035 malam
3302 4982 3505 5048 dicere.

1937 5088 2080 5141 qum,
2110 5079 2167 5123 ut
2199 5070 2810 5125 Manichmusl'ailaciter
2831 5072 3019 5136 tradit,
3052 5071 3288 5126 animam
3328 5089 3357 5126 a
3390 5090 3507 5127 ma-

1936 5164 2071 5217 teria
2114 5163 2350 5217 liberat?
2396 5162 2573 5228 Quare
2627 5164 2902 5217 communi
2949 5165 3193 5217 omnium
3237 5166 3507 5220 sententia

1934 5267 2277 5321 nequaquam
2316 5254 2517 5306 malum
2551 5262 2635 5306 est
2672 5268 2857 5307 mors:
2889 5252 3032 5323 quod
3062 5255 3204 5308 enim
3248 5271 3506 5311 necessau

1932 5347 2015 5400 rio
2046 5346 2300 5401 omnibus
2333 5348 2553 5412 accidit,
2601 5365 2707 5402 non
2751 5357 2833 5403 est
2879 5350 3100 5402 malum.
3136 5350 3374 5405 inaniter
3406 5366 3506 5404 au-o

1932 5449 2036 5494 tem
2074 5452 2470 5510 mortem,qu:e
2503 5452 2723 5511 propter
2773 5442 2914 5496 bella
2950 5441 3167 5507 accidit,
3203 5455 3500 5512 accusant;

1930 5546 2048 5601 quae
2072 5531 2207 5584 nihil
2233 5533 2469 5601 amplius
2494 5532 2649 5586 aﬂ‘crt
2688 5549 2850 5602 quam
2887 5532 3032 5602 quod
3065 5534 3363 5588 secundum
3402 5550 3501 5587 nau-

1931 5634 2104 5677 turam
2139 5626 2495 5677 constitutum
2537 5635 2637 5679 est.
2671 5625 2727 5677 Si
2756 5627 2878 5695 quis
2912 5641 3039 5679 uero
3069 5627 3241 5696 ipsam
3274 5642 3503 5681 causam

1930 5718 2193 5771 bellorum
2228 5719 2425 5772 malum
2453 5733 2573 5773 esse
2597 5718 2766 5786 dicat,
2796 5720 2910 5775 sive
2938 5720 3018 5774 ira
3049 5722 3141 5785 sit,
3170 5721 3283 5776 sive
3312 5718 3507 5779 inimi-
