4072 6338
595 305 734 360 H59

1749 304 1892 359 TITI
1930 299 2354 358 BOSTRENSIS
2388 299 2696 356 EPISCOPI

3702 298 3836 358 “60

593 427 746 488 citia,
789 424 904 480 sive
946 423 1199 486 avaritia.
1250 439 1359 480 non
1400 423 1672 481 aberravit
1713 439 1746 478 a
1793 431 1943 478 recto
1983 430 2038 476 et
2074 424 2162 477 de-

2266 421 2496 493 θρώποις
2526 422 2706 492 μέντοι
2730 420 3003 488 λογιστέον
3035 417 3193 476 τοῦτό
3225 437 3307 492 γε,
3345 421 3619 494 μοχθηρίᾳ
3646 424 3837 497 προθέ-

595 520 761 576 centi.
793 517 1165 574 Tribuendum
1198 525 1380 574 tamen
1411 527 1496 575 cst
1525 519 1628 574 hoc
1657 518 1969 573 hominibus
1993 531 2160 588 pravo

597 614 779 668 animo
809 612 1035 667 allectis.

668 724 820 792 Quod
861 733 1040 778 autem
1087 739 1236 780 mors
1279 723 1420 778 mala
1463 722 1686 778 minime
1719 723 1828 791 sit,
1861 723 1954 776 illa
1997 723 2160 778 etiam

599 821 807 874 ratione
835 825 890 872 et
930 818 1015 872 via
1055 817 1271 887 probari
1311 827 1510 887 potest.
1559 815 1615 870 Si
1662 817 1806 870 enim
1854 831 2002 871 mors
2051 831 2159 869 non

598 912 853 966 omnibus
878 911 1097 966 definita
1133 919 1186 965 et
1221 909 1440 965 decreta
1470 916 1638 970 esset,
1663 907 1932 962 accideret
1982 917 2040 961 ut
2072 907 2152 976 ju-

600 1018 717 1063 stus
775 1021 988 1077 semper
1035 1005 1310 1059 laboraret
1361 1004 1415 1058 in
1458 1003 1635 1060 stadio
1681 1002 1897 1056 virtutis
1952 1001 2158 1054 nullum

599 1100 831 1153 fructum
865 1097 1168 1168 percipiens
1215 1105 1408 1163 praeter
1439 1093 1691 1158 sudores,
1727 1103 1782 1149 et
1823 1093 2061 1162 injustus
2104 1092 2160 1146 in

594 1190 963 1262 voluptatibus
1015 1197 1360 1259 peccatorum
1403 1187 1726 1242 immortalis
1775 1185 2028 1256 degeret;
2073 1199 2162 1238 es-

596 1293 785 1356 setque
829 1292 1120 1351 utrumque
1157 1281 1322 1337 valde
1356 1280 1674 1336 absurdum.
1712 1280 1779 1332 At
1832 1295 1978 1332 mors
2024 1277 2161 1344 inju-

595 1387 733 1430 stam
770 1373 1098 1442 voluptatem
1147 1371 1481 1441 delinquenti
1521 1369 1770 1440 reprimit
1819 1377 1873 1422 et
1903 1369 2158 1432 cohibet;

595 1475 648 1520 et
677 1464 830 1535 justo
857 1465 1028 1518 labori
1061 1463 1294 1532 quietem
1331 1461 1508 1518 affert.
1543 1463 1754 1516 Etenim
1799 1462 1925 1530 quia
1975 1455 2161 1516 neces-

598 1559 802 1612 sarium
855 1567 937 1611 est
980 1557 1228 1610 homines
1268 1571 1429 1626 posse
1486 1570 1735 1624 peccare,
1778 1553 1830 1608 id
1887 1553 2032 1623 quod
2077 1559 2161 1607 est

594 1665 762 1704 causa
818 1656 875 1702 ut
901 1649 1112 1718 possint
1144 1665 1209 1704 ex
1233 1649 1434 1702 virtute
1466 1648 1677 1713 vivere;
1710 1655 1950 1717 potestas
1981 1657 2160 1702 autem

598 1759 628 1795 a
660 1741 767 1797 Deo
806 1741 931 1796 data
974 1741 1042 1796 ad
1090 1739 1514 1810 comparandam
1578 1739 1834 1794 virtutem
1875 1738 2015 1809 apud
2049 1752 2145 1792 ma-

2262 530 2398 578 σεως
2425 514 2564 567 οὕτω
2588 513 3024 584 διατεθειμένοις.

2331 717 2451 769 Ὀτι
2475 715 2530 768 δὲ
2567 717 2596 770 6
2631 713 2859 778 θάνατος
2879 716 3078 786 ἣκιστα
3107 715 3294 780 κακὸς,
3326 715 3560 788 δειχθείη
3599 717 3834 788 μάλιστα

2261 809 2325 863 ἂν
2359 807 2597 870 ἐκείνως·
2634 809 2681 859 εἰ
2707 808 2813 878 γὰρ
2844 807 2916 878 μὴ
2941 807 3081 860 κατὰ
3104 806 3319 859 πάντων
3348 805 3567 878 ὥριστο,
3610 810 3638 861 ὅ
3666 828 3727 862 τε
3761 811 3838 863 δίο

2260 916 2412 961 καιος
2432 898 2519 952 διὰ
2548 897 2745 960 παντὸς
2772 896 2836 950 ἂν
2866 897 3046 950 ὲπόνει
3073 897 3209 966 πρὸς
3240 897 3456 969 ἀρετὴν,
3485 899 3644 951 οὐδὲν
3674 899 3836 953 πλέον

2259 991 2366 1044 τῶν
2399 990 2634 1061 ἱδρώτων
2657 988 3052 1060 καρπούμενος,
3079 990 3108 1042 ὅ
3134 1007 3192 1042 τε
3221 989 3402 1053 ἄδικος
3429 993 3486 1044 ὲν
3519 991 3742 1062 ἡδοναῖς
3773 993 3834 1046 ἂν

2259 1081 2364 1134 τῶν
2395 1081 2806 1151 ἁμαρτημάτων
2837 1079 3102 1144 ἀθάνατος
3125 1080 3300 1152 διῆγε·
3330 1082 3422 1134 καὶ
3447 1078 3514 1154 ἦν
3543 1083 3612 1137 ἂν
3648 1085 3838 1138 ἑκάτε-

2262 1191 2354 1245 ρον
2385 1173 2502 1226 λίαν
2528 1175 2750 1227 ἄτοπον.
2787 1173 2842 1226 Ὀ
2861 1172 2917 1225 δὲ
2951 1173 3177 1236 θάνατος
3202 1176 3294 1227 καὶ
3314 1176 3410 1245 τὴν
3435 1177 3622 1230 ἄδικον
3641 1177 3838 1248 ἡδονὴν

2260 1264 2334 1335 τῷ
2351 1262 2752 1336 πλημμελοῦντι
2769 1263 3238 1328 καταστέλλει,καὶ
3254 1265 3341 1317 τὸν
3355 1266 3561 1319 δίκαιον
3579 1268 3748 1322 πόνον
3765 1269 3840 1339 τῷ

2258 1355 2728 1426 δικαιοπραγοῦντι
2745 1355 3100 1408 καταπαύσειο
3118 1357 3300 1428 ἐπειδὴ
3317 1357 3422 1429 γάρ
3438 1360 3741 1428 ἀναγκαῖον
3755 1363 3842 1414 ἀν·

2261 1444 2498 1518 θρώποις
2515 1445 2575 1498 τὸ
2592 1444 3218 1518 δύνασθαιάμαρτάνειν,
3243 1449 3414 1501 αἴτιον
3449 1449 3508 1502 ὃν
3543 1450 3642 1503 τοῦ
3679 1451 3843 1504 6:59a-

2263 1536 2384 1590 σθαι
2413 1536 2706 1610 κατορθοῦν
2724 1555 2738 1570 ·
2761 1539 2794 1608 ἡ
2821 1537 2878 1591 δὲ
2903 1537 3114 1602 ἐξουσία
3134 1540 3282 1610 παρά
3307 1540 3437 1594 Θεοῦ
3463 1541 3682 1597 δοθεῖσα
3700 1546 3841 1616 πρὸς

2259 1629 2357 1698 τὴν
2386 1627 2550 1681 καλοῦ
2568 1627 2808 1696 κάγαθοῦ
2839 1629 3030 1698 κτῆσιν
3062 1630 3212 1702 παρὰ
3239 1634 3350 1695 τοῖς
3375 1633 3582 1686 πλείοσι
3606 1635 3749 1705 πρὸς
3777 1637 3836 1688 τὸ

2262 1716 2479 1769 εὔκολον
2507 1717 2608 1787 τῆς
2636 1718 2909 1788 ἁμαρτίας
2947 1719 3245 1773 ἀποκλίνει·
3279 1722 3355 1785 ὼς
3379 1722 3836 1797 θαυμασιωτέραν

593 1833 767 1903 jorem
797 1841 1004 1904 partem
1039 1805 1318 1887 homin—um
1366 1832 1430 1886 ad
1468 1830 1781 1886 facilitatem
1814 1805 2020 1900 peccati
2059 1828 2156 1884 de-

2266 1805 2392 1864 εἷναι
2429 1810 2527 1881 τὴν
2570 1810 2769 1881 ἀρετὴν
2800 1811 3089 1884 δυσχερείᾳ
3122 1817 3596 1888 συγκεκραμένην,
3634 1819 3834 1889 ὠφέλι-

597 1927 764 1981 clinat
790 1967 804 1990 ,
842 1934 902 1980 ut
931 1926 1304 1981 admirabilior
1335 1926 1406 1979 sit
1434 1925 1607 1979 virtus
1641 1923 1944 1980 ditlicultati
1985 1923 2159 1976 admi-

603 2024 707 2081 sta,
741 2017 890 2072 utilis
920 2027 1003 2072 est
1048 2018 1294 2086 utrisque
1340 2031 1508 2080 mors,
1534 2015 1684 2085 justo
1716 2023 1770 2068 et
1812 2012 2048 2083 injusto;
2081 2010 2160 2066 illi

597 2107 814 2179 quidem
843 2108 1078 2178 quietem
1119 2121 1150 2160 a
1179 2105 1460 2161 laboribus
1487 2104 1662 2169 affert,
1720 2102 1846 2156 huic
1878 2116 2006 2157 vero
2034 2115 2161 2172 pec-

598 2211 843 2256 catorum
877 2199 1057 2254 ﬁnem.

670 2311 728 2367 Si
761 2311 925 2382 igitur
947 2325 1096 2365 mors
1129 2309 1268 2364 bona
1295 2316 1399 2374 cst,
1431 2315 1485 2363 et
1513 2323 1622 2362 non
1653 2307 1829 2364 solum
1860 2321 1969 2361 non
1997 2306 2160 2370 mala,

599 2409 661 2457 ut
689 2413 970 2455 ostensum
1013 2407 1120 2464 est,
1164 2407 1218 2453 et
1252 2414 1362 2452 non
1406 2399 1568 2452 solvit
1597 2397 1853 2460 animam,
1889 2404 1949 2449 ut
1993 2395 2165 2448 Mani-

599 2493 784 2547 chaius
833 2490 1108 2558 opinatur,
1144 2504 1174 2542 a
1224 2487 1450 2543 materia
1499 2503 1619 2558 quae
1668 2503 1778 2541 non
1812 2493 1916 2552 est,
1966 2485 2060 2542 sed
2097 2501 2162 2540 eo

602 2581 765 2636 modo
799 2596 959 2652 quem
1003 2580 1276 2642 diximus;
1323 2595 1492 2650 quare
1528 2579 1855 2650 principium
1907 2579 2162 2650 nequitiat

602 2678 659 2731 in
687 2675 842 2731 bellis
869 2674 1321 2745 excogitabimus,
1356 2683 1410 2730 et
1445 2689 1553 2728 non
1584 2673 1766 2743 potius
1811 2673 1986 2728 solum
2021 2673 2164 2743 inju-

601 2773 746 2821 stum
783 2765 1023 2818 animum
1065 2779 1130 2818 ac
1180 2764 1512 2818 voluntatem
1547 2762 1970 2817 accusabimus?
2009 2761 2162 2828 Quod

598 2857 745 2912 enim
795 2857 920 2911 inde
965 2856 1164 2918 evenit,
1213 2855 1356 2924 quod
1410 2854 1628 2924 quidem
1669 2853 2022 2924 providentia:
2068 2851 2162 2909 Dei

599 2948 987 3018 assignabitur,
1007 2948 1252 3017 justum;
1294 2961 1402 3000 non
1424 2962 1489 3000 ex
1511 2945 1652 3000 bello
1678 2947 1882 3012 solum,
1913 2945 2004 3001 sed
2027 2961 2160 3015 quo-

599 3055 815 3109 cunque
858 3039 1018 3095 modo
1049 3053 1196 3094 mors
1231 3036 1464 3099 accidat,
1505 3037 1757 3092 universe
1796 3037 1999 3091 bonum
2042 3051 2164 3090 esse

599 3139 816 3194 natura,
861 3129 916 3186 in
966 3130 1341 3201 superioribus
1385 3129 1703 3184 conclusum
1755 3137 1809 3183 et
1851 3128 2160 3183 confectum

2270 1903 2367 1973 μός
2389 1919 2451 1971 γε
2482 1903 2510 1954 6
2532 1901 2757 1966 θάνατος
2786 1904 3082 1974 ἑκατέροις,
3115 1905 3306 1978 δικαίῳ
3331 1925 3388 1961 τε
3424 1911 3518 1962 καὶ
3545 1910 3740 1982 ἀδίκῳο
3759 1913 3834 1982 τῷ

2269 1995 2365 2065 μὲν
2391 1993 2705 2048 ἀνάπαυλαν
2729 1995 2836 2048 τῶν
2863 1995 3061 2062 πόνων,
3089 1995 3167 2068 τῷ
3192 1997 3248 2051 δὲ
3278 1999 3430 2062 τέλος
3453 2000 3564 2054 τῶν
3587 2003 3836 2074 ἁμαρτη-

2269 2087 2452 2158 μάτων
2484 2085 2759 2158 παρέχων.

2348 2296 2574 2365 ’Λγαθοῦ
2603 2297 2779 2351 τοίνυν
2806 2299 3210 2371 εὑρισκομένου,
3233 2301 3356 2372 οὐχὶ
3382 2302 3543 2373 μόνον
3568 2303 3646 2378 μὴ
3670 2306 3834 2360 κακοῦ

2265 2389 2358 2444 τοῦ
2391 2390 2638 2457 Θανάτου,
2681 2393 2740 2444 οὐ
2779 2393 2918 2446 κατά
2954 2394 3044 2447 τὸν
3081 2395 3356 2459 Μάνεντος
3383 2396 3562 2465 λόγον,
3597 2397 3674 2460 ὡς
3701 2401 3832 2453 ἀπο-

2266 2483 2480 2548 λύοντος
2507 2484 2607 2555 τῆς
2635 2484 2707 2556 μὴ
2728 2483 2894 2557 οὔσης
2920 2487 3052 2560 ὕλης
3071 2487 3168 2560 τὴν
3188 2489 3383 2562 ψυχὴν,
3413 2490 3552 2545 ἀλλά
3574 2493 3670 2546 τὸν
3697 2496 3836 2566 είρη-

2269 2577 2428 2647 μένον
2449 2577 2664 2647 τρόπον,
2706 2576 2800 2630 τοῦ
2837 2579 2981 2642 τίνος
3009 2579 3165 2651 χάριν
3192 2582 3366 2653 ἀρχὴν
3391 2584 3590 2647 κακίας
3623 2588 3828 2656 ὲπινοὴο

2266 2683 2457 2736 σαιμεν
2498 2667 2562 2720 ἂν
2593 2669 2703 2729 τοῖς
2747 2667 3025 2738 πολέμοις,
3073 2669 3193 2740 οὐχ).
3233 2671 3288 2723 δὲ
3326 2671 3484 2742 μόνον
3525 2674 3627 2744 τὴν
3657 2674 3836 2728 ἄδικον

2266 2757 2520 2828 πρόθεσιν
2546 2755 2654 2810 τῶν
2683 2757 2976 2828 χρωμένων
3006 2758 3403 2831 διαϐαλοῦμεν;
3441 2761 3516 2813 Τὸ
3557 2763 3667 2834 γάρ
3713 2765 3838 2818 ἀπο-

2267 2849 2468 2914 ϐαῖνον,
2505 2850 2640 2921 ὅπερ
2678 2851 2742 2904 ἀν
2785 2867 2868 2914 τις
2901 2851 3171 2919 λογίσαιτο
3199 2856 3262 2925 τῇ
3303 2855 3530 2924 προνοίᾳ
3556 2854 3646 2907 τοῦ
3675 2854 3831 2919 Θεοῦ,

2265 2941 2491 3005 δίκαιον,
2534 2941 2632 2995 οὐκ
2672 2943 2737 2996 ὲκ
2776 2942 3010 3015 πολέμου
3059 2946 3248 3015 μόνον,
3289 2947 3425 3000 ἀλλά
3471 2947 3609 3000 κατὰ
3656 2948 3836 3001 πάντα

2267 3035 2462 3106 τρόπον
2493 3035 2720 3089 καθόλου
2754 3039 2819 3107 τῇ
2854 3037 3014 3105 φύσει
3045 3038 3266 3106 ἀγαθὸν,
3297 3040 3356 3092 οὐ
3388 3041 3549 3110 μόνον
3575 3041 3636 3093 οὐ
3671 3041 3839 3094 κακὸν

2267 3130 2378 3190 τοῖς
2402 3126 2704 3198 ἔμπροσθεν
2727 3129 3040 3201 ἀπεδείχθη.
3073 3132 3234 3184 Ὥστε
3253 3131 3343 3183 τὸν
3365 3132 3602 3202 πόλεμον
3625 3133 3836 3204 διαϐλη-

598 3232 700 3280 cst.
735 3223 913 3290 Quare
938 3223 1138 3278 bellum
1167 3230 1250 3278 est
1285 3222 1676 3284 accusandum,
1714 3236 1823 3275 non
1869 3235 2016 3276 mors
2043 3235 2162 3290 qua:

2266 3219 2407 3282 τέον,
2441 3221 2500 3274 οὐ
2536 3222 2624 3274 τὸν
2657 3221 3018 3277 ἀποϐαίνοντα
3048 3225 3273 3278 θάνατον
3307 3227 3700 3297 συμφερόντως
3731 3227 3835 3280 κεί-

601 3315 728 3370 inde
758 3315 977 3378 accidit,
1011 3330 1131 3384 quae
1179 3315 1381 3368 utiliter
1428 3316 1720 3368 constituta
1755 3321 1862 3377 est,
1910 3312 2006 3368 sed
2046 3313 2164 3366 ani-

600 3423 723 3462 mus
749 3423 812 3462 ac
843 3409 1182 3477 propositum
1215 3421 1322 3460 non
1351 3403 1498 3475 juste
1523 3406 1664 3460 bello
1688 3405 1976 3470 utentium,
2007 3406 2164 3475 cujus

603 3514 712 3555 non
734 3506 820 3556 est
844 3510 1034 3554 auctor
1057 3498 1149 3569 qui
1181 3511 1270 3553 res
1298 3506 1517 3554 nostras
1546 3504 1820 3568 procurat.

2271 3331 2449 3384 μενον,
2473 3314 2607 3367 ἀλλά
2634 3315 2740 3368 τῶν
2764 3316 3080 3386 χρωμένων,
3113 3318 3205 3370 καὶ
3241 3317 3473 3387 μάλιστα
3510 3319 3583 3389 μὴ
3617 3317 3830 3382 δικαίως

2267 3404 2364 3476 τὴν
2393 3405 2665 3476 πρόθεσιν,
2694 3401 2760 3478 ἧς
2797 3407 2889 3475 ὅγε
2930 3408 3171 3479 προνοῶν
3201 3407 3310 3461 τῶν
3343 3408 3464 3463 καθ’
3499 3411 3651 3480 ἡμᾶς
3692 3411 3829 3464 ἀναί-

2271 3513 2406 3560 τιος.

1056 3634 1182 3690 Car.
1221 3631 1358 3688 XIV.
1397 3630 1690 3697 Sterilitas,
1724 3631 1912 3700 fames,
1943 3638 2096 3684 terra:
2129 3640 2324 3696 motus,
2358 3649 2426 3686 an
2454 3650 2485 3687 a
2519 3633 2646 3689 Deo.
2675 3633 2826 3688 Mala
2866 3635 3162 3690 hominibus
3197 3635 3378 3692 utilia.

673 3774 887 3828 Rursus
935 3777 1017 3826 est
1060 3767 1207 3824 aliud
1242 3782 1412 3839 genus
1443 3782 1632 3822 eorum
1666 3781 1786 3836 quae
1834 3764 2162 3819 Manichacus

604 3862 1048 3923 dementissimus
1071 3869 1312 3922 accusat,
1337 3865 1495 3912 terra:
1521 3865 1725 3910 motum
1757 3857 1902 3920 (lico,
1935 3863 2162 3926 pestem,

605 3957 800 4012 famem
827 3970 892 4010 ex
918 3954 1219 4013 sterilitate,
1245 3966 1310 4004 ex
1343 3949 1570 4004 locustis
1600 3957 1654 4003 et
1678 3949 1800 4004 aliis
1827 3948 2162 4017 hujusmodi,

604 4059 863 4118 tanquam
893 4063 925 4101 a
955 4045 1221 4116 principio
1252 4042 1530 4096 contrario
1564 4041 1677 4094 haec
1702 4041 2118 4111 proﬁciscantur
2147 4059 2158 4094 :

604 4143 784 4197 sciunt
806 4153 936 4194 vero
961 4152 1172 4199 omnes,
1208 4138 1382 4191 solere
1407 4136 1726 4206 plerumque
1765 4149 1956 4188 omnes
1990 4134 2164 4187 homi-

604 4247 724 4297 nes,
773 4229 961 4300 paucis
1003 4228 1271 4298 exceptis,
1320 4227 1374 4281 in
1416 4227 1580 4283 rebus
1614 4227 1752 4281 laetis
1802 4233 1855 4280 et
1888 4224 2164 4296 prosperis

601 4324 785 4378 laxare
807 4329 1035 4383 mentes,
1055 4328 1107 4374 et
1125 4319 1502 4374 all'ectionibus
1527 4317 1902 4382 succumbere,
1925 4317 2164 4370 nullam-

602 4431 708 4486 que
739 4415 955 4468 virtutis
983 4421 1036 4467 et
1065 4412 1309 4465 laborum
1337 4410 1553 4481 pietatis
1582 4409 1902 4465 memoriam
1931 4409 2160 4462 habere:

601 4516 767 4578 atque
797 4506 900 4561 hoc
932 4505 1149 4576 quidem
1180 4503 1577 4575 quodammodo
1606 4510 1970 4558 consentanee
2020 4501 2165 4554 acci-

2341 3762 2503 3830 Αὗθις
2527 3767 2714 3839 ἓτερον
2737 3763 2893 3832 εἶδος,
2919 3762 2993 3822 ὧν
3021 3771 3049 3822 6
3075 3767 3432 3839 χαλεπώτατα
3448 3771 3656 3835 Μανεὶς
3676 3771 3831 3824 αξτιέ-

2269 3877 2378 3927 ται,
2411 3861 2651 3931 σεισμὸν,
2677 3861 2769 3914 καὶ
2800 3859 3004 3931 λοιμὸν,
3045 3862 3138 3914 καὶ
3175 3861 3349 3932 λιμὸν,
3385 3863 3628 3934 ἀφοριῶν
3659 3881 3717 3915 τε
3746 3864 3830 3916 καὶ

2269 3951 2523 4023 ἀκρίδων,
2548 3953 2641 4004 καὶ
2666 3951 2771 4004 τῶν
2797 3953 3073 4017 τοιούτων,
3095 3953 3172 4016 ὡς
3194 3953 3253 4017 ἐξ
3276 3953 3523 4018 ἐναντίας
3549 3955 3721 4026 ἀρχῆς
3744 3957 3835 4008 καὶ⁸

2268 4043 2426 4098 τοῦτο
2443 4044 2740 4114 γινόμενον·
2770 4044 2928 4114 δῆλον
2947 4045 3003 4098 δὲ
3025 4048 3135 4108 τοίς
3160 4046 3378 4107 ἅπασιν,
3411 4046 3486 4109 ὡς
3513 4049 3569 4100 ἐν
3593 4048 3696 4118 μὲν
3719 4050 3829 4110 ταῖς

2270 4135 2386 4189 λίαν
2412 4135 2694 4207 εὐθυμίαις
2721 4153 2779 4188 τε
2813 4137 2905 4190 καὶ
2931 4120 3258 4210 εὐπραγίῶς
3290 4137 3542 4192 εἰώθασιν
3570 4141 3647 4203 ώς
3669 4141 3757 4192 ἐπὶ
3775 4141 3835 4194 τὸ

2271 4225 2425 4290 πολὺ,
2455 4226 2592 4297 πλὴν
2619 4226 2836 4295 ὀλίγων,
2868 4227 3065 4289 πάντες
3103 4226 3376 4298 ἄνθρωποι
3419 4228 3829 4299 διαχαυνοῦσθαι

2252 4317 2364 4390 τὴν
2393 4317 2646 4379 διάνοιαν,
2671 4318 2764 4369 καὶ
2792 4320 2901 4381 70E;
2925 4317 3148 4371 πάθεσιν
3171 4319 3717 4381 ὑποκατακλίνεσθαι,
3745 4323 3833 4374 καὶ

2275 4414 2490 4480 μνήμην
2540 4408 2742 4480 ἀρετῆς
2790 4427 2849 4461 τε
2902 4410 2994 4461 καὶ
3044 4409 3219 4462 πόνων
3268 4409 3545 4474 εὐσεϐείας
3579 4412 3836 4482 οὐδεμίαν

2274 4503 2442 4573 ἔχειν’
2476 4502 2566 4554 καὶ
2595 4499 2756 4554 τοῦτό
2787 4518 2849 4568 γε
2881 4500 3103 4564 εἰκότως
3133 4501 3328 4572 τρόπον
3363 4502 3482 4554 τινὰ
3525 4505 3828 4574 συμὸαίνει.

603 4601 703 4655 dit.
745 4599 1039 4669 Postquam
1077 4570 1224 4652 enim
1267 4597 1488 4652 satietas
1517 4596 1764 4650 ciborum
1806 4603 1858 4649 et
1884 4594 2162 4664 potionum

2282 4593 2526 4646 Ἐπειδὰν
2557 4593 2664 4662 γὰρ
2689 4591 2973 4663 πλησμονὴ
2992 4592 3174 4645 σιτίων
3199 4610 3257 4646 τε
3283 4595 3374 4646 καὶ
3396 4595 3572 4648 ποτῶν
3597 4596 3834 4668 ἄμετρος

606 4689 964 4746 immoderata
991 4697 1211 4760 pr0pter
1239 4703 1485 4758 magnam
1520 4688 1817 4741 ubertatem
1855 4683 2168 4739 hominibus

604 4783 820 4846 incidit,
864 4791 1050 4838 ventre
1085 4780 1365 4851 pinguiore
1411 4777 1576 4844 factu,
1628 4777 1938 4832 crassitudo
1973 4775 2173 4830 mentis

601 4879 657 4925 et
684 4873 936 4926 remissio
967 4869 1308 4941 cegitationis
1338 4868 1552 4924 accedit
1581 4886 1596 4922 :
1621 4868 1800 4921 anima
1833 4877 2012 4920 autem
2045 4881 2170 4936 gra-

604 4971 730 5018 vata
769 4963 1058 5032 subjicitur
1088 4961 1373 5018 aﬂectibus
1405 4976 1436 5015 a
1481 4961 1693 5014 ratione
1734 4959 1947 5014 alienis.
1977 4956 2033 5010 Si
2065 4970 2170 5026 qua

604 5069 734 5110 vero
761 5056 1043 5110 calamitas
1091 5070 1158 5110 ex
1188 5054 1254 5109 iis
1283 5068 1420 5124 quas
1475 5052 1883 5106 numeravimus
1929 5047 2159 5111 accidat,

605 5151 791 5205 minus
815 5158 1009 5204 curant
1029 5158 1268 5203 ventrem
1305 5145 1573 5206 homines,
1610 5144 1898 5212 minusque
1929 5142 2169 5210 volupta-

604 5245 755 5298 tibus
796 5244 1127 5298 inserviunt:
1165 5238 1578 5310 temperantiam
1610 5245 1791 5290 autem
1828 5242 1882 5290 et
1914 5233 2165 5304 pietatem

606 5352 705 5407 pro
731 5336 875 5390 virili
919 5341 1324 5397 consectantur,
1362 5342 1436 5394 ct,
1476 5329 1657 5402 quoad
1678 5329 1792 5383 ﬁeri
1828 5335 2026 5397 potest,
2059 5341 2170 5379 me-

605 5430 771 5484 liores
795 5443 974 5482 mores
1000 5427 1252 5490 induunt,
1293 5425 1467 5496 pressi
1511 5423 1686 5493 magis
1712 5437 1873 5493 quam
1910 5418 2166 5475 secundis

606 5521 771 5578 rebus
813 5519 1088 5576 latiﬁcati.
1123 5518 1255 5587 Quae
1291 5518 1456 5590 igitur
1497 5517 1756 5588 nequitiae
1801 5515 2167 5569 attribuemus

605 5597 1213 5684 opinionejManichmi?
1276 5612 1436 5666 illane
1497 5626 1618 5682 quae
1679 5608 1866 5664 sensui
1942 5605 2162 5676 quidem

606 5707 799 5762 acerba
828 5715 976 5772 sunt,
1007 5707 1199 5761 eﬂcetu
1233 5720 1359 5760 vero
1392 5704 1544 5759 valde
1572 5701 1762 5757 utilia?
1797 5699 1930 5765 Quae
1970 5713 2162 5752 rursus

2264 4685 2350 4738 διὰ
2392 4684 2594 4756 πολλὴν
2628 4685 2884 4756 εὐπορίαν
2918 4684 3220 4758 ἀνθρώποις
3258 4687 3567 4756 ἐγγένηται,
3602 4689 3831 4761 γαστρὸς

2266 4777 2523 4831 ὲπιπλέον
2551 4777 2928 4848 πιαινομένης,
2955 4776 3252 4846 παχύνεται
3280 4779 3376 4848 μὲν
3405 4780 3433 4831 6
3453 4779 3596 4842 νοῦς,
3625 4779 3832 4833 ὑπτιοῦ-

2266 4889 2356 4925 ται
2381 4871 2438 4924 δὲ
2461 4872 2488 4922 ὁ
2517 4869 2791 4940 λογισμός⁸
2827 4868 3167 4940 βαρυνομένη
3186 4871 3244 4923 δὲ
3270 4873 3303 4942 ἡ
3327 4869 3495 4942 ψυχὴ,
3524 4873 3640 4934 τοῖς
3659 4872 3832 4940 ἀλογί-

2271 4982 2415 5027 στοις
2444 4963 2670 5016 πάθεσιν
2698 4961 3078 5016 ὐποϐάλλεται.
3116 4963 3178 5014 El
3219 4963 3277 5016 δέ
3312 4980 3397 5028 τις
3447 4965 3690 5037 συμϐαίη
3731 4965 3832 5018 τῶν

2267 5057 2710 5127 καταλεγομένων
2741 5055 3054 5129 συμφορῶν,
3085 5052 3245 5128 ἦττον
3283 5057 3380 5126 μὲν
3407 5058 3646 5128 γαστρὸς
3679 5075 3835 5130 φρονο

2266 5148 2503 5214 τίζουσιν
2531 5148 2823 5218 ἄνθρωποι,
2855 5144 3014 5217 ἦττον
3038 5147 3098 5199 δὲ
3125 5150 3243 5209 ταῖς
3272 5147 3484 5217 ἡδοναῖς
3503 5147 3830 5210 δουλεύουσι,

2271 5241 2620 5313 σωφροσύνην
2648 5257 2706 5292 τε
2733 5240 2826 5292 καὶ
2857 5236 3162 5302 εὐσέϐειαν,
3193 5239 3291 5310 ὅση
3307 5238 3554 5309 δύναμις,
3577 5238 3836 5310 μεταδιώ-

2270 5349 2442 5386 κουσι·
2476 5332 2569 5384 καὶ¹
2614 5331 2945 5401 βελτιούνται
2986 5330 3076 5383 τὸν
3104 5331 3324 5402 τρόπον,
3353 5330 3429 5395 ώς
3457 5327 3566 5382 οἷόν
3599 5349 3683 5396 τε,
3718 5349 3833 5385 πιε-

2273 5424 2485 5494 ζόμενοι
2517 5423 2712 5494 μᾶλλον
2754 5423 2786 5493 ἢ
2819 5423 3221 5494 εὐθηνούμενοι.
3268 5424 3405 5476 Ποῖα
3437 5422 3615 5478 τοίνυν
3674 5440 3837 5496 προσ-

2271 5515 2518 5585 οίσαιμεν
2543 5517 2612 5586 τῇ
2631 5515 2798 5587 κακῗᾳ
2821 5517 2960 5568 κατά
2981 5516 3071 5569 τὸν
3103 5516 3312 5568 ἐκείνου
3339 5515 3531 5583 λόγον;
3563 5521 3630 5570 τὰ
3651 5519 3720 5588 τῇ
3742 5516 3837 5587 μὲν

2271 5603 2515 5674 αἰσθήσει
2538 5601 2774 5674 λυπηρὰ,
2797 5607 2866 5675 τῇ
2883 5606 2936 5658 δὲ
2967 5605 3214 5678 ἐνεργείᾳ
3239 5605 3358 5659 λίαν
3385 5605 3640 5678 ὠφέλιμα
3662 5624 3676 5670 ;
3707 5609 3840 5661 Ποῖα

2269 5695 2323 5748 δὲ
2353 5695 2428 5766 τῷ
2453 5695 2676 5766 ἀγαθῷ;
2709 5696 2780 5750 τὰ
2797 5688 2922 5767 ἡδέα
2953 5699 3071 5769 μὲν,
3099 5699 3212 5752 ἔστι
3237 5700 3280 5752 δ’
3306 5693 3392 5754 ὅτε
3421 5699 3832 5770 βλαϐερώτατα;
