4072 6338
330 298 460 355 ιιδι

1398 306 1760 364 ADVERSUS
1800 307 2221 365 MANICHEOS
2255 308 2379 364 LIB.
2424 309 2484 363 ll.

3410 316 3544 369 illi!

328 419 441 491 (55)
464 422 559 474 καὶ
594 422 709 486 πῶς
741 423 801 476 οὐ
832 424 970 491 δόξει
995 425 1336 494 παιδαγωγὸς
1359 423 1497 482 εἶναι
1528 430 1725 500 μᾶλλον
1755 431 1868 502 πρὸς

1990 428 2435 499 bonoijucunda
2475 444 2561 491 ne,
2617 443 2735 497 quze
2784 428 3109 498 quandoque
3152 431 3541 486 nocentissima

326 512 527 583 ἀρετὴν
561 514 593 585 ὴ
632 516 798 569 κακία
834 518 924 570 τοῦ
964 518 1201 587 ἀγαθοῦς
1235 520 1489 583 πολλάκις
1525 523 1652 593 γὰρ,
1687 522 1778 585 οὒς
1813 524 1885 593 μὴ

330 603 623 672 μετέϐαλεν
656 606 745 658 ἐπὶ
778 607 836 660 τὸ
876 612 1118 680 κρεῖττον
1149 610 1397 681 εὐθηνία,
1443 614 1763 681 μετεποίησέ
1806 632 1887 678 τις

328 695 715 765 προσπεσοῦσα
745 696 885 768 λύπη
912 700 1004 751 καὶ
1030 702 1301 771 συμφοράο
1330 702 1533 754 δέονται
1557 702 1663 774 γάρ
1684 702 1888 775 ἄνθρω-

328 799 416 834 ποι
459 784 551 836 καὶ
592 785 841 841 τοιούτων
889 790 1046 842 τινῶν
1084 792 1432 862 ἀναμνήσεων
1471 793 1610 845 κατά
1642 796 1884 865 καιροὺς,

325 873 461 945 πρὸς
487 876 545 928 τὸ
571 876 926 948 διεγείρεσθαι
963 881 1052 933 τὸν
1082 881 1225 945 νοῦν,
1260 882 1352 936 καὶ
1384 883 1480 952 τῆς
1512 883 1749 948 πλείονος
1789 887 1889 955 ρᾳ-

328 964 537 1038 στὼνης
565 968 1011 1026 ἀπαλλάττεσθαι.

396 1057 458 1110 Εἰ
482 1061 580 1127 μὲν
596 1061 701 1131 γάρ
721 1063 1139 1135 εὐθηνουμένους
1159 1061 1224 1137 ἦν
1251 1066 1600 1130 ἰδεῖναύτοὺς,
1627 1069 1732 1121 τῶν
1755 1068 1885 1138 γοῦν

327 1150 576 1219 μεγάλων
596 1153 750 1225 ἀδικη
761 1155 941 1224 μάτων
954 1158 1339 1229 ἀπεχομένους,
1362 1163 1555 1234 μέτρια
1570 1164 1626 1217 δέ
1642 1162 1745 1233 πλη
1755 1181 1791 1232 μ
1798 1180 1885 1232 με·

324 1241 567 1306 λοῦντας,
581 1240 647 1316 ἦν
663 1246 726 1300 ἄν
738 1264 820 1310 τις
836 1246 1050 1316 εὔλογος
1066 1252 1397 1325 καταδρομὴ,
1414 1254 1487 1319 ὡς
1502 1255 1562 1308 οὺ
1576 1254 1712 1309 κατὰ
1728 1254 1883 1322 λόγον

323 1333 418 1386 καὶ
440 1334 545 1386 τῶν
559 1336 812 1392 τοιούτων
833 1356 894 1392 συ
903 1341 1247 1410 μϐαινόντωψ
1266 1348 1312 1396 εί
1327 1345 1383 1398 δὲ
1411 1345 1545 1416 πρὸς
1560 1347 1766 1400 τελείαν
1788 1346 1880 1400 τοῦ

323 1427 680 1496 χορηγοῦντος
701 1427 865 1501 λήθην
886 1432 982 1503 τὴν
1012 1432 1230 1505 διηνεκῆ
1254 1433 1361 1488 τῶν
1386 1436 1693 1505 ἀναγκαίων
1717 1437 1883 1505 ἀφθο-

324 1517 442 1569 νίαν
463 1518 844 1588 λαμϐάνουσιν·
862 1523 1155 1592 ἀναγκαῖόν
1184 1543 1312 1579 ποτε
1343 1530 1435 1580 καὶ
1450 1529 1509 1583 τό
1526 1528 1879 1597 διεγείρεσθαι

322 1617 442 1678 ταῖς
469 1618 770 1686 συμφοραῖς
792 1618 869 1680 εἰς
895 1617 1110 1687 μνήμην
1129 1616 1283 1683 Θεοῦ,
1300 1610 1407 1686 ᾧγε
1433 1618 1705 1689 προσῆκεν
1730 1619 1878 1673 ἀδιά-

320 1705 537 1757 λειπτον
580 1707 676 1775 τῆς
720 1706 860 1779 ὑπὲρ
900 1708 1055 1777 ἡμῶν
1104 1709 1422 1779 κηδεμονίας
1462 1708 1737 1779 ὁμολογεῖν
1783 1709 1879 1781 τὴν

1988 523 2150 578 sunt?
2183 538 2323 591 saepe
2367 522 2535 585 enim,
2585 535 2723 591 quos
2772 522 3104 589 prosperitas
3154 521 3219 572 ad
3265 523 3540 576 meliorem

1988 614 2192 684 frugem
2224 628 2331 666 non
2363 613 2612 675 mutavit,
2648 612 2829 665 luctus
2858 620 2909 665 et
2943 611 3229 665 calamitas
3258 622 3541 667 converte-

1987 714 2154 758 runt:
2196 702 2439 773 indigent
2483 702 2626 756 enim
2680 702 2925 757 homines
2980 703 3304 772 quandoque
3352 703 3544 773 hujus-

1985 792 2129 845 modi
2176 792 2637 846 admonitionibus
2676 791 2744 846 ad
2792 792 3132 846 excitandam
3194 802 3451 858 mentem,
3488 808 3540 850 et

1987 893 2045 938 ut
2077 900 2106 937 a
2136 886 2303 938 multa
2334 884 2673 939 mollitudine
2694 884 3011 938 liberentur.

2052 1056 2107 1111 Si
2148 1059 2289 1113 enim
2320 1058 2629 1113 videremus
2676 1059 2931 1115 secundis
2974 1062 3137 1116 rebus
3179 1062 3457 1130 ﬂorentes,
3507 1083 3535 1122 δ

1983 1150 2195 1219 magnis
2219 1150 2405 1203 saltem
2437 1150 2650 1219 injuriis
2676 1150 2969 1215 abstinere,
3004 1162 3057 1206 et
3081 1168 3242 1223 parva
3274 1157 3536 1212 maleﬁcia

1986 1240 2356 1302 committere,
2418 1248 2601 1310 posset
2656 1239 2852 1310 aliquis
2898 1255 3020 1294 cum
3060 1244 3272 1309 ratione
3324 1246 3379 1300 in
3421 1247 3536 1302 lure

1984 1330 2184 1397 invehi,
2220 1339 2477 1399 tanquam
2521 1338 2709 1385 contra
2742 1304 3007 1386 ra’tionem
3057 1333 3410 1391 acciderent:
3448 1342 3532 1394 sin

1981 1437 2109 1476 vero
2138 1422 2414 1477 abundare
2434 1438 2646 1492 semper
2665 1424 3011 1487 necessariis,
3039 1426 3363 1483 oblivionem
3393 1447 3537 1485 suni-

1982 1529 2122 1567 mam
2173 1515 2443 1585 largitoris
2484 1516 2637 1571 alTert
2684 1517 2837 1581 istis,
2888 1534 3111 1575 necesse
3159 1529 3277 1587 est,
3330 1533 3391 1579 ut
3438 1527 3534 1579 ali-

1980 1604 2197 1674 quando
2244 1607 2645 1663 calamitatibus
2679 1610 2937 1664 memoria
2973 1611 3066 1667 Dei
3099 1615 3396 1684 excitetur;
3444 1621 3529 1671 cui

1981 1698 2263 1767 oportebat
2295 1699 2411 1755 sine
2444 1700 2847 1757 intermissione
2873 1704 3080 1771 gratias
3110 1720 3271 1777 agere
3300 1724 3400 1777 pro
3431 1727 3527 1765 no-

321 1796 504 1866 χάριν.
533 1797 694 1849 Ὥστε
727 1798 989 1851 νουθετῶν
1017 1799 1147 1862 Θεὸς
1171 1799 1486 1871 ἀνθρώπους
1519 1802 1788 1871 οἰκονομεῖ
1813 1801 1868 1853 τό

1980 1796 2213 1843 strarum
2256 1806 2437 1845 rerum
2470 1793 2807 1861 providentia
2855 1804 2908 1849 et
2935 1800 3341 1865 procuratione.
3379 1800 3531 1857 Unde

320 1885 564 1950 τοιαῦτα,
613 1887 712 1939 οὐκ
752 1888 917 1959 ὀργῆς
966 1905 1108 1950 τινος
1142 1888 1303 1941 πάθει
1333 1889 1711 1959 κατεχόμενος,
1746 1887 1879 1941 ἀλλά

321 1977 647 2046 κηδεμονίας
680 1978 773 2030 καὶ
806 1978 905 2048 τῆς
931 1978 1038 2031 τῶν
1067 1979 1332 2049 δεομένων
1357 1981 1687 2051 ἐπιστροφῆς
1718 1997 1879 2050 μετα-

322 2066 657 2137 ποιούμενος.
684 2069 815 2121 Οὐδὲ
840 2068 946 2140 γάρ
968 2069 1155 2137 φιλανθ
1166 2070 1371 2140 ρωπίας
1392 2072 1488 2140 τῆς
1515 2070 1771 2124 ἀνωτάτω
1783 2071 1878 2123 καὶ

318 2159 578 2230 ἀκριϐοῦς
611 2160 675 2213 ἂν
717 2162 799 2232 εἴη
830 2160 891 2213 τὸ
924 2159 1336 2231 ὑποκορίζεσθαι
1362 2178 1422 2229 γε
1456 2162 1778 2232 χρηστότητι
1810 2162 1879 2215 τὰ

319 2249 637 2321 ἀνθρώπινα
674 2250 841 2321 πάθη,
885 2251 976 2303 καὶ
1009 2252 1086 2321 τῷ
1119 2251 1500 2322 ἀνεπιπλήκτῳ
1525 2252 1621 2322 τὴν
1654 2252 1878 2323 αῠξησιν

316 2342 501 2404 αὐτοῖς
534 2341 864 2411 ἐπιτρέπεινο
896 2341 1201 2393 τούναντίον
1230 2340 1338 2410 γὰρ
1366 2339 1521 2393 τοῦτο
1549 2340 1682 2411 πρὸς
1714 2342 1879 2393 ἀπανο

318 2433 564 2505 θρωπίαν
590 2434 709 2504 ὁρᾷ,
745 2434 877 2501 εἴγε,
913 2432 1229 2503 βουλόμενος
1254 2433 1354 2501 τῆς
1376 2432 1515 2484 κατά
1540 2432 1599 2484 τὸ
1629 2432 1879 2502 ιραινόμε⁶

313 2542 405 2579 νον
435 2523 508 2594 μὴ
535 2523 837 2589 ἐξίστασθαι
859 2524 1239 2595 χρηστότητος,
1257 2523 1553 2586 ἐπιϐούλως
1573 2523 1875 2594 συγχωροίη

314 2616 453 2684 πρὸς
482 2615 696 2667 ἔκλυσιν
728 2614 924 2677 κακίας
952 2615 1124 2685 πάντη
1151 2614 1509 2667 καταπίπτειν
1534 2615 1657 2676 τοὺς
1677 2613 1877 2685 ἀνθρώ-

313 2722 470 2767 πους·
506 2704 647 2773 λέγω
681 2704 757 2768 δὲ,
796 2705 864 2757 τὰ
898 2705 1108 2775 χρηστά
1145 2704 1425 2776 παρέχων,
1454 2704 1548 2757 καί⁵
1580 2704 1645 2756 τά
1671 2703 1877 2775 νομιζό-

313 2816 454 2868 μενα
503 2797 722 2868 λυπηρά
770 2799 1079 2865 ἀναγκαίως
1138 2799 1349 2865 ἐπάγει·
1386 2798 1509 2850 οὐδὲ
1547 2797 1655 2868 γὰρ
1695 2798 1875 2869 πατὴρ

314 2888 736 2959 πλημμελοῦντα
755 2888 914 2941 παῖδα
935 2888 1147 2941 τύπτων
1170 2887 1549 2959 ἀπάνθρωποςο
1571 2888 1874 2942 τούναντίον

313 2978 415 3046 μὲν
437 2974 549 3041 οὖν,
577 2980 623 3031 εἰ
650 2979 725 3048 μὴ
760 2978 893 3048 πρὸς
926 2978 1307 3048 ἐπιστρέφειαν
1336 2978 1456 3046 ἄγοι
1480 2976 1683 3039 τοῦτον,
1709 2978 1770 3031 οὐ
1796 2976 1876 3030 δό-

310 3070 393 3138 ξει
444 3069 608 3138 φειδὼ
648 3069 913 3139 πατρικὴν
936 3069 1334 3122 ἐνδείκνυσθαι’
1384 3069 1502 3121 οὐδὲ
1539 3069 1748 3138 τέμνων
1778 3069 1872 3122 καὶ

1980 1882 2277 1938 admonens
2308 1882 2446 1938 Deus
2474 1884 2738 1947 homines,
2770 1887 2899 1939 talia
2924 1888 3206 1957 dispensat
3237 1906 3300 1945 ac
3336 1894 3530 1963 guber-

1980 1978 2094 2036 nat,
2130 1988 2235 2026 non
2270 1974 2657 2043 perturbationi
2706 1976 2798 2031 iraa
2842 1978 3163 2045 inserviens,
3218 1982 3311 2036 sed
3343 1998 3527 2037 curam

1980 2064 2310 2133 amplectens
2339 2082 2431 2120 eos
2461 2068 2832 2131 convertendi,
2863 2084 3000 2138 quos
3030 2086 3168 2139 opus
3194 2080 3276 2127 est
3305 2089 3531 2131 conver-

1979 2161 2108 2207 tere.
2153 2153 2261 2209 Nec
2308 2157 2449 2209 enim
2495 2158 2963 2214 excellentissima:
3019 2169 3073 2214 et
3106 2162 3356 2230 perfectae
3402 2181 3528 2236 erga

1980 2242 2224 2299 homines
2255 2244 2534 2299 charitatis
2557 2254 2720 2310 esset,
2752 2246 3015 2303 humanas
3048 2251 3398 2320 aegritudines
3420 2270 3528 2324 pra:

1980 2331 2198 2386 lenitate
2229 2341 2541 2398 extenuare,
2569 2345 2623 2390 et
2662 2336 3053 2391 incrementum
3106 2339 3188 2394 eis
3214 2343 3528 2409 permittere

1978 2438 2087 2478 non
2118 2424 2445 2495 increpando
2472 2446 2485 2480 :
2511 2427 2640 2497 quin
2670 2428 2851 2498 potius
2878 2437 3089 2494 contra,
3125 2433 3190 2485 ad
3218 2433 3527 2488 inhumani-

1978 2526 2139 2571 tatem
2166 2518 2265 2572 hoc
2302 2527 2587 2587 spectaret,
2620 2521 2664 2575 si
2694 2535 2814 2574 cum
2854 2523 3011 2577 vellet
3042 2539 3147 2578 non
3178 2528 3427 2583 recedere
3463 2533 3528 2581 ab

1974 2622 2037 2661 ea
2089 2607 2306 2664 lenitate
2335 2625 2455 2679 quae
2499 2611 2732 2680 speciem
2779 2620 2988 2667 tantum
3038 2615 3220 2681 habet,
3266 2619 3529 2675 insidiose

1975 2698 2308 2765 permitteret
2339 2699 2394 2752 in
2436 2698 2846 2755 dissolutionem
2879 2704 3132 2773 nequitia:
3161 2709 3383 2764 omnino
3429 2711 3526 2764 bo-

1974 2787 2147 2843 mines
2180 2789 2444 2846 decidere.
2477 2789 2605 2844 Dico
2630 2800 2808 2845 autem
2841 2793 2981 2848 lenia
3024 2798 3261 2865 praebere
3292 2801 3524 2860 ratione.

1980 2888 2033 2933 et
2080 2895 2142 2934 ea
2188 2895 2307 2949 quae
2349 2881 2542 2935 acerba
2576 2893 2852 2952 putantur,
2895 2892 3207 2944 necessario
3256 2892 3519 2963 inﬂigere.

1973 2965 2084 3021 Nec
2109 2969 2252 3023 enim
2281 2976 2435 3038 pater
2462 2985 2584 3024 cum
2616 2972 2783 3025 [ilium
2819 2975 3219 3047 delinquentem
3257 2983 3520 3041 verberat.

1975 3057 2303 3113 inhumanus
2339 3068 2422 3113 est
2452 3078 2463 3113 :
2494 3069 2680 3114 contra
2708 3064 2909 3133 potius,
2938 3066 2983 3121 si
3016 3068 3159 3122 hunc
3196 3070 3263 3123 ad
3296 3087 3522 3129 conver~

309 3162 482 3215 γαίων
516 3160 695 3230 ἰατρὸς
728 3160 899 3213 ἑλκῶν
936 3161 1123 3230 νομάς·
1156 3159 1267 3213 ἀλλ’
1306 3161 1414 3230 ὅσῳ
1451 3159 1543 3212 τοῦ
1581 3158 1737 3226 λόγου
1770 3161 1868 3231 τῆς

1973 3148 2176 3203 sionem
2209 3165 2318 3204 non
2350 3151 2672 3215 traduceret,
2711 3162 2988 3223 paternam
3032 3161 3423 3227 providentiam
3459 3180 3523 3217 ac

307 3254 504 3325 τέχνης
527 3255 915 3323 μεταποιεῖται,
944 3252 1178 3321 τοσούτῳ
1200 3251 1509 3321 φειδόμενος
1529 3250 1621 3303 τοῦ
1644 3251 1870 3321 κάμνον-

306 3361 400 3407 τος
435 3344 696 3415 προσάγει
735 3343 830 3414 τὴν
864 3341 1127 3411 ἀλγηδόνα
1171 3340 1278 3392 τῶν
1310 3338 1717 3411 αύστηροτέρων
1745 3337 1869 3408 βοη-

307 3437 588 3508 θημάτων,
623 3436 697 3499 ὡς
728 3434 1094 3502 ἀπολουμένου
1122 3434 1217 3503 μὲν
1244 3431 1376 3502 πρὸς
1418 3430 1522 3483 τῶν
1562 3428 1730 3481 ἑλκῶν
1771 3430 1865 3483 τοῦ

306 3529 627 3598 κάμνοντος,
668 3530 716 3581 εἰ
753 3527 825 3600 μὴ
859 3527 1042 3580 τοῦτον
1070 3525 1355 3598 βοηθηθείη
1390 3523 1479 3575 τὸν
1512 3522 1728 3593 τρόπον·
1756 3538 1859 3574 σω-

304 3619 604 3690 θησομένου
634 3620 713 3685 δὲ,
745 3620 913 3690 τομῆς
938 3634 995 3671 τε
1026 3618 1119 3670 καὶ
1142 3617 1431 3688 καυτῆρος,
1466 3617 1514 3667 εί
1549 3614 1676 3676 δέοι,
1708 3628 1865 3683 προσ-

302 3709 605 3779 ἀγομένων.

1970 3239 2396 3295 misericordiam
2432 3242 2629 3299 habere
2654 3260 2764 3298 non
2796 3247 3088 3303 videretur.
3120 3250 3227 3306 Nec
3248 3255 3392 3307 enim
3418 3271 3524 3309 me—

1969 3329 2123 3385 dicus
2151 3345 2274 3383 cum
2304 3344 2452 3385 secat
2477 3339 2532 3387 et
2577 3335 2685 3387 urit
2729 3336 2884 3391 ulcus
2917 3354 3161 3408 serpens,
3196 3342 3522 3401 inhumanus

1968 3428 2085 3487 est;
2138 3422 2246 3475 imo
2287 3435 2490 3492 quanto
2543 3426 2716 3494 magis
2771 3430 3037 3484 rationem
3095 3434 3226 3489 artis
3280 3436 3518 3499 adhibet,

1969 3522 2117 3567 tanto
2162 3515 2334 3586 magis
2361 3525 2422 3570 ut
2462 3529 2721 3587 aegrotum
2771 3532 2945 3587 sanet,
2980 3524 3220 3581 dolorem
3264 3543 3329 3583 ex
3363 3546 3516 3585 seve-

1971 3606 2207 3661 rioribus
2253 3608 2506 3663 remediis
2537 3609 2781 3678 inducit;
2814 3620 3068 3683 tanquam
3102 3619 3418 3678 interiturus
3450 3626 3521 3676 sit

1966 3712 2105 3767 aeger
2154 3699 2224 3751 ab
2268 3697 2562 3761 ulceribus,
2606 3701 2710 3752 nisi
2746 3702 2848 3755 hoc
2888 3704 3048 3758 modo
3094 3709 3385 3764 auxilietur
3430 3715 3516 3779 ei;

1966 3792 2242 3847 sanandus
2274 3805 2422 3855 vero,
2458 3792 2696 3848 sectione
2726 3802 2780 3848 et
2810 3796 3021 3853 ustione
3054 3800 3333 3857 adhibitis.

474 3918 603 3973 Car.
636 3916 750 3971 XV.
791 3915 1058 3970 Malorum
1093 3916 1351 3984 asperitas
1391 3913 1684 3968 hominibus
1718 3910 2012 3974 tribuenda,
2042 3909 2132 3980 qui
2163 3908 2316 3961 malis
2347 3907 2655 3963 abutuntur.
2690 3909 2873 3966 Manes
2919 3930 3089 3967 secum
3122 3929 3341 3986 pugnat.

375 4036 556 4100 Ὥστε,
586 4036 726 4089 κατά
763 4035 823 4087 τὸ
864 4033 1182 4103 ὑπόδειγμα,
1216 4032 1487 4105 ἄνθρωποί
1527 4034 1661 4085 εἰσιν
1701 4031 1749 4083 οἰ
1787 4030 1856 4083 τά

296 4147 364 4199 γε
407 4129 602 4201 ἀνιαρά
646 4128 921 4190 ποιοῦντες
944 4126 1066 4180 καθ’
1100 4126 1305 4179 ἐαυτῶν
1346 4125 1541 4195 μᾶλλον
1571 4125 1603 4194 ἢ
1646 4124 1673 4175 ὁ
1703 4123 1854 4185 Θεὸς,

293 4222 348 4274 οἱ
389 4219 488 4291 τὴν
532 4220 719 4290 χρείαν
756 4218 849 4272 καὶ
879 4218 1005 4281 τοὺς
1040 4218 1261 4289 καιροὺς
1290 4217 1545 4287 προθέσει
1578 4232 1640 4284 γε
1682 4216 1857 4285 οἰκείᾳ

2026 4028 2406 4093 Quamobrem,
2440 4036 2498 4081 ut
2539 4029 2638 4083 hoc
2666 4032 2967 4101 exemplum
3022 4034 3217 4099 docet,
3272 4036 3518 4092 homines

1957 4122 2137 4191 potius
2166 4135 2329 4189 quam
2359 4119 2501 4176 Deus
2552 4130 2697 4188 sunt,
2731 4124 2821 4193 qui
2851 4140 3039 4194 aspera
3073 4134 3125 4180 et
3174 4129 3367 4181 acerba
3416 4130 3515 4183 sibi

1959 4215 2217 4279 inferunt,
2252 4215 2345 4284 qui
2374 4231 2528 4270 usum
2559 4225 2613 4269 et
2633 4220 3062 4286 opportunitates
3097 4223 3354 4292 temporis
3388 4239 3515 4294 pru-

296 4310 899 4381 προκατασκευάζοντες
921 4308 1008 4361 διά
1033 4308 1139 4360 τῶν
1168 4306 1381 4359 οἰκείων
1406 4304 1593 4359 παθῶν
1613 4321 1625 4335 ’
1652 4304 1727 4368 ὡς
1749 4305 1855 4376 γάρ

1969 4306 2136 4374 posito
2165 4306 2383 4376 preprio
2419 4322 2514 4375 per
2560 4308 2783 4365 allectus
2827 4326 2955 4365 suos
2988 4322 3330 4382 praeparant:
3375 4316 3516 4368 sicut

292 4403 389 4457 τοῦ
422 4404 691 4474 καυτῆρος
723 4404 821 4471 οὐχ
852 4402 880 4453 ὁ
922 4400 1101 4470 ἰατρὸς
1142 4402 1284 4451 ποιεῖ
1306 4396 1396 4450 τὸν
1436 4398 1621 4469 καιρόν
1667 4415 1724 4451 τε
1764 4397 1855 4450 καὶ

1969 4399 2098 4452 enim
2124 4398 2363 4454 medicus
2390 4414 2497 4453 non
2545 4397 2694 4462 facit,
2745 4410 2801 4455 ut
2832 4418 2967 4472 opus
3012 4405 3083 4459 sit
3114 4420 3270 4460 urere
3299 4417 3351 4460 et
3379 4415 3515 4460 tem-

288 4497 391 4567 τὴν
419 4495 628 4568 χρείαν,
656 4494 788 4547 ἀλλά
810 4494 869 4546 τὸ
898 4492 1249 4562 ὑποκείμενον
1272 4489 1426 4554 ἕλκος
1447 4492 1540 4544 καὶ
1562 4490 1647 4543 τὸν
1676 4489 1854 4560 ἰατρὸν

1969 4505 2056 4561 pus
2089 4490 2300 4554 urendi,
2326 4492 2419 4546 sed
2455 4491 2610 4547 ulcus
2641 4502 2694 4547 ct
2727 4494 2993 4548 medicum
3019 4497 3237 4551 adducit
3265 4506 3317 4553 et
3345 4500 3515 4552 ustio-

291 4589 593 4656 ἐπείγεται,
628 4588 718 4641 καὶ
764 4586 854 4639 τὸν
891 4588 1135 4655 καυτῆρα
1176 4583 1347 4646 καλεῖ,
1382 4582 1520 4636 οὕτω
1556 4582 1618 4652 δὴ
1661 4583 1754 4635 καὶ
1785 4581 1854 4634 τὰ

1969 4599 2075 4637 1cm
2106 4593 2291 4649 vocat;
2348 4583 2428 4637 sic
2483 4584 2729 4639 humana:
2774 4585 3084 4641 aﬂectiones
3118 4586 3282 4642 Deum
3328 4605 3513 4644 accer-

291 4679 609 4751 ἀνθρώπινα
669 4677 813 4747 πάθη
866 4675 1214 4746 προκαλεῖται
1265 4672 1373 4725 τῶν
1426 4674 1505 4736 εἰς
1559 4672 1851 4743 θεραπείαν

290 4772 671 4826 συντεινόντων
699 4770 849 4839 παρᾶ
880 4767 1015 4820 Θεοῦ
1048 4766 1146 4838 τὴν
1182 4765 1515 4836 ἐπιμέλειαν,
1548 4765 1748 4835 ἥκιστά
1788 4782 1850 4833 γε

286 4865 616 4937 ἀνεχομένου
641 4863 746 4916 τῶν
774 4859 1093 4930 ἀνθρώπων,
1127 4858 1201 4922 ὡς
1235 4858 1432 4912 οἰκείου
1469 4856 1628 4927 ἔργου
1656 4859 1729 4928 μὴ
1762 4858 1848 4911 διὰ

286 4958 491 5020 παντὸς
528 4957 770 5027 προνοεῖν
792 4971 805 4984 ’
850 4951 1111 5024 ἐπέτρεψε
1145 4951 1240 5021 μὲν
1281 4950 1385 5025 γὰρ
1411 4949 1713 5022 ἀνθρώποις
1750 4952 1848 5022 τῆς

283 5050 489 5121 ἀρετῆς
536 5050 629 5103 καὶ
659 5049 758 5118 τῆς
801 5045 1200 5115 καλοκαγαθίας
1232 5044 1533 5115 ἐλευθέριον
1564 5044 1708 5115 ἔχειν
1747 5046 1847 5115 τὴν

282 5144 514 5213 αἵρεσιν.
555 5140 855 5211 ’Υπερείδει
889 5138 1069 5209 μέντοι
1109 5137 1170 5191 τὸ
1207 5138 1341 5207 πρὸς
1377 5136 1445 5189 τὰ
1476 5136 1620 5206 πάθη
1651 5137 1845 5207 σαθρὸν

279 5240 314 5321 η
324 5236 440 5306 μῶν
471 5234 534 5287 δι’
561 5230 635 5289 ὧν
659 5232 899 5304 ἐναργῶς
923 5233 1067 5286 ἔστιν
1092 5233 1179 5286 ὅτε
1198 5232 1436 5285 νουθετεῖ
1462 5233 1555 5285 καὶ
1581 5230 1844 5321 ἐπιπλήτ-

278 5346 395 5383 τει⁹
430 5327 553 5381 οὕτε
582 5326 842 5399 διηνεκῶς
875 5326 1092 5394 ἐπάγων
1119 5324 1189 5377 τὰ
1216 5321 1608 5394 αὐστηρότερα,
1644 5322 1730 5373 ἵνα
1766 5320 1839 5391 μὴ

276 5424 345 5492 τῇ
387 5420 600 5492 ἀνάγκῃ
646 5419 743 5489 τῆς
795 5416 1095 5487 κατηφείας
1140 5415 1200 5467 τὸ
1246 5413 1545 5484 ἐλευθέριον
1593 5409 1796 5482 ἐκϐάλῃ
1823 5427 1835 5439 ·

276 5510 398 5566 οὔτε
439 5510 633 5579 ἄφετον
678 5509 853 5577 πάντη
895 5508 992 5578 τὴν
1040 5505 1212 5577 ὁρμὴν
1244 5507 1340 5577 τῆς
1390 5502 1666 5578 ῥᾳστώνης
1706 5505 1837 5574 ἡμῖν

344 5628 453 5698 (55)
490 5625 597 5682 Καὶ
644 5624 787 5698 πῶς.

275 5694 441 5769 quam
460 5697 647 5751 bonum
667 5698 690 5751 ?
714 5697 834 5749 llaec
860 5694 1113 5764 fugerunt
1150 5696 1518 5765 interpretem.

555 5793 822 5851 Ρλτιιοις.
857 5791 973 5851 Gn.
1019 5791 1244 5851 XVIII.

1952 4682 2080 4729 sunt
2106 4674 2173 4728 ad
2193 4690 2255 4729 ea
2282 4676 2603 4739 adhibenda,
2625 4692 2743 4746 qua:
2765 4676 2830 4731 ad
2853 4680 3184 4733 curationem
3209 4683 3473 4751 pertinent
3497 4701 3510 4743 ;

1951 4768 2043 4838 qui
2074 4768 2295 4822 minime
2342 4768 2561 4838 patitur,
2591 4770 2722 4838 quin
2773 4769 3082 4825 hominibus
3139 4787 3351 4843 semper
3390 4782 3509 4827 lan-

1948 4873 2111 4929 quam
2145 4860 2293 4930 operi
2333 4876 2432 4915 suo
2459 4861 2680 4930 provida
2711 4877 2840 4916 cura
2875 4865 3190 4934 prospiciat.
3223 4864 3509 4920 Commisit

1948 4953 2092 5006 enim
2127 4952 2455 5018 hominibus,
2495 4965 2552 5009 ut
2612 4954 2872 5010 haberent
2919 4956 3142 5010 liberam
3189 4957 3507 5011 electionem

1947 5042 2169 5097 virtutis
2198 5059 2261 5097 ac
2296 5046 2600 5114 probitatis.
2638 5046 2791 5111 Quod
2824 5055 3002 5103 tamen
3034 5049 3087 5102 in
3129 5050 3285 5105 nobis
3314 5060 3397 5104 est
3426 5050 3508 5103 iu-

1947 5134 2157 5189 ﬁrmum
2189 5136 2253 5189 ad
2281 5137 2611 5202 aifectiones,
2646 5138 2800 5193 fulcit
2844 5154 2908 5195 ac
2945 5140 3121 5194 ﬁrmat
3159 5156 3254 5210 per
3300 5156 3361 5195 ea
3390 5157 3510 5209 qum

1944 5227 2214 5282 interdum
2247 5228 2313 5282 ad
2348 5229 2745 5285 admonendum
2774 5238 2827 5284 et
2867 5231 3250 5299 increpandum
3284 5231 3507 5284 manife-

1944 5329 2030 5375 sto
2088 5322 2340 5390 adhibet;
2393 5339 2567 5393 neque
2616 5334 2874 5393 perpetuo
2926 5340 3045 5395 quae
3099 5325 3401 5379 austeriora
3455 5335 3506 5377 et

1942 5415 2220 5469 acerbiora
2251 5424 2400 5481 sunt,
2427 5416 2709 5479 inducens,
2746 5424 2804 5471 ut
2843 5418 3166 5473 necessitate
3190 5426 3244 5472 et
3283 5419 3335 5471 vi
3370 5433 3503 5471 mmv

1941 5510 2082 5564 roris
2111 5508 2413 5563 libertatem
2450 5524 2557 5563 non
2583 5508 2864 5575 excludat;
2910 5526 3085 5580 neque
3114 5525 3305 5565 rursus
3338 5509 3501 5564 relin-

922 5622 1164 5693 ἀγαθοῦ.
1228 5623 1294 5677 Et
1347 5622 1602 5693 quomodo
1661 5622 1857 5676 malum
1907 5640 2009 5678 non
2060 5624 2321 5679 videbitur
2368 5641 2477 5679 esse
2516 5624 2826 5695 paedagogus
2877 5626 2945 5680 ad
2993 5627 3274 5690 virtutem,
3318 5624 3493 5693 potius

3096 5787 3169 5845 37
