  <div class='ocr_page' id='page_1' title='image "/cluster/home/n/w/nwhite01/storage/ocr_20150623/18/hvd.32044073501215/591.png"; bbox 0 0 4072 6338; ppageno 0'>
   <div class='ocr_carea' id='block_1_1' title="bbox 601 264 738 320">
    <p class='ocr_par' dir='ltr' id='par_1_1' title="bbox 601 264 738 320">
     <span class='ocr_line' id='line_1_1' title="bbox 601 264 738 320; baseline -0.015 0"><span class='ocrx_word' id='word_1_1' title='bbox 601 264 738 320; x_wconf 71' lang='lat'><strong>“63</strong></span> 
     </span>
    </p>
   </div>
   <div class='ocr_carea' id='block_1_2' title="bbox 1743 267 2684 327">
    <p class='ocr_par' dir='ltr' id='par_1_2' title="bbox 1743 267 2684 327">
     <span class='ocr_line' id='line_1_2' title="bbox 1743 267 2684 327; baseline 0.004 -5"><span class='ocrx_word' id='word_1_2' title='bbox 1743 268 1874 324; x_wconf 82' lang='lat' dir='ltr'><strong>TITI</strong></span> <span class='ocrx_word' id='word_1_3' title='bbox 1919 267 2341 325; x_wconf 77' lang='lat' dir='ltr'><strong>BOSTRENSIS</strong></span> <span class='ocrx_word' id='word_1_4' title='bbox 2380 269 2684 327; x_wconf 76' lang='lat' dir='ltr'><strong>EPISCOPI</strong></span> 
     </span>
    </p>
   </div>
   <div class='ocr_carea' id='block_1_3' title="bbox 3685 276 3825 332">
    <p class='ocr_par' dir='ltr' id='par_1_3' title="bbox 3685 276 3825 332">
     <span class='ocr_line' id='line_1_3' title="bbox 3685 276 3825 332; baseline 0.029 -4"><span class='ocrx_word' id='word_1_5' title='bbox 3685 276 3825 332; x_wconf 63' lang='grc' dir='ltr'><strong>Ητῖἑ</strong></span> 
     </span>
    </p>
   </div>
   <div class='ocr_carea' id='block_1_4' title="bbox 595 379 2142 462">
    <p class='ocr_par' dir='ltr' id='par_1_4' title="bbox 595 379 2142 454">
     <span class='ocr_line' id='line_1_4' title="bbox 595 379 2142 454; baseline 0.005 -20"><span class='ocrx_word' id='word_1_6' title='bbox 595 396 769 450; x_wconf 83' lang='lat' dir='ltr'><strong>quens</strong></span> <span class='ocrx_word' id='word_1_7' title='bbox 803 381 961 436; x_wconf 86' lang='lat' dir='ltr'><strong>nobis</strong></span> <span class='ocrx_word' id='word_1_8' title='bbox 1011 379 1305 451; x_wconf 86' lang='lat' dir='ltr'><strong>appetitum</strong></span> <span class='ocrx_word' id='word_1_9' title='bbox 1336 383 1564 454; x_wconf 88' lang='lat' dir='ltr'><strong>segnitie</strong></span> <span class='ocrx_word' id='word_1_10' title='bbox 1609 386 1832 440; x_wconf 79' lang='lat' dir='ltr'><strong>omnino</strong></span> <span class='ocrx_word' id='word_1_11' title='bbox 1873 390 2142 454; x_wconf 84' lang='lat' dir='ltr'><strong>solutum,</strong></span> 
     </span>
    </p>
   </div>
   <div class='ocr_carea' id='block_1_5' title="bbox 2241 379 3827 462">
    <p class='ocr_par' dir='ltr' id='par_1_5' title="bbox 2249 389 3827 462">
     <span class='ocr_line' id='line_1_5' title="bbox 2249 389 3827 462; baseline 0 -19"><span class='ocrx_word' id='word_1_12' title='bbox 2249 390 2692 460; x_wconf 85' lang='grc' dir='ltr'>καταλιμπάνων,</span> <span class='ocrx_word' id='word_1_13' title='bbox 2745 391 2831 444; x_wconf 82' lang='grc' dir='ltr'><strong>ἴνα</strong></span> <span class='ocrx_word' id='word_1_14' title='bbox 2886 391 2960 461; x_wconf 83' lang='grc' dir='ltr'>μὴ</span> <span class='ocrx_word' id='word_1_15' title='bbox 3005 391 3102 453; x_wconf 80' lang='grc' dir='ltr'>τὰς</span> <span class='ocrx_word' id='word_1_16' title='bbox 3145 389 3443 462; x_wconf 67' lang='grc' dir='ltr'>προλήψεις</span> <span class='ocrx_word' id='word_1_17' title='bbox 3486 389 3593 442; x_wconf 85' lang='grc' dir='ltr'>τῶν</span> <span class='ocrx_word' id='word_1_18' title='bbox 3635 389 3827 443; x_wconf 65' lang='grc' dir='ltr'>παθῶν</span> 
     </span>
    </p>
   </div>
   <div class='ocr_carea' id='block_1_6' title="bbox 597 472 2158 543">
    <p class='ocr_par' dir='ltr' id='par_1_6' title="bbox 597 472 2158 543">
     <span class='ocr_line' id='line_1_6' title="bbox 597 472 2158 543; baseline 0.005 -17"><span class='ocrx_word' id='word_1_19' title='bbox 597 487 663 527; x_wconf 87' lang='lat' dir='ltr'><strong>ne</strong></span> <span class='ocrx_word' id='word_1_20' title='bbox 710 472 1126 543; x_wconf 88' lang='lat' dir='ltr'><strong>anticipationes</strong></span> <span class='ocrx_word' id='word_1_21' title='bbox 1163 472 1506 530; x_wconf 66' lang='lat' dir='ltr'><strong>aﬂ‘ectionum</strong></span> <span class='ocrx_word' id='word_1_22' title='bbox 1568 477 1686 531; x_wconf 88' lang='lat' dir='ltr'><strong>sine</strong></span> <span class='ocrx_word' id='word_1_23' title='bbox 1737 479 2022 534; x_wconf 86' lang='lat' dir='ltr'><strong>curatione</strong></span> <span class='ocrx_word' id='word_1_24' title='bbox 2075 479 2158 533; x_wconf 78' lang='lat' dir='ltr'><strong>di~</strong></span> 
     </span>
    </p>
   </div>
   <div class='ocr_carea' id='block_1_7' title="bbox 597 565 2156 634">
    <p class='ocr_par' dir='ltr' id='par_1_7' title="bbox 597 565 2156 634">
     <span class='ocr_line' id='line_1_7' title="bbox 597 565 2156 634; baseline 0.004 -16"><span class='ocrx_word' id='word_1_25' title='bbox 597 565 812 631; x_wconf 84' lang='lat' dir='ltr'><strong>mittat;</strong></span> <span class='ocrx_word' id='word_1_26' title='bbox 856 571 1148 634; x_wconf 89' lang='lat' dir='ltr'><strong>utrumque</strong></span> <span class='ocrx_word' id='word_1_27' title='bbox 1178 566 1442 634; x_wconf 70' lang='lat' dir='ltr'><strong>sapientia</strong></span> <span class='ocrx_word' id='word_1_28' title='bbox 1474 567 1735 622; x_wconf 76' lang='lat' dir='ltr'><strong>incﬂ&#39;abili</strong></span> <span class='ocrx_word' id='word_1_29' title='bbox 1766 569 1836 624; x_wconf 80' lang='lat' dir='ltr'><strong>ad</strong></span> <span class='ocrx_word' id='word_1_30' title='bbox 1869 570 2156 625; x_wconf 88' lang='lat' dir='ltr'><strong>utilitatem</strong></span> 
     </span>
    </p>
   </div>
   <div class='ocr_carea' id='block_1_8' title="bbox 595 655 2158 733">
    <p class='ocr_par' dir='ltr' id='par_1_8' title="bbox 595 655 2158 733">
     <span class='ocr_line' id='line_1_8' title="bbox 595 655 2158 733; baseline 0.004 -23"><span class='ocrx_word' id='word_1_31' title='bbox 595 656 871 712; x_wconf 82' lang='lat' dir='ltr'><strong>hominum</strong></span> <span class='ocrx_word' id='word_1_32' title='bbox 893 655 1170 726; x_wconf 88' lang='lat' dir='ltr'><strong>dispensat</strong></span> <span class='ocrx_word' id='word_1_33' title='bbox 1188 665 1240 711; x_wconf 90' lang='lat' dir='ltr'><strong>et</strong></span> <span class='ocrx_word' id='word_1_34' title='bbox 1260 659 1591 723; x_wconf 83' lang='lat' dir='ltr'><strong>moderatur,</strong></span> <span class='ocrx_word' id='word_1_35' title='bbox 1619 661 1711 730; x_wconf 90' lang='lat' dir='ltr'><strong>qui</strong></span> <span class='ocrx_word' id='word_1_36' title='bbox 1731 662 2158 733; x_wconf 80' lang='lat' dir='ltr'><strong>uniuscujusque</strong></span> 
     </span>
    </p>
   </div>
   <div class='ocr_carea' id='block_1_9' title="bbox 594 754 1406 821">
    <p class='ocr_par' dir='ltr' id='par_1_9' title="bbox 594 754 1406 821">
     <span class='ocr_line' id='line_1_9' title="bbox 594 754 1406 821; baseline 0.004 -18"><span class='ocrx_word' id='word_1_37' title='bbox 594 758 805 820; x_wconf 84' lang='lat' dir='ltr'><strong>tempus</strong></span> <span class='ocrx_word' id='word_1_38' title='bbox 839 759 1202 821; x_wconf 89' lang='lat' dir='ltr'><strong>opportunum</strong></span> <span class='ocrx_word' id='word_1_39' title='bbox 1236 754 1406 807; x_wconf 84' lang='lat' dir='ltr'><strong>novit.</strong></span> 
     </span>
    </p>
   </div>
   <div class='ocr_carea' id='block_1_10' title="bbox 663 840 2152 903">
    <p class='ocr_par' dir='ltr' id='par_1_10' title="bbox 663 840 2152 903">
     <span class='ocr_line' id='line_1_10' title="bbox 663 840 2152 903; baseline 0.005 -9"><span class='ocrx_word' id='word_1_40' title='bbox 663 840 855 896; x_wconf 88' lang='lat' dir='ltr'><strong>Statim</strong></span> <span class='ocrx_word' id='word_1_41' title='bbox 890 850 948 896; x_wconf 92' lang='lat' dir='ltr'><strong>ut</strong></span> <span class='ocrx_word' id='word_1_42' title='bbox 979 842 1181 899; x_wconf 85' lang='lat' dir='ltr'><strong>videris</strong></span> <span class='ocrx_word' id='word_1_43' title='bbox 1235 852 1390 899; x_wconf 67' lang='lat' dir='ltr'><strong>terrae</strong></span> <span class='ocrx_word' id='word_1_44' title='bbox 1446 853 1653 900; x_wconf 92' lang='lat' dir='ltr'><strong>motum</strong></span> <span class='ocrx_word' id='word_1_45' title='bbox 1705 856 1800 901; x_wconf 94' lang='lat' dir='ltr'><strong>aut</strong></span> <span class='ocrx_word' id='word_1_46' title='bbox 1850 847 2152 903; x_wconf 83' lang='lat' dir='ltr'><strong>siccitatem</strong></span> 
     </span>
    </p>
   </div>
   <div class='ocr_carea' id='block_1_11' title="bbox 593 933 2154 1001">
    <p class='ocr_par' dir='ltr' id='par_1_11' title="bbox 593 933 2154 1001">
     <span class='ocr_line' id='line_1_11' title="bbox 593 933 2154 1001; baseline 0.006 -16"><span class='ocrx_word' id='word_1_47' title='bbox 593 939 686 985; x_wconf 87' lang='lat' dir='ltr'><strong>aut</strong></span> <span class='ocrx_word' id='word_1_48' title='bbox 724 933 1088 990; x_wconf 89' lang='lat' dir='ltr'><strong>incursionem</strong></span> <span class='ocrx_word' id='word_1_49' title='bbox 1145 936 1476 991; x_wconf 89' lang='lat' dir='ltr'><strong>locustarum</strong></span> <span class='ocrx_word' id='word_1_50' title='bbox 1505 977 1520 1001; x_wconf 93' lang='lat'><strong>,</strong></span> <span class='ocrx_word' id='word_1_51' title='bbox 1580 938 1742 992; x_wconf 88' lang='lat' dir='ltr'><strong>simul</strong></span> <span class='ocrx_word' id='word_1_52' title='bbox 1793 954 1923 994; x_wconf 89' lang='lat' dir='ltr'><strong>sane</strong></span> <span class='ocrx_word' id='word_1_53' title='bbox 1965 956 2154 994; x_wconf 90' lang='lat' dir='ltr'><strong>omnes</strong></span> 
     </span>
    </p>
   </div>
   <div class='ocr_carea' id='block_1_12' title="bbox 592 1023 2152 1103">
    <p class='ocr_par' dir='ltr' id='par_1_12' title="bbox 592 1023 2152 1103">
     <span class='ocr_line' id='line_1_12' title="bbox 592 1023 2152 1103; baseline 0.005 -25"><span class='ocrx_word' id='word_1_54' title='bbox 592 1023 704 1080; x_wconf 82' lang='lat' dir='ltr'><strong>fere</strong></span> <span class='ocrx_word' id='word_1_55' title='bbox 727 1025 972 1083; x_wconf 87' lang='lat' dir='ltr'><strong>homines</strong></span> <span class='ocrx_word' id='word_1_56' title='bbox 1007 1028 1188 1082; x_wconf 87' lang='lat' dir='ltr'><strong>videas</strong></span> <span class='ocrx_word' id='word_1_57' title='bbox 1209 1028 1275 1082; x_wconf 89' lang='lat' dir='ltr'><strong>ad</strong></span> <span class='ocrx_word' id='word_1_58' title='bbox 1310 1037 1511 1084; x_wconf 89' lang='lat' dir='ltr'><strong>metum</strong></span> <span class='ocrx_word' id='word_1_59' title='bbox 1539 1031 1724 1095; x_wconf 80' lang='lat' dir='ltr'><strong>ﬂexos,</strong></span> <span class='ocrx_word' id='word_1_60' title='bbox 1761 1039 1814 1086; x_wconf 93' lang='lat' dir='ltr'><strong>et</strong></span> <span class='ocrx_word' id='word_1_61' title='bbox 1843 1031 1909 1086; x_wconf 93' lang='lat' dir='ltr'><strong>ad</strong></span> <span class='ocrx_word' id='word_1_62' title='bbox 1945 1033 2152 1103; x_wconf 84' lang='lat' dir='ltr'><strong>suppli-</strong></span> 
     </span>
    </p>
   </div>
   <div class='ocr_carea' id='block_1_13' title="bbox 591 1116 2152 1192">
    <p class='ocr_par' dir='ltr' id='par_1_13' title="bbox 591 1116 2152 1192">
     <span class='ocr_line' id='line_1_13' title="bbox 591 1116 2152 1192; baseline 0.007 -23"><span class='ocrx_word' id='word_1_63' title='bbox 591 1116 822 1171; x_wconf 88' lang='lat' dir='ltr'><strong>candum</strong></span> <span class='ocrx_word' id='word_1_64' title='bbox 854 1120 903 1173; x_wconf 87' lang='lat' dir='ltr'><strong>ei</strong></span> <span class='ocrx_word' id='word_1_65' title='bbox 946 1121 1037 1189; x_wconf 82' lang='lat' dir='ltr'><strong>qui</strong></span> <span class='ocrx_word' id='word_1_66' title='bbox 1072 1128 1246 1190; x_wconf 86' lang='lat' dir='ltr'><strong>potest</strong></span> <span class='ocrx_word' id='word_1_67' title='bbox 1285 1121 1398 1176; x_wconf 68' lang='lat' dir='ltr'><strong>haec</strong></span> <span class='ocrx_word' id='word_1_68' title='bbox 1443 1123 1729 1192; x_wconf 74' lang='lat' dir='ltr'><strong>depellere.</strong></span> <span class='ocrx_word' id='word_1_69' title='bbox 1784 1124 1841 1178; x_wconf 80' lang='lat' dir='ltr'><strong>Si</strong></span> <span class='ocrx_word' id='word_1_70' title='bbox 1879 1134 2056 1180; x_wconf 90' lang='lat' dir='ltr'><strong>autem</strong></span> <span class='ocrx_word' id='word_1_71' title='bbox 2089 1141 2152 1182; x_wconf 90' lang='lat' dir='ltr'><strong>ea</strong></span> 
     </span>
    </p>
   </div>
   <div class='ocr_carea' id='block_1_14' title="bbox 589 1210 2152 1284">
    <p class='ocr_par' dir='ltr' id='par_1_14' title="bbox 589 1210 2152 1284">
     <span class='ocr_line' id='line_1_14' title="bbox 589 1210 2152 1284; baseline 0.004 -21"><span class='ocrx_word' id='word_1_72' title='bbox 589 1223 710 1279; x_wconf 72' lang='lat' dir='ltr'><strong>qua:</strong></span> <span class='ocrx_word' id='word_1_73' title='bbox 742 1210 909 1265; x_wconf 85' lang='lat' dir='ltr'><strong>videri</strong></span> <span class='ocrx_word' id='word_1_74' title='bbox 941 1212 1116 1266; x_wconf 87' lang='lat' dir='ltr'><strong>solent</strong></span> <span class='ocrx_word' id='word_1_75' title='bbox 1139 1213 1379 1282; x_wconf 88' lang='lat' dir='ltr'><strong>jucunda</strong></span> <span class='ocrx_word' id='word_1_76' title='bbox 1401 1222 1454 1268; x_wconf 83' lang='lat' dir='ltr'><strong>et</strong></span> <span class='ocrx_word' id='word_1_77' title='bbox 1484 1215 1713 1284; x_wconf 88' lang='lat' dir='ltr'><strong>placida,</strong></span> <span class='ocrx_word' id='word_1_78' title='bbox 1743 1215 2033 1270; x_wconf 83' lang='lat' dir='ltr'><strong>humanam</strong></span> <span class='ocrx_word' id='word_1_79' title='bbox 2060 1233 2152 1270; x_wconf 82' lang='lat' dir='ltr'><strong>ra-</strong></span> 
     </span>
    </p>
   </div>
   <div class='ocr_carea' id='block_1_15' title="bbox 591 1299 2152 1370">
    <p class='ocr_par' dir='ltr' id='par_1_15' title="bbox 591 1299 2152 1370">
     <span class='ocr_line' id='line_1_15' title="bbox 591 1299 2152 1370; baseline 0.006 -19"><span class='ocrx_word' id='word_1_80' title='bbox 591 1299 789 1353; x_wconf 87' lang='lat' dir='ltr'><strong>tionem</strong></span> <span class='ocrx_word' id='word_1_81' title='bbox 815 1301 991 1354; x_wconf 80' lang='lat' dir='ltr'><strong>laxam</strong></span> <span class='ocrx_word' id='word_1_82' title='bbox 1034 1317 1097 1356; x_wconf 90' lang='lat' dir='ltr'><strong>ac</strong></span> <span class='ocrx_word' id='word_1_83' title='bbox 1128 1303 1411 1357; x_wconf 85' lang='lat' dir='ltr'><strong>remissam</strong></span> <span class='ocrx_word' id='word_1_84' title='bbox 1443 1303 1713 1370; x_wconf 90' lang='lat' dir='ltr'><strong>reddunt;</strong></span> <span class='ocrx_word' id='word_1_85' title='bbox 1764 1305 1992 1361; x_wconf 84' lang='lat' dir='ltr'><strong>molesta</strong></span> <span class='ocrx_word' id='word_1_86' title='bbox 2024 1321 2152 1361; x_wconf 91' lang='lat' dir='ltr'><strong>vero</strong></span> 
     </span>
    </p>
   </div>
   <div class='ocr_carea' id='block_1_16' title="bbox 589 1391 2152 1467">
    <p class='ocr_par' dir='ltr' id='par_1_16' title="bbox 589 1391 2152 1467">
     <span class='ocr_line' id='line_1_16' title="bbox 589 1391 2152 1467; baseline 0.005 -24"><span class='ocrx_word' id='word_1_87' title='bbox 589 1398 642 1443; x_wconf 91' lang='lat' dir='ltr'><strong>et</strong></span> <span class='ocrx_word' id='word_1_88' title='bbox 668 1391 862 1446; x_wconf 90' lang='lat' dir='ltr'><strong>acerba</strong></span> <span class='ocrx_word' id='word_1_89' title='bbox 909 1393 1170 1458; x_wconf 78' lang='lat' dir='ltr'><strong>excitant,</strong></span> <span class='ocrx_word' id='word_1_90' title='bbox 1205 1401 1260 1448; x_wconf 91' lang='lat' dir='ltr'><strong>et</strong></span> <span class='ocrx_word' id='word_1_91' title='bbox 1299 1395 1366 1448; x_wconf 90' lang='lat' dir='ltr'><strong>ad</strong></span> <span class='ocrx_word' id='word_1_92' title='bbox 1409 1402 1608 1450; x_wconf 85' lang='lat' dir='ltr'><strong>statum</strong></span> <span class='ocrx_word' id='word_1_93' title='bbox 1639 1396 1811 1467; x_wconf 82' lang='lat' dir='ltr'><strong>magis</strong></span> <span class='ocrx_word' id='word_1_94' title='bbox 1844 1399 1988 1466; x_wconf 90' lang='lat' dir='ltr'><strong>pium</strong></span> <span class='ocrx_word' id='word_1_95' title='bbox 2020 1412 2152 1452; x_wconf 91' lang='lat' dir='ltr'><strong>con-</strong></span> 
     </span>
    </p>
   </div>
   <div class='ocr_carea' id='block_1_17' title="bbox 591 1485 2151 1558">
    <p class='ocr_par' dir='ltr' id='par_1_17' title="bbox 591 1485 2151 1558">
     <span class='ocr_line' id='line_1_17' title="bbox 591 1485 2151 1558; baseline 0.006 -25"><span class='ocrx_word' id='word_1_96' title='bbox 591 1489 808 1536; x_wconf 89' lang='lat' dir='ltr'><strong>vertunt</strong></span> <span class='ocrx_word' id='word_1_97' title='bbox 841 1503 853 1537; x_wconf 92' lang='lat'>:</span> <span class='ocrx_word' id='word_1_98' title='bbox 894 1499 960 1537; x_wconf 91' lang='lat' dir='ltr'><strong>an</strong></span> <span class='ocrx_word' id='word_1_99' title='bbox 1020 1501 1130 1538; x_wconf 88' lang='lat' dir='ltr'><strong>non</strong></span> <span class='ocrx_word' id='word_1_100' title='bbox 1177 1485 1323 1539; x_wconf 89' lang='lat' dir='ltr'><strong>dicat</strong></span> <span class='ocrx_word' id='word_1_101' title='bbox 1363 1486 1562 1555; x_wconf 87' lang='lat' dir='ltr'><strong>aliquis</strong></span> <span class='ocrx_word' id='word_1_102' title='bbox 1587 1524 1602 1549; x_wconf 92' lang='lat'><strong>,</strong></span> <span class='ocrx_word' id='word_1_103' title='bbox 1661 1486 1752 1540; x_wconf 91' lang='lat' dir='ltr'><strong>illa</strong></span> <span class='ocrx_word' id='word_1_104' title='bbox 1785 1489 2002 1558; x_wconf 85' lang='lat' dir='ltr'><strong>quidem</strong></span> <span class='ocrx_word' id='word_1_105' title='bbox 2052 1503 2151 1558; x_wconf 91' lang='lat' dir='ltr'><strong>pro</strong></span> 
     </span>
    </p>
   </div>
   <div class='ocr_carea' id='block_1_18' title="bbox 589 1575 2150 1650">
    <p class='ocr_par' dir='ltr' id='par_1_18' title="bbox 589 1575 2150 1650">
     <span class='ocr_line' id='line_1_18' title="bbox 589 1575 2150 1650; baseline 0.004 -23"><span class='ocrx_word' id='word_1_106' title='bbox 589 1575 930 1643; x_wconf 84' lang='lat' dir='ltr'><strong>corporibus,</strong></span> <span class='ocrx_word' id='word_1_107' title='bbox 968 1576 1081 1632; x_wconf 83' lang='lat' dir='ltr'><strong>haec</strong></span> <span class='ocrx_word' id='word_1_108' title='bbox 1113 1592 1241 1632; x_wconf 90' lang='lat' dir='ltr'><strong>vero</strong></span> <span class='ocrx_word' id='word_1_109' title='bbox 1267 1591 1366 1647; x_wconf 88' lang='lat' dir='ltr'><strong>pro</strong></span> <span class='ocrx_word' id='word_1_110' title='bbox 1394 1579 1592 1633; x_wconf 91' lang='lat' dir='ltr'><strong>animis</strong></span> <span class='ocrx_word' id='word_1_111' title='bbox 1618 1593 1648 1632; x_wconf 91' lang='lat' dir='ltr'><strong>a</strong></span> <span class='ocrx_word' id='word_1_112' title='bbox 1672 1578 1781 1634; x_wconf 89' lang='lat' dir='ltr'><strong>Deo</strong></span> <span class='ocrx_word' id='word_1_113' title='bbox 1817 1581 2150 1650; x_wconf 80' lang='lat' dir='ltr'><strong>gubernari?</strong></span> 
     </span>
    </p>
   </div>
   <div class='ocr_carea' id='block_1_19' title="bbox 589 1663 2145 1741">
    <p class='ocr_par' dir='ltr' id='par_1_19' title="bbox 589 1663 2145 1741">
     <span class='ocr_line' id='line_1_19' title="bbox 589 1663 2145 1741; baseline 0.004 -23"><span class='ocrx_word' id='word_1_114' title='bbox 589 1663 727 1719; x_wconf 90' lang='lat' dir='ltr'><strong>Num</strong></span> <span class='ocrx_word' id='word_1_115' title='bbox 780 1668 938 1738; x_wconf 78' lang='lat' dir='ltr'><strong>igitur</strong></span> <span class='ocrx_word' id='word_1_116' title='bbox 979 1684 1100 1738; x_wconf 79' lang='lat' dir='ltr'><strong>qua:</strong></span> <span class='ocrx_word' id='word_1_117' title='bbox 1151 1669 1360 1724; x_wconf 89' lang='lat' dir='ltr'><strong>animas</strong></span> <span class='ocrx_word' id='word_1_118' title='bbox 1395 1671 1460 1723; x_wconf 91' lang='lat' dir='ltr'><strong>ad</strong></span> <span class='ocrx_word' id='word_1_119' title='bbox 1493 1671 1745 1741; x_wconf 87' lang='lat' dir='ltr'><strong>pietatem</strong></span> <span class='ocrx_word' id='word_1_120' title='bbox 1797 1679 1850 1727; x_wconf 93' lang='lat' dir='ltr'><strong>et</strong></span> <span class='ocrx_word' id='word_1_121' title='bbox 1893 1672 2145 1727; x_wconf 89' lang='lat' dir='ltr'><strong>virtutem</strong></span> 
     </span>
    </p>
   </div>
   <div class='ocr_carea' id='block_1_20' title="bbox 589 1760 2148 1830">
    <p class='ocr_par' dir='ltr' id='par_1_20' title="bbox 589 1760 2148 1830">
     <span class='ocr_line' id='line_1_20' title="bbox 589 1760 2148 1830; baseline 0.006 -22"><span class='ocrx_word' id='word_1_122' title='bbox 589 1769 947 1823; x_wconf 77' lang='lat' dir='ltr'><strong>commovent,</strong></span> <span class='ocrx_word' id='word_1_123' title='bbox 982 1760 1300 1830; x_wconf 88' lang='lat' dir='ltr'><strong>appellanda</strong></span> <span class='ocrx_word' id='word_1_124' title='bbox 1331 1769 1460 1815; x_wconf 89' lang='lat' dir='ltr'><strong>sunt</strong></span> <span class='ocrx_word' id='word_1_125' title='bbox 1495 1763 1674 1816; x_wconf 81' lang='lat' dir='ltr'><strong>mala?</strong></span> <span class='ocrx_word' id='word_1_126' title='bbox 1700 1763 1801 1817; x_wconf 88' lang='lat' dir='ltr'><strong>etsi</strong></span> <span class='ocrx_word' id='word_1_127' title='bbox 1830 1762 1974 1818; x_wconf 86' lang='lat' dir='ltr'><strong>enim</strong></span> <span class='ocrx_word' id='word_1_128' title='bbox 2023 1779 2148 1820; x_wconf 86' lang='lat' dir='ltr'><strong>sen-</strong></span> 
     </span>
    </p>
   </div>
   <div class='ocr_carea' id='block_1_21' title="bbox 587 1848 2146 1919">
    <p class='ocr_par' dir='ltr' id='par_1_21' title="bbox 587 1848 2146 1919">
     <span class='ocr_line' id='line_1_21' title="bbox 587 1848 2146 1919; baseline 0.008 -21"><span class='ocrx_word' id='word_1_129' title='bbox 587 1848 671 1900; x_wconf 92' lang='lat' dir='ltr'><strong>sui</strong></span> <span class='ocrx_word' id='word_1_130' title='bbox 709 1849 1079 1905; x_wconf 70' lang='lat' dir='ltr'><strong>sulferentium</strong></span> <span class='ocrx_word' id='word_1_131' title='bbox 1113 1852 1338 1908; x_wconf 90' lang='lat' dir='ltr'><strong>molesta</strong></span> <span class='ocrx_word' id='word_1_132' title='bbox 1361 1861 1491 1908; x_wconf 89' lang='lat' dir='ltr'><strong>sunt</strong></span> <span class='ocrx_word' id='word_1_133' title='bbox 1507 1862 1560 1908; x_wconf 89' lang='lat' dir='ltr'><strong>et</strong></span> <span class='ocrx_word' id='word_1_134' title='bbox 1585 1853 1782 1919; x_wconf 89' lang='lat' dir='ltr'><strong>tristia,</strong></span> <span class='ocrx_word' id='word_1_135' title='bbox 1820 1854 1889 1908; x_wconf 90' lang='lat' dir='ltr'><strong>ad</strong></span> <span class='ocrx_word' id='word_1_136' title='bbox 1915 1855 2146 1911; x_wconf 82' lang='lat' dir='ltr'><strong>salutem</strong></span> 
     </span>
    </p>
   </div>
   <div class='ocr_carea' id='block_1_22' title="bbox 590 1941 1794 2017">
    <p class='ocr_par' dir='ltr' id='par_1_22' title="bbox 590 1941 1794 2017">
     <span class='ocr_line' id='line_1_22' title="bbox 590 1941 1794 2017; baseline 0.007 -25"><span class='ocrx_word' id='word_1_137' title='bbox 590 1950 767 1994; x_wconf 82' lang='lat' dir='ltr'><strong>tamen</strong></span> <span class='ocrx_word' id='word_1_138' title='bbox 807 1941 1082 1996; x_wconf 87' lang='lat' dir='ltr'><strong>hominum</strong></span> <span class='ocrx_word' id='word_1_139' title='bbox 1115 1945 1427 2000; x_wconf 86' lang='lat' dir='ltr'><strong>necessario</strong></span> <span class='ocrx_word' id='word_1_140' title='bbox 1456 1945 1794 2017; x_wconf 83' lang='lat' dir='ltr'><strong>inﬂiguntur.</strong></span> 
     </span>
    </p>
   </div>
   <div class='ocr_carea' id='block_1_23' title="bbox 657 2029 2147 2108">
    <p class='ocr_par' dir='ltr' id='par_1_23' title="bbox 657 2029 2147 2108">
     <span class='ocr_line' id='line_1_23' title="bbox 657 2029 2147 2108; baseline 0.007 -26"><span class='ocrx_word' id='word_1_141' title='bbox 657 2029 984 2087; x_wconf 75' lang='lat' dir='ltr'><strong>Manichacus</strong></span> <span class='ocrx_word' id='word_1_142' title='bbox 1027 2047 1156 2087; x_wconf 90' lang='lat' dir='ltr'><strong>vero</strong></span> <span class='ocrx_word' id='word_1_143' title='bbox 1202 2033 1424 2090; x_wconf 90' lang='lat' dir='ltr'><strong>demens</strong></span> <span class='ocrx_word' id='word_1_144' title='bbox 1468 2051 1683 2106; x_wconf 79' lang='lat' dir='ltr'><strong>seraper</strong></span> <span class='ocrx_word' id='word_1_145' title='bbox 1723 2053 1782 2092; x_wconf 86' lang='lat' dir='ltr'><strong>se</strong></span> <span class='ocrx_word' id='word_1_146' title='bbox 1829 2051 2012 2092; x_wconf 88' lang='lat' dir='ltr'><strong>secum</strong></span> <span class='ocrx_word' id='word_1_147' title='bbox 2046 2053 2147 2108; x_wconf 87' lang='lat' dir='ltr'><strong>pu-</strong></span> 
     </span>
    </p>
   </div>
   <div class='ocr_carea' id='block_1_24' title="bbox 585 2123 2142 2198">
    <p class='ocr_par' dir='ltr' id='par_1_24' title="bbox 585 2123 2142 2198">
     <span class='ocr_line' id='line_1_24' title="bbox 585 2123 2142 2198; baseline 0.005 -22"><span class='ocrx_word' id='word_1_148' title='bbox 585 2137 751 2192; x_wconf 82' lang='lat' dir='ltr'><strong>gnare</strong></span> <span class='ocrx_word' id='word_1_149' title='bbox 785 2123 1015 2194; x_wconf 80' lang='lat' dir='ltr'><strong>ignorat.</strong></span> <span class='ocrx_word' id='word_1_150' title='bbox 1050 2123 1261 2179; x_wconf 86' lang='lat' dir='ltr'><strong>Etenim</strong></span> <span class='ocrx_word' id='word_1_151' title='bbox 1305 2127 1351 2182; x_wconf 91' lang='lat' dir='ltr'><strong>si</strong></span> <span class='ocrx_word' id='word_1_152' title='bbox 1395 2128 1631 2182; x_wconf 87' lang='lat' dir='ltr'><strong>accretio</strong></span> <span class='ocrx_word' id='word_1_153' title='bbox 1675 2129 1915 2184; x_wconf 73' lang='lat' dir='ltr'><strong>materia:</strong></span> <span class='ocrx_word' id='word_1_154' title='bbox 1943 2140 2142 2198; x_wconf 88' lang='lat' dir='ltr'><strong>nocet,</strong></span> 
     </span>
    </p>
   </div>
   <div class='ocr_carea' id='block_1_25' title="bbox 585 2215 2143 2288">
    <p class='ocr_par' dir='ltr' id='par_1_25' title="bbox 585 2215 2143 2288">
     <span class='ocr_line' id='line_1_25' title="bbox 585 2215 2143 2288; baseline 0.006 -20"><span class='ocrx_word' id='word_1_155' title='bbox 585 2215 710 2284; x_wconf 91' lang='lat' dir='ltr'><strong>quis</strong></span> <span class='ocrx_word' id='word_1_156' title='bbox 741 2231 850 2271; x_wconf 90' lang='lat' dir='ltr'><strong>non</strong></span> <span class='ocrx_word' id='word_1_157' title='bbox 871 2217 1089 2282; x_wconf 86' lang='lat' dir='ltr'><strong>sentiat,</strong></span> <span class='ocrx_word' id='word_1_158' title='bbox 1114 2225 1303 2272; x_wconf 89' lang='lat' dir='ltr'><strong>contra</strong></span> <span class='ocrx_word' id='word_1_159' title='bbox 1333 2233 1494 2288; x_wconf 89' lang='lat' dir='ltr'><strong>quam</strong></span> <span class='ocrx_word' id='word_1_160' title='bbox 1521 2219 1673 2285; x_wconf 89' lang='lat' dir='ltr'><strong>dicit,</strong></span> <span class='ocrx_word' id='word_1_161' title='bbox 1705 2221 1993 2277; x_wconf 86' lang='lat' dir='ltr'><strong>accidere?</strong></span> <span class='ocrx_word' id='word_1_162' title='bbox 2026 2224 2143 2277; x_wconf 84' lang='lat' dir='ltr'><strong>Au-</strong></span> 
     </span>
    </p>
   </div>
   <div class='ocr_carea' id='block_1_26' title="bbox 585 2307 2141 2383">
    <p class='ocr_par' dir='ltr' id='par_1_26' title="bbox 585 2307 2141 2383">
     <span class='ocr_line' id='line_1_26' title="bbox 585 2307 2141 2383; baseline 0.006 -21"><span class='ocrx_word' id='word_1_163' title='bbox 585 2307 797 2378; x_wconf 87' lang='lat' dir='ltr'><strong>gebitur</strong></span> <span class='ocrx_word' id='word_1_164' title='bbox 825 2309 968 2362; x_wconf 89' lang='lat' dir='ltr'><strong>enim</strong></span> <span class='ocrx_word' id='word_1_165' title='bbox 1002 2308 1115 2362; x_wconf 69' lang='lat' dir='ltr'><strong>haec</strong></span> <span class='ocrx_word' id='word_1_166' title='bbox 1143 2316 1332 2363; x_wconf 90' lang='lat' dir='ltr'><strong>contra</strong></span> <span class='ocrx_word' id='word_1_167' title='bbox 1367 2309 1614 2367; x_wconf 89' lang='lat' dir='ltr'><strong>homines</strong></span> <span class='ocrx_word' id='word_1_168' title='bbox 1635 2351 1649 2375; x_wconf 94' lang='lat'><strong>,</strong></span> <span class='ocrx_word' id='word_1_169' title='bbox 1693 2313 1785 2383; x_wconf 89' lang='lat' dir='ltr'><strong>qui</strong></span> <span class='ocrx_word' id='word_1_170' title='bbox 1827 2329 2039 2383; x_wconf 84' lang='lat' dir='ltr'><strong>semper</strong></span> <span class='ocrx_word' id='word_1_171' title='bbox 2089 2318 2141 2371; x_wconf 91' lang='lat' dir='ltr'><strong>in</strong></span> 
     </span>
    </p>
   </div>
   <div class='ocr_carea' id='block_1_27' title="bbox 585 2398 2142 2478">
    <p class='ocr_par' dir='ltr' id='par_1_27' title="bbox 585 2398 2142 2478">
     <span class='ocr_line' id='line_1_27' title="bbox 585 2398 2142 2478; baseline 0.008 -28"><span class='ocrx_word' id='word_1_172' title='bbox 585 2398 749 2453; x_wconf 88' lang='lat' dir='ltr'><strong>rebus</strong></span> <span class='ocrx_word' id='word_1_173' title='bbox 778 2398 913 2454; x_wconf 62' lang='lat' dir='ltr'><strong>laetis</strong></span> <span class='ocrx_word' id='word_1_174' title='bbox 937 2408 991 2453; x_wconf 90' lang='lat' dir='ltr'><strong>et</strong></span> <span class='ocrx_word' id='word_1_175' title='bbox 1019 2399 1272 2478; x_wconf 84' lang='lat' dir='ltr'><strong>secundis</strong></span> <span class='ocrx_word' id='word_1_176' title='bbox 1305 2410 1469 2467; x_wconf 90' lang='lat' dir='ltr'><strong>sunt,</strong></span> <span class='ocrx_word' id='word_1_177' title='bbox 1518 2409 1572 2456; x_wconf 87' lang='lat' dir='ltr'><strong>et</strong></span> <span class='ocrx_word' id='word_1_178' title='bbox 1601 2403 1811 2459; x_wconf 89' lang='lat' dir='ltr'><strong>deliciis</strong></span> <span class='ocrx_word' id='word_1_179' title='bbox 1843 2405 2142 2478; x_wconf 86' lang='lat' dir='ltr'><strong>indulgent,</strong></span> 
     </span>
    </p>
   </div>
   <div class='ocr_carea' id='block_1_28' title="bbox 583 2490 2142 2560">
    <p class='ocr_par' dir='ltr' id='par_1_28' title="bbox 583 2490 2142 2560">
     <span class='ocr_line' id='line_1_28' title="bbox 583 2490 2142 2560; baseline 0.008 -18"><span class='ocrx_word' id='word_1_180' title='bbox 583 2495 640 2542; x_wconf 88' lang='lat' dir='ltr'><strong>et</strong></span> <span class='ocrx_word' id='word_1_181' title='bbox 674 2490 848 2544; x_wconf 80' lang='lat' dir='ltr'><strong>ventri</strong></span> <span class='ocrx_word' id='word_1_182' title='bbox 871 2497 924 2544; x_wconf 92' lang='lat' dir='ltr'><strong>et</strong></span> <span class='ocrx_word' id='word_1_183' title='bbox 952 2491 1322 2560; x_wconf 85' lang='lat' dir='ltr'><strong>voluptatibus</strong></span> <span class='ocrx_word' id='word_1_184' title='bbox 1350 2491 1489 2546; x_wconf 82' lang='lat' dir='ltr'><strong>infra</strong></span> <span class='ocrx_word' id='word_1_185' title='bbox 1515 2502 1756 2549; x_wconf 87' lang='lat' dir='ltr'><strong>ventrem</strong></span> <span class='ocrx_word' id='word_1_186' title='bbox 1790 2495 2100 2553; x_wconf 88' lang='lat' dir='ltr'><strong>deserviunt</strong></span> <span class='ocrx_word' id='word_1_187' title='bbox 2126 2517 2142 2554; x_wconf 92' lang='lat'><strong>:</strong></span> 
     </span>
    </p>
   </div>
   <div class='ocr_carea' id='block_1_29' title="bbox 585 2578 2144 2660">
    <p class='ocr_par' dir='ltr' id='par_1_29' title="bbox 585 2578 2144 2660">
     <span class='ocr_line' id='line_1_29' title="bbox 585 2578 2144 2660; baseline 0.01 -28"><span class='ocrx_word' id='word_1_188' title='bbox 585 2578 861 2633; x_wconf 81' lang='lat' dir='ltr'><strong>minuetur</strong></span> <span class='ocrx_word' id='word_1_189' title='bbox 890 2597 1018 2636; x_wconf 92' lang='lat' dir='ltr'><strong>vero</strong></span> <span class='ocrx_word' id='word_1_190' title='bbox 1046 2582 1394 2638; x_wconf 89' lang='lat' dir='ltr'><strong>vehementer</strong></span> <span class='ocrx_word' id='word_1_191' title='bbox 1413 2583 1574 2649; x_wconf 83' lang='lat' dir='ltr'><strong>fame,</strong></span> <span class='ocrx_word' id='word_1_192' title='bbox 1603 2593 1775 2655; x_wconf 89' lang='lat' dir='ltr'><strong>peste.</strong></span> <span class='ocrx_word' id='word_1_193' title='bbox 1809 2597 2002 2654; x_wconf 89' lang='lat' dir='ltr'><strong>morte,</strong></span> <span class='ocrx_word' id='word_1_194' title='bbox 2023 2606 2144 2660; x_wconf 72' lang='lat' dir='ltr'><strong>qua:</strong></span> 
     </span>
    </p>
   </div>
   <div class='ocr_carea' id='block_1_30' title="bbox 584 2671 2142 2747">
    <p class='ocr_par' dir='ltr' id='par_1_30' title="bbox 584 2671 2142 2747">
     <span class='ocr_line' id='line_1_30' title="bbox 584 2671 2142 2747; baseline 0.01 -25"><span class='ocrx_word' id='word_1_195' title='bbox 584 2683 692 2723; x_wconf 78' lang='lat' dir='ltr'><strong>non</strong></span> <span class='ocrx_word' id='word_1_196' title='bbox 717 2671 1037 2739; x_wconf 88' lang='lat' dir='ltr'><strong>permittunt</strong></span> <span class='ocrx_word' id='word_1_197' title='bbox 1058 2674 1319 2742; x_wconf 80' lang='lat' dir='ltr'><strong>proiicere</strong></span> <span class='ocrx_word' id='word_1_198' title='bbox 1339 2689 1458 2729; x_wconf 88' lang='lat' dir='ltr'><strong>eam</strong></span> <span class='ocrx_word' id='word_1_199' title='bbox 1488 2676 1554 2730; x_wconf 89' lang='lat' dir='ltr'><strong>ad</strong></span> <span class='ocrx_word' id='word_1_200' title='bbox 1595 2677 1922 2747; x_wconf 89' lang='lat' dir='ltr'><strong>injustitiam</strong></span> <span class='ocrx_word' id='word_1_201' title='bbox 1952 2695 2142 2738; x_wconf 90' lang='lat' dir='ltr'><strong>accre-</strong></span> 
     </span>
    </p>
   </div>
   <div class='ocr_carea' id='block_1_31' title="bbox 583 2764 2144 2844">
    <p class='ocr_par' dir='ltr' id='par_1_31' title="bbox 583 2764 2144 2844">
     <span class='ocr_line' id='line_1_31' title="bbox 583 2764 2144 2844; baseline 0.01 -29"><span class='ocrx_word' id='word_1_202' title='bbox 583 2764 770 2818; x_wconf 87' lang='lat' dir='ltr'><strong>tionis.</strong></span> <span class='ocrx_word' id='word_1_203' title='bbox 799 2764 1162 2830; x_wconf 85' lang='lat' dir='ltr'><strong>Quamobrem</strong></span> <span class='ocrx_word' id='word_1_204' title='bbox 1186 2776 1612 2823; x_wconf 89' lang='lat' dir='ltr'><strong>consentaneum</strong></span> <span class='ocrx_word' id='word_1_205' title='bbox 1644 2779 1782 2836; x_wconf 87' lang='lat' dir='ltr'><strong>erat,</strong></span> <span class='ocrx_word' id='word_1_206' title='bbox 1816 2779 1874 2825; x_wconf 93' lang='lat' dir='ltr'><strong>ut</strong></span> <span class='ocrx_word' id='word_1_207' title='bbox 1906 2773 2019 2828; x_wconf 72' lang='lat' dir='ltr'><strong>haec</strong></span> <span class='ocrx_word' id='word_1_208' title='bbox 2045 2791 2144 2844; x_wconf 90' lang='lat' dir='ltr'><strong>po-</strong></span> 
     </span>
    </p>
   </div>
   <div class='ocr_carea' id='block_1_32' title="bbox 585 2855 2144 2923">
    <p class='ocr_par' dir='ltr' id='par_1_32' title="bbox 585 2855 2144 2923">
     <span class='ocr_line' id='line_1_32' title="bbox 585 2855 2144 2923; baseline 0.01 -15"><span class='ocrx_word' id='word_1_209' title='bbox 585 2855 694 2911; x_wconf 89' lang='lat' dir='ltr'><strong>tius</strong></span> <span class='ocrx_word' id='word_1_210' title='bbox 726 2866 944 2911; x_wconf 85' lang='lat' dir='ltr'><strong>vocaret</strong></span> <span class='ocrx_word' id='word_1_211' title='bbox 969 2857 1131 2922; x_wconf 88' lang='lat' dir='ltr'><strong>bona,</strong></span> <span class='ocrx_word' id='word_1_212' title='bbox 1158 2862 1546 2916; x_wconf 85' lang='lat' dir='ltr'><strong>convenienter</strong></span> <span class='ocrx_word' id='word_1_213' title='bbox 1582 2877 1684 2917; x_wconf 92' lang='lat' dir='ltr'><strong>suo</strong></span> <span class='ocrx_word' id='word_1_214' title='bbox 1717 2862 2068 2922; x_wconf 83' lang='lat' dir='ltr'><strong>fundamento</strong></span> <span class='ocrx_word' id='word_1_215' title='bbox 2089 2876 2144 2923; x_wconf 88' lang='lat' dir='ltr'><strong>et</strong></span> 
     </span>
    </p>
   </div>
   <div class='ocr_carea' id='block_1_33' title="bbox 583 2949 2140 3019">
    <p class='ocr_par' dir='ltr' id='par_1_33' title="bbox 583 2949 2140 3019">
     <span class='ocr_line' id='line_1_33' title="bbox 583 2949 2140 3019; baseline 0.009 -19"><span class='ocrx_word' id='word_1_216' title='bbox 583 2949 870 3019; x_wconf 89' lang='lat' dir='ltr'><strong>principio,</strong></span> <span class='ocrx_word' id='word_1_217' title='bbox 905 2964 1067 3019; x_wconf 89' lang='lat' dir='ltr'><strong>quam</strong></span> <span class='ocrx_word' id='word_1_218' title='bbox 1086 2952 1224 3005; x_wconf 88' lang='lat' dir='ltr'><strong>mala</strong></span> <span class='ocrx_word' id='word_1_219' title='bbox 1249 2971 1262 3007; x_wconf 89' lang='lat'><strong>:</strong></span> <span class='ocrx_word' id='word_1_220' title='bbox 1295 2953 1376 3007; x_wconf 90' lang='lat' dir='ltr'><strong>sic</strong></span> <span class='ocrx_word' id='word_1_221' title='bbox 1399 2953 1542 3008; x_wconf 90' lang='lat' dir='ltr'><strong>enim</strong></span> <span class='ocrx_word' id='word_1_222' title='bbox 1570 2955 1845 3011; x_wconf 89' lang='lat' dir='ltr'><strong>meliorem</strong></span> <span class='ocrx_word' id='word_1_223' title='bbox 1876 2960 2140 3014; x_wconf 88' lang='lat' dir='ltr'><strong>rationem</strong></span> 
     </span>
    </p>
   </div>
   <div class='ocr_carea' id='block_1_34' title="bbox 2259 481 3826 555">
    <p class='ocr_par' dir='ltr' id='par_1_34' title="bbox 2259 481 3826 555">
     <span class='ocr_line' id='line_1_34' title="bbox 2259 481 3826 555; baseline -0.002 -21"><span class='ocrx_word' id='word_1_224' title='bbox 2259 481 2507 544; x_wconf 79' lang='grc' dir='ltr'><strong>ἀνιάτους</strong></span> <span class='ocrx_word' id='word_1_225' title='bbox 2541 481 2706 555; x_wconf 78' lang='grc' dir='ltr'>ἀφίῃ·</span> <span class='ocrx_word' id='word_1_226' title='bbox 2754 481 2987 552; x_wconf 80' lang='grc' dir='ltr'>ἑκάτερα</span> <span class='ocrx_word' id='word_1_227' title='bbox 3014 481 3070 534; x_wconf 82' lang='grc' dir='ltr'><strong>δὲ</strong></span> <span class='ocrx_word' id='word_1_228' title='bbox 3102 482 3323 552; x_wconf 72' lang='grc' dir='ltr'>ἀρρήτῳ</span> <span class='ocrx_word' id='word_1_229' title='bbox 3361 481 3522 552; x_wconf 69' lang='grc' dir='ltr'>σοφίᾳ.</span> <span class='ocrx_word' id='word_1_230' title='bbox 3562 496 3696 549; x_wconf 86' lang='grc' dir='ltr'>προς</span> <span class='ocrx_word' id='word_1_231' title='bbox 3724 481 3826 532; x_wconf 64' lang='grc' dir='ltr'>ἀψ</span> 
     </span>
    </p>
   </div>
   <div class='ocr_carea' id='block_1_35' title="bbox 2258 569 3832 642">
    <p class='ocr_par' dir='ltr' id='par_1_35' title="bbox 2258 569 3832 642">
     <span class='ocr_line' id='line_1_35' title="bbox 2258 569 3832 642; baseline 0 -20"><span class='ocrx_word' id='word_1_232' title='bbox 2258 569 2487 642; x_wconf 88' lang='grc' dir='ltr'>θρώπων</span> <span class='ocrx_word' id='word_1_233' title='bbox 2537 571 2798 640; x_wconf 79' lang='grc' dir='ltr'>ὠφέλειαν</span> <span class='ocrx_word' id='word_1_234' title='bbox 2845 575 3118 642; x_wconf 72' lang='grc' dir='ltr'>οἰκονομεῖ</span> <span class='ocrx_word' id='word_1_235' title='bbox 3185 572 3412 624; x_wconf 78' lang='grc' dir='ltr'>ἑκάστου</span> <span class='ocrx_word' id='word_1_236' title='bbox 3491 571 3582 624; x_wconf 76' lang='grc' dir='ltr'>τὸν</span> <span class='ocrx_word' id='word_1_237' title='bbox 3632 570 3832 623; x_wconf 73' lang='grc' dir='ltr'>δέοντα</span> 
     </span>
    </p>
   </div>
   <div class='ocr_carea' id='block_1_36' title="bbox 2256 661 2855 732">
    <p class='ocr_par' dir='ltr' id='par_1_36' title="bbox 2256 661 2855 732">
     <span class='ocr_line' id='line_1_36' title="bbox 2256 661 2855 732; baseline 0.005 -21"><span class='ocrx_word' id='word_1_238' title='bbox 2256 661 2442 732; x_wconf 71' lang='grc' dir='ltr'>καιρὸν</span> <span class='ocrx_word' id='word_1_239' title='bbox 2477 661 2855 731; x_wconf 76' lang='grc' dir='ltr'>ἐπιστάμενος.</span> 
     </span>
    </p>
   </div>
   <div class='ocr_carea' id='block_1_37' title="bbox 2324 842 3825 916">
    <p class='ocr_par' dir='ltr' id='par_1_37' title="bbox 2324 842 3825 916">
     <span class='ocr_line' id='line_1_37' title="bbox 2324 842 3825 916; baseline -0.001 -21"><span class='ocrx_word' id='word_1_240' title='bbox 2324 843 2526 897; x_wconf 74' lang='grc' dir='ltr'>Αὐτίκα</span> <span class='ocrx_word' id='word_1_241' title='bbox 2580 843 2708 907; x_wconf 85' lang='grc' dir='ltr'>ίδοις</span> <span class='ocrx_word' id='word_1_242' title='bbox 2753 844 2820 897; x_wconf 80' lang='grc' dir='ltr'>ἂν</span> <span class='ocrx_word' id='word_1_243' title='bbox 2880 844 3121 914; x_wconf 76' lang='grc' dir='ltr'>σεισμὸν,</span> <span class='ocrx_word' id='word_1_244' title='bbox 3172 843 3204 915; x_wconf 80' lang='grc' dir='ltr'>ἢ</span> <span class='ocrx_word' id='word_1_245' title='bbox 3259 843 3463 916; x_wconf 67' lang='grc' dir='ltr'>ὄμϐρου</span> <span class='ocrx_word' id='word_1_246' title='bbox 3511 843 3743 907; x_wconf 76' lang='grc' dir='ltr'>ἔνδειαν,</span> <span class='ocrx_word' id='word_1_247' title='bbox 3790 842 3825 912; x_wconf 70' lang='grc' dir='ltr'>ἢ</span> 
     </span>
    </p>
   </div>
   <div class='ocr_carea' id='block_1_38' title="bbox 2255 930 3825 1010">
    <p class='ocr_par' dir='ltr' id='par_1_38' title="bbox 2255 930 3825 1010">
     <span class='ocr_line' id='line_1_38' title="bbox 2255 930 3825 1010; baseline -0.002 -21"><span class='ocrx_word' id='word_1_248' title='bbox 2255 936 2488 1006; x_wconf 81' lang='grc' dir='ltr'>ἀκρίδων</span> <span class='ocrx_word' id='word_1_249' title='bbox 2530 934 2815 1007; x_wconf 74' lang='grc' dir='ltr'>ἐπιφορὰν,</span> <span class='ocrx_word' id='word_1_250' title='bbox 2939 936 3056 1006; x_wconf 75' lang='grc' dir='ltr'>ἁμα</span> <span class='ocrx_word' id='word_1_251' title='bbox 3107 936 3290 1007; x_wconf 78' lang='grc' dir='ltr'>σχεδὸν</span> <span class='ocrx_word' id='word_1_252' title='bbox 3335 937 3579 999; x_wconf 77' lang='grc' dir='ltr'>ἅπαντας</span> <span class='ocrx_word' id='word_1_253' title='bbox 3610 934 3825 1005; x_wconf 85' lang='grc' dir='ltr'>ἀνθρώ-</span> 
     </span>
    </p>
   </div>
   <div class='ocr_carea' id='block_1_39' title="bbox 2253 1026 3825 1098">
    <p class='ocr_par' dir='ltr' id='par_1_39' title="bbox 2253 1026 3825 1098">
     <span class='ocr_line' id='line_1_39' title="bbox 2253 1026 3825 1098; baseline -0.001 -19"><span class='ocrx_word' id='word_1_254' title='bbox 2253 1043 2386 1090; x_wconf 84' lang='grc' dir='ltr'>πους</span> <span class='ocrx_word' id='word_1_255' title='bbox 2419 1026 2553 1096; x_wconf 73' lang='grc' dir='ltr'>πρὸς</span> <span class='ocrx_word' id='word_1_256' title='bbox 2586 1027 2870 1082; x_wconf 77' lang='grc' dir='ltr'>εὐλάϐειαν</span> <span class='ocrx_word' id='word_1_257' title='bbox 2901 1027 3362 1098; x_wconf 84' lang='grc' dir='ltr'>ὲπικλινομένους,</span> <span class='ocrx_word' id='word_1_258' title='bbox 3403 1027 3495 1080; x_wconf 74' lang='grc' dir='ltr'><strong>καὶ</strong></span> <span class='ocrx_word' id='word_1_259' title='bbox 3528 1026 3665 1098; x_wconf 72' lang='grc' dir='ltr'>πρὸς</span> <span class='ocrx_word' id='word_1_260' title='bbox 3710 1027 3825 1078; x_wconf 75' lang='grc' dir='ltr'>ἱκε-</span> 
     </span>
    </p>
   </div>
   <div class='ocr_carea' id='block_1_40' title="bbox 2255 1117 3826 1189">
    <p class='ocr_par' dir='ltr' id='par_1_40' title="bbox 2255 1117 3826 1189">
     <span class='ocr_line' id='line_1_40' title="bbox 2255 1117 3826 1189; baseline 0.001 -20"><span class='ocrx_word' id='word_1_261' title='bbox 2255 1118 2373 1170; x_wconf 89' lang='grc' dir='ltr'>σίαν</span> <span class='ocrx_word' id='word_1_262' title='bbox 2413 1117 2507 1170; x_wconf 90' lang='grc' dir='ltr'><strong>τοῦ</strong></span> <span class='ocrx_word' id='word_1_263' title='bbox 2553 1121 2880 1188; x_wconf 81' lang='grc' dir='ltr'><strong>μεταγαγεῖν</strong></span> <span class='ocrx_word' id='word_1_264' title='bbox 2920 1119 2988 1173; x_wconf 88' lang='grc' dir='ltr'><strong>τά</strong></span> <span class='ocrx_word' id='word_1_265' title='bbox 3023 1119 3247 1172; x_wconf 87' lang='grc' dir='ltr'>τοιαῦτα</span> <span class='ocrx_word' id='word_1_266' title='bbox 3295 1119 3612 1189; x_wconf 77' lang='grc' dir='ltr'><strong>δυναμένου.</strong></span> <span class='ocrx_word' id='word_1_267' title='bbox 3663 1118 3728 1170; x_wconf 85' lang='lat' dir='ltr'><strong>El</strong></span> <span class='ocrx_word' id='word_1_268' title='bbox 3768 1117 3826 1171; x_wconf 73' lang='grc' dir='ltr'>δὲ</span> 
     </span>
    </p>
   </div>
   <div class='ocr_carea' id='block_1_41' title="bbox 2251 1209 3824 1282">
    <p class='ocr_par' dir='ltr' id='par_1_41' title="bbox 2251 1209 3824 1282">
     <span class='ocr_line' id='line_1_41' title="bbox 2251 1209 3824 1282; baseline 0.001 -20"><span class='ocrx_word' id='word_1_269' title='bbox 2251 1211 2318 1262; x_wconf 81' lang='grc' dir='ltr'>τὰ</span> <span class='ocrx_word' id='word_1_270' title='bbox 2363 1209 2460 1280; x_wconf 86' lang='grc' dir='ltr'>μὲν</span> <span class='ocrx_word' id='word_1_271' title='bbox 2489 1209 2745 1264; x_wconf 88' lang='grc' dir='ltr'>δοκοῦντα</span> <span class='ocrx_word' id='word_1_272' title='bbox 2778 1211 3022 1282; x_wconf 80' lang='grc' dir='ltr'><strong>συνήθως</strong></span> <span class='ocrx_word' id='word_1_273' title='bbox 3059 1211 3192 1280; x_wconf 81' lang='grc' dir='ltr'>ήδέα</span> <span class='ocrx_word' id='word_1_274' title='bbox 3242 1212 3332 1264; x_wconf 83' lang='grc' dir='ltr'><strong>καί</strong></span> <span class='ocrx_word' id='word_1_275' title='bbox 3359 1209 3570 1282; x_wconf 89' lang='grc' dir='ltr'>χρηστά</span> <span class='ocrx_word' id='word_1_276' title='bbox 3593 1209 3686 1261; x_wconf 75' lang='grc' dir='ltr'>τὸν</span> <span class='ocrx_word' id='word_1_277' title='bbox 3730 1211 3824 1263; x_wconf 81' lang='grc' dir='ltr'>ἀν-</span> 
     </span>
    </p>
   </div>
   <div class='ocr_carea' id='block_1_42' title="bbox 2252 1299 3823 1372">
    <p class='ocr_par' dir='ltr' id='par_1_42' title="bbox 2252 1299 3823 1372">
     <span class='ocr_line' id='line_1_42' title="bbox 2252 1299 3823 1372; baseline -0.001 -21"><span class='ocrx_word' id='word_1_278' title='bbox 2252 1299 2517 1370; x_wconf 90' lang='grc' dir='ltr'>θρώπινον</span> <span class='ocrx_word' id='word_1_279' title='bbox 2559 1300 2814 1372; x_wconf 77' lang='grc' dir='ltr'>λογισμὸν</span> <span class='ocrx_word' id='word_1_280' title='bbox 2857 1301 3057 1355; x_wconf 79' lang='grc' dir='ltr'>ὑπτιοῖ.</span> <span class='ocrx_word' id='word_1_281' title='bbox 3098 1300 3168 1354; x_wconf 74' lang='grc' dir='ltr'>τὰ</span> <span class='ocrx_word' id='word_1_282' title='bbox 3206 1302 3263 1354; x_wconf 83' lang='grc' dir='ltr'><strong>δὲ</strong></span> <span class='ocrx_word' id='word_1_283' title='bbox 3305 1300 3502 1371; x_wconf 86' lang='grc' dir='ltr'>ἀνιαρά</span> <span class='ocrx_word' id='word_1_284' title='bbox 3537 1299 3823 1371; x_wconf 73' lang='grc' dir='ltr'><strong>διεγείρει,</strong></span> 
     </span>
    </p>
   </div>
   <div class='ocr_carea' id='block_1_43' title="bbox 2252 1392 3821 1465">
    <p class='ocr_par' dir='ltr' id='par_1_43' title="bbox 2252 1392 3821 1465">
     <span class='ocr_line' id='line_1_43' title="bbox 2252 1392 3821 1465; baseline -0.001 -19"><span class='ocrx_word' id='word_1_285' title='bbox 2252 1393 2344 1446; x_wconf 71' lang='grc' dir='ltr'><strong>καὶ</strong></span> <span class='ocrx_word' id='word_1_286' title='bbox 2377 1393 2663 1464; x_wconf 69' lang='grc' dir='ltr'>συστρέφει</span> <span class='ocrx_word' id='word_1_287' title='bbox 2696 1393 2830 1465; x_wconf 73' lang='grc' dir='ltr'>πρὸς</span> <span class='ocrx_word' id='word_1_288' title='bbox 2867 1392 3252 1464; x_wconf 81' lang='grc' dir='ltr'>εὐσεϐεστέραν</span> <span class='ocrx_word' id='word_1_289' title='bbox 3294 1393 3660 1446; x_wconf 86' lang='grc' dir='ltr'>κατάστασιν·</span> <span class='ocrx_word' id='word_1_290' title='bbox 3704 1392 3821 1455; x_wconf 85' lang='grc' dir='ltr'><strong>πῶς</strong></span> 
     </span>
    </p>
   </div>
   <div class='ocr_carea' id='block_1_44' title="bbox 2249 1484 3821 1558">
    <p class='ocr_par' dir='ltr' id='par_1_44' title="bbox 2249 1484 3821 1558">
     <span class='ocr_line' id='line_1_44' title="bbox 2249 1484 3821 1558; baseline 0 -20"><span class='ocrx_word' id='word_1_291' title='bbox 2249 1486 2347 1538; x_wconf 87' lang='grc' dir='ltr'><strong>ούκ</strong></span> <span class='ocrx_word' id='word_1_292' title='bbox 2376 1486 2440 1540; x_wconf 78' lang='grc' dir='ltr'>ἄν</span> <span class='ocrx_word' id='word_1_293' title='bbox 2467 1504 2550 1550; x_wconf 87' lang='grc' dir='ltr'><strong>τις</strong></span> <span class='ocrx_word' id='word_1_294' title='bbox 2577 1487 2759 1540; x_wconf 81' lang='grc' dir='ltr'>ἐκεῖνα</span> <span class='ocrx_word' id='word_1_295' title='bbox 2787 1487 2882 1557; x_wconf 78' lang='grc' dir='ltr'><strong>μὲν</strong></span> <span class='ocrx_word' id='word_1_296' title='bbox 2907 1487 3044 1558; x_wconf 81' lang='grc' dir='ltr'>ὑπὲρ</span> <span class='ocrx_word' id='word_1_297' title='bbox 3072 1487 3362 1557; x_wconf 83' lang='grc' dir='ltr'>σωμάτων,</span> <span class='ocrx_word' id='word_1_298' title='bbox 3388 1485 3559 1538; x_wconf 85' lang='grc' dir='ltr'>ταῦτα</span> <span class='ocrx_word' id='word_1_299' title='bbox 3589 1485 3648 1538; x_wconf 82' lang='grc' dir='ltr'>δὲ</span> <span class='ocrx_word' id='word_1_300' title='bbox 3681 1484 3821 1556; x_wconf 78' lang='grc' dir='ltr'>ὑπὲρ</span> 
     </span>
    </p>
   </div>
   <div class='ocr_carea' id='block_1_45' title="bbox 2248 1572 3822 1649">
    <p class='ocr_par' dir='ltr' id='par_1_45' title="bbox 2248 1572 3822 1649">
     <span class='ocr_line' id='line_1_45' title="bbox 2248 1572 3822 1649; baseline -0.001 -19"><span class='ocrx_word' id='word_1_301' title='bbox 2248 1577 2430 1648; x_wconf 77' lang='grc' dir='ltr'>ψυχῶν</span> <span class='ocrx_word' id='word_1_302' title='bbox 2465 1578 2596 1647; x_wconf 74' lang='grc' dir='ltr'>φαίη</span> <span class='ocrx_word' id='word_1_303' title='bbox 2623 1577 2756 1649; x_wconf 83' lang='grc' dir='ltr'>πρὸς</span> <span class='ocrx_word' id='word_1_304' title='bbox 2791 1578 2924 1631; x_wconf 91' lang='grc' dir='ltr'>Θεοῦ</span> <span class='ocrx_word' id='word_1_305' title='bbox 2949 1577 3297 1642; x_wconf 85' lang='grc' dir='ltr'>διοικεῖσθαι;</span> <span class='ocrx_word' id='word_1_306' title='bbox 3326 1574 3452 1649; x_wconf 69' lang='grc' dir='ltr'><strong>Ἀρ⁶</strong></span> <span class='ocrx_word' id='word_1_307' title='bbox 3495 1572 3588 1630; x_wconf 74' lang='grc' dir='ltr'><strong>οὖν</strong></span> <span class='ocrx_word' id='word_1_308' title='bbox 3643 1577 3711 1628; x_wconf 74' lang='grc' dir='ltr'>τὰ</span> <span class='ocrx_word' id='word_1_309' title='bbox 3745 1575 3822 1628; x_wconf 87' lang='grc' dir='ltr'>δι-</span> 
     </span>
    </p>
   </div>
   <div class='ocr_carea' id='block_1_46' title="bbox 2251 1668 3820 1741">
    <p class='ocr_par' dir='ltr' id='par_1_46' title="bbox 2251 1668 3820 1741">
     <span class='ocr_line' id='line_1_46' title="bbox 2251 1668 3820 1741; baseline -0.001 -19"><span class='ocrx_word' id='word_1_310' title='bbox 2251 1670 2528 1740; x_wconf 85' lang='grc' dir='ltr'>εγείροντα</span> <span class='ocrx_word' id='word_1_311' title='bbox 2559 1669 2734 1740; x_wconf 78' lang='grc' dir='ltr'>ψυχὰς</span> <span class='ocrx_word' id='word_1_312' title='bbox 2767 1671 2844 1733; x_wconf 85' lang='grc' dir='ltr'><strong>εἰς</strong></span> <span class='ocrx_word' id='word_1_313' title='bbox 2867 1670 3142 1723; x_wconf 80' lang='grc' dir='ltr'>εὐσέϐειάν</span> <span class='ocrx_word' id='word_1_314' title='bbox 3166 1687 3226 1722; x_wconf 89' lang='grc' dir='ltr'><strong>τε</strong></span> <span class='ocrx_word' id='word_1_315' title='bbox 3254 1671 3346 1723; x_wconf 72' lang='grc' dir='ltr'>καὶ</span> <span class='ocrx_word' id='word_1_316' title='bbox 3366 1670 3564 1741; x_wconf 71' lang='grc' dir='ltr'>ἀρετὴν</span> <span class='ocrx_word' id='word_1_317' title='bbox 3591 1668 3820 1738; x_wconf 80' lang='grc' dir='ltr'><strong>κλητέον</strong></span> 
     </span>
    </p>
   </div>
   <div class='ocr_carea' id='block_1_47' title="bbox 2248 1758 3817 1834">
    <p class='ocr_par' dir='ltr' id='par_1_47' title="bbox 2248 1758 3817 1834">
     <span class='ocr_line' id='line_1_47' title="bbox 2248 1758 3817 1834; baseline -0.004 -18"><span class='ocrx_word' id='word_1_318' title='bbox 2248 1761 2390 1816; x_wconf 84' lang='grc' dir='ltr'>κακά</span> <span class='ocrx_word' id='word_1_319' title='bbox 2414 1779 2428 1826; x_wconf 91' lang='lat'><strong>;</strong></span> <span class='ocrx_word' id='word_1_320' title='bbox 2457 1761 2557 1816; x_wconf 85' lang='grc' dir='ltr'>κᾶν</span> <span class='ocrx_word' id='word_1_321' title='bbox 2587 1761 2694 1834; x_wconf 74' lang='grc' dir='ltr'><strong>γάρ</strong></span> <span class='ocrx_word' id='word_1_322' title='bbox 2718 1763 2782 1832; x_wconf 76' lang='grc' dir='ltr'>τῇ</span> <span class='ocrx_word' id='word_1_323' title='bbox 2808 1760 3054 1832; x_wconf 87' lang='grc' dir='ltr'>αίσθήσει</span> <span class='ocrx_word' id='word_1_324' title='bbox 3081 1759 3190 1813; x_wconf 84' lang='grc' dir='ltr'><strong>τῶν</strong></span> <span class='ocrx_word' id='word_1_325' title='bbox 3217 1759 3591 1830; x_wconf 80' lang='grc' dir='ltr'>ὑποκειμένων</span> <span class='ocrx_word' id='word_1_326' title='bbox 3616 1758 3817 1828; x_wconf 69' lang='grc' dir='ltr'>ἀνιαρὰ</span> 
     </span>
    </p>
   </div>
   <div class='ocr_carea' id='block_1_48' title="bbox 2244 1849 3817 1924">
    <p class='ocr_par' dir='ltr' id='par_1_48' title="bbox 2244 1849 3817 1924">
     <span class='ocr_line' id='line_1_48' title="bbox 2244 1849 3817 1924; baseline -0.003 -18"><span class='ocrx_word' id='word_1_327' title='bbox 2244 1853 2506 1924; x_wconf 77' lang='grc' dir='ltr'><strong>τυγχάνῃ,</strong></span> <span class='ocrx_word' id='word_1_328' title='bbox 2555 1853 2690 1923; x_wconf 84' lang='grc' dir='ltr'>πρὸς</span> <span class='ocrx_word' id='word_1_329' title='bbox 2743 1851 2921 1923; x_wconf 82' lang='grc' dir='ltr'>μέντοι</span> <span class='ocrx_word' id='word_1_330' title='bbox 2980 1851 3253 1922; x_wconf 77' lang='grc' dir='ltr'>σωτηρίαν</span> <span class='ocrx_word' id='word_1_331' title='bbox 3305 1849 3606 1921; x_wconf 82' lang='grc' dir='ltr'>ἀνθρώπων</span> <span class='ocrx_word' id='word_1_332' title='bbox 3651 1851 3817 1917; x_wconf 83' lang='grc' dir='ltr'>ἀναγ-</span> 
     </span>
    </p>
   </div>
   <div class='ocr_carea' id='block_1_49' title="bbox 2245 1943 2719 2010">
    <p class='ocr_par' dir='ltr' id='par_1_49' title="bbox 2245 1943 2719 2010">
     <span class='ocr_line' id='line_1_49' title="bbox 2245 1943 2719 2010; baseline -0.006 -12"><span class='ocrx_word' id='word_1_333' title='bbox 2245 1944 2412 2008; x_wconf 84' lang='grc' dir='ltr'>καίως</span> <span class='ocrx_word' id='word_1_334' title='bbox 2434 1943 2719 2010; x_wconf 74' lang='grc' dir='ltr'>ἐπάγεται.</span> 
     </span>
    </p>
   </div>
   <div class='ocr_carea' id='block_1_50' title="bbox 2326 2032 3814 2109">
    <p class='ocr_par' dir='ltr' id='par_1_50' title="bbox 2326 2032 3814 2109">
     <span class='ocr_line' id='line_1_50' title="bbox 2326 2032 3814 2109; baseline -0.003 -19"><span class='ocrx_word' id='word_1_335' title='bbox 2326 2038 2384 2090; x_wconf 88' lang='lat'><strong>&#39;0</strong></span> <span class='ocrx_word' id='word_1_336' title='bbox 2426 2037 2604 2108; x_wconf 85' lang='grc' dir='ltr'>μέντοι</span> <span class='ocrx_word' id='word_1_337' title='bbox 2632 2037 2767 2108; x_wconf 77' lang='grc' dir='ltr'>πρὸς</span> <span class='ocrx_word' id='word_1_338' title='bbox 2795 2037 3046 2109; x_wconf 90' lang='grc' dir='ltr'>ἀλήθειαν</span> <span class='ocrx_word' id='word_1_339' title='bbox 3075 2037 3265 2108; x_wconf 87' lang='grc' dir='ltr'>Μάνης</span> <span class='ocrx_word' id='word_1_340' title='bbox 3298 2035 3472 2106; x_wconf 82' lang='grc' dir='ltr'>πάντη</span> <span class='ocrx_word' id='word_1_341' title='bbox 3502 2032 3680 2102; x_wconf 75' lang='grc' dir='ltr'>ἑαυτῷ</span> <span class='ocrx_word' id='word_1_342' title='bbox 3717 2051 3814 2104; x_wconf 78' lang='grc' dir='ltr'>μα-</span> 
     </span>
    </p>
   </div>
   <div class='ocr_carea' id='block_1_51' title="bbox 2243 2122 3813 2200">
    <p class='ocr_par' dir='ltr' id='par_1_51' title="bbox 2243 2122 3813 2200">
     <span class='ocr_line' id='line_1_51' title="bbox 2243 2122 3813 2200; baseline -0.009 -11"><span class='ocrx_word' id='word_1_343' title='bbox 2243 2127 2468 2198; x_wconf 80' lang='grc' dir='ltr'>χόμενος</span> <span class='ocrx_word' id='word_1_344' title='bbox 2493 2130 2709 2197; x_wconf 75' lang='grc' dir='ltr'>ἀγνοεϊ’</span> <span class='ocrx_word' id='word_1_345' title='bbox 2743 2132 2790 2182; x_wconf 84' lang='grc' dir='ltr'><strong>εί</strong></span> <span class='ocrx_word' id='word_1_346' title='bbox 2838 2130 2946 2200; x_wconf 89' lang='grc' dir='ltr'><strong>γάρ</strong></span> <span class='ocrx_word' id='word_1_347' title='bbox 2986 2128 3285 2200; x_wconf 76' lang='grc' dir='ltr'>ὲπιϐλαϐὴς</span> <span class='ocrx_word' id='word_1_348' title='bbox 3323 2127 3423 2198; x_wconf 83' lang='grc' dir='ltr'><strong>τῆς</strong></span> <span class='ocrx_word' id='word_1_349' title='bbox 3468 2125 3603 2195; x_wconf 74' lang='grc' dir='ltr'>ὕλης</span> <span class='ocrx_word' id='word_1_350' title='bbox 3639 2126 3673 2195; x_wconf 83' lang='grc' dir='ltr'>ὴ</span> <span class='ocrx_word' id='word_1_351' title='bbox 3722 2122 3813 2176; x_wconf 75' lang='grc' dir='ltr'>αύ-</span> 
     </span>
    </p>
   </div>
   <div class='ocr_carea' id='block_1_52' title="bbox 2246 2217 3814 2290">
    <p class='ocr_par' dir='ltr' id='par_1_52' title="bbox 2246 2217 3814 2290">
     <span class='ocr_line' id='line_1_52' title="bbox 2246 2217 3814 2290; baseline -0.003 -17"><span class='ocrx_word' id='word_1_352' title='bbox 2246 2218 2416 2290; x_wconf 81' lang='grc' dir='ltr'>ξησις,</span> <span class='ocrx_word' id='word_1_353' title='bbox 2458 2221 2543 2284; x_wconf 90' lang='grc' dir='ltr'><strong>τίς</strong></span> <span class='ocrx_word' id='word_1_354' title='bbox 2591 2221 2689 2275; x_wconf 81' lang='grc' dir='ltr'><strong>ούκ</strong></span> <span class='ocrx_word' id='word_1_355' title='bbox 2724 2221 2789 2274; x_wconf 84' lang='grc' dir='ltr'>ἂν</span> <span class='ocrx_word' id='word_1_356' title='bbox 2833 2221 3092 2284; x_wconf 70' lang='grc' dir='ltr'>αἴσθοιτο,</span> <span class='ocrx_word' id='word_1_357' title='bbox 3129 2221 3204 2284; x_wconf 87' lang='grc' dir='ltr'><strong>ώς</strong></span> <span class='ocrx_word' id='word_1_358' title='bbox 3241 2218 3548 2272; x_wconf 77' lang='grc' dir='ltr'>τούναντίον</span> <span class='ocrx_word' id='word_1_359' title='bbox 3594 2217 3629 2288; x_wconf 74' lang='grc' dir='ltr'>ἢ</span> <span class='ocrx_word' id='word_1_360' title='bbox 3670 2217 3814 2283; x_wconf 80' lang='grc' dir='ltr'>λέγει</span> 
     </span>
    </p>
   </div>
   <div class='ocr_carea' id='block_1_53' title="bbox 2245 2307 3811 2384">
    <p class='ocr_par' dir='ltr' id='par_1_53' title="bbox 2245 2307 3811 2384">
     <span class='ocr_line' id='line_1_53' title="bbox 2245 2307 3811 2384; baseline -0.017 1"><span class='ocrx_word' id='word_1_361' title='bbox 2245 2311 2558 2383; x_wconf 71' lang='grc' dir='ltr'><strong>συμϐαίνειῖ</strong></span> <span class='ocrx_word' id='word_1_362' title='bbox 2593 2312 2963 2384; x_wconf 78' lang='grc' dir='ltr'>Αὐξηθήσεται</span> <span class='ocrx_word' id='word_1_363' title='bbox 3000 2315 3096 2384; x_wconf 81' lang='grc' dir='ltr'><strong>μὲν</strong></span> <span class='ocrx_word' id='word_1_364' title='bbox 3126 2312 3236 2384; x_wconf 79' lang='grc' dir='ltr'>γὰρ</span> <span class='ocrx_word' id='word_1_365' title='bbox 3265 2312 3403 2383; x_wconf 83' lang='grc' dir='ltr'>αῦτη</span> <span class='ocrx_word' id='word_1_366' title='bbox 3435 2313 3576 2363; x_wconf 75' lang='grc' dir='ltr'>κατὰ</span> <span class='ocrx_word' id='word_1_367' title='bbox 3603 2307 3811 2377; x_wconf 81' lang='grc' dir='ltr'>ἀνθρώ-</span> 
     </span>
    </p>
   </div>
   <div class='ocr_carea' id='block_1_54' title="bbox 2243 2404 3812 2477">
    <p class='ocr_par' dir='ltr' id='par_1_54' title="bbox 2243 2404 3812 2477">
     <span class='ocr_line' id='line_1_54' title="bbox 2243 2404 3812 2477; baseline -0.003 -19"><span class='ocrx_word' id='word_1_368' title='bbox 2243 2423 2360 2460; x_wconf 84' lang='grc' dir='ltr'><strong>πων</strong></span> <span class='ocrx_word' id='word_1_369' title='bbox 2391 2405 2765 2472; x_wconf 81' lang='grc' dir='ltr'>ἀδιαλείπτως,</span> <span class='ocrx_word' id='word_1_370' title='bbox 2805 2405 3233 2477; x_wconf 79' lang='grc' dir='ltr'>εὐθηνουμένων,</span> <span class='ocrx_word' id='word_1_371' title='bbox 3263 2405 3355 2458; x_wconf 75' lang='grc' dir='ltr'><strong>καὶ</strong></span> <span class='ocrx_word' id='word_1_372' title='bbox 3381 2404 3620 2474; x_wconf 76' lang='grc' dir='ltr'>τρυφαῖς</span> <span class='ocrx_word' id='word_1_373' title='bbox 3660 2404 3812 2470; x_wconf 79' lang='grc' dir='ltr'>ἐσχο-</span> 
     </span>
    </p>
   </div>
   <div class='ocr_carea' id='block_1_55' title="bbox 2191 2493 3812 2569">
    <p class='ocr_par' dir='ltr' id='par_1_55' title="bbox 2191 2493 3812 2569">
     <span class='ocr_line' id='line_1_55' title="bbox 2191 2493 3812 2569; baseline -0.005 -18"><span class='ocrx_word' id='word_1_374' title='bbox 2191 2542 2194 2546; x_wconf 95' lang='grc'><strong>.</strong></span> <span class='ocrx_word' id='word_1_375' title='bbox 2226 2498 2500 2563; x_wconf 53' lang='grc' dir='ltr'>μλακότων,</span> <span class='ocrx_word' id='word_1_376' title='bbox 2533 2499 2730 2569; x_wconf 78' lang='grc' dir='ltr'>γαστρὶ</span> <span class='ocrx_word' id='word_1_377' title='bbox 2757 2498 2862 2563; x_wconf 65' lang='grc' dir='ltr'><strong>Δκαὶ</strong></span> <span class='ocrx_word' id='word_1_378' title='bbox 2908 2500 3018 2561; x_wconf 84' lang='grc' dir='ltr'>τοῖς</span> <span class='ocrx_word' id='word_1_379' title='bbox 3055 2497 3192 2568; x_wconf 86' lang='grc' dir='ltr'><strong>μετά</strong></span> <span class='ocrx_word' id='word_1_380' title='bbox 3245 2495 3487 2565; x_wconf 86' lang='grc' dir='ltr'>γαστέρα</span> <span class='ocrx_word' id='word_1_381' title='bbox 3536 2493 3812 2546; x_wconf 83' lang='grc' dir='ltr'>δουλευόν-</span> 
     </span>
    </p>
   </div>
   <div class='ocr_carea' id='block_1_56' title="bbox 2241 2583 3811 2661">
    <p class='ocr_par' dir='ltr' id='par_1_56' title="bbox 2241 2583 3811 2661">
     <span class='ocr_line' id='line_1_56' title="bbox 2241 2583 3811 2661; baseline -0.006 -18"><span class='ocrx_word' id='word_1_382' title='bbox 2241 2607 2348 2644; x_wconf 89' lang='grc' dir='ltr'><strong>των</strong></span> <span class='ocrx_word' id='word_1_383' title='bbox 2373 2607 2387 2623; x_wconf 88' lang='grc'><strong>·</strong></span> <span class='ocrx_word' id='word_1_384' title='bbox 2425 2590 2782 2661; x_wconf 82' lang='grc' dir='ltr'>μειωθήσεται</span> <span class='ocrx_word' id='word_1_385' title='bbox 2819 2589 2875 2642; x_wconf 75' lang='grc' dir='ltr'>δὲ</span> <span class='ocrx_word' id='word_1_386' title='bbox 2916 2591 2994 2652; x_wconf 89' lang='grc' dir='ltr'><strong>είς</strong></span> <span class='ocrx_word' id='word_1_387' title='bbox 3023 2589 3093 2642; x_wconf 82' lang='grc' dir='ltr'>τὰ</span> <span class='ocrx_word' id='word_1_388' title='bbox 3129 2588 3362 2660; x_wconf 84' lang='grc' dir='ltr'>μάλιστα</span> <span class='ocrx_word' id='word_1_389' title='bbox 3397 2585 3485 2639; x_wconf 72' lang='grc' dir='ltr'>διὰ</span> <span class='ocrx_word' id='word_1_390' title='bbox 3518 2584 3694 2655; x_wconf 83' lang='grc' dir='ltr'>λιμῶν</span> <span class='ocrx_word' id='word_1_391' title='bbox 3722 2583 3811 2636; x_wconf 76' lang='grc' dir='ltr'><strong>καὶ</strong></span> 
     </span>
    </p>
   </div>
   <div class='ocr_carea' id='block_1_57' title="bbox 2241 2677 3812 2754">
    <p class='ocr_par' dir='ltr' id='par_1_57' title="bbox 2241 2677 3812 2754">
     <span class='ocr_line' id='line_1_57' title="bbox 2241 2677 3812 2754; baseline -0.006 -18"><span class='ocrx_word' id='word_1_392' title='bbox 2241 2683 2441 2754; x_wconf 84' lang='grc' dir='ltr'>λοιμῶν</span> <span class='ocrx_word' id='word_1_393' title='bbox 2478 2684 2570 2735; x_wconf 72' lang='grc' dir='ltr'><strong>καὶ</strong></span> <span class='ocrx_word' id='word_1_394' title='bbox 2611 2682 2855 2736; x_wconf 87' lang='grc' dir='ltr'>θανάτων</span> <span class='ocrx_word' id='word_1_395' title='bbox 2887 2681 3129 2752; x_wconf 85' lang='grc' dir='ltr'>πρόοδον,</span> <span class='ocrx_word' id='word_1_396' title='bbox 3164 2679 3338 2750; x_wconf 75' lang='grc' dir='ltr'>ταύτῃ</span> <span class='ocrx_word' id='word_1_397' title='bbox 3379 2679 3452 2748; x_wconf 80' lang='grc' dir='ltr'>μὴ</span> <span class='ocrx_word' id='word_1_398' title='bbox 3495 2677 3812 2747; x_wconf 72' lang='grc' dir='ltr'>ἐπιτρεπόνο</span> 
     </span>
    </p>
   </div>
   <div class='ocr_carea' id='block_1_58' title="bbox 2240 2762 3810 2845">
    <p class='ocr_par' dir='ltr' id='par_1_58' title="bbox 2240 2762 3810 2845">
     <span class='ocr_line' id='line_1_58' title="bbox 2240 2762 3810 2845; baseline -0.006 -18"><span class='ocrx_word' id='word_1_399' title='bbox 2240 2790 2350 2827; x_wconf 88' lang='grc' dir='ltr'><strong>των</strong></span> <span class='ocrx_word' id='word_1_400' title='bbox 2382 2773 2516 2845; x_wconf 74' lang='grc' dir='ltr'>πρὸς</span> <span class='ocrx_word' id='word_1_401' title='bbox 2541 2771 2754 2826; x_wconf 85' lang='grc' dir='ltr'>ἀδικίαν</span> <span class='ocrx_word' id='word_1_402' title='bbox 2781 2770 3083 2842; x_wconf 80' lang='grc' dir='ltr'>αὐξήσεως.</span> <span class='ocrx_word' id='word_1_403' title='bbox 3111 2771 3270 2822; x_wconf 83' lang='grc' dir='ltr'>Ὥστε</span> <span class='ocrx_word' id='word_1_404' title='bbox 3311 2769 3406 2822; x_wconf 70' lang='grc' dir='ltr'>καὶ</span> <span class='ocrx_word' id='word_1_405' title='bbox 3437 2767 3586 2829; x_wconf 79' lang='grc' dir='ltr'>εἰκὸς</span> <span class='ocrx_word' id='word_1_406' title='bbox 3615 2762 3684 2836; x_wconf 76' lang='grc' dir='ltr'>ἦν</span> <span class='ocrx_word' id='word_1_407' title='bbox 3715 2766 3810 2817; x_wconf 84' lang='grc' dir='ltr'>αύ-</span> 
     </span>
    </p>
   </div>
   <div class='ocr_carea' id='block_1_59' title="bbox 2239 2860 3808 2933">
    <p class='ocr_par' dir='ltr' id='par_1_59' title="bbox 2239 2860 3808 2933">
     <span class='ocr_line' id='line_1_59' title="bbox 2239 2860 3808 2933; baseline -0.005 -16"><span class='ocrx_word' id='word_1_408' title='bbox 2239 2863 2331 2918; x_wconf 85' lang='grc' dir='ltr'><strong>τδν</strong></span> <span class='ocrx_word' id='word_1_409' title='bbox 2357 2863 2536 2932; x_wconf 85' lang='grc' dir='ltr'>ἀγαθὰ</span> <span class='ocrx_word' id='word_1_410' title='bbox 2565 2862 2734 2916; x_wconf 88' lang='grc' dir='ltr'>ταῦτα</span> <span class='ocrx_word' id='word_1_411' title='bbox 2765 2862 2947 2916; x_wconf 81' lang='grc' dir='ltr'>καλεῖν</span> <span class='ocrx_word' id='word_1_412' title='bbox 2972 2862 3110 2917; x_wconf 78' lang='grc' dir='ltr'>κατὰ</span> <span class='ocrx_word' id='word_1_413' title='bbox 3141 2862 3238 2933; x_wconf 79' lang='grc' dir='ltr'>τὴν</span> <span class='ocrx_word' id='word_1_414' title='bbox 3267 2861 3526 2915; x_wconf 79' lang='grc' dir='ltr'>ὑπόθεσιν</span> <span class='ocrx_word' id='word_1_415' title='bbox 3554 2861 3651 2929; x_wconf 70' lang='grc' dir='ltr'><strong>τὴν</strong></span> <span class='ocrx_word' id='word_1_416' title='bbox 3680 2860 3808 2911; x_wconf 81' lang='grc' dir='ltr'>ἑαυ-</span> 
     </span>
    </p>
   </div>
   <div class='ocr_carea' id='block_1_60' title="bbox 2240 2951 3806 3026">
    <p class='ocr_par' dir='ltr' id='par_1_60' title="bbox 2240 2951 3806 3026">
     <span class='ocr_line' id='line_1_60' title="bbox 2240 2951 3806 3026; baseline -0.003 -19"><span class='ocrx_word' id='word_1_417' title='bbox 2240 2955 2333 3008; x_wconf 89' lang='grc' dir='ltr'><strong>τοῦ</strong></span> <span class='ocrx_word' id='word_1_418' title='bbox 2391 2955 2585 3026; x_wconf 80' lang='grc' dir='ltr'>μᾶλλον</span> <span class='ocrx_word' id='word_1_419' title='bbox 2615 2955 2648 3025; x_wconf 84' lang='grc' dir='ltr'>ἢ</span> <span class='ocrx_word' id='word_1_420' title='bbox 2679 2954 2856 3008; x_wconf 87' lang='grc' dir='ltr'>κακά·</span> <span class='ocrx_word' id='word_1_421' title='bbox 2884 2953 3026 3008; x_wconf 75' lang='grc' dir='ltr'>οὕτω</span> <span class='ocrx_word' id='word_1_422' title='bbox 3061 2953 3104 3007; x_wconf 81' lang='grc' dir='ltr'>δ’</span> <span class='ocrx_word' id='word_1_423' title='bbox 3131 2953 3196 3007; x_wconf 74' lang='grc' dir='ltr'><strong>ἂν</strong></span> <span class='ocrx_word' id='word_1_424' title='bbox 3237 2953 3381 3019; x_wconf 78' lang='grc' dir='ltr'>ἔδοξε</span> <span class='ocrx_word' id='word_1_425' title='bbox 3412 2951 3671 3022; x_wconf 84' lang='grc' dir='ltr'>βελτίονος</span> <span class='ocrx_word' id='word_1_426' title='bbox 3707 2952 3806 3017; x_wconf 62' lang='grc' dir='ltr'><strong>ἐς-</strong></span> 
     </span>
    </p>
   </div>
   <div class='ocr_carea' id='block_1_61' title="bbox 581 3040 2142 3130">
    <p class='ocr_par' dir='ltr' id='par_1_61' title="bbox 581 3040 2142 3113">
     <span class='ocr_line' id='line_1_61' title="bbox 581 3040 2142 3113; baseline 0.006 -17"><span class='ocrx_word' id='word_1_427' title='bbox 581 3040 857 3096; x_wconf 83' lang='lat' dir='ltr'><strong>videretur</strong></span> <span class='ocrx_word' id='word_1_428' title='bbox 887 3051 1188 3109; x_wconf 85' lang='lat' dir='ltr'><strong>assecutus,</strong></span> <span class='ocrx_word' id='word_1_429' title='bbox 1229 3060 1389 3113; x_wconf 87' lang='lat' dir='ltr'><strong>quam</strong></span> <span class='ocrx_word' id='word_1_430' title='bbox 1424 3046 1470 3100; x_wconf 92' lang='lat' dir='ltr'><strong>si</strong></span> <span class='ocrx_word' id='word_1_431' title='bbox 1517 3061 1715 3104; x_wconf 89' lang='lat' dir='ltr'><strong>rursus.</strong></span> <span class='ocrx_word' id='word_1_432' title='bbox 1740 3051 1946 3104; x_wconf 86' lang='lat' dir='ltr'><strong>ratione</strong></span> <span class='ocrx_word' id='word_1_433' title='bbox 2002 3050 2142 3106; x_wconf 80' lang='lat' dir='ltr'><strong>refe-</strong></span> 
     </span>
    </p>
   </div>
   <div class='ocr_carea' id='block_1_62' title="bbox 2241 3040 3808 3130">
    <p class='ocr_par' dir='ltr' id='par_1_62' title="bbox 2247 3043 3808 3118">
     <span class='ocr_line' id='line_1_62' title="bbox 2247 3043 3808 3118; baseline -0.006 -17"><span class='ocrx_word' id='word_1_434' title='bbox 2247 3046 2456 3101; x_wconf 88' lang='grc' dir='ltr'>ικέσθαι</span> <span class='ocrx_word' id='word_1_435' title='bbox 2487 3048 2669 3115; x_wconf 85' lang='grc' dir='ltr'>λόγου,</span> <span class='ocrx_word' id='word_1_436' title='bbox 2693 3049 2740 3100; x_wconf 88' lang='grc' dir='ltr'><strong>εί</strong></span> <span class='ocrx_word' id='word_1_437' title='bbox 2770 3047 2842 3118; x_wconf 80' lang='grc' dir='ltr'>μὴ</span> <span class='ocrx_word' id='word_1_438' title='bbox 2870 3047 3030 3101; x_wconf 85' lang='grc' dir='ltr'>πάλιν</span> <span class='ocrx_word' id='word_1_439' title='bbox 3056 3045 3122 3099; x_wconf 78' lang='grc' dir='ltr'><strong>τά</strong></span> <span class='ocrx_word' id='word_1_440' title='bbox 3148 3046 3277 3117; x_wconf 88' lang='grc' dir='ltr'>ήδέα</span> <span class='ocrx_word' id='word_1_441' title='bbox 3301 3045 3437 3115; x_wconf 83' lang='grc' dir='ltr'>πρὸς</span> <span class='ocrx_word' id='word_1_442' title='bbox 3465 3043 3627 3106; x_wconf 79' lang='grc' dir='ltr'>ἄλλας</span> <span class='ocrx_word' id='word_1_443' title='bbox 3653 3043 3808 3094; x_wconf 71' lang='grc' dir='ltr'>ἐναν-</span> 
     </span>
    </p>
   </div>
   <div class='ocr_carea' id='block_1_63' title="bbox 582 3134 2142 3210">
    <p class='ocr_par' dir='ltr' id='par_1_63' title="bbox 582 3135 2140 3210">
     <span class='ocr_line' id='line_1_63' title="bbox 582 3135 2140 3210; baseline 0.006 -22"><span class='ocrx_word' id='word_1_444' title='bbox 582 3135 966 3206; x_wconf 86' lang='lat' dir='ltr'><strong>rensjucunda</strong></span> <span class='ocrx_word' id='word_1_445' title='bbox 1009 3136 1075 3190; x_wconf 92' lang='lat' dir='ltr'><strong>ad</strong></span> <span class='ocrx_word' id='word_1_446' title='bbox 1116 3138 1221 3190; x_wconf 85' lang='lat' dir='ltr'><strong>alia</strong></span> <span class='ocrx_word' id='word_1_447' title='bbox 1268 3139 1540 3192; x_wconf 90' lang='lat' dir='ltr'><strong>contraria</strong></span> <span class='ocrx_word' id='word_1_448' title='bbox 1587 3140 1890 3210; x_wconf 88' lang='lat' dir='ltr'><strong>principia,</strong></span> <span class='ocrx_word' id='word_1_449' title='bbox 1946 3157 2140 3198; x_wconf 87' lang='lat' dir='ltr'><strong>rursus</strong></span> 
     </span>
    </p>
   </div>
   <div class='ocr_carea' id='block_1_64' title="bbox 2241 3134 3810 3210">
    <p class='ocr_par' dir='ltr' id='par_1_64' title="bbox 2241 3134 3810 3210">
     <span class='ocr_line' id='line_1_64' title="bbox 2241 3134 3810 3210; baseline 0.003 -25"><span class='ocrx_word' id='word_1_450' title='bbox 2241 3139 2361 3202; x_wconf 82' lang='grc' dir='ltr'>τίας</span> <span class='ocrx_word' id='word_1_451' title='bbox 2405 3140 2577 3210; x_wconf 85' lang='grc' dir='ltr'>ἀρχὰς</span> <span class='ocrx_word' id='word_1_452' title='bbox 2607 3137 2686 3210; x_wconf 87' lang='grc' dir='ltr'>τῷ</span> <span class='ocrx_word' id='word_1_453' title='bbox 2729 3138 2870 3210; x_wconf 81' lang='grc' dir='ltr'>λόγῳ</span> <span class='ocrx_word' id='word_1_454' title='bbox 2915 3138 3116 3208; x_wconf 78' lang='grc' dir='ltr'>φέρων,</span> <span class='ocrx_word' id='word_1_455' title='bbox 3151 3134 3304 3201; x_wconf 75' lang='grc' dir='ltr'>αὖθις</span> <span class='ocrx_word' id='word_1_456' title='bbox 3350 3137 3498 3192; x_wconf 88' lang='grc' dir='ltr'><strong>κακά</strong></span> <span class='ocrx_word' id='word_1_457' title='bbox 3543 3137 3810 3207; x_wconf 82' lang='grc' dir='ltr'>προσηγό-</span> 
     </span>
    </p>
   </div>
   <div class='ocr_carea' id='block_1_65' title="bbox 581 3229 2139 3298">
    <p class='ocr_par' dir='ltr' id='par_1_65' title="bbox 581 3229 2139 3298">
     <span class='ocr_line' id='line_1_65' title="bbox 581 3229 2139 3298; baseline 0.006 -17"><span class='ocrx_word' id='word_1_458' title='bbox 581 3229 720 3282; x_wconf 71' lang='lat' dir='ltr'><strong>mala</strong></span> <span class='ocrx_word' id='word_1_459' title='bbox 755 3235 1037 3290; x_wconf 87' lang='lat' dir='ltr'><strong>vocasset;</strong></span> <span class='ocrx_word' id='word_1_460' title='bbox 1072 3237 1302 3298; x_wconf 87' lang='lat' dir='ltr'><strong>utraque</strong></span> <span class='ocrx_word' id='word_1_461' title='bbox 1342 3231 1487 3286; x_wconf 89' lang='lat' dir='ltr'><strong>enim</strong></span> <span class='ocrx_word' id='word_1_462' title='bbox 1521 3239 1648 3287; x_wconf 90' lang='lat' dir='ltr'><strong>sunt</strong></span> <span class='ocrx_word' id='word_1_463' title='bbox 1679 3232 1818 3288; x_wconf 90' lang='lat' dir='ltr'><strong>bona</strong></span> <span class='ocrx_word' id='word_1_464' title='bbox 1849 3235 2058 3290; x_wconf 87' lang='lat' dir='ltr'><strong>ratione</strong></span> <span class='ocrx_word' id='word_1_465' title='bbox 2107 3251 2139 3290; x_wconf 89' lang='lat' dir='ltr'><strong>a</strong></span> 
     </span>
    </p>
   </div>
   <div class='ocr_carea' id='block_1_66' title="bbox 582 3319 2141 3392">
    <p class='ocr_par' dir='ltr' id='par_1_66' title="bbox 582 3319 2141 3392">
     <span class='ocr_line' id='line_1_66' title="bbox 582 3319 2141 3392; baseline 0.007 -20"><span class='ocrx_word' id='word_1_466' title='bbox 582 3319 692 3374; x_wconf 87' lang='lat' dir='ltr'><strong>Deo</strong></span> <span class='ocrx_word' id='word_1_467' title='bbox 720 3319 865 3374; x_wconf 89' lang='lat' dir='ltr'><strong>data.</strong></span> <span class='ocrx_word' id='word_1_468' title='bbox 899 3321 971 3374; x_wconf 79' lang='lat' dir='ltr'><strong>At</strong></span> <span class='ocrx_word' id='word_1_469' title='bbox 1001 3321 1091 3376; x_wconf 89' lang='lat' dir='ltr'><strong>ille</strong></span> <span class='ocrx_word' id='word_1_470' title='bbox 1135 3321 1379 3391; x_wconf 88' lang='lat' dir='ltr'><strong>gaudens</strong></span> <span class='ocrx_word' id='word_1_471' title='bbox 1428 3331 1651 3392; x_wconf 84' lang='lat' dir='ltr'><strong>peccato</strong></span> <span class='ocrx_word' id='word_1_472' title='bbox 1680 3326 1747 3378; x_wconf 86' lang='lat' dir='ltr'><strong>ad</strong></span> <span class='ocrx_word' id='word_1_473' title='bbox 1785 3327 2141 3383; x_wconf 90' lang='lat' dir='ltr'><strong>constituen-</strong></span> 
     </span>
    </p>
   </div>
   <div class='ocr_carea' id='block_1_67' title="bbox 579 3409 2135 3487">
    <p class='ocr_par' dir='ltr' id='par_1_67' title="bbox 579 3409 2135 3487">
     <span class='ocr_line' id='line_1_67' title="bbox 579 3409 2135 3487; baseline 0.006 -23"><span class='ocrx_word' id='word_1_474' title='bbox 579 3409 701 3464; x_wconf 86' lang='lat' dir='ltr'><strong>dam</strong></span> <span class='ocrx_word' id='word_1_475' title='bbox 731 3419 784 3466; x_wconf 88' lang='lat' dir='ltr'><strong>et</strong></span> <span class='ocrx_word' id='word_1_476' title='bbox 819 3411 1162 3478; x_wconf 86' lang='lat' dir='ltr'><strong>conﬂandam</strong></span> <span class='ocrx_word' id='word_1_477' title='bbox 1195 3413 1494 3482; x_wconf 89' lang='lat' dir='ltr'><strong>nequitiam</strong></span> <span class='ocrx_word' id='word_1_478' title='bbox 1527 3429 1621 3486; x_wconf 79' lang='lat' dir='ltr'><strong>per</strong></span> <span class='ocrx_word' id='word_1_479' title='bbox 1655 3429 1734 3478; x_wconf 88' lang='lat' dir='ltr'><strong>se,</strong></span> <span class='ocrx_word' id='word_1_480' title='bbox 1771 3424 1832 3470; x_wconf 90' lang='lat' dir='ltr'><strong>ut</strong></span> <span class='ocrx_word' id='word_1_481' title='bbox 1859 3417 2135 3487; x_wconf 88' lang='lat' dir='ltr'><strong>opinatur,</strong></span> 
     </span>
    </p>
   </div>
   <div class='ocr_carea' id='block_1_68' title="bbox 583 3503 2138 3580">
    <p class='ocr_par' dir='ltr' id='par_1_68' title="bbox 583 3503 2138 3580">
     <span class='ocr_line' id='line_1_68' title="bbox 583 3503 2138 3580; baseline 0.008 -24"><span class='ocrx_word' id='word_1_482' title='bbox 583 3503 987 3580; x_wconf 85' lang='lat' dir='ltr'><strong>consistentem,</strong></span> <span class='ocrx_word' id='word_1_483' title='bbox 1019 3503 1259 3559; x_wconf 86' lang='lat' dir='ltr'><strong>dolorem</strong></span> <span class='ocrx_word' id='word_1_484' title='bbox 1310 3505 1453 3575; x_wconf 89' lang='lat' dir='ltr'><strong>capit</strong></span> <span class='ocrx_word' id='word_1_485' title='bbox 1501 3520 1568 3561; x_wconf 81' lang='lat' dir='ltr'><strong>ex</strong></span> <span class='ocrx_word' id='word_1_486' title='bbox 1623 3509 2011 3568; x_wconf 87' lang='lat' dir='ltr'><strong>monitionibus</strong></span> <span class='ocrx_word' id='word_1_487' title='bbox 2045 3511 2138 3569; x_wconf 90' lang='lat' dir='ltr'><strong>Dei</strong></span> 
     </span>
    </p>
   </div>
   <div class='ocr_carea' id='block_1_69' title="bbox 578 3592 2136 3667">
    <p class='ocr_par' dir='ltr' id='par_1_69' title="bbox 578 3592 2136 3667">
     <span class='ocr_line' id='line_1_69' title="bbox 578 3592 2136 3667; baseline 0.008 -21"><span class='ocrx_word' id='word_1_488' title='bbox 578 3592 910 3658; x_wconf 83' lang='lat' dir='ltr'><strong>eilieacibus,</strong></span> <span class='ocrx_word' id='word_1_489' title='bbox 937 3595 1136 3664; x_wconf 90' lang='lat' dir='ltr'><strong>quibus</strong></span> <span class='ocrx_word' id='word_1_490' title='bbox 1184 3595 1435 3652; x_wconf 87' lang='lat' dir='ltr'><strong>meliores</strong></span> <span class='ocrx_word' id='word_1_491' title='bbox 1470 3597 1598 3652; x_wconf 81' lang='lat' dir='ltr'><strong>facti</strong></span> <span class='ocrx_word' id='word_1_492' title='bbox 1643 3598 1911 3667; x_wconf 89' lang='lat' dir='ltr'><strong>homines,</strong></span> <span class='ocrx_word' id='word_1_493' title='bbox 1947 3610 2000 3658; x_wconf 89' lang='lat' dir='ltr'><strong>et</strong></span> <span class='ocrx_word' id='word_1_494' title='bbox 2032 3619 2136 3658; x_wconf 52' lang='lat' dir='ltr'><strong>sae.</strong></span> 
     </span>
    </p>
   </div>
   <div class='ocr_carea' id='block_1_70' title="bbox 579 3687 2136 3764">
    <p class='ocr_par' dir='ltr' id='par_1_70' title="bbox 579 3687 2136 3764">
     <span class='ocr_line' id='line_1_70' title="bbox 579 3687 2136 3764; baseline 0.007 -26"><span class='ocrx_word' id='word_1_495' title='bbox 579 3701 872 3754; x_wconf 88' lang='lat' dir='ltr'><strong>penumero</strong></span> <span class='ocrx_word' id='word_1_496' title='bbox 941 3687 1106 3758; x_wconf 82' lang='lat' dir='ltr'><strong>aliqui</strong></span> <span class='ocrx_word' id='word_1_497' title='bbox 1155 3688 1391 3757; x_wconf 82' lang='lat' dir='ltr'><strong>perfecte</strong></span> <span class='ocrx_word' id='word_1_498' title='bbox 1441 3689 1508 3742; x_wconf 90' lang='lat' dir='ltr'><strong>ad</strong></span> <span class='ocrx_word' id='word_1_499' title='bbox 1567 3691 1819 3747; x_wconf 88' lang='lat' dir='ltr'><strong>virtutem</strong></span> <span class='ocrx_word' id='word_1_500' title='bbox 1864 3693 2136 3764; x_wconf 72' lang='lat' dir='ltr'><strong>traducti,</strong></span> 
     </span>
    </p>
   </div>
   <div class='ocr_carea' id='block_1_71' title="bbox 579 3777 1625 3848">
    <p class='ocr_par' dir='ltr' id='par_1_71' title="bbox 579 3777 1625 3848">
     <span class='ocr_line' id='line_1_71' title="bbox 579 3777 1625 3848; baseline 0.005 -19"><span class='ocrx_word' id='word_1_501' title='bbox 579 3777 774 3848; x_wconf 86' lang='lat' dir='ltr'><strong>dogma</strong></span> <span class='ocrx_word' id='word_1_502' title='bbox 803 3777 921 3848; x_wconf 83' lang='lat' dir='ltr'><strong>ejus</strong></span> <span class='ocrx_word' id='word_1_503' title='bbox 952 3778 1152 3834; x_wconf 84' lang='lat' dir='ltr'><strong>falsum</strong></span> <span class='ocrx_word' id='word_1_504' title='bbox 1174 3795 1296 3834; x_wconf 88' lang='lat' dir='ltr'><strong>esse</strong></span> <span class='ocrx_word' id='word_1_505' title='bbox 1328 3780 1625 3835; x_wconf 88' lang='lat' dir='ltr'><strong>declarant.</strong></span> 
     </span>
    </p>
   </div>
   <div class='ocr_carea' id='block_1_72' title="bbox 647 3867 2138 3944">
    <p class='ocr_par' dir='ltr' id='par_1_72' title="bbox 647 3867 2138 3944">
     <span class='ocr_line' id='line_1_72' title="bbox 647 3867 2138 3944; baseline 0.007 -22"><span class='ocrx_word' id='word_1_506' title='bbox 647 3867 727 3922; x_wconf 83' lang='lat' dir='ltr'><strong>Ad</strong></span> <span class='ocrx_word' id='word_1_507' title='bbox 757 3869 871 3924; x_wconf 64' lang='lat' dir='ltr'><strong>haec</strong></span> <span class='ocrx_word' id='word_1_508' title='bbox 900 3871 1103 3934; x_wconf 87' lang='lat' dir='ltr'><strong>omnia,</strong></span> <span class='ocrx_word' id='word_1_509' title='bbox 1137 3871 1181 3926; x_wconf 90' lang='lat' dir='ltr'><strong>si</strong></span> <span class='ocrx_word' id='word_1_510' title='bbox 1217 3887 1326 3926; x_wconf 91' lang='lat' dir='ltr'><strong>non</strong></span> <span class='ocrx_word' id='word_1_511' title='bbox 1375 3871 1646 3927; x_wconf 85' lang='lat' dir='ltr'><strong>accideret</strong></span> <span class='ocrx_word' id='word_1_512' title='bbox 1690 3873 1981 3944; x_wconf 88' lang='lat' dir='ltr'><strong>aliquando</strong></span> <span class='ocrx_word' id='word_1_513' title='bbox 2005 3917 2022 3942; x_wconf 91' lang='lat'><strong>,</strong></span> <span class='ocrx_word' id='word_1_514' title='bbox 2078 3886 2138 3933; x_wconf 93' lang='lat' dir='ltr'><strong>ut</strong></span> 
     </span>
    </p>
   </div>
   <div class='ocr_carea' id='block_1_73' title="bbox 579 3962 2138 4034">
    <p class='ocr_par' dir='ltr' id='par_1_73' title="bbox 579 3962 2138 4034">
     <span class='ocr_line' id='line_1_73' title="bbox 579 3962 2138 4034; baseline 0.004 -18"><span class='ocrx_word' id='word_1_515' title='bbox 579 3979 697 4034; x_wconf 69' lang='lat' dir='ltr'><strong>quae</strong></span> <span class='ocrx_word' id='word_1_516' title='bbox 742 3962 882 4019; x_wconf 88' lang='lat' dir='ltr'><strong>Deus</strong></span> <span class='ocrx_word' id='word_1_517' title='bbox 915 3963 1279 4031; x_wconf 81' lang='lat' dir='ltr'><strong>communiter</strong></span> <span class='ocrx_word' id='word_1_518' title='bbox 1317 3966 1570 4019; x_wconf 87' lang='lat' dir='ltr'><strong>omnibus</strong></span> <span class='ocrx_word' id='word_1_519' title='bbox 1617 3964 1930 4021; x_wconf 90' lang='lat' dir='ltr'><strong>hominibus</strong></span> <span class='ocrx_word' id='word_1_520' title='bbox 1969 3967 2138 4022; x_wconf 89' lang='lat' dir='ltr'><strong>donat</strong></span> 
     </span>
    </p>
   </div>
   <div class='ocr_carea' id='block_1_74' title="bbox 577 4041 2138 4127">
    <p class='ocr_par' dir='ltr' id='par_1_74' title="bbox 577 4041 2138 4127">
     <span class='ocr_line' id='line_1_74' title="bbox 577 4041 2138 4127; baseline 0.002 -17"><span class='ocrx_word' id='word_1_521' title='bbox 577 4065 630 4111; x_wconf 88' lang='lat' dir='ltr'><strong>et</strong></span> <span class='ocrx_word' id='word_1_522' title='bbox 683 4057 936 4127; x_wconf 81' lang='lat' dir='ltr'><strong>largitur,</strong></span> <span class='ocrx_word' id='word_1_523' title='bbox 993 4041 1427 4127; x_wconf 82' lang='lat' dir='ltr'><strong>prohiberentur,</strong></span> <span class='ocrx_word' id='word_1_524' title='bbox 1459 4055 1796 4126; x_wconf 80' lang='lat' dir='ltr'><strong>largitionem</strong></span> <span class='ocrx_word' id='word_1_525' title='bbox 1843 4073 2032 4112; x_wconf 87' lang='lat' dir='ltr'><strong>eorum</strong></span> <span class='ocrx_word' id='word_1_526' title='bbox 2073 4073 2138 4114; x_wconf 90' lang='lat' dir='ltr'><strong>ac</strong></span> 
     </span>
    </p>
   </div>
   <div class='ocr_carea' id='block_1_75' title="bbox 578 4145 2139 4218">
    <p class='ocr_par' dir='ltr' id='par_1_75' title="bbox 578 4145 2139 4218">
     <span class='ocr_line' id='line_1_75' title="bbox 578 4145 2139 4218; baseline 0.002 -17"><span class='ocrx_word' id='word_1_527' title='bbox 578 4147 1064 4218; x_wconf 89' lang='lat' dir='ltr'><strong>suppeditationem</strong></span> <span class='ocrx_word' id='word_1_528' title='bbox 1108 4146 1176 4200; x_wconf 88' lang='lat' dir='ltr'><strong>ad</strong></span> <span class='ocrx_word' id='word_1_529' title='bbox 1222 4145 1330 4198; x_wconf 89' lang='lat' dir='ltr'><strong>vim</strong></span> <span class='ocrx_word' id='word_1_530' title='bbox 1361 4147 1592 4214; x_wconf 87' lang='lat' dir='ltr'><strong>alicujus</strong></span> <span class='ocrx_word' id='word_1_531' title='bbox 1627 4156 1833 4202; x_wconf 76' lang='lat' dir='ltr'><strong>natura:</strong></span> <span class='ocrx_word' id='word_1_532' title='bbox 1883 4149 2139 4204; x_wconf 88' lang='lat' dir='ltr'><strong>immuta-</strong></span> 
     </span>
    </p>
   </div>
   <div class='ocr_carea' id='block_1_76' title="bbox 579 4237 2133 4310">
    <p class='ocr_par' dir='ltr' id='par_1_76' title="bbox 579 4237 2133 4310">
     <span class='ocr_line' id='line_1_76' title="bbox 579 4237 2133 4310; baseline 0.001 -16"><span class='ocrx_word' id='word_1_533' title='bbox 579 4239 702 4294; x_wconf 87' lang='lat' dir='ltr'><strong>bilis</strong></span> <span class='ocrx_word' id='word_1_534' title='bbox 741 4239 985 4292; x_wconf 88' lang='lat' dir='ltr'><strong>homines</strong></span> <span class='ocrx_word' id='word_1_535' title='bbox 1037 4237 1383 4305; x_wconf 86' lang='lat' dir='ltr'><strong>retulissent;</strong></span> <span class='ocrx_word' id='word_1_536' title='bbox 1419 4253 1594 4307; x_wconf 90' lang='lat' dir='ltr'><strong>neque</strong></span> <span class='ocrx_word' id='word_1_537' title='bbox 1627 4254 1751 4294; x_wconf 90' lang='lat' dir='ltr'><strong>cum</strong></span> <span class='ocrx_word' id='word_1_538' title='bbox 1783 4240 2095 4310; x_wconf 78' lang='lat' dir='ltr'><strong>aeciperent</strong></span> <span class='ocrx_word' id='word_1_539' title='bbox 2118 4281 2133 4306; x_wconf 97' lang='lat'><strong>,</strong></span> 
     </span>
    </p>
   </div>
   <div class='ocr_carea' id='block_1_77' title="bbox 578 4327 2132 4401">
    <p class='ocr_par' dir='ltr' id='par_1_77' title="bbox 578 4327 2132 4401">
     <span class='ocr_line' id='line_1_77' title="bbox 578 4327 2132 4401; baseline 0.001 -18"><span class='ocrx_word' id='word_1_540' title='bbox 578 4330 782 4396; x_wconf 81' lang='lat' dir='ltr'><strong>gratias</strong></span> <span class='ocrx_word' id='word_1_541' title='bbox 812 4329 1061 4399; x_wconf 81' lang='lat' dir='ltr'><strong>largienti</strong></span> <span class='ocrx_word' id='word_1_542' title='bbox 1090 4327 1363 4399; x_wconf 85' lang='lat' dir='ltr'><strong>egissent;</strong></span> <span class='ocrx_word' id='word_1_543' title='bbox 1387 4344 1561 4400; x_wconf 86' lang='lat' dir='ltr'><strong>neque</strong></span> <span class='ocrx_word' id='word_1_544' title='bbox 1588 4329 1870 4394; x_wconf 89' lang='lat' dir='ltr'><strong>habentes,</strong></span> <span class='ocrx_word' id='word_1_545' title='bbox 1894 4347 2132 4401; x_wconf 87' lang='lat' dir='ltr'><strong>unquam</strong></span> 
     </span>
    </p>
   </div>
   <div class='ocr_carea' id='block_1_78' title="bbox 580 4421 878 4492">
    <p class='ocr_par' dir='ltr' id='par_1_78' title="bbox 580 4421 878 4492">
     <span class='ocr_line' id='line_1_78' title="bbox 580 4421 878 4492; baseline 0 -16"><span class='ocrx_word' id='word_1_546' title='bbox 580 4421 878 4492; x_wconf 86' lang='lat' dir='ltr'><strong>petiissent.</strong></span> 
     </span>
    </p>
   </div>
   <div class='ocr_carea' id='block_1_79' title="bbox 648 4509 2134 4582">
    <p class='ocr_par' dir='ltr' id='par_1_79' title="bbox 648 4509 2134 4582">
     <span class='ocr_line' id='line_1_79' title="bbox 648 4509 2134 4582; baseline 0.002 -18"><span class='ocrx_word' id='word_1_547' title='bbox 648 4510 939 4566; x_wconf 85' lang='lat' dir='ltr'><strong>Privantur</strong></span> <span class='ocrx_word' id='word_1_548' title='bbox 971 4510 1139 4582; x_wconf 88' lang='lat' dir='ltr'><strong>igitur</strong></span> <span class='ocrx_word' id='word_1_549' title='bbox 1167 4509 1440 4566; x_wconf 86' lang='lat' dir='ltr'><strong>interdum</strong></span> <span class='ocrx_word' id='word_1_550' title='bbox 1486 4509 1554 4563; x_wconf 90' lang='lat' dir='ltr'><strong>ad</strong></span> <span class='ocrx_word' id='word_1_551' title='bbox 1589 4510 1750 4565; x_wconf 87' lang='lat' dir='ltr'><strong>breve</strong></span> <span class='ocrx_word' id='word_1_552' title='bbox 1780 4521 1993 4582; x_wconf 90' lang='lat' dir='ltr'><strong>tempus</strong></span> <span class='ocrx_word' id='word_1_553' title='bbox 2017 4552 2032 4576; x_wconf 93' lang='lat'><strong>,</strong></span> <span class='ocrx_word' id='word_1_554' title='bbox 2075 4521 2134 4567; x_wconf 89' lang='lat' dir='ltr'><strong>ut</strong></span> 
     </span>
    </p>
   </div>
   <div class='ocr_carea' id='block_1_80' title="bbox 576 4603 2134 4676">
    <p class='ocr_par' dir='ltr' id='par_1_80' title="bbox 576 4603 2134 4676">
     <span class='ocr_line' id='line_1_80' title="bbox 576 4603 2134 4676; baseline -0.001 -16"><span class='ocrx_word' id='word_1_555' title='bbox 576 4613 794 4676; x_wconf 84' lang='lat' dir='ltr'><strong>petant;</strong></span> <span class='ocrx_word' id='word_1_556' title='bbox 825 4613 878 4660; x_wconf 91' lang='lat' dir='ltr'><strong>et</strong></span> <span class='ocrx_word' id='word_1_557' title='bbox 907 4620 1101 4662; x_wconf 87' lang='lat' dir='ltr'><strong>rursus</strong></span> <span class='ocrx_word' id='word_1_558' title='bbox 1131 4604 1425 4674; x_wconf 89' lang='lat' dir='ltr'><strong>accipiunt,</strong></span> <span class='ocrx_word' id='word_1_559' title='bbox 1458 4610 1516 4656; x_wconf 94' lang='lat' dir='ltr'><strong>ut</strong></span> <span class='ocrx_word' id='word_1_560' title='bbox 1537 4603 1740 4674; x_wconf 89' lang='lat' dir='ltr'><strong>gratias</strong></span> <span class='ocrx_word' id='word_1_561' title='bbox 1773 4613 1935 4674; x_wconf 78' lang='lat' dir='ltr'><strong>agant</strong></span> <span class='ocrx_word' id='word_1_562' title='bbox 1964 4607 2015 4659; x_wconf 91' lang='lat' dir='ltr'><strong>ei</strong></span> <span class='ocrx_word' id='word_1_563' title='bbox 2039 4607 2134 4674; x_wconf 89' lang='lat' dir='ltr'><strong>qui</strong></span> 
     </span>
    </p>
   </div>
   <div class='ocr_carea' id='block_1_81' title="bbox 576 4695 2133 4767">
    <p class='ocr_par' dir='ltr' id='par_1_81' title="bbox 576 4695 2133 4767">
     <span class='ocr_line' id='line_1_81' title="bbox 576 4695 2133 4767; baseline 0.001 -17"><span class='ocrx_word' id='word_1_564' title='bbox 576 4699 700 4762; x_wconf 84' lang='lat' dir='ltr'><strong>dat,</strong></span> <span class='ocrx_word' id='word_1_565' title='bbox 734 4705 1090 4767; x_wconf 87' lang='lat' dir='ltr'><strong>agnoscentes</strong></span> <span class='ocrx_word' id='word_1_566' title='bbox 1136 4698 1312 4767; x_wconf 91' lang='lat' dir='ltr'><strong>ipsum</strong></span> <span class='ocrx_word' id='word_1_567' title='bbox 1347 4712 1469 4752; x_wconf 88' lang='lat' dir='ltr'><strong>esse</strong></span> <span class='ocrx_word' id='word_1_568' title='bbox 1514 4695 1606 4765; x_wconf 88' lang='lat' dir='ltr'><strong>qui</strong></span> <span class='ocrx_word' id='word_1_569' title='bbox 1649 4695 1884 4764; x_wconf 61' lang='lat' dir='ltr'><strong>praebet,</strong></span> <span class='ocrx_word' id='word_1_570' title='bbox 1937 4705 1991 4750; x_wconf 90' lang='lat' dir='ltr'><strong>et</strong></span> <span class='ocrx_word' id='word_1_571' title='bbox 2024 4713 2133 4751; x_wconf 93' lang='lat' dir='ltr'><strong>non</strong></span> 
     </span>
    </p>
   </div>
   <div class='ocr_carea' id='block_1_82' title="bbox 578 4785 2135 4859">
    <p class='ocr_par' dir='ltr' id='par_1_82' title="bbox 578 4785 2135 4859">
     <span class='ocr_line' id='line_1_82' title="bbox 578 4785 2135 4859; baseline 0 -17"><span class='ocrx_word' id='word_1_572' title='bbox 578 4789 682 4842; x_wconf 87' lang='lat' dir='ltr'><strong>alia</strong></span> <span class='ocrx_word' id='word_1_573' title='bbox 712 4789 978 4859; x_wconf 63' lang='lat' dir='ltr'><strong>quaepiam</strong></span> <span class='ocrx_word' id='word_1_574' title='bbox 1007 4797 1199 4842; x_wconf 89' lang='lat' dir='ltr'><strong>natura</strong></span> <span class='ocrx_word' id='word_1_575' title='bbox 1230 4789 1580 4858; x_wconf 84' lang='lat' dir='ltr'><strong>suppeditans</strong></span> <span class='ocrx_word' id='word_1_576' title='bbox 1607 4797 1800 4856; x_wconf 64' lang='lat' dir='ltr'><strong>praeter</strong></span> <span class='ocrx_word' id='word_1_577' title='bbox 1825 4785 2012 4850; x_wconf 84' lang='lat' dir='ltr'><strong>Deum,</strong></span> <span class='ocrx_word' id='word_1_578' title='bbox 2037 4805 2135 4842; x_wconf 81' lang='lat' dir='ltr'><strong>ex-</strong></span> 
     </span>
    </p>
   </div>
   <div class='ocr_carea' id='block_1_83' title="bbox 579 4876 2133 4949">
    <p class='ocr_par' dir='ltr' id='par_1_83' title="bbox 579 4876 2133 4949">
     <span class='ocr_line' id='line_1_83' title="bbox 579 4876 2133 4949; baseline -0.001 -16"><span class='ocrx_word' id='word_1_579' title='bbox 579 4895 701 4949; x_wconf 88' lang='lat' dir='ltr'><strong>pers</strong></span> <span class='ocrx_word' id='word_1_580' title='bbox 735 4880 923 4946; x_wconf 87' lang='lat' dir='ltr'><strong>judieii</strong></span> <span class='ocrx_word' id='word_1_581' title='bbox 954 4886 1007 4934; x_wconf 88' lang='lat' dir='ltr'><strong>et</strong></span> <span class='ocrx_word' id='word_1_582' title='bbox 1040 4880 1416 4932; x_wconf 87' lang='lat' dir='ltr'><strong>immutabilis.</strong></span> <span class='ocrx_word' id='word_1_583' title='bbox 1459 4876 1586 4932; x_wconf 80' lang='lat' dir='ltr'><strong>Vult</strong></span> <span class='ocrx_word' id='word_1_584' title='bbox 1642 4887 1822 4932; x_wconf 89' lang='lat' dir='ltr'><strong>autem</strong></span> <span class='ocrx_word' id='word_1_585' title='bbox 1877 4877 2040 4941; x_wconf 90' lang='lat' dir='ltr'><strong>Deus,</strong></span> <span class='ocrx_word' id='word_1_586' title='bbox 2075 4887 2133 4932; x_wconf 90' lang='lat' dir='ltr'><strong>ut</strong></span> 
     </span>
    </p>
   </div>
   <div class='ocr_carea' id='block_1_84' title="bbox 575 4969 2132 5046">
    <p class='ocr_par' dir='ltr' id='par_1_84' title="bbox 575 4969 2132 5046">
     <span class='ocr_line' id='line_1_84' title="bbox 575 4969 2132 5046; baseline -0.001 -19"><span class='ocrx_word' id='word_1_587' title='bbox 575 4973 624 5027; x_wconf 87' lang='lat' dir='ltr'><strong>ei</strong></span> <span class='ocrx_word' id='word_1_588' title='bbox 647 4972 850 5046; x_wconf 85' lang='lat' dir='ltr'><strong>gratias</strong></span> <span class='ocrx_word' id='word_1_589' title='bbox 881 4971 1110 5025; x_wconf 85' lang='lat' dir='ltr'><strong>habeant</strong></span> <span class='ocrx_word' id='word_1_590' title='bbox 1151 4971 1416 5033; x_wconf 89' lang='lat' dir='ltr'><strong>homines,</strong></span> <span class='ocrx_word' id='word_1_591' title='bbox 1448 4985 1556 5039; x_wconf 91' lang='lat' dir='ltr'><strong>quo</strong></span> <span class='ocrx_word' id='word_1_592' title='bbox 1598 4969 1873 5039; x_wconf 81' lang='lat' dir='ltr'><strong>digniores</strong></span> <span class='ocrx_word' id='word_1_593' title='bbox 1913 4970 2042 5024; x_wconf 83' lang='lat' dir='ltr'><strong>ﬁant</strong></span> <span class='ocrx_word' id='word_1_594' title='bbox 2075 4980 2132 5025; x_wconf 91' lang='lat' dir='ltr'><strong>ut</strong></span> 
     </span>
    </p>
   </div>
   <div class='ocr_carea' id='block_1_85' title="bbox 578 5049 2130 5134">
    <p class='ocr_par' dir='ltr' id='par_1_85' title="bbox 578 5049 2130 5134">
     <span class='ocr_line' id='line_1_85' title="bbox 578 5049 2130 5134; baseline -0.005 -13"><span class='ocrx_word' id='word_1_595' title='bbox 578 5067 717 5121; x_wconf 92' lang='lat' dir='ltr'><strong>dona</strong></span> <span class='ocrx_word' id='word_1_596' title='bbox 755 5066 872 5134; x_wconf 91' lang='lat' dir='ltr'><strong>ejus</strong></span> <span class='ocrx_word' id='word_1_597' title='bbox 899 5049 1185 5133; x_wconf 86' lang='lat' dir='ltr'><strong>accipiant,</strong></span> <span class='ocrx_word' id='word_1_598' title='bbox 1220 5077 1328 5128; x_wconf 85' lang='lat' dir='ltr'><strong>non</strong></span> <span class='ocrx_word' id='word_1_599' title='bbox 1377 5072 1431 5115; x_wconf 89' lang='lat' dir='ltr'><strong>ut</strong></span> <span class='ocrx_word' id='word_1_600' title='bbox 1465 5063 1580 5130; x_wconf 89' lang='lat' dir='ltr'><strong>ipse</strong></span> <span class='ocrx_word' id='word_1_601' title='bbox 1621 5061 1855 5115; x_wconf 80' lang='lat' dir='ltr'><strong>fructum</strong></span> <span class='ocrx_word' id='word_1_602' title='bbox 1897 5063 2130 5132; x_wconf 90' lang='lat' dir='ltr'><strong>aliquem</strong></span> 
     </span>
    </p>
   </div>
   <div class='ocr_carea' id='block_1_86' title="bbox 577 5151 2132 5220">
    <p class='ocr_par' dir='ltr' id='par_1_86' title="bbox 577 5151 2132 5220">
     <span class='ocr_line' id='line_1_86' title="bbox 577 5151 2132 5220; baseline -0.005 -10"><span class='ocrx_word' id='word_1_603' title='bbox 577 5156 682 5210; x_wconf 83' lang='lat' dir='ltr'><strong>sibi</strong></span> <span class='ocrx_word' id='word_1_604' title='bbox 729 5163 912 5208; x_wconf 90' lang='lat' dir='ltr'><strong>metat.</strong></span> <span class='ocrx_word' id='word_1_605' title='bbox 952 5151 1079 5207; x_wconf 84' lang='lat' dir='ltr'><strong>Vult</strong></span> <span class='ocrx_word' id='word_1_606' title='bbox 1127 5159 1306 5206; x_wconf 89' lang='lat' dir='ltr'><strong>autem</strong></span> <span class='ocrx_word' id='word_1_607' title='bbox 1341 5166 1436 5206; x_wconf 88' lang='lat' dir='ltr'><strong>eos</strong></span> <span class='ocrx_word' id='word_1_608' title='bbox 1475 5152 1616 5204; x_wconf 86' lang='lat' dir='ltr'><strong>bona</strong></span> <span class='ocrx_word' id='word_1_609' title='bbox 1664 5159 1866 5220; x_wconf 83' lang='lat' dir='ltr'><strong>petere,</strong></span> <span class='ocrx_word' id='word_1_610' title='bbox 1899 5160 1957 5203; x_wconf 88' lang='grc' dir='ltr'><strong>ιιι</strong></span> <span class='ocrx_word' id='word_1_611' title='bbox 1988 5151 2132 5204; x_wconf 89' lang='lat' dir='ltr'><strong>acci-</strong></span> 
     </span>
    </p>
   </div>
   <div class='ocr_carea' id='block_1_87' title="bbox 579 5243 2132 5317">
    <p class='ocr_par' dir='ltr' id='par_1_87' title="bbox 579 5243 2132 5317">
     <span class='ocr_line' id='line_1_87' title="bbox 579 5243 2132 5317; baseline -0.003 -18"><span class='ocrx_word' id='word_1_612' title='bbox 579 5247 786 5317; x_wconf 87' lang='lat' dir='ltr'><strong>pientes</strong></span> <span class='ocrx_word' id='word_1_613' title='bbox 814 5260 910 5309; x_wconf 88' lang='lat' dir='ltr'><strong>ea,</strong></span> <span class='ocrx_word' id='word_1_614' title='bbox 959 5261 1082 5299; x_wconf 90' lang='lat' dir='ltr'><strong>eum</strong></span> <span class='ocrx_word' id='word_1_615' title='bbox 1135 5245 1372 5297; x_wconf 89' lang='lat' dir='ltr'><strong>sentiant</strong></span> <span class='ocrx_word' id='word_1_616' title='bbox 1399 5243 1490 5313; x_wconf 90' lang='lat' dir='ltr'><strong>qui</strong></span> <span class='ocrx_word' id='word_1_617' title='bbox 1523 5243 1870 5312; x_wconf 89' lang='lat' dir='ltr'><strong>suppeditat:</strong></span> <span class='ocrx_word' id='word_1_618' title='bbox 1907 5243 1998 5312; x_wconf 88' lang='lat' dir='ltr'><strong>qui</strong></span> <span class='ocrx_word' id='word_1_619' title='bbox 2043 5244 2132 5296; x_wconf 75' lang='lat' dir='ltr'><strong>la:-</strong></span> 
     </span>
    </p>
   </div>
   <div class='ocr_carea' id='block_1_88' title="bbox 646 5395 2133 5472">
    <p class='ocr_par' dir='ltr' id='par_1_88' title="bbox 646 5395 2133 5472">
     <span class='ocr_line' id='line_1_88' title="bbox 646 5395 2133 5472; baseline -0.004 -18"><span class='ocrx_word' id='word_1_620' title='bbox 646 5402 758 5472; x_wconf 64' lang='grc' dir='ltr'>(σι)</span> <span class='ocrx_word' id='word_1_621' title='bbox 797 5399 952 5469; x_wconf 80' lang='grc' dir='ltr'>Πρὸς</span> <span class='ocrx_word' id='word_1_622' title='bbox 987 5399 1061 5472; x_wconf 62' lang='grc' dir='ltr'>δὲ</span> <span class='ocrx_word' id='word_1_623' title='bbox 1084 5400 1256 5472; x_wconf 15' lang='grc' dir='ltr'>κτοὺτ.</span> <span class='ocrx_word' id='word_1_624' title='bbox 1294 5396 1415 5454; x_wconf 66' lang='lat' dir='ltr'><strong>Haec</strong></span> <span class='ocrx_word' id='word_1_625' title='bbox 1447 5398 1714 5472; x_wconf 78' lang='lat' dir='ltr'><strong>habentur</strong></span> <span class='ocrx_word' id='word_1_626' title='bbox 1747 5399 1804 5472; x_wconf 74' lang='lat' dir='ltr'><strong>in</strong></span> <span class='ocrx_word' id='word_1_627' title='bbox 1843 5395 2133 5472; x_wconf 64' lang='lat' dir='ltr'><strong>Parallelis</strong></span> 
     </span>
    </p>
   </div>
   <div class='ocr_carea' id='block_1_89' title="bbox 579 5467 2135 5540">
    <p class='ocr_par' dir='ltr' id='par_1_89' title="bbox 579 5467 2135 5540">
     <span class='ocr_line' id='line_1_89' title="bbox 579 5467 2135 5540; baseline 0 -18"><span class='ocrx_word' id='word_1_628' title='bbox 579 5467 826 5540; x_wconf 15' lang='lat' dir='ltr'><strong>Da&#39;mra&#39;sc.</strong></span> <span class='ocrx_word' id='word_1_629' title='bbox 844 5467 979 5540; x_wconf 77' lang='lat' dir='ltr'><strong>pag.</strong></span> <span class='ocrx_word' id='word_1_630' title='bbox 1007 5470 1130 5533; x_wconf 87' lang='lat'><strong>788,</strong></span> <span class='ocrx_word' id='word_1_631' title='bbox 1155 5469 1652 5540; x_wconf 35' lang='lat' dir='ltr'><strong>exstantqne‘infra</strong></span> <span class='ocrx_word' id='word_1_632' title='bbox 1681 5471 1737 5521; x_wconf 88' lang='lat' dir='ltr'><strong>in</strong></span> <span class='ocrx_word' id='word_1_633' title='bbox 1769 5468 2038 5537; x_wconf 86' lang='lat' dir='ltr'><strong>Supplem.</strong></span> <span class='ocrx_word' id='word_1_634' title='bbox 2065 5467 2135 5522; x_wconf 82' lang='lat' dir='ltr'><strong>ad</strong></span> 
     </span>
    </p>
   </div>
   <div class='ocr_carea' id='block_1_90' title="bbox 578 5536 1550 5610">
    <p class='ocr_par' dir='ltr' id='par_1_90' title="bbox 578 5536 1550 5610">
     <span class='ocr_line' id='line_1_90' title="bbox 578 5536 1550 5610; baseline -0.001 -16"><span class='ocrx_word' id='word_1_635' title='bbox 578 5540 676 5596; x_wconf 89' lang='lat' dir='ltr'><strong>hos</strong></span> <span class='ocrx_word' id='word_1_636' title='bbox 709 5536 878 5595; x_wconf 76' lang='lat' dir='ltr'><strong>libros</strong></span> <span class='ocrx_word' id='word_1_637' title='bbox 909 5536 1011 5594; x_wconf 83' lang='lat' dir='ltr'><strong>Titi</strong></span> <span class='ocrx_word' id='word_1_638' title='bbox 1049 5540 1374 5602; x_wconf 86' lang='lat' dir='ltr'><strong>Bostreusis,</strong></span> <span class='ocrx_word' id='word_1_639' title='bbox 1396 5536 1430 5610; x_wconf 21' lang='lat'><strong>7§</strong></span> <span class='ocrx_word' id='word_1_640' title='bbox 1464 5536 1550 5593; x_wconf 87' lang='grc' dir='ltr'>ιιι.</span> 
     </span>
    </p>
   </div>
   <div class='ocr_carea' id='block_1_91' title="bbox 646 5608 2129 5682">
    <p class='ocr_par' dir='ltr' id='par_1_91' title="bbox 646 5608 2129 5682">
     <span class='ocr_line' id='line_1_91' title="bbox 646 5608 2129 5682; baseline -0.003 -18"><span class='ocrx_word' id='word_1_641' title='bbox 646 5611 757 5682; x_wconf 83' lang='grc'><strong>(55)</strong></span> <span class='ocrx_word' id='word_1_642' title='bbox 796 5611 950 5682; x_wconf 65' lang='grc' dir='ltr'>Μηδ.</span> <span class='ocrx_word' id='word_1_643' title='bbox 986 5610 1108 5682; x_wconf 64' lang='lat' dir='ltr'><strong>ng.</strong></span> <span class='ocrx_word' id='word_1_644' title='bbox 1135 5625 1259 5682; x_wconf 86' lang='lat' dir='ltr'><strong>cum</strong></span> <span class='ocrx_word' id='word_1_645' title='bbox 1282 5608 1481 5682; x_wconf 56' lang='lat' dir='ltr'><strong>Rara“.</strong></span> <span class='ocrx_word' id='word_1_646' title='bbox 1509 5610 1558 5660; x_wconf 86' lang='grc' dir='ltr'><strong>εί</strong></span> <span class='ocrx_word' id='word_1_647' title='bbox 1584 5608 1932 5682; x_wconf 33' lang='grc' dir='ltr'>μηδεμίαμτίς</span> <span class='ocrx_word' id='word_1_648' title='bbox 1964 5609 2129 5682; x_wconf 56' lang='grc' dir='ltr'>ἐστιν.</span> 
     </span>
    </p>
   </div>
   <div class='ocr_carea' id='block_1_92' title="bbox 647 5627 2132 5752">
    <p class='ocr_par' dir='ltr' id='par_1_92' title="bbox 647 5627 2132 5752">
     <span class='ocr_line' id='line_1_92' title="bbox 647 5627 2129 5682; baseline -0.003 -18"><span class='ocrx_word' id='word_1_649' title='bbox 647 5627 757 5682; x_wconf 70' lang='lat' dir='ltr'><strong>(an)</strong></span> <span class='ocrx_word' id='word_1_650' title='bbox 796 5627 950 5676; x_wconf 64' lang='lat' dir='ltr'><strong>anno.</strong></span> <span class='ocrx_word' id='word_1_651' title='bbox 986 5627 1108 5677; x_wconf 62' lang='grc' dir='ltr'>ιιι-ες.</span> <span class='ocrx_word' id='word_1_652' title='bbox 1135 5627 1259 5662; x_wconf 87' lang='lat' dir='ltr'><strong>cum</strong></span> <span class='ocrx_word' id='word_1_653' title='bbox 1283 5627 1481 5663; x_wconf 76' lang='lat' dir='ltr'><strong>raran.</strong></span> <span class='ocrx_word' id='word_1_654' title='bbox 1509 5627 1558 5660; x_wconf 91' lang='grc' dir='ltr'><strong>ει</strong></span> <span class='ocrx_word' id='word_1_655' title='bbox 1584 5627 1623 5679; x_wconf 87' lang='grc' dir='ltr'><strong>μ</strong></span> <span class='ocrx_word' id='word_1_656' title='bbox 1661 5627 1819 5679; x_wconf 87' lang='grc' dir='ltr'>οεμια</span> <span class='ocrx_word' id='word_1_657' title='bbox 1850 5627 1932 5671; x_wconf 86' lang='grc' dir='ltr'><strong>τις</strong></span> <span class='ocrx_word' id='word_1_658' title='bbox 1964 5627 2129 5660; x_wconf 88' lang='grc' dir='ltr'>εστιν.</span> 
     </span>
     <span class='ocr_line' id='line_1_93' title="bbox 647 5627 2132 5752; baseline -0.002 -16"><span class='ocrx_word' id='word_1_659' title='bbox 647 5682 755 5752; x_wconf 74' lang='grc'><strong>(36)</strong></span> <span class='ocrx_word' id='word_1_660' title='bbox 807 5674 983 5735; x_wconf 76' lang='grc' dir='ltr'>Ἀνέθ.</span> <span class='ocrx_word' id='word_1_661' title='bbox 1029 5678 1227 5734; x_wconf 78' lang='lat' dir='ltr'><strong>Parall.</strong></span> <span class='ocrx_word' id='word_1_662' title='bbox 1271 5679 1560 5752; x_wconf 75' lang='grc' dir='ltr'>ἠθέλησαν.</span> <span class='ocrx_word' id='word_1_663' title='bbox 1613 5627 1732 5732; x_wconf 56' lang='lat' dir='ltr'><strong>faex</strong></span> <span class='ocrx_word' id='word_1_664' title='bbox 1769 5678 1846 5748; x_wconf 80' lang='grc' dir='ltr'>τῷ</span> <span class='ocrx_word' id='word_1_665' title='bbox 1883 5677 1999 5749; x_wconf 80' lang='grc' dir='ltr'><strong>Θεῷ</strong></span> <span class='ocrx_word' id='word_1_666' title='bbox 2035 5694 2132 5748; x_wconf 71' lang='lat' dir='ltr'><strong>pro</strong></span> 
     </span>
    </p>
   </div>
   <div class='ocr_carea' id='block_1_93' title="bbox 2245 3227 3806 3302">
    <p class='ocr_par' dir='ltr' id='par_1_93' title="bbox 2245 3227 3806 3302">
     <span class='ocr_line' id='line_1_94' title="bbox 2245 3227 3806 3302; baseline -0.003 -17"><span class='ocrx_word' id='word_1_667' title='bbox 2245 3249 2462 3302; x_wconf 84' lang='grc' dir='ltr'>ρευσεν·</span> <span class='ocrx_word' id='word_1_668' title='bbox 2517 3231 2696 3300; x_wconf 89' lang='grc' dir='ltr'>ἀγαθά</span> <span class='ocrx_word' id='word_1_669' title='bbox 2738 3231 2846 3302; x_wconf 86' lang='grc' dir='ltr'>γὰρ</span> <span class='ocrx_word' id='word_1_670' title='bbox 2893 3231 3175 3302; x_wconf 86' lang='grc' dir='ltr'>ἀμφότερα</span> <span class='ocrx_word' id='word_1_671' title='bbox 3223 3230 3363 3301; x_wconf 83' lang='grc' dir='ltr'>λόγῳ</span> <span class='ocrx_word' id='word_1_672' title='bbox 3409 3230 3547 3301; x_wconf 77' lang='grc' dir='ltr'>πρὸς</span> <span class='ocrx_word' id='word_1_673' title='bbox 3606 3227 3806 3296; x_wconf 82' lang='grc' dir='ltr'>ἀγαθοῦ</span> 
     </span>
    </p>
   </div>
   <div class='ocr_carea' id='block_1_94' title="bbox 2240 3321 3808 3394">
    <p class='ocr_par' dir='ltr' id='par_1_94' title="bbox 2240 3321 3808 3394">
     <span class='ocr_line' id='line_1_95' title="bbox 2240 3321 3808 3394; baseline -0.001 -17"><span class='ocrx_word' id='word_1_674' title='bbox 2240 3324 2374 3378; x_wconf 90' lang='grc' dir='ltr'>Θεοῦ</span> <span class='ocrx_word' id='word_1_675' title='bbox 2418 3323 2748 3394; x_wconf 81' lang='grc' dir='ltr'>ὲπαγόμενα.</span> <span class='ocrx_word' id='word_1_676' title='bbox 2803 3323 2860 3376; x_wconf 89' lang='lat'><strong>&#39;0</strong></span> <span class='ocrx_word' id='word_1_677' title='bbox 2909 3323 2966 3376; x_wconf 82' lang='grc' dir='ltr'>δὲ</span> <span class='ocrx_word' id='word_1_678' title='bbox 3013 3323 3217 3393; x_wconf 89' lang='grc' dir='ltr'>χαίρων</span> <span class='ocrx_word' id='word_1_679' title='bbox 3265 3325 3332 3392; x_wconf 80' lang='grc' dir='ltr'>τῇ</span> <span class='ocrx_word' id='word_1_680' title='bbox 3380 3323 3630 3392; x_wconf 76' lang='grc' dir='ltr'>ἁμαρτία</span> <span class='ocrx_word' id='word_1_681' title='bbox 3678 3321 3808 3394; x_wconf 76' lang='grc' dir='ltr'>πρὸς</span> 
     </span>
    </p>
   </div>
   <div class='ocr_carea' id='block_1_95' title="bbox 2242 3414 3806 3488">
    <p class='ocr_par' dir='ltr' id='par_1_95' title="bbox 2242 3414 3806 3488">
     <span class='ocr_line' id='line_1_96' title="bbox 2242 3414 3806 3488; baseline -0.004 -18"><span class='ocrx_word' id='word_1_682' title='bbox 2242 3417 2497 3470; x_wconf 83' lang='grc' dir='ltr'>σύστασιν</span> <span class='ocrx_word' id='word_1_683' title='bbox 2533 3417 2630 3488; x_wconf 88' lang='grc' dir='ltr'>τῆς</span> <span class='ocrx_word' id='word_1_684' title='bbox 2662 3414 2999 3487; x_wconf 77' lang='grc' dir='ltr'>ὑφεστώσης,</span> <span class='ocrx_word' id='word_1_685' title='bbox 3043 3416 3117 3478; x_wconf 89' lang='grc' dir='ltr'><strong>ώς</strong></span> <span class='ocrx_word' id='word_1_686' title='bbox 3154 3415 3346 3478; x_wconf 78' lang='grc' dir='ltr'>οἴεται,</span> <span class='ocrx_word' id='word_1_687' title='bbox 3380 3415 3604 3477; x_wconf 87' lang='grc' dir='ltr'>κακίας,</span> <span class='ocrx_word' id='word_1_688' title='bbox 3632 3414 3806 3465; x_wconf 72' lang='grc' dir='ltr'>λ.υηῖ-</span> 
     </span>
    </p>
   </div>
   <div class='ocr_carea' id='block_1_96' title="bbox 2238 3499 3801 3578">
    <p class='ocr_par' dir='ltr' id='par_1_96' title="bbox 2238 3499 3801 3578">
     <span class='ocr_line' id='line_1_97' title="bbox 2238 3499 3801 3578; baseline -0.004 -16"><span class='ocrx_word' id='word_1_689' title='bbox 2238 3526 2330 3562; x_wconf 88' lang='grc' dir='ltr'><strong>ται</strong></span> <span class='ocrx_word' id='word_1_690' title='bbox 2357 3508 2493 3578; x_wconf 73' lang='grc' dir='ltr'>πρὸς</span> <span class='ocrx_word' id='word_1_691' title='bbox 2523 3508 2621 3572; x_wconf 90' lang='grc' dir='ltr'><strong>τάς</strong></span> <span class='ocrx_word' id='word_1_692' title='bbox 2651 3509 2890 3578; x_wconf 79' lang='grc' dir='ltr'>ὲνεργείς</span> <span class='ocrx_word' id='word_1_693' title='bbox 2920 3504 3013 3559; x_wconf 88' lang='grc' dir='ltr'><strong>τοῦ</strong></span> <span class='ocrx_word' id='word_1_694' title='bbox 3055 3507 3190 3560; x_wconf 87' lang='grc' dir='ltr'>Θεοῦ</span> <span class='ocrx_word' id='word_1_695' title='bbox 3233 3506 3599 3577; x_wconf 84' lang='grc' dir='ltr'>νουθετήσεις,</span> <span class='ocrx_word' id='word_1_696' title='bbox 3642 3505 3709 3558; x_wconf 78' lang='grc' dir='ltr'>δι’</span> <span class='ocrx_word' id='word_1_697' title='bbox 3733 3499 3801 3558; x_wconf 81' lang='grc' dir='ltr'>ὧν</span> 
     </span>
    </p>
   </div>
   <div class='ocr_carea' id='block_1_97' title="bbox 2241 3594 3800 3670">
    <p class='ocr_par' dir='ltr' id='par_1_97' title="bbox 2241 3594 3800 3670">
     <span class='ocr_line' id='line_1_98' title="bbox 2241 3594 3800 3670; baseline -0.004 -18"><span class='ocrx_word' id='word_1_698' title='bbox 2241 3599 2510 3670; x_wconf 79' lang='grc' dir='ltr'>ἄνθρωποι</span> <span class='ocrx_word' id='word_1_699' title='bbox 2563 3597 2952 3669; x_wconf 86' lang='grc' dir='ltr'>βελτιούμενοι,</span> <span class='ocrx_word' id='word_1_700' title='bbox 3005 3597 3266 3660; x_wconf 87' lang='grc' dir='ltr'>πολλάκις</span> <span class='ocrx_word' id='word_1_701' title='bbox 3307 3597 3363 3650; x_wconf 81' lang='grc' dir='ltr'><strong>δὲ</strong></span> <span class='ocrx_word' id='word_1_702' title='bbox 3406 3597 3538 3648; x_wconf 75' lang='grc' dir='ltr'>ἔνιοι</span> <span class='ocrx_word' id='word_1_703' title='bbox 3589 3594 3800 3655; x_wconf 80' lang='grc' dir='ltr'>τελείως</span> 
     </span>
    </p>
   </div>
   <div class='ocr_carea' id='block_1_98' title="bbox 2240 3681 3802 3761">
    <p class='ocr_par' dir='ltr' id='par_1_98' title="bbox 2240 3681 3802 3761">
     <span class='ocr_line' id='line_1_99' title="bbox 2240 3681 3802 3761; baseline -0.007 -18"><span class='ocrx_word' id='word_1_704' title='bbox 2240 3692 2374 3761; x_wconf 86' lang='grc' dir='ltr'>πρὸς</span> <span class='ocrx_word' id='word_1_705' title='bbox 2410 3689 2470 3742; x_wconf 85' lang='grc' dir='ltr'><strong>τὸ</strong></span> <span class='ocrx_word' id='word_1_706' title='bbox 2499 3689 2741 3760; x_wconf 84' lang='grc' dir='ltr'>κρεῖττον</span> <span class='ocrx_word' id='word_1_707' title='bbox 2773 3684 3248 3757; x_wconf 88' lang='grc' dir='ltr'>μεταϐαλλόμενοι,</span> <span class='ocrx_word' id='word_1_708' title='bbox 3283 3683 3590 3738; x_wconf 85' lang='grc' dir='ltr'>ἀσύστατόν</span> <span class='ocrx_word' id='word_1_709' title='bbox 3621 3699 3683 3752; x_wconf 81' lang='grc' dir='ltr'><strong>γε</strong></span> <span class='ocrx_word' id='word_1_710' title='bbox 3713 3681 3802 3732; x_wconf 76' lang='grc' dir='ltr'>αύο</span> 
     </span>
    </p>
   </div>
   <div class='ocr_carea' id='block_1_99' title="bbox 2237 3777 3380 3852">
    <p class='ocr_par' dir='ltr' id='par_1_99' title="bbox 2237 3777 3380 3852">
     <span class='ocr_line' id='line_1_100' title="bbox 2237 3777 3380 3852; baseline -0.007 -16"><span class='ocrx_word' id='word_1_711' title='bbox 2237 3783 2330 3836; x_wconf 89' lang='grc' dir='ltr'><strong>τοῦ</strong></span> <span class='ocrx_word' id='word_1_712' title='bbox 2352 3781 2410 3834; x_wconf 85' lang='grc' dir='ltr'><strong>τὸ</strong></span> <span class='ocrx_word' id='word_1_713' title='bbox 2440 3782 2614 3852; x_wconf 88' lang='grc' dir='ltr'>δόγμα</span> <span class='ocrx_word' id='word_1_714' title='bbox 2644 3779 2742 3849; x_wconf 83' lang='grc' dir='ltr'>τῆς</span> <span class='ocrx_word' id='word_1_715' title='bbox 2771 3778 2976 3849; x_wconf 86' lang='grc' dir='ltr'>πλάνης</span> <span class='ocrx_word' id='word_1_716' title='bbox 3003 3777 3380 3846; x_wconf 76' lang='grc' dir='ltr'>ἀποφαίνουσι.</span> 
     </span>
    </p>
   </div>
   <div class='ocr_carea' id='block_1_100' title="bbox 2309 3865 3806 3943">
    <p class='ocr_par' dir='ltr' id='par_1_100' title="bbox 2309 3865 3806 3943">
     <span class='ocr_line' id='line_1_101' title="bbox 2309 3865 3806 3943; baseline -0.003 -20"><span class='ocrx_word' id='word_1_717' title='bbox 2309 3871 2450 3943; x_wconf 72' lang='grc' dir='ltr'>Πρὸς</span> <span class='ocrx_word' id='word_1_718' title='bbox 2475 3869 2530 3922; x_wconf 85' lang='grc' dir='ltr'>δὲ</span> <span class='ocrx_word' id='word_1_719' title='bbox 2561 3867 2770 3931; x_wconf 76' lang='grc' dir='ltr'>τούτοις</span> <span class='ocrx_word' id='word_1_720' title='bbox 2793 3868 2903 3938; x_wconf 64' lang='grc'><strong>(54)</strong></span> <span class='ocrx_word' id='word_1_721' title='bbox 2939 3868 3108 3921; x_wconf 86' lang='grc' dir='ltr'>ἆπασι</span> <span class='ocrx_word' id='word_1_722' title='bbox 3141 3865 3247 3919; x_wconf 85' lang='grc' dir='ltr'><strong>τῶν</strong></span> <span class='ocrx_word' id='word_1_723' title='bbox 3276 3865 3520 3937; x_wconf 84' lang='grc' dir='ltr'>συνήθως</span> <span class='ocrx_word' id='word_1_724' title='bbox 3541 3865 3650 3919; x_wconf 77' lang='grc' dir='ltr'><strong>ὑπὸ</strong></span> <span class='ocrx_word' id='word_1_725' title='bbox 3677 3865 3806 3919; x_wconf 86' lang='grc' dir='ltr'>Θεοῦ</span> 
     </span>
    </p>
   </div>
   <div class='ocr_carea' id='block_1_101' title="bbox 2237 3956 3806 4032">
    <p class='ocr_par' dir='ltr' id='par_1_101' title="bbox 2237 3956 3806 4032">
     <span class='ocr_line' id='line_1_102' title="bbox 2237 3956 3806 4032; baseline -0.001 -18"><span class='ocrx_word' id='word_1_726' title='bbox 2237 3960 2590 4032; x_wconf 84' lang='grc' dir='ltr'>δωρουμένων</span> <span class='ocrx_word' id='word_1_727' title='bbox 2643 3961 2791 4029; x_wconf 82' lang='grc' dir='ltr'>κοινῇ</span> <span class='ocrx_word' id='word_1_728' title='bbox 2837 3959 3000 4011; x_wconf 83' lang='grc' dir='ltr'>πᾶσιν</span> <span class='ocrx_word' id='word_1_729' title='bbox 3049 3956 3355 4027; x_wconf 85' lang='grc' dir='ltr'>ἀνθρώποις</span> <span class='ocrx_word' id='word_1_730' title='bbox 3406 3957 3647 4027; x_wconf 84' lang='grc' dir='ltr'>μηδεμία</span> <span class='ocrx_word' id='word_1_731' title='bbox 3696 3958 3806 4026; x_wconf 70' lang='grc'><strong>(35)</strong></span> 
     </span>
    </p>
   </div>
   <div class='ocr_carea' id='block_1_102' title="bbox 2237 4046 3804 4120">
    <p class='ocr_par' dir='ltr' id='par_1_102' title="bbox 2237 4046 3804 4120">
     <span class='ocr_line' id='line_1_103' title="bbox 2237 4046 3804 4120; baseline -0.004 -15"><span class='ocrx_word' id='word_1_732' title='bbox 2237 4053 2381 4105; x_wconf 72' lang='grc' dir='ltr'>ἐστιν</span> <span class='ocrx_word' id='word_1_733' title='bbox 2419 4052 2506 4104; x_wconf 80' lang='grc' dir='ltr'>ὅτε</span> <span class='ocrx_word' id='word_1_734' title='bbox 2542 4049 2818 4102; x_wconf 87' lang='grc' dir='ltr'>συνέϐαινε</span> <span class='ocrx_word' id='word_1_735' title='bbox 2856 4047 3110 4114; x_wconf 84' lang='grc' dir='ltr'>κώλυσις,</span> <span class='ocrx_word' id='word_1_736' title='bbox 3145 4050 3288 4120; x_wconf 77' lang='grc' dir='ltr'>φορᾷ</span> <span class='ocrx_word' id='word_1_737' title='bbox 3325 4046 3538 4117; x_wconf 81' lang='grc' dir='ltr'>φύσεως</span> <span class='ocrx_word' id='word_1_738' title='bbox 3565 4047 3633 4100; x_wconf 76' lang='grc' dir='ltr'>ἄν</span> <span class='ocrx_word' id='word_1_739' title='bbox 3665 4065 3804 4110; x_wconf 85' lang='grc' dir='ltr'>τινος</span> 
     </span>
    </p>
   </div>
   <div class='ocr_carea' id='block_1_103' title="bbox 2237 4139 3810 4214">
    <p class='ocr_par' dir='ltr' id='par_1_103' title="bbox 2237 4139 3810 4214">
     <span class='ocr_line' id='line_1_104' title="bbox 2237 4139 3810 4214; baseline -0.003 -18"><span class='ocrx_word' id='word_1_740' title='bbox 2237 4142 2610 4214; x_wconf 83' lang='grc' dir='ltr'>ἀμεταϐλήτου</span> <span class='ocrx_word' id='word_1_741' title='bbox 2645 4142 2743 4212; x_wconf 83' lang='grc' dir='ltr'><strong>τὴν</strong></span> <span class='ocrx_word' id='word_1_742' title='bbox 2775 4141 3037 4210; x_wconf 86' lang='grc' dir='ltr'>χορηγίαν</span> <span class='ocrx_word' id='word_1_743' title='bbox 3075 4140 3253 4192; x_wconf 81' lang='grc' dir='ltr'>αὐτῶν</span> <span class='ocrx_word' id='word_1_744' title='bbox 3292 4139 3551 4193; x_wconf 85' lang='grc' dir='ltr'>ἀνέθεσαν</span> <span class='ocrx_word' id='word_1_745' title='bbox 3585 4140 3695 4208; x_wconf 77' lang='lat'><strong>(56)</strong></span> <span class='ocrx_word' id='word_1_746' title='bbox 3725 4143 3810 4192; x_wconf 75' lang='grc' dir='ltr'>άν-</span> 
     </span>
    </p>
   </div>
   <div class='ocr_carea' id='block_1_104' title="bbox 2237 4229 3806 4310">
    <p class='ocr_par' dir='ltr' id='par_1_104' title="bbox 2237 4229 3806 4310">
     <span class='ocr_line' id='line_1_105' title="bbox 2237 4229 3806 4310; baseline -0.003 -24"><span class='ocrx_word' id='word_1_747' title='bbox 2237 4234 2476 4306; x_wconf 87' lang='grc' dir='ltr'>θρωποι·</span> <span class='ocrx_word' id='word_1_748' title='bbox 2522 4233 2617 4286; x_wconf 73' lang='grc' dir='ltr'><strong>καὶ</strong></span> <span class='ocrx_word' id='word_1_749' title='bbox 2668 4233 2769 4286; x_wconf 83' lang='grc' dir='ltr'><strong>ούκ</strong></span> <span class='ocrx_word' id='word_1_750' title='bbox 2806 4229 2870 4284; x_wconf 80' lang='grc' dir='ltr'><strong>ἂν</strong></span> <span class='ocrx_word' id='word_1_751' title='bbox 2926 4231 3045 4302; x_wconf 83' lang='grc' dir='ltr'>μὲν,</span> <span class='ocrx_word' id='word_1_752' title='bbox 3088 4231 3366 4302; x_wconf 86' lang='grc' dir='ltr'>δεχόμενοι</span> <span class='ocrx_word' id='word_1_753' title='bbox 3411 4229 3604 4294; x_wconf 86' lang='grc' dir='ltr'>ταῦτα,</span> <span class='ocrx_word' id='word_1_754' title='bbox 3649 4231 3806 4310; x_wconf 84' lang='grc' dir='ltr'>χάριν</span> 
     </span>
    </p>
   </div>
   <div class='ocr_carea' id='block_1_105' title="bbox 2234 4320 3804 4396">
    <p class='ocr_par' dir='ltr' id='par_1_105' title="bbox 2234 4320 3804 4396">
     <span class='ocr_line' id='line_1_106' title="bbox 2234 4320 3804 4396; baseline -0.003 -19"><span class='ocrx_word' id='word_1_755' title='bbox 2234 4325 2586 4396; x_wconf 85' lang='grc' dir='ltr'>ὡμολόγησαν</span> <span class='ocrx_word' id='word_1_756' title='bbox 2615 4323 2692 4394; x_wconf 83' lang='grc' dir='ltr'><strong>τῷ</strong></span> <span class='ocrx_word' id='word_1_757' title='bbox 2723 4323 2934 4389; x_wconf 89' lang='grc' dir='ltr'>διδόντι,</span> <span class='ocrx_word' id='word_1_758' title='bbox 2965 4325 3064 4376; x_wconf 83' lang='grc' dir='ltr'><strong>οὐκ</strong></span> <span class='ocrx_word' id='word_1_759' title='bbox 3091 4325 3157 4378; x_wconf 81' lang='grc' dir='ltr'><strong>ἂν</strong></span> <span class='ocrx_word' id='word_1_760' title='bbox 3193 4323 3248 4376; x_wconf 84' lang='grc' dir='ltr'>δὲ</span> <span class='ocrx_word' id='word_1_761' title='bbox 3281 4323 3513 4394; x_wconf 70' lang='grc' dir='ltr'>ᾔτησαν,</span> <span class='ocrx_word' id='word_1_762' title='bbox 3549 4320 3622 4392; x_wconf 79' lang='grc' dir='ltr'><strong>μὴ</strong></span> <span class='ocrx_word' id='word_1_763' title='bbox 3650 4320 3804 4391; x_wconf 77' lang='grc' dir='ltr'>ἔχον-</span> 
     </span>
    </p>
   </div>
   <div class='ocr_carea' id='block_1_106' title="bbox 2166 4409 2349 4481">
    <p class='ocr_par' dir='ltr' id='par_1_106' title="bbox 2166 4409 2349 4481">
     <span class='ocr_line' id='line_1_107' title="bbox 2166 4409 2349 4481; baseline 0.027 -12"><span class='ocrx_word' id='word_1_764' title='bbox 2166 4409 2213 4464; x_wconf 81' lang='lat' dir='ltr'><strong>D</strong></span> <span class='ocrx_word' id='word_1_765' title='bbox 2240 4435 2349 4481; x_wconf 89' lang='grc' dir='ltr'>τες.</span> 
     </span>
    </p>
   </div>
   <div class='ocr_carea' id='block_1_107' title="bbox 2307 4504 3806 4580">
    <p class='ocr_par' dir='ltr' id='par_1_107' title="bbox 2307 4504 3806 4580">
     <span class='ocr_line' id='line_1_108' title="bbox 2307 4504 3806 4580; baseline 0 -18"><span class='ocrx_word' id='word_1_766' title='bbox 2307 4507 2622 4580; x_wconf 88' lang='grc' dir='ltr'>Στεροῦνται</span> <span class='ocrx_word' id='word_1_767' title='bbox 2646 4504 2931 4577; x_wconf 89' lang='grc' dir='ltr'>τοιγαροῦν</span> <span class='ocrx_word' id='word_1_768' title='bbox 2960 4505 3126 4559; x_wconf 68' lang='grc' dir='ltr'>ἐνίοτε</span> <span class='ocrx_word' id='word_1_769' title='bbox 3153 4506 3290 4577; x_wconf 77' lang='grc' dir='ltr'>πρὸς</span> <span class='ocrx_word' id='word_1_770' title='bbox 3308 4507 3507 4575; x_wconf 74' lang='grc' dir='ltr'>ὀλίγον,</span> <span class='ocrx_word' id='word_1_771' title='bbox 3539 4511 3630 4564; x_wconf 80' lang='grc' dir='ltr'>ἵνα</span> <span class='ocrx_word' id='word_1_772' title='bbox 3654 4509 3806 4579; x_wconf 75' lang='grc' dir='ltr'>αἰτή-</span> 
     </span>
    </p>
   </div>
   <div class='ocr_carea' id='block_1_108' title="bbox 2237 4592 3803 4669">
    <p class='ocr_par' dir='ltr' id='par_1_108' title="bbox 2237 4592 3803 4669">
     <span class='ocr_line' id='line_1_109' title="bbox 2237 4592 3803 4669; baseline 0.001 -17"><span class='ocrx_word' id='word_1_773' title='bbox 2237 4617 2404 4664; x_wconf 70' lang='grc' dir='ltr'>σωσιτ</span> <span class='ocrx_word' id='word_1_774' title='bbox 2436 4600 2528 4652; x_wconf 79' lang='grc' dir='ltr'><strong>καὶ</strong></span> <span class='ocrx_word' id='word_1_775' title='bbox 2575 4597 2816 4668; x_wconf 88' lang='grc' dir='ltr'>δέχονται</span> <span class='ocrx_word' id='word_1_776' title='bbox 2861 4592 3036 4660; x_wconf 80' lang='grc' dir='ltr'>αὖθις,</span> <span class='ocrx_word' id='word_1_777' title='bbox 3083 4596 3168 4648; x_wconf 80' lang='grc' dir='ltr'>ἵνα</span> <span class='ocrx_word' id='word_1_778' title='bbox 3212 4596 3371 4668; x_wconf 82' lang='grc' dir='ltr'>χάριν</span> <span class='ocrx_word' id='word_1_779' title='bbox 3416 4598 3803 4669; x_wconf 81' lang='grc' dir='ltr'>ώμολογήσωσι</span> 
     </span>
    </p>
   </div>
   <div class='ocr_carea' id='block_1_109' title="bbox 2234 4687 3804 4760">
    <p class='ocr_par' dir='ltr' id='par_1_109' title="bbox 2234 4687 3804 4760">
     <span class='ocr_line' id='line_1_110' title="bbox 2234 4687 3804 4760; baseline -0.001 -18"><span class='ocrx_word' id='word_1_780' title='bbox 2234 4690 2311 4760; x_wconf 85' lang='grc' dir='ltr'>τῷ</span> <span class='ocrx_word' id='word_1_781' title='bbox 2341 4689 2694 4760; x_wconf 78' lang='grc' dir='ltr'>χορηγοῦντιο</span> <span class='ocrx_word' id='word_1_782' title='bbox 2742 4687 3117 4755; x_wconf 87' lang='grc' dir='ltr'>γινώσκοντες,</span> <span class='ocrx_word' id='word_1_783' title='bbox 3159 4687 3234 4750; x_wconf 81' lang='grc' dir='ltr'>ὡς</span> <span class='ocrx_word' id='word_1_784' title='bbox 3276 4689 3438 4748; x_wconf 82' lang='grc' dir='ltr'>αὐτός</span> <span class='ocrx_word' id='word_1_785' title='bbox 3487 4689 3552 4757; x_wconf 88' lang='grc' dir='ltr'>γέ</span> <span class='ocrx_word' id='word_1_786' title='bbox 3602 4692 3749 4742; x_wconf 75' lang='grc' dir='ltr'>ἐστιν</span> <span class='ocrx_word' id='word_1_787' title='bbox 3777 4691 3804 4740; x_wconf 83' lang='grc' dir='ltr'><strong>ό</strong></span> 
     </span>
    </p>
   </div>
   <div class='ocr_carea' id='block_1_110' title="bbox 2236 4778 3802 4852">
    <p class='ocr_par' dir='ltr' id='par_1_110' title="bbox 2236 4778 3802 4852">
     <span class='ocr_line' id='line_1_111' title="bbox 2236 4778 3802 4852; baseline -0.001 -19"><span class='ocrx_word' id='word_1_788' title='bbox 2236 4783 2502 4852; x_wconf 85' lang='grc' dir='ltr'>παρέχων,</span> <span class='ocrx_word' id='word_1_789' title='bbox 2535 4782 2628 4834; x_wconf 72' lang='grc' dir='ltr'>καὶ</span> <span class='ocrx_word' id='word_1_790' title='bbox 2651 4781 2711 4832; x_wconf 85' lang='grc' dir='ltr'><strong>ού</strong></span> <span class='ocrx_word' id='word_1_791' title='bbox 2746 4779 2904 4848; x_wconf 81' lang='grc' dir='ltr'>φύσις</span> <span class='ocrx_word' id='word_1_792' title='bbox 2932 4778 3064 4850; x_wconf 80' lang='grc' dir='ltr'>ἄλλη</span> <span class='ocrx_word' id='word_1_793' title='bbox 3088 4796 3173 4841; x_wconf 86' lang='grc' dir='ltr'><strong>τις</strong></span> <span class='ocrx_word' id='word_1_794' title='bbox 3196 4780 3346 4850; x_wconf 85' lang='grc' dir='ltr'><strong>παρά</strong></span> <span class='ocrx_word' id='word_1_795' title='bbox 3371 4780 3464 4833; x_wconf 84' lang='grc' dir='ltr'><strong>τὸν</strong></span> <span class='ocrx_word' id='word_1_796' title='bbox 3493 4780 3626 4832; x_wconf 82' lang='grc' dir='ltr'>Θεὸν</span> <span class='ocrx_word' id='word_1_797' title='bbox 3653 4781 3802 4852; x_wconf 73' lang='grc' dir='ltr'>ἄκριο</span> 
     </span>
    </p>
   </div>
   <div class='ocr_carea' id='block_1_111' title="bbox 2234 4872 3800 4946">
    <p class='ocr_par' dir='ltr' id='par_1_111' title="bbox 2234 4872 3800 4946">
     <span class='ocr_line' id='line_1_112' title="bbox 2234 4872 3800 4946; baseline -0.001 -18"><span class='ocrx_word' id='word_1_798' title='bbox 2234 4877 2326 4938; x_wconf 90' lang='grc' dir='ltr'><strong>τός</strong></span> <span class='ocrx_word' id='word_1_799' title='bbox 2361 4892 2419 4928; x_wconf 87' lang='grc' dir='ltr'><strong>τε</strong></span> <span class='ocrx_word' id='word_1_800' title='bbox 2447 4875 2541 4928; x_wconf 74' lang='grc' dir='ltr'><strong>καὶ</strong></span> <span class='ocrx_word' id='word_1_801' title='bbox 2568 4874 2940 4946; x_wconf 86' lang='grc' dir='ltr'>ἀμετάϐλητος</span> <span class='ocrx_word' id='word_1_802' title='bbox 2967 4874 3076 4942; x_wconf 80' lang='lat'><strong>(57)</strong></span> <span class='ocrx_word' id='word_1_803' title='bbox 3117 4874 3150 4943; x_wconf 82' lang='grc' dir='ltr'><strong>ή</strong></span> <span class='ocrx_word' id='word_1_804' title='bbox 3184 4873 3512 4944; x_wconf 85' lang='grc' dir='ltr'>χορηγοῦσα.</span> <span class='ocrx_word' id='word_1_805' title='bbox 3547 4872 3800 4927; x_wconf 84' lang='grc' dir='ltr'>Βούλεται</span> 
     </span>
    </p>
   </div>
   <div class='ocr_carea' id='block_1_112' title="bbox 2232 4963 3798 5037">
    <p class='ocr_par' dir='ltr' id='par_1_112' title="bbox 2232 4963 3798 5037">
     <span class='ocr_line' id='line_1_113' title="bbox 2232 4963 3798 5037; baseline -0.002 -18"><span class='ocrx_word' id='word_1_806' title='bbox 2232 4967 2287 5019; x_wconf 82' lang='grc' dir='ltr'>δὲ</span> <span class='ocrx_word' id='word_1_807' title='bbox 2322 4967 2350 5018; x_wconf 84' lang='grc' dir='ltr'><strong>ό</strong></span> <span class='ocrx_word' id='word_1_808' title='bbox 2387 4966 2516 5030; x_wconf 81' lang='grc' dir='ltr'>Θεὸς</span> <span class='ocrx_word' id='word_1_809' title='bbox 2541 4966 2733 5019; x_wconf 73' lang='grc' dir='ltr'>εἰδέναι</span> <span class='ocrx_word' id='word_1_810' title='bbox 2765 4965 2925 5037; x_wconf 86' lang='grc' dir='ltr'>χάριν</span> <span class='ocrx_word' id='word_1_811' title='bbox 2965 4963 3282 5032; x_wconf 86' lang='grc' dir='ltr'>ἀνθρώπους</span> <span class='ocrx_word' id='word_1_812' title='bbox 3316 4964 3484 5035; x_wconf 83' lang='grc' dir='ltr'>αύτῷ,</span> <span class='ocrx_word' id='word_1_813' title='bbox 3517 4965 3607 5017; x_wconf 77' lang='grc' dir='ltr'>ἵνα</span> <span class='ocrx_word' id='word_1_814' title='bbox 3639 4965 3798 5031; x_wconf 75' lang='grc' dir='ltr'><strong>ἀξιώ-</strong></span> 
     </span>
    </p>
   </div>
   <div class='ocr_carea' id='block_1_113' title="bbox 2232 5056 3796 5131">
    <p class='ocr_par' dir='ltr' id='par_1_113' title="bbox 2232 5056 3796 5131">
     <span class='ocr_line' id='line_1_114' title="bbox 2232 5056 3796 5131; baseline -0.001 -19"><span class='ocrx_word' id='word_1_815' title='bbox 2232 5077 2376 5131; x_wconf 86' lang='grc' dir='ltr'>τεροι</span> <span class='ocrx_word' id='word_1_816' title='bbox 2408 5059 2500 5112; x_wconf 88' lang='grc' dir='ltr'><strong>τοῦ</strong></span> <span class='ocrx_word' id='word_1_817' title='bbox 2543 5059 2835 5130; x_wconf 87' lang='grc' dir='ltr'>λαμϐάνειν</span> <span class='ocrx_word' id='word_1_818' title='bbox 2879 5057 2945 5111; x_wconf 68' lang='grc' dir='ltr'>τὰ</span> <span class='ocrx_word' id='word_1_819' title='bbox 2987 5059 3116 5129; x_wconf 80' lang='grc' dir='ltr'>παρ’</span> <span class='ocrx_word' id='word_1_820' title='bbox 3155 5056 3318 5109; x_wconf 79' lang='grc' dir='ltr'>αὑτοῦ</span> <span class='ocrx_word' id='word_1_821' title='bbox 3362 5059 3654 5125; x_wconf 85' lang='grc' dir='ltr'>γένωνται,</span> <span class='ocrx_word' id='word_1_822' title='bbox 3704 5059 3796 5126; x_wconf 77' lang='grc' dir='ltr'>οὐχ</span> 
     </span>
    </p>
   </div>
   <div class='ocr_carea' id='block_1_114' title="bbox 2235 5149 3796 5223">
    <p class='ocr_par' dir='ltr' id='par_1_114' title="bbox 2235 5149 3796 5223">
     <span class='ocr_line' id='line_1_115' title="bbox 2235 5149 3796 5223; baseline -0.001 -19"><span class='ocrx_word' id='word_1_823' title='bbox 2235 5153 2320 5205; x_wconf 81' lang='grc' dir='ltr'>ἵνα</span> <span class='ocrx_word' id='word_1_824' title='bbox 2359 5171 2410 5206; x_wconf 89' lang='grc' dir='ltr'><strong>τι</strong></span> <span class='ocrx_word' id='word_1_825' title='bbox 2455 5150 2809 5223; x_wconf 86' lang='grc' dir='ltr'>καρπώσηται</span> <span class='ocrx_word' id='word_1_826' title='bbox 2856 5152 2936 5214; x_wconf 88' lang='grc' dir='ltr'><strong>είς</strong></span> <span class='ocrx_word' id='word_1_827' title='bbox 2981 5150 3187 5204; x_wconf 79' lang='grc' dir='ltr'>ἑαυτόν.</span> <span class='ocrx_word' id='word_1_828' title='bbox 3229 5149 3483 5203; x_wconf 86' lang='grc' dir='ltr'>Βούλεται</span> <span class='ocrx_word' id='word_1_829' title='bbox 3522 5151 3580 5204; x_wconf 83' lang='grc' dir='ltr'><strong>δὲ</strong></span> <span class='ocrx_word' id='word_1_830' title='bbox 3623 5151 3796 5219; x_wconf 66' lang='grc' dir='ltr'>ἀγαθὰ</span> 
     </span>
    </p>
   </div>
   <div class='ocr_carea' id='block_1_115' title="bbox 2232 5240 3795 5312">
    <p class='ocr_par' dir='ltr' id='par_1_115' title="bbox 2232 5240 3795 5312">
     <span class='ocr_line' id='line_1_116' title="bbox 2232 5240 3795 5312; baseline -0.001 -16"><span class='ocrx_word' id='word_1_831' title='bbox 2232 5243 2451 5306; x_wconf 79' lang='grc' dir='ltr'>τούτους</span> <span class='ocrx_word' id='word_1_832' title='bbox 2495 5244 2696 5305; x_wconf 83' lang='grc' dir='ltr'>αίτεῖν,</span> <span class='ocrx_word' id='word_1_833' title='bbox 2753 5242 2840 5294; x_wconf 84' lang='grc' dir='ltr'><strong>ἴνα</strong></span> <span class='ocrx_word' id='word_1_834' title='bbox 2885 5240 3163 5312; x_wconf 86' lang='grc' dir='ltr'>δεχόμενοι</span> <span class='ocrx_word' id='word_1_835' title='bbox 3220 5241 3474 5312; x_wconf 69' lang='grc' dir='ltr'>αἴσθησιν</span> <span class='ocrx_word' id='word_1_836' title='bbox 3522 5241 3617 5295; x_wconf 89' lang='grc' dir='ltr'><strong>τοῦ</strong></span> <span class='ocrx_word' id='word_1_837' title='bbox 3674 5257 3795 5312; x_wconf 79' lang='grc' dir='ltr'>χορο</span> 
     </span>
    </p>
   </div>
   <div class='ocr_carea' id='block_1_116' title="bbox 2233 5395 2544 5449">
    <p class='ocr_par' dir='ltr' id='par_1_116' title="bbox 2233 5395 2544 5449">
     <span class='ocr_line' id='line_1_117' title="bbox 2233 5395 2544 5449; baseline 0 0"><span class='ocrx_word' id='word_1_838' title='bbox 2233 5395 2309 5449; x_wconf 82' lang='grc' dir='ltr'>τῶ</span> <span class='ocrx_word' id='word_1_839' title='bbox 2331 5397 2544 5449; x_wconf 81' lang='grc' dir='ltr'>διδόντι.</span> 
     </span>
    </p>
   </div>
   <div class='ocr_carea' id='block_1_117' title="bbox 2282 5451 3768 5540">
    <p class='ocr_par' dir='ltr' id='par_1_117' title="bbox 2282 5451 3768 5540">
     <span class='ocr_line' id='line_1_118' title="bbox 2282 5451 3768 5540; baseline 0 -19"><span class='ocrx_word' id='word_1_840' title='bbox 2282 5451 2420 5540; x_wconf 64' lang='grc'><strong>⁶(57)</strong></span> <span class='ocrx_word' id='word_1_841' title='bbox 2469 5464 3158 5540; x_wconf 40' lang='grc' dir='ltr'>ἈμετάόλητοςηΡτιτξιιι.</span> <span class='ocrx_word' id='word_1_842' title='bbox 3213 5469 3644 5540; x_wconf 76' lang='grc' dir='ltr'>ἀμεταμέλητος.</span> <span class='ocrx_word' id='word_1_843' title='bbox 3690 5465 3768 5521; x_wconf 84' lang='lat' dir='ltr'><strong>L0</strong></span> 
     </span>
    </p>
   </div>
   <div class='ocr_carea' id='block_1_118' title="bbox 2234 5537 3792 5608">
    <p class='ocr_par' dir='ltr' id='par_1_118' title="bbox 2234 5537 3792 5608">
     <span class='ocr_line' id='line_1_119' title="bbox 2234 5537 3792 5608; baseline 0 -18"><span class='ocrx_word' id='word_1_844' title='bbox 2234 5552 2358 5590; x_wconf 91' lang='lat' dir='ltr'><strong>cum</strong></span> <span class='ocrx_word' id='word_1_845' title='bbox 2404 5537 2680 5608; x_wconf 80' lang='lat' dir='ltr'><strong>integrum</strong></span> <span class='ocrx_word' id='word_1_846' title='bbox 2719 5540 2800 5590; x_wconf 90' lang='lat' dir='ltr'><strong>sie</strong></span> <span class='ocrx_word' id='word_1_847' title='bbox 2839 5538 3017 5593; x_wconf 81' lang='lat' dir='ltr'><strong>reddit</strong></span> <span class='ocrx_word' id='word_1_848' title='bbox 3063 5537 3296 5593; x_wconf 27' lang='lat' dir='ltr'><strong>Billius‘:</strong></span> <span class='ocrx_word' id='word_1_849' title='bbox 3326 5537 3792 5608; x_wconf 72' lang='lat' dir='ltr'><strong>Agnoscentes....,</strong></span> 
     </span>
    </p>
   </div>
   <div class='ocr_carea' id='block_1_119' title="bbox 2235 5606 3795 5680">
    <p class='ocr_par' dir='ltr' id='par_1_119' title="bbox 2235 5606 3795 5680">
     <span class='ocr_line' id='line_1_120' title="bbox 2235 5606 3795 5680; baseline -0.001 -19"><span class='ocrx_word' id='word_1_850' title='bbox 2235 5606 2582 5680; x_wconf 12' lang='lat' dir='ltr'><strong>non‘alteraim</strong></span> <span class='ocrx_word' id='word_1_851' title='bbox 2606 5609 2842 5680; x_wconf 69' lang='lat' dir='ltr'><strong>quamvis</strong></span> <span class='ocrx_word' id='word_1_852' title='bbox 2862 5620 3052 5676; x_wconf 75' lang='lat' dir='ltr'><strong>prwter</strong></span> <span class='ocrx_word' id='word_1_853' title='bbox 3079 5610 3238 5662; x_wconf 81' lang='lat' dir='ltr'><strong>Deum</strong></span> <span class='ocrx_word' id='word_1_854' title='bbox 3264 5606 3511 5660; x_wconf 67' lang='lat' dir='ltr'><strong>naturam</strong></span> <span class='ocrx_word' id='word_1_855' title='bbox 3528 5624 3660 5670; x_wconf 79' lang='lat' dir='ltr'><strong>esse,</strong></span> <span class='ocrx_word' id='word_1_856' title='bbox 3685 5621 3795 5680; x_wconf 63' lang='lat' dir='ltr'><strong>qua</strong></span> 
     </span>
    </p>
   </div>
   <div class='ocr_carea' id='block_1_120' title="bbox 2236 5677 3650 5748">
    <p class='ocr_par' dir='ltr' id='par_1_120' title="bbox 2236 5677 3650 5748">
     <span class='ocr_line' id='line_1_121' title="bbox 2236 5677 3650 5748; baseline 0.001 -16"><span class='ocrx_word' id='word_1_857' title='bbox 2236 5677 2699 5733; x_wconf 74' lang='lat' dir='ltr'><strong>indiscriminatim</strong></span> <span class='ocrx_word' id='word_1_858' title='bbox 2727 5688 2776 5733; x_wconf 85' lang='lat' dir='ltr'><strong>et</strong></span> <span class='ocrx_word' id='word_1_859' title='bbox 2807 5681 2919 5734; x_wconf 81' lang='lat' dir='ltr'><strong>sine</strong></span> <span class='ocrx_word' id='word_1_860' title='bbox 2937 5681 3242 5748; x_wconf 74' lang='lat' dir='ltr'><strong>pwnitentia</strong></span> <span class='ocrx_word' id='word_1_861' title='bbox 3271 5679 3650 5734; x_wconf 68' lang='lat' dir='ltr'><strong>subministra.</strong></span> 
     </span>
    </p>
   </div>
  </div>
