4072 6338
340 325 477 380 1165

1380 324 1744 382 ADVERSUS
1795 323 2212 381 διΑΝιωιιιΕοδ
2254 324 2376 379 LIB.
2423 325 2480 381 ll.

3422 328 3557 383 “(.6

334 438 595 508 ηγοῦντος
618 438 787 511 ἔχωσι
810 458 823 473 ·
858 442 1033 514 χαίρει
1074 441 1171 514 μὲν
1202 442 1308 513 γὰρ
1348 442 1417 496 τὰ
1442 444 1568 515 παρ’
1598 442 1786 496 ἑαυτοῦ
1822 443 1886 495 δι-

2002 450 2148 495 tatur
2173 440 2368 496 dandis
2408 444 2557 509 suis;
2591 443 2685 498 sed
2719 444 2889 515 magis
2926 445 3159 509 iactatur,
3187 459 3309 498 cum
3336 443 3428 499 dat
3474 444 3559 497 di-

333 528 490 593 δούς⁴
526 531 701 603 χαίρει
735 532 791 585 δὲ
838 533 1035 603 μᾶλλον
1082 534 1251 598 ἀξίοις
1277 533 1446 597 διδούς
1472 549 1485 561 ·
1526 534 1602 598 ὡς
1648 536 1745 606 τῆς
1778 533 1896 602 φιλ-

336 621 649 695 ανθρωπίας
690 622 887 695 τρόπον
922 625 1041 679 τινά
1087 626 1509 696 ἀτιμαζομένης,
1543 628 1590 678 εί
1638 626 1711 695 μὴ
1758 623 1894 695 πρὸς

333 712 682 785 εὐαισθήτους
721 716 988 784 γίγνοιτο·
1024 718 1245 786 εὐλόγου
1273 717 1327 770 δὲ
1368 717 1485 769 λίαν
1529 716 1894 786 ἀποφαινομέ-

333 819 451 873 νης,
485 805 533 856 εί
564 806 699 877 πρὸς
723 806 782 858 τὸ
806 806 1048 876 δέχεσθαι
1072 807 1161 860 τὸν
1185 807 1518 879 χορηγοῦντα
1550 808 1689 877 ὑπὲρ
1720 807 1893 860 πάντα

330 894 507 966 ἔχοιεν
533 897 582 949 oi
608 898 904 967 δεχόμενοι.

747 1010 872 1066 Car.
915 1010 1053 1067 XVI.
1094 1010 1240 1067 Hora
1277 1012 1595 1074 necessaria,
1625 1022 1678 1065 ut
1709 1010 1977 1065 nam-itas.

401 1131 517 1186 Κᾶν
561 1130 741 1193 πόλεις
785 1130 843 1183 δὲ
886 1129 1295 1184 καταπίπτωσιν
1346 1130 1712 1200 ὲπιφυομένης
1764 1130 1890 1182 ἀσε-
1927 1153 1939 1168 ο

330 1225 505 1287 δείας,
549 1217 635 1276 οἷα
672 1222 735 1291 δὴ
776 1221 869 1274 καὶ
914 1220 1104 1293 πρώην
1148 1221 1241 1274 ἐπὶ
1293 1220 1388 1273 τοῦ
1434 1221 1551 1275 λίαν
1594 1221 1891 1290 ἀσεϐήσαν-

329 1334 419 1380 τος
442 1314 550 1385 (58)
584 1314 677 1367 καὶ
708 1313 814 1366 τῶν
839 1311 1069 1366 εἰδώλων
1096 1312 1195 1384 τὴν
1227 1312 1431 1384 πλάνην
1461 1312 1887 1383 ἀναμνήσαντος,

329 1408 606 1477 φθείρεται
656 1407 690 1477 η
734 1404 1000 1476 ἁμαρτία,
1044 1406 1138 1457 καὶ⁴
1194 1405 1434 1475 μειοῦται
1484 1406 1515 1475 ἡ
1570 1403 1708 1457 κατά
1754 1402 1886 1456 Θεοῦ

330 1498 535 1568 πλάνη·
566 1498 794 1550 Θανάτου
834 1497 892 1549 δὲ
934 1497 1073 1550 κατά
1116 1496 1273 1566 φύσιν
1308 1496 1466 1549 πλέον
1510 1495 1660 1548 οὐδὲν
1705 1494 1886 1563 γίγνε-

328 1608 415 1645 ται
436 1608 450 1622 ο
484 1591 577 1643 καὶ
610 1591 806 1660 ἥκιστα
843 1589 1010 1641 κακὸν
1040 1588 1102 1641 τὸ
1139 1588 1239 1659 τῆς
1280 1588 1427 1652 θείας
1468 1589 1845 1659 ἐπιστρεφείας
1871 1605 1884 1618 ·

326 1682 633 1736 τούναντίον
678 1681 776 1753 μὲν
804 1673 915 1744 οὖν,
946 1681 1022 1743 ὡς
1054 1682 1110 1733 ὲν
1157 1680 1441 1753 φαρμάκου
1479 1680 1630 1745 εἴδει,
1657 1680 1882 1749 ἀγαθόν·

1993 534 2115 603 gnis
2146 552 2159 587 :
2202 540 2458 603 tanquam
2490 533 2795 603 benignitas
2829 550 2956 606 erga
3012 536 3259 591 homines
3290 534 3557 605 quodam-

1994 624 2156 677 modo
2218 624 2538 678 inhonorata
2594 625 2700 690 sit,
2772 626 2877 680 nisi
2941 627 3109 696 gratis
3162 634 3217 680 et
3282 625 3557 681 benevolis

1996 713 2307 769 hominibus
2343 714 2699 773 exhibeatur:
2746 731 2867 786 qua:
2895 717 3049 771 valde
3096 717 3292 771 rationi
3322 731 3555 770 consen-

1993 813 2152 859 tanea
2202 812 2334 860 tunc
2385 814 2626 876 apparet,
2654 822 2777 861 cum
2830 808 2867 862 ii
2917 809 3009 878 qui
3044 809 3186 863 bona
3238 808 3555 879 accipiunt,

1993 898 2247 952 omnibus
2276 898 2434 952 bonis
2482 898 2794 968 largientein
2830 912 3170 970 praeponunt.

2010 1006 2160 1061 Mala
2184 1008 2437 1078 proﬁcere
2476 1024 2687 1063 rursum
2717 1009 3134 1066 demonstratur.

2062 1125 2128 1181 Et
2151 1126 2195 1181 si
2230 1126 2476 1181 civitates
2504 1125 2794 1180 concidant
2831 1135 3018 1180 exorta
3049 1126 3327 1196 impietate
3348 1168 3363 1192 ,
3413 1130 3556 1185 sicut

1992 1232 2164 1287 nuper
2184 1216 2431 1288 contigit,
2464 1232 2585 1271 cum
2635 1217 2725 1272 ille
2763 1216 3114 1287 impiissimus
3144 1218 3513 1277 dominaretur
3541 1262 3556 1285 ,

1990 1315 2045 1360 et
2080 1321 2322 1361 errorem
2345 1307 2665 1362 idololatriae
2694 1309 2958 1364 recoleret
2994 1324 3057 1363 ac
3098 1319 3405 1375 renovaret,
3426 1328 3551 1382 pec-

1990 1407 2170 1451 catum
2204 1399 2533 1453 interimitur
2559 1438 2573 1463 ,
2629 1408 2683 1454 et
2736 1416 2892 1455 error
2949 1401 3003 1454 in
3034 1400 3203 1456 Deum
3247 1402 3551 1459 minuitur:

1992 1491 2124 1544 nihil
2175 1507 2303 1546 vero
2336 1494 2570 1562 amplius
2602 1493 2798 1548 accidit
2832 1509 2996 1565 quam
3052 1511 3199 1551 mors
3251 1499 3551 1553 secundum

1993 1589 2280 1649 naturam;
2311 1591 2364 1638 et
2413 1586 2558 1655 quod
2591 1584 2649 1640 fit
2695 1585 2762 1640 ad
2814 1585 3051 1640 divinam
3100 1591 3511 1645 conversionem
3536 1629 3551 1652 ,

1992 1685 2332 1742 nequaquam
2351 1674 2550 1727 malum
2575 1686 2676 1739 est,
2698 1677 2791 1730 sed
2809 1685 2997 1730 contra
3024 1679 3206 1745 potius
3228 1680 3429 1734 bonum
3450 1690 3553 1744 est,

327 1773 495 1826 κακὸν
526 1772 582 1825 δὲ
606 1773 763 1843 μόνον
805 1771 864 1824 τὸ
894 1772 993 1841 τὴν
1040 1770 1417 1843 συμφέρουσαν
1445 1769 1748 1840 οίκονομίαν
1786 1785 1883 1821 κα-

1986 1769 2243 1829 tanquam
2292 1762 2526 1831 speciem
2582 1762 2864 1819 medicina:
2919 1764 3145 1821 habens.
3189 1767 3387 1822 Malum
3425 1784 3553 1823 vero

326 1864 529 1927 κίξειν·
570 1866 598 1918 ὁ
642 1863 750 1934 γὰρ
778 1861 1115 1917 παιδοποιίαν
1146 1861 1441 1916 διαϐάλλων
1480 1863 1555 1925 ὡς
1596 1860 1890 1931 αὐξητικὴν

327 1957 427 2026 τῆς
483 1955 637 2026 ὕλης,
695 1948 869 2019 οὗτος,
929 1955 1154 2010 θάνατον
1213 1953 1405 2026 ἀθρόον
1457 1954 1566 2025 (39)
1629 1952 1886 2016 κακίζων,

327 2046 452 2100 νοῦν
480 2064 540 2115 γε
587 2046 920 2118 ἀνθρώπινον
957 2043 1043 2118 ἆρ’
1082 2046 1224 2116 ἔχειν
1265 2046 1330 2099 ἂν
1374 2044 1574 2115 δοκοίη,
1609 2042 1890 2113 μαχόμενα

328 2136 449 2189 λίαν
500 2136 674 2206 ἑαυτῷ
732 2136 1162 2207 φανταζόμενος;
1219 2135 1355 2187 Ἀλλ’
1406 2133 1527 2187 οὔτε
1580 2132 1889 2185 παιδοποιία

326 2228 494 2297 κακὴ,
524 2228 583 2281 τὸ
612 2228 832 2293 ἀείζωον
863 2228 940 2299 τῷ
963 2228 1136 2299 θνητῷ
1162 2228 1305 2296 γένει
1332 2228 1578 2289 ποιοῦσα,
1604 2226 1697 2280 καὶ
1724 2242 1890 2297 προσ-

326 2320 543 2372 τεθεῖσα
574 2324 638 2391 τῇ
673 2320 1000 2394 δημιουργία
1030 2322 1156 2383 τοὺς
1199 2319 1575 2389 γιγνομένους·
1627 2317 1749 2371 οὐτε
1796 2318 1891 2372 θά-

329 2428 508 2475 νατος,
538 2412 639 2465 κᾶν
670 2413 834 2476 πολὺς
875 2412 1084 2484 ἀθρόως
1115 2412 1449 2482 ἐπενεχθείη,
1492 2411 1743 2481 πονηρὸς,
1789 2412 1889 2464 οὐκ

326 2503 423 2554 ἐπὶ
465 2502 634 2574 ζημία
667 2502 806 2557 κατὰ
830 2503 1126 2574 ἀνθρώπων
1155 2504 1260 2556 ὐπὸ
1287 2504 1419 2556 Θεοῦ
1461 2504 1729 2573 κείμενος,
1774 2503 1886 2556 ἀλλ’

328 2594 418 2648 ἐπ’
464 2595 697 2668 ὠφελείᾳ
741 2600 805 2668 τῇ
852 2597 1128 2667 ἀνωτάτω,
1176 2596 1402 2659 δικαίοις
1448 2612 1506 2648 τε
1546 2596 1639 2648 καὶ
1682 2594 1886 2658 ἀδίκοις

324 2687 650 2758 ὡρισμένος.

396 2858 472 2913 Τδ
511 2857 569 2911 δὲ
620 2859 759 2912 κατά
808 2861 968 2931 μέρος
1018 2861 1230 2932 ἑκάστῳ
1283 2862 1576 2933 συμϐαῖνον
1623 2861 1882 2930 φυσικῶς,

324 2950 483 3003 τοῦτο
523 2950 733 3015 πολλοῖς
774 2952 982 3020 ἀθρόως
1023 2954 1071 3005 εί
1112 2953 1358 3017 ἐπέλθοι,
1399 2953 1539 3007 κατά
1587 2954 1747 3022 φύσιν
1788 2954 1886 3024 μὲν

326 3040 529 3105 ἔπεισι,
571 3043 664 3094 καὶ
697 3041 856 3095 πλέον
890 3042 1039 3096 οὐδέν
1065 3060 1077 3071 °
1112 3045 1348 3116 τοσούτῳ
1372 3045 1428 3098 δὲ
1454 3046 1513 3098 οὐ
1549 3045 1688 3099 κατά
1723 3046 1886 3116 μέρος

330 3132 552 3203 μείζονα
586 3132 677 3185 τοῦ
700 3134 1102 3204 οίκονομοῢντος
1128 3136 1223 3206 τὴν
1255 3136 1577 3207 κηδεμονίαν
1610 3136 1883 3205 σημαίνει,

325 3226 437 3296 ὅσῳ
465 3226 525 3278 τὸ
560 3227 655 3295 μὲν
680 3227 830 3279 οὐδὲν
853 3228 1146 3299 τεκμήριον
1178 3229 1552 3301 κατακρίσεως
1574 3228 1679 3283 τῶν
1712 3229 1889 3298 ἀμαρ-

320 3316 591 3369 τανὸντων
622 3317 760 3387 ἔχει·
801 3317 861 3371 τὸ
895 3318 950 3371 δὲ
990 3321 1054 3390 τῇ
1098 3320 1235 3374 κατά
1278 3321 1337 3374 τὸ
1378 3321 1695 3391 φαινόμενον
1725 3321 1889 3389 ἀγαν-

324 3408 575 3478 ακτήσει,
633 3412 759 3473 τοὺς
795 3409 892 3480 μὲν
922 3410 1281 3475 τελευτῶντας
1317 3412 1410 3466 τὸν
1446 3413 1731 3485 εἰρημένον
1784 3412 1887 3467 πά·-

322 3500 418 3553 λαι
440 3501 637 3571 τρόπον
666 3503 959 3572 εὐεργετεῖ,
983 3504 1109 3566 τοὺς
1145 3504 1202 3556 δὲ
1231 3504 1438 3568 ζῶντας
1474 3505 1810 3577 ἐπιστρέφει.

394 3758 460 3813 Et
488 3759 547 3812 δέ
570 3776 675 3824 τις,
715 3760 923 3813 πολλῶν
963 3761 1219 3825 πολλάκις
1246 3763 1501 3817 τοιούτων
1529 3766 1881 3836 γιγνομένων,

321 3851 561 3906 δείκνυσι
603 3854 693 3906 τὸν
722 3852 1056 3923 ἀνθρώπινον
1096 3854 1207 3924 βίον
1250 3857 1363 3918 τοῖς
1394 3854 1576 3919 αὐτοῖς
1621 3857 1885 3927 ἐμπλεκό-

326 3960 487 4015 μενον
512 3945 826 4017 ἀδικήμασι,
856 3945 1232 4017 παραπλήσιον
1252 3946 1372 4017 ἐμοί
1394 3964 1455 4015 γε
1478 3947 1623 4001 δοκεί
1658 3949 1884 4019 πάσχειν

322 4033 633 4097 ὀτοιοῦτος,
694 4035 746 4087 ει
798 4052 903 4099 τις,
963 4037 1021 4090 ὲν
1069 4032 1286 4106 λίμναις
1336 4038 1429 4090 καὶ
1478 4037 1712 4112 θαλάττῃ
1758 4042 1884 4103 τοὺς

326 4126 515 4197 ἰχθύας
560 4127 725 4200 ὀρῶν,
759 4127 920 4181 οἴοιτο
952 4128 1050 4199 τὴν
1093 4128 1402 4200 ἀλιευτικὴν
1435 4130 1630 4203 τέχνην
1671 4132 1880 4203 ἀργεῖν,

320 4222 450 4283 τοὺς
476 4219 822 4293 θηρωμένους
865 4221 962 4292 οὐχ
1003 4220 1163 4291 ὁρῶν,
1196 4223 1321 4285 τοὺς
1370 4221 1427 4275 δὲ
1457 4222 1783 4295 νηχομένους
1825 4227 1882 4278 έν

321 4315 437 4377 τοῖς
464 4312 618 4367 ὐδασι
665 4313 906 4385 βλέπων·
949 4314 982 4385 ἢ
1025 4312 1231 4386 ὥσπερ,
1277 4316 1330 4367 εἴ
1373 4333 1455 4379 τις
1502 4317 1726 4380 πολλοὺς
1778 4317 1880 4370 κά-

1990 1860 2199 1906 tantum
2228 1861 2330 1917 est,
2360 1854 2545 1909 utilem
2592 1853 2685 1909 Dei
2736 1856 3181 1927 gubernationem
3217 1858 3548 1929 improbare.

1988 1943 2093 2010 Qui
2144 1945 2290 1999 enim
2350 1948 2781 2016 procreationem
2844 1948 3136 2004 liberorum
3200 1950 3553 2020 reprehendit

1989 2046 2245 2107 tanquam
2292 2049 2576 2109 augentem
2632 2042 2935 2108 materiam,
2967 2057 3091 2096 cum
3149 2053 3378 2098 mortem
3427 2043 3550 2096 uni-

1988 2145 2198 2183 versam
2227 2129 2528 2199 improbet;
2565 2146 2633 2185 an
2657 2131 2950 2186 humanam
2981 2140 3215 2189 mentem
3239 2134 3439 2189 habere
3468 2135 3551 2187 vi-

1988 2220 2166 2282 detur,
2197 2220 2352 2276 valde
2404 2222 2508 2277 sibi
2537 2222 2638 2292 ipsi
2685 2223 3046 2294 repugnantia
3082 2225 3413 2295 cogitatione
3446 2227 3551 2279 lin-

1988 2310 2154 2381 gens?
2181 2311 2249 2363 At
2283 2326 2458 2382 neque
2504 2315 2809 2383 procreatio
2839 2315 2980 2369 mala
3010 2322 3115 2379 est,
3153 2331 3273 2385 quae
3318 2316 3449 2371 facit
3490 2335 3549 2375 ut

1990 2414 2160 2469 genus
2189 2400 2416 2455 mortale
2443 2415 2656 2471 semper
2684 2402 2849 2470 vivat,
2880 2411 2934 2458 et
2970 2404 3217 2475 adjungit
3267 2406 3333 2461 ad
3383 2406 3550 2462 fabri-

1986 2504 2107 2544 cam
2133 2490 2321 2545 mundi
2342 2505 2437 2546 eos
2454 2490 2547 2560 qui
2577 2500 2967 2561 procreantur;
2995 2509 3170 2563 neque
3192 2510 3338 2550 mors
3358 2510 3551 2565 quam-

1988 2582 2070 2636 vis
2091 2582 2341 2638 universe
2369 2582 2658 2645 inferatur,
2690 2585 2831 2637 mala
2854 2594 2967 2651 est;
2998 2601 3100 2641 nec
3140 2602 3169 2640 a
3202 2585 3312 2642 Dea
3341 2590 3550 2643 consti-

1987 2680 2122 2734 tuta,
2155 2680 2213 2725 ut
2239 2672 2488 2729 homines
2518 2673 2787 2743 iacturam
2820 2684 2874 2730 et
2895 2675 3153 2731 damnum
3189 2678 3413 2739 faciant.
3451 2680 3545 2733 sed

1987 2763 2054 2816 ad
2081 2762 2364 2818 utilitatem
2387 2780 2655 2820 summam
2681 2766 2845 2835 justis
2876 2776 2929 2822 et
2958 2768 3179 2837 injustis
3199 2769 3421 2825 decreta
3443 2783 3544 2826 εει.

2055 2850 2209 2918 Quod
2246 2863 2427 2909 autem
2459 2857 2752 2925 unicuique
2790 2859 3039 2926 privatim
3080 2858 3279 2913 accidit
3308 2867 3548 2914 natura-

1987 2940 2129 3003 liter,
2158 2940 2263 2994 hoc
2292 2941 2335 2995 si
2370 2943 2555 2999 multis
2587 2942 2875 2999 confertim
2920 2946 3194 3011 adveniat,
3223 2951 3547 3005 naturaliter

1986 3029 2204 3099 quidem
2252 3032 2555 3102 contingit;
2608 3033 2851 3105 nihilque
2914 3036 3147 3105 amplius
3199 3047 3323 3102 est,
3379 3055 3544 3108 quam
3624 3080 3633 3089 .

1988 3121 2131 3190 quod
2157 3120 2389 3192 singulis
2426 3124 2693 3196 contingit
2720 3145 2733 3180 :
2764 3125 2859 3182 sed
2882 3134 3033 3180 tanto
3065 3128 3326 3195 majorem
3352 3144 3544 3185 curam

1988 3212 2362 3281 gubernantis,
2402 3230 2562 3284 quam
2594 3216 2725 3272 illud
2751 3217 2897 3287 quod
2927 3217 3181 3287 privatim
3220 3220 3439 3284 accidit,
3468 3223 3543 3277 si-

1988 3303 2227 3372 grilicat,
2254 3316 2457 3375 quanto
2485 3307 2541 3362 in
2591 3308 2684 3362 illo
2738 3310 2951 3379 privato
3004 3310 3185 3366 minus
3240 3311 3425 3367 indicii
3461 3323 3547 3369 est

1982 3395 2175 3464 judicii
2202 3396 2368 3452 divini
2390 3398 2442 3453 in
2460 3399 2858 3469 delinquentes.
2890 3400 3004 3457 Hoc
3024 3412 3204 3458 autem
3240 3406 3545 3475 generalius

1987 3495 2206 3556 propter
2229 3490 2467 3558 speciem
2491 3506 2652 3561 quam
2679 3492 2839 3548 habet
2868 3493 3065 3549 divina:
3099 3495 3214 3559 ira),
3247 3497 3543 3552 morientes

1986 3578 2202 3646 quidem
2231 3580 2490 3636 beneficio
2519 3581 2699 3645 alIicit,
2732 3583 2875 3638 sicut
2920 3592 3047 3639 ante
3079 3587 3406 3656 explicatum
3436 3599 3541 3654 est,

1985 3671 2227 3726 viventes
2262 3687 2389 3727 vero
2415 3675 2699 3729 convertit.

2056 3759 2115 3814 Si
2144 3761 2268 3830 quis
2298 3776 2426 3816 vero
2459 3762 2700 3831 obiiciat,
2728 3762 2979 3834 quamvis
3026 3766 3197 3820 multa
3228 3766 3543 3836 huiusmodi

1985 3868 2356 3921 saepenumero
2396 3852 2561 3920 fiant,
2611 3854 2965 3910 nihilominus
3015 3862 3198 3910 tamen
3252 3856 3543 3912 humanam

1984 3944 2155 3997 vitam
2186 3944 2390 4009 eisdem
2430 3945 2709 4000 maleficiis
2738 3946 3069 4016 implicatam
3102 3962 3225 4003 esse
3256 3949 3541 4016 similiter;

1986 4035 2073 4089 hic
2100 4036 2316 4105 quidem
2341 4036 2548 4105 judicio
2588 4052 2707 4093 meo
2739 4036 2888 4102 facit,
2937 4046 2998 4093 ut
3047 4038 3094 4099 si
3128 4040 3252 4110 quis
3283 4040 3461 4111 pisces
3488 4042 3542 4096 in

1986 4127 2105 4180 lacu
2151 4136 2245 4181 aut
2300 4128 2439 4182 mari
2489 4127 2718 4194 videns,
2749 4131 3026 4188 existimet
3075 4142 3249 4189 artem
3296 4134 3544 4203 piscandi

1983 4218 2214 4274 otiosam
2238 4226 2293 4274 et
2324 4219 2569 4276 inutilem
2621 4237 2777 4287 esse,
2801 4226 2951 4294 .quia
2998 4225 3177 4296 pisces
3215 4233 3404 4296 captos
3434 4241 3543 4281 non

1980 4310 2147 4375 videt,
2172 4319 2422 4368 natantes
2448 4313 2504 4367 in
2535 4315 2692 4383 aquis
2730 4314 2913 4370 videt:
2947 4324 3041 4370 aut
3077 4317 3301 4387 perinde
3350 4326 3457 4380 est,
3486 4328 3545 4372 ut

322 4422 553 4477 μνοντας
590 4406 750 4478 δρῶν,
805 4407 968 4479 μηδὲν
1018 4408 1115 4478 τὴν
1152 4408 1396 4477 ἰατρικὴν
1424 4409 1726 4487 ,ἐνέργειαν
1764 4410 1880 4480 οἰη-

1986 4403 2028 4455 si
2057 4401 2180 4471 quis
2208 4404 2411 4459 multos
2435 4415 2671 4474 aegrotos
2703 4421 2951 4468 cernens,
2979 4407 3315 4461 curationem
3347 4407 3540 4461 medici

318 4497 462 4567 Θείη.

392 4562 608 4645 Πολλῶν
640 4592 748 4662 γὰρ
776 4591 1245 4663 εὐεργετουμένων
1277 4594 1356 4656 είς
1382 4592 1657 4647 εὐσέϐειάν
1700 4612 1758 4646 τε
1788 4562 1893 4648 καὶι

316 4681 539 4752 ἀρετὴν,
568 4682 636 4736 δι’
663 4677 736 4737 ὧν
767 4684 911 4737 ἐστιν
939 4685 1027 4737 ὅτε
1067 4683 1136 4737 τὰ
1167 4683 1371 4754 φοϐερά
1409 4684 1537 4747 Θεὸς
1588 4685 1878 4754 οίκονομεῖ.

314 4776 347 4827 ὁ
396 4774 658 4842 φιλαίτιος
697 4775 756 4828 τὸ
803 4776 903 4847 μὲν
946 4775 1373 4848 κατορθούμενον
1412 4777 1676 4846 ἀρνεῖται,
1717 4775 1780 4829 τὸ
1823 4777 1881 4830 δὲ

315 4865 616 4938 φιλόνεικον
643 4868 751 4921 τῶν
788 4868 997 4923 πολλῶν
1022 4871 1102 4933 είς
1131 4868 1402 4940 ἁμαρτίαν
1438 4866 1699 4931 ὀνειδίζει.

386 5044 576 5100 Καίτοι
603 5044 780 5115 φαμὲν
804 5045 909 5097 οὐδ’
934 5046 1096 5114 ἡμεῖς
1132 5041 1504 5112 ἀναγκαστικά
1532 5043 1643 5105 τοῖς
1669 5042 1879 5105 πολλοῖς

313 5135 547 5191 εἶναιτὰ
580 5135 826 5198 τοιαῦτα,
864 5134 978 5189 ἀλλ’
1010 5135 1386 5207 ἀποτρεπτικά
1416 5134 1511 5188 τοῦ
1544 5135 1876 5207 ἁμαρτάνειν

312 5230 426 5290 τοῖς
468 5224 895 5297 εὐγνωμονοῦσιν
915 5241 929 5255 ·
963 5224 1160 5278 αὐτίκα
1192 5224 1326 5294 πρὸς
1356 5223 1533 5293 ὀλίγον
1563 5226 1876 5297 ὲπαγόμενα

308 5318 519 5389 ταχέως
570 5317 931 5382 ἀποπαύεται,
982 5318 1070 5371 ἶνα
1129 5319 1202 5388 μὴ
1255 5317 1507 5390 βιάσηται
1564 5318 1782 5389 μᾶλλον,
1837 5318 1872 5390 ἢ

384 5495 497 5566 (58)
560 5495 711 5549 Δίαν
763 5494 933 5549 deed.
998 5491 1276 5548 lulianum
1338 5494 1657 5565 Apostatam
1718 5491 1872 5547 dicit.

308 5563 492 5704 “($33
534 5633 799 5689 Θάνατον
816 5634 1062 5704 ίᾴθρόον.
1090 5630 1147 5686 Si
1176 5632 1321 5687 enim
1347 5633 1485 5686 mala
1516 5638 1601 5687 est
1629 5647 1874 5704 procrea-

308 5702 410 5769 tio,
443 5704 644 5759 malum
666 5712 784 5759 erat
813 5703 1166 5759 Manichteum
1202 5710 1387 5758 natum
1421 5718 1564 5768 esse,
1595 5718 1703 5773 quo
1737 5702 1869 5756 nihil

1985 4494 2118 4549 nihil
2138 4510 2264 4551 esse
2292 4496 2605 4552 arbitretur.

2048 4583 2184 4637 Cum
2219 4585 2364 4639 enim
2395 4586 2547 4640 multi
2585 4586 2871 4656 proficiant
2898 4586 2967 4641 ad
2994 4587 3247 4657 pietatem
3281 4595 3334 4644 et
3362 4588 3539 4643 virtu-

1979 4685 2108 4737 tem,
2153 4676 2260 4731 illis
2309 4677 2756 4747 pertimescendis
2793 4693 2913 4747 quae
2942 4677 3083 4734 Deus
3118 4678 3411 4749 aliquando
3440 4695 3538 4735 sua

1979 4769 2370 4838 gubernatione
2392 4777 2677 4840 operatur;
2707 4770 2802 4840 qui
2829 4771 3154 4826 criminandi
3181 4772 3363 4827 studio
3384 4783 3537 4828 tene-

1976 4869 2088 4924 tur,
2116 4861 2263 4930 quod
2284 4860 2582 4931 perfectum
2607 4872 2689 4916 est
2718 4871 2897 4933 negat,
2920 4864 3129 4933 etquod
3156 4864 3310 4919 multi
3330 4866 3384 4920 in
3412 4879 3539 4935 pec-

1977 4964 2098 5008 cato
2121 4963 2528 5023 perseverantes
2556 4956 2912 5020 contendunt,
2942 4957 3254 5027 exprobrat.

2046 5044 2207 5114 Atqui
2239 5060 2415 5115 neque
2433 5061 2533 5101 nos
2560 5045 2794 5101 dicimus
2825 5045 3021 5103 habere
3043 5048 3174 5102 talia
3204 5049 3310 5102 vim
3335 5063 3534 5118 cogen-

1977 5135 2029 5189 di
2057 5137 2280 5200 multos,
2311 5137 2406 5193 sed
2428 5139 2752 5196 dehortandi
2778 5155 2807 5194 a
2836 5148 3062 5210 peccato
3082 5148 3270 5211 gratos
3290 5149 3345 5195 et
3371 5141 3537 5195 bene-

1975 5226 2162 5291 votos;
2195 5243 2316 5298 qua:
2338 5229 2403 5283 ad
2434 5230 2596 5285 breve
2623 5238 2836 5300 tempus
2865 5231 3369 5297 invecta,celeriter
3384 5231 3537 5302 quie-

1975 5326 2158 5385 scunt,
2196 5335 2267 5375 ne
2315 5322 2487 5393 magis
2518 5322 2628 5376 vim
2659 5322 2905 5387 afferant,
2937 5338 3102 5392 quam
3132 5322 3387 5379 suasione
3417 5338 3537 5377 mu-

1976 5494 2079 5550 sibi
2103 5498 2496 5572 repugnantins
2525 5497 2709 5572 dicere
2737 5507 2968 5572 poterat.
3001 5500 3120 5571 Ipse
3142 5502 3286 5557 enim
3312 5502 3534 5572 putabat

1976 5581 2036 5621 se
2075 5583 2259 5621 verum
2294 5567 2487 5632 dogma
2519 5567 2753 5625 tradere.
2788 5570 2989 5626 Docere
3027 5567 3210 5627 autem
3250 5567 3531 5629 veritatem

1975 5644 2034 5689 ut
2064 5639 2312 5708 putabat,
2339 5638 2463 5708 quis
2501 5638 2643 5693 dicat
2679 5641 2878 5696 malum
2907 5643 3067 5698 esse?
3089 5640 3164 5697 In.
