4072 6338
551 310 697 365 “67

1685 303 1822 359 TITI
1861 299 2289 358 BOSTRENSIS
2328 299 2633 357 EPISCOPI

3665 297 3808 355 L68

557 431 677 480 teut
705 442 717 477 :
746 437 939 477 rursus
961 436 1246 492 vero,qu.~e
1271 434 1428 478 erant
1456 423 1511 478 in
1536 424 1952 488 consuetudine,
1977 440 2124 480 exer-

2232 422 2407 475 πειθοί
2439 420 2751 493 μεταϐάλῃ·
2805 414 2961 482 αὖθις
3005 418 3060 472 δὲ
3103 418 3174 472 τὰ
3215 417 3418 490 συνήθη
3465 418 3810 474 πολιτεύεται

561 523 774 575 ceutur,
811 514 865 566 in
916 513 1116 583 quibus
1155 515 1372 578 aninms
1406 522 1463 572 et
1512 517 1765 570 voluntas
1798 531 1990 571 eorum
2034 516 2129 586 qui

560 607 752 660 mutati
783 615 929 670 sunt,
958 615 1235 675 spectatur
1289 618 1344 662 et
1403 608 1758 677 exploratur,
1817 616 1878 660 ut
1934 608 1967 661 ii
2015 609 2130 662 sola

560 698 821 750 memoria
880 696 1250 764 exemplorum
1300 696 1672 750 infirmitatem
1710 711 1864 749 suam
1903 695 2130 749 fulciaut

559 799 611 841 et
644 789 944 851 stabiliant,
973 788 1066 857 qui
1105 797 1230 842 sunt
1259 789 1398 858 grati
1444 796 1498 841 et
1532 789 1691 857 aequi.
1726 787 1836 840 lmo
1876 802 2005 842 vero
2029 803 2130 857 po-

562 881 666 934 tius
707 879 995 934 dicendum
1025 889 1144 943 est,
1197 880 1242 934 si
1275 895 1398 934 cum
1433 879 1563 932 talia
1600 880 1939 949 contingant,
1970 879 2131 949 pauci

561 971 781 1042 quidam
813 979 866 1024 et
901 971 1056 1026 valde
1085 971 1196 1025 rari
1230 979 1357 1026 sunt
1402 972 1495 1042 qui
1549 972 1714 1026 vitam
1764 979 2010 1035 mutant;
2060 986 2130 1026 an

563 1079 667 1118 non
703 1065 872 1117 multo
905 1064 1028 1134 plus
1082 1063 1148 1118 ad
1194 1065 1490 1134 nequitiam
1535 1064 1794 1134 cogitatio
1849 1063 2128 1117 hominum

561 1153 910 1224 profecisset,
940 1156 985 1210 si
1020 1171 1114 1224 per
1145 1155 1259 1210 hac
1285 1173 1405 1226 qua:
1437 1155 1725 1219 accidunt,
1765 1169 1871 1210 non
1901 1155 2052 1210 fieret
2099 1169 2129 1209 a

562 1249 798 1316 peccatis
830 1248 1117 1302 avocatio?

631 1339 784 1406 Quod
808 1339 852 1396 si
888 1341 1066 1396 nullus
1095 1341 1223 1394 hinc
1249 1340 1536 1395 utilitatem
1566 1345 1803 1408 caperet,
1834 1337 1977 1408 quod
2019 1337 2130 1408 qui-

561 1432 682 1487 dem
735 1432 940 1485 fatuum
982 1437 1064 1486 est
1116 1432 1331 1497 dicere;
1385 1437 1668 1502 praestaret
1728 1429 2128 1500 reprehendere

561 1523 831 1586 homines,
877 1523 966 1593 qui
998 1539 1097 1578 nec
1127 1524 1229 1577 hoc
1261 1522 1478 1593 quidem
1514 1521 1676 1576 modo
1710 1521 1889 1591 juvari
1920 1521 2126 1586 volunt,

562 1630 722 1684 quam
751 1615 962 1684 culpam
985 1613 1320 1684 negligentia:
1347 1615 1401 1667 in
1428 1612 1592 1667 Deum
1623 1611 1942 1674 transferre,
1971 1610 2128 1681 quasi

563 1721 670 1760 non
702 1707 934 1776 amplius
986 1706 1168 1760 studio
1205 1704 1556 1761 convertendi
1589 1711 1824 1758 utentem
1851 1720 1866 1770 ;
1895 1718 2000 1772 qua
2042 1717 2128 1756 ra-

2231 513 2292 566 τὸ
2314 513 2530 582 δόκιμον
2560 513 2658 582 τῆς
2697 512 3009 580 προθέσεως
3043 514 3153 574 τοῖς
3185 511 3678 582 μεταϐαλλομένοις
3702 516 3810 583 ὲμ-

2233 602 2504 665 ποιοῦντα,
2537 603 2624 656 ἵνα
2647 602 2739 656 καὶ
2777 602 2943 673 μόνην
2965 602 3070 654 τῶν
3103 603 3512 672 ὑποδειγμάτων
3538 603 3637 674 τὴν
3667 606 3777 676 μνὴ
3807 639 3810 641 μ

2234 712 2341 765 μην
2379 696 2493 748 ἀντ’
2545 695 2864 764 ἐρείσματος
2912 693 3087 764 ἔχοιεν
3126 694 3223 764 τῆς
3270 695 3477 747 ἑαυτῶν
3521 695 3811 759 ἀσθενείας

2228 789 2278 840 ot
2321 787 2676 859 εὐγνώμονες.
2715 787 2931 860 Ῥητέον
2961 788 3016 840 δὲ
3065 787 3287 858 μᾶλλον,
3328 789 3422 851 ὡς,
3453 791 3501 842 εί
3541 791 3655 850 καὶ,
3695 790 3812 842 τῶν

2229 879 2482 934 τοιούτων
2517 878 2940 950 συμϐαινόντων,
2973 879 3140 946 ὀλίγοι
3182 881 3324 944 τινὲς
3377 882 3471 933 καὶ
3505 880 3810 953 εὐαρίθμηδ

2227 988 2310 1024 τοι
2352 969 2706 1040 τυγχάνουσιν
2736 970 2784 1021 οἱ
2822 967 3248 1038 διαμειϐόμενοι,
3285 968 3400 1031 πῶς
3444 969 3542 1020 οὑκ
3584 969 3653 1022 ἂν
3704 971 3809 1022 ἐπ-

2232 1062 2431 1115 έδωκεν
2461 1061 2554 1113 ἐπὶ
2608 1060 2858 1114 πλεῖστον
2897 1060 3162 1130 πονηρίας
3201 1059 3311 1111 τῶν
3340 1059 3643 1131 ἀνθρώπων
3669 1064 3698 1114 6
3721 1060 3811 1114 λο-

2229 1149 2445 1224 γισμὸς,
2493 1155 2649 1223 εἴπερ
2698 1153 2732 1223 ἡ
2783 1150 2870 1205 διὰ
2919 1151 3026 1204 τῶν
3076 1151 3337 1206 τοιούτων
3379 1152 3668 1223 ἀποτροπὴ
3730 1151 3810 1224 μὴ

2229 1247 2373 1299 ἐπίοι
2399 1263 2413 1312 ;

2300 1337 2363 1390 Et
2399 1336 2454 1388 δὲ
2487 1337 2578 1389 καὶ
2623 1333 2807 1408 μηδεὶς
2844 1335 3088 1390 ἐντεῦθεν
3121 1334 3400 1406 ὠφελεῖτο,
3432 1337 3566 1407 ὅπερ
3596 1335 3812 1406 ἠλίθιον

2229 1430 2420 1491 εἰπεῖν,
2455 1428 2660 1500 βέλτιον
2690 1429 3012 1500 ἀνθρώπους
3046 1429 3382 1500 ἐλέγχεσθαι,
3409 1429 3484 1493 ὡς
3513 1429 3649 1500 μηδὲ
3683 1427 3808 1483 τοῦ-

2228 1537 2320 1574 τον
2339 1521 2428 1573 τὸν
2453 1519 2649 1590 τρόπον
2671 1518 2990 1584 ἐνδιδόντας,
3020 1521 3052 1592 ἢ
3083 1520 3216 1574 Θεὸν
3240 1521 3501 1592 ἀμελείας
3527 1521 3593 1575 ἂν
3624 1521 3810 1575 αἰτίαν

2230 1611 2472 1681 ὑπέχειν,
2503 1610 2576 1675 ὡς
2616 1608 2810 1682 μηκέτι
2859 1611 3213 1683 ὲπιστρεφείᾳ
3246 1611 3542 1683 χρώμενον·
3583 1605 3628 1679 ᾧ
3665 1628 3804 1682 χρη-

2232 1703 2382 1757 στέον
2415 1703 2556 1773 λόγῳ
2585 1703 2725 1756 κατὰ
2747 1703 2855 1757 τῶν
2885 1704 2958 1775 μὴ
2993 1704 3488 1775 ἐπαισθανομένωνο
3517 1704 3674 1775 δῆλον
3697 1705 3809 1775 γὰρ

562 1797 710 1852 tione
745 1797 999 1852 utendum
1036 1805 1121 1853 est
1167 1797 1220 1851 in
1261 1812 1355 1853 eos
1411 1796 1504 1866 qui
1537 1797 1743 1850 nullum
1784 1810 2002 1849 sensum
2045 1803 2124 1848 ta-

2229 1798 2342 1860 τοῖς
2364 1795 2718 1865 εὐγνώμοσιν,
2742 1791 2816 1858 ὼς
2840 1796 2900 1848 οὑ
2931 1796 3089 1866 μόνον
3116 1793 3250 1867 πρὸς
3276 1795 3336 1849 τὸ
3362 1799 3609 1867 κρεῖττον
3641 1812 3804 1866 μετα-

563 1886 690 1939 lium
733 1887 975 1958 capiunt.
1030 1887 1122 1942 Est
1162 1895 1340 1942 autem
1384 1896 1718 1956 compertum
1766 1885 1832 1940 iis
1877 1885 1968 1954 qui
2003 1889 2130 1938 sunt

561 1979 698 2046 grati
731 1987 784 2033 et
812 1978 972 2049 aequi,
1002 1995 1109 2032 non
1146 1979 1320 2032 solum
1353 1978 1566 2048 aliquos
1597 1976 1663 2030 ad
1697 1975 1988 2047 perfectam
2018 1992 2134 2031 mu-

2234 1886 2393 1958 ϐολῆς
2423 1890 2452 1940 6
2484 1887 2645 1956 φόϐος
2677 1888 2819 1956 ἄγει,
2853 1887 2989 1942 ἀλλὰ
3016 1888 3110 1941 καὶ
3136 1890 3248 1951 τοῖς
3275 1887 3452 1951 ἄλλοις
3476 1889 3807 1958 ἀπορρήτοις

2239 1982 2379 2049 μειοῖ
2408 1979 2505 2051 τὴν
2535 1978 2669 2050 πρὸς
2700 1981 2911 2034 ἀδικίαν
2939 1979 3113 2052 ὁρμὴν
3143 1981 3236 2034 καὶ
3269 1980 3492 2050 τόλμαν.

563 2070 818 2125 tationem
871 2071 924 2124 in
973 2070 1166 2124 melius
1201 2070 1519 2139 capiendam
1570 2077 1774 2124 metum
1832 2069 2130 2140 impellere,
2175 2070 2269 2124 sed
2300 2071 2424 2126 aliis
2465 2072 2626 2128 etiam
2682 2072 2982 2142 appetitum
3027 2083 3080 2128 et
3131 2072 3414 2127 audaciam
3460 2071 3530 2126 ad
3584 2069 3807 2140 injusti-

563 2166 688 2217 tiam
720 2164 933 2219 occulte
958 2163 1300 2219 imminuere.

1559 2277 1689 2334 CAP.
1719 2278 1878 2333 XV".
1924 2276 2136 2333 Creatio
2165 2278 2332 2332 noctis
2359 2286 2408 2332 et
2445 2276 2801 2334 tenebrarum.

635 2394 925 2450 Veniamus
953 2392 1207 2462 deinceps
1233 2391 1302 2446 ad
1332 2393 1595 2448 rationem
1621 2393 1937 2458 creationis,
1968 2408 2133 2464 quam

561 2490 666 2542 iste
716 2487 909 2556 planus
947 2485 1342 2550 calumniatur;
1387 2499 1452 2538 ac
1502 2486 1736 2554 primum
1773 2486 1840 2540 de
1890 2487 2132 2540 tenebris

2309 2391 2586 2463 Ἕλθωμεν
2610 2392 2674 2463 δὴ
2705 2389 2890 2445 λοιπὸν
2917 2390 3010 2444 καὶ
3047 2391 3126 2453 είς
3163 2386 3253 2444 τὸν
3285 2387 3412 2460 περὶ
3443 2388 3804 2463 δημιουργίας

2234 2481 2388 2551 λόγον
2438 2484 2574 2551 πρὸς
2617 2483 2711 2536 τοῦ
2762 2482 3076 2546 ἀπατεῶνας
3121 2481 3662 2552 συκοφαντουμένης·
3713 2485 3802 2535 καὶ

559 2584 614 2631 et
645 2584 805 2631 nocte
848 2575 1204 2644 inquiramus,
1249 2575 1393 2645 quod
1428 2576 1769 2645 potissimum
1811 2577 1914 2631 iste
1956 2587 2124 2632 mente

2237 2574 2447 2644 πρῶτόν
2466 2591 2529 2644 γε
2551 2577 2678 2646 περὶ
2705 2576 2928 2637 σκότους
2951 2574 3042 2626 καὶ
3065 2572 3255 2635 νυκτὸς
3284 2572 3650 2644 ἐξετάσωμεν,
3670 2575 3804 2643 ὅπερ

560 2679 793 2723 emeatus
821 2668 1088 2738 vituperat
1117 2685 1130 2721 :
1165 2667 1420 2721 tenebras
1453 2667 1596 2720 enim
1627 2683 1747 2738 quae
1779 2667 1831 2720 in
1865 2674 2022 2722 nocte
2050 2682 2142 2736 ap.

2239 2665 2470 2736 μάλιστα
2513 2667 2726 2731 κακίζει
2772 2665 2870 2736 τὴν
2903 2666 3139 2718 διάνοιαν
3185 2666 3576 2735 ἐσκοτωμένοςο
3615 2668 3800 2730 σκότος

560 2767 773 2828 parent,
802 2759 1016 2814 illarum
1061 2759 1406 2812 tenebrarum
1437 2757 1765 2813 Manichacus
1785 2759 1986 2828 cogitat
2011 2773 2124 2813 esse

2236 2759 2343 2828 γὰρ
2372 2759 2428 2809 ἐν
2457 2759 2611 2812 νυκτὶ
2643 2759 2984 2828 φαινόμενον,
3016 2757 3222 2810 ἐκείνου
3252 2756 3346 2810 τοῦ
3381 2758 3606 2820 σκότους
3628 2760 3657 2810 6
3677 2759 3796 2812 Μάο

561 2852 716 2921 quasi
742 2867 836 2921 per
869 2865 928 2905 se
960 2851 1092 2916 sint,
1123 2850 1377 2920 intelligit
1408 2865 1530 2904 esse
1552 2850 1834 2912 indicium,
1869 2851 1990 2919 ejus
2022 2849 2134 2903 sci-

562 2945 708 3006 licet,
737 2943 1019 3014 quodnon
1051 2949 1170 3009 est;
1221 2943 1357 2996 nihil
1385 2943 1602 3012 penitus
1635 2943 1862 3008 videns,
1896 2959 1997 2997 nec
2040 2943 2127 2996 in-

2230 2865 2327 2920 νης
2354 2844 2493 2902 εἶναι
2527 2849 2850 2918 φαντάζεται
2879 2849 2953 2913 ὡς
2986 2849 3064 2913 ὂν,
3089 2851 3385 2920 τεκμήριον
3416 2849 3513 2902 τοῦ
3549 2851 3621 2922 μὴ
3649 2852 3799 2914 lino;

2228 2939 2512 3010 λαμϐάνει,
2552 2941 2716 3011 μηδὲν
2739 2941 3018 3004 παντελῶς
3049 2941 3186 3010 μὴτε
3217 2940 3449 3010 βλέπων,
3481 2943 3611 3012 μήτε
3638 2945 3796 3008 eodm,

501 3068 510 3078 -
563 3037 832 3105 telligens,
882 3033 978 3090 sed
1020 3033 1086 3088 ad
1123 3035 1296 3088 instar
1328 3036 1453 3088 caeci
1490 3034 1726 3089 hominis
1764 3034 1818 3087 in
1873 3049 1961 3088 res
1989 3033 2124 3104 ipsas

2235 3031 2370 3084 ἀλλὰ
2410 3031 2608 3099 τυφλοῦ
2652 3031 2806 3104 δίκην
2838 3034 2949 3096 τοῖς
2995 3033 3280 3102 πράγμασι
3319 3035 3657 3104 προσπαίωνο
3702 3037 3798 3089 καὶ

560 3127 838 3183 offendens
868 3135 920 3180 et
968 3126 1293 3191 incurrens;
1322 3132 1586 3195 vocatque
1623 3125 1892 3187 tenebras.
1925 3132 1979 3178 et
2011 3125 2128 3180 vel-

562 3223 638 3276 uti
687 3221 890 3284 horret,
944 3228 1003 3275 ut
1046 3237 1152 3274 non
1193 3235 1332 3289 opus
1382 3219 1578 3273 habeat
1624 3219 2011 3289 disputatione,
2064 3226 2124 3273 ut

560 3313 773 3368 falsitas
813 3312 1070 3366 doctrinae
1097 3311 1216 3381 ejus
1247 3309 1712 3381 argumentatione
1737 3308 2118 3372 concludatur,

562 3412 624 3458 ut
656 3404 750 3474 qui
785 3419 981 3458 nomen
1013 3403 1088 3457 rei
1118 3417 1148 3457 e
1187 3417 1246 3457 se
1276 3402 1390 3470 ipsa
1412 3400 1727 3470 vituperata:
1758 3410 2000 3468 usurpet.
2035 3397 2127 3452 Di-

559 3493 790 3550 cendum
849 3506 979 3561 ergo
1033 3501 1150 3553 est,
1211 3489 1393 3544 vocari
1438 3488 1660 3558 quidem
1702 3488 1800 3542 has
1846 3487 2122 3550 tenebras,

561 3601 668 3639 non
699 3591 876 3637 tamen
911 3579 1209 3636 secundum
1242 3578 1603 3635 substantiam
1637 3577 1937 3631 exsistere:
1967 3575 2126 3630 adve-

562 3675 717 3729 niunt
743 3675 907 3736 enim,
957 3679 1010 3726 et
1044 3672 1304 3726 recedunt
1339 3669 1610 3740 quotidie.
1647 3677 1884 3738 suntque
1929 3683 2124 3724 conse—

561 3773 794 3835 quentes
827 3765 882 3817 in
914 3763 1130 3817 modum
1163 3763 1400 3824 umbrae;
1437 3777 1545 3816 non
1585 3768 1714 3816 sunt
1761 3762 1904 3815 enim
1928 3767 2122 3815 creata:

559 3873 658 3929 per
709 3873 768 3912 se
819 3867 876 3910 ιιι
919 3857 1246 3919 substantia,
1289 3869 1666 3924 nequaquam;
1704 3853 1904 3906 mundo
1940 3861 2120 3908 autem

557 3955 762 4006 creato.
815 3957 896 4002 est
924 3947 1134 4002 umbra.
1185 3943 1440 4000 Nascitur
1472 3945 1616 4000 enim
1653 3943 1834 4006 homo,
1885 3945 1984 4014 qui
2025 3959 2122 4013 per

559 4058 618 4097 se
647 4053 763 4107 est;
793 4041 1038 4110 sequitur
1073 4046 1253 4092 autem
1290 4052 1412 4090 eum
1442 4037 1632 4089 umbra
1667 4033 1965 4089 secundum
1998 4051 2118 4090 mo-

558 4132 661 4185 lem
691 4128 940 4198 corporis
965 4167 979 4189 ,
1010 4136 1064 4181 et
1092 4125 1404 4196 neutiquam
1428 4138 1551 4176 cum
1582 4137 1647 4176 eo
1687 4124 1806 4192 ipso
1854 4121 2117 4178 fabricata

553 4229 662 4284 est,
699 4218 795 4273 sed
828 4217 1045 4271 advenit
1076 4223 1134 4268 ut
1166 4216 1327 4269 situm
1359 4221 1411 4268 et
1441 4213 1677 4267 locatum
1709 4221 1792 4266 est
1816 4227 2034 4282 corpus,
2063 4222 2118 4269 et

557 4321 617 4366 ut
641 4320 726 4368 est
753 4308 972 4364 luminis
1001 4308 1262 4364 circuitus
1288 4313 1342 4360 et
1364 4305 1668 4359 conversio.
1702 4303 1979 4373 Siquidem
2009 4321 2118 4359 nox

2233 3123 2388 3176 καλεῖ
2421 3124 2629 3190 σκότος,
2657 3125 2749 3177 καὶ
2773 3124 2934 3177 οίονεὶ
2961 3125 3192 3194 φρίττει,
3223 3123 3296 3188 ὡς
3333 3125 3467 3196 μηδὲ
3501 3126 3658 3194 λόγου
3683 3129 3796 3181 δεόο

2236 3231 2394 3284 μενος
2438 3215 2572 3284 πρὸς
2616 3215 2886 3280 ἀπόδειξιν
2926 3216 3025 3287 τῆς
3075 3216 3268 3270 ἐαυτοῦ
3310 3207 3681 3287 ψευδολογίας,
3723 3221 3796 3282 ὡς

2232 3305 2453 3358 αὐτόθεν
2483 3305 2901 3376 διαϐεϐοημένου
2933 3307 3255 3379 πράγματος
3286 3308 3346 3361 τὸ
3375 3308 3548 3378 ϐνομα
3585 3309 3795 3379 λαμϐά-

2231 3411 2356 3449 νων.
2401 3395 2616 3465 Ῥητέον
2652 3396 2848 3460 τοίνυν,
2893 3395 2968 3460 ὡς
3012 3397 3168 3451 τοῦτο
3207 3398 3271 3468 δὴ
3319 3399 3509 3462 σκότος
3552 3402 3792 3454 καλεῖται

2233 3483 2350 3554 μὲν,
2379 3485 2438 3537 οὑ
2473 3485 2576 3556 μὴν
2615 3486 2883 3558 ὑφέστηκε
2918 3490 3037 3541 κατ’
3077 3490 3281 3542 οὑσίαψ
3323 3491 3707 3560 ἐπισυμϐαίνει
3736 3494 3790 3547 δὲ

2228 3575 2348 3629 καθ’
2382 3575 2592 3647 ἡμέραν
2621 3577 2714 3630 καὶ
2741 3577 3158 3648 ἀποσυμϐαίνει,
3183 3581 3670 3653 παρακολούθημα,
3698 3584 3788 3636 καὶ

2229 3666 2385 3730 σκιᾶς
2415 3667 2615 3736 τρόπον
2653 3667 2914 3738 ὑπάρχον*
2945 3669 3400 3742 δεδημιούργηται
3435 3672 3535 3741 μὲν
3568 3675 3679 3744 γάρ
3713 3675 3788 3736 είς

2225 3757 2520 3810 ὑπόστασιν
2549 3759 2736 3822 ούσίας
2765 3760 3034 3830 οὐδαμῶς,
3083 3761 3285 3831 κόσμου
3328 3764 3422 3816 καὶ
3456 3763 3791 3836 δημιουργη-

2226 3848 2428 3912 θέντος,
2473 3849 2600 3902 σκιὰ
2634 3850 2908 3922 τυγχάνει·
2945 3852 3228 3922 ἄνθρωπος
3266 3853 3509 3906 τίκτεται
3551 3856 3649 3924 μὲν
3683 3856 3792 3927 γὰρ

2225 3940 2346 3993 καθ’
2380 3941 2591 4006 ἑαυτὸν,
2623 3942 3019 4014 παρακολουθεί
3054 3944 3111 3997 δὲ
3153 3945 3300 4016 αὑτῴ
3341 3945 3476 4018 πρὸς
3505 3948 3595 4000 τὸν
3629 3949 3791 4016 ὄγκοι

2222 4031 2314 4086 τοῦ
2349 4033 2596 4104 σώματος
2622 4035 2656 4105 ἡ
2687 4035 2830 4090 σκιά·
2863 4038 2954 4091 καὶ
2977 4037 3036 4090 οὑ
3061 4037 3230 4106 δήπου
3254 4039 3788 4106 συγκατεσκευάσθαι

2221 4124 2419 4190 δόξειεν
2452 4129 2508 4179 ἐν
2551 4126 2748 4197 ἐαυτῷ,
2796 4126 2910 4181 ἀλλ’
2949 4129 3325 4200 ἐπισυμϐαίνει
3370 4130 3508 4202 πρὸς
3551 4132 3652 4203 τὴν
3691 4127 3784 4184 τοῦ

2225 4218 2472 4288 σώματος
2516 4217 2686 4281 θέσιν,
2729 4219 2822 4272 καὶ
2867 4219 3002 4291 πρὸς
3042 4219 3140 4292 τὴν
3178 4223 3271 4274 τοῦ
3305 4222 3480 4291 φωτὸς
3513 4222 3780 4292 περίοδον.

2222 4309 2375 4363 Οὑτω
2404 4310 2466 4381 δὴ
2501 4311 2594 4365 καὶ
2641 4310 2736 4378 νὺξ
2767 4313 2858 4365 καὶ
2913 4312 3120 4375 σκότος,
3182 4312 3494 4377 σωματικοῦ
3549 4312 3644 4366 τοῦ
3692 4313 3783 4366 κό·

554 4413 609 4460 et
633 4404 886 4465 tenebrae,
920 4416 1044 4456 eum
1071 4401 1140 4456 sit
1173 4399 1408 4454 mundus
1435 4411 1749 4466 corporeus,
1776 4397 2116 4452 solummodo

2226 4419 2357 4471 σμου
2407 4403 2604 4474 δηλαδὴ
2661 4405 3047 4488 τυγχάνοντος,
3103 4404 3566 4476 παρακολούθημα
3627 4405 3784 4475 μόνον

557 4508 684 4552 sunt
731 4503 1150 4564 consequentes,
1209 4507 1316 4546 non
1363 4498 1544 4544 autem
1584 4497 1714 4546 sunt
1747 4488 2025 4543 fabricatae
2065 4489 2132 4543 in.

555 4589 775 4649 modum
805 4587 1126 4644 substantia
1153 4592 1368 4639 creatae.

622 4675 756 4730 Cum
779 4676 922 4730 enim
953 4674 1034 4728 sol
1063 4673 1314 4728 diurnum
1345 4687 1562 4726 cursum
1593 4671 1843 4734 absolvit,
1868 4679 1921 4725 et
1955 4670 2122 4726 verti-

553 4774 646 4820 tur
690 4767 756 4820 ad
805 4780 1055 4820 recessus
1097 4763 1364 4833 proprios,
1397 4778 1618 4818 necesse
1645 4770 1728 4817 est
1761 4777 1822 4818 ea
1846 4777 1966 4832 qua:
1992 4769 2120 4816 sunt

556 4857 698 4910 intra
749 4855 1030 4918 mundum,
1096 4856 1280 4909 omnia
1331 4854 1656 4916 inumbrari,
1710 4869 1834 4907 cum
1864 4854 1936 4908 sit
1961 4861 2117 4908 extra

555 4949 700 5020 quod
743 4949 1032 5012 illuminat,
1067 4948 1147 5001 sic
1197 4947 1306 5001 Deo
1349 4948 1562 5000 volente
1599 4964 1611 4999 :
1649 4961 1867 5010 causas,
1909 4961 2006 4999 cur
2043 4945 2116 4998 ita

555 5038 805 5103 voluerit,
835 5039 994 5107 paulo
1027 5045 1148 5106 post
1182 5051 1278 5106 pro
1310 5037 1516 5091 viribus
1549 5036 1810 5090 dicemus.
1843 5035 1978 5090 illud
2013 5043 2119 5090 sta-

555 5133 651 5186 tim
686 5130 971 5187 dicendum
1014 5141 1116 5196 est,
1157 5145 1276 5200 qua:
1310 5130 1508 5183 habent
1547 5128 1743 5182 molem
1795 5143 2112 5199 corpoream

555 5224 790 5278 interdiu
823 5223 877 5276 in
923 5222 1251 5276 contrariam
1291 5230 1495 5291 partem
1526 5219 1747 5275 luminis
1801 5222 1962 5290 positi
1995 5237 2114 5276 um-

555 5315 681 5369 bras
723 5316 945 5382 jacere;
993 5323 1048 5367 et
1090 5311 1415 5368 transfertur
1451 5312 1613 5366 simul
1655 5327 1779 5366 cum
1814 5313 2017 5367 lumine
2054 5314 2112 5367 in

549 5405 881 5460 contrarium
917 5405 1143 5471 umbra;
1191 5414 1244 5459 et
1274 5403 1362 5458 ubi
1392 5411 1474 5457 est
1515 5418 1687 5472 usque
1721 5403 1786 5457 ad
1833 5403 2110 5458 meridiem

552 5498 654 5560 sol,
702 5498 776 5552 ibi
813 5504 896 5550 est
919 5504 1040 5566 post
1071 5495 1347 5551 meridiem
1393 5495 1604 5549 umbra.
1647 5492 1744 5547 Ubi
1776 5503 1955 5549 autem
1992 5511 2112 5549 um-

2222 4494 2388 4557 ἐστὶν,
2419 4495 2477 4546 οὑ
2503 4495 2608 4564 μὴν
2633 4495 3110 4566 δημιουργήματος
3138 4495 3336 4566 τρόπον
3365 4495 3623 4559 οὑσιῶδες
3656 4513 3783 4549 κατ·

2221 4586 2562 4640 εσκεύασται.

2289 4678 2394 4731 Τοῦ
2414 4677 2523 4750 γὰρ
2543 4679 2694 4750 ἡλίου
2710 4677 2801 4731 τὸν
2823 4676 3179 4748 μεθημερινὸν
3195 4677 3390 4749 δρόμον
3412 4677 3776 4747 περαίνοντος.

2219 4770 2356 4841 πρὸς
2381 4770 2435 4822 δὲ
2468 4771 2566 4833 τὰς
2593 4770 2725 4833 ιδίας
2753 4770 3124 4841 ἀναχωρήσεις
3161 4768 3516 4840 τρεπομένου,
3557 4769 3654 4822 τοῦ
3687 4768 3778 4822 κό-

2221 4880 2356 4934 σμου
2399 4863 2466 4916 τὰ
2503 4861 2652 4926 ἐντὸς
2696 4862 2997 4930 ἐπάναγκες
3032 4861 3634 4925 ἀπαντασκιάζεσθαι,
3677 4860 3778 4926 ἔξω

2215 4940 2568 5023 τυγχάνοντος
2608 4950 2698 5005 τοῦ
2743 4951 3080 5021 φωτίζοντος,
3121 4951 3260 5004 οὑτω
3296 4952 3359 5021 δὴ
3405 4951 3538 5004 Θεοῦ
3590 4952 3776 5023 βουλη-

2218 5045 2418 5108 θέντος,
2465 5045 2532 5098 δι’
2573 5043 2639 5108 ἃς
2685 5045 2862 5107 αίτίας
2907 5043 3096 5115 μικρὸν
3141 5042 3364 5114 ὕστερον
3405 5044 3478 5106 ὡς
3517 5044 3776 5115 δυνάμεις

2215 5137 2466 5210 ἐροῦμεν*
2516 5136 2712 5190 αὐτίκα
2755 5137 2848 5188 καὶ
2881 5135 2997 5205 μεθ’
3030 5135 3244 5205 ἡμέραν
3279 5135 3414 5204 πρὸς
3445 5133 3507 5186 τὸ
3536 5135 3773 5188 ἀντικείο

2219 5245 2376 5298 μενον
2413 5227 2572 5297 μέρος
2601 5227 2698 5296 τῆς
2723 5226 2815 5279 τοῦ
2836 5227 3009 5294 φωτὸς
3039 5226 3259 5288 θέσεως,
3287 5227 3355 5279 τά
3383 5227 3648 5296 ἀνέχοντα
3671 5228 3774 5282 τῶν

2216 5319 2537 5389 σωματικῶν
2569 5318 2744 5385 ὄγκων
2771 5317 3125 5390 παραπέμπει
3161 5318 3260 5381 τὰς
3303 5319 3480 5382 σκιὰς,
3517 5322 3614 5372 καὶ
3643 5337 3774 5390 συμ-

2215 5408 2524 5481 μεταϐαίνει
2552 5407 2629 5478 τῷ
2665 5408 2802 5477 φωτὶ
2838 5409 2973 5478 πρὸς
3014 5409 3316 5461 τούναντίον
3353 5411 3383 5480 ἡ
3416 5411 3562 5463 σκιά·
3593 5412 3686 5463 καὶ
3712 5411 3770 5463 ού

2215 5499 2312 5569 μὲν
2331 5499 2434 5560 ἕως
2457 5497 2801 5568 μεσημϐρίας
2824 5497 2993 5568 ἣλιος,
3021 5498 3157 5568 μετά
3175 5497 3377 5550 ταύτην
3393 5500 3602 5565 γίνεται
3627 5497 3769 5552 σκιά·

551 5594 648 5644 bra
677 5598 798 5659 post
832 5588 1130 5651 meridiem,
1168 5590 1248 5644 sol
1282 5599 1364 5643 est
1397 5596 1518 5658 post
1553 5589 1716 5642 hunc.
1751 5586 1953 5642 Umbra
1979 5605 2109 5643 vero

2226 5593 2242 5662 ἡ
2271 5589 2327 5642 δὲ
2352 5589 2477 5642 σκιά
2503 5588 2618 5659 μεθ’
2641 5590 2872 5660 ἡμέραν,
2897 5592 2996 5642 καί
3015 5592 3074 5643 οὑ
3098 5589 3370 5651 παντελῶς
3395 5591 3604 5653 σκότος·
3628 5593 3771 5644 ἐπει-

549 5681 745 5742 diurna
786 5681 976 5735 umbra
1022 5687 1124 5745 est,
1175 5688 1361 5736 etnon
1409 5681 1630 5736 omnino
1659 5680 1926 5746 tenebrae;
1979 5681 2104 5750 quia

2226 5680 2270 5753 ἰὴ
2301 5680 2362 5734 τὸ
2388 5679 2635 5751 περιέχον
2667 5680 2998 5751 πανταχόθεν
3030 5681 3265 5752 ἀνεῳγὸς
3287 5681 3381 5734 καὶ
3415 5684 3526 5745 τοῖς
3553 5681 3769 5751 σκιαζο-
