4072 6338
344 404 476 460 1169

1386 404 1751 457 Αυνιειίδυδ
1786 396 2208 453 ΜΑΝἰΕΠᾸΞΟΞ
2246 394 2371 448 LII}.
2416 391 2478 448 II'.

3446 387 3501 441 Η
3517 387 3581 440 70

338 520 523 588 μένοις
550 520 732 581 τόποις
751 517 844 571 τοῦ
874 520 1110 587 φέγγους
1133 520 1359 591 παρέχει
1384 521 1480 591 τὴν
1514 522 1813 591 μετουσίαν.
1841 520 1880 572 Ε

2004 516 2148 586 quod
2174 517 2416 569 continet
2443 527 2564 566 cum
2593 510 2667 565 sit
2694 508 2930 577 undique
2955 513 3223 577 apertum,
3255 505 3394 561 locis
3413 508 3579 561 etiam

336 608 465 675 γοῦν
488 604 633 660 οἶκόν
659 625 779 663 τινα
807 604 1024 672 τελείως
1055 608 1417 673 ἀποκλείσεις,
1443 609 1519 672 ὠς
1552 611 1684 681 μηδὲ
1718 609 1882 681 στενὴ

2004 625 2123 678 qua:
2156 607 2402 661 umbram
2428 602 2649 667 habent,
2700 600 2902 671 praebet
2951 599 3178 653 luminis
3207 599 3585 669 participatio-

335 697 466 766 γοῦν
498 699 699 752 εἴσοδον
728 699 1043 753 καταλιπεῖν
1074 699 1151 770 τῷ
1193 701 1329 769 φωτὶ
1367 700 1534 773 αὐτῷ,
1579 702 1747 755 νύκτα
1785 719 1904 753 ποι-

335 790 489 858 ήσεις
514 790 609 843 καὶ
638 792 695 842 ὲν
723 790 1057 862 μεσημϐρίᾳ.
1087 790 1256 844 Τοῦτο
1285 792 1348 863 δὴ
1379 794 1473 846 κα)⁸
1497 795 1555 847 ἐν
1578 794 1732 847 νυκτὶ
1758 794 1905 861 γίνε-

336 898 424 933 ται
459 881 595 950 πρὸς
623 884 757 949 τοὺς
784 883 945 946 ίδίους
974 882 1184 955 χώρους
1210 884 1363 953 ἡλίου
1391 887 1701 956 γενομένου.
1740 887 1904 939 Ὥστε

333 972 367 1039 ἡ
394 971 489 1034 νὺξ
528 971 781 1042 στέρησις
810 972 876 1025 ἂν
908 974 989 1043 εἴη
1026 974 1220 1043 φωτός.
1262 975 1435 1029 Μάθοι
1457 976 1501 1029 δ’
1540 978 1603 1031 ἀν
1631 994 1712 1040 τις
1743 978 1907 1045 σαφέ-

336 1078 523 1132 στερον
566 1062 628 1114 τὸ
669 1064 967 1132 γινόμενον,
1003 1067 1049 1118 εί
1095 1068 1352 1136 νοήσειεν,
1404 1067 1479 1131 ὡς
1516 1069 1573 1120 ἐν
1600 1070 1755 1123 νυκτὶ
1802 1068 1901 1139 μέν

332 1151 450 1203 ἐστὶ
470 1168 571 1205 που
594 1151 863 1223 διαμένων
894 1153 985 1206 καὶ
1014 1153 1272 1226 ὑπάρχων
1296 1156 1324 1207 6
1347 1156 1516 1226 ἥλιος,
1542 1156 1658 1227 μεθ’
1687 1157 1900 1227 ἡμέραν

330 1242 389 1294 δὲ
425 1242 662 1313 οὐδαμοῦ
692 1244 757 1297 τὸ
800 1246 1008 1310 σκότος,
1057 1245 1191 1300 ἀλλά
1238 1248 1513 1311 παντελῶς
1555 1248 1900 1319 διαλυόμενον

333 1332 671 1401 ἀφανίζεται.
703 1334 866 1388 Ὥστε
897 1335 1073 1406 φωτὸς
1105 1335 1204 1406 μὲν
1232 1337 1451 1405 γέγονεν
1474 1339 1649 1406 οὐσία,
1677 1340 1899 1404 σκότους

419 1424 688 1495 οὐδαμῶς.

2004 714 2149 753 nem.
2207 697 2389 766 Itaque
2436 695 2483 750 si
2526 694 2747 748 domum
2793 692 3104 762 quampiam
3150 706 3217 745 ex
3252 691 3398 744 omni
3430 703 3583 761 parte

2000 790 2137 845 bene
2171 787 2411 848 claudas,
2460 793 2514 840 et
2539 800 2714 854 neque
2745 783 2830 837 vel
2864 790 3132 852 angustus
3178 782 3359 835 aditus
3391 781 3582 834 lumini

2002 883 2362 952 relinquatur,
2400 886 2615 934 noctem
2660 876 2859 932 efficies
2888 876 3053 930 etiam
3085 876 3138 929 in
3186 873 3429 929 meridie.
3468 871 3580 926 Hoc

2005 978 2187 1025 autem
2220 969 2277 1023 Iit
2332 970 2386 1022 in
2417 975 2597 1031 nocte,
2633 966 2748 1020 sole
2784 965 2903 1018 loca
2934 978 3033 1018 sua
3076 961 3347 1015 ambiente
3391 967 3444 1015 et
3474 959 3581 1013 cir-

2010 1066 2324 1113 cumeunte.
2370 1055 2523 1111 Unde
2564 1070 2670 1108 nox
2713 1062 2796 1109 est
2836 1052 3067 1123 privatio
3114 1051 3355 1105 luminis.
3396 1048 3580 1102 Potest

2010 1156 2188 1203 autem
2228 1149 2329 1202 hoc
2366 1147 2512 1217 quod
2546 1146 2622 1211 ﬁt,
2658 1145 2861 1200 clarius
2904 1143 3132 1215 percipi,
3166 1143 3213 1197 si
3250 1141 3375 1211 quis
3401 1140 3582 1196 consi-

2008 1239 2183 1300 derat,
2212 1237 2415 1291 alicubi
2454 1251 2581 1292 esse
2612 1246 2664 1290 et
2704 1251 2925 1290 manere
2971 1242 3135 1289 noctu
3172 1234 3364 1294 solem,
3410 1231 3580 1285 inter-

2005 1330 2098 1384 diu
2130 1346 2257 1385 vero
2306 1344 2574 1399 nusquam
2606 1343 2728 1382 esse
2769 1328 3042 1393 tenebras,
3084 1324 3180 1381 sed
3209 1324 3426 1395 penitus
3452 1323 3567 1376 dis-

2006 1425 2142 1478 solvi
2187 1432 2242 1479 et
2291 1424 2433 1477 tolli.
2474 1421 2654 1488 Quare
2690 1420 2999 1475 substantia
3031 1417 3252 1472 luminis
3298 1415 3445 1470 facta
3469 1422 3572 1481 est,

2003 1530 2113 1569 non
2162 1521 2342 1569 autem
2376 1514 2746 1572 tenebrarum.

1066 1620 1197 1675 CAP.
1240 1619 1426 1675 XVIII.
1471 1620 1660 1677 Noctis
1688 1624 1990 1678 necessitas.
2025 1622 2293 1678 Utilitates
2319 1639 2383 1678 ex
2405 1640 2467 1679 ea
2501 1624 2836 1693 proﬂuentes.

402 1730 707 1802 Σκοπητέον
761 1733 807 1785 δ’
858 1732 1006 1805 ὅμως
1060 1736 1252 1799 νυκτὸς
1302 1738 1425 1790 ὅσον
1473 1736 1533 1790 τὸ
1584 1739 1895 1806 ἀναγκαῖον.

2076 1737 2544 1793 Considerandum
2594 1752 2724 1793 vero
2778 1744 2882 1801 est,
2946 1750 3108 1806 quam
3158 1735 3228 1791 sit
3261 1736 3567 1790 necessaria

334 1825 520 1877 Ἔστιν
567 1824 847 1878 ἀνάπαυλα
895 1826 1110 1899 πρῶτον
1159 1829 1311 1900 κοινὴ
1356 1833 1467 1892 τοῖς
1500 1831 1695 1882 πᾶσιν⁸
1732 1833 1759 1883 6
1791 1831 1882 1902 γὰρ

2001 1846 2129 1885 nox.
2176 1830 2451 1896 Primum,
2507 1838 2591 1887 est
2638 1830 2949 1885 communis
2998 1830 3217 1899 requies
3278 1828 3564 1893 omnibus;

332 1913 452 1984 μεθ’
486 1915 699 1986 ἡμέραν
728 1914 892 1980 ὕπνος
924 1918 985 1970 τὸ
1021 1920 1313 1988 ἀναγκαῖον
1345 1921 1442 1991 τῆς
1473 1920 1665 1984 νυκτὸς
1696 1920 1893 1991 μᾶλλον

328 2005 775 2078 παραδείκνυσιν,
824 2001 891 2079 ἦς
940 2026 1003 2078 γε
1052 2010 1303 2072 τοσοῦτος
1356 2012 1614 2082 ὒπάρχων
1648 2013 1676 2064 6
1706 2012 1895 2082 χρόνος

326 2100 427 2168 οὐχ
474 2098 653 2162 ἱκανὸς
692 2099 1055 2155 διαναπαῦσαι
1094 2101 1192 2166 τὰς
1237 2103 1515 2174 αἰσθήσεις
1560 2103 1888 2174 ἀνθρὼποις’

327 2190 421 2243 καὶ
453 2189 544 2243 τοῦ
582 2191 679 2260 μὲν
730 2191 847 2261 μεθ’
875 2192 1084 2263 ἡμέραν
1126 2193 1293 2246 ὕπνου
1336 2195 1434 2247 οὐκ
1477 2195 1564 2266 ἴση
1610 2198 1721 2259 τοῖς
1759 2198 1891 2249 πᾶσι

327 2283 552 2354 μετοχή·
581 2283 641 2335 τὸ
669 2283 723 2336 δὲ
761 2285 818 2338 ὲν
851 2287 1005 2339 νυκτὶ
1033 2287 1230 2354 κοινὸν,
1268 2288 1360 2340 καὶ
1397 2287 1593 2358 ἐπίσης
1618 2291 1731 2351 τοῖς
1758 2290 1890 2341 πᾶσι

324 2377 423 2446 τῆς
455 2376 857 2443 διαναπαύσεως
898 2379 959 2432 τὸ
1000 2379 1215 2451 μέτρον,
1266 2381 1366 2434 οὐκ
1416 2379 1535 2450 ἔχον
1578 2380 1891 2450 ἀνωμαλίαν

326 2467 464 2537 πρὸς
497 2466 563 2520 τὰ
594 2467 822 2537 βιωτικά
848 2469 1309 2541 πλεονεκτήματα.
1341 2471 1519 2543 Ὅπερ
1542 2472 1641 2525 οὐκ
1673 2472 1889 2525 ἔλαττον

321 2558 425 2627 τὴν
459 2558 676 2628 ἰσότητα
709 2560 802 2613 τοῦ
825 2561 1165 2633 Δημιουργοῦ
1189 2560 1263 2624 ὡς
1290 2560 1425 2631 πρὸς
1445 2560 1501 2614 ἓν
1523 2560 1680 2629 γένος
1703 2562 1762 2614 τὸ
1782 2561 1889 2616 τῶν

321 2648 624 2719 ἀνθρώπων
665 2651 1017 2723 μαρτύρεται.
1052 2653 1279 2705 Ἔπειτα
1320 2653 1367 2704 εί
1399 2652 1685 2715 διαπαντὸς
1714 2653 1890 2725 ὑπῆρ-

322 2758 417 2810 χεν
457 2742 637 2813 ήμέρα
667 2743 978 2797 ἀδιὰδεκτον
1013 2743 1210 2814 ἔχουσα
1253 2744 1313 2797 τὸ
1357 2743 1646 2815 διάστημα,
1682 2744 1781 2797 οὐκ
1821 2744 1887 2799 ἂν

318 2834 599 2904 ἐμετρήθη
640 2835 829 2905 χρόνος
879 2837 959 2897 είς
1010 2835 1146 2906 μέρη
1196 2836 1268 2907 μή
1316 2836 1668 2907 τετμημένος.
1722 2836 1788 2888 Ἡ
1830 2834 1886 2887 δὲ

319 2926 441 2979 καθ’
462 2926 674 2997 ἡμέραν
699 2928 794 2980 τοῦ
828 2928 1019 2998 χρόνου
1048 2928 1189 2998 τομὴ
1214 2928 1302 2981 διὰ
1323 2928 1429 2980 τῶν
1454 2929 1654 3000 μορίων
1683 2928 1885 2983 τούτων

319 3018 773 3089 καταριθμεῖσθαι
806 3022 964 3071 ποιεῖ’
1001 3019 1166 3090 χωρὶς
1208 3020 1265 3074 δὲ
1309 3020 1499 3090 χρόνου
1545 3018 1886 3088 διαγνώσεως

317 3111 512 3178 ἄλογος
542 3112 607 3164 ἂν
634 3112 690 3163 ὲν
722 3114 834 3174 τοῖς
858 3110 1065 3164 πλείοσι
1104 3112 1321 3181 γέγονεν
1356 3111 1658 3182 ἀνθρώποις
1686 3115 1714 3165 6
1749 3111 1879 3182 βίοςο

317 3203 378 3255 τὸ
405 3204 462 3256 δὲ
494 3204 557 3274 δὴ
601 3205 801 3274 μεῖζον,
841 3204 939 3257 οὐκ
970 3203 1036 3257 ἂν
1074 3205 1247 3273 φωτὸς
1288 3204 1508 3273 γέγονεν
1560 3203 1880 3267 ἀπόλαυσις,

1998 1938 2224 1979 somnus
2282 1924 2427 1978 enim
2460 1924 2691 1978 diurnus
2747 1922 2921 1992 magis
2964 1921 3341 1976 necessitatem
3392 1919 3566 1973 noctis

1995 2013 2257 2077 declarat,
2314 2014 2474 2083 cujus
2519 2014 2736 2084 quidem
2783 2023 2998 2082 tempus
3029 2018 3138 2065 tam
3191 2012 3407 2081 longum
3456 2024 3563 2065 non

1995 2102 2193 2158 sutlicit
2248 2105 2583 2170 hominibus,
2644 2110 2765 2158 uta
2818 2103 3072 2158 sensibus
3106 2103 3471 2172 requiescant,
3511 2112 3566 2157 ct

1993 2193 2250 2248 diurnum
2300 2211 2551 2250 somnum
2600 2211 2795 2266 capere
2838 2210 2946 2249 non
2993 2194 3273 2264 aequaliter
3310 2194 3563 2249 omnibus

1992 2285 2118 2339 licet
2167 2304 2178 2338 :
2224 2288 2278 2340 in
2327 2295 2486 2341 nocte
2545 2303 2675 2342 vero
2723 2285 3033 2344 communis
3080 2292 3163 2357 est
3204 2286 3459 2341 omnibus
3511 2297 3565 2340 et

1989 2377 2212 2445 aequalis
2252 2393 2503 2433 mensura
2556 2378 2623 2432 ad
2673 2378 3118 2449 requiescendum
3148 2417 3163 2437 .
3226 2378 3429 2431 nullam
3474 2380 3559 2431 in-

1988 2469 2349 2539 aequalitatem
2377 2472 2584 2528 habens
2614 2471 2679 2527 ad
2702 2472 2958 2527 avaritias
2979 2471 3102 2525 vitae
3123 2481 3175 2525 et
3200 2470 3560 2541 plushabendi

1988 2560 2335 2628 cupiditates.
2388 2562 2544 2627 Quod
2582 2562 2802 2633 quidem
2836 2577 2944 2617 non
2980 2563 3160 2616 minus
3196 2561 3560 2631 aequalitatem

1989 2650 2265 2707 Creatoris
2307 2662 2571 2716 testatur,
2624 2664 2879 2723 tanquam
2929 2653 3020 2707 uni
3054 2652 3235 2722 generi
3280 2650 3560 2704 hominum

1987 2745 2270 2813 aequaliter
2317 2746 2721 2815 prospicientis.
2790 2744 3015 2808 Deinde,
3073 2744 3118 2799 si
3164 2758 3378 2813 semper
3415 2756 3579 2797 esset.

1987 2837 2125 2901 dies,
2163 2848 2216 2893 et
2257 2839 2431 2907 spatio
2458 2838 2564 2892 diei
2600 2852 2706 2891 non
2747 2838 3066 2892 succederet
3113 2852 3223 2889 nox
3248 2875 3261 2899 ,
3294 2850 3401 2889 non
3435 2849 3562 2902 pos-

1988 2942 2170 2983 scmus
2195 2929 2369 2983 metiri
2398 2936 2614 2997 tempus
2643 2944 2749 2981 non
2780 2928 3013 2983 divisum
3043 2929 3095 2981 in
3124 2934 3324 2999 partes.
3358 2925 3561 2979 Divisio

1987 3028 2168 3074 autem
2206 3018 2386 3073 diurni
2423 3018 2686 3088 temporis
2720 3017 2868 3082 facit,
2919 3027 2975 3071 ut
3006 3018 3163 3071 liceat
3206 3026 3420 3085 tempus
3466 3031 3561 3084 per

1986 3109 2083 3163 has
2113 3110 2406 3179 particulas
2439 3124 2746 3163 numerare.
2809 3107 2924 3162 Nisi
2972 3118 3151 3161 autem
3188 3114 3402 3174 tempus
3448 3105 3562 3158 dis-

1984 3206 2318 3263 cerneretur,
2378 3200 2433 3253 in
2464 3200 2651 3254 multis
2700 3199 2865 3253 rebus
2897 3213 3002 3253 non
3036 3206 3222 3267 posset
3247 3194 3559 3249 hominibus

319 3296 546 3358 σκότους
577 3295 650 3365 μὴ
685 3297 1089 3369 παρακειμένου
1122 3296 1211 3348 τὸν
1251 3295 1535 3366 είρημένον
1564 3295 1761 3366 τρόπον
1794 3314 1882 3348 νυ-

1984 3296 2120 3349 ratio
2176 3296 2296 3349 vitae
2350 3294 2475 3349 iniri
2511 3301 2564 3349 et
2621 3300 2907 3359 constare;
2943 3291 3169 3361 etquod
3219 3289 3397 3357 majus
3449 3298 3552 3352 est,

318 3384 589 3455 κτερινοῦ.
635 3386 752 3450 Φῶς
790 3387 897 3458 γὰρ
929 3387 1233 3458 σωματικὸν
1265 3388 1624 3453 ἀδιάλειπτον,
1661 3390 1770 3442 οὐδ’
1801 3391 1881 3443 ὅτι

1984 3401 2091 3440 non
2132 3397 2278 3442 esset
2312 3387 2565 3457 voluptas
2602 3386 2823 3440 luminis
2870 3384 3108 3446 fruendi,
3161 3383 3205 3438 si
3240 3398 3347 3437 non
3373 3394 3555 3439 essent

316 3475 436 3543 φῶς
462 3478 627 3541 ἐστιν,
655 3478 896 3550 ἐγνώσθη
923 3479 1005 3532 ἄν·
1040 3479 1174 3551 πρὸς
1208 3479 1314 3551 γὰρ
1338 3481 1736 3552 ἀντιδιαστολὴν
1760 3481 1882 3535 σκό-

1984 3478 2215 3532 tenebrae
2254 3486 2535 3532 nocturne
2566 3478 2620 3532 in
2652 3477 2900 3547 proximo
2938 3492 3003 3532 eo
3030 3474 3191 3529 modo
3222 3491 3380 3545 quem
3414 3473 3555 3527 dixi-

313 3583 442 3629 τους
473 3567 585 3635 φῶς
617 3568 927 3639 ὠνόμασται
972 3572 1064 3624 καὶ
1109 3570 1272 3624 ἐστίν.
1310 3573 1422 3625 Οὐκ
1455 3572 1519 3625 ἂν
1550 3568 1642 3625 οῦν
1674 3573 1882 3643 θαυμα-

1985 3585 2130 3623 mus.
2188 3568 2394 3637 Lumen
2442 3569 2587 3624 enim
2642 3582 2961 3637 corporeum
3003 3568 3320 3620 continuum
3378 3578 3553 3632 neque

317 3656 444 3709 στόν
475 3675 527 3710 τι
564 3654 653 3726 ἦν,
694 3660 769 3724 ὡς
799 3661 912 3714 ἔστι
945 3661 1329 3734 δημιούργημα
1358 3663 1546 3732 φανὲν,
1583 3665 1630 3716 εί
1673 3666 1814 3735 μήγε
1844 3666 1876 3735 ή

311 3745 464 3813 θέσις
488 3750 580 3803 τοῦ
612 3750 891 3815 δοκοῦντος
919 3753 1246 3807 ἀντικεῖσθαι
1278 3754 1661 3824 παρεδείκνυεν
1689 3755 1837 3807 αὐτό.

1985 3660 2125 3729 quod
2151 3660 2328 3715 lumen
2364 3667 2530 3724 esset,
2572 3667 2992 3729 cognosceretur
3023 3676 3034 3710 ε
3067 3657 3247 3711 lumen
3278 3656 3421 3710 enim
3468 3653 3552 3706 di-

1982 3754 2121 3807 citur
2157 3760 2211 3806 et
2239 3763 2342 3814 est,
2391 3760 2450 3806 ut
2481 3768 2513 3805 a
2553 3751 2793 3805 tenebris
2823 3750 3204 3821 distinguatur.
3237 3747 3355 3802 Non
3386 3746 3552 3817 igitur

307 3849 481 3904 esset,
530 3851 589 3897 ut
643 3858 765 3899 esse
812 3852 1034 3914 apparet
1074 3845 1431 3902 admiratione
1476 3847 1698 3917 dignum
1741 3861 1771 3900 a
1827 3844 1935 3901 Deo
1981 3853 2244 3910 creatum,
2280 3844 2385 3899 nisi
2428 3843 2760 3914 comparatio
2808 3842 2926 3912 ejus
2970 3842 3113 3913 quod
3168 3840 3380 3895 videtur
3411 3854 3546 3894 con-

309 3934 562 3997 trarium,
596 3936 725 3991 illud
753 3938 1081 3993 ostenderet.

380 4027 545 4080 Ὥστε
577 4031 668 4081 καὶ
697 4029 862 4084 τάλλα
893 4031 988 4101 μὲν
1021 4029 1190 4084 πολλά
1217 4031 1374 4103 χάριν
1403 4030 1760 4102 ὁμολογητέον
1783 4028 1875 4081 ἐπὶ

305 4123 374 4189 τῇ
396 4120 549 4172 νυκτὶ
574 4120 651 4190 τῷ
675 4123 931 4194 πανσόφῳ
961 4125 1303 4196 Δημιουργῷ
1334 4124 1566 4195 μάλιστα
1597 4124 1641 4175 δ’
1671 4123 1752 4175 ὅτι
1781 4122 1871 4174 τοῦ

306 4210 485 4277 φωτὸς
511 4212 725 4281 ἐμποιεῖ
744 4212 839 4283 τὴν
855 4214 1102 4285 αῖσθησίν
1119 4234 1175 4269 τε
1198 4218 1291 4269 καὶ
1310 4216 1407 4287 τὴν
1426 4216 1740 4279 ἀπόλαυσιν,
1771 4216 1870 4268 οὐκ

305 4296 374 4351 ἂν
405 4298 578 4363 ἄλλως
611 4299 1049 4368 διαγνωσθέντος,
1073 4305 1260 4376 ὅτιπερ
1288 4304 1451 4358 ἐστίν.

388 4470 527 4523 Ἀλλ’
557 4471 853 4542 ἐκπλαγείη
882 4490 965 4537 τις
1004 4473 1068 4529 ἂν
1101 4474 1198 4545 τὴν
1234 4474 1468 4547 ἄρρητον
1499 4476 1592 4528 τοῦ
1623 4476 1756 4530 Θεοῦ
1786 4495 1871 4529 σο-

2054 4022 2419 4089 Quamobrem
2469 4030 2684 4093 oportet
2719 4023 2925 4095 gratias
2965 4036 3122 4093 agere
3153 4021 3283 4088 Deo,
3328 4024 3545 4093 sapien-

1979 4116 2480 4180 tissimoCreatori,
2508 4133 2632 4170 cum
2662 4126 2885 4186 pr0pter
2911 4118 3014 4171 alia
3048 4118 3240 4180 multa,
3278 4125 3390 4169 tum
3424 4131 3542 4171 ma-

1978 4210 2120 4263 xime
2145 4209 2273 4277 quia
2300 4208 2446 4273 t'ecit,
2483 4216 2541 4263 ut
2573 4210 2755 4264 lumen
2784 4211 3109 4265 sentiremus
3146 4218 3199 4262 et
3226 4224 3289 4264 eo
3336 4209 3544 4265 fruere«

1976 4315 2138 4365 mur;
2172 4300 2316 4369 quod
2366 4300 2585 4356 quidem
2633 4316 2756 4356 esse
2789 4316 2897 4355 non
2934 4302 3091 4355 aliter
3116 4300 3425 4356 discernere
3446 4315 3544 4373 po-

1974 4392 2291 4446 tuissemus.

2044 4486 2151 4538 Est
2176 4493 2355 4539 autem
2391 4483 2734 4555 obstupenda
2777 4484 3064 4540 inetl‘abilis
3104 4482 3199 4539 Dei
3251 4485 3537 4554 sapientia,

303 4561 452 4629 «ρίαν,
488 4563 591 4626 ὅτι,
623 4563 888 4618 τοσούτων
925 4566 1018 4618 καὶ
1057 4565 1135 4619 ἔτι
1170 4565 1404 4620 πλεόνων
1454 4568 1762 4636 ἀναγκαίων
1808 4586 1866 4621 τε

1984 4575 2112 4644 ιιιοιΙ
2142 4591 2264 4629 cum
2306 4583 2386 4630 tot
2430 4584 2482 4631 et
2526 4577 2703 4630 adhuc
2733 4576 2919 4647 plures
2950 4579 3273 4631 necessariae
3302 4579 3539 4633 homini-

300 4649 397 4701 καὶ
432 4649 715 4720 χρησίμων
755 4650 842 4703 διὰ
893 4652 1462 4731 σκότους’-ἀνθρώποις
1496 4657 1866 4729 ὑπαρχόντων.

296 4740 449 4809 ὅμως
470 4740 526 4792 δὲ
560 4740 743 4811 ἐπειδὴ
772 4743 992 4807 σκότους
1018 4741 1083 4815 ἦν
1113 4746 1280 4816 ὄνομά
1309 4765 1367 4799 τε
1400 4749 1493 4801 καὶ
1523 4751 1771 4820 πρᾶγμα,
1806 4752 1867 4803 οὐ

297 4831 703 4885 κατεσκεύακεν
723 4834 851 4885 αὐτὸ
879 4838 998 4887 κατ’
1028 4836 1232 4901 οὐσίαν,
1265 4837 1401 4890 ἀλλά
1432 4840 1744 4907 συμϐαίνειν
1774 4842 1879 4896 καὶ

294 4921 722 4992 ἀποσυμϐαίνειν
752 4925 881 4977 αὐτὸ
922 4927 1236 4997 πεποίηκεν·
1267 4927 1354 4981 ἵνα
1386 4929 1479 4981 καὶ
1514 4929 1587 4991 ὡς
1620 4930 1678 4982 ὃν
1711 4931 1780 4983 τά
1808 4948 1865 4983 τε

294 5012 532 5082 ρηθέντα
563 5014 655 5067 καὶ
682 5015 761 5068 ἔτι
793 5016 958 5069 πλείω
984 5019 1214 5091 παρέχῃ,
1244 5021 1335 5072 καὶ
1364 5020 1438 5083 ὡς
1478 5022 1550 5092 μὴ
1578 5022 1635 5074 ὃν
1664 5023 1864 5091 ἣκιστα

290 5107 518 5178 διαόάλῃ
540 5109 630 5162 τὸν
645 5111 1004 5182 Δημιουργόν.
1039 5115 1355 5185 Ἀμεμπτος
1379 5119 1665 5189 τοιγαροῦν
1684 5123 1716 5186 ἡ
1745 5120 1859 5185 νὺξ,

291 5198 429 5251 ἀλλά
462 5200 553 5252 καλ¹
580 5200 852 5271 θαυμασία
876 5204 1142 5268 παντοίως
1165 5209 1230 5276 τῇ
1261 5209 1473 5277 χρὴσει.

361 5375 499 5427 Φασὶ
540 5375 596 5427 δὲ
641 5376 843 5449 λῃστὴν
878 5379 935 5429 ἐν
977 5381 1131 5431 νυκτὶ
1175 5386 1518 5453 κακουργεῖν.
1566 5387 1675 5438 Καί
1704 5384 1755 5438 τί
1783 5386 1863 5438 δεῖ

291 5466 426 5533 τηρδς
458 5464 555 5536 τὴν
585 5466 791 5531 νύκτα;
827 5469 873 5519 εἰ
904 5468 1012 5539 γὰρ
1043 5469 1116 5541 μὴ
1156 5472 1425 5543 ἐνεδέχετο
1458 5477 1551 5528 καὶ
1584 5478 1641 5528 ἐν
1673 5480 1703 5547 ἡ
1715 5478 1859 5548 μέρᾳ

289 5562 663 5635 κακοπραγεῖν
716 5560 839 5623 τοὺς
890 5560 1262 5632 βουλομένους,
1309 5567 1475 5637 ἐχρῆν
1525 5569 1622 5637 τῆς
1668 5570 1857 5634 νυκτὸς

288 5648 667 5703 διαὸάλλεσθαι
702 5652 792 5703 τὸν
817 5652 1025 5722 καιρόν.
1073 5655 1223 5708 Ἐπεὶ
1248 5656 1304 5708 δὲ
1336 5657 1432 5728 τὴν
1456 5659 1736 5730 εὐκαιρίαν
1759 5662 1857 5731 τῆς

293 5744 622 5814 κακουργίας
653 5748 680 5797 6
712 5745 850 5815 δρῶν
882 5746 1157 5816 ἀναμένει,
1200 5749 1302 5801 κᾶν
1341 5751 1399 5801 ὲν
1427 5751 1637 5821 ἡμέρᾳ,
1665 5752 1767 5805 κᾶν
1799 5755 1855 5805 ἐν

290 5834 443 5887 νυκτὶ
479 5836 803 5905 παραπέσοι,
835 5836 930 5906 τὴν
966 5837 1217 5907 πρόθεσιν
1258 5840 1347 5893 τοῦ
1383 5841 1633 5911 δρῶντος,
1674 5844 1733 5897 οὐ
1764 5844 1852 5896 τὸν

1971 4666 2072 4720 bus
2112 4675 2164 4721 et
2206 4674 2523 4736 opportuna:
2569 4667 2834 4723 utilitates
2879 4684 2942 4723 ex
2974 4669 3218 4724 tenebris
3247 4671 3536 4733 exsistant,

1966 4764 2146 4813 tamen
2174 4761 2301 4828 quia
2331 4768 2446 4814 erat
2477 4776 2671 4815 nomen
2700 4768 2753 4815 et
2786 4776 2872 4815 res
2902 4762 3274 4825 tenebrarum,
3309 4779 3417 4817 non
3455 4762 3539 4818 fe-

1967 4848 2040 4902 cit
2067 4864 2159 4903 eas
2186 4850 2484 4905 secundum
2520 4852 2903 4914 substantiam,
2934 4854 3027 4907 sed
3060 4854 3186 4907 fecit
3212 4861 3270 4907 ut
3294 4855 3538 4908 venirent

1966 4946 2019 4992 et
2069 4941 2428 5010 recederent;
2479 4953 2538 4997 ut
2575 4936 2733 5015 qnasi
2782 4955 2967 5002 essent
2996 4962 3059 5001 ea
3112 4963 3230 5016 quae
3273 4946 3533 5007 diximus,

1964 5036 2019 5083 et
2051 5031 2226 5086 adhuc
2254 5034 2408 5103 plura
2446 5036 2729 5090 commoda
2765 5039 3110 5107 praeberent;
3158 5048 3211 5092 et
3242 5040 3399 5107 quasi
3423 5053 3535 5093 nun

1964 5129 2170 5187 essent,
2220 5124 2443 5180 minime
2474 5128 2660 5181 mundi
2690 5128 2984 5184 fabricator
3012 5140 3384 5185 accusaretur.
3420 5127 3530 5186 Ex-

1963 5221 2046 5265 tra
2099 5214 2313 5284 culpam
2364 5217 2527 5287 igitur
2564 5227 2617 5273 et
2661 5222 2940 5291 querelam
2979 5229 3063 5276 est
3100 5237 3230 5289 nox,
3261 5222 3391 5291 quin
3431 5238 3529 5290 po-

1962 5302 2071 5356 tius
2107 5319 2208 5358 usu
2251 5313 2332 5360 est
2377 5309 2633 5365 omnibus
2666 5310 2845 5366 modis
2886 5311 3142 5366 mirabili.

2036 5392 2140 5447 Sed
2184 5394 2360 5459 aiunt,
2394 5396 2656 5451 latronem
2693 5407 2856 5453 noctu
2886 5400 3222 5454 latrocinari.
3261 5399 3367 5454 Sed
3399 5401 3525 5470 quid

1960 5481 2065 5536 hoc
2087 5491 2277 5537 contra
2308 5486 2561 5540 noctem?
2593 5488 2637 5542 si
2665 5489 2808 5544 enim
2841 5505 2949 5544 non
2986 5490 3323 5561 contingeret
3346 5489 3412 5544 de
3439 5488 3527 5545 die

1961 5574 2275 5628 latrocinari
2321 5591 2416 5631 eos
2482 5579 2575 5647 qui
2628 5580 2940 5635 latrocinari
2980 5583 3191 5645 volunt,
3252 5589 3527 5652 oporteret

1958 5671 2171 5732 tempus
2206 5676 2529 5723 nocturnum
2564 5684 2843 5727 accusare.
2877 5671 2984 5727 Sed
3001 5674 3127 5743 quia
3156 5674 3293 5727 latro
3319 5689 3522 5746 oppor-

1960 5757 2244 5811 tunitatem
2281 5758 2429 5813 furti
2453 5770 2757 5831 exspectat,
2801 5765 2916 5819 sive
2949 5766 3036 5820 die
3058 5767 3172 5821 sive
3202 5775 3363 5823 nocte
3396 5767 3525 5822 incs-

1959 5849 2068 5917 dat,
2114 5851 2328 5909 animus
2363 5854 2685 5910 maleﬁcium
2730 5855 3000 5926 facientis,
3038 5875 3145 5914 non
3196 5872 3407 5931 tempus
3437 5865 3527 5917 aut.
