4072 6338
335 349 474 403 H73
1310 349 1327 364 ‘
1414 354 1778 412 ADVERSUS
1806 357 2224 414 MANICll/EOS
2260 358 2385 413 LIB.
2428 359 2487 419 ll.
3413 365 3551 422 H7.)
3587 380 3599 391 '

416 463 632 532 Ἐπειδὴ
662 460 718 514 δὲ
762 462 822 513 τδ
846 462 970 531 φῶς
1002 465 1121 517 κατ’
1158 465 1344 520 οὐσίαν
1372 467 1667 540 ὑφέστηκε,
1711 471 1896 538 σαφῶς

2066 474 2201 540 Quia
2231 489 2357 528 vero
2382 473 2561 528 lumen
2604 473 2900 529 secundum
2935 473 3292 529 substantiam
3346 495 3439 548 per
3491 496 3551 536 se

331 557 443 627 ἄρα
474 556 567 607 καὶ
594 553 851 623 ἀλήθειαν
887 558 1157 624 νομίσειεν
1189 558 1254 612 άν
1295 577 1378 623 τις
1415 563 1535 613 κατ’
1569 562 1755 615 οὐσίαν
1788 564 1890 632 ὑφ-

1997 568 2216 627 exstitit,
2253 567 2413 637 plane
2445 565 2759 621 existimare
2799 565 2924 619 licet
2957 582 3077 621 esse
3122 570 3400 623 veritatem
3452 587 3549 641 per

331 649 579 711 εστάναι,
598 648 683 700 ἵνα
715 647 812 717 τῆς
835 647 1122 717 ἀναλογίας
1151 649 1388 722 σώζηται
1412 655 1444 723 ἡ
1475 654 1729 725 ἀκρίϐεια
1751 672 1763 685 ’
1799 656 1893 708 καὶ

1997 672 2051 711 se
2077 656 2375 712 secundum
2410 656 2791 722 substantiam,
2837 664 2894 709 ut
2930 657 3301 713 similitudinis
3331 674 3391 713 ac
3424 677 3550 730 pro-

332 742 382 793 τί
410 741 475 810 δὴ
508 739 568 793 τὸ
618 738 824 792 κωλύον
858 740 989 793 Θεὸν
1021 742 1409 814 αὑτοαλήθειαν
1453 742 1610 811 εἶναι,
1647 746 1896 817 ἡγεῖσθαί

1997 750 2258 819 portionis
2290 748 2430 802 ratio
2461 748 2642 803 limate
2683 756 2736 803 et
2780 748 3015 818 perfecte
3045 759 3325 815 servetur,
3356 753 3551 823 ecquid

330 850 389 884 τε
418 832 515 885 καὶ
552 829 826 901 νομίζεινς
858 832 905 883 εἰ
940 831 1048 903 γάρ
1078 833 1193 901 φῶς
1221 838 1248 887 6
1271 834 1422 899 Θεὸς,
1449 837 1565 905 φῶς
1598 838 1805 908 νοητὸν,
1834 839 1893 890 οὐ

1997 839 2262 909 prohibet,
2291 837 2425 907 quin
2458 835 2625 892 Deum
2679 838 2849 908 ipsam
2884 854 2980 908 per
3012 855 3070 895 se
3112 844 3388 897 veritatem
3429 859 3552 900 esse

297 923 444 1007 ,γάρ
472 922 537 993 δὴ
566 922 782 991 ὁρατὸν,
815 923 929 991 φῶς
975 923 1154 993 δῆλον,
1194 927 1267 989 ὡς
1318 927 1574 999 ἀλήθεια·
1629 928 1743 998 φῶς
1788 928 1897 1001 γὰρ

1997 929 2369 984 existimemus
2408 934 2463 983 et
2512 931 2867 998 reputemus?
2898 929 2952 985 Si
2988 932 3129 985 enim
3160 932 3301 989 Deus
3331 943 3413 990 est
3466 935 3550 989 lu-

331 1012 517 1083 νοερὸν
554 1012 704 1064 οὐδὲν
730 1012 876 1077 ἄλλο,
909 1013 1050 1084 πλὴν
1089 1015 1378 1085 ἀληθείαςο
1420 1019 1568 1088 ὅμως
1596 1020 1651 1072 δὲ
1696 1021 1810 1089 φῶς
1837 1038 1896 1074 τε

332 1106 427 1157 καὶ
476 1104 839 1175 αὑτοαλήθεια
890 1107 1172 1175 τυγχάνων
1224 1110 1252 1161 ό
1296 1109 1428 1172 Θεὸς
1472 1111 1569 1163 οὐκ
1626 1112 1899 1185 ἀδυναμίᾳ

328 1196 556 1266 ψεύδους
587 1197 883 1266 ἀπέχεται,
929 1198 1063 1251 ἀλλὰ
1110 1200 1182 1270 μὴ
1236 1199 1554 1271 βουλόμενος
1593 1202 1894 1271 ψεύσασθαί

330 1303 486 1340 ποτε.
520 1286 583 1338 Εί
621 1285 678 1339 δέ
702 1302 765 1353 γε
815 1287 887 1357 μὴ
913 1287 1153 1354 δύναται,
1204 1290 1265 1342 οὐ
1305 1290 1414 1362 γάρ
1457 1293 1654 1347 ἄτοπον
1701 1296 1894 1358 εἰπεῖν,

329 1376 514 1447 ἐπειδή
541 1394 606 1446 γε
632 1376 887 1431 οὐδέποτε
909 1379 1027 1448 οὐχ).
1067 1377 1140 1449 μὴ
1168 1378 1439 1448 βούλεται.

1998 1036 2141 1082 men,
2168 1021 2350 1075 lumen
2374 1029 2551 1075 autem
2579 1019 2936 1092 intelligibile,
2966 1039 3074 1077 non
3099 1026 3444 1094 aspectabile,
3470 1027 3551 1080 lu-

1998 1126 2122 1165 men
2174 1112 2381 1167 scilicet
2424 1110 2565 1166 sicut
2604 1112 2839 1182 veritas;
2881 1116 3061 1171 lumen
3098 1119 3242 1171 enim
3272 1119 3551 1188 spiritualc

1997 1201 2131 1255 nihil
2162 1202 2306 1257 aliud
2337 1210 2441 1267 est,
2471 1218 2632 1273 quam
2679 1204 2859 1261 lumen
2891 1210 3165 1275 veritatis;
3195 1209 3337 1266 Deus
3370 1216 3549 1267 tamen

1997 1310 2119 1350 cum
2155 1297 2334 1351 lumen
2368 1306 2421 1351 et
2462 1298 2579 1367 ipsa
2633 1314 2729 1367 per
2770 1314 2828 1353 se
2863 1303 3062 1357 veritas
3095 1301 3185 1365 sit,
3216 1318 3243 1354 a
3275 1303 3553 1357 mendacio

1997 1386 2252 1449 abstinet,
2290 1400 2397 1440 non
2432 1387 2559 1456 quia
2589 1386 2767 1441 deficit
2795 1389 2843 1442 ei
2872 1398 3132 1459 potestas,
3166 1392 3258 1447 sed
3285 1392 3411 1462 quia
3444 1407 3550 1445 non

329 1468 447 1522 vult
481 1482 719 1538 unquam
775 1470 1011 1524 mentiri.
1073 1469 1129 1525 Si
1175 1480 1353 1527 autem
1396 1487 1505 1528 non
1546 1480 1746 1543 potest,
1792 1490 1899 1531 non
1947 1477 2088 1539 enim
2118 1476 2415 1532 absurdum
2438 1468 2521 1533 est
2551 1479 2629 1532 sic
2660 1479 2828 1550 loqui,
2861 1480 2981 1537 ideo
3011 1499 3120 1537 non
3168 1490 3368 1553 potest,
3425 1483 3552 1553 quia

328 1584 611 1639 nunquam
650 1570 786 1624 vult.

400 1656 495 1723 Οἷς
541 1661 639 1731 μὲν
669 1661 775 1733 γὰρ
818 1662 912 1714 καὶ
945 1662 1006 1714 τὸ
1060 1662 1338 1734 βούλεσθαι
1376 1669 1468 1720 καὶ
1508 1668 1569 1721 τὸ
1614 1671 1709 1740 μὴ,
1758 1669 1898 1723 κατὰ

2072 1667 2282 1735 Quibus
2331 1671 2476 1725 enim
2508 1669 2646 1726 velle
2694 1675 2747 1724 et
2781 1684 2889 1723 non
2927 1669 3065 1722 velle
3092 1666 3300 1722 diverse
3333 1668 3551 1734 accidit,

328 1752 583 1823 διάφορον
616 1752 815 1822 τρόπον
850 1754 1253 1825 ἐπισυμΰαίνει,
1286 1758 1497 1822 τούτοις
1539 1760 1774 1828 εὐλόγως
1805 1764 1897 1814 καὶ

1999 1768 2145 1813 recte
2172 1768 2225 1813 et
2254 1760 2452 1815 rationi
2480 1760 2867 1816 convenienter
2895 1758 2980 1814 his
3014 1758 3326 1812 attribuitur
3355 1772 3514 1829 posse
3538 1778 3549 1812 :

328 1844 389 1896 τὸ
442 1842 698 1897 δύνασθαι
747 1843 1071 1918 ἀφώρισται.
1132 1847 1249 1920 Θεῷ
1281 1849 1337 1902 δέ
1386 1867 1469 1918 γε,
1525 1851 1708 1923 ἐπειδὴ
1756 1853 1899 1906 οὐδέ-

331 1951 461 1987 ποτε
501 1935 780 2004 συμϐαίνει
811 1938 872 1990 τὸ
905 1936 1210 2006 βούλεσθαι,
1245 1940 1304 1995 τὸ
1346 1941 1420 2011 μὴ
1454 1942 1707 1996 δύνασθαι
1734 1960 1901 2013 προσ-

330 2028 564 2081 απτέον·
621 2028 762 2082 οὕτω
795 2030 1001 2100 μέντοι,
1037 2031 1124 2086 διὰ
1150 2034 1212 2086 τὸ
1269 2035 1540 2106 μηδέποτε
1596 2035 1895 2106 βούλεσθαι,

330 2120 451 2189 οὐχὶ
476 2119 560 2173 διὰ
591 2120 652 2173 τὸ
684 2120 757 2192 μὴ
791 2122 1046 2178 δύνασθαι
1092 2126 1292 2196 τρόπον
1332 2127 1613 2190 ἀσθενείας
1639 2128 1730 2181 καὶ
1770 2128 1898 2181 ἀδυ-

331 2213 562 2281 ναμίαςο
598 2214 658 2266 τὸ
689 2215 785 2284 μὲν
814 2215 921 2286 γὰρ
943 2216 1326 2289 δημιούργημα
1357 2219 1691 2290 πεπεδῆσθαι
1719 2220 1892 2289 φύσει,

330 2303 475 2371 λέγω
506 2304 568 2375 δὴ
606 2305 664 2357 τὸ
706 2309 1017 2377 σωματικὸν
1054 2309 1188 2379 φῶς,
1243 2312 1345 2363 οὐκ
1385 2310 1576 2380 ἄλογον
1607 2313 1795 2381 φάναι,
1824 2314 1898 2377 ὡς

334 2394 411 2466 μὴ
437 2396 522 2447 ἐπ’
548 2396 696 2467 αὐτῷ
718 2394 854 2452 εἶναι
876 2400 935 2453 τὸ
966 2396 1103 2453 εἶναι
1126 2402 1262 2470 φῶς,
1286 2402 1399 2456 ἀλλ’
1432 2406 1523 2457 ἐπὶ
1544 2403 1620 2475 τῷ
1643 2407 1898 2476 ποιήσαν-

330 2504 385 2539 τι
406 2504 419 2517 ·
442 2488 535 2542 τὸν
564 2489 620 2541 δὲ
650 2491 988 2562 Δημιουργὸν
1014 2493 1417 2564 ὑποϐεόλῆσθαι
1446 2496 1659 2565 φύσεως
1684 2498 1899 2570 ἀνάγκη

331 2578 455 2630 λίαν
492 2579 688 2633 ἄτοπον
722 2584 995 2651 ἡγεῖσθαι,
1024 2583 1099 2648 ὡς
1134 2584 1209 2655 μὴ
1239 2587 1323 2638 ἐπ’
1358 2586 1504 2657 αὐτῷ
1545 2583 1683 2641 εἶναι
1725 2588 1898 2642 δοκεῖν

332 2671 394 2722 τὸ
448 2671 762 2743 ἀληθεύειν,
817 2674 950 2727 ἀλλὰ
998 2678 1134 2747 πρὸς
1172 2677 1273 2747 τῆς
1320 2678 1532 2747 φύσεως
1583 2679 1895 2750 βεόιᾶσθαι,

336 2762 579 2831 καίτοιγε
625 2766 763 2837 ὅπερ
802 2768 981 2831 ἐστιν,
1018 2769 1150 2821 αὐτὸ
1203 2771 1360 2839 μόνον
1409 2773 1576 2827 ἐστίν.
1641 2773 1778 2827 Ἀλλ’
1816 2769 1899 2839 οἷς

338 2854 439 2923 μὲν
477 2856 876 2929 ἐδημιούργησε
922 2859 1190 2913 ἐντέθεικε
1235 2862 1294 2915 τὸ
1341 2863 1498 2930 φύσει
1541 2864 1633 2917 καὶ
1686 2865 1898 2937 ἀνάγκῃ

334 2942 477 2999 εἶναι
520 2948 548 3000 ὅ
610 2949 776 3000 είσιν’
835 2949 983 3019 αὐτῷ
1044 2951 1225 3021 μέντοι
1279 2953 1576 3007 ἐντέθεικεν
1617 2956 1791 3020 οὐδεὶς
1839 2957 1899 3010 τὸ

336 3037 553 3108 ἀνάγκῃ
584 3034 721 3091 εἶναι
754 3039 1023 3108 ἀλήθειαν.
1079 3042 1287 3095 Οὐκοῦν
1325 3044 1537 3113 φύσεως
1576 3046 1673 3114 μὲν
1715 3048 1899 3101 ἐπάνω

2000 1850 2109 1905 Deo
2143 1862 2319 1907 autem
2354 1853 2611 1922 quoniam
2650 1867 2926 1923 nunquam
2977 1849 3174 1909 accidit
3214 1850 3369 1915 velle,
3416 1866 3552 1905 con-

1999 1941 2257 1997 ﬁtendum
2300 1950 2383 1997 est
2430 1959 2537 1997 non
2584 1958 2744 2013 posse
2783 1958 2904 1998 eum
2940 1943 3190 2006 mentiri;
3240 1942 3319 1996 sic
3350 1950 3550 2004 tamen.

1998 2033 2124 2103 quia
2156 2034 2364 2089 scilicet
2386 2049 2491 2088 non
2522 2043 2696 2107 potest
2730 2035 2900 2101 velle;
2936 2051 3045 2088 non
3083 2042 3260 2089 autem
3293 2036 3421 2104 quia
3444 2051 3551 2090 non

1998 2136 2175 2195 potest
2208 2128 2275 2182 ad
2326 2130 2496 2185 instar
2541 2130 2660 2199 ejus
2703 2130 2791 2183 cui
2822 2136 2907 2183 est
2945 2128 3234 2184 inﬁrmitas
3282 2135 3335 2182 et
3372 2126 3552 2181 deﬁcit

1996 2228 2281 2289 potestas:
2328 2229 2629 2277 creaturam
2661 2221 2804 2276 enim
2846 2219 3094 2294 impediri
3151 2228 3205 2274 et
3252 2220 3551 2290 constringi

1996 2318 2211 2377 natura,
2247 2313 2446 2375 lumen,
2476 2313 2719 2383 inquam,
2751 2327 3070 2382 corporeum
3099 2327 3207 2365 non
3238 2311 3435 2366 habere
3458 2326 3550 2381 pe-

1998 2419 2093 2457 nes
2118 2418 2175 2458 se
2202 2444 2217 2468 ,
2254 2414 2312 2457 ut
2347 2404 2416 2460 sit
2449 2405 2654 2471 lumen,
2698 2403 2791 2459 sed
2824 2419 2988 2474 penes
3020 2412 3294 2457 auctorem
3328 2403 3549 2457 luminis

1996 2509 2135 2558 esse,
2165 2509 2274 2549 non
2308 2503 2390 2549 est
2423 2495 2659 2548 alienum
2694 2509 2726 2548 a
2760 2496 2970 2549 ratione
2998 2494 3077 2551 sic
3110 2493 3333 2558 dicere;
3363 2502 3551 2547 aucto-

1996 2601 2110 2640 rem
2141 2600 2269 2640 vero
2294 2585 2597 2655 subjectum
2627 2601 2747 2642 esse
2777 2585 3088 2661 necessitati
3136 2593 3360 2649 naturaa,
3400 2586 3553 2641 valde

1996 2674 2293 2729 absurdum
2335 2684 2416 2731 est
2456 2675 2728 2747 cogitare;
2766 2682 2824 2730 ut
2868 2691 2975 2729 non
3002 2676 3251 2730 videatur
3276 2692 3441 2747 penes
3472 2677 3555 2745 ip-

1998 2780 2117 2819 sum
2152 2781 2273 2820 esse
2306 2782 2493 2820 verum
2525 2767 2723 2829 dicere,
2745 2766 2838 2821 sed
2868 2781 2897 2819 a
2929 2776 3121 2820 natura
3152 2782 3248 2835 per
3278 2767 3384 2821 vim
3409 2769 3550 2835 cogi,

1997 2872 2121 2910 cum
2154 2857 2354 2926 alioqui
2383 2858 2559 2927 ipsum
2586 2858 2759 2913 solum
2794 2857 2882 2924 sit,
2910 2858 3052 2926 quod
3080 2859 3293 2927 quidem
3333 2868 3433 2911 est.
3480 2856 3552 2913 lis

1999 2956 2177 3003 tamen
2207 2964 2327 3018 qua:
2352 2949 2576 3014 creavit,
2614 2949 2892 3017 imposuit,
2919 2958 2977 3001 ut
3006 2956 3197 3002 natura
3230 2957 3282 3003 et
3312 2932 3554 3023 necessi-

2005 3048 2112 3094 tate
2143 3048 2327 3096 essent
2360 3040 2502 3110 quod
2536 3047 2682 3096 sunt.
2736 3038 2843 3095 Deo
2871 3048 3051 3093 tamen
3086 3055 3244 3094 nemo
3274 3040 3549 3109 imposuit,

333 3130 363 3180 ὀ
396 3124 587 3195 φύσεις
616 3131 1159 3200 κατασκευασάμενος
1179 3147 1191 3160 '
1230 3135 1389 3197 αὐτὸς
1416 3135 1471 3188 δὲ
1496 3136 1708 3204 φύσεως
1733 3140 1898 3208 ἀνάγ-

2001 3140 2058 3185 υι
2101 3131 2424 3186 necessitate
2456 3138 2666 3185 natura:
2692 3136 2836 3185 esset
2854 3130 3073 3184 veritas.
3106 3129 3281 3200 Supra
3304 3138 3552 3183 naturam

338 3237 441 3289 κης
468 3219 777 3290 ἐλεύθεροςο
823 3221 965 3277 οὕτω
996 3223 1103 3295 γὰρ
1135 3224 1349 3296 ἀληθῶς
1394 3227 1595 3295 ἀγαθὸς
1635 3230 1900 3302 ὁμολογη-

336 3312 577 3382 θήσεται.

409 3487 616 3542 Οὐκοῦν
642 3487 727 3542 διὰ
757 3488 863 3543 τῶν
889 3490 1190 3560 εἰρημένων
1227 3489 1356 3543 αὐτὸ
1387 3490 1579 3559 ψεῦδος
1611 3493 1710 3547 οὐκ
1748 3495 1896 3551 ἐστι’

333 3579 574 3650 ψεύστης
607 3579 663 3632 δὲ
707 3583 735 3634 6
784 3582 1143 3652 ψευδόμενοςο
1195 3584 1301 3636 ἀπὸ
1327 3581 1435 3655 γὰρ
1482 3584 1576 3637 τοῦ
1628 3587 1901 3656 μετιόντος

337 3670 613 3738 καλεῖται,
656 3675 754 3744 οὐχ
794 3676 821 3726 ὁ
871 3674 1262 3745 μετερχόμενος
1309 3676 1414 3727 ἀπὸ
1456 3675 1549 3728 τοῦ
1606 3678 1679 3749 μὴ
1728 3678 1901 3743 ὄντος,

337 3763 546 3827 Ψεῦδος
584 3766 694 3836 γὰρ
726 3766 831 3836 πρὸ
863 3766 956 3819 τοῦ
1008 3768 1348 3841 ἐπινοοῦντος
1386 3768 1517 3822 αὐτό
1553 3771 1651 3823 οὐκ
1686 3772 1750 3824 ἂν
1779 3773 1894 3844 εἴη·

336 3856 731 3927 παραπλησίως
762 3859 819 3910 δὲ
848 3860 940 3912 καὶ
979 3860 1167 3923 σκότος
1195 3860 1256 3912 οὐ
1290 3859 1745 3933 δεδημιούργηται
1779 3865 1896 3935 μὲν,

337 3949 753 4019 παρεισέρχεται
784 3950 860 4015 δὲ,
896 3949 1022 4002 σκιὰ
1069 3950 1221 4003 τοῦδε
1257 3949 1348 4003 τοῦ
1394 3952 1592 4015 παντὸς
1621 3954 1909 4023 ὑπάρχονσΔ

336 4042 477 4113 πλὴν
506 4043 627 4095 ὅσον
655 4043 717 4095 τὸ
748 4043 845 4112 μὲν
878 4043 1063 4107 σκότος
1090 4045 1150 4096 οὐ
1176 4043 1333 4114 μόνον
1364 4045 1680 4115 ὑποτρέχειν
1707 4064 1901 4114 συγκε-

338 4132 603 4205 χώρηται,
640 4133 775 4186 ἀλλὰ
816 4134 912 4187 καὶ
942 4134 1060 4186 λίαν
1105 4135 1394 4205 ὠφελίμως
1417 4152 1430 4164 ·
1456 4136 1549 4189 τοῦ
1584 4138 1640 4190 δὲ
1669 4137 1898 4206 ψεύδους

334 4228 367 4296 η
402 4224 614 4277 ἐπίνοια
659 4224 757 4295 τὴν
805 4225 903 4295 μὲν
948 4226 1155 4295 αἵρεσιν
1202 4225 1453 4297 διασαφεῖ
1497 4227 1599 4297 τῆς
1643 4228 1898 4299 ἀληθείας

334 4316 487 4387 παρὰ
524 4316 864 4388 ἀνθρὼποις’
913 4316 1310 4387 προτιμηθεῖσα
1358 4318 1415 4371 δέ
1466 4319 1563 4389 τῆς
1605 4319 1893 4391 ἀληθείας,

336 4405 716 4476 βλαϐερωτάτη
749 4406 811 4473 γέ
840 4406 976 4469 ἐστι,
1006 4408 1098 4459 καὶ
1123 4406 1263 4476 μάλα
1288 4424 1351 4475 γε
1395 4409 1619 4472 εἰκότως
1641 4424 1655 4439 ’
1702 4410 1897 4480 ψεῦδος
1927 4452 1972 4506 D

331 4498 441 4568 γὰρ
470 4497 604 4567 πρὸς
630 4496 929 4568 ἀνθρώπων
961 4499 1272 4562 ἐπινοεῖται,
1307 4500 1495 4564 σκότος
1523 4500 1579 4553 δὲ
1610 4500 1670 4553 τὸ
1701 4518 1890 4572 σωμα-

331 4589 482 4643 τικὸν
532 4589 682 4659 παρὰ
736 4589 870 4643 Θεοῦ
911 4594 1105 4644 κεῖται.
1134 4591 1223 4643 Διὸ
1259 4595 1363 4660 χρὴ
1400 4592 1463 4644 τὸ
1520 4594 1617 4662 μὲν
1668 4593 1894 4648 νοοῦντα

334 4678 574 4748 φεύγειν,
610 4682 668 4734 τὸ
694 4681 750 4733 δὲ
776 4681 848 4752 μὴ
877 4681 1251 4754 λοιδορεῖσθαι,
1283 4684 1594 4751 ἀναγκαίως
1629 4687 1764 4756 πρὸς
1796 4686 1890 4739 τοῦ

332 4771 673 4844 Δημιουργοῦ
700 4773 969 4843 κείμενον.

2000 3222 2163 3295 igitur
2191 3230 2295 3283 est,
2340 3223 2432 3295 qui
2466 3233 2688 3277 naturas
2733 3221 3031 3276 fabricatus
3068 3230 3189 3287 est;
3234 3222 3348 3292 ipse
3374 3230 3553 3274 autem

2000 3316 2135 3371 liber
2163 3323 2249 3371 est
2277 3330 2307 3369 a
2342 3315 2667 3370 necessitate
2710 3324 2916 3368 naturae
2946 3332 2960 3368 :
2987 3314 3067 3368 sic
3108 3313 3250 3367 enim
3281 3326 3409 3367 vere
3456 3312 3554 3367 bo-

2002 3418 2128 3455 num
2158 3416 2279 3457 esse
2319 3401 2716 3457 conﬁtebimur.

2068 3493 2233 3563 Igitur
2254 3510 2320 3550 ex
2349 3495 2416 3549 iis
2445 3508 2564 3563 qua:
2583 3493 2723 3548 dicta
2755 3501 2900 3559 sunt,
2919 3490 3122 3563 pateﬁt,
3142 3508 3238 3563 per
3251 3507 3309 3546 se
3326 3494 3552 3548 menda-

1999 3585 2140 3638 cium
2167 3598 2274 3639 non
2302 3599 2453 3649 esse;
2480 3584 2791 3639 mendacem
2819 3598 2948 3638 vero
2967 3598 3089 3638 esse
3115 3597 3237 3637 eum
3273 3583 3366 3652 qui
3408 3598 3554 3639 men-

1999 3677 2163 3742 titur;
2196 3690 2226 3729 a
2253 3676 2543 3731 mentiente
2584 3675 2726 3729 enim
2750 3682 2977 3729 vocatur
3021 3674 3364 3729 mendacium
3393 3691 3407 3741 ;
3443 3689 3552 3729 non

1999 3776 2175 3821 autem
2207 3766 2471 3821 mentiens
2502 3773 2724 3819 vocatur
2747 3765 2814 3819 ab
2836 3778 2920 3829 eo,
2940 3765 3086 3835 quod
3130 3781 3237 3819 non
3261 3773 3364 3821 est.
3408 3765 3555 3821 Men-

1999 3857 2212 3912 dacium
2241 3858 2384 3911 enim
2412 3872 2522 3911 non
2550 3865 2731 3927 potest
2771 3872 2893 3913 esse
2924 3868 3209 3927 antequam
3246 3858 3548 3927 cogitetur:

2000 3948 2247 4003 similiter
2276 3948 2510 4003 tenebrae
2552 3964 2660 4003 non
2690 3956 2816 4003 sunt
2866 3956 3079 4013 creatae,
3114 3948 3204 4002 sed
3241 3948 3548 4012 subierunt,

2003 4038 2156 4092 factae
2191 4038 2381 4092 umbra
2417 4038 2655 4093 universi
2685 4058 2697 4092 :
2735 4047 3090 4109 praeterquam
3126 4037 3270 4107 quod
3315 4038 3553 4093 tenebra:

1998 4144 2105 4183 non
2132 4130 2306 4184 solum
2354 4128 2537 4183 subire
2579 4130 2859 4197 permissm
2902 4137 3050 4193 sunt,
3082 4128 3175 4183 scd
3206 4128 3357 4183 valde
3387 4129 3549 4183 etiam

1997 4221 2219 4275 utiliter.
2249 4219 2512 4290 Cogitatio
2540 4235 2666 4274 vero
2707 4221 2970 4274 mendacii
3004 4220 3323 4275 electionem
3354 4220 3553 4274 verita-

1997 4310 2067 4364 tis
2092 4309 2232 4378 apud
2278 4308 2524 4363 homines
2558 4308 2820 4363 declarat.
2866 4308 2999 4362 Cum
3044 4324 3172 4363 vero
3207 4309 3553 4378 anteponitur

1997 4400 2212 4455 veritati
2237 4399 2598 4461 mendacium,
2622 4400 3067 4454 nocentissimum
3089 4409 3193 4465 est,
3219 4400 3377 4469 idque
3399 4400 3565 4455 valde,

1997 4501 2392 4557 consentanea;
2426 4491 2764 4545 mendacium
2796 4491 2937 4545 enim
2960 4490 3026 4545 ab
3053 4490 3361 4546 hominibus
3390 4505 3553 4546 exco-

1997 4582 2223 4654 gitatum
2259 4589 2363 4643 est,
2406 4580 2641 4635 tenebra:
2689 4594 2815 4634 vero
2854 4594 3128 4648 corporeae
3166 4596 3195 4633 a
3233 4579 3339 4635 Deo
3364 4580 3555 4650 posita:

1997 4682 2146 4731 sunt.
2167 4672 2375 4727 Idcirco
2395 4680 2608 4743 oportet
2644 4672 2773 4726 illud
2806 4672 3022 4742 quidem
3052 4672 3264 4742 fugere;
3299 4672 3401 4725 hoc
3424 4686 3573 4725 vero,

1999 4782 2109 4821 non
2151 4765 2486 4834 vituperare,
2521 4762 2666 4833 quod
2707 4762 3020 4817 necessario
3054 4779 3084 4817 a
3111 4764 3367 4818 Creatore
3404 4764 3551 4835 posi-

1998 4868 2110 4913 tum
2143 4866 2243 4911 est.

1022 4973 1150 5029 CAP.
1188 4973 1303 5029 XX.
1346 4973 1573 5027 Manetis
1611 4976 1864 5042 stultitia,
1897 4973 2133 5045 negantis
2174 4971 2313 5031 feras
2344 4987 2375 5023 a
2403 4969 2513 5024 Deo
2542 4969 2705 5038 fuisse
2733 4980 2958 5025 creatas.

402 5111 730 5179 Λοιδορεῐται
773 5108 868 5178 μὲν
913 5108 973 5160 οὐ
1012 5108 1167 5161 τοῦτο
1196 5113 1353 5179 μόνον
1394 5111 1422 5163 ὁ
1447 5110 1544 5175 τῆς
1576 5109 1887 5180 κενωτάτης

328 5204 468 5257 κατὰ
495 5201 625 5255 Θεοῦ
650 5201 996 5272 βλασφημίας
1028 5203 1279 5273 εὑρετὴς,
1304 5201 1438 5256 ἀλλὰ
1465 5204 1559 5255 καὶ
1592 5201 1749 5267 ζώοις
1779 5207 1889 5266 τοῖς

326 5294 522 5364 ἀγρίαν
551 5291 710 5360 φύσιν
753 5292 901 5362 παρὰ
925 5292 1018 5344 τοῦ
1050 5292 1392 5364 Δημιουργοῦ
1430 5293 1671 5363 λαχοῦσι,
1703 5293 1889 5363 σαφῶς

326 5385 483 5456 δίκην
512 5382 704 5454 ἐχθροῦ
738 5381 807 5434 τὰ
841 5383 1016 5435 πάντα
1044 5382 1308 5450 φιλαιτίου
1333 5385 1473 5437 κατὰ
1500 5384 1607 5437 τῶν
1634 5384 1889 5457 δημιουρ-

326 5478 586 5547 γημάτων
620 5475 952 5548 κινούμενος.
1000 5473 1235 5542 Ἐλέγξει
1275 5474 1331 5527 δὲ
1379 5477 1407 5527 ό
1436 5475 1589 5543 λόγος
1620 5476 1712 5528 τοῦ
1744 5478 1885 5529 ἀπα-

324 5568 524 5630 τεῶνος
555 5568 652 5636 τὴν
684 5566 875 5635 ἄλογον
911 5566 1002 5618 καὶ
1031 5566 1088 5617 ἐν
1114 5565 1321 5629 τούτοις
1343 5565 1705 5637 βλασφημίαν.

396 5744 571 5815 Θηρία
606 5742 712 5812 γὰρ
749 5742 958 5796 ἅπαντα
1000 5742 1302 5814 τετράποδά
1339 5759 1396 5794 τε
1434 5743 1526 5795 καὶ
1560 5743 1760 5811 ἑρπετὰ
1790 5760 1886 5795 κα-

2068 5104 2350 5173 \‘ituperat
2404 5111 2582 5158 autem
2640 5118 2747 5158 non
2795 5103 2893 5159 has
2938 5104 3111 5157 solum
3160 5103 3261 5158 iste
3295 5104 3549 5160 inauditae

1993 5205 2185 5254 contra
2228 5196 2390 5251 Deum
2425 5196 2773 5266 blaSphemite
2803 5195 3207 5261 inventor;sed
3241 5196 3540 5250 etiamaui-

1993 5295 2223 5351 mantes,
2249 5301 2368 5355 qua:
2413 5297 2659 5340 naturam
2690 5300 2884 5339 saevam
2927 5286 3129 5341 sortitae
3159 5294 3287 5340 sunt
3324 5301 3353 5338 a
3381 5285 3548 5341 Crea-

1993 5390 2145 5446 tore;
2178 5394 2326 5432 more
2356 5378 2558 5431 inimici
2589 5377 2684 5447 qui
2720 5378 2902 5431 omnia
2926 5392 3213 5443 accusans,
3250 5378 3303 5435 in
3332 5386 3547 5433 creatu-

1989 5486 2078 5525 ras
2117 5469 2208 5523 Dei
2257 5468 2553 5522 invehitur.
2605 5466 2709 5522 Sed
2755 5467 3140 5537 blasphemiam
3175 5477 3444 5523 amentem
3490 5478 3545 5525 et

1988 5560 2275 5615 vecordem
2308 5561 2468 5615 istius
2508 5562 2813 5631 deceptoris
2855 5563 2909 5615 in
2956 5562 3266 5631 hujusmodi
3300 5564 3545 5620 animan-

1994 5653 2140 5707 tibus
2169 5668 2347 5707 sermo
2382 5666 2559 5709 noster
2597 5653 2901 5723 redarguet.

2065 5740 2269 5799 Omnes
2322 5745 2463 5800 enim
2504 5744 2653 5801 feras
2697 5761 2763 5799 ac
2799 5744 3023 5812 bestias,
3072 5746 3448 5817 quadrupedes
3479 5756 3545 5799 ξπ
