4072 6338
597 276 728 330 H75

1739 287 1872 344 Tl'l‘l
1915 290 2338 349 BOSTRENSIS
2367 297 2666 354 EPISCOPI

3659 318 3775 375 H76

589 400 868 462 serpentes
895 409 1016 449 cum
1046 396 1340 466 vituperat,
1381 399 1604 470 perinde
1632 405 1762 459 mihi
1794 405 1974 462 facere
2005 408 2156 464 vide-

2259 411 2446 477 κίζων,
2499 416 2877 488 παραπλήσιόν
2913 436 2968 471 τι
3011 418 3234 491 πάσχειν
3276 439 3371 493 μοι
3416 424 3573 488 δοκεῖ,
3617 426 3774 505 ὥσπερ

587 496 698 549 tur,
733 495 792 541 ut
829 489 873 543 si
898 487 1020 559 quis
1051 504 1244 546 servus
1278 491 1495 549 deditus
1517 500 1755 564 peccatis
1779 507 1832 553 et
1862 500 2152 570 improbis-

589 579 784 641 simus,
826 579 929 632 alia
974 581 1192 650 quidem
1240 583 1447 639 domini
1483 596 1535 641 et
1565 591 1806 644 auctoris
1832 592 1916 645 sui
1958 608 2154 662 appro-

589 668 699 729 bet,
732 666 859 721 odio
889 676 1068 724 autem
1091 671 1288 726 habeat
1315 683 1367 728 et
1405 676 1726 732 criminetur
1769 678 2034 750 flagellum
2065 698 2154 736 so-

590 758 697 809 lum
735 758 878 826 quod
906 767 1165 830 apparet;
1211 762 1303 827 qui
1339 763 1459 832 ipso
1488 766 1708 834 quidem
1739 768 1865 822 odio
1895 769 2150 835 ostendit,

585 863 750 916 quam
798 852 1170 905 necessarium
1232 853 1301 909 sit
1345 853 1616 926 ﬂagellum
1650 861 1958 928 appositum
1996 881 2009 916 :
2054 862 2152 916 lio-

587 939 761 994 mines
793 942 935 996 enim
963 943 1148 1000 faciles
1177 957 1230 999 et
1257 948 1434 1016 parati
1473 949 1539 1002 ad
1572 950 1892 1020 capiendam
1925 954 2153 1008 oblivio-

587 1049 707 1087 nem
758 1045 948 1090 contra
1001 1034 1196 1104 Deum,
1250 1040 1296 1094 si
1337 1040 1474 1094 nihil
1522 1041 1786 1098 haberent
1849 1046 1903 1098 in
1951 1025 2152 1102 fabrica

588 1126 777 1180 mundi
810 1127 955 1197 quod
985 1129 1207 1202 dignum
1237 1147 1358 1186 esse
1393 1139 1539 1187 metu
1584 1147 1888 1204 appareret,
1920 1139 2153 1208 amplius

591 1219 810 1286 quidem
842 1221 1199 1289 procederent
1221 1223 1404 1277 animo
1435 1232 1488 1279 et
1517 1226 1794 1282 voluntate
1827 1237 2020 1282 contra
2049 1229 2154 1286 De-

585 1326 712 1370 um:
755 1313 998 1367 accusati
1040 1328 1170 1368 vero
1208 1322 1394 1370 essent
1438 1331 1546 1370 non
1573 1326 1743 1378 recte,
1779 1328 1963 1388 utpote
2006 1322 2153 1375 nulla

587 1418 644 1454 re
674 1417 864 1457 earum
897 1420 1018 1473 qua:
1049 1414 1313 1476 apparent
1356 1407 1608 1469 excitati.»
1647 1408 1759 1464 Etsi
1789 1411 1931 1464 enim
1962 1419 2154 1468 natura

586 1494 729 1548 inest
771 1495 928 1549 nobis
969 1495 1191 1552 libertas
1223 1498 1286 1552 ad
1319 1498 1626 1568 eligendum
1656 1500 1800 1570 quod
1835 1503 2028 1557 melius
2048 1513 2150 1567 est,

585 1594 768 1640 tamen
799 1594 1022 1659 propter
1051 1588 1324 1658 ignaviam
1371 1588 1531 1646 facile
1569 1592 1626 1649 in
1656 1591 1983 1648 oblivionem
2017 1595 2154 1648 inci-

585 1677 789 1732 dimus.
822 1677 987 1732 Multa
1019 1679 1182 1750 igitur
1210 1691 1337 1735 sunt
1378 1698 1497 1751 qua:
1521 1685 1833 1740 necessario
1865 1686 2148 1756 cogitatio-

586 1784 711 1823 nem
741 1778 985 1824 nostram
1025 1772 1092 1824 ad
1135 1771 1305 1828 Deum
1338 1773 1532 1828 timore
1563 1776 1832 1830 excitant:
1865 1778 2008 1832 sicut
2033 1794 2153 1832 rur-

588 1874 683 1914 sus
722 1860 977 1929 plurima,
1012 1878 1132 1932 qua:
1176 1863 1316 1919 hanc
1345 1865 1730 1935 cogitationem
1765 1882 1861 1936 per
1910 1868 2158 1939 benigni-

589 1959 774 2014 tatem,
806 1959 860 2006 et
898 1953 1057 2007 bonis
1113 1954 1326 2009 fruendi
1375 1956 1587 2025 cepiam
1633 1963 1688 2010 et
1736 1955 2044 2012 facultatem
2088 1959 2155 2013 ad

589 2041 827 2111 agendas
870 2043 1075 2112 gratias
1121 2042 1367 2098 Creatori
1417 2050 1678 2098 movent:
1724 2045 1968 2114 utrisque
2010 2046 2154 2098 enim

585 2133 888 2198 erudimur,
917 2145 970 2188 et
1002 2135 1341 2190 instituimur
1374 2136 1439 2191 iis
1461 2136 1658 2206 quibus
1710 2144 1969 2206 tanquam
1997 2137 2155 2194 bonis

588 2223 840 2281 fruimur.
867 2232 922 2278 et
948 2224 1015 2277 iis
1044 2224 1242 2293 quibus
1273 2232 1527 2294 tanquam
1567 2223 1916 2278 horribilibus
1948 2233 2002 2279 et
2031 2239 2155 2298 per-

588 2315 932 2370 tineseendis
960 2313 1350 2368 convertimur.

2256 501 2320 554 ἂν
2357 503 2409 556 ετ
2451 521 2533 569 τις
2563 506 2998 578 φιλαμαρτήμων
3041 508 3222 573 δοῦλος
3260 513 3354 565 καὶ
3392 513 3509 566 λίαν
3556 501 3774 589 πονηρδξ.

2252 595 2320 646 τά
2356 595 2454 666 μὲν
2492 596 2624 650 ἄλλα
2664 597 2759 651 τοῦ
2801 598 3065 660 δεσπότου
3090 602 3255 658 αὑτοῦ
3293 604 3640 660 ἀκαταιτίατα
3665 610 3777 663 ἀπο-

2257 687 2478 757 δέχοιτο,
2521 689 2703 760 μισοίη
2745 689 2802 743 δέ
2845 692 2940 745 καὶ
2971 692 3239 748 διαϐάλλοι
3291 695 3523 766 μάστιγά
3567 717 3659 752 που
3701 704 3776 754 καὶ

2259 780 2415 849 μόνον
2463 782 2823 853 φαινομένην·
2870 784 3020 855 αὐτῷ
3065 802 3128 854 γε
3173 785 3249 856 τῷ
3296 792 3468 857 μισεῖν
3506 791 3534 842 ὁ
3574 792 3778 857 τοιοῦτος

2252 869 2485 935 δεικνὺς,
2527 871 2602 935 ὡς
2636 873 2929 942 ἀναγκαῖον
2973 875 3033 927 τὸ
3071 876 3498 946 παρακείμενον·
3538 880 3814 970 ἀνθρωττοι.

2253 960 2382 1032 γὰρ,
2436 961 2574 1032 πρὸς
2623 963 2722 1034 τὴν
2757 965 2897 1019 κατά
2937 965 3072 1018 Θεοῦ
3115 966 3282 1038 λήθην
3315 968 3584 1038 πρόχειροι
3604 972 3775 1040 τυγχά-

2254 1072 2467 1118 νοντες,
2511 1055 2560 1106 εἰ
2619 1055 2784 1125 μηδὲν
2824 1055 2972 1122 ἄξιον
3013 1057 3164 1120 δέους
3208 1059 3526 1128 φαινόμενον
3565 1057 3694 1130 εἶχον
3730 1064 3776 1115 ἐν

2253 1145 2619 1217 δημιουργίᾳ,
2669 1145 2829 1204 πλέον
2882 1147 2978 1217 μὲν
3031 1147 3096 1202 ἀν
3137 1148 3512 1219 ἐχωρίσθησαν
3559 1151 3776 1220 προθέσει

2252 1238 2350 1294 τοῦ
2391 1238 2549 1304 Θεοῦ,
2602 1238 2899 1310 ᾐτιάθησαν
2937 1240 2994 1295 δὲ
3043 1241 3143 1294 ούκ
3178 1239 3447 1309 εὐλόγως,
3484 1241 3573 1295 ἀτε
3615 1241 3670 1313 δὴ
3707 1243 3778 1296 διὰ

2257 1331 2480 1402 μηδενὸς
2511 1329 2619 1383 τῶν
2676 1331 3012 1402 φαινομένων
3063 1332 3471 1403 διεγειρόμενοι.
3510 1335 3570 1386 Εἰ
3605 1333 3700 1404 γὰρ
3724 1334 3775 1404 δὴ

2253 1425 2347 1476 καὶ
2378 1422 2669 1494 πρόσεστιν
2692 1424 2824 1494 ἡμῖν
2852 1422 3008 1492 φύσει
3040 1423 3101 1476 τὸ
3119 1423 3426 1494 ἐλευθέριον
3455 1424 3581 1496 πρὸς
3600 1425 3783 1496 αἵρεσιν

2251 1513 2346 1567 τοῦ
2379 1513 2718 1585 κρείττονος,
2763 1513 2898 1569 ἀλλά
2925 1531 2988 1583 γε
3039 1513 3125 1567 διά
3174 1515 3457 1586 ῥᾳστώνης
3496 1515 3673 1586 ῥᾳδίως
3711 1519 3775 1579 είς

2253 1604 2422 1675 λήθην
2464 1605 2828 1676 ἐμπίπτομεν.
2867 1605 3042 1660 Πολλά
3086 1605 3268 1666 τοίνυν
3320 1606 3467 1665 ἐστὶν
3507 1607 3776 1674 ἀναγκαίως

2254 1695 2322 1748 τά
2355 1695 2691 1766 διεγείροντα
2713 1695 2788 1766 τῷ
2818 1695 2925 1750 δέει
2972 1697 3107 1768 πρὸς
3140 1697 3232 1751 τὸν
3265 1698 3398 1751 Θεὸν
3432 1697 3520 1751 τὸν
3547 1697 3774 1768 ἡμέτερον

2253 1787 2507 1858 λογισμόν
2529 1805 2542 1818 ·
2569 1788 2756 1858 ὥσπερ
2775 1785 2928 1853 αὖθις
2952 1790 3242 1860 πάμπολλα
3267 1789 3336 1845 τὰ
3358 1790 3598 1844 κινοῦντα
3617 1789 3772 1843 τοῦτον

2250 1879 2338 1932 διὰ
2362 1879 2721 1950 χρηστότητος
2751 1880 2844 1934 καὶ
2872 1880 3222 1945 ἀπολαύσεως
3249 1880 3465 1949 ἀγαθῶν
3495 1882 3567 1943 εἰς
3588 1879 3770 1950 χάριτος

2252 1971 2538 2040 ὁμολογίαν
2577 1971 2670 2024 τοῦ
2704 1972 3045 2044 Δημιουργοῦ
3069 1989 3081 2000 ·
3133 1973 3418 2044 ἑκατέροις
3449 1971 3552 2044 γὰρ
3577 1973 3769 2025 ἀποπαι-

2251 2062 2665 2134 δαγωγούμεθα,
2694 2057 2804 2126 οἶός
2832 2081 2891 2116 τε
2924 2064 3000 2127 ὡς
3028 2065 3197 2134 ἡδέων
3226 2065 3581 2135 ἀπολαύομεν,
3605 2063 3684 2116 καὶ
3704 2060 3774 2125 οἷς.

2249 2152 2324 2217 ὡς
2357 2151 2442 2206 διὰ
2477 2152 2720 2224 φοϐερῶν
2761 2155 3216 2227 ἐπιστρεφόμεθα.

1403 2428 1532 2484 CAP.
1575 2428 1716 2483 XXI.
1761 2427 1935 2486 Nulla,
1959 2431 2166 2486 malitia
2204 2432 2316 2486 sine
2351 2435 2644 2504 cognitione
2669 2444 2725 2488 et.
2747 2435 3004 2489 libertate.

655 2545 809 2612 Quod
843 2546 1006 2616 igitur
1030 2561 1230 2601 saevum
1262 2553 1347 2600 est
1378 2553 1590 2607 natura,
1623 2545 1886 2600 horribile
1918 2556 2021 2612 est,
2052 2547 2147 2602 sed

584 2653 691 2692 non
725 2639 961 2702 malum;
996 2626 1373 2691 malitia-enim
1412 2644 1465 2689 et
1495 2637 1732 2705 nequitia
1767 2636 1978 2692 affectio
2001 2639 2148 2707 cogi—

585 2729 824 2783 tationis.
846 2736 994 2783 sunt.
1039 2727 1325 2797 Appetitus
1348 2735 1528 2781 autem
1559 2728 1824 2782 naturalis
1847 2729 1927 2784 sic
1951 2729 2146 2792 factus,

585 2824 652 2875 ab
681 2822 829 2874 omni
851 2821 1009 2890 culpa
1039 2828 1091 2874 et
1121 2821 1350 2874 crimine
1381 2821 1642 2876 liberatus
1666 2829 1770 2876 est.
1801 2821 1942 2876 Deus
1965 2829 2143 2876 autem

2321 2547 2552 2619 Φοϐερὸν
2579 2548 2755 2602 τοίνυν
2787 2547 2847 2601 τὸ
2881 2549 3069 2619 ἄγριον
3096 2547 3239 2601 κατά
3262 2548 3442 2618 φύσιν,
3464 2545 3525 2600 οὺ
3543 2541 3759 2614 πονηρόν·

2253 2640 2487 2711 πονηρία
2523 2638 2631 2711 γάρ
2667 2641 2759 2693 καὶ
2804 2641 2974 2694 κακία
3022 2640 3286 2710 λογισμοῦ
3333 2637 3529 2702 πάθος·
3570 2635 3690 2706 ὁρμὴ
3715 2632 3760 2684 δὲ

2254 2731 2454 2802 φυσικὴ
2486 2731 2628 2784 οὕτω
2674 2731 3155 2802 κατεσκευασμένη
3200 2731 3384 2802 πάσης
3428 2723 3758 2794 αἰτίαςιάπήλ-

2253 2823 2465 2878 λακται.
2501 2822 2632 2884 Θεὸς
2669 2822 2746 2886 δὲ,
2789 2823 3098 2894 φειδόμενος
3131 2821 3434 2894 ἀνθρώπων
3453 2863 3477 2887 ,,
3500 2833 3752 2886 πεποίηκεν.

584 2911 955 2967 misericordia
990 2927 1116 2982 erga
1165 2911 1411 2967 homines
1458 2921 1676 2977 motus,
1729 2912 1877 2976 fecit,
1909 2923 1970 2968 ut
2002 2923 2145 2969 metu

2253 2916 2338 2969 ἵνα
2362 2916 2438 2987 τῷ
2463 2917 2570 2970 δέει
2593 2917 2700 2970 τῶν
2730 2916 2937 2985 ἀλόγων
2965 2915 3024 2968 τὸ
3055 2916 3272 2985 λογικὸν
3295 2918 3393 2986 τῆς
3419 2907 3752 2977 καλοκαγαθίας

582 3015 640 3060 et
667 3008 892 3062 horrore
918 3006 1214 3062 bestiarum
1238 3007 1445 3061 ratione
1471 3009 1792 3068 carentium,
1824 3007 2146 3077 probitatem

582 3117 703 3170 quin
737 3101 804 3155 ad
837 3111 1039 3171 partem
1087 3102 1318 3156 rationis
1368 3108 1672 3168 compotem
1715 3101 1969 3170 pertinet,
2011 3100 2145 3154 cen-

586 3204 922 3248 sectaremur
950 3213 962 3247 :
996 3202 1050 3247 et
1073 3193 1210 3247 nihil
1246 3193 1300 3247 in
1331 3193 1643 3262 hujusmodi
1679 3192 1870 3247 bestiis
1915 3206 1978 3244 ac
2018 3190 2148 3246 feris

586 3285 824 3350 malum;
858 3285 1002 3355 quod
1033 3285 1176 3339 enim
1213 3300 1317 3338 non
1363 3285 1511 3339 novit
1541 3283 1685 3354 quod
1724 3291 1828 3347 est,
1877 3284 2148 3352 quomodo

587 3377 788 3431 malum
831 3378 952 3432 est?
1007 3384 1067 3431 ut
1101 3376 1214 3447 jam
1261 3391 1370 3431 non
1414 3377 1592 3431 minus
1637 3375 1716 3431 sic
1764 3377 2141 3446 redarguatur,

587 3466 730 3536 quod
766 3465 1094 3521 Maniebmus
1129 3466 1292 3521 tradit
1317 3466 1386 3521 de
1418 3465 1684 3536 nequitia,
1723 3480 1887 3535 quam
1915 3467 2070 3519 finxit
2097 3474 2152 3520 et

585 3559 888 3628 ingenitum
923 3557 1249 3628 principium
1299 3565 1461 3611 vocat
1494 3574 1508 3610 :
1557 3571 1667 3610 non
1709 3555 1854 3611 enim
1884 3555 2078 3610 tribuit
2100 3558 2150 3610 ei

583 3650 962 3718 cogitationem
1003 3655 1056 3703 et
1094 3641 1457 3718 cognitionem
1499 3646 1771 3717 nequitiae,
1815 3663 1882 3703 ne
1917 3647 1961 3702 si
1995 3661 2150 3716 repe-

586 3741 762 3794 riatur
790 3741 988 3795 habere
1033 3756 1251 3796 sensum
1297 3739 1449 3803 boni,
1497 3739 1599 3794 hac
1630 3740 1838 3794 ratione
1865 3747 2143 3810 appareat,

583 3847 692 3885 non
719 3846 840 3887 esse
872 3831 1144 3902 nequitia:
1185 3831 1423 3901 cognitio
1448 3832 1591 3886 enim
1616 3832 1740 3886 boni
1772 3831 2144 3886 testimonium

582 3931 668 3977 est
695 3931 904 3978 natura:
928 3938 1035 3978 non
1067 3923 1240 3978 malae.
1273 3921 1602 3977 Manicharus
1634 3938 1782 3986 vero,
1814 3937 1935 3976 cum
1962 3922 2148 3992 nequi-

2257 3008 2669 3080 μεταδιώξωμεν
2690 3026 2703 3039 ·
2745 3008 2836 3062 καὶ
2869 3007 3036 3061 κακὸν
3077 3008 3137 3064 ἐν,
3179 3005 3394 3068 τούτοις
3434 3003 3594 3057 οὐδέν·
3623 2995 3750 3063 ὁγὰρ

2255 3102 2328 3173 μὴ
2359 3097 2498 3154 οἶδεν
2529 3101 2608 3154 ὅτι
2660 3100 2827 3161 ἐστὶν,
2856 3099 2970 3161 πῶς
3012 3098 3176 3152 κακόν
3215 3100 3398 3161 ἐστιν;
3427 3096 3498 3157 ὡς
3524 3096 3607 3162 οὐχ
3632 3086 3754 3161 ἦττῡν

2251 3191 2344 3243 καὶ
2381 3190 2552 3253 οὕτως
2583 3189 2660 3260 τῷ
2689 3191 2921 3243 Μάνεντι
2945 3189 3036 3243 καὶ
3065 3190 3093 3242 ὁ
3122 3188 3376 3259 περὶτῆς
3399 3187 3579 3248 κακίας
3606 3179 3751 3247 αὐτῆς.

2250 3283 2316 3354 ἦν
2353 3282 2695 3352 πλασάμενος
2721 3283 2892 3354 ἀρχὴν
2925 3282 3217 3351 ἀγέννητον
3245 3281 3417 3346 καλεῖ,
3437 3279 3578 3346 λόγος
3595 3271 3750 3338 διελέγ-

2251 3390 2432 3444 χεται·
2488 3375 2743 3446 λογισμὸν
2777 3375 2875 3445 μὲν
2915 3374 3023 3444 γὰρ
3073 3375 3207 3444 αὐτῇ
3248 3374 3345 3426 καὶ
3389 3369 3573 3440 γνῶσιν
3603 3361 3751 3422 κακίας

2257 3467 2332 3519 ού.
2350 3466 2583 3531 δίδωσιν,
2611 3467 2697 3519 ἵνα
2729 3467 2802 3537 μὴ
2832 3467 2926 3520 καὶ
2955 3465 3191 3534 τάγαθοῦ
3223 3466 3327 3537 τὴν
3352 3462 3583 3533 αἴσθησιν
3603 3453 3750 3526 ἔχουσά

2253 3574 2316 3626 γε
2362 3556 2586 3628 εὑρεθῇ·
2622 3557 2764 3610 οὕτω
2803 3557 2910 3629 γὰρ
2953 3555 3299 3626 ἀποδειχθείη
3336 3554 3409 3626 μὴ
3446 3550 3567 3607 οὖσα
3601 3545 3747 3602 κακία·

2253 3645 2452 3714 γνῶσις
2507 3645 2613 3716 γὰρ
2648 3645 2854 3715 ἀγαθοῦ
2913 3645 3188 3716 μαρτυρία
3238 3645 3453 3714 φύσεως
3499 3642 3552 3694 ού
3590 3635 3748 3703 κακῆς·

2254 3739 2533 3806 ἀλόγιστον
2567 3738 2624 3791 δέ
2654 3739 2748 3791 καὶ
2776 3735 3259 3808 γνώσεωςέρημον
3290 3735 3454 3806 αὐτὴν
3476 3729 3750 3804 spicarum.

2250 3831 2342 3885 τοῦ
2389 3833 2525 3902 ὅπερ
2581 3832 2696 3884 ἐστὶ
2747 3831 2840 3884 καὶ
2867 3830 3002 3902 αὐτη
3037 3829 3135 3902 τὴν
3187 3829 3392 3898 γνῶσιν
3446 3824 3597 3894 αὐτὴν
3629 3821 3751 3886 ἀφαι-

2255 3939 2449 3994 ρειται.

582 4016 711 4068 tiam
761 4016 950 4070 statuit
1005 4016 1213 4069 ratione
1287 4028 1492 4078 carere,
1538 4024 1591 4069 et
1630 4015 1938 4084 cognitione
1991 3992 2267 4084 privatam
2311 4029 2453 4080 esse,
2493 4028 2611 4068 eam
2656 4013 2819 4068 etiam
2859 4014 3042 4080 privat
3089 4011 3400 4082 cognitione
3463 4009 3590 4078 ejus,
3642 3992 3749 4068 (ιιιοά

581 4110 698 4179 ipsa
728 4117 830 4164 est.

653 4203 716 4259 Si
745 4202 888 4258 enim
915 4201 1111 4256 sentiat
1138 4206 1190 4253 et
1219 4207 1528 4270 cognoscat,
1555 4196 1700 4268 quod
1731 4197 1870 4251 mala
1899 4203 2003 4258 est,
2029 4211 2147 4251 sen-

579 4296 678 4350 tiet
721 4294 942 4348 omnino
975 4291 1314 4344 contr-arium
1359 4288 1594 4343 evadens
1651 4287 1812 4341 bona.
1863 4284 2139 4355 Siquidem

2321 4193 2383 4245 Εἰ
2412 4191 2519 4263 γάρ
2554 4189 2804 4260 αἴσθηται
2836 4189 2928 4241 καὶ
2951 4187 3064 4258 γνῷ
3099 4171 3466 4259 κακυνομένη,
3488 4182 3748 4249 αίσθησεται

2251 4285 2466 4347 πάντως
2511 4283 2602 4336 τοῦ
2661 4282 2902 4335 ἐναντίου
2954 4280 3364 4351 ἀγαθυνομένη·
3421 4277 3639 4348 φωρᾶται
3671 4267 3752 4336 γάρ

579 4387 783 4442 malum
825 4383 1036 4438 ratione
1077 4381 1500 4451 deprehenditur
1554 4395 1718 4436 sensu
1770 4385 1825 4433 et
1861 4392 2146 4447 compara-

2252 4375 2493 4446 λογισμῷ
2523 4374 2582 4427 τὸ
2633 4373 2801 4427 κακὸν
2850 4376 2916 4444 τῇ
2951 4372 3194 4442 αἰσθήσει
3217 4412 3232 4436 ,
3282 4372 3375 4426 καὶ
3417 4373 3476 4441 τῇ
3506 4361 3750 4436 παραθέσει

579 4484 728 4535 tione
761 4477 887 4533 boni
924 4483 1020 4531 :ut
1051 4475 1097 4531 si
1137 4474 1485 4529 manifestum
1549 4473 1621 4527 sit
1666 4471 1887 4536 malum,
1930 4479 2146 4524 eontra-

581 4569 720 4621 rium
741 4582 958 4638 quoque
978 4568 1047 4621 sit
1068 4564 1413 4619 manifestum
1436 4581 1450 4629 ;
1470 4578 1629 4617 omne
1640 4562 1783 4616 enim
1809 4561 2142 4615 contrarium

579 4661 826 4732 probatio
864 4670 917 4715 et
949 4659 1108 4713 index
1143 4666 1228 4712 est
1271 4656 1554 4722 contrarii,
1612 4655 1921 4725 cognitione
1965 4662 2142 4706 tamen

576 4761 632 4808 et
666 4751 893 4823 judicio.
926 4752 1056 4806 Sine
1098 4751 1409 4821 cognitione
1444 4749 1586 4803 enim
1619 4755 1878 4803 neutrum
1904 4754 1987 4800 est
2012 4746 2144 4799 alte-

576 4845 692 4899 rius
722 4845 1011 4914 judicatio.
1047 4843 1103 4898 Si
1135 4844 1296 4914 igitur
1327 4840 1570 4911 nequitia
1610 4856 1669 4896 se
1702 4840 1873 4909 ipsam
1905 4838 2140 4908 ignorat,

572 4943 630 4991 et
664 4936 996 5006 cogitatione
1035 4951 1144 4989 non
1173 4935 1400 5003 suscipit
1427 4933 1652 4994 malum,
1683 4946 1791 4984 non
1824 4931 1927 4985 erit
1950 4929 2143 4999 nequi-

577 5027 686 5096 tia;
720 5026 924 5091 frustra
955 5037 1008 5082 et
1037 5043 1175 5082 vane
1214 5025 1567 5079 accusabitur
1594 5041 1608 5088 ;
1637 5023 1881 5093 nequitia
1912 5021 2052 5076 enim
2080 5022 2143 5082 li,-

577 5117 705 5170 bera
735 5131 763 5168 a
797 5117 1008 5174 ratione
1066 5115 1259 5172 similis
1300 5123 1381 5172 est
1423 5112 1754 5184 phrenetico,
1808 5111 1863 5166 id
1901 5123 2006 5171 est,
2061 5109 2142 5162 fu-

577 5211 726 5263 rioso
750 5210 802 5265 in
831 5209 981 5264 febre
1015 5217 1110 5265 aut
1148 5210 1201 5263 in
1228 5209 1334 5262 alio
1365 5223 1495 5262 casu
1521 5225 1534 5272 ;
1561 5207 1652 5276 qui
1685 5205 1829 5276 quod
1857 5204 2005 5266 facit,
2048 5218 2142 5256 ne-

573 5299 698 5362 scit,
745 5301 831 5355 cui
875 5315 1067 5357 omnes
1091 5301 1372 5373 ignoscere
1420 5298 1826 5364 consuevimus,
1866 5311 1929 5350 ac
1969 5294 2140 5364 magis
2181 5349 2183 5352 ι

570 5392 790 5461 quidem
823 5393 886 5447 ad
927 5395 1130 5448 luctum
1167 5391 1454 5456 fleetimur,
1487 5406 1518 5451 a
1552 5392 1795 5460 nequitia
1844 5404 1966 5443 eum
2010 5387 2141 5441 libe-

573 5493 758 5539 rantes
783 5503 796 5550 ;
827 5502 949 5541 cum
977 5487 1093 5540 sine
1123 5501 1288 5540 causa
1317 5485 1568 5555 percutit,
1606 5495 1699 5538 aut
1726 5483 1890 5539 etiam
1919 5480 2137 5543 occidit,

571 5575 621 5628 si
648 5575 885 5644 gladium
906 5578 1157 5647 reperiat.
1198 5575 1288 5631 Sic
1310 5577 1564 5632 omnibus
1593 5576 1694 5629 hoc
1725 5574 2014 5628 manifesto
2045 5587 2140 5642 pa-

569 5674 648 5724 tet
671 5683 688 5740 ;
724 5675 775 5721 et
822 5667 922 5728 hoc
951 5668 1215 5740 judicium
1249 5684 1538 5724 commune
1571 5675 1653 5723 est
1677 5683 1738 5723 ac
1769 5672 1976 5721 natura:
2005 5679 2138 5720 con—

2247 4468 2342 4522 τοῦ
2381 4465 2616 4536 ἀγαθοῦ·
2646 4465 2743 4530 ὡς,
2767 4467 2814 4519 εἰ
2843 4465 3000 4536 δῆλον
3027 4464 3284 4535 ὑπάρχοι,
3316 4459 3600 4516 τούναντίον
3621 4451 3738 4508 κατὰ·

2246 4561 2404 4632 δηλον
2446 4559 2629 4612 ἔσται·
2683 4557 2902 4628 ἔλεγχος
2953 4557 3059 4630 γὰρ
3119 4559 3228 4610 πᾶν
3288 4555 3516 4610 ἐναντίου
3557 4542 3750 4602 ἐναντίον

2244 4652 2442 4722 γνώσει
2477 4652 2659 4722 μέντοι
2694 4651 2790 4703 καὶ
2835 4649 3045 4722 κρίσει·
3093 4650 3222 4704 ἄνευ
3262 4650 3318 4703 δὲ
3350 4646 3597 4716 γνώσεως,
3635 4632 3750 4690 οὐδέ-

2243 4761 2400 4816 τερον
2445 4743 2657 4814 θατέρῳ
2694 4742 2868 4814 δῆλον.
2920 4744 2985 4797 Εἰ
3015 4744 3191 4796 τοίνυν
3239 4744 3332 4796 καὶ
3377 4738 3558 4809 ἑαυτὴν
3585 4730 3748 4802 ἀγνοεῖ.

2250 4839 2345 4894 καὶ
2376 4836 2622 4908 λογισμῷ
2678 4837 2751 4908 μὴ
2794 4837 2998 4907 μέτεισι
3028 4834 3087 4886 τὸ
3120 4835 3289 4888 κακὸν
3318 4837 3349 4904 ή
3382 4831 3554 4890 κακία,
3581 4825 3665 4878 ούκ
3696 4817 3751 4872 ἂν

2246 4929 2339 5004 εἴη⁴
2363 4928 2529 4982 κακία
2550 4946 2563 4959 ·
2609 4928 2783 4999 μάτην
2815 4927 2858 4984 δ’
2903 4926 2968 4980 ἀν
3000 4926 3281 4994 ἐγκαλοῖτο
3301 4943 3313 4955 ·
3347 4921 3578 4995 ὁμολογεῖ
3602 4915 3666 4974 δὲ,
3685 4910 3748 4963 ὅτι

2245 5022 2360 5083 ἐστὶ
2393 5019 2650 5091 λογισμοῦ
2675 5019 2840 5073 κακία
2866 5018 3287 5090 ἐλευθερουμένη
3307 5035 3321 5049 ·
3350 5014 3532 5069 αὐτίκα
3553 5005 3746 5079 φρενῖτις

2244 5117 2302 5167 ἐν
2330 5115 2653 5187 περιστάσει
2675 5112 2994 5184 πυρετῷν,ἢ
3023 5112 3179 5166 ἄλλου
3203 5113 3343 5175 τινὸς
3368 5107 3716 5179 συμπτώματος
3731 5105 3742 5118 ⁶

2243 5206 2342 5258 ούκ
2385 5205 2601 5258 εἰδότιὸ
2638 5207 2778 5258 ποιεῖ
2819 5203 3207 5273 συγγινώσκειν
3243 5203 3468 5261 ἅπαντες
3503 5191 3742 5266 εἰώθαμεν.

2245 5296 2443 5367 μᾶλλον
2470 5296 2568 5367 μὲν
2589 5291 2680 5349 οὖν
2702 5296 2793 5348 καὶ
2817 5297 2894 5358 είς
2911 5290 3089 5356 οἶκτον
3119 5287 3572 5364 ἐπικαμπτόμεθα,
3587 5275 3745 5337 κακίας

2243 5387 2652 5461 ἐλευθεροῦντες
2693 5387 2784 5440 τὸν
2819 5388 2994 5457 μάτην
3031 5387 3128 5457 μὲν
3161 5386 3440 5446 τύπτοντα,
3472 5381 3515 5433 εί
3543 5377 3590 5430 δέ
3623 5371 3751 5461 ξίφος

2243 5479 2414 5552 εὖροι,
2447 5479 2541 5532 καὶ
2573 5478 2879 5547 φονεύοντα.
2918 5478 3072 5531 Οὕτω
3107 5495 3170 5547 γε
3203 5480 3333 5535 πᾶσι
3360 5468 3641 5538 κατάδηλον,
3670 5456 3741 5552 κοξὶ

2243 5572 2421 5643 κρίσις
2452 5567 2589 5639 αὕτη
2637 5569 2787 5640 κοινή
2817 5587 2874 5622 τε
2912 5571 3003 5622 καὶ
3046 5570 3257 5637 φύσεως
3287 5561 3569 5621 ἀκολουθία,
3596 5553 3645 5605 τὸ
3682 5545 3739 5617 μὴ

2243 5641 2408 5718 κάκὺν
2447 5661 2732 5734 ὀνομάζειν
2787 5662 2848 5713 τὸ
2903 5665 3000 5716 οὐκ
3035 5663 3170 5732 εἰδὸς
3216 5664 3242 5714 ὃ
3268 5679 3314 5713 τι
3362 5656 3469 5729 δρᾷ.
3507 5651 3560 5704 Ei
3599 5641 3736 5696 τοίνυν
