4072 6338
279 325 421 381 ΗῈῚ

1362 331 1738 388 ADVERSUS.
1770 332 2190 390 MAMCHIEOS
2229 333 2353 389 LIB.
2384 332 2447 386 il.

3367 333 3510 389 “78

280 450 417 517 μήτε
458 461 520 499 το
548 446 811 515 γινῶσκον
852 447 1059 516 ἀγαθὸν
1098 450 1320 521 κληθείη
1362 452 1678 520 ἀναγκαῖον,
1711 456 1842 526 μήτε

1948 456 2264 518 sectarium,
2302 468 2413 506 non
2454 450 2735 505 nominare
2767 450 2990 511 malum,
3019 448 3064 502 si
3100 448 3332 517 ignorat,
3362 447 3511 517 quod

278 541 340 593 τὸ
374 539 607 608 ἀγνοοῦν·
628 540 805 603 ἑαυτὸ,
830 541 913 593 ὅτι
937 542 1136 605 δόξειεν
1168 541 1232 596 ἂν
1263 538 1399 597 εἶναι
1426 545 1625 598 κακία’
1654 546 1716 598 τὸ
1747 546 1846 615 μὲν

277 632 360 683 δτι
392 630 513 701 μηδ’
547 630 707 693 αὐτὸς
730 632 930 703 τίθησι,
958 633 1018 685 τὸ
1063 633 1107 685 δ’
1142 635 1225 687 ὅτι
1264 636 1714 707 πεπλανημένως,
1751 636 1846 689 καὶ

277 722 434 788 ἐκτὸς
460 722 559 794 τῆς
586 724 767 795 κοινῆς
788 724 945 796 δόξης
972 725 1193 796 θέμενος
1216 728 1475 798 ὁρίζεται.
1505 729 1689 793 Οὕτως
1725 730 1845 783 οὐδὲ

279 814 466 885 θηρίον
499 814 651 867 οὐδὲν
695 816 883 879 κακὸν,
919 816 1180 887 λογισμοῦ
1223 819 1584 890 ἐστερημένον
1604 837 1619 850 “
1641 820 1847 891 ἄνθρω-

278 923 381 969 πος
422 906 483 959 δὲ.
513 905 789 977 κακοήθης
846 908 1014 961 κακὸν
1046 906 1111 960 ἂν
1161 908 1283 978 εἴη,
1334 908 1578 980 λογισμῷ
1625 909 1844 980 μετιὼν.

278 996 423 1069 άπερ
443 999 644 1068 ἥκιστα
674 999 882 1066 ἀγνοεῖ·
910 999 942 1068 ἠ
971 998 1080 1068 γὰρ
1103 998 1197 1052 τοῦ
1224 999 1483 1070 λογισμοῦ
1514 1004 1610 1071 τῆς
1636 1001 1848 1069 φύσεως

278 1089 560 1161 προσθήκη
591 1088 743 1160 φέρει
780 1089 881 1159 τῆς
911 1090 1108 1153 κακίας
1146 1090 1207 1143 τὸ
1256 1090 1525 1163 ἔγκλημα,
1575 1110 1849 1163 προκατα-

279 1181 620 1246 σκευάζουσα
666 1180 825 1249 δῆλον
856 1176 995 1233 εἶναι
1033 1180 1094 1232 τὸ
1140 1182 1545 1254 πραττόμενον’
1579 1185 1612 1253 ὴ
1648 1182 1703 1237 δὲ
1748 1183 1848 1250 τῆς

278 1272 530 1340 γνώσεως
561 1272 850 1344 ἀφαίρεσις
892 1273 990 1342 τῆς
1026 1272 1222 1335 αἰτίας.
1270 1273 1424 1326 υῦτω
1452 1274 1516 1344 δὴ
1552 1266 1713 1342 γνοὺς
1750 1274 1848 1344 μὲν

278 1362 562 1433 ἄνθρωπος
610 1362 811 1433 ἄμφω,
848 1363 1047 1433 ἀρετήν
1079 1380 1139 1415 τε
1183 1364 1279 1417 καὶ
1326 1364 1556 1427 κακίαν,
1601 1365 1735 1435 ὅπερ
1781 1364 1848 1418 ἂν

278 1452 485 1521 έληται,
506 1451 692 1520 φθάνει
722 1452 828 1523 γὰρ
861 1455 894 1522 ἡ
923 1450 1120 1520 γνῶσις
1151 1452 1249 1524 τὴν
1271 1453 1503 1524 αἵρεσιν,
1530 1454 1621 1509 ἀπ’
1643 1454 1846 1507 ἐκείνου

278 1542 555 1595 καλεῖται·
587 1542 716 1613 πρὶν
744 1542 801 1595 δὲ
837 1541 1039 1610 γνῶναι
1065 1544 1257 1613 νήπιον
1284 1544 1546 1615 ὑπάρχον,
1570 1544 1847 1615 οὐδέτερον

278 1633 387 1693 τῶν
428 1634 612 1705 ἄκρων
661 1634 921 1688 καλεῖται.
970 1635 1139 1703 Δῆλον
1171 1636 1347 1689 τοίνυν
1382 1636 1736 1707 πανταχόθεν,
1771 1638 1845 1700 ὼς

276 1725 355 1796 τῷ
382 1726 625 1796 λογισμῷ
651 1726 745 1780 καὶ
776 1728 841 1796 τῇ
880 1726 1017 1797 μετά
1044 1726 1142 1797 τὴν
1174 1728 1373 1796 γνῶσιν
1409 1729 1616 1800 αίρέσει
1650 1730 1844 1783 κακίαν

1945 545 2096 601 facit.
2133 544 2190 598 Si
2218 545 2381 614 igitur
2403 559 2574 612 neque
2599 545 2648 597 id
2686 540 2828 611 quod
2856 540 3156 610 cognoscit,
3183 539 3385 593 bonum
3413 554 3504 594 ue-

1946 634 2242 689 cessarium
2297 633 2614 697 vocabitur;
2676 632 2923 700 sequitur
2971 644 3144 699 neque
3176 628 3229 682 id
3277 629 3418 697 quod
3451 643 3510 683 se

1947 727 2123 796 ipsum
2155 733 2209 780 et
2250 724 2380 795 quid
2412 726 2504 788 sit,
2567 725 2797 793 ignorat,
2849 723 3141 793 nequitiam
3183 736 3307 777 esse
3336 738 3349 773 :
3375 735 3511 791 quo-

1946 833 2065 872 rum
2094 818 2319 872 alterum
2346 832 2519 886 neque
2542 818 2655 886 ipse
2686 816 2940 881 admittit,
2973 815 3202 870 alterum
3249 829 3378 868 vero
3414 829 3512 883 per

1945 924 2184 963 errorem
2225 919 2279 963 et
2316 916 2505 962 contra
2541 924 2881 963 communem
2912 907 3376 961 existimationem
3398 917 3515 961 sta-

1946 1001 2070 1055 tuit.
2109 999 2200 1054 Sic
2220 1015 2396 1069 neque
2439 999 2557 1054 fera
2582 1000 2695 1053 ulla
2715 999 2854 1053 mala
2879 1008 2983 1061 est,
3017 1014 3138 1052 cum
3172 998 3244 1053 sit
3278 999 3516 1053 rationis

1947 1108 2141 1162 expers
2169 1111 2181 1145 :
2213 1092 2376 1146 homo
2431 1108 2559 1146 vero
2588 1093 2728 1146 male
2772 1099 3036 1153 moratus,
3067 1091 3244 1145 malus
3274 1098 3379 1156 est,
3414 1093 3508 1160 qui

1954 1184 2167 1238 ratione
2211 1191 2367 1237 utens
2394 1184 2631 1253 capessit
2671 1199 2791 1253 qua:
2832 1198 2939 1236 non
2986 1185 3194 1254 ignorat
3223 1207 3235 1238 ;
3264 1184 3510 1238 accessio

1945 1276 2089 1331 enim
2106 1275 2336 1330 rationis
2364 1276 2428 1328 ad
2455 1284 2724 1341 naturam,
2754 1276 3007 1345 nequitia:
3031 1277 3234 1330 crimen
3262 1276 3511 1343 inducit;

1946 1380 2211 1440 praeparat
2240 1369 2384 1423 enim
2402 1370 2544 1423 ratio
2564 1369 2927 1438 cognitionem
2954 1369 3186 1422 actionis
3215 1380 3507 1439 susceptae;

1946 1461 2177 1531 privatio
2222 1469 2402 1516 autem
2444 1460 2773 1531 cognitionis
2820 1461 3054 1530 privatio
3104 1470 3188 1514 est
3236 1460 3407 1529 culpa:
3455 1469 3511 1515 et

1947 1552 2211 1606 criminis.
2241 1551 2331 1606 Sic
2355 1552 2517 1605 homo
2542 1559 2832 1621 utrumque
2862 1567 3217 1621 cognoscens,
3252 1552 3507 1606 virtutem

1948 1642 2155 1696 scilicet
2194 1649 2247 1696 et
2281 1642 2492 1705 vitium,
2544 1643 2611 1696 ab
2654 1658 2718 1696 eo
2757 1642 2898 1711 quod
2943 1643 3113 1712 eligit,
3156 1643 3509 1709 nominatur;

1947 1734 2218 1789 antecedit
2270 1735 2413 1788 enim
2476 1735 2725 1789 electioni
2769 1734 3004 1804 cognitio
3058 1752 3071 1787 :
3126 1734 3278 1803 prius
3329 1742 3507 1787 autem

276 1833 335 1869 τε
370 1818 465 1869 καὶ
513 1817 710 1888 ἀρετὴν
756 1817 1099 1889 λογιζόμεθα.
1142 1819 1223 1872 Τά
1261 1820 1439 1873 τοίνυν
1470 1821 1710 1891 ἀμέτοχα
1750 1822 1841 1874 λο-

1945 1839 2107 1894 quam
2159 1832 2470 1893 cognOscat,
2529 1824 2655 1878 dum
2693 1839 2825 1893 puer
2872 1839 3077 1893 parvus
3113 1831 3219 1887 est,
3252 1838 3282 1876 a
3313 1831 3511 1877 neutro

276 1908 475 1978 γισμοῦ
537 1907 697 1979 θηρία
755 1909 854 1962 οὐκ
887 1909 953 1963 ἂν
985 1908 1070 1980 εἴη
1122 1909 1300 1972 κακὰ,
1356 1911 1477 1965 οὐδὲ
1532 1914 1596 1965 ὲκ
1648 1912 1843 1976 κακίας

275 1998 718 2071 προενηνεγμένα
745 2018 759 2031 ⁸
795 2002 1091 2073 ἐπειδήπερ
1122 2002 1224 2056 κᾶν
1257 2002 1435 2073 ἐκείνη
1481 2000 1653 2065 οὕτως
1706 2003 1839 2073 ἔχοι,

275 2088 374 2141 οὐκ
400 2087 464 2141 ἂν
491 2089 575 2157 εἴη
599 2089 784 2144 κακία.

1946 1922 2189 1971 extremo
2230 1915 2576 1979 nominatur,
2634 1915 2687 1969 id
2738 1924 2820 1969 est
2876 1930 3051 1985 neque
3096 1915 3273 1970 bonus
3334 1931 3517 1984 neque

1952 2008 2128 2062 malus
2163 2008 2381 2063 dicitur.
2435 2008 2797 2074 Quamobrem
2827 2024 2889 2063 ex
2924 2008 3069 2062 omni
3112 2017 3266 2079 parte
3316 2009 3507 2078 liquet,

1945 2098 2199 2153 virtutem
2240 2106 2293 2153 et
2344 2099 2531 2153 vitium
2558 2099 2778 2162 rationi,
2829 2106 2883 2153 et
2912 2108 3034 2169 post
3083 2102 3345 2154 rationem
3406 2100 3510 2154 ele-

274 2179 443 2232 ctioni
475 2180 718 2234 attribui.
771 2179 964 2235 Bestiae
997 2181 1161 2252 igitur
1200 2199 1321 2251 quae
1360 2197 1472 2236 non
1518 2191 1644 2237 sunt
1688 2185 1918 2241 rationis
1973 2189 2286 2258 participes,
2332 2204 2441 2244 non
2480 2196 2605 2243 sunt
2638 2204 2892 2259 nequam,
2920 2205 3022 2244 nec
3065 2204 3095 2242 a
3119 2189 3357 2259 nequitia
3382 2204 3508 2258 pro-

273 2273 486 2339 ductaz,
538 2273 667 2344 quia
725 2275 770 2330 si
820 2275 909 2329 illa
964 2274 1039 2328 ita
1083 2290 1143 2330 se
1193 2275 1408 2339 habeat,
1457 2292 1567 2331 non
1609 2286 1693 2333 est
1746 2280 2008 2349 nequitia.

1217 2415 1345 2469 CAP.
1377 2414 1541 2471 XXII.
1584 2415 1911 2486 Serpentium
1939 2436 2001 2473 ac
2027 2421 2325 2475 morborum
2354 2423 2579 2477 utilitas.

350 2532 555 2596 ’Λλλως
584 2548 641 2584 τε
668 2532 796 2595 ῐδοις
819 2530 884 2584 ἂν
916 2531 1174 2593 πολλάκις
1206 2531 1297 2582 καὶ
1325 2530 1432 2583 τῶν
1469 2531 1712 2601 ἑρπετῶν
1741 2534 1843 2585 αὐ-

273 2624 380 2677 τῶν
414 2626 474 2678 τὸ
517 2622 914 2695 χαλεπώτατον,
947 2623 1090 2691 λέγω
1132 2621 1194 2692 δὴ
1237 2622 1326 2674 τὸν
1366 2622 1461 2686 ίὸν,
1491 2624 1570 2685 είς
1603 2624 1843 2694 ἰατρείαν

272 2717 413 2787 πρὸς
448 2716 557 2769 τῶν
610 2715 1014 2788 ἀκριϐεστάτων
1055 2712 1254 2784 ἰατρῶν
1292 2713 1716 2784 λαμϐανόμενον,
1752 2717 1845 2768 καὶ

272 2812 337 2879 τῇ
404 2808 511 2861 τῶν
544 2806 921 2877 ἀπομάχεσθαι
964 2806 1273 2875 δυναμένων
1318 2805 1609 2877 παραμίξει
1652 2806 1840 2860 καθαί-

274 2918 439 2972 ροντα
470 2900 576 2953 τῶν
608 2898 792 2953 παθῶν
825 2897 970 2950 ἔστιν
1015 2898 1102 2949 ὅτε
1146 2896 1213 2948 τά
1256 2897 1633 2966 χαλεπώτατα·
1662 2898 1758 2960 τάς
1788 2899 1844 2951 δὲ

273 2994 485 3064 σάρκας
531 2991 698 3052 αὑτὰς
750 2989 951 3059 ἐτέρων
1002 2988 1157 3041 εἰδῶν
1199 3004 1257 3040 τε
1308 2988 1402 3040 καὶ
1444 2988 1675 3058 βοτανῶν
1706 3006 1843 3059 συμ-

2021 2534 2291 2593 Praeterea
2333 2538 2518 2593 videre
2550 2538 2676 2593 licet
2709 2550 3105 2609 sepenumero,
3146 2535 3289 2606 quod
3332 2542 3417 2589 est
3453 2534 3507 2587 in

1949 2628 2290 2699 serpentibus
2338 2630 2780 2685 nocentissimum
2819 2648 2835 2685 ι
2874 2642 3137 2683 venenum
3169 2626 3290 2679 dico
3332 2641 3360 2679 a
3398 2641 3511 2678 me-

1948 2717 2087 2771 dicis
2117 2716 2542 2772 absolutissimis
2574 2716 2641 2770 ad
2676 2716 2998 2769 medicinam
3026 2711 3293 2773 adhiberi,
3324 2717 3377 2763 et
3417 2710 3512 2763 mi-

1951 2817 2035 2862 sta
2080 2821 2203 2860 cum
2262 2806 2330 2861 iis
2391 2821 2511 2875 quae
2564 2812 2796 2875 possunt
2842 2802 3112 2863 auxiliari,
3156 2799 3510 2870 gravissimos

1952 2900 2173 2953 morbos
2212 2897 2481 2951 interdum
2510 2897 2810 2965 depellere;
2856 2904 2909 2949 et
2958 2911 3022 2948 ex
3058 2895 3190 2963 ipsis
3227 2893 3507 2955 carnibus,

1950 2991 2073 3045 aliis
2101 2989 2394 3060 generibus
2432 2996 2486 3044 et
2532 2988 2715 3043 herbis
2754 2986 3002 3041 admistis
3032 2986 3298 3053 optimum
3342 3000 3513 3037 reme-

271 3086 447 3153 πλοκῇ
507 3084 792 3153 φάρμακον
857 3082 1075 3148 ἄριστον
1140 3078 1382 3149 σώμασιν
1456 3079 1841 3143 ἀποτελούσας.

1951 3087 2099 3141 dium
2130 3084 2453 3156 corporibus
2474 3084 2691 3138 confici.
2727 3083 2988 3137 Similiter
3016 3082 3071 3135 in
3117 3081 3240 3135 aliis
3270 3079 3463 3134 bestiis
3490 3097 3505 3132 :

269 3174 674 3248 Παραπλησίως
699 3174 753 3226 δὲ
784 3173 879 3226 καὶ
919 3172 1025 3225 τῶν
1066 3171 1237 3225 ἄλλων
1271 3171 1507 3242 θηρίων
1564 3172 1703 3243 μέρη
1737 3173 1844 3243 γάρ

268 3287 391 3323 τινα
418 3269 510 3322 καὶ
539 3267 696 3338 μέλη,
720 3267 812 3319 καὶ
843 3261 980 3336 αἷμα
1019 3264 1139 3317 καθ’
1183 3264 1314 3317 αὐτὸ
1348 3264 1604 3329 πολλάκις
1630 3266 1846 3337 εὐεργε-

268 3360 422 3414 τοῦσι
452 3359 774 3429 κάμνοντας.
803 3358 924 3421 Πῶς
952 3352 1043 3410 οῦν
1073 3358 1137 3409 ὲκ
1167 3356 1364 3421 κακίας
1393 3358 1503 3409 ἐστὶ
1547 3360 1616 3411 τὰ
1660 3360 1716 3411 ὲν
1751 3358 1846 3428 μέ-

272 3470 356 3519 ρει
378 3452 471 3504 καὶ
490 3448 829 3520 ὼφελοῦντα;
857 3449 1040 3502 Ταῦτα
1060 3448 1345 3517 τοιγαροῦν
1372 3449 1583 3502 ᾶπαντα
1603 3450 1845 3519 χρήσιμα

272 3541 434 3611 μόνον
475 3540 540 3594 δι’
573 3539 890 3612 ἀνθρώπους
935 3540 1197 3609 ήγητέονα
1246 3540 1369 3593 οὔτε
1409 3540 1465 3593 δὲ
1506 3539 1684 3609 ἀγαθά
1723 3539 1845 3594 οὔτε

269 3632 418 3686 κακά
476 3632 963 3704 προσαγορευτέον,
1020 3631 1136 3695 δέος
1193 3632 1349 3702 μόνον
1404 3632 1710 3699 ἀνθρώποις
1754 3633 1845 3685 ἀν-

270 3725 515 3794 αγκαίως
541 3724 869 3796 ἐμποιοῦντα
890 3725 1023 3795 πρὸς
1041 3726 1369 3795 ἐπιστροφὴν
1402 3724 1495 3777 τοῦ
1518 3725 1839 3795 κρείττονος·

269 3817 365 3870 καὶ
397 3816 455 3868 τὸ
480 3817 645 3886 ἀργὸν
686 3816 860 3869 αὐτῶν
886 3816 1080 3887 ἀργίας
1104 3816 1253 3887 παρὰ
1285 3814 1589 3885 ἀνθρώποις
1621 3816 1845 3869 κωλυτι-

268 3909 397 3962 κόν·
425 3911 600 3961 κεῖται
636 3907 745 3979 γάρ
784 3907 922 3961 αὑτά
946 3908 1208 3978 μάστιγος
1235 3908 1389 3977 δίκην
1435 3908 1762 3978 φαινομένης
1785 3910 1842 3961 ἐν

266 4002 403 4072 οἴκῳ
432 4002 567 4073 πρὸς
604 4001 943 4071 κατασκευὴν
973 4000 1253 4063 εὐλαϐείας
1289 4000 1395 4053 τῶν
1422 4001 1664 4063 οἰκετῶν,
1696 4001 1843 4065 εἴτις

267 4094 576 4164 ἀργήσειεν,
599 4093 631 4164 ἢ
653 4094 706 4146 εί
729 4110 814 4156 τις
838 4093 1178 4164 πλημμελοίη
1202 4093 1312 4146 τῶν
1334 4093 1474 4146 κατά
1502 4092 1596 4164 τὴν
1628 4094 1806 4146 ἑστίαν
1826 4111 1838 4124 ο

267 4183 393 4237 εἰδὲ
411 4187 678 4254 πονηροὺς
699 4183 843 4235 ἔστιν
866 4183 991 4235 ἰδεῖν
1015 4183 1177 4254 μηδὲν
1199 4184 1301 4238 ὑπὸ
1327 4184 1528 4236 τούτων
1551 4183 1845 4255 βλαπτομέ-

267 4290 411 4335 νους,
439 4271 715 4342 θαύμασον
741 4271 833 4324 τοῦ
855 4272 1123 4325 Δεσπότου
1146 4272 1205 4325 τὸ
1228 4272 1562 4337 ἀνεξίκακον.
1590 4272 1752 4325 Οὐδὲν
1788 4273 1843 4327 δὲ

265 4358 425 4432 ἦττον
444 4364 658 4433 νοητέον
684 4363 781 4434 τὴν
804 4363 1208 4434 παρακειμένην
1246 4365 1481 4434 μάστιγα
1502 4382 1514 4395 ο
1538 4365 1843 4419 τούναντίον

1948 3177 2191 3249 quaedam
2224 3178 2368 3231 enim
2410 3183 2592 3247 partes
2624 3180 2676 3229 ει
2725 3173 2966 3228 membra
3008 3180 3062 3225 et
3110 3171 3353 3239 sanguis.
3392 3170 3506 3223 sola.

1949 3286 2012 3325 ac
2044 3287 2140 3341 per
2172 3286 2230 3326 se
2253 3268 2644 3340 aegrotantibus
2672 3265 3003 3321 conducunt.
3031 3263 3311 3329 Quomodo
3344 3262 3509 3332 igitur

1949 3370 2076 3416 sunt
2118 3377 2184 3415 ex
2217 3363 2480 3431 nequitia,
2516 3375 2636 3428 qua:
2684 3375 2746 3413 ex
2782 3368 2933 3427 parte
2979 3365 3106 3411 sunt
3152 3355 3305 3409 utilia
3340 3363 3391 3407 et
3418 3354 3507 3423 ju-

1945 3454 2112 3507 vant?
2136 3453 2259 3508 Haec
2288 3454 2450 3523 igitur
2472 3454 2654 3507 omnia
2678 3449 2925 3504 ducenda
2960 3456 3085 3503 sunt
3112 3448 3263 3501 utilia
3286 3453 3505 3515 pmpter

1948 3543 2196 3599 homines
2227 3551 2472 3609 tantum;
2506 3558 2613 3596 non
2646 3548 2825 3594 autem
2855 3538 3173 3608 appellanda
3201 3544 3330 3591 sunt
3363 3537 3503 3591 bona

1948 3648 2123 3705 neque
2180 3636 2344 3697 mala,
2395 3651 2515 3704 qua:
2559 3632 2872 3687 hominibus
2924 3639 3134 3685 tantum
3194 3628 3505 3684 necessario

1947 3736 2147 3782 metum
2185 3726 2461 3795 injiciunt,
2497 3734 2555 3779 ut
2585 3726 2650 3777 ad
2690 3724 2883 3778 melius
2913 3724 3223 3778 institutum
3270 3736 3329 3776 se
3373 3735 3507 3774 con-

1946 3825 2156 3874 vertant
2184 3837 2196 3871 :
2228 3825 2281 3871 et
2310 3818 2478 3871 otium
2512 3816 2833 3875 bestiarum,
2875 3821 3038 3882 atque
3070 3812 3283 3866 vocatio
3313 3825 3502 3865 carum

1944 3924 1973 3961 a
2002 3907 2266 3972 vocando,
2307 3905 2449 3976 apud
2479 3905 2725 3959 homines
2760 3903 2929 3956 otium
2959 3911 3014 3956 et
3038 3902 3286 3955 inertiam
3319 3900 3503 3969 prohi-

1945 3998 2037 4053 bet
2063 4018 2077 4053 :
2103 4007 2231 4052 sunt
2254 4001 2399 4052 enim
2430 3998 2604 4067 posita
2633 3997 2749 4065 ipsa
2779 3996 2951 4050 instar
2974 3992 3167 4059 ﬂagelli
3196 3990 3505 4060 apparentis

1945 4090 1999 4145 in
2033 4090 2217 4154 domo,
2264 4096 2324 4141 ut
2365 4095 2606 4143 metuant
2647 4086 2833 4140 famuli
2889 4100 2953 4139 ac
2998 4083 3257 4146 ministri,
3302 4081 3347 4135 si
3378 4080 3504 4150 quis

1943 4197 2133 4237 eorum
2182 4195 2241 4235 se
2272 4179 2434 4234 dedat
2483 4179 2613 4241 otio,
2659 4186 2751 4231 aut
2787 4178 2833 4231 si
2874 4176 2997 4246 quis
3028 4174 3175 4229 domi
3203 4173 3502 4241 delinquat.

1946 4274 2003 4329 Si
2038 4289 2166 4329 vero
2196 4273 2462 4343 contingit
2490 4272 2674 4326 videre
2706 4271 2804 4325 has
2836 4286 2974 4340 quas
3006 4268 3265 4330 diximus,
3300 4267 3505 4321 bestias

1944 4365 2081 4420 nihil
2116 4380 2311 4419 nocere
2342 4364 2623 4433 improbis,
2655 4362 2987 4417 admiremur
3017 4360 3070 4413 in
3102 4360 3332 4413 Domino
3364 4358 3503 4411 tole-

264 4453 345 4517 δὲ,
362 4456 408 4507 εί
424 4456 647 4525 χρηστοὶ
664 4472 730 4507 πε
741 4455 1042 4526 ριπίπτοιεν
1064 4455 1289 4517 τούτοις,
1312 4456 1503 4520 ίστέον,
1522 4456 1616 4519 ὡς,
1634 4454 1838 4526 ἀγαθοῦ

1945 4457 2176 4511 rantiam
2212 4458 2498 4510 malorum.
2529 4454 2897 4508 Nihilominus
2932 4460 3113 4506 tamen
3154 4450 3505 4505 considerare

267 4546 745 4618 πλημμελοῦντος,
801 4547 1031 4617 φείσαιτ’
1084 4548 1149 4600 ἂν
1198 4548 1334 4619 πρὸς
1385 4548 1768 4619 ὲπιστρέφειαν
1811 4551 1839 4601 ὁ

266 4639 561 4710 Δεσπότης,
614 4639 733 4709 οὐχὶ
772 4640 828 4692 δὲ
874 4639 967 4692 τοῦ
1008 4639 1124 4692 λίαν
1153 4640 1593 4710 ἀπεγνωσμένου.
1638 4638 1697 4694 Ὀ
1743 4642 1839 4711 μὲν

264 4734 376 4803 γάρ
404 4733 596 4802 ἰάσιμα
641 4732 966 4802 πλημμελεῖ,
1003 4734 1031 4785 ὁ
1072 4732 1129 4785 δὲ
1173 4736 1416 4804 τηρεῖται
1464 4731 1600 4804 πρὸς
1624 4733 1840 4785 ἀνίατον

262 4824 530 4897 τιμωρίαν
552 4840 563 4851 ·
595 4822 820 4877 τοιαῦτα
854 4823 960 4896 γὰρ
998 4824 1366 4895 ὑποδείγματα
1396 4824 1687 4894 πάμπολλα
1710 4824 1838 4876 ἴδοι-

266 4936 370 4990 μεν
406 4917 472 4971 ἂν
518 4919 575 4971 ἐν
616 4920 735 4980 ταῖς
776 4918 946 4981 θείαις
986 4919 1228 4989 Γραφαῖς
1252 4917 1637 4988 ὑστερούμενα.
1669 4917 1837 4971 Μέλει

262 5012 444 5065 τοίνυν
473 5013 611 5065 πάνυ
654 5027 717 5079 γε
742 5010 859 5080 Θεῷ
896 5010 1212 5082 ἀνθρώπου·
1257 5011 1337 5063 διὸ
1379 5010 1646 5072 παντοίως
1688 5008 1837 5078 αὐτῷ

264 5106 335 5158 τὰ
380 5103 735 5157 ἀνακινοῦντα
779 5104 914 5175 πρὸς
962 5103 1242 5159 εὐλάϐειαν
1290 5103 1705 5176 παρατέθεικεν’
1763 5102 1837 5164 ὡς

268 5196 405 5267 μηδὲ
439 5196 529 5249 τὸν
562 5196 727 5250 ῦπνον
777 5198 1113 5266 πυκνοτάτης
1157 5197 1428 5269 ὀχλήσεως
1472 5194 1833 5267 ἀπηλλάχθαι,

262 5288 402 5342 ἀλλὰ
428 5290 519 5342 καὶ
544 5288 751 5351 τοῦτον,
782 5289 869 5342 διὰ
892 5289 1176 5343 κνωδάλων
1204 5290 1364 5343 τινῶν
1394 5289 1833 5359 ὲμποδιζόμενον,

263 5379 492 5450 κέντρου
518 5380 673 5448 δίκην
700 5380 908 5433 νύττειν
940 5380 1029 5432 τὸν
1055 5380 1336 5449 λογισμόν·
1368 5381 1461 5433 καὶ
1485 5379 1651 5433 πολλά
1677 5395 1739 5448 γε
1769 5378 1837 5431 τὰ

265 5469 567 5541 βοηθοῦντα
589 5475 654 5542 τῇ
693 5472 1005 5541 ἀνθρωπίνη
1049 5471 1299 5542 ἀσθενείᾳ
1347 5472 1663 5543 θαυμασίως
1702 5472 1836 5542 πρὸς

264 5562 571 5635 ἀνάμνησιν
590 5564 724 5617 Θεοῦ
743 5582 755 5594 ·
782 5565 848 5617 δι’
882 5558 956 5616 ὧν
980 5565 1087 5637 γὰρ
1115 5565 1309 5634 πάσχει
1354 5565 1696 5634 σωματικῶς,
1732 5580 1836 5616 πα-

267 5653 377 5707 θῶν
410 5657 590 5728 ψυχῆς
618 5656 1023 5728 ἐλευθεροῦταιθ
1067 5657 1156 5711 καὶ
1188 5656 1251 5710 δι’
1296 5676 1370 5711 ων
1416 5657 1606 5711 παθεῖν
1640 5656 1704 5710 ἂν
1744 5656 1835 5709 δυ-

266 5750 475 5803 νγθείτ.
508 5750 605 5805 κᾶν
638 5751 711 5825 μὴ
742 5751 901 5823 πάθῃ.
942 5751 1073 5823 πρὸς
1115 5749 1397 5803 εὐλάϐειαν
1430 5750 1830 5825 ἐπιστρέφεται.

1942 4557 2155 4618 Oportet
2190 4548 2457 4618 ﬂagellum
2500 4546 2875 4617 propositum:
2910 4552 3100 4598 contra
3129 4559 3257 4598 vero
3301 4545 3347 4597 si
3375 4543 3503 4597 honi

1943 4637 2193 4692 incidunt
2227 4638 2281 4692 in
2313 4637 2410 4691 has
2448 4635 2615 4697 feras,
2650 4634 3043 4689 advertendum
3076 4644 3181 4697 est,
3211 4634 3356 4703 quod
3398 4633 3505 4687 Do-

1940 4730 2124 4785 minus
2154 4730 2297 4785 bono
2325 4729 2663 4798 delinquenti
2690 4727 2955 4798 prOSpicit
2988 4735 3041 4782 et
3068 4736 3241 4791 cavet,
3272 4742 3379 4780 non
3409 4742 3505 4779 au-

1939 4830 2047 4877 tem
2093 4823 2141 4877 ei
2177 4824 2271 4891 qui
2304 4820 2459 4875 valde
2489 4820 2813 4889 desperatus
2857 4828 2963 4875 est.
2998 4818 3089 4873 Ille
3122 4820 3265 4873 enim
3294 4832 3502 4887 peccat,

1939 4932 2060 4987 quae
2089 4915 2271 4971 curari
2314 4921 2578 4985 possunt;
2622 4913 2710 4968 hic
2748 4929 2878 4968 vero
2912 4920 3225 4967 reservatur
3265 4911 3330 4966 ad
3375 4927 3505 4981 sup-

1940 5009 2187 5080 plicium,
2228 5007 2376 5078 quod
2425 5008 2580 5063 evadi
2615 5022 2722 5061 non
2763 5013 2940 5077 potest
2965 5024 2977 5059 :
3002 5003 3312 5073 Itujusmodi
3358 5003 3503 5058 enim

1939 5102 2185 5170 exempla
2226 5101 2493 5169 permulta
2546 5100 2599 5153 in
2640 5099 2839 5153 divinis
2870 5097 3169 5167 Scripturis
3202 5097 3387 5152 videre
3437 5110 3503 5150 ac

1940 5195 2120 5266 legere
2154 5194 2301 5248 licet.
2338 5193 2528 5263 Magna
2553 5195 2733 5262 itaque
2762 5206 2893 5246 cura
2922 5198 3006 5245 est
3036 5190 3145 5246 Deo
3168 5190 3235 5245 de
3262 5190 3499 5255 homine,

1937 5288 2288 5358 quamobrem
2321 5289 2578 5343 omnibus
2604 5286 2778 5341 modis
2808 5284 3109 5356 proposuit.
3140 5299 3261 5353 quae
3291 5298 3413 5337 eum
3435 5282 3500 5336 ad

1940 5386 2193 5439 timorem
2225 5391 2507 5439 moverent
2536 5391 2589 5437 et
2622 5383 2952 5447 excitarent;
2985 5388 3043 5434 ut
3073 5396 3249 5450 neque
3276 5393 3500 5433 somnus

1943 5475 2019 5529 illi
2062 5490 2092 5528 a
2140 5475 2469 5529 creberrima
2530 5474 2777 5528 molestia
2826 5473 2962 5527 liber
3009 5480 3188 5537 esset,
3233 5471 3365 5540 quin
3415 5469 3502 5523 hic

1942 5567 2104 5621 etiam
2134 5581 2163 5619 a
2195 5566 2520 5634 quibusdam
2554 5563 2684 5618 I'eris
2717 5572 2772 5617 et
2806 5562 3151 5633 serpentibus
3181 5559 3493 5630 impeditus,

1945 5657 2331 5723 cogitationem
2390 5655 2566 5709 instar
2612 5654 2817 5709 stimuli
2863 5659 3133 5724 pungeret
3175 5669 3188 5704 :
3224 5665 3287 5703 ac
3336 5648 3503 5702 multa

1942 5749 2159 5819 quidem
2186 5759 2313 5804 sunt
2341 5764 2461 5819 qua:
2484 5749 2776 5801 humanam
2805 5746 3169 5800 inﬁrmitatem
3196 5741 3407 5809 juvant.
3444 5746 3505 5796 ut
