4072 6338
555 337 691 393 ίιῖ9

1697 331 1832 386 TITI
1873 331 2184 388 BOSTREN
2194 331 2298 387 SIS
2330 331 2630 388 EPISCOPI

3653 330 3794 384 ιιεο

553 457 718 511 homo
750 450 1071 508 recordetur
1114 446 1210 503 Dei
1257 448 1486 518 ejusque
1528 449 1848 503 memoriam
1900 450 2114 504 habeat.

2230 451 2327 503 Kal.
2363 449 2680 522 περιπίπτει
2721 451 3052 520 σωματικοῖς
3095 448 3322 510 πάθεσιν
3352 449 3667 516 ἀναγκαίως
3702 451 3797 504 ἄν.

554 551 778 606 Miriﬁce
825 558 1064 614 namque
1115 558 1213 613 per
1259 559 1322 598 ea
1359 558 1480 613 quae
1521 559 1751 612 corpore
1809 545 2034 614 patitur,
2088 559 2120 598 a

553 639 758 695 morbis
803 637 1000 690 anima;
1034 633 1330 698 liheratur;
1361 640 1415 687 et
1447 647 1544 702 per
1589 647 1653 686 ea
1692 647 1814 702 quae
1843 634 1951 702 pati
1995 649 2121 704 pos-

554 740 658 797 set,
697 728 948 801 quamvis
995 741 1103 780 non
1138 725 1396 795 patiatur,
1445 724 1512 777 ad
1547 724 1794 780 timorem
1841 725 2118 780 converti-

553 835 660 878 tur.
707 821 901 876 Incidit
951 832 1170 889 quoque
1221 817 1384 870 homo
1435 817 1748 872 necessario
1793 817 1849 872 in
1899 818 2119 873 morbos

2222 542 2456 613 θρωπος,
2487 542 2574 595 ἵνα
2613 542 2674 594 τὸ
2719 541 3096 611 χαλεπώτατον
3135 542 3226 594 καὶ
3275 540 3430 611 μόνον
3464 540 3540 603 ὡς
3579 540 3798 610 ἀληθῶς

2221 633 2391 698 πάθος
2430 633 2663 705 διαφύγῃ
2720 633 2818 705 τὴν
2870 633 3174 705 ἁμαρτίαν·
3199 633 3290 686 ’τὸ
3339 632 3449 704 γάρ
3490 632 3800 703 ἀνάλγητον

2223 727 2522 780 ἀκόλαστον
2540 743 2554 758 ·
2590 729 2684 780 καὶ
2709 727 2768 780 τὸ
2800 726 3122 798 ἀτιμώρητα
3166 727 3477 797 ἁμαρτάνον
3515 723 3801 788 παντελῶς

2222 819 2613 890 διαφθείρεται.

549 917 818 983 corporis,
875 921 933 968 ut
976 918 1282 984 peccatum,
1335 909 1716 979 gravissimum
1770 912 2020 966 morbum
2059 920 2115 967 et
2142 915 2234 982 qui
2265 915 2416 970 solus
2473 928 2598 969 vere
2639 912 2862 968 morbus
2897 920 3002 978 est,
3037 911 3259 983 eﬁ‘ugiat
3297 911 3430 982 :qui
3487 912 3636 966 enim
3687 926 3797 964 non

551 1011 720 1071 dolet,
753 1008 1123 1074 intemperans
1152 1007 1270 1067 est;
1307 1010 1364 1054 et
1390 1001 1483 1069 qui
1515 1007 1704 1070 peccat
1735 1000 1974 1070 impune,
2003 1001 2249 1058 funditus
2279 1005 2439 1074 perit.

623 1101 682 1156 Si
715 1100 862 1155 enim
901 1108 1009 1152 tam
1050 1095 1234 1150 multis
1265 1109 1329 1148 ac
1363 1092 1530 1146 tantis
1559 1091 1628 1146 ad
1661 1091 1959 1146 timendum
1989 1107 2121 1163 proo

553 1193 770 1264 positis,
802 1207 870 1246 ex
911 1201 1106 1258 magna
1147 1193 1302 1256 parte
1345 1183 1595 1238 homines
1627 1198 1701 1261 ex.
1725 1185 1996 1239 vacuitate
2047 1183 2121 1236 ti-

556 1285 726 1340 moris
750 1288 1052 1353 aegrotant;
1076 1277 1352 1349 quomodo
1380 1277 1693 1331 convictum
1720 1284 1774 1330 et
1803 1276 2120 1331 societatem

556 1381 700 1433 inter
729 1391 789 1431 se
818 1374 1018 1428 habere
1041 1371 1369 1442 potuissent,
1399 1367 1443 1422 si
1477 1367 1660 1420 nullus
1685 1366 1766 1420 eis
1796 1373 1975 1420 metus
1996 1373 2122 1420 ante

555 1469 748 1525 oculos
779 1462 1148 1535 impenderet?
1183 1459 1353 1514 Mollit
1382 1459 1548 1528 igitur
1575 1457 1851 1512 duriorem
1883 1465 2119 1511 mentem

554 1563 806 1623 morbus;
865 1569 919 1613 et
968 1569 1339 1626 saepenumero
1385 1550 1729 1621 naufragium
1790 1559 2124 1605 mercatores

554 1651 813 1722 perjuriis
839 1651 1093 1701 assuetos
1127 1641 1391 1704 mutavit;
1420 1649 1472 1694 et
1500 1652 1696 1693 rursus
1723 1637 1905 1706 inopia
1930 1635 2126 1705 Opibus

554 1747 758 1799 elatmn
795 1737 1096 1809 depressit;
1141 1733 1351 1788 orbitas
1398 1729 1632 1786 ﬁliorum
1674 1728 1912 1784 correxit
1950 1727 2124 1782 avari-

559 1837 648 1888 tiae
685 1838 906 1902 prOpter
933 1828 1134 1882 liberos
1163 1823 1433 1879 deditum.

627 1924 781 1990 Quod
819 1923 863 1978 si
901 1935 1008 1974 non
1040 1916 1301 1980 correxit,
1325 1911 1631 1982 exemplum
1657 1911 1850 1966 saltem
1880 1910 2122 1966 sentien-

557 2019 703 2073 tibus
752 2015 1028 2086 praebuit:
1076 2026 1140 2065 ac
1185 2009 1338 2063 liberi
1375 2005 1592 2076 quidem
1643 2004 1846 2058 nu'llam
1895 2017 2125 2072 prorsus

555 2112 825 2181 jacturam
883 2114 976 2161 aut
1023 2105 1283 2159 damnum
1326 2101 1592 2159 fecerunt,
1635 2096 1878 2166 quinimo
1923 2093 2124 2150 beneﬁ-

555 2205 702 2256 cium
751 2205 1078 2269 acceperunt
1129 2196 1198 2249 ab
1245 2191 1591 2246 institutione
1628 2189 1893 2243 malorum
1925 2202 2123 2258 paren-

558 2303 674 2347 tum
706 2292 920 2347 liberati
943 2308 956 2320 ·
997 2288 1224 2342 avaritia
1253 2293 1435 2340 autem
1469 2283 1757 2339 refellitur.

2294 1096 2356 1148 El
2406 1095 2534 1166 γὰρ,
2577 1095 2671 1148 καὶ
2719 1094 2988 1148 τοσούτων
3026 1095 3444 1166 παρακειμένων
3481 1094 3564 1156 είς
3608 1092 3796 1162 φόϐον»

2223 1187 2456 1256 ἀφοϐίαν
2501 1187 2578 1251 ώς
2619 1187 2713 1239 ἐπὶ
2751 1187 2812 1240 τὸ
2859 1186 2991 1240 πολὺ
3030 1186 3274 1240 νοσοῦσιν
3319 1186 3596 1256 ἄνθρωποι
3620 1202 3633 1215 ·
3683 1184 3802 1250 πῶς

2222 1279 2288 1333 ἂν
2319 1282 2552 1333 συνεῖναι
2579 1279 2708 1347 γοῦν
2735 1279 2982 1350 ἀλλήλοις
3027 1277 3382 1349 ἐδυνήθησαν,
3424 1280 3472 1330 εί
3508 1277 3680 1347 μηδὲν
3705 1276 3803 1330 αύ-

2222 1373 2333 1434 τοῖς
2380 1372 2499 1423 κατ’
2533 1369 2841 1440 ὀφθαλμοὺς
2881 1370 3152 1442 ἐπῄρτητο
3198 1369 3352 1433 δέος;
3397 1367 3660 1438 μαλάττει
3694 1385 3803 1420 τοι-

2221 1460 2426 1531 γαροῦν
2450 1461 2542 1513 καὶ
2588 1458 2741 1522 νόσος
2782 1459 3018 1512 διάνοιαν
3071 1459 3468 1530 σκληροτέραν·
3519 1458 3614 1510 καὶ
3672 1474 3803 1511 ναυο

2225 1552 2377 1621 άγιον
2423 1551 2682 1614 πολλάκις
2721 1550 2994 1621 συμπεσὸν
3022 1550 3278 1622 ἐμπόρων
3316 1551 3570 1620 ἐπίορκον
3598 1550 3803 1620 τρόπον

2229 1643 2519 1713 μετέϐαλε·
2568 1642 2725 1696 πενία
2781 1638 2935 1706 αὖθις
2990 1642 3292 1712 κατήνεγκε
3344 1642 3436 1694 τὸν
3491 1641 3802 1712 ἐπαρθέντα

2227 1733 2476 1805 πλούτῳ·
2507 1733 2712 1788 παίδων
2749 1733 3000 1805 στέρησις
3053 1732 3385 1803 ἐσωφρόνισε
3432 1732 3524 1785 τὸν
3549 1732 3641 1785 διὰ
3677 1738 3799 1786 παῖε

2219 1821 2316 1884 δας
2341 1821 2781 1876 πλεονεκτοῦντα.

2298 1914 2360 1966 Εἰ
2397 1914 2455 1966 δὲ
2499 1913 2572 1983 μὴ
2608 1914 2957 1985 ἐσωφρόνισε,
2997 1913 3060 1966 τὸ
3108 1911 3412 1982 ὑπόδειγμα
3451 1915 3566 1976 τοῖς
3608 1911 3798 1964 αίσθαο

2228 2003 2470 2073 νομένοις
2497 2003 2765 2073 παρέσχε·
2793 2005 2886 2057 καὶ
2919 2005 2968 2057 οί
2996 2005 3092 2074 μὲν
3118 2003 3308 2066 παῖδες
3333 2003 3642 2075 ἐϐλάϐησαν
3669 2021 3790 2056 παν-

2227 2093 2394 2157 τελῶς
2425 2094 2593 2158 οὐδὲν,
2623 2095 2818 2164 μᾶλλον
2849 2097 2946 2166 μὲν
2965 2091 3056 2148 οῦν
3079 2095 3546 2167 εύηργετήθησαν,
3576 2095 3797 2164 ἀγωγῆς

2229 2185 2445 2254 φαύλων
2473 2185 2674 2254 γονέων
2699 2186 3130 2256 ἀπαλλαγέντες·
3155 2185 3227 2240 τά
3261 2187 3319 2240 δὲ
3358 2188 3458 2258 τῆς
3484 2186 3797 2253 πλεονεξίας

2227 2276 2578 2348 διελέγχεται.

853 2426 982 2481 CAP.
1015 2421 1200 2477 XXIII.
1239 2421 1465 2475 Jactura
1495 2420 1798 2474 liberorum.
1829 2417 2089 2471 Absoluta
2127 2416 2268 2472 ratio
2298 2432 2475 2470 rerum
2506 2431 2638 2486 quas
2666 2415 2808 2470 Deus
2828 2414 3108 2486 gubernat,
3143 2417 3490 2486 incomperta.

631 2540 845 2595 Rursus
865 2540 956 2593 alii
979 2552 1102 2592 cum
1131 2543 1385 2606 parentes
1407 2533 1608 2603 alioqui
1639 2532 1838 2602 probos
1859 2532 2121 2596 habeant,

558 2635 888 2697 moriun.ur,
928 2639 1022 2685 aut
1053 2628 1179 2699 quia
1220 2627 1392 2682 futuri
1425 2633 1581 2682 erant
1625 2625 1835 2696 indigni
1865 2625 2127 2696 genitori-

556 2726 660 2780 bus
708 2724 862 2787 suis,
910 2737 980 2776 ne
1029 2721 1296 2776 bonorum
1347 2720 1504 2774 malas
1556 2719 1822 2774 columna:
1863 2724 2122 2772 exstent:

558 2824 654 2869 aut
683 2816 729 2870 si
766 2813 924 2885 probi
955 2811 1174 2883 quidem
1206 2819 1356 2877 sunt,
1387 2811 1603 2865 evasuri
1630 2818 1809 2864 tamen
1828 2809 1977 2875 pravi
2007 2823 2126 2860 mu-

557 2907 768 2960 tatione
790 2919 1024 2968 morum,
1061 2905 1105 2958 si
1137 2909 1448 2956 crescerent
1467 2943 1482 2966 ,
1511 2901 1774 2956 beneﬁcio
1795 2899 2125 2961 adiciuntur,

559 3014 668 3053 non
699 3003 1079 3068 permanentes
1111 2996 1165 3050 in
1199 2994 1399 3048 malum
1433 3007 1615 3055 suum,
1647 2991 1830 3045 omnia
1873 2989 1966 3045 Dei
1994 3004 2122 3059 pro-

2304 2529 2511 2582 Ἀλλων
2551 2526 2706 2594 αὖθις
2751 2525 2809 2583 εὖ
2855 2529 3213 2600 διακειμένων
3260 2531 3606 2597 τελευτῶσιν,
3657 2534 3689 2604 ἢ
3728 2536 3794 2602 ώς

2227 2621 2433 2688 ἀνάξιοι
2465 2624 2574 2676 τῶν
2617 2623 2901 2692 φυσάντων
2946 2625 3318 2694 γενησόμενοι,
3371 2625 3456 2679 ἵνα
3511 2627 3586 2696 μὴ
3634 2629 3795 2699 στήλη

2229 2717 2370 2786 κακὴ
2399 2713 2616 2783 ἀγαθῶν
2654 2715 2959 2769 ἀναστῶσιν
2979 2733 2992 2745 ·
3032 2715 3064 2787 ἢ
3095 2716 3286 2785 ἀγαθοί
3315 2735 3378 2786 γε
3417 2720 3796 2789 τυγχάνοντες,

2229 2811 2277 2861 εί
2305 2809 2395 2861 ἐπὶ
2417 2807 2576 2861 πλέον
2607 2807 2908 2878 αὐξηθεῖεν,
2933 2807 3010 2872 ώς
3029 2809 3093 2861 ὲκ
3121 2808 3424 2880 μεταϐολῆς
3446 2813 3796 2882 γενησόμενοι

2231 2895 2445 2965 φαῦλοι,
2482 2895 2910 2966 εὐεργετοῦνται,
2943 2897 3016 2967 μὴ
3041 2895 3163 2950 καθ’
3198 2898 3406 2952 ἑαυτῶν
3454 2900 3793 2970 διαμένοντες

2228 2987 2294 3055 τῇ
2352 2985 2654 3056 προγνώσει
2707 2985 2798 3038 τοῦ
2859 2985 2991 3039 Θεοῦ
3055 2987 3231 3041 πάντα
3290 2989 3636 3054 διοικοῦντος.
3686 2993 3792 3046 Καὶ

559 3064 799 3148 videntia
841 3098 895 3145 et
929 3088 1357 3160 praecognitione
1380 3101 1477 3142 sua
1519 3084 1877 3155 gubernante.
1916 3080 2120 3134 Admo-

2230 3079 2508 3148 ἀναγκαῖοί
2545 3096 2609 3149 γε
2645 3080 2764 3132 λίαν
2803 3082 2852 3134 οἱ
2889 3081 3062 3148 φόϐοι,
3097 3083 3192 3135 καὶ
3223 3085 3442 3140 ποικίλα
3478 3086 3570 3139 καὶ
3601 3089 3795 3160 ἀπειρσ

555 3185 686 3237 dum
727 3184 911 3251 itaque
947 3179 1242 3235 necessarii
1272 3185 1400 3232 sunt
1441 3183 1639 3236 metus,
1668 3181 1721 3226 et
1768 3171 1932 3225 variae
1964 3177 2126 3238 atque

559 3275 784 3330 inﬁnita:
815 3280 944 3330 sunt
975 3287 1155 3327 causae
1191 3285 1380 3326 eorum
1423 3283 1544 3339 quae
1585 3267 1728 3323 Deus
1752 3265 2036 3335 dispensat
2061 3279 2126 3318 ac

558 3368 840 3437 providet;
887 3373 942 3421 et
982 3379 1124 3434 saepe
1185 3363 1384 3432 sacpius
1432 3360 1620 3416 eadem
1665 3363 1887 3428 propter
1943 3353 2126 3410 varias

558 3471 755 3512 causas
794 3455 1071 3510 eveniunt.
1119 3451 1212 3509 Ille
1261 3459 1488 3522 aegrotat
1530 3457 1753 3520 propter
1794 3455 2035 3518 peccata,
2067 3452 2128 3500 ut

561 3557 952 3605 convertatur:
992 3548 1133 3602 alius
1160 3555 1382 3617 propter
1405 3543 1687 3606 virtutem,
1719 3547 1780 3595 ut
1818 3539 1992 3610 magis
2030 3538 2128 3592 ad-

565 3641 671 3694 huc
705 3648 1057 3704 exerceatur;
1092 3637 1148 3692 in
1177 3636 1548 3693 testimonium
1576 3634 1703 3688 item
1737 3631 1878 3687 alius
1906 3640 2128 3701 propter

564 3727 794 3782 nimium
825 3734 1132 3797 peccatum,
1168 3733 1228 3781 ut
1257 3732 1550 3796 arguatur;
1586 3733 1638 3778 et
1667 3721 1913 3791 ejusdem
1961 3735 2126 3775 casus

566 3819 728 3874 variae
755 3820 917 3874 etiam
948 3833 1149 3875 causae.
1182 3818 1277 3874 Ille
1306 3817 1505 3872 amittit
1529 3831 1662 3887 opes
1691 3815 1829 3870 male
1859 3813 1938 3869 eis
1967 3828 2125 3878 usus,

564 3911 674 3968 Deo
698 3916 782 3968 sic
813 3912 891 3966 illi
925 3911 1292 3982 prospiciente
1318 3924 1383 3964 ac
1410 3915 1744 3979 praecavente
1770 3926 1783 3962 :
1809 3907 1948 3962 alius
1971 3915 2030 3960 ut
2059 3906 2126 3960 ad

562 4008 818 4064 virtutem
849 4021 946 4076 per
969 4005 1206 4074 inopiam
1241 4019 1300 4060 se
1321 4009 1575 4058 exerceat
1605 4001 1781 4056 :alius
1812 4007 2005 4069 sponte
2029 4015 2128 4054 sua

563 4114 726 4170 grave
769 4099 981 4168 pondus
1019 4096 1331 4150 divitiarum
1362 4094 1567 4164 abjicit,
1613 4108 1680 4148 ne
1733 4093 1846 4146 sint
1874 4093 1923 4147 ei
1959 4093 2131 4161 impe-

565 4192 810 4246 dimento
857 4188 923 4242 ad
955 4188 1237 4242 virtutem.
1281 4184 1469 4256 Neque
1504 4185 1660 4239 facile
1689 4184 1958 4255 quispiam
2006 4198 2131 4254 per-

563 4280 777 4351 spicere
814 4285 994 4348 potest
1042 4276 1349 4332 absolutam
1399 4277 1666 4330 rationem
1717 4289 1904 4330 earum
1946 4289 2130 4328 rerum

561 4387 700 4441 quas
724 4370 866 4425 Deus
896 4368 1180 4440 gubernat,
1207 4376 1267 4422 ut
1299 4367 1612 4423 hominibus
1652 4366 1921 4422 consulat.
1947 4365 2126 4420 Pauca

564 4439 692 4518 vero
719 4476 840 4532 quae
871 4439 1267 4530 comprehensa
1309 4466 1458 4523 sunt,
1506 4457 1666 4512 ﬁdem
1701 4455 1908 4511 faciunt
1939 4470 2130 4510 eorum
2155 4439 2208 4498 Β

564 4569 686 4624 quae
728 4569 838 4608 non
873 4562 1023 4609 sunt.
1056 4551 1312 4618 Quaedam
1343 4551 1489 4605 enim
1534 4550 1650 4621 ipse
1682 4548 1922 4604 declarat
1960 4547 2136 4603 homi-

567 4646 748 4708 nibus,
785 4653 843 4698 ut
872 4644 1279 4714 quodammodo
1313 4659 1379 4698 ex
1406 4643 1474 4698 iis
1499 4657 1618 4712 qum
1651 4643 1914 4703 sentiunt,
1941 4655 2135 4695 ascen-

565 4737 695 4794 dere
723 4738 936 4808 possint
961 4737 1028 4790 ad
1061 4751 1208 4791 eum.
1231 4735 1353 4790 Alia
1381 4750 1511 4790 vero
1539 4735 1770 4804 plurima
1798 4735 2135 4790 obscuritate

567 4830 831 4899 contegit,
866 4843 938 4883 ne
967 4835 1161 4883 contra
1193 4843 1254 4883 se
1288 4826 1381 4882 ﬁat
1412 4827 1672 4898 magister
1697 4843 1806 4882 non
1835 4825 2088 4882 credendi
2117 4843 2130 4878 :

571 4936 670 4977 nec
698 4921 843 4975 enim
876 4920 1105 4976 decebat
1139 4921 1381 4974 omnium
1407 4935 1527 4989 quae
1549 4919 1825 4989 sigillatim
1856 4919 2011 4983 ﬁunt,
2040 4918 2137 4974 de-

567 5012 994 5067 monstrationes
1022 5027 1053 5066 a
1086 5009 1197 5065 Deo
1225 5025 1484 5080 poscere;
1518 5010 1788 5079 siquidem
1823 5007 2135 5079 hujusmodi

569 5103 807 5172 cognitio
855 5103 1128 5158 diﬁicilior
1167 5111 1226 5158 et
1271 5103 1428 5174 pejor
1471 5111 1554 5156 est
1584 5117 1746 5172 quam
1790 5101 2132 5170 ignorantia;

570 5192 672 5248 hac
693 5194 839 5248 enim
876 5196 1086 5249 ratione
1128 5194 1392 5249 suadetur
1437 5195 1628 5256 menti,
1657 5193 1804 5263 quod
1849 5193 2134 5258 addiscat;

573 5285 774 5355 alioqui
798 5287 932 5340 nihil
957 5303 1170 5350 eorum,
1201 5303 1323 5356 quae
1351 5285 1494 5342 Deus
1522 5287 1808 5356 gubernat,
1843 5285 1908 5341 ad
1927 5285 2134 5354 justam

572 5377 1022 5446 gubernationem
1057 5379 1307 5434 referret.
1339 5377 1529 5432 Melior
1553 5385 1736 5432 autem
1766 5385 1852 5432 est
1876 5377 1930 5431 in
1968 5378 2135 5435 Deum

573 5467 706 5523 ﬁdes
741 5475 793 5522 et
822 5467 1090 5534 charitas;
1137 5477 1191 5522 et
1219 5467 1472 5539 quamvis
1501 5484 1655 5523 meus
1704 5483 1814 5522 non
1842 5467 2138 5537 perspiciat

574 5573 695 5626 quae
727 5559 881 5622 ﬁunt,
904 5560 1136 5617 conﬁdat
1172 5569 1354 5617 tamen
1391 5568 1540 5616 recte
1581 5561 1924 5632 gubernanti.
1959 5558 2131 5630 Siqu‘-

575 5645 698 5701 dem
731 5649 786 5703 in
826 5653 1080 5708 omnibus
1115 5654 1281 5707 rebus
1323 5652 1520 5707 adduci
1556 5651 1891 5721 argumentis
1923 5658 1978 5706 et
2010 5666 2128 5721 pro-

582 5739 912 5806 bationibus,
954 5747 1133 5813 potius
1159 5753 1302 5800 esset
1337 5743 1560 5815 perﬁdia
1593 5759 1754 5814 quam
1781 5743 1936 5800 ﬁdes.

2231 3171 2309 3241 τῷ
2339 3172 2530 3243 πλήθει
2577 3171 2645 3226 τά
2686 3173 2853 3236 αἴτια,
2893 3167 2968 3226 ὧν
3008 3173 3064 3227 δὲ
3095 3174 3226 3239 Θεὸς
3261 3178 3567 3248 οἰκονομεῖ·
3606 3181 3699 3233 καὶ
3735 3182 3796 3234 τὸ

2231 3265 2368 3318 αὐτά
2412 3265 2666 3330 πολλάκις
2707 3267 2794 3321 διὰ
2842 3267 3088 3332 ποικίλας
3136 3268 3437 3339 προφάσεις
3494 3272 3779 3340 συμϐαίνει

2244 3357 2301 3410 'O
2336 3357 2434 3427 μὲν
2479 3359 2752 3428 ἀρρωστεῖ
2801 3359 2867 3412 δι’
2912 3360 3185 3431 ἀμαρτίας
3235 3362 3729 3433 ἐπιστρεφόμενος·
3772 3366 3800 3417 ὀ

2231 3449 2287 3501 δὲ
2309 3449 2376 3501 δι’
2404 3450 2602 3521 ἀρετὴν
2647 3449 2726 3504 ἔτι
2775 3451 2972 3522 μᾶλλον
3018 3453 3424 3523 γυμναζόμενος
3471 3457 3554 3519 είς
3595 3474 3800 3528 μαρτυ-

2235 3541 2386 3611 ρίαν·
2421 3542 2580 3606 ἄλλος
2608 3543 2694 3597 διά
2725 3543 3031 3616 ὑπερϐολὴν
3063 3545 3260 3609 κακίας
3292 3546 3677 3618 ἐλεγχόμενος·
3710 3552 3800 3604 καὶ

2231 3631 2325 3684 τοῦ
2374 3632 2537 3686 αὐτοῦ
2585 3633 2984 3705 συμπτώματος
3030 3634 3247 3688 ποικίλα
3280 3636 3348 3688 τὰ
3379 3637 3548 3690 αἴτια.
3589 3639 3649 3692 '0
3706 3640 3799 3708 μὲν

2233 3724 2484 3778 ἐκπίπτει
2541 3723 2802 3791 πλούτου,
2851 3724 2924 3798 μὴ
2973 3725 3153 3789 καλῶς
3205 3727 3580 3798 χρησάμενος·
3649 3730 3800 3794 ἀλλος

2233 3817 2308 3879 ὼς
2345 3815 2524 3879 καλῶς
2558 3817 2898 3888 χρησάμενος
2937 3818 3109 3886 φειδοῖ
3153 3819 3320 3872 Θεοῦ·
3368 3819 3527 3884 ἄλλος
3572 3820 3632 3874 δὲ
3672 3821 3804 3892 πρὸς

2233 3909 2431 3980 ἀρετὴν
2456 3907 2542 3961 διὰ
2573 3909 2761 3973 πενίας
2781 3910 3186 3982 γυμναζόμενος
3203 3927 3217 3941 ·
3247 3912 3432 3982 ἐτερος
3457 3912 3600 3965 ἐκὼν
3625 3915 3801 3984 ῥίπτει

2234 4001 2340 4054 τῶν
2371 3999 2667 4072 χρημάτων
2712 4000 2773 4054 τὸ
2818 4001 3002 4074 βάρος,
3033 4003 3108 4067 ώς
3136 4003 3209 4075 μὴ
3243 4004 3378 4075 πρὸς
3406 4004 3610 4075 ἀρετὴν
3638 4006 3802 4074 ἐμπο-

2233 4092 2446 4155 δίζοιτο.
2475 4093 2582 4147 Καὶ
2614 4094 2712 4146 οὐκ
2741 4093 2806 4146 ἂν
2839 4095 2936 4164 μέν
2974 4112 3059 4158 τις
3088 4097 3284 4167 ῥᾳδίως
3307 4098 3511 4151 κατίδοι
3535 4097 3638 4168 τὴν
3665 4099 3802 4150 κατὰ

2239 4184 2400 4256 μέρος
2431 4185 2732 4258 ἀκρίϐειαν,
2767 4181 2841 4240 ὧν
2878 4189 2907 4240 ό
2962 4186 3095 4252 Θεὸς
3145 4188 3444 4260 ἀνθρώπων
3490 4189 3803 4260 φειδόμενος

2235 4279 2534 4346 οἰκονομεῖ·
2564 4276 2634 4331 τὰ
2659 4279 2716 4331 δὲ
2759 4278 2914 4347 ὀλίγα
2959 4280 3481 4351 καταλαμϐανόμενα
3515 4281 3696 4346 πίστις
3723 4282 3803 4350 γί-

2235 4383 2382 4420 νεται
2411 4367 2518 4420 τῶν
2561 4369 2633 4439 μὴ
2684 4369 3268 4442 καταλαμϐανομένων.
3317 4374 3361 4424 Τ
3364 4371 3398 4425 ὰ
3448 4374 3548 4443 μὲν
3574 4373 3684 4443 γὰρ
3711 4375 3803 4427 καὶ

2233 4458 2394 4521 αὐτὸς
2439 4459 2743 4531 ἀνθρώποις
2786 4462 3090 4534 σαφηνίζει,
3131 4464 3207 4528 ὡς
3249 4463 3314 4517 ἂν
3346 4464 3518 4534 ἔχοιεν
3543 4465 3802 4519 ἀναϐάσει

2235 4549 2530 4620 κεχρῆσθαι
2566 4551 2765 4622 τρόπον
2791 4551 2912 4605 τινὰ
2941 4553 3076 4624 πρὸς
3110 4553 3293 4618 αὑτὸν,
3331 4553 3397 4605 δι’
3421 4546 3495 4606 ὧν
3538 4553 3800 4606 ἐπαισθά-

2232 4656 2410 4693 νονται
2430 4655 2441 4668 ·
2468 4638 2539 4692 τά
2567 4639 2624 4693 δὲ
2662 4641 2888 4694 πλεῖστα
2927 4640 3157 4711 κρύπτει
3187 4641 3254 4694 δι’
3293 4641 3580 4710 ἀσαφείας,
3611 4642 3699 4694 ἵνα
3729 4643 3802 4712 μὴ

2233 4733 2456 4803 γένηται
2497 4734 2595 4803 τῆς
2647 4733 2766 4787 καθ’
2806 4735 2996 4788 ἐαυτοῦ
3046 4752 3109 4804 γε
3157 4736 3410 4798 ἀπιστίας
3453 4735 3798 4798 διδάσκαλος·

2233 4826 2352 4879 οὐδὲ
2379 4827 2487 4897 γὰρ
2511 4827 2753 4897 προσῆκε
2780 4827 2888 4880 τῶν
2912 4829 3210 4900 γινομένων
3235 4829 3464 4882 ἐκάστου
3493 4829 3645 4900 παρὰ
3670 4828 3802 4882 Θεοῦ

2232 4918 2332 4987 τὴν
2367 4919 2634 4985 ἀπόδειξιν
2669 4921 2942 4973 ἀπαιτεῖν·
2968 4921 3088 4974 ἐπεί
3128 4939 3207 4974 τοι
3244 4920 3597 4992 χαλεπωτέρα
3623 4920 3802 4988 γίγνει

2233 5029 2320 5066 ται
2358 5013 2455 5083 τῆς
2481 5012 2699 5081 ἀγνοίας
2727 5013 2760 5083 ὴ
2787 5013 3006 5084 τοιαύτη
3029 5015 3248 5081 γνῶσις,
3276 5013 3350 5076 ώς
3382 5013 3468 5066 διὰ
3500 5011 3658 5065 τοῦτο
3680 5011 3802 5064 δυσ-

2235 5103 2552 5171 ωπουμένου
2599 5102 2693 5156 τοῦ
2737 5102 2850 5166 νοῦ,
2876 5102 2956 5157 ὅτι
2990 5102 3281 5173 μανθάνοι·
3316 5103 3489 5166 άλλως
3522 5102 3567 5154 δ’
3606 5100 3675 5155 ἂν
3703 5101 3800 5153 ούκ

2235 5191 2299 5246 ἂν
2329 5191 2620 5262 δεξαμένου
2649 5192 2784 5256 πρὸς
2813 5192 3024 5246 δικαίαν
3046 5192 3354 5262 οἰκονομίαν
3379 5191 3532 5244 οὐδὲν
3559 5184 3634 5244 ὧν
3672 5190 3800 5242 διοι-

2234 5288 2322 5338 κεῖ
2356 5286 2506 5350 Θεός.
2545 5286 2774 5339 Βελτίων
2805 5285 2862 5339 δὲ
2893 5287 2926 5356 ή
2951 5284 3086 5356 πρὸς
3118 5283 3247 5336 Θεὸν
3271 5283 3453 5346 πίστις
3478 5299 3538 5335 τε
3566 5281 3663 5334 καὶ
3692 5281 3778 5333 διά

2237 5380 2411 5443 θεσις·
2446 5381 2538 5433 καὶ
2561 5380 2683 5448 δίχα
2707 5377 2802 5432 τοῦ
2832 5377 3068 5450 καθορᾷν
3087 5378 3178 5430 τὸν
3205 5375 3328 5430 νοῦν
3354 5377 3463 5429 τῶν
3499 5372 3776 5447 πραττομέ

2238 5488 2364 5537 νων,
2399 5472 2620 5543 θαρρεῖν
2665 5474 2729 5540 τῇ
2774 5469 2868 5523 τοῦ
2907 5469 3230 5532 διοικοῦντος
3253 5469 3537 5542 ὀρθότητι·
3565 5467 3686 5522 ἐτοεί
3718 5482 3800 5520 τοι

2236 5566 2297 5617 τὸ
2327 5563 2391 5617 δι’
2416 5561 2741 5626 ἀποδείξεων
2768 5562 3042 5632 πανταχοῦ
3083 5560 3539 5633 προσϐιϐάζεσθαι
3581 5556 3803 5614 ἀπιστία

2241 5657 2415 5729 σαφὴς
2451 5655 2647 5728 μᾶλλον
2682 5655 2714 5726 ἢ
2748 5654 2931 5717 πίστις
2951 5655 3016 5709 ἂν
3051 5653 3155 5724 εἴη.
