4072 6338
319 319 450 375 “8|

388 431 521 483 Ούδὲ
561 430 745 498 φίλους
784 432 1035 501 γνησίους
1089 430 1270 485 πολλοὶ
1317 432 1766 501 περιεργάζονται
1800 430 1878 500 τῷ
1906 446 1950 500 Α

316 522 651 591 ἀνεξετάστῳ
690 522 791 592 τῆς
834 523 1116 586 συνουσίας
1147 524 1208 576 τὸ
1238 525 1455 594 γνήσιον
1499 524 1770 592 νέμοντες,
1803 522 1877 585 ὡς

317 613 513 684 ῥᾳδίως
558 614 640 666 ἐπ’
678 614 902 684 ἀπιστίᾳ
938 614 1375 685 διαϐαλλόμενοι,
1416 617 1464 668 εἰ
1514 615 1778 686 μηδέποτε
1816 613 1876 666 τὸ

315 705 537 776 θαρῤεῖν
562 706 769 768 τούτοις
792 708 927 777 μετά
946 723 1008 774 γε
1031 705 1127 777 τὴν
1151 710 1341 777 πεῖραν
1363 709 1697 778 παρέχοιντο.
1720 706 1875 759 Οὑτω

310 800 374 870 δὴ
418 802 511 853 καὶ
547 800 699 865 Θεὸς,
744 802 977 871 μάλιστα
1026 802 1342 873 βουλόμενος
1387 805 1532 873 ἡμᾶς
1576 800 1873 855 διακεῖσθαι

315 892 451 962 προς
479 892 689 955 ἑαυτὸν,
721 894 816 963 οὑχ
848 892 1063 947 ἅπασαν
1104 894 1202 963 τῆς
1247 895 1437 947 ἑαυτοῦ
1491 894 1741 965 προνοίας
1775 911 1872 946 σα-

313 982 525 1049 φηνίζει
563 984 663 1055 τὴν
714 983 1023 1055 ὲνέργειαψ
1062 983 1236 1035 ἐθέλει
1273 984 1380 1055 γάρ
1414 986 1557 1054 ἡμᾶς
1602 984 1873 1037 πιστεύειν

311 1073 480 1144 αὐτῷ,
525 1074 586 1126 οὑ
634 1074 736 1146 μὴν
779 1078 884 1130 οὐδ’
931 1076 1148 1130 ἅπασαν
1193 1076 1569 1145 ἀποκρύπτει,
1616 1074 1748 1127 ἀλλά
1804 1074 1871 1127 δι’

310 1164 465 1217 ἐνίων
491 1167 895 1238 ὑποδειγμάτων
921 1168 1187 1240 ὑπερείδει
1208 1166 1405 1237 τρόπον
1426 1166 1543 1219 τινὰ
1570 1166 1657 1219 τὸν
1677 1166 1871 1235 ἡμέτε-

312 1272 402 1325 ρον
428 1274 569 1311 νουν.

376 1445 438 1496 Οἱ
479 1441 577 1513 μὲν
616 1434 708 1493 οὖν
744 1440 1079 1509 εὐγνώμονες
1124 1441 1190 1509 τῇ
1234 1436 1485 1506 προθέσει
1524 1437 1615 1489 καὶ
1655 1434 1871 1487 εὑσεϐέ-

309 1551 511 1597 στατοι,
541 1534 655 1601 ἅμα
690 1549 747 1584 τε
778 1530 1122 1595 διαίσθονται,
1152 1529 1247 1582 καὶ
1292 1526 1390 1596 τὴν
1421 1527 1640 1596 μνήμην
1678 1527 1755 1588 εἰς
1784 1526 1869 1578 ἀεὶ

305 1625 708 1695 παραμένοντες
733 1619 1062 1691 διατηροῦσι,
1093 1619 1196 1687 γῆς
1232 1617 1429 1688 τρόπον
1461 1614 1670 1685 ἀγαθῆς
1698 1614 1866 1685 σπέρ-

309 1732 456 1788 ματα
491 1712 787 1784 δεξαμένης
815 1710 1101 1772 ἀνθοῦντες
1126 1707 1264 1779 πρὸς
1290 1705 1359 1759 τά
1387 1705 1544 1759 καλά.

1366 314 1730 371 Αυγιῖιιευε
1767 312 2183 377 ΜΑΝΙΟΗΕΟΞ
2223 312 2347 367 LIB.
2392 311 2454 366 ll.

3403 306 3540 361 H82

2051 427 2163 482 lmo
2200 428 2443 496 plerique
2475 423 2530 478 in
2562 437 2721 478 veros
2752 430 2807 476 et
2838 432 3126 491 germanos
3173 416 3380 472 amicos
3427 432 3539 471 non

1982 520 2265 589 inquirunt
2292 518 2531 579 curiose,
2568 514 2863 585 legitimam
2908 528 2971 566 ac
3002 525 3310 581 germanam
3352 510 3540 564 amici-

1978 612 2105 664 tiam
2138 611 2241 663 huc
2266 611 2386 680 ipso
2413 607 2724 669 reddentes,
2760 602 2905 674 quod
2927 618 3051 657 cum
3075 601 3267 656 amicis
3303 601 3421 656 sine
3441 617 3539 657 cu.-

1976 702 2224 756 riositate
2268 708 2558 755 versantur
2597 706 2897 766 :tanquam
2938 694 3095 749 facile
3136 694 3538 750 accusationem

1974 792 2210 860 perﬁdiae
2256 793 2621 850 incurrentes.
2656 787 2702 842 si
2741 801 3023 856 nunquam
3066 795 3188 856 post
3237 785 3535 855 periculum

1973 882 2175 937 factum
2231 884 2365 953 ipsis
2419 881 2718 937 conﬁdant.
2790 878 2881 934 Sic
2948 880 3111 934 etiam
3174 878 3359 943 Deus,
3411 892 3534 930 cum

1972 974 2209 1027 maxime
2246 974 2396 1039 velit,
2442 982 2501 1026 ut
2531 972 2704 1027 simus
2744 985 2873 1039 erga
2904 972 3084 1040 ipsum
3116 970 3251 1023 bene
3286 967 3534 1031 animati,

1970 1081 2079 1119 non
2114 1080 2330 1119 omnem
2367 1064 2721 1133 providentiae
2774 1078 2886 1118 sua:
2938 1062 3044 1114 vim
3092 1067 3146 1114 et
3190 1058 3533 1113 efﬁcientiam

1968 1158 2207 1214 declarat
2237 1176 2249 1212 :
2282 1158 2396 1211 vult
2423 1157 2567 1211 enim
2618 1166 2679 1212 ut
2709 1156 2757 1210 ei
2786 1154 3113 1217 credamus;
3149 1167 3323 1221 neque
3344 1166 3535 1206 rursus

1967 1266 2181 1305 omnem
2210 1265 2311 1304 nos
2335 1249 2497 1311 celat,
2523 1247 2616 1302 sed
2642 1247 2970 1318 quibusdam
2994 1246 3259 1315 exemplis
3280 1243 3537 1315 quodam-

1967 1339 2127 1394 modo
2154 1348 2388 1394 mentem
2423 1348 2669 1393 nostram
2701 1346 2992 1395 sustentat.

2037 1429 2139 1496 Qui
2170 1430 2336 1499 igitur
2377 1431 2563 1483 animo
2594 1438 2749 1499 grato
2786 1440 2839 1485 et
2880 1430 2970 1499 pio
3001 1438 3149 1491 sunt,
3200 1427 3361 1482 simul
3406 1442 3533 1482 scn-

1969 1522 2131 1583 tiunt,
2157 1531 2213 1575 et
2240 1522 2559 1575 memoriam
2586 1538 2799 1591 semper
2818 1531 3147 1577 conservant
3178 1520 3351 1575 instar
3373 1527 3537 1575 terra:

1966 1613 2118 1666 bona:
2144 1620 2295 1677 satae,
2323 1611 2677 1667 ﬂorescentes
2708 1614 2762 1666 in
2794 1612 2977 1668 studio
3006 1613 3294 1665 virtutum.

373 1808 435 1861 Οἱ
467 1806 523 1859 δὲ
552 1805 752 1857 πλείονι
797 1803 1057 1873 βαρύτητι
1091 1800 1191 1869 τῆς
1240 1797 1520 1869 συνηθείας
1554 1795 1660 1848 τῶν
1694 1796 1857 1865 ἀμαρ‹

2041 1785 2145 1851 Qui
2175 1801 2307 1841 vero
2350 1793 2585 1842 mentem
2613 1787 2815 1842 habent
2864 1803 3059 1857 magna
3089 1790 3352 1857 gravitate
3398 1800 3533 1841 con-

301 1894 559 1965 τημάτων
599 1891 928 1963 κεχωσμένοι
969 1889 1058 1943 τὸν
1100 1887 1245 1951 νοῦν,
1278 1887 1311 1957 ἢ
1356 1885 1555 1954 ἑτέρων
1602 1883 1867 1955 προλήψει

300 1986 441 2038 κατὰ
468 1983 601 2037 Θεοῦ
630 1982 979 2053 πλασμάτων,
1006 1975 1092 2033 οἷα
1114 1980 1177 2049 δὴ
1208 1978 1303 2032 καὶ
1325 1979 1353 2029 ὁ
1374 1978 1564 2048 Μάνης
1588 1976 1865 2047 ἐξήνεγκε,

298 2075 394 2128 καὶ
422 2076 549 2145 παρ’
579 2073 759 2136 ἄλλοις
789 2072 936 2144 ε’ὑροι
956 2089 1041 2134 τις
1072 2071 1159 2133 ἂν,
1189 2070 1470 2139 κρούονται
1516 2066 1612 2137 μὲν
1638 2066 1735 2137 τὴν
1759 2068 1872 2121 διά-

297 2182 468 2228 νοιαν,
496 2165 867 2235 διακρούονται
892 2164 947 2217 δὲ
978 2162 1084 2215 τῶν
1117 2160 1525 2231 ὑποδειγμάτων
1552 2158 1649 2230 τὴν
1681 2158 1871 2228 αἴσθη-

299 2273 383 2309 σιν
408 2258 499 2309 καί⁵
522 2258 581 2310 τὸ
603 2256 811 2325 ὄφελος.

1970 1878 2275 1933 suetudinis
2323 1885 2669 1948 peccatorum
2718 1878 2970 1931 obrutam
3008 1884 3063 1932 et
3110 1876 3402 1947 oppletam,
3440 1884 3534 1929 aut

1971 1971 2363 2040 anticipatione
2402 1970 2633 2023 aliarum
2667 1978 2856 2023 contra
2887 1966 3053 2022 Deum
3095 1967 3345 2022 ﬁctarum
3382 1968 3533 2036 cogi-

1978 2062 2265 2124 tationum,
2298 2062 2487 2131 quales
2516 2059 2841 2116 Manichaeus
2879 2058 3232 2129 deprompsit,
3263 2066 3318 2112 et
3345 2058 3537 2127 quales

1974 2153 2115 2222 apud
2169 2153 2304 2207 alios
2353 2154 2730 2224 reperiuntur;
2777 2152 3027 2221 pulsatur
3077 2149 3296 2220 quidem
3343 2163 3529 2204 eorum

1972 2258 2147 2308 mens,
2184 2244 2280 2299 sed
2322 2244 2593 2313 repellunt
2634 2258 2855 2298 sensum
2905 2241 3275 2310 exemplorum
3306 2247 3359 2293 et
3388 2236 3532 2292 utili-

1969 2340 2156 2387 tatem.

821 2468 949 2522 CAP.
976 2463 1167 2520 XXIV.
1213 2462 1545 2517 Prwdicatur
1580 2462 1673 2515 Dei
1702 2462 2027 2529 providentia
2056 2469 2199 2521 circa
2238 2468 2495 2521 animalia
2525 2466 2725 2519 homini
2767 2465 3001 2518 inutilia.

364 2586 550 2641 Ταῦτα
574 2586 671 2655 μὲν
694 2584 1035 2656 προσκείσθω
1067 2581 1195 2653 περὶ
1229 2581 1329 2651 τῆς
1353 2580 1577 2634 καθόλου
1612 2582 1863 2652 προνοίας

291 2682 387 2737 τοῦ
420 2680 527 2733 τῶν
568 2680 701 2733 ὅλων
731 2678 886 2732 Θεοῦ.
923 2672 1029 2731 Ἦν
1070 2677 1127 2729 δὲ
1168 2677 1230 2728 τὸ
1278 2674 1659 2745 ἐξεταζόμενον
1708 2678 1861 2744 ἡμῖν,

291 2773 423 2844 περὶ
463 2770 664 2843 θηρίων
707 2771 978 2832 ἁπάντων,
1020 2769 1114 2821 καὶ
1161 2766 1513 2820 ἀπεδείκνυτο
1566 2770 1677 2830 τοῖς
1725 2768 1864 2819 κατά

288 2864 452 2933 φύσιν
498 2864 775 2932 λογισμοῖς
816 2859 937 2912 οὒτε
993 2858 1137 2911 κακά
1190 2857 1313 2910 οὔτε
1362 2862 1425 2911 ὲκ
1475 2858 1670 2919 κακίας
1720 2858 1864 2919 τινὸς

287 2953 495 3009 ταῦτα’
530 2953 770 3023 χρήσιμα
811 2949 867 3001 δὲ
902 2948 1020 3000 λίαν
1062 2946 1365 3017 ἀνθρώποις
1402 2948 1479 3009 είς
1516 2947 1666 3008 δέους
1697 2963 1866 2998 κατα-

288 3044 514 3114 σκευήν.
563 3042 625 3094 Et
677 3039 786 3111 γάρ
846 3038 1061 3092 ἅπαντα
1119 3038 1187 3091 τὰ
1251 3037 1391 3091 κατὰ
1452 3038 1552 3107 τὴν
1608 3037 1863 3107 δημιουρ-

2039 2586 2215 2655 Atque
2262 2585 2376 2640 hate
2422 2584 2642 2656 quidem
2694 2583 2905 2652 adjecta
2961 2580 3071 2635 sint
3118 2580 3415 2651 generatim
3465 2580 3533 2635 de

1969 2676 2306 2746 providentia
2360 2675 2455 2730 Dei
2513 2676 2913 2729 universorum.
2965 2671 3096 2725 Erat
3142 2680 3322 2727 autem
3375 2673 3531 2727 nobis

1970 2769 2199 2838 quaestio
2238 2769 2307 2824 de
2358 2768 2612 2823 omnibus
2663 2766 2824 2832 feris;
2858 2764 3401 2833 demonstratumque
3448 2773 3533 2817 est

1972 2862 2275 2917 rationibus
2303 2876 2370 2915 ex
2395 2868 2593 2915 natura
2625 2859 2806 2913 ductis
2834 2872 3011 2925 neque
3041 2858 3214 2910 mulas
3253 2871 3532 2931 essennec

1968 2969 2033 3005 cx
2067 2952 2179 3006 ullo
2210 2951 2353 3004 malo
2394 2948 2667 3019 principio
2710 2945 3006 3017 profectas,
3051 2946 3211 2998 utiles
3242 2940 3531 2998 vero‘esse

1970 3041 2277 3097 hominibus
2306 3040 2373 3094 ad
2408 3037 2781 3093 incutiendum
2822 3046 3045 3090 metum.
3074 3034 3129 3089 Si
3158 3034 3299 3089 enim
3327 3049 3447 3103 qum
3475 3035 3528 3087 in

286 3136 416 3203 γίαν
452 3134 581 3204 ἡδέα
628 3132 785 3201 μόνον
827 3130 1087 3200 ἐτύγχανε
1134 3130 1228 3183 καὶ
1279 3129 1590 3201 ἱλαρότητος
1633 3127 1857 3199 ἔμπλεα,

1970 3133 2171 3188 mundo
2196 3132 2338 3186 facta
2365 3137 2512 3193 sunt,
2541 3130 2729 3185 suavia
2760 3135 2944 3183 essent
2967 3135 3019 3182 et
3038 3126 3327 3182 hilaritatis
3349 3126 3527 3195 plena,

286 3229 385 3280 καὶ
422 3225 585 3297 μηδὲν
622 3221 689 3294 ἦν
726 3223 999 3285 παντελῶς
1044 3222 1104 3276 τὸ
1145 3221 1325 3294 ἠρέμα
1372 3216 1499 3289 γοῦν
1551 3218 1813 3288 ὲκφοϐοῦν
1839 3236 1852 3250 ·

287 3314 540 3384 χαλεπῶς
572 3312 637 3367 ἂν
681 3310 863 3376 ἔδοξαν
905 3309 1178 3381 ἄνθρωποι
1226 3306 1682 3375 παιδαγωγεῖσθαι
1721 3303 1854 3375 πρὸς

288 3406 532 3475 ἀφοϐίαν.

364 3498 514 3567 Ἔχει
551 3496 606 3549 δὲ
645 3494 815 3551 ταῦτα
845 3492 937 3547 καὶ
970 3490 1235 3553 ποικιλίας
1269 3488 1489 3558 κόσμον,
1519 3488 1611 3541 καί⁵
1642 3487 1718 3557 τῷ
1752 3504 1847 3555 φο-

288 3589 435 3660 ϐερῷ
460 3586 944 3657 καταμεμιγμένην
976 3583 1073 3654 τὴν
1116 3581 1467 3651 εὐπρέπειαν.
1500 3579 1707 3632 Αὑτίκα
1756 3579 1850 3631 καὶ

288 3682 426 3753 πρὸς
468 3679 674 3742 τούτοις
721 3678 866 3731 ἐστιν
898 3678 1081 3746 ἔτερα,
1116 3674 1151 3728 ἀ
1197 3676 1331 3744 μήτε
1376 3672 1595 3743 τρέφειν
1639 3668 1852 3741 ἀνθρώ·

288 3790 423 3835 πούς
474 3770 779 3841 ἐπιτήδεια,
819 3772 952 3839 μήτε
1017 3766 1307 3836 περιϐολὴν
1356 3764 1663 3833 ἐνδυμάτων
1710 3779 1850 3831 παρ-

286 3865 463 3934 έχειν’
503 3863 625 3932 μήτ’
672 3856 761 3913 οὖν
790 3856 1026 3929 θηριώδη
1056 3858 1150 3909 καὶ
1173 3857 1338 3926 ἄγρια
1372 3854 1646 3924 τυγχάνει,
1694 3853 1851 3923 μόνον

284 3956 342 4008 δὲ
376 3954 578 4023 κόσμον
621 3952 720 4022 τὴν
758 3949 1031 4003 ποικιλίαν
1072 3946 1401 4018 ἀναπληροῖ·
1435 3946 1528 3999 καὶ
1571 3944 1748 4015 δῆλον,
1779 3943 1852 4006 ὡς

286 4046 502 4099 ἅπαντα
528 4042 710 4113 ἦρεμά
736 4058 795 4093 τε
840 4042 933 4094 καί
982 4039 1167 4110 ἄγρια,
1200 4039 1293 4091 καὶ
1328 4035 1399 4090 τὰ
1441 4036 1617 4107 μέσως
1664 4034 1852 4105 ἔχοντα

284 4138 402 4200 ἑνὸς
462 4132 874 4202 ὑποϐεϐλημένα
925 4128 1253 4201 δημιουργίᾳ
1295 4145 1355 4180 τε
1407 4127 1498 4181 καὶ
1555 4125 1851 4195 βουλήματι

282 4226 547 4296 διαμένοι,
600 4223 695 4294 τὴν
744 4222 801 4274 δὲ
854 4219 1278 4291 ἀλληλοφθορίαν
1328 4215 1704 4286 διαφεύγοντα.
1758 4214 1849 4265 καὶ

284 4317 548 4379 ποικίλοις
580 4312 1043 4383 πλεονεκτήμασιν
1077 4308 1450 4380 ἡσφαλισμένα
1471 4324 1483 4336 ·
1514 4306 1581 4359 τά
1618 4306 1712 4375 μὲν
1742 4305 1849 4373 γάρ

1962 3225 2204 3294 nihilque
2232 3223 2457 3277 omnino
2483 3230 2650 3283 esset,
2690 3219 2838 3289 quod
2886 3218 2967 3273 vel
3014 3217 3216 3272 sensim
3268 3224 3531 3285 perterre-

1960 3316 2191 3379 faceret;
2231 3329 2393 3384 grave
2422 3321 2476 3368 et
2505 3313 2702 3366 durum
2726 3312 2903 3366 visum
2927 3318 3072 3365 esset
3097 3308 3414 3363 hominibus
3442 3308 3528 3362 in-

1957 3407 2094 3460 strui
2129 3404 2197 3458 ad
2227 3420 2336 3459 non
2365 3404 2684 3458 timendum.

2027 3497 2237 3551 Habent
2279 3504 2461 3549 autem
2505 3494 2616 3547 haec
2669 3492 2834 3547 etiam
2869 3490 3149 3545 varietatis
3193 3497 3443 3543 ornatum
3471 3497 3526 3543 ct

1953 3586 2204 3641 decorem
2245 3600 2369 3638 cum
2407 3593 2619 3639 terrore
2660 3582 2904 3636 mistum.
2953 3579 3157 3634 Praeter
3204 3578 3318 3633 haec
3361 3579 3522 3633 etiam

1956 3681 2217 3732 continuo
2244 3684 2371 3732 sunt
2407 3677 2511 3729 alia
2546 3676 2825 3737 animalia,
2855 3688 2977 3743 quae
3024 3688 3127 3727 nec
3164 3672 3361 3727 idonea
3395 3678 3525 3726 sunt

1957 3771 2025 3824 ad
2056 3769 2309 3825 alendum
2346 3769 2628 3832 homines,
2672 3782 2847 3837 neque
2892 3774 3123 3835 possunt
3160 3764 3400 3835 praebere
3443 3766 3524 3818 eis

1956 3864 2243 3926 vestitum;
2286 3875 2464 3929 neque
2498 3874 2694 3915 rursus
2745 3857 2921 3913 ferina
2955 3865 3085 3912 sunt
3129 3864 3183 3911 et
3217 3870 3379 3919 saeva,
3426 3856 3522 3910 sed

1959 3953 2135 4007 solum
2172 3952 2489 4007 varietatem
2537 3950 2725 4005 mundi
2772 3949 3083 4018 complent;
3146 3945 3522 4001 manifestum—

1959 4060 2064 4114 que
2102 4050 2188 4099 est
2209 4044 2391 4097 omnia
2416 4042 2670 4097 animalia
2702 4050 3008 4103 mansueta,
3040 4046 3095 4094 et
3131 4054 3240 4093 non
3271 4053 3523 4092 mansue-

1958 4146 2030 4197 ta,
2063 4141 2116 4187 ct
2145 4150 2263 4204 qua:
2297 4140 2424 4189 sunt
2479 4133 2789 4202 interjecta,
2839 4131 2998 4186 unius
3038 4129 3316 4185 creatione
3336 4137 3388 4185 et
3412 4144 3522 4183 vo-

1956 4226 2162 4280 luntate
2190 4241 2528 4296 permanere,
2552 4240 2653 4280 nec
2678 4240 2706 4277 a
2732 4241 2790 4280 se
2814 4224 2948 4293 ipsis
2983 4222 3226 4279 vicissim
3274 4221 3517 4286 interire,

1955 4318 2120 4372 variis
2162 4317 2339 4371 modis
2384 4318 2712 4373 excellenter
2756 4317 2965 4369 munita
2998 4334 3010 4369 :
3043 4315 3150 4369 alia
3189 4314 3334 4370 enim
3380 4328 3521 4385 pra:-

286 4409 437 4478 ίσχὺν
472 4408 680 4476 ἄμαχον
714 4404 859 4474 ἔχει·
892 4402 959 4455 τά
986 4402 1042 4454 δὲ
1076 4401 1435 4471 ἀσθενέστερα
1466 4398 1542 4469 τῷ
1569 4400 1721 4467 τάχει
1753 4397 1851 4467 τῆς

1961 4409 2066 4463 dita
2095 4418 2220 4463 sunt
2259 4409 2460 4463 invicto
2500 4410 2716 4472 robore,
2766 4407 2871 4461 alia
2908 4422 3036 4461 vero
3092 4405 3386 4459 inﬁrmiora
3422 4420 3519 4459 ve-

281 4502 495 4568 φύσεως
543 4496 640 4568 τὴν
692 4495 963 4566 σωτηρίαν
1010 4492 1309 4564 πορίζεται,
1362 4493 1457 4544 καὶ
1504 4490 1637 4544 ἄλλα
1674 4489 1847 4552 ἄλλως

277 4590 575 4643 ὥπλισται·
610 4588 703 4641 καὶ
746 4588 813 4639 τὰ
845 4585 1102 4639 δοκοῦντα
1150 4584 1324 4638 ἄοπλα
1356 4583 1644 4653 τυγχάνειν
1690 4580 1846 4634 ἄλλον

277 4680 402 4734 τινὰ
426 4680 623 4751 τρόπον
669 4676 1131 4749 μεμηχανημένην
1166 4676 1276 4746 ἔχει
1314 4675 1411 4744 τὴν
1447 4672 1740 4741 ἀσφάλειαν
1763 4689 1776 4702 ·
1810 4672 1843 4743 ἢ

277 4773 387 4843 γὰρ
420 4772 636 4841 πτηνῶν
682 4771 837 4841 ἔλαχε
869 4769 1048 4839 φύσιν,
1094 4768 1128 4839 ἢ
1182 4768 1286 4820 ὑπὸ
1335 4766 1437 4836 γῆν
1487 4764 1840 4818 διαλανθάνει.

278 4863 435 4919 Οῦτω
461 4864 522 4916 τὸ
554 4864 651 4933 μὲν
676 4862 898 4931 κόσμιον
936 4862 964 4911 ὁ
991 4857 1329 4929 Δημιουργὸς
1365 4860 1430 4928 τῇ
1463 4855 1703 4927 ποικιλίᾳ
1745 4873 1842 4908 πε-

278 4957 551 5026 πόρισται,
586 4951 887 5005 ὲπανιστῶν
919 4950 975 5003 δὲ
1024 4949 1090 5003 τά
1135 4949 1365 5019 διάφορα
1407 4951 1520 5011 τοῖς
1569 4950 1698 5000 πᾶσι
1726 4947 1841 5000 δια-

274 5047 539 5118 νέμειτὴν
556 5045 853 5114 ἀσφάλειαν
885 5042 960 5105 ὡς
981 5041 1046 5094 ἂν
1079 5040 1243 5111 μηδὲν
1266 5040 1418 5109 γένος
1448 5040 1650 5093 τούτων
1683 5040 1841 5093 ἀσθε-

275 5138 395 5209 νείᾳ
449 5137 662 5205 φύσεως
715 5133 970 5205 προδοθὲν
1013 5131 1415 5201 παραπόληται.
1462 5130 1616 5183 Οὕτω
1648 5132 1703 5185 δὲ
1748 5134 1843 5185 κα)⁸

274 5232 412 5301 πρὸς
468 5229 567 5291 τὰς
616 5227 762 5298 ῶρας
806 5226 1101 5297 ἠμφίεσται
1156 5227 1467 5300 περιϐολαῖς
1499 5226 1839 5295 αὐτομάτοις,

274 5320 417 5392 θριξί
456 5337 513 5373 τε
542 5322 773 5381 πυκναῖς
802 5319 896 5371 καὶ
941 5323 1189 5389 στερεαῖς
1212 5320 1461 5391 δέρμασι.
1487 5317 1750 5388 χειμῶνός
1781 5335 1839 5370 τε

273 5415 368 5466 καὶ
412 5413 690 5482 καύματος
742 5412 1186 5481 ἀποκρούσασθαι
1220 5414 1317 5483 τὴν
1365 5412 1566 5482 βλάϐην
1614 5414 1838 5474 ἱκανοῖς,

270 5505 368 5575 τὴν
396 5505 452 5557 δὲ
482 5504 577 5555 ἐπὶ
609 5503 713 5572 γῆς
750 5502 1031 5556 ἀνάκλισίν
1063 5520 1121 5556 τε
1167 5504 1261 5556 καὶ
1305 5504 1617 5557 ἀνάπαυλαν
1671 5505 1841 5573 εύμα-

274 5596 533 5668 ρεστέραν
564 5594 1062 5666 ἀπεργαζομένας,
1118 5596 1193 5659 ὡς
1253 5596 1491 5664 αὐτοφυῆ
1555 5595 1841 5667 στρωμνὴν

275 5685 589 5747 ὑποκεῖσθαι
622 5686 828 5740 δοκεῖν*
864 5688 955 5742 καὶ
996 5688 1061 5740 τά
1097 5688 1193 5759 μὲν
1224 5688 1524 5756 όλιγογόνια
1559 5688 1764 5757 ἔλαχεν,
1803 5686 1834 5755 ἢ

1954 4500 2171 4555 locitate
2200 4500 2431 4553 naturali
2456 4515 2515 4554 se
2538 4508 2787 4565 tuentur;
2812 4499 2917 4553 alia
2940 4499 3095 4552 aliter
3123 4504 3330 4551 armata
3356 4502 3512 4550 sunt:

1951 4600 2005 4646 et
2032 4606 2151 4661 quae
2177 4590 2427 4644 videntur
2458 4590 2626 4644 armis
2658 4604 2867 4652 carere,
2906 4588 3012 4641 alia
3046 4587 3296 4657 quaedam
3340 4586 3513 4641 forma

1951 4681 2272 4735 munitionis
2309 4686 2422 4733 tuta
2461 4688 2622 4733 sunt:
2648 4686 2741 4732 aut
2778 4679 2921 4733 enim
2953 4686 3203 4731 naturam
3232 4677 3511 4731 volucrum

1952 4774 2143 4829 sortita
2196 4780 2343 4836 sunt,
2396 4780 2489 4825 aut
2518 4771 2622 4825 sub
2656 4781 2801 4825 terra
2837 4771 3029 4824 latent.
3078 4768 3169 4822 Sic
3213 4768 3512 4821 fabricator

1950 4864 2137 4919 mundi
2170 4872 2420 4918 ornatum
2456 4860 2688 4916 confecit
2726 4862 3022 4927 varietate;
3069 4870 3123 4914 et
3166 4858 3414 4928 redigens
3444 4858 3511 4913 ad

1947 4956 2315 5026 aequalitatem
2345 4969 2465 5024 qua:
2492 4961 2623 5008 Sllnl
2652 4952 2892 5015 diversa,
2938 4952 3196 5006 omnibus
3229 4949 3512 5005 distribuit

1947 5048 2232 5102 tuitionem
2264 5048 2371 5110 sui,
2423 5054 2483 5099 ut
2527 5044 2735 5098 nullum
2786 5058 2960 5115 genus
2989 5044 3184 5096 horum
3226 5040 3511 5095 imbecilli-

1948 5149 2059 5195 tate
2087 5148 2297 5194 naturze
2342 5138 2617 5208 proditum
2662 5144 2865 5206 pereat.
2921 5134 3004 5189 Ad
3048 5134 3509 5189 commutationes

1946 5240 2255 5300 temporum
2286 5229 2586 5283 induuntur
2616 5226 2942 5295 tegumentis
2979 5230 3171 5293 suapte
3198 5230 3394 5276 natura
3421 5235 3511 5273 or-

1946 5324 2041 5386 tis,
2079 5330 2134 5378 et
2174 5321 2300 5392 pilis
2327 5319 2513 5375 densis
2557 5332 2621 5371 ac
2648 5317 2803 5371 duris
2838 5315 3027 5378 coriis,
3079 5328 3199 5384 quae
3231 5312 3407 5368 hieme
3456 5322 3510 5366 es

1946 5415 2001 5468 in
2061 5421 2196 5467 :estu
2250 5414 2316 5465 ad
2380 5409 2807 5481 prOpulsandum
2851 5406 3254 5461 incommodum
3314 5405 3511 5460 idonea

1946 5516 2095 5567 sunt,
2127 5513 2181 5558 et
2209 5519 2328 5573 quae
2359 5502 2565 5555 faciunt
2591 5511 2649 5555 ut
2683 5500 2897 5555 facilius
2931 5500 3192 5555 recubent
3212 5509 3265 5554 et
3292 5498 3506 5567 requie-

1946 5606 2120 5660 scant,
2154 5604 2213 5651 ut
2243 5598 2487 5651 videatur
2516 5602 2707 5665 suapte
2734 5595 2785 5648 vi
2820 5602 2873 5649 et
2903 5603 3093 5648 natura
3121 5594 3397 5663 supposita
3425 5592 3507 5647 cis

1946 5688 2180 5760 straguls
2216 5703 2314 5743 :ac
2367 5689 2556 5758 partim
2599 5686 2817 5757 quidm
2863 5702 3052 5745 parum
3096 5686 3325 5740 ΐρριηιάα
3355 5694 3475 5729 επις
