4072 6338
551 310 692 369 11εὸ

1683 331 1818 388 Tl'l’l
1859 334 2284 398 BOSTRENSIS
2321 344 2424 400 EPl
2435 345 2626 402 SCOPI

3657 361 3794 415 HM

547 436 645 485 aut
673 439 927 500 tanquam
955 433 1192 492 difficilia
1233 440 1297 492 ad
1326 442 1649 511 capiendum
1678 487 1692 506 .
1739 459 1831 503 aut
1867 461 2118 521 tanquam

2221 460 2296 523 ὡς
2327 460 2628 526 δυσάλωτα,
2658 464 2690 536 η
2717 465 2792 528 ὡς
2828 466 3156 540 πολυχρόνια
3177 488 3190 500 ·
3226 473 3292 526 τὰ
3319 473 3374 526 δέ
3403 474 3674 536 εύάλωτα,
3703 478 3795 528 καὶ

543 523 826 577 diuturnae
870 523 1032 592 vitae;
1083 528 1187 582 alia
1239 547 1369 587 vero
1428 550 1549 605 qua:
1613 536 1769 593 facile
1816 544 2123 612 rapiuntur,

2221 551 2286 619 τῇ
2322 550 2443 604 καθ’
2474 551 2685 624 ἡμέραν
2719 557 2909 626 χρήσει
2943 555 3372 632 παραδεδομένα,
3399 567 3467 634 τῇ
3496 564 3795 637 πολυγονία

544 625 606 668 ct
647 616 713 668 ad
751 615 1012 670 utendum
1071 623 1315 690 quotidie
1361 627 1558 681 tradita
1607 640 1754 697 sunt,
1798 631 2118 690 fecunditate

2221 641 2433 713 διαρκεῖ
2463 662 2522 697 τε
2551 645 2646 698 καὶ
2675 645 2924 711 σώζεται.

543 718 648 762 sua
679 708 880 762 durant
918 716 972 764 et
1003 723 1311 773 servantur.

1643 841 1772 896 CAP.
1802 841 1964 899 XXV.
1995 843 2174 902 Nulla:
2201 847 2372 903 herbae
2404 849 2679 920 Ielhiferaz.

617 939 884 996 Alimenta
916 961 1041 1000 vero
1065 946 1211 1002 aliud
1239 948 1441 1004 animal
1465 951 1571 1006 alia
1600 953 1782 1021 habet,
1818 966 1980 1028 atque
2002 975 2116 1013 om-

541 1033 708 1089 nibus
741 1035 956 1091 abunde
985 1041 1230 1108 apposita
1263 1050 1425 1110 sunt;
1465 1042 1538 1097 ita
1576 1053 1635 1100 ut
1669 1047 1815 1102 nulla
1841 1049 2007 1104 herba
2045 1066 2112 1106 ex

542 1127 612 1178 lis
649 1127 812 1180 etiam
843 1143 965 1197 quae
1015 1129 1309 1185 mortiferae
1343 1133 1596 1189 videntur
1633 1152 1776 1201 esse,
1811 1147 2010 1193 natura
2042 1141 2115 1195 sit

541 1217 818 1273 mortifera
855 1237 868 1274 :
901 1221 1044 1289 quod
1085 1222 1230 1276 enim
1279 1226 1435 1280 alteri
1485 1231 1669 1297 generi
1727 1241 1906 1297 nocet,
1958 1235 2114 1290 alteri

539 1309 782 1376 prodest.
818 1310 1066 1367 Salutare
1091 1321 1270 1367 autem
1293 1324 1346 1370 et
1373 1318 1693 1386 pestiferum
1721 1323 1883 1377 simul
1916 1335 2112 1379 natura

535 1401 814 1467 quomodo
860 1403 960 1457 hoc
1008 1420 1132 1460 esse
1182 1408 1404 1475 puttst?
1445 1409 1752 1467 differentia
1793 1423 1973 1470 autem
2025 1417 2111 1473 his

542 1493 806 1548 utentium
838 1495 1153 1552 varietatem
1183 1516 1302 1568 qu:e
1335 1499 1391 1554 in
1430 1501 1515 1557 his
1558 1503 1724 1570 inest,
1756 1508 2008 1577 requirit,
2049 1516 2109 1563 ut

539 1585 594 1636 in
627 1585 994 1643 animantibus
1026 1590 1236 1645 ratione
1264 1595 1578 1649 carentibus
1609 1597 1899 1667 vestigium
1931 1600 2108 1669 quod-

535 1676 660 1730 dam
718 1688 974 1748 appareat
1023 1683 1270 1747 rationis,
1315 1685 1450 1757 legis
1492 1688 1701 1743 scilicet
1743 1689 1864 1758 ejus
1913 1691 2009 1758 qui
2039 1707 2103 1747 ea

534 1771 763 1825 creavit.
813 1771 958 1826 Nihil
993 1774 1138 1828 enim
1177 1776 1371 1831 horum
1410 1777 1647 1848 ignorat,
1690 1779 1833 1850 quod
1875 1782 1976 1837 sibi
2007 1799 2102 1837 co-

2285 963 2503 1032 Τροφὰς
2555 964 2609 1018 δὲ
2653 965 2838 1021 ἄλλοτε
2885 967 3050 1034 ἄλλας
3093 971 3205 1041 ἔχει
3231 1011 3247 1036 ,
3307 974 3400 1028 καὶ
3447 979 3562 1040 τοῖς
3621 980 3794 1032 πᾶσιν

2212 1053 2443 1123 ἄφθονος
2491 1059 2524 1129 η
2577 1059 2808 1131 χορηγία
2841 1061 3158 1132 πρόκειται·
3193 1066 3336 1121 οὕτω
3369 1065 3476 1140 γὰρ
3505 1070 3631 1124 οὐδὲ
3685 1073 3790 1124 τῶν

2214 1145 2528 1218 θανασίμων
2582 1167 2646 1218 γε
2694 1145 2832 1206 εἶναι
2876 1155 3245 1227 νομιζομένων
3293 1159 3531 1229 βοτανῶν
3559 1162 3792 1232 οὐδεμία

2212 1239 2276 1306 τῇ
2315 1237 2472 1305 φύσει
2501 1255 2564 1307 γε
2603 1239 2844 1313 ὀλέθριος
2880 1243 3203 1314 γεγένηταιο
3239 1249 3299 1302 τὸ
3326 1249 3433 1320 γὰρ
3462 1251 3610 1322 ἄλλῳ
3641 1254 3790 1322 γένει

2215 1327 2495 1400 βλαϐερὸν,
2544 1331 2715 1402 ἑτέρῳ
2747 1332 2804 1386 δὲ
2835 1335 3130 1406 ὠφέλιμον.
3181 1339 3449 1412 Ὀλέθριον
3481 1345 3578 1397 καὶ
3611 1349 3791 1417 σωτή-

2209 1436 2328 1495 ριον
2362 1421 2478 1491 ἅμα
2506 1425 2573 1493 τῇ
2609 1424 2767 1493 φύσει
2793 1426 2953 1480 τοῦτο
2985 1429 3102 1493 πῶς
3135 1429 3200 1484 ἂν
3242 1432 3483 1501 γένοιτο;
3536 1437 3570 1506 ἡ
3614 1437 3680 1490 δέ
3729 1455 3789 1505 ys

2209 1511 2317 1563 τῶν
2366 1513 2661 1584 χρωμένων
2710 1517 2882 1585 γενῶν
2924 1518 3156 1592 διαφορὰ
3203 1523 3262 1576 τὸ
3310 1525 3548 1580 ποικίλον
3577 1527 3686 1597 τῆς
3733 1531 3790 1580 ἐν

2206 1602 2418 1667 τούτοις
2457 1607 3094 1685 παρααευῆςιάπαιτεῖ,
3134 1614 3218 1666 ἵνα
3271 1617 3365 1671 καὶ
3408 1619 3465 1670 ἐν
3507 1622 3624 1683 soi;
3661 1620 3788 1672 ἀλό-

2205 1709 2324 1762 γοις
2367 1696 2512 1765 ίχνος
2537 1697 2695 1765 λόγου
2732 1699 2967 1770 δειχθείη
3013 1703 3163 1774 νόμῳ
3207 1705 3299 1758 τοῦ
3346 1707 3788 1780 δημιουργήσανρ

2205 1802 2315 1848 τος.
2373 1787 2539 1840 υύδέν
2579 1787 2686 1860 γὰρ
2736 1789 2941 1845 τούτων
2981 1794 3168 1862 ἀγνοεί
3212 1794 3274 1848 τὸ
3317 1799 3510 1850 οἰκεῖον
3565 1801 3783 1870 ὲαυτῷ’

534 1869 754 1928 gnatum
783 1870 866 1916 est
896 1903 908 1923 ,
941 1880 1114 1934 neque
1144 1874 1364 1936 propter
1390 1869 1644 1923 ’naturam
1675 1870 1902 1925 ferinam
1935 1880 1987 1928 et
2017 1889 2105 1926 ra-

2209 1878 2329 1931 οὐδὲ
2371 1879 2458 1932 διὰ
2483 1879 2580 1950 τὴν
2610 1859 2804 1951 ἄλογον
2829 1885 2924 1939 καὶ
2953 1859 3190 1959 θηριώδη
3215 1888 3398 1956 φύσιν,
3418 1889 3493 1953 ὡς
3513 1859 3782 1961 egestum

535 1952 700 2004 tionis
727 1961 1022 2021 expertem.
1062 1956 1207 2024 quod
1243 1957 1557 2026 pestiferum
1593 1961 1692 2014 sibi
1729 1967 1812 2014 est
1847 1971 2103 2032 tanquam

534 2051 717 2109 nptutn
759 2041 825 2095 ad
873 2044 1224 2098 nutriendum
1257 2046 1510 2102 adhibet:
1537 2049 1668 2118 quin
1703 2051 1882 2120 potius
1909 2065 2105 2103 unum-

530 2133 804 2201 quodque,
842 2134 985 2200 quod
1021 2135 1126 2190 sibi
1157 2138 1503 2193 commodum
1533 2147 1638 2204 est,
1665 2143 1871 2211 appetit
1894 2148 1947 2196 et
1975 2157 2103 2211 pro-

529 2221 797 2289 sequitur.
849 2220 905 2275 Si
939 2224 1082 2276 enim
1125 2225 1305 2280 omnis
1335 2226 1500 2281 herba
1550 2236 1604 2284 et
1641 2229 1793 2284 radix
1849 2231 2104 2286 omnibus

528 2316 677 2362 esset
710 2313 1116 2366 accommodata
1140 2321 1196 2368 et
1224 2329 1552 2386 congruens,
1585 2320 1768 2374 minus
1800 2322 2100 2390 patefieret,

528 2402 673 2468 quod
702 2403 787 2458 lex
804 2402 1084 2459 Creatoris
1109 2406 1271 2460 etiam
1300 2408 1354 2462 in
1382 2410 1753 2467 animantibus
1776 2413 1986 2468 ratione
2013 2430 2105 2468 ca-

529 2493 776 2549 rentibus
804 2495 945 2564 viget
973 2504 1027 2550 et
1055 2496 1389 2554 dominatur.

596 2582 665 2636 At
702 2599 830 2639 vero
867 2601 988 2639 esse
1028 2587 1129 2641 hoc
1181 2589 1509 2658 quibusdam
1551 2607 1778 2656 nocens.
1829 2596 1954 2652 aliis
2003 2613 2101 2652 au-

530 2683 633 2727 tem
684 2672 736 2726 id
779 2674 953 2744 ipsum
1002 2677 1266 2743 salutare,
1313 2679 1518 2736 clarius
1569 2683 1891 2752 sapientiam
1923 2685 2014 2740 Dei
2047 2687 2100 2740 in

527 2763 781 2817 omnibus
815 2765 1104 2834 praedicat;
1138 2782 1244 2836 qua
1274 2767 1478 2823 factum
1503 2779 1610 2838 est,
1636 2783 1696 2826 ut
1729 2784 1877 2830 esset
1901 2776 1955 2830 in
1989 2778 2104 2830 ani-

528 2855 804 2910 mantibus
848 2858 1058 2912 ratione
1100 2863 1417 2917 carentibus
1469 2864 1552 2918 vis
1594 2867 1842 2935 quaedam
1891 2876 2101 2924 natura:

525 2960 633 3012 qua
681 2963 742 3001 ea
785 2965 906 3018 qua:
945 2953 1192 3021 apposita
1236 2965 1386 3019 sunt,
1432 2957 1830 3013 discernerent.
1882 2959 2012 3026 Quae
2053 2962 2099 3016 si

525 3042 846 3095 naturaliter
877 3045 932 3096 in
970 3045 1200 3112 singulis
1230 3063 1337 3101 non
1381 3048 1606 3114 inesset,
1639 3051 1837 3105 merito
1865 3065 1928 3106 ac
1954 3061 2100 3108 recte

2206 1971 2266 2024 τὸ
2293 1973 2487 2026 ἐαυτοῦ
2515 1974 2812 2046 θανάσιμον
2846 1981 3245 2050 προσφέρεται·
3279 1981 3391 2035 ἀλλ’
3425 1983 3520 2035 ἐπὶ
3548 1985 3610 2038 τὸ
3632 1987 3782 2056 αύτῷ

2206 2080 2267 2132 γε
2315 2064 2588 2136 ὠφέλιμον
2619 2066 2845 2124 ἕκαστον
2892 2072 3057 2143 ὁρμᾷ.
3106 2073 3169 2126 Εί
3208 2073 3317 2146 γὰρ
3351 2076 3536 2129 ἅπασα
3582 2077 3779 2148 sessim

2206 2155 2300 2207 καὶ
2337 2154 2462 2224 ῥίζα
2505 2160 2617 2220 τοῖς
2666 2160 2830 2213 πᾶσιν
2878 2161 3123 2232 ὑπῆρχεν
3173 2165 3471 2235 ἐπιτηδεία,
3501 2163 3667 2239 ἦττον
3717 2170 3778 2222 ἄν

2204 2241 2416 2313 ἐδείχθη
2473 2245 2565 2298 τοῦ
2612 2247 3112 2322 δημιουργήσαντος
3152 2256 3180 2306 ό
3210 2255 3393 2326 νόμος,
3432 2259 3526 2311 καὶ
3575 2261 3635 2312 ἐν
3668 2263 3777 2322 τοῖς

2205 2330 2418 2400 ἀλόγοις
2451 2335 2686 2405 κρατῶν.

2272 2595 2344 2647 Τὸ
2371 2593 2425 2648 δὲ
2459 2593 2717 2667 βλαϐερὸν
2764 2613 2950 2663 ..νιοις,
2983 2599 3190 2671 ἑτέροις
3218 2601 3275 2655 δὲ
3309 2604 3482 2657 ταυτῖιΔ
3507 2609 3774 2678 σωτήριον

2201 2687 2640 2758 παρακείμενον,
2699 2689 3067 2764 τρανεστέραν
3153 2695 3251 2765 τὴν
3313 2698 3370 2748 ἐν
3451 2701 3567 2762 τοῖς
3642 2705 3772 2754 πᾶσι

2203 2778 2392 2845 σοφίαν
2445 2777 2741 2848 κηρύττει·
2796 2782 2878 2834 ὃτι
2919 2784 3012 2836 καὶ⁵
3059 2785 3116 2837 ὲν
3153 2787 3263 2848 τοῖς
3319 2786 3534 2855 ἀλόγοις
3567 2795 3767 2864 φυσική

2198 2867 2283 2930 τίς
2312 2868 2428 2921 ἐστι
2452 2869 2560 2922 τῶν
2593 2872 2672 2934 είς
2697 2873 2903 2944 τροφὴν
2941 2876 3358 2946 παρακειμένων
3406 2881 3438 2951 ἡ
3466 2881 3730 2952 διάκρισις
3750 2901 3764 2913 ·

2197 2955 2266 3031 ἦς
2317 2962 2559 3028 φυσικῶς
2600 2981 2663 3031 γε
2719 2965 2933 3036 ἑκάστῳ
2995 2969 3067 3040 μὴ
3123 2971 3366 3043 ἐνούσης,
3424 2974 3655 3043 εὐλόγως
3699 2976 3768 3029 ἀν

2196 3069 2282 3116 τις
2321 3057 2665 3127 κατηγόρησε
2704 3059 2812 3112 τῶν
2847 3059 3123 3134 βλαϐερῶν
3158 3065 3235 3130 ὡς
3285 3069 3356 3121 ἐκ
3394 3069 3592 3133 κακίας
3634 3087 3766 3143 προ-

523 3144 589 3183 ra
625 3145 746 3200 qua!
788 3139 1008 3198 nocent,
1049 3147 1440 3191 accusarentur
1487 3146 1745 3209 tanquam
1786 3154 1816 3192 a
1855 3139 2097 3209 nequitia

2198 3146 2593 3216 ενηνεγμένων.

523 3219 668 3275 edita
694 3230 746 3276 et
775 3232 913 3278 orta.

595 3314 692 3369 Sin
733 3332 865 3370 vero
925 3318 978 3371 in
1027 3319 1354 3374 animalibus
1397 3321 1663 3376 naturalis
1707 3322 1954 3392 quaedam
2009 3324 2094 3377 vis

529 3407 892 3474 discernendi,
919 3409 1182 3476 judicium
1221 3413 1637 3483 praaoccnpavit,
1663 3423 1715 3468 et
1746 3415 2094 3485 unumquodw

523 3517 630 3566 que
651 3502 754 3556 sibi
780 3505 1114 3559 conveniens
1147 3506 1335 3574 eligit;
1389 3508 1567 3561 omnis
1603 3505 1856 3561 videlicet
1902 3507 2090 3574 herba,

524 3598 577 3641 et
608 3591 760 3645 radix
789 3594 938 3649 utilis
961 3603 1063 3660 est,
1091 3595 1190 3651 etsi
1224 3611 1332 3650 non
1373 3597 1630 3652 omnibus
1660 3616 1673 3652 :
1716 3596 1865 3655 varia
1911 3605 2092 3653 autem

524 3688 652 3737 sunt
679 3684 826 3739 varie
854 3689 1120 3744 aooosita.

2122 3208 2170 3269 C

2271 3323 2333 3375 Ei
2379 3323 2436 3375 δέ
2479 3341 2542 3392 γε
2591 3325 2892 3397 προύλαϐεν
2924 3331 2982 3385 ἐν
3019 3335 3130 3397 τοῖς
3159 3333 3316 3400 ζώοις
3349 3341 3382 3409 ἠ
3422 3343 3627 3412 φυσικὴ
3659 3360 3766 3396 ota-

2199 3431 2378 3485 κρισις
2416 3415 2511 3486 τὴν
2550 3417 2751 3489 κρίσιν,
2786 3421 2878 3474 καὶ
2928 3422 2989 3476 τὸ
3021 3425 3220 3479 οίκεῖον
3242 3428 3480 3484 ἕκαστον
3531 3433 3762 3503 ἐκλέγει,

2197 3506 2349 3559 πᾶσα
2397 3505 2596 3579 δηλαδὴ
2648 3508 2842 3581 βοτάνη
2902 3514 2997 3567 καὶ⁵
3058 3516 3181 3585 ῥίζα
3234 3521 3524 3591 χρήσιμος,
3585 3527 3633 3578 εἰ
3678 3529 3764 3579 καὶ

2203 3595 2276 3666 μὴ
2320 3600 2433 3661 τοῖς
2481 3600 2646 3666 πᾶσι,
2697 3603 2915 3657 ποικίλα
2960 3605 3016 3658 δὲ
3075 3608 3142 3662 τὰ
3201 3612 3457 3678 ποικίλως
3505 3620 3766 3688 παρακεί-

2204 3706 2362 3760 μενα.

1317 3804 1445 3860 Ου’.
1486 3803 1674 3860 XXVI.
1717 3805 1914 3860 Contra
1952 3805 2148 3874 ferrum
2180 3815 2228 3860 et
2263 3805 2432 3874 ignem
2475 3811 2724 3863 mentitur
2757 3811 2941 3868 Manes

596 3922 708 3976 lloc
737 3922 904 3994 igitur
937 3924 1098 3979 modo
1134 3925 1412 3981 Maniclnaai
1455 3926 1546 3996 qui
1595 3927 1776 3980 omnia
1811 3926 2093 3981 criminari

524 4014 752 4079 studuit,
790 4015 1084 4071 refellenda
1111 4027 1164 4072 et
1201 4017 1491 4072 evertenda
1534 4025 1620 4071 est
1648 4018 1926 4072 accusatio
1968 4017 2094 4071 her-

523 4108 713 4163 barum
760 4109 1150 4177 pestilentium.
1201 4109 1290 4162 Sic
1321 4110 1463 4163 enim
1499 4117 1552 4163 et
1581 4117 1772 4163 contra
1807 4108 2009 4164 ferrum
2037 4117 2091 4163 et

518 4209 711 4256 contra
735 4201 909 4271 ignem
962 4201 1236 4266 mentitur,
1264 4201 1469 4258 faciens
1499 4201 1552 4256 in
1580 4201 1665 4256 his
1714 4210 1900 4255 contra
1930 4215 2092 4268 quam

520 4294 654 4348 vult.
686 4293 788 4360 Qui
806 4293 948 4348 enim
969 4303 1189 4349 accusat
1210 4295 1511 4362 materiam,
1535 4309 1695 4365 quam
1715 4308 1837 4348 esse
1861 4292 2094 4346 inaniter

521 4384 693 4454 ﬁngit,
741 4401 935 4441 rursus
966 4393 1187 4455 apparet
1227 4394 1487 4456 tanquam
1519 4385 1776 4440 defensor
1807 4391 1862 4438 et
1909 4390 2095 4453 patro-

2269 3929 2674 4000 Περιγραπτέον
2722 3934 2899 3989 τοίνυν
2945 3936 3131 3991 τοῦτον
3163 3939 3254 3993 τὸν
3297 3943 3498 4014 τρόπον
3541 3947 3636 4000 καὶ
3667 3951 3778 4020 τὴν

2197 4019 2334 4073 κατὰ
2381 4022 2489 4075 τῶν
2538 4024 2850 4096 θανασίμων
2900 4027 3203 4099 λεγομένων
3245 4032 3484 4103 βοτανῶν
3527 4057 3762 4110 κατηγοο

2199 4110 2320 4182 ρίαν
2367 4111 2445 4182 τῷ
2489 4114 2725 4168 Μάνεντι
2777 4117 2954 4170 πάντα
3009 4119 3312 4177 διαϐάλλειν
3366 4127 3758 4183 ἐσπουδακότι·

2195 4199 2337 4253 οὓτω
2390 4201 2498 4272 γὰρ
2551 4205 2644 4256 καὶ
2710 4205 2925 4277 σιδήρου
2979 4211 3072 4262 καὶ
3123 4213 3295 4285 πυρὸς
3347 4217 3774 4286 und/suanm,

2194 4292 2500 4346 τούναντίον
2531 4295 2699 4349 ποιῶν
2733 4298 2826 4350 καὶ
2858 4300 2916 4350 ἐν
2944 4301 3172 4368 τούτοις,
3217 4299 3277 4358 οὗ
3313 4305 3590 4376 βούλεται·
3630 4329 3761 4364 κατ-

2193 4383 2407 4454 ηγορῶν
2465 4383 2573 4456 γὰρ
2602 4387 2704 4456 τῆς
2735 4387 2885 4460 ὕλης,
2919 4393 2984 4462 ἢν
3028 4390 3166 4448 εἶναι
3207 4398 3379 4469 μάτην
3410 4402 3772 4469 φαντάζεται,Δ

522 4493 628 4532 nus
657 4477 797 4546 ejus,
831 4479 910 4534 eis
939 4493 1272 4534 succensens
1317 4486 1582 4548 tanquam
1615 4477 1775 4530 malis
1807 4475 1900 4546 qui
1941 4482 2086 4528 male

2198 4469 2349 4536 αὖθις
2380 4475 2568 4546 ὥσπερ
2619 4495 2702 4542 τις
2754 4483 3064 4555 προστάτης
3109 4489 3201 4540 καὶ
3245 4493 3542 4562 συνήγορος
3595 4498 3763 4566 αὐτῆς

520 4569 657 4623 riam
693 4577 1024 4625 consumunt
1058 4592 1069 4625 :
1103 4570 1305 4625 ferrum
1346 4580 1524 4625 autem
1553 4577 1607 4624 et
1648 4569 1788 4640 ignis
1825 4567 2088 4621 seminata

521 4670 649 4716 sunt
672 4664 724 4716 in
758 4672 903 4717 terra
934 4665 1000 4718 ab
1040 4663 1156 4734 ipso
1185 4665 1370 4719 mundi
1403 4664 1670 4727 Auctore;
1710 4662 1926 4715 inventa
1960 4672 2090 4712 vero

521 4761 649 4809 sunt
688 4755 896 4810 ratione
927 4757 996 4810 ab
1038 4757 1276 4819 homine,
1329 4755 1382 4811 id
1417 4755 1527 4810 Deo
1566 4753 1922 4808 concedente.
1961 4750 2091 4804 Sine

522 4847 607 4903 bis
637 4857 818 4904 autem
847 4849 1065 4919 penitus
1102 4865 1293 4903 manca
1317 4857 1463 4904 esset
1494 4849 1604 4902 vita
1635 4846 1944 4900 hominum.

591 5017 802 5074 Etenim
854 5019 900 5075 si
947 5019 1213 5090 judicavit
1261 5020 1596 5077 Manichacus
1637 5017 1894 5076 nocentia
1943 5029 2086 5080 esse,

519 5111 646 5181 quia
673 5121 1002 5167 consumunt
1029 5122 1082 5170 et
1113 5116 1434 5170 interimunt
1473 5130 1703 5185 corpora
1723 5114 1868 5171 ferro
1889 5124 1943 5172 et
1977 5118 2087 5189 igni

521 5205 737 5271 objecta
763 5246 778 5270 ,
820 5215 1024 5277 quanto
1062 5209 1236 5279 magis
1271 5191 1610 5278 apparebunt
1657 5208 1811 5262 utilia
1848 5216 1902 5264 et
1938 5211 2089 5265 salu-

517 5299 659 5352 taria
696 5307 918 5370 propter
948 5315 1104 5355 usum
1152 5317 1311 5356 suum
1363 5301 1428 5354 ad
1458 5301 1642 5354 omnia
1689 5301 2081 5354 necessarium.

522 5387 580 5444 Si
612 5409 740 5447 vero
772 5394 956 5449 ab‘dita
1015 5403 1144 5450 sunt
1191 5404 1245 5450 et
1287 5397 1508 5450 latentia
1537 5396 1592 5450 in
1627 5395 1835 5450 fabrica
1874 5394 2086 5461 mundi,

521 5479 635 5536 lucc
688 5493 868 5539 autem
919 5501 950 5540 a
990 5487 1262 5557 principio
1315 5488 1453 5541 ratio
1507 5487 1744 5542 hominis
1778 5486 2087 5552 adinvenit;

519 5573 606 5626 cui
633 5577 1032 5647 assignabimus
1052 5581 1312 5634 rationem
1343 5580 1577 5635 hominis
1600 5581 1791 5634 horum
1826 5581 2091 5637 inventri-

519 5675 636 5714 cem
662 5663 684 5715 ?
711 5679 778 5717 an
808 5668 1063 5737 nequitiae
1093 5680 1146 5724 et
1170 5671 1412 5725 materiae
1439 5685 1558 5738 quae
1583 5671 1944 5740 cognitionem
1977 5687 2085 5726 non

521 5749 703 5822 habet,
735 5767 793 5812 ut
832 5757 1161 5818 Manichreus
1208 5768 1290 5818 est
1323 5769 1534 5828 auctor,
1569 5777 1635 5816 an
1691 5761 1832 5820 Deo?
1861 5763 1929 5819 At
1973 5778 2085 5834 per-

2193 4567 2541 4638 ἀναφέρεται,
2570 4573 2680 4634 τοῖς
2711 4588 2774 4640 γε
2828 4573 3105 4632 δαπανῶσι
3152 4578 3249 4652 τὴν
3294 4581 3424 4655 ὓλην
3456 4586 3532 4649 t'u;
3575 4592 3764 4652 κακοῖς

2189 4660 2662 4732 ἀπεχθανόμενος’
2720 4665 2934 4738 σίδηρος
2979 4669 3037 4722 δὲ
3090 4672 3184 4725 καὶ
3234 4673 3344 4746 πῦρ
3390 4678 3760 4752 κατέσπαρται

2193 4752 2290 4821 μὲν
2339 4756 2396 4807 ἐν
2435 4758 2518 4844 ᾉγῇ
2587 4757 2722 4829 πρὸς
2773 4758 2866 4811 τοῦ
2921 4761 3451 4838 δημιουργήσαντος·
3500 4771 3759 4844 ἐξευρέθη

2189 4841 2245 4893 δὲ
2277 4842 2563 4914 ἀνθρώπου
2586 4843 2827 4918 λογισμῷ
2849 4853 2968 4904 κατ’
2996 4854 3297 4927 ἐπιτροπὴν
3335 4860 3469 4914 9εοῦ
3494 4878 3507 4890 ·
3558 4841 3760 4917 τούτων

2189 4931 2296 5001 γὰρ
2327 4934 2495 5005 χωρὶς
2524 4937 2796 5002 παντελῶς
2822 4939 3236 5014 ἡκρωτηρίαστο
3258 4949 3563 5022 ἀνθρώποις
3578 4955 3608 5006 ό
3627 4955 3756 5024 βίος.

2258 5024 2322 5076 Ei
2353 5025 2460 5095 γὰρ
2511 5026 2751 5100 βλαϐερὰ
2803 5030 2938 5104 πρὸς
2983 5035 3077 5088 τοῦ
3125 5039 3402 5106 Μάνεντος
3449 5045 3756 5114 νενόμισται

2187 5114 2265 5185 τῷ
2293 5119 2674 5191 καταφθείρειν
2701 5122 2768 5176 τά
2800 5125 3254 5198 παραϐαλλόμενα
3286 5132 3535 5204 σώματα,
3577 5137 3758 5206 πολλῴ

2191 5209 2390 5279 μᾶλλον
2453 5212 2704 5284 ὡφέλιμά
2753 5233 2813 5270 τε
2877 5218 2972 5274 καὶ
3034 5224 3276 5294 σωτήρια
3335 5229 3632 5298 φανήσεται
3690 5234 3753 5301 τῇ

2187 5305 2460 5376 ἀναγκαίᾳ
2507 5308 2700 5377 χρήσει
2754 5309 2889 5380 πρὸς
2938 5310 3169 5369 ἅπαντα.
3221 5317 3284 5369 Ei
3327 5317 3382 5371 δὲ
3431 5319 3754 5374 λανθάνοντα

2187 5398 2479 5468 ἐνυπάρχει
2516 5401 2579 5470 τῇ
2613 5401 2962 5476 δημιουργίᾳ,
2999 5407 3283 5479 ἀνθρώπου
3305 5411 3365 5465 δὲ
3408 5412 3580 5467 ταῦτα
3607 5413 3750 5483 λογι-

2189 5489 2323 5559 σμὸς
2362 5491 2463 5559 τὴν
2494 5491 2667 5561 ἀρχὴν
2699 5491 2910 5565 ἐξεῦρε,
2955 5497 3059 5550 τίνι
3095 5499 3368 5568 λογιστέον
3399 5504 3490 5556 τὸν
3531 5505 3755 5575 εὑρόντα

2185 5578 2472 5648 λογισμόν;
2525 5577 2633 5651 ἄρα
2671 5585 2734 5653 τῇ
2781 5585 2854 5654 μὴ
2891 5585 3090 5660 ἐχούσῃ
3124 5589 3324 5657 γνῶσιν
3369 5593 3537 5664 κακίᾳ
3576 5612 3633 5647 τε
3664 5594 3752 5647 καὶ

2188 5670 2284 5742 ὕλῃ
2311 5672 2430 5724 κατ’
2456 5673 2679 5738 ἐκεῖνον,
2715 5675 2746 5745 ἢ
2779 5674 2856 5746 τῷ
2884 5677 3106 5749 ἀγαθῷ;
3159 5681 3314 5736 Ἀλλὰ
3343 5683 3521 5755 δῆλον,
3569 5687 3641 5750 ὡς
3668 5685 3753 5739 λο-

2187 5764 2383 5836 γισμοῦ
2419 5767 2577 5836 σοφία
2616 5767 2815 5836 ἀγαθόν
2863 5787 2917 5822 τε
2964 5773 3056 5825 καὶ
3084 5774 3283 5841 ἀγαθοῦ
3311 5777 3501 5849 δῶρον.
3550 5780 3666 5831 Τὲνι
3696 5777 3752 5832 δὲ
