4072 6338
311 244 448 297 H85

1382 231 1752 289 ADVERSUS
1788 223 2215 285 MANICHJIOS
2256 220 2383 276 LIB.
2428 218 2494 273 Il.

3409 212 3550 271 “86

307 354 628 426 αὐτομάτως
663 349 906 422 ἀφήλατό
934 366 1064 401 ποτε
1095 347 1336 419 σίδηρος,
1380 349 1408 401 ό
1452 349 1518 416 τῇ
1560 347 1752 416 χρήσει
1785 342 1869 396 τοί

1985 337 2233 407 spicuum
2270 341 2353 389 est
2384 330 2708 402 sapientiam
2742 328 2973 383 rationis
3004 335 3058 383 et
3082 326 3284 382 bonum
3318 342 3462 387 esse.
3492 334 3552 383 et

307 447 565 518 λογισμοῦ
600 444 755 517 μόνον
788 440 1341 511 ὑποϐεϐλημένος-καὶ
1377 440 1527 512 πάσῃ
1551 439 1717 511 τέχνῃ
1753 438 1873 490 δου-

308 538 478 592 λεύων
500 554 516 603 ;

392 712 551 767 Ἀλλά
595 709 825 781 φονεύει,
861 709 1052 775 Μάνης
1079 707 1230 776 φησὶ,
1266 704 1333 757 δι’
1362 703 1524 757 αύτοῦ
1567 703 1871 775 ἄνθρωπος,

310 808 400 859 κα)⁵
427 806 562 875 πρὸς
595 802 655 855 τὸ
687 802 965 871 ἐργαλεῖον
991 801 1025 870 ἡ
1076 796 1400 866 κακοτεχνία
1432 795 1525 848 τοῦ
1554 795 1835 865 χρωμένου
1856 811 1869 825 ·

308 898 400 961 ὣς,
438 898 487 948 εί
515 894 588 965 μὴ
616 890 684 963 ἦν
726 895 754 945 6
797 891 982 944 τοῦτον
1006 890 1095 942 τὸν
1134 888 1328 960 τρόπον
1357 884 1657 957 χρώμενος,
1683 886 1782 937 οὐκ
1808 884 1875 937 ἄν

315 1007 369 1057 γε
400 988 577 1052 ἔδοξεν
606 983 742 1038 εἶναι
773 984 989 1055 σίδηρος
1040 981 1226 1042 κακός.
1271 980 1333 1032 Εί
1374 977 1482 1049 γάρ
1530 977 1874 1047 βουλεύσαιτο

309 1081 407 1152 μὲν
423 1082 452 1132 6
472 1079 661 1148 φονεὺς
682 1076 875 1147 δρᾶσαι
894 1074 1070 1142 φόνον,
1099 1072 1386 1142 διαμάρτοι
1405 1071 1461 1123 δὲ
1482 1070 1580 1141 τῆς
1600 1069 1870 1140 πράξεως,

306 1167 417 1241 ἆρά
432 1184 493 1236 γε
525 1167 585 1218 ού
617 1165 795 1233 δῆλον,
826 1163 901 1227 ὼς
928 1164 960 1232 ή
995 1163 1091 1233 μὲν
1116 1159 1369 1231 πρόθεσις
1393 1159 1453 1211 τὸ
1473 1158 1631 1230 ἔργον
1654 1156 1876 1227 διεπρά-

306 1261 452 1325 ξατο,
487 1261 515 1311 6
545 1259 601 1311 δὲ
640 1256 851 1327 σίδηρος
881 1254 1291 1324 ἀναμάρτητος;
1318 1250 1470 1305 Οὕτω
1499 1252 1582 1322 δὴ,
1614 1250 1717 1303 κᾶν
1743 1250 1873 1320 δρά-

308 1369 398 1423 σῃ,
423 1351 541 1420 ούχὶ
576 1348 789 1419 σίδηρος
813 1347 1003 1410 αἴτιος,
1028 1345 1190 1415 ἀλλέό
1221 1344 1434 1414 σιδήρου
1467 1342 1545 1413 τῷ
1571 1342 1784 1411 τέμνειν
1809 1342 1871 1392 ού

306 1443 449 1495 κατά
487 1440 639 1509 λόγον
677 1437 1035 1510 χρησάμενος.
1073 1437 1135 1488 Εἰ
1168 1435 1224 1488 δὲ
1258 1435 1397 1505 ξύλῳ
1431 1434 1635 1496 παίσει,
1672 1432 1705 1503 ἢ
1740 1430 1873 1501 λίθῳ

307 1533 547 1605 κρούσει,
586 1533 619 1603 ἢ
652 1532 834 1602 χερσὶν
871 1531 1025 1593 ἰδίαις
1064 1528 1368 1593 ἀποπνίξει,
1400 1522 1554 1589 αὖθις
1581 1527 1674 1579 καὶ
1703 1524 1875 1577 ταῦτα

306 1626 735 1695 προσαγορεύσει
798 1621 976 1676 κακά·
1046 1621 1140 1674 καὶ
1201 1620 1376 1673 πάντα
1452 1616 1648 1688 μᾶλλον
1726 1616 1872 1669 αἴτια

1977 443 2177 482 tnunus
2228 427 2376 479 boni.
2416 423 2472 477 In
2508 437 2668 493 quem
2719 428 2914 491 suapte
2956 421 3007 473 vi
3051 421 3261 475 insiluit
3308 434 3551 489 unquam

1968 501 2201 580 .ferrum',
2230 516 2374 587 quod
2421 519 2542 569 usui
2582 513 2811 568 rationis
2857 520 3067 566 tantum
3105 511 3407 580 subjectum
3440 521 3550 574 est,

1974 619 2028 665 et
2060 610 2209 663 omni
2246 608 2351 661 arti
2398 607 2567 661 servit
2616 620 2680 659 ac
2722 604 3039 658 ministrat?

2042 698 2111 751 At
2137 698 2340 753 occidit
2379 698 2543 751 homo
2578 694 2745 759 ferro,
2782 695 2961 766 inquit
2998 693 3347 755 Manichazus.
3397 702 3452 748 et
3481 692 3550 748 ad

1974 789 2402 846 instrumentum
2448 789 2656 845 accedit
2708 790 2911 842 malum
2962 789 3257 843 artiﬁcium
3318 788 3546 843 utentis.

1974 884 2139 950 Quasi
2179 900 2288 937 non
2329 892 2476 938 esset
2520 884 2696 937 visum
2730 881 2934 936 ferrum
2989 885 3213 944 malum,
3247 881 3354 935 nisi
3386 881 3550 935 homo

1972 977 2077 1031 hoc
2126 978 2288 1030 modo
2319 975 2465 1030 ferro
2507 984 2772 1030 uteretur.
2831 973 2889 1029 Si
2931 976 3076 1031 enim
3118 977 3276 1030 vellet
3315 976 3551 1031 sicarius

1971 1068 2240 1134 occidere,
2290 1068 2437 1122 etab
2479 1068 2590 1121 ictu
2621 1067 2933 1134 aberraret;
2964 1082 3032 1121 an
3065 1082 3175 1121 non
3210 1068 3399 1137 liquet,
3428 1066 3553 1121 ani-

1972 1174 2063 1212 mo
2100 1159 2319 1228 quidem
2377 1174 2487 1213 non
2538 1166 2906 1228 perpetrasse,
2960 1158 3162 1213 ferrum
3217 1174 3347 1213 vero
3390 1167 3550 1213 extra

1973 1250 2188 1320 culpam
2222 1248 2382 1305 esse?
2426 1248 2518 1304 Sic
2550 1250 2802 1319 quamvis
2837 1248 2984 1304 ferro
3030 1250 3384 1305 homicidium
3426 1251 3544 1314 ﬁat,

1972 1359 2083 1397 non
2129 1352 2214 1397 est
2269 1343 2323 1396 in
2360 1343 2589 1397 crimine
2628 1351 2682 1397 et
2713 1344 2875 1413 culpa
2918 1343 3144 1409 ferrum,
3190 1346 3283 1400 sed
3314 1348 3403 1415 qui
3436 1362 3547 1401 non

1974 1435 2275 1490 secundum
2337 1435 2604 1488 rationem
2650 1450 2785 1490 usus
2826 1442 2910 1490 est
2954 1436 3099 1490 ferro
3126 1437 3194 1490 ad
3223 1436 3543 1492 secandum.

1974 1525 2032 1579 Si
2078 1533 2257 1579 autem
2303 1525 2449 1595 ligno
2499 1528 2789 1595 percutiat,
2831 1535 2925 1580 aut
2953 1527 3180 1597 cuspide
3222 1528 3401 1592 feriat,
3450 1537 3546 1583 aut

1974 1616 2209 1685 propriis
2262 1615 2515 1670 manibus
2566 1618 2908 1687 strangulet;
2961 1633 3154 1673 rursus
3203 1619 3316 1674 haec
3369 1620 3544 1675 Mani-

307 1716 457 1787 παρά
489 1714 567 1785 τῷ
599 1715 832 1768 Μάνεντι
870 1713 903 1784 ἢ
946 1712 1007 1765 τὸ
1044 1712 1211 1776 ὅντως
1244 1710 1412 1763 αίτιον
1446 1712 1474 1763 ὁ
1515 1709 1758 1773 ἑκούσιος
1788 1709 1869 1762 λο-

1972 1705 2156 1760 οὴιειιε
2201 1706 2493 1774 appellabit
2525 1707 2687 1770 mala,
2750 1716 2804 1762 et
2835 1710 3016 1764 omnia
3071 1712 3227 1780 apud.
3260 1728 3383 1766 eum
3435 1712 3545 1766 cri-

304 1808 521 1879 γισμός.

360 1899 462 1973 .Τά
506 1898 614 1970 γάρ
647 1897 877 1969 ρηθέντα
904 1897 1078 1951 πάντα
1113 1895 1251 1962 μετά
1292 1895 1509 1967 σιδήρου
1550 1893 1663 1948 οὔτ’
1693 1894 1872 1964 ἀγαθά

303 1990 429 2044 οὔτε
480 1988 624 2048 κακά
668 1988 957 2060 τυγχάνει·
991 1988 1206 2041 ἕλκεται
1252 1987 1307 2040 δὲ
1338 1988 1473 2058 πρὸς
1517 1987 1545 2041 6
1575 1987 1641 2042 ἂν
1678 1986 1872 2059 βουλη-

306 2080 423 2151 θείη
478 2081 507 2131 6
557 2077 869 2150 χρώμενος,
917 2078 1211 2149 ἐργαλείων
1260 2078 1416 2148 δίκην
1473 2076 1870 2147 παρακείμενα,

305 2172 400 2225 καὶ
422 2170 498 2242 τῷ
526 2170 791 2242 χρωμένῳ
814 2169 1129 2223 δουλεύοντα
1149 2187 1161 2200 ’
1189 2170 1331 2241 ἀπερ
1362 2172 1410 2222 εί
1446 2169 1519 2240 μὴ
1548 2170 1873 2241 παραδέδοτο

302 2262 594 2335 ἀνθρώπῳ,
644 2261 754 2314 οὔτ’
787 2262 852 2316 ἂν
882 2262 980 2326 τὰς
1022 2263 1211 2332 τέχνας
1262 2262 1404 2316 οὕτω
1446 2262 1712 2333 διήνυσεν,
1761 2261 1871 2315 οὔτ’

305 2353 374 2407 ἂν
405 2354 504 2417 τάς
541 2353 765 2423 χρήσεις
797 2352 895 2416 τάς
929 2353 1023 2405 ἀπ’
1052 2352 1230 2405 αὐτῶν
1255 2352 1411 2422 ἔσχεν
1436 2353 1730 2421 ἀφθόνους·
1760 2352 1787 2404 6
1815 2352 1871 2405 δὲ

303 2448 368 2519 δὴ
403 2448 603 2518 μεῖζον,
636 2447 834 2517 ἥκιστα
859 2445 925 2499 ἂν
961 2445 1322 2516 διεγυμνάσθη
1370 2445 1506 2516 πρὸς
1532 2445 1731 2516 ἀρετήν
1752 2460 1765 2473 ·
1794 2443 1872 2514 τῷ

303 2541 414 2613 γὰρ
446 2539 519 2611 μὴ
545 2539 688 2610 ἐχειν
730 2538 1026 2611 ἐργαλείων
1084 2538 1384 2610 παράθεσιν
1410 2537 1664 2590 ἕλκεσθαι
1709 2537 1870 2590 δυνα-

308 2632 487 2701 μένων
517 2630 650 2701 πρὸς
689 2629 949 2701 ἐργασίαν
970 2629 1170 2699 ἀρετῆς
1199 2643 1257 2680 τε
1287 2626 1381 2680 καὶ
1410 2626 1624 2690 κακίας,
1667 2626 1766 2679 οὐκ
1805 2625 1871 2681 ἄν

302 2736 371 2790 γε
398 2720 555 2791 ἔσχεν
587 2721 671 2788 ἐφ’
702 2719 876 2788 ἐαυτῷ
898 2719 997 2788 τῆς
1031 2716 1232 2788 ἀρετῆς
1263 2716 1362 2787 τὴν
1398 2716 1725 2787 προτίμησιν
1744 2732 1759 2747 ’
1796 2715 1871 2780 ὡς

301 2816 365 2875 ἐς
393 2813 460 2865 τά
490 2811 723 2882 μάλιστα
754 2811 819 2864 ἂν
850 2809 1207 2881 ἐζημιῶσθαι,
1247 2810 1342 2862 καὶ⁹
1377 2809 1636 2880 μεγίστης
1666 2809 1873 2863 εὐδοκι-

306 2908 524 2977 μήσεως
551 2901 962 2957 ἐκπεπτωκέναι
990 2901 1185 2964 δοκεῖν,
1211 2900 1367 2973 εἴπερ
1399 2900 1487 2954 διὰ
1513 2900 1669 2954 τοῦτο
1688 2901 1867 2970 δοκοίη

303 2996 639 3071 κακουργίας
672 2996 745 3068 μὴ
777 2992 1062 3056 ἀπτεσθαι,
1092 2994 1174 3046 ὅτι
1207 2994 1281 3064 μὴ
1312 2993 1379 3045 δι’
1416 2988 1491 3047 ὧν
1531 2993 1597 3047 ἃν
1623 2992 1870 3064 δράσειεν

302 3092 606 3162 εὐπόρησεν
623 3106 638 3119 ·
668 3088 729 3142 τὸ
757 3088 864 3160 γὰρ
900 3086 1174 3150 παντελῶς
1206 3088 1485 3158 ἄπρακτον
1510 3084 1678 3156 ἀργόν
1698 3101 1758 3138 τε
1782 3084 1871 3138 καὶ

299 3182 509 3247 ἄδοξον.

386 3275 525 3327 Ἀλλ’
564 3274 684 3346 ὅρα,
734 3275 952 3345 φήσειεν
980 3272 1067 3338 ἂν,
1113 3271 1173 3325 τὸ
1212 3270 1524 3335 ἀποϐαῖνον,
1570 3285 1665 3324 και
1710 3267 1870 3322 πλέον

300 3368 455 3421 ούδέν
484 3367 577 3422 τοῦ
616 3365 915 3435 ἀναγκαίου
963 3363 1277 3435 συμϐαίνει’
1310 3364 1535 3425 θάνατος
1559 3361 1666 3433 γὰρ
1684 3359 1744 3413 ού
1784 3359 1871 3414 διά

303 3461 509 3532 φονέως
541 3458 788 3530 εὕρηται,
824 3457 959 3512 ἀλλά
993 3459 1128 3529 πρὸς
1158 3456 1252 3510 τοῦ
1278 3452 1621 3528 Δημιουργοῦ
1648 3469 1871 3523 νενομο-

304 3552 522 3619 θέτηται
544 3569 556 3583 ο
588 3551 680 3605 καὶ
713 3551 765 3604 εί¹
794 3549 855 3619 γέ
882 3567 964 3613 τις
995 3548 1280 3613 σπουδάζει
1312 3548 1545 3620 σίδηρον,
1573 3546 1667 3601 καὶ
1694 3544 1867 3613 ξύλον,

302 3643 396 3695 καὶ
423 3642 588 3705 λίθον,
619 3640 729 3712 πῦρ
756 3658 815 3694 τε
844 3642 937 3695 καλ⁵
966 3640 1108 3711 ὕδωρ
1131 3642 1225 3694 καὶ
1244 3639 1313 3693 τά
1336 3639 1559 3693 τοιαῦτα
1592 3637 1667 3701 ὡς
1707 3653 1871 3691 κακο-

301 3733 432 3787 ποιά
463 3732 744 3802 διελέγξαι,
778 3734 883 3787 τῶν
915 3732 1209 3804 ἐργαλείων
1237 3732 1335 3804 τὴν
1371 3731 1545 3804 ἀρχὴν
1578 3731 1869 3801 ἀφέμενος,

306 3825 463 3894 μόνον
498 3823 557 3877 τὸ
600 3822 912 3887 ἀποϐαῖνον,
944 3822 1088 3891 λέγω
1133 3821 1197 3893 δὴ
1230 3821 1321 3876 τόν
1366 3821 1612 3886 θάνατον,
1661 3823 1868 3891 διελεγ-

302 3915 463 3987 χέτω,
494 3915 588 3969 καὶ
621 3914 881 3968 δεικνύτω
901 3914 1087 3968 τοῦτον
1111 3915 1172 3967 ού
1209 3913 1348 3968 κατὰ
1373 3913 1527 3983 λόγον
1567 3913 1869 3984 ὡρισμένον

304 4008 441 4081 πρὸς
468 4007 559 4061 τοῦ
585 4006 927 4079 Δημιουργοῦ
948 4023 960 4036 ·
981 4005 1261 4070 καὶοῦτως
1292 4005 1518 4059 ῦστατον
1534 4007 1677 4059 κακά
1706 4024 1869 4077 προσ-

299 4098 607 4171 αγορευέτω
654 4099 715 4152 τὸ
756 4098 941 4162 κακῶς
984 4099 1401 4171 συναιρούμενα.
1440 4100 1502 4151 Εί
1546 4098 1602 4151 δὲ
1642 4098 1868 4160 θάνατος

301 4192 392 4243 ὑπ’
440 4190 649 4255 ούδενὺς
709 4188 1047 4259 ἀναδειχθείη
1095 4188 1359 4261 πονηρὸς,
1416 4187 1720 4241 τούναντίον
1770 4187 1868 4258 μὲν

299 4278 420 4347 οὖν,
477 4282 551 4345 ὡς
599 4282 687 4337 διὰ
741 4281 950 4335 πολλῶν
998 4281 1284 4343 δέδεικται,
1339 4280 1435 4333 καὶ
1484 4278 1756 4350 ὠφέλιμός
1803 4296 1866 4347 γε

1975 1795 2108 1849 ιιιίηὶ
2141 1797 2318 1863 potius
2358 1794 2656 1861 dabuntur,
2688 1812 2853 1866 quam
2887 1799 3147 1868 cogitatio
3175 1801 3503 1855 voluntaria.

2044 1883 2237 1940 Omnia
2292 1886 2438 1941 enim
2489 1904 2608 1957 qua:
2648 1889 2793 1943 dicta
2832 1898 2959 1944 sunt
3000 1907 3123 1945 cum
3158 1892 3327 1956 ferro,
3367 1908 3543 1963 neque

1972 1976 2136 2041 bona,
2190 1993 2366 2047 neque
2410 1979 2549 2033 mala
2591 1987 2753 2045 sunt;
2790 1982 3083 2036 trahuntur
3116 1984 3260 2037 enim
3295 1999 3402 2052 quo
3445 1985 3540 2054 qui

1974 2068 2144 2120 utitur
2165 2067 2330 2134 velit;
2362 2084 2482 2137 qua:
2505 2085 2634 2125 vero
2663 2079 2791 2126 sunt
2819 2074 2993 2143 posita
3018 2074 3193 2129 instar
3216 2076 3543 2129 instrumen»

1973 2163 2175 2222 torum,
2231 2167 2283 2212 et
2338 2160 2654 2217 deserviunt
2708 2165 2884 2219 utenti
2918 2182 2931 2219 :
2962 2181 3083 2235 qua:
3121 2168 3167 2221 si
3198 2167 3400 2221 homini
3431 2182 3539 2220 non

1974 2258 2160 2305 essent
2192 2251 2415 2316 tradita,
2441 2270 2543 2309 nec
2569 2255 2799 2310 artiﬁcia
2831 2258 2911 2312 sic
2940 2272 3235 2329 perageret,
3282 2277 3383 2316 nec
3430 2262 3541 2315 uti-

1973 2342 2155 2398 litates
2192 2360 2257 2398 ex
2298 2347 2549 2401 artiﬁciis
2588 2348 2841 2417 cepiosas
2870 2350 3128 2420 haberet;
3168 2361 3222 2409 et
3244 2356 3388 2423 quod
3418 2358 3540 2425 plus

1972 2442 2077 2498 est,
2129 2437 2351 2493 minime
2400 2439 2466 2493 ad
2518 2440 2772 2495 virtutem
2808 2444 3126 2498 exercitatio
3169 2447 3537 2504 adhiberetur.

1971 2522 2091 2579 Non
2143 2526 2390 2583 habendo
2427 2529 2570 2584 enim
2614 2532 2859 2601 apposita
2894 2532 3278 2597 instrumenta,
3322 2554 3444 2607 qua:
3473 2539 3540 2593 ad

1972 2621 2241 2674 actionem
2292 2622 2514 2678 virtutis
2559 2624 2641 2677 vel
2692 2624 2803 2677 vitii
2854 2628 3255 2682 accommodari
3292 2642 3536 2699 possent,

1974 2725 2082 2764 non
2115 2711 2339 2766 haberet
2369 2722 2690 2783 potestatem
2718 2717 2971 2772 virtutem
3005 2720 3137 2772 vitio
3164 2724 3536 2791 praeponendi,

1974 2810 2033 2855 ut
2066 2803 2358 2856 maximam
2394 2803 2663 2873 jacturam
2696 2804 2890 2861 fecisse
2918 2809 3194 2865 videretur
3225 2821 3278 2866 et
3303 2828 3332 2866 a
3368 2817 3540 2869 maxi-

1972 2907 2058 2945 ma
2104 2892 2263 2948 laude
2306 2894 2607 2959 excidisse;
2664 2897 2708 2951 si
2764 2908 3047 2967 propterea
3100 2902 3375 2957 videretur
3428 2923 3538 2961 non

1973 2982 2257 3038 admittere
2297 2991 2453 3055 turpe
2495 2985 2720 3055 factum,
2764 2990 2892 3059 quia
2936 3007 3043 3045 non
3086 2992 3275 3047 habuit
3327 2999 3538 3066 copiam

1973 3087 2161 3127 eorum
2188 3077 2388 3145 quibus
2433 3080 2754 3148 perliceret:
2786 3083 2933 3152 quod
2976 3085 3120 3138 enim
3153 3088 3378 3142 omnino
3427 3106 3538 3144 non

1972 3164 2105 3234 agit,
2146 3166 2380 3221 otiosum
2403 3176 2486 3224 est
2515 3178 2567 3224 et
2595 3170 2903 3241 inglorium.

2043 3255 2149 3311 Sed
2193 3258 2335 3325 vide,
2374 3260 2601 3331 inquiet,
2647 3264 2790 3332 quod
2816 3280 2882 3319 ex
2926 3265 3306 3323 instrumentis
3344 3287 3538 3341 prove-

1970 3346 2073 3414 nit,
2123 3350 2297 3420 magis
2334 3354 2707 3407 necessarium
2760 3355 2993 3423 accidit;
3044 3374 3192 3413 mors
3247 3362 3390 3416 enim
3427 3381 3536 3420 non

1971 3448 2053 3494 est
2086 3440 2303 3496 inventa
2334 3443 2403 3497 ab
2439 3444 2812 3512 interfectore,
2856 3448 2952 3503 sed
2981 3466 3010 3504 a
3031 3450 3293 3509 Creatore
3323 3458 3536 3512 saneila

1971 3540 2053 3587 est
2082 3552 2095 3587 :
2127 3542 2181 3588 et
2226 3536 2272 3590 si
2305 3535 2430 3605 quis
2458 3536 2674 3593 studeat
2720 3537 2926 3595 ferrum
2960 3553 3015 3596 et
3070 3544 3277 3615 lignum
3315 3557 3369 3602 et
3402 3549 3537 3618 lapi-

1970 3624 2113 3690 dem,
2162 3628 2339 3697 ignem
2392 3638 2446 3683 et
2484 3644 2681 3699 aquam
2718 3640 2771 3686 et
2811 3634 2917 3687 alia
2963 3634 3233 3704 ejusmodi
3274 3647 3533 3711 tanquam

1969 3717 2212 3772 maleﬁca
2254 3732 2546 3784 accusare,
2591 3722 2783 3777 relicto
2832 3726 3098 3798 principio
3144 3730 3535 3789 instrumento-

1968 3822 2124 3872 rum;
2170 3808 2531 3878 reprehendat
2574 3819 2629 3866 et
2668 3825 2892 3870 accuset
2935 3816 2989 3871 id
3038 3819 3179 3888 quod
3213 3837 3279 3876 ex
3329 3824 3534 3880 instru-

1968 3898 2166 3954 mentis
2200 3903 2469 3969 provenit,
2504 3917 2731 3960 mortem
2763 3907 2907 3973 dico,
2939 3912 3236 3982 probetque
3270 3932 3378 3970 non
3412 3933 3536 3974 esse

1969 3988 2109 4045 hanc
2156 4007 2187 4045 a
2231 3991 2340 4047 Deo
2390 3992 2665 4051 decretam
2712 4005 2767 4053 et
2824 4002 3177 4056 constitutam
3229 4008 3533 4063 secundum

1968 4084 2234 4138 rationem
2272 4099 2287 4137 :
2320 4095 2480 4156 atque
2517 4088 2591 4142 ita
2634 4097 2910 4160 postremo
2954 4095 3188 4163 appellet
3215 4098 3379 4161 mala,
3413 4115 3535 4170 qua:

1968 4175 2107 4229 male
2129 4176 2387 4245 adjuvant
2410 4188 2655 4236 mortem.
2691 4179 2798 4237 Sed
2830 4184 2875 4239 si
2913 4200 3071 4239 nemo
3102 4195 3277 4256 potest
3301 4190 3535 4258 probare

1969 4275 2196 4322 mortem
2230 4271 2597 4335 essemalum,
2634 4274 2735 4328 sed
2769 4286 2959 4330 contra
2996 4279 3200 4347 potius,
3228 4288 3288 4334 ut
3312 4283 3534 4352 c0piose

296 4375 550 4445 τυγχάνει
575 4392 589 4408 ’
625 4372 742 4437 πῶς
776 4375 837 4427 οὐ
878 4372 1139 4445 παρέλκει
1187 4372 1257 4426 τὰ
1283 4371 1350 4426 δι’
1377 4364 1452 4425 ὧν
1493 4372 1560 4425 ἂν
1595 4371 1866 4445 συμϐαίνῃ

1971 4359 2253 4427 probatum
2280 4371 2382 4424 est,
2404 4362 2588 4417 utilem
2629 4379 2780 4433 esse;
2812 4382 2882 4421 an
2915 4382 3023 4424 non
3064 4385 3531 4440 supervacaneum

298 4467 561 4531 θάνατος,
637 4464 838 4519 τούτων
903 4465 979 4529 ὡς
1046 4464 1229 4519 κακῶν
1295 4465 1454 4534 φύσει
1515 4466 1859 4535 κατηγορεῖν,

295 4558 396 4610 οὐκ
437 4556 651 4611 εἰδότων
705 4556 802 4627 μὲν
848 4554 931 4624 ἐφ’
982 4555 1010 4608 6
1066 4555 1346 4609 σαλεύεται
1393 4556 1529 4626 πρὸς
1586 4555 1792 4626 ἐτέρου,
1818 4546 1863 4621 ᾧ

296 4648 603 4721 παρεδόθη,
650 4649 829 4721 πάσης
890 4647 934 4701 δ’
993 4647 1171 4711 αίτίας
1227 4646 1689 4719 ἀπηλλαγμένων;
1740 4645 1862 4700 δέον

298 4743 389 4796 τὸν
412 4742 661 4796 κινοῦντα
693 4743 849 4813 μόνον
868 4740 1026 4805 αύτά,
1055 4743 1141 4796 ὅτε
1165 4742 1240 4813 μὴ
1266 4741 1556 4813 προσῆκεν,
1580 4740 1861 4811 ἄνθρωπον

296 4833 595 4888 αἰτιᾶσθαι.
1622 4826 1628 4833 ’

1967 4458 2051 4503 est
2087 4465 2344 4507 accusare
2372 4461 2631 4524 tanquam
2671 4465 2865 4511 natura
2891 4460 3001 4513 sint
3032 4464 3193 4525 mala,
3235 4480 3297 4519 ea
3330 4482 3392 4521 ex
3416 4469 3534 4538 qui-

1969 4541 2073 4597 bus
2100 4556 2247 4597 mors
2287 4544 2518 4611 accidit;
2567 4561 2686 4615 qua:
2724 4564 2899 4619 neque
2942 4551 3124 4607 sciunt
3160 4555 3229 4609 ad
3274 4574 3394 4628 quae
3423 4562 3535 4615 sint

1969 4635 2276 4691 adhibenda
2323 4638 2393 4692 ab
2442 4638 2615 4693 altero
2653 4645 2741 4695 cui
2771 4643 2971 4698 tradita
3002 4656 3161 4710 sunt.
3194 4660 3246 4705 et
3286 4652 3354 4707 ab
3384 4656 3532 4707 omni

1968 4731 2126 4800 culpa
2154 4739 2208 4786 et
2239 4732 2466 4786 crimine
2499 4741 2627 4788 sunt
2658 4735 2867 4791 libera?
2903 4753 3025 4792 eum
3057 4750 3335 4811 oporteret
3365 4744 3534 4797 homi-

1967 4840 2091 4878 nem
2145 4824 2321 4879 solum
2380 4840 2658 4892 accusare,
2720 4830 2813 4899 qui
2865 4847 2925 4886 ea
2982 4832 3341 4891 instrumenta
3402 4844 3535 4893 tunc

1969 4923 2172 4980 movet,
2203 4929 2327 4969 cum
2368 4931 2477 4970 non
2519 4917 2645 4973 licet
2682 4934 2859 4988 neque
2903 4925 3175 4978 convenit.

295 5036 424 5092 Car.
459 5035 671 5092 XXVII.
717 5035 869 5090 Nihil
913 5038 966 5091 in
1008 5036 1213 5106 fabrica
1243 5035 1424 5091 mundi
1462 5036 1679 5089 malum.
1712 5032 1839 5088 Sola
1869 5032 2102 5115 humana
2139 5034 2277 5086 ratio
2320 5032 2607 5105 aliquando
2652 5035 2859 5106 quidem
2900 5047 3111 5107 peccat.
3149 5040 3239 5094 sed
3278 5042 3440 5097 simul
3481 5053 3534 5099 ct

1718 5114 2042 5173 coarguitur.

368 5226 524 5280 Οῦτω
554 5225 661 5297 γὰρ
704 5224 839 5296 πρὸς
876 5223 1130 5295 ἀλήθειαν
1158 5224 1530 5278 ἀποδέδεικται
1562 5222 1726 5295 μηδὲν
1762 5224 1860 5295 μὲν

2042 5220 2133 5276 Sic
2176 5238 2321 5277 enim
2354 5239 2480 5278 vere
2510 5225 2827 5279 conclusum
2862 5233 2917 5281 et
2953 5227 3260 5284 confectum
3296 5240 3400 5299 est,
3445 5233 3531 5289 ni-

295 5320 404 5373 τῶν
442 5318 581 5371 κατά
628 5317 727 5387 τὴν
776 5316 1135 5387 δημιουργίαν
1184 5313 1321 5368 εἶναι
1364 5316 1565 5369 κακόν’
1604 5314 1761 5385 μόνον
1803 5315 1860 5367 δὲ

1971 5315 2044 5369 hil
2071 5318 2123 5371 in
2156 5317 2360 5372 fabrica
2400 5319 2590 5373 mundi
2622 5334 2744 5374 esse
2776 5322 2999 5376 malum.
3049 5320 3230 5377 Solam
3262 5327 3530 5384 rationem

296 5410 388 5464 τὸν
416 5408 752 5481 ἀνθρώπινον
772 5407 1027 5477 λογισμὸν
1049 5406 1294 5472 ἐξουσίαν
1316 5407 1627 5476 ἀναγκαίως
1652 5406 1717 5458 λα
1726 5405 1862 5476 p.661-

1973 5408 2267 5462 humanam
2303 5425 2423 5479 quae
2461 5413 2775 5467 necessario
2817 5420 3138 5483 potestatem
3169 5419 3388 5487 accipit,
3427 5418 3529 5476 ali-

298 5520 455 5557 νοντα
498 5502 642 5554 ἔστιν
684 5502 772 5554 ὅτε
824 5500 1177 5570 πλημμελεῖν,
1218 5499 1641 5571 πλημμελοῦντα
1683 5499 1738 5551 δὲ
1789 5498 1866 5551 δι-

1971 5500 2189 5569 quando
2237 5500 2455 5569 quidem
2516 5517 2762 5572 peccare,
2822 5513 3135 5574 peccantem
3175 5524 3305 5563 vero
3354 5508 3424 5563 ob
3474 5510 3530 5563 id

296 5594 609 5663 ελέγχεσθαι
643 5593 819 5663 μόνον,
852 5594 930 5646 ὅτι
965 5592 1329 5664 προτετίμηκε
1356 5592 1415 5644 τὸ
1449 5592 1660 5661 χείρον’
1696 5591 1862 5663 μηδὲν

1971 5593 2145 5646 solum
2184 5594 2524 5664 reprehendi,
2578 5597 2704 5665 quia
2746 5597 2891 5666 quod
2922 5598 3161 5655 deterius
3200 5609 3340 5666 erat,
3393 5617 3532 5666 prda-

294 5684 352 5742 δέ
404 5683 544 5739 κατά
591 5683 688 5755 τῆς
735 5682 945 5751 φύσεως
1000 5684 1340 5753 καινοτομεῖν
1380 5680 1669 5749 δύνασθαι,
1725 5680 1859 5751 μηδὲ

1971 5685 2148 5756 posuit
2187 5686 2433 5755 meliori;
2485 5703 2662 5761 neque
2709 5698 2899 5746 contra
2942 5699 3192 5748 naturam
3233 5709 3392 5765 posse
3425 5695 3534 5751 ali-
