4072 6338
563 247 700 300 IIS?

1719 249 1852 304 TITI
1895 249 2114 306 BOSTR
2125 251 2318 310 ENSIS
2368 252 2675 310 EPISCOPI

3662 249 3798 304 {I88

561 363 694 434 quid
744 378 963 426 novare,
1020 377 1121 416 nec
1155 376 1279 417 esse
1327 379 1492 434 penes
1521 380 1666 434 eum,
1699 376 1759 422 ut
1789 386 1910 439 quae
1955 385 2121 440 supra

2224 374 2290 426 τὰ
2359 375 2469 428 ἄνω
2523 375 2671 428 κάτω
2740 371 2825 423 ἐπ’
2882 370 3028 440 αὐτῷ
3086 365 3225 422 εἶναι
3286 367 3494 429 ποιεῖν,
3551 365 3692 420 ἀλλὰ
3741 370 3802 419 τὸ

561 461 711 519 sunt,
751 453 858 508 sint
887 450 1050 516 infra,
1096 451 1193 506 sed
1235 453 1412 506 solum
1453 453 1633 510 facere
1667 473 1751 521 ea,
1784 474 1905 527 qua:
1936 475 2132 515 secun-

565 547 688 602 dum
742 552 994 600 naturam
1058 555 1186 600 sunt
1241 565 1252 598 :
1301 547 1553 615 quamvis
1611 559 1902 604 accusetur
1953 551 2132 610 facere

560 644 756 708 praeter
788 636 1087 691 rationem.-

631 728 788 784 Sicut
803 726 983 783 caedes
1001 733 1230 782 mortem
1255 727 1553 784 secundum
1582 735 1832 786 naturam
1851 742 2128 804 operatur,

561 821 694 874 nihil
732 821 967 890 amplius
995 818 1201 874 faciens
1232 835 1394 891 quam
1421 821 1566 890 quod
1595 831 1681 876 est
1707 825 2006 880 secundum
2036 842 2132 880 na-

556 919 759 975 turam,
794 917 1154 981 praeterquam
1200 910 1345 980 quod
1387 913 1639 977 coarguit
1685 927 1808 967 eum
1847 917 1940 984 qui
1979 915 2126 970 fecit.

559 1003 772 1058 Rursus
801 1001 1134 1056 adulterium
1158 1010 1212 1055 et
1241 1001 1348 1054 alia
1378 1001 1647 1071 ejusmodi
1672 1004 1743 1058 ob
1774 1021 1892 1060 eam
1915 1013 2128 1062 tantum

554 1112 782 1153 causam
830 1105 1180 1160 accusantur,
1231 1097 1358 1167 quia
1404 1106 1534 1152 sunt
1581 1115 1768 1155 aversa
1814 1117 1844 1155 a
1897 1104 2126 1160 ratione.

552 1189 762 1245 Contra
801 1195 1054 1242 naturam
1092 1203 1224 1242 vero
1263 1204 1292 1242 a
1326 1186 1586 1247 Creatore
1611 1191 1962 1246 constitutam
1994 1194 2129 1247 nihil

558 1282 773 1348 penitus
799 1287 980 1350 potest
1021 1280 1226 1350 aliquid
1273 1281 1398 1334 novi
1433 1281 1632 1345 moliri,
1658 1284 1858 1352 quippe
1889 1298 2012 1337 cum
2043 1285 2128 1339 lex

552 1373 675 1442 ejus
705 1372 797 1442 qui
829 1380 1082 1426 naturam
1117 1370 1418 1427 fabricatus
1461 1381 1566 1436 est,
1601 1374 1670 1429 sit
1696 1383 1748 1430 et
1786 1386 1999 1430 maneat
2029 1376 2128 1430 im-

558 1463 860 1518 mutabilis.
897 1461 957 1517 In
1004 1463 1140 1534 ipsis
1169 1479 1300 1518 vero
1331 1479 1452 1534 qua:
1496 1466 1766 1519 naturalia
1815 1475 1964 1531 sunt,
1998 1483 2126 1538 pec-

555 1565 682 1612 cata
730 1565 1019 1612 versantur
1071 1556 1278 1610 nullam
1333 1557 1632 1612 novitatem
1681 1557 2120 1614 introducentia:

556 1647 736 1701 solum
763 1654 999 1716 arguunt
1025 1653 1080 1701 et
1105 1646 1440 1700 convincunt
1463 1645 1751 1702 facientem
1782 1659 1972 1718 sponte
1996 1664 2124 1719 pec-

2232 467 2372 518 κατὰ
2400 465 2558 534 φύσιν
2593 464 2752 535 μόνον
2781 463 2934 535 δρᾷν,
2961 463 3064 516 κᾶν
3091 461 3397 533 παράλογον
3422 459 3800 530 κατηγορῆται

2233 575 2420 612 ποιειν.

2299 731 2452 800 Οἷον,
2501 735 2660 804 φόνος
2691 735 2919 790 θάνατον
2958 737 3048 789 τὸν
3104 735 3245 790 κατὰ
3288 733 3446 803 φύσιν
3478 734 3795 805 ἐργάζεται,

2225 829 2381 882 οὐδὲν
2413 829 2572 882 πλέον
2606 827 2782 898 ποιῶν
2826 827 2920 881 τοῦ
2958 829 3097 881 κατά
3148 828 3362 898 φύσινῆ
3407 829 3531 881 ὅσον
3579 829 3798 896 ἐλέγξαι

2227 920 2319 974 τὸν
2356 919 2660 990 δράσανταο
2711 919 2922 988 μοιχεία
2967 916 3158 983 αὖθις,
3203 919 3297 972 καὶ
3331 919 3398 970 τὰ
3447 918 3679 972 τοιαῦτα
3720 920 3797 989 τῷ

2229 1011 2520 1081 παραλόγῳ
2569 1011 2726 1081 μόνον
2772 1010 2865 1063 τοῦ
2901 1010 3161 1081 λογισμοῦ
3201 1012 3606 1081 κατηγορεῖται.
3641 1011 3798 1064 Κατά

2225 1103 2283 1156 δὲ
2325 1101 2424 1172 τῆς
2453 1101 2666 1170 φύσεως
2703 1101 2799 1172 τῆς
2831 1101 3139 1172 ὡρισμένης
3166 1100 3269 1153 ὑπὸ
3303 1099 3402 1152 τοῦ
3443 1100 3794 1171 Δημιουργοῦ

2228 1196 2566 1263 καινοτομεῖν
2625 1193 2900 1256 παντελῶς
2930 1193 3082 1246 οὐδὲν
3137 1192 3396 1246 δύναται·
3449 1192 3528 1256 ὡς
3572 1193 3797 1262 ἀπαραο

2225 1284 2388 1337 ϐατον
2432 1284 2532 1354 μὲν
2588 1279 2725 1338 εἷναί
2760 1301 2821 1337 τε
2863 1285 2958 1338 καὶ
3006 1285 3187 1354 μένειν
3216 1286 3306 1338 τὸν
3337 1285 3499 1356 νόμον
3544 1285 3644 1339 τοῦ
3698 1287 3798 1358 τὴν

2227 1375 2386 1443 φύσιν
2416 1375 2937 1446 δημιουργήσαντος.
2969 1375 3056 1426 Ἐν
3085 1376 3266 1438 αὐτοῖς
3295 1375 3352 1428 δέ
3382 1394 3482 1428 που
3514 1379 3634 1439 τοῖς
3657 1378 3800 1431 uti

2228 1467 2387 1536 φύσιν
2420 1467 2741 1540 στρέφεσθαι
2765 1467 2832 1521 τὰ
2863 1469 3229 1540 ἁμαρτήματα
3249 1508 3263 1530 ,
3305 1469 3575 1540 μηδεμίαν
3607 1472 3800 1523 ἐπεισ-

2222 1561 2424 1628 άγοντα
2459 1559 2784 1630 καινότητα,
2824 1559 2857 1630 ἢ
2895 1561 2978 1613 ὃτι
3021 1560 3178 1630 μόνον
3234 1560 3325 1614 τὸν
3375 1562 3689 1632 πράττοντα
3721 1562 3801 1614 δι-

2226 1649 2438 1720 ελέγχει
2492 1649 2689 1704 ἑκόντα
2733 1649 3184 1720 πλημμελοῦντα·
3227 1650 3301 1710 ὡς
3332 1651 3431 1703 ούκ
3481 1649 3550 1704 ἃν
3590 1652 3800 1722 ἑτέρως

557 1754 706 1805 care,
756 1746 816 1794 ut
858 1739 952 1810 qui
995 1753 1103 1793 non
1142 1738 1317 1808 possit
1361 1738 1520 1793 aliter
1561 1753 1628 1793 ex
1678 1739 1880 1796 virtute
1910 1740 2122 1812 degere,

2225 1741 2515 1813 δυνηθέντα
2567 1741 2896 1813 κατορθοῦν,
2953 1742 3002 1794 εί
3060 1741 3134 1813 μὴ
3186 1741 3278 1795 καὶ
3319 1743 3380 1795 τό
3431 1759 3494 1810 γε
3550 1743 3800 1796 ἐναντίον

559 1833 665 1888 nisi
692 1847 857 1903 penes
890 1846 1013 1887 eum
1047 1831 1120 1885 sit
1153 1831 1490 1885 contrarium
1518 1845 1708 1901 agere;
1740 1832 1882 1902 quod
1905 1834 2123 1904 quidem

559 1927 746 1982 volens
795 1933 850 1981 et
892 1925 1067 1980 libens
1102 1923 1358 1989 declinat,
1409 1931 1469 1978 ut
1509 1925 1768 1980 virtutem
1823 1937 2120 1997 comparet.

560 2020 657 2076 Est
689 2021 855 2092 igitur
893 2033 1121 2074 summa:
1155 2017 1400 2072 stultitiae
1448 2024 1505 2072 et
1539 2017 1885 2088 insipientiaz,
1919 2017 2122 2073 ferrum

557 2120 654 2167 aut
684 2113 892 2183 lignum
925 2119 1017 2165 aut
1062 2109 1168 2164 alia
1201 2107 1470 2178 ejusmodi
1501 2109 1554 2163 in
1585 2109 1793 2165 crimen
1820 2125 2037 2175 vocare,
2071 2119 2125 2163 et

558 2220 668 2260 non
702 2219 826 2259 eum
857 2202 952 2273 qui
982 2202 1068 2257 his
1099 2207 1296 2270 praeter
1326 2199 1591 2255 rationem
1620 2199 1812 2254 utitur.

631 2293 691 2347 Si
719 2294 844 2364 quis
875 2306 1003 2347 vero
1031 2297 1261 2362 quierat,
1288 2305 1458 2359 quare
1484 2290 1754 2345 occiditur
1781 2289 1976 2357 homo;
2003 2305 2126 2344 rur-

557 2402 656 2441 sus
685 2383 976 2440 dicendum
1013 2384 1140 2446 erit,
1171 2383 1316 2453 quod
1349 2386 1548 2452 saepius
1577 2382 1781 2436 dictum
1815 2392 1916 2446 est,
1954 2397 2124 2452 quare

560 2477 725 2548 igitur
761 2477 923 2531 homo
952 2475 1186 2544 denique
1217 2474 1487 2528 moritur!
1509 2474 1652 2543 quod
1679 2473 1897 2544 quidem
1928 2475 1976 2530 si
2009 2488 2125 2527 ma-

559 2569 670 2621 lum
710 2582 834 2623 esse
868 2565 1212 2628 ostendatur,
1244 2575 1393 2620 recte
1421 2565 1581 2636 culpa
1621 2565 1676 2619 in
1710 2580 1834 2620 eum
1867 2565 1959 2636 qui
1994 2578 2124 2620 con-

557 2657 738 2713 stituit
768 2656 1058 2712 redundat.
1091 2654 1187 2710 Sin
1225 2670 1356 2710 vero
1382 2671 1494 2710 non
1524 2663 1608 2711 est
1637 2657 1799 2722 mala,
1833 2657 2124 2728 permissio

559 2758 768 2804 tantum
801 2748 923 2818 ejus
956 2747 1049 2818 qui
1095 2763 1183 2803 res
1228 2755 1448 2803 nostras
1486 2758 1759 2818 procurat,
1800 2747 2124 2818 inquirenda

556 2849 665 2905 est,
703 2855 874 2911 quare
902 2840 1066 2894 homo
1097 2839 1153 2893 in
1199 2839 1302 2894 hoc
1329 2855 1499 2911 genus
1533 2839 1724 2895 mortis
1761 2838 1972 2905 incidit,
2004 2854 2125 2910 qua:

559 2946 664 2986 non
699 2940 786 2987 est
810 2931 1109 2987 secundum
1151 2939 1402 2985 naturam
1449 2931 1626 2997 mala;
1666 2938 1720 2985 et
1746 2931 2010 2984 continuo
2037 2945 2124 2985 re-

557 3025 818 3095 perietur,
843 3038 909 3078 ex
935 3023 1122 3077 multis
1152 3036 1216 3076 ac
1259 3022 1428 3077 variis
1465 3023 1648 3078 causis
1683 3021 1950 3088 accidere,
1986 3037 2123 3094 quas
2151 3063 2192 3122 α

555 3130 878 3172 enumerare
910 3115 1187 3170 curiosum
1223 3113 1404 3169 fuerit.

627 3208 770 3266 Idem
799 3209 944 3263 enim
971 3208 1120 3279 justo
1148 3215 1202 3261 et
1245 3207 1450 3277 injusto
1482 3205 1719 3262 diversis
1765 3205 1949 3261 causis
1979 3204 2125 3260 acci-

555 3300 638 3356 dit
669 3319 683 3357 :
711 3316 820 3356 non
852 3308 911 3356 ut
936 3300 1086 3372 justo
1131 3300 1204 3354 sit
1251 3300 1486 3368 damno;
1535 3314 1636 3354 nec
1672 3299 1898 3368 injusto,
1947 3305 2006 3352 ut
2053 3298 2126 3352 sit

557 3392 828 3464 supplicio
865 3398 918 3446 et
959 3390 1212 3451 vindictae
1271 3391 1401 3461 (non
1450 3390 1595 3445 enim
1638 3388 1782 3460 quod
1825 3389 2124 3444 secundum

559 3494 806 3538 naturam
839 3490 944 3548 est,
976 3483 1304 3552 supplicium
1329 3481 1533 3552 fuerit),
1567 3480 1661 3535 sed
1687 3489 1746 3534 ut
1783 3480 1854 3536 sit
1879 3480 2125 3550 exemplo

557 3577 681 3632 aliis
705 3577 787 3631 vel
816 3575 883 3630 ad
914 3573 1248 3646 prohibenda
1281 3574 1420 3627 mala
1457 3573 1802 3627 insanabilia.
1837 3571 2126 3644 Multaque

557 3667 677 3719 alia;
706 3678 885 3719 causa:
917 3672 1062 3728 sunt,
1108 3670 1330 3733 propter
1371 3677 1506 3731 quas
1539 3661 1684 3718 Deus
1727 3661 2002 3716 hominem
2041 3676 2126 3716 oc-

557 3757 667 3812 cidi
701 3756 967 3828 permittit
992 3774 1006 3810 :
1031 3762 1248 3810 constat
1286 3761 1469 3809 tamen
1505 3755 1640 3808 nihil
1670 3755 1924 3824 amplius,
1961 3769 2123 3824 quam

557 3847 704 3916 quod
737 3847 792 3900 in
823 3853 1018 3900 natura
1059 3844 1338 3899 decretum
1371 3850 1427 3898 et
1452 3843 1812 3899 constitutum
1844 3851 1949 3905 est,
1983 3843 2127 3897 acci-

556 3939 726 3993 dere:
757 3937 885 3994 lit-et
912 3936 1056 3992 enim
1095 3935 1347 3990 diversus
1379 3949 1544 3990 casus
1574 3935 1785 3990 accidat
1808 3934 1994 4000 febris,
2037 3949 2126 3989 sa-

557 4031 762 4086 tietatis
786 4028 1109 4091 immodicae,
1136 4033 1230 4079 aut
1250 4033 1440 4080 contra
1466 4025 1855 4080 exinanitionis
1877 4041 1942 4080 ex
1959 4026 2121 4090 fame,

563 4125 805 4196 frigoris,
849 4130 1041 4186 aestus,
1072 4119 1304 4192 aggeris,
1336 4117 1704 4188 lapidationis,
1744 4117 1927 4187 gladii,
1959 4116 2120 4187 ignis,

557 4233 742 4288 aquae;
777 4223 834 4268 at
867 4215 922 4268 in
951 4213 1038 4268 his
1069 4210 1326 4266 omnibus
1350 4223 1516 4264 unum
1536 4215 1640 4270 est,
1665 4208 1810 4278 quod
1837 4206 1962 4262 inde
1993 4222 2124 4277 pro-

560 4310 725 4364 venit.
772 4305 978 4376 Ecquid
1027 4303 1168 4359 hoc?
1220 4301 1275 4356 id
1327 4301 1560 4364 scilicet,
1613 4299 1761 4370 quod
1803 4315 1833 4353 a
1865 4298 2125 4353 Creatore

2225 1826 2369 1902 εἶχεν
2416 1831 2500 1900 ἐφ’
2545 1830 2743 1902 ἐαυτῷ,
2777 1823 2838 1885 οὗ
2887 1829 2983 1903 τὴν
3029 1831 3272 1885 ἑκούσιον
3323 1831 3611 1902 ἀποφυγὴν
3657 1834 3798 1905 πρὸς

2224 1923 2425 1995 ἀρετῆς
2447 1925 2635 1994 κτῆσιν
2658 1923 2787 1994 ἔχει.
2818 1923 3026 1977 Οὐκοῦν
3062 1923 3367 1995 ἀκροτάτης
3390 1924 3576 1988 ἀνοίας
3607 1925 3796 1997 ἔργον,

2229 2016 2404 2086 μάτην
2422 2015 2636 2086 σίδηρον
2668 2016 2701 2086 ἢ
2729 2013 2882 2079 ξύλον
2912 2016 3016 2085 ﬁt:
3039 2014 3147 2067 τῶν
3174 2014 3345 2069 ἄλλων
3378 2016 3682 2079 αἰτιᾶσθαι,
3701 2016 3796 2070 καὶ

2228 2106 2302 2178 μὴ
2329 2107 2418 2160 τὸν
2440 2105 2715 2178 χρώμενον
2742 2105 3084 2177 παραλόγως.

2293 2279 2356 2331 El
2405 2279 2460 2332 δέ
2508 2297 2592 2341 τις
2622 2279 2808 2351 ζητοίη
2837 2277 2928 2332 διά
2967 2277 3023 2332 τί
3065 2279 3346 2349 φονεύεταί
3371 2296 3435 2348 γε
3479 2279 3794 2350 ἄνθρωπος.

2224 2365 2380 2433 αὖθις
2416 2370 2513 2439 μὲν
2546 2371 2824 2441 είρήσεται
2851 2369 2912 2422 τδ
2943 2368 3203 2433 πολλάκις
3236 2369 3579 2440 λελεγμένον,
3610 2371 3677 2423 τὸ
3707 2369 3795 2424 διὰ

2222 2460 2276 2514 τί
2340 2457 2433 2515 οῦν
2493 2461 2628 2524 ὅλως
2681 2463 2710 2515 ὁ
2767 2460 3052 2534 ἄνθρωπος
3111 2459 3477 2532 ἀποθνήσκει;
3534 2463 3674 2532 ὅπερ
3741 2464 3794 2514 εί

2223 2552 2456 2624 δειχθείη
2491 2553 2691 2618 κακὸν,
2731 2553 2967 2621 εὐλόγως
3006 2553 3293 2626 ἀνατρέχει
3343 2554 3483 2607 κατὰ
3530 2554 3626 2607 τοῦ
3661 2554 3796 2625 ὡρί-

2225 2648 2470 2716 σαντοςη
2509 2646 2674 2700 αἰτία.
2731 2647 2793 2699 Εἰ
2832 2646 2889 2700 δὲ
2924 2647 2997 2718 μὴ
3041 2647 3208 2701 κακὸν
3240 2646 3490 2710 θάνατος,
3524 2647 3631 2718 τὴν
3664 2663 3797 2715 συγ-

2223 2737 2460 2810 χώρησιν
2504 2737 2660 2808 μόνον
2688 2737 2780 2791 τοῦ
2823 2739 3176 2810 προνοοῦντος
3205 2738 3314 2792 τῶν
3349 2739 3472 2792 καθ’
3513 2740 3663 2810 ἡμᾶς
3707 2739 3794 2804 ἐξα

2224 2830 2495 2895 εταστέον,
2521 2829 2615 2882 τοῦ
2656 2829 2814 2902 χάριν
2846 2831 3130 2902 ἄνθρωπος
3160 2832 3320 2902 φόνου
3352 2835 3539 2906 τρόπῳ
3568 2840 3794 2907 περιπίο

2225 2939 2347 2976 πτει
2379 2922 2456 2992 τῷ
2493 2922 2566 2995 μὴ
2601 2923 2741 2977 κατά
2771 2922 2932 2994 φύσιν
2955 2924 3110 2996 κακῷ
3143 2925 3386 2998 θανάτῳο
3412 2930 3505 2982 καὶ
3535 2928 3788 3001 εὑρεθείη

2225 3016 2276 3083 γ’
2310 3014 2376 3068 ἂν
2423 3014 2560 3086 αῦτη
2594 3014 2735 3068 κατά
2781 3016 2981 3081 πολλὰς
3006 3018 3102 3071 καὶ
3132 3019 3381 3084 ποικίλας
3427 3021 3604 3085 αἰτίας
3646 3039 3792 3094 συμο

2225 3107 2504 3173 ϐαίνουσα,
2539 3109 2631 3175 οὒς
2664 3111 2952 3182 περίεργον
2980 3111 3046 3167 ἂν
3079 3112 3163 3184 εἴη
3198 3114 3576 3186 καταριθμεῖν.

2295 3203 2498 3272 Δικαίῳ
2527 3203 2635 3274 γὰρ
2661 3204 2754 3256 καὶ
2775 3203 2945 3274 ἀδίκῳ
2976 3203 3118 3257 κατά
3135 3204 3387 3278 διάφορον
3415 3208 3597 3261 αἰτίαν
3627 3210 3792 3264 ταυτδ

2227 3294 2538 3364 συμϐαίνει·
2586 3293 2709 3347 οὔτε
2758 3294 2836 3364 τῷ
2881 3295 3072 3366 δικαίῳ
3118 3297 3254 3369 πρὸς
3299 3297 3524 3370 βλάϐην,
3565 3300 3691 3354 οὔτε
3717 3302 3792 3372 τῷ

2224 3385 2396 3456 ἀδίκῳ
2437 3386 2572 3456 πρὸς
2615 3387 2882 3458 τιμωρίαν
2927 3387 3017 3458 (ού
3059 3389 3168 3460 γὰρ
3211 3388 3278 3443 ἂν
3313 3391 3397 3462 εἴη
3444 3393 3693 3464 τιμωρία
3731 3393 3791 3447 τὸ

2225 3477 2366 3531 κατά
2397 3477 2610 3549 φύσιν),
2641 3479 2775 3533 ἀλλά
2813 3480 2950 3550 πρὸς
2983 3481 3305 3552 ὑπόδειγμα,
3334 3481 3368 3553 ἢ
3399 3483 3539 3554 πρὸς
3570 3485 3788 3537 κόλασιν

2225 3562 2536 3640 ἀνηκέστων
2568 3570 2770 3624 κακῶν.
2799 3572 2906 3624 Καὶ
2927 3571 3093 3624 πολλά
3113 3589 3176 3641 γε
3197 3573 3264 3626 τά
3285 3572 3432 3626 αἴτια
3449 3573 3544 3626 τοῦ
3578 3591 3787 3646 συγχω-

2230 3664 2342 3733 ρεῖν
2385 3662 2516 3714 Θεὸν
2560 3663 2880 3730 φονεύεσθαι
2926 3663 3241 3734 ἄνθρωπον·
3292 3664 3450 3735 δῆλον
3479 3667 3684 3734 μέντοι,
3714 3667 3788 3730 ὡς

2223 3751 2376 3804 οὐδὲν
2421 3751 2578 3805 πλέον
2625 3753 2720 3806 τοῦ
2753 3753 2890 3808 κατά
2928 3755 3027 3825 τῆς
3064 3753 3276 3823 φύσεως
3311 3755 3619 3827 ὡρισμένου
3652 3774 3792 3828 συμ-

2225 3843 2428 3897 ϐαίνει·
2471 3844 2571 3898 κᾶν
2623 3845 2732 3917 γὰρ
2772 3843 3087 3921 διάφορονῇ
3141 3848 3202 3901 τὸ
3244 3848 3342 3918 τῆς
3393 3850 3787 3922 περιστάσεως,

2225 3934 2460 4006 πυρετοῦ
2502 3952 2561 3989 τε
2601 3937 2694 3990 καὶ
2726 3935 3040 4008 πλησμονῆς
3083 3937 3343 4010 ἀμέτρου,
3379 3938 3412 4009 ἢ
3459 3938 3788 3997 τούναντίον.

2225 4023 2422 4094 λιμοῦ,
2453 4024 2657 4096 ψύχους
2699 4043 2758 4080 τε
2815 4028 2909 4080 καὶ⁵
2953 4027 3230 4099 καύματος
3256 4069 3270 4093 ,
3306 4028 3559 4101 χώματός
3599 4047 3660 4082 τε
3695 4032 3785 4083 καὶ

2223 4113 2522 4188 λιθασμοῦ,
2563 4117 2748 4187 ξίφους
2800 4135 2861 4172 τε
2899 4119 2994 4172 καὶ⁸
3032 4120 3204 4192 πυρὸς
3260 4121 3353 4174 καὶ
3393 4121 3616 4185 ὕδατος·
3651 4121 3786 4176 ἀλλά

2223 4225 2287 4276 γε
2332 4212 2391 4263 ὲν
2447 4208 2656 4274 τούτοις
2706 4211 2907 4266 ἅπασιν
2945 4211 3003 4266 ἓν
3046 4229 3110 4281 γε
3155 4213 3216 4266 τὸ
3261 4213 3574 4268 ἀποϐαῖνον.
3628 4213 3693 4266 Τί
3740 4214 3786 4265 δ’

2223 4300 2288 4356 ἄν
2349 4299 2432 4372 εἴη
2491 4301 2680 4368 τοῦτο;
2734 4303 2796 4356 τὸ
2845 4304 2982 4378 πρὸς
3037 4304 3131 4359 τοῦ
3184 4305 3528 4377 Δημιουργοῦ
3609 4304 3788 4368 καλῶς

559 4411 706 4458 recte
732 4407 787 4456 et
818 4399 1019 4454 utiliter
1049 4397 1104 4451 in
1135 4395 1393 4450 universo
1412 4408 1609 4464 genere
1633 4393 1992 4448 constitutum
2014 4399 2117 4447 est.

2224 4409 2285 4460 γε
2326 4393 2420 4446 καὶ
2469 4395 2850 4465 προσηκόντως
2897 4397 3198 4469 ὡρισμένον
3258 4398 3402 4452 κατά
3445 4399 3646 4463 παντὸς
3690 4399 3784 4454 τοῦ

2220 4484 2428 4552 γένους.

1559 4621 1688 4680 CAP.
1728 4621 1961 4678 XXVIII.
2005 4621 2225 4693 Sapiens
2257 4628 2440 4681 mundi
2469 4628 2796 4698 gubernatio.

626 4746 718 4802 Sic
756 4747 938 4818 igitur,
971 4761 1036 4800 ac
1078 4743 1266 4800 multis
1305 4743 1464 4798 etiam
1505 4742 1628 4797 aliis
1668 4741 1844 4796 modis
1888 4743 2116 4796 demon-

557 4839 716 4897 strari
741 4847 937 4909 potest,
973 4837 1106 4892 nihil
1143 4851 1266 4890 esse
1309 4836 1363 4889 in
1399 4835 1604 4888 fabrica
1652 4833 1843 4887 mundi
1878 4833 2119 4900 malum;

558 4948 732 5003 neque
757 4930 1054 5002 quidquam
1096 4929 1153 4982 in
1184 4926 1580 4998 gubernatione
1607 4923 1813 4985 divina,
1844 4922 1988 4992 quod
2033 4937 2123 4978 re-

555 5022 815 5094 prehendi
850 5021 1046 5092 possit,
1075 5020 1170 5076 sed
1209 5019 1390 5074 omnia
1435 5015 1804 5086 inexplicabili
1853 5013 2122 5084 sapientia

558 5116 700 5170 facta
743 5129 884 5178 esse,
933 5124 986 5170 et
1021 5111 1360 5183 providentia
1398 5108 1654 5164 ineffabili
1701 5105 1992 5177 gubernari
2022 5124 2034 5159 :
2062 5115 2122 5159 ut

557 5225 662 5264 non
704 5208 775 5265 sit
816 5207 974 5264 facile
1003 5222 1192 5261 eorum
1238 5219 1356 5275 qua:
1407 5219 1436 5257 a
1488 5201 1599 5256 Deo
1639 5200 1781 5255 facta
1823 5209 1969 5265 sunt,
2003 5208 2120 5253 tum

555 5317 676 5372 quae
707 5302 918 5364 suavia,
952 5308 1061 5353 tum
1090 5313 1209 5369 quae
1232 5297 1410 5352 tristia
1440 5305 1494 5351 ct
1520 5295 1748 5349 molesta
1777 5309 1898 5350 esse
1926 5292 2117 5346 viden-

557 5402 664 5456 tur,
711 5392 976 5446 rationem
1011 5389 1322 5461 perspicere
1351 5402 1416 5442 ac
1455 5383 1919 5457 comprehendere
1957 5403 1970 5437 :
2002 5397 2114 5439 non

2299 4745 2448 4799 Οὕτω
2483 4746 2579 4817 μὲν
2615 4743 2708 4800 οὖν
2739 4747 2832 4801 καὶ
2870 4746 3010 4801 κατά
3043 4747 3267 4812 πολλοὺς
3303 4749 3524 4821 ἑτέρους
3556 4752 3787 4821 τρόπους

2219 4835 2452 4908 δειχθείη
2481 4838 2547 4891 ἂν
2585 4838 2734 4892 οὐδὲν
2761 4839 2868 4892 τῶν
2907 4839 3048 4893 κατά
3078 4840 3176 4911 τὴν
3211 4839 3571 4910 δημιουργίαν
3598 4843 3784 4904 κακὸν,

2219 4926 2342 4981 οὔτε
2395 4929 2492 5000 μὲν
2537 4930 2635 5001 τῆς
2679 4929 2826 4991 θείας
2885 4929 3193 5002 οἰκονομίας
3232 4947 3284 4982 τι
3331 4931 3779 5002 διαϐεϐλημένον·

2222 5018 2357 5072 ἀλλὰ
2387 5019 2561 5073 πάντα
2597 5019 2694 5091 μὲν
2723 5021 2946 5092 ἀρρήτῳ
2975 5021 3134 5092 σοφίᾳ
3166 5021 3530 5092 γεγενημένα,
3563 5023 3782 5093 ἀρρήτῳ

2221 5109 2277 5164 δὲ
2312 5112 2536 5183 προνοίᾳ
2565 5112 2942 5184 διοικούμεναο
2987 5114 3062 5177 ὡς
3090 5114 3188 5167 οὐκ
3240 5113 3306 5166 ἂν
3344 5114 3428 5185 εἴη
3458 5114 3642 5184 ῥᾴδιον
3679 5112 3782 5166 τῶν

2223 5202 2356 5272 πρὸς
2388 5201 2521 5254 Θεοῦ
2551 5202 2886 5272 γιγνομένων
2914 5201 3166 5274 χρηστῶν
3198 5221 3257 5257 τε
3305 5205 3397 5258 καὶ
3439 5200 3596 5266 αὖθις
3637 5203 3782 5256 ἀνια-

2223 5292 2330 5362 ρῶν
2371 5286 2510 5344 εἶναι
2554 5291 2852 5348 δοκούντων
2894 5294 2986 5347 τὸν
3032 5294 3156 5348 νοῦν
3209 5293 3684 5366 καταμανθάνειν·
3724 5291 3782 5345 οῦ

2217 5385 2325 5455 γὰρ
2359 5383 2524 5456 ἐχρῆν
2549 5383 2657 5455 (42)
2686 5402 2772 5454 γε,
2807 5385 2883 5450 ὡς
2908 5385 3072 5452 ἔοικε,
3102 5385 3244 5440 κατά
3269 5388 3381 5450 τοῖς
3410 5387 3575 5439 πᾶσιν
3610 5383 3783 5457 ὑπάρο

630 5567 736 5637 ίιίῖὶ
780 5571 859 5637 Di}
884 5568 994 5637 γὰρ
1029 5564 1236 5632 ἐχρῆν.
1264 5563 1571 5637 Occurrunt
1625 5561 1730 5637 ista
1775 5559 1828 5637 in
1875 5556 2125 5637 Panrallel.

2231 5576 2428 5618 muasc.
2480 5560 2586 5616 litt.
2629 5576 2684 5627 ι,
2718 5561 2804 5619 tit.
2839 5578 2995 5630 xxnt,
3053 5578 3174 5637 pag.
3241 5564 3363 5627 783,
3404 5578 3575 5634 caque
3619 5563 3781 5619 habes

559 5636 704 5691 infra
735 5638 788 5691 in
819 5627 1113 5706 suppremi:
1142 5627 1262 5705 quae
1293 5635 1377 5690 his
1403 5631 1559 5688 libris
1585 5630 1920 5702 subjecimus
1945 5627 1972 5700 §
2006 5643 2076 5681 tv.
