4072 6338
308 268 444 326 1189
1355 269 1723 327 ADVERSUS
1764 268 2184 326 MANICHJZOS
2220 268 2345 323 LIB.
2389 270 2449 323 lt.
3408 276 3544 329 “30

306 404 420 458 χειν
448 386 546 456 τῆς
569 384 663 438 τοῦ
695 384 827 438 Θεοῦ
857 383 1052 455 σοφίας
1078 384 1190 456 (45)
1222 386 1291 438 τά
1325 389 1620 460 τεκμήρια,
1661 389 1754 443 καὶ
1780 388 1869 442 τὸν
1899 403 1914 451 Α

1936 435 1943 448 ,
1970 387 2136 451 enim,
2171 395 2228 439 ut
2252 385 2483 447 videtur,
2513 384 2797 453 Oportebat
2835 392 3023 454 patere
3052 386 3310 444 omnibus
3338 389 3544 448 divina:

306 477 540 546 ἄρρητον
580 473 673 527 καὶ
703 473 1083 543 ἀκατάληπτον
1126 473 1248 527 νοῦν
1283 475 1461 547 πάντη
1502 478 1706 547 γυμνὸν
1736 476 1874 531 εἶναι

1977 476 2253 545 sapientiae
2286 473 2488 528 indicia
2531 482 2584 527 et
2627 462 2863 527 mentem
2903 473 3020 538 Dei,
3057 490 3178 544 quae
3226 492 3325 532 nec
3371 483 3546 552 expli-

305 562 645 635 ἀνθρώποις·
706 565 839 617 ὅπου
884 582 945 633 γε
993 565 1087 618 καὶ
1147 565 1407 635 βασιλέως
1450 567 1736 639 ἀνθρώπου
1778 570 1873 624 καὶ

1974 566 2086 618 cari
2120 580 2295 633 neque
2319 562 2707 633 comprehendi
2735 572 2938 634 potest,
2972 566 3197 620 omnino
3247 567 3452 623 nudam
3491 580 3546 626 et

304 656 562 727 ἄρχοντος
612 654 757 709 ἐστιν
810 657 897 709 ὅτε
943 657 1010 709 τά
1065 656 1290 709 πλεῖστα
1341 657 1449 711 τῶν
1496 658 1873 731 βουλευμάτων

1972 662 2214 725 apertam
2258 670 2382 709 esse
2423 654 2770 719 hominibus;
2820 654 3263 723 quandoquidem
3312 658 3543 725 plurima

307 747 611 817 κέκρυπται
634 746 744 817 (44)
766 763 780 777 ο
806 747 880 811 ὡς
903 748 996 800 καὶ
1020 746 1078 800 τὸ
1102 748 1471 819 πραττόμενον
1494 750 1686 805 ἄδηλον
1711 748 1871 820 εἶναι,

1973 748 2135 802 etiam
2167 747 2408 801 hominis
2444 747 2592 816 regis
2615 746 2847 801 consilia
2878 746 3153 800 interdum
3187 750 3460 815 celantur,
3487 761 3545 804 ut

305 839 413 907 ὅτῳ
445 837 587 908 λόγῳ
614 839 934 908 πράττεται.

1972 840 2115 909 quod
2144 839 2344 909 agitur,
2374 854 2482 908 qua
2517 837 2729 891 ratione
2758 837 2867 904 ﬁat,
2909 838 3209 909 ignoretur.

375 929 450 982 Οὐ
507 930 687 982 τοίνυν
728 929 938 1000 θαῦμα,
975 933 1022 983 εί
1068 932 1344 1005 ἄνθρωποί
1384 952 1446 1003 γε
1492 934 1565 1006 μὴ
1610 936 1874 1007 χωροῦσιν

2041 929 2218 995 Quare
2250 945 2359 985 non
2413 930 2611 983 mirum
2660 937 2766 993 est,
2815 930 2864 984 si
2914 930 3083 985 totius
3131 931 3544 1001 gubernationis

307 1019 436 1091 ὅλης
455 1021 552 1089 τῆς
580 1020 897 1091 διοικήσεως
923 1022 1015 1076 τοῦ
1047 1023 1180 1077 Θεοῦ
1208 1024 1298 1077 τὸν
1321 1025 1498 1095 λόγον,
1516 1022 1595 1090 οἷς
1617 1028 1874 1098 ἁρμόττει

1976 1020 2069 1075 Dei
2096 1021 2359 1075 rationem
2405 1035 2515 1074 non
2544 1020 2873 1090 percipiunt,
2918 1036 3057 1091 quos
3103 1021 3261 1076 decet
3294 1024 3419 1078 sine
3445 1040 3544 1078 cu-

310 1113 400 1165 καὶ
431 1110 553 1182 δίχα
578 1112 672 1166 τοῦ
710 1112 1181 1185 πολυπραγμονεῖν
1214 1116 1534 1171 ὑποκεῖσθαι
1560 1120 1653 1173 καὶ
1672 1120 1875 1191 ήσυχά-

1975 1113 2221 1168 riositate
2246 1112 2525 1181 subjectos
2555 1128 2679 1168 esse
2707 1120 2761 1167 et
2790 1114 2974 1177 silere,
3014 1122 3069 1168 et
3102 1116 3326 1169 minime
3350 1129 3541 1170 contra

310 1202 444 1268 ζειν,
479 1204 570 1257 καὶ
598 1205 796 1275 ἥκιστα
827 1207 1105 1278 ἀνταίρειν
1136 1210 1274 1263 κατά
1316 1210 1416 1279 τῆς
1460 1211 1700 1282 ἀρρήτου
1741 1212 1871 1265 διοι-

1973 1205 2213 1259 divinam
2255 1205 2703 1275 gubernationem
2747 1204 2952 1260 dicere.
3000 1205 3153 1275 Saepe
3200 1208 3346 1261 enim
3377 1209 3545 1277 pudet

309 1295 541 1364 κήσεως.
561 1294 825 1359 Πολλάκις
844 1298 950 1367 γάρ
969 1298 1088 1350 οὐδὲ
1110 1298 1357 1370 τεχνίτην
1372 1300 1546 1353 είτουν
1569 1301 1875 1371 οἰκοδομίας

1974 1312 2075 1351 nos
2096 1297 2152 1350 in
2190 1296 2551 1351 architectum
2580 1296 2815 1365 peritum
2850 1306 2943 1350 aut
2971 1296 3355 1353 aediﬁcatorem
3387 1299 3544 1354 navis

309 1386 342 1455 ἢ
375 1387 682 1456 ναυπηγίας
714 1386 745 1458 ἦ
776 1389 1137 1459 χαλκευτικῆς
1163 1390 1422 1463 ἔμπειρον
1458 1391 1760 1462 αἰδούμενοι
1786 1410 1875 1446 πε-

1972 1396 2252 1457 expertum
2295 1394 2388 1440 aut
2431 1387 2487 1441 in
2516 1386 2731 1442 fabrum
2764 1396 3068 1458 spectatum
3112 1392 3328 1446 curiose
3362 1392 3546 1463 inqui-

314 1475 732 1548 ριεργαζόμεθα,
759 1479 1013 1533 ποιοῦντά
1043 1498 1106 1549 γε
1140 1481 1202 1534 τὸ
1228 1483 1422 1534 οἰκεῖον
1450 1482 1677 1535 ἕκαστον
1698 1500 1710 1513 ο
1740 1484 1874 1537 ἀλλά

1973 1492 2113 1541 rere,
2145 1494 2266 1533 cum
2291 1478 2524 1548 quisque
2551 1494 2741 1535 eorum
2771 1482 2915 1550 quod
2945 1483 3081 1537 artis
3103 1498 3214 1536 sum
3239 1491 3343 1549 est,
3377 1483 3541 1549 facit;

310 1571 375 1639 τῇ
401 1569 566 1640 πείρᾳ
591 1570 1116 1636 καταπιστεύσαντες
1138 1573 1465 1644 ὲκδεχὸμεθα
1484 1571 1708 1647 τοῦργον
1728 1577 1870 1631 ίδείν·

1972 1571 2105 1639 quin
2146 1571 2329 1641 potius
2370 1572 2742 1641 experimento
2780 1572 2996 1637 conﬁsi,
3042 1580 3445 1643 exspectamus,
3483 1580 3543 1626 ut

312 1658 425 1711 ἔστι
456 1660 511 1713 δὲ
538 1661 625 1713 ὅτε
653 1663 747 1715 καὶ
780 1663 1159 1734 σφαλλομένων
1189 1666 1287 1719 οῦκ
1310 1668 1768 1724 ὲπαισθανόαεοα.

1974 1676 2114 1731 Opus
2144 1660 2450 1716 videamus.
2493 1660 2772 1734 Contingit
2803 1663 2967 1718 etiam
3008 1665 3325 1735 aliquando,
3371 1671 3431 1718 ut
3458 1664 3540 1719 la~

1527 1769 1531 1772 λ
1906 1735 1949 1791 Β
1978 1768 2132 1823 psum
2169 1768 2357 1807 eorum
2390 1768 2498 1808 non
2530 1755 2850 1809 sentiamus.

383 1838 449 1891 Τί
479 1838 523 1892 δ’
558 1839 625 1893 ἂν
672 1839 921 1912 εἴποιμεν
973 1842 1100 1914 περὶ
1144 1841 1246 1912 τῆς
1295 1842 1434 1914 ὑπὲρ
1478 1844 1693 1897 ἅπαντα
1754 1843 1875 1896 νοῦν

2047 1838 2188 1903 Quid
2223 1838 2469 1894 dicemus
2496 1839 2563 1895 de
2587 1840 2855 1911 sapientia
2877 1841 2996 1906 Dei,
3024 1843 3117 1913 qui
3148 1859 3365 1901 omnem
3396 1862 3542 1903 men-

314 1930 504 1998 σοφίας
545 1928 640 1983 τοῦ
674 1929 831 1998 Θεοῦ,
860 1932 928 2001 ἢν
976 1932 1219 2003 προσῆκε
1263 1931 1517 1996 νοοῦντας
1571 1951 1631 1986 τε
1677 1933 1875 2005 καὶμὴ

1974 1934 2080 1982 tem
2112 1936 2165 1983 et
2197 1929 2609 2001 intelligentiam
2659 1940 2900 2002 superat,
2932 1950 3092 2003 quam
3125 1936 3342 2005 quidem
3378 1952 3540 2007 opor-

312 2022 564 2087 νοοῦντας
590 2023 983 2095 ἐκπλήττεσθαί
1016 2041 1074 2077 τε
1117 2026 1211 2078 καὶ
1235 2026 1399 2096 τιμᾷν
1424 2042 1438 2091 ;
1484 2026 1546 2078 Εἰ
1570 2026 1627 2078 δέ
1658 2043 1760 2090 τις,
1788 2026 1876 2079 διά

1975 2021 2122 2075 lebat
2145 2021 2259 2075 sive
2293 2037 2414 2077 eam
2452 2023 2837 2093 iutelligentes.
2874 2026 2991 2079 sive
3027 2042 3137 2081 non
3175 2027 3542 2098 intelligentes

311 2113 372 2164 τὸ
401 2113 475 2184 μὴ
526 2113 961 2184 καταλαμϐάνειν
986 2115 1076 2168 τὸν
1110 2115 1265 2184 λόγον
1307 2115 1417 2170 τῶν
1464 2117 1723 2169 πλειόνων
1767 2116 1875 2169 τῶν

1974 2112 2359 2182 obstupescere
2384 2121 2439 2169 et
2467 2114 2777 2170 honorare?
2810 2116 2869 2169 Si
2906 2119 3029 2187 quis
3056 2133 3184 2173 vero
3213 2120 3338 2189 quia
3380 2122 3543 2175 ratio-

312 2204 452 2275 πρὸς
481 2204 575 2257 τοῦ
613 2203 747 2257 Θεοῦ
798 2206 1167 2273 γιγνομένων,
1198 2207 1418 2260 ἐκπέσοι
1470 2207 1605 2280 πρὸς
1643 2208 1874 2272 ἀτόπους

1974 2220 2098 2259 nem
2144 2206 2442 2260 multorum
2475 2222 2597 2276 quae
2639 2223 2669 2261 a
2708 2207 2817 2263 Deo
2850 2210 3003 2276 ﬁunt,
3061 2226 3169 2265 non
3202 2214 3534 2282 assequitur,

313 2292 456 2347 κατά
488 2293 621 2346 Θεοῦ
651 2293 825 2358 δόξας,
859 2295 1189 2360 ἀθλιώτατος
1231 2298 1325 2351 καὶ¹
1365 2297 1483 2350 λίαν
1515 2298 1622 2369 (45)
1652 2298 1876 2369 ἀνόητος

1973 2295 2185 2352 decidat
2210 2297 2268 2352 in
2301 2299 2570 2354 absurdas
2592 2300 2660 2354 de
2690 2299 2802 2355 Deo
2841 2301 3153 2371 opiniones,
3190 2304 3535 2360 miserrimus

312 2388 342 2437 ὁ
371 2385 628 2450 τοιοῦτος,
665 2387 799 2458 αὐτῇ
831 2404 894 2457 γε
922 2392 987 2459 τῇ
1023 2390 1309 2460 τυφλότητι
1340 2391 1439 2462 τῆς
1477 2391 1612 2455 ἰδίας
1638 2391 1876 2456 διανοίας

1973 2398 2028 2446 et
2059 2391 2217 2445 valde
2247 2392 2448 2447 stultus
2485 2401 2539 2448 et
2578 2393 2847 2463 insipiens
2877 2404 2982 2459 est,
3019 2396 3110 2452 hic
3142 2398 3262 2468 ipsa
3288 2399 3534 2453 caecitate

312 2477 493 2548 ὁδηγῷ
537 2478 846 2549 χρώμενος’
894 2480 1080 2553 ὥσπερ
1122 2484 1150 2535 ὁ
1192 2483 1381 2553 Μάνης
1419 2486 1447 2537 ὁ
1489 2483 1876 2556 χαλεπωτάτην
1917 2498 1920 2503 ‘

1972 2483 2170 2538 mentis
2213 2499 2326 2539 suae
2374 2492 2632 2555 tanquam
2678 2486 2816 2542 duce
2854 2496 3034 2554 utens,
3081 2499 3138 2544 ut
3182 2488 3536 2553 Manichacus,

318 2570 516 2639 μανίαν
546 2571 686 2625 κατά
727 2589 790 2641 γε
822 2572 931 2625 τῶν
963 2573 1112 2644 αὐτῷ
1164 2573 1498 2645 πειθομένων
1548 2576 1838 2647 ἐπινοήσας
1857 2591 1871 2607 ⁸

1974 2575 2067 2645 qui
2120 2575 2391 2631 insaniam
2432 2579 3143 2636 sceleratissimamcontra
3193 2598 3288 2639 eos
3341 2586 3432 2653 qui
3491 2585 3539 2639 ei

314 2661 439 2714 ἐπεὶ
469 2662 542 2734 μὴ
591 2664 854 2717 κατέλαϐε
886 2664 1011 2719 τίνα
1052 2666 1248 2737 τρόπον
1288 2668 1356 2720 τά
1409 2666 1529 2720 καθ’
1561 2668 1707 2737 ἡμᾶς
1743 2667 1875 2719 διοι-

1974 2669 2345 2736 crediderunt,
2391 2672 2717 2741 excogitavit
2749 2692 2761 2727 :
2792 2675 2911 2743 qui,
2952 2675 3080 2742 quia
3130 2691 3237 2729 non
3275 2675 3541 2730 intellexit

314 2756 525 2819 κεῖται,
569 2756 824 2827 δευτέραν
853 2759 1026 2828 ἀρχὴν
1074 2758 1305 2829 ἄναρχον
1350 2759 1548 2821 κακίας
1581 2759 1873 2825 ἐπλάσατο,

1975 2759 2247 2828 quomodo
2282 2769 2469 2813 nostra
2501 2760 2645 2815 Deus
2679 2762 3028 2832 gubernaret,
3065 2766 3365 2820 secundum
3393 2768 3541 2835 prin-

316 2845 407 2898 ἵνα
459 2848 549 2899 καὶ
587 2848 691 2901 τῶν
736 2849 847 2902 ἄνω
883 2850 1090 2920 σφαλῇ,
1129 2852 1221 2903 καὶ
1274 2852 1339 2905 τὰ
1378 2851 1526 2905 κάτω
1579 2852 1767 2921 νοῆσαι
1801 2851 1876 2924 μὴ

1975 2851 2176 2920 cipium
2229 2851 2532 2920 ingenitum
2574 2852 2829 2921 nequitiae
2880 2853 3054 2918 ﬁnxit,
3099 2862 3156 2908 ut
3202 2856 3271 2910 ab
3311 2856 3379 2910 iis
3420 2872 3541 2926 qum

316 2937 663 3009 συγχωρηθῇ,
694 2938 912 2991 τοιαῦτα
943 2941 1083 2993 κατά
1114 2940 1207 2993 τοῦ
1242 2941 1374 2993 Θεοῦ
1409 2942 1515 2993 τῶν
1541 2942 1675 2994 ὅλων
1704 2941 1872 2995 πλατη

1976 2951 2104 2995 sunt
2125 2956 2289 3010 supra
2324 2940 2705 3007 delaberetur;
2738 2951 2791 2996 et
2808 2958 2872 2997 ea
2907 2960 3029 3013 quae
3066 2944 3207 2998 infra
3243 2954 3301 2999 ut
3333 2947 3538 3002 intelli-

250 3048 253 3049 ν
313 3029 558 3098 τόμενος,
589 3025 677 3083 οἷά
704 3047 766 3098 γε
795 3030 891 3102 τὴν
917 3032 1264 3096 ἀνεξικακίαν
1302 3033 1467 3086 αὐτοῦ
1491 3035 1587 3104 τὴν
1616 3035 1858 3089 ἀνωτάτιι

1935 3095 1942 3104 _
1975 3041 2145 3103 geret,
2180 3048 2286 3086 non
2317 3032 2368 3087 ei
2416 3033 2831 3098 concederetur,
2867 3050 2930 3089 ea
2966 3036 3019 3088 in
3051 3034 3219 3091 Deum
3257 3040 3543 3092 universo-

313 3120 607 3189 κηρύττειν
626 3140 638 3153 ·
667 3122 827 3176 διεῖλε
853 3125 958 3196 γάρ
995 3124 1063 3178 τὰ
1095 3123 1189 3177 τοῦ
1225 3124 1381 3188 Θεοῦ,
1422 3126 1514 3178 καὶ
1543 3126 1611 3179 τά
1652 3126 1877 3181 πλεῖστά
1902 3094 1921 3152 ί

1935 3095 1944 3150 ³
1978 3140 2096 3178 rum
2136 3125 2366 3195 ﬁngens,
2406 3139 2526 3194 qua:
2552 3126 2868 3194 patientiam
2901 3125 3020 3195 ejus
3058 3128 3378 3183 altissimam
3410 3145 3543 3198 pra:-

315 3228 379 3279 γε
405 3213 636 3285 ἀνέθηκε
668 3218 732 3287 τῇ
765 3216 837 3287 μὴ
866 3216 996 3288 οῦσῃ
1019 3218 1184 3288 κακία
1204 3236 1217 3248 ο
1250 3219 1515 3283 παντοίως
1544 3219 1878 3292 βλασφημῶν

1976 3217 2223 3272 dicarent
2251 3236 2264 3273 :
2297 3217 2479 3273 divisit
2510 3218 2655 3274 enim
2688 3232 2750 3273 ea
2791 3233 2911 3289 quae
2934 3218 3026 3274 Dei
3070 3227 3230 3286 sunt;
3270 3228 3323 3275 et
3351 3237 3536 3276 eorum

316 3304 409 3358 τὸν
440 3308 811 3379 Δημιουργὸν,
849 3310 912 3363 ἐκ
957 3311 1155 3375 κακίας
1204 3312 1521 3379 συγκεῖσθαι
1562 3313 1733 3381 λέγων
1783 3313 1875 3366 τοῦ

1976 3310 2210 3379 plurima
2241 3309 2308 3363 ad
2350 3310 2646 3380 nequitiam
2677 3325 2799 3380 quae
2848 3310 2984 3364 nihil
3034 3318 3137 3377 est,
3170 3312 3357 3367 retulit
3389 3330 3402 3365 :
3430 3328 3538 3367 om-

318 3395 452 3449 Θεοῦ
477 3397 547 3451 τά
574 3399 992 3472 κατορθώματα.

1976 3403 2138 3459 nibus
2189 3403 2366 3457 modis
2402 3403 2458 3457 in
2502 3402 2673 3458 Deum
2711 3403 3082 3474 blasphemus,
3121 3404 3214 3475 qui
3244 3404 3342 3472 ait,
3375 3420 3538 3476 opera

1977 3495 2120 3550 bona
2158 3492 2248 3548 Dei
2289 3494 2593 3563 composita
2623 3508 2745 3548 esse
2771 3509 2837 3548 ex
2861 3493 3122 3563 nequitia.

1426 3607 1553 3665 Car.
1588 3609 1777 3665 XXIX.
1821 3612 2094 3668 Elementa
2134 3610 2449 3665 necessaria.

386 3725 452 3778 Τί
477 3725 654 3778 τοίνυν
680 3725 811 3797 φαίη
840 3725 905 3779 ἂν
939 3727 1066 3797 περὶ
1096 3726 1205 3780 τῶν
1235 3728 1417 3799 ἀρχῶν
1436 3730 1543 3783 τῶν
1570 3730 1871 3800 σωμάτων;

2038 3730 2178 3797 Quid
2221 3729 2388 3799 igitur
2415 3727 2623 3782 diceret
2669 3726 2736 3781 de
2764 3726 3051 3798 principiis
3084 3740 3376 3796 corporum
3420 3742 3539 3797 quae

317 3817 590 3888 Τέσσαρες
626 3818 721 3888 μὲν
747 3817 852 3888 γὰρ
883 3811 1061 3881 αὗται,
1092 3818 1128 3872 ἃ
1166 3818 1228 3889 δὴ
1267 3821 1358 3873 καὶ⁵
1400 3820 1582 3873 καλεῖν
1623 3821 1876 3876 εἰώθασιν

1972 3828 2208 3891 quatuor
2265 3818 2535 3872 elementa
2603 3816 2865 3885 appellari
2927 3816 3367 3870 consueverunt?
3419 3833 3540 3886 qua:

314 3908 552 3978 τέσσαρα
583 3912 852 3978 στοιχεῖα*
894 3908 1036 3980 ἅπερ
1068 3910 1285 3963 ἐναντία
1323 3910 1420 3980 μὲν
1465 3911 1730 3983 ἀλλήλοις,
1782 3916 1876 3967 καὶ

1973 3911 2190 3983 quidem
2236 3911 2512 3964 contraria
2549 3908 2691 3962 inter
2734 3923 2792 3963 se
2820 3915 2969 3971 sunt,
3015 3914 3069 3960 et
3111 3907 3349 3976 perfecte
3377 3923 3543 3979 oppo-

315 4000 558 4071 ἀκριϐῶς
581 4001 928 4072 ἀντικείμενα
947 4018 959 4031 ·
1004 4001 1153 4055 οὐδὲν
1182 4002 1240 4055 δὲ
1269 4002 1473 4056 τούτων
1501 4002 1782 4058 ἀποτελεῖν
1822 4022 1874 4059 τι

1973 4005 2097 4066 sita,
2128 4001 2337 4055 nullum
2383 4007 2563 4054 autem
2597 3999 2792 4053 horum
2816 4004 2996 4068 potest
3018 3998 3316 4068 quidquam
3358 4014 3453 4068 per
3482 4014 3539 4054 se

316 4092 436 4146 καθ’
465 4093 623 4146 ἔαυτὺ
655 4093 876 4147 δύναται
900 4110 913 4123 ⁸
939 4094 991 4146 τί
1012 4094 1121 4166 γὰρ
1154 4094 1218 4147 ἂν
1241 4094 1325 4164 είη
1348 4094 1409 4147 τὸ
1438 4095 1597 4165 ξηρὸν
1631 4095 1756 4149 ἄνευ
1780 4095 1873 4148 τοῦ

1978 4092 2204 4147 efﬁcere.
2248 4090 2386 4157 Quid
2418 4090 2563 4145 enim
2610 4089 2736 4154 erit,
2789 4087 2998 4142 scilicet
3030 4087 3098 4141 ad
3139 4088 3538 4158 generationem

316 4184 517 4255 ὑγροῦ;
552 4183 658 4255 ἢτί
686 4184 731 4237 δ’
758 4184 823 4237 ἂν
853 4184 936 4256 εἴη
969 4185 1028 4237 τὸ
1053 4184 1250 4255 θερμὸν
1276 4185 1395 4255 δίχα
1420 4186 1513 4239 τοῦ
1540 4187 1780 4259 ψυχροῦ;
1810 4188 1872 4240 Εί

1978 4185 2243 4254 corporis,
2293 4182 2499 4238 siccum
2537 4182 2655 4237 sine
2688 4181 2952 4236 humido?
3000 4191 3092 4236 aut
3127 4181 3259 4252 quid
3301 4181 3537 4236 calidum

313 4274 407 4330 οῦν
436 4277 689 4330 ἐναντίων
714 4277 926 4341 σύνοδος
959 4278 1209 4330 ἀποτελεῖ
1234 4277 1413 4348 σῶμα,
1456 4282 1581 4332 ποῖα
1612 4279 1719 4332 τῶν
1748 4297 1872 4333 τεσ-

1978 4278 2095 4331 sine
2121 4275 2357 4347 frigido?
2388 4274 2444 4329 Si
2479 4275 2643 4344 igitur
2672 4274 3073 4328 contrariorum
3116 4274 3430 4343 conjunctio
3458 4274 3538 4327 ef-

316 4368 497 4439 σάρων
519 4370 721 4431 ἐκεῖνος
747 4367 1086 4439 ἀναθήσειτῇ
1117 4369 1315 4434 κακίας
1341 4368 1373 4440 ἢ
1396 4373 1523 4423 ποῖα
1548 4370 1625 4441 τῷ
1647 4370 1869 4441 ἀγαθῷς
1903 4392 1924 4445 ι

1931 4394 1947 4442 )
1978 4366 2083 4422 ﬁcit
2109 4382 2329 4435 corpus,
2369 4379 2616 4435 quaenam
2661 4364 2751 4419 ille
2778 4379 2846 4418 ex
2877 4373 3112 4433 quatuor
3144 4363 3425 4417 elementis
3453 4378 3539 4416 rc-

315 4461 377 4512 Εί
406 4459 514 4530 γὰρ
559 4460 615 4511 ὲν
647 4462 759 4521 τοῖς
792 4460 955 4511 πᾶσιν
1000 4458 1199 4526 ἀγαθοῦ
1241 4476 1299 4512 τε
1334 4459 1427 4512 καὶ
1472 4461 1640 4514 κακοῦ
1680 4463 1874 4532 κρᾶσιν

1975 4457 2111 4514 feret
2153 4460 2220 4513 ad
2252 4456 2587 4526 nequitiam?
2631 4450 2875 4524 antqua:
2924 4456 2990 4509 ad
3024 4455 3260 4509 bonum?
3307 4453 3363 4508 Si
3392 4455 3536 4509 enim

314 4549 662 4617 φαντάζεται,
699 4549 1006 4616 ἐπάναγκες
1044 4548 1235 4601 διελεῖν
1269 4550 1348 4613 είς
1377 4550 1470 4604 δύο
1504 4551 1571 4605 τὰ
1602 4552 1869 4624 τέσσαραο

1973 4550 2306 4604 Manichacus
2331 4549 2384 4602 in
2408 4548 2666 4603 omnibus
2695 4546 2979 4603 elementis
3012 4548 3317 4601 mistionem
3334 4546 3457 4601 boni
3484 4555 3540 4600 et

314 4642 408 4694 καὶ
439 4640 611 4694 ταῦτα
642 4642 815 4693 είτουν
866 4640 1046 4711 ὲξίσης
1074 4640 1375 4711 διαστῆσαι,
1418 4642 1450 4713 ἢ
1487 4642 1612 4713 τρία
1654 4644 1783 4715 πρὸς
1816 4644 1874 4697 ἓν

1974 4645 2097 4698 mali
2125 4643 2451 4713 cogitatione
2476 4641 2647 4710 ﬁngit,
2674 4656 2898 4695 necesse
2923 4648 3007 4694 est
3032 4638 3276 4695 dividere
3300 4648 3539 4710 quatuor

314 4734 567 4805 χωρίσαι⁸
596 4734 708 4787 ἀλλ’
730 4735 867 4805 ὅπερ
894 4734 959 4787 ἂν
987 4734 1248 4803 ἀπονέμοι
1278 4734 1355 4804 τῷ
1384 4734 1593 4805 ἀγαθῷ,
1626 4736 1871 4807 εὑρεθείη

1975 4738 2029 4790 in
2059 4737 2189 4799 duo,
2220 4744 2273 4790 et
2298 4735 2412 4789 hate
2442 4735 2651 4788 scilicet
2678 4733 2963 4803 tequaliter
2993 4747 3284 4801 separare;
3315 4733 3401 4787 vel
3432 4735 3538 4787 tria

314 4825 380 4879 ἂν
428 4826 548 4899 καθ’
581 4826 739 4879 ἑαυτὸ
778 4825 976 4895 βλάψαι
1033 4826 1359 4894 δυνάμενον’
1412 4826 1561 4878 οὐδὲν
1608 4827 1715 4895 γὰρ
1766 4827 1873 4880 τῶν

1974 4828 2028 4881 in
2077 4843 2282 4881 unum:
2318 4835 2373 4880 at
2406 4826 2770 4895 quodcunque
2822 4825 3021 4881 referat
3070 4825 3134 4877 ad
3179 4824 3401 4890 bonum,
3451 4840 3538 4879 rc-

309 4918 587 4987 τεσσάρων
617 4918 871 4988 ἄκρατον,
914 4917 1006 4971 καὶ
1054 4920 1171 4989 οὐχὶ
1214 4918 1511 4989 σφαλερόν·
1540 4918 1735 4971 αὐτίκα
1779 4922 1873 4971 καὶ

1972 4920 2211 4989 perietur
2239 4933 2398 4986 posse
2422 4932 2517 4987 per
2548 4932 2606 4971 se
2629 4932 2861 4982 nocere;
2898 4916 3024 4984 quia
3050 4915 3260 4968 nullum
3306 4930 3369 4968 ex
3400 4932 3534 4984 qua-

311 5009 369 5059 ὲν
398 5010 463 5078 τῇ
498 5008 691 5077 κράσει
732 5008 793 5061 τὸ
826 5007 1114 5071 πλεονάζον
1164 5008 1383 5077 ὀλέθρου
1422 5008 1626 5076 γίνεται
1656 5008 1729 5078 τῷ
1771 5009 1873 5061 σώ-

1974 5019 2097 5064 luor
2126 5010 2407 5063 elementis
2440 5016 2524 5062 est
2560 5022 2755 5077 purum
2796 5021 2858 5059 ac
2889 5022 3119 5069 merum,
3153 5016 3205 5060 et
3248 5020 3358 5059 non
3392 5007 3543 5075 peri-

313 5116 442 5168 ματι
476 5100 782 5170 παραίτιον,
819 5098 891 5162 ὥς
924 5117 1086 5169 φασιν
1109 5103 1158 5153 οί
1192 5102 1393 5153 τούτων
1424 5101 1693 5172 ἔμπειροι.

1972 5103 2255 5165 culosum;
2290 5115 2351 5155 ac
2382 5101 2643 5153 continuo
2669 5098 2814 5169 quod
2864 5098 2919 5152 in
2963 5098 3215 5154 mistione
3245 5097 3533 5161 redundat,

1970 5192 2199 5247 cﬁicitur
2230 5192 2445 5260 corpori
2481 5206 2649 5245 causa
2679 5189 2955 5253 interitus,
2991 5198 3050 5242 ut
3098 5189 3251 5242 aiunt
3284 5189 3378 5259 qui
3410 5199 3541 5243 sunt

1554 5328 1559 5333 ,
1973 5282 2026 5335 in
2054 5281 2139 5337 his
2176 5281 2335 5351 periti
2362 5289 2415 5335 et
2444 5281 2750 5336 exercitati.

378 5363 441 5415 Εί
477 5362 654 5416 τοίνυν
683 5364 745 5417 τὸ
794 5364 889 5417 ιιὲν
923 5364 1123 5435 θερμὸν
1172 5364 1293 5418 καθ’
1328 5364 1489 5417 ἑαυτὸ
1534 5363 1699 5418 καίει.
1721 5364 1781 5416 τὸ
1814 5362 1873 5417 δὲ

2043 5375 2101 5429 Si
2145 5390 2274 5445 ergo
2315 5374 2554 5428 calidum
2598 5373 2818 5443 quidem
2862 5387 2959 5443 per
3005 5387 3063 5428 se
3119 5373 3247 5439 urit,
3279 5370 3539 5444 frigidum

338 5518 489 5597 -(43)
535 5519 794 5600 Triczoii
826 5520 988 5600 “esca”;
1035 5521 1273 5600 οςορίας.
1317 5520 1372 5575 In
1421 5520 1619 5600 Parall.
1672 5522 1871 5577 desunt

826 5520 988 5600 “9.995
1035 5521 1273 5600 οςορίας.
1317 5520 1372 5575 In
1421 5520 1619 5600 Parall.
1672 5522 1871 5577 desunt
1968 5532 2104 5594 ὅλως
2136 5546 2235 5600 pro
2267 5530 2412 5599 ὅλης.

670 5589 791 5644 Mox
826 5591 973 5675 ibid;
987 5590 1277 5675 yvdoptpov'
1302 5608 1400 5661 pro
1435 5594 1672 5675 γυμτνόν..
1855 5672 1864 5675 _

1449 5594 1672 5675 τυμχόνο,
1855 5672 1864 5675 _
2040 5588 2152 5673 (4'5;
2192 5602 2299 5657 Καὶ
2331 5588 2493 5656 .ii'ar.
2526 5598 2724 5654 Parall.
2754 5598 2848 5651 καὶ
2880 5597 3057 5653 πάλιν.

378 5658 487 5728 (ﬂ)
527 5660 878 5730 Κέκρυπται.
934 5658 1127 5715 Parall.
1161 5658 1709 5731 ’κρύπτεται.ῬειιιΙο
1752 5672 1870 5732 post
