4116 6332
595 250 729 306 1191

1707 253 1845 308 τιτι
1887 253 2318 312 BOSTRENSIS
2354 257 2656 314 EPlSCOPl

3686 265 3828 322 1199

589 383 719 423 vero
750 366 1055 438 refrigerat,
1087 366 1292 422 siccum
1325 376 1506 422 autem
1543 366 1735 434 siccat,
1769 377 1824 424 et
1861 369 2132 426 humidun‘

2247 375 2450 448 ψυχρὸν
2475 377 2656 448 ψύχει,
2699 376 2938 450 ξηραίνει
2973 374 3029 429 δὲ
3063 376 3124 430 τὸ
3166 376 3347 449 ξηρὸν,
3385 381 3721 445 κατακλύζει
3768 387 3829 439 δὲ

589 460 872 515 humorem
923 457 1292 528 edicitzquod
1341 457 1535 511 horum
1587 455 1696 512 Deo
1745 459 2002 514 attribuet
2053 461 2156 517 iste

592 549 820 620 planus?
853 549 1029 620 ipsum
1075 548 1219 602 enim
1263 563 1462 617 corpus
1506 556 1678 602 totum
1726 560 2152 606 consentaneum

591 648 676 694 est
704 654 767 691 ex
801 638 868 692 iis
895 638 1175 692 elementis
1219 639 1438 693 mistum
1480 653 1622 699 esse,
1667 653 1735 692 ex
1765 640 1964 708 quibus
2004 656 2154 696 com-

589 731 823 799 positum
867 737 950 784 est
988 739 1041 784 et
1074 743 1170 798 per
1215 743 1275 784 se
1313 727 1549 784 exsistit.
1600 728 1674 783 Ut
1713 741 1901 786 autem
1953 748 2151 785 unum-

587 819 841 892 quodque
869 820 1193 873 elementum
1220 820 1291 872 sit
1321 833 1388 873 ex
1415 819 1670 874 mistione
1700 835 1884 874 eorum
1918 822 2152 876 elemen-

589 922 766 966 torum
813 927 880 967 ετ
929 910 1130 982 quibus
1173 910 1231 963 ﬁt
1273 911 1455 965 mistio
1505 925 1824 981 corporum,
1875 910 1988 965 fieri
2041 927 2151 965 non

586 1011 783 1074 potest.

653 1094 1019 1158 Quamobrem
1063 1095 1206 1148 ratio
1239 1110 1350 1148 non
1383 1095 1608 1164 patitur,
1661 1103 1720 1150 ut
1759 1094 2013 1166 quodque
2043 1095 2151 1149 sin-

582 1190 771 1258 gulare
814 1197 867 1243 et
897 1187 1238 1242 individuum
1268 1189 1593 1243 elementum
1624 1189 1678 1242 in
1726 1187 1834 1242 duo
1871 1189 2148 1242 contraria

585 1281 848 1350 principia
882 1281 1176 1344 dividatur,
1219 1288 1272 1335 et
1302 1280 1485 1334 mistio
1533 1280 1798 1349 cujusque
1840 1294 2031 1334 eorum
2065 1279 2151 1332 in-

583 1373 939 1427 troducatur:
973 1385 1133 1439 quam
1154 1370 1302 1424 enim
1333 1369 1781 1439 compositionem
1816 1368 2148 1440 excogitabit

584 1465 638 1520 in
683 1466 828 1520 sicco
866 1463 1126 1539 deceptor
1165 1463 1315 1518 iste?
1357 1479 1516 1533 quam
1553 1463 1860 1518 mistionem
1902 1463 1956 1516 in
1997 1475 2149 1516 mero

581 1565 637 1612 et
671 1571 807 1627 puro
856 1556 1016 1626 igne?
1061 1563 1154 1609 aut
1186 1570 1349 1625 quam
1397 1556 1916 1625 coagmentationem
1963 1555 2021 1608 in
2054 1554 2150 1608 fri-

581 1650 726 1719 gido,
768 1647 914 1720 quod
959 1663 1023 1703 ex
1064 1655 1182 1702 toto
1213 1646 1473 1718 frigidum
1509 1647 1634 1702 est?
1680 1646 1930 1702 similiter
1961 1646 2018 1700 in
2045 1646 2148 1701 hu-

582 1742 748 1796 mide.

650 1831 775 1888 Haec
799 1831 942 1888 enim
970 1831 1132 1887 unius
1155 1829 1362 1895 formae,
1397 1837 1453 1885 et
1484 1829 1760 1886 individua
1789 1831 1950 1902 plane
1979 1839 2138 1898 sunt;

579 1930 637 1976 ut
663 1921 874 1975 nullum
903 1921 1096 1976 borum
1129 1934 1226 1990 per
1255 1935 1315 1975 se
1347 1919 1521 1991 possit
1561 1921 1849 1988 exsistere,
1886 1920 1980 1983 sed
2018 1920 2142 1974 aliis

573 2012 847 2081 junctum.

2171 1725 2219 1784 B

2253 467 2313 522 τὸ
2338 469 2499 540 ὑγρόν
2523 487 2537 501 ο
2573 473 2722 522 ποῖον
2752 469 3010 537 λογιεῖται
3039 468 3241 522 τούτων
3269 472 3298 523 ό
3331 471 3528 535 πλάνος
3558 472 3638 543 τῷ
3666 473 3826 545 Θεῷς

2253 561 2383 613 αὐτὸ
2411 561 2509 629 μὲν
2533 559 2641 632 γάρ
2686 560 2805 613 ὅλον
2831 561 2892 612 τὸ
2929 560 3089 631 σῶμα
3114 563 3309 630 κρᾶσιν
3337 561 3481 632 ἔχειν
3513 565 3582 616 ἐκ
3614 565 3829 620 τούτων

2253 654 2397 716 εἰκὸς
2430 653 2497 706 δι’
2529 645 2604 706 ὧν
2641 654 2734 707 καὶ
2783 655 3064 721 σύγκειται
3111 653 3201 706 καὶ
3233 654 3566 724 ὑφέστηκεν·
3609 659 3706 727 ἀφ’
3747 654 3827 712 ὧν

2250 744 2369 814 δὲή
2418 746 2612 814 κρᾶσις
2645 746 2709 799 ὲκ
2756 746 3002 815 κράσεως
3043 740 3182 798 εἶναι
3232 746 3480 813 ἕκαστον,
3531 751 3634 802 οὐκ
3678 753 3826 805 ἑνδὲο

2252 852 2421 905 χεται.

2323 1094 2481 1146 Ὥστε
2504 1093 2607 1146 οὐκ
2653 1093 2766 1164 ἔχει
2795 1094 2948 1162 λόγον
2977 1095 3153 1148 αὐτῶν
3194 1113 3259 1164 γε
3289 1096 3393 1149 τῶν
3425 1097 3644 1166 ἀτόμων
3675 1116 3823 1152 στοι-

2249 1184 2411 1255 χείων
2441 1184 2666 1238 ἕκαστον
2699 1185 3082 1257 καταμερίζειν
3110 1189 3188 1250 είς
3220 1188 3464 1252 ἐναντίας
3493 1189 3583 1242 δύο
3615 1190 3819 1261 ἀρχὰς,

2250 1276 2344 1328 καὶ
2381 1277 2573 1346 κρᾶσιν
2606 1276 2783 1330 αὐτῶν
2823 1277 3054 1330 ἑκάστου
3095 1280 3460 1350 εἰσηγεῖσθαι·
3505 1282 3668 1336 ποίαν
3708 1285 3820 1355 γὰρ

2250 1369 2524 1439 ὲπινοήσει
2569 1367 2646 1439 τῷ
2700 1365 2847 1440 ξηρῷ
2893 1368 3139 1423 σύνθεσιν
3184 1373 3212 1424 ό
3269 1371 3500 1438 πλάνος;
3550 1375 3716 1428 ποίαν
3759 1376 3821 1431 δὲ

2248 1461 2445 1531 κρᾶσιν
2491 1459 2568 1529 τῷ
2619 1461 2842 1531 ἀκράτῳ
2891 1461 3058 1533 πυρί;
3102 1461 3135 1533 ἢ
3187 1462 3307 1516 τίνα
3376 1465 3696 1538 συμπλοκὴν
3738 1469 3821 1539 τῷ

2247 1551 2456 1622 ψυχρῷ,
2486 1551 2676 1623 ψυχρῷ
2717 1551 2889 1606 διόλου
2934 1554 3284 1624 τυγχάνοντι;
3320 1557 3720 1630 παραπλησίως
3759 1559 3822 1612 δὲ

2253 1645 2345 1698 καὶ
2368 1644 2445 1715 τῷ
2467 1644 2638 1716 ὑγρῷ.

2317 1819 2578 1891 Μονοειδῆ
2607 1820 2716 1892 γάρ
2744 1821 2836 1872 καὶ
2881 1821 3148 1892 ἀμέριστα
3182 1822 3367 1890 σαφῶς
3407 1823 3579 1877 ταῦτα
3608 1842 3703 1893 τυγ
3717 1827 3818 1895 χάε-

2246 1929 2326 1965 νει
2343 1928 2354 1941 ⁸
2389 1911 2530 1963 ὥστε
2559 1911 2760 1964 τούτων
2782 1912 3010 1965 ἕκαστον
3037 1913 3156 1966 οὐδὲ
3188 1914 3452 1986 ὑποσταίη
3478 1915 3599 1968 καθ’
3623 1918 3813 1984 ἑαυτὸ,

2245 2002 2380 2056 ἀλλὰ
2411 2003 2505 2054 καὶ
2534 2003 2628 2055 σὺν
2661 2001 2909 2073 ἀλλήλοις
2934 2003 3045 2073 ἔχει
3066 2004 3126 2056 τὸ
3150 1999 3306 2057 εἶναι.

1524 2145 1653 2202 Car.
1692 2143 1858 2200 XXX.
1899 2143 2046 2216 Ignis
2073 2145 2323 2215 optimus.
2357 2138 2582 2196 Manetis
2610 2139 2875 2196 delirium.

644 2262 852 2318 lnsanit
872 2261 1040 2333 igitur
1071 2267 1124 2316 et
1149 2260 1366 2331 quidem
1402 2261 1725 2333 gravissima
1751 2261 1984 2326 insania,
2011 2277 2136 2316 cum

518 2368 520 2371 '
576 2364 785 2426 partem
815 2355 1032 2424 quidem
1075 2355 1214 2425 ignis
1253 2355 1386 2409 dicit
1416 2370 1540 2410 esse
1578 2353 1728 2421 boni,
1767 2361 1978 2424 partem
2006 2368 2136 2409 vero

575 2447 722 2500 mali.
757 2446 852 2500 Est
885 2456 1064 2499 autem
1104 2460 1324 2500 necesse
1354 2445 1429 2499 illi
1463 2445 1567 2500 hoc
1595 2445 1773 2500 facere
1805 2445 1860 2500 in
1893 2445 2136 2501 elemen-

572 2541 670 2600 tis.
717 2546 770 2593 ct
821 2537 1082 2600 dividere,
1129 2552 1249 2606 qua:
1281 2535 1450 2591 dividi
1477 2552 1584 2591 non
1633 2545 1894 2607 possunt;
1930 2538 2135 2593 siccum

573 2631 719 2686 enim
747 2645 813 2684 ex
837 2636 951 2682 toto
981 2631 1185 2683 siccum
1214 2635 1317 2692 est,
1340 2635 1393 2682 et
1431 2641 1528 2698 per
1565 2643 1624 2682 se
1655 2628 1876 2682 siccitas
1904 2627 2135 2698 simplex

571 2729 658 2778 est
689 2731 742 2777 et
771 2722 934 2776 unius
965 2720 1151 2775 formae
1176 2739 1189 2774 :
1217 2727 1270 2774 et
1294 2719 1549 2790 frigidum
1593 2735 1768 2788 neque
1807 2720 2136 2790 cogitatione

570 2813 737 2867 dividi
768 2820 970 2885 potest,
1025 2826 1148 2865 cum
1181 2812 1252 2866 sit
1285 2827 1452 2865 unum
1490 2826 1555 2865 ac
1602 2811 1836 2882 simplex
1875 2827 1942 2867 ex
1980 2819 2130 2877 toto;

571 2905 824 2959 similiter
857 2903 1139 2958 humidum
1167 2911 1221 2958 et
1249 2903 1506 2958 calidum.

2310 2259 2574 2312 Μαίνεται
2621 2257 2906 2329 τοιγαροῦν
2962 2259 3155 2330 μανίαν
3210 2260 3484 2330 χαλεπὴν,
3523 2261 3658 2316 ὅταν
3715 2262 3810 2316 τοῦ

2242 2347 2413 2419 πυρὸς
2456 2347 2516 2399 τὸ
2561 2347 2659 2418 μέν
2685 2363 2738 2400 τι
2786 2346 2876 2400 τοῦ
2909 2347 3112 2415 ἀγαθοῦ
3144 2349 3363 2416 φάσκει,
3402 2348 3464 2402 τὸ
3508 2349 3565 2402 δέ
3609 2367 3664 2403 τι
3712 2351 3810 2404 τοῦ

2243 2439 2414 2495 κακοῦ
2434 2457 2448 2469 ·
2486 2442 2654 2494 ποιεῖν
2679 2440 2734 2493 δὲ
2769 2439 2925 2493 τοῦτο
2953 2440 3258 2510 ἐπάναγκες
3281 2441 3432 2512 αὐτῷ
3457 2444 3551 2496 καὶ
3577 2445 3673 2497 ἐπὶ
3699 2445 3808 2498 τῶν

2245 2534 2544 2603 ποιοτήτων
2566 2535 2675 2586 τῶν
2705 2532 3015 2604 στοιχείων,
3051 2534 3144 2587 καὶ
3179 2534 3400 2606 διαιρεῖν
3428 2535 3497 2587 τά
3539 2537 3808 2608 διαίρεσιν

2245 2625 2319 2697 μὴ
2350 2625 2706 2696 ὲπιδεχόμενα
2728 2642 2742 2656 ο
2772 2627 2891 2678 τότε
2918 2625 3026 2697 γὰρ
3072 2627 3231 2698 ξηρὸν
3280 2627 3452 2681 διόλου
3488 2627 3675 2700 ξηρὸν,
3712 2633 3808 2684 καὶ

2241 2715 2603 2786 αὐτοξηρότης
2636 2716 2782 2786 ἀπλῆ
2807 2735 2865 2769 τε
2897 2718 2990 2770 καὶ
3018 2719 3294 2789 μονοειδής
3313 2736 3326 2750 '
3373 2721 3465 2774 καὶ
3509 2723 3570 2774 τὸ
3595 2723 3808 2795 ψυχρὸν

2239 2807 2358 2861 οὐδὲ
2388 2811 2466 2870 είς
2493 2808 2732 2860 ἐπίνοιαν
2755 2808 3070 2880 διαιρέσεως
3095 2810 3269 2863 ἐλθεῖν
3297 2812 3612 2884 δυνάμενον,
3647 2818 3709 2869 ἓν
3740 2835 3804 2870 τε

2242 2900 2336 2953 καὶ
2362 2899 2566 2954 ἁπλοῦν
2611 2899 2783 2952 διόλου
2820 2901 3111 2970 τυγχάνον·
3149 2902 3289 2954 οὕτω
3318 2903 3382 2975 δὴ
3413 2906 3507 2958 καὶ
3536 2905 3595 2958 τὸ
3628 2907 3801 2978 ὑγρὸν

2241 2992 2332 3045 καὶ
2358 2992 2418 3044 τὸ
2441 2991 2660 3062 θερμόν.
2690 3045 2698 3058 ,

640 3078 780 3144 Quid
812 3079 974 3148 igitur
1017 3078 1069 3132 in
1103 3078 1224 3148 igne
1255 3079 1358 3133 erit
1403 3076 1537 3132 Dei?
1567 3084 1620 3133 et
1652 3076 1780 3147 quid
1810 3085 1998 3133 contra
2027 3077 2132 3133 erit

2310 3083 2374 3135 Τί
2406 3082 2581 3134 τοίνυν
2614 3082 2706 3136 τοῦ
2741 3081 2910 3154 πυρὸς
2946 3082 3094 3137 ἔσται
3122 3083 3214 3137 τοῦ
3241 3085 3447 3154 ἀγαθοῦ
3476 3088 3587 3158 (46)
3621 3090 3720 3143 καὶ
3747 3094 3800 3144 τί

567 3166 868 3237 ηειᾳυίιὶεεῖ
916 3165 1356 3237 quandoquidem
1398 3182 1576 3238 neque
1625 3167 1948 3222 divisionem
1991 3168 2132 3222 reci-

569 3259 668 3329 pit,
704 3273 878 3328 neque
926 3259 1234 3314 mistionem
1284 3259 1513 3328 accepit,
1551 3273 1675 3312 cum
1725 3258 1795 3312 sit
1841 3273 2035 3326 purum
2078 3267 2131 3314 et

470 3407 475 3411 ,
567 3367 800 3406 merum.
830 3351 1043 3420 Corpus
1071 3349 1215 3404 enim
1247 3349 1509 3403 dividitur
1538 3349 1730 3404 saltem
1759 3350 2126 3419 cogitatione:

568 3459 778 3497 merum
824 3451 1004 3497 autem
1040 3443 1366 3498 elementum
1397 3443 1669 3511 quomodo
1717 3459 1785 3497 ex
1833 3443 2128 3514 contrariis

564 3536 924 3604 compositum
953 3550 1075 3589 esse
1102 3533 1275 3588 videri
1320 3534 1536 3603 potest?
1564 3534 1822 3603 quidnam
1863 3535 2127 3588 contrarii

564 3628 804 3696 cogitare
836 3627 960 3696 quis
990 3635 1165 3696 potest
1199 3626 1253 3679 in
1282 3642 1417 3696 puro
1443 3627 1602 3697 igne?

638 3719 694 3770 Si
723 3719 886 3788 igitur
918 3720 1342 3790 unumquodque
1373 3729 1456 3774 est
1488 3735 1554 3774 ex
1587 3726 1701 3773 toto
1730 3719 2124 3789 periculosum,

563 3810 770 3864 nullum
793 3824 981 3862 eorum
1016 3826 1110 3879 per
1132 3824 1190 3864 se
1220 3809 1516 3864 secundum
1546 3811 1815 3865 rationem
1844 3810 2124 3866 Manichaai

561 3912 824 3971 congruet
857 3903 1022 3967 bono,
1046 3903 1140 3957 sed
1166 3905 1345 3974 potius
1379 3905 1559 3958 omnia
1591 3905 1895 3960 referentur
1913 3905 1978 3959 ad
2007 3920 2124 3958 ma-

560 3993 716 4048 lum:
751 4001 1012 4063 pmterea
1042 4010 1148 4049 non
1190 4003 1351 4049 erunt
1373 4011 1604 4064 corpora
1647 4011 1712 4050 ex
1752 3997 1926 4051 altero
1971 4011 2123 4050 com-

559 4085 758 4154 posita,
785 4087 929 4155 quod
958 4093 1043 4140 est
1085 4087 1322 4140 alienum
1367 4103 1395 4139 a
1430 4087 1784 4143 fundamento
1817 4087 2118 4143 Manichaei.

628 4175 911 4242 Quomodo
935 4185 1112 4232 autem
1146 4179 1414 4234 videbitur
1442 4179 1488 4233 ei
1513 4179 1568 4232 in
1606 4179 1748 4249 igne,
1769 4181 1874 4234 hoc
1897 4180 2120 4249 quidem

557 4283 681 4322 esse
712 4268 973 4331 salutare,
1009 4269 1152 4337 quod
1173 4278 1256 4324 est
1285 4269 1434 4331 boni,
1467 4269 1571 4323 hoc
1611 4285 1741 4324 vero
1776 4269 2119 4324 mortiferum

557 4364 612 4410 et
650 4371 834 4421 urens,
866 4355 1012 4426 quod
1042 4367 1125 4412 est
1157 4358 1306 4419 mali,
1340 4357 1446 4412 nisi
1478 4358 1666 4414 insane
1701 4358 1863 4430 ﬁngat
1910 4359 2120 4414 mistio-

2236 3174 2542 3227 τούναντίον
2589 3173 2680 3226 τοῦ
2731 3172 2935 3238 κακοῦ;
2973 3175 3144 3227 ’ὁπότε
3175 3177 3438 3247 διαίρεσιν
3468 3181 3570 3233 οὐκ
3617 3183 3798 3234 ὲπιδὲ-

2238 3281 2415 3334 χεται,
2446 3265 2629 3335 ἐπειδή
2655 3279 2719 3332 γε
2751 3264 2870 3316 οὐδὲ
2897 3267 3092 3335 κρᾶσιν
3118 3265 3420 3332 ἐπεδέξατο,
3454 3270 3690 3340 ἄκρατον
3717 3272 3796 3325 δν.

2237 3355 2310 3407 Τὸ
2343 3354 2571 3425 μὲνγὰρ
2619 3355 2676 3407 ἐν
2720 3354 2877 3426 σῶμα
2930 3357 3026 3408 καὶ
3069 3357 3354 3429 διαιρεῖται
3400 3363 3467 3431 τῇ
3501 3361 3632 3430 γοῦν
3680 3367 3797 3417 ἑπι-

2235 3445 2382 3518 νοίᾳο
2428 3447 2489 3498 τὸ
2535 3446 2590 3498 δὲ
2650 3445 2884 3518 ἄκρατον
2938 3451 3195 3518 στοιχεῖον
3253 3450 3372 3514 πῶς
3431 3452 3491 3517 ἐξ
3541 3456 3799 3510 ἐναντίων

2237 3538 2551 3606 συγκεῖσθαι
2594 3537 2792 3603 δόξειεν
2842 3539 2940 3604 iv;
2995 3541 3153 3594 ποίαν
3195 3541 3253 3594 δὲ
3308 3544 3403 3596 καὶ
3446 3546 3794 3618 ἐναντιότητα

2232 3628 2511 3698 λογίσηται
2543 3629 2606 3682 ἀν
2632 3647 2715 3692 τις
2747 3631 2969 3701 ἀκράτῳ
3001 3633 3165 3703 πυρί;

2302 3720 2363 3772 El
2409 3720 2585 3772 τοίνυν
2622 3721 2846 3774 ἕκαστον
2888 3724 3183 3791 ἐπισφαλὲς
3228 3724 3402 3778 διόλου
3446 3727 3569 3780 καθ’
3612 3730 3794 3792 ἑαυτὸ,

2230 3811 2378 3864 οὐδὲν
2411 3811 2589 3864 αὐτῶν
2621 3812 2761 3865 κατά
2801 3814 2889 3866 τὸν
2916 3813 3011 3867 τοῦ
3055 3816 3327 3881 Μάνεντος
3370 3818 3526 3888 λόγον
3567 3822 3794 3891 ἁρμόσει

2228 3903 2307 3975 τῷ
2336 3904 2544 3975 ἀγαθῷ,
2569 3905 2703 3959 ἀλλά
2743 3906 2917 3959 πάντα
2961 3907 3059 3978 μὲν
3097 3909 3439 3965 ἀνακείσεται
3478 3914 3556 3984 τῷ
3601 3918 3792 3985 κακῷ·

2227 3997 2326 4050 οὐκ
2348 3996 2496 4049 ἔσται
2524 3997 2580 4050 δὲ
2610 3997 2677 4050 τὰ
2711 3997 2933 4068 σώματα
2959 3998 3016 4064 ἐξ
3045 4000 3230 4072 ἑτέρου
3264 4005 3617 4075 συγκείμενα,
3639 4008 3792 4061 ἀλλο-

2225 4089 2391 4161 τρίως
2417 4092 2481 4162 τῇ
2510 4089 2603 4142 τοῦ
2627 4090 2899 4154 Μάνεντος
2929 4091 3200 4146 ὑποθέσει.

2296 4179 2421 4244 Πῶς
2449 4179 2505 4232 δὲ
2542 4177 2688 4249 αὐτῷ
2715 4179 2775 4232 τὸ
2817 4180 2912 4250 μέν
2939 4198 2993 4232 τι
3017 4181 3110 4234 τοῦ
3141 4183 3312 4253 πυρὸς
3335 4184 3475 4250 δόξει
3518 4187 3792 4261 θεραπευ-

2224 4271 2392 4336 τικὸν,
2424 4272 2544 4324 ὅσον
2567 4268 2659 4322 τοῦ
2686 4270 2911 4338 ἀγαθοῦ,
2936 4271 2996 4325 τὸ
3019 4273 3075 4326 δέ
3098 4291 3150 4326 τι
3175 4274 3415 4346 όλέθριον
3441 4279 3534 4330 καὶ
3568 4297 3794 4333 καυστι-

2225 4363 2339 4426 κὸν,
2369 4363 2489 4415 ὅσον
2518 4361 2612 4415 τοῦ
2643 4363 2834 4426 κακοῦ,
2861 4365 2908 4416 εἰ
2939 4365 3013 4437 μὴ
3043 4367 3136 4420 καὶ
3161 4368 3268 4420 τῶν
3301 4372 3569 4440 σωμάτων
3595 4375 3794 4443 κρᾶσιν

557 4461 681 4500 nem
705 4447 1094 4502 elementorum
1131 4463 1196 4501 ex
1236 4447 1378 4502 bono
1409 4455 1464 4503 et
1491 4464 1554 4503 ex
1589 4450 1768 4504 male?
1807 4450 1951 4521 quod
1999 4452 2118 4521 qui-

2233 4454 2424 4522 ἀγαθοῦ
2453 4472 2512 4507 τε
2539 4456 2632 4508 καὶ
2660 4456 2829 4510 κακοῦ
2860 4457 3103 4527 μανικῶς
3131 4460 3489 4528 ὲφαντάζετος
3521 4465 3658 4534 ὅπερ
3683 4465 3792 4518 οἰό-

557 4537 679 4592 dem
710 4539 755 4592 si
787 4547 960 4608 putet,
992 4548 1216 4609 cogetur
1263 4539 1501 4595 tribuere
1535 4540 1662 4607 Deo,
1699 4557 1819 4612 quae
1869 4543 2012 4597 volet
2053 4559 2115 4597 ex

556 4638 792 4698 quatuor
832 4631 1137 4693 elementis,
1192 4648 1311 4700 quae
1351 4648 1414 4687 ex
1459 4642 1571 4686 toto
1611 4640 1665 4687 et
1711 4633 1987 4690 individuo
2023 4635 2118 4688 tali

556 4729 751 4775 natura
793 4722 1015 4790 praedita
1043 4731 1205 4785 sunt,
1231 4731 1284 4778 et
1314 4731 1568 4779 cernetur
1583 4724 1828 4779 confiteri
1852 4725 2116 4781 exsistere

551 4827 616 4864 ex
654 4809 762 4863 Dco
801 4826 1031 4874 merum,
1060 4819 1112 4865 et
1133 4827 1228 4881 per
1249 4828 1309 4866 si:
1349 4828 1569 4867 nocens.
1595 4811 1795 4865 Dividit
1823 4819 2004 4865 autem
2038 4813 2117 4865 in-

551 4915 722 4955 sanus
745 4910 993 4956 naturam
1026 4903 1166 4971 ignis
1207 4901 1561 4966 individuam,
1607 4902 1795 4955 dicens
1825 4901 1969 4954 aliud
1993 4916 2114 4955 esse

549 4991 605 5044 in
648 4990 769 5060 igue
802 4992 1061 5053 salutare,
1095 4989 1241 5044 aliud
1261 5006 1392 5044 vero
1430 5005 1597 5044 urens
1631 5008 1644 5044 :
1680 4990 2113 5060 nonintelligens

548 5082 838 5144 barbarus,
873 5082 926 5136 in
956 5099 1056 5136 usu
1085 5084 1224 5154 ignis
1263 5099 1382 5137 esse
1403 5082 1745 5144 divisionem,
1779 5095 1886 5135 non
1921 5082 1975 5135 iu
2015 5099 2113 5137 na-

547 5181 668 5227 tura
705 5176 845 5244 iguis
876 5193 890 5242 ;
920 5175 1080 5244 hujus
1108 5177 1252 5231 enim
1284 5177 1448 5230 nimia
1486 5177 1881 5246 propinquitas,
1930 5178 2113 5247 perni-

545 5264 659 5319 cies
686 5274 802 5333 est;
838 5268 1111 5322 moderata
1149 5284 1276 5322 vero
1308 5270 1561 5323 distantia
1601 5286 1846 5324 securam
1887 5271 2110 5340 partici-

547 5359 817 5425 pationem
849 5361 1047 5414 caloris
1073 5361 1223 5416 all'ert
1245 5379 1259 5428 ',
1285 5377 1406 5416 cum
1439 5363 1639 5432 alioqui
1663 5363 1775 5432 ipsa
1809 5364 1894 5416 vis
1915 5363 2105 5418 urendi

548 5449 683 5512 sola,
743 5465 862 5520 quae
897 5453 1110 5521 quidem
1151 5463 1234 5509 est
1280 5456 1442 5526 ignis,
1482 5457 1790 5510 necessaria
1828 5457 1898 5510 sit
1939 5475 1951 5510 :
1996 5457 2109 5511 hinc

614 5599 724 5673 (46)
777 5604 1036 5674 Ἀγαθοῦ.
1082 5607 1236 5662 Boni.
1295 5607 1386 5664 Sic
1435 5625 1600 5680 supra
1663 5611 1825 5666 vertit
1879 5608 2182 5669 Turrianus

2224 4561 2380 4612 μενος
2407 4544 2878 4617 ἀναγκασθήσεται
2908 4548 3196 4618 ἀπονεῖμαι
3224 4551 3301 4620 τῷ
3329 4551 3516 4623 ἀγαθῷ
3544 4556 3651 4607 τῶν
3673 4573 3791 4609 τετυ

2220 4639 2399 4708 σάρων
2431 4639 2725 4708 στοιχείων,
2773 4638 2914 4711 ἆπερ
2962 4641 3026 4695 ἂν
3076 4641 3238 4706 θέλοι,
3279 4644 3546 4716 ὁλόκληρα
3587 4666 3644 4701 τε
3694 4653 3788 4704 καὶ

2217 4729 2516 4800 ἀδιαίρετα,
2547 4730 2715 4795 οὕτως
2758 4732 2946 4804 ἔχοντα
2979 4734 3171 4804 φύσει·
3204 4739 3296 4790 καὶ¹
3325 4739 3619 4809 ὀφθήσεται
3653 4744 3786 4811 ὁμου

2215 4817 2388 4887 λογῶν
2430 4822 2666 4893 ὑπάρξαι
2713 4825 2806 4877 καὶ
2847 4826 2911 4878 ὲκ
2955 4825 3088 4880 Θεοῦ
3131 4827 3367 4898 ἄκρατόν
3410 4847 3468 4882 τε
3521 4835 3614 4884 καὶ
3660 4834 3784 4887 καθ’

2215 4911 2376 4964 ἑαυτὸ
2406 4912 2714 4981 βλαπτικὸν.
2745 4919 2952 4988 Διαιρεῖ
2976 4918 3031 4970 δὲ
3055 4919 3083 4970 ὁ
3109 4919 3329 4988 ἀνόητος
3351 4921 3446 4974 τοῦ
3477 4925 3646 4992 πυρὸς
3685 4927 3785 4994 τὴν

2214 5003 2517 5075 ἀδιαίρετον
2554 5007 2734 5075 φύσιν,
2763 5009 2823 5062 τὸ
2860 5010 3247 5082 θεραπευτικὸν
3276 5014 3459 5086 ἕτερον
3491 5017 3654 5069 αὑτοῦ
3695 5018 3782 5071 λέ-

2214 5111 2324 5162 γων
2363 5092 2523 5158 εἶναι,
2567 5100 2661 5152 καὶ
2702 5100 2763 5153 τὸ
2803 5104 3093 5156 καυστικὸν
3124 5105 3342 5175 ἓτερον·
3395 5107 3470 5178 μὴ
3513 5110 3714 5172 συνιεὶς
3755 5111 3782 5162 ό

2216 5183 2508 5257 βάρϐαρος,
2538 5186 2612 5250 ὡς
2641 5189 2698 5240 ἐν
2723 5192 2787 5261 τῇ
2823 5193 3014 5262 χρήσει
3053 5194 3084 5263 ὴ
3127 5193 3406 5265 διαίρεσις,
3448 5198 3562 5250 ἀλλ’
3590 5199 3690 5251 οὐκ
3722 5201 3780 5253 ἐν

2211 5279 2277 5346 τῇ
2313 5276 2468 5346 φύσει
2509 5279 2600 5332 τοῦ
2631 5282 2799 5352 πυρός
2823 5300 2836 5312 ο
2872 5283 3058 5337 τούτου
3086 5287 3191 5357 γὰρ
3221 5291 3252 5358 ἡ
3286 5289 3382 5358 μὲν
3406 5289 3645 5360 iunpo;
3685 5295 3778 5361 ὲγο

2213 5368 2380 5438 γύτης
2417 5370 2694 5442 ἐπιϐουλὴ,
2737 5375 2768 5444 ἡ
2815 5374 2870 5426 δὲ
2903 5376 3095 5448 μετρία
3138 5378 3416 5443 διάστασις
3454 5382 3668 5452 ἀσφαλῆ
3714 5399 3775 5452 γε

2214 5458 2367 5530 φέρει
2406 5459 2504 5532 τὴν
2551 5464 2839 5532 μετουσίαν
2859 5482 2872 5496 ’
2907 5466 3079 5532 ἄλλως
3109 5485 3165 5520 τε
3197 5469 3329 5523 αὐτὸ
3370 5470 3435 5542 δὴ
3464 5471 3524 5525 τὸ
3556 5487 3777 5529 καυστι-
