4116 6332
298 288 442 372 1193

1338 308 1701 366 ADVERSUS
1738 309 2158 368 MAMCHEOS
2192 312 2323 367 LIB.
2362 312 2430 367 11.

3309 287 3314 291 ’
3391 325 3538 384 ιηι

296 428 394 482 κδν
418 424 511 478 τοῦ
558 423 728 493 πυρὸς
760 424 853 476 καὶ
895 423 1052 494 μόνον
1095 423 1408 493 ἀναγκαῖον,
1443 425 1580 496 ὅπερ
1625 425 1719 479 καὶ
1762 426 1874 498 πῦρ

1975 429 2117 483 enim
2143 428 2317 483 mollit
2350 439 2404 483 et
2435 429 2713 500 liquefacit
2751 447 2814 487 ea
2845 449 2966 504 quae
2996 436 3065 491 ad
3091 453 3251 494 usum
3285 439 3545 500 necessa-

294 517 552 588 τυγχάνει
577 531 591 545 ·
622 514 779 568 τοῦτο
803 515 911 587 γὰρ
940 518 1032 569 καὶ
1060 516 1318 587 μαλάττει
1340 517 1433 570 καὶ
1460 519 1617 588 τήκει
1644 519 1712 571 τά
1740 520 1875 590 πρὸς

295 609 394 678 τὴν
417 605 606 677 χρείαν
632 604 944 674 ἀναγκαίως
968 606 1386 677 προσφερόμενα
1411 622 1424 636 ⁸
1459 606 1534 670 ὡς
1566 608 1733 679 μηδὲν
1756 608 1875 661 ἒτε-

296 701 391 771 ρδν
428 695 568 752 εἶναι
610 697 670 749 τὸ
717 696 831 768 πῦρ
870 698 905 769 ἢ
947 698 1009 752 τὸ
1054 700 1348 754 καυστικὸν
1387 700 1548 755 αὑτοῦ
1573 717 1589 729 ·
1627 701 1793 773 μηδὲν
1817 701 1874 754 δὲ

294 793 483 862 ἕτερον
525 782 663 841 εἶναι
706 788 769 840 τὸ
797 788 1092 857 ἀναγκαῖον
1126 790 1159 862 ἦ
1191 789 1367 844 τοῦτο.
1409 791 1468 845 '0
1508 790 1566 843 δὲ
1608 791 1785 863 μάτην
1815 791 1875 845 τὸ

302 883 415 955 πῦρ
442 879 732 953 ὲνυϐρίξει,
759 880 880 934 λίαν
900 880 1193 953 ἀχάριστος
1213 880 1291 936 ῶν
1317 881 1454 955 πρὸς
1479 882 1579 945 τάς
1607 882 1758 953 παρὰ
1779 883 1872 936 τοῦ

306 970 656 1045 Δημιουργοῦ
683 970 791 1024 τῶν
817 970 953 1024 ὅλων
979 971 1312 1043 εὐεργεσίας.

367 1064 508 1121 Εἰδέ
540 1081 623 1128 τις
667 1062 784 1136 θείη
816 1062 886 1117 τὰ
912 1064 1154 1137 τέσσαρα
1180 1067 1419 1135 στοιχεῖα
1455 1067 1521 1136 τῇ
1558 1066 1727 1135 κακίᾳ
1754 1066 1874 1118 ιιιατ⁴⁵

297 1157 509 1211 ἐκεῖνον
534 1156 854 1226 προσήκειν,
886 1154 1003 1219 πῶς
1029 1155 1093 1209 ἂν
1120 1155 1292 1209 ταῦτα
1316 1154 1386 1209 τὰ
1416 1157 1479 1209 ὲκ
1508 1157 1636 1226 μιᾶς
1661 1156 1875 1225 φύσεως

296 1248 516 1303 ἐναντία
547 1265 610 1316 γε
656 1246 784 1300 ὄντα
820 1247 1087 1318 ὑπάρχειν
1132 1246 1350 1318 δοκοίη;
1397 1248 1459 1300 Εἰ
1498 1247 1606 1319 γὰρ
1649 1247 1876 1301 αὐτόθεν

294 1341 360 1393 τὸ
390 1340 609 1413 θερμὸν,
638 1339 697 1392 τὸ
722 1338 927 1409 ψυχρὸν
960 1338 1244 1410 ἑτέρωθεν,
1273 1340 1306 1410 ἢ
1334 1338 1601 1393 ἀνάπαλιν
1622 1356 1636 1369 °
1669 1341 1760 1393 καὶ
1781 1338 1874 1393 οὔ·

296 1452 405 1497 τως
438 1431 591 1497 αὖθις
625 1433 716 1486 ἐπὶ
741 1432 842 1503 τῆς
868 1431 1033 1502 ἄλλης
1064 1431 1325 1500 συζυγίας
1347 1448 1361 1461 ·
1400 1431 1539 1486 ὥστε
1575 1432 1876 1495 άσύστατος

298 1527 395 1580 καὶ
423 1528 456 1599 ἡ
482 1524 592 1578 τῶν
618 1525 885 1595 σωμάτων
927 1525 1122 1595 κρᾶσις
1164 1523 1305 1577 κατὰ
1334 1523 1432 1594 τὴν
1458 1523 1711 1594 τοιαύτην
1746 1523 1876 1577 ὑπό-

299 1616 469 1673 θεσιν.
502 1618 565 1670 Εἰ
592 1616 649 1669 δὲ
679 1615 893 1685 ἐπινοίᾳ
918 1616 1018 1685 τῆς
1053 1613 1253 1677 κακίας
1288 1614 1514 1685 ἀναθείη
1542 1613 1652 1667 τῶν
1680 1614 1876 1667 τεσσά-

298 1726 413 1782 ρων
442 1708 539 1780 τὴν
574 1708 655 1770 είς
687 1705 1034 1776 κατασκευὴν
1064 1703 1301 1776 εὕρεσιν,
1338 1704 1621 1775 σοφωτάτη
1664 1720 1727 1772 γε
1760 1704 1878 1757 λίαν

1976 520 2059 575 rio
2080 520 2443 575 adhibentur:
2480 529 2539 575 ut
2581 522 2718 577 nihil
2766 525 2912 580 aliud
2943 527 3018 582 sit
3047 528 3208 600 ignis,
3252 534 3416 603 quam
3458 540 3546 593 vis

1972 612 2095 683 ejus
2144 612 2213 666 ad
2249 612 2539 679 urendum,
2600 623 2654 668 et
2685 615 2822 669 nihil
2856 617 3006 673 aliud
3044 623 3416 678 necessarium
3476 630 3546 682 sit

1975 706 2213 760 adhunc
2260 720 2419 761 usum
2464 720 2627 774 quam
2681 707 2803 762 hoc.
2848 708 3178 767 Manichzeus
3218 730 3349 770 vero
3390 718 3547 773 valde

1975 798 2244 869 ingratus,
2266 805 2327 853 et
2348 796 2733 853 beneﬁciorum
2765 798 2862 854 Dei
2902 801 3211 871 immemor,
3241 806 3437 878 ignem
3470 811 3549 864 vi-

1970 896 2226 960 tuperat.’
2655 891 2673 909 '

2044 1063 2105 1118 Si
2133 1066 2256 1134 quis
2281 1077 2464 1122 autem
2486 1079 2656 1138 ponat
2690 1082 2929 1141 quatuor
2952 1074 3244 1141 elementa,
3274 1077 3423 1133 sicut
3457 1077 3548 1133 ille

1972 1151 2251 1223 opinatur,
2297 1155 2366 1210 ad
2398 1158 2597 1212 malum
2637 1161 2929 1230 pertinere,
2957 1166 3233 1233 quomodo
3275 1166 3388 1223 haec
3427 1184 3549 1238 quae

1977 1250 2103 1297 sunt
2116 1244 2326 1314 singula
2353 1247 2516 1301 unius
2542 1257 2772 1316 naturae,
2792 1255 3067 1308 contraria
3081 1271 3205 1312 esse
3226 1258 3549 1315 videantur!

1978 1333 2034 1389 Si
2049 1337 2191 1391 enim
2208 1337 2452 1392 calidum
2480 1347 2569 1394 est
2592 1356 2659 1395 ex
2685 1341 2824 1412 ipso,
2844 1343 3100 1415 frigidum
3124 1364 3200 1403 ex
3214 1349 3424 1418 altero;
3454 1363 3548 1407 aut

1976 1437 2186 1493 contra,
2211 1430 2259 1486 si
2306 1429 2565 1502 frigidum
2605 1450 2671 1489 ex
2697 1435 2837 1505 ipso,
2865 1439 3100 1494 calidum
3136 1457 3203 1497 ex
3246 1443 3462 1500 altero:
3492 1454 3547 1500 et

1976 1521 2058 1577 sic
2094 1538 2287 1582 rursus
2314 1526 2369 1581 in
2401 1527 2507 1581 alia
2536 1529 2924 1600 conjugatione
2952 1532 3056 1588 hoc
3080 1532 3547 1609 fundamentopo-

1978 1615 2102 1681 sito,
2136 1617 2320 1673 mistio
2352 1633 2643 1689 corporum
2691 1620 2805 1677 ﬁeri
2836 1637 2946 1677 non
2983 1626 3203 1694 poterit.
3241 1625 3300 1682 Si
3332 1644 3461 1684 vero
3478 1630 3546 1685 ad

1976 1708 2428 1778 excogitationem
2478 1712 2736 1781 nequitiae
2787 1716 2989 1769 referat
3042 1716 3411 1775 inventionem
3447 1737 3545 1776 ex-

300 1802 709 1870 ἀναφανήσεται
754 1800 788 1868 ἡ
832 1796 1033 1866 γνῶσιν
1064 1798 1159 1851 καὶ
1198 1795 1413 1849 σύνεσιν
1460 1795 1535 1866 μὴ
1567 1794 1873 1867 κεκτημένη

1978 1801 2220 1856 struendi
2251 1803 2561 1859 mistionem
2595 1820 2910 1875 corporum,
2940 1809 3345 1879 sapientissima
3378 1828 3547 1883 appa-

300 1891 499 1945 κακίαο
547 1889 623 1953 ὡς
669 1888 763 1942 καὶ
810 1886 904 1940 τοῦ
940 1885 1280 1957 Δημιουργοῦ
1319 1885 1381 1938 τὸ
1438 1885 1691 1956 μέγιστον
1738 1886 1872 1938 ἁπο-

300 1981 563 2053 φέρεσθαι
595 1980 799 2050 θαῦμα,
837 1977 950 2046 εῐγε
996 1977 1201 2031 συνεῖδε
1238 1978 1360 2029 τίνα
1404 1976 1469 2029 ἂν
1499 1976 1698 2047 τρόπον
1740 1978 1873 2029 ὑπο-

304 2077 587 2147 στήσηται.

1976 1892 2117 1946 rebit
2143 1894 2408 1964 nequitia,
2436 1912 2556 1966 quae
2585 1897 2789 1969 alioqui
2839 1902 3209 1971 cognitionem
3242 1911 3298 1958 et
3335 1904 3543 1960 intelli-

1972 1984 2211 2052 gentiam
2239 2000 2348 2039 non
2374 1986 2560 2042 habuit
2586 2006 2600 2055 ;
2631 1990 2704 2043 ita
2734 1999 2792 2045 ut
2827 1994 3118 2048 maximam
3140 1995 3418 2053 Creatoris
3434 1999 3545 2052 lan-

1976 2074 2097 2129 dem
2114 2084 2167 2130 et
2190 2077 2600 2137 admirationem
2627 2083 2798 2150 (erat,
2817 2085 3086 2157 siquidem
3112 2091 3386 2161 cognovit,
3408 2108 3545 2162 quo—

1974 2168 2139 2223 modo
2162 2184 2258 2239 per
2279 2185 2337 2226 se
2362 2172 2654 2229 exsisteret
2675 2177 2881 2243 mistio,
2918 2179 3131 2235 scilicet
3160 2195 3471 2252 corporum.

368 2296 499 2353 Car.
544 2295 731 2350 XXXI.
777 2295 952 2351 Solent
980 2311 1142 2366 usque
1181 2295 1311 2349 adeo
1339 2294 1522 2349 Manes
1552 2295 1797 2360 honorat,
1823 2306 1882 2350 ut
1914 2300 2084 2367 ipsum
2111 2301 2218 2356 Deo
2240 2306 2503 2375 conferat,
2526 2319 2579 2364 et
2599 2326 2667 2364 ea:
2695 2312 2811 2383 ejus
2842 2315 3141 2370 substantia
3161 2333 3273 2372 esse
3308 2317 3471 2373 dicat.

382 2417 598 2488 Ἐπειδὴ
633 2416 690 2470 δὲ
729 2417 878 2489 ἥλιον
924 2417 1197 2489 σεμνύνει,
1245 2417 1339 2470 καὶ
1383 2415 1559 2487 ἀμιγῆ
1600 2411 1759 2481 εῖναι,
1800 2417 1875 2481 ὡς

292 2509 586 2579 ὑπείληφε,
617 2508 711 2562 τοῦ
741 2508 911 2563 κακοῦ
942 2509 1251 2581 διορίζεται,
1279 2509 1410 2579 φέρε
1437 2509 1530 2561 καὶ
1562 2509 1692 2578 περὶ
1724 2508 1875 2579 ἡλίου

301 2600 609 2686 φιλαλήθως
633 2601 934 2672 κατίδωμεν
954 2620 969 2632 ·
1005 2601 1299 2672 ὀφθήσεται
1328 2600 1438 2672 γάρ
1467 2601 1587 2665 ἐνὸς
1616 2601 1724 2654 τῶν
1752 2619 1876 2654 τεσ-

302 2694 485 2764 σάρων
519 2693 792 2763 στοιχείων
821 2692 1101 2764 ὑπάρχων,
1142 2692 1284 2760 λέγω
1315 2692 1378 2765 δὴ
1406 2692 1505 2762 τῆς
1542 2691 1751 2764 θερμῆς
1781 2693 1875 2745 ού-

301 2784 425 2848 σίας
445 2801 459 2816 ο
496 2785 556 2839 οὑ
603 2784 829 2855 βλάπτει
862 2784 959 2854 μὲν
990 2783 1098 2854 γὰρ
1143 2784 1210 2836 τὰ
1238 2783 1591 2854 ὑποκείμενα,
1630 2783 1788 2855 μόνον
1819 2782 1877 2837 δὲ

296 2876 585 2949 θερμαίνει
610 2878 704 2931 καὶ
726 2875 942 2946 ὠφελεῖ,
973 2875 1059 2929 διὰ
1080 2875 1141 2929 τὸ
1165 2876 1413 2929 πλεῖστον
1439 2877 1768 2945 άφεστάναι’
1794 2871 1877 2939 οἷς

291 2968 361 3025 -δὶ
385 2970 547 3024 πλέον
574 2969 942 3041 προσεγγίζει,
972 2970 1118 3023 καίει
1142 2986 1200 3023 τε
1226 2971 1321 3023 καὶ
1347 2971 1538 3038 ἄγονον
1562 2969 1659 3041 τὴν
1693 2969 1876 3024 τοιαύ-

2048 2421 2153 2477 Sed
2184 2425 2312 2495 quia
2341 2428 2516 2483 solem
2558 2430 2812 2497 honorat,
2849 2442 2903 2489 et
2950 2442 3009 2488 ut
3054 2436 3413 2505 existimavit,
3452 2440 3549 2494 de-

1967 2514 2146 2569 cernit
2176 2531 2289 2571 non
2314 2517 2515 2575 habere
2558 2522 2870 2579 mistionem
2911 2526 3062 2589 mali,
3113 2541 3211 2597 age
3262 2528 3547 2587 videamus

1971 2602 2041 2659 de
2072 2604 2188 2661 sole
2204 2621 2306 2676 pro
2345 2609 2529 2664 studio
2585 2612 2871 2669 veritatis:
2925 2615 3200 2672 videbitur
3237 2619 3384 2674 enim
3426 2636 3549 2676 esse

1978 2696 2142 2753 unius
2188 2712 2255 2753 ex
2292 2707 2531 2769 quatuor
2564 2703 2869 2770 elementis,
2917 2707 3257 2774 substantia,
3300 2710 3546 2781 inquam,

1975 2786 2200 2856 calidae;
2224 2803 2335 2843 non
2365 2790 2511 2844 enim
2548 2801 2704 2847 nocet
2733 2795 3017 2865 subjectis,
3063 2795 3158 2851 sed
3196 2796 3371 2852 solum
3401 2799 3547 2855 eale-

1976 2875 2106 2931 facit
2126 2885 2179 2933 et
2194 2878 2368 2949 juvat,
2398 2881 2526 2952 quia
2548 2883 2843 2951 plurimum
2888 2886 3053 2940 distat
3078 2905 3090 2940 :
3119 2887 3319 2957 quibus
3360 2899 3544 2943 autem

1976 2969 2402 3039 appropinquat,
2449 2973 2577 3040 urit,
2623 2982 2678 3028 et
2706 2975 2813 3029 tale
2854 2977 3032 3031 solum
3084 2979 3271 3034 sterile
3319 2979 3543 3037 reddit:

298 3079 403 3135 την
427 3062 531 3131 γῆν
556 3060 927 3128 ἀπεργάζεται
952 3077 965 3089 ·
998 3060 1195 3114 αὐτίκα
1224 3060 1316 3113 καὶ
1342 3059 1532 3129 θέρους
1558 3060 1679 3131 ὥρᾳ
1706 3060 1875 3131 ἄκρα-

1976 3066 2030 3114 et
2062 3062 2117 3114 in
2157 3069 2345 3117 testate
2383 3077 2509 3117 cum
2532 3064 2588 3118 in
2636 3074 2840 3119 terram
2889 3066 3023 3136 jacit
3064 3069 3247 3125 radios
3281 3085 3447 3141 puros
3485 3073 3543 3127 in

294 3173 393 3221 τος
420 3153 738 3227 προσϐαλὼν
765 3157 830 3224 τῇ
860 3157 953 3225 γῇ,
988 3153 1129 3207 κατὰ
1172 3153 1516 3224 μεσημϐρίαν
1544 3152 1716 3214 οὑτως
1748 3152 1875 3223 θερ-

303 3246 487 3319 μαίνει
544 3244 768 3314 ταύτην,
826 3244 967 3297 ὥστε
1024 3244 1295 3314 καυτῆρος
1358 3243 1513 3313 δίκην
1574 3241 1876 3314 ὑποδεδλῆ-

304 3336 429 3392 σθαι
469 3337 645 3390 δοκεῖν
689 3335 952 3405 τοῦδαφος
977 3339 1089 3400 τοῖς
1119 3335 1455 3390 ἐπιϐαίνουσι
1500 3337 1727 3405 γυμνοῖς
1762 3339 1877 3398 τοῖς

301 3428 452 3482 ποσί.

373 3520 640 3585 Πολλάκις
680 3520 738 3573 δὲ
781 3522 874 3573 καὶ
914 3521 979 3590 τῇ
1018 3520 1176 3588 φλογὶ
1202 3520 1266 3589 τῇ
1292 3519 1489 3589 ἡλιακῇ
1534 3518 1877 3590 παραπεσόν-

297 3625 392 3673 τες
416 3610 712 3682 ἄνθρωποι,
745 3609 923 3680 πολλῷ
948 3627 1011 3677 γε
1042 3608 1121 3680 τῷ
1136 3608 1377 3679 καύματι
1404 3608 1789 3679 διεφθάρησαν,
1814 3608 1877 3661 τὸ

300 3701 793 3774 παραμυθούμενον
834 3700 1061 3770 ἐγγύθεν
1105 3701 1179 3771 μὴ
1211 3700 1481 3771 εὑρόντες.
1521 3698 1778 3753 Μελαίνει
1818 3699 1875 3752 δὲ

296 3794 376 3848 τὰ
409 3792 636 3865 σώματα
662 3796 756 3847 καὶ
783 3793 1037 3856 διακαίει,
1075 3791 1259 3860 σαφῶς
1296 3790 1366 3844 τά
1394 3791 1565 3861 πυρδς
1594 3790 1833 3862 ἐνεργῶν
1856 3809 1872 3822 ο

302 3886 504 3957 μᾶλλον
534 3886 589 3939 δὲ
617 3887 788 3958 πυρὸς
814 3886 972 3948 αὐτὸς
1009 3884 1234 3954 γόνιμός
1276 3884 1447 3947 ἐστιν,
1476 3884 1529 3935 εἴ
1553 3899 1635 3945 τις
1670 3884 1729 3936 ὲν
1775 3882 1875 3950 ἀγ-

298 3978 437 4048 γείῳ
469 3977 611 4047 ὕδωρ
649 3977 843 4047 ὑελίνῳ
879 3976 1134 4045 ἄντικρυς
1168 3973 1315 4044 αὐτῷ
1344 3973 1716 4045 προσαγάγοι’
1753 3989 1876 4024 συν-

299 4069 545 4141 αγομένη
571 4068 680 4139 γάρ
702 4067 780 4139 τῷ
804 4068 1013 4134 διαυγεῖ
1041 4063 1135 4118 τοῦ
1162 4082 1222 4118 τε
1251 4064 1443 4128 ὕδατος
1472 4064 1686 4134 καὶτῆς
1718 4063 1872 4116 ὑέλου

299 4165 399 4235 τῆς
441 4163 672 4236 ἡλιακῆς
716 4163 929 4222 ἀκτῖνος
962 4161 995 4231 ἡ
1037 4158 1208 4230 ἀκμὴ,
1239 4158 1333 4211 καὶ
1383 4156 1520 4228 πρὸς
1550 4156 1734 4211 στενὸν
1776 4153 1873 4226 μὲν

299 4253 800 4327 παραπεμπομένη,
842 4250 1247 4323 προσομιλοῦσά
1282 4266 1344 4301 τε
1392 4248 1514 4319 ὕλη,
1551 4248 1747 4319 ῥᾳδίως
1782 4265 1876 4301 πυ-

301 4347 397 4419 ρὸς
439 4345 966 4417 ἀντιλαμϐανομένῃ,
1009 4342 1124 4413 ἅμα
1162 4359 1221 4395 τε
1266 4342 1438 4395 τίκτει
1477 4340 1608 4412 πῦρ,
1637 4340 1731 4393 καὶ
1773 4357 1874 4393 σα-

1978 3151 2221 3217 meridie,
2253 3167 2426 3222 usque
2453 3153 2591 3209 adeo
2620 3170 2741 3210 eam
2771 3156 3043 3221 calefacit,
3084 3168 3143 3213 ut
3174 3163 3542 3230 pavimentum

1977 3240 2141 3297 nudis
2176 3242 2408 3311 pedibus
2430 3246 2770 3315 suppositum
2807 3247 2986 3302 instar
3013 3250 3248 3306 incendii
3276 3254 3369 3307 sit.

2044 3511 2204 3583 Stepe
2227 3518 2412 3568 autem
2441 3511 2696 3569 homines
2730 3513 2786 3569 in
2814 3514 3089 3571 ﬂammam
3122 3518 3255 3573 solis
3294 3518 3542 3573 inciden—

1974 3613 2059 3660 tes
2083 3605 2250 3661 nimio
2277 3614 2413 3662 azstu
2446 3607 2790 3673 interierunt,
2812 3623 2921 3663 non
2960 3609 3179 3665 invento
3205 3625 3375 3681 prope
3394 3614 3541 3682 quod

1975 3698 2346 3770 refrigeraret.
2380 3699 2557 3755 Edicit
2577 3708 2759 3756 autem
2801 3701 2958 3771 nigra
2980 3715 3218 3772 corpora
3243 3710 3300 3758 et
3336 3704 3539 3772 adurit,

1976 3791 2220 3862 facitque
2242 3792 2423 3862 plane,
2458 3793 2606 3863 quod
2652 3792 2796 3864 ignis
2836 3793 3016 3859 solet;
3054 3793 3166 3848 imo
3213 3794 3331 3866 ipse
3362 3795 3541 3866 ignem

1975 3882 2208 3938 fecunde
2246 3890 2489 3953 generat,
2521 3885 2569 3941 si
2596 3886 2723 3955 quis
2748 3898 2944 3954 aquam
2976 3885 3030 3939 in
3064 3899 3195 3939 vase
3234 3888 3408 3943 vitreo
3439 3888 3541 3942 sali

1977 3974 2207 4030 adverso
2230 3973 2549 4043 admoveat;
2587 3976 2671 4031 vis
2698 3976 2845 4030 enim
2878 3974 3020 4029 radii
3068 3975 3202 4029 solis
3230 3976 3410 4031 lucido
3451 3978 3545 4030 illo

1976 4075 2130 4130 aqua;
2166 4069 2221 4115 et
2265 4061 2390 4116 vitri
2424 4070 2613 4118 coacta
2657 4072 2711 4119 et
2760 4061 3027 4127 conferta,
3066 4071 3230 4134 atque
3274 4065 3331 4118 in
3370 4078 3543 4135 angu—

1977 4156 2120 4202 stum
2171 4148 2394 4218 quidem
2439 4152 2767 4207 transmissa
2812 4163 2867 4207 et
2897 4153 3156 4222 adjuncta
3187 4154 3428 4209 materia:
3462 4154 3542 4208 ia-

1974 4239 2079 4295 cile
2107 4241 2287 4311 ignem
2316 4242 2668 4314 concipienti,
2693 4244 2857 4299 simul
2880 4245 3024 4315 parit
3042 4246 3221 4317 ignem
3241 4264 3262 4313 ;
3280 4256 3335 4302 et
3360 4260 3544 4316 aperte

1974 4331 2171 4389 suadet
2204 4349 2317 4389 non
2346 4337 2549 4392 volenti
2579 4338 2930 4403 contendere,
2961 4354 3084 4395 esse
3116 4339 3337 4408 quidem
3371 4341 3545 4395 solem

302 4438 421 4507 φῶς
465 4437 641 4490 πείθει
670 4436 760 4491 τὸν
807 4436 881 4507 μὴ
922 4436 1245 4505 φιλονεικεῖν
1277 4433 1550 4495 ἐθέλοντα,
1589 4434 1666 4497 ὠς
1703 4434 1873 4505 πυρὸς

1976 4421 2215 4493 speciem
2255 4424 2420 4495 ignis,
2459 4440 2527 4480 ex
2563 4426 2822 4495 operibus
2855 4441 2986 4481 vero
3027 4425 3328 4495 splendidis
3369 4426 3543 4495 ipsius

303 4526 442 4593 εἶδος
491 4529 589 4599 μέν
646 4530 791 4581 ἐστιν
821 4531 849 4581 ὁ
902 4528 1075 4598 ἥλιος,
1120 4526 1229 4579 τῶν
1272 4526 1328 4579 δὲ
1370 4529 1471 4597 τῆς
1520 4526 1875 4597 δημιουργίας

300 4619 574 4691 λαμπρῶν
616 4619 792 4692 ἔργων
838 4618 868 4670 ό
910 4617 1161 4690 πρῶτοςο
1210 4616 1399 4686 ἐπειδὴ
1441 4614 1535 4668 καὶ
1570 4614 1663 4668 τοῦ
1703 4615 1876 4687 πυρὸς

302 4715 339 4783 ἡ
362 4711 524 4781 φύσις
549 4710 804 4764 ἁπάντων
832 4726 896 4777 γε
929 4709 994 4763 ἂν
1027 4708 1271 4781 εὑρεθείη
1306 4706 1681 4777 λαμπροτέρα.

374 4803 597 4858 Πάντων
625 4801 733 4872 γὰρ
774 4801 882 4853 τῶν
926 4800 1101 4855 ἄλλων
1146 4798 1421 4869 στοιχείων
1454 4798 1603 4852 κάτω
1643 4799 1848 4869 φερομί

303 4913 430 4962 νων,
465 4895 526 4947 τὸ
565 4894 675 4966 πῦρ
704 4895 863 4965 μόνον
902 4897 1013 4957 τοῖς
1056 4893 1153 4963 μὲν
1180 4895 1434 4954 καυστοῖς
1475 4890 1733 4962 ἑπιπηδᾷ,
1766 4891 1876 4945 ἄνω

300 4988 359 5042 δὲ
383 4986 452 5039 τὰ
480 4986 657 5040 πάντα
682 4984 779 5055 τὴν
806 4985 1030 5055 πορείαν
1056 4984 1188 5054 ἔχει,
1224 4984 1512 5053 λεπτότητι
1555 4982 1878 5050 κουφιζόμε-

304 5096 416 5144 νον,
442 5078 537 5131 καὶ
560 5077 722 5130 αὐτόν
751 5094 813 5144 γε
839 5077 929 5129 τὸν
955 5077 1089 5147 ἀέρα
1131 5075 1428 5146 βαρύτατον
1451 5073 1769 5145 ἀπελέγχον,
1799 5071 1876 5144 τῷ

304 5186 368 5237 γε
427 5167 776 5242 ὑπερϐαίνειν
822 5168 980 5221 αὑτόν
1003 5183 1016 5196 ’
1061 5168 1136 5230 ὡς
1180 5168 1280 5220 καὶ
1320 5167 1511 5220 τούτου
1555 5164 1876 5234 λεπτότερον

302 5261 699 5330 διαφαίνεσθαι,
734 5259 1023 5331 συγγενείᾳ
1059 5263 1125 5330 τῇ
1169 5260 1304 5333 πρὸς
1338 5258 1426 5312 τὸν
1454 5258 1627 5329 ἥλιον.
1680 5256 1739 5308 '0
1771 5254 1878 5307 τοί-

303 5369 402 5409 νυν
430 5354 619 5424 Μάνης
649 5351 964 5415 ἐκθειάζων,
996 5352 1071 5414 ὡς
1104 5352 1204 5421 τῆς
1229 5351 1443 5422 φύσεως
1461 5350 1591 5404 ὂντα
1621 5349 1717 5403 τοῦ
1742 5350 1878 5417 ἀγα-

304 5444 400 5500 θοῦ
429 5446 518 5499 τὸν
551 5445 724 5516 ἣλιον,
764 5443 1063 5497 κινδυνεύει
1112 5443 1387 5515 πυροειδῆ,
1442 5443 1639 5513 μᾶλλον
1679 5441 1737 5494 δὲ
1780 5456 1876 5494 σα-

306 5536 424 5606 φῶς
451 5536 688 5590 τοιοῦτον
734 5535 798 5606 δή
834 5552 953 5586 τινα
999 5533 1090 5586 τὸν
1131 5533 1333 5601 ἀγαθὸν
1383 5535 1642 5602 εἰσάγειν.
1688 5534 1875 5597 Ἥλιος

304 5630 415 5701 γάρ
459 5629 559 5699 τῆς
608 5627 815 5698 θερμῆς
864 5626 1124 5697 ὑπάρχων
1170 5625 1376 5690 οὐσίας,
1421 5628 1487 5697 τῇ
1521 5626 1666 5679 θέσει
1707 5625 1876 5697 πυρὸς

303 5718 581 5791 διαφέρει·
606 5722 671 5789 τῇ
699 5717 946 5788 ἐνεργείᾳ
977 5717 1139 5770 ταὺτὸ
1171 5716 1290 5787 δρᾷ,
1317 5720 1368 5770 εἰ
1412 5718 1492 5789 μὴ
1525 5718 1623 5787 τῆς
1660 5717 1875 5770 διαστά-

630 5810 899 5870 PATBOL.
935 5806 1055 5867 Gn.
1108 5808 1338 5868 XVIII.

1974 4516 2271 4571 creationis
2317 4517 2496 4586 ipsum
2548 4517 2806 4586 primum,
2857 4516 3128 4585 siquidem
3172 4525 3367 4570 natura
3404 4515 3544 4587 ignis

1976 4608 2315 4679 splendidior
2348 4616 2434 4664 est
2459 4608 2736 4663 omnibus.

2046 4789 2180 4845 Cum
2234 4789 2382 4845 enim
2433 4788 2616 4843 omnia
2662 4789 2766 4842 alia
2818 4788 3085 4844 elementa
3152 4787 3409 4844 deorsum
3462 4788 3543 4843 fe-

1975 4889 2194 4945 rantur,
2231 4881 2381 4936 solus
2415 4880 2555 4951 ignis
2578 4881 2634 4933 in
2667 4895 2729 4935 ea
2760 4879 2977 4949 quidem
2996 4893 3117 4950 quae
3140 4879 3391 4933 comburi
3414 4893 3543 4949 pos-

1976 4983 2127 5037 sunt,
2159 4972 2405 5037 insultat,
2422 4988 2644 5028 sursum
2668 4988 2799 5027 vero
2820 4986 2983 5042 supra
3015 4970 3197 5026 omnia
3219 4969 3391 5025 fertur
3412 4970 3543 5025 levi-

1977 5074 2081 5121 tate
2103 5081 2223 5131 sua,
2244 5080 2535 5135 acremque
2558 5065 2735 5135 ipsum
2760 5063 3037 5119 convincit
3066 5063 3370 5135 graviorem
3396 5077 3541 5127 esse,

1976 5161 2103 5230 quia
2134 5175 2301 5229 supra
2330 5175 2453 5214 eum
2479 5159 2536 5212 in
2564 5159 2798 5214 sublime
2836 5158 3029 5224 fertur,
3073 5165 3132 5212 ut
3176 5155 3427 5212 subtilior
3467 5164 3543 5209 te-

1978 5254 2248 5323 nuiorque
2277 5259 2535 5322 appareat
2575 5266 2745 5321 quam
2775 5265 2867 5305 aer
2901 5256 3126 5321 propter
3162 5247 3541 5318 cognationem

1972 5357 2100 5398 cum
2126 5343 2260 5398 sole.
2286 5340 2441 5397 Unde
2464 5341 2792 5396 Manieliaeus
2809 5356 2936 5395 cum
2961 5341 3130 5396 solem
3156 5338 3543 5395 facitdivinum

1974 5444 2235 5505 tanquam
2274 5450 2342 5489 ex
2370 5442 2564 5489 natura
2593 5433 2742 5499 boni,
2784 5432 3000 5487 videtur
3042 5431 3273 5488 similem
3318 5430 3429 5501 igni
3458 5429 3544 5481 ia-

1976 5543 2123 5591 cere,
2150 5528 2258 5582 imo
2280 5528 2442 5582 talem
2480 5526 2792 5597 quemdam,
2832 5525 3009 5595 qualis
3042 5533 3131 5579 est
3158 5521 3323 5593 ignis,
3370 5521 3546 5575 intro-

1977 5620 2148 5676 ducit.
2174 5618 2268 5674 Sol
2313 5618 2459 5674 enim
2504 5618 2823 5673 substantiae
2850 5615 3062 5681 calidae,
3111 5616 3181 5670 ab
3211 5615 3335 5685 igne
3365 5611 3544 5667 din‘en

1977 5715 2045 5784 τῇ
2078 5712 2220 5766 Θέσει
2243 5729 2258 5778 ;
2282 5710 2565 5768 efﬁcientia
2597 5725 2727 5765 vero
2762 5709 2905 5763 idem
2935 5717 3212 5777 operatur,
3250 5704 3357 5760 nisi
3398 5718 3545 5758 men-

3229 5800 3308 5860 38
