4116 6332
597 270 740 330 £195
1728 270 1862 323 TlTl
1904 267 2138 325 BOSTRI

2241 264 2326 323 SIS
2364 262 2666 319 EPISCOPI
3701 261 3728 312 1
3747 260 3846 315 l96

595 401 725 443 aura
761 383 1031 440 distantia:
1059 396 1146 437 'ea
1165 398 1288 454 qua
1333 389 1460 438 sunt
1509 383 1780 454 Opposita,
1830 400 1860 438 a
1904 384 2138 438 validiori

2269 398 2402 443 σεως
2423 380 2482 432 τὸ
2511 379 2704 450 μέτρον
2727 375 2972 447 ὲξῃρεῖτο
2996 375 3062 428 τὰ
3087 373 3462 446 παρακείμενα
3485 374 3584 446 τῆς
3612 375 3848 447 ἀκμαιο-

592 478 739 552 iactu
791 478 1068 532 radiorum
1115 474 1390 531 defendat.
1429 475 1684 541 Quinimo
1727 477 1983 530 omnibus
2042 477 2132 530 ani

2259 474 2422 542 τέρας
2466 469 2628 523 αὑτοῦ
2678 467 3002 540 προσϐολῆς.
3044 466 3205 518 Ἀλλὰ
3245 466 3351 538 μὴν
3380 466 3484 519 κᾶν
3523 469 3636 530 τοῖς
3671 471 3842 522 πᾶσιν

598 572 868 627 mantibus
907 579 962 626 et
1005 570 1269 640 stirpibus
1323 582 1526 623 nocens
1578 567 2006 630 existimaretur,
2049 568 2138 621 nis

2259 562 2540 625 ἐπίϐουλος
2569 559 2824 629 ἐνομίσθη
2848 557 3006 622 ζώοις
3028 574 3086 610 τε
3117 559 3209 611 καὶ
3251 560 3457 626 φυτοῖς,
3503 559 3554 610 εί
3595 558 3672 630 μὴ
3715 577 3846 630 συγ.

596 665 756 720 simul
786 664 889 717 alia
918 678 1059 716 cum
1100 677 1166 717 eo
1211 660 1508 716 fabricator
1559 657 1750 712 mundi
1782 658 1850 711 ad
1896 657 2138 712 auxiliun

2258 657 2678 732 κατεσκευάσθη
2712 673 2775 724 γε
2805 653 2954 724 αύτῷ
2991 653 3140 724 παρὰ
3165 652 3258 706 τοῦ
3308 651 3649 722 Δημιουργοῦ
3700 651 3842 722 πρὸς

595 759 831 821 fecisset,
859 771 978 825 qua:
1011 756 1218 810 faciunt
1243 770 1312 809 ne
1358 752 1517 808 nobis
1547 761 1601 806 et
1629 752 1754 806 aliis
1788 751 2138 806 animantibus

2256 750 2572 820 ἐπικουρίαν
2598 748 2780 818 ἕτερα,
2805 746 2870 798 δι’
2897 739 2972 800 ὧν
3011 745 3074 798 τὸ
3106 744 3242 815 πρὸς
3263 743 3412 814 ἥλιον
3433 743 3680 812 ἀσφαλὲς
3703 745 3840 814 ἡμῖν

592 857 819 916 noceat;
857 849 970 902 haec
1004 855 1185 901 autem
1224 853 1352 902 sunt
1387 845 1610 899 latibula
1656 852 1712 899 et
1743 851 1924 910 tecta;
1976 844 2155 912 stirpi-

591 939 694 996 bus
722 954 852 995 vero
882 953 1033 1009 aqua}
1067 946 1194 993 sunt
1223 937 1428 992 auxilio
1461 944 1515 991 et
1547 935 1703 992 ﬂatus
1738 944 2045 992 ventorum.

655 1120 835 1186 Quare
860 1119 954 1190 qui
983 1117 1246 1173 deﬁniunt
1278 1131 1401 1172 esse
1427 1115 1678 1187 quintum
1707 1115 2033 1170 elementum
2067 1128 2154 1169 so-

589 1212 713 1276 lem,
749 1226 818 1266 ne
848 1218 1038 1265 contra
1067 1225 1131 1264 ea
1161 1223 1282 1280 qua:
1309 1210 1453 1263 clara
1486 1215 1632 1272 sunt,
1678 1207 2024 1262 centensiosc
2047 1207 2152 1263 dis-

587 1311 813 1372 putent;
859 1316 960 1358 nec
1011 1301 1123 1355 ulla
1166 1299 1300 1355 ﬁdes
1341 1299 1602 1353 habeatur
1637 1297 1931 1352 Manichaeo
1979 1299 2151 1353 scele-

588 1394 830 1450 stissimo
858 1401 913 1448 et
947 1393 1001 1446 in
1029 1391 1196 1446 Deum
1215 1391 1552 1460 blasphemo,
1585 1390 1677 1460 qui
1707 1391 1874 1444 solem
1898 1405 2020 1445 cum
2042 1389 2150 1444 Deo

585 1485 819 1549 confert,
865 1492 919 1539 et
961 1500 1026 1538 ex
1083 1483 1388 1538 substantia
1438 1482 1559 1552 eius
1610 1497 1734 1536 esse
1775 1482 1926 1536 dicit.
1978 1481 2149 1538 Omne

586 1577 730 1630 enim
765 1575 912 1647 quod
954 1575 1056 1632 sub
1115 1582 1391 1644 aspectum
1426 1574 1592 1638 cadit,
1635 1590 1760 1628 cum
1813 1575 1884 1630 sit
1923 1589 2144 1644 corpus,

587 1673 783 1721 natura
806 1667 1116 1737 oppositum
1151 1675 1234 1720 est
1271 1663 1652 1735 inaspectabili
1697 1672 1750 1718 et
1785 1665 2143 1736 incorporeo;

2253 857 2314 893 τε
2358 843 2452 896 καὶ
2484 843 2595 904 τοῖς
2626 839 2807 902 ἄλλοις
2837 837 3070 907 ὑπάρχει
3095 852 3108 865 ·
3142 835 3256 888 ἐστι
3293 834 3349 887 δὲ
3391 834 3565 886 ταῦτα
3599 832 3840 886 καταδύ-

2257 951 2368 997 σεις
2397 950 2454 986 τε
2483 931 2578 985 καὶ
2608 931 2827 992 σκέπαι,
2869 927 3006 1001 πρὸς
3047 927 3105 980 δὲ
3155 927 3246 980 xui
3286 928 3472 995 φυτοῖς
3517 924 3733 979 ὑδάτων
3780 942 3845 977 τι

2253 1025 2504 1097 χορηγίαι
2534 1024 2629 1077 xui
2662 1021 2880 1093 ἀνέμων
2903 1020 3082 1074 πνοαί.

2328 1118 2486 1169 Ὥστε
2519 1117 2613 1168 καὶ
2656 1117 2705 1167 oi.
2750 1114 2998 1184 πέμπτον
3047 1114 3306 1182 στοιχεῖον
3345 1109 3654 1181 ὁριζόμενοι
3698 1106 3842 1162 εἶναι

2251 1207 2342 1261 τὸν
2364 1207 2535 1277 ἣλιον,
2561 1206 2696 1276 πρός
2720 1221 2784 1274 γε
2817 1205 2884 1258 τὰ
2913 1204 3057 1274 σαφῆ
3091 1201 3166 1273 μὴ
3189 1199 3656 1270 φιλονεικούντων,
3681 1201 3840 1262 ὲς....

2251 1299 2344 1352 xui
2370 1297 2541 1361 οὕτως
2575 1297 2734 1360 αὐτὸς
2763 1297 2791 1349 ὁ
2821 1292 3178 1366 χαλεπώτατα
3211 1293 3421 1362 μανεὶς,
3443 1292 3531 1345 τὸν
3561 1290 3676 1344 τῶν
3699 1291 3839 1344 ὅλων

2247 1389 2584 1461 Δημιουργὸν
2626 1385 2983 1458 βλασφημῶν,
3031 1385 3228 1454 ἥκιστα
3293 1382 3625 1435 πιστευέσθω
3683 1382 3840 1452 ἥλιον

2252 1482 2554 1552 συγκρίνων
2583 1480 2722 1550 Θεῷ,
2760 1480 2852 1533 καὶ
2883 1481 2946 1532 ἐκ
2990 1477 3090 1548 τῆς
3125 1476 3311 1539 ούσίας
3355 1474 3515 1530 αὑτοῦ
3559 1475 3743 1544 λέγων
3770 1471 3844 1527 εἷ-

2248 1590 2336 1626 ναι
2368 1572 2588 1626 τοῦτον·
2633 1574 2740 1625 πᾶν
2779 1572 2886 1642 γάρ
2935 1569 3147 1642 ὁρατὸν,
3193 1568 3286 1621 ἆτε
3324 1567 3388 1638 δὴ
3427 1567 3586 1638 σῶμα
3625 1567 3844 1636 τυγχά-

2249 1683 2361 1729 νον,
2393 1665 2769 1718 ἀντιτέτακται
2812 1662 2970 1732 φύσει
3013 1661 3090 1733 τῷ
3123 1661 3338 1732 ἀοράτῳ
3376 1660 3472 1712 xui
3511 1659 3835 1729 ἀσωμάτῳ’

585 1760 743 1828 cujus
774 1729 909 1829 opus
939 1773 1062 1814 esse
1089 1765 1287 1827 potest,
1322 1764 1376 1812 et
1395 1729 1636 1827 quidem
1680 1771 1817 1826 opus
1851 1729 2008 1812 valde
2046 1729 2138 1811 mi;

2251 1750 2313 1810 οὗ
2357 1757 2515 1828 ἔργον
2560 1757 2659 1828 μὲν
2705 1729 2844 1810 εἶναι
2895 1729 3136 1819 δύναται,
3184 1729 3277 1806 καὶ
3310 1729 3468 1822 μάλα
3510 1768 3575 1819 γε
3621 1750 3840 1822 θαυμά-

585 1852 773 1916 rabile,
817 1850 1226 1907 similitudinem
1268 1863 1396 1904 vero
1443 1857 1651 1904 natura:
1687 1850 1891 1904 nullam
1951 1850 2150 1906 habere

583 1953 779 2016 potest.

655 2035 819 2091 Valde
848 2033 1061 2090 diﬂicile
1098 2043 1243 2090 esset
1284 2050 1626 2103 enumerare,
1671 2050 2008 2106 quaecunque
2045 2036 2150 2090 im-

582 2129 672 2199 pia
697 2128 787 2182 hic
816 2127 1014 2198 planus
1033 2128 1190 2182 libris
1227 2128 1342 2184 suis
1375 2129 1636 2195 inseruit;
1662 2129 1976 2198 vituperans
2003 2129 2147 2183 enim

579 2233 669 2273 res
715 2233 904 2273 omnes
947 2226 1204 2288 tanquam
1258 2219 1453 2282 malas,
1516 2219 1729 2274 fructus
1777 2219 1937 2274 etiam
1990 2227 2148 2276 terra:

583 2321 840 2380 tanquam
876 2309 1137 2364 nutritios
1171 2312 1413 2366 materia:
1434 2320 1658 2366 accusat
1688 2329 1700 2364 :
1729 2326 1792 2366 ac
1827 2312 1995 2368 solem
2027 2313 2148 2383 qui-

579 2402 702 2456 dem
735 2401 1059 2466 admiratur,
1092 2409 1147 2455 et
1163 2416 1226 2456 ex
1262 2403 1404 2457 bono
1421 2419 1542 2458 esse
1564 2403 1809 2458 decernit
1834 2422 1848 2470 ;
1873 2419 1994 2474 quae
2017 2419 2146 2461 vero

579 2489 675 2544 alit
704 2491 906 2554 calore,
927 2491 1125 2560 stirpes
1150 2491 1272 2546 dico
1289 2500 1343 2547 et
1366 2493 1596 2555 semina,
1621 2507 1730 2547 non
1765 2494 1931 2563 pudet
1955 2495 2147 2550 acerbe

576 2581 909 2649 vituperare,
945 2595 1064 2649 quae
1094 2580 1314 2650 quidem
1345 2583 1463 2637 sine
1494 2583 1609 2637 sole
1639 2581 1732 2652 qui
1763 2597 1794 2636 a
1827 2582 1938 2638 Deo
1968 2583 2145 2640 factus

577 2678 680 2734 est,
719 2671 942 2726 omnino
974 2687 1081 2726 non
1122 2675 1502 2729 consisterent.
1537 2672 1688 2728 Sicut
1723 2675 1865 2730 enim
1897 2676 2031 2729 nihil
2057 2675 2148 2745 ju-

575 2771 729 2818 varet
771 2764 874 2826 sol,
908 2765 1016 2819 nisi
1050 2765 1252 2822 imbres
1305 2766 1529 2822 arbores
1560 2765 1852 2836 irrigarent
1898 2775 1952 2822 et
1984 2768 2144 2824 utiles

573 2857 722 2911 venti
751 2855 1076 2925 perflarent:
1107 2859 1188 2914 sic
1225 2859 1428 2914 imbres
1465 2865 1518 2914 et
1555 2859 1659 2913 alia
1693 2859 1812 2915 sine
1858 2858 1971 2915 sole
2007 2859 2145 2915 nihil

572 2947 846 3020 iuvarent.

2252 1865 2364 1901 σιον
2393 1847 2572 1919 ἔργον,
2614 1847 2908 1919 ὁμοιότητα
2947 1845 3004 1900 δὲ
3041 1845 3256 1915 φύσεως
3303 1843 3439 1916 πρὸς
3478 1843 3643 1896 αὑτὸν
3683 1845 3835 1897 οὐδε-

2253 1941 2376 2011 μίαν
2408 1941 2572 2011 ἔχειν.

2321 2034 2459 2086 Ὅσα
2487 2035 2584 2104 μὲν
2603 2029 2696 2088 οῦν
2723 2035 2752 2087 ὀ
2778 2033 2976 2097 πλάνος
3002 2032 3302 2088 ἐντέθεικεν
3335 2031 3505 2102 ἀσεϐῆ
3540 2033 3654 2094 τοῖς
3678 2032 3831 2095 ἰδίοις

2251 2126 2666 2197 συγγράμμασι,
2705 2127 2838 2180 πολὺ
2867 2125 2932 2180 ἀν
2958 2125 3114 2197 ἔργον
3133 2124 3220 2196 εἴη
3241 2122 3603 2196 καταριθμεῖν
3621 2143 3635 2155 ⁸
3668 2124 3831 2177 λοιδο-

2252 2219 2506 2290 ρούμενος
2538 2217 2646 2290 γὰρ
2675 2221 2787 2282 τοῖς
2817 2213 2966 2271 οὖσιν
2996 2217 3196 2272 ἆπασιν
3221 2215 3296 2280 ὡς
3328 2221 3540 2282 κακοῖς,
3574 2217 3672 2270 xui
3699 2218 3827 2278 τοὺς

2247 2314 2492 2385 καρποὺς
2520 2315 2644 2376 τοὺς
2676 2313 2782 2366 ἀπὸ
2803 2313 2904 2383 γῆς
2930 2313 3045 2383 ἅμα
3069 2311 3360 2375 διαϐάλλει,
3393 2312 3469 2376 ὼς
3497 2312 3826 2384 θρεπτικοίις

2245 2405 2342 2475 τῆς
2381 2403 2512 2475 ὕλης
2537 2422 2549 2434 ⁸
2583 2405 2676 2457 xui
2705 2404 2853 2474 ἥλιον
2889 2404 2986 2475 μὲν
3017 2401 3448 2474 ύπερθαυμάζει,
3492 2404 3590 2456 καὶ
3631 2403 3698 2456 ὲκ
3731 2401 3828 2455 τοῦ

2245 2493 2450 2563 ἀγαθοῦ
2493 2511 2558 2563 γε
2597 2490 2756 2558 εἶναι,
2800 2493 2874 2558 ὥς
2905 2511 3057 2565 φησι,
3103 2493 3429 2565 διορίζεται·
3462 2494 3498 2548 ἀ
3540 2494 3598 2547 δὲ
3635 2496 3829 2566 τρέφει

2247 2585 2551 2656 θερμαίνων
2583 2587 2725 2656 φυτά
2738 2604 2796 2640 τε
2823 2589 2918 2640 καὶ
2945 2588 3253 2657 σπέρματα,
3283 2587 3498 2659 πικρῶς
3517 2591 3620 2642 οὐκ
3637 2589 3830 2664 giari-

2245 2694 2392 2731 νεται
2429 2677 2686 2742 κακίζων,
2722 2678 2863 2751 άπερ
2893 2679 2992 2731 οὐκ
3023 2679 3087 2734 ἂν
3115 2681 3342 2750 συνέστη
3367 2680 3650 2743 παντελῶς
3671 2681 3828 2752 ἡλίου

2243 2767 2363 2840 δίχα
2415 2769 2550 2840 πρὸς
2599 2767 2732 2822 Θεοῦ
2781 2769 3166 2841 γεγενημένου.
3222 2771 3310 2833 Ὠς
3393 2771 3503 2842 γὰρ
3548 2772 3702 2823 οὐδὲν
3753 2771 3831 2825 ἂν

2246 2859 2451 2930 ὤνησεν
2492 2859 2660 2930 ἥλιος,
2704 2861 2753 2913 εί
2803 2861 2877 2931 μὴ
2925 2861 3146 2933 ὄμϐρων
3188 2861 3413 2932 ἦρδευον
3459 2862 3706 2933 χορηγίαι
3747 2863 3828 2916 τὰ

2246 2948 2410 3018 φυτὰ,
2432 2949 2527 3002 xui
2546 2948 2759 3020 ἀνέμων
2781 2949 2947 3021 ῶφελί
2954 2967 3069 3020 μων
3090 2949 3394 3005 διεσάλευον
3426 2952 3578 3004 πνοαί
3597 2968 3610 2981 '
3639 2951 3827 3016 οὕτως

2249 3039 2314 3093 ἂν
2343 3040 2538 3113 ὄμϐροι
2573 3041 2667 3096 καὶ
2703 3041 2770 3096 τά
2813 3042 2946 3096 ἄλλα
2972 3042 3120 3114 ἡλίου
3154 3044 3276 3114 δίχα
3312 3045 3591 3116 ὠφέλησεν
3619 3045 3684 3098 ἂν
3726 3045 3827 3099 ού-

2249 3133 2355 3189 δέν.

1323 3255 1450 3311 CAP.
1491 3255 1706 3312 XXXII.
1742 3256 1947 3315 Imbres
1979 3262 2278 3321 utilissimi.
2312 3266 2389 3322 De
2415 3267 2494 3323 his
2521 3268 2751 3325 Manetis
2782 3273 3063 3325 sententia.

644 3373 736 3427 llle
766 3371 932 3443 igitur
962 3370 1126 3425 etiam
1156 3370 1246 3425 hic
1289 3371 1641 3428 vehementer
1680 3389 1866 3430 secum
1907 3386 2137 3448 pugnat,

573 3477 845 3520 accusans
873 3461 1135 3533 graviter,
1177 3469 1232 3516 et
1273 3461 1341 3516 ad
1383 3464 1683 3534 nequitiam
1739 3465 1985 3524 referens
2027 3469 2142 3525 fru-

572 3564 694 3610 ctus
720 3563 879 3609 terra:
900 3569 930 3607 a
953 3553 1069 3608 sole
1099 3552 1340 3622 alioquin
1361 3564 1577 3621 auctos,
1595 3571 1757 3626 quem
1785 3557 1944 3614 valde
1960 3560 2140 3616 admi-

571 3654 726 3702 ratur
757 3655 813 3700 et
855 3645 1107 3698 honorat.
1151 3642 1358 3699 Imbres
1394 3645 1528 3702 dicit
1569 3663 1692 3705 esse
1725 3649 2142 3719 superfluentias

573 3736 865 3807 praesidum
896 3734 1155 3798 materiae,
1186 3736 1279 3806 qui
1301 3751 1364 3792 ex
1390 3752 1574 3794 amore
1604 3740 1852 3796 laborant
1879 3741 2141 3799 adversus

571 3835 870 3898 putestates
912 3825 1072 3880 boni:
1119 3826 1212 3896 qui
1277 3841 1400 3881 cum
1449 3831 1526 3884 ita
1584 3831 1853 3895 laborent,
1907 3835 2135 3891 sudores

569 3933 760 3973 eorum
794 3932 916 3974 esse
949 3915 1158 3984 deﬁnit,
1194 3917 1249 3970 id
1276 3917 1420 3988 quod
1455 3919 1513 3974 in
1557 3921 1659 3985 eis,
1699 3929 1757 3976 ut
1792 3923 1906 3992 ipse
1956 3931 2134 3995 putat,

569 4009 809 4066 abundat
838 4018 894 4066 et
917 4009 1220 4081 superﬂuit.

640 4102 843 4158 Nititur
869 4104 1032 4158 etiam
1062 4103 1280 4165 docere,
1317 4119 1756 4173 supervacaneos
1778 4121 1899 4161 esse
1933 4106 2138 4162 imbres

567 4199 625 4252 in
646 4211 796 4252 mare
837 4203 892 4251 et
941 4197 996 4249 in
1034 4196 1152 4249 loca
1189 4196 1305 4251 sola
1342 4203 1414 4260 ,et
1451 4211 1571 4265 quae
1621 4211 1731 4250 non
1775 4195 2134 4262 seminantur,

567 4284 881 4352 (afﬂuentes;
929 4291 1190 4355 tanquam
1245 4284 1527 4339 advenerit
1576 4284 1645 4338 ad
1699 4287 2133 4341 ratiocinandum

2314 3385 2437 3456 Ἆρ’
2479 3381 2572 3440 οὖν
2607 3388 2809 3449 ἐκεῖνος
2859 3389 3093 3460 ἰσχυρῶς
3143 3387 3321 3460 ἑαυτῷ
3371 3390 3466 3443 καὶ
3513 3384 3614 3445 ὧδε
3652 3393 3818 3465 μάχε-

2239 3493 2349 3539 ται,
2392 3478 2606 3550 πικρῶς
2651 3479 2950 3533 διαϐάλλων
3005 3482 3087 3543 είς
3130 3479 3327 3534 κακίαν
3374 3481 3504 3546 τοὺς
3557 3484 3667 3536 ἀπὸ
3711 3487 3813 3556 γῆς

2241 3571 2506 3642 καρποὺς,
2547 3570 2635 3624 διά
2665 3571 2814 3643 ἡλίου
2847 3588 2910 3639 γε
2957 3571 3376 3645 αὐξανομένους,
3410 3574 3472 3627 ὃν
3505 3576 3648 3629 πάνυ
3687 3577 3813 3629 θαυ-

2245 3661 2402 3731 μάζει
2429 3663 2522 3716 xui
2550 3665 2703 3734 τιμᾷ.
2737 3665 2873 3728 Τοὺς
2913 3663 2969 3716 δὲ
3007 3664 3245 3736 ὄμϐρους
3290 3665 3646 3735 περιττὼσεις
3674 3663 3820 3722 εἶναι.

2240 3750 2432 3819 λέγων,
2463 3752 2555 3807 xui
2591 3752 2998 3825 τῶνάρχόντων
3020 3757 3116 3827 τῆς
3149 3755 3280 3827 ὕλης
3303 3757 3653 3828 ὲρωτιῶντων
3677 3759 3813 3834 πρὸς

2239 3842 2337 3906 τὰς
2370 3844 2461 3896 τοῦ
2503 3845 2706 3912 ἀγαθοῦ
2743 3846 3023 3917 δυνάμεις·
3059 3849 3156 3901 xui
3198 3847 3342 3902 οὔτω
3377 3849 3440 3920 δὴ
3472 3852 3811 3921 καμνόντων,

2244 3935 2470 4004 ἱδρῶτας
2499 3937 2693 4001 αὐτοὺς
2731 3934 2867 3991 εἶναι
2905 3939 3270 4010 διοριζόμενος
3309 3941 3370 3994 τὸ
3404 3944 3675 4012 παρέλκον
3713 3945 3814 3998 αύ-

2240 4025 2368 4092 τῶν,
2401 4027 2476 4091 ὼς
2507 4028 2670 4090 αὐτὸς
2699 4029 2888 4084 οἴεται.

2306 4117 2416 4170 Καὶ
2458 4117 2519 4169 τὸ
2552 4119 2802 4190 περιττὸν
2844 4121 3099 4192 πειρᾶται
3139 4121 3434 4187 δεικνύναι,
3468 4124 3530 4176 τὸ
3576 4126 3670 4177 xui
3710 4126 3811 4196 τὴν

2238 4207 2504 4261 θάλατταν
2553 4209 2647 4262 xui
2679 4211 2778 4281 τὴν
2828 4210 3030 4283 ἔρημόν
3070 4229 3130 4265 τε
3177 4215 3272 4266 καὶ
3316 4212 3555 4285 ἄσπορον
3597 4214 3808 4280 ὕεσθαι,

2237 4299 2422 4370 ὥσπερ
2445 4317 2532 4362 τις
2577 4301 2807 4372 ἀκριϐὴς
2839 4301 3094 4374 λογιστὴς
3136 4303 3278 4357 κατὰ
3321 4303 3456 4358 Θεοῦ
3498 4304 3807 4377 παρελθὼν,

567 4379 857 4448 diligenter
884 4385 1075 4432 contra
1099 4376 1287 4442 Deum,
1319 4378 1479 4448 quasi
1515 4377 1720 4433 frustra
1749 4387 1803 4434 ct
1828 4378 2049 4449 profuse
2068 4395 2131 4435 ac

2241 4391 2307 4453 ὡς
2342 4391 2518 4462 μάτην
2549 4393 2640 4444 xui
2670 4392 2890 4457 ἀσώτως
2919 4394 3299 4458 ἀναλίσκοντος
3327 4395 3434 4448 τῶν
3472 4396 3682 4448 ὑδάτων
3707 4399 3809 4466 τὴν

566 4468 792 4538 prodige
830 4484 1000 4539 aquas
1031 4477 1339 4534 consumat,
1361 4469 1456 4540 qui
1494 4485 1604 4540 prae
1645 4485 1859 4524 summa
1897 4471 2132 4526 amentia

565 4572 677 4613 non
709 4558 877 4624 videt,
905 4558 1035 4628 quid
1068 4556 1236 4612 Deum
1269 4557 1478 4612 deceat.
1507 4555 1663 4623 Quod
1703 4555 1749 4612 si
1788 4555 1929 4612 Deus
1973 4557 2132 4627 inops

567 4665 830 4722 aquarum
854 4660 1021 4714 esset,
1061 4650 1263 4706 faceret
1304 4649 1590 4719 diligenter
1622 4655 1680 4702 ut
1729 4649 2132 4704 accommodate

566 4743 634 4796 ad
669 4757 826 4798 usum
851 4749 905 4796 et
927 4742 1310 4796 necessitatem
1343 4740 1645 4795 efﬂuerent.
1681 4737 1788 4794 Sed
1819 4741 1947 4810 quia
1975 4741 2130 4798 dives

564 4841 670 4897 est,
704 4841 757 4888 et
792 4841 902 4887 tam
928 4833 1101 4896 dives,
1129 4840 1397 4903 quantum
1440 4846 1604 4886 nemo
1645 4833 1894 4887 oratione
1938 4848 2132 4890 conse-

565 4928 655 4998 qui
685 4935 878 4997 potest,
904 4927 1017 4980 baac
1053 4927 1166 4996 ipsa
1198 4925 1481 4979 abundans
1499 4925 1760 4979 imbrium
1793 4924 2012 4980 elIluxio
2033 4926 2130 4980 de-

563 5026 833 5072 monstrat
857 5033 1003 5072 mare
1019 5033 1086 5072 ex
1117 5032 1225 5086 quo
1257 5031 1410 5085 aqua;
1439 5015 1494 5068 in
1525 5031 1704 5071 aerem
1741 5015 2012 5081 feruntur,
2033 5032 2129 5087 per

564 5109 1026 5180 imbresirrigare.
1063 5108 1308 5163 Solitudo
1333 5101 1462 5162 ve'ro
1499 5114 1551 5163 et
1589 5108 1743 5162 locus
1776 5109 1871 5178 qui
1896 5126 2003 5163 non
2034 5125 2128 5164 ex-

563 5201 696 5271 cipit
722 5215 928 5264 semen,
955 5200 1265 5254 necessario
1301 5199 1538 5269 pluviam
1571 5201 1774 5270 accipit
1807 5200 1876 5255 ad
1923 5216 2127 5270 suppe-

559 5293 842 5348 ditandum
887 5293 1148 5358 fontibus,
1189 5301 1242 5349 et
1281 5294 1576 5364 aliquando
1621 5295 1725 5349 iter
1773 5294 2123 5361 facientibus,

559 5396 621 5441 ut
649 5387 925 5441 inveniant
947 5401 1120 5456 aquas
1157 5387 1436 5442 collectas.
1461 5386 1705 5458 Denique
1743 5395 1803 5442 ut
1847 5397 1992 5442 terra
2027 5403 2124 5442 ex-

561 5495 687 5549 pers
723 5482 918 5551 pluvia
950 5483 1064 5537 sole
1108 5481 1344 5549 arderet,
1382 5497 1494 5537 non
1533 5483 1806 5551 sancivit;
1857 5491 1917 5538 ut
1952 5483 2124 5552 pluri-

560 5587 710 5625 mum
737 5575 882 5628 enim
907 5583 998 5628 aut
1029 5589 1148 5644 pen.
1175 5573 1419 5638 (lumina,
1469 5584 1563 5629 aut
1606 5590 1703 5645 per
1744 5575 1945 5630 imbres
1999 5575 2125 5628 uni-

561 5679 718 5722 versa
749 5673 894 5720 terra
915 5683 1090 5723 rorem
1118 5667 1272 5724 εἰ)ρο
1300 5667 1512 5737 accipit.

2231 4482 2603 4556 παρασκευὴν,
2656 4483 2722 4536 δι’
2772 4485 3076 4556 ἀκροτάτην
3103 4485 3287 4540 ἄνοιαν
3325 4487 3386 4539 τὸ
3431 4487 3640 4560 πρέπον
3687 4487 3808 4558 Θεῷ

2235 4575 2307 4646 μὴ
2343 4573 2573 4644 βλέπων.
2628 4576 2734 4642 Ὦς,
2763 4579 2810 4629 εί
2847 4577 2945 4648 μὲν
2987 4577 3263 4649 ἐπτώχευε
3303 4581 3415 4642 τοῖς
3443 4579 3599 4633 ῦδασι
3649 4580 3807 4644 Θεὸς.

2229 4667 2428 4740 ἀκριϐῆ
2457 4670 2551 4722 xui
2572 4672 2638 4740 τῇ
2679 4669 2837 4742 χρείᾳ
2871 4670 3181 4744 σύμμετρον
3210 4675 3443 4725 ἐποιεῖτο
3471 4674 3677 4727 τούτων
3707 4675 3808 4744 τὴν

2230 4758 2466 4811 ἐπίδοσιν
2485 4775 2498 4789 ·
2539 4759 2725 4830 ἐπειδὴ
2757 4758 2816 4811 δὲ
2847 4759 3086 4826 πλουτεῖ,
3124 4761 3216 4814 καὶ
3244 4761 3366 4814 ὅσον
3400 4777 3461 4830 γε
3495 4762 3596 4814 οὐκ
3624 4762 3693 4814 ἄν
3719 4778 3806 4826 τις

2230 4851 2403 4902 εἰπεῖν
2429 4847 2664 4914 δύναιτο,
2706 4851 2836 4904 αύτό
2870 4867 2932 4920 γε
2960 4851 3116 4904 τοῦτο
3145 4851 3207 4903 τὸ
3235 4850 3464 4920 ἄφθονον
3488 4852 3589 4922 τῆς
3626 4869 3809 4925 παρα-

2231 4939 2428 5010 σκευῆς
2466 4939 2725 5004 δείκνυσι,
2765 4940 2828 4993 τὸ
2859 4941 2952 4994 καὶ
2990 4940 3276 5006 θάλατταν,
3310 4943 3401 5011 ἀφ’
3439 4937 3505 5014 ἦς
3537 4942 3807 5012 ἀνακομίο
3841 5000 3846 5004 ν

2229 5030 2310 5094 ζει
2355 5030 2490 5102 πρὸς
2535 5031 2674 5102 ἀέρα
2719 5032 2789 5084 τά
2841 5031 3023 5094 ὕδατα,
3061 5031 3150 5084 διὰ
3197 5033 3373 5100 νεφῶν
3421 5032 3688 5103 ἀρδεύειν.
3739 5034 3802 5087 Ἡ

2226 5121 2282 5174 δὲ
2319 5120 2520 5192 ἔρημός
2540 5139 2600 5182 τε
2635 5121 2726 5174 xui
2754 5122 2990 5192 ἄσπορος
3022 5122 3333 5190 ἀναγκαίως
3359 5122 3510 5175 ὕεται
3539 5125 3678 5194 πρὸς
3707 5142 3790 5195 χει

2230 5215 2425 5286 ρηγίαν
2471 5213 2661 5286 πηγῶν
2684 5231 2696 5242 ·
2739 5215 2853 5266 ἔστι
2894 5213 2951 5266 δὲ
2983 5214 3069 5267 ὅτε
3102 5215 3335 5279 καὶτοῖς
3372 5215 3684 5286 παριοῦσιν,
3724 5218 3801 5280 ὡς

2228 5306 2295 5360 ἂν
2338 5307 2433 5358 καὶ
2477 5305 2630 5358 αύτοί
2686 5322 2748 5373 γε
2789 5303 2996 5375 εὕροιεν
3034 5304 3241 5359 ὑδάτων
3294 5309 3636 5378 συστήματα.
3689 5309 3800 5362 Καὶ

2226 5398 2362 5462 ὅλως
2399 5398 2628 5469 ἄϐροχον
2661 5397 2765 5468 γῆν
2795 5398 2927 5469 ἡλίῳ
2959 5399 3250 5468 φλέγεσθαι
3286 5399 3444 5470 μόνον
3483 5399 3546 5453 οὔ
3577 5417 3798 5470 νενομο-

2228 5489 2452 5558 θέτηκεν
2481 5489 2558 5551 ὡς
2601 5489 2692 5541 ἐπὶ
2727 5488 2787 5541 τὸ
2823 5487 2959 5542 πολύ
2979 5506 2990 5520 ⁸
3029 5491 3061 5558 ἡ
3094 5489 3199 5561 γὰρ
3224 5489 3311 5541 διὰ
3346 5488 3609 5558 ποταμῶν
3639 5489 3674 5559 ἢ
3704 5491 3797 5560 ὄμ-

2227 5579 2371 5649 ϐρων
2403 5579 2588 5635 ἅπασα
2613 5580 2682 5651 γῆ
2716 5580 2847 5652 πρὸς
2877 5581 3009 5635 Θεοῦ
3035 5581 3236 5643 νοτίδος
3264 5579 3545 5633 ἀπολαύει.
