4116 6332
346 304 493 393 1197³

1420 330 1783 389 ADVERSUS
1837 330 2257 388 MANICIUEOS
2294 332 2420 390 LIB.
2464 331 2527 386 ll.

3445 336 3582 392 M98

416 428 539 483 Εἴτε
573 428 751 481 τοίνυν
783 427 857 498 μὴ
895 426 1095 497 βρέχοι,
1129 426 1415 499 πρόχειρος
1449 427 1529 490 είς
1563 426 1906 497 βλασφημίαν

2088 424 2213 480 Sive
2229 426 2400 494 igitur
2432 441 2539 479 non
2582 424 2753 495 pluat,
2804 432 3002 495 pra-sto
3028 434 3113 481 est
3161 424 3491 484 Manichzus
3530 439 3586 487 et

342 524 371 575 ὁ
402 519 561 589 ἀνὴρ.
594 517 687 571 καὶ
714 518 763 569 οἱ
792 517 850 579 ἐξ
882 515 1090 568 ἐκείνου
1109 534 1121 545 ’
1153 516 1259 568 εἴτε
1288 516 1490 588 βρέχοι,
1519 517 1618 570 οὐκ
1644 516 1917 587 ἀναχωρεῖ

343 611 436 664 τοῦ
470 612 645 681 μάτην
690 608 965 661 αἰτιᾶσθαι
1009 607 1105 661 καὶ
1142 608 1446 661 διαϐάλλειν
1478 608 1609 661 Θεὸν
1637 625 1650 637 ο
1696 607 1798 661 κᾶν
1827 605 1917 678 ἀρ⁹

339 717 431 753 τον
456 701 535 761 είς
556 701 746 769 χεῖρας
772 696 1029 759 λάϐωσιν,
1058 698 1296 769 ἀρῶνται
1322 699 1533 770 πρῶτον
1558 698 1607 751 οἱ
1630 698 1727 769 τῆς
1753 696 1915 767 βλασ-

341 790 554 863 φημίας
594 788 853 860 μαθηταὶ,
884 789 976 842 καὶ
1008 788 1181 853 οὑτως
1228 790 1607 860 ἐμπιπλῶνται
1642 792 1691 843 οί
1732 790 1916 860 ἀχάριο

342 899 456 934 στοι
479 898 494 911 ο
533 882 627 935 καὶ
682 880 781 951 τῆς
826 881 1185 951 δημιουργίας
1225 881 1436 944 οὐδενὸς
1475 882 1535 934 τὸ
1574 876 1736 951 ἦττον
1780 882 1917 934 ἀπο-

338 973 615 1037 λαύοντες,
652 972 942 1043 ἡκόνηνται
974 973 1124 1040 μόνοι
1156 975 1277 1026 κατ’
1308 972 1607 1044 αύτῆςιτὴν
1645 971 1909 1042 γλῶτταν,

343 1065 544 1135 μᾶλλον
598 1064 654 1117 δὲ
707 1064 849 1118 κατὰ
904 1064 999 1117 τοῦ
1046 1064 1402 1135 πεποιηκότος
1440 1066 1643 1136 αὑτήν·
1696 1064 1791 1118 καὶ
1836 1064 1911 1127 ὡς

339 1157 574 1229 ἔχθιστοι
600 1156 692 1210 τοῦ
719 1154 852 1209 Θεοῦ
879 1156 1163 1227 μετέχουσι
1188 1172 1202 1186 θ
1227 1157 1321 1211 καὶ
1352 1157 1489 1228 πρὸς
1516 1157 1644 1210 αύτό
1668 1173 1730 1225 γε
1752 1155 1911 1210 τοῦτο

339 1249 789 1318 ἀγανακτοῦντες,
829 1249 909 1302 ὅτι
938 1248 1046 1301 τῶν
1070 1251 1133 1301 ἐκ
1158 1248 1256 1318 τῆς
1288 1248 1645 1321 δημιουργίας
1672 1251 1728 1303 ὲν
1751 1249 1909 1320 χρείᾳ

338 1342 729 1415 καθεστήκασι.

2016 518 2108 589 qui
2148 533 2274 572 eum
2320 524 2622 579 sectantur,
2674 517 2744 570 ad
2804 516 3200 587 blasphemiam
3252 515 3579 577 Judaicam:

2018 611 2134 663 sive
2165 608 2335 678 pluat,
2366 623 2475 661 non
2505 607 2705 662 desinit
2742 607 2980 663 inaniter
3015 623 3275 665 accusare
3309 618 3363 665 et
3398 627 3584 682 repre-

2020 700 2258 756 hendere
2302 698 2471 755 Deum
2496 719 2508 753 :
2533 707 2587 754 et
2611 714 2809 770 panem
2850 700 2896 754 si
2921 701 2975 753 in
3019 716 3216 756 manus
3254 702 3321 755 ad
3361 718 3585 763 vescen-

2016 793 2146 847 dum
2187 799 2425 856 sumant,
2460 790 2695 861 primum
2727 789 2985 860 discipuli
3020 792 3371 863 blasphemiae
3412 794 3583 849 Deum

2020 882 2324 938 maledictis
2354 882 2717 944 insectantur,
2758 890 2923 952 atque
2952 883 3025 936 ita
3050 882 3248 953 ingrati
3280 887 3584 951 satiantur;

2018 984 2073 1030 et
2095 974 2252 1043 quasi
2281 974 2417 1029 nihil
2446 974 2657 1028 fructus
2688 989 2754 1029 ex
2776 984 3029 1029 creatura
3071 976 3437 1047 perciperent,
3482 979 3584 1033 lin-

2018 1084 2179 1139 guam
2206 1068 2306 1123 soli
2336 1067 2391 1121 in
2423 1082 2542 1122 eam
2573 1079 2860 1132 acuerunt.
2888 1070 2997 1125 imo
3037 1070 3092 1124 in
3118 1080 3399 1128 auctorem
3427 1075 3581 1145 ejus;

2017 1169 2070 1215 et
2097 1170 2356 1229 tanquam
2388 1158 2757 1214 inimicissimi
2792 1158 2907 1224 Dei,
2946 1177 3009 1217 ea
3046 1180 3165 1233 qua:
3210 1174 3336 1219 sunt
3379 1174 3582 1231 creata,

2015 1252 2366 1323 participant,
2382 1250 2547 1321 idque
2586 1260 2990 1317 succensentcs,
3027 1254 3172 1324 quod
3199 1255 3281 1310 eis
3320 1257 3580 1329 indigent.

1247 1479 1377 1535 Car.
1421 1478 1657 1535 XXXIII.
1696 1478 2006 1535 Procreatio
2031 1476 2316 1532 liberorum
2344 1472 2661 1528 necessaria.

408 1617 520 1688 Τήν
548 1634 605 1669 τε
638 1617 980 1686 παιδογονίαν
1012 1617 1339 1689 ὑϐρίζοντες,
1375 1618 1472 1683 τὰς
1504 1618 1679 1689 μίξεις
1725 1618 1906 1680 αὑτοῖς

334 1702 465 1756 ἄνευ
500 1720 562 1772 γε
588 1702 792 1773 ταύτης
818 1704 1130 1775 συμϐαίνειν
1159 1705 1314 1777 (ιδ’),
1346 1707 1519 1761 δοῦλοί
1543 1725 1606 1777 γε
1635 1708 1787 1770 ὄντες
1807 1707 1907 1777 τῆς

2083 1608 2523 1664 Procreationem
2572 1605 2869 1659 liberorum
2924 1606 3319 1662 contumeliose
3369 1608 3585 1682 vitupe-

2012 1707 2158 1763 rant,
2208 1698 2469 1760 volentes,
2519 1682 2578 1748 ul
2625 1707 2856 1764 corpora
2893 1694 3009 1749 sine
3055 1710 3119 1750 ea
3165 1698 3577 1758 miscerentur;

336 1797 642 1862 ἀναγκαίας
670 1798 918 1867 διαδοχῆς
940 1798 1074 1871 πρὸς
1094 1798 1227 1852 Θεοῦ
1260 1801 1776 1872 νενομοθετημένης,
1795 1801 1906 1854 ἀλλ’

2012 1791 2104 1862 qui
2161 1790 2302 1844 servi
2351 1786 2571 1860 quidem
2610 1794 2738 1841 sunt
2779 1788 3103 1842 necessariae
3148 1792 3518 1851 successionis
3550 1811 3581 1849 a

334 1887 397 1940 οὐ
422 1888 522 1958 τῆς
550 1889 761 1959 ἡδονῆςο
793 1889 974 1960 ἐχθροί
1008 1906 1071 1959 γε
1102 1890 1172 1943 τά
1209 1890 1386 1945 πάντα
1414 1891 1512 1961 τῆς
1557 1891 1789 1963 ἀληθοῦς
1818 1892 1909 1945 καὶ

335 1979 562 2049 γνησίας
590 1980 790 2050 ἀρετῆς
820 1983 912 2033 καὶ
936 1981 1035 2053 τῆς
1062 1982 1336 2045 εὑσεϐείας
1358 1982 1529 2046 ὄντες,
1560 1982 1746 2055 ῶσπερ
1771 1986 1909 2036 αἰτι-

333 2055 534 2141 ώμενοι
584 2071 646 2123 τὸ
698 2068 923 2134 ἀείζωον
970 2071 1064 2125 τοῦ
1104 2071 1213 2126 τῶν
1253 2064 1554 2144 ἀνθρώπων
1576 2074 1785 2142 γένους,
1816 2074 1910 2126 καὶ

335 2160 649 2232 βουλόμενοι
673 2161 836 2215 αὑτοῦ
864 2179 965 2216 που
990 2164 1178 2235 στῆναι
1198 2164 1289 2218 τὸν
1321 2164 1519 2235 δρόμον
1545 2164 1647 2235 τῆς
1674 2164 1904 2233 φύσεως·

331 2250 747 2321 νομοθετοῦντες
779 2253 858 2325 τῷ
901 2254 1018 2325 Θεῷ
1049 2256 1142 2308 καὶ
1180 2255 1614 2324 ἀγανακτοῦντες
1643 2256 1779 2327 πρὸς
1809 2256 1910 2328 τὴν

329 2339 663 2414 ἀγαθότητα,
710 2343 778 2396 δι’
827 2344 893 2415 ἣν
936 2344 1272 2411 ἀνεξικάκως
1298 2344 1410 2417 ἔχει
1440 2345 1576 2417 πρὸς
1603 2346 1703 2418 τὴν
1732 2345 1911 2400 αὑτῶν

331 2431 706 2504 βλασφημίαν.

403 2524 658 2593 Καίτοιγε
705 2526 794 2579 διὰ
843 2528 1001 2582 τοῦτο
1052 2529 1252 2600 φυσική
1297 2545 1382 2593 τις
1433 2528 1750 2581 ἐνέστακται
1797 2530 1911 2592 τοῖς

332 2612 551 2686 σώμασι
583 2617 783 2686 μίξεως
821 2618 1018 2690 δρεξις,
1053 2618 1129 2683 ὡς
1172 2618 1367 2691 μικροῦ
1409 2620 1625 2692 ἀνάγκη
1659 2619 1767 2673 τῶν
1808 2619 1911 2690 τῆς

331 2704 549 2773 φύσεως
594 2709 904 2779 κινημάτων
946 2708 1205 2780 φέρεσθαι
1254 2711 1323 2764 τά
1368 2709 1482 2775 ζῶα
1513 2711 1648 2782 πρὸς
1676 2709 1773 2781 τὴν
1811 2711 1911 2781 τῆς

330 2796 580 2869 διαδοχῆς
626 2800 917 2871 ἐργασίαν,
964 2801 1375 2875 ὑπερϐαλλούσῃ
1433 2801 1523 2856 τοῦ
1564 2801 1908 2873 Δημιουργοῦ

335 2890 497 2960 σοφίᾳ
527 2891 803 2943 καὶτοῦτο
834 2891 1017 2956 θέντος
1040 2909 1053 2923 ο
1090 2893 1276 2963 ἐπειδὴ
1328 2893 1436 2964 γὰρ
1489 2892 1760 2965 μοχθηραὶ
1811 2894 1907 2963 μὲν

328 2980 576 3047 γυναιξὶν
615 2984 670 3034 αί
710 2981 918 3049 ὠδῖνες,
953 2983 1219 3055 μοχθηραὶ
1251 2984 1308 3037 δὲ
1348 2985 1571 3056 ἀνδράσι
1599 3002 1660 3037 τε
1690 2986 1784 3037 καὶ
1808 3002 1906 3052 γυ-

329 3071 474 3135 ναιξὶ
495 3070 600 3122 τῶν
625 3072 959 3142 γιγνομένων
989 3076 1045 3127 αἱ
1067 3077 1387 3147 ἀνατροφαὶ,
1409 3078 1693 3145 ἀναγκαῖοι
1711 3078 1765 3130 δὲ
1788 3078 1907 3131 λίαν

2014 1882 2123 1937 Deo
2148 1884 2392 1945 sancitte,
2427 1880 2523 1935 sed
2547 1894 2653 1933 non
2684 1879 3009 1949 voluptatis;
3035 1881 3243 1935 inimici
3268 1893 3449 1939 autem
3484 1902 3582 1957 per

2011 1974 2196 2026 omnia
2240 1988 2381 2027 verae
2422 1981 2477 2027 et
2518 1987 2789 2041 germanae
2825 1972 3045 2028 virtutis
3088 1989 3151 2028 ac
3180 1976 3424 2046 pietatis,
3457 1986 3582 2034 tan-

2012 2080 2175 2135 quam
2253 2074 2578 2120 accusantes
2646 2063 2868 2118 humani
2946 2066 3159 2135 generis
3245 2071 3580 2139 perpetuita-

2010 2165 2142 2219 tem,
2195 2167 2248 2212 et
2294 2157 2539 2212 volentes
2586 2156 2787 2210 alicubi
2840 2156 3037 2212 sistere
3083 2173 3403 2227 processum
3459 2163 3579 2233 ejus

2010 2247 2354 2310 naturalem,
2412 2245 2724 2302 sancientes
2787 2244 2959 2313 legem
3017 2245 3165 2311 Deo,
3225 2257 3279 2303 et
3344 2251 3578 2305 bonitati

2011 2333 2131 2403 ejus
2166 2342 2577 2400 succcnsentes,
2605 2349 2711 2407 qua
2740 2347 2930 2387 eorum
2951 2334 3345 2406 blasphemiam
3366 2341 3579 2411 patien-

2009 2432 2092 2478 ter
2117 2424 2330 2478 tolerat.
3462 2446 3465 2449 ‘

2081 2515 2219 2570 Cum
2270 2516 2474 2587 alioqui
2523 2519 2793 2574 naturalis
2838 2517 3061 2589 quidam
3121 2520 3395 2589 appetitus
3446 2535 3587 2576 cono

2009 2610 2229 2665 cubitus
2273 2611 2344 2666 ob
2382 2626 2503 2667 eam
2533 2626 2754 2669 causam
2797 2612 3123 2683 corporibus
3151 2614 3483 2669 constitutus
3525 2625 3581 2671 et

2009 2703 2299 2757 ordinatus
2348 2711 2454 2767 est,
2511 2710 2573 2758 ut
2611 2705 2867 2759 animalia
2921 2704 3036 2760 fere
3085 2707 3413 2761 necessitate
3461 2722 3580 2763 mo—

2009 2802 2162 2848 tuum
2215 2804 2424 2848 natura:
2472 2794 2553 2848 ad'
2579 2795 2916 2851 eﬂieiendam
2952 2798 3355 2852 successionem
3394 2796 3581 2853 feran-

2013 2894 2123 2952 tur,
2173 2886 2440 2957 sapientia
2480 2886 2694 2941 intinita
2727 2886 3004 2942 Creatoris
3046 2889 3138 2958 qui
3176 2888 3281 2943 hoc
3336 2891 3528 2944 statuit
3562 2906 3578 2945 :

2011 2978 2211 3031 etenim
2258 2978 2387 3047 quia
2441 2977 2700 3031 laboriosi
2750 2988 2878 3033 sunt
2923 2987 3112 3048 partus
3159 2980 3473 3044 muliebres.
3502 2974 3581 3033 Ia-

2017 3065 2250 3121 boriosa:
2297 3066 2426 3120 item
2467 3065 2601 3122 viris
2639 3074 2693 3121 et
2734 3065 2953 3121 feminis
2983 3066 3339 3122 educationes
3376 3066 3580 3123 libero-

326 3160 386 3211 αί
411 3158 649 3229 διαδοχαί
669 3177 682 3189 ·
716 3162 748 3231 ἡ
778 3162 874 3231 μὲν
898 3161 1076 3232 ὄρεξις
1105 3165 1343 3232 φυσικῶς
1384 3168 1630 3232 κινεῖται,
1663 3172 1755 3220 καὶ
1784 3169 1906 3239 τρό-

2013 3172 2160 3221 rum,
2195 3156 2350 3212 valde
2380 3164 2563 3211 autem
2593 3156 2921 3211 necessariae
2952 3157 3334 3212 successiones
3367 3174 3382 3222 ;
3414 3172 3579 3227 appe-

326 3266 431 3302 ττον
456 3250 576 3302 τινὰ
601 3249 863 3319 βιάζεται,
893 3254 921 3305 ὁ
965 3253 1020 3304 δὲ
1062 3252 1313 3325 λογισμὸς
1362 3254 1524 3318 ὁσίως
1549 3255 1762 3326 δέχεται
1793 3258 1903 3328 (47)

328 3340 784 3411 προύργιαιτέραν
810 3340 908 3411 τῆς
941 3341 1131 3413 ἡδονῆς
1174 3344 1441 3397 ποιεῖσθαι
1489 3346 1587 3416 τὴν
1628 3345 1903 3419 διαδοχήνς

329 3433 424 3484 καὶ
466 3432 703 3496 ἀναίτιος
733 3432 842 3486 τῶν
871 3435 1135 3504 σωμάτων
1191 3439 1224 3506 ή
1278 3437 1460 3509 ἡδονὴ,
1507 3438 1621 3508 εἴγε
1664 3439 1905 3512 λογισμῷ

331 3523 426 3574 καὶ
458 3524 606 3594 νόμῳ
634 3523 727 3576 τοῦ
764 3527 1085 3596 ποιήσαντος
1112 3527 1452 3600 ἀκολουθοίη.

400 3701 463 3752 Οἱ
487 3699 541 3753 δὲ
566 3700 663 3771 τὴν
697 3701 1166 3773 ηδονην-πολλάκις
1195 3703 1567 3775 καρπούμενοι
1589 3703 1651 3757 τὸ
1680 3706 1776 3759 ἀπ’
1808 3706 1905 3758 αύ-

328 3791 429 3861 τῆς
456 3790 612 3863 ἔργον
648 3794 957 3862 ἀναγκαίως
988 3795 1233 3865 μισοῦσι*
1264 3796 1357 3849 καὶ
1399 3797 1749 3868 παρεγγυῶσι
1774 3798 1904 3869 παρ’

327 3885 586 3954 ἀγγελίαν
605 3888 721 3950 ταῖς
735 3890 1100 3960 ἐπαγομέναις
1127 3891 1519 3962 ὲφαλλομέναις
1549 3894 1906 3963 μαγγανείαις

327 3978 429 4041 τὰς
488 3978 777 4050 συλλήψεις
806 3981 1004 4035 κλείειν
1042 4000 1103 4035 τε
1140 3984 1234 4037 καὶ
1279 3984 1512 4055 ῥίπτειν,
1561 3986 1653 4037 καὶ
1685 3987 1809 4048 τοὺς
1847 3987 1905 4037 ἐν

326 4071 447 4144 ῶρᾳ
472 4072 663 4136 τόκους
699 4074 773 4146 μὴ
807 4075 1115 4145 ἀναμένειν,
1136 4076 1211 4140 ὡς
1241 4076 1429 4129 τούτου
1458 4095 1523 4146 γε
1553 4077 1712 4148 μόνου
1732 4077 1904 4130 δεινοῦ

327 4165 422 4216 καὶ
470 4164 724 4234 χαλεποῦ·
759 4168 1113 4237 τυγχάνοντες
1156 4168 1339 4241 ἐχθροὶ
1391 4170 1489 4240 τῆς
1523 4170 1736 4238 φύσεως
1779 4173 1905 4241 ἐγη-

324 4256 602 4327 γερμένοι,
645 4256 842 4327 μᾶλλον
871 4257 928 4309 δὲ
978 4257 1070 4311 τοῦ
1119 4258 1324 4329 ταύτην
1377 4257 1900 4330 δημιουργήσαντος,

327 4347 419 4398 καὶ
470 4347 665 4416 μανίαν
699 4347 837 4401 κατά
872 4347 1023 4401 τοῦδε
1051 4347 1142 4401 τοῦ
1176 4349 1375 4411 παντὸς
1407 4348 1758 4419 ἐκμαθόντεςο
1793 4350 1903 4402 Καὶ

323 4439 412 4494 διὰ
465 4441 536 4507 τί,
586 4441 770 4510 φασὶν,
814 4442 1106 4512 ἐνυπάρχει
1146 4444 1257 4505 τοῖς
1302 4441 1547 4513 σώμασιν
1574 4446 1608 4514 ὴ
1638 4442 1773 4514 πρὸς
1802 4442 1902 4507 τὰς

328 4534 502 4607 μίξεις
545 4534 701 4588 ἐπιθυ
709 4535 807 4604 μία
824 4552 837 4599 ;

399 4652 523 4715 Πῶς
556 4652 602 4706 δ’
628 4650 692 4705 ἂν
720 4650 923 4720 ὑπέστη
956 4651 1054 4721 τῆς
1084 4653 1141 4703 ὲν
1171 4650 1326 4722 μέρει
1357 4667 1421 4720 γε
1458 4653 1810 4724 σωφροσύνης
1837 4652 1898 4706 τὸ

324 4746 518 4807 κάλλος
557 4746 614 4797 ἐν
646 4743 971 4815 ἀνθρώποις,
1007 4744 1055 4796 εἰ
1094 4744 1168 4814 μὴ
1194 4741 1356 4811 φύσει
1389 4744 1486 4813 μὲν
1514 4740 1582 4815 ἦν
1623 4744 1681 4797 τὸ
1724 4745 1908 4816 ἐρεθί·-

323 4840 438 4903 ζον,
476 4835 677 4906 λογικῷ
718 4835 775 4889 δὲ
804 4835 1196 4906 κατεχόμενον;
1220 4834 1323 4888 ποῦ
1366 4835 1412 4888 δ’
1440 4834 1505 4889 ἂν
1533 4830 1600 4906 ἧν
1634 4836 1900 4906 παρθενία

323 4928 476 5000 παρὰ
520 4926 784 4996 γυναιξὶν,
824 4927 856 4999 ἢ
906 4929 1033 4998 παρ’
1071 4926 1330 4999 ἀνδράσιν
1379 4926 1748 4997 ἀπειρογαμία
1800 4928 1896 4999 τὴν

323 5019 505 5090 κοινὴν
541 5019 891 5091 σωφροσύνην
923 5019 1417 5092 παρευδοκιμοῦσα,
1440 5021 1488 5072 εί
1522 5021 1595 5089 μὴ
1621 5018 1895 5091 λογισμὸς,

322 5111 417 5163 καὶ
440 5110 500 5162 τὸ
532 5110 667 5180 πρὸς
693 5109 1002 5181 ἁγιωσύνην
1027 5110 1245 5181 φίλτρον
1266 5105 1445 5179 εἷχενς
1479 5109 1506 5161 ὅ
1524 5124 1587 5175 γε
1606 5110 1718 5172 τοῖς
1743 5124 1899 5177 φυσι-

322 5205 441 5266 κοῖς
475 5201 864 5275 προσπαλαῖον,
898 5201 1224 5274 νικηφόρους
1264 5198 1535 5264 ἀναδείξει
1557 5199 1683 5263 τοὺς
1718 5199 1898 5262 καλῶς

321 5297 421 5369 την
454 5296 690 5367 ἔμφυτον
715 5294 1007 5365 ἐπιθυμίαν
1045 5293 1395 5365 βιαζομένους
1417 5334 1431 5359 ,
1467 5293 1527 5347 οὑ
1572 5293 1708 5364 πρὸς
1740 5291 1896 5364 ὓϐριν

320 5386 424 5458 τῆς
485 5387 718 5457 φύσεως,
773 5385 910 5440 ἀλλά
952 5383 1087 5455 πρὸς
1123 5384 1353 5456 ἀσκησιν
1386 5382 1679 5455 καρτερίας
1713 5398 1770 5436 τε
1801 5382 1895 5435 καὶ

323 5480 653 5552 ἁγιωσύνης.

395 5656 530 5730 (46')
560 5657 931 5730 ξυμϐαίνειν.
985 5654 1165 5730 Monet
1216 5654 1536 5730 Basnagius
1564 5652 1653 5709 hic
1697 5653 1888 5710 deesse

320 5724 550 5787 verbum
577 5727 842 5795 θέλουσιν,
876 5727 1041 5800 quod.
1054 5727 1253 5798 legisse
1274 5726 1489 5783 videtur
1524 5724 1812 5796 interpres.

2009 3252 2144 3306 titus
2193 3249 2413 3320 quidem
2471 3248 2797 3303 naturaliter
2853 3256 3033 3303 movet
3080 3256 3134 3303 et
3176 3248 3579 3317 quodammodo

2008 3343 2119 3397 vim
2183 3341 2428 3407 adhibet,
2496 3340 2639 3395 ratio
2693 3349 2874 3394 autem
2936 3347 3127 3393 sancte
3184 3338 3579 3394 demonstravit

2007 3432 2456 3504 praestabiliorem
2480 3446 2602 3486 esse
2632 3431 3036 3485 successionem
3064 3431 3337 3501 voluptate
3361 3450 3375 3498 ;
3407 3440 3459 3486 et
3486 3448 3579 3487 ex-

2006 3536 2092 3580 tra
2140 3526 2355 3595 culpam
2388 3532 2473 3579 est
2513 3523 2765 3593 voluptas
2792 3537 3083 3591 corporum
3104 3562 3118 3589 ,
3157 3524 3203 3578 si
3234 3524 3451 3593 quidem
3483 3540 3576 3579 ra-

2007 3618 2210 3673 tionem
2239 3626 2293 3671 et
2319 3617 2490 3687 legem
2525 3616 2764 3671 auctoris
2792 3623 3073 3685 sequatur.

2078 3709 2180 3776 Qui
2220 3718 2403 3764 autem
2451 3707 2652 3777 saepius
2702 3708 3035 3777 voluptatem
3087 3707 3388 3778 capientes,
3435 3725 3576 3781 opus

2008 3802 2157 3873 quod
2208 3802 2332 3856 inde
2380 3800 2695 3855 necessario
2746 3801 3020 3870 provenit,
3075 3801 3201 3856 odio
3243 3802 3466 3869 habent,
3520 3813 3575 3859 et

2007 3892 2268 3947 mandant
2303 3891 2383 3947 sic
2426 3894 2783 3947 commiscere
2813 3906 3045 3962 corpora
3080 3900 3278 3962 praeter
3308 3893 3570 3954 edictum.

2007 3990 2067 4036 ut
2117 3989 2416 4051 conceptus
2474 3980 2809 4035 concludant
2856 3988 2911 4035 et
2961 3981 3217 4051 ejiciant,
3274 3992 3328 4037 et
3387 3986 3575 4052 partus

2008 4078 2358 4147 tempestivos
2413 4085 2466 4130 et
2512 4084 2755 4128 maturos
2807 4088 2919 4127 non
2966 4082 3309 4143 exspectare,
3377 4075 3583 4144 quippe

2005 4182 2128 4222 cum
2164 4168 2267 4221 hoc
2308 4167 2485 4221 solum
2530 4166 2602 4219 sit
2641 4179 2804 4235 grave
2832 4171 2881 4218 et
2917 4163 3177 4231 ditlicile;
3217 4165 3292 4228 hi,
3325 4163 3570 4235 inquam,

2006 4260 2098 4331 qui
2171 4259 2376 4313 inimici
2438 4271 2649 4313 natura:
2696 4256 2918 4312 excitati
2986 4264 3157 4323 sunt,
3223 4266 3279 4313 et
3336 4258 3578 4314 insanire

2004 4359 2195 4407 contra
2257 4349 2427 4405 Deum
2483 4349 2723 4404 universi
2777 4348 3088 4404 didicerunt
3159 4369 3173 4403 :
3236 4352 3438 4417 Quare,
3492 4350 3577 4405 iu-

2005 4446 2222 4516 quiunt,
2252 4443 2417 4498 insita
2449 4452 2532 4497 est
2560 4441 2884 4511 corporibus
2913 4442 3078 4496 libido
3103 4457 3395 4512 corporum
3426 4458 3580 4497 com.

1929 4533 1978 4589 D
2007 4535 2449 4591 miscendorum?

2078 4650 2181 4706 Sed
2205 4648 2478 4720 quomodo
2498 4656 2644 4702 esset
2676 4647 2729 4701 in
2755 4646 3067 4702 hominibus
3097 4646 3263 4701 decor
3290 4645 3575 4717 pudicitia:

2003 4745 2243 4815 privatae,
2275 4741 2382 4795 nisi
2418 4752 2612 4795 natura
2646 4747 2791 4795 esset
2828 4740 2975 4811 quod
3022 4739 3289 4803 titillaret,
3320 4746 3375 4794 et
3403 4738 3574 4794 ratio-

2004 4852 2071 4892 ne
2110 4833 2497 4889 coerceretur?
2518 4833 2605 4887 ubi
2638 4842 2785 4888 esset
2814 4832 2959 4902 apud
2981 4831 3239 4886 mulieres
3259 4830 3573 4901 virginitas,

2002 4934 2096 4980 aut
2136 4924 2279 4996 apud
2322 4925 2469 4977 viros
2524 4923 2838 4978 intractatio
2880 4922 3218 4991 nuptiarum,
3263 4921 3367 4975 nisi
3433 4921 3574 4975 ratio

2005 5033 2244 5074 amorem
2289 5018 2599 5073 sanctitatis
2643 5016 2887 5080 haberet,
2924 5032 3047 5087 quae
3096 5016 3424 5070 naturaliter
3452 5029 3575 5071 cer-

2003 5120 2127 5167 tans
2164 5127 2260 5168 eos
2290 5111 2384 5180 qui
2430 5119 2579 5165 recte
2626 5107 2978 5179 cupiditatem
3010 5107 3231 5163 insitam
3270 5108 3573 5177 reprimunt

2002 5214 2056 5261 et
2084 5206 2306 5261 domant
2332 5243 2347 5269 ,
2377 5203 2615 5258 victores
2648 5202 2986 5257 declararet?
3014 5201 3176 5271 idque
3202 5217 3311 5257 non
3344 5201 3411 5255 ad
3444 5214 3571 5253 con-

2003 5295 2278 5351 tumeliam
2311 5301 2518 5349 uaturae
2538 5333 2554 5359 ,
2580 5291 2675 5349 sed
2696 5291 2763 5346 ad
2789 5292 3242 5349 exercitationem
3265 5292 3569 5349 tolerantiae

1999 5397 2051 5444 et
2082 5384 2418 5442 sanctitatis?

2065 5652 2175 5726 (47)
2215 5652 2473 5723 Δέχεται.
2502 5650 2582 5707 An
2615 5646 2929 5704 δέδεικταιῗ
