4116 6332
535 291 670 355 1199

1673 281 1807 337 TITI
1849 278 2270 336 BOSTRENSIS
2310 275 2612 334 EPISCOPI

3633 277 3780 332 £300

1068 408 1196 462 Car.
1227 401 1465 458 XXXIV.
1494 402 1746 457 Ciborum
1774 417 1899 454 usus
1922 398 2245 466 moderatus,
2275 399 2456 453 bonus.
2500 397 2864 463 Temperantia
2896 394 3205 449 laudabilis.

601 507 692 561 Sic
744 519 873 558 sane
920 501 1056 554 cibis
1100 506 1153 552 et
1206 495 1526 567 potionibus
1580 492 1936 554 delectamur,
1989 505 2097 544 non

2271 488 2423 542 Οὕτω
2469 487 2532 558 δὴ
2585 490 2808 558 τροφαῖς
2848 502 2906 538 τε
2951 485 3046 538 καὶ
3081 484 3318 554 πόμασιν
3348 480 3672 553 ὲνηδόμεθα,
3707 484 3779 537 οὗ

531 601 826 656 criminosa
862 594 1138 662 voluptate
1173 589 1416 643 fruentes
1452 603 1463 636 :
1499 584 1768 638 naturalis
1810 583 1953 637 enim
1983 582 2097 636 haec

529 703 635 755 est,
671 702 722 746 et
763 698 943 743 tamen
971 686 1193 757 jejuniis
1238 696 1339 738 nos
1389 694 1710 736 exercemus
1748 695 1762 744 ;
1804 691 1912 731 non
1952 674 2099 746 quod

527 797 610 840 cst
638 799 802 854 supra
829 791 1076 836 naturam
1106 783 1300 832 contra
1331 781 1583 828 naturam
1610 777 1952 831 exercentes,
2004 767 2100 822 sed

529 875 871 932 tolerantiam
913 872 1321 942 amplectentcs,
1354 877 1408 920 et
1439 863 1610 918 Deum
1637 878 1732 933 per
1765 861 2098 916 humiliatio-

529 984 653 1023 nem
700 968 976 1038 placantes
1015 971 1069 1018 et
1106 960 1401 1034 propitium
1447 955 1778 1011 reddentes:
1813 967 2095 1024 nunquam

529 1059 976 1114 exercitationem
997 1055 1191 1126 jejunii
1218 1050 1642 1119 susciperemus,
1673 1045 1778 1101 nisi
1811 1046 1978 1100 fames
2008 1060 2097 1100 es-

532 1160 613 1206 set
644 1151 700 1205 in
729 1166 971 1222 corpore.

602 1246 814 1317 Ubique
846 1247 1010 1315 igitur
1066 1243 1335 1314 appetitus
1392 1240 1611 1296 asciscit
1652 1232 1868 1290 laudem
1895 1239 1948 1287 et
1972 1244 2093 1284 mo-

532 1337 702 1391 derati
746 1353 878 1392 usus
923 1335 1191 1397 ciborum,
1235 1340 1288 1386 et
1334 1329 1675 1386 abstinentia:
1705 1342 1802 1396 pro
1830 1322 2040 1377 viribus
2077 1339 2089 1374 :

531 1446 642 1484 non
698 1431 839 1484 cnim
892 1443 1025 1482 usus
1073 1441 1283 1488 eorum,
1332 1439 1453 1494 quae
1499 1420 1796 1478 secundum
1842 1426 2092 1471 naturam

533 1530 682 1589 sunt,
719 1527 1000 1592 peccatum
1029 1517 1171 1588 parit
1199 1534 1212 1569 :
1241 1517 1352 1572 vini
1382 1515 1598 1586 quidem
1635 1510 1913 1566 moderata
1942 1505 2091 1576 potio

530 1614 790 1668 salutaris
821 1627 942 1667 esse
967 1617 1145 1680 potest
1169 1627 1184 1674 ;
1221 1607 1412 1662 vitium
1436 1621 1566 1661 vero
1587 1600 1866 1660 ebrietatis
1888 1615 1983 1670 per
2006 1597 2091 1651 in-

533 1703 940 1774 temperantiam
971 1700 1354 1756 introducitur.

604 1793 864 1850 Similiter
905 1809 1035 1848 usus
1064 1792 1170 1846 cibi
1211 1790 1511 1846 secundum
1541 1797 1792 1843 naturam
1821 1781 2088 1838 moderati

2201 577 2623 648 διαὸεόλημένην
2658 575 2846 648 ἡδονὴν
2875 574 3273 647 καρπούμενοι·
3306 573 3509 644 φυσικὴ
3537 574 3647 644 γὰρ
3679 574 3778 628 καὶ

2201 668 2361 739 αὕτη,
2393 668 2486 721 καὶ
2513 669 2660 738 ὅμως
2704 664 2976 736 νηστείαις
3004 661 3502 734 διαγυμναζόμεθα,
3541 663 3603 714 οὐ
3632 663 3779 717 κατὰ

2199 761 2295 831 τῆς
2329 758 2538 829 φύσεως
2589 756 2916 828 μελετῶντες
2940 755 3001 810 τὸ
3027 756 3165 828 ὑπὲρ
3186 755 3365 824 φύσιν,
3392 754 3528 808 ἀλλά
3578 771 3779 823 καρτε-

2201 853 2321 922 ρίαν
2357 852 2456 922 μὲν
2481 849 2868 920 ἀσπαζόμενοι,
2895 847 2984 902 διά
3008 846 3066 902 δὲ
3093 846 3469 910 ταπεινώσεως
3504 845 3598 898 τὸν
3639 845 3777 898 Θεὸν

2198 943 2587 1012 ὲξιλεούμενοι·
2633 941 2732 994 οὐκ
2773 942 2838 994 ἂν
2869 941 2929 994 δὲ
2973 940 3224 1011 νηστείας
3247 939 3477 1008 ἄσκησιν
3505 937 3776 1009 μετῆλθο-

2198 1056 2318 1110 μεν,
2355 1037 2545 1108 πείνης
2574 1036 2632 1088 ὲν
2655 1033 2735 1105 τῷ
2767 1032 2979 1104 σώματι
3015 1032 3091 1104 μὴ
3123 1031 3371 1102 ἐνούσης.

2265 1193 2542 1267 Πανταχοῦ
2570 1194 2748 1248 τοίνυν
2775 1194 2809 1264 ἡ
2832 1191 3008 1263 ὄρεξις
3033 1189 3283 1260 προξενεῖ
3302 1190 3394 1242 καὶ
3422 1188 3521 1259 τῆς
3557 1205 3621 1239 συ
3630 1185 3777 1257 μμέ-

2194 1307 2322 1360 τρου
2359 1289 2606 1358 χρήσεως
2656 1285 2749 1338 καὶ
2771 1285 2869 1355 τῆς
2899 1282 3042 1336 κατὰ
3070 1281 3297 1352 δύναμιν
3319 1280 3527 1350 ἀποχῆς
3550 1279 3652 1351 τὴν
3680 1279 3775 1332 εύ-

2194 1380 2511 1450 δοκίμησιν·
2547 1379 2609 1430 οὐ
2655 1377 2762 1444 γάρ
2813 1374 2920 1428 τῶν
2963 1373 3104 1426 κατὰ
3132 1372 3292 1441 φύσιν
3321 1373 3355 1442 ὴ
3397 1371 3590 1443 χρῆσις
3624 1370 3780 1422 ποιεε

2192 1471 2291 1540 τὴν
2321 1469 2594 1539 ἁμαρτίαν
2617 1485 2629 1498 ·
2674 1467 2817 1520 οἴνου
2848 1466 2953 1538 γάρ
2983 1466 3044 1519 τὸ
3073 1466 3289 1536 μέτριον
3317 1464 3404 1533 εἴη
3452 1462 3549 1533 μὲν
3583 1461 3770 1531 curri}.

2196 1577 2327 1632 ριον·
2360 1560 2527 1632 μέθης
2559 1559 2616 1613 δὲ
2643 1559 2704 1611 τὸ
2735 1558 2902 1611 κακὸν
2928 1557 3016 1611 διὰ
3047 1556 3145 1628 τῆς
3167 1553 3432 1626 ἀμετρίας
3459 1553 3774 1622 εἰσάγεται.

2261 1795 2660 1873 Παραπλησίως
2685 1794 2742 1848 δὲ
2774 1794 2868 1849 καί⁵
2899 1793 3105 1865 τροφῆς
3135 1793 3233 1864 τῆς
3264 1793 3403 1847 κατά
3428 1793 3647 1862 φύσεως
3663 1794 3769 1864 ὲμσ

531 1887 688 1956 culpa
718 1892 876 1940 vacat
909 1901 920 1935 :
959 1885 1082 1954 gula
1127 1899 1256 1938 vero
1304 1883 1552 1953 arguitur
1581 1889 1635 1935 et
1677 1876 2092 1948 reprehenditur

2197 1891 2392 1962 μέτρου
2414 1889 2704 1960 ἀναίτιοςή
2729 1889 2923 1960 χρῆσις
2940 1905 2952 1917 ·
2981 1886 3392 1958 γαστριμαργία
3415 1887 3472 1940 δὲ
3497 1885 3577 1957 τῷ
3599 1887 3772 1958 ὑπερ-

531 1988 750 2049 propter
785 1977 1032 2041 nimium,
1060 1984 1113 2032 et
1145 1976 1273 2047 quia
1311 1984 1395 2032 est
1436 1981 1630 2044 praeter
1674 1971 1961 2026 rationem.
1998 1967 2088 2021 Sic

527 2075 692 2128 etiam
710 2072 788 2126 uti
807 2070 1042 2141 legitime
1060 2077 1112 2124 et
1139 2069 1414 2124 moderate
1439 2066 1676 2138 appetitu
1695 2061 1958 2118 miscendi
1976 2075 2091 2116 cor-

528 2166 698 2236 poris,
755 2165 977 2218 omnino
1027 2167 1176 2215 caret
1223 2160 1477 2225 crimine;
1522 2167 1719 2228 .praeter
1766 2156 1933 2226 legem
1989 2166 2088 2205 au-

527 2267 634 2310 tem
666 2265 719 2310 et
740 2254 1095 2310 immoderate
1122 2252 1223 2316 uti,
1244 2253 1449 2307 crimen
1476 2251 1630 2305 affert
1658 2245 2084 2304 incontinentiae.

529 2347 858 2402 Manichacus
887 2346 1053 2417 igitur
1085 2352 1138 2398 et
1165 2343 1286 2414 ejus
1315 2343 1538 2399 asseclae
1573 2341 1704 2395 nihil
1742 2340 1950 2393 ratione
1975 2351 2092 2407 per-

529 2443 848 2512 spicientes,
888 2440 1070 2494 omnia
1103 2437 1344 2492 furenter
1371 2432 1718 2490 contumeliis
1748 2430 2045 2485 all‘ecerunt
2072 2447 2086 2482 :

529 2542 788 2602 tanquam
823 2532 1001 2586 omnis
1039 2529 1308 2600 cupiditas
1352 2527 1424 2582 sit
1473 2526 1634 2588 mala,
1671 2524 1832 2593 cujus
1870 2523 2090 2594 quidem

527 2623 723 2677 modus
757 2633 809 2676 et
840 2624 1320 2690 temperamentum
1351 2613 1654 2684 legitimum
1685 2619 1840 2666 extra
1875 2609 2090 2678 culpam

527 2724 581 2770 et
610 2715 819 2769 crimen
849 2720 932 2768 est
959 2730 971 2766 :
992 2709 1319 2765 abstinentia
1339 2723 1470 2764 vero
1491 2720 1590 2779 pro
1609 2704 1819 2761 viribus
1849 2707 2091 2772 spectata

527 2809 647 2863 laus
677 2816 758 2862 est
787 2805 1123 2862 admirabilis
1149 2803 1377 2858 virtutis.

603 2898 658 2952 Si
676 2899 820 2953 enim
841 2898 963 2969 quis
993 2895 1274 2952 abstinens
1302 2889 1593 2947 laudabilis
1613 2896 1698 2946 est
1725 2886 1869 2958 apud
1894 2885 2086 2950 Deum,

527 3007 636 3046 non
668 2990 810 3045 male
835 2991 890 3044 in
912 2995 1184 3060 potestate
1211 2985 1329 3056 ejus
1366 2993 1470 3053 est,
1500 2984 1556 3039 id
1577 2982 1735 3052 cujus
1761 2978 2089 3036 abstinentia

526 3083 759 3138 ollicium
810 3089 894 3136 est
935 3079 1190 3152 perfectae
1227 3076 1468 3132 virtutis.
1530 3074 1764 3130 Maxima
1815 3072 1961 3127 enim
2007 3071 2091 3141 ja-

525 3186 684 3232 ctura
735 3173 922 3238 ﬁeret,
956 3173 1002 3228 si
1037 3174 1091 3226 in
1119 3177 1390 3244 potestate
1435 3170 1555 3239 ejus
1600 3183 1710 3222 non
1760 3173 1926 3226 esset,
1972 3171 2091 3217 tan-

2195 1983 2438 2037 ϐάλλοντι
2472 1981 2776 2052 παράλογος
2808 1979 3109 2051 ἐλέγχεται.
3133 1978 3287 2033 Οὕτω
3307 1979 3371 2050 δὴ
3397 1981 3493 2032 καὶ
3513 1983 3612 2050 τῆς
3629 1978 3772 2050 πρὸς

2193 2077 2292 2140 τάς
2325 2075 2496 2147 μίξεις
2523 2073 2752 2146 ὀρέξεως
2777 2075 2810 2146 ἡ
2853 2075 2948 2144 μὲν
2981 2073 3208 2144 νόμιμος
3236 2072 3429 2143 χρῆσις
3459 2073 3556 2125 καὶ
3591 2072 3770 2142 μέτρα

2195 2167 2533 2238 γινώσκουσα
2582 2167 2908 2238 ἀνέγκλητος
2941 2165 3246 2230 παντελῶς·
3289 2167 3322 2236 ἡ
3363 2166 3420 2219 δὲ
3451 2165 3773 2237 παράνομός

2194 2279 2253 2315 τε
2277 2261 2371 2315 καὶ
2412 2260 2646 2332 ἄμετρος
2671 2261 2768 2331 τῆς
2795 2258 3088 2322 ἀκολασίας
3117 2258 3378 2329 προσάγει
3401 2258 3462 2311 τὸ
3489 2257 3766 2328 ἔγκλημα.

2194 2353 2375 2424 Μηδὲν
2421 2353 2598 2406 τοίνυν
2636 2353 2713 2424 τῷ
2744 2351 2985 2422 λογισμῷ
3026 2353 3161 2422 μήτε
3193 2352 3221 2403 ὁ
3255 2350 3446 2420 Μάνης
3478 2350 3769 2419 καθεωρα-

2196 2444 2324 2508 κὼς,
2341 2445 2474 2516 μήτε
2501 2447 2548 2498 οἱ
2574 2445 2633 2510 ἐξ
2657 2446 2862 2498 ἐκείνου
2892 2445 3068 2498 πάντα
3087 2443 3341 2516 φέροντες
3367 2442 3608 2512 μανικῶς
3635 2440 3771 2495 καθ-

2197 2539 2441 2610 ύϐρισαν,
2467 2539 2543 2602 ὡς
2579 2540 2759 2609 πάσης
2799 2537 3092 2610 ἐπιθυμίας
3138 2536 3304 2608 οὔσης
3349 2536 3556 2606 κακῆς·
3589 2530 3661 2608 ῆς
3706 2536 3771 2588 τὸ

2199 2632 2393 2704 μέτρον
2441 2631 2536 2702 μὲν
2585 2631 2831 2703 νομίμως
2884 2631 3152 2686 ἀναίτιον·
3189 2632 3222 2701 ή
3263 2630 3321 2683 δὲ
3357 2629 3497 2683 κατά
3535 2629 3771 2700 δύναμιν

2194 2723 2373 2794 ἀποχὴ
2402 2724 2495 2776 καὶ
2523 2723 2828 2794 θαυμασίας
2857 2739 2920 2791 γε
2957 2722 3158 2794 ἀρετῆς
3192 2721 3563 2793 εύδοκίμησις.

2262 2901 2325 2953 EE
2378 2900 2485 2969 γάρ
2535 2899 2867 2970 ἀπεχόμενός
2909 2917 2993 2963 τις
3037 2898 3314 2963 ἐπαινετὸς
3353 2899 3502 2972 παρά
3527 2899 3663 2970 Θεῷ,
3695 2899 3764 2954 ού

2196 2992 2378 3056 κακῶς
2401 3008 2465 3060 γε
2485 2993 2660 3046 ἐκεῖνο
2679 2994 2744 3063 τῇ
2769 2992 2984 3064 ἐξουσία
3009 2993 3355 3064 παράκειται,
3375 2987 3436 3046 οὗ
3450 3008 3514 3061 γε
3530 2994 3564 3064 ἡ
3582 2993 3764 3064 ἀποχὴ

2194 3083 2401 3146 τελείας
2424 3083 2620 3154 ἀρετῆς
2637 3082 2964 3154 κατόρθωμα
2982 3100 2996 3112 ·
3025 3083 3192 3154 ζημία
3215 3083 3323 3154 γὰρ
3336 3078 3422 3154 ἦν,
3443 3084 3490 3135 εί
3518 3083 3596 3154 μὴ
3624 3101 3766 3156 παρ-

2197 3175 2370 3228 έκειτο
2397 3177 2430 3244 ὴ
2463 3173 2740 3238 ἀνωτάτω,
2766 3175 2840 3237 ὼς
2875 3175 2934 3226 ού
2976 3173 3130 3226 κενὸν
3161 3173 3248 3227 διά
3270 3175 3368 3245 τῆς
3390 3174 3604 3245 ἀποχῆς
3626 3176 3764 3244 ἀγα-

523 3281 688 3339 qnam
743 3281 855 3320 non
905 3272 1090 3335 posset
1132 3264 1219 3318 edi
1262 3263 1435 3318 virtus
1478 3276 1576 3331 per
1628 3255 2015 3312 abstinentiam
2070 3273 2082 3308 :

2192 3267 2279 3320 θὸν
2312 3267 2720 3338 ἀποφανθῆναι·
2756 3267 2881 3322 ἄνευ
2911 3265 3020 3339 γὰρ
3047 3265 3138 3319 τοῦ
3174 3266 3250 3337 μὴ
3282 3265 3506 3336 ποιῆσαι
3539 3266 3764 3320 τούναν-

523 3359 630 3414 nisi
666 3358 810 3413 enim
847 3356 1184 3411 contrarium
1218 3353 1332 3409 ﬁeri
1362 3351 1559 3424 possit,
1589 3366 1697 3406 non
1740 3355 1920 3420 potest
1973 3347 2089 3401 ﬁeri

524 3451 726 3506 malum
760 3467 776 3518 ;
802 3464 981 3520 neque
1003 3463 1196 3504 rursus
1233 3447 1350 3502 ﬁeri
1373 3453 1552 3516 potest
1573 3445 1797 3507 bonum,
1827 3440 1933 3495 nisi
1965 3455 2091 3511 pos-

525 3545 597 3599 sit
634 3544 867 3606 malum,
899 3551 957 3595 ut
1006 3555 1149 3610 saepe
1181 3538 1699 3594 demonstravimus.
1753 3535 2089 3590 Manichmus

525 3644 705 3691 autem
743 3635 944 3688 bonum
983 3640 1036 3687 et
1066 3631 1318 3685 virtutem
1350 3629 1661 3694 inhonorat,
1685 3643 1808 3682 cum
1851 3636 2093 3699 potesta-

521 3735 633 3780 tem
663 3733 715 3780 et
749 3723 1049 3778 libertatem
1077 3721 1370 3791 vituperat.

2194 3359 2323 3425 τίον,
2341 3359 2459 3424 ἐξὸν
2479 3361 2698 3430 ποιῆσαι
2713 3357 2772 3411 τὸ
2788 3358 2976 3423 κακὸν,
2991 3359 3091 3411 ούκ
3117 3359 3196 3412 ἔνι
3217 3359 3521 3413 τούναντίον
3537 3377 3763 3429 πεποιη-

2196 3451 2347 3505 κέναι
2393 3452 2568 3506 δοκεῖν
2601 3453 2661 3506 τὸ
2702 3451 2927 3520 ἀγαθὸν.
2955 3451 3030 3515 ὡς
3060 3451 3319 3516 πολλάκις
3355 3450 3658 3522 ἐδείξαμεν.
3706 3453 3763 3503 Ὀ

2193 3545 2249 3598 δὲ
2281 3545 2472 3615 Μάνης
2511 3545 2742 3614 τάγαθόν
2775 3561 2833 3596 τε
2867 3545 2958 3597 καὶ
2987 3544 3083 3615 τὴν
3111 3544 3308 3616 ἀρετὴν
3350 3543 3634 3615 ἀτιμάζει,
3665 3546 3761 3614 τὴν

2193 3635 2440 3702 ἐξουσίαν
2471 3637 2564 3690 καὶ
2590 3637 2648 3689 τὸ
2677 3636 2958 3708 ἐλεύθερον
2988 3634 3248 3700 κακίζων.

1289 3812 1418 3868 CAP.
1449 3811 1660 3868 XXXV.
1691 3812 1766 3867 De
1793 3805 2099 3884 corporibus
2129 3814 2435 3868 inanimatis
2462 3815 2692 3870 Manetis
2721 3816 2953 3869 insania.

593 3931 865 3986 Prazterea
911 3941 1020 3982 non
1073 3924 1240 3996 pudet
1295 3923 1476 3980 dicere
1533 3926 1802 3979 animatos
1846 3938 1967 3979 esse
2009 3924 2081 3976 la-

523 4025 674 4097 pides
694 4063 709 4087 ,
731 4032 786 4078 et
816 4019 1163 4076 introducere
1185 4016 1368 4072 omnia
1402 4016 1661 4081 animata,
1688 4023 1741 4069 et
1771 4030 1892 4084 quae
1913 4015 2088 4068 mani-

522 4120 661 4174 feste
701 4123 829 4172 sunt
871 4114 1189 4176 inanimata,
1225 4119 1484 4178 tanquam
1525 4107 1617 4160 illa
1655 4108 1831 4162 virtus
1862 4107 2000 4174 ,boni
2031 4107 2085 4160 in

523 4207 793 4278 lapidibus
816 4205 980 4259 etiam
1013 4201 1359 4256 contineatur
1388 4217 1403 4266 ;
1439 4198 1734 4268 quinusque
1771 4198 1910 4252 adeo
1941 4197 2085 4268 quod

522 4299 593 4353 ab
648 4297 782 4367 ipsis
833 4295 1151 4354 honoratur,
1223 4291 1289 4346 ad
1349 4289 1642 4344 ludibrium
1703 4295 1758 4344 et
1821 4289 2086 4344 vilitatem

2263 3923 2374 3975 Ούκ
2416 3922 2726 3993 αἰσχύνεται
2758 3921 2814 3973 δὲ
2847 3920 2938 3973 καὶ
2966 3921 3091 3983 τοὺς
3128 3919 3308 3985 λίθους
3331 3920 3642 3993 ἐψυχῶσθαι
3673 3924 3763 3978 λέ-

2193 4031 2324 4083 γων,
2360 4013 2454 4066 καὶ
2485 4011 2554 4064 τὰ
2602 4013 2778 4066 πάντα
2833 4010 3070 4082 ἔμψυχα,
3110 4011 3304 4065 καὶτὰ
3351 4011 3539 4081 σαφῶς
3582 4014 3766 4085 ἀψυχα

2192 4105 2602 4176 εἰσηγούμενος·
2631 4105 2704 4168 ὡς
2727 4105 2818 4158 ἀπ’
2847 4104 3059 4173 ἐκείνης
3094 4103 3158 4174 δὴ
3183 4107 3279 4175 τῆς
3311 4103 3402 4158 τοῦ
3433 4105 3640 4175 ἀγαθοῦ
3674 4108 3764 4161 δυ-

2191 4198 2425 4270 νάμεως,
2456 4198 2535 4251 ἔτι
2582 4197 2677 4251 καὶ
2732 4200 2788 4250 ὲν
2834 4197 2999 4261 λίθοις
3043 4197 3444 4270 κατεχομένης·
3506 4201 3767 4255 τοσοῦτοι

2188 4290 2416 4358 κατάγει
2449 4289 2511 4342 τὸ
2537 4291 2667 4361 παρ’
2712 4289 2888 4343 αὐτῶν
2918 4287 3224 4361 τιμώμενον
3264 4290 3344 4353 είς
3389 4290 3546 4362 ὓϐριν
3582 4309 3639 4345 τε
3671 4297 3767 4348 καὶ

521 4390 728 4460 dejicit,
761 4397 820 4443 ut
848 4393 1098 4441 naturam
1139 4384 1262 4438 boni
1296 4383 1351 4436 in
1375 4381 1645 4452 lapidibus
1671 4381 1926 4436 inanimis
1955 4381 2092 4451 liga-

2192 4384 2482 4446 εὐτέλειαν,
2515 4383 2655 4438 ὥστε
2679 4382 2777 4454 τὴν
2811 4382 2969 4453 φύσιν
3002 4381 3096 4435 τοῦ
3131 4381 3337 4450 ἀγαθοῦ
3367 4385 3461 4437 καὶ
3496 4388 3554 4438 ἐν
3595 4386 3767 4451 λίθοις

521 4493 630 4536 tam
660 4496 780 4536 esse
814 4479 979 4534 dicat.
1016 4475 1298 4529 Allirmare
1336 4480 1519 4527 autem
1550 4472 1636 4527 sic
1664 4488 1722 4527 se
1747 4473 1948 4527 habere
1980 4473 2086 4527 ista

2192 4473 2415 4544 ἀψύχοις
2448 4474 2675 4543 φάσκειν
2709 4474 3076 4545 πεπεδῆσθαι·
3120 4475 3264 4547 ἅπερ
3297 4475 3468 4540 οὕτως
3497 4476 3642 4547 ἔχειν
3681 4479 3764 4532 δι-

518 4589 638 4644 qua:
667 4572 819 4638 dicit,
837 4571 1014 4640 qualis
1049 4567 1276 4624 insania:
1313 4565 1574 4620 indicium
1598 4581 1720 4620 esse
1746 4565 1991 4619 dicitur?
2025 4566 2083 4620 Si

517 4666 664 4719 enim
693 4664 752 4718 in
792 4662 1062 4734 lapidibus
1091 4658 1419 4722 continetur,
1453 4655 1599 4728 quod
1627 4672 1657 4711 a
1699 4657 1807 4712 Deo
1854 4659 2084 4712 missum

517 4765 623 4821 est,
655 4756 767 4825 jam
802 4755 932 4808 vicit
966 4753 1206 4822 nequitia
1236 4769 1251 4817 ;
1293 4757 1481 4805 contra
1508 4751 1694 4821 ligato,
1729 4751 1874 4820 quod
1914 4751 1982 4803 ad
2021 4750 2087 4802 Ii-

519 4847 755 4917 gandum
788 4851 1028 4906 venerat,
1060 4842 1193 4897 dicit
1224 4843 1417 4898 animae
1450 4841 1690 4913 lapidum
1722 4850 1772 4898 et
1804 4843 2079 4912 lignorum

519 4939 780 4992 indicium
805 4953 928 4992 esse
961 4950 1156 4992 sonum
1183 4933 1238 4988 in
1272 4949 1394 4989 aere
1421 4934 1615 5004 lapidis
1652 4944 1706 4989 et
1733 4934 1916 5005 virgae,
1953 4944 2080 4988 tan-

515 5045 679 5101 quam
730 5027 962 5083 audierit
1028 5025 1319 5096 aliquando
1378 5041 1565 5080 vocem
1623 5027 1868 5097 ipsorum
1929 5029 2085 5081 arti-

517 5123 780 5176 culatam.

588 5211 682 5266 Est
731 5219 912 5265 autem
961 5209 1102 5279 apud
1147 5223 1247 5263 nos
1295 5210 1454 5262 etiam
1504 5208 1762 5279 cogitatio
1800 5217 1853 5263 et
1887 5226 2081 5265 sermo

517 5305 730 5367 animae,
758 5303 850 5372 qui
883 5316 1225 5372 nequaquam
1249 5301 1467 5354 auditur
1499 5319 1514 5367 ;
1561 5299 1706 5370 quod
1733 5302 1881 5355 enim
1911 5302 2081 5355 audi-

516 5403 626 5459 tur,
664 5408 920 5466 percusso
955 5408 1080 5448 aere
1126 5407 1222 5460 per
1261 5391 1684 5445 instrumentum
1729 5387 2081 5460 Corporeum,

515 5485 783 5540 auditur:
823 5483 965 5555 quod
1016 5481 1233 5552 quidem
1289 5481 1493 5551 absque
1546 5487 1693 5534 motu
1744 5480 1977 5534 rationis
2018 5479 2074 5535 in

515 5576 883 5630 animantibus
943 5575 1154 5628 ratione
1217 5574 1530 5629 carentibus
1578 5573 1810 5626 inveniri
1871 5580 2067 5641 potest,

515 5685 637 5741 quae
663 5669 898 5721 clamant
921 5667 1160 5737 quidem,
1196 5668 1292 5723 sed
1331 5683 1438 5722 non
1471 5667 1780 5731 articulate,
1818 5669 1943 5735 quia
1981 5684 2037 5719 ra
2059 5697 2078 5706 -

515 5763 663 5818 tione
694 5760 899 5831 privata
922 5767 1068 5813 sunt.

2188 4566 2577 4639 ισχυρίξεσθαι,
2597 4567 2754 4630 ποίας
2779 4566 2841 4619 ἄν
2867 4583 2951 4629 τις
2973 4567 3161 4636 φήσειε
3183 4569 3378 4637 μανίας
3395 4563 3534 4621 εἷναι
3554 4575 3736 4641 τεκμή
3751 4602 3770 4614 .

2190 4674 2336 4727 ριονς
2371 4658 2433 4708 Εἰ
2457 4657 2566 4728 γὰρ
2583 4658 2638 4709 ἐν
2661 4657 2827 4720 λίθοις
2855 4659 3138 4729 κατέχεται
3168 4659 3226 4712 τὸ
3255 4660 3406 4731 παρά
3435 4661 3527 4714 τοῦ
3553 4662 3764 4730 ἀγαθοῦ

2185 4747 2453 4817 πεμφθὲν,
2483 4748 2582 4819 ἤδη
2644 4747 2927 4818 νενίκηκεν
2967 4750 3002 4819 ἡ
3035 4749 3232 4803 κακία·
3267 4751 3571 4807 τούναντίον
3618 4754 3766 4807 δεδε-

2189 4838 2348 4906 μένου
2376 4838 2467 4891 τοῦ
2499 4838 2656 4910 δῆσαι
2690 4840 3162 4911 παραγενομένου·
3185 4842 3280 4895 καὶ
3301 4845 3534 4896 ποιεῖται
3559 4848 3770 4923 τεκμῄ-

2189 4946 2300 4998 ριον
2331 4929 2430 5000 τῆς
2452 4929 2557 4982 τῶν
2579 4929 2742 4983 λίθων
2768 4933 2862 4984 καὶ
2889 4931 2999 4983 τῶν
3034 4932 3206 4998 ξύλων
3235 4933 3413 5004 ψυχῆς
3435 4935 3526 4988 τὸν
3551 4937 3607 4990 ὲν
3639 4939 3766 5009 ἀέρι

2186 5018 2389 5072 κτύπον
2419 5019 2564 5072 λίθου
2597 5037 2655 5072 τε
2687 5021 2782 5072 καὶ
2817 5021 3032 5092 ῥάϐδου,
3058 5022 3246 5095 ὥσπερ
3283 5025 3548 5097 ἐνάρθρου
3577 5029 3766 5098 φωνῆς

2185 5111 2360 5164 αὐτῶν
2390 5111 2604 5164 πώποτε
2631 5111 2938 5177 διακούσας.

2258 5205 2412 5256 Ἔστι
2467 5205 2522 5257 δὲ
2569 5207 2662 5258 καὶ
2713 5208 2842 5276 παρ’
2880 5207 3010 5277 ἡμῖν
3052 5209 3112 5260 τὸ
3150 5208 3246 5278 μὲν
3285 5208 3578 5280 ἐνθύμημα
3609 5213 3703 5263 καὶ
3732 5214 3764 5264 ὁ

2183 5302 2336 5370 λόγος
2362 5303 2461 5374 τῆς
2481 5303 2660 5374 ψυχῆς
2682 5304 2931 5374 οὐδαμῶς
2959 5305 3287 5376 ἀκουόμενον
3307 5323 3319 5334 ·
3353 5307 3411 5358 τὸ
3453 5307 3496 5358 δ’
3535 5307 3761 5371 ἐξάκου-

2185 5411 2327 5456 στον,
2347 5394 2510 5465 ἀέρος
2536 5396 2901 5467 πληττομένου
2923 5398 3009 5450 διὰ
3037 5397 3127 5451 τοῦ
3161 5399 3471 5469 σωματικοῦ
3492 5401 3755 5470 ὀργάνου·

2181 5487 2317 5556 ὅπερ
2347 5485 2468 5555 δίχα
2495 5487 2593 5557 τῆς
2619 5488 2840 5560 λογικῆς
2865 5491 3150 5561 κινήσεως,
3178 5493 3272 5544 καὶ
3298 5492 3520 5545 ἐπὶτῶν
3545 5492 3759 5561 ἀλόγων

2182 5574 2326 5645 εὖροι
2371 5593 2455 5639 τις
2511 5577 2597 5642 ἂν,
2638 5578 2883 5647 βοώντων
2917 5583 3034 5651 μὲν,
3069 5581 3311 5653 ἄναρθρα
3340 5582 3420 5650 δὲ,
3453 5584 3640 5658 ἐπειδὴ
3671 5582 3760 5638 λό-

2182 5686 2275 5736 γου
2317 5668 2625 5738 ἐστέρηται.
3469 5679 3478 5688 ’
