4116 6332
378 345 509 400 i201

1436 361 1810 422 ADVERSUS
1848 369 2264 430 MANICHAEOS
2301 377 2427 432 LIB.
2471 379 2533 434 II.

3480 383 3619 453 {eos

455 441 544 504 Ὠς
563 444 761 508 παντὸς
794 447 1058 517 σώματος,
1099 452 1198 505 κᾶν
1233 454 1437 526 ἄψυχον
1458 456 1512 533 ᾗ,
1536 464 1730 515 οἰκεῖόν
1760 468 1918 520 ἑστιτ

2024 520 2027 529 ,
2124 469 2220 526 Est
2255 481 2435 528 autem
2471 476 2755 546 proprium
2798 482 3063 549 corporis.
3093 489 3215 539 licet
3256 495 3324 541 Sit
3347 486 3617 546 inanima-

368 524 505 603 ἦχον
533 533 781 602 ἐμποιεῖν
813 539 878 607 τῇ
916 539 1051 609 πρὸς
1075 541 1164 593 τὸν
1193 544 1329 614 ἀέρα
1346 524 1555 620 πληγῇ
1579 551 1641 604 τό
1672 552 1777 624 γάρ
1802 556 1947 609 ἀσώ-

375 638 544 694 ματον
578 624 677 677 οὐκ
712 624 779 677 ἂν
813 625 1112 691 ὲξάκουστα
1172 634 1494 703 φθέγξαιτο·
1546 641 1684 712 ἀέρα
1730 644 1835 715 γὰρ
1886 648 1945 699 ού

363 712 615 785 πλήττει,
649 716 878 785 ὀργάνου
909 721 1002 774 τοῦ
1032 723 1353 795 πλήττοντος
1383 712 1818 804 ἀπηλλαγμένονξ

452 888 605 943 Ἐπεί
624 908 703 944 τοι
738 894 795 945 αἱ
820 893 1099 967 ἀσώματοι
1122 901 1378 974 δυνάμεις
1402 908 1598 980 ἄψυχοί
1615 928 1676 980 γε
1702 913 1946 981 δόξουσιν

367 982 452 1047 ἂν,
493 984 681 1056 ἐπειδὴ
731 986 1053 1051 ἐξάκουστον
1099 998 1231 1065 παρ’
1280 999 1457 1052 αὐτῶν
1500 1002 1652 1057 οὐδὲν
1689 1007 1768 1070 είς
1798 1009 1946 1079 ἡμᾶς

362 1073 844 1150 ἀφικνεῖταιοόπερ
881 1082 1057 1135 τοίνυν
1089 1088 1255 1158 ὲχρῆν
1282 1096 1577 1165 τεκμήριον
1614 1073 1943 1173 ποιήσασθαι

360 1164 472 1219 τῶν
522 1171 802 1235 παντελῶς
830 1174 1073 1245 ἀψύχων,
1109 1178 1184 1242 ὡς
1217 1184 1564 1241 κτυπούντων
1598 1190 1656 1254 ἐξ
1698 1193 1943 1270 ἀνάγκης

362 1258 446 1321 είς
472 1259 612 1331 ἀέρα
656 1261 835 1333 (τοῦτο
856 1266 963 1337 γάρ
998 1268 1156 1338 μόνου
1190 1271 1461 1343 σώματος,
1492 1282 1613 1351 οὐχὶ
1642 1284 1700 1337 δὲ
1719 1258 1938 1362 φυγῆς),

363 1347 524 1400 τοῦτο
560 1348 854 1421 ψυχὼσεως
897 1362 1119 1427 σημεῖον
1161 1361 1369 1418 ἐλαϐεν.
1429 1368 1709 1428 Ἐντεῦθεν
1748 1377 1810 1449 δὴ
1845 1347 1941 1434 καὶ

363 1439 433 1493 τά
461 1442 763 1511 τετράποδα
804 1448 898 1499 καὶ
927 1449 994 1501 τὰ
1036 1456 1275 1519 πετεινὰ,
1316 1459 1417 1513 ὅσα
1458 1465 1682 1533 χρήσεις
1732 1439 1939 1541 ἀνθρώ-

362 1547 487 1595 ποις
518 1532 629 1602 ἔχει
668 1538 893 1607 τροφῆς,
922 1539 1132 1612 βαρέως
1158 1547 1395 1603 αἰτιᾶται
1430 1532 1557 1617 τοὺς
1596 1532 1940 1626 θύονταςξὼς

362 1623 582 1696 ἐκείνης
612 1626 712 1696 τῆς
737 1630 1019 1701 δυνάμεως
1045 1637 1138 1690 τοῦ
1169 1640 1371 1707 ἀγαθοῦ
1414 1649 1702 1704 καὶταῦτα
1736 1623 1936 1726 ψυχού-ἰ

362 1728 483 1784 σης,
524 1717 618 1769 καὶ
663 1718 721 1771 ὲν
757 1721 940 1787 αὐτοῖς
982 1731 1385 1803 κατεχομένης*
1410 1735 1597 1810 ὥσπερ
1626 1717 1936 1810 σπούδάξων

360 1804 687 1879 καθυϐρϊσαι
743 1817 1033 1883 παντοίως,
1079 1821 1137 1875 ὃν
1175 1824 1378 1893 ἀγαθὸν
1426 1804 1589 1900 δῆθεν

356 1899 658 1972 ὲρωτητέον
700 1903 764 1975 δὴ
809 1907 953 1972 τίνος
1005 1913 1275 1987 ἐπιτροπῇ
1323 1899 1496 1974 ταῦτα
1537 1924 1843 1997 ἀνθρώποις
1879 1933 1938 1998 ἐξ

355 1991 546 2088 ἀρχῆς
570 1996 649 2088 εἰς
682 1999 888 2088 τροφὴν
920 2004 1307 2073 παραδέδοται·
1345 2007 1454 2084 ἆρά
1484 2032 1547 2083 γε
1585 1991 1684 2088 τῆς
1718 1991 1934 2088 κακίας,

352 2080 432 2146 ὡς
481 2084 806 2186 ύϐριξούσης
856 2093 915 2146 τὸ
968 2096 1199 2165 ἀγαθόν;
1241 2080 1511 2161 Ἀλλ’-οὐκ
1554 2080 1718 2182 ἄνιγε
1753 2080 1933 2190 ἐκείνη

352 2174 610 2232 τοσοῦτον
658 2182 863 2237 συνεῖδε
895 2189 1147 2260 πρᾶγμα,
1173 2194 1371 2261 γνῶσιν
1403 2200 1476 2271 μὴ
1512 2174 1815 2280 κεκτημένη
1838 2227 1851 2240 ·
1874 2174 1935 2264 ού

354 2267 465 2373 γὰρ
499 2270 659 2373 ἄλλος
689 2275 1021 2349 δημιουργὸς
1071 2283 1137 2337 ἂν
1192 2288 1334 2358 εἴη.
1359 2267 1479 2345 ούδὲ
1532 2267 1940 2373 δημιουργήσας

355 2360 527 2427 ἐστὶν,
560 2363 635 2428 ὥς
678 2385 838 2441 φησιν
872 2373 900 2423 ὁ
944 2373 1097 2439 Θεὸς,
1148 2381 1240 2431 καὶ
1290 2382 1389 2454 τὴν
1437 2360 1665 2458 δύναμιν
1714 2360 1788 2446 ἐκ.
1823 2360 1933 2465 ,τῆς

354 2451 494 2597 giae;
539 2457 753 2525 φύσεως
801 2465 1239 2539 προϐαλλόμενος
1284 2451 1375 2527 ἐπὶ
1427 2451 1787 2555 σωφρονισμῷ

422 2561 523 2597 nc.-

422 2561 523 2617 ηςο·

2052 568 2188 626 tum,
2217 580 2479 635 percusso
2529 584 2657 624 aere
2700 571 2939 625 sonitum
2990 573 3215 630 reddere
3250 596 3262 631 :
3296 582 3441 648 quod
3474 584 3617 639 enim

2050 664 2201 711 caret
2260 673 2522 728 corpore,
2594 677 2703 717 non
2770 665 2958 721 reddet
3014 683 3204 724 vocem
3266 688 3387 741 quae
3442 677 3618 732 audiri

2049 757 2252 816 queat;
2303 752 2431 821 quia
2465 767 2574 807 non
2627 756 2860 823 percutit
2897 773 3099 826 aerem,
3147 776 3270 816 cum
3318 766 3390 820 sit
3431 767 3499 823 ab
3532 769 3617 825 im-

2047 853 2351 903 strumento
2382 852 2722 918 percutientc
2747 853 3001 912 liberum.

2116 933 2479 1001 Quamobrem
2510 941 2845 1010 incorporea:
2875 954 3169 1013 potestates
3192 950 3444 1008 inanima)
3470 955 3619 1011 vide-

2044 1024 2273 1093 buntur,
2308 1029 2437 1098 quia
2470 1032 2605 1085 nihil
2636 1033 2780 1101 quod
2817 1049 2980 1090 sensu
3014 1040 3232 1096 auditus
3259 1045 3613 1114 percipiatur,

2044 1114 2112 1168 ab
2143 1115 2223 1170 eis
2265 1117 2332 1170 ad
2382 1134 2483 1174 nos
2529 1119 2724 1175 fertur.
2770 1122 2924 1189 Quod
2974 1126 3141 1197 igitur
3179 1134 3461 1201 oportebat
3502 1134 3617 1191 fieri

2044 1208 2307 1264 indicium
2354 1226 2646 1283 corporum
2698 1232 2927 1286 prorsus
2979 1222 3160 1276 anima
3202 1229 3524 1295 carentium,
3558 1238 3617 1284 ut

2040 1316 2162 1369 qua
2194 1305 2507 1360 necessario
2540 1320 2721 1361 aerem
2756 1310 2977 1378 pulsant
3010 1313 3029 1380 (
3048 1312 3150 1369 hoc
3185 1316 3327 1370 enim
3367 1325 3615 1390 corporis

2038 1400 2143 1458 est,
2188 1408 2297 1448 non
2332 1394 2567 1466 animm),
2602 1397 2707 1453 hoc
2743 1403 2952 1472 accepit
2981 1402 3310 1463 hlanichaaus
3353 1418 3613 1481 tanquam

2038 1486 2255 1556 signum
2281 1487 2665 1545 animationis.
2704 1490 2842 1548 Hinc
2871 1496 3033 1550 etiam
3068 1505 3171 1564 est,
3205 1501 3350 1570 quod
3380 1506 3613 1573 graviter

2038 1587 2258 1635 accusat
2299 1597 2393 1638 eos
2431 1585 2524 1653 qui
2556 1594 2799 1639 mactant
2840 1588 3218 1659 quadrupedes
3247 1600 3301 1648 et
3339 1595 3609 1663 volucres,

2036 1687 2372 1743 quaecunque
2441 1676 2692 1734 homines
2772 1680 2841 1733 ad
2921 1684 3254 1739 vescendum
3328 1686 3609 1755 adhibent,

2037 1770 2301 1833 tanquam
2367 1768 2483 1824 haec
2528 1772 2691 1826 etiam
2746 1773 2835 1827 illa
2880 1776 3054 1832 virtus
3104 1778 3235 1833 boni
3292 1782 3511 1845 animet,
3553 1782 3611 1838 in

1637 1836 1934 1892 ἀποκαλεῖ’
1970 1837 2010 1891 Β
2038 1855 2227 1926 eisque
2257 1859 2627 1917 contineatur.
2666 1862 2761 1919 Sic
2808 1867 3009 1929 studet,
3056 1878 3111 1923 ut
3152 1871 3328 1927 modis
3357 1874 3611 1931 omnibus

2038 1948 2436 2003 contumeliose
2487 1950 2781 2022 vituperet,
2826 1971 2986 2025 quem
3029 1958 3230 2012 bonum
3276 1961 3484 2016 scilicet
3515 1978 3612 2033 ap~

2035 2033 2221 2102 pellat.
2276 2034 2702 2111 lnterrogandus
2753 2044 2955 2114 quippe
3000 2056 3103 2113 est,
3146 2049 3304 2119 cujus
3349 2066 3611 2120 procura-

2034 2125 2183 2182 tione
2248 2130 2451 2187 tradita
2521 2142 2652 2189 sunt
2716 2135 2831 2190 haec
2887 2153 2914 2191 a
2967 2138 3236 2210 principio
3295 2142 3610 2201 hominibus

2034 2212 2101 2267 ad
2160 2218 2523 2275 vescendum!
2564 2237 2635 2277 an
2681 2224 2939 2295 nequitiae
3006 2238 3260 2299 tanquam
3329 2241 3609 2289 contume-

2034 2306 2184 2360 liosa:
2212 2307 2267 2362 in
2299 2310 2498 2366 bonum
2525 2314 2548 2368 ?
2576 2314 2647 2368 At
2673 2331 2783 2371 non
2813 2316 2916 2372 fuit
2941 2319 3032 2373 illa
3062 2328 3228 2376 tantae
3259 2323 3336 2378 rei
3360 2326 3606 2391 conscia,

2044 2404 2104 2449 ut
2153 2413 2272 2469 quae
2310 2404 2674 2473 cognitionem
2721 2424 2829 2463 non
2870 2410 3077 2465 habuit.
3130 2411 3246 2467 Non
3282 2416 3425 2469 enim
3467 2416 3607 2473 alius

2030 2499 2247 2545 creator
2281 2496 2467 2550 mundi
2499 2497 2663 2554 fuerit
2693 2517 2708 2566 ;
2746 2517 2923 2572 neque
2957 2502 3122 2572 Deus,
3157 2513 3217 2558 ut
3249 2507 3346 2574 ait,
3378 2509 3603 2573 creavit,

2028 2588 2083 2633 et
2132 2584 2391 2641 virtutem
2431 2605 2499 2647 ex
2555 2594 2778 2663 propria
2828 2602 3025 2649 natura
3073 2596 3329 2666 produxit
3370 2599 3436 2654 ad
3485 2614 3609 2656 cor-

2027 2677 2327 2734 rectionem
2359 2684 2621 2739 materiae.

1108 2758 1239 2815 CAP.
1279 2761 1521 2824 XXXVI.
1552 2768 1637 2822 Ad
1673 2772 1901 2833 hominis
1929 2785 2213 2844 utilitatem
2244 2796 2423 2849 omnia
2463 2814 2496 2850 α
2525 2797 2634 2852 Deo
2654 2810 2855 2855 creata.

348 2949 439 3053 Ιτοῦ
489 2951 1016 3053 δημιουργήσαντος,
1056 2966 1126 3019 τά
1156 2986 1214 3020 τε
1250 2973 1330 3034 είς
1362 2949 1582 3047 τροφὴν.
1615 2949 1924 3053 ἀνθρώποις

346 3040 628 3114 ἐπιτήδεια
660 3047 756 3100 καὶ
794 3048 859 3103 τὰ
892 3053 987 3122 μή.
1037 3056 1363 3130 Ἐπέτρεψεν
1524 3040 1698 3137 οὐδεὶς
1720 3040 1922 3149 ’ἔτερος

343 3132 379 3204 ἢ
411 3136 440 3187 ό
481 3136 714 3207 ποιήσας
745 3140 1054 3213 ἀνθρώποις
1084 3144 1222 3205 εἶναι
1252 3132 1474 3211 ταῦτα-τ

343 3223 417 3279 ἂν
441 3226 655 3297 ἐπέγνω
700 3232 926 3287 καθόλου
968 3238 1000 3308 ή
1041 3240 1201 3309 φύσις
1228 3246 1287 3297 τὸ
1314 3223 1583 3322 χρήσιμον
1605 3223 1800 3331 ¹ἑαυτῇ,
1824 3223 1920 3332 ,μή

344 3318 488 3374 οὕτω
518 3324 972 3399 νομοθετήσαντος
990 3333 1084 3386 τοῦ
1110 3344 1470 3411 πεποιηκότος
1499 3350 1689 3421 αὐτήν.
1716 3354 1921 3409 Αὐτίκα

345 3410 441 3464 καὶ
480 3412 705 3480 πλοῦτος
753 3420 912 3487 φύσει
964 3423 1135 3478 ταῦτα
1183 3431 1505 3504 γεγένηται,
1533 3439 1607 3501 ὼς
1654 3444 1920 3512 μηδέποτε

344 3502 443 3604 τῆς
475 3504 655 3561 αὐτῶν
677 3511 923 3604 χρήσεως
953 3515 1350 3592 διαλειπούσης·
1373 3502 1478 3580 καὶ
1504 3529 1612 3601 ὅσῳ
1634 3502 1695 3601 γε
1717 3502 1920 3604 μᾶλλον

344 3589 462 3695 ἔνια
507 3597 572 3665 τῇ
607 3600 798 3670 χρήσει
844 3601 1168 3675 δαπανᾶται,
1208 3589 1449 3688 τοσούτῳ
1500 3589 1657 3674 πλέον
1688 3589 1919 3695 πολυγο-

341 3680 551 3786 νωτερα
573 3691 849 3786 τυγχάνεν
864 3694 956 3747 καὶ
976 3696 1044 3750 τὰ
1063 3700 1160 3769 μὲν
1182 3702 1368 3774 τρέφει
1393 3680 1551 3779 μόνον
1580 3680 1916 3786 ἀνθρώπους,

342 3774 412 3829 τὰ
438 3774 495 3828 δὲ
529 3778 621 3830 καὶ
649 3780 840 3849 ὲνδύει,
858 3785 991 3840 ἀλλα
1013 3788 1069 3843 δὲ
1102 3793 1197 3845 καὶ
1215 3774 1637 3872 ἄλλαςνχρήσεις
1665 3774 1917 3877 παρέχει,

342 3866 505 3921 δοῦλα
563 3871 722 3940 φύσει
767 3877 904 3947 πρὸς
954 3879 1047 3933 τοῦ
1098 3866 1599 3962 δημιουργήσαντος

346 3966 845 4035 κατεσκευασμένα.
875 3970 1038 4026 Ὅθεν
1073 3975 1169 4028 καὶ⁸
1202 3978 1565 4039 ὑποτέτακται
1604 3991 1697 4043 καί⁸
1724 3966 1792 4045 τνά
1823 3966 1918 4064 ps-

345 4052 489 4121 γάλα
519 4055 596 4127 τῷ
618 4056 765 4129 ὄγκῳ
791 4063 981 4133 πράως
1010 4068 1246 4135 εἴκοντα,
1278 4074 1370 4126 καὶ
1397 4074 1466 4129 τά
1494 4078 1551 4131 ὲν
1589 4082 1712 4152 ἀέρι
1754 4052 1914 4159 τέγγῃ

342 4143 435 4197 τοῦ
466 4144 727 4217 λογισμοῦ
762 4150 1156 4224 καθελκόμενα,
1188 4164 1283 4215 καὶ
1321 4164 1389 4217 τὰ
1421 4168 1478 4220 ὲν
1508 4143 1691 4224 ὕδασιν
1715 4143 1916 4244 ἀναγόῖ

344 4250 503 4304 μενα,
532 4238 627 4289 καλ⁵
658 4238 855 4308 μᾶλλον
877 4244 1077 4311 ἐκεῖνα,
1109 4250 1210 4304 ὅσα
1234 4269 1297 4321 γε
1322 4256 1379 4307 τὸ
1400 4259 1665 4330 χρήσιμον
1701 4238 1912 4337 ἀνθρω-

341 4342 462 4390 sunt;
493 4327 817 4400 ἀποπληροῖ.
855 4332 1010 4388 Οὕτω
1047 4338 1222 4409 δῆλον,
1245 4344 1320 4407 ὡς
1351 4327 1451 4400 οὐκ
1477 4327 1751 4422 ἀνθ-ρωποι
1783 4327 1910 4410 ἑαυη

338 4420 450 4482 τοῖς
482 4419 767 4475 ἐϐιάσαντο
790 4441 862 4477 πα
870 4424 936 4495 ρά
954 4428 1013 4479 τὸ
1036 4428 1283 4504 βούλημα
1300 4438 1390 4490 τοῦ
1410 4419 1911 4516 δημιουργήσαντος

407 4699 542 4772 Φαίη
574 4702 617 4754 δ’
652 4703 717 4758 ἂν
744 4708 771 4760 ὁ
803 4710 1015 4781 Μάνης,
1049 4709 1126 4773 ὡς
1157 4712 1277 4765 οὐδὲ
1311 4712 1437 4784 βοῦν
1470 4717 1689 4783 εὐσεϐὲς
1721 4723 1908 4795 ἀρόσει

336 4795 783 4867 παραϐεϐλῆσθαι
809 4803 905 4873 τῆς
946 4804 1070 4873 γῆς,
1102 4805 1189 4858 ἵνα
1222 4806 1297 4878 μὴ
1348 4809 1441 4860 καὶ
1472 4811 1611 4866 πάνυ
1652 4818 1911 4871 καταδουη

336 4886 559 4943 λοῦσθαι
593 4890 791 4955 δόξειεν
821 4895 852 4965 ή
881 4895 1016 4965 πρὸς
1045 4894 1139 4949 τοῦ
1169 4897 1370 4966 ἀγαθοῦ
1405 4904 1713 4973 πεμφθεῖσα
1738 4908 1905 4981 ψυχή.

336 4980 449 5036 Καὶ
492 4981 610 5046 πῶς
649 4982 714 5035 ἂν
757 4987 995 5056 γεωργία
1038 4990 1263 5059 συσταίη
1293 5006 1305 5055 ;
1342 4991 1458 5055 πῶς
1491 4995 1535 5047 δ’
1567 4995 1633 5048 ἂν
1667 4999 1726 5051 τὸ
1755 4980 1905 5068 γένος

337 5074 694 5145 παραμείνειε
726 5076 786 5127 τὸ
829 5078 934 5129 τῶν
983 5080 1282 5151 ἀνθρώπων
1317 5086 1715 5159 διαγινόμενον;
1753 5093 1910 5148 Οῦτω

335 5167 489 5238 παρά
536 5169 661 5231 τοὺς
698 5171 907 5233 κοινοὺς
949 5172 1238 5243 λογισμοὺς
1284 5179 1459 5232 πάντα
1502 5182 1639 5235 κατά
1681 5185 1777 5255 τῆς
1815 5186 1907 5258 δη-

337 5260 624 5328 μιουργίας
659 5263 687 5314 ό
730 5262 996 5326 παντοίως
1022 5266 1226 5331 Μανεὶς
1259 5270 1550 5326 ἐπλάσατο.
1603 5276 1769 5329 Δοῦλα
1798 5279 1905 5351 γὰρ

333 5350 579 5417 φυσικῶς
603 5351 889 5424 ἀνθρώπου
920 5354 987 5407 τά
1015 5357 1196 5426 ἥμερα
1230 5360 1344 5425 ζῶα
1370 5367 1679 5437 γεγένηται,
1721 5372 1812 5423 καὶ
1838 5350 1901 5443 τῇ

329 5437 522 5496 τούτου
565 5444 757 5515 χρήσει
792 5447 1219 5518 παραϐέϐληται.
1263 5454 1434 5509 Δοῦλα
1481 5457 1537 5510 δὲ
1569 5460 1690 5513 καθ’
1719 5437 1905 5535 ἕτερον

329 5527 486 5600 λόγον
530 5533 623 5586 καὶ
651 5533 718 5587 τά
750 5534 1000 5607 ἀνήμερα
1033 5538 1168 5608 πρὸς
1204 5545 1268 5613 τῇ
1302 5544 1525 5619 ῥηθείσῃ
1554 5550 1721 5622 αἰτίᾳ,
1764 5527 1905 5608 ὥστε

330 5622 575 5695 λογισμῷ
611 5625 702 5677 τὸν
741 5626 1024 5697 ἄνθρωπον
1069 5631 1284 5686 πάντων
1326 5635 1434 5689 τῶν
1462 5638 1671 5709 ἀλόγων
1715 5661 1902 5715 κρατι-

339 5714 584 5769 στεύειν·
619 5716 750 5769 Θεοῦ
790 5718 846 5772 δὲ
878 5721 1263 5792 ἐπιτρέποντος
1304 5727 1391 5780 διὰ
1430 5732 1675 5797 ποικίλας
1701 5714 1898 5801 αἰτίας,

338 5807 401 5860 οὐ
425 5806 562 5863 λέων
594 5808 755 5880 μόνον
784 5810 842 5863 τὸ
868 5811 1239 5883 ἀλκιμώτατον
1273 5818 1474 5891 θηρίον,
1505 5823 1535 5892 ἦ
1570 5841 1620 5877 τι
1664 5828 1768 5879 τῶν
1810 5830 1899 5883 ἅλ-

2102 2905 2445 2967 Exstiterunt
2504 2911 2671 2984 igitur
2710 2915 2897 2969 omnia
2941 2916 3219 2983 animalia,
3279 2920 3490 2977 volente
3537 2937 3606 2980 eo

2029 2997 2123 3066 qui
2170 3000 2400 3067 creavit,
2452 3010 2506 3058 et
2556 3019 2677 3074 quae
2721 3006 2789 3060 ad
2832 3006 3087 3062 alendum
3126 3010 3377 3066 homines
3406 3011 3602 3069 idonea

2028 3098 2178 3156 sunt,
2204 3100 2258 3148 et
2287 3108 2408 3165 quae
2448 3111 2577 3152 non.
2617 3096 2789 3153 Nemo
2817 3098 2984 3170 igitur
3015 3102 3153 3157 alius
3177 3106 3512 3173 procuravit,
3542 3118 3603 3167 ιτ

1480 3165 1681 3234 ροφήΨ
1720 3168 1780 3219 οὐ
1812 3169 1920 3241 γὰρ
1948 3201 1989 3257 C
2024 3184 2138 3239 haec
2175 3185 2494 3243 hominibus
2520 3190 2574 3242 in
2614 3190 2798 3244 cibum
2841 3165 2897 3246 et
2927 3165 3244 3248 alimentum
3277 3165 3600 3254 adhiberen-

2024 3284 2132 3339 tur,
2156 3277 2258 3332 nisi
2281 3279 2375 3349 qui
2404 3295 2468 3333 ea
2499 3282 2705 3335 creavit
2738 3302 2751 3337 :
2784 3298 2891 3337 non
2918 3285 3063 3337 enim
3088 3286 3347 3343 universa
3378 3298 3595 3357 natura,

2022 3369 2151 3438 quid
2209 3372 2309 3426 sibi
2364 3373 2497 3428 utile
2542 3386 2711 3441 esset,
2758 3378 3127 3447 cognovisset,
3180 3379 3289 3437 nisi
3326 3383 3421 3451 qui
3476 3399 3597 3439 eam

2024 3457 2183 3526 fecit,
2217 3461 2297 3516 sic
2336 3466 2628 3520 sanxisset.
2667 3465 2748 3521 Ex
2791 3483 2905 3537 quo
2939 3470 3203 3525 continuo
3246 3470 3452 3529 factum
3488 3483 3595 3543 est,

2022 3556 2081 3603 ut
2112 3551 2225 3607 hzec
2268 3552 2467 3609 fuerint
2507 3556 2711 3612 divitia:
2753 3568 2971 3626 natura,
3021 3562 3222 3634 quippe
3284 3580 3407 3622 cum
3460 3584 3597 3624 nun-

2020 3656 2183 3711 quam
2215 3658 2404 3699 earum
2448 3662 2582 3702 usus
2609 3647 2826 3704 deﬁciat
2852 3667 2873 3715 ;
2906 3661 2960 3707 et
2998 3668 3108 3723 quo
3139 3656 3315 3728 magis
3346 3660 3596 3728 quaedam

2021 3749 2121 3789 usu
2158 3746 2584 3805 consumuntur,
2615 3756 2681 3795 eo
2715 3748 2846 3796 sunt
2875 3742 3228 3803 diuturniora
3255 3768 3270 3817 ;
3300 3765 3365 3806 ac
3396 3755 3595 3823 partim

2019 3825 2240 3895 quidem
2296 3830 2449 3883 alunt
2497 3831 2771 3901 homines,
2823 3836 3022 3906 partim
3074 3840 3334 3911 vestiunt,
3387 3852 3442 3900 et
3487 3847 3593 3900 alia

2019 3917 2156 3973 alios
2198 3934 2332 3975 usus
2380 3922 2645 3991 praebent,
2690 3924 2834 3981 facta
2880 3936 3081 3984 natura
3111 3933 3322 3989 homini
3366 3952 3522 3991 serva
3559 3952 3592 3992 a

2017 4006 2294 4064 Creatore.
2340 4009 2492 4068 Unde
2539 4014 2784 4085 subjecta
2820 4028 2949 4072 sunt
2995 4020 3044 4074 ei
3080 4022 3265 4091 etiam,
3308 4042 3429 4095 quae
3462 4035 3592 4082 sunt

2016 4107 2170 4152 vasta
2204 4100 2366 4165 mole,
2398 4111 2682 4159 mansuete
2720 4104 3029 4161 obedientia
3060 4127 3077 4176 ;
3112 4118 3165 4164 et
3211 4126 3332 4181 qua:
3380 4112 3433 4167 in
3467 4129 3591 4171 aere

2016 4187 2251 4243 artiﬁcio
2276 4190 2505 4247 rationis
2536 4192 2603 4246 ad
2637 4209 2743 4249 nos
2772 4194 3088 4264 trahuntur,
3118 4206 3173 4254 et
3202 4216 3321 4270 quae
3348 4201 3401 4255 in
3434 4205 3591 4271 aquis

2014 4280 2343 4347 educuntur,
2375 4291 2540 4353 atque
2576 4300 2639 4339 ea
2665 4288 2840 4358 magis
2866 4304 2990 4358 quae
3020 4291 3314 4347 utilitatem
3346 4292 3587 4347 homini-

2014 4370 2118 4426 bus
2142 4372 2380 4442 explent.
2430 4374 2521 4429 Sic
2564 4384 2731 4446 patet,
2775 4392 2887 4433 non
2928 4380 3177 4438 homines
3211 4383 3320 4439 sibi
3352 4399 3447 4454 per
3478 4386 3585 4441 vim

2013 4463 2274 4517 animalia
2296 4467 2511 4522 ratione
2541 4469 2783 4523 carentia
2815 4471 3137 4541 subjecisse,
3172 4483 3367 4544 praeter
3393 4478 3586 4532 volun-

2013 4639 2127 4695 hmc
2157 4643 2237 4697 eis
2274 4644 2527 4714 subjecit.

2083 4733 2226 4789 Dicit
2256 4738 2420 4791 etiam
2453 4738 2809 4810 Manichacus,
2842 4746 3070 4817 impium
3092 4764 3213 4806 esse
3239 4751 3430 4807 bovem
3458 4770 3583 4809 ara—

2008 4824 2143 4878 tioni
2180 4832 2340 4883 terra:
2376 4830 2672 4899 applicare,
2703 4850 2772 4889 ne
2814 4837 2993 4890 anima
3030 4854 3059 4891 a
3092 4838 3201 4893 Deo
3233 4841 3423 4906 missa,
3464 4845 3583 4898 val-

2009 4915 2074 4971 de
2094 4920 2363 4977 servitute
2382 4937 2573 4991 pressa
2594 4925 2859 4982 videatur.
2880 4928 2945 4982 Et
2962 4932 3234 5001 quomodo
3245 4936 3581 5004 agricultura

2009 5013 2310 5065 sustentari
2362 5017 2588 5083 posset?
2633 5022 2907 5088 quomodo
2940 5022 3145 5079 durans
3188 5041 3360 5096 genus
3400 5028 3579 5082 homi-

2008 5116 2137 5154 num
2191 5108 2604 5172 perseveraret?
2653 5108 2743 5164 Sic
2788 5111 3122 5171 Manichacus
3166 5118 3347 5173 omnia
3384 5129 3581 5189 prreter

2006 5206 2334 5251 communes
2377 5200 2628 5257 notiones
2675 5214 2866 5259 contra
2914 5209 3248 5267 creationem
3292 5214 3444 5267 varie
3494 5212 3579 5266 fu-

2004 5299 2131 5341 rens
2165 5286 2341 5343 ﬁnxit.
2386 5288 2552 5362 Serva
2595 5295 2739 5349 enim
2791 5296 3030 5356 hominis
3073 5303 3393 5359 naturaliter
3423 5320 3577 5359 man-

2008 5382 2163 5429 sueta
2204 5378 2460 5434 animalia
2502 5381 2641 5437 facta
2693 5394 2842 5451 sunt,
2879 5398 2933 5445 et
2974 5392 3097 5446 usui
3127 5393 3247 5462 ejus
3278 5394 3572 5453 destinata.

2006 5464 2122 5521 Non
2171 5480 2452 5527 mansueta
2505 5483 2686 5531 autem
2733 5479 2838 5533 alia
2884 5481 3097 5540 ratione
3145 5500 3322 5551 serva,
3378 5497 3574 5557 praeter

2002 5572 2222 5614 causam
2250 5561 2471 5629 dictam,
2504 5576 2564 5621 ut
2596 5569 2760 5625 homo
2782 5573 2989 5630 ratione
3015 5576 3069 5630 in
3096 5579 3277 5633 omnia
3314 5581 3571 5636 animalia

2001 5650 2214 5708 ratione
2274 5658 2517 5713 carentia
2592 5661 2988 5733 dominaretur,
3052 5667 3165 5725 Deo
3240 5672 3311 5727 ob
3387 5675 3577 5731 varias

2002 5755 2201 5800 causas
2249 5744 2302 5801 id
2347 5759 2675 5818 procurante
2728 5768 2743 5804 :
2800 5757 3000 5827 alioqui
3050 5776 3158 5815 non
3204 5762 3288 5819 leo
3329 5773 3571 5833 tantum,

2005 5834 2116 5889 fera
2150 5835 2476 5910 fortissima,
2521 5851 2611 5899 aut
2662 5846 2841 5919 aliqua
2882 5851 2983 5907 alia
3016 5853 3340 5925 hujusmodi
3370 5859 3569 5924 bestia,
