4116 6332
1654 363 1790 420 Tl'l'l
1829 358 2254 425 BOSTRENSIS
2291 364 2596 425 EPISCOPI

3614 366 3762 424 1204

513 486 612 534 aut
657 493 882 550 serpens
926 477 1204 534 hominem
1245 478 1508 543 vinceret,
1558 480 1652 536 sed
1698 482 1857 538 culex
1896 483 2081 550 etiam,
2115 519 2129 552 λ

2212 508 2298 544 ιων
2328 488 2532 562 θηρίων
2566 487 2600 560 ἢ
2649 483 2914 558 ἐρπετῶν,
2967 482 3254 557 ἀνθρώπου
3297 484 3624 556 κρατήσειεν
3663 483 3759 551 ἀν,

513 575 612 624 aut
639 568 784 624 aliud
815 584 882 623 ex
909 567 1173 624 minimis.
1204 566 1404 624 Verum
1439 577 1634 625 natura
1665 569 1900 627 ferarum
1931 575 2089 630 aliter

509 665 679 719 etiam
719 676 882 732 quam
915 661 1124 718 dictum
1162 671 1269 728 est,
1309 662 1378 717 ad
1409 670 1690 733 aspectum
1720 673 1773 721 et
1803 667 2087 736 experien-

514 754 647 809 tiam
678 753 990 810 hominibus
1028 754 1261 813 diversis
1305 758 1372 814 de
1411 757 1593 812 causis
1635 758 1940 813 necessaria
1979 767 2083 813 est.

2193 581 2329 637 ἀλλά
2370 583 2464 636 καὶ
2495 579 2692 649 κώνωψ
2719 579 2755 649 ἦ
2784 596 2836 632 τι
2872 577 2980 632 τῶν
3007 578 3180 633 ἄλλων
3213 577 3563 648 βραχυτάτων
3597 593 3762 650 περι-

2193 676 2404 745 γένοιτο
2423 688 2438 704 ·
2479 671 2617 744 πλὴν
2649 670 2854 743 θηρίων
2892 669 3050 740 φύσις
3088 671 3182 723 καὶ
3207 669 3379 734 ἄλλως
3414 671 3508 723 τὸν
3537 667 3765 740 εἰρημέο

2193 785 2283 820 νον
2315 766 2514 837 τρόπον
2564 766 2643 826 εἰς
2674 762 2825 832 ὄψεις
2867 763 3034 823 ἐστὶν,
3079 762 3160 815 ὅτι
3202 761 3294 814 καὶ
3325 763 3404 824 εἰς
3436 763 3634 832 πεῖραν
3670 758 3766 814 ἀν-

2193 858 2429 930 θρώποις
2459 855 2599 910 κατὰ
2631 854 2920 926 διαφόρους
2947 852 3124 915 αἰτίας
3149 849 3436 919 ἀναγκαία.

1359 982 1486 1035 CAP.
1527 979 1787 1034 XXXVII.
1830 979 1894 1032 In
1923 980 2127 1048 fabrica
2155 974 2337 1030 mundi
2368 972 2627 1042 sapientia
2652 969 2942 1027 Creatoris.

591 1066 698 1123 Sed
719 1068 846 1139 quia
869 1069 935 1122 ad
964 1069 1177 1140 singula
1203 1087 1324 1140 qua:
1341 1071 1433 1125 ille
1459 1080 1693 1142 nugatur
1721 1078 1776 1125 et
1811 1071 1982 1140 lingit,
2009 1085 2099 1124 re-

521 1163 795 1230 spondere
810 1171 865 1218 et
886 1177 1181 1218 occurrere
1199 1163 1430 1218 delirum
1447 1178 1568 1218 esse
1584 1163 1798 1217 videtur
1819 1178 1834 1214 :
1857 1170 2100 1218 contem-

519 1251 778 1320 plandum
797 1261 881 1308 est
903 1253 1308 1324 intelligentiam
1333 1252 1552 1308 habenti
1573 1252 1693 1308 sine
1708 1251 2096 1322 disputatione,

522 1343 796 1413 quomodo
847 1345 1011 1401 unius
1056 1346 1226 1400 verbo
1284 1345 1470 1400 omnia
1521 1352 1704 1415 aptata
1773 1352 1922 1401 sunt.
1978 1343 2098 1400 Una

521 1436 610 1493 lex
641 1438 922 1495 Creatoris
969 1439 1026 1494 in
1064 1439 1325 1494 omnibus
1367 1437 1704 1502 dominatur,
1761 1445 1819 1494 et
1860 1437 1999 1492 nihil
2044 1437 2101 1490 in

525 1529 692 1586 rebus
727 1538 972 1602 pugnat,
1003 1545 1179 1602 neque
1221 1530 1349 1586 belli
1384 1530 1648 1587 indicium
1677 1530 1762 1584 vel
1793 1528 2095 1586 dissensio-

523 1621 616 1676 nis
684 1621 741 1676 in
813 1623 1083 1679 creaturis
1138 1633 1407 1695 apparet;
1470 1624 1604 1694 quin
1679 1623 1862 1693 potius
1913 1621 2094 1676 omnia

528 1713 776 1782 (homine
810 1716 1028 1786 quidem
1063 1719 1342 1788 peccante)
1371 1733 1558 1789 pacem
1597 1719 1742 1773 inter
1781 1733 1842 1773 se
1870 1716 2092 1780 habent,

527 1815 592 1862 ut
633 1823 756 1879 qua:
788 1807 856 1863 ab
885 1825 997 1865 uno
1027 1811 1182 1881 pacis
1211 1819 1266 1867 et
1294 1811 1496 1883 quietis
1548 1818 1814 1868 statutum
1875 1824 2099 1878 accepe-

527 1910 699 1969 runt;
745 1917 776 1957 a
821 1918 933 1974 quo
976 1902 1081 1958 hoc
1129 1905 1306 1976 ipsum
1356 1905 1502 1975 quod
1555 1911 1707 1968 sunt,
1749 1919 1780 1957 a
1830 1901 2100 1973 principio

528 1994 755 2051 habent.
810 1993 1104 2066 Conspirat
1145 1996 1288 2052 enim
1327 2011 1453 2051 cum
1497 1977 1662 2051 rebus
1699 2008 1821 2064 quae
1859 1993 1917 2046 in
1955 1998 2100 2045 terra

532 2094 682 2152 sunt,
743 2087 941 2143 caelum
1001 2088 1216 2159 pluens,
1261 2104 1386 2144 cum
1443 2096 1656 2158 tempus
1705 2086 1980 2158 postulat;
2037 2099 2102 2139 ac

532 2195 731 2236 rursus
768 2179 1011 2251 pluviam
1049 2180 1310 2244 sustinet,
1335 2195 1458 2234 cum
1491 2194 1633 2250 opus
1665 2187 1750 2235 est
1778 2179 1894 2234 solo
1923 2177 2103 2233 calore

533 2271 604 2326 ad
663 2270 1054 2326 maturandum
1107 2289 1121 2323 :
1178 2271 1259 2324 sol
1311 2278 1492 2325 autem
1541 2285 1641 2325 suo
1698 2269 1929 2324 circuitu
1988 2268 2104 2338 lege

535 2361 780 2417 auctoris
833 2361 1136 2416 constituto
1177 2360 1342 2416 eiiicit
1389 2367 1762 2430 tempestates,
1815 2374 2100 2429 nunquam

533 2467 630 2509 eas
671 2459 1039 2514 commutans,
1080 2451 1328 2522 quinimo
1376 2466 1546 2505 unum
1612 2451 1860 2506 ordinem
1915 2465 2103 2504 carum

531 2543 930 2600 immutabilem
957 2549 1126 2608 tenet,
1166 2552 1588 2614 perseveratque
1623 2543 1679 2597 in
1711 2551 1905 2597 natura
1931 2543 2108 2597 varie-

536 2647 626 2693 tas
683 2651 697 2688 :
753 2643 915 2708 atque
977 2651 1090 2691 una
1155 2642 1211 2690 et
1262 2635 1451 2691 eadem
1503 2650 1716 2692 summa
1775 2634 2107 2704 conspiratio

538 2745 706 2801 supra
749 2737 806 2786 et
848 2729 990 2784 infra
1035 2729 1300 2785 cernitur.
1334 2727 1452 2784 Nox
1490 2736 1670 2783 autem
1720 2729 1867 2784 omni
1911 2728 2108 2784 szeculo

539 2821 845 2892 permansit
895 2821 1014 2877 sine
1068 2819 1433 2875 inconstantia
1487 2818 1750 2875 adversus
1789 2819 1955 2883 diem,
1998 2834 2109 2873 non

533 2922 693 2969 tnotu
733 2913 964 2970 fortuito
1004 2923 1060 2969 et
1109 2920 1332 2968 earente
1371 2911 1583 2967 ratione
1623 2910 1730 2966 diei
1784 2909 2107 2972 succedens,

539 3007 638 3066 sed
704 3007 972 3078 sapientia
1050 3005 1292 3061 auctoris
1345 3002 1596 3060 addendo
1647 3010 1702 3059 et
1758 3004 2112 3060 subducenda

537 3106 890 3170 temperata;
948 3097 1114 3169 idque
1171 3112 1282 3151 non
1324 3096 1462 3152 alias
1516 3095 1696 3160 aliter,
1749 3095 1883 3166 quin
1930 3095 2112 3166 potius

2278 1065 2416 1119 Ἀλλ’
2443 1062 2630 1133 ἐπειδὴ
2675 1062 2814 1134 πρὸς
2857 1061 3084 1114 ἕκαστον
3124 1052 3198 1111 ὧν
3240 1057 3446 1117 ἐκεῖνος
3485 1051 3770 1122 ἀδολεσχεῖ

2190 1175 2253 1210 τε
2289 1158 2384 1210 καὶ
2417 1156 2728 1216 πλάττεται,
2777 1153 2939 1224 λῆρος
2969 1151 3033 1206 ἂν
3069 1151 3269 1217 δόξειεν
3301 1145 3436 1201 εἶναι
3471 1146 3532 1198 τὸ
3581 1145 3768 1212 λέγειν

2191 1271 2252 1306 τε
2279 1251 2376 1306 καὶ
2410 1251 2654 1320 ἁπαντᾷν
2678 1266 2692 1280 ·
2737 1247 3037 1319 θεωρητέον
3072 1245 3165 1298 καὶ
3210 1243 3330 1314 δίχα
3365 1241 3522 1308 λόγου
3565 1237 3649 1308 τῷ
3676 1253 3773 1290 κει

2192 1344 2449 1416 κτημένῳ
2493 1340 2725 1404 σύνεσιν,
2765 1340 2912 1402 ὅπως
2960 1339 3055 1408 μὲν
3104 1336 3220 1399 ἐνὸς
3259 1335 3501 1404 ἥρμοστο
3527 1331 3678 1400 λόγῳ
3701 1327 3775 1381 τά

2197 1437 2513 1508 σύμπαντα·
2542 1428 2621 1496 εἷς
2655 1432 2712 1485 δὲ
2743 1431 2903 1502 νόμος
2945 1428 3038 1481 τοῦ
3083 1424 3422 1498 Δημιουργοῦ
3452 1421 3592 1476 κατά
3633 1419 3775 1474 πάν-

2195 1548 2303 1584 των
2329 1530 2540 1599 κρατεῖ,
2580 1525 2676 1579 καὶ
2709 1524 2857 1577 οὐδὲν
2892 1523 2950 1574 ἐν
2983 1523 3094 1584 τοῖς
3127 1515 3244 1572 οὖσι
3273 1516 3612 1585 διαμάχεται,
3646 1509 3776 1564 οὐδὲ

2197 1621 2436 1691 πολέμου
2466 1619 2760 1690 τεκμήριον
2787 1617 2820 1687 ἢ
2854 1613 3117 1686 διχονοίας
3143 1615 3200 1666 ἐν
3224 1613 3335 1673 τοῖς
3363 1606 3778 1679 δημιουργήμαο

2197 1731 2282 1768 σιν
2306 1713 2679 1782 ὑποφαίνεται,
2709 1710 2822 1763 ἀλλ’
2850 1707 3138 1779 εἰρηνεύει,
3165 1703 3300 1757 Θεοῦ
3335 1719 3399 1771 γε
3433 1699 3779 1770 συμπλέκον-

2193 1823 2285 1870 τος
2307 1804 2375 1859 τά
2405 1804 2580 1858 πάντα
2607 1801 2744 1874 πρὸς
2785 1797 3012 1869 ἄλληλα,
3040 1796 3114 1858 ὼς
3143 1795 3232 1863 ὐφ’
3261 1792 3381 1855 ἐνὸς
3411 1789 3647 1874 λαϐόντα
3672 1787 3777 1856 τῆς

2198 1899 2420 1972 εἰρήνης
2445 1896 2538 1949 καὶ
2568 1873 2665 1964 τῆς
2690 1891 2918 1964 ἡσυχίας
2942 1889 3002 1942 τὸ
3036 1886 3304 1957 σύνθημα,
3345 1883 3475 1953 παρ’
3504 1873 3567 1933 οὗ
3591 1878 3689 1932 καὶ
3711 1877 3780 1930 τδ

2201 1968 2461 2056 εἶναιτὴν
2509 1986 2684 2058 ἀρχὴν
2729 1983 2938 2046 τούτοις
2983 1978 3230 2050 ὑπῆρξε·
3277 1975 3516 2045 συμπνεῖ
3555 1989 3617 2024 τε
3663 1968 3778 2038 γὰρ

2197 2087 2310 2148 τοῖς
2341 2083 2433 2136 ἐπὶ
2470 2082 2573 2152 γῆς
2619 2078 2936 2150 πράγμασιν
2976 2071 3203 2144 οὐρανὸς
3240 2069 3368 2129 ὒων,
3411 2067 3540 2119 ὅταν
3584 2061 3782 2134 καιρὸς

2201 2178 2427 2246 ἀπαιτῇ,
2454 2173 2550 2227 καὶ
2575 2167 2729 2234 αὖθις
2759 2169 2965 2239 ἀνέχων
2991 2165 3082 2218 τὸν
3104 2161 3274 2226 ὑετὸν,
3299 2162 3426 2213 ὅταν
3449 2157 3545 2228 δέῃ
3577 2153 3780 2225 θερμό-

2199 2286 2322 2342 τητι
2367 2267 2504 2340 μόνῃ
2543 2259 2987 2333 τελεσφοριῖσθαι
3025 2257 3094 2310 τὰ
3121 2254 3292 2325 φυτά·
3329 2251 3481 2322 ἥλιος
3512 2249 3572 2300 δὲ
3610 2261 3781 2317 μετα-

2203 2339 2403 2416 ϐαίνων
2432 2339 2583 2429 νόμῳ
2613 2354 2708 2410 τοῦ
2755 2353 3078 2422 ποιήσαντος
3120 2347 3219 2411 τάς
3269 2345 3417 2414 ὥρας
3463 2339 3781 2412 ἐργάζεται,

2203 2453 2536 2508 ἐναλλάττων
2570 2449 2824 2503 οὐδέποτε
2853 2443 3077 2505 ταύτας,
3113 2441 3238 2511 μίαν
3270 2439 3326 2492 δὲ
3362 2436 3463 2505 τὴν
3503 2433 3662 2498 τάξιν
3692 2429 3788 2483 αὖ·

2202 2548 2313 2603 τῶν
2343 2542 2694 2616 ἀπαράϐατον
2725 2536 3006 2597 δεικνύων,
3039 2532 3133 2586 καὶ
3169 2531 3396 2602 ἐμμένει
3426 2541 3491 2596 γε
3522 2527 3591 2595 τῇ
3622 2521 3786 2592 φύσει

2204 2641 2265 2694 τὸ
2291 2638 2581 2708 διάφορον;
2621 2632 2720 2703 μία
2762 2630 2820 2683 δέ
2858 2627 2952 2681 καὶ
2993 2627 3027 2696 ἡ
3060 2622 3197 2692 αὐτὴ
3231 2619 3478 2690 φαίνεται
3511 2616 3789 2685 σύμπνοια

2205 2729 2314 2784 τῶν
2346 2728 2458 2783 ἄνω
2487 2743 2549 2779 τε
2581 2723 2679 2777 καὶ
2721 2719 2830 2774 τῶν
2874 2717 3026 2771 κάτω
3067 2712 3202 2784 πρὸς
3235 2709 3543 2783 ἀκρίϐειαν.
3578 2705 3698 2771 Νὺξ
3727 2703 3788 2755 δὲ

2209 2822 2346 2895 πρὸς
2377 2818 2590 2890 ἡμέραν
2634 2809 2995 2872 ἀστασίαστος
3033 2806 3269 2877 διέμεινε
3307 2802 3398 2856 τὸν
3444 2799 3612 2853 αἰῶνα
3647 2795 3789 2864 σύμ-

2209 2888 2543 2974 πανταξούκ
2568 2905 2750 2974 ἀλόγῳ
2779 2903 2921 2974 φορᾷ
2949 2899 3046 2970 τὴν
3080 2894 3328 2965 διαδοχὴν
3360 2891 3494 2961 πρὸς
3519 2888 3611 2958 τὴν
3639 2888 3790 2956 ἡμε-

2211 3021 2311 3076 ραν
2345 3002 2563 3072 ἔχουσα,
2597 2996 2733 3050 ἀλλά
2759 2994 2924 3064 σοφίᾳ
2947 2989 3040 3044 τοῦ
3063 2981 3426 3058 Δημιουργοῦ,
3450 2978 3788 3050 προσθήκαις

2211 3070 2272 3153 τε
2316 3070 2411 3150 καί
2462 3091 2785 3163 ἀφαιρέσεσι
2837 3082 3214 3158 μετρουμένη·
3268 3077 3362 3131 καὶ
3402 3073 3524 3128 οὐδὲ
3563 3070 3791 3163 ταύταις

537 3190 894 3248 manifestum
953 3203 1017 3244 ac
1063 3198 1275 3244 certum
1330 3194 1415 3242 est
1469 3195 1682 3257 tempus
1739 3162 2110 3251 accessionis;

2214 3191 2399 3246 ἄλλοτε
2439 3162 2632 3248 ἄλλως,
2664 3181 2797 3236 ἀλλὰ
2837 3178 2993 3249 δῆλος
3038 3174 3136 3269 μὲν
3182 3167 3518 3269 προσθήκηςἶ
3547 3162 3708 3269 δῆλός
3729 3177 3791 3215 τε

543 3282 895 3340 manifestum
945 3282 1073 3337 item
1102 3287 1158 3336 et
1185 3287 1398 3334 certum
1449 3287 1660 3348 tempus
1711 3275 2112 3332 subductionis.

544 3377 760 3434 Rursus
811 3376 894 3432 sol
944 3390 1055 3428 non
1100 3380 1358 3444 gravatur
1393 3369 1537 3425 nocti
1580 3369 1906 3434 succedere,
1944 3383 2118 3439 neque

543 3470 934 3526 contumeliam
993 3466 1145 3522 ducit
1185 3465 1360 3534 legem
1411 3462 1739 3528 Creatoris;
1790 3459 1888 3516 sed
1936 3461 2117 3530 potius

544 3571 702 3612 more
747 3555 905 3627 probi
964 3553 1130 3615 servi,
1184 3549 1437 3606 conlecto
1488 3551 1606 3606 sine
1653 3549 1959 3604 cessatione
2006 3548 2115 3601 ulla

544 3663 713 3705 cursu
760 3646 891 3708 diei.
939 3644 1164 3710 recedit,
1215 3651 1275 3698 ut
1321 3644 1372 3699 ei
1416 3643 1499 3698 lex
1568 3640 1826 3714 imposita
1860 3647 1966 3702 est,
1997 3639 2120 3692 dili-‘-

546 3748 740 3811 genter
780 3754 840 3795 se
872 3737 1104 3802 abdens,
1150 3745 1211 3792 ut
1245 3751 1353 3792 nox
1392 3737 1630 3807 spatium
1675 3733 1779 3790 sibi
1812 3731 2119 3788 dimensum

549 3831 800 3901 recipiat.

621 3921 765 3988 Quid
791 3937 921 3977 vero
945 3919 1013 3977 de
1045 3926 1189 3977 terra
1221 3927 1276 3976 et
1312 3917 1454 3972 mari
1485 3915 1658 3982 dices,
1696 3914 1969 3986 quomodo
2005 3929 2122 3968 am-

551 4015 625 4070 bo
653 4013 902 4070 terminis
935 4011 1350 4082 circumscripta
1382 4009 1547 4064 sunt?
1576 4007 1728 4063 Licet
1750 4005 1935 4061 videre
1971 4021 2122 4061 mare

549 4105 808 4161 ﬂuctibus
856 4103 1091 4166 elatum,
1132 4102 1251 4172 lege
1300 4106 1480 4153 autem
1528 4097 1599 4152 ab
1638 4095 1841 4166 impetu
1881 4093 2124 4164 prohibi-

549 4205 692 4260 tum,
740 4204 797 4252 et
841 4195 894 4249 vi
927 4192 1210 4249 ventorum
1263 4190 1555 4260 impulsum
1613 4189 1672 4243 in
1710 4197 1934 4247 terram,
1977 4194 2123 4240 metu

554 4298 736 4346 autem
761 4288 896 4359 legis
919 4293 1220 4342 retrorsum
1251 4284 1512 4340 reﬂexum
1544 4301 1560 4336 :
1591 4280 1840 4352 quamvis
1863 4293 1970 4333 non
2004 4294 2126 4331 mu-

553 4399 652 4439 rus
691 4367 1074 4437 adamantinus
1107 4376 1310 4432 auxilio
1345 4383 1429 4432 est
1460 4375 1533 4440 ei,
1566 4388 1634 4430 ne
1674 4386 1823 4427 mare
1851 4369 2033 4427 ellluat
2071 4377 2125 4422 et

554 4475 786 4531 lnundet
825 4481 1052 4539 terram,
1088 4479 1143 4526 et
1169 4485 1282 4525 non
1321 4467 1542 4524 obediat
1586 4463 1798 4520 auctori
1830 4477 1950 4517 suo.
1983 4460 2123 4526 Quin

2214 3283 2314 3350 τῆς
2341 3275 2682 3348 ἀφαιρέσεως
2705 3274 2733 3324 ό
2771 3267 2980 3340 καιρός.
3014 3260 3179 3325 Αὖθις
3205 3261 3260 3313 δὲ
3288 3259 3437 3329 ἥλιος
3466 3256 3528 3308 ού
3562 3252 3794 3350 βαρύνε-

2215 3342 2304 3425 ται
2335 3342 2436 3439 της
2467 3342 2658 3428 νυκτὸς
2697 3363 2794 3433 τὴν
2821 3357 3087 3428 διαδοχὴν,
3112 3352 3230 3407 οὐδὲ
3261 3350 3416 3420 ὓϐριν
3456 3349 3668 3417 ἡγεῖται
3701 3342 3793 3395 τὸν

2215 3436 2404 3534 νόμον*
2427 3459 2522 3513 τοῦ
2580 3453 3110 3526 δημιουργήσαντος·
3177 3443 3291 3498 ἀλλ’
3344 3438 3549 3509 ἀγαθοῦ
3603 3436 3791 3489 δούλου

2216 3527 2415 3624 τρόπον
2459 3547 2680 3609 τελέσας
2729 3541 2990 3597 ἀπνευστὶ
3032 3538 3130 3606 τῆς
3173 3533 3383 3605 ἡμέρας
3426 3529 3517 3582 τὸν
3569 3527 3788 3598 δρόμον,

2218 3618 2492 3714 ἀναχωρεῖ
2519 3657 2583 3709 γε
2675 3636 2837 3706 νόμος
2872 3630 3022 3701 αύτῷ
3059 3627 3260 3697 σπουδῇ
3293 3621 3690 3695 κρυπτόμενος,
3719 3618 3793 3680 ὠς

2220 3736 2286 3791 ἂν
2312 3736 2373 3788 τὸ
2405 3734 2600 3787 οἰκεῖον
2633 3728 2826 3800 μέτρον
2849 3728 2883 3796 ὴ
2911 3723 3006 3790 νὺξ
3030 3717 3296 3790 ἀπολάϐῃ.

2288 3913 2357 3967 Τί
2383 3913 2426 3965 δ’
2456 3911 2519 3965 ἂν
2550 3907 2724 3970 εἴποις
2754 3903 2882 3975 περὶ
2902 3901 3004 3972 γῆς
3035 3916 3092 3952 τε
3122 3897 3215 3951 καὶ
3237 3895 3523 3964 θαλάττης,
3554 3889 3628 3953 ὡς
3661 3890 3795 3941 Exa-

2224 4026 2346 4064 στον
2393 4005 2570 4060 αὐτῶν
2617 4003 2728 4074 ὅρῳ
2774 3998 2881 4051 τινί
2932 3993 3403 4066 περιγέγραπται;
3460 3984 3599 4037 Ἀλλ’
3647 3982 3796 4034 ἔστιν

2226 4101 2353 4156 ἰδεῖν
2403 4098 2500 4168 τὴν
2541 4093 2810 4147 θάλατταν
2858 4083 3228 4158 κυρτουμὲνην
3275 4080 3370 4150 μὲν
3412 4079 3524 4140 τοῖς
3563 4075 3794 4144 κύμασι,

2223 4195 2371 4266 νόμῳ
2394 4192 2450 4244 δὲ
2481 4188 2580 4257 τῆς
2611 4184 2798 4252 ἐφόδου
2825 4176 3170 4248 κωλυομένην
3195 4190 3208 4203 ·
3241 4173 3334 4226 καὶ
3364 4169 3467 4222 ὑπὸ
3510 4168 3608 4238 μὲν
3636 4181 3800 4217 mrsu-

2228 4256 2411 4360 μάτων
2453 4281 2637 4353 βιαίων
2676 4273 2816 4330 κατὰ
2857 4273 2959 4343 γῆς
3003 4266 3337 4337 ὠθουμένην,
3385 4260 3532 4331 φόϐῳ
3589 4259 3646 4312 δὲ
3704 4256 3800 4310 υςῃῦ

2224 4351 2387 4450 νόμου
2422 4351 2500 4438 εἰς
2522 4369 2762 4424 τούπίσω
2790 4362 3200 4433 ἀνακλωμένην·
3239 4356 3411 4410 καίτοι
3438 4371 3503 4422 γε
3524 4353 3627 4405 οὐκ
3664 4351 3800 4404 ἀδα-

2230 4443 2478 4543 μάντινον
2515 4465 2694 4532 τεῖχος
2720 4461 2856 4528 αὐτῇ
2889 4454 3071 4527 βοηθεῖ
3095 4451 3229 4524 πρὸς
3255 4448 3316 4502 τὸ
3343 4448 3416 4518 μὴ
3442 4443 3631 4516 ῥεῦσαι
3657 4443 3802 4496 κατά

557 4569 668 4622 imo
703 4566 838 4622 satis
870 4571 955 4621 est
996 4560 1464 4634 prepugnaculum
1512 4565 1672 4613 terra:
1713 4555 1973 4610 adversus
2009 4567 2125 4607 ma-

2225 4563 2322 4634 τῆς
2367 4560 2489 4629 γῆς,
2528 4555 2621 4609 καὶ
2661 4549 2949 4620 ἀπειθῆσαι
2995 4543 3142 4614 αύτῷ
3181 4541 3259 4612 τῷ
3310 4541 3614 4608 ποιήσαντι.
3657 4535 3804 4588 Ἀλλ,

557 4678 616 4716 re
639 4659 865 4717 verbum
913 4657 1034 4727 ejus
1074 4657 1170 4726 qui
1214 4654 1364 4717 fecit,
1418 4660 1740 4720 coercetque
1769 4663 1967 4712 arena;
1995 4644 2126 4715 quin

560 4753 740 4823 potius
788 4752 874 4806 lex
924 4748 1144 4803 cohibet
1181 4756 1234 4802 et
1279 4744 1414 4800 foris
1464 4744 1627 4798 ﬂatus
1673 4748 1961 4797 ventorum
2013 4738 2128 4792 vio-

557 4845 754 4908 lentos,
811 4850 866 4897 et
917 4841 1066 4895 intus
1115 4838 1407 4893 ﬂuxionem
1465 4849 1753 4905 aquarum,
1807 4837 1870 4884 ut
1924 4829 2126 4884 nullam

556 4943 766 5008 partem
793 4941 955 4989 terra:
983 4931 1209 4986 inundet
1235 4943 1377 4999 aqua
1403 4926 1573 4982 maris
1597 4944 1611 4990 ;
1643 4932 1697 4979 et
1719 4931 1985 4978 creaturae
2008 4922 2129 4992 qui-

555 5029 678 5085 dem
733 5026 922 5081 amicae
975 5030 1030 5079 et
1071 5029 1331 5093 tanquam
1383 5021 1524 5073 inter
1556 5033 1615 5073 se
1649 5030 1920 5088 germanae
1959 5030 2127 5069 unum

557 5134 684 5176 vere
716 5123 996 5172 auctorem
1045 5112 1152 5169 sibi
1200 5109 1485 5166 ascribunt
1519 5122 1582 5160 ac
1618 5105 1959 5176 proﬁtentur.
1995 5101 2129 5168 Quis

556 5213 700 5266 enim
745 5222 986 5282 unquam
1031 5202 1327 5260 historicus
1365 5199 1606 5270 scripsit,
1656 5197 1712 5251 in
1753 5196 1892 5250 cmlo
1923 5201 2128 5248 motum

559 5302 729 5358 stellae
754 5301 812 5356 in
839 5300 1054 5356 stellam
1082 5295 1284 5350 factum
1309 5306 1430 5347 esse
1457 5309 1472 5346 :
1507 5299 1600 5343 aut
1624 5289 1678 5342 in
1701 5297 1850 5342 terra
1876 5284 2129 5339 animalia

560 5390 790 5445 alterum
823 5401 995 5458 genus
1030 5396 1399 5455 oppugnasse.
1446 5386 1506 5432 ut
1545 5379 1722 5447 ipsum
1761 5376 2008 5431 delerent
2039 5380 2133 5426 aut

563 5482 678 5552 ipsa
700 5488 890 5535 contra
915 5475 1255 5534 delerentur?
1281 5472 1386 5528 Sed
1412 5471 1594 5541 potius
1617 5483 1960 5539 quaecunque
1985 5463 2132 5519 aliud

564 5571 621 5626 in
649 5569 796 5624 aliud
823 5569 1114 5625 incurrunt
1141 5573 1197 5622 et
1225 5563 1488 5619 invadunt
1508 5601 1523 5623 ,
1557 5559 1829 5632 sapientia
1851 5556 2132 5614 Creatoris

564 5667 829 5718 statutum
875 5669 964 5716 est
1019 5659 1144 5724 hoc,
1196 5665 1259 5711 ut
1313 5670 1433 5725 qua:
1468 5653 1746 5708 abundant
1803 5664 2134 5706 consuman-

564 5765 657 5810 tur
685 5769 700 5816 ;
728 5767 850 5823 quae
882 5758 939 5809 et
964 5766 1089 5808 esse
1117 5758 1169 5808 et
1198 5744 1469 5812 consumi,
1506 5753 1797 5816 utrumque
1821 5741 2133 5800 hominibus

570 5845 816 5918 prodest.

2229 4627 2388 4726 ἀρκεῖ
2423 4627 2705 4722 περίϐολον
2754 4639 2894 4697 εἶναι
2937 4641 3003 4710 τῇ
3035 4639 3104 4707 γῇ
3153 4633 3290 4704 πρὸς
3325 4632 3422 4702 τὴν
3466 4629 3742 4683 θάλατταν
3771 4627 3803 4680 ὁ

2227 4721 2380 4814 λόγος
2411 4721 2507 4795 τού
2538 4740 2878 4811 ποιήσαντος,
2923 4732 3016 4785 καὶ
3055 4728 3279 4798 ψάμμος
3323 4723 3559 4792 κατέχει,
3599 4721 3804 4792 μᾶλλον

2227 4813 2474 4906 δέννόμος
2520 4831 2726 4902 ἐπέχει,
2763 4827 2856 4882 καὶ
2892 4825 3011 4896 βίαν
3052 4820 3160 4874 τῶν
3207 4817 3404 4883 ἔξωθεν
3449 4813 3804 4884 πνευμάτων,

2229 4927 2324 4981 καὶ
2346 4925 2498 4998 ῥύσιν
2531 4923 2760 4985 ὑδάτων,
2787 4919 2925 4973 ὣστε
2955 4917 3048 4969 καὶ
3086 4914 3249 4986 μηδὲν
3276 4912 3374 4982 τῆς
3403 4909 3502 4980 γῆς
3532 4905 3807 4960 κατακλυ-
3879 4922 3886 4928 ·

2232 4997 2420 5090 σθῆναι
2443 5033 2457 5048 ο
2495 5015 2589 5070 καὶ
2637 5011 2766 5083 φίλα
2805 5027 2869 5080 γε
2905 5008 2979 5072 ὡς
3017 5007 3264 5078 ἀλλήλοις
3301 5000 3436 5056 εἶναι
3479 4998 3685 5068 ἀδελφά
3712 4997 3805 5069 δη-

2235 5088 2638 5182 μιουργήματα,
2688 5103 2784 5156 ’ἐνα
2835 5099 2971 5171 πρὸς
3023 5096 3277 5169 ἀλήθειαν
3322 5093 3412 5145 τὸν
3469 5088 3807 5160 δημιουργὸν

2232 5181 2665 5272 ἐπιγραφόμενα.
2701 5194 2799 5256 Τίς
2824 5191 2933 5262 γὰρ
2967 5190 3215 5262 ἱστόρησε
3243 5184 3483 5246 πώποτε,
3521 5182 3596 5245 ὡς
3626 5183 3683 5232 ἐν
3711 5181 3803 5232 ού-

2236 5293 2380 5366 ρανῷ
2417 5291 2513 5362 μὲν
2544 5287 2719 5359 ἀστὴρ
2759 5285 2948 5356 ἀστέρι
2994 5280 3283 5350 ἐπανέστη,
3321 5277 3413 5329 ἐπὶ
3451 5275 3553 5344 γῆς
3594 5273 3652 5325 δὲ
3690 5272 3804 5336 ζῶα

2234 5364 2403 5455 έτέρῳ
2426 5381 2571 5450 γένει
2601 5377 2980 5449 διεμαχέσατο.
3005 5375 3081 5436 ὡς
3103 5369 3377 5440 ἐξαλεῖψαι
3402 5365 3582 5427 τοῦτο,
3616 5364 3650 5435 ἦ
3682 5364 3807 5416 τούο

2234 5453 2443 5528 ναντίον
2497 5468 2911 5539 ἐξαλειφθῆναι;
2958 5462 3120 5518 Ἀλλά
3177 5461 3270 5514 καὶ
3319 5461 3416 5512 ὅσα
3474 5457 3605 5511 ἄλλο

2235 5566 2432 5629 ἔπεισι,
2461 5564 2554 5617 καὶ
2597 5560 2770 5616 ταῦτα
2815 5557 2977 5629 σοφίᾳ
3017 5554 3112 5609 τοῦ
3145 5549 3480 5624 Δημιουργοῦ
3517 5543 3802 5617 νενομοθέ-
