4116 6332
326 334 484 409 ἰεοε

1412 358 1779 415 ADVERSUS
1817 358 2239 415 MANICHAZOS
2275 359 2401 413 LIB.
2444 358 2505 414 II.

3416 342 3583 415 ‘1296

416 468 479 520 Ei
513 466 569 520 δέ
598 448 681 533 τις
715 466 855 522 ἔλθοι
886 469 963 541 τῷ
993 469 1134 541 λόγῳ
1172 472 1263 526 καὶ
1300 474 1435 544 πρὸς
1472 475 1642 539 αὑτὰς
1672 475 1779 529 τῶν
1820 495 1909 530 au)-

2093 475 2151 530 Si
2189 475 2314 547 quis
2364 483 2543 528 autem
2580 473 2646 528 ad
2680 474 2795 542 ipsa
2834 471 3099 542 principia
3135 487 3422 543 corporum
3452 490 3588 528 eon-

344 556 532 629 μάτων
571 557 669 621 τὰς
711 558 905 631 ἀρχὰς,
943 561 1036 614 καὶ
1078 562 1310 634 τέτταρα
1350 562 1451 636 μὲν
1506 569 1742 636 στοιχεῖα
1784 585 1917 621 κατ-

344 648 465 711 ίδοι,
587 649 631 702 δ’
657 652 987 723 ἐναντιότητι
1014 654 1149 725 πρὸς
1174 656 1489 725 συμφωνίαν
1520 658 1915 729 κεραννύμενα,

338 739 504 794 πλέον
539 740 605 796 ἂν
642 744 938 816 ἐκπλαγείη
980 745 1087 799 τῶν
1126 746 1292 800 ὄντων
1327 748 1426 821 τὴν
1471 752 1809 821 συμφωνίαν,
1844 751 1918 815 ὡς

339 835 434 903 ἀφ’
462 834 581 897 ἐνός
607 852 670 903 γε
699 836 929 905 ἐχόντων
959 838 1051 890 καὶ
1077 838 1235 908 μόνου
1264 839 1325 892 rb
1359 835 1499 894 εἶναι
1527 858 1540 871 ’
1570 842 1780 907 τούτοις
1812 843 1919 915 γὰρ

338 928 373 993 ἡ
409 927 721 997 ἐναντιότης
749 927 928 997 φιλίας
966 932 1184 1003 ἀφορμή
1208 947 1222 960 ·
1259 933 1354 985 καὶ
1384 932 1444 985 rb
1481 933 1785 1004 μαχόμενον
1820 935 1919 1005 τῆς

340 1014 558 1083 φύσεως
598 1018 780 1080 αὐτοῖς
822 1021 1043 1092 εἰρήνης
1089 1022 1190 1092 τῆς
1235 1024 1496 1077 ἀνωτάτω
1539 1025 1854 1095 παραίτιον’
1884 1026 1919 1079 ἃ

333 1106 399 1177 δὴ
431 1107 673 1180 τέσσαρα
710 1108 807 1178 μέν
847 1110 993 1162 ἐστιν
1039 1111 1276 1182 ἀριθμῷ,
1308 1112 1365 1167 ἓν
1404 1114 1461 1166 δὲ
1510 1115 1915 1186 συνερχόμενον.

336 1200 555 1254 Μᾶλλον
585 1201 641 1254 δὲ
690 1204 782 1257 καὶ
828 1203 1071 1276 ἀλλήλων
1117 1206 1441 1277 ἐπιδεόμενα
1490 1208 1627 1273 πρὸς
1672 1209 1733 1261 rb
1781 1204 1917 1263 εἶναι

335 1294 475 1363 αὑτῇ
508 1311 570 1362 γε
611 1297 677 1367 τῇ
712 1297 1044 1368 ἐναντιότητι
1087 1298 1334 1371 ἀλλήλοις
1381 1301 1793 1373 ἐπικουροῦντα,
1828 1303 1920 1356 καὶ

339 1387 396 1437 ἐν
427 1383 674 1455 ἀλλήλοις
703 1387 1073 1458 κρυπτόμενοι,
1102 1390 1195 1442 καὶ
1227 1389 1292 1442 δι’
1322 1390 1565 1461 ἀλλήλων
1598 1392 1913 1463 φαινόμενοι*

340 1478 535 1549 μικρὸν
572 1479 669 1548 μὲν
694 1475 786 1532 οῦν
828 1481 1021 1543 εἰπεῖν,
1052 1481 1128 1544 ὡς
1166 1482 1226 1534 οὑ
1272 1482 1597 1554 ψυχρίζεται
1632 1484 1691 1536 rb
1720 1485 1917 1555 θερμὸν

336 1568 444 1622 ὑπὸ
472 1567 563 1621 τοῦ
606 1568 837 1641 ψυχροῦ,
868 1572 988 1624 οὑδὲ
1022 1572 1254 1644 ἐσϐέσθη
1287 1575 1390 1627 ὑπὸ
1431 1574 1522 1628 τοῦ
1562 1575 1728 1648 ὑγροῦ
1752 1594 1763 1607 ·
1799 1578 1915 1631 οὑδὲ

334 1660 681 1731 κατεφλέχθη
719 1663 815 1732 μὲν
852 1664 911 1715 τὸ
945 1662 1107 1734 ξηρὸν
1149 1665 1253 1717 ὑπὸ
1286 1665 1378 1718 τοῦ
1420 1668 1609 1738 πυρὸς,
1647 1667 1913 1739 κατελύθη

334 1752 391 1807 δὲ
420 1753 522 1806 ὑπὸ
548 1754 641 1808 τοῦ
670 1756 866 1826 ὑγροῦ’
904 1756 1161 1821 σύστασις
1182 1760 1289 1829 γὰρ
1310 1759 1552 1830 ἀλλήλων
1588 1760 1759 1813 ταῦτα
1789 1762 1916 1814 θαυ-

2024 567 2313 626 sideranda
2351 567 2553 631 veniat,
2582 573 2636 621 et
2672 571 2906 636 quatuor
2949 565 3216 619 elementa
3256 566 3587 636 contemple-

2021 670 2130 729 tur,
2155 660 2609 732 quemadmodum
2637 674 2826 716 eorum
2849 658 3183 727 conspiratio
3204 672 3267 712 ac
3288 668 3587 714 concentus

2021 769 2087 808 ex
2118 751 2411 807 contrariis
2451 749 2681 820 pendeat
2711 766 2725 815 ;
2760 750 2933 818 magis
2976 747 3212 817 stupebit
3258 761 3587 802 consensum

2021 861 2227 910 rerum,
2262 853 2320 899 ut
2360 858 2480 915 qua:
2534 843 2603 895 ab
2651 857 2757 896 uno
2807 847 2860 896 et
2914 841 3029 896 solo
3072 840 3175 894 hoc
3215 839 3395 911 ipsum
3442 841 3586 910 quod

2022 947 2173 1001 sunt,
2212 938 2450 992 habeant
2497 955 2511 991 :
2556 936 2612 990 in
2640 935 2727 989 his
2756 934 2899 989 enim
2931 942 3165 1004 quatuor
3196 933 3498 997 elementis,
3530 932 3587 987 id

2021 1030 2167 1104 quod
2198 1029 2531 1085 contrarium
2567 1034 2671 1094 est,
2699 1027 2953 1081 amicitize
2993 1041 3159 1080 causa
3186 1034 3310 1091 est;
3352 1033 3404 1079 et
3443 1026 3586 1096 quod

2021 1127 2075 1181 in
2129 1124 2208 1179 eis
2240 1130 2435 1177 natura
2471 1126 2694 1191 pugnat,
2727 1126 3015 1173 summam
3041 1133 3228 1188 pacem
3267 1117 3393 1171 facit
3424 1136 3437 1181 ;
3470 1132 3590 1186 quae

2021 1214 2237 1286 quidem
2270 1219 2505 1283 quatuor
2538 1224 2766 1264 numero
2800 1215 2948 1274 sunt,
2984 1224 3153 1263 unum
3180 1223 3307 1262 vero
3352 1208 3585 1262 conllatn

2019 1323 2083 1361 ac
2109 1320 2404 1361 concursu.
2432 1302 2573 1368 Quin
2604 1302 2784 1372 potius
2814 1317 2871 1356 se
2901 1301 3035 1371 ipsis
3066 1301 3205 1355 inter
3236 1315 3295 1355 se
3321 1300 3586 1370 indigent,

2021 1407 2079 1452 ιιι
2111 1398 2222 1453 sint
2255 1415 2271 1465 ;
2300 1403 2354 1451 et
2393 1396 2509 1464 ipsa
2550 1402 2746 1448 natura
2769 1393 3030 1448 contrarii
3066 1409 3125 1449 se
3158 1393 3398 1447 vicissim
3433 1393 3586 1467 adju-

2016 1498 2167 1553 vant,
2214 1497 2269 1545 et
2306 1490 2359 1543 in
2415 1504 2474 1543 se
2526 1487 2662 1558 ipsis
2711 1488 2853 1542 inter
2891 1503 2949 1542 se
2994 1486 3174 1541 abdita
3217 1495 3363 1550 sunt,
3403 1493 3455 1541 et
3493 1502 3587 1555 per

2019 1599 2077 1638 se
2126 1584 2243 1653 ipsa
2290 1582 2431 1637 inter
2466 1596 2524 1636 se
2553 1588 2858 1651 apparent;
2903 1589 2987 1649 et,
3026 1588 3084 1634 nt
3124 1580 3344 1651 paulum
3384 1580 3583 1641 dicam,

2017 1688 2196 1743 neque
2223 1672 2459 1726 calidum
2489 1671 2674 1742 frigidi
2705 1670 2908 1740 frigore
2935 1670 3193 1741 frigescit,
3228 1685 3329 1725 nec
3359 1669 3585 1743 humore

2016 1763 2224 1818 humidi
2274 1764 2642 1834 exstinguitur
2675 1780 2687 1815 :
2728 1778 2900 1833 neque
2927 1763 3132 1816 siccum
3174 1762 3242 1816 ab
3280 1762 3405 1832 igne
3435 1776 3588 1815 comu

338 1846 552 1917 μασίως
594 1848 953 1903 ἐνδιαιτᾶταισ
994 1850 1087 1903 καὶ
1134 1849 1279 1917 δόξαι
1317 1850 1381 1904 ἂν
1410 1850 1521 1923 πῦρ
1558 1852 1713 1923 μόνον
1745 1852 1824 1914 ὃν,
1854 1854 1909 1906 ού

2015 1853 2233 1907 bustum
2266 1862 2350 1910 est
2378 1892 2393 1917 ,
2427 1869 2528 1907 nec
2565 1853 2632 1908 ab
2670 1852 2891 1907 humido
2924 1852 3154 1905 humore
3176 1849 3476 1921 perfusum.
3506 1849 3586 1903 Ex

335 1936 522 2007 μέντοι
548 1938 670 2010 δίχα
696 1939 861 2010 ὑγροῦ
892 1940 985 1995 καὶ
1027 1939 1212 2011 ξηροῦ,
1246 1935 1327 2003 οἷς
1348 1957 1411 2008 γε
1439 1941 1769 2013 τρεφόμενον
1801 1942 1912 1996 δια-

328 2026 576 2100 λάμπει*
624 2029 811 2102 ὥσπερ
858 2032 952 2084 καὶ
993 2031 1060 2083 τά
1106 2030 1237 2085 ἄλλα
1267 2032 1515 2103 ἀλλήλοις
1555 2032 1758 2086 ἔνεστιν
1802 2034 1908 2105 ἁφῇ

332 2122 496 2191 μόνον
520 2122 853 2193 ἐμφαίνοντα
888 2122 987 2194 τὴν
1016 2123 1383 2193 ἐναντιότητα,
1404 2124 1543 2177 οὑτω
1583 2124 1764 2195 μέντοι
1791 2125 1911 2194 φιλ-

329 2214 567 2285 άλληλα,
623 2215 699 2279 ὡς
761 2215 1014 2286 οὐδεμίαν
1071 2215 1364 2285 διαφωνίαν
1437 2217 1577 2287 ἔχειν
1631 2218 1906 2271 δοκοῦντα.

326 2306 519 2361 Ταῦτα
538 2307 592 2359 δὲ
619 2308 714 2379 τὴν
742 2308 978 2380 ἄρρητον
1009 2310 1197 2378 σοφίαν
1221 2310 1476 2382 κηρύττει
1500 2312 1592 2364 καὶ
1620 2311 1906 2365 σιωπῶντα

325 2397 423 2451 τοῦ
468 2399 585 2463 ἐνὸς
617 2401 935 2471 ἀγεννήτου,
978 2403 1067 2471 ὑφ’
1111 2396 1171 2457 οῦ
1220 2403 1283 2472 δὴ
1338 2404 1431 2456 καὶ
1469 2405 1734 2474 γενόμενα
1784 2423 1908 2458 συν-

327 2490 574 2563 εκράθηο
615 2495 675 2547 οὑ
718 2494 823 2567 γὰρ
853 2494 917 2565 δὴ
967 2495 1125 2566 σῶμα
1175 2495 1372 2564 γένοιτ’
1405 2494 1471 2548 ἂν
1514 2496 1571 2562 ἐξ
1605 2496 1722 2560 ἐνός
1765 2514 1906 2561 τινος

327 2587 426 2640 καὶ
452 2586 621 2641 ἁπλοῦ
658 2589 950 2659 στοιχείου·
995 2591 1187 2662 κράσει
1220 2591 1327 2663 γὰρ
1362 2589 1585 2659 συσταίη
1619 2588 1684 2642 ἂν
1725 2589 1901 2661 σῶμα.

327 2677 467 2730 Ποία
499 2679 556 2731 δὲ
601 2681 796 2751 κρᾶσις
848 2680 1012 2753 ξηροῦ
1065 2683 1157 2735 καὶ
1210 2682 1407 2753 μόνους
1460 2681 1586 2734 ποία
1626 2678 1813 2751 ὑγροῦ,
1860 2682 1907 2732 εἰ

327 2769 453 2822 καθ’
479 2770 639 2823 ἐαυτὺ
667 2771 921 2841 τυγχάνει
941 2790 956 2838 ;

2015 1945 2100 2018 his
2127 1946 2271 2000 enim
2314 1946 2458 2000 inter
2482 1960 2542 2000 se
2575 1945 2874 1999 constituta
2905 1950 3053 2007 sunt,
3085 1954 3138 1998 et
3167 1942 3499 2005 consistunt,
3533 1950 3585 1996 et

2014 2037 2071 2091 in
2104 2052 2163 2093 se
2197 2036 2335 2107 ipsis
2364 2036 2687 2091 mirabiliter
2718 2037 2906 2091 insunt
2957 2052 2971 2088 :
3013 2048 3079 2089 ac
3116 2034 3335 2106 putabis
3366 2024 3582 2103 quidem

2014 2131 2190 2185 solum
2239 2130 2420 2201 ignem
2466 2143 2610 2195 esse,
2657 2145 2766 2185 non
2802 2138 2980 2183 tamen
3023 2128 3230 2197 absque
3277 2124 3503 2181 humido
3532 2131 3585 2178 et

2013 2221 2183 2286 sicco,
2215 2220 2415 2291 quibus
2448 2219 2667 2289 quidem
2706 2219 2873 2273 alitur
2898 2228 2947 2274 et
2980 2217 3228 2289 splendet
3265 2237 3277 2272 :
3312 2216 3452 2271 sicut
3482 2216 3584 2268 alia

2012 2313 2069 2369 in
2097 2329 2158 2368 se
2190 2312 2324 2383 ipsis
2373 2312 2585 2376 insunt,
2614 2318 2764 2366 tactu
2809 2318 3020 2365 tantum
3055 2310 3392 2365 contrarium
3442 2308 3585 2363 indi-

2013 2402 2241 2469 cantia;
2287 2402 2367 2457 sic
2416 2410 2598 2456 tamen
2648 2402 2752 2456 sibi
2794 2402 2935 2456 inter
2964 2416 3022 2455 se
3066 2401 3259 2464 amica,
3287 2406 3348 2453 ut
3377 2398 3581 2452 nullam

2011 2493 2338 2549 discordiam
2374 2493 2577 2549 habere
2612 2493 2923 2548 videantur.
2968 2492 3095 2547 llaec
3137 2498 3320 2546 autem
3362 2489 3584 2546 silentio

2011 2588 2311 2658 praedicant
2352 2586 2726 2641 admirabilem
2766 2583 2931 2638 unius
2976 2582 3203 2654 ingeniti
3237 2580 3580 2650 sapientiam,

2012 2694 2047 2733 θ
2073 2694 2182 2748 quo
2212 2677 2355 2732 facta
2394 2686 2583 2747 postea
2621 2683 2877 2732 concreta
2924 2689 2987 2729 ac
3019 2676 3179 2731 mista
3240 2680 3368 2730 sunt
3416 2691 3432 2729 ;
3470 2686 3581 2725 non

2014 2771 2159 2824 enim
2193 2785 2392 2839 corpus
2432 2785 2499 2824 ex
2528 2786 2636 2825 uno
2666 2770 2921 2840 quopiam
2955 2776 3010 2824 et
3037 2766 3273 2837 simplici
3311 2766 3582 2823 elemento

328 2868 449 2952 fieri
475 2874 653 2938 potest
681 2884 694 2920 :
729 2868 984 2922 mistione
1009 2869 1233 2923 enimet
1260 2870 1609 2925 concretione
1629 2868 1897 2923 conflatur
1923 2880 2143 2937 corpus.
2176 2865 2307 2931 Quae
2340 2872 2522 2920 autem
2574 2865 2851 2919 concretio
2884 2878 2948 2918 ae
2996 2864 3179 2919 mistio
3227 2877 3350 2919 esse
3404 2862 3582 2932 possit

328 2963 465 3019 sicci
495 2962 747 3019 tantum?
778 2978 899 3033 qua
932 2964 1138 3020 humidi
1171 2966 1388 3021 solum?

1234 3059 1361 3112 CAP.
1404 3057 1688 3113 XXXVIII.
1723 3058 1965 3113 Varietas
2000 3056 2055 3110 in
2090 3056 2354 3108 creatione
2384 3056 2704 3110 necessaria.

342 3218 343 3221 η
401 3152 613 3207 Οὐκοῦν
652 3154 926 3224 ἀναγκαία
954 3157 988 3226 ἡ
1020 3154 1259 3209 ποικιλία
1289 3156 1424 3228 πρὸς
1448 3156 1547 3227 τὴν
1579 3156 1696 3219 ἐνὸς
1728 3154 1909 3226 σώμα-

2019 3202 2024 3207 .
2084 3150 2255 3221 lgitur
2313 3152 2626 3206 necessaria
2701 3156 2788 3206 est
2851 3148 3088 3205 varietas
3135 3151 3205 3206 ad
3268 3151 3581 3210 mistionem

325 3263 423 3310 τος
445 3248 643 3317 κρᾶσιν
664 3265 677 3279 υ
710 3247 983 3317 ἀναγκαία
1014 3248 1070 3301 δὲ
1104 3250 1136 3319 ή
1168 3248 1369 3303 τούτων
1408 3248 1718 3319 ἐναντιότης
1757 3250 1907 3301 ἐπει-

328 3338 537 3411 γομένη
581 3338 716 3412 πρὸς
743 3340 970 3412 ἐνότητα
995 3342 1076 3404 εἰς
1115 3341 1298 3411 θαῦμα
1326 3341 1419 3394 τοῦ
1468 3342 1907 3413 δημιουργήσαν-

328 3446 455 3493 τος·
484 3430 641 3484 ἅτινα
685 3431 745 3484 οὑ
777 3431 988 3502 πρῶτον
1023 3432 1143 3487 καθ’
1175 3432 1344 3486 ἑαυτὰ
1389 3433 1638 3505 συνέστη,
1684 3434 1777 3487 καὶ
1817 3432 1907 3486 ob.

328 3537 441 3582 τως
490 3521 771 3593 συνῆλθεν·
822 3522 959 3575 ἀλλὰ
1004 3522 1099 3594 τὴν
1148 3523 1360 3592 γένεσιν
1401 3523 1497 3577 σὺν
1540 3523 1782 3595 ἀλλήλοις
1816 3523 1909 3578 λα-

330 3612 516 3678 ϐόντα,
550 3614 647 3667 καὶ
686 3615 802 3685 ἅμα
840 3615 1125 3686 γενόμενα,
1147 3618 1266 3680 ταῖς
1298 3616 1581 3688 αἰσθήσεσι
1626 3615 1867 3689 διεκρίθη
1891 3635 1903 3648 ο

330 3702 585 3775 σώματος
610 3707 719 3777 γάρ
742 3707 1095 3773 ὑποστάντος,
1133 3708 1228 3762 καὶ
1252 3708 1407 3777 λόγος
1438 3708 1533 3762 κοιί¹
1560 3707 1682 3771 νοῦς
1708 3707 1910 3780 διέκρι-

330 3814 420 3851 νεν
446 3798 693 3869 αἰσθήσει
725 3797 793 3851 τὰ
820 3800 1159 3871 συνημμένα.
1189 3800 1351 3852 Ὥστε
1384 3799 1587 3852 τούτων
1617 3798 1841 3870 ὕστερον
1875 3799 1908 3869 ἡ

331 3890 642 3961 ἐναντιότης
679 3892 935 3963 ἐφωράθη
978 3896 1045 3964 τῇ
1078 3891 1326 3963 αἰσθήσει
1364 3890 1456 3944 τοῦ
1482 3891 1775 3963 γενομένου
1803 3890 1907 3946 σώ-

333 3998 523 4050 ματος,
566 3984 701 4053 ὅπερ
749 3982 808 4048 ἐξ
854 3984 1033 4037 αὑτῶν
1083 3984 1220 4053 πρὸς
1258 3984 1319 4037 τὸ
1359 3979 1494 4037 εἰναι
1552 3983 1816 4054 [συνέστη
1851 4003 1908 4037 τε

330 4073 428 4128 aut
459 4075 846 4145 συγκέκραται,
888 4078 949 4129 οὑ
984 4076 1247 4147 πρότερον
1279 4077 1642 4147 γενομένωνῆ
1678 4077 1811 4130 αὑτὸ
1849 4077 1912 4129 rb

333 4163 523 4235 σῶμα,
579 4165 714 4219 ἀλλά
752 4167 849 4219 σὺν
891 4166 1039 4238 αὑτῷ
1100 4166 1310 4239 ἀρχὴν]
1345 4166 1613 4220 λαϐόντων
1649 4166 1783 4236 (48).
1816 4166 1910 4229 Τίς

329 4255 399 4309 ἂν
454 4255 590 4326 πρὸς
634 4255 790 4321 ἀξίαν
849 4258 1189 4328 θαυμάσειε,
1237 4259 1339 4331 τήν
1404 4275 1464 4310 τε
1528 4257 1756 4329 δύναμιν
1816 4257 1909 4310 τοῦ

328 4348 693 4419 Δημιουργοῦ,
730 4348 819 4402 καὶ
851 4348 948 4420 τὴν
984 4350 1300 4421 συμφωνίαν
1340 4348 1451 4402 τῶν
1485 4350 1806 4421 γινομένων,
1836 4348 1910 4413 ὡς

328 4437 519 4508 ἄμαχα
562 4438 657 4490 καὶ
700 4441 949 4510 εἰρηναῖα
979 4440 1045 4494 τὰ
1088 4441 1287 4506 πάντα,
1335 4439 1476 4512 πλήν
1514 4457 1578 4509 γε
1610 4439 1911 4512 ἀνθρώπων

326 4528 545 4593 ἀδικίας
568 4545 583 4595 ;

410 4621 661 4694 Ἐστήκει
694 4620 784 4677 οῦν
833 4626 865 4695 ἡ
911 4624 1235 4696 δημιουργία
1278 4626 1561 4697 σύμπασα,
1605 4639 1900 4698 κινουμένη

329 4714 432 4785 μὲν
460 4714 559 4786 τὴν
590 4716 725 4771 ἰδίαν
753 4719 847 4770 καὶ
879 4717 1137 4771 εὔτακτον
1176 4718 1409 4789 κίνησιν,
1435 4719 1687 4790 ἀκίνητον
1715 4720 1771 4774 δὲ
1795 4720 1905 4773 δια·

323 4802 569 4875 τηροῦσα
600 4805 689 4858 τὸν
727 4807 811 4875 ἐφ’
841 4808 1007 4878 ἑαυτῇ
1040 4807 1133 4860 τοῦ
1174 4808 1534 4879 πεποιηκότος
1562 4808 1747 4878 νόμον.
1794 4808 1903 4861 Καὶ

322 4896 411 4960 τίς
434 4895 500 4950 ἂν
528 4896 753 4961 θ’έλοιτο,
781 4900 831 4952 εἰ
861 4900 959 4963 τὰς
997 4900 1275 4971 αἰσθήσεις
1312 4899 1542 4969 ὑγιαίνοι
1571 4899 1669 4969 τῆς
1700 4899 1899 4969 ψυχῆς,

323 4984 529 5041 τούτων
553 4986 724 5052 οὕτως
749 4989 999 5058 ἐχόντων,
1039 4990 1132 5044 καὶ
1161 4989 1241 5043 ἔτι
1282 4989 1662 5062 ἀναριθμήτων
1706 4988 1900 5053 ἄλλων,

322 5079 361 5133 ἃ
392 5080 569 5132 πάντα
599 5080 724 5134 νοῦν
757 5080 1093 5151 ὑπερϐαίνει,
1124 5081 1287 5150 ἄλλην
1329 5081 1426 5151 μὲν
1456 5079 1629 5152 ἀρχὴν
1655 5079 1732 5149 τῷ
1760 5080 1902 5150 λόγῳ

324 5170 550 5236 πλάσαι,
582 5173 890 5244 ἀντεγεῖραι
922 5173 976 5225 δὲ
1005 5172 1207 5243 ταύτην
1248 5173 1575 5236 ἀπεναντίας
1608 5171 1701 5225 τοῦ
1740 5172 1901 5242 μόνου

326 5264 619 5335 ἀγεννήτου
672 5264 841 5329 Θεοῦ;
875 5264 1169 5335 Σύμφωνον
1217 5265 1315 5335 μὲν
1360 5264 1467 5337 γὰρ
1520 5266 1611 5318 καὶ
1656 5264 1903 5335 ἀπαράλ-

322 5351 523 5408 λακτον
552 5354 726 5426 ἀρχὴν
761 5354 1176 5425 ὀνειροπολῆσαι
1205 5355 1478 5425 περιττὸν,
1502 5356 1601 5426 τῆς
1638 5357 1765 5426 μιᾶς
1798 5354 1898 5426 άρ-

324 5438 560 5513 κούσης·
622 5444 868 5497 ἐναντίαν
912 5443 971 5498 δὲ
1017 5444 1372 5509 ὑποπτεῦσαι,
1422 5445 1597 5517 πάντη
1657 5444 1902 5516 μανικὸν,

326 5537 438 5590 τῶν
468 5535 605 5590 ὅλων
633 5536 1083 5609 συμφωνούντων,
1119 5537 1212 5590 καί¹
1240 5538 1482 5610 ποικιλίᾳ
1514 5539 1610 5608 μὲν
1633 5556 1907 5610 κεκοσμη-

331 5624 530 5697 μένων,
562 5628 724 5700 σοφίᾳ
755 5628 812 5682 δὲ
841 5628 938 5681 τοῦ
975 5630 1296 5700 ποιήσαντος
1336 5628 1397 5682 rb
1438 5628 1670 5701 χρηστὸν
1703 5631 1799 5684 καὶ
1842 5630 1905 5683 τὸ

2009 3242 2259 3313 corporis
2312 3262 2325 3298 :
2377 3243 2690 3298 necessaria
2737 3242 2862 3296 item
2911 3249 3104 3296 natura
3152 3246 3577 3313 contrariorum,

2009 3350 2129 3404 quae
2159 3335 2212 3389 in
2238 3334 2481 3390 auctoris
2516 3334 2933 3390 admirationem
2965 3335 3031 3390 ad
3055 3340 3580 3408 coagmentationem

2008 3426 2172 3481 unius
2217 3434 2404 3497 urget:
2430 3442 2550 3496 quae
2579 3425 2798 3496 quidem
2824 3441 2933 3479 non
2968 3426 3199 3496 primum
3240 3444 3337 3499 per
3364 3445 3423 3483 se
3464 3430 3581 3485 sola

2009 3522 2300 3577 constituta
2318 3528 2468 3584 sunt,
2491 3527 2653 3589 atque
2669 3520 2743 3573 ita
2759 3520 3007 3575 coierunt
3027 3539 3041 3587 ;
3063 3520 3158 3576 sed
3180 3528 3359 3577 ortum
3376 3524 3582 3593 pariter

2009 3613 2151 3667 inter
2176 3628 2235 3667 se
2269 3612 2571 3683 capientia,
2602 3618 2656 3666 et
2688 3611 2846 3666 simul
2878 3618 2936 3665 ut
2965 3611 3109 3666 facta
3137 3620 3286 3679 sunt,
3327 3614 3580 3671 sensibus

2010 3712 2137 3759 sunt
2177 3704 2492 3773 dijudicata.
2534 3702 2668 3756 Cum
2716 3702 2861 3757 enim
2907 3717 3109 3774 corpus
3138 3721 3234 3775 per
3262 3721 3321 3761 se
3347 3707 3577 3771 exstitit,

2010 3798 2152 3852 ratio
2184 3806 2238 3851 et
2272 3812 2429 3851 mens
2456 3796 2749 3865 conjuncta
2783 3805 2836 3850 et
2864 3805 3143 3861 concreta,
3177 3814 3342 3853 sensu
3373 3797 3583 3855 discer-

2010 3890 2112 3944 nit.
2162 3886 2527 3954 Quamobrem
2572 3896 2766 3942 natura
2808 3889 3207 3944 contrariorum
3256 3900 3447 3960 postea
3484 3892 3583 3946 de~

2010 3981 2275 4052 prehensa
2299 3989 2383 4035 est
2414 3995 2579 4036 sensu
2606 3982 2875 4051 corporis,
2910 3983 3054 4051 quod
3079 3999 3144 4037 ex
3180 3984 3316 4054 ipsis
3346 4000 3580 4040 concre-

2012 4078 2125 4125 tum
2179 4078 2235 4125 et
2274 4077 2631 4140 temperatum
2676 4079 2780 4125 est.
2828 4072 2959 4135 Quae
3006 4070 3245 4140 quidem,
3274 4086 3382 4124 non
3429 4071 3581 4141 prius

2011 4170 2163 4226 sunt,
2194 4178 2357 4232 quam
2393 4178 2595 4233 corpus
2634 4162 2811 4232 ipsum
2843 4181 2857 4229 ;
2888 4162 2983 4217 sed
3019 4163 3181 4217 simul
3203 4179 3326 4217 cum
3351 4179 3416 4219 eo
3442 4165 3583 4221 inci-

2012 4255 2167 4325 piunt
2198 4271 2341 4309 esse.
2374 4254 2507 4320 Quis
2544 4255 2706 4324 digne
2737 4270 2801 4308 ac
2828 4264 3085 4320 meretur,
3117 4254 3374 4309 admirari
3404 4265 3583 4325 potest

2012 4355 2332 4418 potestatem
2361 4346 2671 4409 Creatoris,
2694 4354 2751 4400 et
2780 4347 3129 4401 concordiam
3164 4360 3227 4400 ac
3255 4354 3579 4401 concentum

2012 4443 2423 4495 creaturarum“:
2448 4455 2615 4509 quam
2642 4440 2696 4493 in
2731 4454 2864 4508 pace
2886 4439 2996 4492 sint
3024 4447 3078 4493 et
3104 4438 3225 4493 sine
3254 4453 3434 4509 pugna
3462 4453 3582 4494 om-

1935 4515 1978 4569 D
2007 4531 2118 4592 nia,
2144 4539 2363 4600 excepta
2406 4530 2679 4599 injustitia
2700 4529 2976 4584 hominum
3001 4530 3024 4581 ?

2080 4621 2370 4676 Permanet
2414 4621 2579 4691 igitur
2608 4635 2672 4673 ac
2710 4627 3020 4690 perseverat
3058 4619 3237 4674 omnis
3284 4618 3492 4674 fabrica
3521 4620 3580 4674 in

2010 4729 2111 4769 suo
2138 4722 2191 4768 et
2229 4712 2482 4767 ordinato
2514 4720 2685 4776 motu,
2719 4725 3054 4766 conservans
3094 4711 3149 4764 in
3179 4726 3238 4765 se
3268 4711 3575 4766 immutabi-

2011 4806 2114 4861 lem
2144 4806 2316 4875 legem
2350 4804 2610 4860 auctoris.
2647 4803 2850 4873 Eequis
2878 4804 3026 4867 velit,
3058 4802 3105 4857 si
3151 4818 3347 4859 sensus
3386 4803 3581 4858 animm

2012 4912 2179 4953 sanos
2225 4896 2443 4963 habeat,
2496 4912 2623 4951 cum
2668 4897 2785 4952 haec
2828 4897 2902 4949 ita
2946 4896 3078 4956 sint,
3108 4895 3162 4948 in
3215 4894 3427 4949 inﬁnita
3473 4896 3579 4949 alia

2010 5004 2133 5061 quae
2173 5003 2390 5043 omnem
2439 4995 2674 5043 mentem
2725 4994 3007 5057 superant,
3055 4984 3203 5040 aliud
3249 4984 3579 5056 principium

2009 5082 2339 5153 cogitatione
2369 5082 2568 5152 lingere
2588 5122 2602 5143 .
2627 5090 2680 5137 et
2722 5083 2827 5137 hoe
2860 5079 2963 5134 soli
2990 5077 3100 5134 Deo
3128 5079 3370 5150 ingenito
3406 5094 3582 5148 oppoa

2008 5174 2184 5227 nere?
2240 5171 2480 5227 Concors
2543 5172 2687 5227 enim
2748 5178 2804 5227 et
2848 5169 3197 5226 consentiens
3248 5169 3583 5239 principium

2008 5265 2283 5320 somniare
2336 5280 2737 5333 supervacuum
2778 5270 2883 5327 est,
2920 5278 3046 5317 cum
3086 5278 3255 5316 unum
3296 5261 3529 5316 sufﬁciat
3556 5276 3583 5329 ;~

2005 5338 2342 5411 contrarium
2369 5371 2500 5411 vero
2530 5356 2819 5428 suspicari,
2853 5354 3044 5410 furiosi
3074 5370 3301 5426 prorsus
3327 5363 3429 5417 est,
3454 5367 3582 5407 eum

2006 5449 2267 5504 universa
2314 5449 2455 5503 inter
2511 5464 2570 5503 se
2621 5447 2993 5511 consentiant,
3042 5447 3306 5503 varietate
3357 5445 3579 5518 quidem

2004 5549 2219 5605 ornata,
2255 5541 2312 5596 in
2367 5540 2571 5612 quibus
2612 5539 2877 5611 sapientia
2918 5539 3035 5594 veri
3082 5539 3321 5594 auctoris
3374 5536 3575 5592 factum

2005 5642 2134 5700 est,
2182 5640 2243 5688 ut
2300 5634 2509 5691 sanitas
2560 5642 2616 5690 et
2669 5632 3039 5704 tranquillitas
3081 5647 3203 5686 eum
3263 5629 3584 5687 austeritate

395 5740 509 5822 (ιβ)
550 5741 989 5822 ΛαόόγτῳνκΕις
1024 5742 1315 5822 interprete
1338 5744 1505 5813 liquet
1550 5744 1637 5799 hic
1672 5744 1873 5816 aliquid
1906 5745 2115 5805 deesse.
2149 5749 2324 5821 (Quod
2356 5768 2457 5808 nos
2487 5750 2826 5808 restituendo
2868 5767 2932 5807 ex
2980 5749 3221 5822 ejusdem
3269 5745 3584 5817 interpretis

317 5813 583 5890 lversione
608 5813 764 5871 uncis
794 5814 1132 5871 inclusimus.
1172 5813 1352 5883 Eon.)
