4116 6332
573 296 724 356 1207

1592 315 1618 336 ι
1715 285 1850 342 TITI
1888 283 2314 343 BOSTRENSIS
2350 281 2648 341 EPISCOI’I

574 391 832 486 appareat
860 427 885 475 ς.
906 411 1041 478 quia
1063 404 1245 460 omnis
1270 401 1514 460 suavitas
1541 402 1708 459 nimis
1736 418 1908 468 mera,
1939 419 2142 459 nocens

2245 401 2476 472 γαληνὸν
2521 402 2639 471 μετ’
2683 395 2998 469 ὲμϐριθεὶας
3040 393 3446 466 ἐμφαινόντων·
3496 393 3573 458 ῶς
3625 392 3816 448 ἅπασα

572 517 662 566 est
711 513 769 560 et
814 501 1023 556 ratione
1057 497 1234 551 aliena
1292 515 1304 550 :
1359 495 1621 552 severitas
1678 511 1810 551 vero
1849 505 1904 551 et
1956 504 2140 550 auste-

573 598 710 652 ritas
737 594 875 656 sola,
908 590 1197 648 suavitatis
1236 604 1454 658 expers,
1489 587 1556 642 ad
1593 587 1863 643 feritatem
1889 597 1943 642 et
1981 587 2141 641 inhu-

574 689 894 743 manitatem
943 690 1172 754 spectat.
1201 680 1503 750 Utrumque
1525 688 1704 735 autem
1727 679 1952 751 corrigit
1971 687 2024 733 et
2048 679 2142 734 de-

575 781 759 844 l'ectat,
793 777 1063 833 exbilarat
1089 781 1143 829 et
1171 773 1410 828 deterret
1444 791 1457 826 :
1501 771 1769 842 promittit
1795 771 2139 835 suavitatem,

574 877 629 926 et
673 869 913 924 minatur
956 874 1220 921 terrorem
1265 881 1280 918 :
1333 862 1608 932 protendit
1651 877 1803 931 spem
1849 861 2138 924 donorum,

575 975 629 1018 et
666 957 1010 1018 subostendit
1063 956 1362 1028 periculum
1408 955 1840 1027 suppliciorum;
1888 971 1957 1009 ne
1994 955 2136 1008 ratio

572 1069 765 1111 eorum
793 1053 887 1123 qui
931 1051 987 1105 iu
1029 1050 1193 1106 terris
1222 1055 1532 1114 versantur,
1565 1046 1796 1102 mollitia
1834 1055 1890 1102 et
1921 1046 2142 1102 laxitate

575 1139 922 1212 propriarum
947 1153 1129 1193 rerum
1159 1136 1217 1191 in
1251 1135 1523 1206 ignaviam
1553 1135 1938 1208 demergatur;
1969 1151 2144 1207 neque

578 1239 840 1304 perpetuo
883 1237 1029 1286 metu
1075 1243 1335 1298 percussa
1374 1243 1517 1282 caeca
1551 1226 1642 1281 fiat
1681 1245 1696 1283 :
1729 1226 1824 1284 sed
1858 1229 2040 1298 potius
2069 1240 2138 1282 ex

579 1328 810 1392 utraque
849 1327 1003 1391 parte
1043 1327 1098 1373 et
1148 1319 1212 1375 ad
1249 1318 1498 1373 timorem
1539 1316 1634 1372 Dei
1679 1325 1737 1372 et
1773 1317 1842 1372 ad
1884 1317 2140 1373 virtutem

579 1411 921 1467 instituatur.

2249 493 2347 565 μὲν
2375 492 2673 564 χρηστότης
2695 491 2925 559 ἄκρατος
2952 486 3095 552 λίαν,
3121 486 3417 557 ὲπιϐλαϐής
3451 503 3510 538 τε
3554 485 3650 538 καὶ
3688 484 3816 539 ἄλο-

2245 598 2371 652 γος’
2426 581 2710 655 ἐμϐρίθεια
2762 579 2818 633 δὲ
2875 580 2966 633 καὶ
3023 577 3359 648 αὑστηρότης
3415 575 3537 629 καθ’
3589 576 3814 644 ἑαυτὴν,

2250 675 2612 746 χρηστότητος
2653 671 2972 743 ἀμοιροῦσα,
3011 669 3147 740 πρὸς
3191 669 3484 738 ἀγριότητα
3519 664 3616 718 καὶ
3646 665 3818 717 ἀπαν-

2249 765 2492 837 θρωπίαν
2533 765 2655 834 ὁρᾷ.
2717 763 2979 834 Ἐκάτερα
3002 761 3057 814 δὲ
3093 758 3332 813 παιδεύει
3364 775 3422 810 τε
3463 757 3560 810 καὶ
3611 756 3814 826 ἡδύνει,

2248 856 2438 928 τέρπει
2479 872 2538 908 τε
2581 855 2674 908 καὶ
2722 852 2974 922 ἐκφοϐεῖ·
3018 849 3405 919 ἐπαγγέλλεται
3447 846 3812 918 χρηστότητα,

2245 948 2338 999 καὶ
2367 946 2581 1000 ἀπειλεί
2626 945 2861 1017 φοϐερά’
2912 943 3180 1016 προτείνει
3227 939 3412 1012 δώρων
3460 939 3680 1000 ἐλπίδα,
3728 937 3812 989 καὶ

2251 1040 2640 1111 παραδείκνυσι
2683 1037 2956 1108 τιμωριῶν
2999 1035 3239 1090 κίνδυνον
3259 1051 3273 1064 °
3314 1030 3386 1098 ὡς
3411 1031 3474 1086 ἂν
3499 1034 3528 1084 ὁ
3555 1031 3812 1098 λογισμὸς

2245 1130 2353 1182 τῶν
2406 1129 2497 1183 ἐπὶ
2542 1129 2645 1199 γῆς
2695 1126 3120 1197 πολιτευομένων
3180 1125 3316 1196 μήτε
3363 1122 3655 1193 χαυνότητι
3710 1120 3812 1172 τῶν

2246 1219 2417 1288 ἡδέων
2450 1216 2859 1288 καταϐαπτισθῇ
2903 1216 3036 1285 πρὸς
3071 1215 3305 1285 ἄμετρον
3337 1211 3642 1284 ῥᾳστώνην,
3680 1213 3813 1281 μήτε

2245 1309 2573 1379 ἀδιαλείπτῳ
2610 1308 2718 1360 δέει
2752 1308 2860 1360 τῶν
2901 1308 3078 1378 φόϐων
3124 1304 3467 1372 διεκπλαγείς
3509 1302 3810 1374 πληρωθῇ⁹

2245 1402 2360 1456 ἀλλ’
2397 1401 2736 1472 ἑκατέρωθεν
2785 1402 3017 1472 μετρίως
3052 1397 3439 1468 παιδαγωγηθῇ
3478 1395 3620 1468 πρὸς
3656 1393 3816 1449 εὐλάο

2248 1494 2398 1548 ϐειάν
2421 1512 2480 1547 τε
2502 1496 2593 1548 καὶ
2616 1496 2843 1566 ἀρετήν..

600 1617 3803 1646 W

1538 1776 1967 1838 PBEFATIO
2008 1778 2112 1862 lN_
2135 1776 2438 1840 LIBRUM
2480 1776 2864 1838 TERTIUM.

652 1939 1186 2024 Quasuperioribus
1212 1940 1364 1996 libris
1392 1947 1508 1994 tum
1540 1955 1608 1995 ex
1637 1941 1801 1997 rebus
1829 1943 1995 2012 ipsis,
2027 1950 2142 1998 tum

2314 1943 2394 1998 Τά
2428 1944 2527 2016 μὲν
2553 1938 2646 1997 οῦν
2668 1942 2938 2014 έμπροθεν
2959 1941 3021 1996 ἐκ
3045 1958 3104 1995 τε
3131 1942 3238 1993 τῶν
3261 1941 3603 2012 πραγμάτων
3636 1944 3818 1998 αὐτῶν

583 2052 649 2093 ex
695 2034 1079 2092 communibus
1126 2033 1444 2088 nationibus
1491 2033 1636 2088 dicta
1684 2044 1846 2101 sunt,
1894 2034 2146 2093 fortassis

579 2126 822 2182 omnium
873 2127 968 2198 qui
998 2134 1150 2180 extra
1181 2123 1482 2180 Ecclesiam
1529 2132 1692 2188 sunt,
1742 2135 1975 2181 mentem
2029 2141 2147 2179 mu-

581 2219 701 2275 nire
729 2225 992 2289 possunt,
1030 2223 1091 2270 ut
1121 2214 1514 2296 blasphemiam
1550 2213 1831 2270 Manichaei
1867 2216 1921 2270 iu
1958 2227 2147 2272 aucto-

581 2325 697 2365 rem
743 2309 986 2365 universi
1030 2323 1138 2363 non
1185 2306 1494 2362 admittant.
1539 2304 1676 2371 Quia
1707 2322 1835 2362 vero
1863 2308 2023 2362 aliam
2051 2323 2146 2363 ve-

579 2401 854 2457 nationem
899 2407 1088 2455 contra
1146 2414 1241 2455 eos
1279 2398 1373 2470 qui
1415 2399 1558 2452 intra
1601 2397 1906 2454 Ecclesiam
1982 2407 2142 2464 sunt,

580 2505 800 2563 gravem
826 2488 1044 2560 quidem
1072 2487 1219 2542 illam
1245 2495 1299 2542 et
1324 2487 1684 2558 periculosam
1714 2489 2010 2544 meditatus
2038 2501 2142 2554 est,

578 2581 824 2654 quaedam
851 2581 906 2636 in
930 2580 1227 2650 Scripturis
1255 2579 1460 2635 sanctis
1493 2579 1638 2634 dicta
1669 2579 1737 2634 ad
1765 2595 1920 2636 suam
1954 2580 2143 2635 falsam

579 2674 889 2729 doctrinam
921 2687 1018 2743 per
1047 2672 1156 2726 vim
1185 2671 1514 2741 detorquens
1541 2689 1555 2726 :
1590 2678 1806 2743 tempus
1834 2681 1918 2727 est
1945 2714 1959 2736 ,
1992 2681 2051 2727 ut
2078 2689 2144 2728 ex

580 2765 781 2821 divinis
815 2762 1115 2834 Scripturis
1147 2761 1550 2819 confutationes
1583 2773 1775 2818 contra
1807 2779 1931 2818 eum
1973 2765 2144 2835 agite-

583 2867 744 2918 mus,
779 2851 848 2907 ad
878 2851 1234 2907 muniendum
1265 2865 1361 2906 eos
1389 2851 1483 2922 qui
1514 2852 1648 2922 ipsis
1683 2849 1980 2922 Scripturis
2018 2869 2144 2908 san-

579 2945 684 2999 etis
716 2940 968 3008 credunt,
991 2941 1084 3013 qui
1111 2940 1364 2997 absurdis
1393 2950 1448 2997 et
1475 2941 1927 3010 improbabilibus
1955 2959 2142 2998 earum

583 3036 1127 3106 interpretationibus
1174 3035 1446 3090 interdum
1497 3035 1567 3090 ab
1609 3035 1703 3089 illo
1755 3033 2141 3104 decipiuntur;

577 3127 736 3182 vario
757 3127 903 3182 enim
933 3124 1150 3180 fallendi
1180 3125 1409 3180 artificio
1437 3140 1676 3180 errorem
1706 3141 1865 3196 quem
1896 3125 2143 3195 adiutore

2247 2035 2341 2088 καὶ
2361 2033 2471 2087 τῶν
2488 2033 2680 2087 κοινῶν
2705 2032 2918 2087 ἐννοιῶν
2929 2029 3212 2104 εἰρημένα,
3238 2030 3456 2084 πάντων
3477 2030 3544 2085 ἃν
3571 2033 3703 2098 ἴσως
3724 2035 3817 2088 καὶ

2244 2125 2353 2181 τῶν
2377 2125 2533 2188 ἐκτὸς
2544 2125 2641 2196 τῆς
2656 2123 2976 2195 Ἐκκλησίας
2998 2122 3085 2176 τὸν
3101 2122 3221 2176 νοῦν
3233 2122 3610 2191 ἀσφαλίσαιτο,
3643 2125 3818 2196 μηδα-

2246 2219 2362 2291 μῶς
2401 2216 2716 2289 προσίεσθαι
2740 2215 2831 2269 τοῦ
2853 2214 3124 2276 Μάνεντος
3146 2213 3245 2284 τὴν
3269 2212 3411 2265 κατά
3429 2212 3528 2265 τοῦ
3553 2215 3821 2286 Δημιουρ-

2245 2309 2342 2379 γοῦ
2371 2309 2480 2362 τῶν
2515 2308 2651 2363 ὅλων
2679 2306 3043 2378 βλασφημίαν.
3087 2305 3299 2375 Ἐπειδὴ
3328 2305 3384 2357 δὲ
3417 2303 3593 2376 θήραν
3624 2306 3824 2377 ἑτέραν

2244 2403 2384 2458 κατά
2412 2402 2518 2457 τῶν
2553 2402 2662 2456 ἀπὸ
2687 2402 2786 2472 τῆς
2814 2399 3133 2470 Ἐκκλησίας
3170 2399 3506 2470 μεμελέτηκε
3549 2399 3729 2471 δεινήν
3753 2417 3817 2454 τε

2245 2497 2341 2549 καὶ
2371 2494 2635 2566 χαλεπὴν,
2655 2494 2840 2565 ῥήσεις
2866 2490 3017 2555 τινάς
3049 2491 3155 2544 τῶν
3177 2490 3344 2559 ἁγίων
3379 2491 3611 2562 Γραφῶν
3636 2493 3819 2546 ἐκϐιαο

2245 2585 2466 2658 ζόμενος
2512 2585 2647 2656 πρὸς
2693 2585 2792 2656 τὴν
2842 2583 3004 2637 αὐτοῦ
3045 2581 3429 2653 ψευδολογίαν
3470 2583 3592 2654 ῶρα
3615 2584 3681 2654 δὴ
3715 2584 3816 2637 καὶ

2241 2678 2369 2741 τοὺς
2401 2677 2507 2730 ἀπὸ
2538 2675 2643 2728 τῶν
2671 2675 2828 2728 θείων
2854 2674 3083 2745 Γραφῶν
3111 2673 3363 2744 ἐλέγχους
3391 2675 3514 2726 κατ’
3551 2673 3716 2727 αὐτοῦ
3735 2692 3817 2726 κι-

2245 2767 2428 2838 νῆσαι,
2445 2767 2580 2838 πρὸς
2609 2764 2904 2834 ἀσφάλειαν
2925 2763 3032 2816 τῶν
3059 2763 3418 2816 πιστευόντων
3449 2766 3564 2826 ταῖς
3588 2763 3817 2818 ἀλλοκό-

2241 2877 2353 2925 τοις
2373 2860 2466 2914 καὶ
2489 2859 2606 2912 λίαν
2631 2856 2911 2918 ἀπιθάνοις
2936 2855 3246 2926 ἑρμηνείαις
3269 2855 3413 2908 ἔστιν
3435 2856 3516 2908 ὅτε
3539 2855 3674 2924 πρὸς
3696 2855 3817 2907 τῶν

2243 2953 2450 3006 ἐκείνου
2496 2951 2888 3020 πλανωμένων·
2923 2949 3178 3011 ποικίλως
3223 2948 3331 3018 γὰρ
3384 2947 3696 3017 μεθοδεύων,
3734 2947 3814 3016 ἦν

2243 3041 2501 3109 ἐπενόησε
2557 3039 2841 3110 συνεργείᾳ
2889 3039 2983 3092 τοῦ
3031 3037 3271 3092 διαϐόλου
3317 3037 3546 3106 πλάνην,
3603 3036 3814 3106 ἰσχύειν

2242 3135 2533 3202 ἐπιχειρεῖο
2577 3133 2702 3202 παρ’
2735 3130 2956 3200 Ἕλλησι
3003 3131 3098 3200 μὲν
3140 3130 3200 3182 οὐ
3240 3128 3308 3182 τὰ
3339 3129 3562 3182 ἐκείνων
3581 3127 3810 3198 ἀνατρέ-

579 3219 797 3274 diabolo
819 3217 1178 3288 excogitavit,
1217 3217 1434 3273 flrmare
1459 3218 1693 3284 nititur;
1733 3217 1877 3288 apud
1913 3217 2141 3288 gentiles

2243 3240 2380 3287 πων,
2395 3223 2463 3276 τὰ
2485 3222 2540 3275 δὲ
2573 3223 2772 3277 ἐλάττω
2799 3220 2942 3275 κακὰ
2965 3221 3100 3292 πρὸς
3123 3220 3357 3292 μείζονα·
3368 3221 3624 3284 ἀσεϐείας
3645 3221 3813 3289 ὄγκον

579 3307 798 3380 quidem
830 3283 1245 3362 nonvrefellens
1280 3307 1497 3362 illorum
1528 3283 1816 3380 dogmata:
1857 3283 1978 3378 qua:
2015 3323 2142 3362 vero

2245 3283 2500 3387 ἐξαίρων.
2534 3314 2962 3387 κακοηθέστερον
3003 3283 3351 3386 ίΕλληνισμὸν
3375 3316 3682 3386 ὲφηγεῖται.

579 3398 792 3453 minora
822 3397 964 3452 mala
998 3404 1159 3460 sunt,
1198 3397 1253 3450 in
1302 3397 1561 3467 majorem
1606 3397 1805 3453 molem
1854 3398 2144 3468 impietatis

577 3487 844 3545 extollens
863 3526 878 3552 ,
907 3486 1306 3558 perversiorem
1334 3486 1724 3544 Hellenismum
1755 3490 2071 3545 introducit.

649 3576 859 3645 Quibus
900 3578 1014 3634 fere
1058 3577 1126 3634 ad
1171 3579 1354 3634 omnia
1383 3579 1656 3634 consimili
1688 3581 1942 3649 Opinione
1970 3581 2143 3634 mala-

576 3683 702 3727 rum
729 3676 784 3725 et
812 3669 1074 3725 falsarum
1102 3669 1472 3725 doctrinarum
1500 3669 1929 3734 circumvectus,
1957 3685 2144 3725 acces-

579 3761 787 3817 sionem
819 3759 1100 3816 ftctionum
1126 3776 1349 3818 suarum
1377 3761 1621 3816 immittit
1649 3778 1663 3814 :
1697 3760 1841 3831 apud
1878 3759 2142 3817 Christia-

580 3867 685 3909 nos
715 3866 844 3909 vero
872 3852 1082 3910 scilicet
1110 3869 1232 3924 qua:
1259 3852 1696 3909 Christianorum
1729 3862 1890 3918 sunt,
1922 3868 2141 3924 aggres-

582 3960 679 4000 sus
700 3982 716 4009 ,
745 3952 803 4001 et
827 3944 1208 4015 probabilitate
1232 3943 1472 3999 nominis
1500 3943 1744 4010 Christi,
1769 3952 1823 3999 et
1851 3942 2138 3997 verbormn

581 4036 878 4107 Scriptura:
897 4076 914 4103 ,
939 4043 994 4092 et
1020 4036 1300 4091 modestia:
1326 4036 1506 4107 specie
1525 4075 1540 4101 ,
1572 4036 1760 4107 lupum
1791 4032 2011 4104 quidem
2046 4033 2138 4102 qui

575 4135 662 4186 est
686 4129 838 4200 ipse,
879 4129 1029 4183 intus
1064 4127 1230 4198 tegit,
1259 4128 1455 4198 pellem
1486 4142 1616 4184 vero
1644 4128 1763 4183 ovis
1796 4125 2141 4181 extrinsecus

575 4221 838 4286 indutus,
870 4219 1101 4276 efficitur
1135 4218 1271 4277 falsa
1306 4219 1459 4275 stella
1487 4219 1673 4290 gregi:
1711 4228 1875 4288 atque
1917 4217 1992 4270 ita
2038 4217 2140 4271 im.-

573 4313 1022 4385 prudentioribus
1046 4319 1101 4368 et
1131 4312 1311 4380 minus
1339 4313 1578 4369 cordatis
1602 4320 1797 4376 nocet,
1823 4311 1912 4367 cui
1947 4327 2140 4382 propo-

575 4405 741 4462 situm
765 4411 884 4470 est,
911 4405 1242 4475 impietatem
1267 4405 1503 4460 maxime
1529 4404 1772 4460 omnium
1800 4417 1994 4458 novam
2024 4411 2138 4457 tum

578 4513 609 4552 a
641 4511 734 4563 se,
763 4505 879 4552 tum
910 4497 980 4552 ab
1008 4497 1130 4552 aliis
1159 4496 1433 4568 colligere.
1468 4494 1536 4551 Ut
1564 4503 1744 4551 autem
1772 4495 1956 4549 nullus
1981 4493 2141 4548 Chri-

573 4589 784 4644 stianus
809 4589 1104 4644 novitatem
1134 4603 1322 4644 eorum
1357 4589 1622 4643 malorum
1651 4602 1773 4658 quae
1803 4586 2136 4656 collegisset,
2171 4621 2214 4678 ο

571 4679 876 4751 expendere
907 4681 1098 4737 saltem
1131 4688 1185 4736 et
1214 4681 1564 4736 considerare
1597 4674 2003 4750 aggrederetur,
2034 4676 2138 4732 Pa-

571 4773 834 4829 racletum
859 4789 925 4829 se
949 4772 1272 4843 appellavit,
1303 4787 1406 4826 usu
1435 4770 1673 4826 nominis
1691 4809 1707 4834 ,
1733 4769 1878 4839 quod
1907 4785 2015 4824 non
2044 4785 2136 4826 so-

485 4879 488 4882 ’
571 4864 680 4918 lum
715 4878 881 4934 supra
917 4863 1220 4931 hominem,
1257 4865 1353 4918 sed
1387 4877 1553 4933 supra
1579 4861 1829 4932 angelum
1859 4872 1963 4928 est,
1983 4861 2139 4915 falla-

568 4957 712 5011 ciam
754 4971 908 5012 suam
952 4965 1137 5027 tegens
1177 4970 1242 5010 ac
1286 4953 1683 5020 dissimulans;
1715 4962 1777 5007 ut
1811 4954 2138 5007 auctoritate

568 5047 950 5118 appellationis
972 5047 1265 5118 probabili,
1287 5045 1541 5101 homines
1555 5045 1758 5115 alioqui
1787 5044 1962 5108 stulti,
1983 5042 2142 5098 nullo

569 5140 816 5197 adhibito
856 5138 1100 5210 judicio,
1129 5154 1252 5210 qua:
1292 5137 1456 5202 dicit,
1501 5136 1981 5205 amplecterentur.
2011 5134 2128 5188 Ali-

567 5227 790 5300 quando
809 5231 972 5285 etiam
999 5241 1255 5300 tanquam
1286 5226 1562 5298 apostolus
1588 5225 1721 5282 Iesu
1738 5225 1942 5280 Christi
1961 5265 1976 5290 ,
2006 5225 2134 5300 bar-

569 5320 716 5376 baris
746 5335 944 5392 genere
962 5363 977 5388 ,
1009 5320 1154 5376 idem
1182 5334 1380 5391 genere
1410 5327 1464 5375 et
1495 5325 1675 5373 mente
1723 5293 2137 5373 barbarusoim-

568 5413 822 5482 pietatem
861 5429 957 5484 per
989 5413 1248 5484 epistolas
1274 5410 1459 5466 tradit.
1497 5409 1600 5464 Sed
1634 5409 1701 5466 de
1731 5410 1819 5466 his
1849 5417 2060 5480 postea.

638 5502 717 5558 Ex
746 5503 1074 5575 Scripturis,
1099 5521 1220 5575 qua:
1239 5511 1367 5560 sunt
1389 5501 1602 5558 Veteris
1623 5499 1954 5556 Testamenti
1971 5540 1986 5566 ,
2012 5500 2136 5555 illas

570 5594 795 5650 ascribit
813 5596 1086 5666 nequitiae,
1110 5612 1276 5668 quam
1298 5602 1486 5661 vocat,
1507 5595 1680 5665 legem
1702 5593 1913 5650 scilicet
1933 5601 1988 5646 et
2009 5608 2145 5663 pro~

571 5684 797 5758 pltctaS'
835 5687 1124 5760 Evangelia
1159 5703 1286 5744 vero
1313 5694 1365 5743 et
1402 5687 1609 5758 reliqua
1656 5683 1788 5741 Novi
1825 5683 2135 5741 Testamen-

2313 3572 2410 3640 Οἷς
2435 3577 2619 3647 σχεδὸν
2647 3577 2784 3650 πρὸς
2813 3578 3032 3633 ἃπασαν
3072 3579 3598 3652 συμπεριαγόμενος,
3622 3581 3807 3651 φασιν,

2237 3667 2491 3740 ὁμοδοξία
2531 3670 2716 3724 κακῶν
2748 3670 3027 3742 σφαλερῶν
3059 3671 3394 3743 μαθημάτων
3421 3673 3524 3743 τὴν
3565 3674 3807 3744 προσθή-

2239 3781 2345 3834 κην
2393 3764 2500 3816 τῶν
2543 3760 2736 3816 ἑαυτοῦ
2777 3761 3106 3833 πλασμάτων
3133 3761 3537 3833 παρεμϐάλλειο
3573 3763 3722 3835 παρά
3747 3763 3810 3816 δὲ

2238 3856 2581 3927 Χριστιανοῖς
2622 3854 2690 3908 τά
2716 3844 3054 3922 Χριστιανῶν
3085 3853 3246 3924 δῆθεν
3277 3854 3494 3925 μετιὼν,
3522 3856 3618 3910 καὶ
3649 3855 3811 3908 πιθα-

2239 3947 2418 4018 νότητι
2440 3946 2701 4017 ὀνόματός
2720 3963 2778 3999 τε
2803 3945 3036 4019 Χριστοῦ
3063 3947 3158 3998 καὶ
3185 3946 3443 4017 ῥημάτων
3461 3947 3563 4016 τῆς
3583 3947 3811 4018 Γραφῆς

2241 4037 2540 4101 ἐπιεικείας
2561 4036 2814 4108 ἐμφάσει,
2847 4037 2938 4090 τὸν
2957 4037 3055 4107 μὲν
3086 4036 3267 4100 λύκον,
3290 4038 3427 4108 ὅπερ
3446 4039 3612 4102 αὐτός
3631 4041 3804 4101 ἐστιν,

2240 4129 2448 4184 ἔνδοθεν
2492 4129 2728 4192 σκέπων,
2754 4129 2816 4183 τὸ
2838 4129 2894 4184 δὲ
2927 4128 3117 4183 κώδιον
3147 4128 3342 4196 ἔξωθεν
3377 4129 3806 4201 περιτιθέμενος,

2238 4220 2421 4290 ἀπάτη
2469 4220 2696 4290 ἀστέρος
2745 4218 2823 4290 τῷ
2875 4219 3109 4289 ποιμνίῳ
3146 4219 3421 4288 γίγνεται·
3454 4219 3548 4272 καὶ
3573 4219 3711 4271 οὕτω
3739 4219 3810 4290 δὴ

2237 4313 2364 4376 τοὺς
2391 4308 2552 4383 ἦττον
2572 4310 2847 4382 ἔμφρονας
2868 4309 3230 4380 καταλάμπει,
3265 4310 3358 4362 καὶ⁸
3384 4308 3446 4380 δὴ
3476 4309 3811 4381 προθέμενος

2238 4407 2561 4474 καινοτάτην
2585 4403 2838 4457 ἀσέϐειαν
2863 4401 3211 4474 ὲρανίσασθαι
3245 4402 3375 4473 παρ’
3397 4401 3591 4454 ἑαυτοῦ
3621 4418 3683 4454 τε
3717 4404 3814 4454 καὶ

2239 4492 2368 4563 παρ’
2406 4490 2598 4546 ἄλλων.
2641 4490 2728 4553 Ὠς
2752 4489 2818 4543 ἂν
2853 4490 3038 4560 μηδεὶς
3063 4489 3171 4542 τῶν
3203 4489 3541 4562 Χριστιανῶν
3565 4492 3816 4558 ἐπεγνω-

2240 4583 2412 4638 κότων
2453 4581 2725 4648 ἐξετάζειν
2761 4580 2890 4649 γοῦν
2920 4579 3223 4651 ἐπιχειροίη
3260 4580 3360 4651 τὴν
3386 4580 3677 4652 καινότητα
3701 4582 3814 4635 τῶν

2244 4673 2622 4745 ἠρανισμένων
2664 4674 2754 4726 ὑπ’
2789 4671 2951 4727 αὑτοῦ
2977 4672 3184 4735 κακῶν,
3211 4671 3563 4743 Παράκλητον
3590 4677 3817 4744 προσεῖι

2241 4781 2341 4817 πεν
2371 4763 2582 4827 ἑαυτὸν,
2606 4761 2865 4833 ὀνόματος
2886 4762 2984 4831 οὐχ
3008 4761 3146 4832 ὑπὲρ
3164 4761 3446 4832 ἄνθρωπον
3468 4761 3648 4832 μόνον,
3673 4762 3821 4817 ἀλλὰ

2239 4857 2332 4910 καὶ
2374 4855 2514 4927 ὑπὲρ
2545 4854 2792 4924 ἄγγελον,
2815 4855 3004 4926 χρήσει
3036 4853 3096 4906 τὸ
3132 4854 3406 4925 ἀπατηλὸν
3439 4855 3690 4908 σκέπων·
3721 4856 3812 4909 ἵνα

2237 4947 2316 5018 τῷ
2367 4946 2664 5018 ἀξιοπίστῳ
2717 4947 2816 5017 τῆς
2867 4945 3232 5019 προσηγορίας
3280 4945 3605 5016 ἀδιακρίτως
3627 4949 3676 5000 oi
3713 4947 3810 5000 καὶ

2237 5037 2411 5102 ἄλλως
2443 5037 2660 5108 ἀνόητοι
2710 5036 2970 5106 δέχωνται
3012 5035 3080 5089 τὰ
3117 5035 3404 5104 λεγόμενα.
3445 5037 3602 5090 Ἐστι
3636 5037 3684 5090 δ’
3718 5040 3809 5092 ὅτε

2238 5129 2334 5183 καλ⁸
2357 5129 2432 5192 ὡς
2457 5125 2751 5189 ἀπόστολος
2788 5125 2962 5196 Ἰησοῦ
2989 5125 3226 5196 Χριστοῦ
3251 5125 3546 5197 βαρϐάροις
3569 5127 3632 5180 τὸ
3652 5128 3812 5195 γένος

2237 5228 2266 5278 ὁ
2299 5223 2572 5295 βάρϐαρος
2600 5220 2692 5274 καὶ
2727 5218 2882 5286 γένος
2916 5218 3010 5271 καὶ
3035 5215 3259 5286 γνώμην
3281 5216 3656 5287 τὴνιάσέϐειαν
3691 5218 3813 5270 ὲπι-

2236 5315 2466 5369 στέλλει.
2496 5311 2606 5366 Καὶ
2639 5311 2764 5380 περὶ
2795 5309 2895 5380 μὲν
2923 5309 3128 5362 τούτων
3151 5305 3397 5377 ὕστερον.

2301 5489 2423 5544 Τῶν
2453 5486 2768 5560 δὲΓραφῶν
2793 5484 2892 5548 τάς
2917 5483 3013 5555 μὲν
3042 5479 3400 5554 παλαιοτέρας
3423 5480 3709 5551 ἀνατίθησι
3732 5483 3798 5552 τῇ

2238 5581 2374 5655 πρὸς
2410 5579 2573 5634 αὐτοῦ
2604 5577 2872 5652 λεγομένῃ
2889 5577 3075 5646 κακίᾳ,
3097 5575 3260 5645 νόμον
3283 5590 3343 5626 τε
3368 5573 3463 5627 καὶ
3483 5571 3796 5644 προφήταςο

2238 5680 2304 5734 τά
2330 5679 2385 5733 δὲ
2412 5677 2719 5748 Εὑαγγέλια
2761 5677 2854 5730 καὶ
2884 5674 2952 5730 τά
2991 5672 3156 5728 λοιπὰ
3179 5673 3276 5745 τῆς
3296 5670 3506 5742 Καινῆς
3528 5667 3803 5738 Διαθὴκης
