4116 6332
358 252 501 309 1209
516 250 525 255 ’

358 363 655 436 μαθήματα
688 369 835 442 παρὰ
862 373 960 441 μὲν
990 375 1085 430 τοῦ
1110 378 1335 447 ἀγαθοῦ,
1358 383 1432 449 ὡς
1459 386 1650 453 οἴεται,
1683 392 1926 451 δεδόσθαι

357 457 542 561 ἓνησίν.
569 459 701 561 osse
740 462 911 561 ταῦτα
935 558 944 561 Δ
969 467 1074 539 μὴν
1121 473 1148 523 ὁ
1192 472 1292 542 τῆς
1329 474 1678 551 βλασφημίας
1707 487 1931 561 εὑρετὴς

354 553 739 624 διισχυρίζεταιι
792 557 858 610 δι’
904 558 1026 614 ὅλου
1080 563 1404 636 καθαρεύειν
1452 571 1577 637 τοῦ,
1622 574 1697 639 ῶς
1746 553 1928 649 ιρησιν,

353 646 595 700 ἐναντίου
618 648 771 703 Θεοῦσ
789 653 1112 728 ἐνυπάρχειν
1138 660 1193 713 δὲ
1222 663 1316 715 καὶ
1339 664 1565 733 τούτοις,
1584 669 1771 746 ὥσπερ
1791 677 1931 730 κατά

352 753 474 839 τινα
514 739 682 839 μίξιν,
715 743 885 797 πολλὰ
919 748 1020 818 τῆς
1060 750 1149 803 ὑπ’
1183 754 1347 808 αὑτοῦ
1394 739 1749 834 καλουμένης,
1770 766 1925 839 ῦληςο

352 829 450 882 καὶ
479 831 694 901 χρῆναι,
730 835 902 890 ταῦτα
936 841 1273 911 περιελόντα,
1311 847 1445 918 μόνα
1479 829 1600 905 καθ’
1632 829 1800 911 ἐαυτά
1832 829 1931 913 κα-

351 921 617 990 ταλιπεῖν,
650 924 686 979 a
710 930 775 999 τῇ
800 928 891 982 τοῦ
919 931 1124 999 ἀγαθοῦ
1156 937 1330 1008 μερίδι
1360 939 1650 1011 λογίζεται.

423 1015 579 1107 ρῦτω
600 1018 711 1070 τῶν
745 1020 913 1088 ἁγίων
940 1023 1169 1095 Γραφῶν
1198 1029 1294 1097 τὴν
1315 1031 1615 1104 διόρθωσιν,
1634 1038 1708 1103 ὡς
1735 1039 1925 1107 οἴεται,

351 1105 684 1200 καθ’ἐαυτὸν
713 1115 1243 1185 μεταχειριζόμενος,
1278 1122 1368 1174 καὶ
1403 1123 1488 1178 διὰ
1512 1127 1667 1182 τοῦτο
1697 1105 1926 1200 μάλιστα

348 1195 563 1266 τολμῶν
615 1199 974 1271 Παράκλητος
1032 1202 1169 1261 εἶναι
1214 1211 1412 1278 δοκεῖν,
1455 1216 1523 1269 τὰ
1572 1220 1668 1289 μὲν
1698 1195 1927 1278 ’πλείονα

350 1289 700 1385 περιγράφει,
744 1292 949 1363 βραχέα
984 1298 1076 1350 καὶ
1104 1300 1435 1365 καταλιπὼν,
1470 1308 1562 1359 καὶ
1590 1311 1686 1381 τῆς
1718 1314 1925 1385 Καινῆς

347 1377 626 1453 Διαθήκης
669 1382 936 1440 ποθοῦντα
978 1388 1086 1443 τῶν
1130 1394 1405 1461 συγγενῶν
1450 1398 1623 1467 λόγων
1643 1377 1751 1474 τὴν
1785 1377 1924 1477 συμέ-

349 1472 577 1542 φωνίαν.

420 1562 601 1617 Οἴεται
633 1566 733 1636 μὲν
758 1570 937 1640 πᾶσαν
960 1571 1255 1641 ἀσφάλειαν
1273 1576 1383 1648 (49)
1406 1597 1472 1633 πε
1482 1584 1823 1651 ριτεθεῖσοαι,
1850 1589 1925 1654 ὼς

348 1653 489 1723 μόνα
511 1654 575 1725 δὴ
596 1657 958 1748 τά-δυνάμενα
988 1665 1399 1735 προσέλκεσθαι,
1430 1674 1562 1744 πρὸς
1588 1674 1624 1728 ἆ
1644 1680 1926 1748 τερατεύε-

343 1759 433 1796 ται
463 1745 868 1813 καταλελοιπώς
889 1768 902 1781 ·
941 1753 1093 1806 οὐδὲν
1119 1755 1175 1808 δὲ
1203 1751 1362 1829 ἦττον
1392 1762 1487 1814 καὶ
1528 1745 1716 1817 ταῦτα⁷
1735 1768 1921 1837 σαφῶς
1956 1759 1995 1812 Β

344 1833 510 1887 αὑτοῦ
555 1835 815 1911 διελέγχει
867 1840 964 1912 τὴν
1016 1843 1255 1918 ἄμετρον
1310 1852 1526 1921 μανίαν,
1561 1855 1655 1922 ὡς,
1704 1833 1918 1915 ἐπειδὰν

342 1926 473 2021 περὶ
501 1928 642 1982 αὑτά
665 1930 911 2004 γένηται,
943 1935 1076 1990 Θεοῦ
1112 1940 1464 2012 παρέχοντος,
1489 1946 1649 2012 δείξει
1683 1951 1867 2021 σαφῶς
1890 1956 1918 2007 ό

339 2014 520 2085 λόγος.

410 2109 659 2163 Δεικτέον
680 2111 735 2165 δὲ
760 2113 996 2185 πρῶτον,
1013 2117 1160 2184 ὅπως
1180 2121 1369 2191 ἄλογον
1394 2131 1624 2183 ποιεῖται
1652 2131 1749 2203 τὴν
1777 2135 1918 2190 κατὰ

337 2199 448 2293 τῶν
489 2201 858 2277 ἀρχαιοτέρων
899 2208 1071 2277 ἁγίων
1121 2212 1161 2263 Γ
1165 2215 1351 2283 ραφῶν
1398 2199 1762 2293 βλασφημία-ν,
1814 2244 1918 2279 πα-

335 2291 634 2390 λαιοτέροις
668 2297 769 2390 μεν
801 2300 967 2355 αὐτοῦ
997 2309 1254 2375 πονηροῖς
1294 2310 1518 2382 ἀνδράσι
1564 2291 1653 2367 καὶ
1682 2316 1788 2369 ἀπὸ
1815 2322 1915 2390 τῆς

350 2383 678 2479 ’ξκκλησίας
715 2389 1148 2465 ἀποκηρυχθεῖσι
1196 2399 1337 2454 κατά
1366 2402 1522 2456 τοῦτο
1556 2383 1911 2479 συνενεχθεὶς,

334 2476 405 2569 τῇ
451 2476 751 2569 δ’ῌάσεϐείᾳ
783 2483 992 2550 πάντας
1042 2489 1285 2555 ἐκείνους
1319 2476 1802 2569 ὑπερϐαλλόμενος.
1850 2504 1912 2556 Εἰ

338 2567 440 2638 μὲν
465 2564 579 2635 οὖν,
617 2572 866 2646 καθάπερ
893 2576 1152 2649 ’Έλληνες
1180 2564 1465 2639 ἀπιστοῦσι
1495 2564 1769 2656 παντελῶς
1794 2598 1911 2659 ταῖς

334 2658 599 2728 ἱστορίαις
646 2661 755 2715 τῶν
810 2666 1063 2735 Γραφῶν,
1110 2670 1252 2725 οὕτω
1287 2673 1350 2745 δὴ
1386 2678 1633 2743 κάκεῖνος
1671 2658 1911 2739 ἀπιστῶν

331 2747 559 2818 ἔφασκε,
595 2754 913 2828 μηδαμῶςῆ
943 2758 1018 2823 ὡς
1050 2761 1206 2831 ἔτυχε
1240 2764 1308 2818 τά
1337 2768 1523 2823 αὐτόθι
1558 2772 1910 2846 ἱστορούμενα

332 2845 637 2935 γεγονῌέναι,
662 2845 774 2935 οὔτ’
805 2848 871 2901 ἂν
921 2852 1081 2921 ἡμεῖς
1108 2871 1161 2908 τι
1192 2856 1327 2927 πρὸς
1357 2860 1517 2914 αὐτὸν
1551 2865 1682 2935 περὶ
1709 2845 1909 2921 τούτων

329 2931 649 3003 ἐκινοῦμεν,
702 2934 812 2988 οὒτ’
853 2937 919 2990 ἂν
972 2940 1133 3004 αὐτὸς
1183 2943 1353 3014 μείζω
1420 2947 1510 2999 τὸν
1564 2931 1780 3021 ἔλεγχον
1822 2953 1910 3007 διὰ

326 3021 536 3075 τούτων
562 3023 876 3096 ὑπέμεινεν.
1127 3093 1130 3096 ,

416 3115 566 3169 Ἐπεὶ
584 3116 641 3170 δὲ
666 3117 764 3188 τὴν
801 3120 899 3189 μὲν
920 3122 1176 3193 ἀλήθειαν
1208 3126 1388 3191 αὐτοῖς
1409 3128 1501 3181 τοῦ
1533 3132 1719 3197 Ὀντος
1747 3152 1907 3204 γεγο-

329 3208 484 3299 νέναι
513 3210 927 3282 προσομολογεῖ,
967 3215 1145 3269 αἰτίαν
1184 3216 1242 3269 δὲ
1275 3219 1479 3275 τούτων
1512 3219 1647 3277 εἶναι
1689 3226 1784 3298 τὴν
1831 3229 1904 3299 μὴ

325 3294 492 3355 οὖσαν
523 3302 720 3355 κακίαν
745 3305 895 3395 φλησί·
918 3305 1061 3377 ζφέρε
1090 3310 1183 3362 καὶ
1206 3309 1298 3362 νῦν
1332 3313 1725 3387 ἀποδείξωμεν,
1759 3320 1905 3383 ὅπως

327 3392 425 3455 τὰς
450 3394 690 3463 μεγάλας
712 3392 989 3467 ἐνεργείας
1025 3400 1328 3472 ἀνατίθησι,
1359 3405 1454 3457 καὶ
1475 3406 1543 3459 τά
1566 3408 1736 3479 μείζω
1768 3410 1903 3464 θαύ-

330 3500 475 3554 ματα
516 3487 582 3557 τῇ
637 3486 1029 3560 διαϐαλλομένῃ
1075 3491 1211 3562 πρὸς
1246 3495 1408 3548 αὐτοῦ
1443 3499 1610 3571 κακίᾳ
1644 3500 1718 3573 μὴ
1742 3502 1898 3569 νοῶν,

325 3574 424 3628 ἆτε
456 3572 519 3647 δὴ
549 3576 640 3629 τὸν
668 3576 924 3649 λογισμὸν
958 3579 1305 3650 τυφλώττων,
1333 3585 1432 3650 τὰς
1476 3589 1811 3661 παραδόξους
1843 3594 1900 3645 ἐν

323 3668 444 3729 ταῖς
486 3668 751 3738 ἱστορίαις
801 3669 894 3723 τοῦ
944 3670 1079 3726 Θεοῦ
1122 3674 1217 3728 τοῦ
1250 3675 1582 3749 δημιουργοῦ
1623 3682 1732 3736 τῶν
1764 3684 1900 3738 ὅλων

323 3757 656 3829 οἰκονομίας.

392 3851 528 3921 Φησὶ
557 3850 614 3905 δὲ
641 3853 776 3924 πρὸς
800 3852 943 3919 λέξιν
968 3854 1138 3928 αὐτὴν
1166 3857 1445 3933 ἐκεῖνος,ἢ
1476 3862 1661 3934 ἕτερός
1686 3883 1769 3930 τις
1792 3868 1898 3922 τῶν

320 3940 418 3993 ἀπ’
446 3941 675 4007 ἐκείνου,
701 3944 1011 4016 ἐπιγράψας
1033 3946 1092 4000 τὸ
1113 3949 1404 4019 κεφάλαιον
1428 3955 1673 4025 περὶτῆς
1693 3957 1897 4029 ἀνθρωο

321 4032 486 4104 πίνης
513 4036 982 4105 πρωτοπλαστίαςο
1013 4040 1250 4110 Ἐπειδὴ
1283 4044 1388 4117 γὰρ
1412 4044 1686 4117 ἔγνωσαν
1717 4051 1771 4103 οἱ
1798 4050 1898 4119 ἅρ-

321 4141 557 4193 χοντες,
593 4127 675 4193 ὠς
719 4128 787 4182 ἐκ
839 4130 945 4185 τοῦ
991 4133 1401 4201 παραιρεῖσθαι
1422 4136 1495 4190 ’τό
1529 4138 1896 4208 ἁπαξαπλῶς

317 4219 615 4288 ἐμπίπτον
638 4224 727 4289 εις
753 4225 975 4291 αὐτοὺς
998 4226 1180 4295 μέρος
1210 4228 1319 4283 τοῦ
1350 4229 1565 4299 φωτὸς,
1589 4234 1775 4301 ταχὺς
1800 4235 1893 4288 ἐπ’

317 4312 538 4380 αὐτοὺς
567 4315 601 4368 ὀ
633 4314 886 4383 θάνατος
925 4316 1058 4384 ἣξει
1080 4335 1093 4348 ο
1137 4318 1253 4387 τὴν
1291 4323 1378 4387 εις
1407 4324 1481 4376 τὰ
1513 4324 1754 4394 σώματα
1784 4325 1893 4395 τῆς

314 4403 525 4474 ψυχῆς
574 4404 830 4461 κάθοδον
877 4410 1323 4479 ἐμηχανήσατο,
1364 4415 1728 4486 ἀναδραμεῖν
1772 4420 1889 4487 μὲν

313 4496 510 4566 αὐτὴν
530 4498 810 4567 μηδόλως
843 4500 1153 4570 ζητοῦντες
1172 4545 1186 4569 ,
1220 4506 1601 4561 ἁνελθοῦσαν
1631 4507 1699 4562 δὲ
1733 4511 1888 4579 μηδὲ

313 4586 425 4655 τῆς
449 4587 678 4643 ἀνωθεν
700 4589 934 4656 λήξεως
952 4592 1131 4656 ἀξίαν
1163 4596 1568 4666 εὑρίσκεσθαι,
1597 4597 1886 4668 μιάσματι

310 4677 425 4750 τῆς
455 4680 682 4750 σαρκὸς
708 4683 1101 4753 ἀνεχομένην.

386 4773 497 4826 Καὶ
532 4776 648 4844 μετ’
675 4775 852 4844 ὀλίγαν
886 4777 981 4830 Διὸ
1025 4777 1280 4845 ἕκαστος
1310 4778 1530 4843 αὐτῶν,
1564 4782 1732 4851 φησὶ,
1766 4782 1885 4837 τῶν

308 4860 423 4931 τῆς
452 4863 608 4931 ὕλης
640 4866 968 4933 ἀρχόντων,
1011 4868 1083 4922 ὃν
1116 4872 1337 4939 τρόπον
1360 4873 1739 4942 προείπομεν,
1774 4874 1883 4943 τῆς

310 4953 635 5023 γενομένης
691 4957 984 5026 κινήσεως
1032 4961 1257 5025 ἕνεκεν,
1300 4962 1397 5015 καὶ
1442 4962 1549 5016 τοῦ
1588 4963 1886 5032 φανέντος

310 5047 546 5116 πρῶτον
576 5048 675 5101 ἐπὶ
702 5049 817 5116 τὴν
845 5052 1150 5119 λύτρωσιν
1180 5053 1291 5121 τῆς
1320 5052 1546 5123 ψυχῆς,
1564 5053 1675 5124 τῆς
1703 5057 1884 5124 θύρας

309 5137 545 5207 πρῶτον
584 5141 948 5210 ἀνοιγείσης,
984 5144 1084 5196 ὑπ’
1128 5144 1478 5213 ἐκπλήξεως
1503 5147 1664 5200 ἄκων
1703 5164 1881 5201 κατα-

308 5228 550 5299 πέμψας
576 5230 690 5299 τὴν
714 5232 782 5284 ἐν
810 5231 970 5296 αὐτῷ
998 5233 1272 5302 δύναμιν,
1289 5235 1636 5305 ἐμόρφωσεν
1667 5238 1883 5293 ἑαυτὸν

307 5322 395 5387 είς
417 5318 647 5391 θήραμα
680 5320 785 5391 τῆς
812 5321 1037 5391 ψυχῆς,
1069 5325 1167 5379 καὶ
1190 5327 1423 5396 μίμημα
1464 5329 1651 5384 αὐτοῦ
1690 5330 1878 5385 ἔπλα-

305 5429 421 5467 σεν
474 5414 574 5467 ἐπὶ
627 5414 737 5482 τῆς
792 5414 927 5485 γῆς,
966 5417 1074 5471 τοῦ
1122 5417 1648 5487 δυσαποσπάστως
1715 5423 1879 5492 ἔχειν

306 5503 614 5574 ἠνάγκασε
651 5505 756 5571 τὰς
787 5507 992 5576 ψυχὰς
1014 5510 1563 5579 κατακηλουμένας.
1592 5512 1701 5566 Καὶ
1728 5513 1879 5568 πλά-

379 5659 489 5733 (49)
541 5660 912 5731 Ἀσφάλειαν.
945 5662 1114 5720 Aliter
1148 5664 1359 5735 legebat
1395 5666 1686 5737 interpres.

1450 274 1815 336 ADVERSUS
1852 281 2273 349 ΜΔΝιΟΗᾸΞΟὸ
2308 294 2436 353 LIB.
2472 297 2552 356 lli.

3458 322 3595 381 12|0

1954 406 1997 462 A
2029 403 2069 507 ti
2101 419 2129 458 a
2158 407 2303 507 bono
2334 410 2459 466 data
2486 429 2609 471 esse
2634 414 2786 485 dicit,
2805 425 2864 474 ut
2889 428 3061 491 putat.
3098 424 3201 482 Sed
3227 445 3326 486 nec
3343 432 3455 489 hzec
3477 440 3598 507 qui-

2036 497 2156 552 dem
2195 500 2298 556 iste
2338 502 2591 560 inventor
2619 507 2970 580 blasphemia:
2994 515 3222 573 amrmat
3245 537 3367 578 esse
3388 541 3453 580 ex
3482 497 3598 586 toto

2031 605 2061 643 a
2113 596 2388 649 contrario
2433 595 2528 652 Dei
2568 615 2737 655 vacua
2784 612 2839 657 et
2879 621 3048 675 pura,
3093 610 3186 664 sed
3237 627 3359 669 esse
3407 616 3463 671 in
3510 620 3596 677 his

2033 681 2202 736 multa
2249 699 2279 739 a
2324 689 2588 753 materia,
2636 707 2799 761 quam
2846 705 3038 762 vocat,
3079 699 3348 771 admista,
3380 720 3596 777 oporte-

2036 786 2203 867 reque
2237 774 2323 831 his
2356 778 2553 837 ablatis
2588 784 2703 837 sola
2737 786 3077 857 relinquere,
3112 809 3233 863 qua:
3275 797 3341 851 ad
3387 774 3592 867 partem

2029 862 2157 918 boni
2192 875 2405 937 reputat
2432 873 2725 939 pertinere.

2102 1036 2195 1094 Sic
2240 1043 2633 1101 correctionem
2682 1058 2993 1106 sanctarum
3044 1054 3480 1126 Scripturarum,
3531 1070 3593 1118 ut

2032 1131 2309 1201 opinatur,
2344 1136 2495 1193 solus
2526 1141 2846 1209 aggrediens
2866 1183 2880 1208 ,
2908 1154 2960 1199 et
2996 1146 3096 1201 hac
3128 1150 3471 1217 potissimum
3502 1170 3593 1208 ra-

2028 1223 2176 1280 tione
2206 1241 2373 1283 ausus
2400 1229 2570 1285 videri
2603 1231 2951 1303 Paracletus,
2983 1239 3212 1307 plurima
3243 1244 3459 1312 quidem
3486 1247 3593 1300 tol-
3674 1288 3679 1291 .
3730 1262 3751 1301 :‘
3788 1272 3797 1299 ἐ

2029 1317 2126 1382 lit,
2175 1334 2370 1388 pauca:
2396 1338 2523 1377 vero
2569 1322 2701 1379 Novi
2748 1326 3081 1386 Testamenti
3130 1335 3423 1405 relinquit,
3468 1355 3593 1408 quae

2028 1419 2354 1465 concentum
2389 1428 2453 1467 ac
2485 1416 2833 1473 concordiam
2866 1436 2989 1476 cum
3029 1429 3276 1495 cognatis
3320 1431 3590 1485 sermoni-

2025 1499 2128 1557 bus
2164 1503 2493 1560 desiderant.

2092 1592 2254 1649 Putat
2285 1597 2504 1667 quidem
2528 1615 2742 1658 omnem
2775 1604 3163 1675 blasphemiam
3193 1611 3273 1666 eis
3305 1611 3591 1682 imposuis-

2026 1698 2084 1737 se
2108 1724 2123 1747 ,
2160 1692 2221 1738 ut
2253 1687 2347 1756 qui
2382 1689 2473 1742 illa
2503 1692 2677 1745 solum
2712 1695 3020 1764 reliquerit,
3054 1713 3175 1766 qua:
3205 1698 3271 1752 ad
3306 1700 3396 1755 illa
3431 1718 3591 1758 mon-

2025 1783 2138 1828 stra
2169 1792 2290 1846 quae
2321 1778 2510 1851 ﬁngit,
2542 1784 2683 1837 trahi
2722 1787 2937 1854 possint
2966 1806 2979 1842 :
3026 1789 3193 1844 nihilo
3230 1806 3362 1845 vero
3405 1793 3588 1849 minus

2022 1868 2185 1922 etiam
2218 1869 2335 1926 haec
2366 1872 2540 1942 ipsius
2568 1879 2892 1944 amentiam,
2933 1888 2987 1934 et
3028 1879 3264 1936 furorem
3312 1898 3586 1941 summum

2022 1970 2359 2030 coarguunt,
2397 1973 2455 2018 ut
2479 1966 2703 2036 juvante
2738 1969 2845 2024 Deo
2872 1982 3055 2041 aperte
3082 1972 3382 2043 disputatio
3403 2014 3418 2040 ,
3454 1990 3582 2030 cum

2022 2053 2076 2106 in
2108 2054 2187 2108 eis
2220 2056 2549 2123 versabitur,
2587 2059 2822 2115 docebit.

2092 2146 2496 2205 Ostendendum
2527 2152 2691 2223 igitur
2721 2156 2896 2224 primo
2922 2164 3006 2212 est
3034 2172 3195 2227 quam
3225 2157 3504 2214 dementer
3530 2158 3587 2214 in

2021 2250 2238 2295 sanctas
2266 2240 2577 2312 Scripturas
2604 2255 2813 2302 veteres
2839 2248 3186 2318 blasphemus
3209 2256 3322 2315 est,
3350 2264 3586 2306 consen-

2022 2332 2161 2387 tiens
2203 2332 2468 2389 hactenus
2508 2351 2631 2389 cum
2682 2353 2741 2393 se
2774 2339 3204 2409 antiquioribus,
3236 2340 3369 2396 viris
3402 2342 3589 2411 pravis
3656 2376 3657 2379 η

2018 2431 2071 2477 et
2098 2424 2166 2477 ab
2194 2422 2439 2480 Ecclesia
2476 2427 2662 2497 ejectis
2689 2470 2703 2493 ,
2748 2430 3027 2501 impietate
3069 2447 3198 2487 vero
3226 2448 3415 2489 omnes
3462 2433 3586 2489 illos

2019 2529 2307 2584 superans.
2346 2515 2405 2571 Si
2440 2518 2607 2589 igitur
2638 2521 2781 2576 sicut
2809 2524 3035 2592 gentiles
3063 2523 3307 2578 historiis
3336 2523 3586 2595 Scriptu-

2016 2621 2202 2660 rarum
2230 2609 2447 2677 penitus
2474 2626 2581 2665 non
2613 2613 2876 2681 credunt,
2910 2614 2989 2669 sic
3017 2615 3179 2671 etiam
3212 2616 3300 2670 ille
3327 2631 3433 2671 non
3460 2631 3584 2671 cre-

2017 2697 2153 2753 dens
2179 2699 2481 2770 Scripturis
2502 2744 2518 2769 ,
2543 2718 2887 2774 nequaquam
2919 2716 3013 2760 aut
3039 2706 3264 2762 fortuito
3290 2706 3434 2763 iacta
3461 2722 3585 2764 esse

2017 2806 2136 2860 quae
2163 2792 2217 2845 in
2246 2794 2325 2847 eis
2349 2807 2661 2859 narrantur,
2693 2797 2917 2861 diceret,
2950 2814 3125 2869 neque
3156 2814 3258 2855 nos
3286 2799 3581 2869 quidquam

2016 2890 2205 2936 contra
2230 2899 2353 2938 eum
2380 2885 2447 2940 de
2469 2886 2555 2940 his
2576 2885 2979 2956 disputaremus
3003 2927 3018 2953 ,
3044 2904 3147 2945 nec
3174 2880 3292 2959 ipse
3319 2890 3581 2960 majorem

2014 2972 2439 3029 confutationem
2472 2990 2568 3045 per
2603 2976 2717 3031 hau:
2752 2978 2981 3033 subiret.

1934 3112 1976 3169 Ο
2086 3150 2192 3208 Sed
2226 3152 2354 3222 quia
2389 3153 2671 3209 veritatem
2713 3152 2806 3208 Dei
2842 3153 2896 3208 in
2928 3155 3008 3209 cis
3051 3154 3220 3210 fuisse
3260 3161 3573 3219 attestatur,

2011 3259 2230 3299 causam
2266 3260 2393 3300 vero
2424 3245 2615 3299 horum
2648 3261 2771 3301 esse
2815 3247 2890 3301 ait
2921 3247 3214 3317 nequitiam
3236 3287 3251 3309 ,
3287 3262 3407 3317 quae
3439 3247 3578 3300 nihil

2010 3348 2093 3392 est
2125 3378 2140 3403 ,
2176 3353 2308 3408 age,
2341 3337 2636 3394 doceamus
2667 3354 2809 3392 nunc
2832 3379 2845 3403 ,
2881 3339 3154 3409 quomodo
3187 3353 3576 3410 magnaopera

2009 3444 2073 3483 ac
2107 3430 2280 3501 magis
2312 3429 2631 3484 admiranda
2666 3431 2921 3501 nequitia:
2951 3446 3113 3500 quam
3148 3433 3264 3501 ipse
3312 3436 3573 3496 accusat,

2008 3519 2293 3588 attribuit;
2348 3520 2546 3590 quippe
2600 3522 2691 3590 qui
2740 3535 2882 3574 czeca
2934 3520 3144 3574 ratione
3177 3535 3286 3574 non
3320 3518 3574 3589 intelligit

2005 3612 2355 3669 admirabiles
2412 3612 2503 3668 Dei
2557 3613 2820 3668 creatoris
2873 3613 3249 3667 universorum
3302 3612 3573 3683 guberna-

2004 3706 2182 3763 tioues
2213 3723 2276 3761 ac
2304 3706 2674 3778 providentias
2695 3747 2712 3774 ,
2747 3721 2868 3777 quae
2900 3706 2955 3760 in
2984 3705 3232 3761 historiis
3264 3705 3535 3761 feruntur.

2071 3866 2161 3918 Ait
2192 3865 2358 3936 igitur
2390 3864 2455 3920 ad
2486 3865 2712 3921 verbum
2755 3864 2869 3920 sive
2916 3864 3007 3919 ille
3031 3903 3047 3928 ,
3078 3864 3193 3920 sive
3235 3864 3377 3921 alius
3413 3864 3568 3935 quis-

2002 3953 2145 4024 piam
2175 3954 2294 4024 ejus
2322 3955 2643 4025 discipul‘us.
2678 3955 2768 4025 qui
2796 3965 2960 4025 caput
2990 3954 3270 4026 inscripsit
3296 3954 3362 4009 de
3388 3956 3564 4025 prima

2000 4043 2328 4102 formatione
2358 4047 2595 4101 humana
2624 4067 2637 4103 :
2675 4048 2814 4114 Quia
2844 4057 3190 4119 cognoverunt
3225 4048 3567 4118 magistratus

2001 4137 2261 4203 materie,
2305 4138 2463 4207 quad,
2502 4139 2549 4192 si
2577 4141 2788 4193 omnino
2813 4157 2939 4209 pars
2982 4140 3194 4194 luminis
3216 4138 3353 4211 quod
3396 4142 3449 4193 in
3477 4156 3567 4194 eos

1999 4229 2204 4294 incidit,
2241 4232 2453 4285 omnino
2485 4232 2800 4301 auferretur,
2821 4250 2961 4287 mors
2989 4235 3063 4288 eis
3092 4233 3381 4289 adventura
3406 4246 3560 4299 esset,

1998 4321 2287 4376 machinati
2315 4334 2437 4377 sunt
2468 4324 2772 4379 descensum
2812 4328 3005 4381 animte
3043 4328 3097 4380 in
3141 4342 3361 4395 corpora
3386 4343 3405 4381 :
3447 4343 3568 4399 quea

1997 4412 2204 4483 quidem
2250 4431 2313 4468 ne
2355 4415 2466 4469 ullo
2528 4416 2680 4469 modo
2720 4417 2943 4479 rediret,
2989 4418 3124 4471 unde
3180 4418 3559 4485 descendisset,

1992 4505 2092 4574 ipsi
2121 4516 2403 4570 curarent,
2432 4524 2637 4561 reversa
2662 4526 2778 4562 vero
2799 4551 2814 4576 ,
2842 4520 2900 4562 ut
2924 4527 3026 4563 non
3057 4512 3373 4580 reperiretur
3399 4510 3560 4582 digna

1990 4595 2314 4651 habitatione
2342 4612 2529 4666 supera
2548 4641 2562 4664 ,
2591 4609 2767 4667 utpote
2813 4600 3050 4669 foeditate
3084 4602 3261 4655 carnis
3287 4603 3561 4673 inquinata

1989 4700 2038 4741 et
2064 4688 2290 4757 polluta.

2061 4779 2127 4833 Et
2168 4781 2331 4851 paulo
2381 4788 2540 4851 post:
2592 4780 2941 4847 Quamobrem
2978 4784 3332 4854 unusquisque
3374 4800 3556 4838 eorum

1990 4873 2080 4942 qui
2111 4883 2234 4927 sunt
2273 4875 2619 4944 magistratus
2646 4877 2884 4930 materia:
2906 4917 2920 4941 ,
2948 4877 3081 4931 sicut
3113 4876 3342 4931 diximus
3370 4879 3517 4945 prius
3537 4918 3557 4943 ,

1986 4974 2197 5033 propter
2226 4977 2424 5020 motum
2462 4967 2694 5036 factum,
2724 4978 2773 5022 et
2798 4978 3007 5036 propter
3044 4985 3160 5022 eum
3200 4971 3287 5039 qui
3325 4970 3554 5037 primum

1986 5059 2231 5127 apparuit
2278 5058 2347 5112 ad
2390 5060 2792 5128 redemptionem
2844 5062 3067 5124 animw,
3102 5062 3276 5129 janua
3324 5062 3555 5126 primum

1986 5161 2171 5219 aperta
2197 5191 2211 5215 ,
2235 5166 2345 5219 pra:
2368 5161 2566 5207 terrore
2597 5154 2791 5206 invitus
2817 5154 3038 5206 dimissa
3068 5155 3257 5207 virtute
3280 5170 3392 5207 aute
3416 5155 3468 5206 in
3492 5171 3557 5208 ea

1980 5252 2130 5313 erati,
2177 5243 2426 5310 formavit
2472 5246 2697 5311 seipsum
2742 5245 2809 5297 ad
2851 5246 3138 5298 venandum
3198 5246 3450 5309 animum,
3498 5255 3548 5298 et

1985 5333 2336 5387 imitationem
2378 5335 2464 5388 sui
2511 5336 2679 5403 ﬁnxit.
2707 5336 2761 5387 in
2812 5344 2983 5398 terra,
3032 5332 3294 5406 coegitque
3339 5338 3551 5389 animas

1986 5422 2271 5483 delinitas,
2305 5433 2362 5476 ut
2398 5423 2605 5493 difﬁcile
2646 5424 2709 5476 ab
2752 5441 2812 5478 ea
2853 5426 3146 5479 imitatione
3178 5428 3545 5480 abstraheren-

1987 5525 2094 5568 tur.
2130 5515 2205 5569 Ac
2240 5517 2467 5583 primum
2499 5517 2706 5585 quidem
2737 5518 2904 5574 Adam
2950 5517 3012 5572 ab
3049 5520 3122 5573 eis
3157 5523 3452 5589 formatus,
3483 5535 3549 5579 ac
