4116 6332
548 236 711 341 an

1709 287 1845 344 TITI
1879 284 2306 346 BO‘TRENSIS
2339 283 2648 342 EPISCOPI

3678 278 3821 337 ηιι

558 397 721 471 ﬁctus
763 407 846 455 est
892 399 1298 456 instrumentum
1342 402 1652 473 cupiditatis
1683 415 1732 461 et
1771 424 1893 462 esca
1932 409 2136 462 anima-

2243 419 2361 475 σμα
2387 401 2588 458 αὐτῶν
2617 400 2749 456 ἐστι
2777 398 3015 471 πρῶτον
3039 401 3075 455 ό
3106 381 3309 471 Ἀδὰμ,
3328 398 3585 472 ὄργανον
3615 400 3823 454 ἐπιθυ-

553 505 682 549 ἠιηι
709 508 739 546 e
764 490 893 545 caelo
922 489 1349 547 descendentium
1373 504 1423 549 et
1453 495 1699 552 machina
1726 497 1795 552 ad
1818 497 2134 554 tradendum

556 601 652 642 eas
682 585 736 638 in
766 600 1011 654 corpora.

634 695 878 751 Primum
909 706 1090 752 autem
1121 699 1582 755 considerandum
1610 708 1696 757 est
1715 741 1731 766 ,
1758 710 2017 773 quantam
2047 717 2138 758 sa-

562 787 825 857 pientiam
863 787 1120 859 Opinione
1158 805 1259 846 sua
1299 791 1527 846 ascribit
1571 798 1626 847 et
1676 800 1972 848 attestatur
2022 809 2138 848 ma-

564 880 888 950 gistratibus
932 881 1209 947 materiae,
1254 898 1419 954 quam
1453 883 1678 938 omnino
1718 883 1786 939 de
1827 885 2137 954 ignorantia

564 971 892 1028 condemnat
924 980 981 1029 et
1008 975 1315 1045 vituperat,
1367 981 1627 1047 tanquam
1670 977 1994 1032 machinatis
2042 992 2138 1048 per

565 1077 789 1119 carnem
819 1065 1144 1122 descensum
1178 1069 1375 1122 animae
1411 1066 1478 1122 ad
1530 1083 1649 1131 eos,
1676 1084 1746 1124 ne
1791 1069 2140 1139 privarentur

565 1155 773 1211 lumine
802 1157 883 1212 eis
914 1158 1184 1222 admisto,
1216 1161 1307 1229 qui
1335 1175 1529 1215 rursus
1558 1160 1737 1216 redire
1766 1165 2001 1217 animam
2030 1177 2137 1216 non

566 1246 843 1316 sinerent;
880 1250 964 1305 sin
999 1266 1132 1306 vero
1172 1252 1406 1317 rediret,
1452 1253 1674 1323 indigna
1710 1268 1948 1323 superna
1984 1255 2137 1310 habi-

566 1337 774 1392 tatione
804 1345 1066 1408 tanquam
1120 1340 1376 1396 sordibus
1410 1342 1595 1397 carnis
1637 1342 1844 1412 polluta
1890 1344 2139 1398 declara-

565 1437 742 1495 retur,
765 1431 925 1500 quasi
949 1446 1057 1486 non
1084 1442 1267 1502 posset
1300 1433 1445 1489 Deus
1468 1434 1705 1489 animam
1735 1451 1765 1488 a
1804 1451 1865 1490 se
1897 1444 2137 1491 creatam

568 1522 781 1593 integre
842 1538 1075 1590 servare
1123 1526 1302 1580 victus
1373 1526 1643 1582 machinis
1724 1530 2136 1598 magistratuum

566 1614 827 1671 materiae.
868 1617 946 1671 Ae
981 1616 1049 1671 de
1089 1617 1177 1674 his
1237 1618 1457 1689 quidem
1516 1618 1695 1675 adhuc
1729 1619 1913 1677 dicere
1957 1637 2138 1676 annon

560 1712 652 1762 est
686 1707 976 1762 ridiculum
1007 1710 1031 1764 ?

637 1818 776 1886 Quia
806 1836 936 1877 vero
995 1820 1092 1886 ait,
1142 1821 1377 1892 primum
1420 1822 1565 1894 quod
1619 1824 1969 1896 magistratus
2025 1841 2142 1880 ma-

565 1912 719 1968 teriae
748 1911 1143 1980 formaverunt,
1177 1931 1300 1972 esse
1337 1915 1508 1972 Adam
1538 1917 1959 1972 instrumentum
1988 1919 2140 1988 cupi-

567 2003 775 2069 ditatis,
800 2012 852 2059 et
883 2021 1061 2061 escam
1089 2022 1448 2077 supernarum
1472 2007 1776 2063 animarum
1806 2025 1818 2060 :
1849 2008 2141 2064 didicimus

566 2094 698 2150 hinc
730 2099 879 2153 clare
922 2113 1045 2153 eum
1086 2098 1290 2161 dicere,
1318 2114 1441 2154 esse
1470 2099 1746 2155 hominem
1789 2098 2077 2154 formatum
2110 2117 2140 2154 a

566 2187 820 2250 materia,
848 2203 969 2257 quae
1002 2187 1224 2243 minime
1262 2198 1366 2251 est,
1390 2189 1485 2259 qui
1518 2191 1755 2245 materiae
1787 2199 1841 2244 et
1883 2190 2141 2260 nequitia:

567 2277 773 2349 ubique
798 2280 920 2349 plus
953 2280 1142 2334 tribuit
1178 2281 1526 2336 simulatione
1561 2282 1949 2337 accusationis.
1984 2281 2140 2338 Nunc

567 2376 752 2423 autem
791 2372 962 2439 ipsam
1010 2369 1140 2424 dicit
1196 2371 1469 2425 hominem
1524 2372 1742 2439 fecisse,
1791 2373 1989 2427 animal
2029 2391 2146 2428 om-

567 2459 720 2514 nium
770 2461 1087 2515 animalium
1144 2477 1265 2532 qua:
1312 2462 1367 2516 in
1421 2463 1624 2517 mundo
1673 2479 1936 2535 corporeo
1991 2474 2136 2530 sunt,

567 2552 1081 2620 praestantissimum
1123 2567 1186 2607 ac
1234 2553 1470 2609 maxime
1516 2556 1747 2625 regium,
1801 2563 1990 2626 utpote
2046 2573 2139 2611 ra-

566 2635 718 2690 tione
749 2637 1029 2706 prteditum
1075 2646 1129 2693 et
1170 2639 1490 2698 admirabile
1528 2653 1643 2697 tum
1678 2645 1892 2700 ratione
1934 2654 2142 2702 natura:

568 2735 686 2783 tum
727 2728 992 2784 institutis
1024 2740 1187 2802 atque
1213 2735 1726 2797 exercitationibus.
1770 2737 2138 2804 Qumstionem

570 2828 751 2875 autem
781 2819 934 2891 ponit
962 2821 1030 2877 de
1062 2823 1319 2880 universo
1351 2826 1554 2881 mundo
1574 2868 1587 2885 .
1620 2843 1791 2897 quare
1821 2828 1997 2883 factus
2021 2830 2143 2884 est?

641 2913 718 2969 De
748 2913 966 2977 homine
995 2922 1198 2984 autem,
1223 2916 1350 2971 dum
1379 2919 1570 2973 nititur
1606 2918 2001 2985 demonstrare,
2031 2935 2141 2976 non

568 3021 695 3063 esse
726 3021 757 3060 ιι
787 3005 899 3062 Deo
935 3006 1248 3075 formatum,
1298 3019 1477 3066 movet
1511 3011 1645 3067 alias
1672 3011 2005 3082 quaestiones
2043 3012 2140 3068 de-

2229 497 2371 567 μίας
2407 495 2507 549 καὶ
2540 493 2757 563 δέλεαρ
2812 493 2934 548 τῶν
2984 493 3215 549 ἀνωθεν
3245 492 3463 564 ψυχῶν
3500 493 3601 548 καὶ
3628 492 3823 562 μηχά-

2230 601 2391 656 νημα
2418 584 2524 641 τοῦ
2555 585 2743 651 αὐτὰς
2768 587 2856 652 εις
2877 583 3123 655 σώματα
3146 585 3457 655 ἐμπίπτειν

2299 696 2611 767 Σκοπητέον
2642 696 2739 768 μὲν
2772 696 2837 769 δὴ
2866 696 3102 770 πρῶτον,
3143 698 3276 766 ὅσην
3308 697 3497 767 σοφίαν
3527 713 3822 770 προσμαρ-

2233 790 2389 862 τυρεῖ
2428 790 2543 853 τοῖς
2595 788 2874 861 ἄρχουσιν,
2907 788 2984 854 ὡς
3030 787 3222 852 οἴεται,
3274 790 3373 860 τῆς
3414 787 3570 858 ὕλης,
3610 786 3683 857 ἢν
3733 789 3819 840 ἐπ’

2234 881 2427 952 ἀγνοίᾳ.
2455 880 2632 952 πάντη
2665 880 2909 946 κακίζει·
2938 880 3034 944 ὡς,
3067 880 3153 934 ἵνα
3213 879 3287 952 μὴ
3341 877 3687 951 ἀφαιρεθῶσι
3726 877 3816 931 τοῦ

2235 971 2631 1043 προσμιγέντος
2656 971 2839 1034 αὐτοῖς
2861 971 3036 1040 φωτὸς
3067 969 3547 1042 μεμηχανημένοις
3569 967 3665 1022 διὰ
3692 974 3818 1039 σαρ-

2234 1062 2331 1126 κὸς
2355 1063 2454 1134 τὴν
2503 1064 2586 1126 εἰς
2617 1062 2814 1125 αὐτοὺς
2842 1061 3066 1115 κάθοδον
3098 1064 3197 1132 τῆς
3223 1061 3434 1132 ψυχῆς,
3479 1060 3817 1131 ἀναδραμεῖν

2240 1154 2338 1226 μὲν
2370 1150 2526 1219 αὖθις
2556 1154 2727 1226 αὐτὴν
2756 1155 2856 1208 οὐκ
2884 1152 3079 1219 ἐῶντες
3099 1170 3115 1185 ο
3146 1154 3194 1206 εἰ
3240 1153 3297 1206 δὲ
3343 1153 3436 1206 καὶ
3487 1152 3814 1224 ἀναδράμοι,

2239 1245 2464 1312 ἀναξίαν
2493 1244 2889 1316 ἀποφαίνεσθαι
2914 1245 3021 1301 τῶν
3053 1244 3166 1299 ἄνω
3201 1244 3580 1317 μεμιασμένην
3618 1244 3787 1317 σαρκί
3798 1262 3814 1275 ’

2236 1335 2312 1399 ὡς
2342 1320 2601 1389 ἀδιῗνατον
2633 1330 2774 1389 εἶναι
2810 1336 2985 1407 πάντη
3017 1335 3094 1407 τῷ
3115 1334 3304 1405 ἀγαθῷ
3331 1335 3430 1407 τὴν
3458 1337 3591 1408 παρ’
3625 1336 3817 1390 ἑαυτοῦ

2236 1428 2414 1500 ψυχὴν
2464 1428 2757 1501 ὀλόκληρον
2800 1428 3185 1493 διασώσασθαι,
3221 1430 3341 1493 ταῖς
3388 1432 3665 1501 μηχαναῖς
3714 1429 3821 1483 τῶν

2237 1521 2514 1591 ἀρχόντων
2543 1522 2642 1593 τῆς
2671 1521 2804 1591 ὕλης
2835 1521 3161 1592 ἡττώμενον.
3190 1522 3300 1577 Καὶ
3330 1522 3458 1594 περὶ
3489 1522 3588 1594 μὲν
3612 1522 3822 1577 τούτων

2239 1611 2319 1665 ἔτι
2343 1612 2435 1666 καὶ
2461 1611 2639 1682 λέγειν
2665 1612 2781 1677 πῶς
2817 1612 2891 1684 μὴ
2924 1612 3095 1681 γέλως
3123 1609 3190 1685 ᾗῖ

2328 1813 2480 1867 Ἐπεὶ
2505 1812 2561 1866 δέ
2591 1830 2775 1885 φησιν,
2800 1814 2881 1867 ὅτι
2914 1812 3140 1885 πλάσμα
3167 1812 3382 1885 πρῶτον
3415 1814 3531 1866 ἐστι
3576 1811 3689 1864 τῶν
3722 1812 3826 1884 ἀρ-

2241 1905 2443 1974 χόντων
2485 1905 2586 1974 τῆς
2618 1904 2751 1976 ὕλης
2789 1907 2818 1959 ὁ
2866 1906 3056 1976 Ἀδὰμ,
3099 1905 3328 1976 ὄργανον
3379 1904 3680 1975 ἐπιθυμίας
3727 1902 3823 1959 καὶ

2240 1997 2429 2069 δέλεαρ
2467 1997 2576 2051 τῶν
2619 1997 2825 2052 ἄνωθεν
2856 1997 3070 2068 ψυχῶν·
3104 1998 3244 2059 τέως
3279 1995 3703 2068 μεμαθήκαμεν,
3738 1998 3822 2050 ὃσι

2243 2087 2430 2158 σαφῶς
2459 2087 2763 2142 πεπλάσθαι
2800 2088 2937 2160 πρὸς
2964 2087 3064 2158 τῆς
3113 2088 3189 2159 μὴ
3218 2086 3384 2159 οὔσης
3434 2087 3568 2161 ὕλης
3593 2090 3688 2143 τὸν
3729 2089 3823 2145 ἄν·

2241 2180 2455 2252 θρωπον
2484 2181 2651 2250 λέγει,
2682 2184 2711 2235 ὁ
2752 2181 3023 2252 πανταχοῦ
3063 2184 3129 2253 τῇ
3169 2180 3269 2254 ὕλῃ
3316 2184 3412 2236 καὶ
3441 2185 3507 2254 τῇ
3551 2182 3723 2255 κακία
3759 2197 3823 2236 το

2244 2272 2402 2327 πλέον
2438 2272 2618 2343 νέμων
2677 2275 3035 2345 προσποιήσει
3102 2272 3380 2344 διαϐολῆς.
3436 2273 3551 2327 Καὶ
3608 2272 3707 2328 νῦν
3753 2273 3820 2344 δὴ

2242 2364 2526 2436 ἄνθρωπον
2560 2365 2729 2435 αὐτὴν
2763 2364 3119 2436 πεποιηκέναι
3158 2363 3328 2434 λέγει,
3360 2365 3422 2418 τὸ
3452 2363 3820 2435 βασιλικώτα-

2239 2470 2331 2508 τον
2364 2455 2458 2508 καὶ
2506 2455 2881 2527 ἀρχικώτατον
2922 2456 3137 2510 πάντων
3169 2456 3233 2528 δὴ
3278 2455 3386 2511 τῶν
3430 2457 3488 2510 ὲν
3526 2454 3606 2528 τῷ
3635 2474 3825 2528 σωμα-

2240 2547 2379 2620 τικῷ
2406 2548 2595 2621 κόσμῳ
2630 2547 2804 2615 ζώων,
2844 2547 2939 2603 ἆτε
2982 2548 3046 2620 δὴ
3092 2547 3251 2619 μόνον
3304 2548 3520 2618 λογικὸν
3550 2550 3819 2621 ὑπάρχον,

2241 2642 2336 2695 καὶ
2360 2640 2661 2712 θαυμάσιον
2698 2640 2776 2712 τῷ
2805 2660 2863 2695 τε
2909 2639 3153 2712 λογισμῷ
3182 2641 3281 2713 τῆς
3314 2640 3532 2710 φύσεως
3575 2642 3673 2695 καὶ
3706 2645 3825 2706 τοῖς

2243 2730 2687 2801 ἐπιτηδεύμασιν.
2758 2731 3058 2799 Ἐπαπορεῖ
3128 2730 3226 2803 μὲν
3297 2730 3360 2785 δὴ
3407 2731 3504 2785 καὶ
3550 2733 3679 2799 περὶ
3722 2730 3823 2786 τοῦ

2245 2823 2445 2887 παντὸς
2472 2823 2698 2895 κόσμου,
2723 2823 2816 2877 τοῦ
2850 2824 3011 2896 χάριν
3042 2824 3279 2894 ἐγένετο.

2312 2915 2447 2989 Περὶ
2493 2916 2550 2969 δὲ
2610 2916 2897 2989 ἀνθρώπου
2949 2917 3212 2972 δεικνύειν
3255 2917 3568 2990 ἐπιχειρῶν,
3598 2916 3673 2982 ὡς
3709 2918 3828 2973 οῦκ

2243 3004 2358 3059 ἔστι
2394 3005 2616 3075 πλάσμα
2664 3005 2821 3071 Θεοῦ,
2867 3009 3009 3060 κινεῖ
3059 3006 3157 3078 μὲν
3207 3007 3453 3079 ἀνοήτως
3495 3007 3589 3059 καλ⁵
3627 3006 3822 3076 ἕτερα.

571 3099 1146 3168 mentes:Quomodo,
1193 3102 1393 3174 inquit,
1444 3103 1589 3159 dedit
1633 3104 1773 3160 Deus
1816 3105 1947 3160 Adte
1989 3122 2141 3160 man-

2243 3094 2372 3163 Πῶς
2411 3095 2481 3150 δὲ
2522 3097 2622 3151 καὶ
2672 3097 2934 3167 ἐντολὴν
2964 3096 3191 3163 ἐδίδου,
3224 3098 3422 3169 φησὶν,
3475 3100 3509 3152 ὁ
3544 3097 3689 3165 Θεὸς
3737 3097 3825 3165 τῷ

571 3189 1053 3271 datumtalterum
1082 3194 1222 3248 enim
1259 3209 1324 3249 ea:
1364 3193 1569 3250 duobus
1621 3213 1824 3251 necesse
1866 3205 1944 3251 est
1986 3211 2006 3251 :
2050 3208 2143 3250 aut

572 3282 928 3358 cognoscebat.
962 3286 1102 3358 quod
1146 3272 1576 3360 transgressurus
1626 3300 1783 3354 esset,
1828 3299 1877 3345 et
1919 3291 1995 3345 sic
2040 3308 2145 3345 non

573 3376 750 3432 solum
776 3378 984 3448 frustra
1016 3389 1066 3432 et
1093 3380 1333 3434 inaniter
1358 3379 1526 3446 dedit,
1551 3380 1642 3436 sed
1669 3382 1778 3451 ipse
1803 3392 1878 3437 est
1904 3382 1959 3436 in
1991 3383 2147 3452 culpa

573 3479 625 3526 et
685 3486 802 3525 reus
849 3471 1051 3539 peccati
1099 3472 1296 3528 illius:
1351 3483 1443 3527 aut
1491 3475 1537 3528 si
1589 3473 1802 3527 dicatur
1851 3474 2144 3544 ignorasse,

571 3576 782 3618 necesse
814 3572 891 3618 est
920 3562 1113 3627 dicere,
1150 3563 1313 3619 Deum
1342 3566 1645 3636 ignorantia
1671 3566 1952 3633 pra'ditum
1979 3584 2091 3622 esse
2126 3585 2144 3622 :

573 3662 636 3710 ut
667 3655 779 3725 jam
809 3656 1124 3710 mandatum
1163 3658 1381 3729 quidem
1416 3673 1445 3711 a
1477 3658 1741 3728 nequitia,
1777 3666 1835 3712 ut
1865 3659 2143 3729 opinatur,

573 3745 762 3801 datum
805 3747 968 3802 fuerit
1006 3749 1072 3801 ad
1123 3749 1489 3804 insidiandum
1544 3749 1774 3812 homini,
1824 3758 1873 3804 et
1924 3766 2033 3805 non
2078 3750 2145 3804 ad

576 3836 744 3891 unum
791 3853 950 3893 usum
986 3857 999 3893 :
1037 3839 1459 3909 adjutmovero
1504 3855 1829 3910 magnopere
1870 3839 2062 3904 fuisse,
2091 3848 2147 3896 et

574 3929 868 3985 liberatum
904 3931 1201 3994 hominem,
1229 3948 1352 3987 cum
1382 3930 1616 3986 credidit
1650 3932 1883 3987 consilio
1921 3948 2147 4002 serpen-

574 4022 669 4088 tis,
700 4038 860 4093 quem
902 4023 1152 4093 angelum
1189 4022 1282 4078 Dei
1315 4038 1439 4079 esse
1467 4022 1732 4077 decernit.
1762 4020 1946 4077 Ca’cus
1983 4023 2142 4088 enim,

573 4112 775 4185 inquit,
810 4122 946 4168 erat.
980 4112 1113 4169 Cum
1153 4122 1327 4167 autem
1375 4122 1638 4184 gustasset
1672 4114 1907 4178 vetitum,
1957 4131 2146 4184 cogno-

574 4205 647 4260 vit
681 4221 737 4260 se
767 4221 879 4259 esse
922 4204 1140 4268 nudum,
1184 4215 1231 4259 et
1273 4213 1565 4274 tegumenta
1608 4205 1815 4259 invento
1855 4221 1979 4259 usus
2021 4218 2144 4269 est;

572 4297 912 4369 cognouitque
967 4295 1160 4350 bonum
1200 4306 1248 4351 et
1297 4295 1521 4351 malum.
1570 4294 1661 4352 Sic
1708 4313 1957 4367 magnam
2012 4298 2147 4366 cepit

574 4386 884 4442 utilitatem.

647 4497 944 4565 Quomodo.
984 4498 1195 4567 inquit,
1229 4497 1398 4553 Deum
1428 4497 1570 4553 decet
1591 4539 1607 4564 ,
1639 4508 1696 4551 ut
1721 4497 1862 4553 dicat
1902 4514 1921 4552 :
1960 4518 1979 4551 ι
2014 4499 2149 4557 Ecce

571 4588 751 4647 Adam
800 4588 974 4659 factus
1022 4596 1100 4643 est
1139 4598 1395 4656 tanquam
1448 4603 1587 4641 unus
1633 4602 1699 4643 ea:
1759 4588 1931 4653 nobis,
1977 4591 2147 4646 sciens

577 4679 770 4735 bonum
794 4690 846 4734 et
874 4680 1075 4735 malum
1106 4681 1241 4735 “-“.
1286 4678 1444 4735 Nunc
1477 4689 1652 4736 autem
1685 4696 1747 4735 ne
1794 4681 1932 4751 forte
1972 4683 2148 4737 mittat

575 4788 793 4828 manum
826 4789 1000 4837 suam,
1029 4781 1081 4826 et
1123 4781 1298 4827 sumat
1326 4773 1489 4828 etiam
1529 4774 1594 4828 de
1633 4773 1773 4843 ligno
1819 4774 1957 4837 uiue,
1986 4782 2036 4828 et
2063 4790 2151 4828 co-

576 4862 774 4924 medat.
798 4871 850 4917 et
905 4863 1042 4917 vivat
1073 4863 1129 4915 in
1163 4870 1415 4916 azternum
1440 4863 1466 4916 .9
1500 4881 1518 4913 ι
1546 4863 1609 4917 Si
1644 4863 1782 4916 enim
1824 4871 2029 4931 poterat
2067 4881 2149 4919 rev

574 4970 827 5026 cuperare
874 4953 1353 5018 immortalitatem,
1380 4953 1591 5008 invidus
1620 4954 1744 5021 fuit,
1777 4957 1867 5026 qui
1891 4972 1957 5010 ea:
1983 4973 2149 5027 para.

574 5046 695 5103 diso
751 5048 921 5102 uirum
968 5045 1159 5116 ejecit,
1202 5054 1254 5100 et
1312 5061 1346 5098 a
1390 5046 1797 5115 participatione
1846 5047 1978 5118 ligni
2029 5049 2149 5103 vitae

573 5139 844 5204 exclusit,
896 5155 998 5210 quo
1059 5137 1379 5211 participato
1428 5152 1632 5207 semper
1691 5138 2149 5194 immortalitatem

576 5232 769 5287 habere
796 5240 1020 5301 poterat.

652 5388 770 5421 ³¹’¹⁶
807 5388 945 5445 Gen.
982 5402 1077 5456 ιιι,
1109 5387 1203 5445 22.

650 5544 763 5614 (30)
802 5546 1026 5615 Παραϐ.
1075 5543 1285 5615 Omisit,
1326 5541 1598 5615 Interpres
1645 5543 1758 5597 haec
1803 5543 1986 5615 verba,
2031 5557 2153 5613 quae

579 5611 688 5667 Titi
726 5611 1106 5684 argumentum
1154 5613 1452 5669 coniiciunt
1477 5611 1503 5668 ι
1539 5614 1671 5668 Cum
1701 5611 2155 5683 transgrederetur

580 5684 889 5737 mandatum
918 5685 1037 5743 Dei.
1072 5686 1159 5755 qui
1188 5687 1356 5753 ipsum
1392 5694 1540 5739 tanta
1576 5701 1690 5738 cum
1724 5683 1984 5754 sapientia
2008 5699 2154 5738 crea-

2258 3189 2461 3259 Ἄδάμ;
2485 3189 2657 3243 δυοῖν
2684 3190 2782 3244 καὶ
2812 3182 3084 3259 θάτερον,
3106 3190 3144 3260 ἢ
3173 3190 3504 3262 ἐγίνωσκεν
3530 3192 3611 3257 ὠς
3634 3207 3823 3261 παραι-

2245 3282 2491 3351 ϐήσεται
2511 3323 2526 3348 ,
2556 3282 2655 3337 καὶ
2682 3284 2755 3337 οὺ
2794 3282 2998 3354 μάτην
3023 3284 3218 3354 μόνον
3250 3282 3454 3337 ἐδίδου
3472 3321 3489 3346 ,
3530 3283 3694 3337 ἀλλὰ
3717 3283 3822 3338 καὶ

2243 3376 2431 3441 αἴτιος
2464 3376 2650 3431 αὐτοῦ
2676 3391 2689 3404 ·
2728 3375 2767 3445 ἢ
2802 3376 3139 3446 ἀγνοοῦντα
3175 3374 3396 3446 λέγειν,
3442 3375 3675 3446 ἀνάγκη
3713 3376 3824 3430 τὸν

2247 3469 2395 3540 Θεὸν
2423 3468 2638 3538 ἀγνοίᾳ
2671 3468 3133 3538 περιϐεϐλῆσθαι
3150 3486 3165 3501 ·
3200 3468 3275 3533 ὡς
3305 3468 3403 3541 τὴν
3429 3468 3646 3539 ἐντολὴν
3671 3468 3819 3522 δεδό-

2247 3558 2369 3613 σθαι
2416 3559 2534 3630 μὲν,
2562 3560 2643 3623 εἰς
2679 3560 2969 3630 ἐπιϐουλὴν
3007 3560 3065 3614 δὲ
3092 3560 3186 3615 τοῦ
3219 3560 3508 3635 ἀνθρώπου
3541 3560 3680 3633 πρὸς
3715 3560 3820 3630 τῆς

2245 3651 2471 3715 κακίας,
2502 3651 2577 3714 ὼς
2608 3649 2779 3705 οἴεται
2799 3690 2814 3715 ,
2849 3651 2944 3705 καὶ
2992 3650 3208 3715 οὐδενὸς
3252 3652 3438 3720 ἑτέρου
3457 3668 3474 3682 ο
3502 3650 3823 3721 ὠφελῆσθαι

2244 3745 2302 3798 δὲ
2331 3744 2399 3797 τὰ
2436 3744 2666 3815 μέγιστα
2700 3743 2795 3797 καὶ
2822 3742 3229 3814 ἠλευθερῶσθαι
3256 3744 3347 3797 τὸν
3375 3742 3661 3815 ἄνθρωπον
3698 3759 3824 3796 stes.-

2246 3834 2441 3889 σθέντα
2490 3833 2767 3906 συμϐουλῇ
2797 3833 2891 3887 τοῦ
2936 3833 3134 3902 ϐφεως,
3186 3833 3245 3888 ὃν
3283 3832 3515 3902 ἄγγελον
3556 3828 3701 3886 εἶναι
3728 3830 3823 3885 τοῖι

2245 3924 2450 3996 ἀγαθοῦ
2482 3926 2808 3998 διορίζεται*
2840 3926 3076 3996 Τυφλὸς
3102 3925 3219 3997 μὲν
3239 3928 3349 3996 γὰρ
3368 3923 3470 3997 ἦν,
3500 3927 3668 3999 φησί·
3692 3944 3828 3997 γευ-

2246 4017 2510 4088 σάμενος
2541 4017 2611 4072 δὲ
2655 4018 2763 4073 τοῦ
2803 4018 3333 4090 ἀπηγορευμένον,
3376 4014 3538 4072 εἶδεν
3581 4019 3823 4081 ἑαυτὸν,

2247 4110 2337 4163 ὅτι
2369 4109 2593 4180 γυμνὸς
2615 4106 2695 4181 ἦν
2712 4125 2726 4140 ·
2754 4110 2855 4166 καὶ
2875 4109 3072 4181 σκέπῃ
3096 4109 3172 4180 τῇ
3194 4111 3503 4180 εὑρεθείσῃ
3533 4110 3829 4181 nataui??-

2246 4218 2397 4255 σατο
2416 4218 2430 4232 ο
2466 4202 2565 4256 καὶ
2592 4201 2744 4272 ἔγνω
2774 4203 3036 4274 τάγαθόν
3062 4220 3127 4257 τε
3160 4202 3259 4258 καὶ
3289 4202 3356 4257 τὸ
3388 4204 3599 4258 κακόν.
3627 4203 3835 4269 οὕτως

2240 4290 2509 4361 μάλιστα
2553 4291 2882 4361 ὠφέληται,
2925 4292 3349 4373 παραϐεϐηκὼς
3375 4292 3487 4365 (50)
3530 4292 3602 4348 τὸ
3640 4294 3831 4362 πρόσ·

2247 4400 2440 4452 ταγμα
2470 4381 2576 4436 τοῦ
2609 4382 2942 4452 ἐπιϐούλως
2973 4384 3344 4452 πλάσαντος.

2318 4495 2453 4564 Πῶς
2480 4495 2568 4561 δὲ,
2591 4499 2750 4569 φησὶ,
2772 4498 2986 4569 πρέποι
3015 4499 3137 4566 Θεῷ
3157 4498 3360 4571 λέγειν
3379 4517 3391 4531 ·
3412 4519 3432 4552 ι
3469 4499 3617 4556 Ἰδοὺ
3650 4500 3833 4569 Ἀδὰμ

2250 4588 2496 4660 γέγονεν
2521 4590 2603 4658 ὡς
2627 4587 2716 4656 εἷς
2735 4591 2805 4657 ἐξ
2840 4591 3008 4661 ἡμῶν
3035 4593 3142 4647 τοῦ
3170 4591 3491 4663 γινώσκειν
3509 4591 3709 4646 καλὸν
3728 4591 3831 4645 και

2250 4683 2520 4751 πονηρόν
2535 4700 2554 4748 ,'
2569 4683 2680 4738 Καὶ
2696 4683 2814 4738 νῦν
2823 4685 3060 4754 μήποτε
3075 4685 3347 4751 ἐκτείνας
3364 4684 3479 4752 τὴν
3487 4685 3658 4754 χεῖρα
3670 4684 3832 4754 λάϐῃ

2250 4771 2358 4825 τοῦ
2370 4770 2562 4836 ξύλου
2588 4772 2700 4841 τῆς
2711 4772 2880 4844 ζωῆς,
2904 4776 3001 4828 καὶ
3017 4774 3204 4844 φάγῃ,
3228 4774 3332 4829 καὶ
3360 4775 3599 4841 ζήσεται
3613 4778 3708 4841 εις
3722 4774 3836 4828 τὸν

2247 4859 2454 4918 altiora.
2492 4866 2596 4918 i-Ei
2626 4868 2737 4935 γὰρ
2757 4865 2909 4935 ἐνῆν
2942 4867 3285 4922 ἀθανασίαν
3310 4867 3659 4930 ἀπολαϐεῖν,
3687 4871 3835 4937 φθο-

2252 4956 2427 5024 νερὸς
2447 4956 2518 5010 δὲ
2540 4961 2573 5011 ό
2602 4956 2946 5022 ἐξελαύνων
2970 4959 3076 5014 τοῦ
3099 4959 3468 5027 παραδείσου
3484 4959 3594 5013 τὸν
3614 4960 3831 5028 ἄνδρα·

2254 5047 2354 5101 καὶ
2387 5048 2726 5103 ἀποκλείων
2764 5049 2924 5116 αὑτῷ
2960 5050 3077 5120 τὴν
3107 5052 3440 5122 μετουσίαν
3482 5052 3594 5107 τοῦ
3637 5051 3837 5117 ξύλόυ

2257 5138 2367 5208 τῆς
2416 5140 2597 5211 ζωῆς,
2631 5140 2705 5200 οὗ
2747 5144 3017 5215 μετέχων
3066 5149 3134 5213 ἐς
3197 5148 3288 5202 ἀεὶ
3344 5148 3459 5217 τὴν
3489 5149 3839 5203 ἀθανασίαν

2248 5231 2424 5302 ἔχειν
2453 5229 2579 5301 οἶός
2614 5252 2676 5291 τε
2714 5233 2811 5307 ἦν.

2259 5552 2425 5598 uerat.
2455 5538 2854 5617 RidetAscilicet
2878 5542 3034 5601 Titus
3056 5543 3404 5617 Manichrpos.
3422 5546 3514 5617 qui
3537 5548 3845 5605 utilitatem

2261 5631 2324 5670 ex
2357 5622 2581 5684 peccato
2607 5614 2829 5671 Πιιιὶεεε
2864 5618 3234 5674 autumabant.
3276 5614 3463 5673 Bssu."
