4116 6332
310 305 408 366 IS!
419 308 452 363 5

1320 314 1688 374 ADVERSUS
1724 317 2146 376 MAMCHEOS
2180 320 2311 377 LIB.
2352 321 2442 378 In.

3406 329 3545 386 ιειι
3586 408 3612 430 Ὅ

325 467 3516 510 _.__________________________________________

1428 641 1782 732 LIBER
1853 640 2405 735 TERTIUS.

1869 841 1943 854 .-

746 920 875 976 CAP.
912 920 955 975 1.
999 920 1279 976 Μαηὲείιιεὶ
1320 922 1475 976 Vetus
1510 921 1898 977 Testamentum
1926 924 2322 977 calumniantur
2349 938 2368 976 :
2401 920 2682 991 Evangelia
2706 924 3108 981 circumcidunt.

392 1035 846 1108 Ἐξεργασὼμεθα
868 1039 925 1092 δὲ
945 1039 1147 1093 καὶτὸν
1170 1041 1296 1111 περὶ
1319 1039 1407 1093 τὸν
1436 1041 1597 1111 νόμον
1622 1042 1870 1114 μετρίως,

2047 1041 2339 1113 Postquam
2382 1050 2561 1096 autem
2603 1042 2669 1097 de
2708 1044 2974 1115 principio
3002 1047 3239 1105 breviter
3275 1050 3541 1108 disserui-

304 1132 387 1195 είς
431 1132 522 1185 τὸν
557 1133 683 1203 περὶ
727 1133 824 1203 τῆς
857 1132 1027 1202 ἀρχῆς
1058 1132 1399 1202 κεκινημένοι
1443 1132 1599 1200 λόγον
1629 1150 1641 1162 ·
1684 1132 1875 1185 ἀποδέ-

306 1223 501 1293 χεσθαι
547 1222 655 1293 γὰρ
698 1224 1012 1293 νενομίκασι
1064 1223 1124 1275 τὸ
1175 1222 1531 1290 Εὑαγγέλιον·
1566 1222 1875 1294 μέμφεσθαι

304 1315 363 1368 δὲ
395 1315 762 1368 ἐσπουδάκασι
814 1312 891 1385 τῷ
921 1316 1069 1385 νόμῳ
1102 1315 1194 1367 καὶ
1241 1318 1353 1377 τοῖς
1407 1320 1711 1386 προφήταις
1733 1332 1745 1344 ·
1782 1316 1875 1368 καὶ

306 1408 489 1460 πᾶσαν
517 1406 615 1477 μὲν
645 1405 1031 1475 διαϐεϐλήκασι
1078 1406 1176 1476 τὴν
1220 1406 1463 1459 Παλαιὰν
1486 1449 1500 1472 ,
1537 1408 1784 1477 τιμήσειν
1817 1407 1873 1459 δὲ

308 1499 702 1569 ὑπονενοήκασι
728 1498 795 1550 τὰ
823 1498 1151 1567 Εὑαγγέλια,
1190 1498 1641 1569 σχηματιζόμενοι
1678 1499 1873 1569 μᾶλλον

306 1591 407 1660 τὴν
443 1590 549 1643 τῶν
597 1590 942 1659 Εὑαγγελίων
992 1592 1186 1661 τιμήν·
1240 1592 1326 1645 ἵνα
1358 1591 1447 1644 τὸν
1502 1590 1873 1662 σχηματισμὸν

303 1679 500 1753 δέλεαρ
532 1679 639 1733 τῶν
686 1680 1057 1750 ἀπατωμένων
1098 1679 1355 1737 λάϐωσιν.
1388 1682 1521 1735 Οὐδὲ
1553 1682 1659 1753 γὰρ
1690 1682 1872 1752 ἐπειδὴ

307 1770 672 1825 συντέθεινται
701 1774 814 1834 τοῖς
850 1772 1218 1840 Εὐαγγελίοις,
1260 1774 1424 1843 τιμᾷν
1459 1772 1774 1843 ὁμολογοῦσι
1807 1772 1873 1824 τα

304 1861 647 1931 Εὐαγγέλια·
697 1862 810 1915 ἀλλ’
874 1861 1061 1933 ἐπειδὴ
1109 1864 1393 1933 τετίμηται
1443 1863 1502 1916 τὸ
1555 1864 1723 1933 ὄνομα
1778 1863 1870 1915 τοῦ

320 1954 519 2027 Ἰησοῦ.
579 1955 1025 2026 προσποιοῦνται·
1074 1955 1179 2008 ἔδει
1218 1955 1325 2025 γὰρ
1372 1956 1598 2018 αὐτοὺς,
1650 1955 1762 2023 εἴγε
1804 1954 1871 2007 τὰ

310 2044 622 2113 Εὑαγγέλια
677 2044 899 2113 ἐτίμων,
939 2046 1011 2115 μὴ
1061 2044 1401 2114 περιτέμνειν
1438 2044 1505 2096 τὰ
1550 2044 1868 2111 Εὑαγγέλια,

307 2137 384 2207 μὴ
419 2136 556 2210 μέρη
589 2135 695 2189 τῶν
730 2135 1075 2204 Εὑαγγελίων
1096 2136 1389 2204 ὲξυφελεῖν,
1420 2135 1494 2206 μὴ
1519 2136 1676 2206 ἕτερα
1710 2153 1874 2207 προσ-

304 2230 498 2292 Θεῖναι,
545 2231 679 2300 μήτε
726 2228 867 2297 λόγῳ
915 2229 1051 2298 μήτε
1086 2228 1190 2300 ἰδίᾳ
1232 2226 1423 2299 γνώμῃ
1452 2228 1518 2280 τὰ
1568 2226 1871 2295 Εὐαγγέλια

302 2322 697 2390 προσγράφειν.
717 2320 848 2373 Οὐδὲ
873 2321 1094 2388 γλῶσσα
1114 2320 1226 2390 ἔχει
1250 2320 1316 2373 τὰ
1342 2319 1647 2388 Εὑαγγέλια
1676 2320 1864 2383 ταῦτα,

302 2414 401 2465 καὶ
458 2411 757 2480 ἀναγνώσει
819 2412 1282 2483 παραπέμπουσι·
1344 2413 1867 2483 προσγεγραφήκασι
1900 2390 1940 2443 Β

300 2502 437 2571 γοῦν
463 2503 561 2557 ὅσα
614 2502 996 2573 βεϐούληνται,
1038 2502 1132 2556 καὶ
1175 2502 1519 2568 ἐξυφείλαντο
1558 2504 1656 2555 ὅσα
1687 2502 1871 2573 κεκρί-

300 2612 434 2651 κασι
458 2612 471 2626 ·
504 2597 598 2648 κα)⁹
638 2596 819 2648 λοιπὸν
864 2595 1108 2665 ὀνόματι,
1136 2596 1228 2649 καί
1272 2596 1328 2647 ὲν
1362 2594 1533 2665 τούτῳ
1564 2594 1866 2663 ψεύδονται,

298 2684 528 2739 καλοῦσι
579 2684 638 2738 τὸ
692 2685 1042 2754 Εὑαγγέλιον,
1084 2686 1143 2737 τὸ
1183 2684 1340 2755 σῶμα
1388 2684 1480 2736 τοῦ
1537 2682 1867 2751 Εὐαγγελίου

306 2778 387 2850 μὴ
425 2778 786 2849 τετηρηκότες
821 2778 1000 2848 σῶμα,
1049 2778 1162 2830 ἀλλ’
1201 2778 1381 2847 ἕτερον
1414 2777 1572 2846 σῶμα
1606 2775 1867 2848 γραμμά-

297 2888 433 2935 των,
480 2872 639 2943 μέχρι
682 2870 776 2925 τοῦ
827 2872 1088 2941 ὀνόματος
1134 2870 1225 2924 τοῦ
1276 2872 1603 2939 Εὑαγγελίου
1649 2871 1869 2938 φθάνον,

297 2964 663 3033 πεποιηκότες
689 2967 807 3027 ταῖς
848 2964 1004 3027 ἰδίαις
1037 2964 1338 3034 βουλήσεσι.
1376 2964 1575 3026 Μεῖζον
1624 2964 1731 3031 γάρ
1762 2962 1869 3015 τῶν

299 3056 478 3110 ἄλλων
503 3055 611 3125 (Si)
644 3054 942 3124 ἡτιμάκασι
976 3055 1044 3107 τὰ
1089 3054 1427 3122 Εὑαγγέλια·
1456 3054 1505 3104 oi
1548 3053 1644 3123 μὲν
1669 3052 1775 3123 γὰρ
1808 3052 1867 3104 οὐ

299 3147 568 3217 δέχονται,
611 3145 705 3198 καὶ
752 3145 827 3215 μὴ
871 3146 1148 3216 δεχόμενοι
1180 3146 1238 3197 οὐ
1277 3144 1692 3214 διαφθείρουσιν,
1738 3145 1871 3197 ἀλλὰ

304 3238 464 3308 μόνον
505 3236 869 3298 ἀποσείονται,
922 3237 982 3288 οὐ
1047 3236 1144 3306 μὲν
1199 3237 1292 3289 καὶ
1350 3236 1708 3306 ἐμϐατεύουσι
1760 3239 1870 3299 τοῖς

297 3329 653 3401 γράμμασιν·
685 3330 733 3381 οἱ
765 3328 820 3380 δὲ
852 3328 1130 3399 εἰληφέναι
1168 3330 1465 3393 δοκοῦντες,
1498 3329 1867 3389 ἐνεϐάτευσαν,

298 3423 693 3493 ἐνεχόρευσαν,
756 3423 1193 3493 ἐνεκαπήλευσαν
1246 3425 1357 3485 τοῖς
1406 3422 1729 3493 γράμμασι·
1779 3424 1872 3475 καὶ

300 3515 514 3585 γοήτων
541 3513 677 3585 ἔργα
703 3516 796 3567 καὶ
833 3515 1086 3585 πονηρῶν
1114 3513 1455 3585 δεδράκασιν.
1495 3514 1721 3566 Ἐκεῖνοι
1753 3514 1873 3582 ἡπί-

300 3624 529 3678 στησαν,
560 3607 688 3677 ψιλῇ
717 3609 781 3677 τῇ
840 3607 1067 3677 ἀπιστίᾳ
1098 3606 1424 3677 κέχρηνται·
1461 3606 1495 3659 ἃ
1537 3606 1609 3676 μὴ
1654 3607 1871 3660 πιστεῦ-

298 3715 444 3760 ουσι,
495 3698 839 3769 φιλολογῆσαι
891 3700 989 3751 οὐκ
1039 3699 1357 3769 ἠνέσχοντο·
1418 3694 1582 3761 οὗτοι,
1618 3701 1675 3752 ἐν
1723 3700 1870 3770 μέσῳ

298 3788 600 3858 γενόμενοι,
633 3788 778 3842 λύειν
812 3791 909 3860 τὴν
946 3790 1210 3860 ἁρμονίαν
1259 3791 1735 3861 ἐπικεχειρήκασι·
1770 3810 1865 3844 κα-

296 3880 517 3932 ταλύειν
548 3880 639 3933 τὸν
680 3880 881 3952 ῥυθμὸν
926 3882 1288 3953 τετολμήκασι
1336 3883 1718 3953 τεχνασμένοις
1765 3901 1868 3953 μα-

300 3972 365 4043 θή
376 3990 560 4043 μασιν,
589 3974 843 4027 ὑπόθεσιν
872 3975 1085 4045 ἀπάτης
1120 3976 1181 4027 τὸ
1207 3975 1376 4044 ὄνομα
1408 3975 1501 4028 τοῦ
1530 3976 1861 4043 Εὑαγγελίου

299 4066 795 4135 παρεσκευακότες.
826 4067 889 4118 Εἰ
920 4066 1026 4136 γὰρ
1058 4065 1274 4136 ᾔδεισαν
1306 4066 1366 4118 τὸ
1390 4066 1739 4134 Εὑαγγέλιον,
1767 4066 1866 4118 οὐκ

297 4154 529 4224 ⁴ᾒγνόουν
552 4156 642 4208 τὸν
671 4156 833 4225 νόμον
853 4174 866 4185 ·
898 4159 943 4209 εί
989 4156 1045 4208 δὲ
1098 4157 1369 4227 ἠγνόησαν
1400 4156 1490 4208 τὸν
1532 4156 1713 4226 νόμον,
1750 4156 1866 4219 πῶς

298 4247 393 4301 τὸν
429 4247 633 4319 Ἰησοῦν
660 4247 1051 4318 παρεδέξαντος
1081 4248 1201 4317 δίχα
1233 4246 1340 4319 γὰρ
1374 4247 1538 4318 νόμου
1574 4247 1777 4319 Ἰησοῦς
1804 4248 1863 4302 οὐ

302 4338 817 4409 παραλαμϐάνεται·
852 4339 881 4390 ὸ
924 4339 1032 4409 γάρ
1061 4339 1121 4391 τὸ
1164 4338 1316 4401 τέλος
1356 4338 1533 4391 ποθῶν
1559 4339 1654 4408 τὴν
1687 4340 1859 4410 ἀρχὴν

300 4430 754 4502 περιεργάζεται·
815 4433 842 4485 ὁ
886 4431 942 4484 δὲ
986 4432 1085 4501 τῆς
1144 4432 1316 4503 ἀρχῆς
1363 4432 1643 4502 γινόμενος
1702 4434 1867 4502 ὑπερ-

298 4524 473 4594 όπτης
504 4522 825 4587 κενοπαθεϊ,
870 4523 1161 4591 κενολογεῖ,
1194 4522 1330 4593 πρὸς
1383 4522 1534 4585 τέλος
1564 4522 1743 4591 ἄφιξιν
1770 4525 1868 4577 οὐκ

296 4613 434 4684 ἔχει.

1976 1151 2120 1198 mus,
2160 1142 2555 1205 pertractemus
2597 1138 2950 1205 quaestionem
2997 1141 3063 1195 de
3093 1142 3209 1212 lege
3240 1161 3255 1197 :
3290 1143 3543 1202 decreve-

1975 1238 2103 1281 runt
2144 1228 2287 1282 enim
2354 1230 2605 1298 amplecti
2661 1229 3053 1301 Evangelium;
3089 1234 3257 1303 legem
3308 1253 3436 1291 vero
3487 1246 3544 1293 et

1974 1322 2266 1389 prophetas
2297 1320 2692 1386 reprehendere
2730 1324 3079 1378 studuerunt.
3103 1325 3185 1379 Ac.
3217 1334 3389 1379 totum
3420 1329 3547 1398 qui-

1975 1410 2094 1465 dem
2144 1410 2310 1465 Vetus
2349 1409 2755 1465 Testamentum
2800 1415 3118 1468 calunmiati
3165 1424 3322 1482 sunt,
3364 1416 3546 1471 Evan-

1972 1504 2107 1573 gelia
2162 1520 2291 1559 vero
2338 1504 2606 1559 honorare
2657 1521 2714 1559 se
2779 1507 3040 1574 suspicati
3086 1516 3235 1571 sunt,
3280 1509 3542 1564 honortm

1974 1599 2154 1668 potius
2191 1598 2601 1668 Evangeliorum
2635 1599 2956 1654 simulantes
2990 1618 3005 1666 ;
3048 1608 3107 1654 ut
3136 1610 3280 1656 esset
3311 1603 3546 1657 simula-

1973 1692 2051 1745 tio
2130 1690 2547 1743 invitamentum
2608 1706 2793 1744 eorum
2847 1706 2985 1759 quos
3047 1693 3380 1761 deciperent.
3427 1692 3544 1749 Nec

1972 1780 2116 1835 enim
2177 1780 2303 1849 quia
2348 1782 2724 1834 assentiuntur
2778 1766 3103 1852 Evangeliis,
3158 1791 3428 1838 honorare
3481 1799 3541 1839 se

1974 1870 2266 1941 Evangelia
2314 1872 2642 1925 conﬁtentur
2674 1890 2687 1925 :
2722 1873 2851 1942 quin
2884 1875 3063 1942 potius
3101 1874 3228 1943 quia
3270 1874 3542 1928 honorant

1972 1978 2166 2016 nomen
2190 1960 2339 2025 Jesu,
2373 1964 2575 2034 tingunt
2600 1963 2859 2017 honorem
2888 1963 3303 2033 Evangeliorum
3337 1980 3349 2017 :
3380 1980 3539 2033 opor-

1971 2055 2117 2108 lebat
2159 2064 2337 2109 autem
2368 2072 2482 2117 eos,
2518 2058 2559 2110 si
2594 2058 2811 2127 quidem
2854 2055 3143 2126 Evangelia
3176 2056 3543 2123 honorabant,-

1969 2162 2075 2200 non
2114 2147 2502 2201 circumcidere
2527 2149 2814 2218 Evangelia
2842 2166 2856 2213 ;
2898 2165 3007 2201 non
3038 2149 3253 2201 demere
3280 2149 3345 2201 de
3371 2146 3535 2201 Evam.

1971 2234 2148 2303 geliis,
2184 2250 2290 2287 non
2327 2236 2431 2287 alia
2468 2251 2762 2305 apponere,
2798 2252 2973 2306 neque
3013 2237 3195 2290 verbis
3226 2244 3280 2289 et
3321 2237 3543 2306 proprie.

1971 2326 2237 2379 sententia
2294 2324 2580 2395 Evangelia
2631 2327 2926 2381 ascribere.
2992 2325 3101 2380 Nec
3159 2328 3302 2380 enim
3347 2341 3537 2379 eorum

1970 2417 2152 2485 lingua
2201 2416 2312 2471 haec
2358 2417 2642 2486 Evangelia
2692 2418 2882 2479 habet,
2924 2424 2976 2470 et
3016 2432 3202 2470 eorum
3253 2416 3536 2470 lectionem

1971 2511 2410 2579 prietcrmittnnt.
2448 2510 2836 2579 Ascripserunt
2864 2510 3046 2579 itaque
3075 2524 3411 2579 quaecunque
3444 2523 3539 2561 vo-

1971 2601 2214 2664 luerunt,
2248 2610 2301 2656 et
2344 2602 2696 2656 detraxerunt
2741 2617 3077 2671 qnmcunqne
3108 2601 3489 2669 judicaverunt
3520 2617 3535 2654 :

1970 2700 2026 2746 et
2062 2701 2249 2762 postea
2304 2692 2525 2747 nomine
2560 2693 2831 2761 appellant
2878 2686 3163 2760 Evangelia
3206 2690 3297 2759 qui
3341 2702 3539 2758 corpus

1971 2780 2249 2850 Evangelii
2282 2796 2389 2833 non
2429 2789 2805 2842 servaverunt,
2829 2780 2920 2833 sed
2956 2781 3134 2849 potius
3163 2778 3309 2831 aliud
3336 2791 3537 2847 corpus

1971 2874 2297 2930 litterarum.
2327 2872 2471 2942 quod
2507 2888 2677 2941 usque
2703 2872 2768 2924 ad
2796 2888 2987 2926 nomen
3016 2880 3224 2925 tantum
3264 2868 3537 2940 Evangelii

1972 2966 2253 3035 pertingit,
2299 2964 2520 3034 pmpria
2569 2965 2841 3018 voluntate
2891 2964 3155 3019 fecerunt.
3201 2961 3330 3015 Plus
3390 2960 3537 3015 enim

1975 3070 2135 3125 quam
2162 3056 2391 3125 gentiles
2428 3053 2713 3123 Evangelia
2743 3053 3213 3106 inhonoravcrunt
3250 3070 3262 3105 :
3305 3050 3381 3104 illi
3426 3065 3535 3103 non

1972 3146 2280 3215 recipiunt,
2310 3154 2362 3201 et
2390 3162 2497 3199 non
2532 3143 2843 3214 recipiendo
2874 3160 2979 3199 non
3009 3149 3403 3212 corrumpunt,
3440 3140 3537 3195 sed

1972 3244 2147 3295 solum
2201 3240 2456 3309 rejicinnt
2484 3278 2499 3302 ,
2553 3253 2661 3292 non
2709 3246 2889 3290 tamen
2934 3238 3144 3291 calcant
3189 3236 3442 3290 litteras:
3479 3233 3535 3287 hi

1974 3348 2102 3387 vero
2132 3347 2253 3385 cum
2296 3332 2568 3399 recepisse
2597 3331 2942 3393 videbantur,
2974 3327 3340 3387 calcaverunt,
3366 3325 3537 3378 insul-

1973 3432 2158 3484 larunt
2192 3431 2246 3478 et
2288 3424 2730 3478 adulteraverunt
2763 3424 3008 3484 litteras;
3059 3430 3111 3473 et
3142 3419 3285 3488 quod
3321 3418 3537 3488 praesti-

1971 3516 2211 3586 giatorcs
2264 3524 2316 3569 et
2375 3515 2607 3584 improbi
2672 3514 2899 3575 iaciunt,
2977 3512 3240 3565 fecerunt.
3293 3510 3369 3563 Illi
3427 3524 3538 3563 non

1973 3606 2323 3662 crediderunt
2366 3607 2562 3669 solum,
2594 3613 2647 3660 et
2676 3606 2877 3675 quibus
2923 3618 3029 3656 non
3065 3600 3434 3665 crediderunt,
3469 3599 3538 3654 de

1919 3722 1940 3775 ;
1972 3701 2051 3754 eis
2089 3716 2114 3753 ο
2144 3715 2201 3752 se
2227 3699 2419 3753 disseri
2455 3714 2561 3751 non
2596 3699 2875 3767 patiuntur
2909 3714 2921 3749 :
2957 3695 3009 3747 hi
3046 3709 3170 3747 vero
3211 3693 3264 3745 in
3296 3692 3535 3745 medium

1972 3792 2301 3861 prodeuntes
2343 3789 2521 3841 conati
2555 3796 2681 3843 sunt
2716 3792 3039 3841 concentum
3067 3785 3277 3839 solvere
3306 3800 3319 3849 ;
3348 3781 3537 3835 modu-

1972 3885 2225 3937 lationem
2276 3882 2539 3936 doctrinis
2592 3880 2825 3933 artitieio
2871 3877 3151 3931 fabricatis
3187 3875 3376 3929 tollere
3416 3871 3537 3929 ausi

1968 3984 2115 4040 sunt,
2149 3984 2450 4045 prmparato
2476 3974 2691 4027 nomine
2723 3970 3017 4040 Evangelii,
3050 3975 3109 4021 ut
3136 3972 3280 4021 esset
3310 3965 3538 4019 fallaciae

1968 4083 2153 4122 causa.
2206 4065 2261 4120 Si
2301 4066 2443 4119 enim
2493 4063 2840 4133 Evangelium
2902 4059 3305 4130 cognovissent,
3364 4057 3536 4124 legem

1970 4176 2078 4215 non
2140 4159 2483 4229 ignorasse-nt
2526 4176 2539 4210 :
2600 4155 2744 4226 quod
2796 4154 2841 4209 si
2889 4153 3059 4223 legem
3106 4150 3534 4219 ignoraverunt,

1972 4252 2243 4322 quomodo
2274 4250 2456 4305 Jesum
2501 4247 2864 4318 receperunt?
2905 4247 3022 4302 sine
3065 4245 3179 4313 lege
3209 4243 3352 4297 enim
3378 4238 3538 4294 Chri-

1972 4352 2090 4399 stus
2113 4360 2219 4398 non
2253 4342 2512 4411 recipitur
2546 4361 2559 4395 :
2591 4356 2713 4395 nam
2746 4340 2837 4409 qui
2867 4339 3024 4392 tinem
3058 4335 3349 4394 desiderat,
3382 4332 3535 4402 prin-

1972 4437 2171 4505 cipium
2224 4435 2559 4504 investigat:
2597 4441 2785 4487 contra
2831 4446 2981 4491 vero,
3019 4428 3109 4499 qui
3157 4435 3240 4481 est
3285 4422 3535 4495 principii

1973 4533 2334 4594 contemptor,
2364 4539 2537 4579 vanus
2562 4529 2665 4587 est,
2687 4536 2826 4576 vane
2851 4519 3108 4589 loquitur,
3135 4532 3243 4570 non
3267 4521 3443 4585 potest
3479 4511 3535 4565 in

1978 4615 2136 4670 ﬁnem
2167 4616 2419 4669 evadere.

1384 4724 1518 4781 CAP.
1559 4724 1626 4781 11.
1668 4725 1772 4781 Lex
1804 4728 2099 4781 necessaria
2129 4725 2469 4781 Christianis.

368 4841 433 4895 Ei
457 4839 513 4892 δὲ
540 4838 713 4905 τέλος
737 4840 924 4907 νόμου
942 4839 1212 4907 Χριστὸς,
1241 4839 1688 4910 ματαιοπονοῦσι,
1711 4840 1876 4911 νόμου

298 4933 400 5006 μὲν
432 4931 667 5001 φυγάδες
690 4931 858 4997 ὄντες,
878 4931 1083 5003 Ἰησοῦν
1108 4932 1163 4985 δὲ
1189 4930 1873 5001 εἰδέναιὲπαγγελλόμενοι.

298 5027 364 5079 El
398 5025 472 5096 μὴ
502 5024 665 5094 νόμος
700 5022 942 5093 λαλήσει,
967 5025 994 5075 ὁ
1033 5023 1235 5095 Κύριος
1273 5025 1373 5077 οὐκ
1415 5025 1865 5093 ἐπιγινώσκεται·

296 5118 331 5187 ἡ
362 5115 471 5186 γάρ
496 5115 673 5185 σιωπὴ
702 5113 794 5167 τοῦ
822 5114 1012 5184 νόμου,
1039 5114 1228 5181 ἄγνοια
1255 5114 1347 5167 τοῦ
1370 5117 1769 5187 κηρυττομένου
1790 5131 1804 5145 ·
1832 5118 1865 5185 ή

294 5209 351 5261 δὲ
376 5208 472 5261 τοῦ
487 5208 652 5278 νόμου
680 5208 936 5277 μάθησις,
956 5208 1252 5274 ἐπίγνωσις
1278 5206 1374 5261 τοῦ
1396 5208 1868 5280 προκαταγγελλο-

300 5300 485 5370 μένου.
517 5299 580 5352 Εἰ
615 5299 722 5371 γὰρ
759 5299 1041 5362 Μωῦσέως
1076 5299 1293 5369 ἤκουον,
1338 5301 1620 5355 ἐπίστευον
1666 5303 1746 5366 εἰς
1780 5301 1868 5355 τὸν

297 5390 726 5463 παρεληλυθότα.
746 5390 960 5463 Ἀμέλει
992 5391 1052 5442 οὐ
1076 5390 1391 5445 πιστεύεται
1423 5393 1451 5445 ὁ
1482 5394 1866 5465 ἐγηγερμένος,

334 5544 417 5587 “¹⁶
448 5552 611 5611 Rom.
641 5570 707 5618 ι,
740 5551 795 5607 4.

370 5710 481 5783 (51)
526 5710 775 5766 "sum.
806 5706 1080 5778 lnterpres
1108 5705 1319 5777 legebat
1345 5704 1531 5759 ἐθνῶν.

2047 4838 2104 4893 Si
2137 4847 2315 4892 autem
2350 4839 2473 4907 ﬁnis
2504 4836 2630 4906 legis
2662 4843 2745 4891 est
2781 4834 3022 4890 Christus
3057 4831 3120 4895 ¹⁶,
3155 4830 3356 4885 frustra
3386 4829 3537 4883 labo-

1974 4938 2099 4984 rant
2153 4930 2245 5000 qni
2289 4930 2457 4999 legem
2515 4927 2747 4997 fugiunt,
2790 4934 2842 4980 et
2897 4923 3257 4995 cognitionem
3306 4919 3434 4975 Jesu
3477 4935 3537 4975 se

1976 5022 2173 5076 habere
2195 5020 2538 5090 proﬁtentur.
2573 5018 2687 5072 Nisi
2724 5018 2805 5073 lex
2836 5019 3108 5087 loquatur,
3136 5013 3399 5067 Dominus
3426 5027 3537 5066 non

1976 5116 2296 5185 agnoscitur
2338 5133 2351 5169 :
2386 5113 2731 5167 taciturnitas
2765 5112 2907 5166 enim
2949 5110 3101 5180 legis,
3144 5105 3411 5177 ignoratio
3453 5113 3537 5158 est

1975 5208 2252 5279 pra‘dicati
2290 5226 2302 5261 :
2359 5223 2551 5262 rursus
2594 5221 2722 5261 vero
2764 5205 3000 5274 cognitio
3027 5200 3182 5271 legis,
3225 5199 3414 5253 notitia
3454 5203 3538 5269 est

1973 5302 2339 5373 praenuntiati.
2384 5298 2441 5354 Si
2485 5302 2628 5355 enim
2675 5298 2910 5371 Moysem
2956 5295 3226 5358 audirent,
3254 5288 3539 5346 crederent

1976 5396 2034 5450 in
2080 5411 2204 5452 eum
2258 5394 2354 5465 qui
2395 5394 2563 5450 venit.
2612 5391 2754 5449 Sane
2792 5389 3009 5461 quidem
3052 5400 3227 5457 neque
3274 5383 3540 5440 suscitato
