4116 6332
532 388 536 396 ι
628 311 770 368 teis

1740 303 1880 360 TITI
1923 304 2350 363 BOSTBENSIS
2388 303 2696 362 EPISCOPI

3749 300 3883 355 i216

627 429 892 492 creditur,
948 425 1054 482 nisi
1104 427 1191 482 lex
1232 426 1390 482 ﬁdem
1437 426 1602 480 faciat
1637 426 2006 482 audientibus.
2053 428 2118 483 Et
2159 430 2191 484 si

2306 427 2354 479 el
2395 426 2471 497 μὴ
2501 426 2680 480 πίστιν
2705 425 2733 478 ό
2765 423 2929 494 νόμος
2955 421 3068 485 τοῖς
3101 419 3387 474 ἀκούουσιν
3415 417 3731 489 ἐμποιήσει.
3764 417 3882 471 Κᾶν

625 520 844 590 quidam
878 517 1062 574 dicat:
1095 517 1248 572 Mitte
1289 517 1579 583 Lazarum,
1620 526 1679 570 ut
1712 522 1915 572 nuntiet
1943 519 2203 588 fratribus

625 613 777 676 meis,
814 627 876 664 ne
900 621 950 664 et
1000 611 1103 681 ipsi
1151 612 1360 665 veniant
1405 611 1459 664 in
1502 610 1639 664 hunc
1688 610 1860 664 locum
1906 613 2200 676 tormenti;

623 711 680 757 et
709 701 1075 772 respondente
1090 700 1361 756 Abraham
1388 720 1404 758 :
1431 699 1642 755 Habent
1661 699 1897 772 Moysem
1925 714 1972 756 et
1990 704 2201 772 prophe-

623 805 728 860 tas,
763 795 943 852 dicat:
975 794 1102 849 Nisi
1132 797 1249 867 quis
1287 811 1352 850 ea:
1391 797 1619 850 mortuis
1661 806 1920 868 resurgat,
1956 815 2059 850 non
2088 815 2202 852 cre-

620 886 781 952 dent;
853 887 1040 942 audiet
1067 897 1246 942 tamen
1275 889 1422 943 iste:
1462 886 1522 942 Si
1556 885 1792 959 Moysem
1831 899 1880 943 et
1924 889 2198 958 prophetas

621 995 726 1032 non
768 979 1084 1045 audierunt,
1139 996 1299 1049 neque
1344 980 1388 1034 si
1428 981 1544 1049 quis
1591 997 1624 1033 a
1669 981 1890 1035 mortuis
1937 991 2197 1051 resurgat,

621 1067 836 1121 audient
872 1068 936 1120 ιτ.
971 1066 1017 1122 0
1050 1084 1163 1123 rem
1193 1069 1420 1123 miram!
1457 1085 1635 1139 neque
1665 1072 1710 1125 si
1741 1071 1866 1141 quis
1907 1085 1936 1124 a
1969 1072 2200 1128 mortuis

619 1160 889 1215 excitatus
943 1161 1193 1214 nuntium
1251 1159 1460 1228 aﬂ'erat,
1528 1163 1578 1217 ei
1631 1162 1872 1219 creditur
1923 1165 2041 1219 sine
2084 1163 2200 1234 lege

619 1262 674 1308 et
694 1253 992 1323 prophetis,
1017 1254 1125 1308 imo
1149 1270 1322 1325 neque
1350 1254 1787 1312 DominusJesus
1819 1257 2081 1328 apostolis
2111 1272 2201 1327 ap-

2303 521 2408 591 γάρ
2434 537 2517 583 τις
2548 517 2703 591 λέγῃ,
2721 517 2969 584 Πέμψον
2984 511 3266 581 Λάζαρον,
3279 512 3381 565 ἵνα
3401 511 3730 580 ἀναγγείλῃ
3761 510 3882 575 τοῖς

2299 609 2586 681 ἀδελφοῖς
2610 627 2730 681 μου
2756 607 2842 678 μὴ
2873 605 3075 661 ἐλθεῖν
3105 607 3193 671 είς
3215 603 3329 673 τὴν
3366 602 3512 657 ὁδὸν
3545 600 3662 671 τῆς
3684 603 3882 665 βασά-

2299 722 2410 760 νου
2432 707 2690 772 ταύτης-ο
2731 703 2822 755 καὶ
2860 700 3107 769 λέγοντος
3153 697 3420 768 Ἀϐραὰμ,
3459 697 3716 765 Ἔχουσι
3756 696 3882 749 Μω-

2298 797 2412 851 σέα
2456 795 2557 851 καὶ
2605 795 2746 861 τοὺς
2779 792 3121 864 προφήτας,
3174 790 3336 862 εῐπῃο
3387 789 3523 842 Ἐὰν
3543 787 3632 857 μή
3689 805 3782 852 τις
3815 789 3878 840 ἐκ

2296 891 2524 961 νεκρῶν
2549 887 2813 957 ἀναστῇ,
2837 889 2909 942 οὐ
2931 885 3017 956 μὴ
3049 884 3507 938 πιστεύσουσιν
3556 878 3872 941 ἀκούσεται,

2301 989 2368 1040 Et
2401 983 2656 1050 Μωσέως
2683 981 2783 1040 καὶ
2813 979 2933 1034 τῶν
2954 976 3274 1048 προφητῶν
3289 979 3398 1030 οὐκ
3418 973 3874 1043 ἤκουσαν,οὐεὲ

2296 1077 2404 1133 ἐάν
2453 1097 2542 1144 τις
2571 1077 2640 1130 ἐκ
2672 1074 2900 1144 νεκρῶν
2929 1069 3198 1140 ἀναστῇ,
3228 1070 3614 1125 ἀκούσονται.
3673 1065 3866 1119 Βαῦαίῐ

2296 1169 2419 1224 οὔτε
2477 1169 2585 1242 γὰρ
2630 1170 2663 1239 ἠ
2711 1166 2805 1220 τοῦ
2848 1162 3218 1236 ἐγηγερμένου
3279 1158 3627 1231 παραγγελία
3675 1160 3743 1228 τῇ
3786 1155 3869 1209 τ’σό

2296 1263 2460 1334 νόμου
2495 1263 2590 1316 καὶ
2619 1260 2726 1314 τῶν
2754 1256 3048 1330 προφητῶν
3072 1253 3280 1326 (52)....
3310 1255 3338 1306 δ
3383 1250 3590 1322 Ἰησοῦς
3619 1249 3750 1320 δίχα
3779 1248 3868 1318 τῆς

2299 1355 2584 1418 συνουσίας
2649 1351 2828 1407 αὐτῶν
2881 1350 3003 1404 οὑδέ
3049 1351 3162 1412 τοῖς
3221 1345 3538 1408 ἀποστόλοις
3583 1339 3872 1412 φαίνεσθαι

2294 1447 2527 1520 ἠξίωσε·
2564 1446 2657 1502 καὶ
2707 1446 3004 1516 δυνάμενος
3053 1441 3158 1496 ὑπὸ
3188 1438 3283 1494 τοῦ
3328 1438 3540 1510 Πατρὸς
3572 1439 3870 1508 μαρτυρεῖ-

621 1545 731 1586 non
780 1529 1131 1586 inhonoravi‘t
1183 1533 1590 1588 consortionem
1644 1543 1957 1589 sanctorum
2011 1536 2191 1605 :quin

2298 1541 2444 1606 σθαι,
2475 1541 2577 1594 οὐκ
2617 1539 2851 1610 ἠτίμασε
2893 1536 2990 1610 τὴν
3027 1534 3308 1590 συνουσίαν
3350 1534 3456 1586 τῶν
3498 1531 3710 1601 ἀγίωψ
3745 1530 3874 1584 ἀλλά

620 1623 803 1694 potius
847 1637 972 1678 cum
1007 1624 1169 1679 vellet
1213 1625 1574 1680 certissimam
1606 1625 1764 1680 ﬁdem
1807 1626 1860 1680 in
1899 1635 2191 1696 conspectu

2293 1635 2414 1696 ταῖς
2471 1632 2623 1701 ὂψεσι
2697 1629 2807 1683 τῶν
2861 1627 3173 1682 ἀποστόλων
3227 1625 3408 1678 πίστιν
3468 1623 3876 1695 ἀκριϐεστάτην

619 1714 994 1784 apostolorum
1027 1714 1228 1781 facere,
1263 1716 1407 1786 quod
1451 1717 1505 1772 in
1547 1725 1786 1773 montem
1828 1734 1923 1773 eos
1963 1719 2191 1774 adduce-

2298 1724 2620 1796 βουλόμενος
2661 1720 3060 1795 παρασχέσθαι,
3093 1721 3168 1784 ὡς
3199 1718 3400 1788 ἀνῆγεν
3434 1719 3493 1770 ἐν
3519 1716 3597 1788 τῷ
3633 1716 3753 1789 δρει
3786 1719 3877 1772 καὶ

617 1810 734 1876 bat,
786 1817 840 1865 et
897 1811 1415 1882 transﬁgurabatur,
1467 1813 1792 1868 ostendebat
1843 1813 2078 1886 Moysem
2138 1826 2191 1871 et

2299 1814 2726 1887 αετεμορφοῦτο,
2769 1812 3005 1866 ἐδείκνυε
3051 1809 3291 1865 Μωῦσέα
3337 1808 3434 1863 καλ⁵
3470 1807 3682 1872 Ἠλίαν,
3715 1809 3808 1861 ἵνα
3846 1811 3877 1878 ἡ

616 1898 792 1955 Eliam
815 1942 830 1967 ,
864 1908 924 1956 ut
959 1903 1279 1958 testimonio
1322 1913 1468 1960 esset
1505 1906 1846 1960 consociatio
1885 1908 2191 1966 sanctitatis

2293 1906 2550 1965 συνουσία
2590 1905 2688 1976 τῆς
2720 1903 3006 1974 ἁγιότητος
3042 1901 3268 1972 γένηται
3299 1900 3605 1973 μαρτυρίαο
3643 1900 3738 1953 καὶ
3795 1900 3878 1954 id

615 1994 836 2049 illorum
877 2014 889 2050 :
927 2004 982 2052 et
1011 2005 1070 2050 ut
1102 1997 1150 2051 is
1176 1998 1268 2066 qui
1295 1995 1482 2054 Jesum
1518 1999 1734 2068 recipit,
1767 1998 1948 2055 socios
1979 2003 2098 2070 ejus
2125 2019 2191 2058 ne

2292 2001 2322 2052 ὁ
2349 2000 2638 2071 δεχόμενος
2674 1997 2764 2050 τὸν
2802 1995 3007 2068 Ἰησοῦν
3035 1995 3158 2052 τοὺς
3194 1993 3452 2056 συνόντας
3488 1993 3563 2064 μὴ
3603 1993 3873 2062 ἀτιμάσῃ.

613 2088 945 2156 dedecoret;
985 2105 1054 2145 ne
1083 2090 1129 2144 si
1158 2091 1279 2160 ejus
1325 2093 1619 2162 stipatores
1656 2098 1711 2147 et
1744 2092 2026 2148 ministros
2065 2109 2191 2164 par-

2295 2094 2382 2146 ἴνα
2429 2093 2524 2164 μὴ,
2559 2091 2684 2153 τοὺς
2724 2087 3053 2160 δορυφόρους
3096 2085 3190 2138 καὶ
3239 2084 3521 2155 ὑπηρέτας
3562 2084 3873 2148 εὖτελίζων,

613 2182 861 2250 vifaciat,
891 2199 1073 2256 regem
1109 2183 1290 2254 ipsum
1321 2185 1633 2241 inhonoret.

2297 2185 2458 2239 αὑτὸν
2487 2182 2767 2254 ἀτιμάζων
2798 2177 2830 2220 ³·
2862 2180 2952 2232 τὸν
2989 2177 3229 2246 ϐασιλέα.

620 1361 811 1417 parere
845 1347 1013 1401 voluit
1045 1349 1484 1419 transﬁguratus,
1530 1349 1633 1404 nisi
1672 1349 1932 1406 adhibitis
1985 1352 2100 1422 lege
2143 1357 2199 1406 et

621 1436 906 1508 prophetis
933 1447 1029 1504 ;.et
1067 1439 1158 1508 qui
1194 1440 1368 1508 potuit
1397 1439 1771 1495 testimonium
1802 1457 1831 1495 a
1856 1440 2014 1497 Patre
2036 1442 2196 1508 ferre,

1739 2335 1867 2393 ΟΑΡ.
1900 2336 1989 2394 Ill.
2020 2339 2209 2412 Legem
2236 2341 2452 2408 perfecit
2484 2337 2750 2394 Christus.

683 2476 1162 2548 Deniquettantam
1183 2491 1372 2532 curam
1400 2477 1536 2548 legis
1565 2483 1619 2533 et
1647 2477 2037 2548 prophetarum
2063 2477 2186 2534 Salo

2350 2477 2627 2549 Τοσαύτην
2664 2474 2793 2546 γοῦν
2827 2473 3139 2545 ἐπιμέλειαν
3167 2472 3260 2525 τοῦ
3284 2472 3450 2542 νόμου
3478 2471 3575 2525 καὶ
3601 2472 3709 2525 τῶν
3735 2490 3872 2545 προ-

611 2576 768 2623 vator
793 2567 1009 2632 habuit,
1040 2577 1098 2622 ut
1126 2567 1353 2623 nihilex
1384 2570 1500 2641 lege
1522 2584 1635 2624 non
1655 2567 1982 2638 perfecerit;
2003 2571 2186 2624 omnia

2292 2571 2465 2642 ρητῶν
2492 2567 2784 2638 πεποίηται
2811 2569 2838 2620 ὁ
2870 2565 3079 2637 Σωτὴρ,
3105 2565 3181 2628 ὡς
3223 2564 3390 2635 μηδὲν
3430 2563 3620 2627 ἀτελὲς
3650 2565 3876 2634 ποιῆσαι

611 2669 794 2715 autem
827 2673 949 2730 quae
981 2660 1186 2730 scripta
1229 2670 1406 2726 erant,
1434 2662 1752 2730 patraverit,
1783 2662 2184 2732 clamarctque:

2292 2663 2375 2718 τοῦ
2397 2663 2561 2732 νόμου
2581 2677 2595 2690 ’
2622 2661 2798 2714 πάντα
2824 2658 2881 2712 δὲ
2911 2657 3092 2712 ἀνύειν
3117 2656 3187 2710 τὰ
3210 2657 3592 2728 γεγραμμένα,
3627 2655 3754 2726 βοᾷν
3783 2657 3876 2720 δὲ,

612 2751 741 2808 Non
769 2752 883 2806 aeni
908 2751 1107 2807 solvere
1131 2751 1316 2820 legem,
1351 2752 1439 2806 sed
1464 2752 1799 2821 adimplere"
1835 2771 1850 2818 ;
1883 2753 2190 2824 ingredere-

2292 2759 2400 2812 οὐκ
2436 2755 2626 2824 ἦλθον
2667 2752 3005 2806 καταλῦσαι
3043 2750 3150 2804 τὸν
3182 2753 3392 2820 νόμον,
3430 2749 3594 2804 ἀλλά
3637 2748 3878 2817 πληρῶ-

609 2849 706 2896 tur
732 2848 913 2897 autem
939 2841 994 2896 in
1035 2841 1320 2910 templum,
1351 2847 1406 2896 et
1449 2848 1640 2912 turpes
1671 2840 1798 2896 'nde
1837 2839 2190 2895 administra-

2292 2863 2412 2912 σαι,
2450 2847 2672 2901 εἰσιέναι
2701 2845 2757 2898 δὲ
2789 2846 2847 2897 ἐν
2887 2843 2964 2914 τῷ
2997 2842 3146 2915 ἱερῷ,
3184 2844 3279 2897 καὶ
3323 2841 3422 2904 τὰς
3468 2841 3698 2902 ἀτόπους
3725 2842 3878 2893 οἱκο-

612 2935 789 2988 tiones
817 2933 1018 2987 domus
1047 2930 1142 2986 Dei
1172 2931 1421 3000 ejecerit,
1451 2939 1512 2986 ut
1546 2931 1782 2988 reddens
1824 2932 2046 2987 domum
2090 2948 2189 3002 pu-

2292 2941 2482 3012 νομίας
2508 2939 2746 3006 ἐξωθεῖν,
2781 2939 2888 2999 ἵνα,
2922 2936 3010 2989 τὸν
3043 2930 3189 2988 οἷκον
3219 2933 3458 3005 καθαρὸν
3499 2932 3744 2995 ἀποδοὺς,
3782 2933 3880 2984 πί.

611 3037 755 3086 ram,
784 3037 842 3076 re
874 3022 990 3092 ipsa
1025 3020 1343 3092 plenissime
1373 3023 1726 3092 persuaderet
1753 3038 1813 3078 se
1852 3039 2077 3079 suarum
2127 3039 2191 3079 ac

2295 3051 2410 3087 στιν
2443 3030 2841 3104 ἀκριϐεστάτην
2875 3027 2950 3098 τῷ
3007 3025 3291 3098 πράγματι
3336 3025 3614 3098 παράσχῃ,
3664 3024 3739 3086 ὼς
3791 3025 3877 3075 oi-

610 3127 964 3191 paternarum
1013 3113 1677 3188 rerum'procurationem
1723 3119 2028 3188 suspicere.
2066 3118 2191 3174 Cla-

2293 3123 2458 3176 κείων
2499 3120 2594 3175 καὶ¹
2628 3118 2893 3191 πατρῴων
2925 3117 3314 3188 ἐπιμελόμενος
3355 3117 3718 3188 πραγμάτων.
3764 3116 3880 3185 Βοᾷ

611 3221 725 3266 mat
751 3210 897 3267 enim
929 3209 1167 3266 :Domus
1201 3209 1384 3263 Patris
1432 3209 1532 3264 mei
1586 3210 1773 3264 domus
1805 3210 2062 3263 orationis
2104 3226 2191 3263 vo-

2295 3214 2434 3285 γάρ·
2479 3213 2541 3267 '0
2580 3209 2741 3276 οἶκος
2781 3209 2885 3263 τοῦ
2926 3210 3146 3278 Πατρός
3188 3227 3305 3279 μου
3338 3205 3500 3276 οἶκος
3525 3206 3879 3277 προσευχῆς

609 3303 860 3367 eabitur;
901 3318 990 3356 vos
1039 3312 1213 3356 autem
1267 3301 1468 3370 fecistis
1507 3317 1624 3355 eam
1663 3298 1968 3370 speluncam
2022 3302 2191 3354 latro-

2297 3302 2694 3372 κληθήσεται·
2739 3298 2907 3369 ὑμεῖς
2963 3297 3032 3351 δὲ
3079 3300 3264 3352 αὐτὸν
3306 3297 3668 3364 πεποιήκατε
3711 3294 3874 3363 σπή-

611 3395 806 3449 num".
838 3393 901 3448 Et
933 3394 1063 3465 quia
1093 3401 1224 3449 sunt
1257 3393 1484 3448 inﬁnita:
1512 3391 1812 3462 Scriptura:
1845 3392 2044 3462 quibus
2077 3392 2189 3446 illo-

2292 3402 2462 3453 λαιον
2491 3393 2754 3467 λῃστῶν.
2791 3393 2902 3445 Καὶ
2933 3390 3118 3460 ἐπειδὴ
3158 3391 3326 3464 μυρία
3357 3391 3475 3446 ἐστὶ
3517 3391 3673 3459 λόγια
3714 3388 3878 3442 δυνὰο

612 3503 734 3544 rum
769 3488 1006 3543 absurda
1031 3487 1218 3558 opinio
1244 3488 1498 3559 redargui
1521 3493 1735 3557 potest;
1767 3501 1868 3543 nos
1893 3501 1961 3541 ne
1978 3486 2189 3556 prolixe

2294 3507 2429 3561 μενα
2452 3489 2719 3542 δυσωπεῖν
2742 3488 2839 3560 τὴν
2867 3487 3067 3542 ἄτοπον
3098 3485 3320 3541 ἐκείνων
3342 3483 3518 3550 δόξαν,
3547 3483 3726 3553 ἡμεῖς,
3783 3484 3877 3537 ἶνα

611 3576 920 3634 scribentes
941 3578 1142 3634 librum
1167 3579 1223 3633 in
1246 3579 1465 3650 longum
1491 3577 1880 3649 producamus,
1912 3578 2190 3648 permitte-

2294 3584 2368 3656 μὴ
2401 3583 2580 3652 λόγοις
2618 3581 2827 3635 πλείοσι
2875 3581 3144 3654 χρώμενοι
3185 3583 3263 3644 είς
3309 3579 3484 3650 μῆκος
3515 3575 3879 3646 ἐξαγάγωμεν

611 3684 737 3724 Inus
767 3669 889 3724 aliis
919 3670 999 3724 uti
1032 3670 1328 3726 verborum
1363 3670 1628 3740 analogiis
1672 3690 1684 3724 :
1720 3684 1821 3725 nos
1851 3665 2190 3725 autem'bre-

612 3761 781 3814 vitate
825 3759 932 3826 usi,
978 3761 1046 3815 ad
1094 3776 1158 3816 ea
1202 3776 1324 3831 quae
1375 3770 1568 3816 contra
1616 3761 1930 3830 Scripturas
1975 3761 2185 3824 dicunt,

612 3865 922 3921 pergemus.
959 3850 1310 3922 Recipieutes
1357 3851 1712 3923 Evangelium
1763 3868 1868 3906 non
1918 3853 2188 3918 recipiunt

611 3941 809 4013 legem,
851 3943 980 4013 quia
1029 3960 1141 3998 non
1195 3952 1365 3998 totum
1401 3953 1455 3998 et
1508 3944 1778 4014 integrum
1835 3943 2186 4015 Evangelium

609 4033 926 4104 recipiunt;
959 4035 1162 4106 alioqui
1201 4037 1369 4107 legem
1405 4037 1734 4106 reciperent,
1782 4038 1828 4092 si
1865 4038 2185 4092 universum

609 4122 968 4199 Evangelium
1001 4138 1287 4184 tenerent:
1319 4145 1462 4184 nunc
1485 4139 1665 4184 autem
1699 4132 1874 4200 primo
1891 4131 2185 4200 eauponati

610 4219 989 4291 Evangelium,
1007 4231 1373 4278 consentanee
1391 4223 1560 4294 legem
1585 4239 1693 4277 nou
1725 4225 2016 4294 recipiunt.
2041 4223 2187 4279 Con-

609 4316 910 4372 vincuntur
941 4315 1109 4386 igitur
1156 4331 1261 4369 non
1289 4326 1473 4371 tenere
1503 4319 1695 4386 legem,
1748 4325 1970 4386 propter
2021 4318 2188 4371 latro-

612 4408 816 4463 cinium
847 4409 902 4464 in
934 4408 1246 4479 Evangelio.
1294 4408 1350 4463 Si
1388 4418 1568 4464 autem
1607 4408 1899 4479 Evangelia
1939 4410 2188 4465 testimo-

611 4500 763 4555 nium
786 4501 1050 4567 tribuunt,
1076 4510 1129 4555 et
1155 4503 1323 4572 legem
1358 4519 1464 4557 non
1493 4503 1783 4567 honorant,
1812 4505 2186 4560 testimonium

611 4592 951 4647 inhonorant
985 4613 998 4647 :
1038 4611 1145 4648 non
1173 4595 1284 4662 jam
1318 4597 1461 4649 enim
1493 4605 1576 4651 est
1613 4597 1716 4650 hoc
1748 4597 1921 4668 legem
1955 4598 2186 4654 inhono-

2289 3677 2380 3730 τὸν
2408 3677 2586 3745 λόγον,
2609 3679 2722 3739 τοῖς
2753 3675 2851 3747 μὲν
2885 3675 3063 3740 ἀλλοις
3094 3672 3471 3746 ἐπιτρέψωμεν
3513 3673 3634 3735 ταῖς
3678 3671 3874 3725 ἀναλο-

2289 3770 2436 3839 γίαις
2477 3770 2586 3823 τῶν
2627 3769 2887 3842 ῥημάτων
2917 3768 3184 3842 χρῆσθαιο
3221 3769 3383 3838 ἡμεῖς
3432 3765 3508 3830 δὲ,
3545 3765 3877 3835 συμμέτρως

2291 3864 2636 3934 χρησόμενοι,
2665 3864 2802 3936 πρὸς
2836 3862 3003 3927 αὐτὰς
3052 3861 3151 3925 τὰς
3198 3859 3498 3922 ἀντιθέσεις
3543 3857 3653 3911 τῶν
3681 3857 3875 3925 λογίων

2291 3955 2733 4027 χωρήσωμεν.Τὸ
2749 3955 3078 4024 Εὑαγγέλιον
3106 3952 3562 4028 παραδεχόμενοι,
3593 3951 3683 4005 τδν
3711 3952 3878 4021 νόμον

2291 4040 2351 4092 οὐ
2389 4037 2812 4112 παραδέχονται·
2854 4042 2974 4096 οὐδὲ
3015 4042 3125 4114 γὰρ
3152 4042 3272 4095 οὐδὲ
3309 4040 3600 4113 ὁλόκληρον
3626 4041 3688 4093 τδ
3722 4042 3882 4108 ἅγιον

2290 4129 2618 4200 Εὑαγγέλιον
2661 4131 3089 4203 παραδέχονταιο
3134 4131 3167 4201 ἢ
3202 4131 3312 4203 γὰρ
3344 4129 3410 4184 ἂν
3447 4131 3544 4183 καὶ
3583 4129 3675 4182 τὸν
3711 4129 3884 4199 νόμον

2291 4223 2612 4294 ἐλάμϐανον,
2642 4225 2690 4278 εί
2715 4225 2905 4296 ὁλόκλη
2916 4242 3004 4296 ρον
3032 4225 3093 4277 τὸ
3125 4223 3448 4292 Εὑαγγέλιον
3478 4221 3750 4292 ἐδέχοντοο
3779 4220 3882 4273 νῦν.

2289 4315 2345 4368 δὲ
2379 4314 2591 4384 πρῶτον
2622 4317 2683 4371 τὸ
2705 4317 3035 4386 Εὐαγγέλιον
3084 4314 3524 4386 καπηλεύσαντες
3563 4313 3697 4382 (53),
3734 4313 3877 4365 εἰκόο

2289 4422 2397 4469 τως
2423 4406 2513 4460 τὸν
2541 4407 2703 4477 νόμον
2732 4409 2793 4461 οὐ
2833 4407 3243 4482 παραδέχονται.
3291 4407 3631 4476 Ἐλέγχονται
3665 4400 3758 4457 οὖν
3787 4405 3876 4458 6ιὰ

2290 4498 2351 4551 τὸ
2388 4499 2802 4572 λελῃστευκέναι
2851 4501 2912 4554 τὸ
2950 4499 3298 4568 Εὑαγγέλιον.
3332 4500 3396 4552 Εἰ
3439 4499 3496 4551 δὲ
3534 4499 3596 4551 τὸ
3624 4497 3877 4564 Εὑαγγέο

2291 4588 2402 4642 λιον
2436 4593 2722 4662 μαρτυρεῖ,
2763 4592 2856 4644 καὶ
2897 4593 2958 4644 οὐ
2994 4591 3197 4663 τιμῶσι
3235 4591 3323 4644 τὸν
3355 4591 3536 4660 νόμον,
3562 4590 3876 4660 ἡτιμάκασι

3767 4680 3840 4692 ..κ

610 4699 758 4748 rare,
794 4685 888 4740 sed
912 4686 1093 4755 potius
1128 4701 1234 4740 non
1269 4688 1492 4742 credere
1529 4691 1750 4743 testanti
1786 4707 1800 4744 ι
1828 4705 1894 4744 ac
1935 4691 1980 4746 si
2013 4705 2182 4745 unum

2292 4682 2383 4754 τὴν
2415 4683 2744 4754 μαρτυρίανσ
2774 4683 2957 4737 οὐκέτι
2987 4683 3094 4756 γὰρ
3123 4684 3155 4754 ἡ
3187 4683 3376 4753 ἀτιμία
3413 4680 3505 4735 τοῦ
3535 4683 3727 4751 νόμου,

609 4781 831 4852 quidem
867 4780 1220 4854 Evangelium
1256 4792 1570 4849 testaretur,
1607 4787 1756 4842 aliud
1788 4803 1917 4843 vero
1956 4796 2182 4854 taceret,

610 4879 668 4926 et
713 4873 877 4928 unius
916 4880 1125 4927 tantum
1161 4873 1510 4930 dedccoratio
1552 4887 1730 4945 esset;
1780 4893 1890 4934 non
1943 4888 2186 4936 tacerent

611 4961 720 5018 alia
754 4963 1062 5034 Evangelia,
1088 4981 1208 5036 qua:
1238 4965 1711 5023 dedccorationem
1739 4968 1901 5026 unius
1931 4986 2183 5026 commu-

613 5071 738 5111 nem
770 5055 1058 5112 ducerent.

2287 4777 2320 4845 ἡ
2375 4776 2600 4830 ἀπιστία
2653 4776 2747 4829 τοῦ
2799 4777 3226 4850 μαρτυροῦντοςο
3275 4777 3366 4830 καὶ
3417 4777 3467 4828 εί
3510 4776 3608 4845 μὲν
3659 4774 3720 4827 ἓν
3764 4774 3879 4826 τῶν

2288 4869 2638 4937 Εὑαγγελίων
2671 4867 2988 4941 ἐμαρτύρει,
3021 4868 3208 4940 ἓτερον
3239 4868 3297 4921 δὲ
3342 4865 3572 4941 ἐσιώπα,
3615 4865 3712 4918 καὶ
3751 4864 3875 4918 ita?

2289 4963 2408 5026 ἐνὸς
2443 4965 2603 5034 μόνον
2645 4964 2892 5032 ἐγίγνετο
2937 4965 2970 5034 ὴ
3015 4963 3236 5033 ἀτιμίαο
3290 4962 3391 5014 οὐκ
3443 4960 3510 5013 ἂν
3550 4958 3765 5012 ἐσιώπα
3807 4956 3880 5012 τὰ

2287 5056 2421 5110 ἄλλα
2450 5057 2775 5126 Εὐαγγέλια,
2807 5056 2990 5125 κοινὴν
3038 5057 3257 5126 ἀτιμίαν
3299 5055 3397 5124 τὴν
3437 5052 3532 5106 τοῦ
3585 5053 3706 5116 ἐνὸς
3753 5053 3874 5104 ἀτι-

2291 5149 2419 5220 μίαν
2449 5149 2584 5222 ὴγού
2594 5165 2751 5219 μενα.

688 5321 732 5354 ⁸⁷
767 5319 903 5378 Luc.
943 5338 1060 5387 xvi,
1089 5321 1269 5378 28-31.
1349 5324 1392 5355 ⁸⁸
1430 5287 1619 5380 Matth.
1657 5341 1711 5389 v,
1750 5325 1836 5379 i7.
1915 5325 1958 5356 ¹⁹
1999 5323 2186 5378 Matth.

2303 5341 2347 5388 ι,
2386 5325 2494 5390 i3;
2529 5324 2696 5378 Marc.
2736 5340 2826 5387 ιι,
2865 5324 2926 5376 l7
2959 5341 2972 5389 ;
3011 5322 3142 5377 Luc.
3181 5339 3295 5386 nx,
3331 5319 3420 5376 46.

742 5499 796 5568 2)
840 5497 962 5554 Τῶν
985 5514 1162 5572 apage.
1188 5499 1364 5572 Verba
1395 5501 1591 5557 desunt
1621 5501 1828 5572 aliquot
1859 5502 1912 5556 in
1940 5501 2180 5567 Graecis;

618 5570 960 5642 sed‘sensum
989 5571 1229 5642 implevit
1255 5570 1559 5628 Turrianus
1590 5570 1813 5642 optime.
1843 5573 2004 5626 Basa'.

691 5640 803 5712 (53)
843 5640 1076 5712 Κᾳξτηλέ
1103 5641 1181 5695 illi
1209 5653 1589 5712 cauponantur
1618 5640 1989 5712 Evangelium,
2015 5641 2107 5712 qui
2132 5644 2183 5696 in

617 5710 856 5768 tabulam
899 5709 1030 5764 illud
1065 5709 1392 5776 vertuntfet
1438 5714 1676 5784 cogitata
1717 5709 1814 5769 su'a
1848 5728 1971 5767 cum
2006 5709 2177 5785 gratia

2290 5501 2542 5556 miscent.
2575 5498 2667 5554 Sic
2701 5499 2972 5557 Theodor.
3018 5500 3061 5556 ll
3103 5501 3231 5557 Cor.
3265 5518 3322 5563 ιι,
3356 5501 3443 5566 17,
3474 5502 3874 5568 interpretatur

2289 5572 2856 5642 cauponariverbum.
2892 5572 3062 5628 Tuan.
3088 5603 3157 5613 —
3190 5571 3245 5624 In
3273 5571 3461 5625 Graeco
3483 5571 3875 5642 καπηλεΰσαν»

2293 5659 2404 5705 τες,
2441 5658 2544 5697 vox
2570 5641 2802 5697 deducta
2841 5657 2868 5694 a
2905 5643 3304 5698 mercatoribus
3337 5642 3426 5710 qui
3459 5641 3673 5699 merces
3707 5642 3870 5699 adn!-

2289 5720 2466 5767 teraut
2499 5720 2550 5767 et.
2585 5718 2940 5782 prostituuut.
2975 5712 3188 5770 Pollux.
3220 5713 3496 5768 Ouomast.
3532 5711 3614 5766 In.
