4116 6332
252 325 399 381 1217

1268 322 1635 380 ADVERSUS
1673 322 2092 379 MANICILEOS
2130 324 2256 380 LIB.
2296 324 2383 382 ιιι.

3349 320 3495 385 13ίε

1095 438 1219 494 (ΞΜ).
1255 438 1344 494 ιν.
1372 439 1481 495 Lex
1505 451 1554 495 et
1580 442 1922 513 Evangelium
1944 440 2007 495 de
2043 441 2253 496 Christo
2298 440 2647 495 consentiunt.

324 560 389 613 El
445 558 501 611 δὲ
552 556 774 627 Μάρκος
826 556 999 624 λέγει·
1065 556 1233 626 Ἀρχὴ
1289 557 1396 613 τοῦ
1456 560 1821 629 Εὑαγτελίου

1993 558 2052 613 Si
2086 573 2217 613 vero
2254 556 2471 612 Marcus
2517 556 2632 609 ait:
2666 553 2995 622 Principium
3052 554 3323 627 Evangelii
3358 559 3488 615 Jesu

265 648 461 717 Ἰησοῦ
492 646 768 715 Χριστοῦ,
808 645 1002 711 καθὼς
1038 646 1356 715 γέγραπται
1403 647 1475 701 ἐν
1508 648 1710 715 Ἡσαΐᾳ
1747 647 1827 713 τῷ

250 737 561 808 προφήτῃ·
603 738 632 788 6
680 738 737 790 δὲ
791 737 1097 800 Ματθαῖος’
1138 740 1354 805 Βίϐλος
1392 739 1681 809 γενέσεως
1720 740 1825 807 Ἰη-

250 833 370 885 σοῦ
416 831 695 900 Χριστοῦ,
743 830 876 885 υἱοῦ
926 831 1119 896 Δαὸὶδ,
1158 832 1292 887 υἱοῦ
1329 833 1601 903 Ἁϐραάμο
1659 835 1753 887 καὶ
1798 837 1827 888 6

255 926 354 995 μὲν
391 922 708 995 προπάτορα
734 922 831 993 τῆς
856 922 993 976 κατὰ
1037 923 1214 991 σάρκα
1258 925 1559 995 γεννήσεως
1587 920 1694 979 οἶδε
1735 926 1825 979 τὸν

268 1012 539 1083 Ἀϐραὰμ,
574 1013 666 1064 καὶ
714 1014 849 1083 τιμᾷ
901 1012 989 1064 τὸν
1037 1012 1231 1065 Δαϐίὸ’
1280 1015 1309 1067 6
1359 1013 1416 1066 δὲ
1467 1014 1721 1067 συνάπτει
1766 1016 1827 1069 τὸ

253 1104 583 1173 Εὑαγγέλιον
607 1102 686 1174 τῷ
708 1104 854 1174 νόμῳ
873 1120 889 1133 ο
923 1105 1016 1157 καὶ
1053 1104 1145 1157 τοῦ
1175 1105 1503 1173 Εὑαγγελίου
1536 1106 1707 1176 ἀρχὴν
1736 1108 1826 1159 τὸν

256 1195 420 1266 νόμον
444 1196 695 1266 νενόηκεν
717 1212 729 1225 ο
769 1194 1018 1265 ἀληθεύει
1050 1197 1077 1247 6
1110 1195 1299 1267 Σωτὴρ
1336 1196 1505 1264 λέγων
1528 1214 1540 1225 ·
1582 1198 1640 1249 '0
1669 1194 1824 1266 ὑμᾶς

255 1289 481 1346 ἀθετῶν
515 1288 619 1358 ἐμὲ
662 1287 889 1343 ἀθετεῖο
931 1288 1110 1340 οὐκέτι
1156 1287 1263 1356 γὰρ
1315 1289 1473 1359 μέχρι
1520 1288 1610 1341 τοῦ
1659 1290 1822 1359 νόμου

260 1382 467 1434 ἵσταται
498 1383 530 1451 ὴ
562 1380 772 1450 ἀτιμία,
814 1378 927 1433 ἀλλ’
968 1380 1053 1431 ἐπ’
1084 1380 1247 1433 αὑτὸν
1278 1379 1552 1432 ἀναϐαίνει
1600 1380 1689 1433 τὸν
1714 1383 1825 1434 Σω-

254 1473 417 1543 τῆρα.
451 1472 559 1525 Καὶ
586 1473 635 1524 οἱ
672 1472 769 1542 μὲν
783 1470 1020 1523 Ἰουδαῖοι
1067 1470 1427 1525 ἀκουέτωσαν’
1458 1474 1526 1524 Et
1566 1471 1823 1538 Μωσέως

257 1567 526 1633 ἠκούετε,
553 1566 801 1632 ἠκούετε
827 1563 903 1617 ἂν
925 1563 1069 1633 ἐμοῦ
1086 1579 1099 1592 ·
1131 1564 1262 1631 περὶ
1293 1563 1400 1632 γὰρ
1426 1563 1573 1632 ἐμοῦ
1596 1564 1824 1630 ἐκεῖνος

254 1656 517 1725 ἔγραψεν
536 1672 550 1687 ·
584 1656 633 1708 οἱ
659 1655 715 1708 δὲ
748 1656 1032 1724 Μανιχαῖοι
1058 1655 1397 1708 ἀκουέτωσαν
1418 1672 1431 1685 ⁸
1477 1658 1547 1709 Εί
1577 1656 1682 1709 τοῦ
1706 1657 1822 1709 Εὑ-

252 1749 537 1820 αγγελίου
567 1748 832 1816 ἠκούετε,
867 1747 973 1800 τοῦ
1005 1748 1190 1816 νόμου
1230 1748 1503 1814 ἠκούετε-ο
1555 1747 1688 1815 περὶ
1714 1750 1823 1817 γὰρ

253 1841 363 1895 τοῦ
392 1841 578 1910 νόμου
605 1840 671 1893 τὸ
700 1838 1065 1908 Εὑαγγέλιον
1098 1837 1503 1909 γεγράφηκεν·
1536 1840 1650 1892 ἀλλ’
1696 1841 1823 1893 Ἰου-

1927 648 2145 714 Christi,
2170 649 2304 701 sicut
2333 648 2588 715 scriptum
2616 655 2692 698 est
2725 647 2778 699 in
2802 643 2953 698 Isaia
2982 645 3282 713 propheta“
3306 664 3322 712 ;
3355 648 3490 703 Mai.

1926 740 2098 795 timus
2126 748 2304 794 autem
2346 758 2359 793 :
2404 738 2559 792 Liber
2584 737 2933 808 generationis
2969 734 3097 790 Jesu
3123 736 3343 805 Christi,
3387 739 3490 806 ﬁlii

1925 830 2116 894 David,
2158 831 2258 900 ﬁlii
2311 830 2742 897 Abraham";et
2771 830 2858 884 hic
2914 830 3131 900 quidem
3177 834 3493 902 progenito-

1926 939 2037 977 rem
2066 922 2195 978 Jesu
2223 924 2520 979 secundum
2557 939 2778 978 carnem
2816 924 2921 980 scit
2951 939 3074 980 esse
3105 924 3402 989 Abraham,
3435 935 3487 980 et

1925 1014 2093 1068 David
2144 1014 2405 1080 honorat;
2461 1016 2744 1085 conjungit
2792 1014 3143 1085 Evangelium
3174 1031 3299 1070 cum
3348 1017 3484 1085 lege,

1923 1117 1977 1161 et
2006 1107 2177 1176 legem
2201 1108 2452 1176 cognovit
2476 1122 2599 1162 esse
2637 1108 2965 1176 principium
2999 1109 3311 1179 Evangelii;
3349 1108 3487 1164 fate-

1926 1206 2015 1251 tur
2040 1214 2222 1251 verum
2253 1197 2527 1261 Salvator,
2565 1215 2687 1253 cum
2719 1200 2795 1253 ait
2830 1218 2844 1254 :
2872 1200 2977 1266 Qui
2996 1217 3084 1254 vos
3138 1203 3356 1270 spernit,
3406 1218 3487 1256 me

1924 1292 2190 1357 spernit”,
2223 1306 2328 1343 non
2359 1290 2500 1342 enim
2550 1305 2724 1359 usque
2775 1290 2828 1343 in
2869 1290 3038 1360 legem
3098 1293 3278 1345 evadit
3322 1292 3488 1348 dede-

1924 1399 2043 1443 cus,
2077 1390 2130 1436 et
2160 1383 2231 1438 ibi
2267 1384 2487 1447 residet,
2514 1382 2607 1437 sed
2641 1384 2695 1437 in
2718 1384 2895 1453 ipsum
2915 1382 3253 1439 Salvatorem
3284 1385 3487 1439 redun-

1924 1472 2036 1526 dat.
2067 1473 2146 1526 Ac
2183 1471 2355 1527 Judaei
2409 1474 2626 1543 quidem
2674 1473 2898 1526 audiant
2932 1492 2944 1527 :
2982 1472 3042 1527 Si
3065 1472 3302 1544 Moysen:
3331 1474 3487 1531 audi-

1923 1565 2069 1624 retis.
2105 1564 2359 1617 audiretis
2390 1566 2563 1633 utique
2593 1579 2702 1626 me;
2724 1563 2787 1618 de
2819 1581 2898 1617 me
2929 1565 3067 1618 enim
3089 1567 3297 1633 scripsit
3323 1566 3482 1619 ille”.

1923 1656 2206 1710 Manichazi
2265 1669 2386 1710 vero
2434 1657 2654 1709 audiant
2685 1674 2699 1709 :
2725 1655 2784 1710 Si
2829 1654 3169 1725 Evangelium
3206 1656 3481 1721 audiretis,

1922 1755 1970 1798 et
2004 1744 2163 1814 legem
2194 1743 2484 1807 audiretis;
2514 1743 2576 1797 de
2597 1745 2703 1814 lege
2724 1744 2860 1798 enim
2883 1746 3091 1813 scripsit
3117 1744 3481 1817 Evangelium.

1928 1833 2321 1892 VerumJudaai
2366 1835 2584 1907 quidem
2626 1836 2744 1890 velo
2787 1838 2961 1891 oculis
3004 1838 3267 1904 adhibito,
3307 1854 3484 1909 neque

252 1927 391 1980 δαίοι
428 1905 543 1997 μέν,
572 1905 1240 1997 κάλυμμα-λαμϐάνοντες
1271 1905 1389 1979 οὐδὲ
1412 1927 1503 1981 τὸν
1534 1929 1696 2000 νόμον
1734 1946 1821 1983 νε-

1924 1929 2093 1999 legem
2121 1928 2525 1992 intellexerunt,
2557 1943 2731 1999 neque
2758 1929 3073 1985 nuntiatum
3121 1940 3480 2001 agnoverunt.

254 2018 534 2089 νοήκασιν,
570 2017 689 2071 οὐδὲ
733 2017 821 2071 τὸν
873 2017 1367 2090 καταγγελλόμενον
1397 2019 1739 2088 ἐπέγνωσαν·
1772 2022 1819 2074 οί

254 2108 313 2162 δὲ
345 2108 657 2180 αἱρεσιῶται
681 2108 987 2179 ὀφθαλμοὺς
1014 2109 1224 2181 ἔχουσιν
1268 2112 1328 2164 οὺ
1365 2110 1676 2181 βλέποντας,
1709 2106 1822 2166 ὦτα

255 2201 469 2269 ἔχουσιν
498 2202 598 2254 οὐκ
628 2200 888 2254 ἀκούοντα
910 2218 925 2232 ⁸
960 2200 1048 2255 διὰ
1087 2203 1149 2255 τὸ
1188 2202 1262 2273 μὴ
1302 2203 1619 2274 παρακύψαι
1650 2205 1727 2269 είς
1755 2205 1823 2259 τὰ

254 2292 581 2360 Εὑαγγέλια,
628 2293 705 2363 τῷ
753 2293 902 2364 νόμῳ
947 2294 1315 2364 ἐμαχέσαντο·
1361 2295 1466 2349 ἰδοὺ
1494 2295 1602 2367 γὰρ
1642 2298 1671 2349 6
1724 2296 1822 2367 μὲν

268 2382 519 2453 Ἰωάννης
556 2382 685 2456 βοᾷ’
734 2385 990 2454 Ἐγένετο
1030 2384 1337 2453 ἅνθρωπος
1368 2387 1821 2457 ἀπεσταλμένος

256 2475 417 2541 παρὰ
450 2475 617 2541 Θεοῦ,
658 2475 844 2546 ὄνομα
869 2476 1029 2543 αὑτῷ
1066 2477 1362 2546 Ἰωάννης·
1414 2476 1591 2547 οὗτος
1637 2477 1824 2550 ἦλθεν

254 2569 344 2632 εὶς
384 2568 732 2636 μαρτυρίαν,
764 2586 862 2623 ινα
887 2570 1242 2640 μαρτυρήσῃ
1283 2572 1415 2641 περὶ
1458 2572 1564 2626 τοῦ
1608 2575 1819 2641 φωτός.

256 2657 379 2713 Οἵδε
399 2660 490 2712 τὸν
521 2661 790 2733 μάρτυρα,
824 2663 918 2715 καὶ
945 2659 1052 2716 οἶδε
1094 2664 1185 2716 τὸν
1217 2664 1654 2737 μαρτυρούμενον
1674 2682 1690 2699 ο
1728 2666 1822 2718 καὶ

253 2753 348 2806 τὸν
380 2753 627 2825 μάρτυρα
666 2753 1003 2825 προγράφει·
1041 2755 1103 2807 '0
1148 2757 1329 2823 νόμος
1374 2755 1473 2808 καὶ
1509 2758 1563 2809 οι
1599 2755 1823 2825 προφῆ-

253 2857 350 2897 ται
367 2844 578 2913 μέχρις
612 2843 898 2899 Ἰωάννου.
938 2842 1144 2898 Οὐκοῦν
1176 2846 1204 2897 6
1240 2847 1488 2917 Ἰωάννης
1534 2848 1817 2917 μαρτυρεῖ,

252 2936 351 2991 καὶ
380 2940 408 2989 6
441 2938 603 3006 νόμος
633 2937 865 3008 μάρτυρ,
899 2937 993 2990 καὶ
1030 2940 1380 3008 μαρτυρεῖται
1409 2938 1437 2989 6
1463 2938 1643 3008 νόμος.

329 3030 468 3099 Ὅρα
502 3028 684 3099 ἡλίκον
713 3029 969 3099 ἀτόπημα
997 3030 1031 3099 ἡ
1075 3028 1203 3099 περὶ¹
1237 3029 1334 3093 τὰς
1366 3029 1665 3100 μαρτυρίας
1692 3030 1820 3083 ἀπι-

254 3120 376 3175 στία
406 3119 631 3190 νομίζει.
663 3120 771 3173 Καὶ
794 3120 1017 3174 τοιαῦτα
1042 3121 1244 3174 τούτων
1267 3120 1673 3192 φθεγξαμένων,
1703 3120 1821 3173 οὐδὲ

1924 2019 2174 2074 Haeretici
2212 2034 2340 2073 vero
2371 2022 2561 2076 oculos
2596 2021 2798 2076 habent
2839 2037 3035 2090 caecos,
3071 2033 3125 2079 et
3169 2038 3330 2080 aures
3361 2039 3484 2081 sur-

1922 2112 2021 2168 das
2052 2131 2064 2165 :
2103 2113 2229 2183 quia
2257 2128 2366 2168 non
2396 2115 2782 2184 introspiciunt
2814 2116 2867 2170 in
2896 2115 3274 2187 Evangelium,
3310 2119 3483 2189 legem

1922 2214 2391 2275 Oppuguaverunt.
2428 2204 2667 2269 Joannes
2701 2208 2845 2262 enim
2881 2208 3082 2262 clamat
3112 2227 3125 2263 :
3159 2206 3286 2262 Fuit
3330 2209 3484 2262 homo

1921 2296 2116 2350 missus
2148 2312 2181 2350 a
2216 2295 2345 2362 Deo,
2377 2299 2463 2351 cui
2484 2314 2669 2352 nomen
2695 2297 3057 2354 erat'Joannes
3091 2316 3110 2353 :
3130 2300 3226 2373 .hic
3264 2301 3399 2355 venit
3430 2304 3487 2356 in

1924 2391 2295 2458 testimonium,
2324 2400 2381 2444 ut
2411 2394 2767 2447 testimonium
2797 2392 3085 2463 perhiberet
3106 2391 3171 2447 de
3217 2392 3480 2446 lumine“.

1921 2482 2188 2554 Cognovit
2246 2490 2463 2550 testem,
2509 2491 2563 2540 et
2617 2484 2873 2555 cognovit
2914 2485 2983 2539 de
3018 2499 3127 2555 quo
3173 2491 3293 2539 erat
3334 2485 3487 2539 testi-

1920 2574 2188 2640 monium,
2213 2582 2267 2630 et
2293 2584 2486 2632 testem
2510 2576 2811 2647 praescribit
2846 2576 3095 2647 inquiens
3129 2595 3145 2631 :
3174 2574 3285 2629 Lex
3301 2588 3349 2629 et
3362 2592 3489 2645 pro-

1918 2665 2084 2735 phetw
2108 2683 2269 2737 usque
2298 2667 2367 2721 ad
2390 2666 2720 2724 Joannem".
2750 2666 2987 2724 Joannes
3020 2669 3184 2740 igitur
3215 2676 3445 2725 testatur
3465 2707 3484 2735 ,

1918 2763 1973 2812 et
2002 2757 2088 2813 lex
2126 2760 2282 2815 testis
2316 2769 2436 2825 est,
2471 2768 2525 2815 et
2551 2762 2922 2817 testimonium
2945 2762 3048 2833 legi
3071 2761 3413 2833 perhibetur.

1998 3026 2155 3093 Vide,
2185 3041 2297 3082 non
2326 3026 2548 3082 credere
2576 3026 2933 3090 testimoniis,
2961 3033 3224 3098 quantum
3258 3027 3483 3083 absurdi

1920 3120 2129 3176 afferat.
2164 3118 2341 3189 Atque
2375 3120 2426 3173 hi
2461 3119 2678 3190 quidem
2705 3134 2826 3173 cum
2853 3118 2983 3172 talia
3018 3118 3277 3183 dixerint,
3308 3134 3484 3189 neque

249 3216 280 3266 6
307 3212 523 3275 Λουκᾶς
557 3214 763 3282 σιωπᾷο
792 3213 925 3283 φησὶ
970 3212 1079 3284 γὰρ
1123 3214 1222 3283 τὴν
1270 3213 1435 3284 αὐτὴν
1478 3213 1658 3285 φωνὴν
1687 3213 1818 3284 (54),

1922 3212 2098 3268 Lucas
2136 3212 2291 3279 silet;
2334 3211 2525 3266 eadem
2573 3211 2719 3267 enim
2753 3224 2887 3265 voce
2925 3225 3057 3266 usus
3106 3216 3213 3275 est,
3257 3215 3310 3264 et
3360 3212 3483 3264 aliis

252 3303 347 3355 καὶ
373 3300 582 3373 συνῳδὰ
608 3305 718 3366 τοῖς
747 3302 923 3367 ἄλλοις
952 3303 1264 3373 φθέγγεται,
1296 3307 1389 3358 καὶ
1414 3305 1698 3375 διηγεῖται,
1737 3306 1819 3358 ὅτι

251 3394 376 3464 ἄρτι
409 3392 505 3464 μὲν
530 3394 558 3446 6
585 3393 821 3465 Γαϐριὴλ
846 3399 913 3466 τῇ
947 3396 1135 3467 Μαρίᾳ
1168 3396 1353 3466 φανεὶς
1393 3395 1542 3465 ἠφίει
1575 3397 1820 3469 οὐράνιον

252 3484 567 3557 ἀσπασμὸν,
594 3485 763 3555 λέγων
784 3503 796 3516 ·
831 3487 1022 3555 Xaipe,
1058 3488 1510 3557 κεχαριτωμένη,
1542 3491 1576 3542 ὁ
1610 3491 1821 3557 Κύριος

248 3575 400 3645 μετὰ
423 3577 537 3631 σοῦ
556 3592 571 3606 ⁸
606 3578 685 3645 ὡς
716 3578 783 3630 δὲ
819 3578 1017 3645 ἐκείνη
1057 3579 1153 3631 ἐπὶ
1186 3579 1266 3645 τῷ
1290 3580 1447 3649 λόγῳ
1478 3579 1821 3647 ἐταράττετο

253 3669 353 3723 καί
379 3668 727 3740 διελογίζετο
757 3670 827 3723 ἐν
874 3670 1059 3740 ἑαυτῇ
1108 3674 1394 3741 λέγουσα,
1429 3672 1695 3739 ποταπὸς
1726 3674 1819 3741 εἴη

252 3764 288 3813 ό
324 3760 646 3830 ἀσπασμὸς
680 3757 887 3827 οὗτος·
922 3762 1125 3832 ἔλεγεν
1159 3763 1253 3831 Μὴ
1302 3763 1507 3831 φοϐοῦ,
1546 3765 1814 3833 Μαριάμ·

250 3846 425 3919 εὗρες
467 3852 576 3922 γὰρ
619 3852 796 3923 χάριν
840 3854 1093 3909 ἐνώπιον
1148 3855 1253 3909 τοῦ
1312 3856 1491 3911 Θεοῦ⁶
1548 3857 1646 3910 καὶ
1692 3857 1820 3912 ίδοὺ

252 3941 553 4011 συλλήψῃ
587 3944 656 3997 ἐν
684 3944 916 4013 γαστρὶ,
972 3944 1071 3997 καὶ
1114 3944 1255 4014 τέξῃ
1290 3944 1455 4011 υἱὸν,
1499 3946 1598 3999 καὶ
1648 3946 1823 4001 καλέ-

251 4050 384 4099 σεις
406 4035 471 4087 τὸ
504 4034 691 4103 ὄνομα
722 4036 907 4090 αὑτοῦ
934 4037 1186 4104 Ἰησοῦν.
1210 4033 1395 4103 Οὗτος
1421 4038 1588 4092 ἔσται
1614 4039 1818 4110 μέγας,

251 4128 352 4181 καὶ
390 4128 519 4193 Υίὸς
558 4128 839 4196 Ὑψίστου
872 4126 1264 4197 κληθήσεται·
1308 4130 1404 4183 καὶ
1442 4130 1618 4184 δώσει
1662 4131 1820 4197 αὐτῷ

250 4221 466 4287 Κύριος
488 4217 596 4272 τὸν
626 4220 840 4286 θρόνον
871 4220 1049 4272 Δαϐὶδ
1074 4220 1182 4274 τοῦ
1220 4222 1440 4288 πατρὸς
1476 4220 1692 4275 αὑτοῦ⁹
1723 4223 1821 4275 καὶ

247 4306 609 4373 βασιλεύσει
639 4311 725 4376 εὶς
752 4310 896 4376 τοὺς
942 4311 1187 4378 αἰῶνας·
1241 4313 1339 4365 καὶ
1367 4311 1474 4379 τῆς
1503 4313 1823 4379 βασιλείας

249 4400 437 4454 αὐτοῦ
486 4404 595 4455 οὐκ
634 4401 805 4455 ἔσται
858 4402 1051 4469 τέλος.
1096 4403 1206 4456 Καὶ
1249 4406 1475 4473 τιμᾶται
1512 4404 1694 4469 Δαὸὶδ,
1732 4407 1824 4458 καὶ

250 4492 432 4564 πατὴρ
463 4494 801 4564 ὁμολογεῖται
837 4496 1106 4567 Σωτῆρος.
1155 4496 1249 4549 καὶ
1295 4498 1443 4567 μένει
1475 4500 1506 4568 ή
1538 4498 1697 4570 ἀρχὴ,
1730 4500 1824 4551 καὶ

1919 3306 2266 3377 evangelistis
2296 3318 2540 3360 consona
2580 3304 2822 3374 loquitur
2848 3310 3165 3375 narratque,
3197 3302 3342 3372 quod
3378 3301 3485 3356 Ga-

1918 3400 2054 3455 briel
2096 3397 2313 3471 quidem
2345 3398 2596 3469 apparuit
2622 3396 2824 3461 Mariaz,
2859 3406 2914 3452 et
2959 3397 3234 3451 cmlestem
3279 3396 3486 3450 saluta-

1918 3492 2119 3546 tionem
2142 3491 2192 3546 ei
2227 3490 2432 3553 attulit,
2461 3489 2714 3560 inquiens
2743 3508 2756 3542 :
2785 3490 2908 3553 Ave,
2946 3489 3122 3559 gratia
3151 3488 3326 3557 plena,
3382 3486 3489 3539 Do-

1918 3585 2090 3637 minus
2120 3590 2306 3637 tecum.
2349 3579 2481 3646 Qum
2511 3597 2626 3635 cum
2657 3580 2913 3645 audisset,
2947 3579 3162 3633 turbata
3186 3588 3263 3632 est
3286 3580 3338 3631 in
3369 3595 3481 3632 ser-

1920 3690 2072 3728 mone
2101 3673 2237 3742 ejus,
2287 3682 2336 3726 et
2364 3672 2650 3742 cogitabat,
2692 3672 2865 3741 qualis
2900 3680 3033 3724 esset
3061 3672 3165 3724 ista
3202 3670 3479 3723 salutatio.

1922 3765 1990 3818 Et
2017 3766 2091 3818 ait
2124 3763 2337 3834 angelus
2358 3766 2405 3817 ei
2428 3780 2446 3817 :
2472 3762 2554 3817 Ne
2603 3764 2808 3827 timeas,
2867 3761 3064 3823 Maria,
3089 3762 3327 3815 invenisti
3346 3762 3482 3815 enim

1920 3855 2149 3925 gratiam
2177 3854 2313 3920 apud
2340 3852 2504 3907 Deum
2536 3869 2554 3906 :
2580 3868 2693 3906 ecce
2720 3852 2976 3916 concipies
3013 3852 3068 3905 in
3086 3860 3257 3913 utero,
3306 3860 3355 3903 et
3384 3867 3478 3918 pa-

1920 3948 2022 4001 ries
2044 3946 2237 4016 ﬁlium,
2274 3954 2322 3999 et
2361 3944 2567 3999 vocabis
2613 3960 2798 3998 nomen
2837 3944 2949 4011 ejus
2999 3940 3205 3995 Iesum.
3235 3941 3337 3994 llic
3382 3943 3483 3994 erit

1923 4054 2164 4107 magnus,
2204 4045 2252 4089 et
2284 4033 2458 4089 Filius
2493 4034 2755 4087 Altissimi
2796 4033 3061 4087 vocabitur
3091 4050 3109 4086 :
3135 4040 3185 4085 et
3217 4030 3361 4084 dabit
3400 4031 3487 4084 illi

1922 4127 2180 4181 Dominus
2235 4125 2408 4179 sedem
2440 4124 2611 4177 David
2652 4126 2820 4193 patris
2854 4124 2967 4192 ejus
2998 4138 3016 4175 :
3045 4132 3095 4176 et
3142 4122 3378 4192 regnabit
3428 4122 3485 4174 in

1921 4220 2076 4273 domo
2096 4216 2260 4271 Iacob
2299 4218 2353 4270 in
2382 4226 2666 4270 ceternum:
2691 4225 2739 4269 et
2755 4216 2897 4286 regni
2924 4215 3036 4284 ejus
3055 4231 3157 4269 non
3172 4217 3268 4268 erit
3289 4215 3485 4285 ﬁnis“.

1922 4309 2232 4364 Honoratur
2263 4307 2455 4372 David,
2492 4315 2544 4362 et
2568 4316 2720 4378 pater
2750 4308 2869 4377 ejus
2898 4322 3021 4362 esse
3057 4306 3397 4365 conceditur,
3427 4313 3484 4358 et

1925 4409 2034 4457 stat
2090 4416 2153 4455 ac
2207 4398 2370 4454 durat
2411 4398 2751 4469 principatus
2804 4397 2945 4467 ejus,
2985 4396 3327 4465 traditurque
3378 4394 3486 4447 Do-

1924 4492 2096 4555 mino,
2120 4500 2174 4545 et
2225 4489 2386 4544 ﬁnem
2434 4505 2544 4543 non
2584 4489 2770 4553 habet,
2814 4488 2973 4556 cujus
3012 4488 3179 4557 gloria
3226 4496 3485 4555 perpetua

252 4585 604 4655 παραδίδοται
641 4586 717 4657 τῷ
751 4587 967 4657 Κυρίῳ,
1014 4588 1107 4641 καὶ
1150 4588 1301 4651 τέλος
1345 4589 1403 4641 οὐ
1452 4589 1682 4659 δέχεται,
1720 4591 1819 4660 τῆς

1922 4594 2024 4641 est.
2056 4586 2233 4653 Atque
2282 4582 2397 4637 haec
2446 4582 2664 4653 quidem
2701 4588 2829 4636 sunt
2870 4580 3135 4650 principia
3166 4578 3486 4648 Evangelia—

250 4678 425 4748 ἀρχῆς
462 4680 517 4731 ὲν
560 4677 637 4748 τῷ
678 4678 1014 4750 ἀτελευτήτῳ
1053 4680 1469 4750 σεμνυνομένης.
1505 4681 1615 4733 Καὶ
1647 4678 1817 4733 ταῦτα

254 4768 353 4839 μὲν
384 4770 437 4820 αἱ
470 4767 576 4821 τῶν
617 4769 959 4837 Εὐαγγελίων
1002 4771 1200 4842 ἀρχαί⁹
1244 4771 1348 4823 ἔδει
1383 4772 1490 4843 γὰρ
1529 4773 1677 4842 ἡμᾶς
1713 4773 1820 4825 ἀπὸ

248 4859 360 4912 τῶν
406 4858 585 4930 ἀρχῶν
629 4861 719 4913 τὸν
750 4861 904 4930 λόγον
938 4863 1156 4931 ὑφᾶναι,
1192 4863 1257 4916 ἵν’
1292 4862 1452 4928 οὕτω,
1481 4864 1707 4916 κατόπιν
1740 4880 1822 4926 τις

253 4950 481 5021 βαδίζων
509 4952 600 5004 τοῦ
633 4952 811 5020 λόγου,
846 4955 940 5007 καὶ
977 4956 1072 5026 τὴν
1102 4955 1421 5008 ἀκολουθίαν
1468 4955 1559 5008 καὶ
1595 4956 1692 5025 τὴν
1725 4956 1821 5027 ἁρ-

256 5048 445 5116 μονίαν
493 5046 599 5099 τῶν
652 5047 821 5115 λόγων
866 5051 1100 5119 κατανοῇ
1146 5048 1205 5113 ἐξ
1247 5048 1381 5101 ὅλων
1427 5049 1536 5101 τῶν
1575 5050 1822 5118 Εὐαγγέ-

252 5139 406 5195 λίων.

335 5232 551 5304 Ἐπειδὴ
581 5233 638 5286 δὲ
670 5234 761 5286 καλ⁵
801 5236 835 5304 ἡ
873 5234 1200 5305 ἀποστολικὴ
1232 5236 1474 5289 διακονία
1501 5236 1820 5308 χαρακτῆρα

256 5324 417 5390 σώζει
447 5326 826 5395 εὑαγγελικδν,
856 5328 949 5380 καὶ
980 5329 1008 5380 6
1041 5327 1250 5391 Παῦλος
1284 5324 1411 5395 οἶδε,
1447 5331 1539 5382 καὶ
1568 5330 1666 5399 τὴν
1702 5329 1819 5382 δια-

1918 4693 2038 4731 rum
2074 4696 2086 4730 :
2122 4676 2406 4747 Oportebat
2437 4675 2602 4741 enim,
2651 4681 2709 4727 ut
2738 4689 2805 4729 ex
2843 4673 3128 4743 principiis
3174 4685 3485 4726 sermonem

1919 4775 2247 4822 texeremus.
2276 4764 2408 4820 Post
2436 4779 2577 4834 quae,
2627 4762 2720 4833 qui
2759 4777 2899 4832 pone
2948 4760 3249 4832 gradiatur,
3288 4774 3484 4813 conse-

1923 4860 2193 4914 cutionem
2244 4866 2300 4911 et
2350 4863 2675 4911 concentum
2731 4868 3044 4919 sermonum
3099 4868 3165 4907 ex
3213 4851 3490 4906 universis

1924 4949 2233 5019 Evangeliis
2256 4948 2540 5019 intelligat.

1991 5238 2129 5305 Quia
2161 5254 2287 5293 vero
2325 5240 2488 5293 etiam
2527 5238 2758 5308 apostoli
2805 5236 3039 5291 ministri
3073 5233 3347 5304 Evangelii
3383 5240 3490 5302 sty-

1921 5331 2031 5385 lum
2074 5331 2443 5402 evangelicum
2484 5339 2724 5396 servant,
2770 5341 2823 5385 et
2866 5328 3067 5384 Paulus
3112 5342 3329 5397 quoque
3360 5339 3487 5379 eum

327 5481 373 5511 '°
412 5479 580 5536 Marc.
610 5496 662 5551 Vl.
697 5483 748 5534 l.
824 5484 867 5516 ²¹
909 5481 1097 5537 Matth.
1134 5499 1183 5547 ι,
1225 5483 1275 5536 1.
1349 5485 1393 5515 ⁸¹
1433 5482 1564 5539 Luc.
1602 5500 1669 5549 ι,
1712 5482 1793 5537 16.

1954 5483 2111 5540 Joan.
2150 5502 2203 5551 v,
2240 5485 2329 5540 46.
2406 5487 2453 5519 ’δ
2488 5485 2645 5540 Joan.
2682 5501 2733 5547 ι,
2766 5484 2818 5549 6,
2854 5485 2902 5537 7.
2979 5485 3024 5515 ’⁵
3063 5481 3196 5537 Luc.
3232 5496 3359 5545 xv1,
3395 5476 3491 5533 16.

258 5553 305 5583 ⁸⁸
344 5551 477 5605 Luc.
514 5568 564 5617 ι,
599 5550 787 5606 ~28-53.

328 5672 439 5740 (δι)
486 5673 603 5744 ζ’ὴν
627 5672 819 5741 αὐτὴν
839 5673 1065 5741 φωνήν.
1104 5671 1302 5729 Eadem
1331 5688 1479 5739 voce,
1512 5673 1682 5744 patris
1744 5673 1839 5728 scil

1922 5679 1971 5742 τι,
2029 5673 2159 5743 quia
2222 5669 2391 5727 David
2426 5678 2633 5740 patrem
2664 5666 2869 5723 Christi
2907 5664 3120 5720 vocavit
3174 5661 3317 5743 sicut
3350 5656 3491 5714 Mat-

261 5742 451 5797 thecas.
490 5742 661 5799 Tuan.
