4116 6332
618 308 758 366 ωε
1235 347 1248 357 .
1736 309 1872 366 τιτι
1908 306 2164 366 BOSTRE

2260 307 2336 363 llS
2373 305 2676 363 EPISCOP]
3731 306 3872 365 ιω

542 504 549 510 ἡ
614 429 791 493 novit,
825 437 877 482 et
908 427 1268 484 ministerium
1315 430 1632 500 passionum
1671 445 1900 485 suarum
1937 430 1992 485 in
2029 440 2164 500 parti

2283 429 2465 482 κονίαν
2491 425 2680 482 ἑαυτοῦ
2714 423 2822 478 τῶν
2850 424 3187 496 παθημάτων
3230 426 3288 478 ἐν
3329 424 3486 496 μέρει
3521 424 3876 493 Εὐαγτελῆι

565 531 568 534 ’
613 518 891 590 Evangelii
916 520 1138 576 metitur
1157 521 1235 588 '7;
1291 523 1368 575 ait
1397 522 1539 576 enim
1572 541 1584 576 :
1620 523 1915 578 Secundum
1953 521 2164 593 Evange

2287 524 2509 592 μετρεῖ·
2561 519 2696 591 φησι
2731 519 2860 590 γάρ’
2906 517 3066 572 Κατὰ
3109 516 3178 570 τὸ
3220 516 3590 587 Eiram-ator
3616 534 3742 586 μου
3772 515 3872 570 διὰ

613 611 745 666 lium
765 627 934 664 meum
960 626 1052 679 per
1082 610 1262 665 Iesum
1292 611 1635 679 Christum”,
1678 630 1780 670 nos
1822 631 1999 685 neque
2037 619 2187 686 prin-

609 709 756 779 cipia
785 708 1030 779 Apostoli
1079 713 1560 779 przetermittemus
1591 731 1604 766 :
1639 712 1771 782 quin
1820 713 1909 766 illa
1947 728 2186 768 comme-

609 815 888 855 moremus
921 809 978 860 ut
1005 816 1196 856 omnes
1216 800 1545 873 Scripturas,
1567 813 1620 858 et
1639 804 1900 875 principia
1934 804 2182 875 Scriptu-

607 905 794 944 rarum
848 900 1246 959 percurrentes,
1288 909 1392 947 una
1442 909 1631 947 eorum
1689 909 1821 950 voce
1861 895 2030 966 legem
2067 897 2183 952 dis-

609 996 923 1050 pensemus.
971 981 1233 1038 Scrihens
1267 985 1432 1053 igitur
1459 983 1701 1040 llebracis
1735 987 1814 1041 sic
1849 987 1925 1040 ait
1963 1006 1975 1041 :
2006 987 2186 1042 Multi-

608 1074 807 1142 fariam
843 1074 1120 1146 multisque
1156 1076 1326 1129 modis
1354 1076 1479 1129 olim
1527 1076 1664 1132 Deus
1703 1079 1914 1150 loquens
1939 1081 2179 1150 patribus

608 1164 662 1216 in
682 1163 966 1231 prophetis,
992 1167 1269 1220 nouissime
1297 1166 1484 1221 diebus
1524 1169 1642 1223 istis
1671 1170 1874 1224 locutus
1912 1180 1993 1226 est
2031 1173 2180 1226 nobis

608 1253 663 1305 in
693 1252 853 1315 Filio,
880 1271 1030 1324 quem
1071 1258 1342 1310 constituit
1381 1259 1634 1313 hwredem
1678 1262 2061 1326 universorum,
2091 1279 2182 1332 per

607 1361 756 1414 quem
789 1356 840 1400 et
860 1348 1056 1401 swcula
1088 1349 1278 1417 fecit”.
1315 1349 1429 1405 Hoc
1461 1352 1516 1404 in
1542 1354 1660 1407 loco
1689 1351 1902 1410 Patrem
1932 1354 2054 1409 Filii
2084 1371 2180 1410 co-

607 1439 814 1506 gnovit,
879 1451 932 1494 et
970 1440 1180 1496 Patrem
1221 1441 1340 1497 Filii
1379 1460 1739 1515 cognoscens,
1793 1463 1902 1502 non
1947 1451 2181 1518 partitur

607 1545 746 1592 rem,
777 1547 884 1586 non
922 1541 1063 1587 tacet
1094 1535 1160 1588 de
1189 1537 1450 1606 antiquis,
1496 1554 1602 1592 non
1633 1541 1857 1594 ascribit
1883 1540 2020 1596 alios
2061 1556 2184 1610 pro-

605 1621 819 1689 phetas,
872 1625 966 1680 sed
1021 1625 1185 1682 Deum
1241 1628 1650 1698 prephetarum,
1686 1639 1738 1684 et
1781 1629 1993 1684 Patrem
2029 1629 2175 1687 Filii.

2296 611 2496 680 Ἰησοῦ
2528 609 2818 679 Χριστοῦ·
2855 609 3016 679 ἡμεῖς
3048 607 3181 680 μηδὲ
3216 606 3314 672 τὰς
3357 609 3532 680 ἀρχὰς
3562 607 3659 663 τοῦ
3701 609 3872 664 Ἀπο-

2284 703 2469 757 στόλου
2507 701 2968 775 παραλείψομεν,
3021 700 3160 755 ἀλλὰ
3204 701 3470 756 κάκείνων
3509 704 3592 766 είς
3639 705 3869 774 μνήμην

2283 793 2521 866 ἔλθωμεν
2539 835 2554 859 ,
2601 795 2710 857 ἵνα,
2752 793 2930 857 πάσας
2969 792 3072 854 τὰς
3112 793 3336 866 Γραφὰς
3377 795 3472 848 καὶ
3514 795 3701 866 ἀρχὰς
3758 797 3866 849 τῶν

2281 886 2511 958 Γραφῶν
2535 885 2912 958 παρελθόντες,
2955 888 3022 958 τῇ
3057 888 3349 959 -ὁμοφωνίᾳ
3389 887 3488 941 τοῦ
3516 889 3694 959 νόμου
3724 891 3866 944 olito-

2280 978 2624 1047 νομήσωμεν.
2653 977 2882 1047 Γράφων
2926 976 3023 1047 μὲν
3070 979 3181 1040 τοῖς
3222 977 3509 1048 Ἐὅραίοις,
3554 977 3739 1042 οὕτως
3780 979 3864 1032 λέ-

2280 1083 2395 1135 γει·
2438 1067 2794 1137 Πολυμερῶς
2839 1069 2939 1123 καὶ
2980 1070 3371 1137 πολυτρόπως
3407 1068 3593 1122 πάλαι
3636 1074 3675 1125 ό
3721 1073 3862 1137 Θεὸς

2279 1158 2562 1225 λαλήσας
2597 1159 2720 1226 τοῖς
2753 1159 3048 1230 πατράσιν
3079 1159 3149 1212 ἐν
3187 1159 3314 1226 τοῖς
3359 1161 3722 1229 προφήταις,
3771 1163 3857 1214 ἐπ’
3923 1226 3928 1228 _

2278 1250 2551 1320 ἐσχάτων
2578 1252 2697 1305 τῶν
2735 1253 2968 1322 ἡμερῶν
3007 1255 3232 1306 τούτων
3268 1251 3573 1322 ἐλάλησεν
3607 1255 3765 1324 ἡμῖν
3795 1258 3858 1309 ἐν

2289 1341 2418 1406 Υιῷ,
2453 1341 2525 1396 ὃν
2555 1330 2730 1410 ἔθηκε
2761 1347 3136 1413 κληρονόμον
3184 1345 3443 1408 πάντων,
3504 1344 3583 1398 δι’
3634 1341 3716 1401 οὗ
3766 1347 3860 1398 καί

2278 1432 2527 1499 ἐποίησε
2554 1435 2693 1499 τοὺς
2724 1433 2942 1501 αἰῶνας
2961 1453 2974 1466 ·
3012 1435 3242 1490 ἐνταῦθα
3275 1436 3492 1507 Πατέρα
3516 1431 3660 1490 οἶδεν
3692 1437 3824 1490 Υἱοῦ
3843 1455 3856 1466 ·

2279 1531 2372 1582 καὶ
2409 1529 2626 1600 Πατέρα
2673 1531 3028 1601 ἐπιστάμενος
3080 1531 3117 1582 Υ
3123 1529 3224 1593 ίοῦ,
3252 1529 3312 1582 οὐ
3353 1529 3562 1601 μερίζει
3604 1529 3672 1582 τό
3722 1533 3859 1602 ττρί-

2277 1637 2412 1690 γμα,
2445 1620 2507 1672 οὐ
2538 1622 2718 1690 σιωπᾷ
2755 1622 2881 1692 περὶ
2915 1621 3023 1674 τῶν
3052 1621 3315 1685 παλαιῶν,
3345 1622 3403 1674 οὐ
3433 1623 3728 1692 προφήτας
3753 1624 3862 1675 ἐτέ-

603 1709 807 1768 Paulus
844 1729 948 1767 non
979 1715 1211 1784 partitus
1243 1725 1348 1782 est,
1384 1734 1559 1788 neque
1601 1720 1820 1786 divisit;
1855 1721 1966 1775 imo
2004 1729 2164 1776 totum

2282 1727 2403 1781 ρους
2435 1711 2793 1783 προσγράφει,
2836 1711 2968 1765 ἀλλὰ
3001 1712 3132 1766 Θεὸν
3161 1713 3475 1784 προφητῶν,
3508 1715 3601 1767 καὶ
3631 1715 3860 1785 Πατέρα

602 1804 1050 1873 praedicat,il|unt
1084 1807 1302 1876 quidem
1327 1824 1356 1861 a
1392 1811 1668 1880 praphetis
1690 1813 1996 1876 adoratum,
2021 1812 2164 1868 hunc

2275 1801 2404 1855 Υίοῦ
2425 1820 2440 1835 ο
2475 1805 2569 1857 καὶ
2605 1805 2634 1857 6
2665 1805 2762 1874 μὲν
2793 1803 3003 1868 Παῦλος
3040 1807 3099 1858 οὐ
3135 1805 3449 1876 μεμέρικεν,
3479 1804 3602 1859 οὔτε
3632 1806 3852 1888 διεῖλεν,

601 1912 734 1952 νει-ο
763 1907 918 1967 partu
951 1899 1191 1966 editum;
1238 1908 1401 1970 atque
1462 1901 1626 1971 hujus
1663 1903 1883 1973 quidem
1925 1904 2164 1973 Patrem,

2273 1893 2387 1948 ἀλλ’
2439 1895 2536 1947 ἕνα
2581 1895 2613 1965 ἢ
2658 1893 2748 1947 τὸν
2793 1895 2952 1948 αὑτὸν
3009 1894 3286 1966 κηρύττει,
3341 1896 3432 1948 ἐπ’
3477 1897 3706 1949 ἐκείνων
3757 1899 3855 1968 μὲν

601 1989 696 2059 qui
729 1989 850 2046 illos
884 1991 1070 2046 habuit
1122 1993 1459 2057 adoratores,
1486 2001 1540 2049 et
1585 1995 1689 2050 sibi
1735 1997 2030 2067 supplices.
2070 2000 2164 2056 Cui

2272 1985 2732 2059 npocxuv'qeévm,
2782 1985 2968 2040 τοῦτον
3015 1986 3073 2040 δὲ
3120 1986 3488 2041 τεκνωθέντα*
3522 1989 3614 2041 καὶ
3659 1989 3853 2043 τούτου

600 2083 746 2136 enim
780 2085 1054 2154 supplices
1079 2093 1208 2140 sunt
1238 2087 1314 2141 illi
1341 2088 1637 2158 prophetae,
1676 2089 1839 2159 hujus
1880 2089 2050 2148 Filius
2089 2103 2164 2150 est

2275 2079 2373 2152 μὲν
2395 2080 2706 2152 γεννήτορα,
2734 2079 2961 2142 ἐκείνοις
2986 2079 3042 2131 δὲ
3065 2083 3465 2151 προσκυνηταῖς
3489 2081 3584 2133 καὶ
3607 2081 3852 2145 οἰκέταις

599 2174 874 2231 Christus.
911 2174 967 2230 Si
996 2187 1174 2232 autem
1202 2177 1400 2234 Filium
1440 2181 1700 2248 honoras,
1752 2197 1848 2238 eos
1895 2199 2026 2240 vero
2075 2188 2164 2256 qui

2271 2171 2612 2242 χρησάμενον
2630 2189 2644 2202 ·
2677 2163 2738 2225 οὗ
2770 2170 2878 2241 γάρ
2907 2172 3041 2223 εἰσιν
3076 2171 3280 2225 οἰκέται
3305 2172 3354 2224 οἱ
3381 2172 3696 2242 προφῆται,
3725 2174 3853 2226 τού-

599 2266 748 2321 Patri
768 2269 1096 2338 supplicant,
1118 2285 1350 2326 accusas
1369 2286 1422 2326 et
1437 2273 1701 2329 conviciis
1732 2275 2046 2342 insectaris,
2073 2293 2164 2336 ore

2272 2279 2364 2315 του
2397 2262 2545 2316 ἐστὶν
2565 2262 2691 2326 Υἱὸς
2713 2263 2741 2314 6
2778 2261 3030 2333 Χριστός.
3060 2262 3122 2314 El
3149 2261 3204 2314 δὲ
3232 2263 3324 2315 τὸν
3357 2261 3482 2316 Υἰὸν
3509 2265 3698 2335 τιμᾷς,
3722 2266 3853 2327 τοὺς

593 2357 760 2412 ell'ers
797 2374 917 2427 qua:
941 2359 1023 2414 vis
1062 2377 1075 2413 :
1105 2371 1394 2415 succenset
1414 2358 1617 2427 Filius;
1660 2377 1768 2416 non
1801 2363 2004 2432 patitur
2029 2380 2164 2420 con-

2268 2353 2324 2406 δὲ
2379 2353 2592 2417 οἰκέτας
2631 2352 2933 2416 διαϐάλλεις
2982 2353 3078 2406 κει.)⁵
3137 2352 3394 2421 λοιδορεῖς
3415 2394 3430 2418 ,
3481 2355 3563 2426 τῷ
3615 2356 3852 2426 στόματι

598 2451 823 2506 tumelia
858 2449 1070 2504 Patrem
1100 2450 1252 2510 allici.
1315 2450 1372 2506 Si
1405 2453 1551 2507 enim
1585 2452 1746 2510 Pater
1778 2453 1900 2510 Filii
1934 2456 2164 2512 inhono-

2269 2445 2478 2517 φθέγγῃ
2512 2444 2547 2498 ἃ
2584 2443 2793 2514 βούλειο
2832 2446 2987 2516 ὁρᾷς,
3028 2445 3114 2498 ὅτι
3152 2445 3450 2514 ἀγανακτεῖ
3486 2448 3516 2501 6
3559 2446 3716 2509 Υἱός·
3745 2450 3853 2501 οὐκ

597 2543 868 2596 rationem
898 2555 1051 2595 suam
1081 2541 1253 2606 ducit,
1304 2549 1509 2612 quanto
1544 2545 1714 2616 magis
1762 2543 1934 2601 Filius
1972 2555 2164 2604 contu-

2268 2537 2516 2607 ἀνέχεται
2554 2537 2765 2609 Πατρὸς
2805 2536 3181 2609 ὑὸριζομένου.
3217 2540 3282 2593 Ei
3322 2538 3432 2610 γὰρ
3463 2541 3492 2592 6
3528 2540 3720 2611 Πατὴρ
3745 2540 3851 2610 τὴν

593 2634 812 2688 ιιιειίειιι
841 2633 1023 2688 Patris
1045 2634 1307 2689 vilitatem
1339 2650 1496 2690 suam
1523 2651 1646 2692 esse
1675 2637 1988 2708 reputabit?

2265 2627 2361 2682 τοῦ
2404 2628 2532 2682 Υίοῦ
2581 2629 2805 2700 ἀτιμίαν
2851 2628 2986 2682 ίδίαν
3033 2629 3642 2700 ἀτιμίανιλελὸγισται,
3695 2631 3852 2699 πόστῳ

2277 2720 2474 2793 μᾶλλον
2510 2723 2538 2775 6
2572 2721 2699 2786 Υίδς
2723 2720 2818 2794 τὴν
2851 2721 2948 2775 τοῦ
2990 2722 3200 2793 Πατρὸς
3226 2721 3385 2793 ὓϐριν
3412 2721 3548 2777 ίδίαν
3570 2723 3851 2778 εὐτέλειαν

2272 2812 2527 2882 λογιεῖται
2550 2831 2566 2880 ;

1189 2903 1318 2958 CAP.
1359 2902 1423 2958 γ.
1466 2903 1642 2959 Varia:
1667 2905 1890 2960 haereses
1914 2905 2057 2960 circa
2093 2906 2281 2978 legem.
2305 2909 2433 2965 Tres
2471 2908 2708 2964 hwretici
2737 2908 2898 2980 legem
2923 2910 3236 2978 vituperant.

668 3020 774 3076 Sed
824 3029 883 3074 ut
930 3020 1134 3076 sensim
1192 3029 1498 3092 pergentes,
1539 3022 1802 3092 paulatim
1854 3022 1923 3077 ad
1969 3021 2164 3077 erube-

2341 3024 2456 3078 Ἵνα
2502 3023 2559 3076 δὲ
2599 3025 2712 3089 καὶ,
2760 3024 2874 3078 κατ’
2911 3024 3089 3092 ὀλίγον
3136 3022 3445 3092 φοιτῶντες,
3488 3025 3626 3078 κατὰ
3663 3025 3847 3098 βραχὺ

597 3115 859 3184 scendum
890 3112 1302 3183 compellamus,
1341 3113 1422 3168 sic
1460 3113 1838 3183 aggrediemur
1873 3128 2164 3184 argumen-

2267 3115 2699 3186 δυσωπήσωμεν,
2725 3114 2897 3178 οὕτως
2931 3115 3354 3193 ὲπιχειρίιξωμεν
3381 3133 3396 3146 ·
3424 3115 3486 3168 Εἰ
3527 3116 3662 3170 θεοῦ
3695 3119 3725 3169 6
3755 3121 3852 3172 νό-

592 3208 700 3260 tari
726 3227 744 3262 ε
783 3204 838 3260 Si
873 3204 971 3259 Dei
1004 3212 1087 3259 est
1111 3205 1218 3266 lex,
1266 3218 1438 3274 quare
1467 3203 1635 3274 legem
1665 3218 1774 3258 non
1806 3204 2034 3259 tenent?
2067 3202 2165 3258 Sin

591 3315 724 3354 vero
774 3300 946 3369 legem
990 3297 1321 3363 criminaris,
1374 3296 1532 3365 cujus
1590 3296 1753 3351 verba
1812 3311 1874 3350 ac
1920 3311 2025 3350 vox
2079 3296 2166 3351 lex

588 3392 720 3447 est?
749 3389 905 3460 cujus
939 3397 1224 3458 potestate,
1266 3403 1388 3459 quae
1430 3389 1631 3458 scripta
1673 3395 1822 3452 sunt,
1870 3387 2047 3442 locuta
2079 3395 2164 3442 est

592 3484 677 3540 lex
701 3485 725 3537 ?
754 3481 852 3536 Hic
872 3483 1084 3552 partitae
1128 3490 1255 3535 sunt
1279 3481 1516 3535 haereses
1545 3520 1561 3544 ,
1602 3495 1702 3535 nec
1721 3480 1833 3550 jam
1855 3493 1963 3533 uno
2001 3479 2164 3533 modo

589 3576 1046 3639 sermocinantes,
1072 3575 1166 3630 sed
1212 3573 1316 3629 sibi
1367 3581 1729 3644 repugnantes
1773 3586 1883 3626 :ac
1934 3569 2164 3626 Valenti-

590 3669 741 3722 niani
779 3669 995 3737 quidem
1029 3668 1131 3734 sic,
1157 3667 1436 3722 Manichaai
1467 3683 1596 3722 vero
1616 3667 1794 3734 aliter,
1841 3681 2001 3723 secus
2025 3667 2162 3721 Mar-

586 3761 737 3815 cion.
775 3759 964 3830 Sputa,
992 3776 1101 3814 non
1122 3761 1284 3815 verba
1313 3761 1689 3816 testimonium
1719 3770 1846 3817 sunt
1873 3769 2064 3816 contra
2089 3761 2160 3816 le-

589 3867 734 3924 gem.
779 3849 1148 3906 Valentiniani
1172 3851 1413 3922 quidem,
1472 3848 1686 3917 Justus,
1739 3852 2013 3922 inquiunt,
2043 3862 2159 3908 erat

587 3944 733 4000 Deus
765 3943 918 4015 legis;
954 3953 1008 3999 et
1023 3959 1148 3998 cum
1167 3945 1354 4012 justus
1370 3948 1535 4005 esset,
1550 3957 1659 3996 non
1683 3950 1799 3997 erat
1821 3941 1983 3996 Pater
2003 3941 2153 3996 Filii.

583 4035 766 4103 Jesus,
816 4037 1087 4107 inquiunt,
1117 4035 1311 4100 bonus,
1353 4035 1528 4088 bonus
1554 4042 1733 4088 autem
1764 4042 1820 4087 et
1853 4031 2055 4100 Pater;
2091 4049 2156 4088 ac

583 4127 748 4186 Pater
779 4129 998 4200 quidem
1022 4129 1197 4183 bonus
1225 4143 1240 4193 ;
1269 4135 1322 4182 et
1348 4127 1548 4180 bonum
1583 4125 1726 4197 quod
1754 4125 1995 4195 genitum
2027 4136 2108 4180 cst
2136 4143 2151 4192 ;

584 4224 729 4280 Deus
757 4233 886 4278 vero
932 4222 1068 4292 legis
1125 4221 1332 4290 justus.
1397 4217 1598 4273 Taliter
1649 4217 1980 4272 disserentes
2040 4233 2147 4270 non

583 4317 983 4380 intellexerunt,
1001 4315 1214 4385 qualem
1234 4311 1608 4368 habitudinem
1627 4311 1820 4364 haheat
1845 4309 2053 4379 justum
2085 4309 2152 4363 ad

581 4411 818 4478 bonum;
848 4424 1024 4479 neque
1073 4407 1139 4463 de
1188 4421 1255 4462 eo
1285 4406 1690 4477 cogitaverunt,
1739 4403 1885 4474 quod
1938 4403 1985 4457 si
2020 4403 2149 4472 quid

576 4503 814 4573 justum,
842 4511 926 4557 est
952 4511 1006 4556 et
1036 4500 1274 4564 bonum;
1304 4507 1358 4553 et
1410 4498 1456 4553 si
1509 4496 1638 4568 quid
1692 4495 1896 4550 bonum
1917 4534 1932 4559 ,
1980 4503 2066 4551 est
2100 4505 2153 4550 et

575 4596 811 4665 justum.
837 4594 972 4650 Cum
1000 4601 1178 4648 autem
1209 4591 1522 4660 hujusmodi
1552 4590 1913 4661 cogitationes
1959 4589 2146 4644 conci-

578 4693 710 4758 pere
735 4701 845 4741 non
874 4686 1167 4756 potuerint.
1196 4685 1298 4738 hoc
1344 4683 1521 4738 solum
1561 4699 1656 4738 eos
1688 4682 2093 4752 interrogemus
2131 4700 2143 4734 :

581 4774 641 4834 Si
663 4779 846 4850 justus
872 4786 956 4832 est
982 4775 1124 4830 Deus
1154 4775 1307 4845 legis,
1341 4781 1397 4828 et
1418 4788 1528 4828 non
1558 4781 1643 4829 est
1676 4771 1838 4828 Pater
1861 4771 2008 4843 Filii,
2033 4787 2145 4826 non

577 4874 666 4925 es:
695 4867 880 4936 justus
907 4864 1066 4920 Jesns
1093 4883 1106 4918 :
1140 4871 1194 4918 et
1231 4862 1504 4933 quomodo
1531 4861 1802 4931 justitiam
1838 4876 1867 4913 a
1891 4859 2032 4914 Filio
2059 4875 2149 4914 rc-

577 4960 883 5032 quirimus?
909 4960 957 5015 si
990 4973 1099 5012 non
1119 4966 1202 5012 est
1225 4956 1440 5027 genitus
1474 4971 1504 5008 a
1527 4955 1700 5025 justo,
1737 4954 2015 5024 quomodo
2051 4953 2145 5022 ju-

575 5050 756 5108 dicat?
785 5049 1056 5121 quomodo
1082 5048 1288 5118 judicio
1328 5046 1610 5101 decernit?
1663 5045 1935 5114 quomodo
1994 5058 2146 5096 com-

574 5141 804 5197 missum
827 5147 911 5195 est
934 5138 984 5194 ei
1021 5153 1052 5192 a
1094 5137 1255 5192 Patre
1283 5135 1554 5192 tribunal?
1604 5133 1882 5206 quomodo
1921 5131 2141 5187 unicui-

573 5248 679 5303 que
707 5231 885 5287 reddit
913 5230 1212 5286 secundum
1243 5243 1406 5298 opera
1434 5227 1572 5282 sua?
1625 5226 1898 5297 quomodo
1947 5240 2138 5280 verum

570 5332 655 5379 est
682 5322 826 5395 quod
851 5322 926 5376 ait
957 5320 1195 5376 Paulus:
1245 5318 1323 5374 Iis
1369 5320 1459 5389 qui
1490 5321 1774 5373 secundum
1820 5317 2132 5386 patientiam

572 5413 693 5470 boni
732 5413 901 5484 operis
939 5412 1166 5484 gloriam
1208 5421 1260 5466 et
1300 5410 1544 5465 honorem
1595 5418 1646 5464 et
1692 5408 2136 5477 incorruptionem

2273 3225 2392 3279 μος,
2427 3207 2566 3262 διατί
2609 3209 2668 3260 οὐ
2713 3209 3104 3279 παραδέχονται
3146 3208 3237 3261 τὸν
3277 3207 3479 3278 νόμον;
3521 3210 3584 3262 Ei
3632 3209 3690 3263 δὲ
3728 3210 3846 3264 δια-

2266 3297 2480 3363 ϐάλλεις
2523 3299 2613 3352 τὸν
2657 3300 2838 3370 νόμον,
2888 3301 3031 3364 τίνος
3079 3301 3298 3372 ῥήματα
3338 3301 3431 3355 καὶ
3482 3304 3634 3374 φωνὴ
3690 3306 3720 3357 6
3756 3306 3834 3357 v6-

2267 3405 2405 3460 μος;
2451 3389 2596 3453 τίνος
2642 3389 2868 3460 δυνάμει
2915 3389 2985 3442 τὰ
3031 3391 3390 3461 γεγραμμένα
3428 3393 3581 3462 παρὰ
3627 3392 3724 3448 τοῦ
3755 3396 3845 3446 v6-

2265 3499 2366 3552 μου
2393 3482 2715 3553 λελάληταις
2756 3482 3019 3536 Ἐνταῦθα
3064 3483 3174 3554 γὰρ
3217 3484 3272 3535 αί
3310 3483 3548 3554 αἱρέσεις
3577 3484 3842 3558 διαιροῦν-

2261 3593 2369 3639 ται,
2429 3575 2521 3628 καὶ
2572 3576 2753 3629 οὐκέτι
2810 3578 2970 3646 ὃμοια
3030 3574 3397 3643 διαλέγονται·
3453 3577 3568 3630 ἀλλ’
3616 3580 3841 3642 ἑαυταῖς

2264 3668 2562 3738 μαχόμενα·
2595 3669 2688 3721 καὶ
2731 3667 3159 3722 Οὑαλεντινιανοὶ
3214 3667 3310 3738 μὲν
3353 3661 3492 3733 ὧδε,
3547 3671 3839 3741 Μανιχαίοι

2259 3755 2396 3826 ὦδε,
2429 3760 2652 3832 ἑτέρωθι
2696 3761 2753 3814 δὲ
2799 3761 3084 3833 Μαρκίων.
3138 3759 3456 3832 Πτύσματα,
3492 3767 3587 3815 καὶ
3638 3766 3700 3817 οὐ
3743 3743 3843 3836 ρή-

2261 3869 2406 3923 ματα
2457 3852 2598 3905 κατὰ
2645 3851 2738 3905 τοῦ
2781 3852 2945 3924 νόμου
2997 3852 3329 3926 μαρτυροῦσι
3354 3871 3369 3886 ο
3417 3856 3509 3908 καὶ
3550 3857 3842 3911 Οὑαλεντιο

2257 3943 2427 3998 νιανοὶ
2466 3944 2584 4014 μὲν,
2636 3943 2874 4008 Δίκαιος,
2908 3945 3089 4014 φασιν,
3130 3940 3198 4014 ἦν
3242 3948 3270 3999 6
3307 3943 3398 3999 τοῦ
3446 3948 3613 4018 νόμου
3661 3949 3834 4014 Θεὸς·

2257 4036 2351 4090 καὶ
2395 4036 2597 4101 δίκαιος
2644 4035 2752 4102 ὢν,
2795 4037 2856 4090 οὐ
2915 4036 3102 4109 Πατὴρ
3147 4033 3217 4110 ἦν
3268 4038 3362 4092 τοῦ
3404 4038 3556 4095 Υῐοῦ.
3605 4042 3836 4113 Ἰησοῦς,

2257 4131 2417 4200 φασὶν
2444 4171 2459 4193 ,
2515 4129 2751 4198 ἀγαθός·
2817 4128 3021 4197 ἀγαθὸς
3063 4129 3120 4182 δὲ
3177 4129 3272 4184 καὶ
3319 4131 3348 4183 ὁ
3391 4130 3618 4203 Πατήρ·
3662 4133 3752 4186 καὶ⁸
3807 4136 3839 4186 ὁ

2258 4223 2355 4294 μὲν
2393 4222 2486 4276 τοῦ
2525 4221 2656 4276 Υἱοῦ
2704 4222 2891 4293 Πατὴρ
2938 4221 3174 4291 ἀγαθὸς,
3214 4222 3308 4277 καὶ
3356 4223 3560 4293 ἀγαθὸν
3599 4235 3660 4279 το
3705 4243 3838 4295 γεν-

2253 4316 2512 4388 νώμενον,
2547 4318 2575 4370 ὁ
2606 4317 2663 4369 δὲ
2686 4314 2780 4369 τοῦ
2811 4316 2976 4386 νόμου
3003 4316 3229 4380 δίκαιοςσ
3267 4317 3362 4370 καὶ
3390 4317 3617 4371 τοιαῦτα
3651 4318 3837 4372 διαλε-

2253 4408 2491 4480 γόμενοι,
2525 4408 2642 4461 οἵαν
2673 4409 2856 4479 σχέσιν
2887 4408 2949 4461 τὸ
2980 4407 3182 4462 δίκαιον
3217 4408 3352 4480 πρὸς
3387 4409 3449 4462 τὸ
3483 4409 3686 4478 ἀγαθὸν
3715 4409 3836 4480 ἔχει

2185 4477 2229 4534 D
2255 4477 2623 4572 οὐήνενοήκασι
2643 4517 2656 4530 ·
2684 4477 2780 4554 καὶ
2807 4502 2910 4565 ὅτι,
2942 4501 3070 4552 εἴτι
3097 4477 3326 4566 δίκαιον,
3357 4501 3451 4555 καὶ
3479 4477 3705 4571 ἀγαθὸν,

2253 4590 2308 4644 εἴ
2331 4608 2384 4642 τι
2415 4590 2638 4659 ἀγαθὸν,
2657 4590 2883 4654 δίκαιον,
2914 4590 3019 4644 οὐδ’
3046 4592 3103 4642 ὲν
3133 4591 3402 4663 φαντασίᾳ
3429 4591 3705 4663 εἰλήφασι.
3735 4595 3835 4665 Μὴ

2251 4680 2534 4752 δυνάμενοι
2571 4681 2628 4735 δὲ
2667 4681 2922 4745 τοιαύτας
2955 4683 3254 4752 φαντασίας
3276 4683 3441 4754 ἔχειν,
3479 4685 3638 4739 τοῦτο
3667 4686 3834 4755 μόνον

2253 4772 2667 4842 ὲρωτάσθωσανο
2693 4773 2755 4826 Εί
2789 4771 2994 4837 δίκαιος
3032 4777 3060 4828 ὁ
3093 4772 3188 4827 τοῦ
3218 4775 3384 4846 νόμου
3415 4775 3569 4839 Θεὸς,
3606 4780 3704 4831 καὶ
3727 4779 3832 4832 οὐκ

2250 4859 2366 4914 ἐστι
2399 4863 2586 4935 Πατὴρ
2619 4862 2712 4917 τοῦ
2735 4863 2885 4927 Υἱοῦ,
2914 4866 3014 4917 οὐκ
3045 4863 3159 4918 ἔστι
3182 4864 3386 4930 δίκαιος
3412 4869 3441 4920 6
3480 4867 3712 4939 Ἰησοῦς·
3735 4872 3832 4922 καὶ

2249 4953 2365 5017 πῶς
2405 4955 2502 5027 τὴν
2545 4955 2884 5025 δικαιοσύνην
2915 4955 3023 5009 ἀπὸ
3052 4955 3146 5008 τοῦ
3180 4955 3308 5010 Υἱοῦ
3343 4957 3719 5030 ἀπαιτοῦμεν;
3766 4962 3832 5013 Εἰ

2245 5045 2306 5097 οὐ
2336 5044 2654 5115 γεγέννηται
2687 5046 2794 5099 ἀπὸ
2823 5045 2920 5099 τοῦ
2947 5045 3177 5110 δικαίου,
3208 5047 3325 5107 πῶς
3352 5049 3564 5120 κρίνει;
3597 5049 3718 5113 πῶς
3747 5050 3834 5103 δι-

2245 5134 2400 5200 κάζει
2423 5152 2438 5200 ;
2473 5137 2587 5199 πῶς
2614 5138 2674 5189 τὸ
2707 5136 2856 5207 βῆμα
2884 5138 3284 5208 ὲγκεχεὶρισται
3311 5138 3418 5192 ἀπὸ
3444 5138 3540 5192 τοῦ
3577 5142 3830 5208 Πατρόςς

2245 5227 2362 5290 πῶς
2381 5227 2594 5297 ἑκάστῳ
2619 5227 2906 5281 ἀποδίδωσι
2935 5229 3070 5300 πρὸς
3098 5229 3133 5282 ἃ
3154 5228 3389 5301 ἔπραξε-ς
3419 5229 3535 5293 πῶς
3564 5229 3831 5300 ἁληθεέει

2244 5316 2476 5381 Παῦλος,
2520 5317 2712 5386 λέγων,
2769 5319 2896 5386 Τοῖς
2932 5320 3050 5389 μὲν
3097 5321 3226 5376 καθ’
3279 5321 3598 5390 ὑπομονὴν
3644 5323 3830 5391 ἔργον

2243 5407 2466 5477 ἀγαθοῦ
2493 5405 2733 5476 ζητοῦσι
2758 5407 2911 5479 ζωὴν
2937 5409 3194 5466 αἰώνιον·
3225 5411 3334 5484 (55)
3363 5415 3396 5468 6.
3433 5412 3566 5475 Θεὸς
3624 5429 3826 5484 συνερο

637 5569 684 5602 "
719 5571 931 5627 Coloss.
969 5588 1017 5634 ι,
1049 5569 1140 5623 24.
1216 5570 1262 5602 ’⁸
1301 5568 1456 5625 Rom.
1494 5585 1568 5634 ιι,
1604 5566 1693 5623 16.
1769 5568 1816 5599 ³⁸
1856 5565 2020 5624 Hebr.
2084 5583 2140 5631 ι,
2175 5565 2226 5631 l,
2261 5564 2317 5618 9..

637 5683 758 5811 (ὅδὲ
789 5686 854 5738 'O
869 5685 1011 5751 Θεὸς
1037 5684 1320 5753 συνεργεῖ
1339 5687 1424 5750 εὶς
1453 5685 1696 5754 ἀγαθόν.
1730 5681 1787 5736 ln
1813 5691 1960 5736 textu
1983 5679 2124 5733 Pau-

637 5768 676 5811 ιο
759 5771 867 5811 om.
910 5771 968 5811 tt.
1009 5756 1122 5811 7-9.
1169 5771 1279 5810 non
1311 5765 1526 5811 exstant
1568 5755 1677 5808 haec
1714 5753 1877 5808 verba
1907 5772 1920 5807 :
1948 5766 2123 5811 neque

559 5763 676 5820 tuto
710 5753 867 5812 Rom.
910 5771 968 5811 ιι.
1009 5756 1122 5811 7-9.
1169 5771 1279 5810 non
1311 5753 1526 5812 exstant
1568 5755 1677 5808 haec
1714 5753 1877 5808 verba
1907 5772 1920 5807 :
1948 5766 2123 5820 neque

2229 5695 2293 5753 ea
2323 5694 2454 5753 sane
2474 5679 2696 5753 legebat
2730 5679 3019 5749 interpres.
3050 5680 3204 5748 Quin
3238 5687 3292 5736 et
3326 5681 3652 5753 importuna
3689 5685 3823 5738 huic

2233 5751 2351 5806 loco
2402 5748 2674 5806 videntur.
2730 5748 2975 5822 Apostoli
3019 5755 3166 5809 enim
3202 5753 3382 5810 verbis
3405 5748 3817 5825 'prtemittenda
