4116 6332
304 309 328 363 1
339 306 438 361 9.21

1351 305 1724 362 ιιινιιιιεεε-
1752 306 2174 364 ΜΝΙΒΗΕΟΞ
2199 307 2327 364 LIB.
2356 309 2446 372 ΙΙΙ.

3399 309 3541 366 1222

296 427 390 494 γεῖ
417 424 496 485 είς
520 421 579 476 τὺ
611 422 846 490 ἀγαθόν·
888 423 1014 490 τοῖς
1041 423 1112 476 δὲ
1135 422 1204 487 ἐξ
1231 423 1480 492 ἐριθείας
1508 424 1863 494 πειθομένοις

1975 435 2215 497 quierunt
2239 464 2255 488 ,
2312 427 2474 480 vitam
2506 432 2758 480 aeternam
2784 442 2804 480 :
2838 429 2902 482 iis
2949 436 3124 480 autem
3169 427 3261 496 qui
3309 436 3433 482 sunt
3473 445 3541 482 ex

294 515 371 585 τῇ
398 515 622 582 ἀδικίᾳ,
644 513 789 585 ὀργὴ
813 515 910 568 καὶ
934 517 1135 585 θυμός·
1161 518 1367 584 θλίψις
1386 516 1485 570 καὶ
1509 519 1870 586 στενοχωρία

293 610 395 664 ἐπὶ
421 607 632 663 πᾶσαν
650 607 861 677 ψυχὴν
887 607 1220 676 ἀνθρώπου.
1243 609 1348 662 τοῦ
1371 607 1871 677 κατεργαζομένου

295 703 362 756 τὸ
389 702 617 760 κακόν;
645 701 876 754 Λέλυται
904 699 1012 772 γὰρ
1044 701 1110 753 τὰ
1138 702 1374 772 ῥήματα,
1406 703 1454 753 εἰ
1479 703 1507 753 6
1535 700 1629 752 τοῦ
1659 699 1868 752 δικαίου

294 794 420 862 ὄρος
447 796 526 863 τῷ
550 791 663 861 Υίῷ
686 793 786 845 οὑκ
813 791 1136 845 ἀποδίδοται.
1169 793 1230 844 Εἰ
1252 793 1309 845 δὲ
1332 792 1568 862 τιμωρία
1605 794 1702 862 μὲν
1729 791 1871 844 κατὰ

294 886 408 938 τῶν
436 886 776 938 ἐπταικότων
809 887 1004 946 κεῖται,
1038 885 1132 937 καὶ
1167 885 1362 957 μέτρον
1393 886 1661 955 τιμωρίας
1702 887 1734 955 ἠ
1773 883 1868 937 τοῦ

296 973 507 1028 δικαίου
540 973 832 1026 ἐπιστασία
858 973 1120 1041 γίγνεται·
1156 976 1309 1044 τιμαὶ
1335 974 1390 1026 δὲ
1415 975 1506 1027 καὶ
1539 974 1737 1044 δωρεαὶ
1759 977 1868 1038 τοῖς

299 1065 676 1138 εὐδοκιμοῦσιν
696 1065 1172 1137 ἀποταμιεύονται·
1197 1069 1291 1120 καὶ
1317 1067 1662 1137 σταθμίζεται
1684 1069 1716 1137 ἡ
1736 1067 1870 1138 τιμὴ

297 1160 363 1229 τῇ
397 1158 491 1210 τοῦ
518 1157 727 1210 δικαίου
758 1158 1051 1228 ἐπικρίσει·
1087 1157 1202 1221 πῶς
1229 1158 1647 1220 διαστέλλονται,
1679 1158 1772 1211 καὶ
1805 1159 1866 1210 οὑ

193 1242 204 1252 ’
299 1248 675 1302 συστέλλονται
699 1249 795 1319 τὴν
830 1249 1188 1320 προπέτειαν;
1219 1249 1281 1302 Εἰ
1308 1248 1364 1301 δὲ
1387 1249 1414 1299 6
1438 1247 1742 1318 Μονογενὴς
1771 1247 1869 1318 μὲν

296 1341 556 1404 τοιοῦτος,
573 1340 632 1393 οὑ
643 1339 880 1403 τοιοῦτος
893 1340 946 1392 δὲ
964 1343 990 1393 6
1002 1341 1211 1412 Πατήρ·
1225 1341 1400 1394 οὑκέτι
1413 1340 1594 1410 ὅμοιος
1612 1339 1671 1404 ἐξ
1685 1339 1868 1409 ὁμοίου

298 1431 642 1500 γεγέννηται·
696 1430 877 1483 οὑκέτι
913 1430 1073 1484 εἰκὼν
1106 1430 1199 1484 τοῦ
1250 1432 1655 1502 γεγεννηκότος·
1685 1431 1867 1484 οὐκέτι

297 1522 622 1593 χαρακτήρ·
653 1523 834 1576 οὑκέτι
867 1524 1247 1594 ἀπαύγασμα·
1273 1525 1454 1578 οὑκέτι
1486 1527 1513 1576 6
1547 1524 1755 1594 βλέπων
1777 1523 1867 1576 τὸν

299 1616 428 1669 Υἰὸν
458 1615 643 1686 βλέπει
671 1615 759 1668 τὸν
792 1617 1030 1687 Πατέρα,
1066 1615 1181 1686 εἴγε
1220 1616 1294 1688 μὴ
1322 1617 1439 1670 ὅσα
1478 1617 1602 1683 ἔχει
1643 1619 1675 1669 ό
1714 1613 1864 1679 Υἱὸς,

299 1706 426 1775 ἔχει
456 1709 488 1760 ὀ
525 1704 739 1775 Πατήρ·
775 1707 867 1759 καὶ
899 1706 996 1777 βοᾷ
1034 1710 1062 1760 6
1099 1707 1288 1778 Σωτὴρ
1324 1709 1383 1760 ὲν
1418 1706 1495 1776 τῷ
1533 1705 1864 1773 Εὑαγγελίῳ·

1976 516 2322 578 contentione,
2353 524 2402 568 et
2428 516 2518 584 qui
2549 531 2652 569 non
2685 517 3023 583 acquiescant
3063 516 3293 580 veritati,
3322 515 3542 570 credunt

1974 617 2148 660 autem
2175 608 2464 677 iniquitati,
2498 608 2579 660 ira
2604 617 2653 661 et
2689 608 3024 678 indignatio:
3054 607 3329 663 tribulatio
3359 620 3408 663 et
3439 627 3542 664 an-

1973 699 2149 769 gustia
2199 700 2252 752 in
2315 715 2516 752 onmem
2564 699 2795 752 animant
2851 699 3079 753 hominis
3128 701 3392 768 operantis
3422 717 3541 755 nta-

1976 791 2082 842 lum
2108 790 2192 842 ὀἳ
2227 790 2412 844 Saluta
2433 790 2578 844 enim
2607 797 2736 845 sunt
2769 798 2822 845 et
2841 800 3180 846 evanuerunt
3210 793 3326 846 haec
3352 793 3541 856 verba,

1975 883 2021 937 si
2056 883 2298 938 deﬁnitio
2324 883 2460 952 justi
2491 897 2597 936 non
2633 884 3080 937 accommodatur
3103 891 3158 939 et
3184 884 3431 938 redditur
3455 883 3544 938 Fi-

1974 975 2069 1029 lio.
2107 973 2164 1028 Si
2212 982 2393 1028 autem
2444 974 2512 1027 iis
2540 974 2635 1043 qui
2663 972 3030 1042 deliquerunt,
3065 975 3421 1028 constitutum
3458 985 3545 1030 est

1975 1067 2324 1136 supplicium,
2353 1073 2407 1120 et
2452 1065 2636 1134 justus
2683 1066 2776 1134 qui
2813 1074 3028 1135 praeest,
3066 1068 3395 1136 supplicium
3431 1085 3544 1123 me-

1975 1159 2139 1221 titur;
2190 1166 2383 1211 contra
2431 1172 2562 1210 vero
2599 1157 2838 1211 honores
2869 1163 2924 1211 et
2979 1171 3206 1211 munera
3252 1165 3542 1214 servantur

1973 1250 2110 1303 bene
2139 1248 2385 1312 meritis,
2437 1257 2489 1302 et
2534 1247 2712 1301 honor
2751 1246 2964 1300 delectu
3025 1261 3090 1300 ac
3149 1246 3542 1316 dijudicatione

1967 1342 2101 1410 justi
2129 1339 2457 1408 ponderatur
2487 1357 2500 1392 :
2533 1338 2808 1408 quomodo
2832 1354 2940 1393 non
2967 1338 3280 1393 discindunt
3310 1349 3363 1394 et
3389 1355 3542 1396 com-

1973 1427 2641 1497 primuntpetulantiam?
2677 1427 2735 1481 Si
2788 1436 2969 1482 autem
3020 1429 3145 1484 talis
3191 1423 3409 1501 quidem
3454 1439 3542 1488 est

1974 1520 2324 1590 Unigenitus,
2362 1519 2522 1573 Pater
2544 1535 2675 1573 vero
2704 1535 2814 1574 non
2865 1528 2949 1575 est
2996 1521 3150 1588 talis;
3188 1538 3298 1576 non
3329 1521 3440 1593 jam
3473 1539 3541 1580 ex

1973 1613 2136 1669 simili
2159 1614 2354 1668 similis
2383 1614 2598 1682 genitus
2633 1622 2717 1668 est
2745 1632 2760 1667 :
2790 1627 2898 1666 non
2922 1612 3034 1681 jam
3060 1621 3143 1668 est
3173 1615 3347 1686 imago
3394 1617 3538 1685 ejus,

1974 1708 2063 1774 qui
2091 1705 2313 1776 genuit;
2345 1722 2450 1758 non
2483 1705 2656 1774 figura
2678 1744 2694 1769 ,
2738 1720 2847 1758 non
2879 1704 3126 1774 splendor
3158 1706 3196 1736 ³⁸
3233 1724 3248 1760 :
3282 1723 3390 1761 non
3422 1707 3537 1776 jam

300 1796 492 1867 Πάτερ
511 1797 729 1864 δίκαιε,
764 1798 862 1850 καὶ
888 1801 919 1851 ό
952 1799 1178 1867 κόσμος
1211 1814 1284 1851 σε
1317 1801 1426 1851 οὐκ
1462 1800 1634 1867 ἔγνω,
1657 1795 1771 1864 ἐγὼ
1801 1795 1863 1850 δέ

1968 1798 2060 1867 qui
2092 1795 2238 1849 videt
2268 1793 2464 1848 Filium
2493 1835 2510 1860 ,
2547 1795 2691 1850 videt
2723 1794 2962 1857 Patrem.
3001 1793 3046 1850 si
3079 1809 3187 1849 non
3221 1811 3540 1867 qua-cunque

297 1904 376 1943 σε
411 1889 621 1960 ἔγνων.
659 1889 722 1941 Τί
756 1890 1082 1960 πράξωμεν;
1133 1890 1276 1944 νῶτα
1319 1889 1496 1960 δῶμεν
1541 1889 1618 1959 τῷ
1665 1889 1863 1961 ῥήματι

1969 1887 2121 1943 habet
2146 1885 2341 1950 Filius,
2377 1885 2527 1940 liabet
2549 1890 2718 1958 .Pater
2770 1887 2813 1917 ³¹
2840 1905 2854 1940 :
2885 1895 2940 1941 et
2970 1887 3169 1940 clamat
3203 1885 3454 1942 Salvator
3482 1889 3538 1942 in

298 1981 395 2036 τοῦ
427 1983 705 2054 Σωτῆρος;
751 1984 1150 2053 άπιστήσομεν;
1185 1983 1263 2053 τῷ
1289 1980 1688 2053 γεγραμμένῳ;
1735 1980 1768 2050 ἢ
1810 1979 1863 2032 τὸ

1970 1978 2265 2050 Evangelio
2294 1997 2309 2034 :
2347 1977 2391 2034 0
2415 1977 2577 2032 Pater
2597 1979 2763 2049 juste,
2795 1978 3021 2033 mundus
3049 1989 3098 2034 te
3128 1996 3232 2034 non
3256 1983 3418 2044 novit,
3444 1998 3542 2052 ego

302 2078 403 2149 μὲν
425 2078 574 2148 ῥῆμα
607 2075 975 2146 θαυμάσομεν·
1022 2075 1117 2145 τῆς
1146 2074 1252 2145 γὰρ
1280 2073 1534 2144 ἀληθείας
1562 2072 1676 2124 ἐστὶ
1700 2074 1863 2142 ῥῆμα.

1971 2089 2089 2127 vero
2119 2084 2166 2126 te
2191 2072 2308 2125 novi
2332 2071 2399 2125 ³¹.
2435 2070 2578 2136 Quid
2621 2071 2879 2141 agemus?
2913 2079 3064 2142 terga
3125 2071 3318 2127 demus
3369 2074 3538 2129 verbo

299 2168 690 2232 Οὐαλεντίνους
717 2169 772 2221 δὲ
799 2169 875 2231 ὡς
910 2168 1218 2239 μεμηνότας
1243 2168 1334 2220 καὶ
1364 2165 1750 2237 δαιμονιῶντας
1771 2163 1863 2232 ἐξα

1975 2161 2294 2227 Salvator-is,
2329 2179 2398 2218 ne
2425 2163 2715 2219 credamus
2747 2165 2991 2234 scripto:
3024 2174 3120 2218 aut
3152 2165 3446 2222 habeamus
3482 2167 3540 2221 in

296 2263 411 2317 τῶν
442 2262 760 2334 θεοπρεπῶν
787 2263 881 2316 καὶ
910 2261 1066 2332 ἱερῶν
1098 2261 1382 2332 συνεδρίων
1417 2262 1721 2332 στήσωμεν.

1974 2255 2336 2311 admiratione
2365 2255 2628 2311 verbum?
2691 2262 2775 2310 est
2828 2256 2972 2311 enim
3013 2257 3238 2311 verbum
3272 2258 3538 2314 veritatis.

298 2354 622 2411 Valentinus
676 2372 804 2412 vero
839 2364 1098 2426 tanquam
1140 2355 1476 2412 insanientes
1516 2364 1569 2411 et
1603 2370 1635 2409 a
1690 2353 1934 2410 daemone
1971 2361 2124 2408 actos
2177 2359 2335 2408 extra
2385 2359 2687 2408 conventus
2736 2365 2800 2406 ac
2856 2351 3143 2408 confessus
3207 2362 3430 2408 sanctos
3481 2363 3540 2410 et

296 2451 472 2508 Deum
505 2452 760 2507 decentes
795 2452 1206 2506 collocabimus.

383 2547 522 2600 Ἀλλ’
553 2546 738 2617 ἐπειδὴ
762 2547 960 2601 ἄτοπόν
987 2564 1040 2600 τι
1065 2547 1346 2619 πάσχομεν
1369 2548 1460 2602 τὸν
1483 2549 1624 2603 κατὰ
1649 2549 1758 2602 τῶν
1781 2549 1863 2602 αἰ-

2043 2541 2148 2596 Sed
2173 2540 2303 2612 quia
2332 2539 2538 2610 aliquid
2568 2539 2884 2594 indecorum
2931 2540 3089 2596 nobis
3120 2541 3353 2608 accidit,
3406 2542 3538 2598 dum

300 2637 574 2710 ρεσιωτῶν
614 2636 942 2707 μηκύνοντες
985 2635 1162 2704 λόγον,
1210 2635 1283 2707 μὴ
1315 2636 1516 2707 ταύτης
1545 2637 1644 2707 τῆς
1674 2635 1868 2689 ὑποθέ-

299 2747 441 2792 σεως
467 2731 613 2800 ἡμᾶς
642 2728 924 2799 ἑλκούσης,
961 2729 1422 2800 ἀνακαλεσώμεθα
1452 2730 1544 2785 τὸν
1571 2730 1747 2799 λόγον,
1774 2729 1868 2783 καὶ

293 2824 393 2875 tm
418 2821 515 2893 τὴν
543 2821 906 2891 ὑποκειμένην
931 2821 1182 2875 ὑπόθεσιν
1205 2825 1559 2892 χωρήσωμεν·
1583 2823 1678 2876 καὶ
1695 2821 1866 2875 ταῦτα

292 2911 394 2965 τοῦ
424 2912 730 2974 λυσιτελοῦς
757 2912 942 2965 ἕνεκεν
981 2913 1328 2982 ἐσκεμμένοι,
1365 2913 1450 2965 ἴνα
1490 2917 1626 2984 μήτε
1656 2906 1808 2976 οὗτος
1838 2915 1867 2966 6

1972 2649 2281 2691 sermonem
2332 2642 2522 2689 contra
2581 2633 2864 2688 haereticos
2919 2634 3078 2704 longe
3129 2636 3535 2705 protrahimus,

1971 2742 2094 2781 cum
2127 2741 2229 2780 nos
2269 2728 2545 2795 negotium
2595 2735 2907 2795 susceptum
2951 2741 3064 2781 non
3101 2742 3166 2782 eo
3199 2728 3414 2796 trahat;
3448 2744 3537 2784 re-

1968 2835 2224 2875 vocemus
2253 2833 2582 2881 sermonem,
2612 2826 2666 2872 et
2695 2818 2762 2871 ad
2815 2819 3154 2888 propositum
3200 2827 3255 2875 et
3312 2821 3538 2875 institu-

1972 2919 2085 2966 tum
2113 2926 2402 2980 pergamus
2432 2929 2445 2963 :
2488 2909 2574 2963 bis
2609 2910 2873 2965 hactenus
2917 2911 3122 2965 utiliter
3153 2913 3533 2976 consideratis,

292 3003 454 3072 λόγος
485 3004 659 3073 πάντη
696 3003 1101 3073 σεσιωπημένος
1131 3005 1260 3074 ἡμῖν
1295 3005 1532 3077 ὑπάρχῃ·
1566 3004 1726 3075 τριχῆ
1757 3003 1863 3075 γὰρ

1969 3011 2030 3058 ιιι
2058 3017 2236 3057 sermo
2265 3001 2331 3057 de
2362 3002 2484 3057 istis
2521 3017 2630 3056 non
2658 3003 2880 3056 omnino
2911 3003 3069 3058 nobis
3097 3005 3402 3073 praeteritus
3436 3005 3530 3059 sit.

293 3096 330 3166 ἡ
360 3095 592 3164 πονηρία
617 3095 918 3165 διῃρημένη
946 3094 1088 3148 κατὰ
1116 3095 1208 3147 τοῦ
1239 3095 1400 3165 νόμου
1431 3094 1747 3163 ἐφθέγξατο·
1772 3094 1863 3147 καὶ

1970 3092 2268 3163 Tripartita
2293 3094 2435 3147 enim
2473 3094 2713 3163 nequitia
2749 3102 2938 3147 contra
2968 3095 3138 3164 legem
3183 3095 3364 3149 locuta
3407 3103 3528 3157 est,

291 3186 584 3250 τοσαύταις
607 3187 927 3257 χρησαμένη
951 3186 1279 3258 διαιρέσεσι,
1302 3186 1576 3248 τοσούτοις
1605 3185 1863 3256 κέχρηται

1968 3186 2191 3240 totidem
2228 3185 2492 3240 ministris
2513 3194 2567 3239 et
2594 3185 2864 3255 prmieetis
2897 3185 3250 3255 blasphemiae
3282 3201 3399 3249 usa,
3425 3185 3536 3241 Va-

292 3279 386 3332 καδ
423 3280 535 3340 τοῖς
562 3278 858 3348 ὑπηρέταις
887 3277 980 3332 καί¹
1007 3278 1334 3348 προστάταις
1369 3279 1466 3348 τῆς
1501 3276 1863 3348 βλασφημίας,

1969 3278 2174 3332 lentino
2237 3275 2455 3346 quidem
2514 3277 2582 3330 ad
2629 3277 2976 3332 minuendam
3029 3285 3081 3333 et
3131 3277 3531 3333 extenuandam

293 3369 548 3441 ⁴ᾑρημένη
581 3370 705 3432 τοὺς
731 3370 1068 3441 ὑπηρετῆσαι
1097 3369 1442 3440 δυναμένους·
1478 3370 1571 3422 καὶ
1608 3369 1696 3422 διὰ
1724 3370 1863 3423 Οὑα-

1968 3369 2160 3438 legem,
2189 3377 2242 3422 et
2267 3367 2627 3436 separandum
2658 3366 3046 3440 Evangelium;
3088 3368 3366 3425 Marciane
3401 3384 3531 3426 vero

293 3460 533 3512 λεντίνου
565 3460 663 3530 μὲν
697 3459 1015 3532 σμικρύνειν
1049 3459 1138 3511 τὸν
1173 3458 1356 3528 νόμον,
1390 3459 1484 3512 καὶ
1511 3458 1765 3530 χωρίζειν
1804 3458 1863 3511 τὸ

1968 3460 2035 3514 ad
2067 3460 2408 3528 tradendum,
2440 3476 2563 3516 esse
2610 3459 2954 3531 Scripturam
3012 3462 3150 3532 legis
3188 3463 3529 3518 abortionem

293 3553 646 3622 Εὑαγγέλιον·
679 3554 767 3607 διὰ
800 3555 856 3606 δὲ
892 3553 1212 3624 Μαρκίωνος
1238 3551 1586 3622 ὲκτρώματός
1614 3570 1756 3614 τινος
1790 3549 1866 3604 εἷ-

293 3663 386 3699 ναι
403 3647 500 3717 τὴν
523 3645 617 3698 τοῦ
641 3646 803 3716 νόμου
827 3646 1066 3717 Γραφήν·
1093 3645 1182 3698 διὰ
1200 3645 1257 3697 δὲ
1283 3645 1602 3715 Μανιχαίου,
1627 3644 1862 3718 πονηροῦ

292 3751 462 3797 τινος,
497 3734 924 3804 άφεγγοῦς,ὃλον
954 3737 1194 3799 σκότους·
1237 3733 1458 3786 τοιαῦτα
1483 3733 1591 3804 γὰρ
1615 3735 1861 3806 πράττει·

291 3823 517 3876 τοιαῦτα
541 3826 784 3897 ῥημάτια
806 3826 1105 3897 συντίθησι·
1132 3824 1435 3878 κενολεκτεῖ
1454 3824 1540 3877 διὰ
1564 3825 1862 3889 συνθέσεως

291 3917 535 3988 ῥήματα,
566 3918 954 3989 καταπλήττων
989 3917 1156 3979 ἀκοάς
1175 3916 1571 3986 ἀγυμνάστους.

1963 3553 2288 3625 quamdam;
2340 3553 2636 3609 Manichaee
2663 3563 2842 3610 autem
2883 3553 2952 3609 ad
2984 3545 3378 3618 mentiendum,
3409 3568 3531 3610 esse

1961 3645 2132 3716 legem
2163 3645 2450 3714 cujusdam
2487 3646 2636 3710 mali,
2659 3644 2946 3714 splendore
2971 3647 3213 3701 carentis
3238 3654 3291 3700 et
3317 3661 3382 3700 ex
3411 3652 3526 3701 toto
3550 3685 3552 3687 -

1961 3736 2308 3791 teuebricosi.
2343 3735 2494 3790 Talia
2515 3737 2658 3791 enim
2688 3736 2818 3807 agit,
2842 3737 2972 3791 talia
3005 3737 3173 3792 verba
3211 3737 3525 3806 componit;

1961 3842 2100 3881 vana
2134 3829 2413 3897 loquitur;
2466 3843 2625 3883 aures
2655 3828 2819 3882 rudes
2851 3840 2905 3882 et
2956 3829 3343 3884 inexercitatas
3370 3844 3525 3884 com-

1964 3920 2238 3988 positione
2262 3921 2552 3974 verborum
2577 3920 2635 3975 in
2667 3920 3080 3974 admirationem
3106 3919 3418 3976 traducens.

712 4038 840 4093 CAP.
869 4037 957 4093 Vl.
988 4041 1068 4092 An
1099 4037 1350 4092 adventus
1377 4036 1510 4090 Filii
1536 4035 1634 4091 Dei
1658 4036 1887 4091 dwmoni
1907 4043 2164 4109 cognitus.
2191 4042 2406 4113 Angelis
2435 4043 2700 4113 incognita
2730 4041 2828 4096 Dei
2861 4042 3105 4096 consilia.

363 4153 455 4205 Διὸ
479 4150 698 4204 τοιαῦτα
739 4150 1010 4222 ἐρωτῆσαι
1045 4151 1141 4203 δεῖ·
1179 4151 1240 4202 El
1267 4151 1295 4201 6
1330 4149 1561 4220 πονηρὸς
1586 4149 1676 4202 τὸν
1701 4150 1862 4221 νόμον

293 4245 552 4317 ἔγραψεν,
583 4246 610 4296 6
635 4245 881 4314 ἀφεγγὴς
898 4245 1118 4306 ἐκεῖνος,
1151 4242 1376 4296 καθόλου
1410 4243 1504 4294 καὶ
1533 4242 1703 4294 διόλου
1740 4241 1862 4296 σκό-

289 4355 383 4401 τος
425 4336 521 4402 ὣν,
571 4336 688 4400 πῶς
728 4337 843 4407 ᾔδει
877 4335 1084 4388 ἓλευσιν
1125 4335 1331 4406 Ἰησοῦ;
1380 4335 1494 4398 πῶς
1526 4335 1639 4406 ᾔδει
1677 4333 1859 4402 ἄφιξιν

2039 4153 2400 4221 Quamobrem
2422 4155 2730 4226 percontari
2748 4165 2960 4226 oportet
2984 4177 2995 4210 :
3019 4155 3074 4210 Si
3098 4157 3274 4212 malus
3291 4157 3380 4212 ille
3408 4157 3527 4212 sine

1967 4245 2275 4313 splendore,
2301 4255 2354 4301 et
2374 4256 2519 4303 totus
2536 4256 2667 4300 etex
2683 4256 2798 4301 toto
2818 4250 3074 4312 tenebrae,
3097 4250 3265 4319 legem
3285 4250 3526 4320 scripsit,

1967 4337 2241 4404 quomodo
2280 4340 2534 4409 cognovit
2560 4339 2849 4393 adventum
2892 4339 3054 4393 Filii?
3097 4340 3369 4410 quomodo
3401 4357 3526 4396 eum

290 4429 492 4498 αὑτοῦς
520 4429 657 4493 πῶς,
689 4430 852 4500 μήπω
902 4427 1009 4480 τῶν
1050 4427 1388 4500 πραγμάτων
1434 4425 1855 4498 πεπραγμένων,

1968 4424 2196 4480 adesse?
2234 4427 2506 4496 quomodo
2553 4437 2678 4482 ante
2728 4437 2980 4483 eventum
3034 4444 3218 4483 rerum
3263 4429 3529 4484 intellexit

292 4523 525 4594 συνῆκεν
563 4521 598 4575 ἃ
640 4521 994 4575 ἐϐουλεύσατο
1025 4523 1052 4573 6
1087 4520 1237 4582 Θεὸς,
1274 4520 1366 4572 καὶ
1405 4517 1856 4590 προκατήγγειλε,

289 4616 386 4669 καὶ
419 4614 794 4686 προεδήλωσε;
821 4615 1054 4686 Φανεραὶ
1081 4612 1189 4682 γὰρ
1219 4615 1274 4666 αἱ
1305 4612 1397 4665 τοῦ
1425 4612 1587 4681 νόμου
1621 4612 1854 4683 Γραφαὶ,

288 4707 494 4760 ἄνωθεν
542 4705 912 4776 μαρτυροῦσαι
957 4707 1052 4777 τὴν
1096 4706 1275 4774 ἄφιξιν
1313 4704 1406 4757 τοῦ
1452 4703 1603 4755 Υίοῦ.
1656 4704 1717 4755 Ei
1761 4703 1858 4773 μὲν

287 4796 399 4867 γάρ
429 4795 664 4868 ἐροῦσιν,
703 4798 763 4851 Ὀ
790 4798 950 4867 νόμος
973 4799 1072 4851 οὐκ
1109 4799 1392 4868 ἐδήλωσεν,
1428 4796 1549 4849 οὔτε
1586 4795 1858 4866 προφῆται

287 4893 698 4958 προεσήμαναν,
726 4889 865 4941 κατά
891 4889 996 4942 τῶν
1020 4889 1306 4960 προφανῶν
1332 4887 1686 4956 φθεγγόμενοι
1714 4885 1860 4953 ἐλεγ-

286 4975 612 5047 χθήσονται·
652 4978 748 5047 οὑχ
779 4976 933 5048 ἡμῶν
984 4978 1286 5031 πλεκόντων
1315 4979 1404 5030 τὸν
1453 4975 1694 5046 ἔλεγχον,
1743 4975 1855 5028 ἀλλ’

286 5067 468 5119 αὐτῶν
500 5067 607 5120 τῶν
651 5068 996 5136 Εὑαγγελίων
1037 5069 1279 5141 φανερῶς
1322 5069 1727 5139 φθεγγομένων,
1762 5069 1856 5122 καὶ

287 5159 402 5212 ἂνω
433 5159 526 5211 καὶ
559 5159 707 5212 κάτω
738 5158 999 5229 βοώντων·
1031 5161 1108 5230 πῆ
1141 5162 1235 5230 μὲν
1266 5162 1350 5213 ἵνα
1387 5159 1641 5232 πληρωθῇ
1675 5161 1735 5212 τὸ
1760 5163 1857 5231 ρη-

289 5251 381 5304 θὲν
415 5251 500 5304 διὰ
534 5251 755 5304 Ἡσαΐου
803 5250 896 5303 τοῦ
948 5254 1244 5322 προφήτου,
1282 5251 1360 5317 πῆ
1407 5252 1484 5304 δέ·
1511 5256 1633 5306 Οὐκ
1664 5249 1854 5324 ἦλθον

287 5342 623 5397 καταλῦσαι
665 5345 771 5397 τὸν
809 5343 1014 5413 νόμον,
1054 5343 1214 5396 ἀλλὰ
1242 5342 1573 5412 πληρῶσαι.
1606 5346 1669 5398 Ei
1701 5345 1758 5399 δὲ
1784 5347 1848 5398 ὲκ

1964 4533 2084 4587 quae
2114 4517 2253 4572 Deus
2286 4519 2514 4573 consilia
2537 4529 2790 4589 ceperat,
2843 4531 2898 4575 et
2925 4521 3307 4591 praenuntiavit
3353 4536 3439 4584 ea,
3471 4531 3527 4578 et

1963 4613 2249 4683 praedixit?
2300 4612 2598 4668 Manifesta:
2639 4613 2783 4667 enim
2839 4621 2967 4668 sunt
3015 4611 3311 4683 Scriptura:
3343 4614 3475 4684 legis
3505 4655 3524 4678 ,

1963 4720 2083 4775 quae
2105 4719 2135 4758 a
2164 4704 2434 4775 principio
2467 4705 2758 4759 adventum
2788 4703 2907 4758 Filii
2938 4711 3229 4759 testantur.
3291 4703 3346 4759 Si
3378 4705 3524 4760 enim

1964 4798 2145 4853 dicent
2171 4806 2359 4871 contra
2383 4813 2446 4852 ea
2473 4814 2596 4868 quae
2623 4798 2677 4852 in
2707 4797 2998 4853 manifesto
3034 4806 3182 4859 sunt,
3217 4798 3525 4868 loquentes,

1963 4904 2071 4944 non
2090 4889 2487 4960 praenuntiasse
2517 4891 2901 4961 legem,neque
2933 4890 3224 4960 prophetas
3247 4889 3531 4961 ιιι-διεξειιὶ-

1964 4981 2190 5049 ﬁcasse;
2223 4982 2618 5052 redarguentur
2648 4999 2758 5038 non
2789 4999 2821 5037 a
2855 4985 3013 5039 nobis
3041 4983 3244 5038 nostris
3277 4981 3527 5041 confuta-

1964 5074 2226 5138 tiouibus,
2243 5075 2338 5130 sed
2367 5075 2436 5129 ab
2460 5075 2592 5144 ipsis
2605 5073 2912 5145 Evangeliis
2929 5075 3133 5145 apertis
3148 5074 3365 5140 verbis;
3397 5088 3525 5129 cum

1963 5165 2160 5233 ubique
2177 5165 2435 5230 clamant,
2453 5179 2600 5218 nunc
2625 5164 2864 5234 quidem,
2890 5171 2946 5218 ut
2975 5163 3262 5232 impleatur
3283 5147 3427 5232 quod
3448 5163 3526 5215 di-

1958 5263 2105 5308 ctum
2145 5264 2228 5309 est
2259 5269 2356 5324 per
2403 5253 2594 5316 Isaiam
2632 5255 2974 5324 prophetam,
3010 5269 3155 5308 nunc
3198 5267 3326 5308 vero
3361 5250 3529 5308 :Non

1959 5348 2072 5400 veni
2089 5348 2284 5401 solvere
2311 5347 2490 5417 legem,
2511 5345 2600 5400 sed
2619 5346 2830 5415 implere
2847 5345 2908 5402 ³³.
2931 5344 2988 5400 Si
3009 5355 3137 5401 vero
3158 5360 3224 5401 ex
3239 5343 3326 5402 his
3341 5344 3533 5402 convi-

360 5498 406 5528 ³⁰
441 5495 600 5553 Rom.
637 5513 709 5562 ιι,
751 5496 859 5552 7-9.
936 5497 977 5528 ³¹
1019 5495 1181 5554 Hebr.
1217 5513 1268 5562 ι,
1301 5498 1354 5552 5.
1431 5500 1475 5532 ³⁸
1510 5497 1668 5556 Joan.
1703 5515 1848 5565 xvii,

1968 5545 1972 5556 .
2049 5501 2095 5533 ³³
2133 5501 2321 5556 Matth.
2359 5518 2412 5567 ν,
2453 5503 2538 5558 17.

285 5671 406 5727 qua:
439 5655 599 5725 paulo
638 5661 759 5708 ante
799 5666 987 5707 auctor
1008 5653 1142 5707 dixit
1175 5673 1186 5708 :
1233 5655 1500 5721 Quomodo
1534 5656 1807 5725 unicuique
1844 5655 2012 5711 reddit
2034 5657 2316 5713 secundum
2341 5673 2497 5728 Opera
2521 5659 2844 5717 sua.’—-Iis
2872 5663 2959 5735 qui
2984 5662 3290 5729 secundum,
3319 5670 3430 5718 etc.
