3992 6934
749 257 889 314 1219

1867 258 2004 315 τιτι
2039 256 2468 316 BOSTRENSIS
2506 254 2808 313 EPISCOPI

3751 267 3819 324 l2!

672 453 677 459 ς
745 378 922 442 novit,
955 385 1008 432 et
1039 377 1399 433 ministerium
1446 379 1762 450 passionum
1802 394 2032 434 suarum
2069 380 2126 435 in
2161 394 2248 450 pm

2243 390 2320 435 rte
2343 388 2390 445 Α
2415 379 2597 432 κονίαν
2623 375 2813 432 ἑαυτοῦ
2847 373 2957 427 τῶν
2984 373 3318 446 παθημάτων
3359 375 3413 428 ὲν
3451 375 3586 446 μέρει
3613 379 3819 449 εὐαγπῆ

695 466 700 471 ’
743 465 1022 538 Evangelii
1047 469 1269 526 metitur
1287 471 1365 538 ’7;
1421 472 1498 524 ait
1526 472 1670 526 enim
1702 491 1714 526 :
1751 471 2046 527 Secundum
2084 471 2271 542 Evangt

2242 490 2322 542 ge.
2418 474 2639 542 μετρεῖ·
2693 469 2828 541 φησὶ
2864 468 2994 539 γάρ·
3040 466 3200 520 Κατὰ
3240 465 3310 520 τὸ
3351 468 3667 537 Euan-uter
3686 476 3818 539 μουίρι

743 559 876 615 lium
895 575 1064 614 meum
1090 575 1183 628 per
1211 560 1392 615 Iesum
1422 561 1766 629 Christum",
1809 580 1912 620 nos
1953 580 2130 635 neque
2169 569 2319 635 prin-

739 658 888 728 cipia
916 657 1161 728 Apostoli
1208 662 1690 728 pmtermittemus
1721 681 1735 716 :
1771 662 1903 732 quin
1951 662 2041 715 illa
2078 677 2318 718 comme-

739 763 1019 804 moremus
1051 758 1108 809 ut
1135 766 1326 806 onmes
1347 749 1675 822 Scripturas,
1697 763 1750 808 et
1770 754 2031 824 principia
2066 754 2314 825 Scriptu-

737 853 925 893 rarum
979 849 1376 908 percurrentes,
1418 859 1524 896 una
1573 859 1761 897 eorum
1820 859 1952 900 voce
1992 845 2162 916 legem
2199 846 2316 902 dis-

739 945 1054 998 pensemus.
1101 930 1362 988 Scribens
1397 934 1562 1003 igitur
1590 933 1831 990 Hebraeis
1865 937 1945 991 sic
1981 937 2056 990 ait
2094 956 2106 991 :
2137 938 2318 992 Multi-

739 1023 937 1092 fariam
973 1023 1250 1094 multisque
1286 1025 1456 1079 modis
1484 1026 1609 1079 olim
1658 1026 1794 1082 Deus
1833 1029 2044 1100 loquens
2070 1031 2311 1100 patribus

739 1113 793 1166 in
812 1112 1096 1180 prophetis,
1122 1116 1400 1169 novissime
1427 1115 1614 1172 diebus
1654 1119 1772 1174 istis
1802 1120 2004 1175 locutus
2043 1130 2124 1176 est
2162 1123 2312 1176 nobis

738 1202 793 1254 in
822 1200 983 1264 Filio,
1010 1220 1159 1273 quem
1200 1207 1473 1260 constituit
1511 1208 1765 1263 Itazredem
1809 1212 2191 1277 universorum,
2222 1229 2314 1282 per

736 1309 886 1362 quem
919 1305 969 1348 et
989 1297 1186 1350 swcula
1218 1297 1409 1366 fecit”.
1446 1298 1560 1354 Hoc
1591 1302 1646 1354 in
1672 1303 1791 1356 loco
1819 1302 2033 1360 Patrem
2061 1305 2186 1359 Filii
2215 1321 2310 1360 co-

736 1388 942 1455 gnovit.
1007 1400 1062 1442 et
1100 1389 1310 1446 Patrem
1350 1391 1470 1446 Filii
1509 1409 1868 1464 cognoscens,
1924 1413 2032 1452 non
2078 1401 2312 1468 partitur

736 1493 874 1541 rem,
905 1497 1013 1535 non
1051 1490 1192 1537 tacet
1223 1484 1289 1538 de
1320 1486 1580 1556 antiquis,
1626 1504 1733 1541 non
1763 1491 1988 1544 ascribit
2013 1491 2150 1546 alios
2191 1507 2315 1561 pro-

734 1569 948 1638 phetas,
1001 1574 1096 1628 sed
1151 1574 1315 1632 Deum
1371 1577 1780 1647 prephetarum,
1816 1588 1868 1634 et
1910 1579 2124 1636 Patrem
2159 1579 2306 1638 Filii.

732 1657 936 1717 Paulus
973 1677 1078 1716 non
1108 1665 1341 1733 partitus
1372 1674 1478 1731 est,
1513 1684 1689 1738 neque
1731 1669 1950 1736 divisit;
1985 1671 2096 1725 imo
2133 1680 2307 1726 totum

2427 561 2624 630 Ἰησοῦ
2660 559 2953 629 Χριστοῦσ
2989 559 3150 628 inuis
3181 557 3313 629 μηδὲ
3348 558 3439 621 τὰς
3477 559 3626 630 ἀρχὰς
3648 562 3713 615 τοῦ
3738 568 3818 621 “tu.

2415 654 2602 707 στόλου
2639 651 3103 725 παραλείψωμεν,
3155 649 3294 704 ἀλλὰ
3336 652 3578 706 κάκείνων
3610 658 3673 718 είς
3704 663 3818 730 μνήμῃ

2415 743 2653 815 ἔλθωμεν
2671 785 2686 809 ,
2733 745 2842 807 ἴνα,
2885 743 3064 806 πάσας
3103 742 3206 803 τὰς
3245 743 3462 814 Γραφὰς
3496 746 3579 799 καὶ
3614 748 3739 818 ἀρχὰς
3769 757 3814 806 τέτ

2412 836 2643 908 Γραφῶν
2668 835 3045 908 παρελθόντες,
3089 838 3156 907 τῇ
3190 838 3474 908 ὁμοφωνίᾳ
3510 839 3595 892 τοῦ
3618 842 3835 911 ﬁumen.

2412 928 2756 998 νομήσωμεν.
2785 927 3014 997 Γράφων
3060 926 3158 997 μὲν
3204 929 3315 990 τοῖς
3356 927 3612 998 Ἑϐραίοις,
3647 909 3835 1034 etimit-1

2411 1033 2527 1085 γειο
2571 1018 2926 1087 Πολυμερῶς
2972 1019 3072 1073 καί
3113 1020 3496 1087 πολυτρόπως
3527 1021 3676 1074 πάλαι
3706 1028 3727 1076 o’
3752 1018 3835 1092 uel

2410 1108 2693 1175 λαλήσας
2730 1109 2853 1176 τοῖς
2886 1109 3182 1180 πατράσιν
3214 1109 3284 1162 ἐν
3323 1110 3445 1176 τοῖς
3486 1113 3752 1181 προφήταις,
3776 1119 3814 1170 ἐτ’

2409 1200 2682 1270 ἐσχάτων
2710 1202 2830 1255 τῶν
2868 1204 3102 1272 ἡμερῶν
3142 1205 3368 1256 τούτων
3402 1203 3662 1271 ἐλάλησεν
3687 1199 3813 1280 milia

2419 1291 2549 1356 Υὶῷ,
2585 1291 2656 1346 ὃν
2686 1280 2863 1360 ἔθηκε
2893 1298 3271 1363 κληρονόμον
3319 1295 3561 1358 πάντων,
3611 1295 3670 1349 δι’
3703 1294 3749 1351 οὗ

2408 1383 2658 1451 ἐποίησε
2685 1385 2825 1449 τοὺς
2856 1384 3108 1451 aliIn/ag"
3146 1386 3378 1440 ἐνταῦθα
3409 1387 3600 1457 Πατέρα
3620 1383 3718 1440 οἶδεν
3735 1380 3800 1457 li
3833 1380 3835 1384 6

2410 1482 2502 1532 καὶ
2541 1479 2759 1551 Πατέρα
2805 1481 3162 1552 ἐπιστάμενος
3214 1480 3361 1543 Υίοῦ,
3387 1480 3446 1532 οὐ
3483 1481 3655 1551 μερίζει
3683 1482 3724 1533 τὸ

2408 1587 2543 1641 γμα,
2577 1571 2638 1624 οὐ
2669 1573 2849 1642 σιωπᾷ
2887 1572 3015 1643 περὶ
3049 1571 3158 1624 τῶν
3186 1571 3448 1634 παλαιῶν,
3474 1573 3526 1624 οὐ
3553 1570 3780 1643 προφήτης
3815 1570 3836 1597 ’³

2413 1637 2534 1732 ρους
2565 1637 2925 1734 προσγράςςει,
2960 1637 3103 1716 ,ἀλλὰ
3135 1663 3268 1716 Θεὸν
3298 1637 3774 1844 «poemata-xale
3816 1683 3820 1687 '

2413 1753 2536 1807 Υίοῦ
2557 1771 2571 1786 ⁸
2607 1757 2701 1808 καὶ
2737 1757 2766 1808 6
2797 1755 2894 1826 μὲν
2925 1754 3136 1819 Παῦλος
3172 1757 3234 1808 οὐ
3271 1756 3567 1826 μεμέρικεν,
3589 1756 3680 1808 οὔτε
3700 1758 3748 1816 δ’,

731 1753 1179 1822 praedicat,illum
1214 1757 1432 1826 quidem
1455 1773 1486 1811 a
1521 1761 1799 1830 prophetis
1821 1762 2126 1826 adoratum,
2150 1763 2295 1819 hunc

2171 1779 2295 1819 Iunc
2334 1752 2376 1810 Β
2405 1753 2536 1807 Υίοῦ
2557 1771 2571 1786 ⁸
2607 1757 2701 1808 καὶ
2737 1757 2766 1808 6
2797 1755 2894 1826 μὲν
2925 1754 3136 1819 Παῦλος
3172 1757 3234 1808 οὐ
3271 1756 3567 1826 μεμέρικεν,
3589 1756 3680 1808 οὔτε
3700 1758 3747 1816 διε

730 1861 863 1900 vero
893 1855 1048 1916 partu
1080 1847 1321 1915 editum;
1368 1857 1530 1920 atque
1591 1851 1756 1922 hujus
1793 1853 2014 1923 quidem
2055 1855 2295 1925 Patrem,

730 1938 825 2008 qui
858 1938 979 1995 illos
1012 1940 1200 1996 habuit
1251 1942 1589 2007 adoratores,
1615 1951 1670 1999 et
1715 1945 1819 2000 sibi
1866 1949 2160 2018 supplices.
2200 1951 2300 2008 Cui

729 2031 875 2085 enim
910 2034 1185 2102 supplices
1209 2043 1337 2090 sunt
1367 2037 1443 2091 illi
1471 2038 1767 2108 prophetae,
1806 2039 1970 2110 hujus
2010 2040 2181 2099 Filius
2219 2055 2302 2101 est

729 2123 1004 2180 Christus.
1041 2123 1097 2180 Si
1125 2137 1303 2182 autem
1331 2127 1530 2184 Filium
1570 2131 1830 2199 honoras,
1883 2149 1978 2189 eos
2024 2151 2156 2190 vero
2205 2139 2301 2207 qui

728 2215 878 2270 Patri
897 2218 1226 2287 supplicant,
1247 2235 1478 2276 accusas
1499 2237 1552 2277 ει
1567 2224 1831 2280 conviciis
1863 2226 2176 2293 insectaris,
2202 2245 2298 2287 ore

725 2305 890 2361 ell'ers
926 2323 1046 2377 qua:
1071 2309 1152 2363 vis
1191 2327 1204 2362 :
1234 2321 1524 2366 succenset
1544 2309 1747 2378 Filius;
1791 2328 1898 2366 non
1931 2315 2134 2383 patitur
2158 2331 2298 2370 con-

727 2401 952 2456 tumelia
987 2399 1198 2454 Patrem
1229 2400 1382 2460 allici.
1443 2399 1500 2456 Si
1534 2403 1681 2458 enim
1715 2403 1876 2461 Pater
1907 2405 2030 2461 Filii
2063 2407 2299 2464 inhono-

727 2493 996 2546 rationem
1027 2506 1180 2545 suam
1210 2492 1382 2557 ducit,
1433 2500 1638 2562 quanto
1673 2495 1844 2566 magis
1892 2494 2064 2552 Filius
2102 2506 2300 2555 contu-

723 2584 941 2639 meliam
970 2583 1152 2638 Patris
1173 2585 1436 2640 vilitatem
1469 2601 1625 2640 suam
1653 2599 1775 2643 esse
1805 2588 2118 2658 reputabit?

2403 1845 2518 1899 ἀλλ’
2570 1845 2667 1899 ἕνα
2712 1845 2744 1916 ἢ
2789 1845 2880 1898 τὸν
2924 1846 3086 1898 αὑτὸν
3143 1845 3422 1917 κηρύττει,
3473 1846 3554 1898 (π’
3590 1846 3756 1916 ἐκείνως1
3795 1869 3798 1872 ~

2403 1936 2864 2010 προσκυνηθέντα,
2914 1937 3101 1992 τοῦτον
3147 1937 3206 1990 δὲ
3255 1937 3598 1991 τεκνωθέντα’
3623 1921 3750 2010 καὶᾷ
3830 1945 3835 1950 ’

2405 1947 2864 2010 προσκυνηυεντα,
2914 1950 3101 1992 τουτον
3147 1947 3206 1990 δὲ
3255 1947 3598 1991 τεκνωθέντα’
3623 1947 3690 1991 καὶ
3727 1997 3732 2006 ε

2405 2031 2504 2103 μὲν
2526 2032 2838 2102 γεννήτορα,
2866 2031 3093 2093 ἐκείνοις
3119 2029 3174 2082 δὲ
3198 2033 3580 2101 προσκυνηταῖς
3787 2035 3790 2039 ’

2401 2097 2776 2193 ἀρηοίάμενοννο
2809 2113 2870 2176 οὗ
2901 2121 3011 2192 γάρ
3037 2123 3174 2174 εἰσιν
3210 2097 3417 2174 οίκέται
3441 2097 3484 2174 οἱ
3509 2097 3733 2192 προφῆταιξ
3791 2157 3824 2163 -.

2402 2231 2494 2266 του
2527 2213 2676 2266 ἐστὶν
2696 2213 2823 2277 Υἱὸς
2845 2213 2873 2264 6
2910 2213 3162 2284 Χριστός.
3194 2214 3257 2266 Ei
3287 2212 3343 2265 δὲ
3370 2214 3458 2265 τὸν
3488 2212 3594 2264 Υἱδν
3614 2211 3727 2292 tim

2398 2303 2455 2357 δὲ
2510 2304 2723 2367 οἰκέτας
2763 2303 3065 2368 διαϐάλλεις
3114 2305 3213 2357 καὶ
3273 2303 3551 2372 λοιδορεῖς,
3591 2305 3652 2374 τῷ
3686 2301 3723 2358 tl
3769 2351 3798 2360 α
3834 2347 3835 2350 η

2399 2396 2609 2468 φθέγγῃ
2643 2395 2678 2450 ἃ
2715 2395 2926 2466 βούλειο
2965 2397 3118 2467 ὁρᾷς,
3159 2397 3251 2449 ὅτι
3289 2396 3567 2464 ἀγανακτεί
3596 2397 3618 2449 6
3649 2389 3722 2450 Υἱίί

2398 2487 2648 2559 ἀνέχεται
2686 2487 2898 2560 Πατρὺς
2937 2487 3319 2560 ὑϐριζομένου.
3356 2491 3418 2544 El
3457 2488 3598 2560 τὰρό
3833 2540 3835 2548 .

2395 2579 2492 2632 τοῦ
2535 2580 2663 2634 Υίοῦ
2713 2581 2937 2652 ἀτιμίαν
2983 2579 3118 2633 ίδίαν
3165 2580 3700 2652 ἀτιμίανιλελόγιστιιι,
3777 2619 3780 2622 .

2407 2671 2605 2744 μᾶλλον
2641 2675 2668 2728 ὁ
2704 2673 2831 2738 Υἱὸς
2854 2672 2950 2745 τὴν
2983 2672 3078 2726 τοῦ
3121 2673 3338 2745 Πατρὸς
3365 2672 3511 2745 ὕϐριν
3535 2671 3640 2726 ίδίαν
3653 2667 3692 2724 εί

2403 2763 2658 2834 λογιεῖται
2681 2783 2698 2832 ;
3554 2785 3558 2789 ·

1319 2854 1448 2910 CAP.
1489 2853 1553 2908 ν.
1596 2854 1771 2910 Varia:
1797 2855 2020 2911 luereses
2044 2857 2188 2911 circa
2223 2858 2411 2930 legem.
2435 2861 2564 2916 Tres
2601 2860 2840 2916 Itwretici
2868 2861 3030 2932 legem
3054 2861 3375 2930 vituperant.

791 2970 903 3027 Sed
953 2980 1012 3026 ut
1059 2971 1263 3027 sensim
1321 2980 1627 3043 pergentes,
1669 2973 1932 3043 paulatim
1984 2973 2052 3028 ad
2099 2973 2294 3029 erube-

2471 2976 2586 3029 Ἵνα
2633 2975 2690 3028 δὲ
2730 2977 2843 3040 καὶ,
2891 2977 3006 3030 κατ’
3043 2976 3225 3044 ὀλίγον
3273 2974 3560 3045 φοιτῶντες,
3594 2987 3667 3026 κατ

725 3065 988 3135 scendum
1019 3063 1432 3134 compellamus,
1470 3064 1551 3119 sic
1589 3063 1968 3134 aggrediemur
2002 3079 2296 3135 argumen-

2087 3081 2296 3135 gumen-
2322 3088 2365 3146 α
2396 3067 2830 3138 δυσωπήσωμεν,
2857 3067 3029 3130 οὕτως
3061 3067 3483 3145 ἐπιχειρίαωμεν
3508 3083 3520 3096 ·
3543 3064 3592 3116 ΕΞ
3621 3063 3663 3116 ἃ

721 3159 829 3211 tari
855 3177 873 3213 :
912 3155 967 3211 Si
1005 3155 1100 3210 Dei
1133 3163 1215 3210 est
1240 3156 1347 3216 lex.
1396 3169 1567 3225 quare
1597 3155 1765 3226 legem
1794 3171 1904 3210 non
1936 3156 2164 3210 tenent?
2197 3154 2294 3210 Sin

721 3266 852 3305 vero
904 3251 1075 3320 legem
1119 3249 1450 3314 criminaris,
1503 3247 1662 3317 cujus
1719 3248 1882 3302 verba
1941 3263 2004 3303 ac
2050 3262 2154 3302 vox
2209 3248 2295 3302 lex

718 3343 849 3398 est?
878 3341 1034 3411 cujus
1067 3348 1354 3410 potestate,
1395 3355 1518 3410 quae
1559 3341 1761 3410 scripta
1802 3347 1951 3404 sunt,
1999 3339 2176 3394 locuta
2209 3347 2294 3394 est

722 3435 853 3490 lex?
883 3432 981 3488 Hic
1001 3434 1213 3503 partitae
1257 3442 1384 3486 sunt
1409 3433 1644 3487 haereses
1675 3472 1690 3497 ,
1731 3447 1831 3487 nec
1850 3432 1963 3502 jam
1984 3446 2092 3486 uno
2129 3431 2292 3486 modo

719 3528 1175 3590 sermocinantes,
1201 3526 1295 3582 sed
1341 3526 1446 3581 sibi
1496 3533 1858 3596 repugnantes
1902 3539 2012 3578 :ac
2062 3522 2293 3579 Valenti-

719 3621 870 3675 niani
907 3621 1124 3688 quidem
1157 3620 1260 3687 sic,
1286 3618 1566 3674 Manichzei
1597 3633 1726 3674 vero
1745 3619 1923 3686 aliter,
1970 3634 2130 3676 secus
2153 3619 2292 3673 Mar-

715 3713 865 3768 cion.
903 3711 1092 3782 Sputa,
1121 3728 1230 3766 non
1251 3713 1412 3767 verba
1441 3713 1818 3767 testimonium
1848 3723 1975 3769 sunt
2002 3721 2194 3768 contra
2217 3714 2289 3768 le-

717 3820 862 3876 gem.
907 3801 1277 3859 Valentiniani
1301 3803 1542 3874 quidem,
1601 3800 1816 3870 Justus,
1868 3803 2142 3874 inquiunt,
2171 3815 2288 3860 erat

716 3896 862 3952 Deus
892 3896 1047 3968 legis;
1083 3905 1136 3951 et
1152 3911 1276 3950 cum
1296 3896 1483 3964 justus
1499 3900 1788 3958 esset,non
1811 3902 1929 3949 erat
1949 3893 2112 3949 Pater
2132 3894 2282 3949 Filii.

711 3988 895 4056 Jesus,
945 3989 1216 4060 inquiunt,
1245 3987 1439 4052 bonus,
1481 3987 1656 4041 bonus
1683 3995 1861 4040 autem
1893 3993 1949 4040 et
1983 3983 2184 4053 Pater;
2220 4002 2285 4042 ac

713 4080 876 4138 Pater
908 4082 1126 4152 quidem
1151 4081 1325 4136 bonus
1353 4095 1368 4145 ;
1397 4088 1451 4134 et
1477 4079 1677 4134 bonum
1711 4077 1854 4149 quod
1883 4078 2124 4148 genitum
2155 4089 2237 4134 est
2265 4095 2280 4145 ;

713 4176 858 4232 Deus
885 4185 1014 4230 vero
1061 4174 1196 4244 legis
1253 4173 1460 4242 justus.
1525 4171 1727 4226 Taliter
1778 4171 2108 4225 disserentes
2169 4185 2276 4223 non

712 4269 1112 4333 intellexerunt,
1130 4267 1342 4338 qualem
1362 4263 1736 4321 habitudinem
1755 4263 1948 4317 habeat
1974 4262 2182 4332 justum
2213 4262 2280 4315 ad

2403 3177 2521 3231 μος,
2557 3159 2698 3214 διατί
2740 3161 2800 3213 οὐ
2845 3160 3240 3232 παραδέχονται
3284 3161 3376 3214 τὸν
3414 3159 3586 3228 νόμονς
3616 3155 3660 3208 ΕΙ

2396 3249 2610 3315 ϐάλλεις
2653 3251 2744 3304 τὸν
2788 3252 2968 3322 νόμον,
3019 3253 3163 3316 τίνος
3214 3254 3432 3325 ῥήματα
3469 3252 3548 3305 καὶ
3586 3265 3660 3318 φωκ

2397 3357 2535 3412 μος;
2582 3341 2727 3405 τίνος
2774 3342 3000 3413 δυνάμει
3046 3341 3117 3394 τὰ
3161 3344 3515 3414 γεγραμμένα
3547 3335 3651 3408 παρὰ

2395 3452 2495 3506 μου
2523 3434 2846 3506 λελάληταις
2887 3435 3150 3489 Ἐνταῦθα
3198 3437 3311 3508 γὰρ
3354 3437 3408 3488 al
3443 3433 3654 3504 αἱρέσειςί

2391 3545 2499 3592 ται,
2559 3529 2652 3582 καὶ
2703 3529 2884 3582 οὐκέτι
2941 3531 3101 3599 ὅμοια
3161 3527 3521 3596 διαλέγονται·
3563 3515 3642 3578 ἀλλ’

2394 3621 2692 3692 μαχόμεναο
2725 3621 2818 3674 καὶ
2861 3620 3296 3674 Οὐαλεντινιανοὶ
3351 3620 3442 3691 μὲν
3481 3611 3590 3680 ὦδε,
3625 3613 3645 3668 l

2389 3708 2526 3778 ὧδε,
2559 3713 2782 3784 ἑτέρωθι
2827 3713 2884 3766 δὲ
2931 3715 3218 3786 Μαρκίων.
3275 3713 3563 3784 Πτύσματα,
3591 3723 3636 3761 ιιι

2391 3823 2536 3876 ματα
2588 3805 2728 3858 κατὰ
2776 3803 2869 3858 τοῦ
2912 3805 3077 3877 νόμου
3129 3805 3492 3879 μαρτυροῦσι·
3533 3802 3636 3855 xui!

2387 3896 2557 3951 νιανοὶ
2596 3897 2714 3966 μὲν,
2765 3897 3006 3962 Δίκαιος,
3040 3899 3224 3967 φασὶν,
3266 3895 3334 3968 ἦν
3375 3901 3402 3952 6
3435 3894 3515 3950 τοῦ
3553 3893 3628 3964 νόει

2386 3989 2481 4043 καὶ
2525 3989 2727 4055 δίκαιος
2774 3988 2882 4054 ὢν,
2925 3991 2987 4042 οὐ
3046 3989 3237 4062 Πατὴρ
3284 3986 3352 4064 ἦν
3400 3988 3485 4043 τοῦ
3521 3983 3618 4040 Υίοῦ

2386 4084 2548 4152 φασὶν
2574 4124 2589 4147 ,
2645 4082 2882 4151 ἀγαθός’
2949 4082 3153 4150 ἀγαθὸς
3196 4082 3256 4136 δὲ
3313 4081 3402 4136 καὶ
3445 4082 3471 4133 6
3509 4075 3618 4133 IIm'

2387 4176 2486 4247 μὲν
2523 4175 2616 4229 τοῦ
2656 4174 2786 4229 Υίοῦ
2834 4176 3022 4247 Πατὴρ
3069 4175 3309 4244 ἀγαθὸς,
3348 4174 3435 4230 καὶ
3477 4168 3620 4241 ἀγαθὲ

2382 4269 2642 4342 νώμενον,
2677 4271 2705 4324 6
2736 4270 2793 4323 δὲ
2815 4268 2910 4322 τοῦ
2942 4269 3107 4340 νόμου
3135 4269 3360 4333 δίκαιος·
3396 4267 3480 4321 καὶ
3505 4261 3614 4317 τοιαί

711 4363 946 4430 bonum;
977 4376 1154 4431 neque
1202 4359 1268 4415 de
1317 4374 1383 4414 eo
1414 4359 1819 4429 cogitaverunt,
1867 4356 2013 4426 quod
2067 4356 2114 4410 si
2149 4355 2279 4425 quid

2067 4356 2114 4410 si
2149 4355 2279 4425 quid
2314 4430 2336 4433 _
2382 4362 2621 4433 γόμενοι,
2655 4361 2772 4415 οἵαν
2803 4363 2987 4432 σχέσιν
3018 4362 3079 4414 τὸ
3111 4361 3316 4415 δίκαιον
3349 4359 3472 4432 πρὸς
3503 4355 3554 4408 τὸ
3579 4354 3617 4407 ἁ·

704 4455 942 4524 justum,
970 4430 1135 4510 estet
1165 4452 1402 4517 bonum;
1433 4459 1487 4505 et
1539 4450 1586 4506 si
1637 4449 1767 4521 quid
1820 4448 2025 4503 bonum
2047 4487 2062 4513 ,
2109 4456 2194 4503 est
2228 4459 2280 4502 et

2047 4487 2062 4513 ,
2109 4456 2194 4503 est
2228 4459 2282 4502 et
2314 4430 2358 4487 υ
2384 4455 2443 4507 οὐ
2469 4456 2753 4525 νενοὴκασι
2773 4471 2786 4483 ·
2814 4455 2910 4508 καὶ
2938 4455 3040 4519 ὅτι,
3073 4454 3203 4506 εἴτι
3231 4455 3447 4515 δίκαιον,
3474 4448 3554 4502 καὶ
3575 4444 3609 4498 ἁ·

704 4549 940 4617 justum.
965 4547 1102 4603 Cum
1129 4555 1307 4602 autem
1339 4544 1650 4613 hujusmodi
1681 4542 2042 4614 c0gitationes
2088 4541 2274 4596 conci-

707 4645 838 4709 pere
863 4654 973 4694 non
1003 4639 1296 4709 potuerint.
1325 4637 1427 4692 hoc
1473 4637 1650 4691 solum
1689 4651 1785 4691 eos
1816 4634 2222 4704 interrogemus
2260 4653 2272 4687 :

709 4725 769 4786 Si
791 4731 975 4802 justus
1001 4739 1084 4785 est
1111 4728 1253 4782 Deus
1283 4728 1436 4798 legis,
1470 4735 1526 4781 et
1547 4741 1656 4782 non
1687 4734 1772 4782 est
1805 4724 1966 4781 Pater
1990 4724 2137 4797 Filii,
2162 4739 2275 4779 non

705 4826 794 4876 est
824 4819 1008 4888 justus
1035 4817 1194 4874 Jesus
1221 4836 1235 4871 ε
1269 4824 1323 4872 et
1359 4815 1633 4886 quomodo
1659 4814 1932 4884 justitiam
1967 4830 1996 4867 a
2021 4813 2161 4867 Filio
2189 4829 2278 4868 re-

706 4913 1012 4984 quirimus?
1038 4913 1085 4969 si
1118 4927 1226 4966 non
1248 4918 1332 4966 est
1355 4909 1569 4981 genitus
1603 4923 1633 4962 a
1657 4909 1829 4978 justo,
1866 4907 2144 4978 quomodo
2181 4907 2274 4976 ju-

703 5003 884 5060 dicat?
914 5001 1185 5074 quomodo
1211 5001 1416 5071 judicio
1457 4999 1739 5054 decernit?
1791 4999 2064 5068 quomodo
2124 5011 2275 5051 com-

703 5093 932 5149 missum
956 5101 1040 5148 est
1063 5092 1114 5147 ei
1149 5106 1181 5146 a
1223 5090 1383 5146 Patre
1412 5089 1683 5144 tribunal?
1733 5086 2012 5160 quomodo
2051 5085 2270 5141 unicui-

702 5199 808 5255 que
835 5184 1013 5240 reddit
1041 5183 1342 5239 secundum
1371 5196 1535 5252 opera
1563 5181 1700 5235 sua?
1753 5180 2027 5251 quomodo
2077 5194 2266 5233 verum

699 5283 784 5331 est
811 5275 956 5347 quod
979 5275 1055 5329 ait
1086 5273 1324 5330 Paulus:
1374 5271 1452 5328 Iis
1498 5273 1589 5344 qui
1619 5274 1903 5327 secundum
1949 5271 2262 5340 patientiam

701 5364 822 5421 boni
861 5367 1030 5436 operis
1068 5366 1296 5438 gloriam
1337 5375 1389 5420 et
1429 5364 1674 5418 honorem
1723 5372 1774 5418 et
1821 5362 2266 5431 incorruptionem

2383 4544 2437 4598 εἴ
2461 4562 2514 4596 τι
2546 4544 2768 4612 ἀγαθὸν,
2787 4543 3013 4607 δίκαιον,
3044 4544 3151 4597 οὐδ’
3179 4546 3237 4596 ἐν
3268 4540 3513 4614 φαντασίᾳ
3535 4534 3598 4589 εί]

2380 4634 2664 4706 δυνάμενοι
2702 4635 2758 4688 δὲ
2797 4635 3053 4698 τοιαύτας
3085 4637 3380 4705 φαντασίας
3400 4633 3543 4702 ἔχειν,
3573 4641 3603 4679 τ

2382 4725 2797 4796 ὲρωτάσθωσαν·
2824 4727 2886 4780 Εί
2919 4725 3126 4791 δίκαιος
3164 4730 3192 4781 6
3227 4725 3319 4780 τοῦ
3346 4725 3494 4794 νόμου
3521 4717 3598 4772 Θεί

2380 4813 2495 4868 ἐστι
2528 4817 2717 4888 Πατὴρ
2750 4815 2842 4870 τοῦ
2865 4817 3015 4881 Υίοῦ,
3045 4819 3145 4871 οὐκ
3177 4818 3291 4870 ἐστι
3311 4813 3541 4875 δίκαιοςό
3571 4807 3593 4854 '3

2377 4907 2494 4971 πῶς
2534 4909 2633 4980 τὴν
2674 4909 3015 4979 δικαιοσύνην
3046 4909 3155 4963 ἀπὸ
3184 4908 3277 4962 τοῦ
3310 4905 3428 4960 Υἱοῦ
3457 4905 3588 4956 amr.

2373 4999 2435 5050 οὐ
2465 4997 2784 5068 γεγέννηται
2817 4999 2924 5052 ἀπὸ
2953 4999 3050 5053 τοῦ
3077 4999 3306 5061 δικαίου,
3335 4997 3441 5055 πῶς
3464 4991 3580 5064 κρίνε

2374 5088 2567 5154 κὰζει;
2603 5090 2717 5153 πῶς
2745 5091 2805 5143 τὸ
2837 5090 2986 5161 βῆμα
3015 5092 3403 5162 ὲγκεχείρισται
3427 5083 3518 5139 ἀπὸ
3539 5097 3572 5132 τι

2374 5181 2492 5245 πῶς
2511 5181 2726 5252 ἑκάστῳ
2750 5180 3037 5235 ἀποδίδωσι
3066 5183 3201 5254 πρὸς
3229 5182 3263 5237 ἃ
3283 5176 3492 5252 ἔπραξεῖ
3518 5171 3570 5224 πί

2373 5270 2606 5336 Παῦλος,
2651 5271 2844 5341 λέγων,
2899 5273 3026 5340 Τοῖς
3063 5273 3181 5344 μὲν
3229 5272 3349 5328 καθ’
3397 5271 3558 5332 ὑπομο

2372 5362 2596 5432 ἀγαθοῦ
2623 5360 2864 5431 ζητοῦσι
2888 5363 3041 5433 ζωὴν
3068 5364 3318 5420 αἰώνιον*
3347 5360 3444 5433 (55)
3467 5359 3497 5410 ὁ.
3525 5351 3557 5404 Θ

768 5521 814 5553 ’ν
850 5523 1060 5581 Coloss.
1098 5541 1146 5588 ι,
1178 5523 1268 5578 24.
1345 5524 1391 5556 ⁸⁸
1429 5522 1586 5580 Rom.
1623 5539 1697 5588 ιι,
1734 5520 1822 5577 l6.
1899 5522 1946 5553 ²⁹
1986 5519 2150 5578 Hebr.
2213 5537 2269 5586 ι,
2305 5519 2356 5585 l,
2390 5518 2447 5572 2.

767 5635 888 5762 (ε’)δέ
919 5639 983 5690 '0
999 5639 1140 5706 Θεὸς
1165 5638 1448 5708 συνεργεῖ
1469 5642 1554 5704 είς
1582 5639 1826 5708 ἀγαθόν.
1859 5635 1916 5690 ln
1942 5645 2090 5690 textu
2112 5633 2254 5687 Pau-

767 5720 806 5762 l0
889 5723 996 5762 om.
1039 5725 1097 5762 ιι.
1138 5711 1250 5762 7-9.
1298 5727 1408 5762 non
1440 5719 1654 5762 exstant
1697 5710 1806 5762 haec
1844 5708 2006 5762 verba
2037 5727 2049 5762 :
2078 5720 2252 5762 ueuue

689 5715 806 5772 uno
840 5708 996 5764 Rom.
1039 5725 1097 5765 ιι.
1138 5711 1250 5766 7-9.
1298 5727 1408 5764 non
1440 5719 1654 5766 exstant
1697 5710 1806 5763 haec
1844 5708 2006 5763 verba
2037 5727 2049 5762 :
2078 5720 2252 5775 neque

2358 5649 2422 5689 ea
2452 5649 2584 5689 sane
2604 5634 2825 5706 legebat
2860 5633 3150 5703 interpres.
3179 5633 3326 5701 Quin
3356 5627 3548 5706 εῐλῐηρίλ

2363 5706 2481 5761 loco
2530 5698 2804 5760 videntur.
2859 5698 3105 5776 Apostoli
3149 5698 3290 5762 enim
3323 5698 3480 5758 verbis
3514 5708 3541 5762 Ρ
