4116 6332
308 315 440 374 l223

1353 313 1722 370 ADVERSUS
1763 311 2187 370 MANICHEOS
2227 311 2358 370 LlB.
2386 311 2476 367 lll.

3398 300 3537 360 1225

304 438 380 507 τῷ
421 433 542 505 ᾄδῃ,
574 433 672 503 τὴν
705 432 918 502 ἔγερσιν
951 430 1139 502 αὐτὴν,
1185 431 1243 483 τὸ
1285 431 1589 484 τελευταῖον
1635 431 1731 484 καὶ
1773 431 1868 502 τὴν

1996 431 2267 492 ιιευιιπιῖηὶ,
2315 436 2481 498 portte
2528 424 2838 490 (των-ποίεε,
2879 432 2928 477 et
2992 421 3230 476 introibit
3289 438 3383 477 rex
3431 424 3544 494 glo-

303 526 584 598 ἀνάληψιν·
615 525 735 577 τότε
763 522 870 594 γὰρ
898 522 1080 575 λοιπὸν
1110 523 1202 576 καὶ
1237 521 1505 594 βοήσεται·
1534 525 1734 591 Ἄρατε
1762 524 1871 576 πύ-

1975 525 2069 576 ria:
2090 523 2169 586 ";
2217 530 2344 575 tunc
2377 520 2636 590 adjunget
2669 518 2792 580 hoc,
2818 517 2963 586 quod
2997 531 3026 569 a
3077 513 3245 568 David
3276 515 3541 585 scriptum

299 622 434 682 λας,
483 619 534 669 οἱ
581 614 889 682 ἄρχοντες,
943 611 1127 681 ὑμῶν,
1179 615 1276 667 καὶ
1327 613 1641 682 ἐπάρθητε,
1689 615 1874 666 πύλαι

1996 624 2094 671 est:
2129 614 2280 668 Dixit
2342 613 2598 667 Dominus
2654 610 2878 664 Domino
2921 625 3032 662 meo
3058 647 3072 672 ,
3116 606 3302 662 Sedea
3343 605 3543 663 dextris

299 705 544 762 αὶώνιοι,
576 706 672 758 καὶ
699 705 1104 758 εἰσελεύσεται
1140 706 1172 756 ό
1206 705 1504 771 ,βασιλεὺς
1531 703 1636 772 τῆς
1670 704 1870 770 δόξης·

301 798 422 852 τότε
461 795 619 849 τοῦτο
655 797 950 868 προσθήσει
980 798 1073 850 καὶ
1102 797 1162 850 τὸ
1192 797 1572 869 γεγραμμένον
1604 798 1754 868 παρὰ
1780 796 1872 850 τοῦ

301 887 487 940 Δαϐίδ·
516 879 704 940 Εἶπεν
739 891 772 941 ὁ
809 889 1023 955 Κύριος
1059 889 1136 955 τῷ
1177 894 1370 957 Κυρίῳ
1402 907 1541 957 μου·
1574 888 1771 942 Κάθου
1808 889 1875 940 ἐκ

302 979 517 1043 δεξιῶν
542 998 684 1048 μου,
714 979 826 1046 ἕως
853 979 928 1034 ἂν
954 981 1035 1036 θῶ
1058 983 1198 1047 τοὺς
1228 983 1481 1051 ἐχθρούς
1510 998 1624 1035 σου
1657 980 1878 1034 ὑποπό-

301 1070 590 1130 διον-,τῶν
630 1071 832 1125 ποδῶν
860 1089 996 1127 σου.
1039 1074 1098 1125 Εἰ
1138 1069 1230 1126 οὖν
1260 1076 1288 1126 6
1319 1073 1479 1142 νόμος
1512 1071 1684 1133 οὕτως
1719 1071 1877 1142 ἠκρί-

304 1164 450 1217 6ωσε
469 1163 566 1234 τὴν
588 1164 768 1232 ἄφιξιν
794 1165 886 1218 τοῦ
917 1166 1047 1218 Υίοῦ
1074 1167 1167 1219 καὶ
1200 1165 1471 1238 μακρόθεν
1493 1163 1875 1236 προήγγειλεν,

303 1252 488 1306 οὐκέτι
536 1253 898 1318 διαϐάλλεται,
943 1256 1124 1309 οὐκέτι
1166 1255 1310 1326 ἄλλῳ
1350 1255 1778 1326 προσγράφεται.
1823 1254 1879 1306 Ὀ

304 1346 570 1415 γεννήσας
615 1347 1003 1418 προελὰλησεν·
1043 1351 1072 1400 6
1111 1347 1536 1418 βουλευσάμενος
1573 1346 1714 1417 λόγῳ
1757 1363 1881 1418 προ-

306 1434 466 1489 έλαϐε
489 1435 556 1488 τὰ
582 1437 902 1507 πράγματα·
929 1437 1061 1501 Θεὸς
1085 1438 1359 1508 ἐγέννησε·
1392 1437 1525 1499 Θεὸς
1549 1435 1713 1504 λέγει·
1753 1438 1881 1500 Υἱός

299 1542 422 1594 μου
450 1526 507 1579 εἷ
530 1526 633 1592 σὺ,
670 1527 784 1596 ἐγὼ
813 1528 1081 1597 σήμερον
1126 1515 1455 1597 γεγέννηκά
1485 1544 1579 1582 σε.
1613 1527 1745 1590 Θεὸς
1780 1527 1883 1579 ἀπ-

307 1619 516 1672 έστειλε
536 1636 548 1648 ·
586 1622 718 1685 Θεὸς
753 1622 840 1675 διὰ
864 1624 1106 1686 Μωσέως
1133 1623 1384 1692 ἐλάλησε·
1405 1620 1724 1690 Προφήτην
1742 1619 1884 1688 ὑμῖν

307 1710 639 1779 ἀναστήσει
664 1714 877 1783 Κύριος
899 1718 930 1768 ό
958 1715 1100 1780 Θεὸς
1137 1717 1204 1768 ἐκ
1240 1714 1355 1768 τῶν
1381 1713 1657 1782 ἀδελφῶν
1694 1709 1878 1779 ὑμῶν·

1978 710 2125 772 meis,
2155 707 2316 760 donec
2363 721 2555 774 ponam
2589 705 2828 757 inimicos
2874 712 2991 756 tuos
3028 700 3311 754 scabellum
3358 700 3546 768 pedum

1979 797 2273 853 tuorum“.
2328 797 2384 849 Si
2413 796 2579 866 igitur
2617 795 2702 848 lex
2747 793 2883 848 adeo
2935 793 3220 862 diligenter
3248 792 3543 846 adventum

1977 889 2101 942 Filii
2123 887 2434 958 descripsit,
2459 895 2513 940 et
2539 887 2835 956 longinquo
2865 894 3106 952 tempore
3133 893 3426 954 antequam
3455 899 3545 940 res

1977 982 2277 1045 evenirent,
2310 995 2404 1034 eas
2439 977 2864 1048 praenuntiavit,
2923 993 3032 1032 non
3060 976 3173 1044 jam
3209 984 3504 1031 accusatur
3528 1017 3543 1040 ,

1980 1074 2227 1142 nonjam
2284 1071 2439 1126 alteri
2492 1071 2808 1126 ascribitur.
2845 1069 2949 1134 Qui
2995 1070 3229 1139 genuit,
3278 1069 3548 1140 prmdixit.

1980 1169 2083 1234 Qui
2115 1166 2459 1228 deliberavit,
2486 1179 2574 1220 res
2607 1164 2755 1218 dicto
2784 1163 3122 1233 anticipavit.
3161 1162 3305 1218 Deus
3335 1163 3548 1233 genuit.

1985 1263 2124 1317 Deus
2153 1260 2284 1314 dicit
2318 1277 2331 1314 :
2364 1256 2540 1312 Filius
2574 1273 2718 1310 meus
2748 1271 2802 1308 es
2828 1265 2905 1317 tu,
2937 1271 3026 1325 ego
3053 1255 3203 1308 hodie
3225 1256 3376 1325 genui
3400 1263 3448 1308 te
3481 1253 3549 1306 “.

1983 1351 2129 1407 Deus
2158 1351 2304 1404 misit
2335 1366 2440 1403 me.
2473 1348 2614 1402 Deus
2645 1363 2740 1418 per
2763 1345 2999 1417 Moysem
3023 1347 3236 1402 locutus
3263 1355 3385 1402 est:
3419 1346 3556 1400 Pro-

1982 1445 2187 1514 phetam
2209 1442 2348 1497 vobis
2368 1440 2646 1495 suscitabit
2667 1439 2922 1493 Dominus
2945 1439 3080 1494 Deus
3106 1455 3170 1492 ea:
3193 1440 3452 1509 fratribus
3483 1456 3557 1495 ve-

1983 1536 2148 1597 stris;
2181 1535 2351 1602 ipsum
2387 1530 2615 1585 audietis
2637 1570 2650 1593 ,
2682 1546 3001 1599 quaecunque
3042 1530 3280 1600 loquetur
3301 1529 3445 1584 vobis
3487 1530 3555 1585 “.

1989 1625 2062 1679 De
2086 1625 2152 1679 iis
2186 1624 2321 1694 ipsis
2357 1621 2613 1676 omnibus
2655 1620 2794 1676 Deus
2827 1620 3179 1688 deliberavit;
3225 1629 3430 1676 etcum
3462 1621 3559 1677 de-

1990 1717 2295 1780 liberasset,
2317 1731 2427 1769 non
2457 1707 2665 1779 tacuit;
2693 1713 2982 1767 consilium
3014 1729 3077 1767 ac
3106 1713 3555 1770 deliberationem

308 1803 494 1856 αὑτοῦ
526 1805 868 1859 ἀκούσεσθε
899 1805 1116 1870 πάντα,
1153 1806 1268 1860 ὅσα
1301 1806 1408 1860 ἐὰν
1433 1804 1683 1874 λαλήσῃ
1721 1803 1880 1872 ὑμῖν.

1996 1804 2393 1876 pramuntiavit,
2425 1818 2520 1874 per
2557 1802 2918 1873 praenuntiata
2962 1803 3121 1857 Iidem
3171 1803 3419 1859 faciens:
3462 1802 3562 1858 Vo-

320 1893 381 1946 't)
412 1895 544 1959 Θεὸς
571 1896 946 1963 ἐϐουλεύσατο,
971 1899 1063 1951 καὶ
1089 1902 1116 1951 6
1144 1899 1570 1970 βουλευσάμενος
1593 1900 1692 1951 οὐκ
1719 1895 1881 1950 ἐσιώ-

309 2002 470 2056 πησε·
520 1988 618 2057 τὴν
651 1989 841 2059 βουλὴν
876 1994 1241 2062 προεμήνυσε,
1291 1992 1472 2045 πίστιν
1518 1991 1760 2062 ἐμποιῶν
1797 1991 1884 2044 διὰ

306 2079 419 2133 τῶν
453 2082 923 2152 προμηνυθέντων·
953 2085 1252 2149 Καλεῒται,
1286 2085 1419 2155 φησὶ
1445 2084 1572 2155 γὰρ,
1601 2084 1666 2136 τὸ
1696 2085 1884 2152 ὄνομα

1994 1906 2165 1959 catur,
2201 1893 2411 1963 inquit,
2457 1907 2643 1946 nomen
2677 1891 2811 1961 ejus,
2842 1890 3026 1962 Magni
3056 1892 3267 1946 consilii
3299 1892 3516 1963 angelus
3539 1935 3555 1960 ,

1993 1986 2345 2053 admirabilis,
2374 1985 2736 2048 consiliarius,
2753 1986 2990 2054 princeps
3019 1987 3187 2055 pacis,
3218 1997 3367 2053 pater
3393 1984 3562 2055 futuri

1992 2080 2170 2136 swculi
2205 2079 2268 2132 κθ.
2309 2078 2484 2148 Atque
2505 2080 2620 2134 haec
2642 2079 2860 2149 quidem
2886 2078 3189 2132 confutatio
3217 2079 3297 2134 sic
3323 2079 3505 2134 habet.

306 2171 496 2226 αὑτοῦ
518 2174 795 2243 Μεγάλης
831 2176 1070 2246 ,βουλῆς
1127 2177 1402 2246 ἅγγελος,
1440 2175 1802 2245 θαυμαστὸς,
1863 2176 2227 2244 σύμϐουλος,
2271 2173 2472 2240 ἄρχων
2523 2171 2785 2240 εἰρήνης,
2839 2170 3036 2239 πατὴρ
3083 2171 3188 2224 τοῦ
3229 2171 3564 2240 μέλλοντος

308 2260 544 2331 αἰῶνος.
578 2268 688 2320 Καὶ
715 2265 953 2332 τοιοῦτος
981 2272 1076 2341 μὲν
1101 2273 1128 2322 ὁ
1157 2270 1394 2332 τοιοῦτος
1423 2271 1661 2340 ἔλεγχος.

1565 2405 1693 2458 Car.
1728 2402 1842 2456 Vll.
1875 2400 1982 2454 Lex
2011 2398 2144 2452 bona
2166 2396 2313 2466 jubet

399 2523 614 2594 Ἐπειδὴ
639 2523 696 2576 δὲ
719 2521 798 2592 τῷ
826 2521 1046 2594 πονηρῷ
1073 2522 1485 2594 προσγράφουσι
1508 2523 1598 2573 τὸν
1631 2520 1814 2591 νόμον,
1840 2518 1892 2570 τί

311 2618 574 2688 φήσουσιν
603 2613 696 2666 ἐὰν
739 2630 824 2676 τις
855 2611 1032 2665 αὐτῶν
1067 2611 1358 2682 πεύσηται,
1392 2612 1441 2664 εί
1474 2611 1500 2661 6
1535 2611 1767 2683 πονηρὸς
1791 2627 1891 2663 πο-

314 2708 455 2781 νηρὰ
481 2707 754 2779 παραινεῖ,
786 2705 881 2758 καὶ
906 2705 966 2758 οὐ
996 2703 1217 2757 δύναται
1241 2703 1315 2775 μὴ
1344 2705 1629 2774 παραινεῖν
1655 2701 1887 2773 πονηρὰ,

316 2801 497 2853 εἴποτε
533 2799 627 2851 καὶ
658 2795 799 2849 καλὰ
827 2795 1167 2867 παραινέσει,
1197 2795 1291 2847 καὶ
1328 2795 1511 2863 ἀγαθὰ
1551 2792 1888 2863 συμϐουλεύ-

320 2909 436 2958 σει;
478 2892 540 2944 Εἰ
580 2890 676 2960 μὲν
706 2888 816 2958 γὰρ
863 2886 1098 2959 ἐροῦσιν,
1135 2887 1215 2939 ὅτι
1261 2886 1470 2954 πέφυκε
1510 2885 1652 2938 καλὰ
1688 2901 1887 2957 παραι-

315 2987 448 3048 νεῖν,
478 2983 573 3035 καὶ
608 2979 788 3048 ἀγαθὰ
814 2978 1222 3049 συμϐουλεύειν,
1243 2978 1429 3031 λύουσι
1459 2978 1617 3032 πάλιν
1652 2977 1742 3031 τὸν
1768 2979 1893 3031 ἐαυ-

315 3073 425 3126 τῶν
450 3073 573 3142 ὅρον
593 3085 606 3099 ⁸
643 3068 824 3122 οὐκέτι
855 3067 962 3138 γὰρ
1005 3067 1240 3136 πονηρὸς
1271 3068 1299 3119 6
1338 3067 1412 3138 μὴ
1443 3071 1654 3138 πονηρά
1695 3083 1895 3138 παραι-

2070 2512 2208 2580 Quia
2245 2528 2373 2568 vero
2426 2513 2596 2584 legem
2649 2514 2954 2570 attribuunt
2994 2517 3160 2581 malo,
3194 2519 3328 2588 quid
3365 2521 3568 2579 dicturi

2001 2614 2149 2671 sunt,
2179 2606 2224 2661 si
2263 2606 2388 2677 quis
2416 2622 2511 2661 eos
2543 2613 2914 2676 percontetur,
2948 2606 2994 2662 si
3035 2610 3212 2666 malus
3253 2611 3395 2667 mala
3440 2630 3572 2670 sus-

1999 2699 2090 2754 dct
2115 2717 2130 2766 ;
2160 2706 2212 2752 et
2261 2714 2369 2752 non
2394 2706 2576 2768 potest
2615 2714 2724 2752 non
2764 2699 2996 2755 suadere
3039 2702 3224 2770 mala;
3257 2704 3302 2758 si
3332 2707 3574 2776 quando-

1999 2808 2104 2862 quc
2151 2792 2293 2846 bona
2342 2791 2612 2859 suadebit,
2650 2790 2813 2847 etiam
2857 2793 2999 2850 bona
3039 2796 3268 2851 consilia
3296 2796 3483 2854 dabit?
3513 2798 3574 2856 Si

1998 2886 2142 2940 enim
2199 2884 2404 2945 dicant,
2463 2891 2650 2953 aptum
2711 2898 2835 2940 esse
2875 2893 3072 2941 natura
3116 2888 3185 2941 ad
3227 2889 3572 2947 suadendum

2000 2976 2164 3040 bona,
2203 2975 2270 3029 ad
2308 2975 2550 3030 dandum
2590 2976 2732 3030 bona
2778 2977 3030 3042 consilia,
3065 2994 3256 3034 rursus
3299 2980 3573 3038 deﬁnitio-

2001 3083 2124 3122 nem
2162 3083 2316 3123 suam
2360 3067 2598 3122 solvunt.
2644 3065 2763 3122 Non
2796 3068 2940 3122 enim
2975 3069 3087 3139 jam
3136 3071 3312 3127 malus
3342 3083 3449 3138 est,
3476 3075 3574 3144 qui

315 3164 454 3218 νῶν·
506 3161 689 3216 οὐκέτι
735 3160 968 3232 πονηρὸς
1017 3161 1046 3212 6
1087 3158 1266 3227 ἀγαθὰ
1309 3158 1712 3230 συμϐουλεύων.
1743 3160 1804 3212 Εἰ
1839 3159 1891 3213 δὲ

2002 3159 2146 3216 bona
2175 3161 2267 3214 dat
2293 3159 2545 3215 consilia.
2589 3155 2684 3213 Sin
2723 3167 2904 3215 autem
2949 3161 3098 3216 nulla
3142 3162 3284 3218 bona
3317 3165 3574 3222 voluntas

317 3253 543 3324 οὐδεμία
568 3252 880 3326 προαίρεσις
908 3251 1086 3322 ἀγαθὴ
1112 3251 1221 3305 ἀπὸ
1242 3255 1478 3324 πονηροῦ
1509 3251 1893 3324 προσέρχεται,

266 3391 270 3394 .
321 3346 482 3408 ποίας
506 3345 711 3411 τάξεως
761 3344 974 3415 ἐροῦσιν
1015 3343 1227 3408 ὲκείνας
1267 3343 1366 3408 τὰς
1401 3345 1781 3416 παραινέσεις·
1815 3346 1897 3398 Οῠ

321 3438 677 3507 πορνεύσεις
696 3455 708 3466 ·
739 3439 810 3490 οὐ
822 3437 1168 3506 μοιχεύσεις
1187 3454 1200 3467 ·
1240 3439 1310 3490 οὐ
1346 3437 1594 3506 κλέψεις
1612 3455 1624 3467 ·
1663 3438 1734 3490 οὑ
1761 3440 1901 3506 ψευ-

321 3527 824 3597 δομαρτυρήσεις;
874 3528 1039 3589 Ποίας
1094 3526 1300 3591 τάξεως
1355 3527 1570 3598 ἐροῦσιν
1624 3530 1800 3581 ἐκεῖνο
1839 3528 1900 3580 τὸ

322 3621 734 3692 γεγραμμένον·
791 3622 872 3674 Οὐ
921 3619 1196 3687 ποιήσεις
1244 3621 1480 3686 σεαυτῷ
1525 3620 1771 3685 εἴδωλα,
1826 3624 1897 3676 οὐ

322 3710 548 3777 παντὸς
569 3712 846 3781 ὁμοίωμα,
869 3710 1005 3763 οὔτε
1023 3709 1138 3763 ὅσα
1154 3709 1316 3776 ἐντῷ
1341 3708 1593 3777 οὐρανῷ,
1622 3710 1761 3763 οὔτε
1783 3709 1900 3763 ὅσα

321 3801 392 3855 ἐν
423 3797 500 3869 τῇ
524 3799 621 3871 γῇ,
665 3802 802 3854 οὔτε
832 3801 948 3854 ὅσα
978 3801 1047 3855 ἐν
1072 3800 1196 3866 τοῖς
1227 3800 1444 3863 ὕδασι;
1478 3801 1644 3863 Ποίας
1686 3799 1900 3872 μερίδος

323 3895 555 3966 φήσουσι
593 3894 661 3947 τὰ
707 3895 1133 3966 προστάγματα·
1188 3895 1308 3948 Οὐκ
1358 3893 1750 3963 ἐπιθυμήσεις
1793 3891 1898 3945 τοῦ

315 3986 470 4052 ,βοὸς
497 3986 602 4040 τοῦ
636 3985 902 4056 ἀδελφοῦ
946 4001 1082 4051 σου,
1115 3986 1153 4054 ἢ
1188 3986 1294 4040 τοῦ
1341 3984 1680 4055 ὑποζυγίου,
1709 3985 1748 4052 ἣ
1789 3983 1901 4050 τῆς

321 4077 628 4146 γυναικὸς,
663 4078 701 4146 ἢ
747 4079 971 4145 παντὸς
1003 4077 1296 4144 κτήνους;
1324 4078 1387 4130 Εἰ
1436 4077 1532 4147 μὲν
1572 4075 1680 4148 γὰρ
1730 4075 1901 4142 σεμνὰ

323 4171 418 4223 καὶ
448 4170 566 4224 θεῖα
606 4171 700 4224 καὶ
745 4171 982 4242 ἐράσμια
1019 4170 1088 4224 τὰ
1130 4170 1354 4225 τοιαῦτα
1385 4172 1668 4240 φήσουσιν,
1712 4170 1902 4240 ἐντρα-

322 4266 584 4335 πήσονται
614 4263 719 4316 ὑπὸ
744 4263 852 4317 τῶν
884 4264 1258 4335 παραινέσεων
1290 4263 1352 4316 τὸ
1388 4261 1614 4333 μέγεθος
1635 4260 1725 4314 τοῦ
1763 4279 1900 4332 συμ-

325 4354 742 4419 ϐεϐουλευκότος
773 4355 1131 4427 ἠγνοηκότες·
1164 4357 1210 4409 εί
1244 4356 1301 4408 δὲ
1336 4353 1512 4425 φαῦλα
1547 4354 1684 4408 αὐτὰ
1717 4353 1899 4426 ἐροῦσι

324 4449 420 4502 καὶ
440 4448 857 4520 διαϐεϐλημένα,
886 4449 978 4502 καὶ
1008 4447 1208 4519 φαῦλόν
1240 4450 1355 4501 ἐστι
1391 4448 1451 4500 τὸ
1492 4448 1566 4519 μὴ
1596 4448 1897 4522 πορνεύειν,

1998 3270 2064 3310 ac
2107 3255 2429 3310 deliberatio
2469 3270 2498 3308 a
2542 3255 2688 3312 malo
2735 3255 3127 3326 proﬁciscitur,
3163 3257 3323 3328 cujus
3361 3259 3575 3317 ordinis

2000 3347 2182 3402 dicent
2234 3363 2358 3403 esse
2411 3347 2534 3403 illas
2583 3347 2870 3415 suasiones
2913 3363 2978 3404 ac
3020 3349 3350 3408 monitiones
3394 3373 3406 3407 :
3449 3350 3574 3410 Non

1999 3441 2385 3511 fornicaberis;
2426 3458 2532 3496 non
2576 3440 2941 3505 adulterabis;
2979 3458 3081 3496 non
3121 3443 3325 3512 [artant
3367 3445 3576 3514 facies;

2009 3553 2114 3590 non
2162 3536 2361 3606 falsum
2421 3535 2775 3589 testimonium
2840 3534 2979 3590 dices
3025 3536 3090 3589 ⁵⁷.
3145 3536 3316 3606 Cujus
3364 3538 3576 3595 ordinis

1999 3629 2184 3684 dicent
2227 3644 2349 3684 esse
2379 3627 2535 3692 illud,
2575 3627 2720 3697 quod
2769 3628 3033 3698 scriptum
3069 3639 3153 3684 est
3195 3648 3210 3684 :
3249 3627 3371 3684 Non
3412 3630 3576 3700 facies

2002 3720 2094 3772 tibi
2116 3719 2280 3786 idola,
2314 3736 2404 3773 nec
2435 3719 2595 3772 ullius
2623 3718 3044 3786 similitudinem,
3075 3737 3234 3791 neque
3259 3738 3576 3795 qutrcunque

2001 3813 2053 3865 in
2101 3811 2249 3874 cazlo,
2291 3827 2452 3880 neque
2495 3827 2814 3881 quaecunque
2844 3811 2897 3864 in
2930 3821 3089 3877 terra,
3134 3829 3296 3883 neque
3331 3832 3578 3886 qua'cun-

2000 3917 2097 3971 que
2127 3903 2181 3954 in
2213 3903 2364 3971 aquis
2389 3901 2471 3954 ⁵⁸⁸2
2491 3899 2663 3968 Cujus
2696 3901 2868 3970 partis
2902 3916 3025 3956 esse
3056 3903 3145 3956 illa
3175 3903 3375 3957 dicturi
3402 3912 3531 3959 sunt
3559 3921 3572 3957 :

2004 3993 2126 4048 Non
2166 3995 2499 4063 concupisces
2552 3993 2725 4047 bovem
2767 3993 2954 4062 fratris
2997 3994 3096 4057 tui,
3134 4003 3227 4047 aut
3275 3995 3572 4066 subjugale,

2002 4096 2093 4139 aut
2129 4102 2366 4150 uxorem,
2408 4095 2501 4140 aut
2542 4103 2691 4140 omne
2729 4086 3025 4156 iumentum
3058 4087 3147 4140 δοῖ
3185 4085 3243 4141 Si
3278 4089 3422 4143 enim
3459 4088 3576 4144 haec

2004 4177 2232 4232 honesta
2271 4185 2324 4232 et
2372 4176 2557 4232 divina
2609 4185 2774 4248 atque
2827 4177 3083 4232 amabilia
3137 4191 3260 4232 esse
3315 4175 3576 4240 dixerint,

2002 4271 2134 4340 ipsa:
2162 4270 2493 4326 monitiones
2522 4270 2776 4337 eﬂicient,
2801 4279 2861 4324 ut
2890 4286 2949 4325 se
2977 4270 3080 4340 ipsi
3107 4271 3454 4334 erubescant,
3485 4270 3579 4339 qui

2004 4364 2415 4433 amplitudinem
2453 4363 2574 4432 ejus
2620 4364 2715 4434 qui
2751 4363 2999 4428 monuit,
3035 4364 3445 4434 ignoraverunt.
3480 4360 3578 4417 Sin

2003 4473 2132 4513 vero
2154 4457 2391 4511 dixerint
2416 4471 2583 4527 prava
2611 4472 2735 4512 esse
2761 4456 2876 4511 haec
2903 4464 2956 4511 et
3001 4456 3057 4510 in
3086 4455 3336 4524 crimine,
3367 4463 3422 4511 et
3454 4469 3580 4526 pra-

325 4541 419 4594 ual
445 4539 646 4610 φαῦλόν
671 4542 784 4593 ἐστι
812 4541 873 4593 τὸ
905 4542 978 4612 μὴ
1014 4542 1297 4612 ἐπιθυμεῖν
1328 4542 1640 4612 ἀλλοτρίων,
1667 4541 1759 4595 καὶ
1789 4559 1891 4594 τοι·

2005 4565 2132 4604 vum
2165 4556 2249 4604 est
2287 4564 2395 4603 non
2437 4549 2699 4615 scortari,
2731 4556 2785 4604 et
2819 4563 3046 4619 pravum
3090 4563 3153 4603 ac
3195 4548 3450 4603 vitiosum
3493 4554 3581 4603 est

323 4633 465 4687 αὖτά
497 4635 614 4687 ἐστι
653 4633 721 4687 τὰ
756 4634 961 4703 φαῦλα·
1007 4635 1195 4688 σκόπει
1236 4629 1324 4689 οἷα
1360 4637 1645 4706 νοήσουσιν
1685 4635 1894 4702 ἀγαθά·

326 4729 554 4793 σκόπει,
593 4729 673 4782 ὅτι
700 4729 1012 4800 προαγωγοί
1045 4731 1147 4782 είσι
1186 4729 1294 4784 τῶν
1323 4728 1546 4800 ἡδονῶν,
1580 4729 1672 4782 καὶ
1703 4729 1899 4801 πρόξε-

323 4837 404 4875 νοι
424 4821 533 4874 τῶν
560 4821 811 4883 εἰδώλων,
845 4824 936 4876 καὶ
975 4824 1204 4895 αἰσχρᾶς
1233 4822 1528 4893 ἐπιθυμίας
1562 4823 1780 4894 εύρεταί
1801 4839 1815 4852 ·
1852 4825 1899 4876 οἱ

322 4913 432 4986 γὰρ
453 4915 544 4969 τὸν
579 4916 741 4987 νόμον
774 4916 1145 4980 διαϐάλλοντες
1179 4918 1317 4988 ὑπὲρ
1359 4915 1586 4987 ἀνομίας
1631 4915 1900 4986 πρεσϐεύ-

321 5023 492 5062 ουσιν.

393 5190 456 5241 υί
483 5189 573 5244 τὸν
607 5190 770 5261 νόμον
813 5192 903 5243 τὸν
931 5192 1028 5254 τὰς
1063 5191 1256 5260 ἡδονὰς
1295 5191 1644 5264 ἀναιροῦντα,
1677 5192 1766 5244 τὸν
1801 5191 1897 5264 τὴν
1942 5263 1952 5274 ⁸

318 5281 537 5353 ἀπάτην
572 5283 924 5347 καταλύοντα,
958 5283 1047 5336 τὸν
1073 5285 1489 5356 δεισιδαιμονίαν
1521 5285 1898 5357 καταργοῦντα

319 5373 811 5446 ὲξοστρακίζοντες,
854 5376 905 5430 τί
947 5377 1212 5448 ἓτερον,ἢ
1256 5379 1600 5441 είσοικίζουσι
1647 5377 1742 5441 τὰς
1776 5376 1899 5448 ἡδο-

318 5465 417 5531 νὰς
439 5468 532 5521 καὶ
560 5470 873 5541 εἰσφέρουσι
903 5469 1001 5533 τὰς
1025 5470 1350 5540 ὲπιθυμίας;
1389 5473 1503 5524 Ἵνα
1531 5475 1562 5542 ἡ
1597 5472 1754 5543 ἡδονὴ
1780 5471 1900 5525 ἀνέ-

392 5642 437 5676 "
475 5643 619 5699 Psal.
659 5660 828 5704 χχιιι.
865 5646 918 5700 7.
994 5646 1040 5678 ⁸³
1080 5646 1223 5702 Psal.
1265 5663 1352 5701 eis
1381 5689 1395 5710 ,
1432 5649 1480 5700 l.

318 5729 423 5781 ιι,
457 5714 648 5770 14-16.
723 5716 770 5747 ⁵⁸
812 5716 940 5772 ibid.
976 5717 1028 5769 4.
1107 5718 1148 5749 ⁶⁹
1191 5719 1320 5772 ibid.
1365 5719 1447 5772 i7.

646 5808 917 5871 PATROL.
965 5809 1086 5873 Gn.
1135 5811 1363 5873 XVI“.

2009 4658 2117 4697 non
2161 4641 2552 4713 concupiscere
2595 4642 2790 4702 aliena.
2831 4651 2883 4697 et
2926 4639 3240 4712 hujusmodi
3271 4648 3420 4704 sunt,
3456 4654 3580 4710 qua:

2009 4735 2149 4789 mala
2192 4743 2339 4800 sunt,
2372 4735 2615 4799 adverte,
2645 4735 2830 4805 qualia
2863 4735 3008 4788 bona
3054 4749 3178 4790 esse
3224 4731 3576 4803 intelligunt;

2009 4837 2062 4883 et
2087 4828 2359 4898 quomodo
2393 4829 2778 4899 prostitutorcs
2809 4835 2938 4885 sunt
2967 4827 3328 4898 voluptatum,
3365 4832 3419 4880 et
3442 4838 3578 4878 con-

2013 4921 2294 4976 ciliatores
2319 4922 2610 4987 idolorum,
2636 4936 2700 4976 ac
2728 4921 2968 4992 turpium
2998 4921 3356 4991 cupiditatum
3383 4917 3576 4973 inven-

2009 5019 2176 5066 tores.
2213 5009 2318 5076 Qui
2359 5012 2502 5067 enim
2543 5012 2715 5082 legem
2753 5019 3047 5077 accusant,
3080 5025 3180 5081 pro
3218 5009 3348 5064 vitio
3393 5023 3425 5062 a
3462 5008 3581 5079 lege

2009 5104 2188 5158 alieno
2221 5102 2425 5159 obeunt
2457 5105 2804 5173 legationem.

2079 5191 2181 5259 Qui
2223 5192 2394 5263 legem
2418 5231 2432 5257 ,
2467 5208 2588 5262 qua:
2620 5193 2925 5262 voluptates
2949 5190 3121 5252 tollit,
3154 5202 3276 5259 quae
3308 5186 3611 5242 fallaciam‘

2004 5286 2218 5347 evertit,
2250 5301 2370 5356 quae
2411 5286 2857 5356 superstitionem
2906 5283 3206 5353 exstinguit
3232 5321 3248 5347 ,
3299 5281 3576 5350 relegant,

2007 5377 2136 5448 quid
2174 5378 2319 5433 aliud
2355 5377 2563 5433 faciunt
2594 5392 2758 5448 quam
2799 5378 3107 5446 voluptates
3148 5373 3370 5430 domum
3409 5373 3583 5425 intro-

2007 5473 2233 5540 ducunt,
2273 5483 2326 5528 et
2365 5471 2692 5543 cupiditates
2735 5469 3062 5526 accersunt?
3093 5467 3163 5523 Ut
3207 5476 3387 5524 autem
3430 5466 3582 5518 volu-

1562 5649 1604 5680 “
1647 5648 1788 5704 Psal.
1828 5665 1885 5714 ιι,

2055 5652 2098 5684 ⁸⁸
2140 5650 2297 5708 Deut.
2335 5668 2500 5718 xvin,
2540 5652 2627 5719 15,
2667 5651 2752 5708 18.
2832 5651 2876 5684 ⁸⁸
2913 5651 3022 5708 lsa.
3060 5667 3112 5707 Ix
3137 5691 3150 5716 ,
3187 5647 3241 5702 6.
3320 5647 3364 5685 ⁸⁷
3409 5641 3578 5702 Exod.

3187 5807 3267 5868 39
