4116 6332
630 269 769 329 1227

1759 277 1897 335 τιτι
1934 277 2359 339 BOSTRENSIS
2389 283 2695 342 EPISCOPI
2726 266 2733 273 ’

3726 287 3851 347 1228

628 396 753 458 ptas
800 385 1026 442 licenter
1057 401 1114 441 in
1149 394 1358 445 mentes
1388 388 1688 462 irrumpat,
1720 395 1891 466 legem
1934 412 2001 452 ex
2030 398 2171 453 habi-

2289 400 2385 474 δην
2409 400 2665 475 είσϐἀλλη
2692 403 2750 458 ὲν
2772 402 2893 467 ταῖς
2923 401 3205 469 διανοίαις,
3232 402 3324 458 τὸν
3352 403 3517 476 νόμον
3549 405 3615 458 ἐκ
3648 404 3755 462 τῶν
3782 409 3852 461 οι-

627 479 928 536 tationibus
973 478 1275 549 ejecerunt,
1324 498 1394 538 ne
1442 487 1561 554 lege
1605 487 1708 550 usi,
1759 501 1790 541 a
1831 487 1946 560 lege
1991 492 2171 561 pudori

2292 497 2503 568 κήσεων
2542 498 2768 569 ἤλασαν,
2797 498 2884 552 ἵνα
2911 498 2985 571 μὴ
3014 498 3164 570 νόμῳ
3193 499 3526 571 χρησάμενοι
3558 500 3666 553 ὑπὸ
3699 500 3850 572 νόμον

626 567 989 625 adicerentur.
1026 568 1155 625 Sed.
1185 574 1464 642 quomodo
1498 575 1614 646 lege
1653 577 1824 647 ejecta
1867 593 2028 637 aures
2066 597 2171 637 sua:

2289 567 2645 662 έντραπῶσιν.
2711 590 2871 643 Ἀλλά
2910 567 3028 655 πῶς
3082 567 3174 644 seu
3440 567 3849 664 ἀποσεισάμενοι

623 661 841 718 venales
871 663 1111 733 praebent
1144 664 1559 735 cupiditatibus.
1591 677 1816 740 apparet
1849 672 1933 727 lex
1963 688 2084 729 esse
2111 674 2193 744 in-

2289 679 2745 751 ἀναπεπταμένας
2766 679 2975 734 ἑαυτῶν
3000 680 3099 744 τὰς
3132 681 3300 743 ἀκοάς
3329 681 3725 752 παράσχωνται
3746 688 3848 748 rei;

624 754 910 810 terfectrix
937 758 1199 827 nequitiae
1230 777 1243 813 :
1277 759 1330 814 hi
1364 768 1544 817 autem
1579 762 1798 819 indocte
1837 775 1890 821 et
1927 767 2171 822 ineruditv

2286 770 2628 841 ἐπιθυμίαις·
2661 771 2908 841 φαίνεται
2937 771 2995 825 δὲ
3038 772 3067 824 6
3095 772 3258 842 νόμος
3288 772 3486 836 κακίας
3529 773 3814 844 ἀναιρέτης
3833 792 3845 805 ·

625 847 868 914 aggressi
908 854 1047 901 sunt
1086 861 1350 905 accusare
1372 851 1542 921 legem
1578 868 1593 906 :
1632 868 1696 908 ac
1741 854 1825 908 lex
1846 856 2064 925 quidem
2095 874 2189 913 ne-

622 940 851 1009 quitiam
874 940 1018 1006 odit,
1050 942 1108 996 hi
1139 958 1270 997 vero
1300 944 1472 1015 legem
1515 946 1770 1003 oderutﬂ.
1814 948 2021 1005 Evertit
2066 952 2190 1021 qui-

620 1033 745 1089 dem
807 1034 1251 1103 superstitionem
1305 1037 1412 1102 lex,
1468 1037 1525 1092 hi
1576 1054 1706 1094 vero
1762 1042 1975 1111 auderi;
2016 1044 2186 1115 legem

619 1133 885 1182 evertere.
932 1126 1286 1199 Opponamus
1335 1131 1499 1201 igitur
1542 1147 1650 1188 res.
1699 1131 1755 1188 Si
1804 1135 1887 1190 lex
1932 1139 2187 1207 nequitiae

618 1216 893 1271 contraria
924 1226 1028 1283 est,
1061 1218 1117 1272 hi
1146 1226 1328 1275 autem
1377 1221 1550 1292 legem
1588 1236 1924 1295 oppugnant,
1952 1242 2184 1283 succen-

617 1315 741 1362 sent
770 1317 991 1379 propter
1019 1312 1344 1382 nequitiam,
1373 1314 1502 1384 quia
1548 1316 1634 1372 lex
1670 1320 1970 1389 nequitiam
1996 1321 2185 1375 crimi-

602 1407 777 1453 natur
828 1418 842 1454 :
887 1401 1085 1456 etenim
1127 1403 1259 1473 quia
1304 1420 1415 1461 non
1454 1408 1746 1477 patiuntur
1789 1418 1849 1466 ut
1897 1423 2185 1469 accusetur

2285 856 2430 917 οὗτοι
2452 864 2511 916 δὲ
2529 862 2753 934 ἀμαθῶς
2781 863 2874 916 καὶ
2895 863 3231 928 ἀπαιδεύτως
3255 863 3559 918 διαϐάλλειν
3584 865 3680 919 τὸν
3701 866 3847 935 νόμον

2285 956 2764 1028 έπικεχειρήκασιν
2784 974 2799 988 ν
2831 955 2925 1008 καὶ
2943 957 2972 1008 6
2995 955 3092 1026 μὲν
3111 957 3274 1026 νόμος
3297 955 3494 1009 κακίαν
3520 959 3691 1028 μισεῖ,
3721 954 3847 1011 obeat

2284 1046 2340 1100 δὲ
2373 1040 2534 1118 ὗὸμον
2579 1047 2821 1119 μισοῦσι·
2859 1048 2954 1101 καὶ
2983 1047 3242 1102 καταλύει
3275 1048 3373 1118 μὲν
3411 1047 3509 1119 τὴν
3538 1048 3848 1119 δεισιδαιμο·

2283 1140 2404 1193 νίαν
2427 1141 2457 1192 6
2488 1139 2679 1211 νόμος*
2699 1133 2845 1194 οὗτοι
2868 1140 2923 1194 δὲ
2943 1140 3088 1193 λύειν
3108 1140 3198 1193 τὸν
3223 1141 3384 1211 νόμον
3407 1139 3704 1211 τολμῶσιν.
3747 1142 3847 1193 ’Δν-

2281 1231 2518 1304 τιθῶμεν
2560 1227 2651 1286 οὖν
2681 1234 2749 1286 τὰ
2788 1233 3107 1305 πράγματα.
3160 1234 3223 1286 Et
3256 1235 3285 1286 6
3309 1233 3472 1303 νόμος
3511 1234 3685 1304 κακία
3709 1234 3847 1287 ἀντίη

2282 1341 2493 1390 κειται,
2535 1319 2679 1378 οὗτοι
2721 1324 2778 1378 δὲ
2816 1324 2966 1396 νόμῳ
3017 1324 3311 1395 μάχονται,
3358 1326 3730 1393 ἀγανακτοῦσι
3773 1326 3848 1380 διὰ

2282 1413 2500 1479 κακίαν,
2525 1414 2605 1467 ὄτι
2653 1415 2682 1465 6
2716 1413 3101 1484 νόμοςαακίαν
3144 1412 3451 1467 ausam;-
3481 1414 3557 1485 μὴ
3599 1416 3849 1485 φέροντες

613 1491 895 1562 nequitia,
952 1494 1160 1549 idcirco
1216 1496 1391 1568 legem
1460 1498 1567 1569 ipsi
1632 1515 2065 1571 accusaverunt,
2121 1514 2171 1560 ut

2281 1504 2389 1576 γὰρ
2419 1503 2518 1576 τὴν
2549 1504 2651 1574 τῆς
2681 1504 2881 1567 κακίας
2927 1503 3201 1573 διαϐολὴν,
3235 1503 3329 1557 τὸν
3376 1504 3539 1575 νόμον
3565 1503 3848 1577 διαϐεϐλή-

613 1586 894 1642 accusatio
944 1588 1203 1657 nequitiae
1250 1590 1430 1647 nullas
1474 1592 1618 1648 vires
1661 1592 1903 1661 haberet,
1958 1596 2074 1668 lege
2123 1598 2171 1652 in

2281 1614 2461 1662 κασιν,
2505 1596 2593 1650 ἴνα
2639 1596 2844 1667 ἠκατά
2872 1596 2972 1666 τῆς
3012 1596 3211 1659 κακίας
3242 1594 3461 1667 διαϐολὴ
3508 1596 3583 1667 μὴ
3635 1597 3846 1669 ἰσχύσῃ,

610 1678 822 1734 crimen
851 1687 1061 1735 vocata.
1099 1679 1157 1735 Si
1191 1681 1279 1737 lex
1305 1682 1449 1738 idola
1492 1685 1652 1749 tollit,
1683 1695 1737 1742 et
1774 1688 2176 1746 multitudinem

610 1766 838 1827 deorum
879 1771 1061 1838 solvit,
1098 1772 1153 1827 hi
1185 1780 1368 1828 autem
1396 1774 1503 1830 tela
1541 1775 1597 1830 in
1637 1778 1808 1849 legem
1848 1789 2126 1837 torserunt
2161 1798 2174 1835 :
2220 1800 2233 1813 ·

607 1870 1040 1918 consentaneum
1082 1874 1223 1931 erat,
1268 1875 1326 1921 ut
1371 1868 1775 1926 multitudinem
1825 1870 2049 1927 deorum
2085 1873 2179 1929 de-

606 1952 944 2013 nuntiarent.
978 1953 1049 2011 Ut
1085 1958 1252 2028 igitur
1291 1960 1583 2016 multitudo
1617 1961 1840 2018 deorum
1884 1964 2179 2019 conﬁrma-

606 2052 781 2111 retur,
842 2047 979 2119 legis
1032 2059 1361 2122 praaceptum
1436 2054 1583 2125 apud
1639 2070 1734 2110 eos
1791 2056 2017 2110 vetitum
2072 2066 2175 2124 est,

603 2137 749 2207 quod
778 2139 1066 2205 ait:Audi,
1096 2141 1288 2210 Israel,
1318 2142 1578 2199 Dominus
1599 2144 1741 2200 Deus
1771 2154 1889 2200 tuus
1922 2146 2177 2203 Dominus

601 2246 739 2285 unus
772 2242 890 2296 est;
922 2242 996 2297 et,
1036 2233 1233 2306 Diliges
1280 2234 1566 2291 Dominum
1610 2237 1776 2293 Deum
1813 2248 1958 2292 tuum
1991 2240 2071 2306 '°;
2101 2252 2174 2306 et,

604 2321 689 2377 Ne
731 2325 867 2392 forte
909 2326 1165 2393 aspiciens
1215 2329 1268 2381 in
1308 2329 1493 2382 cmlum
1517 2370 1532 2393 ,
1576 2341 1625 2383 et
1670 2330 1846 2385 videns
1885 2331 2049 2386 solem
2077 2373 2092 2396 ,
2125 2343 2176 2387 et

602 2416 811 2480 (unum,
848 2425 899 2470 et
938 2417 1151 2482 stellas,
1203 2419 1390 2473 adores
1431 2437 1493 2474 ea
1519 2423 1584 2475 δι.
1615 2421 1818 2478 Contra
1858 2425 1971 2480 inec
2012 2427 2176 2482 verba

597 2508 710 2565 tela
748 2508 1039 2578 jecerunt;
1073 2518 1264 2567 contra
1296 2511 1412 2567 haec
1437 2524 1705 2585 praecepta
1733 2519 2041 2588 exasperati
2071 2519 2176 2573 lin-

2278 1688 2372 1742 τοῦ
2392 1688 2556 1759 νόμου
2583 1687 3024 1758 διαϐεὸλημένου.
3056 1688 3120 1740 El
3148 1689 3176 1740 6
3199 1687 3363 1758 νόμος
3391 1688 3460 1740 τὰ
3485 1688 3685 1742 εἴδωλα
3704 1691 3850 1743 ἀναι-

2281 1784 2384 1853 ρεῖ,
2416 1782 2510 1835 καὶ⁵
2536 1780 2634 1852 τὴν
2666 1780 2952 1834 πολυθεῖαν
2973 1779 3248 1845 καταλύει,
3285 1775 3429 1835 οὗτοι
3456 1780 3514 1834 δὲ
3542 1782 3687 1836 ὅπλα
3716 1783 3850 1837 κατά

2276 1874 2372 1927 τοῦ
2401 1873 2564 1945 νόμου
2590 1874 2968 1944 κεκινήκασιν⁴
2994 1872 3222 1936 εἰκότως
3242 1871 3532 1925 πολυθέων
3558 1876 3849 1944 κατήγγει-

2277 1964 2373 2018 λαν
2392 1979 2406 1993 ·
2443 1965 2531 2017 ἵνα
2562 1963 2669 2034 γὰρ
2694 1966 2723 2016 6
2765 1962 2867 2034 τῆς
2901 1961 3188 2025 πολυθεῖας
3229 1962 3420 2034 ἰσχύσῃ
3452 1962 3634 2031 λόγος,
3670 1965 3732 2017 τὸ
3758 1964 3846 2017 τοῦ

2277 2053 2440 2124 νόμου
2473 2054 2599 2125 παρ’
2629 2053 2813 2115 αὐτοῖς
2845 2050 3149 2104 κεκώλυται
3170 2051 3535 2123 παράγγελμα
3562 2053 3626 2106 τὸ
3655 2052 3809 2121 λέγον
3828 2070 3844 2085 ·

2280 2146 2518 2206 Ἄκουε,
2560 2141 2827 2211 Ἰσραὴλ,
2850 2142 3065 2209 Κύριος
3100 2143 3134 2194 ό
3163 2140 3306 2206 Θεός
3335 2157 3472 2205 σου,
3497 2142 3717 2209 Κύριος
3764 2137 3845 2209 sic

2274 2235 2406 2290 ἐστι
2426 2252 2439 2264 ·
2472 2235 2586 2300 καὶ,
2628 2231 2985 2303 Ἀγαπήσεις
3007 2232 3226 2301 Κύριον
3243 2231 3350 2286 τὸν
3378 2233 3528 2287 Θεόν
3556 2248 3705 2287 σου·
3734 2237 3844 2299 καὶ,

2275 2328 2371 2397 Μὴ
2421 2326 2768 2396 ἀναϐλέψας
2815 2326 2903 2391 είς
2938 2324 3045 2377 τὸν
3090 2323 3369 2391 οὐρανὸν,
3421 2323 3519 2377 καὶ
3564 2324 3710 2378 ίδὼν
3747 2326 3846 2379 τὼν

2275 2418 2453 2486 ἥλιον
2490 2418 2587 2471 καὶ
2634 2418 2749 2485 τὴν
2794 2413 3093 2481 σελήνην,
3145 2412 3585 2482 προσκυνήσῃς
3624 2414 3840 2481 αὐτοῖς.

2272 2511 2417 2582 Πρὸς
2437 2510 2609 2564 ταῦτα
2631 2508 2699 2562 τὰ
2721 2510 2937 2580 ῥήματα
2965 2505 3105 2560 ὅπλα
3134 2506 3453 2577 κεκινήκασι
3472 2523 3487 2536 ·
3516 2506 3659 2576 πρὸς
3681 2506 3844 2560 ταῦτα

596 2614 758 2671 guam
801 2610 1057 2671 tanquam
1106 2602 1345 2673 gladium
1391 2617 1655 2661 acuerunt
1704 2626 1716 2661 :
1764 2608 1968 2664 idcirco
2001 2625 2030 2664 a
2067 2610 2171 2665 dae-

2271 2604 2340 2658 τὰ
2369 2601 2805 2675 παραγγέλματα
2846 2599 3256 2673 τραχυνθέντες,
3305 2599 3381 2662 ὡς
3431 2600 3715 2672 μάχαιραν
3752 2600 3843 2671 τὴν

595 2692 854 2749 monibus
883 2702 1139 2766 aguntur,
1179 2702 1235 2751 et
1275 2699 1455 2751 omnia
1502 2707 1855 2769 venerantur,
1886 2716 1988 2756 nec
2026 2702 2171 2757 aliud

2271 2694 2519 2765 γλῶσσαν
2549 2693 2821 2763 ἠκόνησαν
2841 2709 2853 2722 ·
2894 2690 2981 2744 διὰ
3013 2690 3170 2744 τοῦτο
3199 2689 3519 2760 δαιμονῶσι,
3552 2692 3650 2745 καὶ
3675 2692 3843 2745 πάντα

596 2782 782 2840 sciunt
810 2800 972 2855 quam
1010 2786 1192 2840 omnia
1233 2787 1460 2842 adorare
1506 2804 1519 2840 :
1566 2804 1628 2845 ac
1670 2805 1884 2862 semper
1922 2807 1982 2847 se
2020 2791 2171 2846 humi

2271 2784 2488 2856 τιμῶσι,
2519 2784 2614 2838 καὶ
2644 2783 2794 2836 οὐδὲν
2824 2782 3024 2841 ἴσασιν,
3066 2785 3114 2835 οἱ
3159 2782 3232 2854 μὴ
3274 2783 3451 2836 πάντα
3477 2786 3805 2853 προσκυνεῖν
3824 2798 3843 2815 ο

597 2882 868 2941 sternunt,
925 2884 979 2932 ct
1029 2887 1264 2933 mentem
1320 2880 1521 2936 habent
1582 2883 1804 2947 elatam,
1872 2891 2167 2956 errantque

2272 2877 2366 2931 καὶ
2395 2876 2480 2930 ἀεὶ
2511 2875 2770 2929 πίπτουσι
2793 2874 2967 2944 χαμαὶ
2991 2872 3085 2926 καὶ
3110 2871 3335 2944 γνώμην
3364 2872 3577 2942 ἔχουσιν
3600 2874 3843 2944 ἐπηρμέ-

595 2979 660 3020 ac
695 2973 959 3037 vagantur
1002 2982 1169 3023 sensu
1212 2968 1385 3026 animi
1420 2989 1433 3024 :
1466 2973 1646 3025 omnia
1676 2987 1776 3043 pro
1811 2986 1910 3027 sua
1943 2972 2164 3028 licentia

2271 2984 2387 3038 νην⁸
2422 2967 2516 3020 καὶ
2550 2964 2855 3018 πλανῶνται
2873 2964 2966 3017 καὶ
2989 2962 3280 3033 ρέμϐονται
3298 2964 3364 3032 τῇ
3393 2961 3633 3033 διανοίᾳ.⁸
3665 2963 3842 3018 πάντα

591 3064 875 3112 verterunt
922 3058 978 3113 in
1012 3060 1146 3116 deos
1190 3079 1206 3117 :
1241 3061 1492 3116 vicerunt
1537 3063 1774 3132 gentiles
1819 3072 1873 3118 et
1913 3064 2163 3119 multitu—

2271 3059 2708 3129 τεθεοποιήκασιν
2768 3056 2852 3108 ἐπ’
2886 3053 3129 3119 ἐξουσίας
3150 3072 3163 3086 ο
3193 3054 3287 3107 καὶ
3331 3053 3431 3124 τὴν
3461 3054 3665 3124 πλάνην
3694 3056 3847 3125 ἐσχή-

590 3148 738 3215 dine,
782 3157 835 3205 et
872 3152 1143 3218 vanitate,
1196 3154 1426 3225 gentiles
1474 3169 1539 3209 ex
1584 3155 1880 3225 gentilibus
1919 3156 2159 3221 oriundi,

2271 3169 2395 3206 κασι
2422 3151 2534 3219 (57)
2553 3168 2566 3181 ·
2603 3150 2916 3220 νενικήκασι
2944 3148 3070 3211 τοὺς
3100 3147 3363 3218 ’Έλληνας
3393 3147 3472 3218 τῷ
3501 3148 3718 3219 πλήθει,
3755 3150 3845 3202 καὶ

587 3248 643 3296 et
662 3241 1033 3313 magnitudine
1060 3242 1249 3316 ﬂagitii
1276 3245 1554 3317 gentilium
1584 3245 1921 3316 iguorantias
1944 3246 2160 3302 illorum

2271 3245 2332 3316 τῇ
2380 3243 2625 3313 κενότητι
2677 3225 3241 3312 ἝλληνεξἙλλήνων
3280 3239 3585 3309 γεγονότες,
3630 3240 3726 3295 καὶ
3769 3242 3844 3313 τῷ

588 3342 931 3405 superantes.

2271 3332 2486 3404 μεγέθει
2517 3332 2616 3403 τῆς
2638 3330 2816 3385 αὐτῶν
2846 3329 3073 3394 ἀτοπίας
3108 3330 3205 3394 τὰς
3231 3331 3455 3385 ἐκείνων
3479 3332 3844 3402 ἀμϐλύνοντες

2266 3424 2507 3494 ἀγνοίας.

1670 3535 1796 3594 CAP.
1844 3537 1977 3593 Vlll.
2006 3538 2161 3595 Nihil
2179 3541 2506 3614 ﬂagitiosum
2533 3539 2587 3594 in
2613 3541 2741 3611 lege.

658 3650 738 3707 Ne
759 3650 883 3721 quis
920 3656 1102 3705 autem
1134 3661 1251 3705 arte
1286 3648 1639 3707 fallacissima
1672 3651 1920 3708 studiose
1961 3660 2017 3708 et
2060 3668 2157 3709 ac-

2334 3655 2453 3709 Ἵνα
2476 3654 2531 3708 δὲ
2563 3655 2636 3725 μή
2659 3668 2742 3715 τις
2769 3650 3150 3722 ἀπατηλότάτῃ
3180 3648 3343 3722 τέχνῃ
3365 3650 3710 3723 χρησάμενος
3734 3654 3844 3728 ἐπι.

577 3750 780 3801 curate
840 3756 976 3797 usus
1037 3742 1212 3808 dicat,
1273 3741 1563 3797 Simulavit
1612 3744 1737 3808 lex,
1797 3750 1852 3799 et
1909 3745 2154 3815 quaedam

2271 3745 2666 3818 τετηδευμένως
2687 3745 2844 3816 λέγῃ,
2883 3742 3316 3814 Ἐσχηματίσατο
3342 3744 3369 3794 6
3393 3742 3575 3813 νόμος,
3600 3745 3696 3797 καὶ
3727 3744 3843 3798 ἔνια

581 3834 819 3907 pulchra
859 3831 1037 3887 furata
1063 3873 1077 3898 ,
1117 3842 1375 3903 tanquam
1414 3848 1513 3888 sua
1546 3834 1809 3904 protulit,
1846 3849 1971 3888 cum
2000 3835 2160 3891 vellet

2271 3838 2368 3892 τῶν
2411 3837 2588 3892 καλῶν
2629 3834 2942 3908 σεσυληκὼς
2976 3834 3108 3906 (58),
3144 3834 3219 3898 ὡς
3255 3833 3363 3887 ἴδια
3404 3835 3841 3906 προσηνέγκατο,

587 3942 690 3984 sua
716 3924 917 3998 ﬂagitia
946 3925 1259 3990 honestare,
1294 3932 1350 3980 et
1381 3932 1563 3995 partes
1597 3925 1903 3981 honestatis
1931 3925 2161 3982 inseruit

2271 3929 2525 4000 σεμνῦναι
2552 3928 2652 3992 τάς
2685 3926 2878 3982 ἑαυτοῦ
2910 3927 3149 3990 ’ἀτοπίας
3178 3924 3518 3996 βουλόμενος,
3547 3927 3643 3981 καὶ
3676 3929 3847 3999 μόρια

586 4019 768 4076 studio
812 4017 1099 4090 obtegendi
1148 4016 1545 4087 turpitudinem
1591 4017 1823 4072 aliarum
1872 4019 2157 4089 partium;

2271 4020 2372 4074 τῶν
2411 4019 2590 4073 καλῶν
2639 4018 2941 4093 ὲνέσπειρε,
2976 4017 3063 4072 διὰ
3114 4017 3223 4069 τῶν
3274 4017 3475 4089 μορίων
3519 4017 3629 4071 τῶν
3659 4019 3847 4073 καλῶν

585 4128 714 4184 age,
754 4110 1096 4167 excutiamus
1131 4111 1328 4181 primo,
1377 4119 1558 4165 utrum
1607 4110 1813 4181 aliquid
1858 4112 2156 4168 absurdum

2271 4110 2370 4165 τῶν
2428 4111 2562 4165 ἀλλα
2607 4107 2951 4181 κατακρύψαι
3004 4107 3385 4171 ἐσπουδακώς·
3442 4106 3576 4179 φέρε
3627 4109 3845 4181 πρῶτον

583 4212 639 4259 et
700 4203 1025 4275 ﬂagitiosum
1085 4202 1228 4273 apud
1287 4203 1460 4269 legem
1521 4212 1802 4274 appareat,
1859 4212 2026 4275 atque
2082 4205 2158 4261 ita

2271 4203 2649 4274 γυμνάσωμεν,
2689 4202 2760 4274 μή
2804 4219 2857 4255 τι
2898 4201 3094 4255 ἄτοπον
3125 4198 3277 4270 παρά
3314 4199 3392 4270 τῷ
3442 4200 3593 4272 νόμῳ
3622 4201 3840 4275 φανείῃ,

583 4297 847 4369 ﬂagitium
888 4296 1118 4351 istorum
1163 4294 1541 4365 redarguatur.
1595 4295 1873 4362 Secundo,
1900 4298 1949 4352 si
1991 4311 2156 4368 quas-

2271 4296 2355 4350 καὶ
2378 4294 2546 4358 οὕτως
2571 4293 2791 4364 ἐλεγχος
2810 4293 2907 4364 τῆς
2936 4291 3166 4355 ἀτοπίας
3192 4292 3367 4344 αὐτῶν
3389 4292 3658 4360 γιγνέσθω
3676 4309 3689 4321 ο
3718 4292 3845 4346 δεύ-

582 4389 706 4444 dam
735 4396 920 4461 partes
949 4387 1065 4444 vitii
1104 4387 1420 4444 ulciscendo
1451 4388 1757 4458 dissipavit,
1794 4389 2028 4445 reddens
2057 4404 2153 4446 eos

580 4483 676 4552 qui
698 4480 1014 4546 credebant,
1045 4480 1246 4536 liberos
1274 4480 1343 4535 ab
1366 4481 1522 4535 .omni
1550 4487 1703 4551 parte
1726 4481 1843 4535 vitii
1870 4499 1885 4547 ;
1913 4497 2022 4537 non
2039 4481 2151 4551 jam

582 4573 671 4630 lex
725 4572 983 4627 simulata
1029 4570 1346 4641 apparebit,
1397 4571 1529 4641 quin
1584 4571 1768 4641 potius
1827 4572 2047 4627 inimica
2098 4580 2154 4628 et

581 4664 758 4720 hostis
782 4664 900 4719 vitii
928 4672 981 4719 et
1006 4665 1283 4734 nequitia}.
1317 4662 1524 4729 Tertio,
1559 4665 1606 4720 si
1644 4666 1890 4735 quaedam
1922 4666 2152 4722 honesta

579 4756 1102 4819 circumseminavit,
1145 4762 1199 4811 et
1240 4770 1349 4811 non
1391 4771 1607 4811 omnem
1651 4759 1885 4826 speciem
1931 4756 2151 4813 virtutis

578 4862 705 4904 cum
746 4848 927 4904 littera
967 4848 1104 4919 legis
1143 4847 1448 4918 conjunxit,
1495 4856 1555 4901 ut
1601 4849 1848 4919 quaedam
1899 4849 2150 4905 videatur

577 4939 904 5010 scripsisse,
967 4940 1122 5011 plura
1175 4954 1304 4994 vero
1375 4939 1712 5010 reliquisse;
1772 4939 1970 4996 habeat
2040 4940 2147 4994 vim

578 5033 817 5103 aliquam
868 5030 1125 5087 refutatio
1174 5030 1330 5102 legis.
1381 5029 1481 5084 Sin
1538 5046 1664 5087 vero
1716 5031 1971 5087 universa
2028 5045 2149 5101 quae

577 5126 809 5183 honesta
854 5133 909 5182 et
955 5127 1154 5182 decora
1208 5133 1358 5190 sunt,
1402 5126 1627 5180 omnino
1669 5124 1724 5178 in
1769 5124 1968 5180 litteris
2013 5124 2148 5194 legis

575 5218 753 5289 posita
784 5226 956 5275 sunt:
993 5218 1328 5273 admiremur
1363 5218 1556 5288 legem,
1586 5226 1637 5272 et
1678 5216 1772 5272 Dei
1807 5218 1977 5287 legem
2010 5231 2146 5270 cun-

576 5307 848 5378 ﬁteatnur,
895 5310 1252 5381 dicamusque
1284 5325 1590 5365 sermonem
1618 5308 1713 5365 Dei
1745 5325 1902 5375 esse;
1942 5310 1998 5364 in
2041 5308 2146 5367 hos

646 5467 694 5499 '°
732 5466 890 5523 Deut.
926 5483 977 5523 Vl
1000 5506 1013 5530 ,
1044 5466 1111 5531 4,
1147 5465 1199 5521 5.
1274 5466 1317 5497 ⁸¹
1364 5465 1520 5522 Deut.
1556 5481 1631 5530 iv,
1671 5464 1755 5520 19.

650 5619 762 5691 (57)
799 5621 908 5677 Kal
964 5620 1078 5690 τὴν
1126 5621 1367 5689 πλάνην
1415 5622 1735 5691 ἐσχήκασι.
1792 5619 1918 5691 Hinc
1979 5619 2145 5679 verba

571 5689 761 5749 Omisit
789 5692 1058 5763 interpres
1087 5710 1100 5747 :
1137 5695 1190 5746 in
1220 5709 1447 5747 errorem
1480 5689 1795 5746 inciderunt.
1824 5689 1986 5745 Bssn.

2260 4404 2437 4460 τερον,
2486 4388 2535 4440 εί
2568 4382 2683 4440 ἔνια
2707 4387 2806 4457 τῆς
2845 4383 3039 4456 κακίας
3076 4383 3221 4455 μέρη
3254 4383 3555 4449 ἐπεξελθὼν
3596 4383 3842 4438 ἀπεσκέο

2260 4481 2440 4545 δασεν,
2488 4477 2803 4551 ἐλευθέρους
2844 4478 2971 4539 τοὺς
3008 4475 3361 4539 πιστεύοντας
3407 4475 3611 4539 παντὸς
3646 4476 3839 4547 μορίου

2261 4573 2459 4636 κακίας
2507 4571 2815 4638 ἀποδείξας,
2863 4569 3047 4625 οὐκέτι
3083 4571 3555 4638 ἐσχηματισμένος
3599 4571 3629 4622 6
3672 4569 3840 4639 νόμος

2260 4665 2479 4736 φανείη,
2501 4664 2615 4718 ἀλλ’
2642 4662 2832 4735 ἐχθρὸς
2851 4663 2945 4717 καὶ
2981 4662 3078 4732 τῆς
3110 4660 3306 4725 κακίας
3334 4659 3594 4730 πολέμιος
3612 4677 3627 4691 ·
3656 4662 3839 4732 τρίτον

2257 4760 2336 4823 δὲ,
2370 4761 2419 4812 εί
2443 4759 2559 4813 ἔνια
2590 4757 2696 4812 τῶν
2727 4756 2903 4811 καλῶν
2933 4756 3304 4828 περιέσπειρε,
3336 4757 3430 4809 καὶ
3461 4757 3524 4809 οὐ
3560 4758 3668 4811 πᾶν
3698 4754 3842 4821 £73.»;

2256 4852 2357 4922 τῆς
2380 4851 2581 4923 ἀρετῆς
2606 4851 2716 4913 τοῖς
2749 4850 3037 4921 γράμμασι
3064 4847 3319 4918 συνῆψεν,
3354 4847 3461 4911 ἵνα,
3503 4849 3551 4901 εἰ
3590 4850 3689 4919 μὲν
3720 4850 3841 4902 ἔνια

2257 4944 2451 5016 φανείη
2495 4942 2877 5016 γεγραφηκὼς,
2922 4940 3141 4993 πλείονα
3185 4939 3242 4992 δὲ
3286 4938 3692 5004 ἀπολελοιπὼς,
3739 4941 3839 5012 ἔχῃ

2256 5035 2378 5089 τινά
2421 5035 2646 5105 δύναμιν
2688 5036 2716 5088 6
2761 5033 3006 5103 ἔλεγχος·
3038 5033 3086 5085 εἰ
3122 5031 3180 5085 δὲ
3224 5031 3321 5084 ὅλα
3352 5030 3528 5085 διόλου
3578 5030 3651 5085 ea
3694 5033 3843 5087 κα.λά

2256 5130 2370 5191 τοῖς
2395 5126 2715 5198 γράμμασιν
2744 5124 2969 5197 ἐπετέθη
3000 5124 3095 5178 τοῦ
3125 5124 3310 5195 νόμου,
3346 5122 3723 5195 θαυμάσωμεν
3749 5127 3842 5178 τὸν

2257 5220 2440 5291 νόμον,
2473 5219 2567 5274 καὶ
2612 5219 2744 5272 Θεοῦ
2781 5219 2940 5290 νόμον
2981 5217 3439 5289 ὁμολογήσωμεν·
3478 5216 3576 5270 καὶ
3620 5217 3841 5289 Πατρδς

2255 5309 2467 5381 ὁμιλίαν
2493 5315 2778 5381 φήσωμεν·
2802 5308 3019 5374 τούτους
3034 5310 3091 5363 δὲ
3122 5306 3637 5381 παραγραφώμεθα,
3655 5308 3841 5378 κίϐδη-

2323 5614 2435 5685 (58)
2479 5617 2646 5693 ’ξΕνια
2692 5618 2809 5672 τῶν
2837 5617 3040 5693 mulir
3071 5619 3454 5693 σεσυληκῲς.
3502 5619 3699 5693 Aliqua
3732 5617 3836 5673 lio-

2244 5696 2392 5742 uesta
2421 5685 2735 5756 subripieus,
2773 5699 2825 5742 ut
2854 5690 3028 5759 turpia
3063 5685 3336 5761 obtegeret.
3365 5685 3441 5744 In.
