4116 6332
323 298 461 358 Ιῖἳθ

1380 288 1748 349 ADVERSUS
1780 287 2204 346 MANICHEOS
2235 288 2367 343 LlB.
2410 289 2496 345 ill.

3418 290 3558 347 1250

321 420 411 475 λον
448 418 670 489 γνώμην
699 417 797 471 καὶ
833 416 1400 487 παρακεχαραγμένην
1425 413 1743 484 ἐσχηκότας.
1771 409 1894 462 Ὅτι

2004 421 2125 460 vero
2176 406 2581 462 accusationem
2628 423 2663 461 ο
2698 407 2816 477 lege
2865 406 3278 476 transferamus,
3323 427 3562 482 quorum

324 513 423 584 μὲν
467 506 560 565 οὖν
599 510 723 563 οὐδὲ
751 510 808 563 ἓν
844 510 1031 581 μρριον
1068 508 1265 571 κακίας
1310 504 1721 577 ἐπεσπιρμένον
1760 503 1891 573 ἔχει,

316 601 442 655 οὐδὲ
497 601 681 671 μόριον
728 600 923 662 κακίας
970 596 1306 670 ἀφῃρηκὼς,
1365 596 1549 667 ἐτέρου
1603 592 1889 662 ἐφεεσατο·

320 693 456 747 ἀλλά
481 692 716 764 καθαρὸς
742 692 839 762 μὲν
866 694 893 745 ό
921 691 1084 761 νόμος
1109 692 1203 744 καὶ
1234 690 1406 758 ἅγιος,
1439 689 1532 741 καὶ
1551 685 1687 767 Θεοῆ
1710 685 1893 767 νόμος,

315 788 349 841 6
383 787 594 849 Παῦλος
628 785 724 857 βοᾷ
744 802 758 816 ⁸
788 784 926 838 ὥστε
962 787 1022 837 '0
1050 783 1169 854 μὲν
1188 785 1370 852 νόμος
1401 781 1586 849 ἅγιος,
1614 780 1711 833 καὶ
1736 779 1773 846 ἡ
1796 778 1892 831 ἐν·

320 879 471 948 τολὴ
512 879 668 949 ἁγία,
699 878 798 931 καὶ
826 878 1046 940 δικαία,
1096 876 1193 930 καὶ
1220 873 1444 945 ἀγαθήο
1487 874 1598 935 καὶ,
1641 871 1898 941 Οἴδαμεν

321 970 453 1042 τὰρ,
480 971 570 1024 ὅτι
614 973 648 1024 ὁ
684 970 802 1040 μὲν
828 970 1012 1039 νόμος
1053 968 1452 1037 πνευματικός
1486 965 1617 1018 ἐστι
1639 978 1652 991 ’
1688 963 1749 1015 τὸ
1790 961 1897 1031 γὰρ

322 1064 500 1132 ἅγιον,
544 1063 638 1116 καὶ
677 1061 1059 1133 πνευματικὸν,
1089 1063 1185 1115 καὶ
1219 1059 1420 1129 ἀγαθὸν
1462 1058 1641 1128 πάσης
1672 1056 1899 1117 ἀτοπίας

320 1154 667 1219 ἀπολέλυται,
690 1155 782 1210 καὶ
803 1155 1024 1226 οὐδεμιᾷ
1041 1154 1241 1224 ἀτοπίᾳ
1275 1152 1522 1222 ἀνέχεται
1543 1166 1557 1180 ·
1582 1147 1898 1219 σεμνύνεται

320 1251 445 1312 ταῖς
491 1249 730 1320 ἀρεταῖς,
761 1248 854 1301 καὶ
890 1246 1192 1315 διαλέγεται
1226 1245 1302 1316 τῷ
1344 1243 1494 1314 Θεῷ*
1529 1245 1563 1313 ἡ
1608 1241 1716 1313 γὰρ
1763 1238 1899 1310 πρὸς

323 1340 415 1393 τὸν
439 1341 568 1394 Θεὸν
601 1339 782 1412 ὁμιλία
826 1337 990 1409 ἄλλης
1028 1339 1126 1409 μὲν
1152 1337 1357 1402 τάξεως
1386 1336 1486 1389 οὐκ
1519 1333 1788 1403 ἀνέχεται,
1831 1332 1897 1400 τῇ

323 1436 381 1490 δὲ
430 1432 524 1488 τοῦ
564 1435 879 1505 Πνεύματος
927 1431 1241 1505 ῥυθμίζεται
1264 1429 1607 1499 ,ἐπιστασίᾳσ
1658 1426 1900 1493 Πνεῦμα

323 1527 435 1597 τὰρ
482 1529 514 1580 d
556 1507 844 1593 Θεὸς,’καὶ
887 1525 1027 1591 τοὺς
1073 1521 1567 1594 προσκυνοῦντας
1612 1517 1798 1572 αὑτὸν
1826 1517 1899 1569 ἐν

322 1620 617 1687 πνεύματι
647 1619 740 1671 καὶ
778 1618 1025 1685 ἀληθείᾳ
1051 1616 1146 1670 δεῖ
1180 1613 1568 1684 προσκυνεῖν.
1593 1612 1900 1680 Πνευματι-

326 1699 498 1773 κὸςᾶὲ
529 1710 603 1763 ὣν
628 1713 656 1764 6
681 1710 863 1780 νόμος,
889 1709 985 1780 τὴν
1007 1707 1141 1779 πρὸς
1166 1707 1298 1761 Θεὸν
1322 1705 1534 1776 ὁμιλίαν
1560 1699 1903 1772 παρασκευά-

325 1799 439 1866 ζει’
467 1801 562 1856 καὶ
602 1802 651 1855 εί
679 1800 900 1854 δύναται
941 1803 969 1853 6
1014 1798 1381 1871 πνευματικὸς
1405 1796 1473 1850 τὰ
1502 1796 1599 1867 μὲν
1618 1793 1751 1847 ἄλλα
1776 1794 1897 1863 κρί-

2004 1790 2509 1845 sermocinationem
2554 1805 2677 1844 cum
2737 1792 2850 1848 Deo
2902 1803 3056 1864 parat
3113 1814 3128 1863 ;

325 1913 436 1962 ναι,
469 1895 630 1958 αὐτὸς
650 1895 705 1948 δὲ
736 1895 828 1946 ὑπ’
858 1893 1069 1956 οὐδενὸς
1101 1890 1479 1960 ἀνακρίνεταιο
1516 1889 1668 1957 πόσῳ
1698 1883 1897 1956 μᾶλλον

325 1990 355 2043 6
373 1989 533 2061 νόμος
560 1990 588 2041 ό
616 1986 999 2057 πνευματικὸς,
1032 1983 1195 2047 αὐτὸς
1230 1983 1326 2054 μὲν
1349 1981 1565 2034 πάντων
1594 1979 1701 2032 τῶν
1724 1975 1897 2030 ἄλλων

324 2080 451 2143 τοὺς
471 2078 661 2146 λόγους
685 2078 969 2147 ἀνακρῖναι
1007 2074 1248 2138 δύναται,
1281 2070 1439 2134 αὐτὸς
1482 2070 1537 2122 δὲ
1574 2068 1664 2122 ὑπ’
1688 2066 1899 2129 οὐδενὸς

324 2167 782 2239 ἀνακριθήσεταις

1997 500 2264 553 sententia
2292 498 2595 553 adulterina
2631 509 2686 553 et
2727 499 3021 567 depravata
3059 508 3164 557 est.
3200 500 3357 567 Quod
3394 505 3561 574 igitur

1997 591 2200 644 nullam
2235 598 2445 662 partem
2475 591 2595 645 vitii
2628 592 2709 645 lex
2743 591 2903 646 habet
2934 593 3337 659 inseminatam,
3383 612 3561 666 neque

1997 690 2204 752 partem
2236 684 2461 740 abstulit
2490 684 2682 747 aliam,
2725 692 2779 738 et
2816 671 2908 738 alii
2953 687 3211 756 pepercit,
3254 687 3350 742 sed
3381 691 3563 759 potius

1997 790 2131 844 pura
2164 784 2249 831 est
2278 777 2363 831 lex
2396 784 2450 831 et
2484 787 2693 843 sancta,
2726 785 2779 831 et
2808 776 2901 832 Dei
2932 779 3053 845 lex;
3081 778 3282 836 Paulus
3313 782 3511 837 clamat
3543 802 3559 838 :

1998 866 2107 921 Lex
2129 866 2335 937 quidem
2357 877 2565 936 sancta,
2593 881 2642 923 et
2673 872 2982 925 mandatum
3004 885 3245 927 sanctum
3265 882 3313 927 et
3327 873 3559 942 justum,

1998 971 2047 1015 et
2072 962 2263 1016 bonum
2298 965 2344 995 ⁸²
2378 982 2393 1031 ;
2432 974 2490 1019 et
2527 983 2539 1018 :
2585 964 2794 1021 Scimus
2837 969 2996 1033 enim,
3030 968 3170 1027 quod
3200 967 3282 1019 lea:
3318 968 3566 1035 spiritua-

2001 1054 2066 1109 lis
2103 1066 2180 1110 est
2224 1056 2268 1091 ⁸³
2306 1076 2319 1111 :
2366 1056 2514 1126 quod
2547 1058 2692 1111 enim
2736 1066 2984 1115 sanctum
3021 1067 3126 1121 est,
3164 1065 3218 1114 et
3260 1060 3561 1129 spirituale,

1999 1153 2053 1198 et
2099 1146 2322 1211 bonum,
2370 1148 2439 1202 ab
2484 1149 2631 1203 omni
2671 1151 3010 1220 turpitudine
3050 1152 3340 1208 liberatum
3374 1161 3479 1220 est,
3506 1159 3567 1209 et

2001 1240 2147 1292 nulla
2197 1240 2357 1307 culpa
2406 1239 2458 1293 in
2505 1255 2572 1295 eo
2613 1242 2798 1308 haeret,
2842 1244 3214 1314 gloriaturque
3247 1245 3563 1311 virtutibus,

2000 1336 2053 1383 et
2079 1344 2203 1384 cum
2249 1329 2359 1386 Deo
2397 1332 2657 1400 loquitur.
2688 1333 3086 1390 Sermocinatio
3116 1336 3262 1390 enim
3297 1352 3419 1391 cum
3454 1336 3565 1393 Deo

2001 1436 2108 1474 non
2143 1421 2364 1491 patitur,
2398 1430 2456 1475 ut
2495 1424 2721 1479 alterius
2758 1425 2971 1481 ordinis
3001 1426 3073 1480 sit
3102 1466 3117 1491 ,
3164 1428 3259 1482 sed
3291 1430 3565 1495 guberna-

2002 1511 2148 1567 tione
2195 1511 2431 1582 Spiritus
2475 1516 2648 1568 sancti
2686 1524 3056 1586 temperatur;
3102 1518 3243 1572 Deus
3280 1522 3417 1575 enim
3458 1522 3567 1591 spi-

2001 1603 2137 1658 ritus
2180 1614 2259 1658 est
2283 1646 2298 1670 ,
2329 1616 2379 1659 et
2403 1607 2490 1676 qui
2529 1622 2645 1660 eum
2678 1608 2925 1672 adorant,
2965 1610 3017 1663 in
3052 1612 3241 1677 spiritu
3273 1623 3320 1666 et
3353 1614 3567 1670 veritate

2003 1706 2203 1766 oportet
2245 1697 2469 1752 adorare
2497 1699 2565 1755 ⁵⁸.
2600 1699 2709 1756 Lex
2742 1710 2922 1757 autem
2971 1719 3093 1758 cum
3138 1706 3433 1774 spiritualis
3471 1712 3563 1772 sit,

3187 1804 3241 1851 et
3288 1799 3332 1853 si
3386 1808 3565 1869 potest

2005 1879 2306 1949 Spiritualis
2366 1883 2471 1936 alia
2523 1884 2741 1953 quidem
2797 1885 3073 1954 judicare,
3125 1888 3239 1959 ipse
3298 1898 3478 1945 autem
3530 1906 3563 1945 a

2006 1971 2222 2026 nemine
2267 1973 2549 2040 judicatur
2590 1995 2601 2029 :
2674 1989 2876 2045 quanto
2918 1980 3090 2048 magis
3139 1980 3221 2033 lex
3266 1982 3568 2051 spiritualis

2006 2068 2183 2128 potest
2210 2061 2429 2130 quidem
2464 2064 2692 2119 aliorum
2722 2067 2964 2121 omnium
2991 2084 3270 2126 sermones
3295 2072 3564 2142 judicare,

2009 2154 2126 2223 ipsa
2155 2170 2283 2209 vero
2314 2169 2343 2208 a
2381 2158 2597 2211 nemine
2618 2157 2987 2228 judicabitur?
3143 2155 3151 2165 ’

1276 2282 1406 2338 CAP.
1439 2280 1529 2337 IX.
1564 2280 1670 2334 Lex
1695 2293 1900 2334 omnem
1924 2276 2036 2330 vitii
2064 2276 2283 2344 speciem
2313 2275 2551 2333 abstulit.

403 2403 524 2457 Ὅτι
546 2402 602 2456 δὲ
632 2401 726 2454 καὶ
752 2401 857 2454 πᾶν
899 2394 1038 2462 εἶδος
1082 2397 1281 2459 κακίας
1315 2394 1516 2458 ἀνεῖλε,
1566 2392 1660 2445 καὶ
1691 2389 1810 2444 οὐδὲ
1842 2388 1900 2441 ἓν

329 2500 519 2572 μόριον
572 2495 848 2566 παρεῖδεν,
895 2492 1009 2546 ἀλλ’
1055 2488 1316 2560 ἐπεξῆλθε
1370 2488 1477 2540 πᾶν
1524 2481 1662 2548 εἶδος
1702 2483 1901 2546 κακίας

325 2588 591 2662 ἀναιρῶν,
627 2586 967 2647 ἀνακόπτων,
999 2582 1154 2654 δῆλον
1185 2583 1249 2634 ὲκ
1277 2579 1385 2632 τῶν
1420 2578 1548 2650 περὶ
1579 2577 1676 2646 τῆς
1706 2576 1903 2639 κακίας

322 2686 491 2755 ὅρων,
517 2680 795 2752 τεσσάρων
826 2677 982 2732 εἰδῶν
1008 2676 1174 2729 ὄντων
1213 2674 1313 2745 τῆς
1345 2673 1565 2735 κακίας,
1595 2669 1903 2742 ἀφροσύνης

329 2784 427 2832 καὶ
456 2772 769 2834 ἀκολασίας,
806 2771 900 2823 καὶ
945 2769 1163 2831 δειλίας,
1214 2766 1310 2819 καὶ
1338 2764 1568 2828 ἀδικίας.
1607 2763 1669 2815 El
1717 2762 1814 2830 μέν
1848 2777 1900 2813 τι

333 2868 535 2936 φαυλον
560 2864 644 2935 εἴη
677 2866 705 2917 ὁ
739 2862 902 2932 νόμος
944 2855 1321 2928 σεσιωπηκὼς,
1354 2856 1549 2927 ἀτελὴς
1569 2854 1597 2907 6
1625 2854 1786 2925 νόμος
1806 2869 1819 2882 ο
1853 2852 1902 2904 εί

330 2959 388 3012 δὲ
433 2955 693 3025 ἐπεξῆλθε
747 2954 840 3007 καὶ
887 2950 1311 3024 ἑπεξεργάσατο,
1357 2950 1464 3001 πᾶν
1516 2945 1653 3009 εἶδος
1703 2945 1902 3007 κακίας

331 3047 699 3122 προαναιρῶν,
742 3044 965 3106 εἰκότως
998 3045 1030 3114 ὴ
1078 3043 1243 3096 κακία
1292 3040 1633 3095 συστέλλεται
1665 3039 1768 3091 ὑπὸ
1807 3036 1901 3090 τοῦ

2075 2385 2231 2455 Quod
2281 2396 2463 2444 autem
2513 2406 2728 2446 omnem
2773 2393 3011 2462 speciem
3054 2395 3171 2449 vitii
3214 2399 3472 2463 sustulit,
3514 2407 3569 2455 et

2004 2483 2208 2537 nullam
2243 2492 2451 2556 partem
2478 2484 2828 2553 praetermisit
2856 2496 2950 2540 aut
2979 2488 3234 2557 neglexit,
3260 2490 3352 2546 sed
3388 2492 3571 2561 potius

2004 2590 2166 2631 omne
2197 2590 2371 2647 genus
2397 2576 2514 2631 vitii
2540 2576 2878 2645 vindicavit,
2923 2579 3121 2635 tollens
3159 2589 3214 2636 et
3244 2583 3571 2640 exscindens

2003 2668 2178 2732 illud;
2235 2677 2450 2726 constat
2492 2684 2560 2724 ex
2601 2669 2813 2741 legibus
2849 2685 2913 2725 ac
2953 2673 3153 2742 regulis
3178 2673 3245 2728 de
3274 2675 3409 2730 vitio
3441 2691 3573 2733 con-

2008 2758 2236 2822 stitutis,
2271 2760 2431 2829 cujus
2466 2767 2596 2816 sunt
2638 2762 2849 2832 species
2891 2771 3147 2833 quatuor,
3181 2766 3570 2836 imprudentia,

2009 2854 2468 2924 intemperantia,
2518 2854 2818 2921 timiditas,
2874 2867 2925 2912 et
2978 2858 3269 2928 injustitia.
3336 2860 3391 2916 Si
3443 2864 3575 2934 quid

2010 2956 2189 3001 autem
2221 2948 2375 3016 pravi
2417 2947 2500 3003 lex
2543 2948 2878 3015 reticuisset,
2907 2949 3220 3019 imperfecta
3257 2962 3400 3008 esset
3432 2954 3519 3008 lex
3556 2975 3569 3009 :

2013 3039 2099 3094 sin
2148 3054 2278 3094 vero
2325 3047 2386 3094 ut
2428 3054 2618 3097 omnes
2670 3042 2880 3111 species
2926 3044 3182 3114 nequitia:
3230 3047 3571 3115 praecideret,

332 3142 520 3212 νόμου,
565 3139 698 3209 μηδὲ
748 3137 996 3207 λείψανον
1036 3134 1178 3205 ἔχειν
1218 3131 1701 3205 συγκεχωρημένη.
1732 3130 1901 3183 Ὅπου

2010 3146 2105 3187 eas
2152 3131 2453 3186 vindicavit
2500 3140 2556 3188 et
2603 3134 2959 3189 retractavit:
3010 3136 3258 3206 sequitur
3307 3138 3495 3192 vitium
3544 3158 3574 3194 a

332 3232 466 3304 γοῦν
502 3230 671 3301 ίσχύει
711 3229 893 3298 νόμος,
924 3228 1017 3280 καὶ
1055 3229 1121 3297 τῇ
1157 3224 1332 3277 πειθοῖ
1362 3225 1430 3277 τὰ
1462 3223 1627 3293 νεῦρα
1673 3221 1904 3284 δίδωσιν,

334 3325 458 3380 οὐδὲ
515 3321 696 3376 νοτίδα
735 3320 933 3383 κακίας
987 3318 1132 3372 ἔστιν
1176 3319 1385 3389 εὑρεῖν
1419 3318 1552 3369 ὅπου
1601 3315 1656 3368 δὲ
1706 3316 1903 3379 ἀτονεῖ,

334 3414 682 3488 περιέρχεται
707 3414 740 3483 ἡ
777 3409 1006 3481 πονηρία
1031 3407 1361 3463 σκυλεύουσα
1378 3409 1473 3462 καὶ
1496 3405 1905 3477 κατανεμομένη

336 3509 424 3561 ἐπ’
450 3505 697 3573 ἐξουσίας
723 3503 1033 3574 βαδίζουσα,
1063 3502 1139 3573 τῷ
1164 3498 1457 3571 ἀφυλάκτῳ
1484 3499 1584 3568 τῆς
1604 3498 1781 3568 ψυχῆς
1808 3497 1906 3567 τὴν

336 3595 582 3663 ἐξουσίαν
612 3595 909 3667 εὑραμένη.
942 3593 1049 3664 Βοᾷ
1076 3594 1184 3664 γὰρ
1208 3594 1236 3645 6
1258 3592 1418 3662 νόμος
1439 3608 1451 3620 ο
1479 3592 1546 3643 El
1573 3592 1606 3643 ὀ
1629 3590 1778 3654 λαός
1788 3605 1906 3656 μου

334 3688 566 3759 ἤκουσέ
584 3706 724 3757 μου,
769 3685 1014 3755 Ἰσραὴλ
1042 3685 1169 3751 ταῖς
1189 3684 1350 3751 ὁδοῖς
1376 3701 1495 3753 μου
1522 3684 1575 3736 εὶ
1595 3681 1905 3749 ἐπορεύθη,

335 3782 406 3836 ἐν
432 3781 512 3846 τῷ
533 3779 745 3850 μηδενὶ
765 3778 840 3832 ἂν
866 3778 1005 3843 τοὺς
1028 3776 1278 3846 ἐχθροὺς
1301 3774 1497 3829 αὐτῶν
1516 3775 1904 3827 ἐταπείνωσα·

334 3875 424 3928 ὅτε
448 3872 555 3944 γὰρ
589 3871 760 3925 πείθει
792 3871 975 3941 νόμος,
1016 3868 1219 3939 ἄνευρα
1261 3868 1470 3937 γίνεται
1499 3865 1568 3920 τά
1600 3864 1768 3929 κακὰ,
1808 3882 1909 3934 χα-

340 3966 437 4038 μαι
468 3966 715 4034 κείμενα,
741 3964 834 4016 κα)¹
857 3962 990 4033 μηδὲ
1018 3962 1333 4031 ἀντωπῆσαι
1350 3964 1413 4031 τῇ
1436 3958 1579 4031 ψυχῇ
1610 3959 1904 4028 δυνάμενα.

334 4059 400 4112 Et
434 4055 545 4128 γὰρ
582 4057 808 4127 λύχνος
856 4055 978 4119 τοῖς
1014 4057 1160 4108 ποσί
1192 4071 1310 4123 μου
1339 4057 1371 4109 ό
1409 4055 1590 4122 νόμος
1626 4068 1763 4119 σου,
1812 4052 1908 4104 καὶ

335 4147 462 4220 φῶς
498 4146 626 4214 ταῖς
669 4148 888 4215 τρίϐοις
909 4163 1050 4215 μου,
1091 4146 1197 4198 πᾶν
1238 4144 1298 4197 τὸ
1328 4144 1661 4216 πρόσκομμα
1705 4142 1908 4213 ἀνῄρη-

332 4258 444 4306 ται,
480 4238 894 4309 πεφωτισμένης
930 4239 1026 4291 καὶ
1069 4235 1323 4306 διαυγοῦς
1348 4236 1447 4306 τῆς
1489 4229 1714 4306 καρδίας
1753 4236 1907 4305 εὐρε-

335 4332 550 4404 θείσης·
580 4331 684 4386 κᾶν
707 4332 816 4403 γὰρ
835 4331 933 4400 τὴν
958 4329 1084 4383 νέαν
1109 4328 1321 4399 ἐκείνην
1350 4329 1444 4381 καὶ
1477 4327 1766 4399 ὀλισθηρὰν
1809 4326 1909 4399 ἔχῃ

333 4422 571 4494 ἠλικίαν,
594 4420 836 4491 φυλακὴν
861 4420 917 4473 δὲ
942 4419 1050 4474 τῶν
1083 4419 1341 4491 ῥημάτων
1366 4420 1602 4491 τηρήσῃ,
1630 4418 1906 4471 ἀδιάπτω-

332 4492 426 4577 τος
454 4512 713 4568 διατελῶν
744 4513 1023 4584 βοήσεταιο
1074 4511 1168 4563 Ἐν
1206 4510 1320 4563 τίνι
1360 4508 1716 4577 κατορθώσει
1760 4509 1903 4562 νεώ-
1938 4492 1980 4546 D

332 4620 504 4672 τερος
532 4602 644 4671 τὴν
685 4601 828 4656 ὀδόν
856 4600 1077 4664 αὑτοῦ;
1119 4601 1188 4653 ἐν
1223 4598 1302 4665 τῷ
1348 4599 1729 4669 φυλάξασθαι
1762 4598 1903 4664 τοὺς

332 4698 554 4766 λόγους
585 4710 721 4748 σου.
762 4694 999 4766 Δύναμιν
1030 4694 1086 4746 δὲ
1122 4693 1213 4746 τοῦ
1258 4692 1525 4763 μηδέποτε
1576 4692 1903 4760 σφάλλεσθαι

333 4786 699 4857 πορισάμενος
726 4784 923 4855 ἐαυτῷ,
949 4783 1027 4854 τῷ
1056 4783 1315 4856 κρύπτειν
1342 4783 1440 4846 τὰς
1473 4781 1567 4834 τοῦ
1608 4782 1774 4853 νόμου
1803 4801 1907 4853 μα-

332 4878 518 4949 θήσεις
553 4879 611 4931 ὲν
660 4880 725 4947 τῇ
773 4877 998 4948 διανοίᾳ,
1047 4876 1235 4946 φησίν·
1284 4877 1385 4930 Ἐν
1434 4874 1508 4943 τῇ
1537 4876 1750 4944 καρδίᾳ
1786 4894 1904 4945 μου

329 4970 568 5039 ἔκρυψα
596 4967 667 5023 τὰ
689 4967 861 5038 λόγιά
885 4983 1021 5032 σου,
1060 4968 1215 5032 ὅπως
1247 4968 1322 5021 ἂν
1351 4967 1431 5036 μὴ
1476 4967 1714 5037 ἁμάρτω
1743 4982 1862 5021 σοι.

401 5146 513 5200 Καὶ
541 5144 683 5198 οὕτω
713 5145 801 5198 τὸν
826 5145 985 5215 νόμον
1014 5144 1131 5198 ἀντὶ
1153 5143 1386 5216 φρουροῦ
1411 5143 1505 5196 καὶ
1545 5142 1782 5213 φύλακος
1809 5143 1901 5197 θέμ-

332 5254 515 5309 μενος,
549 5242 766 5309 συνήσει
795 5236 910 5299 πῶς
934 5236 1161 5290 ἕκαστον
1189 5236 1293 5289 τῶν
1318 5234 1547 5289 εἰδώλων
1567 5237 1666 5307 τῆς
1700 5238 1899 5302 κακίας

328 5331 358 5382 6
394 5330 555 5399 νόμος
594 5327 916 5382 ἀπελαύνει’
945 5325 1261 5381 ἀπελαύνων
1298 5326 1393 5397 μὲν
1423 5326 1520 5398 τὴν
1563 5326 1897 5397 ἀφροσύνην,

328 5416 417 5470 διὰ
448 5416 541 5470 τοῦ
587 5416 832 5485 λέγοντος
875 5416 1230 5488 γράμματος’
1266 5416 1360 5483 Μὴ
1408 5418 1646 5485 γίνεσθε
1690 5418 1765 5484 ὡς
1800 5418 1897 5470 ἵπ-

330 5521 443 5575 πος
474 5510 572 5564 καί
587 5511 854 5581 ἡμίονος,
877 5508 967 5576 οἷς
986 5512 1096 5564 οὐκ
1118 5508 1248 5563 ἔστι
1271 5511 1522 5576 σύνεσις
1541 5528 1553 5540 ·
1580 5508 1896 5582 ἐξοστρακί-

277 5675 289 5706 -.
406 5655 448 5687 ³¹
484 5652 640 5709 Rom.
677 5668 773 5717 vn,
813 5652 897 5711 12,
972 5652 1018 5684 ⁵³
1057 5651 1185 5705 ibid.
1225 5652 1309 5705 l4.
1386 5652 1430 5684 ”
1468 5650 1625 5710 Joan.
1660 5669 1733 5718 1v,
1771 5653 1861 5708 24.

329 5726 376 5760 ⁸⁸
416 5726 546 5780 ibid.
590 5725 673 5779 Η.
749 5722 794 5755 δ’
834 5721 976 5779 Psal.
1018 5737 1163 5791 χχιιι,
1198 5721 1251 5777 9.

2008 3223 2126 3293 lege
2157 3225 2398 3279 coerceri
2430 3232 2485 3279 ct
2514 3225 2761 3295 reprimi,
2797 3242 2918 3296 qua”:
2950 3243 3124 3298 neque
3164 3229 3422 3301 reliquias
3454 3232 3574 3309 ejus

2007 3316 2234 3386 patitur.
2278 3315 2383 3371 Ubi
2426 3316 2592 3388 igitur
2632 3318 2776 3374 valet
2815 3326 2869 3374 et
2912 3320 3055 3391 viget
3097 3321 3204 3386 lex,
3233 3330 3289 3378 et
3330 3326 3573 3381 suasioni

2008 3422 2207 3462 nervos
2242 3407 2487 3474 adhibet,
2532 3408 2608 3463 ibi
2652 3424 2830 3480 neque
2862 3410 3060 3467 humor
3102 3413 3217 3468 vitii
3255 3416 3525 3485 reperitur
3556 3438 3572 3473 :

2020 3499 2114 3553 ubi
2152 3507 2332 3555 autem
2370 3499 2704 3565 debilitatur,
2743 3502 3059 3558 obambulat
3097 3506 3339 3577 nequitia
3367 3511 3576 3579 compi-

2009 3590 2128 3647 lans
2166 3600 2219 3647 et
2257 3593 2577 3662 depascens,
2620 3594 2848 3652 licenter
2891 3597 3166 3667 gradiens,
3198 3607 3251 3655 et
3299 3600 3576 3656 licentiam

2008 3692 2169 3739 nacta
2201 3697 2421 3755 propter
2450 3686 2751 3740 custodiam
2786 3690 2983 3744 animae
3009 3692 3330 3763 neglectam.
3366 3693 3577 3749 Clamat

2010 3772 2154 3827 enim
2190 3775 2273 3829 lex
2318 3794 2331 3829 :
2382 3774 2445 3829 Si
2482 3776 2705 3844 populus
2746 3795 2890 3835 meus
2916 3781 3149 3836 audisset
3185 3800 3285 3846 me,
3316 3783 3489 3851 Israel
3518 3788 3575 3841 in

2010 3866 2105 3919 viis
2146 3867 2274 3920 meis
2322 3868 2368 3921 si
2415 3867 2774 3935 ambulasset,
2820 3886 2916 3939 pro
2958 3874 3120 3928 nihilo
3175 3876 3416 3932 inimicos
3458 3878 3575 3949 ejus

2009 3958 2370 4014 humiliassem
2422 3962 2490 4016 ⁵⁵.
2537 3961 2673 4017 Cum
2711 3963 2857 4019 enim
2896 3964 2982 4019 lex
3024 3966 3335 4035 persuadet,
3379 3985 3575 4027 nervos

2011 4049 2266 4104 amittunt
2316 4050 2448 4106 vitia
2508 4052 2664 4107 humi
2697 4037 2983 4124 'jacentia,
3030 4073 3150 4128 qua!
3190 4075 3291 4116 nec
3337 4062 3574 4118 animam

2010 4157 2074 4196 ex
2106 4141 2333 4198 adverso
2364 4143 2564 4199 intueri
2589 4156 2842 4216 possunt.
2867 4147 2925 4204 Si
2951 4150 3093 4205 enim
3121 4151 3334 4210 lucerna
3359 4153 3575 4223 pedibus

2009 4235 2136 4289 meis
2163 4234 2245 4288 lea:
2275 4247 2386 4298 tua,
2414 4246 2464 4291 et
2485 4238 2664 4295 lumen
2689 4242 2892 4296 semitis
2916 4243 3044 4297 meis
3071 4244 3140 4308 ⁵⁸,
3195 4245 3374 4304 omnis
3403 4247 3574 4302 oll'en-

2010 4326 2092 4381 sio
2139 4328 2354 4384 sublata
2401 4337 2506 4395 est,
2554 4332 2861 4388 illuminato
2903 4334 3068 4390 corde
3106 4343 3162 4390 et
3213 4338 3571 4406 splendente;

2010 4418 2116 4472 etsi
2161 4420 2308 4472 enim
2362 4422 2690 4494 quisaatate
2749 4425 2841 4479 illa
2910 4426 3292 4485 adolescentiae
3363 4431 3573 4486 lubrica

2010 4510 2103 4574 sit,
2146 4511 2450 4567 custodiam
2494 4525 2675 4570 tamen
2720 4516 3011 4573 verborum
3056 4529 3342 4575 conservet
3389 4538 3574 4592 perse-

2008 4615 2204 4655 verans
2246 4613 2481 4666 erectus,
2530 4605 2788 4660 clamabit
2835 4624 2849 4659 :
2893 4605 2961 4660 In
2991 4624 3090 4678 quo
3135 4609 3349 4679 corrigit
3396 4612 3576 4665 adole-

2020 4693 2251 4767 scentior
2317 4696 2455 4749 viam
2521 4701 2722 4754 suam?
2782 4700 2835 4753 in
2905 4701 3243 4759 custodiendo
3314 4719 3574 4758 sermones

2010 4793 2126 4838 tuos
2178 4785 2244 4840 ⁸⁷.
2307 4785 2476 4843 David
2544 4793 2873 4864 comparatis
2927 4793 3031 4849 sibi
3079 4794 3289 4849 viribus
3340 4795 3409 4851 ad
3463 4813 3573 4857 non

2008 4876 2322 4944 labentium,
2357 4881 2607 4937 abdendo
2638 4883 2691 4959 in
2725 4892 2905 4940 mente
2937 4885 3256 4956 disciplinas
3284 4887 3418 4958 legis
3448 4888 3575 4943 aie-

2008 4965 2101 5021 bat
2143 4987 2154 5021 :
2204 4968 2270 5022 In
2314 4971 2469 5026 corde
2513 4990 2624 5030 meo
2670 4974 2921 5037 abscondi
2959 4978 3168 5039 eloquia
3215 4988 3326 5044 tua,
3368 4986 3425 5031 ut
3470 4994 3575 5033 non

2005 5075 2206 5128 peccem
2235 5062 2329 5116 tibi
2357 5064 2422 5122 ⁸⁸.

2077 5155 2253 5224 Atque
2295 5157 2369 5210 ita
2394 5157 2487 5228 qui
2516 5158 2686 5230 legem
2718 5174 2817 5228 pro
2859 5160 3087 5219 custode
3116 5160 3445 5223 adhibuerit,
3478 5163 3571 5214 in-

2006 5245 2229 5316 telligit,
2281 5250 2554 5317 quomodo
2606 5251 2692 5304 lex
2725 5251 2969 5321 singulas
3002 5253 3213 5323 species
3243 5253 3361 5309 vitii
3406 5253 3574 5323 abigit

2006 5341 2060 5388 et
2092 5333 2260 5404 ejicit.
2314 5337 2736 5408 Imprudentium
2784 5340 3001 5409 quidem
3051 5356 3148 5411 per
3191 5339 3569 5411 Scripturam,

2004 5441 2125 5493 qua:
2147 5427 2223 5481 ait
2248 5447 2259 5482 :
2288 5427 2466 5487 Nolite
2498 5433 2615 5498 lteri
2645 5431 2780 5485 sicut
2798 5448 2957 5503 equus
2973 5441 3021 5486 et
3043 5432 3240 5499 mulus,
3262 5432 3447 5504 quibus
3468 5450 3572 5517 non

2003 5526 2079 5571 est
2098 5519 2390 5576 intellectus
2422 5523 2488 5577 δ’.
2543 5523 2909 5580 Timiditatem
2932 5540 3061 5581 vero
3084 5541 3181 5595 per
3203 5524 3568 5597 Scripturam,

1942 5656 1987 5688 ⁵⁸
2024 5658 2167 5716 Psal.
2206 5678 2369 5731 Lxxx,
2410 5666 2493 5721 M.
2573 5667 2617 5700 "
2655 5667 2801 5725 Psal.
2835 5682 3025 5736 cxvm,
3061 5666 3182 5723 105.
3261 5668 3305 5701 "
3346 5667 3478 5728 ibid.
3515 5668 3570 5734 9,
