4116 6332
591 308 734 366 1251
1684 289 1690 295 ’
1741 307 1873 360 TITI
1917 306 2338 365 BOSTRENSIS
2376 308 2681 365 EPISCOPI
3710 308 3852 363 125!

592 438 712 495 quae
743 421 921 477 dicit:
960 432 1040 475 ινα
1088 422 1358 483 timueris,
1421 436 1538 473 cum
1587 421 1726 475 dives
1768 422 1939 490 factus
1997 424 2143 493 fuerit

2258 425 2365 489 ζων
2411 425 2465 478 δὲ
2517 426 2616 495 τὴν
2660 425 2861 479 δειλίαν
2908 425 2997 477 διὰ
3050 424 3147 479 τοῦ
3190 406 3451 495 λέγοντος
3495 402 3716 490 λογίου·
3746 428 3849 491 Μὴ

589 517 740 572 homo
774 513 820 547 “
864 531 877 567 :
931 529 992 566 ne
1050 513 1232 565 timeas
1278 510 1523 580 probrum
1574 512 1873 577 hominum,
1925 526 1972 568 et
2020 517 2143 570 vitu-

2258 515 2463 583 φοϐοῦ,
2495 515 2640 569 ὅταν
2669 515 2986 584 πλουτήσῃ
3006 516 3336 583 ἄνθρωπος,
3361 514 3453 584 μὴ
3474 515 3667 584 φοϐοῦ
3696 516 3849 569 ὀνει-

589 607 854 678 pe‘ratione
900 620 1079 658 eorum
1136 620 1197 657 ne
1251 605 1477 687 pincaris
1521 619 1539 656 .'
1592 614 1640 658 et
1686 606 1807 660 time
1846 606 2009 661 Deum
2038 648 2053 674 ,
2106 625 2143 663 et

2257 607 2475 687 δισμὸν
2517 606 2857 675 ἀνθρώπων,
2893 608 2989 661 καὶ
3033 608 3113 674 τῷ
3154 604 3482 679 pavitant}
3513 607 3721 661 αὐτῶν
3755 609 3844 677 μὴ

2253 684 2459 766 nitri;
2475 699 2571 752 καὶ
2603 700 2791 767 φοϐοῦ
2832 701 2940 753 τὸν
2975 702 3142 765 Θεὸν,
3182 701 3277 754 καὶ
3319 701 3634 770 Ζσχύσεις’
3671 701 3846 765 πλὴν

2251 789 2437 843 αὑτοῦ
2461 791 2548 859 μὴ
2578 791 2765 859 φοϐοῦ
2797 791 3006 847 ἄλλον.
3052 792 3312 846 Ἐνταῦθα
3351 793 3459 864 γὰρ
3494 792 3595 863 τὴν
3637 791 3843 843 δειλίαν

2251 882 2695 950 ἀποσεισάμενος,
2739 883 2832 936 καὶ
2876 884 2973 953 τὴν
3009 882 3202 954 ῥώμην
3244 883 3449 947 ἐνθεὶς,
3483 883 3577 934 καὶ
3606 882 3711 953 τὴν
3743 885 3836 937 ἀν-

2249 970 2431 1047 δρείαν
2459 975 2730 1047 ἐμϐαλὼν,
2769 975 2869 1047 βοᾷ
2890 991 2904 1005 °
2940 975 3173 1041 Δίκαιος
3213 977 3289 1041 ὡς
3322 975 3483 1029 λέων
3526 974 3838 1037 πέποιθεν,

2249 1070 2325 1133 ὡς
2366 1071 2426 1122 οὐ
2475 1069 2756 1139 φοϐεῖται,
2791 1068 2911 1121 οὐδὲ
2958 1068 3295 1137 καταπτήσει
3339 1066 3561 1137 κτῆνος.
3611 1067 3731 1120 Καὶ
3771 1068 3841 1121 τὰ

2247 1163 2341 1216 δύο
2386 1161 2499 1230 εἴδη
2546 1161 2646 1231 τῆς
2689 1161 2885 1224 κακίας
2924 1157 3252 1231 ἀνῃρηκὼς,
3283 1158 3602 1230 ἀφροσύνην
3648 1173 3712 1209 τε
3746 1160 3841 1211 καὶ

2248 1254 2470 1317 δειλίαν,
2523 1256 2835 1322 συναναιρεῖ
2875 1253 2969 1306 καὶ
3006 1252 3102 1323 τὴν
3134 1251 3463 1315 ἀκολασίαν,
3496 1248 3716 1316 λέγων’
3759 1252 3840 1302 Οὺ

2247 1347 2601 1417 πορνεύσεις
2624 1386 2637 1409 ,
2679 1346 2751 1399 οὐ
2790 1344 3157 1414 μοιχεύσεις.
3206 1344 3376 1396 Ὅπου
3422 1342 3491 1395 τά
3520 1334 3698 1411 ’πάθη
3744 1357 3836 1392 συ-

2250 1440 2558 1503 στέλλεται,
2592 1437 2804 1509 χαλινὸς
2838 1436 3191 1507 αοφροσύνης
3230 1437 3289 1488 ὲν
3326 1437 3393 1506 τῇ
3436 1433 3656 1502 διανοίᾳ
3689 1432 3839 1502 εὑρί-

2248 1548 2436 1585 σκεται
2463 1548 2475 1560 ’
2508 1530 2601 1582 καὶ
2634 1527 2742 1581 τῶν
2765 1526 2930 1598 τριῶν
2962 1526 3439 1600 συνανῃρημένων,
3474 1526 3707 1595 ἀναιρεῖ
3742 1524 3839 1575 καὶ

2244 1621 2342 1690 τὴν
2376 1617 2588 1672 ἀδικίαν
2608 1632 2623 1646 °
2657 1619 2737 1670 οὐ
2771 1615 3045 1682 ποιήσεις
3076 1614 3312 1680 σεαυτῷ
3344 1616 3606 1684 σταθμία
3649 1615 3841 1683 μικρά

2244 1711 2341 1764 καὶ
2358 1708 2591 1780 μεγάλα
2616 1726 2628 1739 ·
2652 1708 2911 1776 σταθμία
2935 1707 3134 1761 δίκαια
3148 1708 3246 1762 καὶ
3276 1708 3380 1761 ἶσοι
3402 1708 3696 1762 ἔστωσαν
3712 1724 3833 1762 σοι.

589 698 782 755 multis
809 710 829 760 ,'
856 706 1064 766 propter
1089 698 1259 764 ipsum
1290 705 1461 750 autem
1486 714 1548 752 ne
1574 699 1739 751 alium
1759 699 1961 754 timeas.
1994 697 2155 754 Timi-

589 794 759 847 dizate
794 792 882 844 hic
921 791 1090 861 eiecta
1129 799 1181 844 et
1217 796 1465 852 extrusa,
1498 798 1553 844 et
1581 791 1779 846 robore
1811 791 2066 860 imposito
2089 807 2152 847 ac

578 883 907 939 .l'ortitudine
953 882 1220 946 immissa,
1252 882 1335 935 lex
1371 882 1609 936 clamat:
1658 881 1847 937 Justus
1901 894 2150 956 tanquam

580 977 667 1031 leo
695 973 913 1044 conﬁdit
936 972 1115 1041 ",qni
1152 985 1257 1024 non
1305 971 1456 1025 timet
1503 984 1695 1041 neque'
1718 972 1899 1026 horret
1944 973 2150 1041 iumen-

588 1079 726 1125 tum.
767 1067 986 1121 Duabus
1037 1064 1282 1133 partibus
1333 1063 1451 1117 vitii
1499 1064 1750 1127 sublatis,
1786 1060 2147 1132 imprudentia

587 1170 643 1213 et
672 1158 981 1219 timiditate,
1004 1156 1164 1211 simul
1184 1155 1325 1209 tollit
1351 1156 2145 1229 intemperantiam,inquiens:

590 1248 714 1303 Non
737 1247 1102 1319 fornicaberis,
1126 1261 1225 1299 non
1249 1244 1582 1298 mozcltaberis
1603 1244 1667 1299 °’.
1692 1244 1798 1300 Ubi
1824 1246 2149 1302 cohibentur

587 1341 1040 1411 perturbationes,
1072 1338 1284 1393 frenum
1341 1337 1713 1407 temperantia;
1751 1338 1807 1392 in
1858 1349 2040 1395 mente
2064 1357 2149 1397 re-

587 1434 826 1503 peritur;
867 1447 928 1487 ac
960 1432 1135 1486 tribus
1161 1429 1476 1493 exstinctis,
1535 1431 1833 1503 exstinguit
1862 1434 2024 1488 etiam
2064 1435 2148 1489 in-

582 1526 852 1595 iustitiam
886 1542 899 1577 :
936 1524 1056 1578 Non
1082 1524 1242 1593 [acies
1282 1522 1377 1576 tibi
1401 1522 1632 1591 pondera
1665 1539 1828 1592 parva
1848 1536 1899 1580 et
1920 1544 2144 1598 magna;

583 1617 811 1687 pondera
831 1618 981 1687 justa
1007 1630 1056 1675 et
1083 1622 1310 1691 wqualia
1333 1623 1439 1676 sint
1468 1620 1564 1675 tibi
1587 1622 1651 1676 °'.

651 1882 825 1951 Atque
847 1880 919 1934 ita
941 1880 1172 1950 singulis
1195 1880 1443 1950 partibus
1466 1878 1719 1949 nequitiae
1744 1876 1957 1943 deletis,
1987 1875 2141 1932 solu-

2312 1863 2422 1918 Καὶ
2454 1861 2619 1925 οὕτω,
2649 1860 2756 1914 τῶν
2793 1863 2893 1932 τῆς
2923 1860 3121 1924 κακίας
3162 1860 3545 1934 ἀνῃρημένων,
3583 1862 3618 1931 ή
3657 1877 3833 1930 πονη-

580 1981 634 2027 ta
655 1981 741 2028 est
759 1972 1023 2041 nequitia,
1051 1987 1171 2042 quae
1205 1987 1310 2026 non
1352 1978 1530 2041 potest
1560 1970 1793 2040 amplius
1819 1968 2139 2025 obambula-

582 2080 642 2120 re
668 2065 723 2120 in
758 2073 954 2119 mente.
985 2063 1134 2130 Quas
1171 2064 1335 2134 igitur
1373 2062 1490 2117 vitii
1519 2064 1728 2132 species
1757 2076 1867 2117 non
1917 2062 2139 2117 sustulit

581 2156 700 2211 les?
732 2171 868 2226 quas
898 2164 1079 2226 partes
1108 2156 1403 2225 voluptatis
1438 2170 1547 2212 non
1569 2153 1876 2209 destruxit?
1907 2168 2043 2224 quas
2069 2154 2140 2206 lio

580 2246 875 2309 midiiates,
899 2260 1035 2314 quas
1082 2243 1475 2313 imprudentias
1521 2259 1630 2300 non
1664 2259 1839 2314 usque
1866 2244 2001 2299 adeo
2029 2242 2142 2298 vin-

529 2407 533 2411 .
580 2338 785 2393 dicavit
819 2337 1014 2391 tollens
1055 2335 1405 2405 voluptatem,
1434 2344 1492 2390 ut
1535 2337 1699 2390 etiam
1736 2350 1924 2390 curam
1954 2335 2143 2390 oculo-

581 2444 703 2484 rum
740 2429 1008 2491 habuerit,
1041 2427 1303 2481 auditioni
1335 2443 1442 2482 non
1474 2429 1797 2497 pepercerit,
1821 2438 1874 2482 et
1900 2429 2141 2499 linguam

580 2535 688 2576 non
726 2519 1059 2590 neglexerit?
1085 2517 1250 2572 Posui
1275 2520 1412 2574 enim
1453 2519 1617 2573 oculis
1661 2520 1789 2573 meis
1821 2521 2137 2586 custodiam,

579 2622 630 2667 et
655 2628 755 2666 non
787 2610 1074 2679 intelligam
1118 2626 1271 2679 super
1295 2611 1539 2681 virginem
1583 2612 1650 2665 “.
1704 2609 1935 2666 Sanctus
1968 2627 2139 2682 usque

580 2704 649 2760 ad
696 2716 880 2759 curam
934 2702 1216 2755 oculorum
1270 2703 1548 2772 procedit,
1608 2718 1674 2758 ne
1721 2704 1970 2773 voluptas
2022 2705 2139 2758 ani-

579 2809 723 2850 mam
757 2794 1021 2858 titillans,
1070 2810 1188 2849 eam
1225 2794 1289 2847 ad
1335 2796 1831 2865 concupiscendum
1882 2795 2135 2851 adducat.

579 2885 734 2942 Alius
760 2894 983 2941 sanctus
1014 2885 1282 2940 clamabat
1314 2904 1327 2939 :
1373 2884 1454 2940 Ne
1484 2888 1875 2957 circumspicias
1909 2889 2141 2957 pulchri-

580 2977 825 3031 tudinem
841 2977 1087 3042 alienam,
1121 2993 1182 3031 ne
1205 2977 1440 3046 voluptas
1463 2995 1576 3031 cum
1610 2979 1915 3034 vestibulum
1947 2983 2141 3036 animat

579 3066 792 3137 ceperit,
823 3080 960 3135 spem
991 3066 1251 3137 ingressus
1295 3068 1574 3136 concipiat,
1606 3069 1839 3138 quinimo
1894 3087 1926 3123 a
1954 3070 2139 3139 januis

2247 1958 2336 2031 ρία
2379 1955 2626 2017 λέλυται,
2665 1953 2861 2024 μηκέτι
2919 1951 3253 2023 ἐμϐατεῦσαι
3297 1954 3364 2021 τῇ
3401 1951 3613 2023 διανοίᾳ
3663 1950 3833 2005 ﬂava.-

2248 2049 2403 2119 μένη.
2438 2049 2573 2103 Ποῖα
2598 2043 2691 2102 οὖν
2721 2047 2823 2118 ἢδη
2852 2046 3079 2108 ἀτοπίας
3112 2045 3213 2098 οὐκ
3262 2043 3533 2115 ἀνῄρησεν
3560 2046 3589 2097 ὁ
3624 2043 3832 2114 νὸιιοςς

2244 2143 2373 2193 ποῖα
2412 2138 2551 2210 μέρη
2590 2138 2786 2209 ἡδονῆς
2830 2138 2891 2189 οὐ
2924 2136 3144 2201 λέλυκε;
3185 2135 3345 2198 ποίας
3380 2134 3617 2199 δειλίας,
3668 2133 3831 2197 ποίας

2243 2228 2552 2301 ἀφροσύνας
2597 2229 2696 2281 οὐκ
2744 2227 2836 2279 ἐπὶ
2880 2224 3132 2278 τοσοῦτον
3172 2223 3432 2293 ἐπεξῆλθε
3481 2224 3581 2293 τὴν
3628 2223 3830 2293 ἡδονὴν

2243 2321 2480 2393 ἀναιρῶν
2501 2361 2515 2385 ,
2542 2321 2618 2384 ὼς
2658 2321 2751 2372 καὶ
2778 2319 2885 2371 τῶν
2914 2317 3182 2388 ὀμμάτων
3229 2315 3667 2387 ὲπιμελήσασθαι
3686 2356 3701 2379 ,
3733 2317 3832 2369 καὶ

2241 2415 2338 2484 τῆς
2369 2415 2538 2484 ἀκοῆς
2581 2411 2654 2484 μὴ
2689 2409 2997 2481 φείσασθαι,
3030 2409 3122 2462 καὶ
3161 2408 3263 2479 τῆς
3303 2407 3561 2479 γλώσσης
3586 2408 3663 2479 μὴ
3689 2410 3832 2479 iuga-

2242 2505 2463 2576 ληκέναι
2488 2522 2502 2569 ;
2550 2503 2802 2574 Ἐθέμην
2840 2503 2948 2574 γὰρ
2977 2502 3102 2568 τοῖς
3133 2500 3461 2571 ὀφθαλμοῖς
3478 2518 3600 2570 μου
3629 2504 3834 2569 φυλα-

2246 2597 2381 2665 κὴν,
2421 2597 2517 2651 καὶ
2559 2599 2629 2650 οὐ
2669 2596 2755 2666 μὴ
2785 2595 3038 2661 συνήσω
3071 2594 3169 2648 ἐπὶ
3213 2593 3532 2662 παρθένον.
3578 2595 3636 2647 Ὁ
3670 2594 3827 2662 ἅγιος

2249 2687 2408 2758 μέχρι
2447 2685 2555 2738 τῶν
2596 2685 2858 2756 ὀμμάτων
2907 2685 3133 2753 φθάνει·
3178 2686 3264 2740 ἵνα
3303 2681 3378 2753 μὴ
3418 2683 3830 2753 γαργαλίζουσα

2244 2779 2341 2851 τὴν
2377 2777 2555 2849 ψυχὴν
2603 2776 2765 2848 ἡδονὴ
2806 2777 2888 2840 εἰς
2935 2776 3222 2847 σκελισμὸν
3261 2777 3362 2847 τῆς
3402 2774 3699 2845 ἰπιθυμίας
3728 2775 3836 2826 ἀν-

2245 2869 2445 2941 αγάγῃ.
2491 2870 2715 2944 ’Έτερος
2749 2869 2855 2922 τῶν
2905 2870 3073 2937 ἀγίων
3108 2869 3273 2922 ὲϐόω
3317 2867 3414 2936 Μὴ
3459 2865 3828 2935 περιϐλέπῃς

2245 2954 2472 3030 κάλλος
2509 2965 2850 3031 ἀλλότριον,
2880 2963 2979 3015 ἵνα
3016 2961 3099 3032 μὴ
3139 2960 3351 3030 ἡδονὴ,
3383 2960 3539 3030 μηδὲ
3571 2964 3639 3012 τὰ
3670 2958 3827 3026 πρό-

2244 3060 2398 3124 θυμα
2440 3054 2550 3123 τῆς
2576 3052 2780 3124 ψυχῆς
2825 3055 3119 3118 λαϐοῦσα,
3161 3054 3379 3108 ἐλπίδα
3419 3051 3530 3119 τῆς
3577 3049 3825 3104 εἰσόδου

580 3135 791 3226 repulsa
822 3135 1061 3212 insidias
1100 3174 1225 3212 suas
1274 3135 1505 3228 desperet
1536 3135 2007 3232 ".-Progrediens
2040 3178 2141 3218 au-

2246 3145 2514 3215 λαμϐἀνῃ
2536 3164 2549 3176 ⁸
2577 3144 2736 3199 ἀλλὰ
2757 3144 2855 3197 καὶ
2883 3142 3000 3196 τῶν
3027 3142 3220 3211 θυρῶν
3250 3139 3621 3195 ἀπενίαθεῖσα
3645 3135 3824 3191 ἀνέλ-

579 3259 689 3314 tem
719 3248 788 3303 ad
819 3263 980 3304 aures
1028 3255 1082 3303 et
1136 3250 1201 3303 ad
1240 3249 1489 3320 linguas,
1540 3249 1729 3320 vigiles
1777 3259 1831 3305 et
1891 3253 2143 3310 custodes

580 3341 837 3396 membris
863 3338 1125 3410 praefecit,
1157 3355 1263 3394 non
1295 3339 1494 3394 cedens
1538 3340 1657 3395 loco
1707 3356 1838 3406 suo,
1886 3342 2015 3412 quin
2046 3358 2144 3412 p0-

580 3435 691 3489 tius
717 3434 914 3489 clamat
939 3450 952 3487 :
989 3431 1160 3497 Pone,
1199 3430 1420 3486 Domine
1440 3474 1455 3499 ,
1483 3430 1780 3486 custodiam
1808 3434 1889 3487 ori
1920 3451 2032 3489 meo
2063 3435 2140 3502 ⁶⁶;

583 3541 650 3581 ne
680 3540 859 3582 sermo
880 3525 1054 3595 turpis
1077 3524 1195 3579 sine
1225 3526 1455 3580 utilitate
1486 3526 1724 3582 emissus
1749 3568 1763 3592 ,
1821 3528 2143 3582 invitamen-

580 3627 695 3673 tum
731 3619 1025 3688 voluptatis
1064 3616 1241 3687 turpia
1295 3619 1535 3688 loquenti
1594 3618 1870 3690 adiungat.
1926 3618 2140 3674 ﬂabens

583 3721 842 3783 praeterea
881 3725 1066 3764 curam
1104 3710 1411 3766 lumborum
1439 3751 1454 3774 ,
1498 3711 1813 3781 prasdicavit
1841 3753 1856 3776 ,
1887 3727 1955 3767 ne
1989 3727 2142 3769 mens

584 3804 691 3859 huc
723 3811 775 3859 et
814 3802 943 3858 illuc
975 3804 1171 3874 agitata
1202 3805 1378 3858 vincta
1421 3814 1583 3861 esset.
1638 3804 1901 3875 Praecepit
1953 3805 2138 3861 enim:

581 3893 674 3949 Sic
693 3892 969 3948 comedetis
990 3893 1204 3963 pascha,
1233 3892 1395 3946 lumbi
1416 3896 1574 3948 vestri
1599 3906 1750 3949 erunt
1770 3895 2036 3964 pra’cincti
2064 3894 2138 3945 ’τε

583 3999 653 4042 ne
680 3985 726 4042 si
758 3985 998 4041 membra
1027 3985 1262 4039 habeant
1312 3985 1600 4049 discincta,
1630 3985 1776 4041 facili
1834 3995 1984 4042 motu
2018 4001 2144 4057 pre-

581 4076 818 4133 hendere
847 4075 1153 4147 possimus;
1208 4090 1402 4131 rursus
1443 4091 1572 4132 vero
1619 4078 1673 4132 in
1704 4077 1785 4133 sic
1831 4074 2143 4148 praz'cinctis

581 4166 843 4236 optimum
880 4164 1127 4220 ordinem
1172 4164 1239 4219 ad
1288 4179 1376 4220 res
1409 4166 1671 4229 gerendas
1715 4176 1769 4223 et
1816 4167 1883 4222 ad
1925 4168 2142 4236 negotia

582 4257 938 4329 reperiamus.

2242 3254 2461 3292 πιστον
2501 3236 2616 3304 τὴν
2651 3233 2984 3302 ἐπιϐουλὴν
3033 3234 3163 3303 ἔχῃ.
3209 3232 3428 3286 Φθάνων
3475 3231 3533 3283 δὲ
3583 3230 3672 3282 ἐπὶ
3718 3226 3819 3289 τὰς

2244 3329 2413 3393 ἀκοὰς
2442 3330 2536 3383 καὶ
2565 3330 2643 3392 είς
2676 3328 2774 3391 τὰς
2806 3325 3050 3396 γλώττας
3069 3367 3083 3390 ,
3123 3324 3395 3397 φρουροὺς
3437 3322 3533 3375 καὶ
3571 3320 3817 3390 φύλακας

2242 3425 2334 3478 καὶ
2376 3426 2487 3485 τοῖς
2537 3420 2753 3492 μέλεσιν
2808 3418 3074 3491 ἐπέθηκε,
3108 3416 3270 3470 τόπον
3320 3413 3452 3467 ἴδιον
3498 3413 3571 3485 μὴ
3614 3412 3815 3473 διδοὺς,

2243 3515 2354 3569 ἀλλ’
2379 3513 2507 3567 ἐϐόα
2527 3531 2540 3543 ·
2579 3512 2718 3577 Θοῦ,
2746 3513 2945 3581 Κύριε,
2977 3507 3260 3580 φυλακὴν
3287 3506 3370 3572 τῷ
3396 3504 3641 3575 στόματί
3661 3520 3783 3573 μου
3800 3519 3815 3530 ·

2243 3606 2329 3661 ίνα
2362 3605 2493 3678 μηδὲ
2528 3603 2725 3667 ἄτοπος
2761 3602 2918 3671 λόγος
2959 3602 3080 3672 δίχα
3118 3600 3212 3653 τοῦ
3245 3598 3521 3668 ὠφελίμου
3564 3594 3821 3668 προεξελ-
3930 3611 3938 3615 ·

2243 3699 2350 3754 θὼν
2381 3698 2570 3769 ἡδονῆς
2604 3696 2794 3768 δέλεαρ
2826 3696 2904 3766 τῷ
2935 3694 3003 3748 τὰ
3049 3692 3249 3764 αἰσχρὰ
3292 3690 3649 3761 φθεγγομένῳ
3685 3702 3820 3757 προρ

2243 3790 2460 3863 ξενήσῃ.
2499 3787 2917 3859 Ἐπιμελόμενος
2970 3785 3028 3838 δὲ
3066 3785 3162 3838 καὶ
3200 3783 3300 3852 τῆς
3335 3780 3534 3850 ὀσφύθς
3554 3818 3570 3843 θ
3607 3778 3705 3832 τοῦ
3742 3776 3820 3847 μὴ

2241 3876 2342 3936 ὦδε
2391 3882 2549 3935 κάκεῖ
2602 3879 2905 3932 σεισθεῖσαν
2946 3875 3044 3947 τὴν
3091 3876 3327 3929 διάνοιαν
3381 3871 3608 3942 δεσμίαν
3654 3865 3815 3932 εἶναι,

2244 3972 2609 4046 προενοήσατο
2640 3965 3068 4039 παραγγέλλωνο
3109 3965 3271 4018 Οὕτω
3307 3959 3571 4030 φάγεσθε
3607 3957 3676 4009 τὸ
3701 3955 3820 4008 πά-

2244 4080 2400 4134 σχα,
2435 4065 2493 4117 αί
2528 4060 2753 4129 ὀσφύες
2789 4057 2957 4128 ὑμῶν
3003 4052 3455 4124 περιεζωσμέναι
3480 4065 3492 4079 ·
3546 4049 3633 4101 ἴνα
3682 4046 3822 4117 μηδὲ

2242 4156 2311 4211 τὰ
2344 4155 2477 4227 μέλη
2520 4153 2735 4217 ἀζωστα
2776 4151 2988 4222 ἔχοντες
3024 4151 3089 4219 τῇ
3135 4146 3294 4218 ῥᾳδία
3338 4144 3551 4213 κινήσει
3591 4156 3821 4194 κατεπι-

2244 4249 2612 4320 χειρήσωμεν,
2639 4243 2750 4297 ἀλλ’
2781 4242 2922 4295 οὕτω
2962 4238 3311 4309 διεζωσμένοι
3351 4233 3505 4298 τάξιν
3544 4234 3644 4303 τὴν
3682 4231 3822 4302 πρὸς

2245 4340 2313 4394 τὰ
2335 4338 2633 4411 πράγματα
2665 4335 2895 4407 ἀρίστην
2920 4330 3227 4406 εὑρώμεθα.

651 4462 734 4519 Ad
765 4463 913 4519 hunc
942 4464 1161 4520 modum
1191 4464 1437 4535 partibus
1466 4463 1764 4535 voluptatis
1791 4465 2041 4529 sublatis,
2086 4467 2141 4521 in

2315 4474 2424 4528 Καὶ
2448 4472 2589 4526 οὓτω
2612 4470 2720 4524 τῶν
2760 4470 2914 4523 εἱδῶν
2953 4468 3053 4539 τῆς
3094 4466 3286 4539 ἡδονῆς
3329 4462 3822 4537 προανῃρημένων,

582 4557 793 4629 species
820 4558 1071 4612 vitiorum
1105 4559 1273 4629 partis
1304 4559 1512 4615 ratione
1548 4559 1807 4629 praeditas,
1837 4566 1892 4614 et
1931 4560 1984 4614 in
2019 4574 2144 4630 spe-

578 4649 695 4702 cies
734 4646 1010 4716 iniustitize
1058 4648 1274 4703 invasit.
1318 4648 1375 4704 Si
1424 4649 1569 4704 enim
1622 4651 1809 4707 tollere
1851 4666 1971 4722 quae
2015 4658 2145 4707 sunt

582 4738 830 4804 alterius,
865 4747 918 4794 et
943 4755 1035 4809 per
1063 4741 1169 4793 vim
1202 4741 1392 4796 tollere
1436 4748 1489 4795 et
1535 4742 1707 4797 invito
1743 4742 1964 4798 domino
1989 4785 2003 4810 ,
2055 4743 2142 4797 in-

578 4828 790 4899 iustitia
820 4836 938 4898 est;
963 4838 1017 4886 et
1045 4831 1323 4886 tollentem
1355 4846 1475 4901 qua:
1503 4832 1678 4888 aliena
1708 4842 1875 4900 sunt,
1924 4833 2053 4887 dare
2081 4848 2144 4888 ea

583 4921 978 4987 meretricibus,
1012 4922 1100 4978 vel
1138 4923 1415 4980 luxuriose
1443 4939 1788 4989 consumere,
1823 4925 2034 4995 species
2058 4925 2143 4979 in-

579 5015 807 5085 iustitiae
846 5024 966 5071 est:
1002 5015 1242 5085 iniustus
1271 5022 1358 5071 est
1381 5057 1395 5082 ,
1443 5016 1538 5087 qui
1573 5016 1831 5071 honorem
1891 5014 2000 5071 Deo
2040 5015 2148 5071 eri-

586 5108 762 5179 piens,
793 5108 953 5179 lignis
992 5116 1047 5163 et
1075 5108 1415 5164 daemonibus
1443 5122 1564 5164 eum
1602 5108 1856 5173 adhibet,
1889 5116 1943 5162 et
1974 5107 2147 5163 hono-

586 5215 699 5254 rem
732 5198 826 5255 Dei
857 5200 1151 5263 consumit,
1181 5206 1235 5255 et
1264 5199 1320 5253 in
1352 5205 1534 5254 mente
1560 5199 1873 5254 luxuriosus
1899 5206 2003 5254 est.
2037 5199 2147 5254 Nec

585 5292 730 5348 enim
760 5293 836 5346 ita
863 5278 1140 5348 luxuriose
1168 5291 1322 5356 vivit,
1366 5291 1454 5362 qui
1488 5307 1620 5362 opes
1653 5292 1950 5354 consumit,
1983 5299 2042 5344 ut
2062 5298 2147 5345 est

587 5383 844 5454 iniustus,
878 5383 972 5454 qui
1006 5398 1231 5456 magnas
1260 5390 1313 5440 et
1344 5382 1622 5438 allluentes
1670 5381 1890 5438 divitias
1925 5382 2147 5437 honoris

587 5472 775 5530 Deiex
807 5476 991 5530 animo
1014 5474 1196 5532 delet:
1224 5475 1465 5547 quandiu
1490 5475 1632 5531 enim
1667 5475 1868 5529 divitite
1888 5474 2147 5545 cognitio-

2245 4564 2506 4636 ἐπεξῆλθε
2540 4564 2633 4618 καὶ
2666 4563 2806 4617 κατά
2837 4561 2944 4615 τῶν
2973 4560 3127 4613 εἰδῶν
3147 4560 3246 4630 τῆς
3276 4557 3531 4619 διανοίας,
3557 4555 3653 4607 καὶ
3680 4554 3827 4607 κατά
3938 4568 3945 4575 ’

2244 4658 2353 4713 τῶν
2384 4657 2540 4711 εἰδῶν
2572 4658 2670 4728 τῆς
2708 4655 2941 4716 ἀδικίας.
2979 4655 3041 4706 Εἰ
3070 4653 3179 4724 γὰρ
3202 4652 3263 4703 τὸ
3295 4650 3365 4702 τὰ
3388 4649 3581 4718 ἑτέρου
3612 4645 3824 4705 λαϐεῖν,

2246 4750 2341 4805 καὶ
2375 4749 2465 4821 βίᾳ
2487 4747 2689 4812 λαϐεῖν,
2716 4747 2810 4801 καί
2840 4746 3064 4808 ἄκοντος
3092 4742 3296 4806 λαϐεῖν,
3333 4739 3515 4793 ἀδικία
3536 4739 3655 4792 ὲστί
3674 4750 3693 4767 ⁸
3729 4739 3828 4790 καὶ

2247 4840 2335 4894 τὸν
2363 4838 2594 4893 λαϐόντα
2631 4838 2699 4891 τὰ
2737 4836 2923 4906 ἐτέρου
2988 4833 3022 4905 ἢ
3080 4832 3326 4905 ἑταίραις
3358 4830 3554 4884 διδόναι
3576 4868 3591 4892 ,
3621 4828 3657 4901 ἦ
3688 4826 3827 4881 ἀσώ-

2252 4946 2359 4994 τως
2398 4928 2871 4998 καταδαπανῆσαι,
2900 4921 3036 4989 εἶδός
3087 4926 3234 4977 ἐστιν
3276 4922 3516 4985 ἀδικίας·
3564 4921 3748 4982 ἄδικος
3797 4920 3829 4971 ὁ

2250 5019 2350 5091 τὴν
2374 5018 2538 5089 τιμὴν
2566 5017 2658 5071 τοῦ
2687 5015 2819 5069 Θεοῦ
2844 5013 3114 5086 ἀφαιρῶν,
3151 5013 3329 5080 ξύλοις
3357 5012 3413 5064 δὲ
3444 5010 3537 5065 καὶ
3571 5009 3830 5079 δαίμοσιν

2251 5110 2421 5181 αὐτὴν
2450 5109 2728 5173 ἀποδιδοὺς
2753 5147 2769 5172 ,
2798 5108 2892 5162 καὶ
2931 5105 3326 5161 καταδαπανῶν
3356 5103 3455 5175 τὴν
3495 5102 3664 5172 τιμὴν
3684 5141 3699 5165 ,
3730 5101 3829 5155 καὶ

2250 5200 2653 5271 ἀσωτευόμενος
2682 5202 2739 5253 ὲν
2764 5202 2829 5271 τῇ
2860 5199 3089 5270 διανοίᾳ.
3120 5198 3256 5251 Οὐδὲ
3279 5195 3387 5266 γὰρ
3419 5193 3592 5257 οὕτως
3616 5193 3828 5257 ἄσωτος

2249 5291 2279 5343 ὁ
2302 5289 2694 5344 καταδαπανῶν
2723 5290 2821 5360 τὴν
2848 5288 3054 5354 οὐσίαν,
3086 5288 3161 5353 ὡς
3185 5286 3369 5349 ἄδικος
3393 5286 3423 5339 ὁ
3454 5284 3554 5356 τὴν
3580 5279 3828 5354 μεγάλην

2253 5381 2589 5454 περιουσίαν,
2628 5382 2725 5452 τὴν
2774 5380 2939 5452 τιμὴν
2989 5379 3083 5433 τοῦ
3127 5378 3263 5434 Θεοῦ
3299 5378 3407 5433 ἀπὸ
3450 5377 3551 5449 τῆς
3585 5372 3833 5436 διανοίας

2252 5473 2620 5544 ἐξαφανίζωνο
2656 5474 2740 5542 ἐφ’
2771 5475 2894 5527 ὅσον
2937 5471 3048 5545 γὰρ
3088 5471 3411 5545 συνέστηκεν
3452 5472 3487 5542 ἡ
3536 5464 3831 5540 περιουσία

658 5651 705 5683 “
741 5650 888 5707 Psal.
929 5666 1112 5713 sum,
1151 5652 1238 5705 17.
1312 5653 1355 5685 ’ί
1397 5651 1557 5704 Prov.
1589 5665 1783 5714 xxvm,
1819 5650 1872 5706 Ι.
1946 5650 1990 5681 ⁶¹
2030 5647 2143 5703 Exo

2246 5662 2350 5715 xx,
2389 5648 2489 5714 lt,
2530 5651 2617 5708 15.
2694 5652 2740 5684 ⁸³
2779 5649 2956 5708 Levit.
2993 5664 3107 5717 six,
3142 5649 3246 5715 55,
3280 5648 3348 5705 36
3447 5649 3493 5681 “
3525 5644 3632 5703 Job
3664 5659 3824 5709 xm,

591 5720 644 5777 1.
719 5722 763 5753 ⁸⁸
804 5720 968 5775 Eccli.
1012 5737 1061 5774 Ix
1086 5761 1099 5785 ,
1132 5721 1198 5786 8,
1235 5721 1288 5775 9.
1365 5723 1410 5754 ⁸⁸
1447 5720 1592 5777 Psal.
1626 5735 1762 5789 ext,
1797 5720 1850 5777 5.
1927 5720 1970 5752 ⁸⁷
2013 5718 2143 5775 Εκοι

2246 5732 2331 5786 ιι,
2368 5718 2455 5774 ii.
