4116 6332
282 351 420 406 ηὸὅ

1318 352 1687 413 ADVERSUS
1728 356 2151 412 MANICHIEOS
2188 355 2318 412 LIB.
2361 356 2452 411 Ill.

3382 353 3523 411 im

279 472 378 542 τῆς
406 470 661 539 γνώσεως
698 476 763 544 τῇ
811 472 990 546 ψυχῇ,
1027 475 1060 545 ἡ
1110 474 1244 546 πρὸς
1300 477 1389 529 τὸν
1446 478 1592 530 Θεὸν
1622 478 1877 553 διάθεσις.

1985 476 2048 530 iis
2079 475 2171 530 Dei
2200 477 2252 529 in
2277 476 2458 529 animo
2495 480 2834 543 permanent,
2864 472 3155 544 respondet
3178 472 3232 525 in
3256 487 3318 527 ea
3340 473 3522 528 chari-

281 564 611 619 ἀπιδίδοται.
650 564 815 617 Ὅταν
848 566 904 619 δὲ
938 566 1089 618 πᾶσα
1129 568 1476 641 καταπονηθῇ
1531 572 1621 624 καὶ
1665 589 1860 635 κατανητ

282 655 462 725 αλωθῇ
498 658 592 709 καὶ
622 657 941 730 πτωχεύσῃ,
966 658 1088 712 τότε
1116 659 1300 712 λοιπὸν
1334 660 1433 732 τὴν
1462 662 1669 716 ἐκείνου
1696 665 1859 736 τιμὴν

283 750 364 810 είς
406 746 538 812 ξύλα
586 751 678 803 καί
727 750 920 821 τέχνην
976 751 1295 822 καταφέρει.
1349 754 1446 806 Διά
1495 754 1652 808 τοῦτο
1697 757 1790 810 καὶ
1832 759 1862 810 ό

299 840 618 906 Ἀπόστολος
646 841 741 913 τὴν
778 842 991 898 ἀδικίαν
1017 843 1437 915 δεισιδαιμονίαν
1477 848 1859 918 ἐπιστάμενος,

284 933 438 1002 ἔλεγε
458 950 471 963 ·
509 935 617 987 Καὶ
646 934 759 1003 τὴν
783 936 1168 1001 πλεονεξίαν,
1198 936 1329 1004 ἣτις
1349 938 1520 991 ἐστὶν
1553 940 1864 996 εἰδωλολα-

289 1042 472 1095 epeia.

373 1205 525 1257 Ἐπεὶ
554 1200 647 1258 οὗν
673 1205 770 1276 τῆς
802 1206 1014 1271 ἀδικίας
1043 1210 1102 1261 τὸ
1134 1208 1517 1278 χαλεπώτατόν
1552 1213 1667 1265 ἐστι
1701 1225 1866 1284 μερος

291 1297 326 1367 ἡ
366 1298 445 1358 είς
472 1296 604 1349 Θεὸν
637 1298 847 1365 ἄγνοια,
885 1297 1194 1369 βραχυτέρα
1224 1300 1281 1353 δέ
1313 1303 1461 1355 ἐστιν
1495 1304 1528 1374 ὴ
1559 1305 1636 1368 είς
1662 1304 1867 1374 ἀνθρω-

294 1386 429 1450 mi);
465 1387 845 1457 πλημμέλεια·
887 1392 981 1443 καὶ
1017 1392 1096 1454 είς
1136 1391 1229 1444 δύο
1264 1391 1549 1464 διαιρεῖται
1585 1397 1618 1464 ἡ
1664 1396 1865 1459 ἀδικία,

294 1478 373 1541 είς
405 1494 462 1530 τε
499 1477 594 1549 τὴν
635 1481 714 1541 είς
743 1479 872 1532 Θεὸν
914 1480 1134 1550 ἄγνοιαν
1165 1483 1258 1535 καὶ
1295 1484 1394 1555 τὴν
1432 1486 1512 1547 είς
1548 1484 1869 1559 ἀνθρώπους

298 1570 705 1640 πλημμέλειαν·
753 1573 1094 1643 γραφόμενος
1132 1577 1160 1627 ὁ
1199 1576 1361 1646 νόμος
1413 1578 1738 1649 ἀμφοτέρων
1781 1580 1872 1650 ᾕρ-

298 1660 445 1728 ξατο.
492 1663 601 1716 Καὶ
635 1664 850 1735 πρῶτον
885 1665 984 1735 μὲν
1028 1667 1153 1738 βοᾷ·
1192 1669 1274 1721 Οὐ
1321 1667 1598 1733 ποιήσεις
1637 1668 1872 1735 σεαυτῷ

293 1753 533 1818 εἴδωλα,
563 1755 786 1823 παντὸς
822 1759 1081 1829 ὁμοίωμα
1101 1774 1113 1787 ·
1148 1761 1233 1812 ἵνα
1261 1760 1357 1831 μὴ,
1391 1760 1488 1832 τὴν
1517 1761 1612 1815 τοῦ
1636 1780 1872 1833 ,πεποιη-

1961 576 2047 622 tas
2084 582 2211 638 erga
2243 565 2432 620 Deum.
2483 565 2618 620 Cum
2649 573 2831 619 autem
2856 580 3046 620 omnes
3075 564 3274 619 divitia:
3299 564 3525 633 dilapsae

1960 648 2013 714 et
2037 668 2372 729 consumpta:
2398 665 2546 723 sunt,
2574 668 2629 711 et
2659 656 2728 711 ad
2757 657 2994 726 in0piam
3030 657 3250 712 redacta
3285 662 3369 712 est
3401 657 3525 710 ani-

1962 766 2083 818 ma;
2119 751 2447 820 relinquitur
2475 758 2626 816 tunc,
2653 760 2711 803 ut
2733 749 2994 804 honorem
3026 748 3118 803 Dei
3147 749 3309 818 lignis
3336 757 3391 803 et
3417 748 3523 804 arti

1964 844 2185 913 pictoris
2214 851 2269 896 et
2302 843 2594 912 sculptoris
2616 840 2843 898 deferat.
2874 840 3030 897 Unde
3057 842 3373 912 Apostolus,
3397 854 3528 895 cum

1964 935 2129 993 sciret
2168 938 2337 1006 ipsam
2368 936 2685 1004 iniustitiam
2733 951 2857 990 esse
2901 936 3169 988 culturam
3211 933 3359 988 falsa:
3400 934 3525 989 reli-

1965 1031 2163 1100 gionis,
2193 1029 2367 1083 dixit:
2402 1027 2469 1081 Et
2495 1028 2796 1090 avaritiam,
2829 1044 2946 1099 qua?
2974 1039 3051 1082 est
3086 1028 3342 1081 idolorum
3374 1028 3531 1082 servi-

1968 1133 2049 1176 tus
2078 1120 2142 1175 “.

2036 1210 2180 1282 Ergo
2208 1212 2336 1282 quia
2369 1211 2640 1266 teterrima
2667 1225 2791 1280 pars
2821 1209 3101 1278 iniustitia:
3119 1216 3203 1263 est
3224 1206 3529 1280 ignorantia

1967 1303 2025 1358 in
2049 1302 2243 1366 Deum,
2275 1302 2448 1357 levius
2479 1310 2658 1356 autem
2689 1308 2771 1355 est
2793 1300 3053 1354 delictum
3084 1300 3138 1353 in
3164 1299 3450 1363 homines;
3475 1305 3531 1352 et

1969 1394 2024 1448 in
2048 1401 2230 1465 partes
2263 1392 2402 1448 duas
2431 1391 2695 1446 dividitur
2726 1389 2991 1459 injustitia
3012 1428 3028 1452 ,
3082 1389 3136 1442 in
3168 1388 3532 1458 ignorantiam

1968 1485 2023 1540 in
2052 1485 2218 1542 Deum
2244 1524 2259 1549 ,
2313 1495 2369 1540 et
2404 1486 2460 1538 in
2484 1484 2738 1539 delictum
2778 1484 2832 1537 in
2864 1483 3147 1537 homines:
3182 1482 3250 1536 ab
3287 1481 3532 1550 utrisque

1971 1577 2297 1647 principium
2328 1575 2559 1645 sumpsit
2587 1576 2670 1629 lex
2696 1574 2919 1643 scripta.
2949 1573 3025 1627 Ac
3050 1572 3282 1642 primum
3314 1570 3533 1641 quidem

1973 1669 2214 1723 clamat:
2274 1666 2396 1722 Non
2451 1668 2612 1736 [acies
2671 1666 2766 1721 tibi
2825 1664 2955 1719 idoli
3011 1664 3173 1718 ullius
3228 1660 3533 1716 similitudi-

1974 1776 2086 1814 nem
2110 1760 2184 1827 ⁶⁹;
2217 1776 2285 1815 ne
2310 1761 2521 1815 scilicet
2560 1760 2606 1815 si
2658 1759 2711 1813 in
2744 1759 3002 1812 l'lonorem
3030 1757 3148 1824 ejus
3179 1755 3272 1825 qui
3308 1763 3357 1808 te
3385 1752 3532 1817 fecit,

300 1846 460 1909 κότος
484 1865 533 1900 τι
542 1846 647 1919 μὴν
669 1851 1198 1921 κατασωτευόμενος,
1228 1855 1407 1907 πᾶσαν
1431 1853 1600 1927 ἄρδην
1632 1855 1873 1925 διαφθεί-

1985 1854 2287 1908 luxuriosus
2315 1853 2414 1914 sis,
2452 1862 2623 1906 totum
2673 1851 2928 1905 honorem
2968 1848 3059 1903 Dei
3094 1848 3341 1903 funditus
3389 1847 3537 1901 labe-

302 1956 435 2010 ρῃς·
464 1939 783 2009 ἐχαλέπαινε
819 1942 874 1994 δὲ
912 1943 1137 2006 είκότως
1171 1945 1263 1997 καὶ
1300 1945 1426 2016 περ)⁵
1465 1944 1559 1999 τοῦ
1602 1946 1753 2011 λαοῦ,
1784 1948 1873 2000 ὅτε

302 2033 706 2101 μοσχοποιήσας
748 2031 911 2086 ἐϐόα·
946 2030 1120 2088 Οὗτοι
1162 2038 1215 2088 οἱ
1253 2036 1377 2089 θεοί
1420 2050 1556 2102 σου,
1605 2038 1870 2107 Ἰσραὴλ,

297 2122 518 2188 οἵτινες
558 2123 855 2192 ἐξήγαγόν
902 2140 975 2179 σε
1028 2125 1095 2179 ἐκ
1136 2125 1248 2196 γῆς
1293 2124 1615 2197 Αἰγύπτου.
1659 2130 1874 2202 Ἐπειδὴ

301 2215 410 2286 γὰρ
440 2215 539 2279 τὰς
567 2216 983 2289 τοῦνεύεργέτου
1020 2219 1226 2290 δωρεὰς
1259 2221 1341 2292 τῷ
1373 2222 1446 2295 μὴ
1480 2222 1762 2296 δυναμένῳ
1796 2243 1879 2277 κι-

299 2306 530 2378 νηθῆναι
560 2309 1025 2381 προσαπένειμαν,
1065 2313 1157 2365 καὶ
1188 2308 1255 2384 ἦν
1287 2314 1466 2368 ἀδικία
1497 2316 1875 2389 χαλεπωτάτη,

304 2399 402 2471 τὴν
462 2400 775 2471 περιουσίαν
835 2403 934 2473 τῆς
988 2404 1308 2475 εὐεργεσίας
1364 2405 1458 2460 τοῦ
1522 2409 1878 2478 πεποιηκότος

305 2491 473 2564 τέχνῃ
504 2494 597 2547 καὶ
640 2493 919 2564 γλύμματι
952 2495 1257 2551 ἀποδιδόναι
1286 2515 1298 2528 ·
1337 2500 1432 2552 καὶ
1465 2501 1497 2570 ἡ
1531 2501 1759 2570 ἀλήθεια
1799 2519 1882 2554 κε-

305 2583 543 2654 κίνηται,
573 2586 674 2637 και
698 2587 726 2639 ό
761 2585 921 2657 νόμος
947 2587 1273 2659 γέγραπται,
1306 2591 1399 2644 καὶ
1434 2593 1467 2663 ἡ
1498 2592 1678 2646 ἀδικία
1714 2592 1882 2646 κεκώ-

307 2676 484 2739 λυται,
532 2679 625 2730 καὶ
664 2680 692 2731 ό
737 2678 1022 2748 μανθάνων
1070 2681 1407 2738 ἐπαιδεύετο.
1449 2685 1559 2737 Καὶ
1604 2685 1745 2738 οὕτω
1787 2687 1879 2740 τοῦ

307 2765 483 2838 θυμοῦ
518 2768 618 2837 τῆς
656 2769 869 2832 ἀδικίας
898 2773 1432 2843 προαναιρουμένου,
1468 2777 1562 2829 καὶ
1607 2778 1706 2849 τὴν
1748 2779 1884 2850 πρὸς

309 2856 591 2927 ἄνθρωπον
623 2859 835 2913 ἀδικίαν
857 2863 1154 2916 συνανεῖλε.

382 2950 493 3004 Καὶ
523 2950 713 3021 πρῶτα
760 2951 856 3021 μὲν
902 2952 1079 3024 ἔρωτα
1130 2956 1426 3028 χρημάτων
1472 2960 1785 3027 ἐγγενέσθαι
1816 2965 1882 3033 τῇ

307 3041 456 3110 ψυχῇ
482 3042 540 3093 οὐ
573 3038 890 3112 βεϐούληται
910 3060 922 3073 ·
959 3045 1080 3096 ἐπεὶ
1104 3045 1243 3117 ἔρως
1265 3047 1561 3118 χρημάτων
1592 3050 1760 3103 τίκτει
1790 3053 1885 3116 τὰς

311 3130 545 3192 ἀδικίας,
578 3132 671 3184 καὶ
704 3135 736 3204 ἡ
771 3134 905 3204 πρὸς
934 3137 1000 3188 τά
1028 3138 1284 3208 χρήματα
1311 3138 1575 3211 ἐπιθυμία
1602 3145 1762 3215 γεννᾷ
1790 3146 1887 3210 τὰς

318 3218 650 3284 πλεονεξίας.
698 3221 760 3273 Ἡ
815 3222 923 3294 γάρ
956 3224 1079 3295 ῥίζα
1124 3226 1232 3279 τῶν
1270 3229 1455 3281 κακῶν
1498 3232 1644 3284 ἐστιν
1695 3234 1726 3303 ἡ
1774 3235 1891 3302 φιλ-

315 3311 554 3383 αργυρία
578 3330 590 3342 ·
624 3312 836 3367 ἔσονται
857 3316 913 3368 δὲ
944 3318 1123 3372 κλάδοι
1159 3321 1251 3373 καὶ
1274 3320 1476 3384 κλῶνες
1503 3324 1603 3393 τῆς
1636 3326 1891 3399 φιλοχρη-

320 3404 517 3474 ματίας
542 3445 556 3466 ,
593 3407 648 3457 αἱ
697 3406 930 3472 ἀδικίαι,
967 3412 1023 3463 αἱ
1061 3412 1394 3477 πλεονεξίαι·
1444 3416 1538 3468 καὶ
1574 3417 1757 3488 ἐπειδὴ
1785 3420 1891 3471 ἀπὸ

317 3495 749 3566 φιλοχρηματίας
787 3498 1012 3572 ἄρχεται
1039 3504 1071 3573 ἡ
1113 3502 1411 3568 πλεονεξία,
1443 3506 1534 3559 καὶ
1563 3507 1743 3562 ἀδικία
1770 3527 1894 3581 προ-

318 3587 745 3657 καταλαμϐάνει,
772 3597 1109 3663 προαναιρεῖ,
1134 3598 1600 3665 προαπαγγέλλει·
1627 3602 1894 3669 Πλοῦτος

316 3677 428 3731 ἐὰν
468 3679 600 3747 ῥέῃ,
643 3680 729 3750 μὴ
770 3685 1166 3750 προστίθεσθε
1226 3687 1508 3755 καρδίαν·
1563 3689 1648 3742 ἵνα
1698 3691 1771 3761 μὴ
1816 3691 1894 3761 τῷ

323 3769 554 3840 ῥεύματι
582 3772 689 3825 τῶν
724 3775 1021 3846 χρημάτων
1055 3778 1387 3849 συρῤέουσαν
1418 3781 1514 3851 τὴν
1550 3781 1786 3836 διάνοιαν
1818 3783 1893 3856 τῷ

322 3862 533 3933 ρευστῷ
561 3865 803 3935 χρήματι
837 3865 1109 3940 λαμϐάνῃ.
1146 3870 1207 3922 Ei
1248 3869 1356 3943 γὰρ
1400 3875 1485 3944 ῥεῖ
1514 3873 1582 3926 τά
1615 3876 1891 3947 χρήματα,

323 3954 416 4006 καὶ
451 3956 639 4008 στάσιν
676 3958 777 4010 οὐκ
817 3958 950 4029 ἔχει,
988 3961 1209 4023 εἰκότως
1251 3962 1568 4016 ἀνθίσταται
1609 3967 1641 4036 ἡ
1681 3963 1892 4037 γνώμη,

322 4046 420 4115 τὴν
451 4046 654 4099 οἰκείαν
684 4049 870 4102 στάσιν
905 4049 981 4121 τῷ
1028 4052 1238 4123 ρευστῷ
1278 4055 1518 4125 χρήματι
1555 4056 1630 4127 μὴ
1665 4056 1898 4126 διαφθεί-

327 4154 523 4209 ρουσα·
562 4140 654 4192 καὶ
683 4141 906 4213 ἐπειδὴ,
946 4144 1021 4215 πη
1065 4145 1165 4213 μὲν
1198 4147 1230 4217 ἡ
1267 4146 1667 4220 φιλοχρηματία
1700 4149 1893 4214 λυπεῖ,

324 4229 400 4301 πὴ
448 4228 504 4282 δὲ
535 4232 566 4301 ἡ
594 4231 862 4300 φιλοδοξία
894 4234 1106 4287 συλῶσα
1131 4237 1229 4307 τὴν
1261 4236 1528 4304 διάνοιαν,
1559 4241 1638 4311 τῷ
1666 4242 1770 4312 νέῳ
1807 4242 1897 4294 καὶ

323 4319 544 4391 ἀνθηρῷ
572 4321 669 4391 τῆς
697 4322 853 4395 δόξης
884 4325 1163 4394 ἐσχεδίασε
1191 4329 1285 4380 καὶ
1310 4328 1466 4382 τοῦτο
1493 4328 1554 4383 τὸ
1578 4331 1745 4395 πάθος
1765 4349 1777 4362 ·
1808 4329 1898 4387 Εἷ-

324 4410 435 4464 ὄον
464 4410 569 4464 τόν
596 4413 783 4481 ἀσεϐῆ
827 4415 1217 4484 ἐπαιρόμενον
1263 4421 1358 4471 καὶ
1402 4422 1898 4491 ὐπερυψούμενον

1976 1944 2165 1999 facias.
2216 1944 2389 2000 Iratus
2429 1952 2512 2000 est
2554 1951 2733 1998 autem
2766 1942 2965 2012 populo
2998 1941 3179 2009 juste,
3227 1955 3352 1994 cum
3394 1937 3538 1992 facto

1974 2034 2145 2090 vitulo
2173 2014 2441 2088 clamabat
2468 2053 2480 2088 :
2514 2032 2589 2087 Hi
2610 2043 2730 2087 sunt
2760 2032 2835 2085 dii
2862 2032 2971 2089 tui.
3012 2029 3204 2094 Israel,
3226 2029 3315 2099 qui
3340 2036 3388 2080 te
3411 2025 3540 2080 edu-

1975 2133 2164 2179 xerunt
2190 2140 2255 2177 ea:
2279 2133 2419 2178 terra
2452 2121 2669 2193 /Egypti
2698 2123 2764 2177 ⁷ο.
2822 2121 3031 2175 Etenim
3076 2119 3202 2190 quia
3257 2118 3399 2170 dona
3443 2114 3539 2170 Dei

1979 2217 2056 2271 illi
2087 2215 2439 2286 assignabant
2485 2223 2540 2268 et
2567 2212 2960 2277 attribuebant,
2986 2210 3079 2280 qui
3111 2222 3327 2262 movere
3349 2222 3407 2262 se
3430 2219 3540 2261 non

1979 2314 2214 2378 poterat.
2247 2311 2473 2374 eratque
2532 2301 2957 2372 ﬂagitiosissima
3016 2298 3281 2368 injustitia
3324 2296 3542 2351 divitias

1980 2396 2367 2454 beneﬁciorum
2409 2393 2495 2450 sui
2523 2393 2764 2449 auctoris
2800 2392 2902 2446 arti
2956 2399 3010 2445 et
3054 2389 3348 2460 sculptura:
3391 2386 3547 2443 attri—

1980 2492 2186 2545 huere:
2234 2489 2438 2544 idcirco
2475 2489 2676 2544 veritas
2707 2488 2959 2549 excitata,
3002 2493 3056 2540 et
3093 2485 3177 2541 lex
3212 2484 3413 2554 scripta
3441 2522 3454 2548 ,
3491 2489 3547 2538 et

1983 2582 2250 2652 injustitia
2289 2582 2455 2636 vetita
2484 2588 2601 2645 est,
2651 2587 2704 2635 et
2741 2578 2835 2650 qui
2879 2578 3143 2639 discebat,
3170 2575 3545 2631 erudiebatur.

1983 2674 2159 2743 Atque
2191 2674 2263 2727 ita
2306 2674 2517 2728 sublata
2556 2674 2707 2744 prius
2756 2670 3060 2741 iniustitia,
3118 2684 3241 2740 quae
3284 2670 3420 2723 iram
3452 2665 3547 2722 Dei

1985 2767 2340 2835 provocavit,
2392 2765 2717 2835 injustitiam
2753 2778 2970 2834 quoque
3003 2761 3057 2815 in
3087 2760 3363 2817 hominem
3411 2775 3538 2816 sus-

1986 2857 2127 2910 tulit.

2053 2949 2131 3002 Ac
2175 2948 2406 3017 primum
2435 2947 2653 3018 quidem
2690 2946 2887 3010 noluit,
2927 2955 2986 3001 ut
3032 2960 3186 3000 amor
3234 2943 3549 2998 divitiarum

1989 3040 2043 3093 in
2074 3040 2253 3093 anima
2287 3039 2582 3107 insideret;
2631 3039 2887 3107 quoniam
2926 3053 3078 3091 amor
3108 3036 3419 3091 divitiarum
3450 3049 3551 3106 pa-

1989 3133 2060 3186 rit
2088 3133 2407 3201 injustitias,
2439 3140 2492 3189 et
2520 3132 2790 3202 cupiditas
2816 3130 3045 3185 habendi
3090 3129 3307 3184 divitias
3331 3135 3553 3197 generat

1991 3224 2292 3278 avaritiam.
2328 3223 2500 3279 Radix
2525 3224 2668 3279 enim
2703 3224 2967 3276 malorum
3002 3234 3082 3276 est
3113 3221 3386 3291 cupiditas
3417 3218 3554 3271 divi—

1992 3318 2221 3380 tiarum;
2260 3326 2422 3370 erunt
2466 3324 2644 3370 autem
2704 3314 2838 3367 rami
2883 3325 2936 3368 et
2989 3314 3192 3369 surculi
3241 3312 3553 3382 cupiditatis

1992 3406 2348 3475 pecuniarum
2375 3446 2389 3468 ,
2426 3405 2697 3474 injustitia
2726 3416 2776 3459 et
2811 3405 3033 3457 avaritia
3068 3422 3079 3457 :
3130 3410 3184 3456 et
3220 3402 3475 3472 quoniam
3523 3417 3554 3455 a

1992 3498 2286 3568 cupiditate
2317 3499 2667 3567 pecuniarum
2701 3497 2892 3568 incipit
2917 3496 3138 3550 avaritia
3168 3504 3221 3549 et
3250 3493 3552 3564 injustitia,

1994 3600 2332 3662 prinoccupat
2364 3591 2469 3654 lex,
2503 3592 2653 3661 prius
2678 3593 2837 3654 tollit,
2867 3590 3021 3660 prius
3070 3588 3352 3643 denuntiat
3387 3606 3398 3640 :
3463 3585 3557 3639 Di-

1993 3684 2132 3737 ritia:
2161 3685 2206 3736 si
2258 3684 2508 3755 aﬂluant,
2560 3683 2719 3738 nolite
2767 3701 2856 3737 Cur
2894 3698 3150 3752 apponere
3177 3681 3263 3734 '“:
3314 3694 3383 3733 ne
3412 3678 3557 3732 divi-

1994 3775 2081 3830 tia:
2101 3782 2336 3830 mentem
2374 3790 2497 3829 cum
2519 3774 2665 3829 ﬂuxu
2695 3775 3004 3829 divitiarum
3044 3771 3427 3834 conﬂuentem,
3459 3769 3559 3823 ﬂu-

1996 3868 2081 3922 xis
2104 3867 2312 3924 divitiis
2350 3868 2587 3939 capiant.
2646 3866 2701 3923 Si
2732 3870 2876 3924 enim
2923 3881 3054 3939 opes
3084 3865 3259 3919 ﬂuunt
3285 3905 3300 3930 ,
3356 3872 3409 3919 et
3450 3878 3556 3917 non

1997 3971 2175 4017 stant:
2215 3963 2410 4019 merito
2445 3965 2651 4019 resistit
2693 3979 2868 4028 mens,
2897 3978 3016 4033 quae
3045 3971 3243 4018 statum
3269 3976 3425 4017 suum
3458 3959 3561 4014 llu-

1995 4056 2080 4110 xis
2114 4056 2321 4112 divitiis
2356 4073 2461 4111 non
2494 4058 2655 4113 violat
2686 4074 2700 4122 ;
2745 4068 2799 4112 et
2855 4059 2981 4128 quia
3035 4066 3147 4111 tum
3182 4056 3407 4111 avaritia
3443 4072 3562 4110 rno-

1997 4146 2133 4200 lesta
2162 4157 2267 4212 est,
2303 4155 2416 4201 tum
2447 4149 2717 4219 cupiditas
2746 4149 2930 4219 gloria:
2962 4149 3120 4218 cujus
3154 4148 3251 4205 llos
3282 4148 3337 4202 in
3380 4147 3561 4202 anima

1999 4241 2293 4310 praedatur,
2326 4242 2584 4307 erudivit,
2614 4242 2868 4313 inquiens
2899 4263 2911 4297 :
2970 4242 3087 4296 Vidi
3121 4242 3337 4312 impium
3382 4256 3562 4303 super-

1997 4333 2313 4395 exaltatam,
2346 4343 2393 4387 et
2412 4333 2668 4389 eleuatum
2695 4336 2831 4389 sicut
2858 4335 3037 4390 cedros
3055 4334 3244 4389 Libani
3266 4351 3285 4389 :
3319 4334 3560 4396 tiansivi,

1999 4434 2047 4478 et
2068 4441 2180 4479 ecce
2201 4442 2303 4479 non
2325 4436 2437 4479 erat
2467 4428 2531 4479 τ’.
2576 4425 2645 4480 Ut
2678 4442 2832 4482 mens
2860 4427 2994 4481 nulli
3041 4427 3226 4498 gloria:
3266 4424 3565 4497 quamlibet

325 4502 406 4568 ὠς
431 4502 537 4567 τὰς
573 4501 822 4570 κὲὃρους
864 4504 967 4559 τοῦ
999 4508 1254 4561 Λιϐάνου
1278 4523 1291 4537 ·
1316 4509 1412 4562 καί
1444 4508 1772 4578 παρῆλθον,
1797 4514 1884 4566 καὶ

2002 4533 2211 4588 magna:
2240 4516 2396 4573 facile
2434 4517 2775 4574 ﬂaccescenti
2811 4519 3236 4589 magnitudinem
3258 4532 3413 4573 suam
3448 4517 3565 4572 ille—

328 4591 459 4645 ιδοὺ
502 4594 612 4646 οὐκ
659 4590 766 4664 ἦν·
813 4596 902 4649 ἵνα
931 4597 1169 4670 μηδεμιᾷ
1214 4600 1365 4672 ἀκμῇ
1403 4602 1595 4672 ῥαδίως
1650 4620 1899 4675 μαραινο-

331 4683 467 4757 μένῃ
495 4683 780 4756 ὑπηγμένη
809 4688 842 4757 ἡ
871 4687 1077 4740 διάνοια
1103 4690 1164 4742 τὸ
1197 4691 1394 4761 ἑαυτῆς
1436 4692 1662 4762 μέγεθος
1698 4696 1900 4767 πιπρά-

330 4789 461 4847 σκῃ·
499 4773 612 4826 ἀλλ’
640 4776 1060 4848 ὑπερκύπτοντα
1097 4780 1268 4835 ταῦτα
1297 4782 1390 4835 τοῦ
1417 4783 1617 4856 ἔρωτος
1646 4786 1745 4856 τῆς
1777 4786 1902 4858 ἀλη-

328 4866 480 4929 θείας
518 4866 729 4940 ἐχηται.
762 4872 871 4925 Καὶ
904 4873 991 4927 διὰ
1031 4873 1189 4927 τοῦτο
1225 4874 1320 4946 τὴν
1364 4874 1699 4948 συμμετρίαν
1734 4881 1895 4949 τιμᾷ,

329 4958 426 5011 καὶ
452 4958 550 5030 τὴν
579 4961 789 5016 ἀδικίαν
818 4964 1008 5031 ἐξωθεί
1029 4983 1042 4996 ·
1075 4968 1166 5019 καὶ
1199 4966 1268 5019 τά
1300 4967 1417 5021 θεία
1447 4970 1730 5041 οἱκητήρια
1760 4972 1895 5024 ἁπο-

328 5050 514 5105 δίδωσι
541 5057 654 5117 τοῖς
675 5055 773 5125 τὴν
804 5058 1539 5130 συμμετρίαν.τετηρηκόσιν.

404 5145 514 5197 Καὶ
552 5144 723 5210 οὕτως
768 5147 892 5218 βοᾷ·
932 5151 1138 5217 Κύριε,
1176 5152 1266 5217 τίς
1309 5150 1660 5220 παροικήσει
1704 5153 1773 5205 ἐν
1817 5152 1897 5219 τῷ

330 5235 679 5307 σκηνώματι
732 5253 888 5303 σου;
938 5240 975 5308 ἢ
1018 5243 1110 5308 τίς
1164 5243 1615 5311 κατασκηνώσει
1663 5244 1733 5297 ἐν
1778 5244 1899 5313 ὄρει

332 5329 483 5399 ἁγίῳ
499 5344 645 5395 σου;
674 5332 1079 5401 Πορευόμενος
1103 5333 1359 5403 ἄμωμος,
1399 5335 1492 5387 καὶ
1519 5334 1901 5404 ἐργαζόμενος

334 5421 731 5492 δικαιοσύνην
751 5442 765 5455 ·
798 5424 1006 5479 λαλῶν
1032 5428 1319 5495 ἀλήθειαν
1348 5429 1418 5481 ἐν
1438 5429 1649 5498 καρδίᾳ
1685 5429 1868 5483 αὑτοῦ
1885 5446 1897 5458 ·

337 5512 464 5580 ἵνα,
497 5518 603 5571 πᾶν
652 5513 788 5581 εἶδος
828 5504 1257 5591 φιλοχρηματίᾶς
1303 5521 1582 5592 ἐξορίσας,
1630 5520 1791 5574 τόπον
1837 5522 1900 5591 τῇ

416 5704 462 5735 ⁸⁸
503 5703 702 5773 Εριιεε.
740 5720 791 5761 v.
828 5704 880 5759 5.
961 5706 1000 5736 ⁶⁹
1042 5704 1208 5760 Exod.
1247 5720 1351 5767 xx,
1390 5703 1441 5759 4.

342 5776 387 5810 τ’
425 5774 568 5833 Psal.
606 5791 716 5844 Σίν,
756 5776 865 5829 1-5.

1527 5705 1571 5737 ⁷ο
1613 5702 1782 5757 Exod.
1824 5718 2007 5768 xxxii,
2051 5705 2100 5758 i.

2004 4615 2091 4661 cta
2116 4608 2347 4675 vendat;
2381 4609 2511 4678 quin
2552 4609 2732 4678 potius
2775 4624 2941 4678 supra
2994 4608 3109 4663 haec
3142 4609 3324 4663 omnia
3371 4622 3429 4663 se
3460 4607 3563 4659 eri-

2004 4714 2136 4769 gens
2165 4713 2348 4752 amore
2399 4699 2639 4754 veritatis
2667 4708 2935 4754 teneatur.
2991 4696 3199 4753 Idcirco
3232 4698 3565 4752 moderatio—

2004 4805 2126 4843 nem
2149 4789 2404 4852 honorat,
2433 4800 2487 4844 et
2518 4791 2841 4871 injustitiam
2873 4792 3115 4862 expellit,
3141 4797 3194 4845 et
3233 4789 3414 4844 divina
3446 4789 3565 4843 loca

2003 4880 2069 4934 ad
2119 4882 2472 4936 habitandum
2523 4882 2767 4952 rependit
2814 4891 2867 4937 et
2897 4883 3141 4954 assignat
3179 4883 3275 4944 iis,
3328 4882 3419 4951 qui
3451 4896 3565 4935 mo—

2002 4976 2230 5031 destiam
2261 4988 2630 5033 servaverunt.

2075 5155 2165 5211 Sic
2196 5163 2374 5209 autem
2409 5156 2607 5209 clamat
2636 5173 2648 5209 :
2687 5154 2929 5215 Domine,
2957 5153 3071 5224 quis
3115 5151 3369 5205 habitabit
3399 5152 3452 5203 in
3478 5161 3564 5203 ta-

2003 5246 2285 5301 bernaculo
2313 5256 2422 5309 tuo,
2446 5256 2493 5300 et
2532 5248 2585 5299 iu
2616 5256 2785 5299 monte
2814 5254 2998 5299 sancto
3029 5247 3160 5300 tuo?
3183 5243 3288 5310 Qui
3333 5244 3564 5312 ingredi-

2004 5350 2088 5393 tur
2109 5341 2219 5394 sine
2242 5339 2450 5392 macula
2470 5379 2484 5400 ,
2520 5349 2567 5392 et
2592 5347 2842 5409 operatur
2875 5337 3178 5407 justitiam:
3223 5336 3310 5409 qui
3340 5336 3569 5405 loquitur

2003 5431 2271 5483 ceritatem
2304 5430 2353 5481 in
2386 5427 2539 5481 corde
2580 5444 2674 5481 suo
2704 5427 2787 5495 7';
2842 5434 2900 5481 ut
2942 5428 3089 5480 omni
3122 5425 3301 5495 specie
3331 5425 3570 5483 avaritia:

2004 5520 2265 5589 relegata,
2297 5519 2476 5573 locum
2503 5518 2783 5589 injustitire
2812 5533 2921 5573 non
2950 5517 3223 5586 relinquat
3247 5529 3266 5571 τ
3304 5524 3463 5586 atque
3492 5516 3563 5570 ita

2211 5703 2251 5734 ⁷¹
2298 5700 2438 5757 Psal.
2480 5718 2604 5769 ut,
2642 5702 2724 5754 ll.
2838 5701 2880 5731 ⁷³
2922 5697 3063 5755 Psal.
3103 5712 3297 5758 xxxvr,
3335 5694 3433 5760 33,
3477 5692 3563 5748 56.
