4116 6332
587 368 723 426 1255

1698 373 1833 428 TITI
1874 372 2296 429 BOSTRENSIS
2327 371 2627 429 EPISCOPI

3674 379 3823 435 {9.36

582 504 796 547 omnem
829 489 1062 559 speciem
1096 484 1376 559 iniustitiae
1425 493 1648 548 sustulit
1676 494 1781 549 lex.
1816 494 2025 551 Idcirco
2054 497 2141 567 qui

2250 499 2429 569 ἀδικίᾳ
2475 496 2548 567 μὴ
2592 494 2841 566 παρέχῃ·
2881 493 2973 546 καὶ
3012 487 3159 546 οὕτω
3198 493 3302 546 πᾶν
3335 487 3471 557 εἶδος
3513 494 3830 560 ἐπεξελθὼν

582 579 880 638 mundum
912 580 1082 650 legem
1131 580 1412 651 loquitur,
1461 597 1559 652 pro
1607 584 1832 640 veritate
1880 585 2140 656 loquitur.

578 674 787 731 Idcirco
842 674 935 743 qui
995 683 1121 728 sunt
1168 674 1401 743 operarii
1445 675 1726 740 veritatis,
1782 692 1887 731 non
1945 693 2144 733 excau-

578 766 826 827 descunt,
860 778 982 819 cum
1008 763 1093 817 lex
1127 764 1393 820 adversus
1425 764 1618 818 vitium
1645 766 1904 836 loquitur.
1941 766 2145 839 Loque-

579 856 740 910 batur
769 855 1060 925 aliquando
1097 854 1361 912 Dominus
1407 856 1671 915 adversus
1700 862 2014 925 avaritiam;
2045 878 2142 916 ex-

578 946 978 1016 asperabantur
1005 946 1211 1010 Judazi,
1261 958 1315 1000 et
1366 950 1594 1005 moleste
1647 950 1940 1007 ferebant:
1993 968 2145 1006 amor

576 1037 721 1092 enim
748 1038 1059 1091 divitiarum
1086 1054 1308 1108 asperos
1339 1046 1390 1093 et
1433 1042 1599 1095 duros
1625 1057 1718 1097 eos
1754 1043 2012 1099 adversus
2065 1046 2146 1099 lo-

578 1138 829 1198 quentem
861 1128 1144 1184 elliciebat.
1190 1127 1269 1183 Ita
1319 1131 1564 1201 profecto
1604 1141 1708 1195 est,
1742 1148 1863 1187 cum
1897 1135 2145 1206 paedago-

576 1238 677 1291 gus
711 1237 832 1276 cum
862 1238 1031 1292 puero
1058 1221 1254 1291 ignavo
1288 1234 1342 1277 et
1370 1224 1524 1294 pigro
1552 1225 1796 1292 disserit,
1818 1226 1945 1281 odio
1976 1227 2142 1283 habe-

577 1324 668 1367 tur
693 1315 761 1368 al)
793 1330 860 1369 eo
890 1330 1049 1385 quem
1098 1316 1339 1369 instruit.
1381 1314 1571 1371 Omnis
1609 1318 1753 1372 enim
1812 1320 1905 1388 qui
1962 1332 2143 1375 motus

577 1405 955 1460 adolescentia:
998 1421 1030 1459 a
1071 1406 1281 1460 ratione
1328 1421 1549 1462 aversos
1592 1409 1883 1475 exscindit,
1916 1411 1969 1464 in
2020 1412 2145 1468 odio

575 1505 659 1552 est
692 1508 910 1568 preptcr
942 1514 1181 1554 amorem
1213 1499 1548 1568 voluptatum
1579 1520 1591 1554 :
1640 1501 1710 1555 ob
1751 1502 1893 1556 hanc
1921 1517 2142 1557 causam

577 1590 665 1644 lex
695 1590 750 1644 in
775 1591 956 1646 odium
984 1593 1134 1646 venit
1184 1593 1475 1648 haereticis.
1510 1593 1646 1660 Quia
1685 1604 1875 1649 contra
1927 1607 2146 1666 pertur-

577 1680 823 1736 bationes
848 1682 1119 1745 tendebat,
1150 1693 1339 1738 contra
1391 1693 1613 1753 peccata
1656 1686 1988 1751 ambulabat,
2020 1704 2145 1742 con-

574 1779 662 1829 tra
692 1773 942 1828 adamata
968 1775 1301 1840 disserebat,
1356 1782 1467 1831 rem
1500 1794 1657 1848 mque
1692 1779 1876 1833 animo
1917 1797 2023 1834 non
2057 1794 2142 1835 tu-

574 1862 776 1917 lerunt.

2245 592 2453 646 ἀνεῖλεν
2479 590 2507 641 6
2535 588 2712 657 νόμος.
2756 585 2853 638 Διά
2880 584 3038 638 τοῦτο
3069 587 3097 637 6
3127 585 3267 638 κατά
3314 586 3476 655 νόμον
3514 586 3833 657 φθεγγόμε.

2244 703 2332 748 νος
2357 682 2495 753 ὑπὲρ
2525 678 2782 749 ἀληθείας
2821 677 3145 746 φθέγγεται·
3178 677 3266 731 διὰ
3292 677 3450 731 τοῦτο
3478 680 3527 731 οί
3562 679 3661 749 τῆς
3690 680 3832 750 ἀλη-

2247 776 2395 838 θείας
2425 770 2649 840 ἐργάται
2672 768 2772 821 οὑκ
2798 768 3160 835 ἀγανακτοῦσι
3191 767 3266 838 τῷ
3292 768 3433 838 νόμῳ
3457 768 3599 823 κατά
3623 771 3830 833 κακίας

2245 863 2617 937 φθεγγομένῳ,
2677 858 2883 913 σελάλει
2940 859 3069 911 ποτὲ
3114 859 3255 911 κατά
3310 858 3746 929 φιλοχρηματίας
3796 863 3830 913 ὁ

2245 958 2464 1029 Σωτήρο
2499 953 2857 1025 έτραχύνοντο
2902 953 2951 1004 οί
2989 952 3270 1005 Ἰουδαῖοι·
3308 953 3340 1022 ὴ
3385 951 3493 1023 γάρ
3533 953 3686 1022 φιλία
3716 953 3829 1006 τῶν

2245 1048 2542 1120 χρημάτων
2570 1043 2881 1115 τραχύτητα
2920 1043 3062 1096 κατά
3096 1042 3189 1094 τοῦ
3231 1042 3474 1110 λέγοντος
3509 1043 3825 1113 εἰργάζετο.

2212 1130 2463 1210 ’Ἄμέλει
2503 1140 2631 1191 ὅταν
2666 1136 3007 1204 παιδαγωγὸς
3048 1135 3275 1206 ρᾳθύμῳ
3305 1134 3453 1189 παιδὶ
3484 1136 3611 1205 περὶ
3662 1137 3821 1206 ῥαθυ-

2249 1232 2376 1302 μίας
2409 1230 2747 1302 διαλέγηται,
2788 1231 3023 1299 μισεῖται
3063 1225 3212 1294 παρὰ
3246 1225 3339 1280 τοῦ
3374 1226 3823 1297 παιδαγωγουμέ-

2244 1342 2333 1376 νου
2354 1341 2367 1353 ’
2400 1325 2507 1386 πᾶς
2529 1323 2635 1393 γὰρ
2663 1323 2691 1374 6
2731 1321 2827 1390 τῆς
2861 1320 2987 1381 νέας
3013 1318 3227 1390 ἡλικίας
3256 1319 3316 1371 τὸ
3344 1319 3509 1381 πάθος
3536 1321 3832 1373 ἐκκόπτων

2248 1419 2487 1488 μισεῖται
2518 1415 2606 1469 διὰ
2645 1415 2745 1485 τὴν
2773 1413 2954 1482 φιλίαν
2990 1414 3100 1466 τῶν
3126 1410 3325 1484 ἡδονῶν
3351 1429 3364 1442 ·
3396 1411 3483 1464 διά
3530 1410 3691 1465 τοῦτο
3729 1429 3831 1482 με-

2247 1510 2473 1580 μίσηται
2513 1508 2663 1580 παρὰ
2698 1509 2805 1562 τῶν
2839 1507 3172 1579 αἱρεσιωτῶν
3208 1509 3235 1559 6
3270 1505 3447 1576 νόμος.
3478 1506 3631 1558 Ἐπεὶ
3678 1507 3831 1558 κατὰ

2243 1602 2350 1655 τῶν
2383 1602 2570 1655 παθῶν
2597 1600 2815 1672 ἐχώρει.
2843 1600 2983 1653 κατά
3004 1599 3111 1651 τῶν
3142 1599 3550 1669 ἁμαρτημάτων
3579 1597 3829 1662 ἐϐάδιζε,

2245 1695 2383 1747 κατά
2427 1694 2532 1748 τῶν
2581 1694 2921 1763 φιλουμένων
2960 1690 3261 1759 διελέγετο·
3309 1692 3407 1743 οὑκ
3472 1691 3711 1761 ἡνεγκαν
3762 1691 3831 1744 τὶ

2246 1786 2499 1856 πρᾶγμα.

784 1980 911 2041 Cap.
953 1980 1018 2036 Χ.
1054 1981 1273 2036 Omnem
1298 1986 1516 2052 speciem
1549 1987 1753 2041 virtutis
1782 1986 1867 2040 lea:
1890 1988 2100 2057 exponit
2135 2006 2151 2041 :
2183 1990 2536 2056 prudentiam,
2560 1987 2888 2055 pudicitiam.
2922 1984 3303 2053 fortitudinem,
3326 1981 3615 2051 justitiam.

645 2095 714 2152 Ut
739 2106 919 2154 autem
950 2114 1130 2155 sermo
1154 2109 1209 2155 et
1239 2102 1537 2171 disputatio
1569 2117 1753 2160 nostra
1800 2106 2139 2178 amplissima

572 2188 664 2253 sit,
707 2195 760 2245 et
791 2191 971 2245 scelus
1001 2191 1225 2248 liaeresis
1253 2210 1374 2263 quze
1402 2194 1604 2263 injuste
1629 2196 1695 2249 ad
1726 2198 1893 2266 legem
1930 2197 2140 2266 vitupe-

571 2280 797 2335 randam
852 2298 911 2338 se
970 2285 1220 2343 contulit,
1273 2295 1530 2354 appareat
1570 2307 1580 2340 :
1614 2302 1720 2341 non
1769 2288 1943 2342 solum
1990 2289 2137 2357 quod

571 2387 762 2427 omnes
802 2376 1011 2442 species
1063 2383 1116 2429 et
1148 2374 1350 2430 lormas
1391 2378 1506 2431 vitii
1567 2380 1811 2444 sustulit,
1855 2379 2134 2445 dicamus,

571 2461 668 2516 sed
692 2462 984 2519 reddamus
1015 2466 1239 2536 insuper
1256 2482 1583 2531 sermonem,
1600 2470 1743 2540 quod
1775 2484 1990 2523 omnem
2015 2486 2139 2540 spe-

570 2552 709 2607 ciem
740 2554 956 2609 virtutis
981 2557 1059 2610 lex
1093 2564 1313 2611 enarrat
1338 2566 1392 2613 et
1424 2560 1663 2630 exponit.
1704 2560 1761 2613 Si
1787 2560 1928 2614 enim
1956 2561 2139 2614 omnia

569 2642 700 2695 vitia
738 2643 821 2697 lex
858 2646 1186 2709 sustulisset,
1223 2663 1329 2701 non
1364 2656 1542 2702 autem
1580 2664 1769 2703 omnes
1804 2650 2034 2704 virtutes
2065 2651 2144 2704 in-

570 2736 851 2798 seruisset,
887 2754 1078 2793 manca
1112 2751 1256 2796 esset
1288 2741 1394 2804 lex,
1427 2742 1908 2813 relictagirtutum
1936 2753 2145 2798 exstru-

568 2828 927 2898 ctione;quaa
960 2830 1177 2899 quidem
1223 2831 1405 2885 omnia
1457 2832 1592 2886 vitia
1637 2847 1763 2887 cum
1814 2834 2133 2905 relegasset,

566 2936 679 2975 non
706 2919 818 2991 jam
852 2937 1042 2977 omnes
1089 2924 1318 2980 virtutes
1357 2925 1549 2981 anima:
1591 2925 1990 2996 despondisset.
2038 2925 2135 2981 Sin

569 3028 701 3067 vero
730 3015 783 3067 in
822 3014 1190 3085 disputatione
1215 3026 1403 3072 nostra
1426 3027 1686 3090 apparent
1715 3022 1857 3090 apud
1889 3022 2058 3091 legem
2081 3031 2135 3076 et

567 3103 864 3174 prophetas
907 3121 1097 3161 omnes
1157 3108 1388 3163 virtutes
1438 3109 1648 3178 positae,
1696 3124 1875 3164 annon
1923 3120 2136 3180 oportet

567 3196 741 3267 legem
797 3195 892 3250 Dei
938 3197 1199 3251 admirari
1230 3208 1283 3253 et
1329 3200 1621 3271 amplecti?
1662 3200 1798 3256 Cum
1831 3204 1975 3257 enim
2032 3205 2143 3257 sint

568 3297 801 3360 quatuor
831 3290 1082 3355 virtutes,
1111 3290 1419 3360 prudentia,
1450 3296 1833 3363 temperantia,
1883 3295 2144 3352 fortitudo

574 3389 628 3436 et
656 3382 899 3451 iustitia:
933 3397 1122 3438 omnes
1142 3384 1372 3441 virtutes
1422 3386 1564 3455 apud
1598 3387 1769 3456 legem
1822 3399 2140 3443 cernuntur.

571 3469 726 3527 Unde
760 3474 853 3545 qui
887 3475 998 3528 vult
1032 3490 1154 3530 esse
1202 3484 1556 3546 temperatus,
1613 3477 1775 3533 habet
1817 3480 1870 3531 iu
1904 3480 2018 3548 lege
2062 3477 2145 3531 di-

570 3566 831 3634 sciplinas
864 3586 876 3622 :
911 3568 1001 3637 qui
1033 3568 1213 3622 studet
1242 3577 1299 3622 ut
1330 3569 1401 3623 sit
1432 3569 1690 3639 prudens,
1734 3569 1990 3625 adhibitis
2012 3569 2142 3625 sub-

574 3657 731 3714 sidiis
774 3658 929 3725 legis,
975 3660 1233 3730 prazclare
1280 3677 1339 3716 se
1384 3662 1439 3715 in
1480 3661 1642 3718 rebus
1690 3669 1839 3733 geret
1872 3680 1883 3714 :
1916 3661 2145 3731 quivult

572 3767 697 3807 esse
721 3749 898 3814 fortis,
932 3752 1170 3808 instruat
1225 3770 1284 3809 se
1342 3755 1628 3825 praeceptis
1676 3755 1810 3825 legis
1845 3754 1980 3824 :qui
2028 3754 2144 3807 vult

569 3845 840 3914 justitiam
869 3846 1110 3916 assequi,
1146 3847 1360 3918 pondus
1411 3846 1639 3917 iustitia:
1662 3854 1865 3910 teneat,
1913 3854 1966 3901 et
2008 3848 2142 3901 nihil

575 3937 838 4006 inaequale
890 3936 1071 4000 faciet.
1133 3937 1339 3994 faciens
1379 3940 1560 3994 omnia
1595 3938 1661 3993 ad
1695 3938 2142 4010 perpendiculum

570 4029 799 4098 justitia
835 4049 848 4085 :
889 4038 942 4086 et
971 4032 1063 4101 qui
1086 4030 1262 4087 factus
1290 4041 1373 4087 est
1394 4032 1667 4102 particeps
1698 4032 2018 4102 prudentia),
2054 4032 2141 4086 di-

574 4130 661 4177 cat
689 4142 702 4177 :
728 4122 990 4178 Dominus
1028 4124 1213 4177 docuit
1257 4140 1342 4178 me
1392 4125 1736 4193 sapientiam,
1770 4132 1823 4180 et
1860 4123 2143 4194 prudentia

577 4215 814 4271 hominis
844 4232 952 4269 non
985 4226 1069 4271 est
1102 4217 1156 4270 in
1183 4231 1308 4283 me;
1344 4224 1403 4270 ut
1430 4217 1530 4270 hac
1562 4216 1682 4270 ficta
1709 4224 1762 4272 et
1788 4224 2005 4272 errante
2034 4219 2143 4288 eje-

574 4311 663 4358 cta
718 4312 772 4359 et
833 4304 1138 4374 repudiata,
1200 4304 1459 4373 optimam
1530 4316 1582 4358 et
1637 4305 1874 4359 divinam
1940 4309 2143 4376 ample-

572 4404 770 4451 ctatur.

645 4569 925 4626 Pudicitia:
956 4589 1085 4627 vero
1115 4576 1358 4644 exempla
1390 4576 1600 4630 infinita
1643 4578 1897 4646 reperiet,
1946 4578 2035 4647 qui
2073 4576 2143 4633 le-

571 4664 747 4733 gendo
789 4672 1013 4733 quaeret,
1052 4674 1110 4718 ut
1138 4669 1381 4736 exempla
1432 4666 1706 4737 pudicitia:
1760 4670 2050 4739 exprimat,
2088 4678 2142 4723 et

570 4757 795 4827 antiqua
818 4760 1061 4830 exempla
1092 4760 1159 4814 ad
1212 4761 1609 4816 firmamentum
1660 4772 1713 4818 et
1768 4764 1935 4817 robur
1975 4764 2143 4818 casti-

570 4851 701 4906 tatis
759 4854 1148 4923 complectatur
1180 4873 1192 4907 :
1224 4863 1286 4908 ut
1318 4856 1460 4910 illius
1509 4856 1866 4911 adolescentis
1915 4857 1969 4909 in
2021 4856 2141 4926 ipso

568 4937 703 4995 flore
731 4943 927 5003 aetatis.
969 4944 1061 5013 qui
1104 4943 1206 4997 fuit
1256 4960 1285 4997 a
1349 4944 1609 5000 fratribus
1669 4945 1922 5002 venditus
1973 4955 2027 5001 et
2073 4947 2141 4999 ab

573 5031 830 5104 Algyptio
859 5044 1109 5105 emptus;
1143 5036 1238 5106 qui
1265 5037 1567 5092 libertatem
1607 5039 1853 5108 corporis
1889 5039 2136 5101 mutavit,

559 5126 871 5181 'libertatem
904 5144 1033 5183 vero
1083 5131 1275 5185 anima:
1327 5131 1712 5185 immutabilem
1768 5132 2137 5196 conservavit;

574 5217 666 5281 qui
696 5217 845 5271 cxnit
871 5221 1113 5287 pallium,
1138 5238 1207 5275 ne
1253 5223 1514 5293 pudicitia
1548 5234 1879 5291 exucretur;
1936 5228 2023 5279 cui
2054 5226 2138 5280 vis

572 5306 787 5373 quidem
817 5310 1036 5377 pallium
1063 5311 1304 5373 abstulit.
1354 5314 1656 5368 necessitas
1695 5330 1823 5369 vero
1878 5331 1983 5368 non
2027 5315 2137 5370 eri—

573 5397 689 5465 puit
720 5400 1057 5463 castitatem;
1104 5404 1195 5471 qui
1230 5404 1418 5458 maluit
1446 5405 1629 5475 afﬂigi,
1681 5422 1841 5475 quam
1895 5407 1950 5459 in
1991 5422 2139 5460 mor-

575 5490 701 5542 hum
742 5493 1036 5561 voluptatis
1060 5496 1339 5563 incidere;
1372 5499 1561 5552 maluit
1606 5514 1729 5553 esse
1774 5500 1828 5553 in
1880 5500 2137 5564 vinculis,

572 5597 735 5648 quam
779 5587 897 5654 capi
952 5588 1257 5657 voluptate;
1308 5590 1399 5660 qui
1436 5591 1696 5645 invidiam
1749 5592 1889 5661 turpi
1935 5592 2137 5647 actioni

569 5660 896 5741 praeposuit;
921 5680 1012 5748 qui
1045 5680 1367 5745 existimari,
1402 5689 1457 5738 et
1491 5698 1599 5737 non
1630 5698 1752 5739 esse
1778 5683 1945 5737 voluit
1987 5700 2139 5737 :me-

566 5761 676 5838 lius
735 5767 879 5821 enim
930 5768 1232 5837 judicavit,
1267 5771 1456 5828 haberi
1504 5773 1701 5843 turpis,
1741 5789 1902 5844 quam
1949 5790 2068 5828 esse
2087 5781 2140 5828 ct

2318 2107 2435 2160 Ἵνα
2475 2106 2531 2159 δὲ
2573 2105 2650 2158 ἔτι
2688 2103 3253 2174 μεγαλοπρεπέστατοι
3285 2100 3549 2169 γένωνται
3592 2099 3728 2169 ἡμῖν
3769 2100 3825 2152 οξ

2244 2199 2422 2268 λόγοι,
2472 2197 2565 2251 καὶ
2604 2199 2742 2267 φανῇ
2774 2197 2805 2267 ἡ
2845 2194 2951 2248 τῶν
2981 2194 3241 2266 αἱρέσεων
3273 2192 3469 2245 ἀτοπία
3491 2232 3504 2257 ,
3541 2190 3688 2244 κατά
3726 2191 3826 2245 τοῦ

2243 2290 2406 2361 νόμου
2448 2289 2643 2352 ἀδίκως
2677 2287 3005 2359 βεόαδικυῖα,
3056 2285 3129 2357 μὴ
3174 2286 3330 2357 μόνον
3383 2285 3464 2338 ὃτι
3523 2286 3630 2338 πᾶν
3683 2282 3826 2345 εἶδος

2244 2382 2441 2444 κακίας
2487 2380 2691 2434 ἀνεῖλεν
2743 2381 2770 2434 6
2816 2378 3003 2449 νόμος,
3040 2376 3475 2448 προσγράφωμεν
3526 2375 3607 2445 τῷ
3652 2375 3822 2446 λόγῳ⁶

2245 2472 2357 2527 ἀλλ’
2391 2474 2471 2526 ὃτι
2501 2473 2593 2525 καὶ
2620 2473 2725 2525 πᾶν
2748 2466 2883 2533 εἶδος
2913 2471 3112 2541 ἀρετῆς
3142 2469 3427 2537 ὑφηγεῖται
3462 2467 3556 2521 καὶ
3600 2466 3825 2537 €5.75?-

2246 2584 2355 2623 ται.
2397 2563 2822 2635 προσαποδῶμεν
2861 2563 2927 2633 τῇ
2960 2562 3164 2633 ὁμιλία.
3209 2560 3271 2614 Εἰ
3315 2561 3412 2632 μὲν
3450 2560 3561 2635 γὰρ
3592 2560 3694 2624 τάς
3722 2580 3824 2614 κα-

2249 2655 2371 2718 κίας
2400 2654 2578 2717 πάσας
2601 2654 2805 2706 ἀνεῖλεν
2827 2654 2855 2705 6
2883 2655 3063 2723 νόμος,
3098 2653 3157 2704 οὑ
3193 2652 3366 2716 πάσας
3406 2652 3464 2706 δὲ
3486 2654 3585 2716 τὰς
3617 2652 3827 2724 ἀρετὰς

2250 2746 2522 2818 ἐνέθηκεν,
2549 2745 2790 2799 ἐνέλιπεν
2810 2747 2838 2797 6
2870 2745 3049 2815 νόμος,
3078 2744 3389 2814 λειπόμενος
3425 2744 3522 2815 τὴν
3545 2744 3654 2797 τῶν
3686 2745 3822 2817 ἀρε-

2243 2839 2350 2892 τῶν
2383 2838 2750 2908 κατασκευήψ
2799 2837 2892 2889 καὶ
2928 2835 3025 2898 τὰς
3059 2834 3156 2905 μὲν
3180 2836 3376 2898 κακίας
3420 2837 3600 2897 πάσας
3640 2835 3822 2905 ἐξορί-

2244 2946 2361 2992 σας,
2394 2928 2587 2999 μηκέτι
2616 2926 2671 2979 δὲ
2699 2926 2797 2989 τὰς
2822 2926 3021 2997 ἀρετὰς
3052 2925 3227 2988 πάσας
3251 2928 3315 2996 τῇ
3340 2924 3485 2995 ψυχῇ
3519 2925 3817 2995 μνηστευό-

2244 3037 2420 3090 μενος.
2455 3017 2580 3071 Ἐἀν
2619 3018 2673 3071 δὲ
2708 3018 2858 3089 παρά
2888 3018 2981 3070 τοῦ
3026 3018 3185 3087 λόγου
3226 3020 3386 3087 φανῇ,
3433 3019 3513 3069 ὅτι
3555 3017 3700 3087 παρὰ
3723 3016 3807 3085 τῷ

2240 3112 2388 3182 νόμῳ
2429 3112 2521 3163 καὶ
2559 3112 2669 3173 τοῖς
2716 3111 3019 3181 προφήταις
3049 3110 3216 3161 πᾶσαι
3257 3110 3461 3161 κεῖνται
3502 3109 3556 3160 αἱ
3594 3107 3811 3177 ἀρεταὶ,

2246 3204 2363 3268 πῶς
2391 3205 2451 3257 οὑ
2475 3201 2772 3273 θαυμάζειν
2798 3202 2877 3254 δεῖ
2907 3202 3001 3255 καὶ
3037 3199 3391 3271 ἀποδέχεσθαι
3434 3200 3521 3252 τὸν
3558 3199 3649 3251 τού
3678 3198 3818 3251 Θεοῦ

2245 3297 2406 3367 νόμον
2422 3313 2436 3362 ;
2455 3294 2739 3365 Τεττάρων
2763 3294 2871 3365 γὰρ
2894 3292 3068 3346 οὐσῶν
3090 3290 3322 3364 ἀρετῶν,
3353 3290 3685 3360 φρονήσεως,
3712 3306 3819 3341 σω-

2246 3386 2533 3460 φροσύνης,
2579 3382 2827 3453 ἀνδρείας
2868 3383 2959 3435 καὶ
2991 3380 3348 3451 δικαιοσύνης.
3394 3378 3510 3432 δλαι
3544 3377 3695 3448 παρὰ
3735 3378 3819 3447 τῷ

2244 3480 2392 3549 νόμῳ
2443 3476 2721 3546 φαίνονται
2760 3477 2813 3528 att
2846 3474 3054 3547 ἀρεταί.
3107 3473 3205 3526 Διά
3231 3472 3386 3525 τοῦτο
3423 3474 3452 3525 6
3490 3469 3815 3542 βουλόμενος

2244 3564 2381 3621 εἶναι
2424 3565 2651 3637 σώφρων
2691 3564 2803 3635 ἔχει
2846 3564 2914 3616 τὰ
2953 3562 3277 3634 μαθήματα·
3317 3564 3343 3613 6
3395 3560 3633 3613 σπεύδων
3674 3555 3815 3612 εἶναι

2245 3660 2527 3733 φρόνιμος,
2551 3657 2648 3721 τὰς
2673 3654 2924 3726 ἀφορμὰς
2942 3652 3034 3706 τοῦ
3068 3652 3230 3723 νόμου
3261 3650 3461 3712 λαϐὼν,
3500 3649 3815 3720 ἀριστεὺσει

2244 3754 2301 3806 ὲν
2332 3750 2411 3821 τῷ
2434 3749 2716 3823 πράγματι
2736 3764 2749 3777 ο
2781 3749 2809 3800 6
2850 3746 3166 3816 βουλόμενος
3198 3738 3335 3795 εἶναι
3389 3741 3633 3811 ἀνδρεῖος
3664 3740 3813 3793 ἀλει-

2245 3845 2425 3914 φέσθω
2454 3847 2571 3907 ταῖς
2617 3839 3022 3913 παραγγελίαις·
3063 3839 3091 3890 6
3126 3835 3432 3900 σπουδάζων
3469 3833 3816 3900 δικαιοσύνης

2243 3937 2481 4006 ἅψασθαι
2503 3936 2562 3989 τὸ
2600 3933 2858 4004 σταθμίον
2878 3932 2977 4002 τῆς
3003 3929 3346 4000 δικαιοσύνης
3387 3927 3690 3999 κρατείτω,
3720 3926 3815 3979 καὶ

2243 4029 2392 4082 οὐδὲν
2418 4028 2598 4082 ἄνισον
2621 4024 2837 4097 πράξει,
2882 4021 3107 4093 σταθμῴ
3151 4020 3494 4091 δικαιοσύνης
3528 4018 3602 4072 τὰ
3638 4019 3812 4071 πάντα

2243 4121 2493 4192 πράττων
2513 4136 2525 4149 ·
2556 4118 2647 4172 καλ⁸
2674 4117 2985 4188 φρονήσεως
3015 4113 3113 4184 μὲν
3147 4113 3204 4165 έν
3231 4109 3440 4182 μεθέξει
3473 4110 3810 4180 γιγνόμενος,

2243 4213 2445 4280 λεγέτω
2469 4228 2480 4239 ⁸
2524 4211 2579 4264 Ὀ
2612 4211 2742 4272 Θεὸς
2786 4205 2991 4271 ἐδίδαξέ
3029 4222 3095 4277 με
3135 4206 3324 4274 σοφίαν
3349 4245 3364 4268 ,
3415 4204 3510 4257 καὶ
3555 4204 3813 4275 φρόνησις

2243 4302 2540 4375 ἀνθρώπων
2586 4302 2686 4355 οὑκ
2724 4300 2869 4353 ἐστιν
2890 4301 2946 4352 ἐν
2983 4298 3122 4369 ἐμοί·
3167 4298 3275 4360 ἵνα,
3303 4297 3398 4369 τὴν
3427 4296 3810 4365 πεπλασμένην

2243 4390 2443 4461 ταύτην
2494 4391 2589 4442 καὶ
2640 4387 3059 4460 πεπλανημένην
3096 4386 3394 4459 ἐξωθήσας,
3438 4386 3539 4457 τὴν
3586 4386 3812 4456 ἀρίστην

2171 4490 2214 4545 D
2245 4485 2336 4537 καὶ
2368 4483 2515 4536 θείαν
2545 4484 2875 4553 ἀσπάσηται.

2312 4578 2668 4651 Σωφροσύνης
2695 4578 2752 4632 δὲ
2792 4576 3158 4647 ὑποδείγματα
3188 4575 3354 4647 μυρία
3386 4574 3607 4645 εὑρήσει
3636 4570 3812 4643 ζητῶν

2243 4675 2271 4727 6
2309 4671 2716 4742 ἀναγινώσκων,
2743 4670 2809 4723 τὰ
2824 4670 3194 4738 ὑποδείγματα
3210 4666 3478 4728 ἐκτυπῶν,
3502 4666 3597 4719 καὶ
3626 4664 3812 4732 ἄλειμ-

2246 4786 2321 4839 μα
2364 4765 2713 4837 σωφροσύνης
2756 4763 2822 4817 τὰ
2871 4762 3076 4816 παλαιὰ
3116 4760 3485 4830 ὑποδείγματα
3523 4758 3810 4829 δεχόμενος

2241 4859 2333 4912 τὸν
2370 4859 2582 4912 νεανίαν
2616 4860 2817 4910 ἐκεῖνον
2861 4856 2950 4909 τὸν
2970 4857 3221 4925 ἀκμαῖον,
3251 4853 3342 4905 τὸν
3380 4852 3486 4905 ἀπὸ
3504 4852 3621 4905 τῶν
3658 4850 3808 4905 ἀδελ-

2243 4949 2357 5019 φῶν
2404 4948 2702 5019 δεδομένον,
2750 4948 2843 5001 καὶ
2872 4946 3095 5001 ἀπὸτοῦ
3140 4944 3437 5013 Αἰγυπτίου
3479 4943 3806 5014 ἐωνημένον,

2240 5041 2329 5093 τὸν
2357 5041 2455 5109 τὴν
2496 5040 2803 5110 ἐλευθερίαν
2837 5039 2933 5109 τῆς
2969 5037 3145 5107 ψυχῆς
3171 5036 3453 5107 διετήρησε
3485 5034 3809 5104 διατετηρη-

2242 5133 2401 5185 κόταο
2434 5132 2520 5184 τὸν
2551 5131 2952 5200 ἀποδυσάμενον
2979 5127 3044 5180 τὰ
3085 5127 3270 5198 ἱμάτια
3289 5165 3303 5190 ,
3335 5126 3417 5177 ἵνα
3454 5124 3527 5194 μὴ
3553 5123 3656 5193 τὴν
3702 5140 3806 5175 σω-

2242 5222 2510 5293 φροσύνην
2536 5222 2898 5291 ἀποδύσηται·
2929 5219 3017 5272 τὸν
3048 5219 3136 5290 βία
3175 5219 3273 5288 μὲν
3314 5219 3382 5271 τὰ
3423 5216 3614 5286 ἱμάτια
3647 5216 3808 5283 ἀφαι-

2244 5316 2487 5386 ρεθέντα,
2514 5317 2586 5386 ἐξ,
2600 5315 2840 5383 ἀνάγκης
2863 5312 2919 5365 δὲ
2954 5312 3301 5382 σωφροσύνης
3328 5310 3401 5381 μὴ
3428 5307 3807 5361 ἀποσπασθέν-

2241 5426 2307 5461 τα
2326 5424 2339 5438 ’
2374 5400 2463 5460 τδν
2499 5408 2687 5460 παθεῖν
2714 5405 2987 5475 ἑλόμενον.
3018 5405 3101 5456 ἵνα
3139 5403 3213 5473 μὴ
3241 5401 3316 5471 τῷ
3353 5400 3514 5452 πάθει
3545 5400 3647 5469 τῆς
3681 5399 3803 5470 ἠδο-

2241 5500 2338 5568 νῆς
2373 5498 2510 5567 πέσῃ
2531 5514 2543 5526 ο
2576 5497 2666 5549 τὸν
2696 5496 2814 5548 ἀντὶ
2836 5494 3039 5557 πάθους
3071 5494 3166 5564 τῆς
3199 5492 3389 5563 ἡδονῆς
3430 5492 3488 5543 ἐν
3518 5490 3669 5555 τάξει
3697 5489 3802 5541 τῶν

2241 5590 2472 5660 δεσμίων
2502 5590 2759 5658 γεγονότα
2777 5605 2790 5618 °
2823 5588 2912 5640 τὸν
2935 5587 3183 5657 ἑλόμενον
3207 5583 3487 5655 δεσμώτην
3517 5579 3674 5645 εἶναι,
3716 5582 3801 5633 ἴνα

2244 5684 2318 5754 μὴ
2339 5683 2555 5753 δέσμιος
2594 5684 2690 5753 τῆς
2728 5680 2920 5753 ἡδονῆς
2960 5680 3188 5752 εὑρεθῇο
3223 5678 3314 5731 τὸν
3353 5676 3546 5745 φθόνον
3586 5676 3686 5745 τῆς
3716 5676 3800 5725 at—

2244 5774 2410 5846 σχρᾶς
2442 5772 2688 5845 πράξεως
2714 5771 3099 5844 προκρίναντα·
3116 5769 3205 5822 τὸν
3228 5768 3541 5838 νομισθῆναι
3576 5765 3606 5817 ὂ
3631 5763 3706 5835 μὴ
3733 5758 3796 5831 ἦν
