4116 6332
348 291 481 348 1257

1357 289 1732 347 ADVERSUS
1772 290 2204 349 MANICHIEOS
2240 292 2369 347 LIB.
2396 293 2486 349 Ill.

3441 291 3593 348 1238

339 406 695 480 βουληθέντα·
749 405 966 461 κάλλιον
1002 405 1111 476 γὰρ
1159 403 1439 473 ἐλογίσατο
1489 404 1551 456 τὸ
1591 404 1913 476 νομισθῆναι

2018 408 2225 462 latere:
2282 408 2328 463 si
2355 407 2502 464 enim
2536 417 2679 463 esset
2709 416 2763 464 et
2819 411 3029 476 lateret,
3074 412 3346 467 metuebat
3389 419 3583 468 testem

336 499 581 572 αίσχρὸν,
611 499 645 569 ἦ
682 494 822 551 εῖναι
856 498 949 551 καὶ
994 496 1284 551 ,λανθάνειν
1305 511 1318 524 ·
1363 495 1646 565 γινόμενος
1681 494 1789 567 γὰρ
1818 497 1914 550 καὶ

333 588 629 651 λανθάνων,
668 588 850 642 ἐδεδίει
901 588 1151 659 μάρτυρα
1201 585 1292 638 τὸν
1331 584 1495 637 Θεόν·
1533 584 1807 655 νομισθεὶς
1835 584 1913 649 δὲ,

334 682 556 752 ἠρκεῖτο
602 679 682 751 τῷ
738 680 948 751 ὲπόπτῃ
993 679 1356 751 μαρτυροῦντι
1399 680 1512 742 τοῖς
1550 678 1912 750 γιγνομένοις.

332 771 446 825 Καὶ
477 772 579 841 τῆς
617 770 717 840 μὲν
756 769 1110 841 σωφροσύνης
1142 769 1449 839 ὑπόδειγμα
1475 768 1653 823 τοῦτο.

404 861 518 931 Τῆς
558 861 615 914 δὲ
645 861 894 931 ἀνδρείας
930 862 1100 916 πολλά
1132 862 1229 933 μὲν
1257 862 1350 915 καὶ
1382 861 1537 925 ἀλλα,
1562 861 1743 914 ἱκανὸν
1769 860 1826 913 δὲ
1853 861 1916 913 τὸ

332 952 431 1023 τῆς
464 950 676 1015 Ἰουδὶθ,
709 952 791 1004 ὃτι
829 950 1053 1020 γύναιον
1097 947 1197 1023 ἦν,
1251 951 1345 1004 καὶ
1394 946 1629 1012 ἀσθενὲς
1669 944 1771 1019 ἦν,
1819 949 1915 1001 καὶ⁸

332 1039 564 1111 ἄτολμον
594 1035 685 1111 ἦν,
736 1041 856 1093 ἐπεὶ
900 1041 1121 1109 γύναιον
1157 1036 1244 1111 ἦν.
1281 1039 1552 1109 Εὐτολμον
1587 1039 1645 1092 δὲ
1697 1038 1790 1090 καὶ
1822 1038 1915 1091 ἀν-

333 1134 533 1206 δρεῖον,
564 1134 685 1187 ἐπεὶ
710 1135 898 1187 πιστὸν
929 1130 996 1205 ἦν
1015 1151 1028 1164 ·
1059 1135 1140 1187 ὅτι
1175 1133 1243 1186 τά
1268 1132 1506 1186 ἀδύνατα
1531 1134 1648 1195 ταῖς
1686 1130 1913 1201 προσδο-

336 1227 486 1290 κίαις
517 1226 625 1280 τῶν
650 1225 951 1299 ἀνθρώπων
980 1226 1181 1282 δυνατά
1208 1229 1273 1297 τῇ
1301 1224 1521 1296 ἀνδρεία
1554 1223 1909 1278 ἀποδέδωκεν·

334 1318 417 1372 ὅτι
458 1317 527 1372 τά
561 1316 940 1389 ἀπροσδόκητα
982 1320 1061 1382 είς
1110 1317 1292 1371 πίστιν
1336 1318 1426 1370 καὶ
1477 1315 1670 1368 ὲλπίδα
1705 1315 1913 1385 ἢγαγεν

336 1409 557 1481 ἀνδρεία
588 1408 766 1462 πίστει
814 1412 1147 1482 κεκερακυία
1166 1426 1179 1439 ·
1208 1408 1277 1462 τά
1306 1408 1414 1480 γὰρ
1434 1407 1610 1477 τειχία
1648 1403 1914 1476 ἀνεῴγον-

334 1519 424 1566 το,
461 1501 556 1554 καὶ
587 1499 733 1572 ἐξῄει
765 1504 798 1572 ἡ
835 1503 1013 1565 νεᾶνις
1035 1518 1050 1532 ·
1095 1501 1189 1555 καὶ
1229 1499 1362 1571 μετά
1406 1499 1699 1569 παιδίσκης
1747 1498 1913 1568 μόνης

335 1593 502 1665 ἐξῄει,
546 1595 606 1647 οὐ
650 1593 710 1647 τὸ
738 1592 976 1646 ὕποπτον
1015 1593 1109 1646 τοῦ
1149 1593 1377 1656 κάλ-λους
1425 1590 1697 1654 δειλιῶσα,
1743 1590 1802 1641 οὐ
1843 1587 1913 1640 τά

335 1684 464 1757 ξίφη
498 1684 903 1763 εὐλαϐουμένη,
938 1686 998 1738 οὐ
1031 1684 1324 1756 φοϐηθεῖσα
1375 1685 1448 1753 μὴ
1492 1680 1788 1752 λαγνεύσῃ,
1837 1679 1910 1750 μὴ

2016 496 2184 553 Deum
2203 516 2217 565 ;
2239 498 2327 554 sin
2349 514 2475 553 vero
2498 499 2812 564 haberetur,
2829 507 3120 557 contentus
3135 508 3252 556 erat
3277 509 3415 557 teste
3430 501 3583 559 facta

1994 590 2375 683 Jﬂpectante.
2457 590 2634 662 Atque
2706 593 2985 663 pudicitia:
3050 592 3267 664 quidem
3336 594 3441 649 hoc
3510 594 3589 650 sit

2016 684 2345 753 exemplum.

2087 859 2446 915 Fortitudinis
2476 874 2606 915 vero
2642 859 2810 914 multa
2862 860 3080 931 quidem
3119 866 3247 915 sunt
3280 858 3406 923 alia,
3450 857 3587 914 satis

2013 967 2145 1008 vero
2172 967 2318 1007 nunc
2342 954 2417 1007 sit
2446 952 2577 1006 illud
2614 949 2820 1019 Judith,
2851 968 2973 1024 quae
3004 952 3320 1007 muliercula
3366 960 3504 1012 erat,
3528 959 3586 1009 ει

2016 1044 2232 1099 inﬁrma
2263 1055 2399 1111 erat,
2442 1057 2500 1119 et
2533 1060 2643 1100 non
2690 1045 2867 1100 audax
2908 1053 3048 1110 erat,
3090 1045 3217 1115 quia
3263 1043 3593 1098 muliercula

2014 1144 2154 1191 erat.
2180 1135 2370 1192 Audax
2401 1144 2582 1191 tamen
2616 1135 2718 1190 fuit
2745 1144 2800 1192 et
2836 1135 3013 1202 fortis,
3053 1136 3180 1207 quia
3230 1134 3490 1190 credibile
3530 1133 3594 1189 ei.

2014 1226 2135 1288 fuit.
2167 1242 2287 1297 quac
2340 1228 2747 1297 exspectatione
2805 1228 3085 1283 hominum
3143 1225 3256 1282 ﬁeri
3307 1241 3416 1281 non
3463 1239 3586 1294 pos-

2013 1326 2161 1382 sunt,
2182 1333 2341 1388 posse
2374 1317 2723 1384 fortitudine;
2754 1334 2879 1390 qua:
2898 1333 3021 1372 cum
3053 1317 3155 1373 fide
3179 1317 3340 1372 mista
3366 1331 3430 1371 ac
3452 1322 3587 1371 tem-

2013 1417 2222 1480 perata,
2254 1410 2319 1464 ad
2354 1409 2512 1463 fidem
2559 1418 2614 1465 et
2647 1425 2795 1480 spem
2831 1409 3058 1464 adduxit
3099 1410 3373 1479 insperata
3403 1406 3584 1462 :muri

2013 1499 2160 1554 enim
2194 1498 2365 1568 aperti
2400 1506 2552 1563 sunt,
2582 1506 2637 1553 et
2667 1499 2835 1553 exivit
2879 1498 3308 1562 adolescentula,
3351 1503 3405 1551 et
3456 1511 3583 1550 cum

2016 1588 2132 1643 sola
2174 1587 2371 1642 ancilla
2419 1588 2609 1652 exivit,
2659 1603 2769 1641 non
2832 1586 3134 1643 formidans
3163 1585 3311 1658 quod
3359 1594 3477 1641 erat
3522 1585 3581 1640 in

2016 1679 2425 1750 pulchritudine
2453 1686 2802 1748 suspectum;
2827 1693 2936 1733 non
2953 1689 3197 1732 metuens
3213 1676 3442 1748 gladios,
3470 1690 3582 1732 non

336 1777 428 1850 βίᾳ
456 1776 748 1831 ἀκολασίαν
774 1777 1041 1848 ὑπομείνῃ
1064 1793 1076 1805 ·
1112 1777 1189 1848 μὴ
1220 1774 1472 1829 δειλιῶσα
1509 1775 1582 1845 μή
1616 1791 1670 1825 τι
1707 1771 1815 1825 ἀπὸ
1837 1769 1915 1835 ξί-

2018 1769 2213 1823 timens
2243 1783 2310 1823 ne
2350 1767 2407 1822 in
2433 1767 2660 1823 libidine
2681 1776 2851 1834 esset,
2887 1782 2957 1823 ne
2983 1767 3066 1822 vis
3089 1767 3384 1821 inferretur
3419 1763 3581 1837 pudi-

334 1887 468 1940 φους
488 1868 797 1934 ὲξαπίναιον
827 1867 1006 1938 πάθῃ·
1048 1865 1185 1920 ἀλλά
1216 1866 1275 1918 τὸ
1311 1865 1409 1935 μὲν
1448 1862 1675 1935 φοϐερὸν
1705 1861 1798 1915 τοῦ
1839 1862 1914 1926 ξί-

334 1979 468 2031 φους
491 1964 557 2032 τῇ
580 1960 805 2033 ἀνδρεία
825 1959 1053 2023 νικῶσα,
1089 1960 1151 2013 τὸ
1176 1959 1232 2012 δὲ
1264 1956 1459 2021 κάλλος
1486 1955 1564 2027 τῷ
1589 1954 1707 2027 Θεῷ
1737 1971 1914 2026 παρα-

332 2050 624 2122 τιθεμένη·
672 2046 981 2114 ἀξιόπιστον
1018 2047 1126 2118 γὰρ
1172 2047 1262 2100 τὸν
1300 2046 1432 2101 Θεὸν
1473 2044 1689 2114 φύλακα
1725 2046 1914 2114 ἡγεῖτο

331 2137 427 2191 τοῦ
455 2136 713 2200 κάλλους·
752 2136 1004 2207 φρύγανα
1041 2136 1097 2189 δὲ
1126 2134 1219 2188 καὶ
1244 2136 1496 2206 πάπυρον
1523 2132 1592 2187 τά
1636 2133 1763 2204 ξίφη
1794 2132 1911 2186 ἐλο-

333 2227 538 2297 γίζετο,
574 2228 924 2296 πεπατηκυῖα
957 2224 1033 2296 τῷ
1060 2225 1367 2296 φρονήματι
1410 2224 1508 2294 τῆς
1536 2222 1783 2295 ἀνδρείας
1814 2222 1911 2291 τὴν

332 2316 568 2370 δειλίαν·
620 2316 713 2370 καὶ
768 2315 1042 2387 παρῆλθεν
1087 2318 1119 2385 ή
1164 2314 1322 2385 γυνὴ,
1368 2315 1462 2368 καὶ
1505 2314 1774 2385 τολμηρὸν
1813 2313 1911 2366 οὐκ

334 2407 548 2481 ἐκρίθη.
587 2408 719 2461 Οὐδὲ
748 2407 1083 2479 τραχύτητος
1139 2405 1389 2477 ἔγκλημα
1426 2405 1533 2476 (59)
1584 2405 1907 2481 ὑπέμεινεν·

333 2475 456 2551 οὔτε
479 2475 587 2569 γάρ
619 2475 794 2567 ἀτελῆ-
919 2475 1194 2567 κριθέντα,
1241 2475 1327 2550 ἵνα
1363 2475 1697 2569 τραχύτητος
1723 2475 1913 2568 ἐγκλη-

336 2588 438 2660 θῇ·
474 2589 821 2662 πεπεραίωκε
862 2587 929 2642 τά
973 2588 1398 2659 βεϐουλευμένα·
1449 2590 1530 2652 είς
1570 2589 1740 2660 πέρας
1770 2587 1910 2659 ἢχθη

333 2680 404 2733 τὰ
434 2682 765 2751 ἐσκεμμένα.
797 2681 894 2733 Διὰ
925 2681 1083 2734 τοῦτο
1115 2678 1487 2752 θαυμάζεται,
1539 2681 1621 2734 ὅτι
1654 2680 1912 2752 φρόνησιν

335 2772 557 2844 ἀνδρείᾳ
584 2772 765 2844 ἔμιξεν
786 2789 799 2802 ·
835 2775 916 2828 ὅτι
943 2775 1042 2827 ὅσα
1070 2773 1444 2836 ἐϐουλεύσατο,
1472 2773 1551 2836 εἰς
1585 2772 1758 2844 πέρας
1780 2773 1914 2841 ὴγά-

336 2878 482 2933 γετο.

2013 1859 2154 1913 citia:
2186 1876 2202 1925 ;
2234 1874 2344 1913 non
2374 1858 2675 1914 formidans
2715 1874 2784 1914 ne
2834 1858 2965 1930 quid
3005 1857 3444 1930 repentinum‘ex
3465 1857 3583 1929 gla-

2014 1946 2107 2001 dio
2151 1918 2423 2004 accideret
2460 1967 2474 2002 :
2509 1949 2643 2019 quin
2689 1918 2871 2019 potius
2913 1918 3174 2004 terrorem
3220 1918 3385 2019 gladii
3426 1918 3586 2001 forti-

2012 2040 2201 2097 tudine
2237 2041 2479 2108 vincens,
2536 2042 2930 2099 formositatem
2969 2059 3099 2099 vero
3157 2041 3268 2099 Deo
3306 2056 3585 2096 commcn-

2012 2132 2171 2188 dans.
2207 2132 2375 2188 Deum
2406 2135 2549 2189 enim
2583 2136 2869 2191 custodem
2901 2134 3323 2205 pulchritudinis
3360 2133 3584 2205 dignum

2014 2224 2103 2279 cui
2137 2223 2357 2290 fideret,
2413 2225 2760 2281 existimabat
2809 2241 2958 2292 esse;
3015 2226 3224 2296 gladios
3280 2239 3410 2281 vero
3459 2238 3584 2278 sar-

2018 2322 2200 2371 menta
2238 2324 2290 2371 et
2312 2332 2575 2388 papyrum
2613 2319 2870 2381 ducebat,
2908 2319 3075 2373 animi
3110 2316 3431 2373 fortitudine
3471 2316 3585 2370 fon:-

2018 2409 2278 2481 midinem
2328 2426 2640 2480 superans:
2676 2411 2932 2468 transivit
2985 2412 3202 2476 mulier,
3247 2419 3301 2467 et
3333 2426 3444 2466 non
3491 2417 3619 2465 est,

2015 2498 2320 2567 iudicatum
2373 2501 2740 2564 temerarium,
2792 2502 2938 2571 quod
2990 2518 3123 2557 ausa
3172 2510 3276 2557 est.
3314 2500 3434 2556 Non
3483 2500 3604 2555 fuit.

2020 2590 2077 2642 in
2115 2604 2179 2645 ea
2226 2591 2539 2646 criminatio
2601 2592 2852 2659 duritiae;
2920 2607 3021 2647 nec
3073 2593 3218 2647 enim
3271 2592 3585 2662 imperfecta

2020 2680 2261 2745 fuerunt,
2282 2698 2405 2752 quae
2435 2683 2649 2738 fuerant
2664 2684 2909 2753 judicata
2935 2692 2989 2739 et
3027 2684 3267 2747 decreta,
3298 2695 3358 2739 ut
3385 2684 3586 2740 duritia

2020 2781 2309 2829 accusetur
2344 2793 2356 2828 :
2388 2775 2613 2844 perfecit
2641 2790 2725 2841 ea,
2757 2775 2824 2830 de
2856 2776 3055 2846 quibus
3078 2777 3438 2832 deliberatum
3468 2775 3589 2831 fue-

2022 2870 2109 2917 rat
2142 2882 2155 2919 :
2191 2862 2258 2916 ad
2294 2862 2451 2918 finem
2479 2865 2743 2934 perducta
2777 2874 2906 2919 sunt
2959 2865 3328 2922 considerata.
3378 2863 3587 2919 Idcirco

337 2959 395 3015 in
448 2961 810 3016 admiratione
857 2970 961 3027 est,
1018 2964 1148 3033 quia
1199 2961 1546 3031 prudentiam
1602 2960 1911 3016 fortitudini
1949 2960 2262 3025 admlscuit,
2299 2961 2428 3031 quia
2452 2976 2613 3016 omne
2659 2962 2948 3016 consilium
3004 2969 3243 3030 emplum
3284 2959 3588 3017 ad,exitum

336 3053 610 3122 perduxit.

409 3145 519 3198 Καὶ
547 3145 644 3215 τῆς
672 3144 922 3214 ἀνδρείας
954 3145 1156 3217 ταύτης
1200 3146 1498 3217 ὑπόδειγμα
1525 3145 1798 3211 λαϐόντες,
1827 3147 1915 3198 καὶ

2096 3141 2211 3198 Hoc
2241 3141 2578 3197 fortitudinis
2612 3140 2859 3209 exemplo
2890 3147 3126 3208 sumpto,
3158 3139 3385 3209 justitize
3421 3142 3587 3196 etiam

336 3239 436 3309 τῆς
490 3237 835 3310 δικαιοσύνης
893 3238 1197 3310 ληψόμεθα.
1259 3240 1425 3293 Ὅταν
1483 3238 1755 3311 ἀμύνηται
1818 3242 1915 3309 μὲν

338 3329 611 3401 ’Δϐραάμ,
642 3331 734 3384 καὶ
773 3333 1230 3404 ύπερμαχήσηται
1259 3332 1369 3386 τῶν
1391 3333 1779 3404 ἀδικουμένων,
1822 3332 1916 3386 καὶ

343 3422 614 3494 βοηθήσας
651 3424 859 3495 ἀκούσῃ
897 3425 1047 3498 παρά
1079 3426 1187 3480 τῶν
1220 3424 1720 3496 ἐλευθερωθέντων·
1770 3423 1916 3478 Λάϐε

340 3516 439 3587 τὴν
465 3515 630 3569 ἵππον
664 3518 758 3571 καὶ
783 3519 959 3572 πάντα
988 3519 1197 3591 σεαυτῷ
1216 3535 1231 3551 ·
1265 3519 1358 3572 καὶ
1384 3517 1555 3572 ταῦτα
1570 3517 1801 3582 ἀκούων,
1841 3517 1917 3589 μὴ

343 3607 478 3678 πρὸς
506 3607 596 3660 τὸν
628 3609 1007 3680 χρηματισμὸν
1042 3610 1275 3680 βλέπων,
1301 3609 1438 3663 ἀλλά
1456 3611 1593 3682 πρὸς
1620 3609 1679 3663 τὸ
1711 3608 1916 3662 δίκαιον

344 3697 603 3762 ἀτενίζων
623 3740 638 3763 ,
674 3702 767 3753 καὶ
801 3702 1218 3771 συγγινώσκων,
1260 3704 1341 3755 ὅτι
1368 3701 1576 3773 δωρεὰν
1609 3701 1789 3765 ἔλαϐε,
1826 3700 1918 3753 καὶ

344 3786 463 3850 πῶς
499 3788 743 3859 πωλῆσαι
768 3790 866 3862 τὴν
887 3790 1096 3863 δωρεὰν
1137 3792 1239 3844 οὐκ
1271 3791 1508 3859 ὀφείλει,
1548 3792 1628 3843 ὅτι
1674 3790 1918 3863 χάρισμα

344 3883 753 3953 πιπράσκεσθαι
776 3885 876 3938 οὐκ
898 3885 1150 3955 ἀνέχεται
1173 3903 1185 3918 ·
1206 3886 1288 3938 ὃτι
1313 3885 1486 3939 ἄδικοι
1513 3887 1559 3938 oi
1588 3885 1683 3948 τὰς
1712 3884 1917 3956 δωρεὰς

345 3974 721 4046 ἁποδεδομένοι
753 3977 921 4031 εἰσίν·
958 3978 1039 4030 ὅτι
1078 3978 1138 4030 οὐ
1185 3976 1407 4040 δικαίως
1437 3976 1506 4031 τὰ
1532 3975 1664 4029 ὥνια
1690 3976 1785 4028 καὶ
1821 3976 1919 4038 τὰς

345 4064 660 4137 εὐεργεσίας
682 4067 849 4121 πωλεῖ
868 4086 967 4132 τις.
1006 4068 1239 4140 Ἰμάτιον
1271 4069 1363 4122 καὶ
1382 4066 1661 4138 κειμήλιον
1686 4066 1771 4119 ἐπ’
1788 4067 1918 4134 ἀγο-

349 4159 445 4227 ρᾶς
486 4161 879 4232 πιπρασκέσθω
902 4179 915 4192 ·
951 4162 1192 4233 ἀπρατος
1224 4161 1280 4214 δὲ
1309 4163 1341 4232 ἡ
1385 4159 1668 4232 εὐεργεσία
1714 4158 1920 4228 μενέτω

343 4249 422 4322 τῷ
461 4253 822 4325 μεγαλοψύχῳ
864 4253 963 4323 τῆς
998 4252 1256 4317 διανοίας,
1307 4254 1537 4323 προῖκας
1567 4249 1645 4321 τῷ
1682 4248 1920 4321 δεομένῳ

345 4341 612 4415 διδομένη.
658 4346 767 4399 Καὶ
814 4344 1051 4399 τοιοῦτον
1086 4345 1207 4416 ἔχον
1249 4345 1348 4415 μὲν
1378 4345 1477 4416 τῆς
1521 4343 1755 4407 διανοίας
1799 4341 1921 4396 ὑπό-

345 4432 564 4505 δειγμα,
604 4437 685 4488 ὅτι
713 4435 813 4499 τὰς
839 4436 1045 4507 δωρεὰς
1072 4436 1166 4489 καὶ
1203 4435 1300 4498 τὰς
1320 4434 1638 4504 εὐεργεσίας
1681 4431 1915 4503 μεγάλου

346 4529 625 4600 χρήματος
654 4530 1058 4600 πιπράσκεσθαι
1080 4530 1138 4582 οὐ
1173 4528 1271 4591 δεῖ,
1309 4526 1445 4582 ἀλλά
1466 4530 1651 4599 τηρεῖν
1670 4526 1766 4597 τὴν
1787 4526 1917 4580 ἑκά-

348 4637 471 4673 στου
501 4621 685 4693 τιμὴν,
724 4621 797 4692 μὴ
820 4620 1365 4693 προδιαφθειρόμενον
1394 4623 1460 4691 τῇ
1494 4619 1635 4673 δόσει
1660 4619 1766 4671 τῶν
1781 4634 1917 4690 χρη-

348 4730 554 4783 ματων.

2016 3236 2322 3305 exemplum
2350 3247 2651 3288 sumamus.
2684 3230 2819 3285 Cum
2845 3230 3116 3284 Abraham
3148 3229 3347 3299 injuria
3364 3229 3587 3289 affectos

2018 3328 2293 3383 ulciscens
2322 3341 2421 3396 pro
2456 3326 2537 3381 eis
2565 3325 2942 3395 pugnavit,,et
2978 3337 3104 3376 cum
3154 3330 3278 3393 post
3320 3324 3586 3379 auxilium

2018 3421 2240 3475 allatum
2272 3418 2487 3474 audiret
2524 3433 2554 3471 a
2584 3416 2832 3473 liberatis
2867 3414 3102 3486 :Accipe
3144 3415 3243 3469 tibi
3285 3416 3588 3487 equitatum

2016 3521 2070 3569 et
2103 3513 2320 3577 omnia;
2361 3526 2471 3565 non
2517 3511 2572 3563 in
2607 3515 2874 3579 quaestum
2905 3509 3136 3578 aspexit,
3180 3508 3274 3563 sed
3315 3507 3583 3577 justitiam

2018 3604 2286 3672 attendit;
2325 3601 2601 3673 quomodo
2621 3601 2877 3655 conscius
2900 3615 2960 3655 se
2996 3599 3169 3671 gratis
3198 3601 3430 3672 cepisse,
3476 3616 3586 3654 non

2019 3697 2247 3753 debebat
2298 3695 2533 3751 vendere
2575 3694 2777 3748 donum
2813 3711 2824 3746 ε
2862 3693 2987 3762 quia
3038 3694 3214 3763 gratia
3285 3708 3399 3749 non
3422 3694 3435 3753 ξ’
3453 3694 3593 3763 pati-

2018 3799 2108 3842 tur
2169 3795 2228 3843 ut
2275 3786 2679 3852 venumdetur;
2733 3784 3002 3855 siquidem
3052 3783 3245 3855 injusti
3305 3792 3451 3849 sunt,
3493 3784 3588 3855 qui

2026 3882 2169 3936 dona
2209 3880 2481 3945 vendunt;
2512 3886 2567 3934 et
2600 3892 2707 3932 non
2737 3877 2886 3948 justc
2909 3878 3033 3948 quis
3062 3877 3275 3933 venalia
3321 3886 3375 3933 et
3425 3877 3591 3932 liene-

2022 3974 2144 4029 ﬁcia
2181 3972 2494 4028 venumdat.
2541 3970 2729 4028 Vestis
2788 3979 2845 4028 et
2904 3986 2993 4026 res
3047 3970 3283 4041 pretiosa
3326 3964 3592 4023 vendantur

2021 4067 2077 4122 in
2109 4065 2270 4121 foro:
2314 4064 2639 4120 beneﬁcium
2672 4079 2827 4127 vero,
2866 4079 2935 4118 ne
2983 4062 3248 4117 habeatur
3296 4061 3589 4127 vendibile,

2021 4159 2167 4228 quod
2206 4172 2405 4228 magno
2444 4155 2852 4228 animogratis
2917 4153 3179 4224 indigenti
3232 4151 3355 4205 dari
3408 4150 3589 4206 debet.

2022 4248 2152 4304 Tale
2190 4248 2497 4318 exemplum
2530 4247 2828 4310 habemus,
2866 4246 3010 4300 dona
3083 4253 3137 4299 et
3171 4230 3433 4298 beneﬁcia
3483 4257 3592 4294 non

2022 4350 2276 4411 oportere
2305 4341 2476 4396 multa
2502 4340 2731 4411 pecunia
2759 4338 3012 4403 vendere,
3038 4337 3132 4392 sed
3162 4351 3380 4392 servare
3400 4350 3599 4405 quem»—

2024 4449 2130 4503 que
2172 4433 2436 4488 honorem
2490 4445 2671 4498 suum,
2731 4437 2784 4484 et
2815 4444 2921 4484 non
2976 4430 3127 4500 prius
3186 4427 3413 4483 oecunia
3469 4440 3592 4480 cor-

2020 4526 2219 4596 rumpi.

1333 4826 1463 4881 CAP.
1508 4824 1595 4879 XI.
1641 4822 2037 4880 Concordantia
2058 4820 2185 4890 regis
2209 4827 2258 4873 et
2283 4817 2571 4888 Evangelii.

416 4944 527 4998 Καὶ
554 4943 722 4997 ταῦτα
753 4942 850 5013 μὲν
884 4943 1057 5011 οὐτως
1090 4943 1491 5008 ἐπεξελθόντες,
1521 4939 1926 4996 κατεσκευάσα-

353 5051 477 5105 μεν·
518 5036 601 5088 ὅτι
634 5034 812 5087 πάντα
838 5034 895 5087 ὲν
924 5035 1071 5106 νόμῳ
1100 5038 1299 5102 κεῖται,
1344 5035 1438 5088 καὶ
1468 5033 1665 5096 κακίας
1706 5031 1924 5103 ἀναίρε-

351 5145 458 5192 σις,
482 5128 575 5182 καὶ
606 5128 805 5199 ἀρετῆς
836 5128 1178 5199 ’κατόρθωσις
1196 5145 1210 5158 ·
1241 5129 1333 5182 καὶ
1380 5128 1583 5181 τούτων
1608 5126 1774 5179 ὄντων
1805 5127 1924 5179 ἱκα-

350 5219 455 5273 νῶν
492 5220 627 5291 πρὸς
650 5217 915 5290 ἐντροπὴν
944 5220 1038 5273 καὶ
1060 5219 1391 5290 δυσώπησιν,
1430 5220 1525 5273 καί
1556 5235 1616 5272 τε
1650 5217 1712 5271 τὸ
1738 5218 1921 5289 ὅμοιον

351 5309 700 5380 ἀποδίδομεν·
740 5311 789 5362 εί
826 5310 934 5380 γὰρ
980 5310 1144 5381 μηδὲν
1192 5308 1337 5382 εἶχεν
1374 5313 1403 5364 ὁ
1454 5311 1615 5381 νόμος
1665 5309 1777 5361 ῖσον
1826 5305 1920 5361 τοῦ

352 5401 709 5470 Εὐαγγελίου,
736 5402 830 5455 τοῦ
877 5402 1131 5472 ἀνομοίου
1178 5405 1210 5473 ἡ
1268 5401 1569 5474 κατηγορία
1621 5396 1720 5472 ἦν·
1772 5400 1820 5451 εί
1864 5399 1921 5453 δὲ

352 5493 604 5564 ὁμοιότης
648 5495 793 5560 ἐστὶ,
831 5494 882 5549 τί
919 5494 1010 5547 ἐπὶ
1042 5495 1137 5564 τῆς
1162 5495 1475 5566 ὁμοιότητος
1518 5490 1881 5563 διαφερόμεθα
1906 5531 1920 5555 ,

355 5583 452 5655 τῆς
492 5585 805 5657 ὁμοιότητος
833 5585 1180 5658 διαφέρεσθαι
1229 5586 1309 5659 μὴ,
1342 5585 1705 5657 ἀνεχομένης;
1746 5585 1852 5654 Boii
1892 5583 1920 5635 ὁ

2101 4934 2276 5005 Atque
2322 4935 2437 4990 haec
2477 4932 2699 5003 quioem
2752 4938 3017 4986 hactenus
3064 4926 3360 4999 persecuti,
3393 4924 3592 4996 proba~

2027 5029 2206 5084 vimus
2238 5036 2529 5097 utrumque
2557 5040 2681 5081 esse
2716 5024 2770 5078 in
2826 5024 2967 5094 lege,
3010 5029 3065 5076 et
3100 5020 3215 5074 vitii
3244 5016 3593 5089 exstirpatio-

2027 5136 2170 5185 nem,
2210 5126 2266 5174 et
2292 5117 2510 5174 virtutis
2548 5114 2784 5170 cilicium
2812 5122 2974 5184 atque
2999 5110 3439 5166 exercitationem
3469 5123 3484 5172 ;
3512 5114 3594 5159 at-

2026 5226 2134 5280 que
2179 5210 2293 5264 haec
2351 5208 2569 5279 quidem
2629 5206 2765 5262 satis
2820 5219 2962 5269 esse,
3000 5212 3061 5258 ut
3112 5201 3202 5256 isti
3245 5199 3589 5254 erubescant.

2027 5304 2247 5374 Aliquid
2297 5302 2475 5358 simile
2505 5302 2785 5357 reddimus
2828 5298 2884 5353 in
2936 5293 3229 5365 Evangelio
3261 5298 3315 5347 et
3353 5290 3490 5360 lege.
3536 5286 3592 5342 Si

2028 5396 2173 5450 enim
2225 5401 2411 5449 essent
2458 5391 2770 5461 Evangelia,
2815 5396 2872 5445 et
2896 5394 3042 5445 esset
3082 5387 3188 5447 lex,
3251 5390 3307 5439 et
3336 5380 3472 5436 nihil
3508 5380 3593 5435 hex

2031 5488 2253 5541 haberet
2288 5485 2493 5556 aequale
2538 5483 2854 5554 Evangelia,
2910 5478 3128 5534 crimini
3159 5476 3382 5531 daretur
3426 5470 3594 5527 (Ιίεεί-

2029 5579 2300 5634 militudo.
2340 5577 2437 5633 Sin
2470 5588 2648 5633 autem
2684 5573 2989 5631 similitudo
3016 5569 3269 5641 est,quid
3301 5567 3367 5622 de
3398 5562 3594 5621 simiii-

423 5742 538 5815 (59)
585 5742 954 5810 τραχύτητος
985 5740 1149 5812 ἐγῑιλ.
1194 5738 1399 5794 Duritia
1431 5740 1572 5795 enim
1615 5738 1825 5809 stupori
1860 5737 1915 5793 si}

2018 5751 2054 5792 IS
2088 5733 2404 5807 patientiam
2447 5708 2709 5786 imitatur.
2746 5726 2914 5782 Tum.
