4116 6332
540 281 679 339 1259

1564 348 1569 353 η
1654 279 1786 335 TITI
1828 274 2255 335 BOSTRENSIS
2295 277 2597 335 EPISCOPI

3642 270 3791 326 1250

537 393 730 450 tudine
766 391 1179 453 contendimus.
1214 406 1337 446 eum
1372 393 1676 449 similitudo
1723 410 1834 449 non
1870 397 2107 465 patiatur

2209 395 2493 466 χαρακτὴρ
2521 394 2619 465 τὴν
2657 393 3003 462 συγγένειανο
3039 388 3072 460 ἡ
3097 388 3348 459 ὁμοιότης
3378 386 3472 456 τὴν
3497 383 3797 453 ἀδελφότη-

542 493 601 542 ut
626 485 1002 543 controversia
1032 483 1128 539 sit?
1148 482 1456 538 Proelamat
1484 486 1863 553 cognationem
1896 488 2101 559 stylus:

541 574 844 632 similitudo
868 574 1278 650 germanitatem
1318 574 1615 644 signiﬁcat.
1660 575 1739 630 Ad
1773 591 1933 630 unam
1979 592 2145 657 eau-.

539 683 657 723 sam
701 666 932 721 aliorum
980 666 1246 730 omnium,
1293 664 1507 721 Patrem
1556 675 1736 723 autem
1784 668 2104 733 Salvatoris,

536 758 625 812 lex
658 766 713 812 et
746 755 1039 825 Evangelia
1068 756 1273 811 ducunt
1298 765 1554 812 mentem.
1586 757 1692 813 Lex
1726 759 1863 814 dixit
1897 776 1909 811 :
1947 761 2105 826 Audi,

537 848 734 911 Israel,
763 848 1022 903 Dominus
1049 846 1187 903 Deus
1211 858 1330 902 tuus
1354 847 1612 903 Dominus
1626 867 1762 904 unus
1784 850 1929 905 est".
1964 852 2107 907 Dixit

536 941 887 1009 Evangelium
911 960 923 993 :
949 937 1118 993 Nemo
1140 939 1327 1004 bonus,
1361 940 1464 993 nisi
1486 956 1620 994 unus
1648 939 1859 995 Deus".
1894 942 2109 995 Clama-

533 1034 612 1089 vit
638 1033 921 1103 apostolus
949 1030 1151 1085 Paulus
1180 1050 1193 1087 :
1222 1029 1370 1085 Unus
1400 1031 1558 1098 Deus,
1589 1047 1655 1086 ea:
1680 1049 1782 1102 quo
1821 1035 1998 1087 omnia
2016 1035 2062 1066 "
2089 1051 2101 1086 :

533 1140 601 1180 ex
629 1125 744 1196 lege
768 1131 821 1179 et
860 1139 926 1178 ex
956 1123 1238 1178 Salvatorc
1267 1132 1430 1191 atque
1455 1139 1520 1177 ex
1550 1122 1720 1179 Paulo
1750 1128 2003 1198 cognitus
2024 1135 2107 1182 est

533 1213 808 1285 ingenitus
838 1224 890 1269 et
924 1215 1044 1269 sine
1078 1212 1262 1268 Patre.
1304 1212 1533 1269 Genitus
1590 1231 1718 1270 vero
1743 1231 1806 1271 ex
1863 1217 2006 1279 sinu,
2055 1226 2109 1270 et

534 1301 706 1359 Filius
734 1304 855 1373 ejus
883 1304 975 1373 qui
1007 1303 1213 1373 genuit.
1254 1300 1467 1358 Rursus
1502 1301 1591 1357 hic
1641 1300 1939 1374 Scriptura:
1975 1320 2109 1359 con-

534 1395 799 1451 sentiunt.
828 1393 938 1450 Lex
955 1395 1032 1448 ait
1059 1414 1072 1449 :
1108 1392 1191 1447 Ex
1212 1402 1358 1448 utero
1386 1403 1507 1448 ante
1525 1394 1801 1465 luciferum
1825 1397 2107 1466 genuite”;

534 1486 885 1558 Evangelium
914 1502 1043 1543 vero
1075 1502 1088 1539 :
1120 1485 1431 1557 Unigenitus
1463 1486 1513 1540 F
1516 1488 1642 1542 ilius
1672 1486 1812 1543 Deus
1845 1489 1934 1559 qui
1958 1498 2035 1543 est
2055 1490 2110 1542 in

533 1580 655 1635 sinu
682 1577 885 1646 Patris,
940 1581 1030 1636 ille
1066 1584 1406 1638 enarravit".
1456 1582 1648 1639 Sinum
1688 1583 1821 1639 dicit
1869 1583 2110 1655 Evange-

2205 504 2274 542 τα
2301 488 2575 559 σημαίνει.
2619 486 2762 557 Πρὸς
2798 485 2893 538 ἕνα
2936 483 3046 536 τῶν
3088 480 3262 536 ἄλλων
3300 478 3555 532 ἁπάντων
3591 477 3794 539 αἴτιον,

2207 580 2424 651 Πατέρα
2440 580 2495 632 δὲ
2517 579 2611 632 τοῦ
2637 578 2907 648 Σωτῆρος,
2944 574 3229 644 ὲφέλκουσι
3270 572 3368 642 τὴν
3405 570 3665 623 διάνοιαν.
3701 561 3799 619 Εἷ-

2208 690 2308 725 πεν
2342 675 2371 727 ό
2397 672 2558 741 νόμος
2578 688 2591 700 ο
2630 672 2866 730 Ἀκουε,
2889 665 3167 736 Ἰσραήλ·
3201 665 3413 731 Κύριος
3439 665 3471 715 ό
3500 661 3647 725 Θεὸς
3672 675 3797 712 σου

2207 766 2419 831 Κύριος
2446 758 2533 828 εἷς
2554 762 2742 818 ἐστιν.
2769 755 2903 813 Εῐπε
2924 757 2985 810 τδ
3005 756 3332 823 Εὑαγγέλιον
3351 770 3365 783 ·
3402 750 3612 816 Οὐδεὶς
3642 750 3796 818 ἀγα-

2208 855 2313 921 θὸς
2343 857 2395 907 εὶ
2416 854 2501 923 μὴ
2527 847 2616 919 εἷς
2643 854 2676 906 ό
2708 851 2873 915 Θεός.
2902 848 3157 918 Ἐϐόησεν
3184 847 3212 898 ὁ
3233 845 3441 907 Παῦλος
3460 860 3474 873 ’
3495 838 3601 907 Εἷς
3621 841 3795 906 Θεὸς,

2206 947 2276 1011 ἐξ
2307 943 2379 1002 οὗ
2408 946 2479 1001 τὰ
2512 944 2734 1000 πάντα*
2772 943 2866 996 καὶ
2886 940 3133 1011 νενόηται
3161 942 3190 993 ὁ
3210 937 3501 1007 ἀγέννητος
3527 935 3620 987 καὶ
3650 932 3801 987 ἀπα-

2208 1055 2321 1110 τωρ
2354 1040 2419 1092 ὲκ
2442 1038 2605 1108 νόμου
2637 1036 2731 1090 καὶ
2759 1034 3013 1106 Σωτῆρος
3047 1033 3140 1086 καὶ
3163 1031 3256 1085 τοῦ
3287 1027 3631 1082 Ἀποστόλου.
3658 1027 3798 1080 Γέν-

2210 1145 2274 1198 νη
2284 1145 2357 1198 μα
2384 1123 2527 1199 δὲῆν
2548 1126 2641 1181 καὶ
2660 1127 2907 1197 γέννημα
2931 1126 2994 1177 ἐκ
3022 1124 3258 1183 κόλπων,
3291 1121 3387 1174 καὶ
3417 1120 3547 1183 Υίδς
3567 1117 3668 1171 τοῦ
3696 1134 3796 1185 γε-

2210 1222 2550 1292 γεννηκότος.
2606 1221 2716 1274 Καὶ
2762 1216 2975 1288 συνῳδὰ
3021 1215 3180 1271 πάλιν
3223 1214 3291 1268 τὰ
3330 1214 3654 1285 γράμματα.
3696 1210 3799 1265 Ἐκ

2211 1310 2471 1381 γαστρὸς
2527 1310 2639 1378 πρὸ
2694 1310 3004 1378 ἑωσφόρον
3058 1303 3363 1376 ἐγέννησά
3406 1321 3498 1369 σε,
3549 1303 3578 1355 ό
3624 1302 3796 1373 νόμος

2210 1402 2378 1471 λέγει.
2414 1404 2479 1455 '0
2506 1400 2844 1472 μονογενὴς
2870 1399 3000 1465 Υἱὸς
3037 1398 3202 1463 Θεὸς,
3238 1400 3271 1450 d
3300 1396 3385 1449 ὢν
3415 1398 3502 1461 εις
3521 1394 3629 1448 τόν
3649 1394 3801 1448 κόλ-

2213 1508 2329 1545 πον⁹
2357 1491 2465 1546 τοῦ
2492 1489 2742 1559 Πατρός,
2776 1489 3005 1555 ἐκεῖνος
3036 1486 3394 1556 ἐξηγήσατο,
3429 1485 3499 1539 τὰ
3544 1484 3801 1554 Euant-

2212 1582 2301 1637 λια
2338 1580 2674 1654 διηγοῦνται.
2724 1580 2937 1643 Κόλπος
2984 1580 3092 1634 ἀπὸ
3138 1579 3247 1633 τῶν
3300 1578 3641 1647 Εὐαγγελίων
3695 1578 3799 1632 καὶ

534 1668 689 1729 lium.
718 1678 773 1725 et
806 1679 1020 1726 uterum
1052 1672 1134 1727 lex
1170 1691 1183 1726 :
1222 1680 1276 1729 et
1319 1671 1495 1730 Filius
1525 1674 1800 1746 legitimus
1833 1675 2027 1731 similis
2057 1676 2105 1729 ei

2212 1675 2427 1746 γαστὴρ
2453 1674 2561 1727 ἀπὸ
2586 1672 2679 1727 τοῦ
2712 1673 2877 1743 νόμου
2922 1671 3237 1742 λελάληται·
3289 1671 3384 1724 καὶ
3416 1670 3543 1733 Υἱὸς
3567 1673 3798 1743 γνήσιος

482 1802 485 1805 -
533 1763 626 1833 qui
659 1778 724 1819 ex
767 1772 926 1818 utero
950 1773 1003 1819 et
1035 1766 1158 1821 sinu
1200 1767 1387 1836 genuit
1425 1766 1799 1822 denuntiatur.
1842 1768 1916 1822 Ac
1951 1769 2104 1823 testi-

2209 1740 2496 1837 btmtoe'tq)
2544 1740 2896 1836 γεγεννηκότι
2928 1766 2991 1817 ὲκ
3020 1740 3252 1836 γαστρὸς
3281 1763 3376 1815 καὶ
3419 1761 3634 1815 κόλπων
3660 1740 3796 1815 κατι

533 1853 778 1907 monium
810 1853 1030 1924 quidem
1068 1856 1318 1926 perbibet
1361 1872 1466 1912 vox
1505 1857 1779 1929 Evangelii
1823 1876 1837 1911 :
1877 1857 1980 1911 Hic
2027 1869 2105 1912 est

2209 1858 2552 1928 αγγέλλεται.
2600 1857 2708 1911 Kal.
2749 1859 3017 1928 μαρτυρεί
3052 1856 3206 1928 μὲνὴ
3235 1855 3328 1908 τοῦ
3364 1856 3570 1927 Κυρίου
3600 1856 3751 1927 φωνή
3774 1872 3791 1884 ·

533 1942 711 1999 Filius
738 1962 881 2000 meus
908 1947 1155 2007 dilectus.
1190 1949 1247 2003 in
1282 1965 1381 2021 quo
1412 1948 1541 2003 mihi
1570 1949 1693 2005 bene
1720 1951 2012 2020 complacui
2037 1952 2102 2004 τ’.

533 2035 794 2093 Testatur
825 2041 988 2093 etiam
1027 2038 1198 2094 David
1229 2041 1283 2096 in
1337 2043 1548 2113 psalmo
1582 2062 1597 2098 :
1632 2041 1809 2098 Filius
1858 2060 2001 2098 meus
2051 2059 2106 2098 es

534 2140 631 2189 tu:
660 2145 751 2197 ego
780 2129 934 2185 hodie
954 2134 1106 2201 genui
1139 2141 1189 2186 te
1223 2132 1294 2188 ⁸ο.
1336 2131 1450 2187 Una
1478 2149 1580 2188 vox
1613 2141 1667 2189 et
1697 2143 1849 2199 tunc,
1875 2145 1927 2190 et
1960 2151 2108 2190 nunc

532 2219 699 2276 missa
729 2228 814 2276 est
844 2241 857 2276 :
887 2229 941 2276 et
971 2237 1135 2285 unus,
1169 2223 1261 2292 qui
1293 2224 1464 2290 misit,
1500 2226 1718 2282 locutus
1733 2227 1957 2296 quidem
1979 2236 2109 2282 tunc

531 2319 649 2379 est;
678 2327 823 2366 nunc
862 2322 1043 2369 autem
1080 2314 1367 2369 nobiscum
1391 2318 1815 2383 sermocinatus,
1849 2334 1955 2371 non
1988 2334 2109 2372 mu-

531 2408 704 2465 tatur,
728 2403 824 2472 qui
856 2413 985 2458 tunc
1041 2404 1283 2461 loeutus.
1337 2404 1443 2472 Qui
1500 2407 1643 2461 enim
1703 2423 1827 2464 sero
1887 2408 2108 2463 tandem

529 2490 673 2545 hanc
704 2506 894 2547 vocem
928 2492 1099 2557 misit,
1130 2493 1242 2563 jam
1290 2502 1417 2551 ante
1452 2497 1507 2550 in
1534 2495 1769 2553 Psalmis
1815 2512 1932 2553 eam
1972 2514 2112 2569 prae-

530 2583 821 2639 nuntiasse
889 2585 1163 2655 reperitur
1213 2605 1226 2641 :
1271 2585 1483 2657 fuitque
1547 2588 1689 2644 facta
1761 2589 2110 2646 denuntiatio

530 2674 744 2731 sanctis
774 2677 1010 2746 angelis,
1036 2683 1097 2732 ut
1123 2678 1459 2735 inservirent
1483 2678 1646 2746 Filio,
1696 2688 1750 2736 et
1788 2681 2109 2753 religionem

536 2764 905 2823 venerationis
966 2775 1133 2838 atque
1194 2767 1571 2824 adorationem
1636 2770 1687 2825 ei
1748 2770 2109 2839 adhiberent;

531 2858 798 2930 scriptum
849 2870 935 2918 est
960 2864 1104 2918 enim
1142 2883 1153 2918 :
1191 2864 1259 2917 Et
1302 2863 1522 2920 adorent
1559 2881 1678 2919 eum
1724 2883 1901 2923 omnes
1941 2870 2115 2939 angeli

525 2947 629 3004 Dei
645 2950 712 3006 ⁸⁸.
744 2950 1090 3022 Astipulatus
1131 2961 1215 3010 est
1254 2955 1383 3010 huic
1423 2954 1830 3012 denuntiationi
1883 2958 2109 3038 Paulus,

528 3043 641 3100 imo
673 3044 815 3101 hanc
837 3054 1101 3102 retractat
1130 3057 1187 3103 et
1212 3050 1606 3121 interpretatur
1637 3069 1653 3120 ;
1692 3052 2007 3125 studetque,
2045 3066 2105 3111 ut
2135 3079 2179 3141 ο

529 3137 605 3193 sit
642 3138 912 3210 interpres
975 3142 1096 3211 ejus
1154 3143 1299 3215 quod
1366 3146 1521 3217 prius
1568 3147 1796 3213 dictum,
1838 3157 1892 3205 et
1954 3152 2107 3223 prius

530 3232 795 3304 scriptum
830 3243 915 3290 est
947 3253 959 3289 :
1010 3235 1142 3291 Cum
1177 3239 1314 3291 enim
1374 3238 1663 3294 introducit
1700 3226 2105 3312 primogenitum

529 3327 583 3379 in
618 3326 792 3380 orbem
826 3337 1002 3393 terrae,
1032 3328 1162 3383 dicit
1195 3346 1213 3384 :
1252 3329 1320 3383 Et
1352 3331 1573 3386 adorent
1629 3350 1745 3387 eum
1788 3351 1964 3390 omnes
2005 3353 2105 3390 an-

530 3415 631 3485 geli
660 3415 759 3470 Dei
784 3416 851 3473 ⁸³.
883 3415 1218 3489 Videbisque
1248 3419 1571 3490 Apostolum
1606 3422 1884 3479 studuisse
1919 3432 1978 3478 ut
2010 3441 2104 3481 ve-

530 3516 647 3563 tera
676 3508 1147 3579 interpretaretur,
1176 3519 1229 3566 et
1258 3527 1367 3566 non
1417 3514 1721 3581 neglexisse
1747 3514 1882 3585 legis
1920 3518 2105 3587 expla-

530 3598 828 3655 nationem.
861 3601 1169 3672 Aliquando
1225 3603 1371 3658 enim
1419 3603 1554 3659 dicit
1593 3622 1606 3659 :
1640 3602 1834 3659 Omnia
1884 3604 2105 3675 subjecit

532 3687 627 3743 sub
660 3690 899 3759 pedibus,
924 3701 977 3746 et
1006 3694 1186 3747 statim
1219 3702 1440 3751 enarrat
1476 3696 1730 3767 inquiens
1767 3716 1779 3751 :
1814 3695 1947 3753 Cum
2007 3716 2104 3752 au-

534 3792 635 3836 tem
666 3782 832 3850 dicat,
870 3784 1063 3840 Omnia
1094 3786 1331 3856 subjecta
1354 3797 1478 3842 sunt
1505 3788 1572 3848 ei,
1622 3789 1735 3843 sine
1771 3790 1931 3844 dubio
1966 3807 2102 3860 pra:-

535 3884 614 3931 ter
629 3891 747 3929 eum
770 3878 858 3947 qui
886 3878 1106 3949 subjecit
1130 3881 1178 3932 ei
1206 3881 1384 3935 omnia
1404 3897 1422 3934 :
1442 3881 1571 3934 nihil
1594 3882 1804 3952 reliquit
1838 3899 1939 3936 non
1977 3884 2100 3937 sub-

532 3965 725 4032 iectum
760 3967 843 4021 illi
873 3977 970 4022 :ut
997 3971 1065 4023 sit
1099 3968 1238 4023 Deus
1269 3971 1448 4023 omnia
1479 3972 1789 4025 inomnibus
1810 3972 1874 4024 ⁸³.
1912 3971 2097 4039 Quan-

531 4056 712 4127 doque
756 4058 892 4113 dicit
937 4079 950 4113 :
994 4059 1216 4129 Propter
1252 4060 1346 4115 hoc
1390 4062 1645 4132 relinquet
1701 4062 1854 4116 homo
1898 4073 2100 4130 patrem

530 4159 579 4203 et
631 4162 855 4206 matrem
912 4162 1345 4207 :sacrameutum
1390 4154 1485 4208 hoc
1548 4171 1793 4224 magnum
1837 4165 1953 4219 est;
2009 4173 2101 4226 ego

530 4252 707 4297 autem
737 4243 855 4297 dico
877 4244 931 4296 in
957 4242 1228 4298 Christum
1270 4246 1398 4299 etin
1440 4243 1799 4301 Ecclesium“.

2212 1947 2402 2016 Οὗτός
2432 1952 2602 2004 ἐστιν
2639 1954 2672 2005 ό
2712 1951 2842 2015 Υἱός
2865 1967 2984 2019 μου
3016 1953 3050 2005 ὀ
3070 1950 3410 2022 μονογενὴς
3435 1950 3533 2006 καί
3557 1953 3793 2022 ἀγαπη-

2209 2041 2330 2107 τὸς,
2361 2042 2430 2095 ἐν
2458 2034 2504 2107 ᾦ
2530 2041 2644 2112 ἐγὼ
2678 2041 3002 2109 εὐδόκησα.
3050 2043 3336 2113 Μαρτυρεῖ
3374 2039 3430 2094 δὲ
3468 2042 3564 2095 καὶ
3599 2043 3629 2094 ὁ
3655 2041 3794 2112 ψαλ-

2213 2133 2384 2204 μῳδός
2403 2149 2416 2163 ·
2449 2134 2579 2198 Υἱός
2614 2150 2732 2203 μου
2759 2130 2817 2187 εἷ
2846 2135 2927 2187 σύ
2947 2150 2961 2163 θ
3005 2131 3119 2203 ἐγὼ
3151 2131 3417 2201 σήμερον
3463 2130 3794 2203 γεγέννηκό

2210 2243 2301 2279 σε.
2335 2225 2444 2280 Καὶ
2492 2226 2590 2296 μία
2629 2227 2779 2297 φωνὴ
2813 2227 2905 2279 καὶ
2931 2225 3052 2279 τότε
3086 2224 3181 2279 καὶ
3222 2225 3317 2279 νῦν
3347 2224 3790 2297 προσενεχθεῖσα,

2211 2321 2304 2374 καὶ
2338 2316 2415 2384 εἷς
2440 2319 2678 2390 λαλήσας
2694 2336 2707 2349 ·
2734 2318 3103 2390 φθεγξάμενος
3132 2319 3229 2389 μὲν
3248 2318 3389 2381 τότε,
3424 2318 3550 2389 ἄρτι
3571 2316 3629 2370 δὲ
3653 2316 3795 2387 ὡμι-

2210 2406 2423 2480 ληκώς·
2454 2409 2548 2462 καὶ
2578 2409 2676 2462 οὐκ
2722 2408 3096 2463 ὲναλλάττεται
3149 2409 3177 2461 ό
3222 2407 3491 2483 εἰρηκώς·
3542 2407 3640 2477 ὀψὲ
3680 2406 3793 2479 γᾶρ

2213 2515 2341 2551 ποτε
2363 2497 2459 2570 τὴν
2491 2496 2742 2568 τοιαύτην
2769 2498 2926 2567 ἀφεὶς
2954 2498 3167 2570 φωνὴν,
3196 2498 3295 2570 ἢδη
3326 2496 3649 2569 προφθάσας
3696 2496 3790 2550 καὶ

2213 2588 2556 2660 προειρηκὼς
2593 2592 2650 2643 ὲν
2694 2592 2806 2653 τοῖς
2864 2589 3114 2660 Ψαλμοῖς
3163 2590 3477 2661 εὑρίσκετο·
3514 2589 3609 2641 καὶ
3641 2603 3787 2659 παρ-

2214 2680 2444 2749 αγγελία
2485 2682 2586 2751 μὲν
2636 2679 2743 2734 ἀπὸ
2771 2680 2863 2733 τοῦ
2900 2680 3113 2751 Πατρὸς
3141 2681 3277 2751 πρὸς
3310 2679 3411 2743 τὰς
3451 2679 3602 2743 θείας
3629 2678 3791 2733 δυνά-

2217 2790 2338 2844 μεις
2366 2774 2653 2845 ὑπηρετεῖν
2680 2771 2759 2843 τῷ
2787 2771 2921 2843 Υίῷ,
2963 2773 3055 2826 καὶ
3083 2773 3144 2825 τὸ
3181 2771 3340 2835 σέϐας
3378 2773 3472 2825 καὶ⁴
3509 2772 3607 2841 τὴν
3628 2788 3788 2842 προσ·

2215 2865 2437 2936 κύνησιν
2506 2864 2656 2935 αὐτῷ
2726 2864 3063 2919 ἀποδιδόναισ
3124 2865 3430 2936 γέγραπται
3485 2863 3611 2935 γάρ·
3671 2863 3781 2919 Kal

2216 2958 2813 3028 προσκυνησάτωσαν
2855 2955 3015 3023 αὐτῷ
3053 2956 3276 3024 πάντες
3321 2956 3561 3027 ἄγγελοι
3612 2954 3777 3010 Θεοῦ.

2216 3050 2609 3123 Συγκεχὼρηκε
2650 3049 2707 3103 δὲ
2734 3053 2799 3121 τῇ
2854 3047 3197 3122 παραγγελία
3244 3049 3273 3102 ὁ
3304 3047 3534 3114 Παῦλος,
3589 3047 3787 3118 μᾶλλον

2212 3141 2268 3195 δὲ
2296 3141 2499 3212 ταύτην
2527 3139 2947 3213 ὲπεξεργάξεται
2978 3141 3072 3194 καὶ
3101 3139 3465 3213 διερμηνεόει,
3493 3141 3590 3194 καὶ
3622 3156 3787 3193 σπου-

2212 3233 2360 3298 δάζει
2403 3235 2496 3289 τοῦ
2545 3234 2941 3310 προειρημένου
2983 3233 3077 3287 καὶ
3118 3233 3612 3306 προγεγραμμένου
3639 3233 3787 3301 γίνε-

2214 3326 2335 3380 σθαι
2363 3326 2630 3398 ἑρμηνεύς
2650 3343 2663 3356 ·
2697 3325 2879 3382 Ὅταν
2899 3323 3008 3395 γὰρ
3035 3325 3247 3394 εἰσάγῃ
3276 3325 3383 3378 τὸν
3410 3324 3787 3393 πρωτότοκον·

2210 3420 2296 3485 εὶς
2329 3419 2442 3487 τὴν
2477 3418 2854 3488 οἰκουμένην,
2893 3419 3089 3489 λέγει-
3129 3417 3239 3473 Καὶ
3283 3415 3788 3485 προσκυνησάτω-

2211 3527 2331 3568 σαν
2357 3511 2515 3577 αὐτῷ
2544 3511 2764 3577 πάντες
2778 3510 3014 3581 ἄγγελοι
3033 3511 3199 3564 Θεοῦ.
3231 3510 3342 3563 Καὶ
3366 3508 3485 3579 ὄψει
3513 3508 3601 3561 τὸν
3622 3507 3788 3561 Ἀπό-

2214 3605 2394 3661 στολον
2415 3604 2782 3657 ἐσπουδακότα
2804 3602 3125 3673 ἑρμηνεύειν
3140 3601 3206 3654 τὰ
3232 3598 3453 3663 παλαιὰ,
3480 3596 3787 3668 διηγεῖσθαι

2208 3699 2276 3753 τὰ
2306 3702 2361 3752 ὲν
2398 3697 2475 3768 τῷ
2511 3698 2659 3768 νόμῳ
2693 3696 2768 3769 μὴ
2802 3694 3137 3767 ἀμελοῦντα·
3169 3694 3304 3748 ἀλλὰ
3329 3693 3458 3747 ποτὲ
3482 3692 3582 3764 μὲν
3601 3692 3786 3761 λέγον-

2209 3809 2304 3845 τα·
2353 3789 2666 3855 Ὑπέταξεν
2692 3789 2801 3861 (60)
2832 3787 3109 3844 ὑποκάτω
3156 3787 3273 3841 τῶν
3317 3784 3517 3841 ποδῶν
3549 3784 3741 3840 αὐτοῦ
3764 3800 3782 3816 ’

2203 3885 2363 3948 εὐθὺς
2383 3885 2438 3937 δὲ
2466 3882 2895 3955 ὲπεξηγοὺμενον
2912 3898 2926 3912 ·
2963 3883 3146 3935 ’Ὅταν
3173 3881 3241 3934 δὲ
3263 3880 3425 3948 εἴπῃ,
3448 3879 3538 3933 ὅτι
3582 3878 3784 3931 Πάντα

2201 3976 2615 4037 ὑποτέτακται,
2649 3971 2857 4042 δῆλον,
2889 3972 2976 4026 ὅτι
3008 3971 3181 4037 ἐκτὸς
3216 3970 3322 4025 τοῦ
3366 3967 3782 4033 ὑποτάξαντος

2202 4067 2361 4133 αὐτῷ
2390 4067 2459 4120 τὰ
2489 4065 2700 4119 πάν-ται
2717 4062 2898 4118 οὐδὲν·
2910 4060 3313 4133 ἀρῆκεναὺτῷ
3338 4061 3777 4120 ἀνυπότακτον,

2203 4159 2305 4210 ἵνα
2335 4153 2376 4229 ᾖ
2413 4161 2445 4211 ὁ
2480 4156 2623 4222 Θεὸς
2649 4157 2721 4211 τὰ
2747 4156 2943 4209 πάντα
2964 4156 3033 4209 ἐν
3059 4154 3208 4210 πᾶσι
3227 4172 3242 4184 ⁸
3278 4154 3407 4207 ποτὲ
3433 4152 3490 4205 δὲ
3518 4150 3776 4220 λέγοντα·

2206 4252 2456 4305 Ἕνεκεν
2491 4251 2703 4302 τούτου
2730 4249 3075 4316 καταλείψει
3105 4247 3411 4315 ἅνθρωπος
3450 4243 3558 4297 τὸν
3604 4239 3779 4295 πατέ-

523 4353 606 4405 ρα
641 4338 828 4393 αὑτοῦ
868 4340 966 4393 καὶ
1038 4339 1152 4409 τὴν
1178 4342 1433 4411 μητέραο
1482 4344 1547 4395 τὸ
1585 4342 1921 4411 μυστήριον
1970 4343 2145 4398 τοῦτο
2195 4346 2349 4415 μέγα
2379 4346 2587 4399 ἐστίν·
2630 4343 2744 4413 ἐγὼ
2789 4342 2856 4396 δὲ
2898 4342 3071 4409 λέγω,
3126 4344 3214 4407 εἰς
3260 4337 3520 4409 Χριστὸν
3555 4336 3657 4390 καὶ
3694 4336 3778 4398 εις

530 4430 644 4502 τὴν
684 4434 1069 4503 Ἐκκλησίαν.

1466 4554 1600 4609 αλιι.
1639 4553 1755 4610 XII.
1792 4555 1993 4612 Veteris
2025 4558 2153 4628 legis
2183 4558 2508 4626 interpretes.
2551 4564 2793 4624 apostoli.

599 4673 783 4743 Atque
832 4674 1065 4743 apostoli
1097 4673 1316 4743 quidem
1354 4673 1680 4745 interpretes
1717 4684 1846 4730 sunt
1897 4677 2099 4731 veteris

2274 4676 2382 4729 Καὶ
2417 4676 2672 4746 ἑρμηνεῖς
2703 4674 2798 4743 μὲν
2822 4672 2871 4726 οἱ
2893 4669 3175 4725 ἀπόστολοι
3197 4670 3303 4723 τῶν
3330 4668 3576 4723 παλαιῶν
3596 4686 3610 4699 ·
3640 4670 3775 4739 σύμ-

528 4765 686 4835 legis.
710 4773 1127 4835 consonantque
1157 4773 1340 4820 vetera
1372 4767 1549 4822 novis.
1576 4766 1644 4820 At
1679 4781 1830 4830 vero,
1854 4766 1946 4837 qui
1972 4776 2102 4823 sunt

527 4872 637 4912 non
682 4858 950 4928 apostoli,
987 4866 1253 4912 accusant
1297 4868 1520 4923 vetera;
1574 4858 1665 4928 qui
1706 4857 1925 4929 quidem
1973 4875 2099 4913 cum

528 4962 638 5002 non
674 4947 882 5003 faciunt
926 4950 1071 5019 quod
1112 4950 1367 5020 apostoli,
1400 4950 1494 5005 sed
1531 4951 1714 5020 potius
1747 4966 1871 5004 cum
1907 4965 2099 5006 eorum

530 5040 737 5111 scripto
781 5052 1069 5111 pugnant,
1112 5042 1451 5096 mentiuntur
1506 5043 1906 5111 apostolalum,
1970 5043 2099 5099 facti

528 5132 1038 5203 pseudoprOphetac.
1076 5132 1473 5203 Evplanatores
1503 5135 1650 5188 enim
1693 5137 1962 5200 veritatis,
2001 5136 2094 5206 qui

531 5231 700 5293 legem
726 5224 1157 5287 honoraverunt,
1190 5225 1353 5281 iidem
1379 5225 1550 5297 legem
1586 5239 1961 5295 exposuerunt
1992 5247 2003 5281 :
2037 5228 2092 5282 bi

597 5377 645 5409 "
687 5376 842 5435 Deut.
879 5396 969 5444 νι,
1007 5380 1058 5433 4.
1135 5380 1182 5411 ’⁵
1224 5378 1390 5434 Marc.
1430 5396 1493 5442 ν,
1535 5380 1619 5437 18.
1698 5381 1745 5411 ⁷⁸
1785 5381 1961 5436 lCor.
1999 5398 2094 5437 νιιι

2209 5422 2220 5435 .
2298 5384 2341 5415 ’⁷
2382 5382 2527 5438 Psal.
2560 5398 2679 5446 clx,
2715 5384 2769 5437 3.
2843 5382 2891 5416 "
2927 5380 3083 5436 Joan.
3123 5400 3161 5445 ι,

1065 5450 1110 5482 ⁸⁸
1149 5448 1295 5505 Psal.
1356 5468 1428 5515 ιι,
1495 5452 1544 5506 'l.
1632 5454 1675 5484 "
1715 5450 1860 5509 Psal.
1918 5454 2155 5519 xcv1,7.

527 5444 635 5509 i7;
696 5465 843 5513 xvu,
907 5452 960 5506 5.

525 5530 580 5582 ν,
615 5518 704 5583 5|,
741 5521 827 5577 52.
938 5580 941 5585 ,

2204 4783 2355 4836 φωνα
2383 4766 2438 4819 δὲ
2470 4764 2537 4818 τὰ
2579 4762 2783 4817 παλαιὰ
2830 4765 2942 4826 τοῖς
2987 4762 3147 4826 νέοις.
3192 4761 3329 4814 Ἀλλ’
3365 4762 3478 4814 ὅσοι
3508 4760 3610 4831 μὲν
3636 4762 3801 4833 suos:

2206 4856 2379 4911 στολοι
2429 4856 2852 4929 ἑρμηνεύουσιν,
2901 4856 3012 4907 ὅσοι
3061 4853 3117 4907 δὲ
3172 4854 3272 4907 οὐκ
3327 4853 3613 4908 ἀπόστολοι
3664 4853 3775 4907 διασ

2204 4949 2455 5004 ϐάλλουσι
2479 4967 2492 4981 ο
2524 4950 2596 5021 μὴ
2624 4948 2899 5009 ποιοῦντες
2923 4947 3051 5018 γὰρ,
3075 4946 3103 4999 ὃ
3126 4946 3367 4999 ποιοῦσιν
3386 4948 3434 4998 oi
3462 4945 3773 5006 ἀπόστολοι,

2202 5043 2339 5097 ἀλλὰ
2376 5044 2667 5115 μαχόμενοι
2712 5041 2785 5113 τῷ
2832 5041 2921 5094 ὑπ’
2962 5042 3183 5094 ἐκείνων
3215 5038 3603 5111 γεγραμμένῳ,
3636 5038 3770 5107 6,513-

2202 5136 2381 5191 δονται
2425 5137 2519 5207 τὴν
2558 5134 2891 5207 ἀποστολὴν,
2939 5133 3379 5205 ψευδοπροφῆται
3414 5131 3582 5195 ὄντες.
3639 5132 3768 5185 Ἰδοὺ

2202 5227 2310 5301 γὰρ
2341 5229 2389 5280 οί
2434 5228 2530 5298 τῆς
2580 5228 2832 5299 ἀληθείας
2875 5227 3181 5298 εἰσηγηταὶ,
3216 5225 3307 5279 τὸν
3360 5225 3521 5296 νόμον
3549 5240 3769 5294 τετιμη-

3343 5385 3388 5415 ⁷⁹
3428 5381 3616 5437 Matth.
3671 5393 3760 5434 ιιι.

2298 5384 2341 5415 "
2382 5384 2527 5438 Psal.
2560 5398 2679 5446 clx,
2715 5384 2769 5437 3.
2843 5384 2891 5416 "
2927 5384 3083 5436 Joan.
3123 5384 3253 5506 “£2.
3343 5385 3388 5415 τ’
3428 5384 3616 5437 Matth.
3671 5393 3760 5434 ιιι.

2270 5455 2314 5485 δ’
2357 5454 2518 5509 Hebr.
2556 5471 2593 5520 ι,
2631 5453 2683 5508 6.
2789 5453 2834 5485 ⁸³
2875 5452 2893 5504 Ι
2928 5452 3052 5508 Cor.
3090 5470 3176 5517 xv,
3253 5453 3401 5509 6-28.
3475 5453 3521 5484 ⁸³
3559 5451 3760 5522 Ephes.

600 5653 712 5722 (ιο)
760 5656 1104 5722 Ὑπέταξεν.
1161 5658 1516 5718 Restituenda
1572 5662 1662 5718 hic
1716 5676 1817 5716 vox
1871 5662 2107 5723 πάντιμ

2213 5673 2263 5711 ιιι
2297 5656 2647 5712 amanuensis
2677 5655 2927 5709 incautus
2959 5653 3164 5708 omisit.
3203 5651 3358 5707 Bssx.
