4116 6332
268 336 400 393 1241

1283 334 1654 395 ADVERSUS
1691 333 2117 393 ΜΑΝιαΗΔςοδ
2154 335 2281 393 LIB.
2323 336 2410 392 III.

3372 336 3508 392 I242

268 471 445 519 κοτες,
491 452 581 507 τὸν
619 452 783 525 νόμον
819 452 1153 525 ἐξηγήσαντο
1176 468 1188 481 ·
1235 446 1380 507 οὗτοι
1430 454 1488 508 δὲ
1546 454 1635 508 τὸν
1684 453 1847 525 νόμον

1967 470 2084 511 vero
2110 455 2206 526 qui
2237 456 2409 525 legem
2441 451 2715 510 criminati
2764 458 2926 517 sunt,
2962 452 3133 523 legem
3169 450 3402 518 feriunt;
3454 462 3511 508 et

265 544 686 616 διαὸεωηκὸτες
718 545 795 617 τῷ
840 547 989 617 νόμῳ
1032 543 1529 614 διαπληκτίζονται,
1574 548 1668 601 καὶ
1705 547 1842 619 πρὸς

262 638 395 700 τοὺς
415 635 858 707 ἐξηγησαμένους
890 638 980 691 τὸν
1008 639 1192 711 νόμον.
1218 642 1328 694 Καὶ
1357 640 1478 711 ἴσην
1503 640 1602 712 μὲν
1627 641 1677 693 oi
1706 639 1843 693 ἀπό-

271 728 447 781 στολοι
480 728 579 798 τὴν
614 728 906 799 ὁμοιότητα
942 730 1036 784 τοῦ
1067 732 1397 801 Εὑαγγελίου
1434 733 1527 786 καὶ
1554 731 1648 785 τοῦ
1677 731 1841 802 νόμου

267 821 629 890 γινώσκουσι·
669 824 762 875 καὶ
796 823 886 877 τὸν
919 824 1079 895 νόμον
1112 824 1367 889 λαϐόντες
1411 826 1472 879 τὸ
1512 824 1843 896 Εὑαγγέλιον

273 915 531 986 βλέπουσι
557 934 570 947 ·
598 916 690 969 καὶ
720 918 798 980 είς
821 917 883 970 τὸ
907 918 1236 987 Εὑαγγέλιον
1263 918 1730 990 παρακόπτοντες,
1752 919 1844 973 τὸν

271 1009 436 1081 νόμον
459 1010 559 1062 οὑκ
586 1009 897 1081 ἀναιροῦσιν
917 1026 933 1041 ⁸
960 1003 1106 1065 οὗτοι
1137 1012 1193 1065 δὲ
1219 1014 1288 1067 τά
1318 1015 1477 1084 ὃμοια
1504 1014 1590 1067 ἀεὶ
1617 1013 1845 1084 ἀνόμοια

273 1100 633 1171 ἡγησάμενοι,
670 1102 763 1154 καὶ
791 1100 860 1154 τὰ
900 1103 1029 1172 φίλα
1062 1105 1272 1168 ἑαυτοῖς
1303 1107 1396 1160 καὶ
1441 1105 1643 1175 ἀδελφά
1679 1105 1845 1175 ἄφιλα

274 1192 369 1245 καὶ
408 1191 647 1246 ἄσπονδα
687 1192 1097 1264 ὁμολογοῦντες,
1145 1197 1344 1261 κακίας
1386 1198 1483 1269 μὲν
1527 1197 1745 1268 ἔλεγχον
1784 1198 1845 1252 οὐ

273 1284 569 1354 φεύγουσι·
608 1286 813 1358 διιστᾷν
843 1286 899 1341 δὲ
934 1288 1029 1342 καὶ
1055 1287 1279 1359 διαιρεῖν
1303 1288 1373 1342 τὰ
1396 1290 1556 1359 ὃμοια
1583 1290 1847 1343 ἐσπουδα-

274 1375 454 1439 κότες,
490 1375 563 1447 μὴ
590 1375 877 1447 δυνάμενοι
903 1377 959 1430 δὲ
983 1376 1226 1449 διαιρεῖν.
1280 1378 1431 1432 Ἐπεὶ
1469 1378 1568 1432 οὑκ
1598 1378 1848 1447 ἀνέχεται

274 1470 305 1522 ὁ
332 1468 495 1539 νόμος
529 1467 621 1522 τοῦ
644 1469 979 1537 Εὑαγγελίου
1029 1469 1372 1542 διαιρεῖσθαι,
1410 1469 1512 1538 τῆς
1555 1468 1851 1539 βασκανίας

278 1561 486 1615 ἑαυτῶν
514 1560 611 1632 τὴν
661 1562 939 1633 ἐπιτιμίαν
974 1560 1381 1633 ἐκαρπώσαντο.
1439 1561 1568 1615 Ἰδοὺ
1606 1562 1714 1632 γὰρ
1752 1562 1852 1614 ὅσα

280 1650 410 1721 περὶ
451 1650 661 1720 Πατρὸς
710 1652 768 1704 ἐν
825 1650 993 1721 νόμῳ,
1042 1650 1215 1704 ταῦτα
1272 1651 1365 1704 καὶ
1419 1652 1476 1704 ἐν
1503 1650 1853 1720 Εὑαγγελίοις

280 1745 456 1795 κεῖται
482 1758 495 1771 °
525 1742 624 1796 ὅσα
649 1743 777 1814 περὶ
805 1741 959 1807 Υἱοῦ,
986 1742 1160 1797 ταῦτα
1179 1744 1236 1796 ἐν
1264 1744 1593 1815 ἀμφοτέροις
1619 1745 1850 1815 εἴρηται·

277 1835 380 1888 ὅσα
419 1834 548 1906 περὶ
603 1834 918 1907 Πνεὺματος
973 1834 1150 1904 ἁγίου,
1196 1835 1367 1890 ταῦτα
1421 1837 1478 1889 ἐν
1531 1835 1859 1907 ἀμφοτέροις
1890 1824 1933 1878 Β

280 1926 464 1998 εὑρεῖν
498 1926 870 1999 δυνησόμεθα’
903 1928 1023 1982 οὑδὲ
1058 1929 1312 1999 ὁπότερον
1348 1928 1459 2001 γὰρ
1497 1930 1732 2001 γράμμα
1763 1930 1857 1984 τοῦ

281 2016 599 2087 Πνεὺματος
624 2015 715 2071 τοῦ
758 2018 914 2088 ἁγίου
964 2020 1300 2091 ἀμνημονεῖ*
1353 2020 1466 2073 ἀλλ’
1520 2023 1579 2076 ἐν
1634 2021 1733 2093 μὲν
1783 2020 1862 2093 τῷ

282 2111 600 2183 Εὐαγγελίῳ
626 2114 660 2184 ἡ
692 2112 892 2184 δωρεὰ,
915 2115 1033 2166 ἐκεῖ
1054 2114 1112 2167 δὲ
1134 2115 1231 2168 καὶ
1254 2115 1289 2186 ἡ
1324 2114 1557 2187 αἴτησις.
1589 2118 1698 2170 Καὶ
1731 2118 1860 2170 ποτὲ

286 2204 387 2274 μὲν
412 2203 561 2272 λέγει
612 2206 641 2257 ὁ
685 2203 847 2257 Δαὸἔδ
870 2222 885 2236 θ
936 2206 1003 2259 Τὸ
1047 2205 1291 2276 Πνεῦμά
1325 2221 1442 2261 σου
1474 2207 1539 2261 τὸ
1578 2207 1749 2278 ἅγιον
1773 2208 1859 2279 μὴ

282 2294 621 2364 ἀηανέλῃς
651 2295 754 2350 ἀπ’
788 2295 959 2365 ἐμοῦο
993 2297 1203 2351 ποτέδέ
1238 2298 1569 2369 Εὑαγγέλιον
1596 2318 1609 2331 ·
1643 2299 1865 2355 Λάϐετε

285 2388 530 2456 Πνεῦμα
568 2387 772 2457 ἅγιον·
819 2388 883 2442 ἵν’
918 2387 947 2441 ὃ
1004 2388 1103 2459 μὲν
1142 2388 1253 2460 ἔχει
1304 2388 1378 2461 μὴ
1429 2390 1718 2462 ἀφαιρεθῇ,
1751 2390 1780 2444 ὃ
1805 2390 1862 2444 δὲ

289 2480 591 2553 χαρίζεται,
640 2474 795 2545 οὗτος
829 2480 928 2553 ἔχῃ
964 2480 1162 2536 λαϐὼν.
1208 2482 1317 2535 Καὶ
1361 2483 1428 2554 τῇ
1477 2482 1730 2553 συνουσίᾳ
1770 2481 1862 2536 τοῦ

288 2572 445 2642 ἁγίου
471 2573 786 2644 Πνεύματος
816 2573 1078 2645 τιμῶνται
1117 2574 1172 2626 αἱ
1215 2573 1404 2645 ψυχαὶ,
1437 2575 1571 2647 μήτε
1602 2574 1864 2629 ἀποσπώ-

295 2681 451 2734 μεναι
476 2664 577 2734 τῆς
607 2664 912 2730 συνουσίας,
959 2666 1095 2737 μήτε
1128 2664 1251 2735 δίχα
1295 2666 1393 2737 τῆς
1429 2664 1717 2730 συνουσίας
1750 2664 1864 2719 δια-

292 2754 443 2809 τελοῦ
452 2773 560 2810 σαι.

364 2848 476 2900 Καὶ
507 2848 792 2920 δυνήσεταί
832 2866 916 2913 τις
950 2849 1078 2921 περὶ
1109 2849 1354 2918 ἀγγέλων
1382 2852 1476 2905 καὶ
1514 2851 1868 2922 ἀρχαγγέλων

294 2939 527 2993 καὶτῶν
568 2940 742 2994 ἄλλων
772 2940 1048 3007 ἐξουσιῶν.
1096 2942 1189 2995 καὶ
1244 2943 1370 3013 περὶ
1413 2942 1697 3012 ἀνθρώπου
1730 2942 1865 3013 (6|),

293 3032 391 3085 κα)⁸
415 3032 537 3100 γῆς,
589 3030 684 3084 καὶ
716 3031 823 3085 τῶν
857 3031 1029 3086 ἄλλων
1079 3032 1594 3105 δημιουργημάτων,
1645 3034 1870 3105 ἐπεξερ-

294 3120 606 3221 γασάμενος
657 3122 755 3221 την
808 3123 1102 3221 ὁμοιότητα
1156 3125 1251 3179 τοῦ
1301 3142 1360 3178 τε
1413 3126 1575 3196 νόμου
1631 3127 1724 3180 καὶ
1771 3124 1865 3179 τοῦ
1895 3158 1942 3221 c

295 3211 653 3280 Εὑαγγελίου,
692 3210 984 3284 θεωρῆσαι,
1021 3214 1114 3268 καὶ
1154 3215 1297 3269 οὓτω
1334 3215 1666 3286 κατιχνεὺων
1707 3216 1867 3287 μέχρι

296 3302 386 3358 τοῦ
446 3303 725 3375 ἐλαχίστου
788 3304 1028 3373 φθάσαι·
1085 3307 1243 3376 ἡμεῖς
1295 3306 1351 3359 δὲ
1406 3306 1497 3359 τὸν
1554 3301 1868 3378 τηλικοῦτον

297 3396 457 3466 δγκον
485 3395 913 3467 παραιτούμεθα,
943 3398 1100 3466 μόνον
1129 3400 1194 3469 τῇ
1229 3398 1484 3451 ὑποθέσει
1514 3400 1866 3470 χρησάμενοι,

300 3488 393 3543 καὶ
439 3490 565 3552 τοὺς
617 3488 933 3558 φιλομαθεῖς
982 3490 1368 3561 ἐκκαλούμενοι
1424 3492 1524 3563 τῆς
1564 3492 1871 3556 ὑποθέσεως

301 3579 631 3650 ἁψαμένους,
657 3580 750 3633 ἐπὶ
786 3578 963 3633 πάντα
986 3581 1056 3633 τὰ
1086 3579 1418 3652 θεωρήματα
1446 3585 1661 3653 χωρεῖν.
1694 3583 1871 3655 Ὅπερ

298 3672 354 3725 δὲ
397 3674 534 3742 μετά
556 3689 698 3735 τινος
726 3672 1060 3743 κατηγορίας
1107 3673 1493 3727 καταιτιῶνται
1530 3675 1580 3726 οἱ
1620 3675 1873 3747 αἰρεσιῶ-

298 3780 408 3827 ται,
453 3764 610 3817 τοῦτο
658 3765 815 3835 μόνον
854 3764 1277 3836 προσ-γράψομεν
1321 3765 1399 3836 τῷ
1444 3764 1605 3837 λόγῳ,
1649 3768 1735 3819 ἵνα
1780 3768 1872 3820 καί

299 3856 398 3928 τὴν
455 3858 635 3910 αίτίαν
692 3857 915 3910 ἐκείνων
962 3857 1234 3928 λύσωμεν,
1286 3858 1380 3910 καὶ
1427 3857 1521 3911 τοῦ
1564 3860 1726 3930 νόμου
1775 3860 1874 3924 τὰς

299 3948 569 4013 διαθέσεις
590 3948 1067 4020 κατοπτεύσωμεν.
1103 3949 1166 4002 El
1193 3948 1301 4020 γὰρ
1340 3952 1536 4002 ἐκεῖνοι
1550 3949 1663 4021 ,τὴν
1696 3951 1874 4005 αἰτίαν

300 4041 410 4097 τῶν
438 4042 781 4113 γραμμάτων
813 4040 1274 4111 ἀναγινώσκοντες
1316 4041 1615 4117 ὑϐριστικῷ
1648 4044 1873 4115 στόματι

303 4135 615 4207 κέχρηνται,
650 4134 761 4189 ἀλλ’
788 4137 947 4206 ἡμεῖς
973 4136 1066 4188 καὶ
1090 4138 1157 4207 τῇ
1185 4136 1460 4207 ὁμοιότητι
1481 4135 1873 4209 δυσωπήσομεν

302 4226 481 4281 αὐτῶν
526 4226 625 4297 τὴν
665 4226 880 4281 ἄνοιανθ
915 4226 1008 4279 καὶ
1052 4225 1149 4297 τὴν
1193 4226 1372 4279 αἰτίαν
1414 4227 1752 4299 παραθέσθαι
1799 4228 1874 4301 μὴ

304 4319 769 4391 παραιτησόμεθα.

1950 562 2045 603 eos
2095 548 2189 617 qui
2250 547 2419 617 legem
2476 547 2937 617 explanaverunt,
2994 552 3261 613 pungunt.
3316 540 3510 598 Parem

1950 640 2366 697 similitudinem
2390 639 2667 709 Evangelii
2686 645 2853 709 atque
2875 636 3009 708 legis
3024 642 3364 706 cognoscunt
3388 648 3516 703 apo-

1950 730 2078 787 stoli
2100 748 2113 786 :
2143 730 2236 801 qui
2258 746 2379 784 cum
2400 730 2571 799 legem
2590 739 2832 792 sumunt,
2855 727 3192 799 evangelium
3211 724 3513 795 aspiciunt;

1949 840 2072 880 cum
2088 824 2431 895 Evangelium
2444 822 2733 894 aspiciunt,
2749 823 2917 894 legem
2936 836 3043 877 non
3063 818 3373 876 tollunthti
3389 831 3518 873 vero

1951 915 2080 971 dum
2095 931 2216 985 quae
2228 922 2355 971 sunt
2377 914 2600 979 similia,
2627 929 2842 985 semper
2860 911 3150 969 dissimilia
3167 927 3288 968 esse
3304 916 3515 980 putant,

1950 1020 2004 1068 et
2019 1024 2141 1081 qua:
2164 1008 2265 1064 sibi
2286 1009 2430 1063 inter
2448 1023 2506 1063 se
2530 1006 2705 1061 amica
2722 1012 2775 1060 et
2801 1019 3080 1077 germana,
3105 1003 3326 1058 inimica
3348 1009 3403 1056 et
3420 1000 3517 1054 ad-

1952 1104 2198 1160 versaria
2215 1117 2337 1158 esse
2354 1099 2695 1172 profitentur,
2715 1113 2823 1154 non
2850 1098 3067 1169 quidem
3082 1096 3365 1166 effugiunt,
3386 1093 3517 1163 quin

1954 1199 2161 1254 malitia
2184 1213 2372 1253 eorum
2394 1195 2641 1251 convicta
2677 1195 2780 1249 sit:
2819 1192 3133 1262 disjungere
3147 1204 3277 1244 vero
3302 1196 3356 1244 et
3386 1186 3521 1241 diri-

1954 1307 2103 1348 mere
2135 1289 2336 1347 similia
2368 1288 2497 1343 dum
2541 1286 2782 1349 student,
2812 1298 2990 1353 neque
3036 1290 3219 1336 tamen
3266 1284 3519 1350 possunt.

1956 1382 2410 1453 Quandoquidem
2441 1382 2524 1436 lex
2562 1380 2631 1434 ab
2660 1377 2955 1447 Evangelio
2976 1376 3143 1429 dividi
3178 1389 3283 1428 non
3320 1378 3519 1441 potest,

1964 1475 2185 1531 invidia!
2223 1490 2335 1529 sua:
2380 1472 2620 1527 fructum
2663 1476 3026 1540 perceperunt
3068 1465 3521 1536 objurgationem.

1965 1568 2314 1637 Quaecunque
2341 1566 2484 1621 enim
2507 1565 2575 1619 de
2594 1562 2753 1618 Patre
2769 1563 2825 1616 in
2858 1562 2975 1631 lege
3002 1559 3207 1629 scripta
3237 1561 3386 1620 sunt,
3409 1554 3526 1609 haec
3562 1586 3565 1589 ν

1962 1661 2126 1717 etiam
2159 1669 2285 1715 sunt
2309 1659 2363 1713 in
2396 1656 2704 1726 Evangeliis
2732 1672 2746 1709 :
2778 1665 3119 1724 quaecunque
3139 1648 3204 1703 de
3219 1646 3378 1711 Filio,
3412 1646 3526 1700 haec

1966 1753 2023 1807 in
2057 1753 2307 1822 utrisque
2335 1765 2352 1806 :
2381 1764 2502 1821 quae
2530 1749 2598 1804 de
2630 1746 2837 1819 Spiritu
2883 1751 3108 1809 sancto,
3153 1742 3269 1795 hac
3310 1752 3529 1809 quoque

1963 1846 2017 1900 in
2047 1846 2314 1900 ambobus
2340 1844 2582 1913 reperire
2613 1839 2913 1913 poterimus
2939 1857 2953 1894 :
2986 1843 3180 1892 neutra
3207 1833 3351 1889 enim
3382 1811 3545 1885 Scri:

1962 1947 2121 2009 ptura
2151 1952 2260 1993 non
2284 1936 2535 1992 meminit
2564 1936 2632 1990 de
2659 1932 2868 2005 Spiritu
2899 1939 3089 1989 sancto
3109 1948 3124 1985 :
3148 1927 3325 1983 imoin
3352 1924 3530 1977 Evan-

1963 2030 2106 2100 gelio
2131 2036 2217 2083 est
2249 2028 2451 2083 donum
2478 2067 2492 2091 ,
2521 2025 2594 2080 ibi
2627 2039 2757 2080 vero
2786 2030 2869 2078 est
2897 2019 3108 2093 petitio.
3141 2017 3206 2071 Et
3236 2012 3530 2084 aliquando

1967 2124 2101 2180 dicit
2145 2119 2315 2176 David
2351 2140 2364 2175 :
2401 2118 2662 2188 Spiritum
2692 2125 2933 2173 sanctum
2965 2123 3113 2167 tuum
3157 2125 3221 2164 ne
3253 2106 3466 2175 auferas
3497 2120 3533 2156 a

1935 2232 2045 2279 ,me
2074 2214 2141 2269 ⁸⁸.
2178 2212 2453 2268 Interdum
2495 2210 2629 2265 dicit
2655 2206 3046 2278 Evangelium:
3091 2200 3323 2269 Accipite
3360 2194 3534 2265 Spiri-

1965 2320 2078 2364 tum
2109 2317 2353 2364 sanctum
2403 2305 2488 2359 “z
2523 2311 2585 2359 ut
2617 2301 2760 2373 quod
2794 2298 3013 2371 quidem
3051 2294 3214 2350 habet
3247 2288 3436 2353 David,
3464 2302 3534 2343 ne

1964 2402 2247 2459 auferatur
2289 2399 2337 2455 ei
2377 2407 2571 2468 rogat:
2609 2393 2755 2466 quod
2790 2406 2921 2448 vero
2971 2389 3061 2444 hic
3095 2386 3289 2447 donat,
3323 2382 3376 2437 id
3406 2396 3529 2436 cum

1965 2494 2058 2549 ille
2093 2490 2389 2561 acceperit,
2418 2487 2636 2544 habeat.
2667 2480 3060 2538 Familiaritate
3091 2478 3254 2532 etiam
3294 2471 3533 2553 Spiritus

1969 2584 2147 2642 sancti
2179 2583 2376 2638 animae
2410 2581 2768 2641 honorantur,
2809 2589 2909 2630 nec
2949 2588 2980 2627 a
3019 2567 3389 2624 familiaritate
3414 2563 3536 2634 ejus

1967 2672 2195 2742 avulsae,
2227 2690 2405 2747 neque
2437 2674 2554 2729 sine
2580 2664 2703 2741 ejus
2737 2666 3104 2724 familiaritate
3132 2663 3536 2733 permanentes.

2037 2856 2118 2911 Ad
2149 2853 2398 2911 eumdem
2430 2848 2654 2904 modum
2686 2844 2885 2916 poterit
2914 2840 3040 2913 quis
3076 2831 3431 2899 elaborando,
3470 2829 3540 2883 de

1972 2948 2181 3020 angelis
2215 2956 2268 3001 et
2310 2940 2658 3012 archangelis
2689 2945 2743 2992 et
2787 2935 2907 2989 aliis
2939 2928 3333 3003 potestatibus,
3383 2930 3438 2976 et
3469 2920 3537 3020 de

1972 3009 2117 3096 caelo
2144 3054 2207 3094 ac
2241 3044 2386 3092 terra
2412 3009 2644 3102 aliisque
2660 3026 2930 3083 creaturis
2957 3016 3369 3077 similitudinem
3403 3009 3538 3081 legis

1973 3140 2028 3189 et
2058 3127 2338 3199 Evangelii
2370 3099 2771 3194 contemplari,
2836 3125 2999 3187 atque
3051 3112 3125 3165 ita
3163 3099 3538 3175 investigando

1973 3235 2147 3289 usque
2186 3198 2254 3272 ad
2273 3216 2557 3271 minimum
2587 3209 2876 3266 devenire:
2903 3219 3005 3259 nos
3034 3214 3164 3255 vero
3190 3198 3394 3253 tantam
3423 3205 3540 3245 me-

1971 3287 2077 3366 lem
2115 3316 2470 3368 recusantes,
2526 3310 2582 3359 et
2636 3298 2907 3372 principio
2950 3301 3161 3347 tantum
3206 3287 3312 3351 usi,
3345 3295 3542 3356 provo-

1971 3410 2267 3471 cantesque
2293 3398 2594 3459 studiosos,
2627 3400 2686 3447 ut
2714 3398 2972 3459 suscepto
2990 3386 3056 3440 ad
3075 3380 3417 3440 tractandum
3450 3389 3541 3431 ar-

1978 3505 2238 3570 gumento
2270 3493 2335 3547 ad
2365 3491 2546 3547 omnia
2572 3489 2908 3544 theoremata
2931 3479 3252 3552 procedant,
3278 3473 3331 3528 id
3364 3470 3541 3570 solum

1974 3557 2040 3643 ad
2063 3587 2259 3642 librum
2280 3584 2660 3654 adjungemus,
2701 3574 2843 3645 quod
2880 3567 3119 3625 haeretici
3150 3578 3273 3618 cum
3306 3557 3542 3654 quadam

1976 3679 2403 3751 reprehensione
2459 3679 2755 3732 accusant,
2798 3672 2859 3720 ut
2903 3675 3093 3717 eorum
3130 3652 3541 3713 accusationem

1980 3774 2372 3831 dissolvamus,
2418 3774 2474 3821 et
2524 3762 2661 3833 legis
2695 3756 3084 3828 dispositioncs
3123 3744 3537 3821 perspiciamus.

1982 3866 2039 3921 Si
2078 3865 2221 3920 enim
2251 3861 2325 3915 illi
2367 3859 2610 3928 legentes
2640 3867 2761 3924 quae
2802 3856 2993 3903 contra
3029 3843 3362 3911 Scripturam
3402 3834 3542 3903 obji-

1979 3961 2155 4020 ciunt,
2188 3972 2283 4010 ore
2314 3948 2713 4009 contumelioso
2737 3944 2819 3998 usi
2852 3950 3013 3997 sunt:
3046 3944 3100 3990 at
3128 3949 3228 3988 nos
3253 3929 3544 3984 amentiam

1984 4046 2352 4108 similitudine
2385 4044 2804 4112 redarguemus,
2839 4043 2892 4090 et
2918 4047 3038 4103 qua:
3070 4029 3124 4083 in
3158 4022 3385 4081 crimine
3403 4018 3540 4088 ohji-

1991 4147 2166 4209 ciunt,
2201 4153 2474 4213 apponere
2502 4152 2609 4191 non
2636 4130 3030 4188 dubitabimus.

1375 4458 1506 4515 CAP.
1542 4457 1678 4515 XIII.
1722 4462 1995 4519 Acerbitas
2019 4461 2144 4533 legis
2171 4455 2479 4512 vindicatur.

384 4576 705 4647 Ἑγκαλοῦσι
745 4575 852 4647 γὰρ
889 4574 968 4647 τῷ
1001 4575 1215 4647 παλαιῷ
1255 4576 1424 4648 νόμῳ,
1456 4578 1531 4641 ὼς
1564 4582 1756 4651 τραχεῖ
1788 4583 1865 4636 και

2060 4580 2339 4634 Accusant
2364 4571 2510 4627 enim
2543 4574 2781 4623 veterem
2811 4560 2984 4630 legem
3016 4563 3275 4623 tanquam
3302 4545 3555 4603 acerbam

306 4638 532 4742 ἀπηνεῖ’
562 4638 853 4737 ἐγκαλοῦσι
882 4638 977 4723 καὶ
1022 4672 1134 4733 τοῖς
1179 4638 1429 4734 ἆταλαίοὶξ
1472 4638 1774 4744 ὑπηρέταις
1806 4675 1865 4738 ὡς

1985 4680 2038 4727 et
2064 4667 2343 4725 crudelem
2377 4682 2390 4717 :
2428 4663 2693 4716 accusant
2721 4648 2982 4725 praeterea
3016 4653 3227 4701 veteres
3273 4638 3555 4694 ministros

308 4732 752 4836 aba'mpo'rsmtg,
782 4762 878 4817 καὶ
936 4763 1134 4834 μᾶλλον
1169 4762 1302 4835 πρὸς
1346 4732 1445 4835 τὴν
1477 4732 1769 4836 ἐπιτιμίαν⁷
1795 4732 1865 4838 ρέξ

1985 4773 2248 4835 tanquam
2286 4755 2623 4813 austeriores
2676 4757 2731 4806 et
2792 4746 2965 4818 magis
3016 4742 3081 4797 ad
3124 4732 3554 4838 obiurga-tionem

307 4826 498 4917 uouet:
516 4826 630 4911 καὶ.
645 4859 879 4928 στοργῆς
912 4826 1092 4920 ἐλέους
1113 4826 1573 4928 ἀπηλλαγμένοις,
1702 4826 1865 4913 νοοίῖν⁴

1983 4826 2315 4931 propensos,
2357 4858 2410 4906 et
2443 4848 2512 4903 ab
2536 4842 2826 4899 affectione
2875 4830 3263 4931 misericordiae
3303 4826 3553 4931 alienos,

306 4965 395 5013 τες
445 4947 506 5000 τὸ
552 4912 972 5018 γεγραμμένον*
1017 4912 1239 5001 ’ἑλεωλ
1419 4912 1622 5015 κρίοίίτζ
1660 4912 1865 5018 ᾆσθμα

1984 4912 2495 5013 non‘intelligentes
2519 4933 2666 5007 quod
2695 4931 2959 5000 scriptum
2988 4930 3098 4980 est:
3131 4912 3553 4976 Misericordia»;

310 5056 428 5105 σοι,
457 5042 633 5109 Κύριε
660 5056 674 5070 ·
723 5040 862 5113 μήτε
887 5031 1106 5103 εἰδότες,
1141 5040 1223 5093 ὅτι
1253 5040 1285 5110 ἡ
1317 5039 1589 5111 τελειότης
1614 5040 1711 5111 τῆς
1736 5042 1882 5093 οίκο-

311 5132 499 5203 νομίας
537 5130 598 5195 ἐξ
638 5130 823 5193 ἐλέους
870 5130 963 5183 καὶ
1012 5128 1290 5200 ἐπιτιμίας
1339 5130 1589 5202 ἤρτηται.
1636 5132 1745 5184 Καὶ
1790 5129 1879 5184 διὰ

310 5223 464 5277 τοῦτο
494 5222 968 5294 ἀμϐλυωποῦντες,
1014 5223 1255 5275 σιωπῶσι
1284 5224 1410 5286 τοὺς
1442 5224 1756 5294 οίκτιρμοὺς
1783 5223 1877 5276 τοῦ

318 5317 471 5389 δόμου
496 5334 509 5348 °
538 5316 737 5388 μᾶλλον
776 5315 835 5369 δὲ
878 5314 987 5367 τῶν
1024 5316 1394 5386 ἐπιτιμήσεων
1448 5315 1841 5386 μνημονεύουσι
1863 5332 1875 5345 ⁸

313 5409 403 5463 καὶ
453 5410 564 5464 ἀνω
613 5407 707 5462 καὶ
749 5408 898 5461 κάτω
948 5405 1140 5477 βοῶσιν
1160 5422 1172 5435 ’
1204 5406 1316 5477 Οὑχ
1348 5408 1510 5479 ὁρᾶτε
1536 5447 1552 5471 ,
1578 5408 1761 5477 φησὶν,
1794 5408 1881 5461 ἵνα

382 5589 427 5620 ⁸⁵
469 5587 614 5642 Psal.
651 5604 704 5651 ι,
740 5587 827 5640 15.
903 5586 949 5615 ⁸⁸
988 5582 1149 5639 Joan.
1189 5601 1282 5651 xx,
1316 5584 1404 5640 22.
1484 5586 1525 5618 '"
1569 5585 1711 5640 Psal.
1747 5600 1797 5653 c,
1837 5584 1882 5637 I.

386 5746 499 5819 (6|)
550 5743 898 5813 Ἀνθρώπου.
933 5742 1014 5797 Αη
1047 5740 1309 5813 οὑρανοῦἳ

1987 5051 2035 5096 et
2057 5038 2318 5111 judicium
2350 5029 2573 5088 cantabo
2605 5028 2722 5090 tibi,
2743 5022 2961 5078 Domine
2985 5019 3054 5086 '7;
3085 5029 3258 5085 neque
3285 5009 3551 5073 scientes,

1992 5102 2387 5203 perfectionem
2420 5123 2633 5178 ratione
2664 5112 3081 5190 gubernationis
3134 5124 3197 5162 ex
3243 5102 3557 5160 misericor-

1989 5226 2079 5279 dia
2114 5230 2167 5278 et
2197 5220 2572 5276 vindicatione
2605 5213 2863 5285 pendere.
2900 5207 3109 5263 Idcirco
3137 5199 3360 5262 caecati,
3393 5195 3555 5250 mise-

1993 5318 2241 5373 rationes
2270 5315 2406 5386 Icgis
2438 5317 2659 5377 tacent;
2692 5316 2745 5362 et
2765 5302 3193 5361 vindicationum
3230 5294 3411 5366 potius
3444 5303 3557 5386 me-

1993 5377 2393 5472 minerunt;vet
2440 5400 2642 5472 ubique
2687 5399 2973 5453 clamant:
3026 5387 3143 5444 Non
3184 5382 3398 5446 videtis,
3428 5377 3555 5451 quia
