4116 6332
644 323 666 377 l
676 323 783 379 2ιὸ

1774 327 1910 383 TITI
1953 328 2381 385 BOSTRENSIS
2419 327 2722 385 EPISCOPI

3714 339 3823 395 1244

645 441 800 512 pueri
827 441 979 511 parvi
1002 442 1312 498 convicium
1348 443 1598 500 fecerunt
1622 444 1834 512 Eliseo;
1861 446 2077 505 Elisens
2092 464 2221 503 vero
2251 455 2270 510 Α

2201 464 2221 503 )
2251 455 2295 510 Α
2327 448 2509 501 παιδία
2546 447 2897 519 λοιδορήσωσι
2938 446 3030 500 τὸν
3076 444 3371 501 Ἐλισσαῖον
3391 462 3404 475 ·
3454 450 3727 519 κατηρᾶτο,
3754 455 3826 507 καί

648 532 932 587 maledixit
970 533 1052 588 eis
1077 572 1092 597 ,
1134 539 1188 589 et
1220 534 1438 591 duobus
1483 537 1629 591 ursis
1661 536 1888 592 tradidit
1917 554 2117 608 pueros
2150 538 2219 593 ad

648 625 1062 681 devorandum?
1092 624 1212 680 Non
1237 626 1457 694 videtis,
1490 630 1622 698 quia
1668 629 1997 699 quibusdam
2038 631 2222 684 militi-

649 715 757 774 bus
779 718 964 773 missis
990 735 1021 773 a
1055 735 1182 791 rege
1213 720 1281 773 ad
1306 721 1610 776 vocandum
1644 721 1815 776 Eliam
1871 722 2079 787 invitis,
2114 739 2217 777 no-

638 809 752 877 .luit
783 810 863 864 ire
890 825 1015 863 cum
1046 810 1149 876 eis,
1178 809 1357 880 ignem
1378 810 1658 879 jaculatus
1702 820 1809 878 est,
1832 820 1886 866 et
1912 812 2059 866 viros
2088 828 2219 867 con-

650 903 906 971 sumpsit,
932 904 1208 972 inquiens,
1244 902 1304 958 Si
1333 904 1412 956 vir
1446 904 1543 957 Dei
1572 920 1662 974 ego
1684 920 1822 967 sum,
1855 902 2125 957 descendet
2155 904 2218 958 de

648 995 777 1048 calo
798 996 961 1065 ignis,
1014 1004 1063 1048 et
1110 995 1380 1049 decorabit
1412 1005 1458 1049 te
1486 1004 1535 1049 et
1582 996 1963 1066 quinquaginta
1987 1005 2104 1049 tuos
2130 995 2217 1049 "‘3

649 1088 709 1143 Si
736 1088 902 1158 hujus
936 1088 1061 1142 mali
1097 1089 1451 1143 accusatione
1476 1095 1531 1142 et
1552 1088 1824 1143 vindictas
1847 1089 1990 1142 inter
2018 1089 2218 1142 vitiosa

647 1189 702 1235 et
726 1196 893 1251 prava
930 1180 1199 1245 referunt,
1233 1180 1364 1250 quid
1393 1180 1595 1235 dicturi
1631 1188 1760 1236 sunt
1795 1180 1863 1235 de
1891 1179 2090 1244 Paulo;
2124 1182 2216 1251 qui

646 1288 772 1326 cum
814 1273 1020 1327 videret
1056 1271 1353 1342 aliquando
1390 1270 1659 1327 Bar-Jesu
1687 1287 1904 1342 magum
1926 1312 1941 1336 ,
1975 1272 2068 1341 qui
2100 1283 2217 1325 erat

646 1380 771 1420 cum
801 1364 993 1436 Sergio
1022 1365 1191 1419 Paulo
1219 1365 1567 1435 proconsule,
1600 1363 1984 1425 disserentem,
2014 1376 2067 1419 et
2085 1365 2217 1418 arti-

648 1458 841 1513 ﬁciosa
874 1458 1280 1513 machinatione
1309 1458 1578 1513 orationis
1607 1465 1843 1512 mentem
1881 1474 2072 1513 eorum
2125 1458 2218 1528 qui

646 1551 931 1607 veritatem
965 1552 1294 1613 didicerant,
1325 1552 1746 1620 depravantem,
1779 1567 1890 1605 non
1963 1559 2046 1607 est
2079 1567 2206 1621 pas-

648 1658 766 1707 sus,
799 1643 1119 1713 increpavit,
1143 1642 1376 1712 punivit,
1418 1642 1652 1711 privavit
1688 1642 2215 1707 oculis,.clamavit:

651 1735 862 1804 Oplene
900 1736 1022 1789 dolo
1052 1745 1103 1789 et
1135 1736 1275 1788 omni
1298 1734 1543 1804 fallacia,
1572 1735 1651 1803 [ili
1691 1734 1913 1798 diaboli,
1946 1752 2049 1788 non
2076 1734 2219 1788 desi-

2320 539 2471 593 δυσὶν
2502 540 2723 609 ἄρκτοις
2755 537 2944 591 ἔκδοτα
2971 538 3250 609 παρεδίδου
3272 537 3342 591 τὰ
3366 539 3549 609 νήπια,
3574 539 3718 612 βορὰν
3740 543 3825 613 (62)

2319 635 2410 688 καὶ
2441 633 2621 703 θοίνην
2663 628 3093 703 παρεσκευακὼς
3136 632 3248 693 τοῖς
3296 630 3513 699 ἄρκτοις
3557 628 3621 682 τὰ
3650 631 3826 699 statim;

2320 727 2430 796 Οὐχ
2479 726 2661 798 ὁρᾶτε,
2716 722 2899 794 φησὶν,
2955 721 3039 773 ἵνα
3090 720 3231 783 τινὲς
3285 719 3503 783 ἄκοντες
3554 720 3826 790 στρατιῶται

2317 818 2426 872 ἀπὸ
2454 816 2545 870 τοῦ
2575 812 3307 876 ἐπιτάττοντος¹ἀποσταλῶσι
3331 810 3643 864 καλέσαιτδν
3668 812 3825 879 Ἠλίαν,

2320 909 2530 979 βαδίσαι
2564 905 2661 977 μὲν
2699 904 2935 977 ὤκνησε,
2971 905 3067 958 καὶ
3113 903 3317 973 φθάσαι
3365 905 3713 973 παρῃτήσατο,
3744 905 3827 976 πῦρ

2317 1000 2375 1053 δὲ
2413 1000 2749 1068 κατήνεγκε,
2794 996 2891 1049 καὶ
2934 996 3058 1058 τοὺς
3110 994 3309 1066 ἄνδρας
3355 993 3587 1047 ἐδαπάνα
3632 994 3716 1047 καὶ
3756 997 3824 1049 ἀν-

2318 1091 2508 1163 ήλισκε
2523 1130 2537 1153 ,
2561 1088 2750 1158 λέγων·
2773 1090 2837 1142 El
2865 1086 3171 1155 ἄνθρωπος
3195 1085 3295 1139 τοῦ
3318 1083 3464 1138 Θεοῦ
3490 1087 3597 1152 εἰμι
3615 1085 3731 1154 ἐγὼ.
3754 1103 3829 1140 κο-

2318 1183 2635 1249 ταὸήσεται
2669 1181 2787 1251 πῦρ
2810 1179 2928 1234 ἀπὸ
2965 1179 3069 1233 τοῦ
3101 1178 3383 1246 οὐρανοῦ,
3410 1177 3505 1231 καὶ
3543 1180 3827 1250 καταφαγῆ-

2318 1277 2491 1330 σεταί
2526 1291 2599 1328 σε
2641 1274 2739 1327 καὶ
2776 1272 2916 1337 τοὺς
2953 1268 3331 1335 πεντήκοντά
3361 1284 3517 1332 σου;
3553 1270 3653 1322 Καὶ
3686 1270 3828 1340 ἐπειδὴ

2318 1368 2573 1429 τοιαύτας
2609 1364 2807 1427 αἰτίας,
2854 1362 2947 1415 καὶ
2992 1359 3250 1424 τοιαύτας
3301 1359 3576 1429 ἐπιτιμίας
3615 1361 3666 1412 ὲν
3714 1359 3829 1426 τάξει

2319 1460 2582 1531 πονηρίας
2616 1460 2706 1512 καὶ
2739 1455 2934 1518 κακίας
2971 1453 3229 1518 τίθενται,
3278 1452 3332 1505 τί
3365 1451 3543 1523 ἐροῦσι
3571 1452 3684 1522 περὶ
3716 1451 3828 1505 Παύ-

2317 1552 2409 1605 λου
2429 1568 2443 1582 ·
2468 1552 2613 1623 ὅστις
2643 1548 2772 1602 ποτὲ
2812 1548 2902 1600 τὸν
2942 1545 3231 1615 λεγόμενον
3265 1541 3563 1616 Βαριησοῢν
3588 1543 3670 1594 τὸν
3697 1542 3832 1612 μάγον

2320 1646 2412 1698 ἐπὶ
2438 1643 2660 1715 Σεργίου
2694 1640 2906 1693 Παύλου
2933 1637 3265 1699 ἀνθυπάτου,
3297 1636 3374 1699 ὡς
3402 1634 3740 1703 κακοτεχνίαις
3759 1633 3829 1688 τοῦ

2320 1738 2476 1806 λόγου
2515 1734 2875 1807 στρειρόμενον
2919 1732 3016 1803 τὴν
3053 1730 3292 1784 διάνοιαν
3338 1729 3446 1781 τῶν
3490 1726 3830 1797 παιδευομένων

644 1828 729 1882 nis
763 1829 1058 1882 subvertere
1090 1828 1198 1881 vias
1233 1826 1445 1881 Domini
1466 1837 1634 1880 rectas
1654 1829 1677 1882 ?
1695 1825 1763 1879 Et
1792 1843 1928 1880 nunc
1956 1842 2070 1880 ecce
2096 1843 2211 1881 ma-
2248 1812 2269 1865 Ῑ

2203 1858 2211 1867 -
2248 1812 2286 1865 Β
2316 1827 2480 1900 ἐώρα,
2508 1828 2607 1881 οὐκ
2634 1828 2883 1897 ἡνεγκεν,
2925 1824 3241 1894 ἐπετίμησε,
3281 1821 3530 1891 στέρησιν
3552 1818 3649 1871 τῶν
3676 1816 3828 1885 ὀφθαλ-

645 1938 746 1977 nus
786 1922 998 1976 Domini
1045 1937 1200 1989 super
1231 1931 1298 1985 te,
1329 1933 1378 1976 et
1413 1923 1517 1977 eris
1551 1938 1741 1987 circus,
1783 1939 1884 1976 non
1920 1922 2094 1976 videns
2125 1939 2212 1976 so-

646 2012 748 2067 lem
780 2031 940 2083 usque
974 2014 1042 2066 ad
1075 2015 1349 2083 tempus“.

2320 1922 2434 1994 μῶν
2489 1922 2812 1993 εἰργάσατο,
2867 1918 3110 1988 ἐϐόησενο
3163 1914 3238 1969 ⁷Ω
3297 1914 3522 1982 πλῆρες
3564 1913 3725 1966 δόλου
3757 1911 3827 1963 καί

2317 2014 2519 2081 πάσης
2545 2012 2948 2081 ῥᾳδιουργίας,
2975 2011 3068 2066 υἱὲ
3094 2010 3400 2070 διαϐόλου,
3436 2009 3505 2062 οὐ
3534 2008 3713 2075 παύσῃ
3736 2004 3829 2057 δια-

645 2106 920 2176 στρέφων
966 2108 1072 2174 τὰς
1152 2109 1330 2175 ὀδοὺς
1389 2111 1611 2178 Κυρίου
1665 2109 1772 2174 τὰς
1822 2109 2092 2175 suadae;
2138 2109 2247 2163 Καὶ
2287 2110 2415 2165 ὶδοὺ
2463 2110 2590 2180 χεὶρ
2643 2111 2863 2177 Kvpiov
2908 2108 3005 2162 ἐπὶ
3049 2107 3142 2175 σὲ,
3198 2106 3300 2160 καὶ
3345 2106 3458 2173 ἔσῃ
3503 2102 3730 2172 τυφλὸς,
3765 2098 3827 2169 μὴ

641 2202 891 2266 ,βλέπων
918 2203 1025 2257 τὸν
1047 2204 1224 2271 ἣλιον
1242 2204 1377 2273 ἄχρι
1403 2204 1608 2272 καιροῦ
1632 2220 1651 2266 ;

1395 2338 1522 2393 CAP.
1563 2338 1703 2395 XIV.
1732 2338 1873 2393 Deus
1910 2341 2081 2409 parcit
2106 2341 2160 2393 in
2192 2337 2363 2394 Veteri
2396 2349 2443 2393 et
2478 2341 2532 2392 in
2570 2336 2717 2391 Novo
2747 2336 3097 2391 Testamento.

714 2450 857 2515 Quid
881 2451 946 2505 de
964 2448 1124 2504 Petro
1139 2449 1341 2513 dicent,
1359 2450 1581 2519 quando
1606 2450 1847 2508 Ananias
1861 2460 1916 2507 et
1936 2452 2206 2525 Sappbira

646 2539 868 2595 vendita
917 2540 1364 2608 possessiuncula
1416 2548 1626 2610 partem
1658 2543 1818 2612 pretii
1862 2544 1965 2599 sibi
2002 2553 2213 2600 averte-

646 2637 795 2694 runt,
823 2638 1030 2700 partem
1061 2630 1392 2696 attulerunt,
1438 2646 1562 2685 cum
1597 2632 1867 2688 Ananiam
1907 2634 2213 2703 judicatum

645 2730 702 2777 et
732 2722 1000 2776 mendacii
1056 2722 1368 2777 convictum
1410 2731 1585 2778 morte
1633 2724 1835 2790 ali'ecit,
1889 2727 2212 2798 Sappbiram

647 2823 828 2869 autem
876 2814 1053 2870 eidem
1106 2815 1358 2883 sepulcro
1406 2816 1685 2871 tradidit?
1733 2816 1999 2875 Jacebant
2065 2822 2213 2876 enim

645 2907 867 2969 mortui,
900 2906 1063 2959 verbo
1088 2904 1381 2961 interfecti.
1418 2905 1533 2960 illic
1556 2910 1696 2978 ignis
1727 2910 1924 2966 allatus
1957 2928 2214 2967 consum-

647 2999 757 3069 psit
786 2998 853 3050 ad
886 2997 1058 3051 Eliam
1080 2996 1356 3067 profectos
1391 3018 1403 3052 :
1448 2999 1539 3053 hic
1595 3003 1820 3055 verbum
1853 3004 2118 3059 emissum
2158 3006 2215 3059 in

647 3099 943 3161 conspectu
975 3091 1370 3161 discipulorum
1399 3091 1597 3154 cﬂecit.
1624 3103 1683 3148 ut
1706 3095 1797 3166 qui
1823 3095 1980 3151 ﬁdem
2011 3112 2217 3167 caupo-

2388 2453 2539 2507 Τίδέ
2582 2453 2764 2526 ἐροῦσι
2815 2452 2940 2522 περὶ
2971 2449 3064 2504 τοῦ
3117 2448 3351 2519 Πέτρου,
3398 2448 3484 2500 ὅτε
3522 2446 3736 2508 Ἀνανίας
3757 2444 3829 2497 καὶ

2320 2545 2624 2616 Σάπιρειρα,
2671 2543 3020 2614 πωλήσαντες
3052 2540 3374 2611 κτημάτιον,
3415 2536 3722 2607 ἐνοσφίσαντο
3753 2534 3823 2604 μέ·

2324 2654 2434 2709 ρος,
2462 2635 2623 2706 μέρος
2656 2634 2711 2686 δὲ
2738 2633 3126 2703 κεκομίκασιν·
3160 2632 3241 2683 ὅτι
3291 2629 3481 2700 κρίνας
3520 2629 3606 2681 καὶ
3634 2624 3821 2691 ἐλέγξας,

2320 2730 2409 2783 τὸν
2445 2729 2541 2799 μὲν
2590 2727 2833 2780 Ἀνανίαν
2871 2725 3059 2796 νεκρὸν
3102 2724 3294 2791 ἔδειξε,
3345 2723 3442 2795 τὴν
3479 2722 3532 2775 δὲ
3575 2720 3825 2789 Σάπσειραν

2320 2822 2399 2893 τῷ
2452 2820 2600 2890 αὐτῷ
2653 2819 2942 2891 μνηματίῳ
3010 2816 3436 2890 παραδέδωκεν;
3495 2816 3702 2868 Ἐκειντο
3735 2808 3819 2878 γὰρ

2321 2915 2504 2986 νεκροὶ
2566 2914 2709 2983 λόγῳ
2763 2912 3121 2986 ἀνῃρημένοι.
3174 2912 3357 2965 Κάκεῖ
3404 2911 3500 2981 μὲν
3538 2908 3591 2960 τὸ
3631 2903 3821 2975 1:5pr-

2327 3005 2514 3077 μισθὲν
2560 3005 2815 3075 ἀνήλισκε
2867 3003 2991 3067 τοὺς
3045 3002 3443 3073 ἀφικομένους’
3493 2995 3585 3053 ὦδε
3627 2997 3670 3050 ἃς
3702 2994 3821 3077 λόγος

2324 3076 2598 3167 προελθὼν
2625 3096 2681 3148 ἐν
2709 3093 2862 3164 ὂψεσι
2884 3091 2991 3146 τῶν
3016 3091 3469 3162 μαθητευομένων
3488 3086 3682 3156 νεκροὺς
3698 3076 3821 3141 ἔδειξε

647 3184 764 3239 nati
794 3195 973 3250 erant,
1008 3197 1375 3243 morerentur.
1417 3187 1531 3240 illic
1571 3186 1785 3243 Eliseus
1814 3202 2044 3257 corpora
2088 3184 2272 3260 pue—(

2197 3219 2218 3230 —
2246 3184 2291 3244 C
2319 3184 2448 3246 τοὺς
2480 3184 2577 3255 τὴν
2611 3184 2792 3236 πίστιν
2834 3170 3339 3251 κεκαπηλευκότας.
3376 3180 3546 3233 Κάκεῖ
3581 3176 3664 3246 μὲν
3693 3170 3822 3223 Ἑλισ-

648 3287 835 3327 rorum
872 3273 1059 3330 bestiis
1093 3274 1280 3329 dedit:
1323 3276 1411 3329 bic
1466 3275 1672 3332 Paulus
1715 3286 1995 3347 aspectum
2033 3280 2217 3334 oeulo-

649 3380 770 3418 rum
805 3366 1028 3425 ademit.
1079 3376 1134 3421 et
1161 3383 1284 3422 eum
1334 3369 1428 3434 qui
1470 3369 1717 3434 videbat,
1751 3372 2008 3437 etecav’it;
2043 3381 2097 3426 et
2126 3374 2219 3442 qui

650 3457 778 3511 talia
811 3467 1181 3527 patraverunt,
1217 3474 1410 3528 paruas
1451 3459 1738 3515 dederunt.
1773 3460 1828 3515 Si
1864 3462 2030 3532 igitur
2059 3480 2219 3533 paena

650 3563 719 3603 ac
747 3545 989 3604 vindicta
1018 3551 1073 3604 in
1106 3550 1265 3606 malis
1298 3559 1643 3617 numeratur,
1680 3554 1809 3608 ntali
1843 3563 1973 3610 sunt
2014 3558 2219 3613 Paulus

646 3648 708 3695 et
736 3638 930 3696 Petrus
955 3660 967 3695 :
1000 3642 1085 3696 sin
1118 3650 1298 3697 autem
1323 3643 1453 3698 boni
1476 3653 1627 3710 sunt,
1654 3646 1780 3716 quia
1813 3649 2046 3718 apostoli
2070 3658 2218 3716 sunt,

653 3732 783 3787 boni
812 3740 961 3796 sunt,
997 3735 1125 3803 quia
1161 3751 1351 3804 pmnas
1377 3748 1697 3807 exegerunt.
1730 3738 1874 3804 Quid
1910 3756 2102 3811 pmnas
2132 3756 2225 3796 ac—

650 3839 840 3886 cusas,
873 3825 1037 3894 idque
1063 3828 1329 3895 apostolis
1358 3830 1691 3901 irrogatioue
1733 3846 2022 3901 poenarum
2060 3833 2226 3889 usis?

655 3914 862 3982 Quodsi
891 3918 1168 3987 apostolos
1209 3918 1431 3988 quidem
1467 3924 1856 3991 approbamus,
1876 3938 2067 3993 poenas
2097 3939 2225 3980 vero

656 4006 1059 4077 improbemus:
1100 4024 1209 4062 non
1244 4009 1547 4065 decernunt
1580 4012 1664 4065 vel
1704 4012 1798 4081 jus
1845 4013 2036 4068 dicunt
2078 4015 2225 4084 leges

565 4120 569 4125 τ
655 4099 957 4154 secundum
991 4117 1279 4171 personam
1303 4102 1371 4157 de
1409 4102 1603 4168 iactis;
1636 4119 1743 4158 non
1766 4105 2070 4176 disceptant
2089 4124 2223 4162 eon-

649 4198 737 4245 tra
762 4208 1070 4263 personas;
1104 4192 1199 4249 sed
1239 4193 1607 4265 astipulantur
1640 4194 1988 4252 similitudini
2043 4198 2220 4255 facto-

652 4296 798 4337 rum.

2322 3280 2471 3340 σαῖος
2500 3277 2661 3348 θηρσὶ
2697 3276 2766 3329 τὰ
2805 3275 3032 3346 σώματα
3072 3274 3177 3327 τῶν
3225 3275 3438 3346 νηπίων
3472 3271 3652 3325 ἐδίδου·
3675 3259 3751 3318 ὦδε
3781 3261 3823 3313 δὲ

2322 3368 2531 3432 Παῦλος
2562 3368 2760 3440 ἀφῄρει
2791 3367 2886 3437 τὴν
2920 3367 3101 3438 βλέψιν
3129 3366 3235 3417 τῶν
3265 3366 3547 3436 ὀμμάτων,
3574 3362 3651 3414 καὶ
3670 3353 3824 3424 τυφλὸν

2319 3462 2410 3516 τὸν
2461 3460 2723 3531 βλέποντα
2774 3458 3057 3530 εἰργάζετο
3080 3475 3093 3488 ’
3144 3457 3235 3510 καὶ
3292 3455 3514 3509 τοιαῦτα
3565 3448 3824 3523 πράττοντες

2321 3553 2418 3617 τὰς
2446 3552 2722 3622 ἐπιτιμίας
2754 3551 3069 3605 δεδώκασιν.
3105 3551 3168 3605 Ei
3201 3546 3298 3602 οὖν
3332 3551 3424 3602 ἐπὶ
3460 3547 3657 3606 ἀτόποις
3683 3543 3711 3610 ἡ
3735 3542 3822 3592 ἐπι-

2322 3644 2479 3715 τιμία
2524 3642 2878 3713 λαμϐάνεται,
2922 3640 3119 3701 ἄτοπος
3166 3638 3375 3708 Πέτρος
3431 3634 3521 3688 καὶ
3558 3628 3756 3688 Παῦλος·
3789 3622 3823 3673 εἰ

2324 3735 2381 3787 δέ
2412 3732 2565 3787 καλοί
2596 3734 2751 3795 εἰσιν,
2792 3734 2873 3784 ὅτι
2905 3729 3191 3782 ἀπόστολοί
3222 3729 3333 3783 εἱσι
3353 3768 3368 3791 ,
3421 3728 3510 3780 καὶ
3537 3718 3670 3777 καλοί
3705 3719 3822 3773 εἰσιν,

2327 3827 2409 3880 ὅτι
2440 3826 2879 3894 ἐπιτετιμήκασι.
2912 3822 2976 3875 Τί
3013 3820 3322 3884 διαϐάλλεις
3346 3819 3441 3883 τὰς
3478 3812 3733 3883 ἐπιτιμίας,
3758 3803 3826 3858 καὶ

2325 3919 2432 3972 τῶν
2462 3918 2773 3971 ἀποστόλων
2804 3914 3106 3985 ἐπιτιμίαις
3138 3914 3525 3986 χρησαμένων;
3552 3910 3608 3961 Εἰ
3630 3904 3733 3964 τοὺς
3754 3897 3825 3968 μὲν

2325 4012 2656 4074 ἀποστόλους
2687 4007 3083 4079 ἀποδεχόμεθα,
3125 4008 3222 4070 τὰς
3268 4006 3329 4059 δὲ
3375 4001 3633 4073 ἐπιτιμίας
3670 3988 3827 4079 μεμνᾷάὲ

2332 4104 2469 4176 μεθα
2499 4123 2512 4136 -
2564 4105 2624 4156 οὐ
2679 4101 2820 4156 κατά
2870 4101 3157 4171 πρόσωπον
3216 4100 3265 4152 oi
3325 4099 3476 4170 νόμοι
3528 4092 3735 4176 κρίνουσι
3776 4078 3826 4131 τὰ

2328 4174 2663 4266 πράγματα,
2727 4191 2757 4261 ἢ
2809 4189 3158 4254 δικάζουσιν·
3218 4188 3278 4241 ού
3339 4186 3471 4259 πρὸς
3517 4184 3579 4236 τὰ
3622 4174 3828 4266 πρόσωιξει

2329 4259 2708 4359 ἐρεσχἸελοῦο-ι,
2733 4259 2801 4355 τῇ
2841 4283 2898 4336 δὲ
2935 4283 3041 4336 τῶν
3079 4280 3332 4353 πράξεων
3370 4278 3626 4351 ὁμοιότητι
3659 4259 3828 4333 συντρέ⁶

2328 4394 2532 4450 χουσιν.

1241 4508 1370 4562 Car.
1410 4506 1526 4564 XV.
1560 4506 1921 4579 Evangelium,
1951 4511 2316 4568 misericordia
2337 4514 2568 4579 plenum.
2600 4512 2730 4580 Lex,
2763 4513 2949 4568 umbra
2979 4514 3300 4584 futurorum.

724 4620 833 4677 Sed
866 4636 1058 4675 rursus
1087 4618 1241 4674 aiunt
1269 4639 1281 4674 :
1313 4622 1634 4677 Misericors
1661 4630 1745 4677 est
1773 4621 1981 4691 Filius;
2014 4625 2223 4681 miseri.
2254 4631 2299 4686 ι)

650 4728 778 4770 cors
806 4713 902 4784 qui
932 4711 1222 4783 Evangelia
1249 4714 1471 4784 scripsit
1498 4732 1511 4780 ;
1558 4722 1612 4768 et
1641 4715 1737 4784 qui
1768 4716 2086 4772 misericors
2116 4726 2219 4783 est,

653 4808 799 4863 lilius
843 4814 926 4863 est
981 4805 1375 4861 misericordis.
1430 4806 1537 4863 Lex
1588 4825 1718 4864 vero
1766 4808 1905 4862 dura
1939 4820 1992 4863 et
2028 4824 2220 4878 aspera

648 4906 759 4965 est,
789 4916 901 4955 non
943 4915 1175 4971 parcens
1233 4899 1723 4970 delinquentibus:
1783 4902 2221 4957 misericordiam

654 4999 834 5047 autem
888 4991 1130 5046 continet
1180 4990 1556 5061 Evangeiium,
1603 4992 1748 5060 quod
1774 4992 1971 5047 delicta
2001 4993 2223 5062 quidem

655 5089 892 5147 coercet,
934 5083 1287 5152 poenitentias
1318 5098 1447 5138 vero
1476 5083 1757 5153 pra-dicat.
1806 5083 1983 5151 Ecce,
2015 5085 2217 5152 dicent,

656 5174 849 5230 Petrus
884 5177 1120 5247 negavit,
1161 5185 1216 5232 et
1246 5175 1498 5231 Salvator
1555 5178 1817 5246 pepercit,
1852 5186 1906 5231 et
1953 5194 2078 5233 eum
2128 5180 2221 5249 qui

657 5274 766 5319 tam
811 5281 975 5337 grave
1024 5275 1309 5337 peccatum
1368 5266 1744 5333 commiserat,
1795 5267 2127 5335 dissimulat,
2167 5278 2221 5325 et

657 5359 837 5415 minas
887 5360 1193 5415 clementiae
1249 5360 1506 5431 subjecit,
1563 5366 1622 5414 ut
1668 5363 2097 5417 essetomnibus
2129 5378 2223 5432 per

724 5538 772 5570 ⁸⁸
812 5536 876 5590 ιν
912 5536 1043 5609 Reg.
1082 5555 1132 5602 ι,
1175 5538 1260 5595 10.
1335 5539 1379 5571 ⁸⁸
1423 5538 1539 5594 Act.
1578 5542 1712 5606 xm,
1751 5540 1838 5605 lO,
1876 5541 1961 5595 il.

2410 4628 2571 4681 Ἀλλά
2616 4646 2778 4699 φησιν
2807 4644 2819 4656 ·
2885 4628 3158 4699 Ἐλεήμων
3199 4631 3228 4681 ὁ
3273 4628 3429 4690 Υἱὸς,
3473 4623 3690 4692 ἐλεήμων
3724 4618 3747 4669 ὁ
3777 4611 3827 4664 τὰ

2330 4721 2640 4789 Εύαγγέλια
2670 4721 3037 4794 γεγραφηκώς
3063 4737 3076 4750 ·
3134 4722 3227 4775 καὶ
3271 4723 3301 4775 ὁ
3365 4719 3596 4789 ἐλεήμων
3634 4704 3829 4780 γέννημά

2330 4813 2446 4865 ἐστι
2478 4812 2569 4867 τοῦ
2602 4814 2911 4885 ἐλεήμονος.
2954 4815 3012 4867 '0
3054 4814 3110 4867 δὲ
3153 4814 3316 4885 νόμος
3356 4812 3564 4885 τραχὺς.
3604 4805 3658 4860 οὗ
3683 4813 3827 4885 συττιῗ

2329 4902 2552 4957 νώσκων
2601 4883 2742 4969 τοῖς
2772 4906 3155 4977 ἡμαρτηκόσιο
3211 4883 3507 4976 σπλάγχνον
3553 4899 3604 4953 δὲ
3649 4897 3741 4965 ἔχει
3783 4883 3827 4938 τδ

2329 4995 2679 5065 Εύαγγέλιον,
2726 4997 3009 5051 συστέλλον
3061 4999 3160 5068 μὲν
3204 4997 3303 5061 τὰς
3355 4988 3713 5071 πλημμελείας

2329 5063 2519 5157 ρύττον
2561 5086 2617 5140 δὲ
2656 5087 2753 5150 τάς
2780 5063 3100 5158 ἕμετανοίας.
3159 5088 3289 5141 Ἰδοὺ
3336 5063 3504 5155 γὰρᾘὸ
3543 5074 3724 5143 MP,
3760 5063 3824 5158 λέ·

2330 5176 2498 5242 ξουσι,
2533 5180 2625 5232 καὶ
2656 5179 2863 5249 Πέτρου
2889 5179 3264 5251 ἀρνησαμένου
3291 5177 3549 5248 ἐφείσατο,
3578 5167 3658 5222 καὶ
3686 5157 3823 5251 ἀμάρς

2326 5289 2477 5342 τημα
2538 5244 2856 5343 τηλικοῦτον
2917 5244 3415 5343 πεπλημμεληκότα
3472 5261 3705 5334 παρίησι,
3754 5244 3822 5302 καὶ

2331 5364 2506 5434 ἀπλῆν
2537 5365 2634 5436 τὴν
2673 5365 3080 5436 φιλανθρωπίαν
3112 5361 3549 5435 προσπεποίηται,
3579 5349 3818 5412 ὑπόδειγμα

728 5692 840 5762 (09.)
881 5694 1164 5762 Βορέω...
1208 5693 1427 5748 παιδία.
1476 5693 1717 5763 Infantes
1762 5711 1932 5751 escam
1968 5706 2015 5748 el
2050 5696 2335 5750 conririum

2054 5696 2335 5750 ronririum
2366 5694 2502 5749 ursis
2534 5706 2945 5763 prmpamverat.
2978 5695 3101 5752 Ilaec
3138 5699 3192 5753 in
3227 5698 3463 5755 versione
3486 5690 3679 5749 omissa.
