4116 6332
393 318 530 379 1245

1370 322 1739 384 ADVERSUS
1777 320 2200 380 MANICHEOS
2234 324 2364 381 LIB.
2405 320 2485 384 ΙΙΙ.

3482 326 3620 383 1216

386 440 477 493 τὸν
508 438 672 509 ἄνδρα
699 438 860 491 παντὶ
886 437 963 509 τῷ
1000 438 1097 510 βίῳ
1128 438 1545 505 καταλελοιπὼς,
1579 440 1665 493 ἵνα
1695 440 1796 510 τῆς
1827 440 1935 491 ἑαυ·

2058 438 2366 495 universam
2403 442 2569 495 vitam
2624 441 2929 511 exemplum
2985 448 3038 498 et
3095 442 3274 513 imago
3319 443 3620 499 clementiae

383 528 478 585 τοῦ
506 529 909 603 φιλανθρωπίας
937 531 1116 584 εἰκόνα
1166 532 1367 585 ἐκεῖνον
1402 533 1678 605 παράσχῃ.
1714 531 1779 584 Τί
1805 526 1897 584 οῦν
1922 532 1951 583 6

383 623 585 695 νό;1.ος;
620 619 729 695 ἆρα
765 624 958 695 ἀπορεῖ
990 622 1088 694 τῆς
1132 625 1431 695 μιμήσεως,
1480 625 1572 677 καὶ
1620 621 1949 694 κατάλληλον

382 714 566 771 εἰκόνα
597 716 695 769 οὐκ
725 714 834 786 ἔχει
854 734 868 782 ;
890 713 1012 768 ’Καὶ
1046 712 1247 787 Πέτρος
1279 716 1394 787 μὲν,
1420 716 1701 779 σπουδαῖος
1731 714 1825 778 ὢν,
1856 714 1949 767 καὶ

384 806 626 874 σφαλεὶς,
667 807 857 877 ἀφέσει
909 806 1001 860 καὶ
1045 809 1382 880 συγχωρήσει
1420 808 1739 880 τετίμηταιο
1776 807 1948 870 οὐδεὶς

380 900 437 952 δὲ
468 902 524 952 ὲν
668 900 835 970 νόμῳ,
872 900 1263 971 πλημμελήσας
1282 942 1295 963 ,
1329 902 1420 953 καὶ
1458 901 1599 973 μέγα
1630 899 1949 970 πλημμελή-

385 1008 504 1055 σας,
545 991 610 1061 τῇ
642 991 893 1062 μετανοίᾳ
926 991 1021 1060 τὴν
1061 992 1251 1060 ἄφεσιν
1296 991 1711 1063 ἐμνηστεύσατο.
1751 992 1813 1043 Ei
1850 991 1946 1061 μὲν

381 1083 491 1156 γὰρ
520 1083 821 1151 ἀγνοοῦσιν,
850 1083 1082 1155 ἐροῦμεν
1116 1084 1174 1136 τὺ
1202 1084 1613 1156 γεγραμμένονο
1656 1083 1947 1150 Ἐλέησόν

372 1192 472 1246 με,
517 1178 549 1229 ό
589 1174 752 1243 Θεὸς,
794 1175 942 1229 κατὰ
979 1175 1043 1229 τὸ
1085 1174 1236 1245 μέγα
1282 1176 1453 1243 ἔλεός
1482 1190 1626 1229 σου’
1672 1173 1946 1228 καὶκατὰ

375 1266 443 1320 τὸ
480 1267 713 1336 πλῆθος
750 1266 866 1320 τῶν
889 1267 1201 1336 οἰκτιρμῶν
1221 1284 1335 1321 σου
1360 1266 1684 1347 ὲξάλειψρν
1716 1266 1780 1319 τὸ
1801 1267 1943 1319 ἀνό-

370 1357 537 1427 μημιὶ
562 1375 678 1426 μου
700 1373 714 1386 °
754 1357 849 1410 ἐπὶ
873 1356 1083 1410 πλεῖον
1111 1357 1347 1410 πλῦνον
1379 1374 1453 1426 με
1484 1356 1601 1410 ἀπὸ
1645 1354 1754 1423 τῆς
1801 1355 1942 1409 ἀνοι-

368 1454 513 1520 μίας
532 1468 671 1518 μου,
716 1448 811 1503 καὶ
837 1450 952 1504 ἀπὸ
995 1449 1105 1519 τῆς
1137 1450 1421 1519 ἁμαρτίας
1456 1467 1574 1519 μου
1619 1448 1945 1518 καθάρισον

370 1553 465 1611 με.
498 1540 598 1593 Σοὶ
633 1541 799 1609 μόνῳ
822 1538 1102 1609 ἥμαρτον,
1140 1541 1237 1594 καὶ
1281 1541 1343 1594 τὸ
1387 1540 1653 1610 πονηρὸν
1690 1541 1944 1596 ἐνώπιόν

373 1650 488 1687 σου
522 1630 797 1701 ἐποίησα.
848 1636 910 1689 Εἰ
955 1634 1011 1688 δὲ
1060 1636 1225 1699 ἴσασι,
1270 1636 1336 1705 τῇ
1387 1635 1696 1707 κακομυθίᾳ
1745 1638 1942 1707 ἐχεμυ-

374 1723 465 1779 θοῦ
474 1743 574 1780 σιν.

2059 526 2378 587 Salvatoris.
2415 531 2556 599 Quid
2607 532 2774 601 igitur
2828 533 2955 587 lex?
3014 549 3082 588 an
3116 542 3266 588 caret
3315 534 3619 591 imitatione

2055 622 2309 690 exempli,
2341 631 2393 677 et
2426 638 2535 677 non
2568 622 2730 677 habet
2766 623 3051 694 imaginem
3081 639 3265 695 parem
3299 632 3352 680 et
3380 625 3507 681 huic
3530 641 3619 681 re-

2055 715 2451 783 spondentem?
2481 716 2556 769 Ac
2583 714 2779 771 Petrus
2807 717 3025 787 quidem
3059 719 3242 773 studio
3274 719 3494 774 virtutis
3517 721 3616 775 de-

2054 804 2223 869 ditus,
2254 814 2308 860 et
2336 807 2546 877 lapsus,
2576 808 2733 861 venia
2774 818 2828 862 et
2866 809 3268 864 condonatione
3310 811 3615 866 honoratus

2052 905 2137 952 est
2163 916 2175 951 :
2208 900 2261 951 in
2290 899 2405 968 lege
2441 906 2620 953 autem
2651 910 2810 953 nenro
2834 908 2956 969 post
2987 909 3294 969 peccatum,
3314 907 3366 956 et
3390 901 3614 970 quidem

2052 1005 2332 1061 magnum,
2360 992 2574 1045 veniam
2612 993 2712 1047 sibi
2748 1009 2842 1062 per
2875 993 3248 1062 paenitentiam
3279 994 3611 1049 conciliavit.

2055 1080 2110 1133 Si
2146 1082 2289 1136 enim
2326 1083 2601 1153 ignorant,
2630 1085 2985 1139 recitabimus
3014 1084 3157 1153 quod
3192 1086 3455 1154 scriptum
3485 1094 3570 1141 est
3596 1105 3610 1141 :

2056 1171 2310 1227 Miserere
2336 1175 2468 1240 mei,
2504 1172 2638 1228 Deus
2661 1215 2676 1236 ,
2729 1175 3013 1229 secundum
3039 1192 3283 1244 magnam
3319 1176 3614 1230 misericor-

2051 1263 2198 1317 diam
2234 1275 2399 1320 tuam.
2451 1264 2518 1318 Et
2555 1265 2840 1320 secundum
2873 1266 3262 1321 multitudinem
3312 1270 3608 1323 miseratio-

2050 1373 2172 1409 num
2209 1367 2421 1411 tuarum
2445 1358 2560 1411 dele
2592 1359 2919 1428 iniquitatem
2952 1375 3139 1412 meam.
3193 1358 3438 1428 Amplius
3493 1361 3613 1412 lava

2049 1463 2130 1500 me
2161 1446 2225 1499 ab
2256 1448 2532 1516 iniquitate
2560 1465 2696 1514 mea,
2735 1458 2782 1501 et
2828 1466 2860 1502 a
2894 1459 3104 1518 peccato
3130 1467 3241 1504 meo
3272 1451 3467 1503 munda
3508 1467 3608 1505 me.

2052 1538 2168 1593 Tibi
2198 1540 2297 1594 soli
2330 1540 2556 1609 peccavi,
2588 1549 2637 1593 et
2661 1539 2860 1593 malum
2888 1558 3067 1595 coram
3113 1551 3158 1594 te
3192 1542 3290 1610 feci
3320 1543 3388 1594 ⁹⁰.
3428 1542 3481 1595 Si
3513 1559 3611 1596 au-

2047 1640 2157 1687 tem
2194 1647 2303 1687 non
2335 1632 2611 1702 ignorant,
2653 1634 2749 1687 sed
2784 1633 2986 1697 sciunt,
3026 1633 3301 1689 silentium
3342 1641 3527 1690 tenent
3554 1635 3609 1688 in

2048 1725 2190 1778 man
2220 1738 2491 1779 sermone.

454 1819 681 1888 Ἀδελφὰ
705 1814 795 1873 οῦν
826 1819 892 1873 τά
920 1820 1218 1892 πράγματα
1239 1840 1252 1853 ο
1285 1822 1466 1892 ὅμοιαι
1501 1823 1555 1874 αἱ
1589 1822 1793 1885 εἰκόνες
1812 1838 1824 1852 ·
1851 1822 1935 1876 καὶ

2116 1815 2371 1886 Cognatae
2390 1817 2554 1885 igitur
2580 1822 2635 1871 et
2652 1828 2924 1886 germanae
2946 1822 3072 1868 sunt
3091 1829 3201 1881 res,
3235 1815 3448 1870 similes
3472 1816 3609 1870 ima-

370 1904 474 1965 ὧδε
516 1911 612 1981 μὲν
656 1912 880 1985 Πέτρος,
920 1915 1036 1966 ἐκεῖ
1076 1913 1133 1966 δὲ
1176 1916 1204 1966 6
1256 1913 1611 1986 ἱεροιζιὸιλτης⁸
1663 1916 1808 1978 ὅπως
1848 1916 1943 1969 καὶ

375 2004 623 2073 μεγάλων
656 2004 958 2077 ἀνθρώπων
990 2005 1255 2077 πτώματα
1304 2006 1568 2078 μεγάλαις
1609 2010 1703 2061 καὶ
1731 2026 1941 2077 συγχω-

375 2096 595 2166 ρήσεσιν
646 2096 806 2168 ίαθῇ-
853 2097 947 2150 καὶ
999 2100 1112 2161 τοῖς
1164 2099 1372 2169 μεγάλα
1419 2100 1716 2171 ἠτοπηκόσι
1772 2101 1943 2172 μέγας

370 2188 466 2241 καὶ
503 2190 530 2241 6
575 2189 861 2260 γενόμενος
907 2191 1074 2253 ἔλεος.
1126 2192 1187 2244 Εἰ
1231 2192 1328 2262 μὲν
1367 2189 1457 2246 οῦν
1506 2193 1841 2264 θαυμάζουσι
1873 2192 1941 2246 τὰ

369 2279 695 2348 Εὐαγγέλια,
745 2284 827 2335 ὅτι
868 2284 1073 2353 Πέτρος
1115 2283 1316 2355 ἠλεήθη
1339 2302 1352 2315 ’
1390 2283 1831 2354 θαυμαζέτωσαν,
1859 2286 1940 2340 ὅτι

370 2370 466 2422 καὶ
498 2371 659 2425 Δαόὶδ
687 2372 910 2444 ἡλέηται
933 2392 943 2403 ·
969 2375 1016 2426 εί
1049 2373 1103 2427 δὲ
1135 2374 1432 2434 αἰτιῶνται,
1466 2375 1547 2428 ὅτι
1589 2374 1724 2446 μετὰ
1752 2375 1940 2428 τοσάδε

370 2461 469 2513 οὐκ
509 2461 701 2532 ἀφείθη
754 2464 781 2514 6
831 2462 1013 2526 Δαϐὶδ,
1060 2462 1178 2514 οὐδὲ
1227 2462 1477 2532 φεύξεται
1518 2462 1583 2514 δι’
1609 2463 1802 2525 αὐτοὺς
1844 2461 1941 2532 τὴν

371 2552 548 2606 αἰτίαν
597 2554 714 2607 οὐδὲ
761 2556 790 2607 6
839 2556 1074 2625 Πέτρος’
1126 2556 1219 2608 καὶ
1269 2554 1406 2620 δόξει
1455 2555 1553 2625 μὲν
1596 2555 1733 2608 κατὰ
1779 2555 1938 2625 μόνου

369 2642 531 2695 Δαϐὶδ
557 2639 692 2696 εἶναι
718 2644 749 2714 ή
785 2644 958 2707 αἰτία,
985 2646 1049 2715 τῇ
1084 2644 1139 2698 δὲ
1171 2645 1394 2716 δυνάμει
1436 2644 1939 2716 κατηγορηθήσεται

370 2734 463 2787 καὶ
488 2737 516 2788 6
546 2736 747 2806 Πέτρος
782 2739 847 2806 τῇ
889 2737 1025 2807 αὐτῇ
1073 2737 1396 2808 κατηγορίᾳ.
1442 2738 1506 2790 El
1561 2737 1615 2790 δὲ
1656 2737 1936 2807 φήσουσιν,

368 2825 451 2879 ὅτι
483 2826 620 2896 καλὴ
668 2827 765 2896 μὲν
810 2829 841 2895 ἡ
892 2826 1253 2898 συγχώρησις,
1296 2827 1455 2900 μέχρι
1483 2828 1539 2881 δὲ
1583 2828 1765 2899 ὲνὸςὴ
1813 2844 1940 2895 συγ-

367 2916 609 2988 χώρησις
650 2917 742 2970 τοῦ
786 2918 1013 2970 παλαιοῦ
1047 2919 1210 2988 νόμου
1260 2918 1479 2985 ἔφθασε,
1521 2918 1727 2989 πληθὺς
1764 2918 1819 2971 δὲ
1853 2919 1940 2969 ἐνο

365 3006 539 3058 ταῦθα
602 3007 1030 3077 συγχωρήσεως.
1091 3007 1183 3060 καὶ
1235 3007 1468 3075 πέλαγος
1522 3008 1794 3075 ἀφέσεως,
1844 3007 1937 3060 καὶ

367 3101 516 3171 φωνή
559 3102 672 3152 ἐστι
722 3099 1041 3172 βεϐοηκυία·
1099 3101 1275 3154 Δεῦτε
1321 3099 1469 3168 πρὸς
1504 3099 1601 3168 μὲ,
1634 3099 1855 3164 πάντες
1882 3103 1936 3153 οἱ

367 3188 690 3254 κοπιῶντες
740 3191 837 3243 καὶ
877 3188 1351 3258 πεφορτισμένοι,
1402 3188 1561 3257 κάγὼ
1608 3190 1935 3242 ἀναπαύσω

365 3277 552 3347 ὑμᾶς*
589 3278 980 3348 ἁναγνὼτωσαν
1013 3279 1081 3331 τὰ
1111 3278 1331 3342 παλαιὰ,
1367 3279 1456 3332 καὶ
1496 3278 1677 3348 θαῦμα
1704 3278 1811 3330 τῶν
1839 3296 1931 3347 γε-

364 3382 518 3442 γραμ
525 3370 705 3440 μένων
722 3369 1161 3441 λαμϐανέτωσαν.
1626 3375 1644 3390 '

434 3547 497 3599 El
525 3546 580 3599 δὲ
611 3546 678 3600 δι’
706 3546 1066 3618 ἀμελετησίαν
1093 3550 1204 3610 τοῖς
1220 3546 1538 3618 γράμμασιν
1567 3548 1806 3617 ἐντυχεῖν
1834 3550 1932 3603 οὐκ

363 3637 659 3708 ἀνέχονται,
713 3638 990 3691 κάνταῦθα
1026 3638 1126 3708 τῆς
1173 3639 1351 3702 αἰτίας
1397 3638 1600 3710 ταύτης
1659 3639 1931 3693 ἀπαλλατ-

362 3727 621 3783 τέτωσαν.
660 3730 718 3782 '0
764 3729 953 3802 Σωτὴρ
998 3729 1178 3799 λέγει·
1224 3730 1433 3794 Δεῦτε,
1479 3730 1701 3797 πάντες
1731 3735 1786 3785 οι
1830 3750 1931 3787 κο-

363 3818 619 3886 πιῶντες
686 3818 786 3873 καὶ
836 3818 1330 3888 πεφορτισμένοι,
1388 3817 1548 3887 κάγὼ
1601 3819 1932 3873 ἀναπαύσω

360 3911 546 3983 ὑμᾶς·
600 3912 789 3965 οὐδένα
854 3911 1067 3983 παρεὶς,
1102 3911 1301 3982 μηδένα
1351 3910 1661 3975 ἀπολιπὼν,
1724 3912 1931 3975 πάντας

362 4004 689 4078 περιλαϐών.
732 4005 789 4058 Ὀ
811 4004 865 4056 δὲ
886 4004 1203 4074 ἱεροψάλτης
1228 4003 1372 4071 λέγει
1391 4020 1404 4033 ’
1438 4001 1636 4057 Πάντα
1664 4004 1739 4058 τὰ
1762 4003 1926 4072 ἔθνη,

362 4096 692 4164 κροτήσατε
715 4096 917 4167 χεῖρας
936 4116 950 4129 ·
986 4098 1078 4151 καὶ
1105 4097 1263 4152 πάλιν
1285 4115 1298 4128 ⁸
1346 4099 1759 4160 Ἐφοωτίσασθε,
1788 4096 1929 4150 πάν-

361 4206 460 4254 τες
497 4191 550 4242 οἱ
573 4190 991 4255 κατοικοῦντες
1041 4193 1156 4257 τὴν
1187 4188 1564 4259 οἰκουμένην,
1598 4190 1655 4242 οἵ
1687 4206 1749 4243 τε
1768 4206 1928 4259 γηγε-

358 4280 485 4345 νεῖς
500 4280 596 4334 καὶ
618 4281 731 4335 υἱοὶ
758 4279 876 4334 τῶν
890 4281 1232 4350 ἀνθρώπων,
1254 4281 1349 4334 ἐπὶ
1376 4279 1441 4333 τὸ
1465 4279 1612 4334 αὐτὸ
1634 4281 1928 4347 πλούσιος

360 4372 458 4427 καί
486 4372 695 4442 πένης.
722 4375 931 4438 Πάντες
958 4375 1017 4439 ἐξ
1055 4374 1406 4444 Εῦαγγελίου,
1440 4373 1641 4437 πάντες
1669 4374 1731 4425 ἐκ
1763 4373 1925 4444 νόμου

360 4466 689 4537 κεκίνηνταιυ
714 4467 901 4522 οὐδένα
919 4468 1275 4539 παραλέλοιπε
1288 4467 1346 4521 τὸ
1366 4466 1690 4535 Εὑαγγέλιον
1710 4483 1723 4495 °
1740 4465 1927 4520 οὐδένα

358 4559 567 4629 ἀφῆκεν
627 4561 655 4611 6
706 4558 886 4629 νόμος.
951 4558 1175 4628 Ἐϐόησε
1208 4558 1268 4610 τὸ
1309 4557 1675 4625 Εὐαγγέλιον³
1734 4558 1925 4610 Μετα-

358 4648 565 4711 νοεῖτε,
591 4648 794 4719 ἥγγικε
818 4650 925 4719 γὰρ
956 4651 992 4717 ἡ
1009 4650 1296 4714 βασιλεία
1323 4650 1441 4703 τῶν
1466 4648 1754 4717 οὐρανῶν.
1784 4650 1926 4721 Πρὸς

358 4742 565 4806 πάντας
598 4742 773 4812 ἀφῆκε
808 4742 902 4812 τὴν
947 4744 1160 4814 ὁμιλίαν
1214 4743 1433 4814 ταύτην.
1470 4744 1726 4797 Πταίουσι
1761 4743 1926 4796 διελέ-

357 4853 483 4904 γετο
505 4853 518 4865 ·
557 4834 913 4905 ἐσφαλμένοις
967 4836 1190 4906 ὡμίλει·
1226 4837 1326 4908 ἤδη
1372 4836 1596 4891 θάνατον
1624 4835 1925 4906 ὀφείλουσιν

356 4929 680 4998 ἐφθέγγετο·
735 4926 1040 4999 ἐλευθερίαν
1094 4930 1182 4983 διὰ
1231 4930 1327 4983 τοῦ
1368 4931 1716 5002 κηρύγματος
1789 4944 1923 5000 προ-

355 5021 732 5093 εμνηστεύετο.

440 5114 780 5185 Ἐπεδήμησε
803 5116 897 5168 καὶ
946 5116 1129 5171 Ἰωνᾶς
1171 5118 1228 5169 ὲν
1254 5118 1319 5188 τῇ
1359 5114 1564 5176 Νινευῖ,
1596 5116 1653 5168 ἐν
1686 5113 1836 5167 πόλει
1859 5113 1920 5167 οὐ

361 5207 551 5278 μικρᾷ,
585 5208 642 5259 ἐν
676 5206 815 5260 ἔθνει
853 5206 1279 5279 πολυανθρώπῳ.
1312 5208 1420 5279 Τὴν
1464 5207 1687 5279 ἀπειλὴν
1720 5205 1917 5271 ἔδειξεο

356 5299 452 5368 τὴν
481 5299 758 5369 ἐπιτιμίαν
789 5299 888 5352 οὐκ
915 5298 1218 5366 ἐσιώπησεν
1242 5316 1254 5330 ⁸
1289 5300 1479 5372 ὲόόησε
1505 5298 1817 5373 πληκτικῶς
1844 5298 1920 5370 τῷ

354 5389 517 5461 λόγῳ.
549 5388 671 5445 Εἷδε
692 5393 815 5456 τοὺς
837 5392 1031 5464 ἄνδρας
1050 5408 1063 5421 ·
1091 5394 1169 5457 εἰς
1188 5393 1473 5463 μετάθεσιν
1492 5393 1719 5464 ἤνεγκεν
1740 5409 1754 5426 ο
1781 5394 1915 5446 ἁπο-

353 5477 545 5542 tam;
580 5480 679 5549 τῆς
725 5482 997 5552 ἁμαρτίας
1049 5482 1358 5552 εἰργάσατο.
1413 5484 1476 5536 Ἡ
1511 5481 1919 5554 προκατηγγελ-

355 5569 492 5642 μένη
520 5571 764 5642 ἐπιτιμία
797 5570 966 5643 ᾤχετο
985 5588 997 5601 °
1026 5570 1169 5636 ἕλεος
1192 5572 1454 5644 διεδέχετο
1474 5590 1486 5603 ’
1518 5573 1577 5627 τὸ
1592 5572 1916 5646 ζητούμενον

427 5750 474 5783 ’⁸
516 5751 656 5808 Psal.
696 5768 760 5823 ι,
794 5756 848 5820 5,
884 5754 946 5813 ι.
987 5755 1037 5811 6.

1639 5896 1697 5947 ὃν

1140 5757 1191 5835 ,αι
1235 5756 1423 5812 Matth.
1460 5774 1546 5825 ιι,
1581 5739 1670 5935 2f.
1710 5832 1717 5837 ﬁ
1750 5760 1793 5792 οι
1832 5757 1975 5817 Psal.

1639 5896 1697 5935 ἦν

2043 1908 2195 1979 gines
2232 1926 2245 1961 :
2292 1917 2453 1975 atque
2481 1908 2567 1961 hic
2597 1908 2818 1977 quidem
2847 1905 3041 1960 Petrus
3063 1948 3077 1971 ,
3117 1906 3228 1960 illic
3251 1922 3382 1961 vero
3414 1906 3606 1974 David;

2043 2011 2103 2054 ut
2138 2015 2459 2071 magnorum
2498 2000 2738 2054 virorum
2793 1998 2979 2068 lapsus
3010 2015 3204 2070 magna
3240 1999 3404 2053 etiam
3448 1998 3608 2053 venia

2042 2102 2305 2147 curentur
2336 2132 2350 2156 ,
2386 2101 2439 2147 et
2477 2091 2544 2146 iis
2574 2092 2667 2161 qui
2699 2092 2938 2161 graviter
2980 2090 3360 2161 deliquerunt,
3412 2105 3608 2159 magna

2042 2186 2205 2239 etiam
2237 2183 2612 2240 misericordia
2641 2183 2845 2237 tributa
2872 2184 2964 2238 sit.
2997 2182 3053 2237 Si
3085 2183 3252 2253 igitur
3268 2182 3609 2236 admirantur

2041 2277 2354 2348 Evangelia,
2385 2277 2511 2347 quia
2544 2275 2739 2330 Petrus
2796 2275 3234 2329 misericordiam
3275 2280 3606 2328 consecutus

2042 2378 2159 2425 est:
2193 2368 2534 2423 admirentur
2557 2368 2723 2421 etiam
2756 2367 2950 2437 legem,
2986 2367 3111 2435 quia
3152 2375 3206 2420 et
3239 2366 3401 2420 David
3444 2366 3607 2419 mise-

2041 2461 2332 2516 ricordiam
2367 2462 2595 2530 adeptus
2624 2467 2726 2514 est.
2763 2458 2821 2512 Si
2868 2469 3050 2512 autem
3101 2459 3270 2527 legem
3305 2467 3605 2524 accusant,

2040 2555 2166 2624 quia
2197 2560 2319 2624 post
2360 2560 2512 2606 tanta
2539 2552 2736 2607 delicta
2764 2567 2872 2606 non
2908 2559 2992 2606 est
3022 2549 3192 2604 David
3222 2551 3350 2605 data
3400 2550 3558 2605 venia
3587 2567 3603 2616 ;

2038 2658 2216 2713 neque
2254 2641 2448 2697 Petrus
2480 2641 2735 2711 Opinione
2755 2658 2968 2704 eorum,
3002 2643 3276 2711 querelam
3300 2651 3353 2696 et
3379 2655 3607 2695 accusa-

2040 2738 2241 2790 tionem
2272 2735 2528 2806 ell‘ugiet:
2562 2744 2616 2790 et
2640 2735 2915 2791 videbitur
2940 2733 3160 2804 quidem
3205 2743 3393 2787 contra
3428 2732 3605 2789 solum

2040 2826 2209 2880 David
2234 2827 2377 2880 facta
2409 2828 2720 2891 accusatio;
2753 2825 2847 2882 sed
2894 2828 3074 2895 rcipsa
3126 2826 3315 2881 eadem
3374 2841 3605 2882 accusa-

2039 2918 2188 2971 tione
2226 2918 2580 2971 accusabitur
2623 2917 2840 2972 Petrus.
2878 2917 2933 2970 Si
2971 2926 3152 2972 autcm
3190 2918 3465 2984 dixerint,
3508 2919 3603 2973 bo-

2037 3024 2162 3063 nam
2197 3010 2415 3079 quidem
2447 3026 2570 3065 esse
2602 3011 2837 3074 veniam,
2877 3009 2970 3065 sed
2994 3011 3206 3063 veniam
3237 3012 3437 3065 veteris
3466 3012 3601 3080 legis

2039 3120 2212 3174 usque
2246 3104 2313 3157 ad
2351 3119 2518 3157 unum
2547 3104 2852 3175 pertigisse,
2875 3104 2927 3156 in
2952 3102 3241 3172 Evangelia
3263 3111 3439 3156 autem
3468 3102 3605 3154 mul-

2038 3202 2146 3249 tam
2179 3211 2302 3251 esse
2331 3196 2566 3260 veniam,
2590 3204 2643 3250 et
2663 3197 2888 3266 pelagus
2914 3194 3369 3259 condonationis;
3407 3205 3456 3248 et
3491 3194 3603 3248 cla-

2036 3295 2147 3340 mat
2175 3287 2250 3341 ibi
2282 3286 2568 3342 Salvator:
2615 3288 2796 3342 Venite
2829 3289 2896 3340 ad
2936 3303 3035 3349 me,
3076 3302 3253 3340 omnes
3277 3286 3365 3355 qui
3394 3286 3605 3339 labora-

2037 3377 2103 3427 tis
2134 3385 2183 3429 et
2212 3378 2416 3430 onerati
2458 3378 2605 3445 estis,
2644 3387 2692 3431 et
2744 3394 2836 3448 ego
2872 3378 3109 3446 reﬁciam
3158 3394 3246 3431 vos
3288 3377 3360 3441 9‘,
3416 3378 3601 3446 legant

2034 3477 2305 3531 vetera,et
2330 3471 2521 3524 subeat
2550 3470 2842 3523 admiratio
2869 3486 3058 3524 eorum
3084 3485 3203 3541 qua:
3223 3469 3427 3540 scripta
3450 3481 3597 3525 sunt.

2106 3558 2161 3614 Si
2216 3569 2395 3615 autem
2445 3571 2667 3632 propter
2715 3562 3152 3636 dissuctudinem
3197 3563 3600 3619 exercitationis

2034 3650 2227 3704 nolunt
2251 3651 2427 3721 legere
2456 3653 2682 3721 scripta,
2709 3651 2876 3706 etiam
2914 3650 3002 3705 hic
3025 3651 3280 3706 desinant
3311 3665 3596 3707 accusare.

2035 3743 2284 3798 Salvator
2317 3744 2484 3799 dicit:
2530 3743 2709 3797 Venite
2744 3742 2813 3797 ad
2864 3761 2963 3807 me,
3010 3761 3183 3799 omnes
3228 3745 3317 3814 qui
3342 3744 3598 3798 laboratis

2032 3846 2080 3888 et
2106 3835 2309 3889 onerati
2340 3835 2487 3897 estis,
2531 3844 2578 3887 et
2599 3850 2691 3903 ego
2720 3836 2954 3903 reﬁciant
2994 3852 3081 3889 vos
3110 3852 3127 3888 :
3162 3836 3433 3890 neminem
3461 3850 3598 3904 pra:-

2031 3926 2285 3983 termisit.
2323 3926 2590 3980 neminem
2641 3926 2878 3996 reliquit,
2912 3941 3103 3980 omnes
3129 3928 3445 3995 complexus
3475 3933 3595 3981 est:

2031 4016 2200 4071 David
2233 4033 2358 4072 vero
2390 4021 2465 4071 ait
2495 4035 2508 4071 :
2540 4016 2729 4072 Omnes
2758 4028 2952 4089 gentes,
2989 4018 3224 4088 plaudite
3264 4018 3506 4072 manibus
3528 4019 3595 4072 ".

2031 4108 2097 4164 Et
2134 4126 2328 4165 rursus
2361 4129 2373 4163 :
2421 4109 2652 4163 Auribus
2698 4113 2963 4179 percipite.
2992 4128 3167 4166 omnes
3208 4113 3297 4182 qui
3340 4110 3595 4164 habitatis

2031 4205 2228 4271 orbem,
2258 4205 2445 4274 quique
2479 4204 2749 4274 terrigena:
2790 4214 2838 4258 et
2893 4206 2995 4275 ﬁlii
3035 4206 3324 4271 hominum,
3351 4202 3511 4258 simul
3542 4203 3597 4257 in

2030 4313 2192 4350 unum
2229 4297 2369 4351 dives
2394 4305 2444 4351 et
2492 4295 2772 4365 pauper”.
2804 4296 3005 4352 Omnes
3038 4297 3091 4350 in
3130 4296 3421 4368 Evangelia
3446 4295 3596 4350 exci-

2030 4391 2131 4445 tati
2163 4396 2324 4452 sunt,
2360 4404 2551 4444 omnes
2590 4391 2644 4444 in
2683 4391 2817 4462 lege.
2855 4389 3133 4446 Neminem
3167 4389 3386 4460 reliquit
3419 4387 3596 4442 Evan-

1958 4482 2261 4562 Dgelium,
2305 4482 2576 4538 neminem
2635 4484 2718 4538 lex
2772 4483 2976 4536 omisit.
3035 4481 3300 4536 Clamavit
3349 4481 3593 4551 Evange—

2026 4579 2181 4639 lium,
2199 4576 2344 4646 Agite
2366 4576 2742 4643 paznitentiam,
2762 4576 3189 4645 appropinquavit
3216 4575 3354 4627 enim
3381 4589 3595 4644 regnum

2028 4668 2358 4724 caelorum”.
2386 4666 2650 4722 Omnibus
2670 4667 2876 4721 dimisit
2899 4668 3036 4721 hanc
3060 4666 3592 4731 sermocinationem;

2027 4777 2151 4816 cum
2172 4758 2619 4828 delinquentibus
2656 4759 3000 4830 loquebatur,
3029 4774 3153 4813 cum
3178 4757 3345 4827 lapsis
3384 4770 3596 4811 sermo-

2026 4868 2150 4907 nem
2206 4850 2477 4916 habebat,
2528 4865 2651 4904 cum
2678 4850 2745 4905 iis
2790 4851 2881 4921 qui
2935 4850 3046 4918 jam
3086 4857 3240 4904 erant
3268 4847 3345 4902 rei
3377 4846 3591 4911 mortis,

2006 4938 2370 5009 loquebatur,
2400 4938 2704 4994 libertatem
2747 4954 2841 5008 per
2870 4938 3303 5009 praedicationem
3348 4950 3596 5007 praceu-

2029 5031 2266 5086 ciliabat.

2098 5118 2384 5175 Proiectus
2428 5128 2513 5175 cst
2546 5117 2714 5174 Jonas
2748 5118 3015 5183 Ninivcm,
3057 5134 3177 5189 qua:
3223 5126 3342 5175 erat
3397 5120 3591 5175 civitas

2028 5226 2137 5265 non
2177 5225 2362 5279 parva,
2396 5218 2449 5265 et
2482 5226 2674 5282 magna
2717 5211 2955 5282 gentium
2993 5210 3296 5280 frequentia
3324 5209 3587 5265 habitata.

2028 5299 2214 5355 Edidit
2246 5302 2747 5367 comminationem,
2797 5316 2904 5355 non
2942 5302 3159 5357 reticuit
3186 5314 3424 5369 poenam,
3476 5300 3589 5355 cla-

2026 5393 2213 5457 mavit,
2265 5394 2559 5461 perterruit
2603 5408 2877 5449 sermone.
2910 5391 3060 5448 Vidit
3099 5393 3267 5457 viros,
3301 5391 3368 5446 ad
3407 5399 3587 5445 muta-

2023 5481 2227 5536 tionem
2279 5482 2403 5536 vita:
2447 5482 2679 5552 impulit,
2729 5479 2858 5536 fecit
2903 5490 2959 5535 ut
2997 5491 3281 5552 peccatum
3330 5483 3583 5553 repudia-

2024 5581 2167 5628 rent.
2205 5570 2578 5627 Pracnuntiata
2619 5573 2966 5628 comminatio
3006 5573 3156 5639 abiit,
3189 5573 3454 5629 successit
3480 5574 3584 5628 mi-

3081 5759 3127 5793 "
3166 5759 3352 5816 Matth.
3392 5775 3451 5814 in
3476 5797 3492 5827 ,
3522 5756 3577 5812 2.

2022 5777 2145 5819 XLVI
2168 5801 2183 5829 ,
2219 5760 2274 5818 Ξ.
2352 5762 2396 5796 ’³
2432 5760 2579 5819 Psal.
2614 5761 2886 5830 xnvmﬁ,
2932 5759 2985 5816 ὅ.
