4116 6332
662 337 802 395 1247
1822 333 1957 388 TITI
1995 331 2416 390 BOSTllENSIS
2447 331 2751 390 EPISCOPI
2898 367 2903 375 ι
3726 343 3832 401 tata

660 451 979 509 serieordia.
1011 447 1236 504 Factum
1280 457 1365 505 est
1396 449 1565 520 quod,
1600 460 1658 504 ut
1683 448 1856 508 ﬁeret.
1892 449 2218 503 curabatur:
2256 454 2285 511 Α

2205 468 2218 500 :
2256 454 2297 511 Α
2326 448 2548 516 γέγονεν
2569 465 2584 479 ο
2615 449 2674 502 οὐ
2703 448 2812 519 γὰρ
2837 451 2869 520 ή
2898 448 3006 502 τῶν
3024 448 3322 520 ἀνθρώπων
3345 449 3605 522 ἀναίρεσις
3619 451 3829 522 ἐζητεῖτο.

660 557 771 598 non
808 540 952 596 enim
990 542 1242 595 interitus
1293 541 1663 610 quaerebatur,
1713 539 1809 595 sed
1850 540 2082 596 mutatio
2116 555 2229 596 mo-

2206 569 2229 582 ο
2328 541 2440 595 ἀλλ’
2468 544 2500 612 ἡ
2533 542 2640 595 τῶν
2673 543 2887 614 τρόπων
2952 541 3219 613 μεταϐολὴ
3253 545 3531 613 ἡρευνᾶτο.
3565 546 3663 598 Καὶ
3689 548 3831 620 ἐπειδὴ

660 649 793 689 rum
830 633 1204 704 indagabatur.
1256 631 1553 702 Postquam
1604 632 1804 686 factum
1860 641 1945 687 est
1994 632 2117 696 hoc,
2173 640 2228 688 et

2207 640 2228 686 t
2326 632 2513 701 γέγονε
2554 633 2615 687 τὸ
2668 631 2921 706 ξητηθὲν,
2978 636 3073 688 καὶ
3135 635 3535 705 μετεϐλήθησαν
3572 638 3617 689 ol
3658 638 3829 710 ἄνδρες,

656 728 760 783 viri
800 727 993 781 mutati
1040 734 1205 791 sunt,
1261 725 1514 796 apparuit
1555 726 1759 780 donum
1797 724 1926 791 Dei;
1970 727 2226 781 clamavit

2207 734 2226 780 t
2326 724 2496 796 ἐφάνη
2564 726 2656 779 τοῦ
2721 724 3103 797 φιλανθρώπου
3186 728 3218 797 ἡ
3278 727 3480 799 δωρεά·
3526 728 3695 800 ἐϐόησε
3745 747 3832 784 συν·

655 818 832 875 Judex
865 819 1230 889 patrocinium
1258 818 1602 889 suscipiens;
1634 818 1771 873 dixit
1801 818 2057 873 ministro
2082 834 2181 873 suo
2207 836 2220 871 :

657 909 720 966 Si
764 920 816 963 tn
864 910 1106 964 tristatus
1136 926 1190 963 es
1226 925 1321 977 pro
1356 909 1632 964 cucurbita
1673 925 1768 979 pro
1812 926 1915 979 qua
1948 926 2049 964 non
2077 909 2225 964 labo-

655 1004 811 1067 rasti,
845 1019 960 1072 qua:
990 1003 1083 1083 sub
1126 1019 1230 1055 una
1264 1013 1412 1057 nocte
1441 1013 1570 1056 nata
1603 1011 1678 1055 est
1712 1010 1762 1055 et
1791 1002 1885 1054 sub
1933 1018 2040 1056 una
2077 1013 2223 1057 nocte

652 1095 849 1165 periit;
900 1110 992 1164 ego
1043 1110 1161 1147 vero
1208 1110 1310 1147 non
1363 1109 1579 1162 parcam
1628 1107 1722 1161 pro
1778 1090 1967 1146 Ninive
2015 1094 2223 1148 civitate

652 1201 864 1255 magna,
908 1185 961 1238 in
995 1200 1099 1254 qua
1131 1183 1373 1237 habitant
1427 1184 1546 1252 plus
1591 1199 1750 1253 quam
1792 1193 1994 1251 centum
2039 1185 2221 1255 viginti

651 1278 823 1331 millia
857 1278 1148 1341 hominum,
1187 1286 1235 1331 et
1289 1277 1456 1330 multa
1478 1275 1721 1345 jumenta
1744 1272 1789 1307 "
1817 1277 1840 1329 ἲ
1878 1276 1943 1329 Et
1978 1277 2220 1347 pepercit

650 1367 813 1433 Deus,
864 1370 959 1438 qui
991 1383 1136 1422 nunc
1177 1368 1399 1439 quidem
1442 1368 1559 1422 haac
1588 1368 1767 1433 dixit;
1804 1368 1859 1421 in
1905 1370 2011 1423 alio
2036 1378 2218 1425 autem

623 1450 909 1529 propheta
942 1461 1216 1523 clamavit,
1248 1460 1501 1529 inquiens
1540 1476 1554 1513 :
1589 1457 1730 1514 Nolo
1774 1469 1991 1515 mortem
2034 1477 2219 1531 pecca-

648 1554 800 1619 toris,
823 1550 912 1608 sed
940 1555 1106 1623 magis
1126 1561 1183 1605 ut
1206 1562 1558 1618 convertatur,
1584 1563 1631 1606 et
1659 1553 1794 1607 vivat
1817 1554 1896 1608 “z
1926 1555 2017 1624 qui
2049 1555 2118 1610 ab
2148 1556 2215 1610 iis

645 1644 739 1715 qui
787 1646 969 1701 sciunt
998 1644 1187 1700 laudes
1241 1645 1361 1715 ejus
1399 1661 1616 1710 canere,
1666 1648 1723 1701 in
1761 1646 2016 1702 laudibus
2051 1662 2214 1702 voca-

642 1744 735 1791 tur
762 1737 1051 1792 miserator
1096 1744 1150 1791 et
1189 1737 1526 1802 misericors,
1559 1738 1772 1807 patiens
1798 1746 1852 1793 et
1885 1738 2069 1792 multa:
2110 1739 2212 1792 mi-

642 1825 955 1882 sericordia:
994 1846 1006 1881 :
1040 1834 1150 1881 tam
1185 1828 1378 1898 ingens
1427 1829 1571 1883 enim
1631 1830 1854 1899 pelagus
1908 1829 2214 1884 miseratio-

640 1932 770 1972 num
804 1918 946 1989 apud
981 1918 1149 1973 Deum
1182 1926 1287 1986 est,
1338 1926 1396 1973 ut
1427 1920 1707 1975 minimam
1737 1928 1791 1975 et
1833 1921 2209 1976 brevissimam

628 2009 801 2064 etiam
831 2009 1376 2082 ﬂagitiosissimorum
1408 2012 1475 2065 ad
1509 2012 1880 2083 paenitentiam
1906 2012 2213 2066 inclinatio-

639 2116 761 2155 nem
811 2118 921 2157 non
978 2103 1258 2174 relinquat
1331 2103 1738 2158 inhonoratam.
1813 2103 2001 2159 Achab
2062 2105 2208 2159 enim

634 2189 809 2248 ferme
837 2194 904 2248 ad
931 2202 1237 2250 extremum
1281 2195 1538 2264 nequitiae
1574 2204 1944 2265 processerat,
1995 2201 2050 2251 et
2082 2212 2208 2251 cum

634 2285 859 2354 paulum
891 2293 1256 2356 compunctus
1284 2293 1450 2352 esset,
1486 2287 1772 2341 honoravit
1794 2302 1917 2342 cum
1958 2286 2123 2350 Deus,
2153 2295 2208 2343 et

634 2391 750 2432 rem
779 2378 1033 2432 ministro
1072 2378 1331 2445 ostendit,
1357 2386 1409 2433 et
1447 2381 1625 2435 minas
1657 2382 1916 2451 repressit
1957 2397 2021 2436 ac
2054 2382 2208 2436 cohi-

634 2466 773 2530 buit,
808 2468 1136 2537 protrahens
1183 2469 1399 2523 interim
1433 2478 1647 2541 tempus
1676 2472 1929 2542 SUpplicii
1963 2492 1974 2527 :
2032 2474 2204 2540 l’ides,

630 2560 831 2630 inquit,
864 2561 1121 2631 quomodo
1158 2573 1497 2631 compunctus
1530 2573 1607 2618 est
1648 2566 1870 2621 Achab?
1914 2586 2015 2623 non
2045 2569 2204 2624 inda-

629 2666 750 2704 cam
780 2651 924 2704 mala
956 2652 1011 2705 in
1050 2651 1239 2708 diebus
1262 2653 1397 2723 ejus,
1432 2654 1522 2708 sed
1551 2658 1604 2708 in
1637 2657 1760 2711 aliis
1791 2658 2029 2713 diebus"
2067 2681 2079 2715 :
2123 2661 2205 2715 id.

631 2757 738 2812 que
787 2752 844 2796 ut
886 2744 1163 2798 minimam
1216 2747 1586 2816 aspersionem
1629 2749 1960 2819 paenitentia:
1994 2753 2204 2808 decenti

630 2834 838 2890 honore
870 2832 1013 2889 Deus
1079 2835 1394 2892 honoraret.

701 3011 810 3066 Sed
841 3011 953 3065 haec
984 3012 1270 3073 hactenus,
1310 3028 1378 3066 ne
1401 3010 1702 3081 disputatio
1735 3012 1801 3067 de
1825 3014 1939 3084 lege
1977 3015 2201 3069 omnino

632 3104 1006 3173 prteteriretur
1055 3119 1163 3157 non
1218 3111 1449 3158 tractata
1525 3115 1578 3160 et
1637 3120 1889 3161 excussa.
1938 3103 2052 3159 lloc
2106 3120 2195 3160 so-
2226 3144 2266 3201 ο

634 3199 745 3252 lum
799 3198 1092 3260 addemus,
1145 3196 1316 3253 fuisse
1375 3199 1545 3266 legem
1586 3199 1831 3253 umbram
1892 3197 2198 3253 futurorum

628 3294 942 3358 bonorum;
988 3294 1339 3364 paedagogum
1385 3311 1517 3349 vero
1565 3292 1822 3366 adjuvare
1864 3312 2091 3367 puerum
2143 3307 2199 3352 et

626 3394 839 3442 atatem
875 3388 1139 3457 pueritiae,
1159 3403 1444 3458 quousque
1476 3389 1735 3458 magister
1754 3386 2008 3458 suscepta
2038 3405 2198 3461 gran-

628 3477 782 3531 diore
824 3475 945 3545 ejus
978 3476 1326 3540 habitudine,
1376 3478 1676 3545 majoribus
1723 3480 2030 3550 disciplinis
2071 3497 2195 3537 cum

632 3570 813 3624 tradat
847 3589 860 3624 :
913 3569 1255 3635 commodius
1296 3571 1441 3625 enim
1475 3579 1528 3625 et
1562 3573 1742 3641 aptius
1787 3572 1889 3626 hoc
1928 3572 2195 3643 principio

628 3671 892 3735 tanquam
949 3664 1302 3718 fundamento
1349 3664 1536 3733 jac-to,
1580 3665 1775 3734 poterit
1830 3665 1956 3734 quis
1994 3665 2194 3720 conﬁr-

628 3771 801 3822 mare,
852 3756 1124 3825 quomodo
1178 3757 1261 3809 lea:
1297 3771 1388 3823 per
1415 3754 1652 3826 Moysen:
1680 3757 1826 3822 data,
1869 3761 2045 3829 gratia
2075 3776 2193 3814 vero

626 3856 679 3902 et
706 3849 901 3905 ueritas
944 3865 976 3901 a
1003 3848 1211 3903 Christo
1240 3850 1383 3919 facta
1417 3851 1485 3903 sit
1503 3850 1567 3903 ’⁸.

2320 816 2539 886 ηγορῶν
2569 819 2597 870 6
2637 817 2869 883 δικάζων
2890 836 2902 849 ·
2937 812 3057 871 εἷπε
3100 818 3177 890 τῷ
3218 820 3411 874 ἑαυτοῦ
3436 820 3641 894 οἰκέτῃ·
3677 825 3734 877 Et
3770 825 3830 879 σὺ

2321 906 2543 975 ἐφείσω
2598 908 2751 977 ὑπὲρ
2822 907 2933 977 τῆς
3014 912 3387 977 κολοκύνθης
3452 911 3592 979 ὑπὲρ
3635 908 3701 982 ἧς
3749 918 3830 969 οὐκ

2320 998 2779 1068 ἐκακοπάθησας
2809 1042 2824 1066 ,
2880 1000 2918 1069 ἢ
2944 1000 3061 1056 ὑπὸ
3110 1004 3299 1056 ’νύκτα
3352 1002 3575 1073 ἐγένετο
3623 1006 3706 1057 καί
3744 1006 3829 1059 ὑπὸ

2321 1092 2511 1145 νύκτα
2562 1091 2834 1147 ἀπώλετο
2859 1110 2872 1123 ο
2918 1092 3034 1163 ἐγὼ
3086 1092 3155 1146 δὲ
3206 1096 3278 1148 οὐ
3324 1096 3592 1163 φείσομαι
3622 1099 3749 1164 ὑπερ
3767 1100 3831 1150 Νιο

2320 1181 2452 1234 τέυῒ
2500 1180 2606 1249 τῆς
2658 1185 2891 1248 πόλεως
2924 1183 3033 1252 τῆς
3066 1182 3357 1253 μεγάλης,
3391 1185 3459 1237 ἐν
3491 1179 3529 1255 ᾗ
3551 1187 3831 1241 κατοικοῦσι

2320 1274 2568 1339 πλείους
2616 1272 2654 1341 ἣ
2709 1272 2937 1327 δώδεκα
2976 1274 3264 1344 μυριάδες
3298 1275 3527 1343 ἀνδρῶν
3563 1279 3649 1331 καὶ
3686 1278 3829 1347 κτήνη

2320 1366 2555 1428 nauci;
2620 1347 2730 1419 Καὶ
2770 1365 2985 1434 φειδοῦς
3037 1362 3106 1436 ἦν
3137 1366 3290 1431 Θεὸς,
3339 1368 3433 1421 καὶ
3478 1370 3687 1440 φανερὸς
3726 1365 3831 1441 ἦνό

2319 1458 2687 1529 φθεγγόμενος
2713 1475 2724 1487 ·
2758 1460 2785 1511 6
2817 1458 2911 1511 νῦν
2942 1459 3038 1529 μὲν
3064 1459 3236 1512 ταῦτα
3269 1458 3521 1531 εἰρηκὼς,
3548 1463 3599 1513 ὲν
3622 1462 3671 1514 δὲ
3700 1462 3830 1531 ἑτέρῳ

2318 1551 2572 1621 προφήτῃ
2595 1548 2869 1620 βεϐοηκὼς
2894 1565 2907 1577 ⁸
2936 1552 3019 1603 Οὐ
3035 1550 3333 1619 ,ϐούλομαι
3356 1550 3461 1603 τὸν
3498 1551 3727 1604 θάνατον
3752 1554 3830 1607 τοῦ

2314 1645 2683 1713 ἀμαρτωλοῠ,
2741 1646 2821 1711 ὡς
2867 1646 2928 1699 τὸ
2975 1645 3333 1715 ἐπιστρέψαι
3384 1645 3480 1700 καί
3522 1645 3620 1715 ζῇν
3653 1650 3825 1702 αὐτόν’

2314 1737 2340 1787 6
2367 1737 2469 1789 ὑπὸ
2485 1737 2591 1788 τῶν
2619 1737 2997 1807 ἐπισταμένων
3016 1738 3205 1807 ὑμνεῖν
3224 1736 3502 1806 δοξολογού
3509 1756 3652 1809 μενος
3670 1740 3827 1811 οἰκτίρ-

2318 1844 2431 1897 μων
2462 1827 2557 1880 κα“ι
2588 1827 2835 1897 ἐλεήμων
2878 1831 2905 1882 6
2942 1827 3164 1901 Κύριος,
3216 1830 3563 1900 μακρόθυμος
3587 1832 3668 1883 καὶ
3708 1831 3825 1883 πολυ-

2313 1918 2458 1981 έλεος
2479 1934 2491 1948 ·
2521 1919 2834 1989 τηλικοῦτον
2861 1920 2970 1992 γὰρ
2996 1921 3229 1990 πέλαγός
3252 1923 3401 1975 ἐστιν
3427 1921 3697 1991 οἰκτιρμῶν
3714 1921 3825 1988 παρὰ

2311 2007 2389 2077 τῷ
2424 2007 2562 2077 Θεῷ,
2592 2008 2666 2072 ὡς
2691 2010 2784 2061 καὶ
2816 2011 2914 2079 τὴν
2944 2009 3231 2081 ἐλαχίστην
3278 2010 3375 2063 καὶ
3401 2009 3728 2081 βραχυτάτην,
3755 2012 3823 2064 καὶ

2309 2099 2416 2152 τῶν
2477 2100 2615 2154 πάνυ
2672 2101 3018 2169 φαυλοτάτων
3074 2104 3211 2175 πρὸς
3252 2105 3536 2174 μετάνοιαν
3568 2104 3740 2175 ῥοπὴν,
3767 2105 3821 2176 μή

2308 2192 2571 2262 ἀτίμητον
2608 2194 2783 2249 ἐᾶσαι.
2841 2194 3033 2264 Σχεδὸν
3068 2194 3178 2266 γὰρ
3214 2197 3297 2259 εἰς
3333 2195 3502 2268 πέρας
3536 2197 3705 2259 κακίας
3729 2196 3820 2266 ἐλη-

2309 2283 2536 2347 λακότος
2564 2283 2658 2337 τοῦ
2705 2285 2929 2355 Ἀχαὰ6,
2963 2287 3055 2339 καὶ
3097 2286 3295 2355 ὀλίγως
3329 2304 3442 2350 πως
3473 2288 3818 2356 κατανυγέντος,

2306 2374 2597 2446 τετίμηκεν
2639 2378 2667 2429 6
2706 2376 2857 2439 Θεὸς,
2890 2376 2985 2429 καὶ
3016 2376 3182 2443 ἔδειξε
3215 2377 3297 2448 τῷ
3323 2378 3507 2451 οἰκέτῃ
3531 2378 3585 2431 τὸ
3619 2380 3815 2449 πρᾶγμα,

2306 2466 2403 2519 καὶ
2460 2466 2762 2521 συνέστειλε
2814 2468 2913 2540 τὴν
2964 2468 3214 2539 ἀπειλὴν,
3252 2470 3445 2541 χρόνον
3478 2471 3569 2541 τῆς
3595 2471 3815 2540 ἐπιτιμίας

2309 2556 2508 2627 μεταξὺ
2536 2557 2960 2628 καταλιμπάνων
2978 2577 2990 2588 ·
3023 2555 3215 2624 Εἶδες,
3246 2560 3402 2629 φησὶ,
3439 2560 3557 2625 πῶς
3585 2561 3813 2629 nurerum

2317 2648 2529 2716 Ἁκαάϐ
2548 2666 2565 2713 ;
2592 2652 2663 2702 οὐ
2713 2649 2800 2718 μὴ
2838 2650 3038 2714 ἐπάξω
3069 2650 3139 2704 τὰ
3178 2653 3337 2706 κακὰ
3384 2652 3453 2705 ἐν
3486 2651 3600 2717 ταῖς
3624 2651 3812 2721 ἡμέραις

2302 2741 2508 2804 αὐτοῦ,
2546 2742 2683 2795 ἀλλ’
2708 2742 2777 2794 ἐν
2830 2742 3075 2810 ἡμέραις
3111 2741 3333 2809 ἄλλαις
3354 2761 3368 2775 ⁸
3407 2745 3491 2796 ἵνα
3515 2746 3597 2796 καὶ
3616 2744 3692 2813 τὴν
3720 2743 3811 2797 ἐλα-

2302 2834 2493 2904 χίστην
2533 2833 2719 2905 ρανίδα
2766 2834 2866 2904 τῆς
2899 2835 3185 2906 μετανοίας
3230 2838 3445 2907 τιμήσῃ
3488 2837 3550 2907 τῇ
3587 2833 3806 2905 πρεπούσῃ

2300 2928 2432 2997 τιμῇ
2476 2928 2504 2979 ὀ
2533 2925 2683 2989 Θεός.

2371 3017 2481 3070 Καὶ
2530 3017 2703 3071 ταῦτα
2733 3019 2829 3087 μὲν
2861 3019 3021 3090 μέχρι
3076 3020 3266 3073 τούτου
3321 3020 3677 3092 προειρηκότες
3708 3033 3808 3069 κατ-

2300 3108 2580 3181 ελέξαμεν,
2610 3111 2694 3163 ἵνα
2731 3112 2824 3163 καλ⁸
2870 3114 2897 3165 6
2947 3112 3073 3184 περὶ
3114 3113 3281 3183 νόμου
3312 3113 3466 3182 λόγος
3494 3113 3559 3184 μὴ
3590 3106 3807 3171 παντελῶς

2301 3199 2647 3271 ἀγύμναστος
2694 3201 3182 3271 καταλελειμμένος
3229 3203 3472 3277 ὑπάρχῃ·
3506 3203 3642 3273 μόνον
3686 3197 3806 3252 τοῦτο

2300 3294 2877 3365 προσγεγραερηκότες,
2927 3294 3007 3346 ὅτι
3064 3293 3191 3346 σκιὰ
3238 3295 3405 3365 νόμος
3436 3295 3536 3347 τῶν
3571 3291 3806 3364 μελλόντων

2300 3384 2516 3452 ἀγαθῶν
2536 3400 2548 3412 ·
2585 3384 2678 3437 καὶ
2708 3384 2815 3453 γὰρ
2852 3384 3196 3452 παιδαγωγὸς
3245 3387 3575 3457 συμπράττει
3600 3383 3661 3453 τῷ
3693 3381 3807 3434 παιδὶ

2300 3475 2392 3526 καὶ
2420 3477 2484 3545 τῇ
2520 3475 2617 3545 νέα
2661 3473 2862 3545 ἡλικίᾳ,
2905 3475 3096 3545 μέχρις
3126 3467 3186 3527 οὖ
3223 3476 3252 3527 6
3293 3476 3591 3538 διδάσκαλος
3615 3473 3693 3544 τὴν
3721 3469 3805 3536 ἕξιν

2300 3564 2628 3635 παραλαϐὼν
2684 3567 2795 3630 τοῖς
2857 3565 3138 3637 μαθήμασι
3195 3569 3313 3629 τοῖς
3362 3568 3557 3638 μείζοσι
3596 3563 3802 3636 παραδῴ’

2304 3658 2657 3731 καιριώτερον
2690 3658 2798 3730 γάρ
2839 3676 2922 3721 τις
2949 3659 3256 3728 δυνήσεται,
3288 3660 3486 3731 ταύτην
3512 3660 3628 3712 ἰδίαν
3655 3653 3804 3709 ὑπόθε-

2296 3766 2379 3803 σιν
2410 3751 2657 3821 θέμενος,
2688 3750 3091 3805 κατασκευάσαι
3116 3751 3233 3816 πῶς
3275 3754 3377 3822 μὲν
3404 3752 3500 3806 διὰ
3534 3748 3748 3813 Μωσέως
3778 3749 3802 3797 ό

2297 3842 2501 3909 νόμος,
2532 3842 2650 3895 ἀπὸ
2676 3842 2742 3896 δὲ
2768 3844 2987 3911 Κυρίου
3014 3845 3051 3911 ἡ
3084 3842 3252 3912 χάρις
3289 3846 3387 3898 καὶ
3412 3842 3680 3913 euocata
3702 3834 3797 3906 ἑγέ·

2296 3950 2453 3987 νετο.

2244 1797 2285 1851 Β

1470 4047 1598 4099 (ἶΑρ.
1642 4044 1777 4101 XVI.
1820 4044 2031 4101 Creatio
2057 4063 2088 4100 a
2115 4046 2329 4100 diabolo
2370 4048 2649 4101 secundum
2682 4046 3023 4103 Manichwos.

716 4161 831 4216 Nos
884 4171 1062 4215 autem
1111 4162 1248 4215 alias
1313 4163 1816 4233 argumentationes
1880 4163 2188 4219 abortionis

628 4257 791 4314 istius
826 4258 1178 4324 attingamus,
1206 4258 1481 4325 proposita
1506 4256 1611 4309 alia
1647 4256 1812 4324 hujus
1847 4256 2105 4326 opinione
2134 4257 2192 4310 in

628 4348 929 4419 Scripturis
964 4347 1171 4401 absona
1216 4353 1271 4401 et
1323 4346 1603 4414 absurda;
1643 4355 1700 4409 ut
1746 4362 1809 4400 ea
1866 4362 2096 4403 excussa
2142 4356 2195 4402 et

622 4444 861 4506 evoluta,
907 4441 1085 4512 quoad
1121 4440 1235 4496 ﬁeri
1269 4451 1466 4515 potest,
1498 4451 1707 4495 mentes
1761 4441 2080 4510 illaqueatas
2126 4457 2194 4496 ex

624 4534 880 4609 opinione
908 4541 1121 4588 amenle
1151 4537 1360 4604 eripere
1377 4534 1668 4604 possimus.
1696 4531 1941 4587 Porrexit
1966 4533 2107 4587 enim
2134 4548 2192 4588 se

625 4643 799 4698 usque
832 4626 898 4680 ad
938 4625 1198 4679 fabricam
1248 4624 1472 4690 mundi;
1527 4633 1581 4679 et
1627 4624 1729 4679 hoc
1763 4625 1906 4695 quod
1948 4626 2193 4680 cernitur

623 4728 889 4783 creatum,
946 4736 974 4773 a
1010 4719 1229 4774 diabolo
1278 4727 1522 4773 creatum
1572 4733 1696 4773 esse
1756 4720 1905 4783 vult;
1962 4735 2191 4789 esseque

624 4812 896 4870 hominem
975 4827 1004 4864 a
1062 4812 1275 4865 diabolo
1340 4809 1684 4877 formatum;
1735 4818 1896 4879 atque
1954 4812 2188 4864 animam

628 4907 846 4978 quidem
880 4921 909 4959 a
939 4904 1072 4967 Deo,
1114 4918 1235 4958 esse
1268 4914 1447 4958 tamen
1477 4903 1693 4973 corpori
1721 4917 1751 4954 a
1777 4902 1996 4955 diabolo
2044 4912 2192 4971 apta-

623 5006 757 5061 tam,
811 5004 865 5050 ει
907 4995 1107 5049 factum
1160 4993 1477 5058 hominem;
1526 4993 1616 5061 qui
1662 4992 2025 5046 substantiam
2065 4991 2187 5060 qui-

625 5094 746 5148 dem
774 5091 1025 5161 corporis
1047 5106 1129 5144 ,ει
1176 5088 1484 5144 substantia
1508 5086 1709 5142 diaboli
1738 5087 2031 5156 acceperit,
2065 5087 2189 5141 sub-

624 5185 878 5240 stantiam
909 5197 1036 5237 vero
1071 5180 1265 5237 anima:
1308 5188 1567 5249 tanquam
1616 5179 1848 5249 spolium
1884 5189 1937 5235 et
1965 5181 2188 5235 exuvias

624 5288 687 5324 ex
721 5270 827 5323 Deo
860 5270 1204 5341 sumpserit:
1245 5278 1304 5324 ut
1360 5268 1543 5323 anima
1586 5269 1803 5339 quidem
1857 5280 2071 5339 sumpta
2115 5272 2187 5324 sit

623 5377 687 5419 ex
726 5360 852 5425 Deo,
889 5363 1121 5417 traxerit
1152 5378 1281 5418 vero
1308 5362 1374 5417 de
1398 5361 1509 5417 Deo
1538 5362 1774 5433 spolium
1806 5361 2089 5417 diabolus:
2114 5369 2187 5415 at-

621 5470 727 5526 que
752 5457 822 5508 ita
867 5472 929 5509 ex
979 5455 1286 5510 substantia
1318 5454 1518 5509 diaboli
1568 5463 1623 5509 et
1659 5454 1834 5525 spolio
1862 5453 1971 5508 Deo
2003 5454 2188 5508 detra-

621 5555 713 5602 cto
745 5546 1065 5601 fabricat.:m
1095 5562 1215 5601 esse
1254 5547 1546 5610 hominem,
1573 5564 1636 5600 ex
1669 5557 1974 5639 corporeet
2003 5546 2182 5598 anima

700 5703 744 5735 "
785 5701 900 5757 Ion.
941 5719 999 5756 ιιι
1026 5744 1038 5766 ,
1080 5705 1173 5767 l0,
1211 5703 1293 5757 ll.
1371 5704 1414 5734 "
1455 5703 1648 5758 Ezech.
1688 5718 1891 5766 χχχιιι,
1931 5702 2011 5755 ll.

2089 5703 2133 5737 ’⁷
2176 5699 2239 5755 lll
2274 5698 2401 5772 Reg.
2439 5716 2556 5765 xxi,
2590 5700 2678 5755 ‘19.

2377 4167 2564 4235 Ἡμεῖς
2598 4165 2652 4217 δὲ
2678 4166 2897 4219 καὶτῶν
2914 4168 3114 4238 ἐτέρων
3134 4168 3521 4240 ἐπιχειρήσεων
3546 4166 3628 4221 τοῦ
3641 4160 3792 4233 ἐκτρώ-

2301 4273 2467 4327 ματος
2493 4255 2846 4327 ἐφαψὼμεθα,
2881 4258 2977 4329 τὴν
3022 4258 3186 4328 ἄλλην
3218 4260 3418 4313 ἄτοπον
3436 4258 3588 4313 αὑτοῦ
3612 4252 3728 4320 δόξαν
3744 4255 3790 4305 ὲν

2298 4350 2411 4409 τοῖς
2441 4346 2640 4413 λογίοις
2696 4348 3103 4418 παρατιθέντες,
3152 4352 3244 4403 καὶ
3284 4356 3404 4415 ταῖς
3436 4351 3679 4417 ὲξετάσεσι
3716 4363 3790 4413 γυ·

2302 4437 2573 4509 μνοῦντες,
2638 4441 2804 4501 ὅπως,
2865 4441 2915 4493 εἴ
2943 4459 3004 4509 γε
3032 4438 3139 4495 οἷόν
3166 4443 3223 4494 τέ
3264 4445 3399 4507 ἐστι,
3428 4444 3523 4507 τὰς
3547 4438 3794 4512 αίρεθείσας

2296 4531 2532 4594 διανοίας
2575 4531 2670 4601 τῆς
2719 4531 2910 4599 ἀλόγου
2942 4532 3099 4603 δόξης
3135 4533 3485 4608 ὲξυφαιρῆσαι
3519 4529 3792 4603 δυνηθῶμεν.

2310 4618 2569 4684 Ἐξέτεινε
2588 4620 2696 4693 γὰρ
2722 4621 2911 4675 ἑαυτὸν
2943 4625 3034 4675 καὶ
3058 4623 3219 4694 μέχρι
3244 4624 3339 4678 τοῦ
3360 4622 3790 4696 δημιουργήματος·

2297 4714 2390 4766 καὶ
2411 4712 2567 4765 τοῦτο
2594 4713 2654 4766 τὸ
2684 4713 3001 4785 φαινόμενον
3025 4716 3231 4788 ποίημα
3255 4716 3349 4769 τοῦ
3382 4714 3669 4774 ἁπατεῶνος
3690 4705 3794 4763 εἶναι

2297 4803 2510 4875 ποίημα
2540 4803 2784 4873 βούλεται
2806 4822 2819 4835 θ
2854 4806 2947 4858 καὶ
3009 4802 3146 4860 εἶναι
3174 4806 3266 4860 τὸν
3320 4807 3589 4879 ἄνθρωπον
3616 4802 3793 4869 πλάσμα

2289 4895 2382 4949 τοῦ
2444 4897 2681 4967 πονηροῦ
2702 4914 2716 4927 ο
2744 4898 2837 4950 καὶ
2886 4895 3023 4951 εἶναι
3077 4899 3173 4969 μὲν
3209 4899 3309 4971 τὴν
3343 4900 3510 4970 ψυχὴν
3536 4895 3631 4950 ἀπὸ
3669 4889 3789 4950 Θεοῦ.

2290 4983 2427 5040 εἶναι
2452 4986 2508 5040 δὲ
2548 4987 2697 5059 παρὰ
2729 4988 2822 5041 τοῦ
2854 4990 3090 5061 πονηροῦ
3133 4988 3480 5062 ἡρμοσμένην
3503 5007 3515 5019 ·
3556 4987 3639 5041 καὶ
3670 4998 3792 5051 ἵετο·

2288 5083 2434 5135 νέναι
2465 5083 2555 5135 τὸν
2572 5082 2667 5137 ἄνθ
2678 5100 2873 5154 ρωπον,
2896 5085 2993 5154 τὴν
3017 5085 3113 5155 μὲν
3141 5084 3323 5138 οὐσίαν
3347 5085 3436 5138 τοῦ
3469 5083 3689 5153 σώματος
3711 5073 3791 5128 ἀπὸ

2288 5175 2385 5245 τῆς
2421 5176 2608 5239 οὐσίας
2628 5175 2887 5246 εἰληφότα
2914 5176 3006 5228 τοῦ
3052 5177 3308 5247 πονηροῦ,
3337 5176 3431 5247 τὴν
3455 5176 3508 5229 δὲ
3538 5172 3699 5226 οὐσίαν
3716 5166 3791 5235 τῆς

2291 5268 2487 5338 ψυχῆς,
2520 5267 2595 5330 ὡς
2648 5268 2839 5321 σκῦλον
2886 5269 2919 5339 ἢ
2963 5268 3200 5340 λάφυρον
3238 5270 3344 5323 ἀπὸ
3376 5268 3502 5321 Θεοῦ
3528 5263 3785 5336 ληφθεῖσαν.

2293 5361 2396 5413 ὑπὸ
2440 5360 2496 5413 δὲ
2540 5358 2634 5412 τοῦ
2679 5361 2912 5431 πονηροῦ
2956 5354 3703 5432 λαφυραγωγηθείσανόὖτως
3740 5346 3784 5398 ἔκ

2290 5470 2350 5504 τε
2381 5454 2478 5521 τῆς
2503 5451 3058 5523 λαφυραγωγηθείσης
3088 5454 3180 5506 καὶ
3221 5454 3318 5525 τῆς
3343 5452 3519 5514 οὐσίας
3542 5447 3626 5502 τοῦ
3656 5456 3782 5509 πονη-

2294 5544 2385 5615 ροῦ
2420 5542 2695 5611 γεγονέναι
2712 5543 2799 5595 τὸν
2830 5543 3128 5613 ἄνθρωπον,
3153 5548 3215 5599 ἐκ
3244 5546 3413 5617 ψυχῆς
3443 5542 3528 5596 καὶ
3560 5539 3779 5608 σώματος’

2756 5704 2799 5733 ³⁸⁸
2836 5700 2990 5757 Joan.
3033 5720 3082 5769 ι,
3122 5704 3208 5761 i7.
