  <div class='ocr_page' id='page_1' title='image "/cluster/home/n/w/nwhite01/storage/ocr_20150623/18/hvd.32044073501215/636.png"; bbox 0 0 4116 6332; ppageno 0'>
   <div class='ocr_carea' id='block_1_1' title="bbox 397 319 533 375">
    <p class='ocr_par' dir='ltr' id='par_1_1' title="bbox 397 319 533 375">
     <span class='ocr_line' id='line_1_1' title="bbox 397 319 533 375; baseline 0.015 -2"><span class='ocrx_word' id='word_1_1' title='bbox 397 319 533 375; x_wconf 71' lang='grc'><strong>1249</strong></span> 
     </span>
    </p>
   </div>
   <div class='ocr_carea' id='block_1_2' title="bbox 1435 312 2582 385">
    <p class='ocr_par' dir='ltr' id='par_1_2' title="bbox 1435 312 2582 385">
     <span class='ocr_line' id='line_1_2' title="bbox 1435 312 2582 385; baseline 0.005 -10"><span class='ocrx_word' id='word_1_2' title='bbox 1435 319 1803 379; x_wconf 80' lang='lat' dir='ltr'><strong>ADVERSUS</strong></span> <span class='ocrx_word' id='word_1_3' title='bbox 1871 325 2292 385; x_wconf 61' lang='lat' dir='ltr'><strong>MANtcqus</strong></span> <span class='ocrx_word' id='word_1_4' title='bbox 2325 328 2453 384; x_wconf 84' lang='lat' dir='ltr'><strong>LIB.</strong></span> <span class='ocrx_word' id='word_1_5' title='bbox 2497 312 2582 383; x_wconf 79' lang='lat' dir='ltr'><strong>ut.</strong></span> 
     </span>
    </p>
   </div>
   <div class='ocr_carea' id='block_1_3' title="bbox 3501 332 3681 389">
    <p class='ocr_par' dir='ltr' id='par_1_3' title="bbox 3501 332 3681 389">
     <span class='ocr_line' id='line_1_3' title="bbox 3501 332 3681 389; baseline -0.028 -1"><span class='ocrx_word' id='word_1_6' title='bbox 3501 332 3681 389; x_wconf 59' lang='lat'><strong>122,0.</strong></span> 
     </span>
    </p>
   </div>
   <div class='ocr_carea' id='block_1_4' title="bbox 395 430 1962 523">
    <p class='ocr_par' dir='ltr' id='par_1_4' title="bbox 395 430 1962 512">
     <span class='ocr_line' id='line_1_4' title="bbox 395 430 1962 512; baseline 0.003 -25"><span class='ocrx_word' id='word_1_7' title='bbox 395 434 486 488; x_wconf 71' lang='grc' dir='ltr'><strong>καὶ</strong></span> <span class='ocrx_word' id='word_1_8' title='bbox 509 433 611 505; x_wconf 83' lang='grc' dir='ltr'><strong>τῆς</strong></span> <span class='ocrx_word' id='word_1_9' title='bbox 636 433 732 505; x_wconf 84' lang='grc' dir='ltr'>μὲν</span> <span class='ocrx_word' id='word_1_10' title='bbox 759 432 933 505; x_wconf 83' lang='grc' dir='ltr'>ψυχῆς</span> <span class='ocrx_word' id='word_1_11' title='bbox 967 433 1040 506; x_wconf 80' lang='grc' dir='ltr'>μὴ</span> <span class='ocrx_word' id='word_1_12' title='bbox 1062 432 1231 488; x_wconf 68' lang='grc' dir='ltr'>αἴτιον</span> <span class='ocrx_word' id='word_1_13' title='bbox 1258 430 1394 488; x_wconf 77' lang='grc' dir='ltr'>εἶναι</span> <span class='ocrx_word' id='word_1_14' title='bbox 1422 437 1515 491; x_wconf 81' lang='grc' dir='ltr'><strong>τὸν</strong></span> <span class='ocrx_word' id='word_1_15' title='bbox 1544 438 1798 512; x_wconf 80' lang='grc' dir='ltr'>πονηρὸν,</span> <span class='ocrx_word' id='word_1_16' title='bbox 1827 456 1962 510; x_wconf 88' lang='grc' dir='ltr'>μητε</span> 
     </span>
    </p>
   </div>
   <div class='ocr_carea' id='block_1_5' title="bbox 2046 430 3638 523">
    <p class='ocr_par' dir='ltr' id='par_1_5' title="bbox 2068 440 3638 523">
     <span class='ocr_line' id='line_1_5' title="bbox 2068 440 3638 523; baseline 0.005 -27"><span class='ocrx_word' id='word_1_17' title='bbox 2068 449 2406 498; x_wconf 73' lang='lat' dir='ltr'><strong>constantem</strong></span> <span class='ocrx_word' id='word_1_18' title='bbox 2437 458 2449 493; x_wconf 90' lang='lat'><strong>:</strong></span> <span class='ocrx_word' id='word_1_19' title='bbox 2485 452 2647 523; x_wconf 64' lang='lat' dir='ltr'><strong>atque</strong></span> <span class='ocrx_word' id='word_1_20' title='bbox 2686 440 2879 496; x_wconf 64' lang='lat' dir='ltr'><strong>animat</strong></span> <span class='ocrx_word' id='word_1_21' title='bbox 2907 440 3125 512; x_wconf 87' lang='lat' dir='ltr'><strong>quidem</strong></span> <span class='ocrx_word' id='word_1_22' title='bbox 3155 458 3263 499; x_wconf 90' lang='lat' dir='ltr'><strong>non</strong></span> <span class='ocrx_word' id='word_1_23' title='bbox 3302 460 3422 502; x_wconf 87' lang='lat' dir='ltr'><strong>esse</strong></span> <span class='ocrx_word' id='word_1_24' title='bbox 3448 460 3638 504; x_wconf 87' lang='lat' dir='ltr'><strong>aucto-</strong></span> 
     </span>
    </p>
   </div>
   <div class='ocr_carea' id='block_1_6' title="bbox 394 525 1959 601">
    <p class='ocr_par' dir='ltr' id='par_1_6' title="bbox 394 525 1959 601">
     <span class='ocr_line' id='line_1_6' title="bbox 394 525 1959 601; baseline 0.002 -22"><span class='ocrx_word' id='word_1_25' title='bbox 394 525 747 596; x_wconf 81' lang='grc' dir='ltr'>πεποιηκέναι</span> <span class='ocrx_word' id='word_1_26' title='bbox 776 526 961 579; x_wconf 77' lang='grc' dir='ltr'>οὐσίαν</span> <span class='ocrx_word' id='word_1_27' title='bbox 988 525 1187 596; x_wconf 79' lang='grc' dir='ltr'>ψυχῆς,</span> <span class='ocrx_word' id='word_1_28' title='bbox 1221 527 1319 597; x_wconf 84' lang='grc' dir='ltr'><strong>τῆς</strong></span> <span class='ocrx_word' id='word_1_29' title='bbox 1347 527 1402 581; x_wconf 85' lang='grc' dir='ltr'>δὲ</span> <span class='ocrx_word' id='word_1_30' title='bbox 1420 530 1498 591; x_wconf 86' lang='grc' dir='ltr'>εἰς</span> <span class='ocrx_word' id='word_1_31' title='bbox 1525 529 1758 600; x_wconf 86' lang='grc' dir='ltr'>κρίσεως</span> <span class='ocrx_word' id='word_1_32' title='bbox 1794 530 1959 601; x_wconf 85' lang='grc' dir='ltr'>μόνης</span> 
     </span>
    </p>
   </div>
   <div class='ocr_carea' id='block_1_7' title="bbox 389 616 1964 694">
    <p class='ocr_par' dir='ltr' id='par_1_7' title="bbox 389 616 1964 694">
     <span class='ocr_line' id='line_1_7' title="bbox 389 616 1964 694; baseline 0.004 -27"><span class='ocrx_word' id='word_1_33' title='bbox 389 616 490 686; x_wconf 77' lang='grc' dir='ltr'><strong>τῆς</strong></span> <span class='ocrx_word' id='word_1_34' title='bbox 551 618 610 669; x_wconf 85' lang='grc' dir='ltr'><strong>ἐν</strong></span> <span class='ocrx_word' id='word_1_35' title='bbox 654 616 865 688; x_wconf 85' lang='grc' dir='ltr'>σώματι</span> <span class='ocrx_word' id='word_1_36' title='bbox 895 618 1113 689; x_wconf 81' lang='grc' dir='ltr'>ἐνεργὸν</span> <span class='ocrx_word' id='word_1_37' title='bbox 1140 619 1315 671; x_wconf 83' lang='grc' dir='ltr'>εἶναι·</span> <span class='ocrx_word' id='word_1_38' title='bbox 1372 620 1669 685; x_wconf 77' lang='grc' dir='ltr'><strong>σκυλεύσας</strong></span> <span class='ocrx_word' id='word_1_39' title='bbox 1715 621 1843 694; x_wconf 90' lang='grc' dir='ltr'><strong>γάρ,</strong></span> <span class='ocrx_word' id='word_1_40' title='bbox 1888 621 1964 685; x_wconf 86' lang='grc' dir='ltr'>ὥς</span> 
     </span>
    </p>
   </div>
   <div class='ocr_carea' id='block_1_8' title="bbox 391 710 1964 785">
    <p class='ocr_par' dir='ltr' id='par_1_8' title="bbox 391 710 1964 785">
     <span class='ocr_line' id='line_1_8' title="bbox 391 710 1964 785; baseline 0.003 -24"><span class='ocrx_word' id='word_1_41' title='bbox 391 710 859 781; x_wconf 81' lang='grc' dir='ltr'>φασιν,είσέκρινε</span> <span class='ocrx_word' id='word_1_42' title='bbox 886 712 950 781; x_wconf 81' lang='grc' dir='ltr'>τῇ</span> <span class='ocrx_word' id='word_1_43' title='bbox 997 711 1193 782; x_wconf 86' lang='grc' dir='ltr'>σαρκί·</span> <span class='ocrx_word' id='word_1_44' title='bbox 1223 710 1319 782; x_wconf 78' lang='grc' dir='ltr'><strong>τὴν</strong></span> <span class='ocrx_word' id='word_1_45' title='bbox 1344 712 1401 764; x_wconf 83' lang='grc' dir='ltr'>δὲ</span> <span class='ocrx_word' id='word_1_46' title='bbox 1443 711 1619 783; x_wconf 84' lang='grc' dir='ltr'>σάρκα</span> <span class='ocrx_word' id='word_1_47' title='bbox 1648 712 1838 785; x_wconf 78' lang='grc' dir='ltr'>αὐτὴν,</span> <span class='ocrx_word' id='word_1_48' title='bbox 1870 714 1964 766; x_wconf 78' lang='grc' dir='ltr'>καὶ</span> 
     </span>
    </p>
   </div>
   <div class='ocr_carea' id='block_1_9' title="bbox 389 800 1962 877">
    <p class='ocr_par' dir='ltr' id='par_1_9' title="bbox 389 800 1962 877">
     <span class='ocr_line' id='line_1_9' title="bbox 389 800 1962 877; baseline 0.004 -24"><span class='ocrx_word' id='word_1_49' title='bbox 389 801 490 873; x_wconf 83' lang='grc' dir='ltr'>τὴν</span> <span class='ocrx_word' id='word_1_50' title='bbox 549 800 745 855; x_wconf 84' lang='grc' dir='ltr'>πλάσιν</span> <span class='ocrx_word' id='word_1_51' title='bbox 794 801 983 873; x_wconf 78' lang='grc' dir='ltr'>αὐτὴν,</span> <span class='ocrx_word' id='word_1_52' title='bbox 1027 804 1120 856; x_wconf 71' lang='grc' dir='ltr'><strong>καὶ</strong></span> <span class='ocrx_word' id='word_1_53' title='bbox 1177 804 1266 856; x_wconf 75' lang='grc' dir='ltr'><strong>τὸν</strong></span> <span class='ocrx_word' id='word_1_54' title='bbox 1330 805 1682 877; x_wconf 83' lang='grc' dir='ltr'><strong>χαρακτῆρα,</strong></span> <span class='ocrx_word' id='word_1_55' title='bbox 1730 806 1823 858; x_wconf 74' lang='grc' dir='ltr'>καὶ</span> <span class='ocrx_word' id='word_1_56' title='bbox 1865 804 1962 877; x_wconf 77' lang='grc' dir='ltr'><strong>τὴν</strong></span> 
     </span>
    </p>
   </div>
   <div class='ocr_carea' id='block_1_10' title="bbox 388 893 1961 969">
    <p class='ocr_par' dir='ltr' id='par_1_10' title="bbox 388 893 1961 969">
     <span class='ocr_line' id='line_1_10' title="bbox 388 893 1961 969; baseline 0.003 -24"><span class='ocrx_word' id='word_1_57' title='bbox 388 894 699 965; x_wconf 79' lang='grc' dir='ltr'>τοιαυτήνδε</span> <span class='ocrx_word' id='word_1_58' title='bbox 728 896 959 967; x_wconf 77' lang='grc' dir='ltr'>μορφὴν,</span> <span class='ocrx_word' id='word_1_59' title='bbox 988 896 1078 948; x_wconf 75' lang='grc' dir='ltr'><strong>καὶ</strong></span> <span class='ocrx_word' id='word_1_60' title='bbox 1098 894 1196 966; x_wconf 74' lang='grc' dir='ltr'>τὴν</span> <span class='ocrx_word' id='word_1_61' title='bbox 1239 896 1426 950; x_wconf 76' lang='grc' dir='ltr'>οὐσίαν</span> <span class='ocrx_word' id='word_1_62' title='bbox 1451 896 1597 967; x_wconf 81' lang='grc' dir='ltr'>ὅλην,</span> <span class='ocrx_word' id='word_1_63' title='bbox 1634 896 1794 969; x_wconf 78' lang='grc' dir='ltr'>ἔργον</span> <span class='ocrx_word' id='word_1_64' title='bbox 1822 893 1961 949; x_wconf 75' lang='grc' dir='ltr'>εἶναι</span> 
     </span>
    </p>
   </div>
   <div class='ocr_carea' id='block_1_11' title="bbox 391 986 1961 1063">
    <p class='ocr_par' dir='ltr' id='par_1_11' title="bbox 391 986 1961 1063">
     <span class='ocr_line' id='line_1_11' title="bbox 391 986 1961 1063; baseline 0.001 -24"><span class='ocrx_word' id='word_1_65' title='bbox 391 987 482 1040; x_wconf 74' lang='grc' dir='ltr'><strong>καὶ</strong></span> <span class='ocrx_word' id='word_1_66' title='bbox 509 986 703 1063; x_wconf 74' lang='grc' dir='ltr'>πλάσιν</span> <span class='ocrx_word' id='word_1_67' title='bbox 735 987 827 1040; x_wconf 88' lang='grc' dir='ltr'><strong>τοῦ</strong></span> <span class='ocrx_word' id='word_1_68' title='bbox 858 986 1186 1051; x_wconf 81' lang='grc' dir='ltr'>ἀπατεῶνος.</span> <span class='ocrx_word' id='word_1_69' title='bbox 1226 987 1315 1052; x_wconf 80' lang='grc' dir='ltr'><strong>Ἐξ</strong></span> <span class='ocrx_word' id='word_1_70' title='bbox 1361 988 1618 1042; x_wconf 89' lang='grc' dir='ltr'>ἐναντίων</span> <span class='ocrx_word' id='word_1_71' title='bbox 1643 990 1772 1057; x_wconf 86' lang='grc' dir='ltr'>γοῦν</span> <span class='ocrx_word' id='word_1_72' title='bbox 1800 1004 1961 1057; x_wconf 87' lang='grc' dir='ltr'>γεγο-</span> 
     </span>
    </p>
   </div>
   <div class='ocr_carea' id='block_1_12' title="bbox 388 1078 1963 1150">
    <p class='ocr_par' dir='ltr' id='par_1_12' title="bbox 388 1078 1963 1150">
     <span class='ocr_line' id='line_1_12' title="bbox 388 1078 1963 1150; baseline 0.003 -20"><span class='ocrx_word' id='word_1_73' title='bbox 388 1078 532 1132; x_wconf 84' lang='grc' dir='ltr'>νέναι</span> <span class='ocrx_word' id='word_1_74' title='bbox 562 1078 653 1131; x_wconf 87' lang='grc' dir='ltr'><strong>τὸν</strong></span> <span class='ocrx_word' id='word_1_75' title='bbox 682 1078 962 1148; x_wconf 79' lang='grc' dir='ltr'>ἄνθρωπον</span> <span class='ocrx_word' id='word_1_76' title='bbox 986 1079 1526 1150; x_wconf 79' lang='grc' dir='ltr'>όμολογοῦντες,οὐδέ</span> <span class='ocrx_word' id='word_1_77' title='bbox 1553 1081 1642 1134; x_wconf 83' lang='grc' dir='ltr'><strong>τὸν</strong></span> <span class='ocrx_word' id='word_1_78' title='bbox 1668 1080 1777 1133; x_wconf 85' lang='grc' dir='ltr'><strong>τῶν</strong></span> <span class='ocrx_word' id='word_1_79' title='bbox 1808 1081 1963 1135; x_wconf 82' lang='grc' dir='ltr'>ἐναν-</span> 
     </span>
    </p>
   </div>
   <div class='ocr_carea' id='block_1_13' title="bbox 385 1171 1957 1241">
    <p class='ocr_par' dir='ltr' id='par_1_13' title="bbox 385 1171 1957 1241">
     <span class='ocr_line' id='line_1_13' title="bbox 385 1171 1957 1241; baseline 0.003 -18"><span class='ocrx_word' id='word_1_80' title='bbox 385 1172 517 1224; x_wconf 83' lang='grc' dir='ltr'>τίων</span> <span class='ocrx_word' id='word_1_81' title='bbox 547 1171 692 1225; x_wconf 86' lang='grc' dir='ltr'>ίσασι</span> <span class='ocrx_word' id='word_1_82' title='bbox 721 1171 876 1241; x_wconf 85' lang='grc' dir='ltr'>λόγον</span> <span class='ocrx_word' id='word_1_83' title='bbox 899 1187 912 1200; x_wconf 73' lang='grc'><strong><em>³</em></strong></span> <span class='ocrx_word' id='word_1_84' title='bbox 946 1172 1066 1225; x_wconf 79' lang='grc' dir='ltr'>οὐδὲ</span> <span class='ocrx_word' id='word_1_85' title='bbox 1094 1174 1175 1227; x_wconf 83' lang='grc' dir='ltr'>ὅτι</span> <span class='ocrx_word' id='word_1_86' title='bbox 1209 1173 1323 1226; x_wconf 71' lang='grc' dir='ltr'>ἔστι</span> <span class='ocrx_word' id='word_1_87' title='bbox 1369 1173 1489 1228; x_wconf 84' lang='grc' dir='ltr'>τινά</span> <span class='ocrx_word' id='word_1_88' title='bbox 1520 1172 1628 1226; x_wconf 83' lang='grc' dir='ltr'>τῶν</span> <span class='ocrx_word' id='word_1_89' title='bbox 1679 1173 1957 1238; x_wconf 85' lang='grc' dir='ltr'>ἐναντίων,</span> 
     </span>
    </p>
   </div>
   <div class='ocr_carea' id='block_1_14' title="bbox 388 1262 1962 1336">
    <p class='ocr_par' dir='ltr' id='par_1_14' title="bbox 388 1262 1962 1336">
     <span class='ocr_line' id='line_1_14' title="bbox 388 1262 1962 1336; baseline 0.003 -22"><span class='ocrx_word' id='word_1_90' title='bbox 388 1262 545 1316; x_wconf 76' lang='grc' dir='ltr'>ἅτινα</span> <span class='ocrx_word' id='word_1_91' title='bbox 572 1264 764 1334; x_wconf 58' lang='grc' dir='ltr'>,ἀμιγῆ</span> <span class='ocrx_word' id='word_1_92' title='bbox 807 1266 951 1317; x_wconf 80' lang='grc' dir='ltr'>ἐστιν</span> <span class='ocrx_word' id='word_1_93' title='bbox 1001 1266 1058 1317; x_wconf 89' lang='grc' dir='ltr'><strong>ἐν</strong></span> <span class='ocrx_word' id='word_1_94' title='bbox 1086 1265 1285 1328; x_wconf 82' lang='grc' dir='ltr'>αὐτοῖς,</span> <span class='ocrx_word' id='word_1_95' title='bbox 1324 1265 1591 1336; x_wconf 80' lang='grc' dir='ltr'>μηδεμίαν</span> <span class='ocrx_word' id='word_1_96' title='bbox 1621 1264 1755 1334; x_wconf 82' lang='grc' dir='ltr'>πρὸς</span> <span class='ocrx_word' id='word_1_97' title='bbox 1791 1263 1962 1318; x_wconf 79' lang='grc' dir='ltr'>ἑαυτὰ</span> 
     </span>
    </p>
   </div>
   <div class='ocr_carea' id='block_1_15' title="bbox 392 1352 1959 1427">
    <p class='ocr_par' dir='ltr' id='par_1_15' title="bbox 392 1352 1959 1427">
     <span class='ocr_line' id='line_1_15' title="bbox 392 1352 1959 1427; baseline 0.001 -22"><span class='ocrx_word' id='word_1_98' title='bbox 392 1352 538 1423; x_wconf 85' lang='grc' dir='ltr'>μίξιν</span> <span class='ocrx_word' id='word_1_99' title='bbox 586 1354 678 1407; x_wconf 81' lang='grc' dir='ltr'>καὶ</span> <span class='ocrx_word' id='word_1_100' title='bbox 734 1354 1306 1419; x_wconf 71' lang='grc' dir='ltr'>κοινωνίανδέξασθαι</span> <span class='ocrx_word' id='word_1_101' title='bbox 1369 1354 1661 1427; x_wconf 83' lang='grc' dir='ltr'>δυνάμενα,</span> <span class='ocrx_word' id='word_1_102' title='bbox 1708 1354 1843 1409; x_wconf 90' lang='grc' dir='ltr'><strong>ἀλλά</strong></span> <span class='ocrx_word' id='word_1_103' title='bbox 1892 1357 1959 1426; x_wconf 79' lang='grc' dir='ltr'>τῇ</span> 
     </span>
    </p>
   </div>
   <div class='ocr_carea' id='block_1_16' title="bbox 370 1430 1961 1520">
    <p class='ocr_par' dir='ltr' id='par_1_16' title="bbox 370 1430 1961 1520">
     <span class='ocr_line' id='line_1_16' title="bbox 370 1430 1961 1520; baseline 0.003 -23"><span class='ocrx_word' id='word_1_104' title='bbox 370 1430 717 1517; x_wconf 73' lang='grc' dir='ltr'><strong>’νομιζομένῃ</strong></span> <span class='ocrx_word' id='word_1_105' title='bbox 757 1446 1007 1517; x_wconf 71' lang='grc' dir='ltr'>κοινωνίᾳ</span> <span class='ocrx_word' id='word_1_106' title='bbox 1036 1447 1366 1520; x_wconf 82' lang='grc' dir='ltr'>ἀναιρέσεως</span> <span class='ocrx_word' id='word_1_107' title='bbox 1404 1448 1611 1501; x_wconf 79' lang='grc' dir='ltr'>ἑαυτῶν</span> <span class='ocrx_word' id='word_1_108' title='bbox 1634 1447 1762 1501; x_wconf 77' lang='grc' dir='ltr'>ὄντα</span> <span class='ocrx_word' id='word_1_109' title='bbox 1793 1446 1961 1512; x_wconf 80' lang='grc' dir='ltr'>αἰτία,</span> 
     </span>
    </p>
   </div>
   <div class='ocr_carea' id='block_1_17' title="bbox 392 1535 1965 1611">
    <p class='ocr_par' dir='ltr' id='par_1_17' title="bbox 392 1535 1965 1611">
     <span class='ocr_line' id='line_1_17' title="bbox 392 1535 1965 1611; baseline 0.001 -21"><span class='ocrx_word' id='word_1_110' title='bbox 392 1538 467 1608; x_wconf 82' lang='grc' dir='ltr'>μὴ</span> <span class='ocrx_word' id='word_1_111' title='bbox 495 1536 767 1609; x_wconf 86' lang='grc' dir='ltr'>δυνάμενα</span> <span class='ocrx_word' id='word_1_112' title='bbox 808 1539 942 1611; x_wconf 84' lang='grc' dir='ltr'>ὁμοῦ</span> <span class='ocrx_word' id='word_1_113' title='bbox 981 1535 1118 1594; x_wconf 77' lang='grc' dir='ltr'>εἶναι</span> <span class='ocrx_word' id='word_1_114' title='bbox 1143 1555 1155 1568; x_wconf 81' lang='grc'><strong><em>⁸</em></strong></span> <span class='ocrx_word' id='word_1_115' title='bbox 1190 1540 1324 1595; x_wconf 87' lang='grc' dir='ltr'><strong>ἀλλά</strong></span> <span class='ocrx_word' id='word_1_116' title='bbox 1358 1539 1451 1593; x_wconf 85' lang='grc' dir='ltr'><strong>τοῦ</strong></span> <span class='ocrx_word' id='word_1_117' title='bbox 1491 1540 1680 1611; x_wconf 83' lang='grc' dir='ltr'>ἐτέρου</span> <span class='ocrx_word' id='word_1_118' title='bbox 1713 1540 1965 1611; x_wconf 85' lang='grc' dir='ltr'>ἀναιρου-</span> 
     </span>
    </p>
   </div>
   <div class='ocr_carea' id='block_1_18' title="bbox 391 1628 1617 1705">
    <p class='ocr_par' dir='ltr' id='par_1_18' title="bbox 391 1628 1617 1705">
     <span class='ocr_line' id='line_1_18' title="bbox 391 1628 1617 1705; baseline 0.003 -24"><span class='ocrx_word' id='word_1_119' title='bbox 391 1628 575 1699; x_wconf 83' lang='grc' dir='ltr'>μένου,</span> <span class='ocrx_word' id='word_1_120' title='bbox 597 1629 685 1684; x_wconf 83' lang='grc' dir='ltr'>διὰ</span> <span class='ocrx_word' id='word_1_121' title='bbox 717 1631 815 1701; x_wconf 82' lang='grc' dir='ltr'>τὴν</span> <span class='ocrx_word' id='word_1_122' title='bbox 845 1633 937 1685; x_wconf 87' lang='grc' dir='ltr'><strong>τοῦ</strong></span> <span class='ocrx_word' id='word_1_123' title='bbox 973 1633 1158 1705; x_wconf 87' lang='grc' dir='ltr'>ἐτέρου</span> <span class='ocrx_word' id='word_1_124' title='bbox 1186 1634 1564 1704; x_wconf 85' lang='grc' dir='ltr'>ἐπικράτησιν.</span> <span class='ocrx_word' id='word_1_125' title='bbox 1604 1638 1617 1645; x_wconf 89' lang='grc'><em>’</em></span> 
     </span>
    </p>
   </div>
   <div class='ocr_carea' id='block_1_19' title="bbox 2061 533 3634 604">
    <p class='ocr_par' dir='ltr' id='par_1_19' title="bbox 2061 533 3634 604">
     <span class='ocr_line' id='line_1_19' title="bbox 2061 533 3634 604; baseline 0.004 -17"><span class='ocrx_word' id='word_1_126' title='bbox 2061 549 2176 588; x_wconf 85' lang='lat' dir='ltr'><strong>rem</strong></span> <span class='ocrx_word' id='word_1_127' title='bbox 2232 533 2530 597; x_wconf 78' lang='lat' dir='ltr'><strong>diabolum,</strong></span> <span class='ocrx_word' id='word_1_128' title='bbox 2585 547 2762 602; x_wconf 82' lang='lat' dir='ltr'><strong>neque</strong></span> <span class='ocrx_word' id='word_1_129' title='bbox 2814 533 3179 588; x_wconf 77' lang='lat' dir='ltr'><strong>substantiam</strong></span> <span class='ocrx_word' id='word_1_130' title='bbox 3221 537 3341 604; x_wconf 85' lang='lat' dir='ltr'><strong>ejus</strong></span> <span class='ocrx_word' id='word_1_131' title='bbox 3415 537 3634 602; x_wconf 80' lang='lat' dir='ltr'><strong>fecisse.</strong></span> 
     </span>
    </p>
   </div>
   <div class='ocr_carea' id='block_1_20' title="bbox 2062 624 3636 705">
    <p class='ocr_par' dir='ltr' id='par_1_20' title="bbox 2062 624 3636 705">
     <span class='ocr_line' id='line_1_20' title="bbox 2062 624 3636 705; baseline 0.006 -27"><span class='ocrx_word' id='word_1_132' title='bbox 2062 625 2152 678; x_wconf 87' lang='lat' dir='ltr'><strong>sed</strong></span> <span class='ocrx_word' id='word_1_133' title='bbox 2208 625 2382 679; x_wconf 89' lang='lat' dir='ltr'><strong>solius</strong></span> <span class='ocrx_word' id='word_1_134' title='bbox 2445 625 2729 694; x_wconf 84' lang='lat' dir='ltr'><strong>ingressus</strong></span> <span class='ocrx_word' id='word_1_135' title='bbox 2785 624 2980 679; x_wconf 79' lang='lat' dir='ltr'><strong>animae</strong></span> <span class='ocrx_word' id='word_1_136' title='bbox 3033 625 3087 679; x_wconf 91' lang='lat' dir='ltr'><strong>in</strong></span> <span class='ocrx_word' id='word_1_137' title='bbox 3150 636 3352 697; x_wconf 81' lang='lat' dir='ltr'><strong>Corpus</strong></span> <span class='ocrx_word' id='word_1_138' title='bbox 3413 631 3636 705; x_wconf 58' lang='lat' dir='ltr'><strong>effecto-</strong></span> 
     </span>
    </p>
   </div>
   <div class='ocr_carea' id='block_1_21' title="bbox 2061 715 3635 791">
    <p class='ocr_par' dir='ltr' id='par_1_21' title="bbox 2061 715 3635 791">
     <span class='ocr_line' id='line_1_21' title="bbox 2061 715 3635 791; baseline 0.005 -22"><span class='ocrx_word' id='word_1_139' title='bbox 2061 730 2173 771; x_wconf 87' lang='lat' dir='ltr'><strong>rem</strong></span> <span class='ocrx_word' id='word_1_140' title='bbox 2235 731 2388 783; x_wconf 87' lang='lat' dir='ltr'><strong>esse;</strong></span> <span class='ocrx_word' id='word_1_141' title='bbox 2453 715 2751 770; x_wconf 72' lang='lat' dir='ltr'><strong>detractam</strong></span> <span class='ocrx_word' id='word_1_142' title='bbox 2795 716 2942 770; x_wconf 88' lang='lat' dir='ltr'><strong>enim</strong></span> <span class='ocrx_word' id='word_1_143' title='bbox 2993 725 3251 787; x_wconf 77' lang='lat' dir='ltr'><strong>tanquam</strong></span> <span class='ocrx_word' id='word_1_144' title='bbox 3295 722 3549 791; x_wconf 85' lang='lat' dir='ltr'><strong>spolium,</strong></span> <span class='ocrx_word' id='word_1_145' title='bbox 3576 733 3635 777; x_wconf 91' lang='lat' dir='ltr'><strong>ut</strong></span> 
     </span>
    </p>
   </div>
   <div class='ocr_carea' id='block_1_22' title="bbox 2060 805 3637 877">
    <p class='ocr_par' dir='ltr' id='par_1_22' title="bbox 2060 805 3637 877">
     <span class='ocr_line' id='line_1_22' title="bbox 2060 805 3637 877; baseline 0.005 -18"><span class='ocrx_word' id='word_1_146' title='bbox 2060 807 2163 877; x_wconf 90' lang='lat' dir='ltr'><strong>ipsi</strong></span> <span class='ocrx_word' id='word_1_147' title='bbox 2222 807 2393 869; x_wconf 88' lang='lat' dir='ltr'><strong>aiunt,</strong></span> <span class='ocrx_word' id='word_1_148' title='bbox 2468 805 2524 860; x_wconf 92' lang='lat' dir='ltr'><strong>ln</strong></span> <span class='ocrx_word' id='word_1_149' title='bbox 2578 820 2801 859; x_wconf 85' lang='lat' dir='ltr'><strong>carnem</strong></span> <span class='ocrx_word' id='word_1_150' title='bbox 2878 806 3147 876; x_wconf 87' lang='lat' dir='ltr'><strong>immisit;</strong></span> <span class='ocrx_word' id='word_1_151' title='bbox 3222 823 3442 865; x_wconf 89' lang='lat' dir='ltr'><strong>carnem</strong></span> <span class='ocrx_word' id='word_1_152' title='bbox 3507 828 3637 867; x_wconf 70' lang='lat' dir='ltr'><strong>vero</strong></span> 
     </span>
    </p>
   </div>
   <div class='ocr_carea' id='block_1_23' title="bbox 2061 896 3632 970">
    <p class='ocr_par' dir='ltr' id='par_1_23' title="bbox 2061 896 3632 970">
     <span class='ocr_line' id='line_1_23' title="bbox 2061 896 3632 970; baseline 0.004 -19"><span class='ocrx_word' id='word_1_153' title='bbox 2061 899 2254 968; x_wconf 86' lang='lat' dir='ltr'><strong>ipsam,</strong></span> <span class='ocrx_word' id='word_1_154' title='bbox 2276 908 2326 953; x_wconf 93' lang='lat' dir='ltr'><strong>et</strong></span> <span class='ocrx_word' id='word_1_155' title='bbox 2356 896 2753 963; x_wconf 80' lang='lat' dir='ltr'><strong>formationem,</strong></span> <span class='ocrx_word' id='word_1_156' title='bbox 2777 906 2829 952; x_wconf 91' lang='lat' dir='ltr'><strong>et</strong></span> <span class='ocrx_word' id='word_1_157' title='bbox 2856 897 3099 968; x_wconf 73' lang='lat' dir='ltr'><strong>figuram,</strong></span> <span class='ocrx_word' id='word_1_158' title='bbox 3117 908 3172 954; x_wconf 88' lang='lat' dir='ltr'><strong>et</strong></span> <span class='ocrx_word' id='word_1_159' title='bbox 3198 902 3359 955; x_wconf 89' lang='lat' dir='ltr'><strong>talem</strong></span> <span class='ocrx_word' id='word_1_160' title='bbox 3384 903 3632 970; x_wconf 89' lang='lat' dir='ltr'><strong>formam,</strong></span> 
     </span>
    </p>
   </div>
   <div class='ocr_carea' id='block_1_24' title="bbox 2063 989 3633 1059">
    <p class='ocr_par' dir='ltr' id='par_1_24' title="bbox 2063 989 3633 1059">
     <span class='ocr_line' id='line_1_24' title="bbox 2063 989 3633 1059; baseline 0.004 -16"><span class='ocrx_word' id='word_1_161' title='bbox 2063 1004 2128 1044; x_wconf 90' lang='lat' dir='ltr'><strong>ac</strong></span> <span class='ocrx_word' id='word_1_162' title='bbox 2179 998 2348 1043; x_wconf 89' lang='lat' dir='ltr'><strong>totam</strong></span> <span class='ocrx_word' id='word_1_163' title='bbox 2390 989 2753 1044; x_wconf 86' lang='lat' dir='ltr'><strong>substantiam</strong></span> <span class='ocrx_word' id='word_1_164' title='bbox 2803 1005 2941 1059; x_wconf 89' lang='lat' dir='ltr'><strong>opus</strong></span> <span class='ocrx_word' id='word_1_165' title='bbox 2987 1006 3111 1046; x_wconf 88' lang='lat' dir='ltr'><strong>esse</strong></span> <span class='ocrx_word' id='word_1_166' title='bbox 3160 1001 3212 1047; x_wconf 89' lang='lat' dir='ltr'><strong>et</strong></span> <span class='ocrx_word' id='word_1_167' title='bbox 3252 993 3633 1051; x_wconf 83' lang='lat' dir='ltr'><strong>formationem</strong></span> 
     </span>
    </p>
   </div>
   <div class='ocr_carea' id='block_1_25' title="bbox 2062 1079 3631 1152">
    <p class='ocr_par' dir='ltr' id='par_1_25' title="bbox 2062 1079 3631 1152">
     <span class='ocr_line' id='line_1_25' title="bbox 2062 1079 3631 1152; baseline 0.005 -17"><span class='ocrx_word' id='word_1_168' title='bbox 2062 1080 2283 1136; x_wconf 86' lang='lat' dir='ltr'><strong>diaboli.</strong></span> <span class='ocrx_word' id='word_1_169' title='bbox 2336 1079 2594 1136; x_wconf 86' lang='lat' dir='ltr'><strong>Fatentes</strong></span> <span class='ocrx_word' id='word_1_170' title='bbox 2641 1082 2805 1152; x_wconf 79' lang='lat' dir='ltr'><strong>igitur</strong></span> <span class='ocrx_word' id='word_1_171' title='bbox 2835 1081 3039 1136; x_wconf 88' lang='lat' dir='ltr'><strong>factum</strong></span> <span class='ocrx_word' id='word_1_172' title='bbox 3072 1099 3192 1139; x_wconf 90' lang='lat' dir='ltr'><strong>esse</strong></span> <span class='ocrx_word' id='word_1_173' title='bbox 3240 1085 3514 1142; x_wconf 82' lang='lat' dir='ltr'><strong>hominem</strong></span> <span class='ocrx_word' id='word_1_174' title='bbox 3565 1104 3631 1143; x_wconf 81' lang='lat' dir='ltr'><strong>ex</strong></span> 
     </span>
    </p>
   </div>
   <div class='ocr_carea' id='block_1_26' title="bbox 2062 1173 3635 1243">
    <p class='ocr_par' dir='ltr' id='par_1_26' title="bbox 2062 1173 3635 1243">
     <span class='ocr_line' id='line_1_26' title="bbox 2062 1173 3635 1243; baseline 0.003 -15"><span class='ocrx_word' id='word_1_175' title='bbox 2062 1173 2392 1239; x_wconf 81' lang='lat' dir='ltr'><strong>contrariis,</strong></span> <span class='ocrx_word' id='word_1_176' title='bbox 2465 1188 2642 1243; x_wconf 89' lang='lat' dir='ltr'><strong>neque</strong></span> <span class='ocrx_word' id='word_1_177' title='bbox 2710 1188 2831 1243; x_wconf 85' lang='lat' dir='ltr'><strong>quae</strong></span> <span class='ocrx_word' id='word_1_178' title='bbox 2902 1175 2975 1229; x_wconf 89' lang='lat' dir='ltr'><strong>sit</strong></span> <span class='ocrx_word' id='word_1_179' title='bbox 3037 1179 3433 1232; x_wconf 85' lang='lat' dir='ltr'><strong>contrariorum</strong></span> <span class='ocrx_word' id='word_1_180' title='bbox 3494 1179 3635 1233; x_wconf 80' lang='lat' dir='ltr'><strong>ratio</strong></span> 
     </span>
    </p>
   </div>
   <div class='ocr_carea' id='block_1_27' title="bbox 2060 1266 3635 1340">
    <p class='ocr_par' dir='ltr' id='par_1_27' title="bbox 2060 1266 3635 1340">
     <span class='ocr_line' id='line_1_27' title="bbox 2060 1266 3635 1340; baseline 0.001 -18"><span class='ocrx_word' id='word_1_181' title='bbox 2060 1266 2258 1334; x_wconf 89' lang='lat' dir='ltr'><strong>sciunt;</strong></span> <span class='ocrx_word' id='word_1_182' title='bbox 2288 1282 2462 1336; x_wconf 90' lang='lat' dir='ltr'><strong>neque</strong></span> <span class='ocrx_word' id='word_1_183' title='bbox 2486 1266 2685 1331; x_wconf 88' lang='lat' dir='ltr'><strong>sciunt,</strong></span> <span class='ocrx_word' id='word_1_184' title='bbox 2706 1280 2829 1321; x_wconf 91' lang='lat' dir='ltr'><strong>esse</strong></span> <span class='ocrx_word' id='word_1_185' title='bbox 2857 1266 3103 1336; x_wconf 72' lang='lat' dir='ltr'><strong>qumdam</strong></span> <span class='ocrx_word' id='word_1_186' title='bbox 3128 1270 3396 1323; x_wconf 88' lang='lat' dir='ltr'><strong>contraria</strong></span> <span class='ocrx_word' id='word_1_187' title='bbox 3418 1287 3537 1340; x_wconf 65' lang='lat' dir='ltr'><strong>qua:</strong></span> <span class='ocrx_word' id='word_1_188' title='bbox 3558 1272 3635 1324; x_wconf 91' lang='lat' dir='ltr'><strong>in-</strong></span> 
     </span>
    </p>
   </div>
   <div class='ocr_carea' id='block_1_28' title="bbox 2065 1357 3712 1428">
    <p class='ocr_par' dir='ltr' id='par_1_28' title="bbox 2065 1357 3712 1428">
     <span class='ocr_line' id='line_1_28' title="bbox 2065 1357 3712 1428; baseline 0.001 -16"><span class='ocrx_word' id='word_1_189' title='bbox 2065 1367 2149 1414; x_wconf 86' lang='lat' dir='ltr'><strong>ter</strong></span> <span class='ocrx_word' id='word_1_190' title='bbox 2176 1375 2236 1415; x_wconf 87' lang='lat' dir='ltr'><strong>se</strong></span> <span class='ocrx_word' id='word_1_191' title='bbox 2273 1357 2615 1413; x_wconf 85' lang='lat' dir='ltr'><strong>commisceri</strong></span> <span class='ocrx_word' id='word_1_192' title='bbox 2653 1370 2759 1411; x_wconf 91' lang='lat' dir='ltr'><strong>non</strong></span> <span class='ocrx_word' id='word_1_193' title='bbox 2789 1365 3043 1426; x_wconf 89' lang='lat' dir='ltr'><strong>possunt,</strong></span> <span class='ocrx_word' id='word_1_194' title='bbox 3083 1358 3211 1428; x_wconf 88' lang='lat' dir='ltr'><strong>quia</strong></span> <span class='ocrx_word' id='word_1_195' title='bbox 3243 1360 3445 1414; x_wconf 88' lang='lat' dir='ltr'><strong>uullam</strong></span> <span class='ocrx_word' id='word_1_196' title='bbox 3488 1362 3629 1417; x_wconf 83' lang='lat' dir='ltr'><strong>inter</strong></span> <span class='ocrx_word' id='word_1_197' title='bbox 3702 1418 3712 1428; x_wconf 63' lang='grc'><strong>,</strong></span> 
     </span>
    </p>
   </div>
   <div class='ocr_carea' id='block_1_29' title="bbox 2069 1450 3626 1522">
    <p class='ocr_par' dir='ltr' id='par_1_29' title="bbox 2069 1450 3626 1522">
     <span class='ocr_line' id='line_1_29' title="bbox 2069 1450 3626 1522; baseline 0.001 -15"><span class='ocrx_word' id='word_1_198' title='bbox 2069 1467 2127 1507; x_wconf 90' lang='lat' dir='ltr'><strong>se</strong></span> <span class='ocrx_word' id='word_1_199' title='bbox 2150 1450 2587 1505; x_wconf 84' lang='lat' dir='ltr'><strong>communionem</strong></span> <span class='ocrx_word' id='word_1_200' title='bbox 2620 1465 2794 1519; x_wconf 89' lang='lat' dir='ltr'><strong>neque</strong></span> <span class='ocrx_word' id='word_1_201' title='bbox 2825 1450 3134 1504; x_wconf 82' lang='lat' dir='ltr'><strong>misttonem</strong></span> <span class='ocrx_word' id='word_1_202' title='bbox 3160 1452 3360 1507; x_wconf 84' lang='lat' dir='ltr'><strong>habere</strong></span> <span class='ocrx_word' id='word_1_203' title='bbox 3399 1460 3626 1522; x_wconf 87' lang='lat' dir='ltr'><strong>queunt;</strong></span> 
     </span>
    </p>
   </div>
   <div class='ocr_carea' id='block_1_30' title="bbox 2069 1540 3629 1614">
    <p class='ocr_par' dir='ltr' id='par_1_30' title="bbox 2069 1540 3629 1614">
     <span class='ocr_line' id='line_1_30' title="bbox 2069 1540 3629 1614; baseline 0.002 -19"><span class='ocrx_word' id='word_1_204' title='bbox 2069 1542 2201 1613; x_wconf 89' lang='lat' dir='ltr'><strong>quin</strong></span> <span class='ocrx_word' id='word_1_205' title='bbox 2257 1540 2438 1611; x_wconf 89' lang='lat' dir='ltr'><strong>potius</strong></span> <span class='ocrx_word' id='word_1_206' title='bbox 2482 1553 2650 1593; x_wconf 88' lang='lat' dir='ltr'><strong>causa</strong></span> <span class='ocrx_word' id='word_1_207' title='bbox 2703 1546 2831 1595; x_wconf 89' lang='lat' dir='ltr'><strong>sunt</strong></span> <span class='ocrx_word' id='word_1_208' title='bbox 2888 1540 3141 1594; x_wconf 87' lang='lat' dir='ltr'><strong>interitus</strong></span> <span class='ocrx_word' id='word_1_209' title='bbox 3170 1541 3253 1595; x_wconf 80' lang='lat' dir='ltr'><strong>sui</strong></span> <span class='ocrx_word' id='word_1_210' title='bbox 3288 1541 3342 1595; x_wconf 90' lang='lat' dir='ltr'><strong>in</strong></span> <span class='ocrx_word' id='word_1_211' title='bbox 3381 1541 3472 1596; x_wconf 89' lang='lat' dir='ltr'><strong>illa</strong></span> <span class='ocrx_word' id='word_1_212' title='bbox 3508 1560 3629 1614; x_wconf 71' lang='lat' dir='ltr'><strong>qua:</strong></span> 
     </span>
    </p>
   </div>
   <div class='ocr_carea' id='block_1_31' title="bbox 2062 1632 3629 1708">
    <p class='ocr_par' dir='ltr' id='par_1_31' title="bbox 2062 1632 3629 1708">
     <span class='ocr_line' id='line_1_31' title="bbox 2062 1632 3629 1708; baseline 0.002 -17"><span class='ocrx_word' id='word_1_213' title='bbox 2062 1645 2308 1708; x_wconf 89' lang='lat' dir='ltr'><strong>putatur,</strong></span> <span class='ocrx_word' id='word_1_214' title='bbox 2365 1632 2780 1699; x_wconf 85' lang='lat' dir='ltr'><strong>communione,</strong></span> <span class='ocrx_word' id='word_1_215' title='bbox 2841 1633 2969 1703; x_wconf 89' lang='lat' dir='ltr'><strong>quia</strong></span> <span class='ocrx_word' id='word_1_216' title='bbox 3020 1649 3128 1688; x_wconf 90' lang='lat' dir='ltr'><strong>non</strong></span> <span class='ocrx_word' id='word_1_217' title='bbox 3182 1648 3412 1705; x_wconf 91' lang='lat' dir='ltr'><strong>possunt</strong></span> <span class='ocrx_word' id='word_1_218' title='bbox 3465 1639 3629 1694; x_wconf 85' lang='lat' dir='ltr'><strong>simul</strong></span> 
     </span>
    </p>
   </div>
   <div class='ocr_carea' id='block_1_32' title="bbox 2056 1724 3546 1795">
    <p class='ocr_par' dir='ltr' id='par_1_32' title="bbox 2056 1724 3546 1795">
     <span class='ocr_line' id='line_1_32' title="bbox 2056 1724 3546 1795; baseline -0.001 -9"><span class='ocrx_word' id='word_1_219' title='bbox 2056 1745 2215 1795; x_wconf 88' lang='lat' dir='ltr'><strong>esse;</strong></span> <span class='ocrx_word' id='word_1_220' title='bbox 2258 1726 2369 1781; x_wconf 92' lang='lat' dir='ltr'><strong>imo</strong></span> <span class='ocrx_word' id='word_1_221' title='bbox 2405 1724 2555 1779; x_wconf 87' lang='lat' dir='ltr'><strong>aliud</strong></span> <span class='ocrx_word' id='word_1_222' title='bbox 2592 1724 2825 1789; x_wconf 90' lang='lat' dir='ltr'><strong>tollitur,</strong></span> <span class='ocrx_word' id='word_1_223' title='bbox 2861 1725 2989 1795; x_wconf 89' lang='lat' dir='ltr'><strong>quia</strong></span> <span class='ocrx_word' id='word_1_224' title='bbox 3035 1725 3181 1781; x_wconf 88' lang='lat' dir='ltr'><strong>aliud</strong></span> <span class='ocrx_word' id='word_1_225' title='bbox 3212 1727 3546 1784; x_wconf 87' lang='lat' dir='ltr'><strong>dominatur.</strong></span> 
     </span>
    </p>
   </div>
   <div class='ocr_carea' id='block_1_33' title="bbox 1185 1842 2814 1928">
    <p class='ocr_par' dir='ltr' id='par_1_33' title="bbox 1185 1842 2814 1928">
     <span class='ocr_line' id='line_1_33' title="bbox 1185 1842 2814 1928; baseline -0.012 -13"><span class='ocrx_word' id='word_1_226' title='bbox 1185 1859 1313 1915; x_wconf 69' lang='lat' dir='ltr'><strong>Car.</strong></span> <span class='ocrx_word' id='word_1_227' title='bbox 1353 1858 1517 1915; x_wconf 77' lang='lat' dir='ltr'><strong>XVII.</strong></span> <span class='ocrx_word' id='word_1_228' title='bbox 1553 1858 1756 1928; x_wconf 74' lang='lat' dir='ltr'><strong>Corpus</strong></span> <span class='ocrx_word' id='word_1_229' title='bbox 1780 1874 1884 1913; x_wconf 83' lang='lat' dir='ltr'><strong>non</strong></span> <span class='ocrx_word' id='word_1_230' title='bbox 1910 1864 1986 1910; x_wconf 80' lang='lat' dir='ltr'><strong>est</strong></span> <span class='ocrx_word' id='word_1_231' title='bbox 2012 1867 2045 1906; x_wconf 89' lang='lat' dir='ltr'><strong>a</strong></span> <span class='ocrx_word' id='word_1_232' title='bbox 2075 1845 2313 1910; x_wconf 77' lang='lat' dir='ltr'><strong>diabolo,</strong></span> <span class='ocrx_word' id='word_1_233' title='bbox 2336 1852 2386 1898; x_wconf 85' lang='lat' dir='ltr'><strong>et</strong></span> <span class='ocrx_word' id='word_1_234' title='bbox 2410 1843 2590 1896; x_wconf 82' lang='lat' dir='ltr'><strong>anima</strong></span> <span class='ocrx_word' id='word_1_235' title='bbox 2617 1860 2651 1896; x_wconf 91' lang='lat' dir='ltr'><strong>a</strong></span> <span class='ocrx_word' id='word_1_236' title='bbox 2685 1842 2814 1898; x_wconf 85' lang='lat' dir='ltr'><strong>Deo.</strong></span> 
     </span>
    </p>
   </div>
   <div class='ocr_carea' id='block_1_34' title="bbox 469 1953 1962 2045">
    <p class='ocr_par' dir='ltr' id='par_1_34' title="bbox 469 1969 1953 2045">
     <span class='ocr_line' id='line_1_34' title="bbox 469 1969 1953 2045; baseline 0.001 -22"><span class='ocrx_word' id='word_1_237' title='bbox 469 1971 599 2023; x_wconf 70' lang='grc' dir='ltr'>Ἰδοὺ</span> <span class='ocrx_word' id='word_1_238' title='bbox 626 1969 733 2042; x_wconf 83' lang='grc' dir='ltr'><strong>γάρ</strong></span> <span class='ocrx_word' id='word_1_239' title='bbox 770 1972 829 2026; x_wconf 92' lang='grc' dir='ltr'><strong>ἐν</strong></span> <span class='ocrx_word' id='word_1_240' title='bbox 882 1972 963 2026; x_wconf 71' lang='grc' dir='ltr'><strong>ἐνὶ</strong></span> <span class='ocrx_word' id='word_1_241' title='bbox 1006 1974 1342 2045; x_wconf 85' lang='grc' dir='ltr'>κοιτωνίσκῳ</span> <span class='ocrx_word' id='word_1_242' title='bbox 1386 1973 1569 2045; x_wconf 87' lang='grc' dir='ltr'>ἡμέρα</span> <span class='ocrx_word' id='word_1_243' title='bbox 1602 1975 1696 2028; x_wconf 73' lang='grc' dir='ltr'><strong>καὶ</strong></span> <span class='ocrx_word' id='word_1_244' title='bbox 1734 1970 1830 2037; x_wconf 83' lang='grc' dir='ltr'><strong>νὺξ</strong></span> <span class='ocrx_word' id='word_1_245' title='bbox 1854 1971 1953 2025; x_wconf 85' lang='grc' dir='ltr'><strong>οὐκ</strong></span> 
     </span>
    </p>
   </div>
   <div class='ocr_carea' id='block_1_35' title="bbox 2046 1953 3627 2045">
    <p class='ocr_par' dir='ltr' id='par_1_35' title="bbox 2124 1953 3627 2025">
     <span class='ocr_line' id='line_1_35' title="bbox 2124 1953 3627 2025; baseline -0.001 -7"><span class='ocrx_word' id='word_1_246' title='bbox 2124 1962 2285 2025; x_wconf 88' lang='lat' dir='ltr'><strong>Ecce,</strong></span> <span class='ocrx_word' id='word_1_247' title='bbox 2315 1960 2372 2013; x_wconf 93' lang='lat' dir='ltr'><strong>in</strong></span> <span class='ocrx_word' id='word_1_248' title='bbox 2419 1974 2528 2014; x_wconf 92' lang='lat' dir='ltr'><strong>uno</strong></span> <span class='ocrx_word' id='word_1_249' title='bbox 2561 1959 2819 2013; x_wconf 88' lang='lat' dir='ltr'><strong>cubiculo</strong></span> <span class='ocrx_word' id='word_1_250' title='bbox 2846 1959 2965 2015; x_wconf 90' lang='lat' dir='ltr'><strong>dies</strong></span> <span class='ocrx_word' id='word_1_251' title='bbox 2995 1967 3050 2015; x_wconf 91' lang='lat' dir='ltr'><strong>et</strong></span> <span class='ocrx_word' id='word_1_252' title='bbox 3098 1976 3207 2015; x_wconf 78' lang='lat' dir='ltr'><strong>nox</strong></span> <span class='ocrx_word' id='word_1_253' title='bbox 3255 1959 3485 2017; x_wconf 80' lang='lat' dir='ltr'><strong>inveniri</strong></span> <span class='ocrx_word' id='word_1_254' title='bbox 3518 1953 3627 2017; x_wconf 80' lang='lat' dir='ltr'><strong>non</strong></span> 
     </span>
    </p>
   </div>
   <div class='ocr_carea' id='block_1_36' title="bbox 387 2061 1953 2135">
    <p class='ocr_par' dir='ltr' id='par_1_36' title="bbox 387 2061 1953 2135">
     <span class='ocr_line' id='line_1_36' title="bbox 387 2061 1953 2135; baseline -0.001 -20"><span class='ocrx_word' id='word_1_255' title='bbox 387 2062 452 2115; x_wconf 78' lang='grc' dir='ltr'>ἂν</span> <span class='ocrx_word' id='word_1_256' title='bbox 480 2061 726 2133; x_wconf 79' lang='grc' dir='ltr'>εὑρεθείη</span> <span class='ocrx_word' id='word_1_257' title='bbox 747 2079 761 2092; x_wconf 90' lang='grc'><strong>·</strong></span> <span class='ocrx_word' id='word_1_258' title='bbox 795 2062 916 2115; x_wconf 73' lang='grc' dir='ltr'>ἐπεὶ</span> <span class='ocrx_word' id='word_1_259' title='bbox 952 2063 1110 2133; x_wconf 85' lang='grc' dir='ltr'>μόνον</span> <span class='ocrx_word' id='word_1_260' title='bbox 1144 2063 1259 2132; x_wconf 81' lang='grc' dir='ltr'><strong>φῶς</strong></span> <span class='ocrx_word' id='word_1_261' title='bbox 1296 2065 1515 2135; x_wconf 79' lang='grc' dir='ltr'>εὑρεθὲν</span> <span class='ocrx_word' id='word_1_262' title='bbox 1557 2066 1875 2135; x_wconf 85' lang='grc' dir='ltr'>προαναιρεῖ</span> <span class='ocrx_word' id='word_1_263' title='bbox 1894 2062 1953 2115; x_wconf 84' lang='grc' dir='ltr'><strong>τὸ</strong></span> 
     </span>
    </p>
   </div>
   <div class='ocr_carea' id='block_1_37' title="bbox 386 2153 1952 2227">
    <p class='ocr_par' dir='ltr' id='par_1_37' title="bbox 386 2153 1952 2227">
     <span class='ocr_line' id='line_1_37' title="bbox 386 2153 1952 2227; baseline -0.001 -20"><span class='ocrx_word' id='word_1_264' title='bbox 386 2153 593 2217; x_wconf 89' lang='grc' dir='ltr'>σκότος.</span> <span class='ocrx_word' id='word_1_265' title='bbox 659 2155 787 2208; x_wconf 84' lang='grc' dir='ltr'>Ἰδοὺ</span> <span class='ocrx_word' id='word_1_266' title='bbox 814 2156 872 2207; x_wconf 84' lang='grc' dir='ltr'><strong>ἐν</strong></span> <span class='ocrx_word' id='word_1_267' title='bbox 930 2156 1028 2226; x_wconf 83' lang='grc' dir='ltr'>μιᾷ</span> <span class='ocrx_word' id='word_1_268' title='bbox 1052 2155 1196 2227; x_wconf 67' lang='grc' dir='ltr'><strong>ψυχῇ</strong></span> <span class='ocrx_word' id='word_1_269' title='bbox 1240 2155 1560 2227; x_wconf 77' lang='grc' dir='ltr'>σωφροσύνη</span> <span class='ocrx_word' id='word_1_270' title='bbox 1598 2157 1690 2209; x_wconf 79' lang='grc' dir='ltr'><strong>καὶ</strong></span> <span class='ocrx_word' id='word_1_271' title='bbox 1727 2153 1952 2226; x_wconf 89' lang='grc' dir='ltr'>πορνεία</span> 
     </span>
    </p>
   </div>
   <div class='ocr_carea' id='block_1_38' title="bbox 381 2244 1955 2318">
    <p class='ocr_par' dir='ltr' id='par_1_38' title="bbox 381 2244 1955 2318">
     <span class='ocr_line' id='line_1_38' title="bbox 381 2244 1955 2318; baseline 0 -21"><span class='ocrx_word' id='word_1_272' title='bbox 381 2245 482 2298; x_wconf 75' lang='grc' dir='ltr'><strong>οὐκ</strong></span> <span class='ocrx_word' id='word_1_273' title='bbox 508 2244 574 2298; x_wconf 86' lang='grc' dir='ltr'><strong>ἂν</strong></span> <span class='ocrx_word' id='word_1_274' title='bbox 605 2245 821 2316; x_wconf 86' lang='grc' dir='ltr'>φανείη·</span> <span class='ocrx_word' id='word_1_275' title='bbox 875 2247 997 2298; x_wconf 75' lang='grc' dir='ltr'>ἐπεὶ</span> <span class='ocrx_word' id='word_1_276' title='bbox 1024 2246 1159 2317; x_wconf 88' lang='grc' dir='ltr'>μόνη</span> <span class='ocrx_word' id='word_1_277' title='bbox 1196 2247 1513 2318; x_wconf 77' lang='grc' dir='ltr'>σωφροσύνη</span> <span class='ocrx_word' id='word_1_278' title='bbox 1534 2287 1549 2311; x_wconf 93' lang='grc'><strong>,</strong></span> <span class='ocrx_word' id='word_1_279' title='bbox 1583 2250 1828 2315; x_wconf 84' lang='grc' dir='ltr'>φανεῖσα,</span> <span class='ocrx_word' id='word_1_280' title='bbox 1866 2247 1955 2297; x_wconf 86' lang='grc' dir='ltr'>ἐκ·</span> 
     </span>
    </p>
   </div>
   <div class='ocr_carea' id='block_1_39' title="bbox 384 2333 1955 2407">
    <p class='ocr_par' dir='ltr' id='par_1_39' title="bbox 384 2333 1955 2407">
     <span class='ocr_line' id='line_1_39' title="bbox 384 2333 1955 2407; baseline 0 -21"><span class='ocrx_word' id='word_1_281' title='bbox 384 2333 558 2386; x_wconf 85' lang='grc' dir='ltr'>ποδὼν</span> <span class='ocrx_word' id='word_1_282' title='bbox 583 2334 832 2402; x_wconf 82' lang='grc' dir='ltr'>γενέσθαι</span> <span class='ocrx_word' id='word_1_283' title='bbox 864 2335 961 2406; x_wconf 81' lang='grc' dir='ltr'>τὴν</span> <span class='ocrx_word' id='word_1_284' title='bbox 1000 2336 1254 2407; x_wconf 82' lang='grc' dir='ltr'>πορνείαν</span> <span class='ocrx_word' id='word_1_285' title='bbox 1299 2339 1462 2391; x_wconf 81' lang='grc' dir='ltr'>ποιεῖ.</span> <span class='ocrx_word' id='word_1_286' title='bbox 1510 2337 1640 2390; x_wconf 80' lang='grc' dir='ltr'>Ἰδοὺ</span> <span class='ocrx_word' id='word_1_287' title='bbox 1678 2334 1955 2389; x_wconf 84' lang='grc' dir='ltr'>θεοσέϐεια</span> 
     </span>
    </p>
   </div>
   <div class='ocr_carea' id='block_1_40' title="bbox 383 2427 1951 2501">
    <p class='ocr_par' dir='ltr' id='par_1_40' title="bbox 383 2427 1951 2501">
     <span class='ocr_line' id='line_1_40' title="bbox 383 2427 1951 2501; baseline -0.001 -20"><span class='ocrx_word' id='word_1_288' title='bbox 383 2428 477 2481; x_wconf 71' lang='grc' dir='ltr'><strong>καὶ</strong></span> <span class='ocrx_word' id='word_1_289' title='bbox 508 2427 732 2482; x_wconf 88' lang='grc' dir='ltr'>ἀσέϐεια</span> <span class='ocrx_word' id='word_1_290' title='bbox 762 2430 819 2482; x_wconf 81' lang='grc' dir='ltr'><strong>ἐν</strong></span> <span class='ocrx_word' id='word_1_291' title='bbox 852 2431 932 2483; x_wconf 76' lang='grc' dir='ltr'><strong>ἐνὶ</strong></span> <span class='ocrx_word' id='word_1_292' title='bbox 975 2430 1247 2501; x_wconf 80' lang='grc' dir='ltr'>ἀνθρώπῳ</span> <span class='ocrx_word' id='word_1_293' title='bbox 1288 2431 1389 2483; x_wconf 82' lang='grc' dir='ltr'>οὒκ</span> <span class='ocrx_word' id='word_1_294' title='bbox 1434 2430 1498 2484; x_wconf 83' lang='grc' dir='ltr'>ἂν</span> <span class='ocrx_word' id='word_1_295' title='bbox 1545 2430 1783 2498; x_wconf 85' lang='grc' dir='ltr'>γένοιτο·</span> <span class='ocrx_word' id='word_1_296' title='bbox 1820 2428 1951 2481; x_wconf 85' lang='grc' dir='ltr'>ὅπου</span> 
     </span>
    </p>
   </div>
   <div class='ocr_carea' id='block_1_41' title="bbox 382 2519 1953 2594">
    <p class='ocr_par' dir='ltr' id='par_1_41' title="bbox 382 2519 1953 2594">
     <span class='ocr_line' id='line_1_41' title="bbox 382 2519 1953 2594; baseline 0.002 -23"><span class='ocrx_word' id='word_1_297' title='bbox 382 2519 491 2590; x_wconf 80' lang='grc' dir='ltr'>γὰρ</span> <span class='ocrx_word' id='word_1_298' title='bbox 515 2520 764 2574; x_wconf 84' lang='grc' dir='ltr'>εὐσέϐεια</span> <span class='ocrx_word' id='word_1_299' title='bbox 810 2522 1078 2588; x_wconf 78' lang='grc' dir='ltr'>φαίνεται,</span> <span class='ocrx_word' id='word_1_300' title='bbox 1118 2522 1237 2575; x_wconf 79' lang='grc' dir='ltr'>οὐδὲ</span> <span class='ocrx_word' id='word_1_301' title='bbox 1266 2522 1415 2594; x_wconf 73' lang='grc' dir='ltr'>ῥανὶς</span> <span class='ocrx_word' id='word_1_302' title='bbox 1453 2521 1705 2584; x_wconf 81' lang='grc' dir='ltr'>ἀσεϐείας</span> <span class='ocrx_word' id='word_1_303' title='bbox 1734 2519 1953 2590; x_wconf 81' lang='grc' dir='ltr'>φανείη.</span> 
     </span>
    </p>
   </div>
   <div class='ocr_carea' id='block_1_42' title="bbox 394 2610 1951 2683">
    <p class='ocr_par' dir='ltr' id='par_1_42' title="bbox 394 2610 1951 2683">
     <span class='ocr_line' id='line_1_42' title="bbox 394 2610 1951 2683; baseline 0.001 -21"><span class='ocrx_word' id='word_1_304' title='bbox 394 2610 689 2681; x_wconf 83' lang='grc' dir='ltr'>Ἐπικρίνει</span> <span class='ocrx_word' id='word_1_305' title='bbox 730 2610 786 2662; x_wconf 81' lang='grc' dir='ltr'>δὲ</span> <span class='ocrx_word' id='word_1_306' title='bbox 815 2612 907 2664; x_wconf 77' lang='grc' dir='ltr'><strong>καὶ</strong></span> <span class='ocrx_word' id='word_1_307' title='bbox 949 2612 978 2662; x_wconf 88' lang='grc' dir='ltr'>ὁ</span> <span class='ocrx_word' id='word_1_308' title='bbox 1026 2611 1364 2675; x_wconf 81' lang='grc' dir='ltr'>Ἀπόστολος,</span> <span class='ocrx_word' id='word_1_309' title='bbox 1414 2612 1507 2664; x_wconf 76' lang='grc' dir='ltr'><strong>καὶ</strong></span> <span class='ocrx_word' id='word_1_310' title='bbox 1550 2610 1837 2683; x_wconf 73' lang='grc' dir='ltr'>σφραγίξει</span> <span class='ocrx_word' id='word_1_311' title='bbox 1883 2611 1951 2663; x_wconf 85' lang='grc' dir='ltr'><strong>τά</strong></span> 
     </span>
    </p>
   </div>
   <div class='ocr_carea' id='block_1_43' title="bbox 382 2702 1952 2774">
    <p class='ocr_par' dir='ltr' id='par_1_43' title="bbox 382 2702 1952 2774">
     <span class='ocr_line' id='line_1_43' title="bbox 382 2702 1952 2774; baseline -0.001 -18"><span class='ocrx_word' id='word_1_312' title='bbox 382 2702 674 2774; x_wconf 71' lang='grc' dir='ltr'>είρημένασ</span> <span class='ocrx_word' id='word_1_313' title='bbox 713 2704 808 2769; x_wconf 85' lang='grc' dir='ltr'>Τίς</span> <span class='ocrx_word' id='word_1_314' title='bbox 862 2704 1137 2756; x_wconf 78' lang='grc' dir='ltr'>κοινωνία</span> <span class='ocrx_word' id='word_1_315' title='bbox 1184 2704 1328 2772; x_wconf 70' lang='grc' dir='ltr'>φωτὶ</span> <span class='ocrx_word' id='word_1_316' title='bbox 1371 2704 1519 2771; x_wconf 81' lang='grc' dir='ltr'>πρὸς</span> <span class='ocrx_word' id='word_1_317' title='bbox 1563 2704 1822 2769; x_wconf 71' lang='grc' dir='ltr'>σκότος;</span> <span class='ocrx_word' id='word_1_318' title='bbox 1857 2703 1952 2767; x_wconf 86' lang='grc' dir='ltr'>Τίς</span> 
     </span>
    </p>
   </div>
   <div class='ocr_carea' id='block_1_44' title="bbox 376 2792 1951 2866">
    <p class='ocr_par' dir='ltr' id='par_1_44' title="bbox 376 2792 1951 2866">
     <span class='ocr_line' id='line_1_44' title="bbox 376 2792 1951 2866; baseline -0.001 -20"><span class='ocrx_word' id='word_1_319' title='bbox 376 2793 543 2862; x_wconf 83' lang='grc' dir='ltr'>μερὶς</span> <span class='ocrx_word' id='word_1_320' title='bbox 555 2792 784 2861; x_wconf 78' lang='grc' dir='ltr'>Χριστῷ</span> <span class='ocrx_word' id='word_1_321' title='bbox 816 2793 964 2862; x_wconf 76' lang='grc' dir='ltr'>πρὸς</span> <span class='ocrx_word' id='word_1_322' title='bbox 996 2795 1241 2857; x_wconf 75' lang='grc' dir='ltr'>Βελίαλ;</span> <span class='ocrx_word' id='word_1_323' title='bbox 1273 2793 1352 2848; x_wconf 88' lang='grc' dir='ltr'><strong>Τά</strong></span> <span class='ocrx_word' id='word_1_324' title='bbox 1372 2795 1479 2866; x_wconf 81' lang='grc' dir='ltr'>γὰρ</span> <span class='ocrx_word' id='word_1_325' title='bbox 1505 2796 1713 2857; x_wconf 73' lang='grc' dir='ltr'>ἑαυτοῖς</span> <span class='ocrx_word' id='word_1_326' title='bbox 1735 2793 1951 2846; x_wconf 78' lang='grc' dir='ltr'>ἐναντία</span> 
     </span>
    </p>
   </div>
   <div class='ocr_carea' id='block_1_45' title="bbox 381 2882 1949 2956">
    <p class='ocr_par' dir='ltr' id='par_1_45' title="bbox 381 2882 1949 2956">
     <span class='ocr_line' id='line_1_45' title="bbox 381 2882 1949 2956; baseline -0.001 -19"><span class='ocrx_word' id='word_1_327' title='bbox 381 2884 509 2954; x_wconf 83' lang='grc' dir='ltr'>φίλα</span> <span class='ocrx_word' id='word_1_328' title='bbox 526 2886 734 2947; x_wconf 81' lang='grc' dir='ltr'>ἑαυτοῖς</span> <span class='ocrx_word' id='word_1_329' title='bbox 749 2884 850 2936; x_wconf 79' lang='grc' dir='ltr'><strong>οὐκ</strong></span> <span class='ocrx_word' id='word_1_330' title='bbox 868 2886 931 2936; x_wconf 82' lang='grc' dir='ltr'>Ξιν</span> <span class='ocrx_word' id='word_1_331' title='bbox 950 2885 1159 2952; x_wconf 86' lang='grc' dir='ltr'>γένοιτο</span> <span class='ocrx_word' id='word_1_332' title='bbox 1175 2902 1188 2914; x_wconf 87' lang='grc'><strong>·</strong></span> <span class='ocrx_word' id='word_1_333' title='bbox 1213 2885 1306 2937; x_wconf 79' lang='grc' dir='ltr'><strong>καὶ</strong></span> <span class='ocrx_word' id='word_1_334' title='bbox 1335 2885 1462 2955; x_wconf 87' lang='grc' dir='ltr'>μίαν</span> <span class='ocrx_word' id='word_1_335' title='bbox 1482 2885 1748 2956; x_wconf 80' lang='grc' dir='ltr'>ἁρμονίαν</span> <span class='ocrx_word' id='word_1_336' title='bbox 1764 2884 1863 2936; x_wconf 81' lang='grc' dir='ltr'><strong>οὐκ</strong></span> <span class='ocrx_word' id='word_1_337' title='bbox 1882 2882 1949 2936; x_wconf 79' lang='grc' dir='ltr'>ἂν</span> 
     </span>
    </p>
   </div>
   <div class='ocr_carea' id='block_1_46' title="bbox 379 2972 1948 3046">
    <p class='ocr_par' dir='ltr' id='par_1_46' title="bbox 379 2972 1948 3046">
     <span class='ocr_line' id='line_1_46' title="bbox 379 2972 1948 3046; baseline -0.003 -16"><span class='ocrx_word' id='word_1_338' title='bbox 379 2978 524 3030; x_wconf 85' lang='grc' dir='ltr'>ποιοῖ</span> <span class='ocrx_word' id='word_1_339' title='bbox 544 2974 613 3027; x_wconf 80' lang='grc' dir='ltr'>τὰ</span> <span class='ocrx_word' id='word_1_340' title='bbox 640 2975 844 3027; x_wconf 78' lang='grc' dir='ltr'>ἑαυτῶν</span> <span class='ocrx_word' id='word_1_341' title='bbox 876 2975 1221 3046; x_wconf 83' lang='grc' dir='ltr'>διεστηκότα·</span> <span class='ocrx_word' id='word_1_342' title='bbox 1270 2976 1389 3028; x_wconf 74' lang='grc' dir='ltr'>οὐδὲ</span> <span class='ocrx_word' id='word_1_343' title='bbox 1429 2974 1537 3046; x_wconf 85' lang='grc' dir='ltr'><strong>γάρ</strong></span> <span class='ocrx_word' id='word_1_344' title='bbox 1568 2975 1631 3027; x_wconf 79' lang='grc' dir='ltr'><strong>ἐκ</strong></span> <span class='ocrx_word' id='word_1_345' title='bbox 1651 2992 1711 3027; x_wconf 87' lang='grc' dir='ltr'><strong>τε</strong></span> <span class='ocrx_word' id='word_1_346' title='bbox 1742 2972 1948 3046; x_wconf 78' lang='grc' dir='ltr'>ῥυθμοῦ</span> 
     </span>
    </p>
   </div>
   <div class='ocr_carea' id='block_1_47' title="bbox 379 3064 1950 3140">
    <p class='ocr_par' dir='ltr' id='par_1_47' title="bbox 379 3064 1950 3140">
     <span class='ocr_line' id='line_1_47' title="bbox 379 3064 1950 3140; baseline -0.001 -20"><span class='ocrx_word' id='word_1_347' title='bbox 379 3068 474 3120; x_wconf 73' lang='grc' dir='ltr'><strong>καὶ</strong></span> <span class='ocrx_word' id='word_1_348' title='bbox 485 3066 656 3140; x_wconf 76' lang='grc' dir='ltr'>ἁρῤυο</span> <span class='ocrx_word' id='word_1_349' title='bbox 666 3067 790 3138; x_wconf 88' lang='grc' dir='ltr'>μίας</span> <span class='ocrx_word' id='word_1_350' title='bbox 806 3068 904 3137; x_wconf 86' lang='grc' dir='ltr'><strong>μία</strong></span> <span class='ocrx_word' id='word_1_351' title='bbox 918 3066 1124 3136; x_wconf 83' lang='grc' dir='ltr'>γίνεται</span> <span class='ocrx_word' id='word_1_352' title='bbox 1139 3067 1391 3138; x_wconf 86' lang='grc' dir='ltr'>ἁρμονία,</span> <span class='ocrx_word' id='word_1_353' title='bbox 1411 3065 1534 3119; x_wconf 78' lang='grc' dir='ltr'>οὕτε</span> <span class='ocrx_word' id='word_1_354' title='bbox 1553 3067 1616 3118; x_wconf 80' lang='grc' dir='ltr'><strong>ἐκ</strong></span> <span class='ocrx_word' id='word_1_355' title='bbox 1636 3064 1844 3134; x_wconf 82' lang='grc' dir='ltr'>σιωπῆς</span> <span class='ocrx_word' id='word_1_356' title='bbox 1858 3066 1950 3118; x_wconf 74' lang='grc' dir='ltr'><strong>καὶ</strong></span> 
     </span>
    </p>
   </div>
   <div class='ocr_carea' id='block_1_48' title="bbox 377 3151 1949 3230">
    <p class='ocr_par' dir='ltr' id='par_1_48' title="bbox 377 3151 1949 3230">
     <span class='ocr_line' id='line_1_48' title="bbox 377 3151 1949 3230; baseline -0.003 -18"><span class='ocrx_word' id='word_1_357' title='bbox 377 3158 564 3222; x_wconf 82' lang='grc' dir='ltr'>λαλιᾶς</span> <span class='ocrx_word' id='word_1_358' title='bbox 594 3158 691 3230; x_wconf 87' lang='grc' dir='ltr'><strong>μία</strong></span> <span class='ocrx_word' id='word_1_359' title='bbox 718 3158 963 3228; x_wconf 86' lang='grc' dir='ltr'>γίγνεται</span> <span class='ocrx_word' id='word_1_360' title='bbox 991 3157 1272 3222; x_wconf 82' lang='grc' dir='ltr'>σύστασις·</span> <span class='ocrx_word' id='word_1_361' title='bbox 1315 3158 1473 3229; x_wconf 87' lang='grc' dir='ltr'>μόνον</span> <span class='ocrx_word' id='word_1_362' title='bbox 1502 3156 1610 3227; x_wconf 83' lang='grc' dir='ltr'><strong>γὰρ</strong></span> <span class='ocrx_word' id='word_1_363' title='bbox 1634 3156 1693 3208; x_wconf 86' lang='grc' dir='ltr'><strong>τὸ</strong></span> <span class='ocrx_word' id='word_1_364' title='bbox 1725 3154 1782 3208; x_wconf 80' lang='grc' dir='ltr'>ἓν</span> <span class='ocrx_word' id='word_1_365' title='bbox 1811 3151 1949 3209; x_wconf 79' lang='grc' dir='ltr'>εἶναι</span> 
     </span>
    </p>
   </div>
   <div class='ocr_carea' id='block_1_49' title="bbox 376 3247 1948 3323">
    <p class='ocr_par' dir='ltr' id='par_1_49' title="bbox 376 3247 1948 3323">
     <span class='ocr_line' id='line_1_49' title="bbox 376 3247 1948 3323; baseline -0.001 -21"><span class='ocrx_word' id='word_1_366' title='bbox 376 3251 599 3321; x_wconf 82' lang='grc' dir='ltr'>ὀφείλει,</span> <span class='ocrx_word' id='word_1_367' title='bbox 633 3250 727 3304; x_wconf 87' lang='grc' dir='ltr'><strong>τοῦ</strong></span> <span class='ocrx_word' id='word_1_368' title='bbox 762 3251 949 3323; x_wconf 82' lang='grc' dir='ltr'>ἑτέρου</span> <span class='ocrx_word' id='word_1_369' title='bbox 986 3251 1242 3322; x_wconf 82' lang='grc' dir='ltr'>συστῆναι</span> <span class='ocrx_word' id='word_1_370' title='bbox 1285 3251 1384 3304; x_wconf 80' lang='grc' dir='ltr'><strong>οὐκ</strong></span> <span class='ocrx_word' id='word_1_371' title='bbox 1429 3248 1774 3320; x_wconf 87' lang='grc' dir='ltr'>ἀνεχομένου.</span> <span class='ocrx_word' id='word_1_372' title='bbox 1805 3249 1866 3301; x_wconf 77' lang='lat' dir='ltr'><strong>Et</strong></span> <span class='ocrx_word' id='word_1_373' title='bbox 1891 3247 1948 3301; x_wconf 84' lang='grc' dir='ltr'>δὲ</span> 
     </span>
    </p>
   </div>
   <div class='ocr_carea' id='block_1_50' title="bbox 2054 2052 3627 2128">
    <p class='ocr_par' dir='ltr' id='par_1_50' title="bbox 2054 2052 3627 2128">
     <span class='ocr_line' id='line_1_50' title="bbox 2054 2052 3627 2128; baseline -0.003 -16"><span class='ocrx_word' id='word_1_374' title='bbox 2054 2064 2255 2128; x_wconf 85' lang='lat' dir='ltr'><strong>potest,</strong></span> <span class='ocrx_word' id='word_1_375' title='bbox 2288 2054 2415 2124; x_wconf 88' lang='lat' dir='ltr'><strong>quia</strong></span> <span class='ocrx_word' id='word_1_376' title='bbox 2448 2053 2626 2107; x_wconf 87' lang='lat' dir='ltr'><strong>solum</strong></span> <span class='ocrx_word' id='word_1_377' title='bbox 2661 2052 2844 2105; x_wconf 91' lang='lat' dir='ltr'><strong>lumen</strong></span> <span class='ocrx_word' id='word_1_378' title='bbox 2889 2053 3169 2108; x_wconf 85' lang='lat' dir='ltr'><strong>inventum</strong></span> <span class='ocrx_word' id='word_1_379' title='bbox 3199 2053 3355 2123; x_wconf 88' lang='lat' dir='ltr'><strong>prius</strong></span> <span class='ocrx_word' id='word_1_380' title='bbox 3403 2054 3627 2109; x_wconf 89' lang='lat' dir='ltr'><strong>sustulit</strong></span> 
     </span>
    </p>
   </div>
   <div class='ocr_carea' id='block_1_51' title="bbox 2052 2143 3623 2213">
    <p class='ocr_par' dir='ltr' id='par_1_51' title="bbox 2052 2143 3623 2213">
     <span class='ocr_line' id='line_1_51' title="bbox 2052 2143 3623 2213; baseline -0.004 -10"><span class='ocrx_word' id='word_1_381' title='bbox 2052 2147 2331 2204; x_wconf 90' lang='lat' dir='ltr'><strong>tenebras.</strong></span> <span class='ocrx_word' id='word_1_382' title='bbox 2368 2143 2530 2209; x_wconf 89' lang='lat' dir='ltr'><strong>Ecce,</strong></span> <span class='ocrx_word' id='word_1_383' title='bbox 2570 2144 2625 2197; x_wconf 90' lang='lat' dir='ltr'><strong>in</strong></span> <span class='ocrx_word' id='word_1_384' title='bbox 2657 2158 2767 2197; x_wconf 90' lang='lat' dir='ltr'><strong>uua</strong></span> <span class='ocrx_word' id='word_1_385' title='bbox 2808 2143 2991 2198; x_wconf 88' lang='lat' dir='ltr'><strong>anima</strong></span> <span class='ocrx_word' id='word_1_386' title='bbox 3027 2144 3289 2213; x_wconf 84' lang='lat' dir='ltr'><strong>pudicitia</strong></span> <span class='ocrx_word' id='word_1_387' title='bbox 3328 2153 3381 2199; x_wconf 88' lang='lat' dir='ltr'><strong>et</strong></span> <span class='ocrx_word' id='word_1_388' title='bbox 3408 2151 3623 2200; x_wconf 86' lang='lat' dir='ltr'><strong>scorta-</strong></span> 
     </span>
    </p>
   </div>
   <div class='ocr_carea' id='block_1_52' title="bbox 2052 2228 3625 2306">
    <p class='ocr_par' dir='ltr' id='par_1_52' title="bbox 2052 2228 3625 2306">
     <span class='ocr_line' id='line_1_52' title="bbox 2052 2228 3625 2306; baseline -0.005 -12"><span class='ocrx_word' id='word_1_389' title='bbox 2052 2241 2127 2294; x_wconf 90' lang='lat' dir='ltr'><strong>tio</strong></span> <span class='ocrx_word' id='word_1_390' title='bbox 2151 2253 2261 2293; x_wconf 89' lang='lat' dir='ltr'><strong>non</strong></span> <span class='ocrx_word' id='word_1_391' title='bbox 2295 2244 2526 2306; x_wconf 88' lang='lat' dir='ltr'><strong>possunt</strong></span> <span class='ocrx_word' id='word_1_392' title='bbox 2557 2236 2744 2299; x_wconf 87' lang='lat' dir='ltr'><strong>cerni;</strong></span> <span class='ocrx_word' id='word_1_393' title='bbox 2775 2234 2903 2304; x_wconf 90' lang='lat' dir='ltr'><strong>quia</strong></span> <span class='ocrx_word' id='word_1_394' title='bbox 2936 2234 3051 2289; x_wconf 90' lang='lat' dir='ltr'><strong>sola</strong></span> <span class='ocrx_word' id='word_1_395' title='bbox 3077 2228 3362 2303; x_wconf 81' lang='lat' dir='ltr'><strong>pudicitia,</strong></span> <span class='ocrx_word' id='word_1_396' title='bbox 3385 2234 3430 2290; x_wconf 91' lang='lat' dir='ltr'><strong>si</strong></span> <span class='ocrx_word' id='word_1_397' title='bbox 3458 2249 3625 2304; x_wconf 90' lang='lat' dir='ltr'><strong>appa-</strong></span> 
     </span>
    </p>
   </div>
   <div class='ocr_carea' id='block_1_53' title="bbox 2049 2324 3623 2399">
    <p class='ocr_par' dir='ltr' id='par_1_53' title="bbox 2049 2324 3623 2399">
     <span class='ocr_line' id='line_1_53' title="bbox 2049 2324 3623 2399; baseline -0.004 -12"><span class='ocrx_word' id='word_1_398' title='bbox 2049 2331 2242 2394; x_wconf 81' lang='lat' dir='ltr'><strong>ruerit,</strong></span> <span class='ocrx_word' id='word_1_399' title='bbox 2287 2329 2437 2399; x_wconf 77' lang='lat' dir='ltr'><strong>l&#39;ugat</strong></span> <span class='ocrx_word' id='word_1_400' title='bbox 2471 2335 2526 2383; x_wconf 89' lang='lat' dir='ltr'><strong>et</strong></span> <span class='ocrx_word' id='word_1_401' title='bbox 2554 2326 2811 2382; x_wconf 86' lang='lat' dir='ltr'><strong>amandat</strong></span> <span class='ocrx_word' id='word_1_402' title='bbox 2856 2327 3265 2381; x_wconf 87' lang='lat' dir='ltr'><strong>scortationem.</strong></span> <span class='ocrx_word' id='word_1_403' title='bbox 3310 2324 3468 2389; x_wconf 86' lang='lat' dir='ltr'><strong>Ecce,</strong></span> <span class='ocrx_word' id='word_1_404' title='bbox 3506 2326 3623 2396; x_wconf 83' lang='lat' dir='ltr'><strong>pie-</strong></span> 
     </span>
    </p>
   </div>
   <div class='ocr_carea' id='block_1_54' title="bbox 2051 2418 3620 2492">
    <p class='ocr_par' dir='ltr' id='par_1_54' title="bbox 2051 2418 3620 2492">
     <span class='ocr_line' id='line_1_54' title="bbox 2051 2418 3620 2492; baseline -0.004 -14"><span class='ocrx_word' id='word_1_405' title='bbox 2051 2434 2133 2479; x_wconf 88' lang='lat' dir='ltr'><strong>tas</strong></span> <span class='ocrx_word' id='word_1_406' title='bbox 2161 2433 2214 2478; x_wconf 90' lang='lat' dir='ltr'><strong>et</strong></span> <span class='ocrx_word' id='word_1_407' title='bbox 2236 2423 2484 2492; x_wconf 87' lang='lat' dir='ltr'><strong>impietas</strong></span> <span class='ocrx_word' id='word_1_408' title='bbox 2525 2422 2580 2473; x_wconf 92' lang='lat' dir='ltr'><strong>in</strong></span> <span class='ocrx_word' id='word_1_409' title='bbox 2611 2420 2831 2473; x_wconf 84' lang='lat' dir='ltr'><strong>homine</strong></span> <span class='ocrx_word' id='word_1_410' title='bbox 2856 2434 2964 2472; x_wconf 91' lang='lat' dir='ltr'><strong>uno</strong></span> <span class='ocrx_word' id='word_1_411' title='bbox 2998 2433 3276 2488; x_wconf 89' lang='lat' dir='ltr'><strong>nunquam</strong></span> <span class='ocrx_word' id='word_1_412' title='bbox 3306 2426 3496 2484; x_wconf 90' lang='lat' dir='ltr'><strong>erunt;</strong></span> <span class='ocrx_word' id='word_1_413' title='bbox 3529 2418 3620 2473; x_wconf 88' lang='lat' dir='ltr'><strong>ubi</strong></span> 
     </span>
    </p>
   </div>
   <div class='ocr_carea' id='block_1_55' title="bbox 2049 2509 3621 2584">
    <p class='ocr_par' dir='ltr' id='par_1_55' title="bbox 2049 2509 3621 2584">
     <span class='ocr_line' id='line_1_55' title="bbox 2049 2509 3621 2584; baseline -0.006 -14"><span class='ocrx_word' id='word_1_414' title='bbox 2049 2515 2193 2570; x_wconf 90' lang='lat' dir='ltr'><strong>enim</strong></span> <span class='ocrx_word' id='word_1_415' title='bbox 2229 2514 2403 2584; x_wconf 90' lang='lat' dir='ltr'><strong>pietas</strong></span> <span class='ocrx_word' id='word_1_416' title='bbox 2431 2511 2699 2573; x_wconf 90' lang='lat' dir='ltr'><strong>cernitur,</strong></span> <span class='ocrx_word' id='word_1_417' title='bbox 2732 2524 2909 2578; x_wconf 87' lang='lat' dir='ltr'><strong>neque</strong></span> <span class='ocrx_word' id='word_1_418' title='bbox 2940 2509 3085 2563; x_wconf 85' lang='lat' dir='ltr'><strong>stilla</strong></span> <span class='ocrx_word' id='word_1_419' title='bbox 3117 2509 3414 2578; x_wconf 82' lang='lat' dir='ltr'><strong>impietatis</strong></span> <span class='ocrx_word' id='word_1_420' title='bbox 3452 2522 3621 2579; x_wconf 89' lang='lat' dir='ltr'><strong>appa-</strong></span> 
     </span>
    </p>
   </div>
   <div class='ocr_carea' id='block_1_56' title="bbox 2051 2600 3620 2671">
    <p class='ocr_par' dir='ltr' id='par_1_56' title="bbox 2051 2600 3620 2671">
     <span class='ocr_line' id='line_1_56' title="bbox 2051 2600 3620 2671; baseline -0.004 -11"><span class='ocrx_word' id='word_1_421' title='bbox 2051 2606 2210 2662; x_wconf 88' lang='lat' dir='ltr'><strong>rebit.</strong></span> <span class='ocrx_word' id='word_1_422' title='bbox 2260 2603 2563 2660; x_wconf 82' lang='lat' dir='ltr'><strong>Confirmat</strong></span> <span class='ocrx_word' id='word_1_423' title='bbox 2604 2609 2785 2655; x_wconf 88' lang='lat' dir='ltr'><strong>autem</strong></span> <span class='ocrx_word' id='word_1_424' title='bbox 2833 2600 3151 2671; x_wconf 85' lang='lat' dir='ltr'><strong>Apostolus,</strong></span> <span class='ocrx_word' id='word_1_425' title='bbox 3191 2609 3243 2654; x_wconf 89' lang='lat' dir='ltr'><strong>et</strong></span> <span class='ocrx_word' id='word_1_426' title='bbox 3281 2601 3461 2671; x_wconf 79' lang='lat' dir='ltr'><strong>signat</strong></span> <span class='ocrx_word' id='word_1_427' title='bbox 3498 2615 3620 2670; x_wconf 76' lang='lat' dir='ltr'><strong>qua:</strong></span> 
     </span>
    </p>
   </div>
   <div class='ocr_carea' id='block_1_57' title="bbox 2049 2692 3623 2763">
    <p class='ocr_par' dir='ltr' id='par_1_57' title="bbox 2049 2692 3623 2763">
     <span class='ocr_line' id='line_1_57' title="bbox 2049 2692 3623 2763; baseline -0.003 -11"><span class='ocrx_word' id='word_1_428' title='bbox 2049 2698 2195 2752; x_wconf 87' lang='lat' dir='ltr'><strong>dicta</strong></span> <span class='ocrx_word' id='word_1_429' title='bbox 2230 2706 2357 2751; x_wconf 91' lang='lat' dir='ltr'><strong>sunt</strong></span> <span class='ocrx_word' id='word_1_430' title='bbox 2392 2716 2404 2751; x_wconf 91' lang='lat'>:</span> <span class='ocrx_word' id='word_1_431' title='bbox 2438 2695 2589 2760; x_wconf 58' lang='lat' dir='ltr'><strong>Quae,</strong></span> <span class='ocrx_word' id='word_1_432' title='bbox 2623 2695 2822 2763; x_wconf 87' lang='lat' dir='ltr'><strong>inquit,</strong></span> <span class='ocrx_word' id='word_1_433' title='bbox 2856 2694 3079 2747; x_wconf 77' lang='lat' dir='ltr'><strong>societas</strong></span> <span class='ocrx_word' id='word_1_434' title='bbox 3106 2694 3210 2747; x_wconf 88' lang='lat' dir='ltr'><strong>luci</strong></span> <span class='ocrx_word' id='word_1_435' title='bbox 3245 2693 3312 2746; x_wconf 86' lang='lat' dir='ltr'><strong>ad</strong></span> <span class='ocrx_word' id='word_1_436' title='bbox 3343 2692 3623 2748; x_wconf 77' lang='lat' dir='ltr'><strong>tenebras?</strong></span> 
     </span>
    </p>
   </div>
   <div class='ocr_carea' id='block_1_58' title="bbox 2050 2783 3621 2855">
    <p class='ocr_par' dir='ltr' id='par_1_58' title="bbox 2050 2783 3621 2855">
     <span class='ocr_line' id='line_1_58' title="bbox 2050 2783 3621 2855; baseline -0.001 -16"><span class='ocrx_word' id='word_1_437' title='bbox 2050 2788 2183 2854; x_wconf 77' lang='lat' dir='ltr'><strong>Quae</strong></span> <span class='ocrx_word' id='word_1_438' title='bbox 2229 2800 2353 2855; x_wconf 84' lang='lat' dir='ltr'><strong>pars</strong></span> <span class='ocrx_word' id='word_1_439' title='bbox 2396 2784 2609 2839; x_wconf 80' lang='lat' dir='ltr'><strong>Christo</strong></span> <span class='ocrx_word' id='word_1_440' title='bbox 2662 2800 2781 2838; x_wconf 85' lang='lat' dir='ltr'><strong>cum</strong></span> <span class='ocrx_word' id='word_1_441' title='bbox 2824 2783 3097 2837; x_wconf 81' lang='lat' dir='ltr'><strong>Belial&quot;?</strong></span> <span class='ocrx_word' id='word_1_442' title='bbox 3137 2783 3268 2849; x_wconf 60' lang='lat' dir='ltr'><strong>Quae</strong></span> <span class='ocrx_word' id='word_1_443' title='bbox 3307 2787 3450 2839; x_wconf 85' lang='lat' dir='ltr'><strong>enim</strong></span> <span class='ocrx_word' id='word_1_444' title='bbox 3492 2793 3621 2841; x_wconf 89' lang='lat' dir='ltr'><strong>sunt</strong></span> 
     </span>
    </p>
   </div>
   <div class='ocr_carea' id='block_1_59' title="bbox 2048 2874 3622 2942">
    <p class='ocr_par' dir='ltr' id='par_1_59' title="bbox 2048 2874 3622 2942">
     <span class='ocr_line' id='line_1_59' title="bbox 2048 2874 3622 2942; baseline -0.004 -9"><span class='ocrx_word' id='word_1_445' title='bbox 2048 2878 2151 2933; x_wconf 90' lang='lat' dir='ltr'><strong>sibi</strong></span> <span class='ocrx_word' id='word_1_446' title='bbox 2191 2876 2506 2938; x_wconf 89' lang='lat' dir='ltr'><strong>contraria,</strong></span> <span class='ocrx_word' id='word_1_447' title='bbox 2564 2889 2672 2928; x_wconf 91' lang='lat' dir='ltr'><strong>non</strong></span> <span class='ocrx_word' id='word_1_448' title='bbox 2721 2882 2953 2942; x_wconf 89' lang='lat' dir='ltr'><strong>possunt</strong></span> <span class='ocrx_word' id='word_1_449' title='bbox 2999 2889 3121 2928; x_wconf 89' lang='lat' dir='ltr'><strong>esse</strong></span> <span class='ocrx_word' id='word_1_450' title='bbox 3160 2874 3262 2928; x_wconf 85' lang='lat' dir='ltr'><strong>sibi</strong></span> <span class='ocrx_word' id='word_1_451' title='bbox 3311 2874 3523 2940; x_wconf 86' lang='lat' dir='ltr'><strong>amica;</strong></span> <span class='ocrx_word' id='word_1_452' title='bbox 3568 2883 3622 2929; x_wconf 86' lang='lat' dir='ltr'><strong>et</strong></span> 
     </span>
    </p>
   </div>
   <div class='ocr_carea' id='block_1_60' title="bbox 2047 2962 3625 3033">
    <p class='ocr_par' dir='ltr' id='par_1_60' title="bbox 2047 2962 3625 3033">
     <span class='ocr_line' id='line_1_60' title="bbox 2047 2962 3625 3033; baseline -0.002 -12"><span class='ocrx_word' id='word_1_453' title='bbox 2047 2982 2192 3022; x_wconf 90' lang='lat' dir='ltr'><strong>unus</strong></span> <span class='ocrx_word' id='word_1_454' title='bbox 2232 2970 2534 3021; x_wconf 88' lang='lat' dir='ltr'><strong>concentus</strong></span> <span class='ocrx_word' id='word_1_455' title='bbox 2585 2976 2697 3017; x_wconf 88' lang='lat' dir='ltr'><strong>non</strong></span> <span class='ocrx_word' id='word_1_456' title='bbox 2749 2963 2950 3033; x_wconf 91' lang='lat' dir='ltr'><strong>poterit</strong></span> <span class='ocrx_word' id='word_1_457' title='bbox 2998 2962 3199 3026; x_wconf 88' lang='lat' dir='ltr'><strong>facere,</strong></span> <span class='ocrx_word' id='word_1_458' title='bbox 3236 2971 3294 3018; x_wconf 93' lang='lat' dir='ltr'><strong>ut</strong></span> <span class='ocrx_word' id='word_1_459' title='bbox 3344 2979 3464 3033; x_wconf 83' lang='lat' dir='ltr'><strong>quae</strong></span> <span class='ocrx_word' id='word_1_460' title='bbox 3494 2974 3625 3018; x_wconf 87' lang='lat' dir='ltr'><strong>sunt</strong></span> 
     </span>
    </p>
   </div>
   <div class='ocr_carea' id='block_1_61' title="bbox 2048 3053 3622 3122">
    <p class='ocr_par' dir='ltr' id='par_1_61' title="bbox 2048 3053 3622 3122">
     <span class='ocr_line' id='line_1_61' title="bbox 2048 3053 3622 3122; baseline -0.002 -11"><span class='ocrx_word' id='word_1_461' title='bbox 2048 3058 2214 3111; x_wconf 89' lang='lat' dir='ltr'><strong>unius</strong></span> <span class='ocrx_word' id='word_1_462' title='bbox 2247 3064 2546 3110; x_wconf 89' lang='lat' dir='ltr'><strong>concentus</strong></span> <span class='ocrx_word' id='word_1_463' title='bbox 2594 3053 2906 3122; x_wconf 87' lang='lat' dir='ltr'><strong>discrepent</strong></span> <span class='ocrx_word' id='word_1_464' title='bbox 2942 3072 2954 3107; x_wconf 91' lang='lat'><strong>:</strong></span> <span class='ocrx_word' id='word_1_465' title='bbox 2992 3068 3094 3107; x_wconf 91' lang='lat' dir='ltr'><strong>nec</strong></span> <span class='ocrx_word' id='word_1_466' title='bbox 3121 3054 3266 3106; x_wconf 87' lang='lat' dir='ltr'><strong>enim</strong></span> <span class='ocrx_word' id='word_1_467' title='bbox 3319 3067 3387 3107; x_wconf 80' lang='lat' dir='ltr'><strong>ex</strong></span> <span class='ocrx_word' id='word_1_468' title='bbox 3428 3070 3622 3109; x_wconf 86' lang='lat' dir='ltr'><strong>nume-</strong></span> 
     </span>
    </p>
   </div>
   <div class='ocr_carea' id='block_1_62' title="bbox 2048 3153 3620 3209">
    <p class='ocr_par' dir='ltr' id='par_1_62' title="bbox 2048 3153 3620 3209">
     <span class='ocr_line' id='line_1_62' title="bbox 2048 3153 3620 3209; baseline -0.001 -7"><span class='ocrx_word' id='word_1_469' title='bbox 2048 3164 2172 3204; x_wconf 83' lang='lat' dir='ltr'><strong>I‘OSO</strong></span> <span class='ocrx_word' id='word_1_470' title='bbox 2224 3156 2278 3202; x_wconf 74' lang='grc' dir='ltr'>ει</span> <span class='ocrx_word' id='word_1_471' title='bbox 2323 3162 2434 3201; x_wconf 90' lang='lat' dir='ltr'><strong>non</strong></span> <span class='ocrx_word' id='word_1_472' title='bbox 2485 3160 2782 3200; x_wconf 88' lang='lat' dir='ltr'><strong>numeroso</strong></span> <span class='ocrx_word' id='word_1_473' title='bbox 2862 3160 3004 3199; x_wconf 88' lang='lat' dir='ltr'><strong>unus</strong></span> <span class='ocrx_word' id='word_1_474' title='bbox 3052 3153 3372 3209; x_wconf 87' lang='lat' dir='ltr'><strong>concentus,</strong></span> <span class='ocrx_word' id='word_1_475' title='bbox 3415 3154 3467 3199; x_wconf 90' lang='lat' dir='ltr'><strong>et</strong></span> <span class='ocrx_word' id='word_1_476' title='bbox 3513 3160 3620 3200; x_wconf 85' lang='lat' dir='ltr'><strong>uua</strong></span> 
     </span>
    </p>
   </div>
   <div class='ocr_carea' id='block_1_63' title="bbox 2046 3237 3621 3303">
    <p class='ocr_par' dir='ltr' id='par_1_63' title="bbox 2046 3237 3621 3303">
     <span class='ocr_line' id='line_1_63' title="bbox 2046 3237 3621 3303; baseline 0 -9"><span class='ocrx_word' id='word_1_477' title='bbox 2046 3240 2345 3295; x_wconf 87' lang='lat' dir='ltr'><strong>modulatio</strong></span> <span class='ocrx_word' id='word_1_478' title='bbox 2406 3238 2676 3303; x_wconf 81' lang='lat' dir='ltr'><strong>eﬂicitur,</strong></span> <span class='ocrx_word' id='word_1_479' title='bbox 2724 3252 2825 3292; x_wconf 92' lang='lat' dir='ltr'><strong>nec</strong></span> <span class='ocrx_word' id='word_1_480' title='bbox 2862 3253 2929 3292; x_wconf 82' lang='lat' dir='ltr'><strong>ex</strong></span> <span class='ocrx_word' id='word_1_481' title='bbox 2978 3237 3198 3293; x_wconf 89' lang='lat' dir='ltr'><strong>silentio</strong></span> <span class='ocrx_word' id='word_1_482' title='bbox 3246 3246 3300 3292; x_wconf 93' lang='lat' dir='ltr'><strong>et</strong></span> <span class='ocrx_word' id='word_1_483' title='bbox 3348 3239 3621 3295; x_wconf 86' lang='lat' dir='ltr'><strong>locutione</strong></span> 
     </span>
    </p>
   </div>
   <div class='ocr_carea' id='block_1_64' title="bbox 377 3320 1962 3416">
    <p class='ocr_par' dir='ltr' id='par_1_64' title="bbox 377 3320 1946 3416">
     <span class='ocr_line' id='line_1_64' title="bbox 377 3320 1946 3416; baseline -0.002 -20"><span class='ocrx_word' id='word_1_484' title='bbox 377 3320 439 3396; x_wconf 59' lang='grc' dir='ltr'><strong>τό</strong></span> <span class='ocrx_word' id='word_1_485' title='bbox 472 3344 627 3416; x_wconf 86' lang='grc' dir='ltr'>σῶμα</span> <span class='ocrx_word' id='word_1_486' title='bbox 658 3340 726 3416; x_wconf 77' lang='grc' dir='ltr'>ἦν</span> <span class='ocrx_word' id='word_1_487' title='bbox 776 3320 871 3397; x_wconf 86' lang='grc' dir='ltr'><strong>τοῦ</strong></span> <span class='ocrx_word' id='word_1_488' title='bbox 892 3320 1150 3414; x_wconf 76' lang='grc' dir='ltr'>πονηροῦ,</span> <span class='ocrx_word' id='word_1_489' title='bbox 1174 3343 1320 3415; x_wconf 77' lang='grc' dir='ltr'>καὶὴ</span> <span class='ocrx_word' id='word_1_490' title='bbox 1348 3342 1492 3413; x_wconf 69' lang='grc' dir='ltr'>ψυχὴ</span> <span class='ocrx_word' id='word_1_491' title='bbox 1518 3342 1611 3395; x_wconf 83' lang='grc' dir='ltr'><strong>τοῦ</strong></span> <span class='ocrx_word' id='word_1_492' title='bbox 1639 3340 1794 3405; x_wconf 89' lang='grc' dir='ltr'>Θεοῦ,</span> <span class='ocrx_word' id='word_1_493' title='bbox 1829 3339 1946 3403; x_wconf 77' lang='grc' dir='ltr'><strong>πῶς</strong></span> 
     </span>
    </p>
   </div>
   <div class='ocr_carea' id='block_1_65' title="bbox 2046 3320 3619 3416">
    <p class='ocr_par' dir='ltr' id='par_1_65' title="bbox 2050 3328 3619 3401">
     <span class='ocr_line' id='line_1_65' title="bbox 2050 3328 3619 3401; baseline -0.001 -15"><span class='ocrx_word' id='word_1_494' title='bbox 2050 3347 2161 3387; x_wconf 88' lang='lat' dir='ltr'><strong>una</strong></span> <span class='ocrx_word' id='word_1_495' title='bbox 2199 3330 2529 3401; x_wconf 85' lang='lat' dir='ltr'><strong>compositio</strong></span> <span class='ocrx_word' id='word_1_496' title='bbox 2554 3330 2635 3385; x_wconf 90' lang='lat' dir='ltr'><strong>fit.</strong></span> <span class='ocrx_word' id='word_1_497' title='bbox 2690 3328 2869 3384; x_wconf 88' lang='lat' dir='ltr'><strong>Unum</strong></span> <span class='ocrx_word' id='word_1_498' title='bbox 2901 3330 3044 3384; x_wconf 87' lang='lat' dir='ltr'><strong>enim</strong></span> <span class='ocrx_word' id='word_1_499' title='bbox 3087 3330 3263 3385; x_wconf 88' lang='lat' dir='ltr'><strong>solum</strong></span> <span class='ocrx_word' id='word_1_500' title='bbox 3296 3346 3418 3385; x_wconf 90' lang='lat' dir='ltr'><strong>esse</strong></span> <span class='ocrx_word' id='word_1_501' title='bbox 3458 3347 3619 3401; x_wconf 90' lang='lat' dir='ltr'><strong>opor-</strong></span> 
     </span>
    </p>
   </div>
   <div class='ocr_carea' id='block_1_66' title="bbox 377 3432 1945 3507">
    <p class='ocr_par' dir='ltr' id='par_1_66' title="bbox 377 3432 1945 3507">
     <span class='ocr_line' id='line_1_66' title="bbox 377 3432 1945 3507; baseline -0.003 -18"><span class='ocrx_word' id='word_1_502' title='bbox 377 3439 457 3500; x_wconf 85' lang='grc' dir='ltr'>εἰς</span> <span class='ocrx_word' id='word_1_503' title='bbox 488 3436 615 3507; x_wconf 73' lang='grc' dir='ltr'>μίαν</span> <span class='ocrx_word' id='word_1_504' title='bbox 630 3436 892 3507; x_wconf 81' lang='grc' dir='ltr'>ἁρμονίαν</span> <span class='ocrx_word' id='word_1_505' title='bbox 914 3436 1005 3489; x_wconf 83' lang='grc' dir='ltr'><strong>τοῦ</strong></span> <span class='ocrx_word' id='word_1_506' title='bbox 1028 3434 1310 3507; x_wconf 83' lang='grc' dir='ltr'>ἀνθρώπου</span> <span class='ocrx_word' id='word_1_507' title='bbox 1337 3434 1652 3488; x_wconf 82' lang='grc' dir='ltr'>ἀποδέδοται</span> <span class='ocrx_word' id='word_1_508' title='bbox 1674 3449 1688 3500; x_wconf 89' lang='grc'><strong>;</strong></span> <span class='ocrx_word' id='word_1_509' title='bbox 1716 3432 1832 3498; x_wconf 86' lang='grc' dir='ltr'><strong>πῶς</strong></span> <span class='ocrx_word' id='word_1_510' title='bbox 1865 3432 1945 3495; x_wconf 85' lang='grc' dir='ltr'><strong>είς</strong></span> 
     </span>
    </p>
   </div>
   <div class='ocr_carea' id='block_1_67' title="bbox 380 3524 1942 3599">
    <p class='ocr_par' dir='ltr' id='par_1_67' title="bbox 380 3524 1942 3599">
     <span class='ocr_line' id='line_1_67' title="bbox 380 3524 1942 3599; baseline -0.002 -19"><span class='ocrx_word' id='word_1_511' title='bbox 380 3527 507 3599; x_wconf 89' lang='grc' dir='ltr'>μίαν</span> <span class='ocrx_word' id='word_1_512' title='bbox 564 3527 800 3582; x_wconf 85' lang='grc' dir='ltr'>διάθεσιν</span> <span class='ocrx_word' id='word_1_513' title='bbox 848 3529 940 3581; x_wconf 71' lang='grc' dir='ltr'><strong>καὶ</strong></span> <span class='ocrx_word' id='word_1_514' title='bbox 968 3527 1181 3599; x_wconf 87' lang='grc' dir='ltr'>φιλίαν;</span> <span class='ocrx_word' id='word_1_515' title='bbox 1223 3528 1353 3581; x_wconf 78' lang='grc' dir='ltr'>Ἰδοὺ</span> <span class='ocrx_word' id='word_1_516' title='bbox 1385 3525 1816 3598; x_wconf 81' lang='grc' dir='ltr'>γὰρῆρμοσται,</span> <span class='ocrx_word' id='word_1_517' title='bbox 1849 3524 1942 3579; x_wconf 78' lang='grc' dir='ltr'><strong>καὶ</strong></span> 
     </span>
    </p>
   </div>
   <div class='ocr_carea' id='block_1_68' title="bbox 374 3614 1937 3694">
    <p class='ocr_par' dir='ltr' id='par_1_68' title="bbox 374 3614 1937 3694">
     <span class='ocr_line' id='line_1_68' title="bbox 374 3614 1937 3694; baseline 0 -20"><span class='ocrx_word' id='word_1_518' title='bbox 374 3622 593 3691; x_wconf 88' lang='grc' dir='ltr'>γέγονεν</span> <span class='ocrx_word' id='word_1_519' title='bbox 651 3615 731 3685; x_wconf 72' lang='grc' dir='ltr'>εἷς</span> <span class='ocrx_word' id='word_1_520' title='bbox 781 3620 1062 3694; x_wconf 84' lang='grc' dir='ltr'>ἄνθρωπος</span> <span class='ocrx_word' id='word_1_521' title='bbox 1085 3638 1099 3651; x_wconf 81' lang='lat'>&#39;</span> <span class='ocrx_word' id='word_1_522' title='bbox 1149 3623 1241 3674; x_wconf 80' lang='grc' dir='ltr'><strong>καὶ</strong></span> <span class='ocrx_word' id='word_1_523' title='bbox 1282 3623 1348 3692; x_wconf 77' lang='grc' dir='ltr'>τῇ</span> <span class='ocrx_word' id='word_1_524' title='bbox 1401 3619 1634 3692; x_wconf 72' lang='grc' dir='ltr'>ἁρμονίᾳ</span> <span class='ocrx_word' id='word_1_525' title='bbox 1662 3619 1808 3672; x_wconf 74' lang='grc' dir='ltr'>ἐστὶν</span> <span class='ocrx_word' id='word_1_526' title='bbox 1839 3614 1937 3682; x_wconf 76' lang='grc' dir='ltr'>εἷς.</span> 
     </span>
    </p>
   </div>
   <div class='ocr_carea' id='block_1_69' title="bbox 391 3711 1938 3784">
    <p class='ocr_par' dir='ltr' id='par_1_69' title="bbox 391 3711 1938 3784">
     <span class='ocr_line' id='line_1_69' title="bbox 391 3711 1938 3784; baseline -0.001 -20"><span class='ocrx_word' id='word_1_527' title='bbox 391 3713 524 3765; x_wconf 75' lang='grc' dir='ltr'>Ἰδοὺ</span> <span class='ocrx_word' id='word_1_528' title='bbox 557 3715 589 3784; x_wconf 81' lang='grc' dir='ltr'>ὴ</span> <span class='ocrx_word' id='word_1_529' title='bbox 615 3712 758 3783; x_wconf 81' lang='grc' dir='ltr'>ψυχή</span> <span class='ocrx_word' id='word_1_530' title='bbox 790 3714 904 3766; x_wconf 89' lang='grc' dir='ltr'>ἐστι</span> <span class='ocrx_word' id='word_1_531' title='bbox 923 3711 1015 3765; x_wconf 89' lang='grc' dir='ltr'><strong>τοῦ</strong></span> <span class='ocrx_word' id='word_1_532' title='bbox 1053 3711 1319 3783; x_wconf 83' lang='grc' dir='ltr'>σώματος,</span> <span class='ocrx_word' id='word_1_533' title='bbox 1362 3714 1458 3765; x_wconf 76' lang='grc' dir='ltr'><strong>καὶ</strong></span> <span class='ocrx_word' id='word_1_534' title='bbox 1485 3711 1629 3780; x_wconf 83' lang='grc' dir='ltr'>φιλεῖ</span> <span class='ocrx_word' id='word_1_535' title='bbox 1661 3712 1753 3765; x_wconf 69' lang='grc' dir='ltr'><strong>καὶ</strong></span> <span class='ocrx_word' id='word_1_536' title='bbox 1778 3711 1938 3783; x_wconf 81' lang='grc' dir='ltr'>στέρ-</span> 
     </span>
    </p>
   </div>
   <div class='ocr_carea' id='block_1_70' title="bbox 374 3802 1933 3874">
    <p class='ocr_par' dir='ltr' id='par_1_70' title="bbox 374 3802 1933 3874">
     <span class='ocr_line' id='line_1_70' title="bbox 374 3802 1933 3874; baseline -0.001 -18"><span class='ocrx_word' id='word_1_537' title='bbox 374 3819 481 3871; x_wconf 85' lang='grc' dir='ltr'>γει·</span> <span class='ocrx_word' id='word_1_538' title='bbox 507 3804 834 3874; x_wconf 76' lang='grc' dir='ltr'>Οὺδεὶςγάρ</span> <span class='ocrx_word' id='word_1_539' title='bbox 858 3820 1000 3858; x_wconf 81' lang='grc' dir='ltr'>ποτε</span> <span class='ocrx_word' id='word_1_540' title='bbox 1018 3805 1132 3872; x_wconf 79' lang='grc' dir='ltr'><strong>τὴν</strong></span> <span class='ocrx_word' id='word_1_541' title='bbox 1156 3804 1372 3859; x_wconf 80' lang='grc' dir='ltr'>ἑαυτοῦ</span> <span class='ocrx_word' id='word_1_542' title='bbox 1399 3803 1593 3871; x_wconf 82' lang='grc' dir='ltr'>σάρκα</span> <span class='ocrx_word' id='word_1_543' title='bbox 1607 3802 1901 3873; x_wconf 81' lang='grc' dir='ltr'>ἐμίσησεν</span> <span class='ocrx_word' id='word_1_544' title='bbox 1919 3819 1933 3833; x_wconf 77' lang='grc' dir='ltr'><strong>ο</strong></span> 
     </span>
    </p>
   </div>
   <div class='ocr_carea' id='block_1_71' title="bbox 371 3893 1935 3966">
    <p class='ocr_par' dir='ltr' id='par_1_71' title="bbox 371 3893 1935 3966">
     <span class='ocr_line' id='line_1_71' title="bbox 371 3893 1935 3966; baseline -0.002 -18"><span class='ocrx_word' id='word_1_545' title='bbox 371 3895 508 3948; x_wconf 74' lang='grc' dir='ltr'>ἀλλ’</span> <span class='ocrx_word' id='word_1_546' title='bbox 535 3894 803 3965; x_wconf 66' lang='grc' dir='ltr'>ἐκτρέφει</span> <span class='ocrx_word' id='word_1_547' title='bbox 833 3895 930 3948; x_wconf 80' lang='grc' dir='ltr'>καὶ</span> <span class='ocrx_word' id='word_1_548' title='bbox 950 3894 1160 3950; x_wconf 75' lang='grc' dir='ltr'>θάλπει</span> <span class='ocrx_word' id='word_1_549' title='bbox 1181 3894 1392 3964; x_wconf 78' lang='grc' dir='ltr'><strong>αὑτήν.</strong></span> <span class='ocrx_word' id='word_1_550' title='bbox 1423 3896 1484 3947; x_wconf 84' lang='grc' dir='ltr'><strong>Εἰ</strong></span> <span class='ocrx_word' id='word_1_551' title='bbox 1503 3894 1558 3947; x_wconf 83' lang='grc' dir='ltr'>δὲ</span> <span class='ocrx_word' id='word_1_552' title='bbox 1573 3893 1635 3965; x_wconf 85' lang='grc' dir='ltr'>δὴ</span> <span class='ocrx_word' id='word_1_553' title='bbox 1655 3893 1733 3965; x_wconf 79' lang='grc' dir='ltr'><strong>τῷ</strong></span> <span class='ocrx_word' id='word_1_554' title='bbox 1766 3893 1935 3966; x_wconf 79' lang='grc' dir='ltr'>ἑτέρῳ</span> 
     </span>
    </p>
   </div>
   <div class='ocr_carea' id='block_1_72' title="bbox 374 3985 1937 4060">
    <p class='ocr_par' dir='ltr' id='par_1_72' title="bbox 374 3985 1937 4060">
     <span class='ocr_line' id='line_1_72' title="bbox 374 3985 1937 4060; baseline -0.001 -20"><span class='ocrx_word' id='word_1_555' title='bbox 374 3986 523 4056; x_wconf 86' lang='grc' dir='ltr'>μέλει</span> <span class='ocrx_word' id='word_1_556' title='bbox 550 3987 678 4058; x_wconf 79' lang='grc' dir='ltr'>περὶ</span> <span class='ocrx_word' id='word_1_557' title='bbox 703 3986 798 4040; x_wconf 88' lang='grc' dir='ltr'><strong>τοῦ</strong></span> <span class='ocrx_word' id='word_1_558' title='bbox 848 3988 1053 4060; x_wconf 83' lang='grc' dir='ltr'>ἐτέρου,</span> <span class='ocrx_word' id='word_1_559' title='bbox 1079 3988 1172 4041; x_wconf 75' lang='grc' dir='ltr'>καὶ</span> <span class='ocrx_word' id='word_1_560' title='bbox 1197 3990 1295 4059; x_wconf 81' lang='grc' dir='ltr'>τὴν</span> <span class='ocrx_word' id='word_1_561' title='bbox 1333 3987 1598 4059; x_wconf 85' lang='grc' dir='ltr'>ἀλγηδόνα</span> <span class='ocrx_word' id='word_1_562' title='bbox 1625 3987 1718 4040; x_wconf 87' lang='grc' dir='ltr'><strong>τοῦ</strong></span> <span class='ocrx_word' id='word_1_563' title='bbox 1754 3985 1937 4057; x_wconf 88' lang='grc' dir='ltr'>σώμα-</span> 
     </span>
    </p>
   </div>
   <div class='ocr_carea' id='block_1_73' title="bbox 369 4077 1935 4150">
    <p class='ocr_par' dir='ltr' id='par_1_73' title="bbox 369 4077 1935 4150">
     <span class='ocr_line' id='line_1_73' title="bbox 369 4077 1935 4150; baseline 0.001 -21"><span class='ocrx_word' id='word_1_564' title='bbox 369 4093 481 4143; x_wconf 83' lang='grc' dir='ltr'>τος,</span> <span class='ocrx_word' id='word_1_565' title='bbox 515 4078 651 4133; x_wconf 88' lang='grc' dir='ltr'>ίδίαν</span> <span class='ocrx_word' id='word_1_566' title='bbox 693 4078 961 4149; x_wconf 83' lang='grc' dir='ltr'>ἀλγηδόνα</span> <span class='ocrx_word' id='word_1_567' title='bbox 990 4082 1205 4150; x_wconf 81' lang='grc' dir='ltr'>ἡγεῖται</span> <span class='ocrx_word' id='word_1_568' title='bbox 1232 4080 1264 4149; x_wconf 78' lang='grc' dir='ltr'>ἡ</span> <span class='ocrx_word' id='word_1_569' title='bbox 1292 4078 1436 4150; x_wconf 74' lang='grc' dir='ltr'>ψυχή</span> <span class='ocrx_word' id='word_1_570' title='bbox 1457 4096 1471 4110; x_wconf 78' lang='grc' dir='ltr'><strong>ο</strong></span> <span class='ocrx_word' id='word_1_571' title='bbox 1506 4080 1598 4132; x_wconf 76' lang='grc' dir='ltr'><strong>καὶ</strong></span> <span class='ocrx_word' id='word_1_572' title='bbox 1626 4079 1685 4132; x_wconf 85' lang='grc' dir='ltr'><strong>ού</strong></span> <span class='ocrx_word' id='word_1_573' title='bbox 1717 4077 1935 4147; x_wconf 82' lang='grc' dir='ltr'>διαιρεῖ-</span> 
     </span>
    </p>
   </div>
   <div class='ocr_carea' id='block_1_74' title="bbox 369 4168 1933 4241">
    <p class='ocr_par' dir='ltr' id='par_1_74' title="bbox 369 4168 1933 4241">
     <span class='ocr_line' id='line_1_74' title="bbox 369 4168 1933 4241; baseline 0 -19"><span class='ocrx_word' id='word_1_574' title='bbox 369 4185 458 4222; x_wconf 84' lang='grc' dir='ltr'><strong>ται</strong></span> <span class='ocrx_word' id='word_1_575' title='bbox 488 4169 598 4222; x_wconf 84' lang='grc' dir='ltr'>τῶν</span> <span class='ocrx_word' id='word_1_576' title='bbox 644 4171 999 4241; x_wconf 81' lang='grc' dir='ltr'>παθημάτων,</span> <span class='ocrx_word' id='word_1_577' title='bbox 1038 4171 1152 4224; x_wconf 85' lang='grc' dir='ltr'>ἀλλ’</span> <span class='ocrx_word' id='word_1_578' title='bbox 1182 4170 1474 4224; x_wconf 80' lang='grc' dir='ltr'>οἰκειοῦται</span> <span class='ocrx_word' id='word_1_579' title='bbox 1504 4171 1638 4241; x_wconf 88' lang='grc' dir='ltr'>πρὸς</span> <span class='ocrx_word' id='word_1_580' title='bbox 1678 4170 1746 4224; x_wconf 75' lang='grc' dir='ltr'>τὰ</span> <span class='ocrx_word' id='word_1_581' title='bbox 1771 4168 1933 4241; x_wconf 87' lang='grc' dir='ltr'>τραύ-</span> 
     </span>
    </p>
   </div>
   <div class='ocr_carea' id='block_1_75' title="bbox 372 4262 1932 4336">
    <p class='ocr_par' dir='ltr' id='par_1_75' title="bbox 372 4262 1932 4336">
     <span class='ocr_line' id='line_1_75' title="bbox 372 4262 1932 4336; baseline -0.001 -20"><span class='ocrx_word' id='word_1_582' title='bbox 372 4281 535 4335; x_wconf 85' lang='grc' dir='ltr'>ματα,</span> <span class='ocrx_word' id='word_1_583' title='bbox 558 4264 846 4318; x_wconf 79' lang='grc' dir='ltr'>οἰκειοῦται</span> <span class='ocrx_word' id='word_1_584' title='bbox 871 4265 1005 4336; x_wconf 80' lang='grc' dir='ltr'>πρὸς</span> <span class='ocrx_word' id='word_1_585' title='bbox 1015 4264 1085 4316; x_wconf 86' lang='grc' dir='ltr'><strong>τά</strong></span> <span class='ocrx_word' id='word_1_586' title='bbox 1105 4263 1421 4335; x_wconf 82' lang='grc' dir='ltr'>παθήματα⁶</span> <span class='ocrx_word' id='word_1_587' title='bbox 1448 4264 1539 4316; x_wconf 75' lang='grc' dir='ltr'><strong>καὶ</strong></span> <span class='ocrx_word' id='word_1_588' title='bbox 1554 4263 1640 4316; x_wconf 80' lang='grc' dir='ltr'><strong>ὅτε</strong></span> <span class='ocrx_word' id='word_1_589' title='bbox 1663 4262 1759 4333; x_wconf 85' lang='grc' dir='ltr'>μὲν</span> <span class='ocrx_word' id='word_1_590' title='bbox 1778 4262 1932 4331; x_wconf 87' lang='grc' dir='ltr'>ἀλγεῖ</span> 
     </span>
    </p>
   </div>
   <div class='ocr_carea' id='block_1_76' title="bbox 366 4350 1930 4429">
    <p class='ocr_par' dir='ltr' id='par_1_76' title="bbox 366 4350 1930 4429">
     <span class='ocr_line' id='line_1_76' title="bbox 366 4350 1930 4429; baseline -0.003 -19"><span class='ocrx_word' id='word_1_591' title='bbox 366 4358 693 4429; x_wconf 81' lang='grc' dir='ltr'>τραυμάτων</span> <span class='ocrx_word' id='word_1_592' title='bbox 763 4357 979 4422; x_wconf 72' lang='grc' dir='ltr'>ἕνεκεν,</span> <span class='ocrx_word' id='word_1_593' title='bbox 1039 4358 1291 4419; x_wconf 77' lang='grc' dir='ltr'>ἀνιᾶται,</span> <span class='ocrx_word' id='word_1_594' title='bbox 1351 4354 1616 4410; x_wconf 85' lang='grc' dir='ltr'>ἀνώδυνον</span> <span class='ocrx_word' id='word_1_595' title='bbox 1663 4350 1799 4408; x_wconf 83' lang='grc' dir='ltr'>εἶναι</span> <span class='ocrx_word' id='word_1_596' title='bbox 1857 4355 1930 4426; x_wconf 83' lang='grc' dir='ltr'>μὴ</span> 
     </span>
    </p>
   </div>
   <div class='ocr_carea' id='block_1_77' title="bbox 367 4444 1931 4518">
    <p class='ocr_par' dir='ltr' id='par_1_77' title="bbox 367 4444 1931 4518">
     <span class='ocr_line' id='line_1_77' title="bbox 367 4444 1931 4518; baseline -0.003 -17"><span class='ocrx_word' id='word_1_597' title='bbox 367 4447 665 4518; x_wconf 80' lang='grc' dir='ltr'>δυναμένη’</span> <span class='ocrx_word' id='word_1_598' title='bbox 701 4448 789 4500; x_wconf 83' lang='grc' dir='ltr'><strong>ὅτε</strong></span> <span class='ocrx_word' id='word_1_599' title='bbox 814 4446 870 4499; x_wconf 76' lang='grc' dir='ltr'>δὲ</span> <span class='ocrx_word' id='word_1_600' title='bbox 898 4446 1176 4517; x_wconf 78' lang='grc' dir='ltr'>ἡδυπαθεῖ,</span> <span class='ocrx_word' id='word_1_601' title='bbox 1204 4448 1297 4499; x_wconf 74' lang='grc' dir='ltr'><strong>καὶ</strong></span> <span class='ocrx_word' id='word_1_602' title='bbox 1337 4445 1439 4498; x_wconf 80' lang='grc' dir='ltr'>ὑπὸ</span> <span class='ocrx_word' id='word_1_603' title='bbox 1462 4445 1559 4516; x_wconf 85' lang='grc' dir='ltr'><strong>τῆς</strong></span> <span class='ocrx_word' id='word_1_604' title='bbox 1589 4444 1779 4515; x_wconf 80' lang='grc' dir='ltr'>ἡδονῆς</span> <span class='ocrx_word' id='word_1_605' title='bbox 1811 4445 1931 4515; x_wconf 84' lang='grc' dir='ltr'>ἐρε-</span> 
     </span>
    </p>
   </div>
   <div class='ocr_carea' id='block_1_78' title="bbox 368 4537 1928 4611">
    <p class='ocr_par' dir='ltr' id='par_1_78' title="bbox 368 4537 1928 4611">
     <span class='ocr_line' id='line_1_78' title="bbox 368 4537 1928 4611; baseline -0.003 -18"><span class='ocrx_word' id='word_1_606' title='bbox 368 4538 597 4605; x_wconf 77' lang='grc' dir='ltr'>θίζεται,</span> <span class='ocrx_word' id='word_1_607' title='bbox 655 4540 868 4611; x_wconf 82' lang='grc' dir='ltr'>μετέχει</span> <span class='ocrx_word' id='word_1_608' title='bbox 917 4538 1024 4592; x_wconf 81' lang='grc' dir='ltr'>τῶν</span> <span class='ocrx_word' id='word_1_609' title='bbox 1078 4540 1389 4609; x_wconf 74' lang='grc' dir='ltr'>κινημάτων</span> <span class='ocrx_word' id='word_1_610' title='bbox 1426 4537 1521 4590; x_wconf 81' lang='grc' dir='ltr'>καὶ</span> <span class='ocrx_word' id='word_1_611' title='bbox 1558 4540 1590 4607; x_wconf 79' lang='grc' dir='ltr'><strong>ἡ</strong></span> <span class='ocrx_word' id='word_1_612' title='bbox 1635 4537 1799 4607; x_wconf 79' lang='grc' dir='ltr'>ψυχὴ,</span> <span class='ocrx_word' id='word_1_613' title='bbox 1835 4538 1928 4589; x_wconf 76' lang='grc' dir='ltr'><strong>καὶ</strong></span> 
     </span>
    </p>
   </div>
   <div class='ocr_carea' id='block_1_79' title="bbox 370 4626 1925 4701">
    <p class='ocr_par' dir='ltr' id='par_1_79' title="bbox 370 4626 1925 4701">
     <span class='ocr_line' id='line_1_79' title="bbox 370 4626 1925 4701; baseline -0.001 -19"><span class='ocrx_word' id='word_1_614' title='bbox 370 4629 766 4698; x_wconf 82' lang='grc' dir='ltr'>συνεφάπτεται</span> <span class='ocrx_word' id='word_1_615' title='bbox 788 4629 893 4683; x_wconf 80' lang='grc' dir='ltr'><strong>τῶν</strong></span> <span class='ocrx_word' id='word_1_616' title='bbox 925 4628 1252 4701; x_wconf 82' lang='grc' dir='ltr'>ὲρεθισμῶν·</span> <span class='ocrx_word' id='word_1_617' title='bbox 1286 4627 1379 4681; x_wconf 72' lang='grc' dir='ltr'><strong>καὶ</strong></span> <span class='ocrx_word' id='word_1_618' title='bbox 1408 4627 1561 4698; x_wconf 83' lang='grc' dir='ltr'>λήγει</span> <span class='ocrx_word' id='word_1_619' title='bbox 1588 4627 1685 4698; x_wconf 82' lang='grc' dir='ltr'><strong>μὲν</strong></span> <span class='ocrx_word' id='word_1_620' title='bbox 1707 4626 1925 4697; x_wconf 87' lang='grc' dir='ltr'>ὁμοίως,</span> 
     </span>
    </p>
   </div>
   <div class='ocr_carea' id='block_1_80' title="bbox 364 4717 1935 4794">
    <p class='ocr_par' dir='ltr' id='par_1_80' title="bbox 364 4717 1935 4794">
     <span class='ocr_line' id='line_1_80' title="bbox 364 4717 1935 4794; baseline -0.003 -20"><span class='ocrx_word' id='word_1_621' title='bbox 364 4721 629 4794; x_wconf 87' lang='grc' dir='ltr'>λαμϐάνει</span> <span class='ocrx_word' id='word_1_622' title='bbox 687 4720 743 4773; x_wconf 81' lang='grc' dir='ltr'><strong>δέ</strong></span> <span class='ocrx_word' id='word_1_623' title='bbox 791 4721 1025 4775; x_wconf 77' lang='grc' dir='ltr'>ἐπίδοσιν</span> <span class='ocrx_word' id='word_1_624' title='bbox 1050 4719 1325 4782; x_wconf 79' lang='grc' dir='ltr'>ὡσαύτως.</span> <span class='ocrx_word' id='word_1_625' title='bbox 1366 4718 1475 4770; x_wconf 71' lang='grc' dir='ltr'>Καὶ</span> <span class='ocrx_word' id='word_1_626' title='bbox 1521 4717 1793 4789; x_wconf 79' lang='grc' dir='ltr'>ληγούσης</span> <span class='ocrx_word' id='word_1_627' title='bbox 1838 4717 1935 4788; x_wconf 82' lang='grc' dir='ltr'><strong>μὲν</strong></span> 
     </span>
    </p>
   </div>
   <div class='ocr_carea' id='block_1_81' title="bbox 363 4808 1935 4885">
    <p class='ocr_par' dir='ltr' id='par_1_81' title="bbox 363 4808 1935 4885">
     <span class='ocr_line' id='line_1_81' title="bbox 363 4808 1935 4885; baseline -0.003 -19"><span class='ocrx_word' id='word_1_628' title='bbox 363 4814 541 4885; x_wconf 81' lang='grc' dir='ltr'>ψυχῆς</span> <span class='ocrx_word' id='word_1_629' title='bbox 561 4813 669 4867; x_wconf 80' lang='grc' dir='ltr'><strong>ἀπὸ</strong></span> <span class='ocrx_word' id='word_1_630' title='bbox 697 4813 803 4866; x_wconf 78' lang='grc' dir='ltr'><strong>τῶν</strong></span> <span class='ocrx_word' id='word_1_631' title='bbox 838 4813 1150 4883; x_wconf 81' lang='grc' dir='ltr'>κινημάτων</span> <span class='ocrx_word' id='word_1_632' title='bbox 1183 4809 1290 4863; x_wconf 83' lang='grc' dir='ltr'><strong>τῶν</strong></span> <span class='ocrx_word' id='word_1_633' title='bbox 1310 4808 1515 4875; x_wconf 81' lang='grc' dir='ltr'>παθῶν,</span> <span class='ocrx_word' id='word_1_634' title='bbox 1550 4808 1806 4881; x_wconf 82' lang='grc' dir='ltr'>συλλήγει</span> <span class='ocrx_word' id='word_1_635' title='bbox 1843 4810 1935 4862; x_wconf 78' lang='grc' dir='ltr'>καὶ</span> 
     </span>
    </p>
   </div>
   <div class='ocr_carea' id='block_1_82' title="bbox 364 4898 1934 4975">
    <p class='ocr_par' dir='ltr' id='par_1_82' title="bbox 364 4898 1934 4975">
     <span class='ocr_line' id='line_1_82' title="bbox 364 4898 1934 4975; baseline -0.004 -18"><span class='ocrx_word' id='word_1_636' title='bbox 364 4904 426 4958; x_wconf 74' lang='grc' dir='ltr'><strong>τὸ</strong></span> <span class='ocrx_word' id='word_1_637' title='bbox 478 4903 654 4975; x_wconf 84' lang='grc' dir='ltr'>σῶμα,</span> <span class='ocrx_word' id='word_1_638' title='bbox 708 4904 800 4957; x_wconf 74' lang='grc' dir='ltr'>καὶ</span> <span class='ocrx_word' id='word_1_639' title='bbox 843 4901 1238 4972; x_wconf 75' lang='grc' dir='ltr'>καθησυχάζει·</span> <span class='ocrx_word' id='word_1_640' title='bbox 1292 4898 1710 4971; x_wconf 84' lang='grc' dir='ltr'>ἐπιτριϐομένης</span> <span class='ocrx_word' id='word_1_641' title='bbox 1742 4900 1798 4952; x_wconf 84' lang='grc' dir='ltr'>δὲ</span> <span class='ocrx_word' id='word_1_642' title='bbox 1835 4900 1934 4969; x_wconf 88' lang='grc' dir='ltr'><strong>τῆς</strong></span> 
     </span>
    </p>
   </div>
   <div class='ocr_carea' id='block_1_83' title="bbox 365 4988 1933 5065">
    <p class='ocr_par' dir='ltr' id='par_1_83' title="bbox 365 4988 1933 5065">
     <span class='ocr_line' id='line_1_83' title="bbox 365 4988 1933 5065; baseline -0.006 -17"><span class='ocrx_word' id='word_1_643' title='bbox 365 4994 656 5065; x_wconf 86' lang='grc' dir='ltr'>ἐπιθυμίας</span> <span class='ocrx_word' id='word_1_644' title='bbox 700 4993 756 5044; x_wconf 80' lang='grc' dir='ltr'><strong>ἐν</strong></span> <span class='ocrx_word' id='word_1_645' title='bbox 793 4995 858 5063; x_wconf 84' lang='grc' dir='ltr'><strong>τῇ</strong></span> <span class='ocrx_word' id='word_1_646' title='bbox 896 4992 1038 5062; x_wconf 71' lang='grc' dir='ltr'>ψυχῇ</span> <span class='ocrx_word' id='word_1_647' title='bbox 1074 4990 1301 5044; x_wconf 79' lang='grc' dir='ltr'>καὶτῶν</span> <span class='ocrx_word' id='word_1_648' title='bbox 1326 4988 1628 5062; x_wconf 87' lang='grc' dir='ltr'>ἐρεθισμῶν</span> <span class='ocrx_word' id='word_1_649' title='bbox 1656 4988 1933 5057; x_wconf 88' lang='grc' dir='ltr'>ἐπιτριϐο-</span> 
     </span>
    </p>
   </div>
   <div class='ocr_carea' id='block_1_84' title="bbox 367 5081 1932 5157">
    <p class='ocr_par' dir='ltr' id='par_1_84' title="bbox 367 5081 1932 5157">
     <span class='ocr_line' id='line_1_84' title="bbox 367 5081 1932 5157; baseline -0.003 -16"><span class='ocrx_word' id='word_1_650' title='bbox 367 5087 562 5157; x_wconf 85' lang='grc' dir='ltr'>μένων,</span> <span class='ocrx_word' id='word_1_651' title='bbox 597 5084 775 5157; x_wconf 80' lang='grc' dir='ltr'>ἡδύνει</span> <span class='ocrx_word' id='word_1_652' title='bbox 836 5085 929 5138; x_wconf 74' lang='grc' dir='ltr'>καὶ</span> <span class='ocrx_word' id='word_1_653' title='bbox 976 5085 1037 5138; x_wconf 81' lang='grc' dir='ltr'><strong>τὸ</strong></span> <span class='ocrx_word' id='word_1_654' title='bbox 1091 5084 1269 5155; x_wconf 80' lang='grc' dir='ltr'>σῶμα,</span> <span class='ocrx_word' id='word_1_655' title='bbox 1305 5083 1401 5138; x_wconf 71' lang='grc' dir='ltr'><strong>καὶ</strong></span> <span class='ocrx_word' id='word_1_656' title='bbox 1441 5081 1800 5152; x_wconf 84' lang='grc' dir='ltr'>φλεγμαίνει·</span> <span class='ocrx_word' id='word_1_657' title='bbox 1839 5082 1932 5136; x_wconf 79' lang='grc' dir='ltr'><strong>καὶ</strong></span> 
     </span>
    </p>
   </div>
   <div class='ocr_carea' id='block_1_85' title="bbox 362 5174 1929 5249">
    <p class='ocr_par' dir='ltr' id='par_1_85' title="bbox 362 5174 1929 5249">
     <span class='ocr_line' id='line_1_85' title="bbox 362 5174 1929 5249; baseline -0.003 -18"><span class='ocrx_word' id='word_1_658' title='bbox 362 5179 633 5247; x_wconf 74' lang='grc' dir='ltr'>γίγνονται</span> <span class='ocrx_word' id='word_1_659' title='bbox 664 5178 792 5240; x_wconf 79' lang='grc' dir='ltr'>ἴσως</span> <span class='ocrx_word' id='word_1_660' title='bbox 826 5177 921 5248; x_wconf 79' lang='grc' dir='ltr'><strong>μὲν</strong></span> <span class='ocrx_word' id='word_1_661' title='bbox 978 5178 1029 5230; x_wconf 86' lang='grc' dir='ltr'>οἱ</span> <span class='ocrx_word' id='word_1_662' title='bbox 1079 5177 1375 5249; x_wconf 74' lang='grc' dir='ltr'>ἐρεθισμοὶ,</span> <span class='ocrx_word' id='word_1_663' title='bbox 1417 5176 1545 5240; x_wconf 77' lang='grc' dir='ltr'>ἴσως</span> <span class='ocrx_word' id='word_1_664' title='bbox 1581 5175 1638 5230; x_wconf 79' lang='grc' dir='ltr'><strong>δὲ</strong></span> <span class='ocrx_word' id='word_1_665' title='bbox 1684 5175 1776 5228; x_wconf 62' lang='grc' dir='ltr'><strong>καλ⁵</strong></span> <span class='ocrx_word' id='word_1_666' title='bbox 1819 5174 1929 5228; x_wconf 81' lang='grc' dir='ltr'><strong>τῶν</strong></span> 
     </span>
    </p>
   </div>
   <div class='ocr_carea' id='block_1_86' title="bbox 364 5268 1931 5342">
    <p class='ocr_par' dir='ltr' id='par_1_86' title="bbox 364 5268 1931 5342">
     <span class='ocr_line' id='line_1_86' title="bbox 364 5268 1931 5342; baseline -0.001 -20"><span class='ocrx_word' id='word_1_667' title='bbox 364 5270 734 5342; x_wconf 78' lang='grc' dir='ltr'>ἐρεθισμὰτων</span> <span class='ocrx_word' id='word_1_668' title='bbox 770 5271 826 5322; x_wconf 81' lang='grc' dir='ltr'>αἱ</span> <span class='ocrx_word' id='word_1_669' title='bbox 877 5268 1160 5334; x_wconf 80' lang='grc' dir='ltr'>ἀποθέσεις</span> <span class='ocrx_word' id='word_1_670' title='bbox 1210 5271 1303 5322; x_wconf 81' lang='grc' dir='ltr'>καὶ</span> <span class='ocrx_word' id='word_1_671' title='bbox 1346 5268 1633 5339; x_wconf 74' lang='grc' dir='ltr'>ἐκλείψεις.</span> <span class='ocrx_word' id='word_1_672' title='bbox 1669 5268 1732 5322; x_wconf 87' lang='grc' dir='ltr'>Εί</span> <span class='ocrx_word' id='word_1_673' title='bbox 1774 5268 1832 5321; x_wconf 87' lang='grc' dir='ltr'>δὲ</span> <span class='ocrx_word' id='word_1_674' title='bbox 1870 5268 1931 5334; x_wconf 80' lang='grc' dir='ltr'>ἐξ</span> 
     </span>
    </p>
   </div>
   <div class='ocr_carea' id='block_1_87' title="bbox 363 5358 1930 5436">
    <p class='ocr_par' dir='ltr' id='par_1_87' title="bbox 363 5358 1930 5436">
     <span class='ocr_line' id='line_1_87' title="bbox 363 5358 1930 5436; baseline 0.002 -22"><span class='ocrx_word' id='word_1_675' title='bbox 363 5362 619 5417; x_wconf 83' lang='grc' dir='ltr'>ἐναντίων</span> <span class='ocrx_word' id='word_1_676' title='bbox 642 5358 731 5434; x_wconf 79' lang='grc' dir='ltr'>ἦν,</span> <span class='ocrx_word' id='word_1_677' title='bbox 762 5363 855 5416; x_wconf 71' lang='grc' dir='ltr'><strong>καὶ</strong></span> <span class='ocrx_word' id='word_1_678' title='bbox 901 5363 960 5415; x_wconf 77' lang='grc' dir='ltr'><strong>τὸ</strong></span> <span class='ocrx_word' id='word_1_679' title='bbox 986 5363 1084 5433; x_wconf 77' lang='grc' dir='ltr'>μὲν</span> <span class='ocrx_word' id='word_1_680' title='bbox 1115 5363 1272 5433; x_wconf 81' lang='grc' dir='ltr'>σῶμα</span> <span class='ocrx_word' id='word_1_681' title='bbox 1301 5363 1396 5418; x_wconf 79' lang='grc' dir='ltr'><strong>τοῦ</strong></span> <span class='ocrx_word' id='word_1_682' title='bbox 1426 5363 1660 5435; x_wconf 89' lang='grc' dir='ltr'>πονηροῦ</span> <span class='ocrx_word' id='word_1_683' title='bbox 1690 5358 1779 5436; x_wconf 77' lang='grc' dir='ltr'>ἦν,</span> <span class='ocrx_word' id='word_1_684' title='bbox 1813 5366 1847 5435; x_wconf 81' lang='grc' dir='ltr'><strong>ἡ</strong></span> <span class='ocrx_word' id='word_1_685' title='bbox 1874 5363 1930 5417; x_wconf 86' lang='grc' dir='ltr'><strong>δέ</strong></span> 
     </span>
    </p>
   </div>
   <div class='ocr_carea' id='block_1_88' title="bbox 361 5452 1931 5527">
    <p class='ocr_par' dir='ltr' id='par_1_88' title="bbox 361 5452 1931 5527">
     <span class='ocr_line' id='line_1_88' title="bbox 361 5452 1931 5527; baseline 0.003 -21"><span class='ocrx_word' id='word_1_686' title='bbox 361 5452 506 5525; x_wconf 75' lang='grc' dir='ltr'>ψυχὴ</span> <span class='ocrx_word' id='word_1_687' title='bbox 552 5454 646 5508; x_wconf 81' lang='grc' dir='ltr'><strong>τοῦ</strong></span> <span class='ocrx_word' id='word_1_688' title='bbox 706 5455 867 5508; x_wconf 88' lang='grc' dir='ltr'>Θεοῦ·</span> <span class='ocrx_word' id='word_1_689' title='bbox 905 5454 1117 5527; x_wconf 81' lang='grc' dir='ltr'>πρῶτον</span> <span class='ocrx_word' id='word_1_690' title='bbox 1149 5456 1247 5527; x_wconf 82' lang='grc' dir='ltr'><strong>μὲν</strong></span> <span class='ocrx_word' id='word_1_691' title='bbox 1272 5456 1370 5510; x_wconf 82' lang='grc' dir='ltr'><strong>οὐκ</strong></span> <span class='ocrx_word' id='word_1_692' title='bbox 1423 5456 1489 5511; x_wconf 83' lang='grc' dir='ltr'><strong>ἂν</strong></span> <span class='ocrx_word' id='word_1_693' title='bbox 1530 5458 1772 5527; x_wconf 85' lang='grc' dir='ltr'>ἐγεγόνει</span> <span class='ocrx_word' id='word_1_694' title='bbox 1809 5457 1931 5510; x_wconf 78' lang='grc' dir='ltr'>σύν-</span> 
     </span>
    </p>
   </div>
   <div class='ocr_carea' id='block_1_89' title="bbox 359 5546 1930 5622">
    <p class='ocr_par' dir='ltr' id='par_1_89' title="bbox 359 5546 1930 5622">
     <span class='ocr_line' id='line_1_89' title="bbox 359 5546 1930 5622; baseline 0 -18"><span class='ocrx_word' id='word_1_695' title='bbox 359 5548 499 5615; x_wconf 83' lang='grc' dir='ltr'>οδος,</span> <span class='ocrx_word' id='word_1_696' title='bbox 528 5546 652 5602; x_wconf 78' lang='grc' dir='ltr'>οὔτε</span> <span class='ocrx_word' id='word_1_697' title='bbox 678 5548 813 5620; x_wconf 79' lang='grc' dir='ltr'>αὑτὴ</span> <span class='ocrx_word' id='word_1_698' title='bbox 841 5549 876 5619; x_wconf 82' lang='grc' dir='ltr'>ἡ</span> <span class='ocrx_word' id='word_1_699' title='bbox 907 5547 1091 5619; x_wconf 88' lang='grc' dir='ltr'>μακρὰ</span> <span class='ocrx_word' id='word_1_700' title='bbox 1116 5548 1306 5620; x_wconf 78' lang='grc' dir='ltr'>κρᾶσις</span> <span class='ocrx_word' id='word_1_701' title='bbox 1322 5548 1624 5602; x_wconf 85' lang='grc' dir='ltr'>ἐπετελεῖτο</span> <span class='ocrx_word' id='word_1_702' title='bbox 1642 5566 1657 5581; x_wconf 75' lang='grc' dir='ltr'><strong>ο</strong></span> <span class='ocrx_word' id='word_1_703' title='bbox 1682 5549 1930 5622; x_wconf 85' lang='grc' dir='ltr'>δεύτερον</span> 
     </span>
    </p>
   </div>
   <div class='ocr_carea' id='block_1_90' title="bbox 430 5724 1658 5798">
    <p class='ocr_par' dir='ltr' id='par_1_90' title="bbox 430 5724 1658 5798">
     <span class='ocr_line' id='line_1_90' title="bbox 430 5724 1658 5798; baseline 0.002 -17"><span class='ocrx_word' id='word_1_704' title='bbox 430 5727 477 5762; x_wconf 76' lang='grc'><strong>⁸³</strong></span> <span class='ocrx_word' id='word_1_705' title='bbox 517 5726 557 5781; x_wconf 93' lang='lat' dir='ltr'><strong>ll</strong></span> <span class='ocrx_word' id='word_1_706' title='bbox 591 5725 715 5783; x_wconf 88' lang='lat' dir='ltr'><strong>Cor.</strong></span> <span class='ocrx_word' id='word_1_707' title='bbox 757 5742 844 5794; x_wconf 79' lang='lat' dir='ltr'><strong>vt,</strong></span> <span class='ocrx_word' id='word_1_708' title='bbox 883 5727 982 5793; x_wconf 74' lang='grc' dir='ltr'>Η,</span> <span class='ocrx_word' id='word_1_709' title='bbox 1021 5726 1107 5782; x_wconf 81' lang='grc'><strong>15.</strong></span> <span class='ocrx_word' id='word_1_710' title='bbox 1186 5728 1202 5759; x_wconf 88' lang='grc'>¹</span> <span class='ocrx_word' id='word_1_711' title='bbox 1243 5724 1443 5798; x_wconf 85' lang='lat' dir='ltr'><strong>Ephes.</strong></span> <span class='ocrx_word' id='word_1_712' title='bbox 1480 5743 1534 5794; x_wconf 88' lang='lat' dir='ltr'><strong>v,</strong></span> <span class='ocrx_word' id='word_1_713' title='bbox 1572 5727 1658 5783; x_wconf 78' lang='lat' dir='ltr'><strong>i9.</strong></span> 
     </span>
    </p>
   </div>
   <div class='ocr_carea' id='block_1_91' title="bbox 2045 3421 3613 3491">
    <p class='ocr_par' dir='ltr' id='par_1_91' title="bbox 2045 3421 3613 3491">
     <span class='ocr_line' id='line_1_91' title="bbox 2045 3421 3613 3491; baseline -0.003 -12"><span class='ocrx_word' id='word_1_714' title='bbox 2045 3432 2138 3489; x_wconf 88' lang='lat' dir='ltr'><strong>tet,</strong></span> <span class='ocrx_word' id='word_1_715' title='bbox 2171 3424 2345 3487; x_wconf 73' lang='lat' dir='ltr'><strong>altero</strong></span> <span class='ocrx_word' id='word_1_716' title='bbox 2375 3422 2614 3488; x_wconf 89' lang='lat' dir='ltr'><strong>sublato,</strong></span> <span class='ocrx_word' id='word_1_717' title='bbox 2652 3421 2799 3491; x_wconf 89' lang='lat' dir='ltr'><strong>quod</strong></span> <span class='ocrx_word' id='word_1_718' title='bbox 2835 3437 2943 3475; x_wconf 89' lang='lat' dir='ltr'><strong>non</strong></span> <span class='ocrx_word' id='word_1_719' title='bbox 2980 3422 3187 3491; x_wconf 87' lang='lat' dir='ltr'><strong>patitur</strong></span> <span class='ocrx_word' id='word_1_720' title='bbox 3224 3430 3283 3474; x_wconf 89' lang='lat' dir='ltr'><strong>ut</strong></span> <span class='ocrx_word' id='word_1_721' title='bbox 3330 3423 3492 3477; x_wconf 90' lang='lat' dir='ltr'><strong>simul</strong></span> <span class='ocrx_word' id='word_1_722' title='bbox 3522 3423 3613 3477; x_wconf 89' lang='lat' dir='ltr'><strong>sit.</strong></span> 
     </span>
    </p>
   </div>
   <div class='ocr_carea' id='block_1_92' title="bbox 2045 3514 3616 3591">
    <p class='ocr_par' dir='ltr' id='par_1_92' title="bbox 2045 3514 3616 3591">
     <span class='ocr_line' id='line_1_92' title="bbox 2045 3514 3616 3591; baseline 0 -21"><span class='ocrx_word' id='word_1_723' title='bbox 2045 3515 2102 3570; x_wconf 91' lang='lat' dir='ltr'><strong>Si</strong></span> <span class='ocrx_word' id='word_1_724' title='bbox 2128 3525 2311 3570; x_wconf 89' lang='lat' dir='ltr'><strong>autem</strong></span> <span class='ocrx_word' id='word_1_725' title='bbox 2337 3529 2537 3585; x_wconf 90' lang='lat' dir='ltr'><strong>corpus</strong></span> <span class='ocrx_word' id='word_1_726' title='bbox 2561 3524 2711 3570; x_wconf 88' lang='lat' dir='ltr'><strong>esset</strong></span> <span class='ocrx_word' id='word_1_727' title='bbox 2753 3514 2978 3580; x_wconf 89' lang='lat' dir='ltr'><strong>diaboli,</strong></span> <span class='ocrx_word' id='word_1_728' title='bbox 3009 3524 3062 3569; x_wconf 92' lang='lat' dir='ltr'><strong>et</strong></span> <span class='ocrx_word' id='word_1_729' title='bbox 3093 3515 3273 3568; x_wconf 89' lang='lat' dir='ltr'><strong>anima</strong></span> <span class='ocrx_word' id='word_1_730' title='bbox 3307 3514 3437 3581; x_wconf 92' lang='lat' dir='ltr'><strong>Dei;</strong></span> <span class='ocrx_word' id='word_1_731' title='bbox 3479 3532 3616 3591; x_wconf 77' lang='lat' dir='ltr'><strong>quo-</strong></span> 
     </span>
    </p>
   </div>
   <div class='ocr_carea' id='block_1_93' title="bbox 2042 3606 3618 3666">
    <p class='ocr_par' dir='ltr' id='par_1_93' title="bbox 2042 3606 3618 3666">
     <span class='ocr_line' id='line_1_93' title="bbox 2042 3606 3618 3666; baseline 0.001 -3"><span class='ocrx_word' id='word_1_732' title='bbox 2042 3610 2205 3664; x_wconf 90' lang='lat' dir='ltr'><strong>modo</strong></span> <span class='ocrx_word' id='word_1_733' title='bbox 2236 3625 2379 3665; x_wconf 89' lang='lat' dir='ltr'><strong>unus</strong></span> <span class='ocrx_word' id='word_1_734' title='bbox 2414 3618 2715 3663; x_wconf 85' lang='lat' dir='ltr'><strong>concentus</strong></span> <span class='ocrx_word' id='word_1_735' title='bbox 2747 3607 2985 3662; x_wconf 87' lang='lat' dir='ltr'><strong>hominis</strong></span> <span class='ocrx_word' id='word_1_736' title='bbox 3014 3622 3078 3662; x_wconf 83' lang='lat' dir='ltr'><strong>ex</strong></span> <span class='ocrx_word' id='word_1_737' title='bbox 3115 3608 3195 3662; x_wconf 91' lang='lat' dir='ltr'><strong>eis</strong></span> <span class='ocrx_word' id='word_1_738' title='bbox 3232 3606 3501 3663; x_wconf 82' lang='lat' dir='ltr'><strong>conﬂatus</strong></span> <span class='ocrx_word' id='word_1_739' title='bbox 3527 3625 3618 3666; x_wconf 84' lang='lat' dir='ltr'><strong>es-</strong></span> 
     </span>
    </p>
   </div>
   <div class='ocr_carea' id='block_1_94' title="bbox 2041 3700 3616 3773">
    <p class='ocr_par' dir='ltr' id='par_1_94' title="bbox 2041 3700 3616 3773">
     <span class='ocr_line' id='line_1_94' title="bbox 2041 3700 3616 3773; baseline -0.002 -13"><span class='ocrx_word' id='word_1_740' title='bbox 2041 3703 2445 3772; x_wconf 86' lang='lat' dir='ltr'><strong>set?quomodo</strong></span> <span class='ocrx_word' id='word_1_741' title='bbox 2475 3717 2582 3756; x_wconf 88' lang='lat' dir='ltr'><strong>una</strong></span> <span class='ocrx_word' id='word_1_742' title='bbox 2609 3700 2846 3756; x_wconf 87' lang='lat' dir='ltr'><strong>amicitia</strong></span> <span class='ocrx_word' id='word_1_743' title='bbox 2872 3710 2925 3755; x_wconf 92' lang='lat' dir='ltr'><strong>et</strong></span> <span class='ocrx_word' id='word_1_744' title='bbox 2943 3702 3181 3758; x_wconf 71' lang='lat' dir='ltr'><strong>affectio?</strong></span> <span class='ocrx_word' id='word_1_745' title='bbox 3204 3702 3303 3764; x_wconf 84' lang='lat' dir='ltr'><strong>En,</strong></span> <span class='ocrx_word' id='word_1_746' title='bbox 3329 3710 3545 3773; x_wconf 80' lang='lat' dir='ltr'><strong>aptatus</strong></span> <span class='ocrx_word' id='word_1_747' title='bbox 3561 3711 3616 3757; x_wconf 90' lang='lat' dir='ltr'><strong>et</strong></span> 
     </span>
    </p>
   </div>
   <div class='ocr_carea' id='block_1_95' title="bbox 2038 3794 3615 3859">
    <p class='ocr_par' dir='ltr' id='par_1_95' title="bbox 2038 3794 3615 3859">
     <span class='ocr_line' id='line_1_95' title="bbox 2038 3794 3615 3859; baseline -0.001 -10"><span class='ocrx_word' id='word_1_748' title='bbox 2038 3796 2216 3851; x_wconf 88' lang='lat' dir='ltr'><strong>factus</strong></span> <span class='ocrx_word' id='word_1_749' title='bbox 2249 3803 2332 3850; x_wconf 91' lang='lat' dir='ltr'><strong>est</strong></span> <span class='ocrx_word' id='word_1_750' title='bbox 2349 3811 2491 3851; x_wconf 90' lang='lat' dir='ltr'><strong>unus</strong></span> <span class='ocrx_word' id='word_1_751' title='bbox 2518 3794 2683 3849; x_wconf 88' lang='lat' dir='ltr'><strong>homo</strong></span> <span class='ocrx_word' id='word_1_752' title='bbox 2708 3834 2722 3859; x_wconf 90' lang='lat'><strong>,</strong></span> <span class='ocrx_word' id='word_1_753' title='bbox 2771 3803 2823 3849; x_wconf 93' lang='lat' dir='ltr'><strong>et</strong></span> <span class='ocrx_word' id='word_1_754' title='bbox 2844 3803 3112 3850; x_wconf 89' lang='lat' dir='ltr'><strong>concentu</strong></span> <span class='ocrx_word' id='word_1_755' title='bbox 3142 3810 3206 3849; x_wconf 88' lang='lat' dir='ltr'><strong>ac</strong></span> <span class='ocrx_word' id='word_1_756' title='bbox 3234 3794 3615 3850; x_wconf 84' lang='lat' dir='ltr'><strong>convenientia</strong></span> 
     </span>
    </p>
   </div>
   <div class='ocr_carea' id='block_1_96' title="bbox 2038 3886 3615 3958">
    <p class='ocr_par' dir='ltr' id='par_1_96' title="bbox 2038 3886 3615 3958">
     <span class='ocr_line' id='line_1_96' title="bbox 2038 3886 3615 3958; baseline -0.002 -15"><span class='ocrx_word' id='word_1_757' title='bbox 2038 3904 2178 3943; x_wconf 91' lang='lat' dir='ltr'><strong>unus</strong></span> <span class='ocrx_word' id='word_1_758' title='bbox 2194 3896 2296 3944; x_wconf 88' lang='lat' dir='ltr'><strong>est.</strong></span> <span class='ocrx_word' id='word_1_759' title='bbox 2324 3887 2463 3943; x_wconf 88' lang='lat' dir='ltr'><strong>Ecce</strong></span> <span class='ocrx_word' id='word_1_760' title='bbox 2488 3886 2669 3942; x_wconf 88' lang='lat' dir='ltr'><strong>anima</strong></span> <span class='ocrx_word' id='word_1_761' title='bbox 2686 3888 2939 3957; x_wconf 90' lang='lat' dir='ltr'><strong>copulata</strong></span> <span class='ocrx_word' id='word_1_762' title='bbox 2964 3895 3183 3942; x_wconf 89' lang='lat' dir='ltr'><strong>estcum</strong></span> <span class='ocrx_word' id='word_1_763' title='bbox 3204 3901 3453 3958; x_wconf 89' lang='lat' dir='ltr'><strong>corpore,</strong></span> <span class='ocrx_word' id='word_1_764' title='bbox 3477 3895 3532 3941; x_wconf 91' lang='lat' dir='ltr'><strong>et</strong></span> <span class='ocrx_word' id='word_1_765' title='bbox 3550 3886 3615 3941; x_wconf 89' lang='lat' dir='ltr'><strong>il-</strong></span> 
     </span>
    </p>
   </div>
   <div class='ocr_carea' id='block_1_97' title="bbox 2035 3977 3612 4049">
    <p class='ocr_par' dir='ltr' id='par_1_97' title="bbox 2035 3977 3612 4049">
     <span class='ocr_line' id='line_1_97' title="bbox 2035 3977 3612 4049; baseline -0.001 -16"><span class='ocrx_word' id='word_1_766' title='bbox 2035 3980 2126 4035; x_wconf 88' lang='lat' dir='ltr'><strong>lud</strong></span> <span class='ocrx_word' id='word_1_767' title='bbox 2154 3989 2300 4034; x_wconf 91' lang='lat' dir='ltr'><strong>amat</strong></span> <span class='ocrx_word' id='word_1_768' title='bbox 2320 3988 2374 4034; x_wconf 91' lang='lat' dir='ltr'><strong>et</strong></span> <span class='ocrx_word' id='word_1_769' title='bbox 2398 3979 2680 4035; x_wconf 80' lang='lat' dir='ltr'><strong>affectione</strong></span> <span class='ocrx_word' id='word_1_770' title='bbox 2702 3979 3083 4049; x_wconf 84' lang='lat' dir='ltr'><strong>complectitur</strong></span> <span class='ocrx_word' id='word_1_771' title='bbox 3107 3998 3119 4033; x_wconf 92' lang='lat'><strong>:</strong></span> <span class='ocrx_word' id='word_1_772' title='bbox 3163 3977 3333 4033; x_wconf 85' lang='lat' dir='ltr'><strong>Nemo</strong></span> <span class='ocrx_word' id='word_1_773' title='bbox 3355 3980 3492 4032; x_wconf 82' lang='lat' dir='ltr'><strong>enim</strong></span> <span class='ocrx_word' id='word_1_774' title='bbox 3513 3994 3612 4032; x_wconf 80' lang='lat' dir='ltr'><strong>un-</strong></span> 
     </span>
    </p>
   </div>
   <div class='ocr_carea' id='block_1_98' title="bbox 2034 4070 3609 4143">
    <p class='ocr_par' dir='ltr' id='par_1_98' title="bbox 2034 4070 3609 4143">
     <span class='ocr_line' id='line_1_98' title="bbox 2034 4070 3609 4143; baseline -0.001 -19"><span class='ocrx_word' id='word_1_775' title='bbox 2034 4087 2189 4143; x_wconf 79' lang='lat' dir='ltr'><strong>quam</strong></span> <span class='ocrx_word' id='word_1_776' title='bbox 2200 4086 2411 4125; x_wconf 86' lang='lat' dir='ltr'><strong>carnem</strong></span> <span class='ocrx_word' id='word_1_777' title='bbox 2426 4087 2574 4126; x_wconf 85' lang='lat' dir='ltr'><strong>suam</strong></span> <span class='ocrx_word' id='word_1_778' title='bbox 2597 4070 3024 4136; x_wconf 80' lang='lat' dir='ltr'><strong>odioltabuit,sed</strong></span> <span class='ocrx_word' id='word_1_779' title='bbox 3039 4071 3204 4125; x_wconf 85' lang='lat' dir='ltr'><strong>nutrit</strong></span> <span class='ocrx_word' id='word_1_780' title='bbox 3218 4080 3267 4125; x_wconf 86' lang='lat' dir='ltr'><strong>et</strong></span> <span class='ocrx_word' id='word_1_781' title='bbox 3283 4070 3418 4141; x_wconf 75' lang='lat' dir='ltr'><strong>fovet</strong></span> <span class='ocrx_word' id='word_1_782' title='bbox 3434 4086 3550 4125; x_wconf 84' lang='lat' dir='ltr'><strong>eam</strong></span> <span class='ocrx_word' id='word_1_783' title='bbox 3567 4070 3609 4123; x_wconf 87' lang='grc'><strong>¹.</strong></span> 
     </span>
    </p>
   </div>
   <div class='ocr_carea' id='block_1_99' title="bbox 2035 4163 3610 4229">
    <p class='ocr_par' dir='ltr' id='par_1_99' title="bbox 2035 4163 3610 4229">
     <span class='ocr_line' id='line_1_99' title="bbox 2035 4163 3610 4229; baseline -0.001 -12"><span class='ocrx_word' id='word_1_784' title='bbox 2035 4163 2283 4229; x_wconf 88' lang='lat' dir='ltr'><strong>Siautem</strong></span> <span class='ocrx_word' id='word_1_785' title='bbox 2304 4164 2529 4219; x_wconf 89' lang='lat' dir='ltr'><strong>alterum</strong></span> <span class='ocrx_word' id='word_1_786' title='bbox 2547 4164 2770 4219; x_wconf 88' lang='lat' dir='ltr'><strong>alterius</strong></span> <span class='ocrx_word' id='word_1_787' title='bbox 2781 4178 2966 4218; x_wconf 83' lang='lat' dir='ltr'><strong>curam</strong></span> <span class='ocrx_word' id='word_1_788' title='bbox 2984 4163 3474 4226; x_wconf 81' lang='lat' dir='ltr'><strong>habet,etdolorem</strong></span> <span class='ocrx_word' id='word_1_789' title='bbox 3493 4176 3610 4216; x_wconf 88' lang='lat' dir='ltr'><strong>cor-</strong></span> 
     </span>
    </p>
   </div>
   <div class='ocr_carea' id='block_1_100' title="bbox 2030 4252 3611 4326">
    <p class='ocr_par' dir='ltr' id='par_1_100' title="bbox 2030 4252 3611 4326">
     <span class='ocr_line' id='line_1_100' title="bbox 2030 4252 3611 4326; baseline 0 -17"><span class='ocrx_word' id='word_1_790' title='bbox 2030 4256 2179 4326; x_wconf 89' lang='lat' dir='ltr'><strong>poris</strong></span> <span class='ocrx_word' id='word_1_791' title='bbox 2202 4271 2359 4311; x_wconf 90' lang='lat' dir='ltr'><strong>suum</strong></span> <span class='ocrx_word' id='word_1_792' title='bbox 2381 4256 2529 4311; x_wconf 85' lang='lat' dir='ltr'><strong>ducit</strong></span> <span class='ocrx_word' id='word_1_793' title='bbox 2550 4256 2809 4320; x_wconf 87' lang='lat' dir='ltr'><strong>anima;et</strong></span> <span class='ocrx_word' id='word_1_794' title='bbox 2835 4271 2942 4309; x_wconf 91' lang='lat' dir='ltr'><strong>non</strong></span> <span class='ocrx_word' id='word_1_795' title='bbox 2967 4255 3300 4326; x_wconf 84' lang='lat' dir='ltr'><strong>disjungitur</strong></span> <span class='ocrx_word' id='word_1_796' title='bbox 3316 4252 3611 4309; x_wconf 77' lang='lat' dir='ltr'><strong>affectioni-</strong></span> 
     </span>
    </p>
   </div>
   <div class='ocr_carea' id='block_1_101' title="bbox 2031 4346 3611 4420">
    <p class='ocr_par' dir='ltr' id='par_1_101' title="bbox 2031 4346 3611 4420">
     <span class='ocr_line' id='line_1_101' title="bbox 2031 4346 3611 4420; baseline -0.002 -16"><span class='ocrx_word' id='word_1_797' title='bbox 2031 4351 2154 4417; x_wconf 92' lang='lat' dir='ltr'><strong>bus,</strong></span> <span class='ocrx_word' id='word_1_798' title='bbox 2168 4350 2259 4405; x_wconf 89' lang='lat' dir='ltr'><strong>sed</strong></span> <span class='ocrx_word' id='word_1_799' title='bbox 2273 4348 2516 4419; x_wconf 78' lang='lat' dir='ltr'><strong>adjungit</strong></span> <span class='ocrx_word' id='word_1_800' title='bbox 2535 4366 2593 4405; x_wconf 91' lang='lat' dir='ltr'><strong>se</strong></span> <span class='ocrx_word' id='word_1_801' title='bbox 2605 4350 2670 4403; x_wconf 90' lang='lat' dir='ltr'><strong>ad</strong></span> <span class='ocrx_word' id='word_1_802' title='bbox 2689 4350 2932 4416; x_wconf 85' lang='lat' dir='ltr'><strong>vulnera,</strong></span> <span class='ocrx_word' id='word_1_803' title='bbox 2949 4349 3195 4420; x_wconf 67' lang='lat' dir='ltr'><strong>adiungit</strong></span> <span class='ocrx_word' id='word_1_804' title='bbox 3208 4364 3267 4405; x_wconf 86' lang='lat' dir='ltr'><strong>se</strong></span> <span class='ocrx_word' id='word_1_805' title='bbox 3289 4347 3355 4403; x_wconf 89' lang='lat' dir='ltr'><strong>ad</strong></span> <span class='ocrx_word' id='word_1_806' title='bbox 3376 4346 3611 4402; x_wconf 66' lang='lat' dir='ltr'><strong>affectio-</strong></span> 
     </span>
    </p>
   </div>
   <div class='ocr_carea' id='block_1_102' title="bbox 2033 4435 3608 4511">
    <p class='ocr_par' dir='ltr' id='par_1_102' title="bbox 2033 4435 3608 4511">
     <span class='ocr_line' id='line_1_102' title="bbox 2033 4435 3608 4511; baseline -0.003 -15"><span class='ocrx_word' id='word_1_807' title='bbox 2033 4451 2207 4507; x_wconf 87' lang='lat' dir='ltr'><strong>nes;et</strong></span> <span class='ocrx_word' id='word_1_808' title='bbox 2225 4456 2347 4495; x_wconf 90' lang='lat' dir='ltr'><strong>cum</strong></span> <span class='ocrx_word' id='word_1_809' title='bbox 2365 4456 2565 4510; x_wconf 89' lang='lat' dir='ltr'><strong>corpus</strong></span> <span class='ocrx_word' id='word_1_810' title='bbox 2586 4435 2731 4494; x_wconf 70' lang='grc' dir='ltr'>(ἰδίει</span> <span class='ocrx_word' id='word_1_811' title='bbox 2752 4448 2971 4511; x_wconf 88' lang='lat' dir='ltr'><strong>propter</strong></span> <span class='ocrx_word' id='word_1_812' title='bbox 2985 4439 3289 4504; x_wconf 87' lang='lat' dir='ltr'><strong>vulnera,in</strong></span> <span class='ocrx_word' id='word_1_813' title='bbox 3311 4438 3528 4493; x_wconf 86' lang='lat' dir='ltr'><strong>tristitia</strong></span> <span class='ocrx_word' id='word_1_814' title='bbox 3553 4445 3608 4493; x_wconf 90' lang='lat' dir='ltr'><strong>et</strong></span> 
     </span>
    </p>
   </div>
   <div class='ocr_carea' id='block_1_103' title="bbox 2031 4529 3609 4602">
    <p class='ocr_par' dir='ltr' id='par_1_103' title="bbox 2031 4529 3609 4602">
     <span class='ocr_line' id='line_1_103' title="bbox 2031 4529 3609 4602; baseline -0.003 -14"><span class='ocrx_word' id='word_1_815' title='bbox 2031 4534 2278 4589; x_wconf 90' lang='lat' dir='ltr'><strong>molestia</strong></span> <span class='ocrx_word' id='word_1_816' title='bbox 2295 4541 2379 4588; x_wconf 91' lang='lat' dir='ltr'><strong>est</strong></span> <span class='ocrx_word' id='word_1_817' title='bbox 2404 4534 2604 4595; x_wconf 89' lang='lat' dir='ltr'><strong>anima,</strong></span> <span class='ocrx_word' id='word_1_818' title='bbox 2624 4548 2745 4602; x_wconf 72' lang='lat' dir='ltr'><strong>qua:</strong></span> <span class='ocrx_word' id='word_1_819' title='bbox 2767 4547 2874 4586; x_wconf 91' lang='lat' dir='ltr'><strong>non</strong></span> <span class='ocrx_word' id='word_1_820' title='bbox 2899 4540 3078 4601; x_wconf 84' lang='lat' dir='ltr'><strong>potest</strong></span> <span class='ocrx_word' id='word_1_821' title='bbox 3096 4547 3219 4588; x_wconf 87' lang='lat' dir='ltr'><strong>esse</strong></span> <span class='ocrx_word' id='word_1_822' title='bbox 3241 4546 3435 4601; x_wconf 77' lang='lat' dir='ltr'><strong>expers</strong></span> <span class='ocrx_word' id='word_1_823' title='bbox 3462 4529 3609 4585; x_wconf 78' lang='lat' dir='ltr'><strong>doio—</strong></span> 
     </span>
    </p>
   </div>
   <div class='ocr_carea' id='block_1_104' title="bbox 2036 4621 3605 4694">
    <p class='ocr_par' dir='ltr' id='par_1_104' title="bbox 2036 4621 3605 4694">
     <span class='ocr_line' id='line_1_104' title="bbox 2036 4621 3605 4694; baseline -0.003 -15"><span class='ocrx_word' id='word_1_824' title='bbox 2036 4626 2138 4681; x_wconf 87' lang='lat' dir='ltr'><strong>ris.</strong></span> <span class='ocrx_word' id='word_1_825' title='bbox 2156 4626 2292 4682; x_wconf 81' lang='lat' dir='ltr'><strong>Cum</strong></span> <span class='ocrx_word' id='word_1_826' title='bbox 2316 4641 2444 4679; x_wconf 90' lang='lat' dir='ltr'><strong>vero</strong></span> <span class='ocrx_word' id='word_1_827' title='bbox 2471 4626 2795 4694; x_wconf 78' lang='lat' dir='ltr'><strong>voluptatein</strong></span> <span class='ocrx_word' id='word_1_828' title='bbox 2818 4622 3070 4694; x_wconf 65' lang='lat' dir='ltr'><strong>percipit,</strong></span> <span class='ocrx_word' id='word_1_829' title='bbox 3094 4629 3149 4677; x_wconf 91' lang='lat' dir='ltr'><strong>et</strong></span> <span class='ocrx_word' id='word_1_830' title='bbox 3181 4636 3212 4675; x_wconf 87' lang='lat' dir='ltr'><strong>a</strong></span> <span class='ocrx_word' id='word_1_831' title='bbox 3240 4623 3513 4692; x_wconf 80' lang='lat' dir='ltr'><strong>voluptate</strong></span> <span class='ocrx_word' id='word_1_832' title='bbox 3545 4621 3605 4676; x_wconf 92' lang='lat' dir='ltr'><strong>ti-</strong></span> 
     </span>
    </p>
   </div>
   <div class='ocr_carea' id='block_1_105' title="bbox 2041 4714 3605 4787">
    <p class='ocr_par' dir='ltr' id='par_1_105' title="bbox 2041 4714 3605 4787">
     <span class='ocr_line' id='line_1_105' title="bbox 2041 4714 3605 4787; baseline -0.004 -13"><span class='ocrx_word' id='word_1_833' title='bbox 2041 4721 2280 4784; x_wconf 86' lang='lat' dir='ltr'><strong>tillatur;</strong></span> <span class='ocrx_word' id='word_1_834' title='bbox 2332 4720 2514 4773; x_wconf 88' lang='lat' dir='ltr'><strong>anima</strong></span> <span class='ocrx_word' id='word_1_835' title='bbox 2559 4719 2721 4774; x_wconf 88' lang='lat' dir='ltr'><strong>etiam</strong></span> <span class='ocrx_word' id='word_1_836' title='bbox 2762 4730 2944 4772; x_wconf 89' lang='lat' dir='ltr'><strong>motus</strong></span> <span class='ocrx_word' id='word_1_837' title='bbox 2990 4716 3238 4787; x_wconf 89' lang='lat' dir='ltr'><strong>corporis</strong></span> <span class='ocrx_word' id='word_1_838' title='bbox 3295 4714 3605 4785; x_wconf 85' lang='lat' dir='ltr'><strong>participat,</strong></span> 
     </span>
    </p>
   </div>
   <div class='ocr_carea' id='block_1_106' title="bbox 2035 4808 3602 4881">
    <p class='ocr_par' dir='ltr' id='par_1_106' title="bbox 2035 4808 3602 4881">
     <span class='ocr_line' id='line_1_106' title="bbox 2035 4808 3602 4881; baseline -0.004 -15"><span class='ocrx_word' id='word_1_839' title='bbox 2035 4819 2091 4866; x_wconf 90' lang='lat' dir='ltr'><strong>et</strong></span> <span class='ocrx_word' id='word_1_840' title='bbox 2121 4811 2464 4866; x_wconf 88' lang='lat' dir='ltr'><strong>titillationes</strong></span> <span class='ocrx_word' id='word_1_841' title='bbox 2498 4811 2663 4867; x_wconf 88' lang='lat' dir='ltr'><strong>simul</strong></span> <span class='ocrx_word' id='word_1_842' title='bbox 2702 4811 2920 4881; x_wconf 81' lang='lat' dir='ltr'><strong>attingit</strong></span> <span class='ocrx_word' id='word_1_843' title='bbox 2958 4830 2970 4865; x_wconf 92' lang='lat'>:</span> <span class='ocrx_word' id='word_1_844' title='bbox 3009 4825 3072 4866; x_wconf 88' lang='lat' dir='ltr'><strong>ac</strong></span> <span class='ocrx_word' id='word_1_845' title='bbox 3103 4808 3357 4865; x_wconf 89' lang='lat' dir='ltr'><strong>similiter</strong></span> <span class='ocrx_word' id='word_1_846' title='bbox 3383 4808 3602 4878; x_wconf 82' lang='lat' dir='ltr'><strong>quidem</strong></span> 
     </span>
    </p>
   </div>
   <div class='ocr_carea' id='block_1_107' title="bbox 2037 4896 3605 4972">
    <p class='ocr_par' dir='ltr' id='par_1_107' title="bbox 2037 4896 3605 4972">
     <span class='ocr_line' id='line_1_107' title="bbox 2037 4896 3605 4972; baseline -0.004 -17"><span class='ocrx_word' id='word_1_847' title='bbox 2037 4901 2258 4965; x_wconf 88' lang='lat' dir='ltr'><strong>desinit,</strong></span> <span class='ocrx_word' id='word_1_848' title='bbox 2294 4902 2494 4972; x_wconf 82' lang='lat' dir='ltr'><strong>accipit</strong></span> <span class='ocrx_word' id='word_1_849' title='bbox 2536 4917 2666 4957; x_wconf 86' lang='lat' dir='ltr'><strong>vero</strong></span> <span class='ocrx_word' id='word_1_850' title='bbox 2706 4902 2956 4958; x_wconf 89' lang='lat' dir='ltr'><strong>similiter</strong></span> <span class='ocrx_word' id='word_1_851' title='bbox 2990 4901 3409 4955; x_wconf 90' lang='lat' dir='ltr'><strong>incrementum.</strong></span> <span class='ocrx_word' id='word_1_852' title='bbox 3467 4896 3605 4953; x_wconf 85' lang='lat' dir='ltr'><strong>Cum</strong></span> 
     </span>
    </p>
   </div>
   <div class='ocr_carea' id='block_1_108' title="bbox 2036 4990 3603 5066">
    <p class='ocr_par' dir='ltr' id='par_1_108' title="bbox 2036 4990 3603 5066">
     <span class='ocr_line' id='line_1_108' title="bbox 2036 4990 3603 5066; baseline -0.003 -18"><span class='ocrx_word' id='word_1_853' title='bbox 2036 4995 2238 5060; x_wconf 89' lang='lat' dir='ltr'><strong>anima,</strong></span> <span class='ocrx_word' id='word_1_854' title='bbox 2281 4995 2537 5066; x_wconf 87' lang='lat' dir='ltr'><strong>inquam,</strong></span> <span class='ocrx_word' id='word_1_855' title='bbox 2581 4996 2780 5051; x_wconf 86' lang='lat' dir='ltr'><strong>desinit</strong></span> <span class='ocrx_word' id='word_1_856' title='bbox 2823 4993 3323 5066; x_wconf 83' lang='lat' dir='ltr'><strong>perturbationibus</strong></span> <span class='ocrx_word' id='word_1_857' title='bbox 3375 4990 3603 5053; x_wconf 84' lang='lat' dir='ltr'><strong>moveri,</strong></span> 
     </span>
    </p>
   </div>
   <div class='ocr_carea' id='block_1_109' title="bbox 2034 5085 3606 5159">
    <p class='ocr_par' dir='ltr' id='par_1_109' title="bbox 2034 5085 3606 5159">
     <span class='ocr_line' id='line_1_109' title="bbox 2034 5085 3606 5159; baseline -0.003 -18"><span class='ocrx_word' id='word_1_858' title='bbox 2034 5087 2198 5141; x_wconf 91' lang='lat' dir='ltr'><strong>simul</strong></span> <span class='ocrx_word' id='word_1_859' title='bbox 2223 5088 2425 5143; x_wconf 89' lang='lat' dir='ltr'><strong>desinit</strong></span> <span class='ocrx_word' id='word_1_860' title='bbox 2453 5103 2677 5159; x_wconf 85' lang='lat' dir='ltr'><strong>corpus,</strong></span> <span class='ocrx_word' id='word_1_861' title='bbox 2708 5095 2762 5143; x_wconf 90' lang='lat' dir='ltr'><strong>et</strong></span> <span class='ocrx_word' id='word_1_862' title='bbox 2796 5086 3161 5157; x_wconf 90' lang='lat' dir='ltr'><strong>conquiescit.</strong></span> <span class='ocrx_word' id='word_1_863' title='bbox 3191 5085 3328 5140; x_wconf 88' lang='lat' dir='ltr'><strong>Cum</strong></span> <span class='ocrx_word' id='word_1_864' title='bbox 3355 5099 3484 5139; x_wconf 86' lang='lat' dir='ltr'><strong>vero</strong></span> <span class='ocrx_word' id='word_1_865' title='bbox 3513 5097 3606 5137; x_wconf 90' lang='lat' dir='ltr'><strong>cu-</strong></span> 
     </span>
    </p>
   </div>
   <div class='ocr_carea' id='block_1_110' title="bbox 2028 5178 3601 5250">
    <p class='ocr_par' dir='ltr' id='par_1_110' title="bbox 2028 5178 3601 5250">
     <span class='ocr_line' id='line_1_110' title="bbox 2028 5178 3601 5250; baseline -0.001 -17"><span class='ocrx_word' id='word_1_866' title='bbox 2028 5178 2229 5250; x_wconf 87' lang='lat' dir='ltr'><strong>piditas</strong></span> <span class='ocrx_word' id='word_1_867' title='bbox 2263 5182 2318 5235; x_wconf 91' lang='lat' dir='ltr'><strong>in</strong></span> <span class='ocrx_word' id='word_1_868' title='bbox 2350 5182 2530 5236; x_wconf 89' lang='lat' dir='ltr'><strong>anima</strong></span> <span class='ocrx_word' id='word_1_869' title='bbox 2554 5190 2884 5245; x_wconf 85' lang='lat' dir='ltr'><strong>remoratur,</strong></span> <span class='ocrx_word' id='word_1_870' title='bbox 2920 5180 3321 5235; x_wconf 89' lang='lat' dir='ltr'><strong>titillationibus</strong></span> <span class='ocrx_word' id='word_1_871' title='bbox 3348 5180 3512 5234; x_wconf 88' lang='lat' dir='ltr'><strong>etiam</strong></span> <span class='ocrx_word' id='word_1_872' title='bbox 3544 5178 3601 5231; x_wconf 90' lang='lat' dir='ltr'><strong>in</strong></span> 
     </span>
    </p>
   </div>
   <div class='ocr_carea' id='block_1_111' title="bbox 2030 5269 3602 5346">
    <p class='ocr_par' dir='ltr' id='par_1_111' title="bbox 2030 5269 3602 5346">
     <span class='ocr_line' id='line_1_111' title="bbox 2030 5269 3602 5346; baseline -0.004 -19"><span class='ocrx_word' id='word_1_873' title='bbox 2030 5287 2262 5343; x_wconf 87' lang='lat' dir='ltr'><strong>corpore</strong></span> <span class='ocrx_word' id='word_1_874' title='bbox 2302 5274 2615 5341; x_wconf 88' lang='lat' dir='ltr'><strong>remoratis,</strong></span> <span class='ocrx_word' id='word_1_875' title='bbox 2670 5289 2873 5346; x_wconf 91' lang='lat' dir='ltr'><strong>corpus</strong></span> <span class='ocrx_word' id='word_1_876' title='bbox 2913 5273 3181 5328; x_wconf 85' lang='lat' dir='ltr'><strong>suavitate</strong></span> <span class='ocrx_word' id='word_1_877' title='bbox 3215 5269 3512 5342; x_wconf 80' lang='lat' dir='ltr'><strong>perfundit,</strong></span> <span class='ocrx_word' id='word_1_878' title='bbox 3547 5276 3602 5323; x_wconf 86' lang='lat' dir='ltr'><strong>et</strong></span> 
     </span>
    </p>
   </div>
   <div class='ocr_carea' id='block_1_112' title="bbox 2027 5365 3602 5440">
    <p class='ocr_par' dir='ltr' id='par_1_112' title="bbox 2027 5365 3602 5440">
     <span class='ocr_line' id='line_1_112' title="bbox 2027 5365 3602 5440; baseline -0.003 -19"><span class='ocrx_word' id='word_1_879' title='bbox 2027 5367 2349 5434; x_wconf 84' lang='lat' dir='ltr'><strong>inﬂammat;</strong></span> <span class='ocrx_word' id='word_1_880' title='bbox 2370 5370 2616 5440; x_wconf 84' lang='lat' dir='ltr'><strong>fiuntque</strong></span> <span class='ocrx_word' id='word_1_881' title='bbox 2638 5369 2909 5440; x_wconf 64' lang='lat' dir='ltr'><strong>azqualite.</strong></span> <span class='ocrx_word' id='word_1_882' title='bbox 2952 5365 3316 5431; x_wconf 78' lang='lat' dir='ltr'><strong>titillationes,</strong></span> <span class='ocrx_word' id='word_1_883' title='bbox 3344 5373 3397 5420; x_wconf 90' lang='lat' dir='ltr'><strong>et</strong></span> <span class='ocrx_word' id='word_1_884' title='bbox 3416 5376 3602 5434; x_wconf 84' lang='lat' dir='ltr'><strong>aequa-</strong></span> 
     </span>
    </p>
   </div>
   <div class='ocr_carea' id='block_1_113' title="bbox 2032 5453 3601 5531">
    <p class='ocr_par' dir='ltr' id='par_1_113' title="bbox 2032 5453 3601 5531">
     <span class='ocr_line' id='line_1_113' title="bbox 2032 5453 3601 5531; baseline -0.003 -18"><span class='ocrx_word' id='word_1_885' title='bbox 2032 5460 2156 5514; x_wconf 89' lang='lat' dir='ltr'><strong>liter</strong></span> <span class='ocrx_word' id='word_1_886' title='bbox 2190 5461 2562 5515; x_wconf 88' lang='lat' dir='ltr'><strong>titillationum</strong></span> <span class='ocrx_word' id='word_1_887' title='bbox 2591 5461 2923 5531; x_wconf 86' lang='lat' dir='ltr'><strong>abjectiones</strong></span> <span class='ocrx_word' id='word_1_888' title='bbox 2942 5468 2996 5515; x_wconf 90' lang='lat' dir='ltr'><strong>et</strong></span> <span class='ocrx_word' id='word_1_889' title='bbox 3025 5453 3378 5514; x_wconf 73' lang='lat' dir='ltr'><strong>d&#39;efectiones.</strong></span> <span class='ocrx_word' id='word_1_890' title='bbox 3415 5454 3472 5509; x_wconf 91' lang='lat' dir='ltr'><strong>Si</strong></span> <span class='ocrx_word' id='word_1_891' title='bbox 3501 5468 3601 5511; x_wconf 84' lang='lat' dir='ltr'><strong>au-</strong></span> 
     </span>
    </p>
   </div>
   <div class='ocr_carea' id='block_1_114' title="bbox 2033 5547 3597 5623">
    <p class='ocr_par' dir='ltr' id='par_1_114' title="bbox 2033 5547 3597 5623">
     <span class='ocr_line' id='line_1_114' title="bbox 2033 5547 3597 5623; baseline -0.004 -17"><span class='ocrx_word' id='word_1_892' title='bbox 2033 5558 2141 5607; x_wconf 92' lang='lat' dir='ltr'><strong>tem</strong></span> <span class='ocrx_word' id='word_1_893' title='bbox 2172 5568 2238 5608; x_wconf 79' lang='lat' dir='ltr'><strong>ex</strong></span> <span class='ocrx_word' id='word_1_894' title='bbox 2281 5554 2573 5609; x_wconf 86' lang='lat' dir='ltr'><strong>contrariis</strong></span> <span class='ocrx_word' id='word_1_895' title='bbox 2618 5560 2765 5610; x_wconf 84' lang='lat' dir='ltr'><strong>esset</strong></span> <span class='ocrx_word' id='word_1_896' title='bbox 2810 5553 2995 5618; x_wconf 86' lang='lat' dir='ltr'><strong>homo,</strong></span> <span class='ocrx_word' id='word_1_897' title='bbox 3038 5566 3102 5607; x_wconf 89' lang='lat' dir='ltr'><strong>ac</strong></span> <span class='ocrx_word' id='word_1_898' title='bbox 3139 5564 3342 5623; x_wconf 88' lang='lat' dir='ltr'><strong>corpus</strong></span> <span class='ocrx_word' id='word_1_899' title='bbox 3375 5547 3597 5620; x_wconf 79' lang='lat' dir='ltr'><strong>quidem</strong></span> 
     </span>
    </p>
   </div>
  </div>
