4116 6332
656 274 788 330 1251

650 391 850 447 (Ιίὼοιί
880 402 1042 458 esset,
1064 392 1243 447 anima
1271 406 1399 447 vero
1430 390 1524 447 Dei
1553 411 1565 446 :
1600 391 1832 463 primum
1862 393 2079 464 quidem
2103 412 2210 450 non

650 483 794 538 facta
852 482 1044 538 fuisset
1079 483 1393 552 conjunctio
1437 483 1745 553 utriusque,
1795 500 1894 538 nec
1925 488 2039 554 ipsa
2087 485 2213 539 diu-

648 583 812 628 turna
846 575 1028 629 inistio
1068 575 1440 644 perﬁceretur.
1488 574 1767 637 Secundo,
1803 577 2051 644 quamvis
2079 577 2214 630 alte-

649 664 863 721 rum‘ab
892 666 1062 720 altero
1084 665 1438 737 reciperetur,
1468 674 1521 720 et
1545 675 1837 736 utrumque
1865 679 2063 731 tamen,
2095 684 2215 737 quze

650 770 749 810 sua
792 763 997 820 essent,
1045 758 1264 827 propria
1310 766 1365 811 et
1400 757 1609 827 privata
1644 758 1866 815 duceret
1894 774 1909 824 ;
1937 774 2057 829 qua:
2087 774 2215 814 vero

647 848 890 911 alterius,
932 848 1107 901 aliena
1139 867 1152 901 :
1189 857 1241 902 et
1281 863 1456 917 neque
1484 849 1730 918 voluptas
1773 851 2043 919 corporis,
2090 851 2211 904 ani-

644 954 748 993 ma:
775 939 1025 1009 voluptas
1074 938 1264 1006 ﬁeret;
1298 954 1476 1009 neque
1518 940 1742 995 vulnera
1786 943 2032 1011 corporis
2061 942 2213 996 dolo-

645 1047 735 1087 res
776 1033 972 1087 anima:
1004 1043 1218 1098 essent;
1267 1035 1361 1089 sed
1409 1044 1698 1105 utrumque
1732 1051 1829 1105 per
1868 1052 1926 1092 se
1969 1037 2213 1106 volupta-

646 1133 777 1190 tem,
814 1135 866 1179 et
907 1125 1148 1180 dolorem
1189 1126 1293 1181 sibi
1335 1127 1655 1198 impertiret.
1702 1126 1985 1193 Quomodo
2030 1138 2209 1183 autem

645 1213 897 1269 diabolus
943 1215 1112 1279 illinc,
1155 1219 1298 1286 quod
1344 1232 1502 1271 suum
1539 1232 1644 1270 non
1677 1225 1816 1280 erat,
1862 1231 2079 1271 sumere
2112 1233 2210 1286 po-

648 1308 791 1361 tuit?
820 1308 1088 1379 quomodo
1119 1310 1317 1372 anima,
1353 1325 1473 1379 quae
1512 1324 1619 1362 non
1657 1322 1741 1363 eSt
1774 1309 1957 1378 hujus,
1988 1310 2082 1364 sed
2126 1311 2211 1363 al-

644 1402 837 1463 terius,
885 1408 939 1454 et
971 1399 1174 1453 nullam
1214 1399 1596 1453 admistionem
1631 1399 1749 1468 ejus
1787 1399 1971 1465 habet,
2004 1401 2100 1456 sed
2128 1411 2211 1456 est

645 1492 871 1547 alterius
897 1492 1232 1555 substantiae,
1262 1499 1314 1545 et
1343 1491 1659 1546 substantiae
1688 1492 1913 1546 omnino
1938 1506 1968 1545 a
1993 1494 2210 1549 diabolo

643 1583 864 1647 alienae;
919 1582 1209 1653 quomodo,
1261 1583 1500 1652 inquam,
1537 1581 1591 1636 in
1645 1582 1837 1636 alienis
1863 1589 1917 1636 et
1968 1585 2209 1640 externis

642 1672 769 1727 est?
811 1680 865 1727 et
919 1670 1297 1726 admistionem
1358 1671 1607 1740 corporis
1672 1670 1873 1724 diaboli
1946 1679 2204 1741 tanquam

639 1764 920 1819 vinculum
964 1764 1165 1833 patitur
1212 1771 1265 1817 et
1307 1765 1523 1824 tolerat,
1574 1770 1629 1818 et
1662 1764 1824 1833 ligata
1871 1771 1953 1818 est
2008 1764 2063 1818 in
2096 1780 2204 1818 non

641 1856 788 1910 suo?
838 1852 1107 1923 quomodo
1158 1868 1378 1908 carnem
1424 1853 1696 1923 propriam
1751 1866 1873 1906 esse
1919 1852 2089 1917 ducit,
2149 1859 2205 1906 et

639 1957 882 2004 sanctam
926 1948 1055 2002 facit
1083 1958 1244 2017 atque
1269 1960 1386 2001 eam
1422 1946 1489 1999 ad
1522 1946 1775 2001 virtutem
1816 1954 2103 2014 praeparat,
2147 1954 2204 1999 ut

638 2040 821 2112 quoad
875 2040 990 2095 fieri
1057 2046 1256 2110 potest,
1317 2038 1549 2093 similem
1604 2035 1715 2091 Deo
1775 2037 2005 2091 efﬁciat?
2066 2036 2202 2091 Cum

637 2134 784 2189 enim
821 2148 1020 2201 cor-pus
1053 2139 1264 2186 castum
1292 2138 1397 2194 est,
1429 2138 1482 2183 et
1512 2144 1622 2183 non
1654 2128 1987 2183 sordidatum
2026 2144 2203 2197 neque

635 2224 1017 2288 maculatum;
1058 2237 1182 2292 cum
1223 2231 1470 2275 sanctum
1519 2229 1602 2277 est
1649 2228 1703 2275 et
1736 2220 2045 2287 honestum,
2074 2235 2199 2273 cum

637 2330 818 2371 sermo
843 2315 960 2384 ejus
989 2323 1214 2369 sanctus
1232 2321 1293 2401 .et
1325 2321 1526 2376 rectus,
1558 2328 1681 2365 cum
1717 2320 1969 2377 aspectus
1987 2311 2193 2381 justus,

636 2421 760 2461 cum
806 2416 984 2463 motus
1035 2408 1154 2477 ejus
1198 2406 1370 2461 divini
1404 2414 1573 2461 sunt:
1608 2409 1738 2477 quid
1783 2407 1928 2461 aliud
1973 2415 2057 2461 est
2105 2407 2208 2464 hoc

635 2501 780 2556 dicta
808 2503 936 2555 sint.

1690 298 1707 315 ο
1752 273 1889 330 TITI
1928 272 2353 336 BOSTRENSIS
2388 277 2701 335 EPISCOPI

3710 281 3817 340 {‘59.

2241 402 2286 458 Α
2311 398 2366 452 δὲ
2390 400 2449 450 τὸ
2480 398 2665 469 ἕτερον
2691 396 2758 450 τὰ
2800 394 2890 449 τοῦ
2915 394 3099 466 ἑτέρου
3128 395 3227 448 οὐκ
3269 394 3335 448 ιὶν
3364 385 3697 467 παρεδέεχετο*
3726 400 3815 454 ἀλλ’

2315 490 2566 563 ἑκάτερον
2619 491 2724 544 ἴδια
2778 489 2876 560 μὲν
2934 488 3000 541 τὰ
3030 486 3243 548 ἑαυτοῦ.
3284 487 3529 560 ἀλλότρια
3565 490 3616 543 δὲ
3664 492 3721 546 τὰ
3743 495 3815 547 τοῦ

2314 583 2496 652 ἐτέρου
2550 580 2819 651 ἐλογίζετο
2842 598 2853 609 ο
2893 579 2987 633 xui
3020 579 3142 633 οὔτε
3188 582 3220 651 ἡ
3260 579 3417 651 ἡδονὴ
3472 581 3571 635 τῶν
3599 585 3814 653 σωμάτων

2310 675 2470 745 ἡδονὴ
2499 674 2672 745 ψυχῆς
2709 675 2971 743 ἐγίγνετο.
3004 671 3128 726 οὔτε
3155 673 3222 726 τὰ
3244 673 3523 745 τραύματα
3555 675 3650 728 τῶν
3674 680 3813 749 σωμά-

2312 783 2417 818 των
2449 766 2735 837 ἀλγηδόνες
2761 767 2940 837 ψυχῆς
2976 766 3246 834 ἐγίγνοντο
3270 782 3283 793 ⁶
3322 766 3431 819 ἀλλ’
3457 768 3701 840 οέκάτερον
3724 773 3814 823 καθ’

2312 857 2486 921 ἑαυτὸ,
2508 860 2599 912 xui
2627 859 2724 931 τὴν
2754 858 2944 929 ἡδονὴν
2975 858 3169 929 ἐαυτῷ,
3202 859 3293 914 xui
3325 859 3393 913 τὰ
3429 859 3694 931 τραύματα
3723 864 3815 932 ἐμε-

2313 947 2509 1018 ρίζετο.
2564 949 2687 1012 Πῶς
2716 950 2771 1002 δὲ
2807 950 2898 1003 καὶ
2944 953 2971 1003 6
2999 949 3240 1013 διάϐολος
3282 950 3465 1021 ἴσχυσε
3520 951 3577 1004 τὸ
3621 953 3685 1023 μὴ
3721 953 3815 1007 ἴδιον

2312 1041 2518 1093 ἐκεῖθεν
2556 1040 2775 1106 λαϐεἰνς
2809 1042 2922 1105 πῶς
2948 1042 3003 1094 δὲ
3034 1043 3124 1094 καὶ
3149 1043 3180 1113 ἡ
3209 1041 3354 1113 ψυχὴ
3384 1043 3457 1113 μὴ
3496 1043 3669 1097 τούτου
3698 1041 3815 1112 οὖσα,

2311 1131 2443 1185 ἀλλὰ
2486 1131 2644 1185 ἄλλου
2700 1128 2853 1198 οὖσα,
2900 1135 2993 1187 καὶ
3040 1134 3308 1205 μηδεμίαν
3368 1136 3630 1206 ἐπιμιξίαν
3668 1138 3819 1208 ἔχουσα

2310 1223 2445 1294 πρὸς
2488 1223 2547 1275 τὸ
2605 1225 2799 1296 χωρίον
2846 1226 3021 1289 τοῦτο,
3054 1228 3167 1281 ἀλλ’
3189 1224 3321 1282 οὖσα
3356 1229 3539 1301 ἐτέρας
3569 1230 3731 1295 οὐσίας
3749 1233 3818 1286 καὶ

2311 1315 2484 1385 πάντη
2542 1315 2975 1387 ἠλλοτριωμένης
3010 1319 3111 1388 τῆς
3154 1320 3339 1384 οὐσίας
3384 1320 3475 1373 τοῦ
3526 1322 3750 1393 πονηροῦ,
3778 1324 3818 1375 ὲν

2306 1411 2420 1471 τοῖς
2447 1407 2743 1480 ἀλλοτρίοις
2776 1411 2893 1463 ἐστὶ
2920 1412 3012 1464 xui
3044 1413 3245 1478 ξένοις;
3273 1414 3365 1467 xui
3394 1414 3486 1485 τὴν
3509 1413 3593 1467 τοῦ
3619 1414 3818 1485 miluum;

2310 1497 2584 1567 ἐπιμιξίαν
2617 1498 2768 1572 φέρει
2815 1499 3011 1572 δεσμὸν
3042 1501 3298 1574 πονηροῦ,
3337 1506 3431 1558 xui
3461 1503 3647 1557 δέδεται
3673 1505 3754 1557 οὐκ
3775 1507 3817 1556 ἐν

2314 1589 2457 1659 ἱδίῳ;
2489 1591 2581 1642 καὶ
2634 1590 2963 1645 ίδιοποιεῖται
3002 1592 3100 1664 τὴν
3139 1596 3339 1666 σάρκα,
3389 1595 3481 1648 xui
3519 1596 3661 1665 ἁγίαν
3685 1598 3816 1667 αὐτὴν

2309 1684 2468 1747 ποιεῖ,
2502 1684 2594 1733 καὶ
2626 1682 2759 1753 πρὸς
2782 1683 2977 1756 ἀρετὴν
3002 1686 3170 1757 αὐτὴν
3188 1686 3604 1757 παρασκευάζει,
3631 1689 3695 1750 ὡς
3735 1691 3815 1756 ἀφ-

2308 1772 2620 1842 ομοιοῦσθαι
2655 1775 2792 1827 κατά
2821 1776 2880 1828 τὸ
2912 1777 3130 1831 δυνατὸν
3163 1778 3242 1848 τῷ
3276 1780 3537 1850 κρείττονι
3558 1796 3571 1838 ;
3596 1781 3705 1833 ὃταν
3733 1780 3815 1852 γὰρ

2296 1860 2469 1933 ’ἀγνδν
2577 1866 2670 1919 καὶ
2694 1868 3008 1940 ἀρρύπαρον
3040 1871 3130 1925 xui
3157 1871 3487 1944 ἀκηλίδωτον
3506 1912 3523 1937 ,
3554 1873 3666 1925 ὅταν
3698 1872 3813 1940 ἅγιον

2306 1950 2338 2028 ᾖ
2375 1955 2465 2008 xui
2489 1957 2703 2026 σεμνὸν,
2731 1959 2855 2012 ὃταν
2884 1961 3042 2028 ἁγίας
3062 1961 3160 2036 ἔχῃ
3186 1963 3287 2027 τὰς
3305 1963 3507 2029 λαλιὰς,
3528 1966 3641 2017 ὅταν
3675 1963 3811 2031 δεξιὰς

2305 2044 2403 2118 ἔχῃ
2456 2047 2551 2111 τὰς
2582 2048 2811 2119 βλέψεις,
2868 2053 2995 2106 ὅταν
3031 2053 3180 2118 θείας
3230 2055 3334 2128 ἔχῃ
3378 2061 3473 2120 τὰς
3514 2059 3741 2127 κινήσειςσ
3770 2058 3812 2110 τί

2304 2137 2507 2208 ἕτερον,
2540 2141 2572 2211 ἢ
2600 2142 2990 2213 ἀφομοιοῦσθαι
3028 2144 3108 2216 τῷ
3154 2149 3466 2217 κρείττονις
3520 2150 3605 2202 καὶ
3645 2148 3810 2213 ἐξεικά-

2304 2227 2450 2294 ζεται
2479 2232 2557 2303 τῷ
2590 2234 2757 2305 καλῷ,
2787 2238 2878 2290 xui
2929 2239 3190 2311 ἀναφέρει
3226 2245 3545 2317 χαρακτῆρα
3571 2245 3654 2297 τοῦ
3679 2244 3812 2313 κρείτ·

2302 2337 2450 2386 τονος
2473 2324 2580 2395 (65)
2606 2342 2621 2391 ;
2657 2328 2766 2380 Kui
2795 2328 2965 2383 ταῦτα
2992 2330 3090 2400 μὲν
3122 2332 3302 2397 οὕτως
3335 2336 3583 2406 εἰρήσθω.

2246 2429 2409 2483 quam
2467 2421 2697 2477 similem
2755 2440 2879 2480 esse
2924 2424 3080 2482 Deo?
3121 2428 3199 2484 Ac
3245 2430 3317 2485 de
3361 2433 3444 2487 his
3498 2433 3690 2503 quidem
3726 2432 3809 2485 hac

2237 1750 2278 1802 B

1152 2617 1279 2673 CAP.
1316 2618 1503 2673 XVIII.
1535 2619 1822 2690 Scriptura:
1858 2629 2158 2683 testimonia
2194 2634 2256 2683 de
2290 2630 2555 2683 creatione
2588 2634 2820 2701 corporis
2858 2643 2907 2687 et
2944 2636 3135 2689 anima:
3161 2654 3193 2690 a
3220 2637 3354 2695 Deo.

706 2732 884 2787 Pauca
928 2743 1107 2789 autem
1153 2751 1219 2790 ex
1246 2735 1546 2808 Scripturis
1595 2756 1952 2811 apponamus,
1998 2755 2057 2800 ut
2103 2764 2200 2819 ap.

633 2823 836 2895 positio
884 2822 1293 2894 Scripturarum
1350 2829 1474 2883 illos
1527 2830 1594 2883 ad
1643 2833 2079 2891 erubescendum
2139 2855 2199 2893 se

634 2916 840 2987 adigat,
872 2924 925 2969 et
950 2918 1109 2971 nobis
1136 2918 1293 2974 fidem
1336 2920 1593 2989 majorem
1627 2926 1902 2981 conciliet.
1949 2926 2200 2985 Salvator

632 3005 777 3059 enim
802 3021 927 3058 cum
962 3008 1015 3059 in
1045 3006 1341 3078 Evangelio
1370 3013 1438 3064 de
1475 3010 1804 3068 formatione
1830 3015 1933 3069 viri
1974 3026 2029 3071 et
2076 3035 2197 3072 mu-

631 3096 785 3153 lieris
830 3099 1097 3163 meminit,
1147 3100 1531 3158 formationem
1582 3105 1649 3159 ad
1689 3105 1911 3163 Patrem
1957 3127 2115 3167 suum
2147 3121 2201 3166 et

632 3191 972 3247 conditorem
1006 3193 1253 3248 universi
1284 3194 1552 3259 referens,
1586 3199 1767 3253 aiebat
1794 3220 1807 3255 :
1837 3202 1941 3267 Qui
1965 3204 2085 3271 fecit
2117 3205 2203 3259 lio-

630 3283 824 3338 minem
872 3284 937 3338 ab
977 3285 1148 3349 initio,
1195 3288 1488 3340 masculum
1521 3299 1569 3343 et
1614 3291 1864 3359 feminam
1912 3297 2035 3363 fecit
2077 3314 2200 3361 eos;

628 3386 681 3431 st
708 3378 885 3432 dixit:
911 3378 1134 3447 Propter
1182 3380 1277 3434 hoc
1323 3382 1575 3451 relinquet
1618 3384 1769 3438 homo
1803 3397 2005 3455 patrem
2048 3407 2200 3444 suum

628 3477 679 3524 ct
714 3479 935 3523 matrem
966 3488 1140 3535 suum,
1173 3481 1222 3525 et
1271 3473 1556 3529 adhwrebit
1598 3480 1754 3531 uxori
1796 3496 1929 3543 sua},
1961 3463 2009 3535 et
2047 3494 2201 3538 erunt

628 3563 733 3616 duo
755 3564 809 3615 in
841 3579 1052 3617 carnem
1087 3582 1246 3619 unam
1271 3584 1288 3621 :
1312 3568 1486 3638 itaque
1506 3569 1626 3638 jam
1657 3589 1759 3625 non
1792 3584 1915 3627 sunt
1959 3575 2086 3639 duo,
2109 3577 2201 3631 sed

627 3667 737 3707 una
758 3670 901 3707 caro.
945 3654 1095 3720 Quod
1128 3673 1250 3727 ergo
1288 3656 1430 3711 Deus
1472 3661 1768 3727 conjunxit,
1806 3663 1958 3716 homo
1985 3681 2088 3718 non
2118 3682 2197 3718 se-

628 3746 842 3811 paret’.
877 3745 1036 3798 Novit
1071 3747 1230 3815 cujus
1284 3760 1430 3803 esset
1459 3766 1660 3820 corpus
1701 3760 1754 3806 et
1796 3753 1954 3822 cujus
1988 3738 2196 3819 anima,

628 3834 940 3889 confitendo
987 3846 1265 3892 auctorem
1312 3841 1616 3911 utriusque,
1650 3852 1704 3897 et
1756 3844 1971 3898 Patrem
2022 3846 2198 3900 confi-

628 3928 829 3994 tendo;
861 3936 915 3981 et
949 3931 1142 3984 retinet
1174 3946 1237 3985 ac
1267 3932 1484 3987 cohibet
1516 3935 1783 3991 humanas
1818 3938 2196 4007 cogitationes,

628 4017 842 4081 volens,
884 4025 941 4071 ut
993 4034 1100 4073 non
1153 4022 1366 4090 possint
1405 4022 1644 4095 disjungi
1690 4042 1810 4095 quae
1852 4028 1997 4082 facta
2032 4039 2197 4098 sunt;

628 4125 739 4164 non
762 4112 1091 4175 concedens,
1118 4121 1177 4164 ut
1210 4113 1317 4165 ulla
1345 4114 1581 4168 humana
1613 4119 1882 4171 sententia
1912 4135 1976 4174 ac
2005 4122 2200 4176 volun-

616 4211 761 4269 tate,
808 4217 927 4271 quae
980 4203 1118 4256 bene
1177 4211 1362 4271 aptata
1412 4216 1561 4267 sunt.
1613 4223 1867 4275 separare
1914 4211 2198 4269 liceat.‘ln

626 4291 922 4362 Evangelio
969 4302 1150 4347 autem
1206 4295 1274 4348 iis
1326 4295 1418 4365 qui
1457 4296 1595 4351 falso
1640 4300 1962 4356 videbantur
2004 4305 2195 4360 eodem

625 4383 808 4439 studio
841 4392 895 4438 et
940 4400 1072 4438 cura
1106 4390 1303 4451 teneri,
1335 4390 1549 4443 occulta
1583 4399 1764 4446 tamen
1798 4402 1850 4448 et
1876 4411 1997 4465 quae
2046 4398 2195 4455 intus

624 4484 782 4530 erant
814 4476 867 4528 in
896 4475 1136 4540 homine,
1172 4480 1535 4549 negligcbant,
1568 4483 1741 4537 aiebat
1773 4503 1784 4537 :
1816 4484 2001 4552 Stulti,
2024 4504 2195 4543 nonne

621 4568 710 4636 qui
731 4564 850 4634 fecit
878 4569 1015 4635 quod
1039 4568 1173 4637 foris
1195 4581 1293 4631 est,
1318 4570 1454 4639 quod
1482 4574 1623 4626 intus
1644 4586 1743 4637 est,
1770 4576 1891 4644 fecit
1917 4580 1974 4632 '?
2007 4578 2062 4634 Si
2093 4596 2193 4635 au-

622 4663 755 4719 tem,
787 4657 932 4726 quod
967 4658 1115 4712 intus
1146 4668 1251 4723 est,
1277 4662 1465 4715 anima
1494 4675 1609 4731 est;
1645 4668 1786 4735 quod
1819 4677 1995 4724 autem
2032 4670 2190 4736 foris,

620 4762 857 4819 corpus;
891 4759 944 4805 ct
973 4752 1064 4822 qui
1103 4752 1229 4807 fecit
1257 4755 1402 4824 quod
1435 4757 1581 4813 intus
1615 4768 1724 4821 cst.
1759 4763 1996 4817 animam
2026 4764 2190 4832 fecit;

621 4847 676 4897 et
722 4841 815 4910 qui
851 4840 979 4895 fecit
1029 4844 1172 4915 quod
1212 4844 1353 4901 foris
1403 4854 1507 4912 est,
1570 4862 1770 4919 corpus
1818 4851 1984 4909 fecit:
2016 4856 2193 4925 igitur

621 4932 713 5002 qui
741 4939 826 4987 est
865 4934 1062 4988 anima:
1109 4944 1300 4990 auctor
1343 4944 1395 4991 et
1423 4937 1665 5004 effector,
1698 4944 1945 5013 corporis
1990 4955 2185 5002 auctor

618 5036 674 5083 et
701 5026 923 5083 eﬂector
953 5038 1037 5085 est
1067 5050 1078 5085 :
1109 5039 1162 5086 et
1194 5031 1335 5088 Deus
1372 5043 1477 5096 est,
1516 5037 1606 5105 qui
1641 5045 1934 5109 utrumque
1976 5041 2106 5096 fecit
2133 5053 2187 5099 et

620 5121 825 5190 aptavit
864 5129 917 5176 et
960 5123 1274 5194 conjunxit,
1318 5125 1411 5195 qui
1443 5125 1584 5181 hanc
1620 5128 1957 5186 harmoniam
1990 5134 2190 5189 decen-

617 5212 885 5268 tissimum
915 5219 1330 5287 coagmentavit.
1361 5219 1481 5288 Ipse
1511 5231 1693 5277 autem
1727 5222 1977 5279 Salvator
2012 5243 2183 5297 quam

620 5309 1021 5365 accurationcm
1048 5312 1262 5382 corpori
1302 5311 1355 5365 in
1391 5314 1733 5371 sermonibus
1761 5317 1878 5373 suis
1908 5318 2182 5389 adhibet,

751 5463 937 5520 Matth.
977 5483 1102 5531 xix,
1137 5468 1251 5523 4-6.
1332 5469 1353 5501 ³
1389 5469 1529 5525 Luc.
1572 5488 1658 5537 χι,
1693 5473 1785 5528 40.

2390 2748 2576 2817 Ὀλίγα
2608 2749 2663 2802 δὲ
2704 2752 2797 2804 καὶ
2842 2751 2948 2806 τῶν
2986 2752 3181 2822 λογίων
3226 2758 3611 2831 παραθὼμεθα,
3646 2762 3713 2814 ἵνα
3736 2764 3806 2816 καὶ

2304 2842 2336 2910 ἡ
2377 2839 2484 2893 τῶν
2532 2840 2727 2909 λογίων
2783 2844 3086 2916 παράθεσις
3146 2849 3418 2923 ἐντροπὴν
3475 2854 3566 2923 μὲν
3612 2853 3803 2917 ἐκείνοις,

2305 2932 2436 3001 ἡμῖν
2473 2932 2529 2985 δὲ
2564 2933 2795 2998 πίστεως
2845 2937 3126 3008 ἀκρίϐειαν
3174 2944 3400 3016 ποιήσῃ.
3452 2945 3506 2997 '0
3546 2944 3637 3016 γὰρ
3659 2942 3803 3015 Σωτὴρ

2305 3023 2361 3075 ὲν
2389 3022 2466 3094 τῷ
2518 3025 2834 3097 Εὐαγγελίῳ
2881 3029 2979 3097 τῆς
3024 3031 3274 3097 πλάσεως
3313 3038 3635 3107 μεμνημένος
3660 3036 3804 3107 incipi;

2304 3114 2395 3168 xui
2448 3118 2731 3183 γυναικὸς,
2793 3120 2886 3173 xui
2937 3121 3036 3191 τὴν
3073 3123 3271 3179 πλάσιν
3322 3128 3594 3200 ἀναφέρων
3633 3128 3805 3181 Eni-:61:

2302 3206 2494 3259 ἑαυτοῦ
2550 3208 2770 3279 Πατέρα
2826 3213 2919 3264 xui
2965 3215 3191 3286 ποιητὴν
3240 3219 3342 3273 τοῦ
3393 3222 3594 3285 παντὸς,
3633 3220 3802 3285 ἔλεγενο

2314 3299 2376 3352 '0
2425 3301 2639 3366 κτίσας
2670 3301 2771 3354 ἀπ’
2800 3302 3014 3372 ἀρχῆς,
3056 3305 3242 3373 ἄρσεν
3274 3312 3375 3366 καὶ
3409 3312 3557 3381 θῆλυ
3582 3313 3807 3378 ἐποίησεν

2301 3393 2523 3458 αὐτούς
2548 3410 2561 3423 '
2610 3395 2707 3446 καὶ
2755 3390 2956 3448 εἷπεν-⁸
2994 3398 3241 3454 Ἕνεκεν
3286 3407 3498 3459 τούτου
3525 3406 3807 3471 naming-st

2302 3482 2611 3552 ἅνθρωπος
2661 3487 2768 3539 τὸν
2817 3489 3041 3556 πατέρα
3089 3494 3277 3547 αὐτοῦ
3317 3497 3414 3550 καὶ
3466 3497 3570 3566 τὴν
3596 3494 3804 3566 μητέραο

2303 3577 2401 3629 καὶ
2459 3578 3058 3647 προσκολληθήσεται
3093 3583 3167 3651 τῇ
3222 3590 3462 3654 γυναικὶ
3512 3587 3696 3641 αὑτοῦ*
3733 3586 3803 3638 καὶ

2302 3671 2542 3725 ἔσονται
2560 3676 2612 3725 οἱ
2628 3672 2735 3726 δύο
2756 3676 2843 3740 είς
2869 3674 3066 3743 σάρκα
3083 3678 3248 3746 μίαν.
3279 3683 3341 3733 "0
3369 3678 3481 3737 οὖν
3506 3686 3536 3735 ὁ
3560 3681 3804 3745 θεόςσυν-

2302 3761 2558 3827 ἐζευξεν,
2592 3762 2906 3832 ἅνθρωπος
2931 3765 3015 3834 μὴ
3040 3768 3345 3835 χωριζέτω.
3382 3774 3485 3826 Καὶ
3514 3773 3594 3825 τὸν
3619 3772 3718 3842 ὅρον
3738 3767 3805 3818 τοῦ

2306 3854 2556 3925 σώματος
2589 3856 2682 3909 xui
2731 3856 2831 3927 τῆς
2860 3857 3037 3928 ψυχῆς
3069 3861 3249 3937 ἀἴτιον
3282 3864 3571 3934 ὁμολογῶν,
3607 3858 3714 3923 οἶδε,
3739 3858 3805 3911 καὶ

2304 3948 2521 4018 Πατέρα
2551 3948 2832 4018 ὀμολογεῖ’
2868 3951 2963 4002 xui
3009 3951 3193 4022 ἐπέχει
3228 3954 3328 4019 τὰς
3377 3956 3688 4027 ἀνθρωπίνας
3720 3954 3805 4003 ὲπι-

2302 4035 2468 4100 νοίας,
2502 4036 2778 4109 ἀχώριστα
2831 4033 2969 4093 εἶναι
3021 4042 3089 4095 τά
3144 4047 3486 4116 πεποιημένα
3529 4044 3803 4116 βουλόμενος-

2302 4129 2395 4183 καὶ
2444 4129 2519 4199 μὴ
2574 4129 2885 4203 ἀνθρωπίνῃ
2929 4131 3119 4205 γνώμῃ
3168 4137 3422 4209 χωρίζειν
3462 4139 3527 4192 τὰ
3559 4136 3709 4197 καλῶς
3729 4134 3804 4202 ἡρο

2305 4222 2549 4294 μοσμένα
2581 4222 2909 4293 ἐπιτρέπων.
2958 4227 3046 4278 Ἐν
3093 4228 3146 4280 δὲ
3178 4229 3255 4299 τῷ
3287 4230 3589 4301 Εὐαγγελίῳ
3626 4229 3717 4289 τοῖς
3740 4224 3803 4276 δο-

2304 4315 2461 4385 κήσει
2509 4315 2607 4385 τῆς
2644 4315 2812 4386 αὐτῆς
2863 4319 3176 4390 ἐπιμελείας
3219 4324 3523 4394 ἐχομένοις,
3566 4316 3806 4393 ἡμεληκόπ

2230 4429 2273 4482 D
2302 4406 2358 4459 δὲ
2393 4406 2500 4459 τῶν
2534 4408 2792 4478 κρυπτῶν
2838 4411 2931 4463 καὶ
2970 4412 3071 4482 τῆς
3109 4414 3254 4467 ἔνδον
3291 4416 3612 4488 ἐπιμελείας,
3654 4409 3802 4481 φησίν

2307 4499 2617 4567 Ἀρρονες,
2663 4500 2774 4568 οὐχ
2806 4505 2837 4554 ό
2880 4504 3138 4573 ποιήσας
3170 4507 3236 4560 τὸ
3280 4509 3498 4574 ἔξωθεν
3535 4508 3621 4561 καὶ
3650 4504 3702 4558 τὸ
3734 4503 3806 4555 ἑν-

2301 4588 2478 4642 ὃοθεν
2517 4590 2841 4658 ἐποίησεγ;
2884 4595 2947 4648 Εἰ
3002 4596 3059 4649 δὲ
3115 4597 3174 4651 τὸ
3235 4602 3333 4670 μὲν
3392 4600 3580 4655 ἕσωθέν
3622 4600 3742 4652 ἐστιν
3781 4593 3805 4660 Il

2300 4679 2466 4751 ψυχὴ,
2496 4680 2554 4734 τὸ
2582 4682 2639 4734 δὲ
2669 4681 2864 4746 ἔξωθεν
2907 4686 2966 4741 τὸ
2994 4686 3171 4756 σῶμα,
3203 4691 3297 4744 καὶ
3342 4695 3369 4745 6
3401 4692 3616 4761 ποιήσας
3650 4686 3700 4739 τὸ
3726 4684 3806 4736 Em

2299 4770 2396 4842 τὴν
2425 4772 2601 4843 ψυχὴν
2630 4775 2913 4840 πεποίηκε,
2940 4780 3032 4831 xui
3067 4780 3095 4830 6
3123 4782 3354 4852 ποιήσας
3384 4783 3441 4835 τὸ
3484 4782 3579 4846 ἔξω
3607 4778 3660 4831 τὸ
3685 4773 3806 4843 σῶμα

2300 4864 2626 4935 πεποίηκεν·
2671 4869 2699 4921 ὁ
2743 4868 2921 4939 ψυχῆς
2967 4873 3192 4943 ποιητὴς
3246 4877 3340 4928 καὶ
3393 4874 3623 4945 σώματος
3648 4870 3705 4923 ἂν
3740 4863 3803 4933 εἴη

2291 4958 2519 5028 ποιητής
2540 4976 2553 4988 ·
2590 4959 2685 5013 xui
2713 4960 2844 5024 Θεός
2877 4963 3023 5016 ἐστιν
3058 4966 3085 5017 ὁ
3113 4964 3397 5036 ἀμφότερα
3435 4965 3589 5019 ποιῶν
3627 4961 3705 5015 xui
3727 4960 3802 5027 ἁρ-

2295 5049 2473 5115 μόζων
2522 5052 2616 5103 xui
2666 5052 2971 5119 συνάπτων,
3000 5058 3028 5108 6
3077 5056 3174 5127 τὴν
3208 5058 3467 5130 ἁρμονίαν
3510 5057 3688 5124 ταύτην
3727 5051 3801 5117 τὴν

2292 5142 2790 5216 ίεροπρεπεστάτην
2827 5149 3189 5220 ἡρμοσμένος.
3223 5154 3394 5217 Αὐτὸς
3438 5153 3489 5207 δὲ
3519 5155 3545 5204 ὀ
3573 5144 3732 5214 Σωτὴρ
3758 5141 3802 5191 ἐν

2287 5236 2406 5297 ταῖς
2434 5235 2627 5289 ἑαυτοῦ
2674 5237 2970 5306 διαλέξεσιν
3013 5244 3129 5298 οἵαν
3164 5246 3475 5317 ἐπιμέλειαν
3505 5244 3705 5296 ποιεῖται
3726 5230 3797 5285 τοῦ

2290 5324 2540 5397 σώματος
2560 5369 2575 5393 ,
2610 5331 2736 5384 ὅταν
2768 5331 2902 5405 λέγῃ
2924 5351 2935 5364 ·
2966 5336 3142 5390 Εἰσὶν
3173 5339 3466 5408 εὐνοῦχοι,
3498 5335 3688 5397 οἵτινες
3723 5325 3796 5380 δύ’

686 5644 797 5718 (65)
838 5649 943 5704 Καὶ
989 5652 1143 5716 ἐξ....
1179 5653 1535 5721 κρείττονος.
1579 5653 1705 5712 Haec
1756 5656 1940 5712 omisit
1988 5656 2286 5728 interpres.
