4116 6332
351 317 491 373 1353

1397 314 1767 373 ADVERSUS
1796 315 2226 375 MANICHASOS
2263 316 2392 374 LIB.
2434 317 2518 374 Ill.

3431 319 3568 375 ιεει

344 433 642 503 νούχισαν
668 431 920 498 ἑαυτοὺς
959 429 1053 485 διὰ
1083 430 1197 498 τὴν
1216 432 1543 497 βασιλείαν
1576 432 1694 486 τῶν
1738 436 1884 501 οὐρα

2012 449 2138 488 cum
2168 434 2244 488 ait
2275 454 2287 488 :
2315 432 2449 489 Sunt
2474 433 2715 497 eunuchi,
2751 435 2842 503 qui
2879 451 2932 489 se
2969 444 3328 490 castraverunt
3360 448 3572 507 propter

342 524 486 579 νῶν.
532 524 594 576 '0
626 521 958 592 δυνάμενος
987 523 1196 591 χωρεῖν
1227 524 1520 593 χωρείτωί
1546 523 1761 595 Ταύτην
1796 525 1904 595 γὰρ

342 615 658 686 ἐπιμέλειαν
688 613 766 683 τῷ
808 612 1019 684 σώματι
1061 613 1431 680 ἀποδεδωκὼς,
1466 614 1560 667 καὶ
1592 614 1744 683 ἅγιον
1773 615 1904 668 αὐτὸ

342 706 437 760 καὶ
470 704 699 767 ἀπαθὲς,
732 705 825 759 καὶ
854 704 1104 775 ἀνήδονον
1134 706 1583 775 παρασκευάζων,
1609 706 1702 759 καὶ
1724 708 1902 759 πᾶσαν

339 796 633 867 ἐπιθυμίαν
662 796 977 867 ὑποτέμνων
1014 797 1107 851 καὶ
1138 797 1440 869 ὑποκείρων
1480 797 1558 868 τῷ
1591 796 1752 867 λόγῳ,
1803 798 1901 869 τὴν

340 888 477 959 πρὸς
525 886 586 940 τὸ
632 886 788 956 σῶμα
836 886 1149 957 ἐπιμέλειαν
1193 886 1451 952 δείκνυσι,
1486 889 1580 942 καὶ
1625 889 1724 960 τὴν
1765 887 1902 959 πρὸς

337 978 437 1051 τὴν
488 979 664 1050 σάρκα
705 978 1028 1050 κηδεμονίαν
1058 981 1348 1051 σημαίνει·
1382 979 1675 1050 κηδόμενος
1718 979 1774 1032 δὲ
1810 980 1902 1032 καὶ

339 1068 640 1144 φροντίζων
673 1071 770 1142 τὴν
796 1070 1029 1141 ἰδιότητα
1060 1073 1124 1124 ἐκ
1151 1072 1247 1142 τῆς
1274 1071 1597 1143 κηδεμονίας
1620 1071 1898 1143 κηρύττει,

340 1163 502 1234 μέχρι
546 1160 642 1215 τοῦ
692 1162 1003 1232 βλέμματος
1035 1162 1281 1231 φθάνων·
1316 1163 1400 1216 ἵνα
1433 1161 1508 1233 μὴ
1549 1161 1609 1215 τὸ
1661 1161 1895 1232 βλέμμα,

336 1253 413 1317 ὡς
448 1253 604 1325 ἔτυχε
650 1254 984 1324 κινούμενον,
1016 1256 1285 1325 ῥυπαρίας
1321 1254 1412 1307 καὶ
1448 1253 1661 1324 κηλίδος
1688 1255 1894 1323 ἐμπιμ-

336 1353 559 1424 πλῆται,
594 1347 728 1401 ἀλλὰ
760 1346 857 1418 τὴν
892 1345 1104 1400 εὔτονον
1153 1346 1272 1415 ἔχον
1302 1345 1513 1412 κίνησιν
1554 1344 1898 1416 ἡρμοσμένον

334 1441 548 1512 διατελῇ
568 1457 581 1470 ·
627 1439 775 1507 λέγει
802 1438 910 1509 γάρ
943 1439 999 1491 ἐν
1026 1436 1103 1507 τῷ
1140 1435 1457 1505 Εὑαγγελίῳ
1476 1452 1489 1464 ·
1528 1433 1654 1498 Πᾶς
1693 1436 1725 1486 ὀ
1750 1431 1897 1497 ,βλέ-

335 1549 464 1587 πων
512 1529 765 1600 γυναῖκα
814 1528 962 1596 πρὸς
1015 1528 1081 1582 τὸ
1131 1525 1490 1594 ἐπιθυμῆσαι
1545 1524 1733 1593 αὐτῆς
1778 1524 1893 1593 ἤδη

333 1623 689 1693 ἐμοίχευσεν
719 1620 913 1689 αὐτὴν
942 1620 1011 1672 ἐν
1055 1617 1129 1687 τῇ
1181 1618 1392 1687 καρδίῃ
1422 1615 1629 1670 αὑτοῦ.
1682 1615 1791 1667 Kal.
1832 1613 1895 1667 τὸ

335 1716 393 1768 ὲν
421 1713 498 1785 τῷ
531 1712 739 1782 σώματι
773 1712 939 1775 πάθος
978 1713 1043 1781 τῇ
1088 1709 1283 1781 καρδίᾳ
1313 1706 1633 1780 συμμετρεῇ
1674 1705 1767 1759 καὶ
1798 1703 1891 1758 τοῦ

2011 540 2222 593 regnum
2250 525 2516 578 caelorum.
2552 524 2656 591 Qui
2686 527 2875 593 poterit
2898 542 3102 595 capere,
3128 528 3372 596 capiat"!
3400 529 3569 584 Adhi-

2009 614 2143 669 bens
2163 616 2306 669 enim
2340 615 2482 669 hanc
2505 615 2845 686 diligentiam
2881 625 2935 671 et
2963 617 3204 672 studium
3247 620 3482 689 corpori,
3515 627 3568 675 et

2008 703 2245 759 eﬁieiens
2274 704 2452 775 ipsum
2489 715 2735 760 sanctum
2765 715 2819 761 et
2848 708 3350 775 perturbationibus
3381 694 3566 765 δίνο-

2008 796 2308 866 luptatibus
2342 812 2601 861 vacuum,
2652 805 2707 853 et
2747 814 2963 853 omnem
3004 801 3357 870 cupiditatem
3400 803 3567 859 verbo

2007 893 2299 956 amputans
2345 898 2400 943 et
2443 887 2776 954 detondcns;
2825 892 3268 959 procurationem
3317 897 3565 964 corporis

2006 974 2369 1040 demonstrat,
2417 988 2472 1032 et
2499 994 2688 1032 curam
2727 981 2913 1036 carnis
2940 984 3224 1051 providam
3267 986 3562 1057 signiﬁcat.

2008 1065 2384 1125 Sollicitudine
2414 1080 2593 1126 autem
2646 1079 2700 1126 et
2729 1075 3075 1131 accuratione
3090 1093 3243 1132 suam
3270 1094 3392 1133 esse
3423 1096 3560 1149 pra:-

2006 1157 2174 1223 dicat,
2206 1162 2562 1231 progrediens
2589 1179 2761 1234 usque
2789 1164 2854 1219 ad
2884 1180 3071 1221 curam
3099 1177 3387 1239 aspectus;
3416 1188 3483 1227 ne
3515 1172 3561 1228 si

2005 1262 2260 1321 aspectus
2284 1254 2508 1309 fortuito
2534 1271 2598 1310 ac.
2627 1264 2830 1313 temere
2862 1269 3165 1325 moveatur,
3192 1264 3337 1317 omni
3368 1264 3488 1321 labe
3508 1275 3562 1321 et

2002 1346 2218 1400 macula
2257 1347 2580 1416 impleatur;
2617 1350 2863 1419 quiuimo
2906 1352 2951 1406 si
2992 1362 3309 1410 constanter
3343 1365 3399 1411 et
3443 1374 3562 1427 gra-

2001 1436 2141 1491 viter
2169 1437 2365 1502 cietur,
2396 1439 2451 1492 in
2488 1447 2612 1509 apta
2639 1442 2904 1496 modestia
2936 1454 3244 1513 perseveret
3270 1464 3284 1500 :
3308 1447 3383 1500 ait
3413 1450 3557 1503 enim

2002 1524 2058 1579 in
2084 1524 2377 1597 Evangelia
2403 1547 2415 1582 :
2450 1527 2635 1583 Omnis
2658 1532 2748 1592 qui
2770 1532 2955 1586 viderit
2981 1537 3247 1590 mulierem
3276 1539 3344 1591 ad
3366 1555 3559 1593 concu-

1998 1618 2299 1687 piscendum
2346 1637 2485 1683 eam,
2522 1622 2642 1690 jam
2692 1625 2974 1679 mmo/tatus
3017 1637 3093 1680 est
3138 1644 3254 1681 eam
3302 1632 3357 1684 in
3404 1631 3559 1687 corde

1997 1725 2094 1764 suo
2118 1712 2159 1764 ⁵.
2193 1710 2622 1769 Commotionem
2663 1716 2718 1770 in
2754 1731 2982 1789 corpore
3032 1733 3156 1775 cum
3204 1723 3370 1777 corde
3407 1730 3557 1779 com-

336 1803 643 1877 βλέμματος
694 1802 1153 1873 ἐπιμελούμενος,
1207 1800 1390 1870 κοινὴν
1435 1798 1532 1869 τὴν
1581 1796 1885 1866 ἐπιμέλειαν

1994 1801 2237 1866 metitur,
2283 1810 2337 1858 et
2382 1814 2661 1875 aspectum
2697 1822 2922 1873 curans,
2980 1825 3320 1868 communem
3364 1829 3553 1870 curam

329 1897 431 1967 τῆς
462 1896 686 1967 καρδίας
715 1897 975 1948 ποιεῖται·
1012 1893 1180 1956 πάθος
1208 1891 1536 1963 βλέμματος,
1572 1889 1740 1952 πάθος
1765 1906 1885 1960 καρ-

1994 1892 2215 1948 adhibet
2251 1895 2441 1961 cordi;
2483 1899 2904 1954 commotionem
2933 1911 3206 1972 aspectus,
3237 1908 3557 1961 commotio

330 1987 447 2051 δίας
476 1987 926 2058 είσηγησάμενος,
968 1986 1061 2038 καὶ
1110 1983 1426 2055 ἐπιμέλειαν
1471 1980 1731 2051 ὀμμάτων
1776 1982 1885 2033 ὲπι-

1994 1999 2118 2038 nem
2174 1984 2359 2040 cordis
2390 1994 2649 2057 reputans
2679 2004 2822 2055 esse,
2870 2000 2923 2045 et
2962 1995 3358 2049 accurationem
3400 2010 3557 2066 aspe-

334 2078 553 2148 μέλειαν
595 2077 687 2130 τοῦ
714 2076 1050 2146 διανοητικοῦ
1101 2075 1345 2145 θέμενος.
1380 2072 1511 2126 Οὐδὲ
1557 2071 1666 2143 γὰρ
1697 2073 1885 2144 ἑτέρως

1991 2083 2136 2142 ctus,
2171 2078 2578 2133 accurationem
2614 2082 2837 2137 mentis.
2888 2083 2997 2138 Nec
3025 2086 3170 2139 enim
3212 2087 3371 2142 aliter
3398 2103 3556 2145 noce-

333 2169 523 2239 βλάψει
557 2169 616 2222 τὸ
640 2169 814 2240 ὄμμα,
844 2169 876 2241 ἢ
901 2169 975 2232 ὠς
1008 2167 1199 2239 βλάψει
1236 2169 1263 2220 ὁ
1296 2166 1419 2229 νοῦς
1442 2182 1455 2195 α
1490 2165 1609 2218 οὐδὲ
1637 2164 1744 2234 γὰρ
1785 2160 1885 2215 οἶόν

1991 2166 2070 2220 bit
2093 2169 2308 2230 oculus,
2334 2184 2494 2236 quam
2528 2180 2587 2227 ut
2616 2175 2833 2229 nocebit
2870 2192 3057 2243 mens;
3083 2180 3209 2248 quia
3238 2195 3345 2234 non
3378 2191 3553 2251 poteSt

327 2261 389 2314 τέ
414 2262 529 2314 ἐστι
582 2262 645 2316 τὸ
691 2262 845 2333 ὄμμα
889 2259 1325 2332 διαστρέφεσθαι,
1369 2259 1466 2329 τὴν
1507 2257 1564 2311 δὲ
1603 2256 1779 2325 ψυχὴν
1815 2254 1885 2325 μὴ

1995 2257 2187 2312 oculus
2215 2257 2526 2328 depravari,
2563 2277 2671 2317 non
2715 2263 3009 2334 depravata
3060 2270 3238 2322 anima
3268 2288 3281 2323 :
3314 2271 3363 2326 si
3404 2273 3548 2327 enim

327 2353 775 2426 διαστρέφεσθαι·
803 2351 1059 2414 ἐπιεικῶς
1082 2352 1189 2423 γάρ
1211 2351 1388 2421 ψυχῆς
1418 2350 1512 2403 καὶ
1542 2347 1725 2412 ἁπλῶς
1751 2345 1885 2417 ὁρώ-

1995 2348 2177 2401 anima
2202 2358 2286 2403 est
2318 2350 2375 2404 in
2405 2353 2659 2421 mquitate
2690 2362 2744 2409 et
2786 2364 2935 2413 recte
2962 2359 3128 2426 videt,
3163 2370 3287 2431 apte
3328 2371 3383 2419 ct
3413 2380 3546 2420 con-

331 2464 450 2516 σης,
481 2445 798 2516 ἐπιτηδείως
828 2444 1018 2514 ὄψεται
1046 2442 1116 2497 τὰ
1139 2444 1377 2514 ὄμματα.

1993 2439 2273 2495 venienter
2298 2444 2441 2498 oculi
2470 2455 2716 2502 cernent.

1233 2582 1360 2636 CAP.
1403 2579 1539 2633 XIX.
1578 2578 1818 2633 Christus
1849 2589 2036 2643 corpus
2059 2576 2301 2632 habuisse
2334 2583 2644 2638 ostenditur.

409 2700 672 2755 Ἐνταῦθα
716 2698 846 2765 γοῦν
879 2701 977 2771 τὴν
1014 2700 1209 2754 ἄτοπον
1240 2698 1424 2769 βλέψιν
1457 2694 1882 2768 παραϐλεψάμε-

314 2811 436 2858 υνυς,
482 2793 581 2865 τὴν
610 2793 772 2861 ἁγίαν
805 2793 1159 2860 παρεισάγει’
1203 2792 1289 2844 ἵνα
1334 2794 1382 2845 οἱ
1435 2790 1703 2860 ὀφθαλμοὶ
1752 2787 1886 2858 ὀρθὰ

320 2886 585 2957 βλέπωσι,
635 2887 729 2940 καὶ
773 2886 843 2938 τὰ
882 2886 1120 2957 βλέφαρα
1168 2885 1367 2937 νευέτω
1399 2885 1615 2937 δίκαιαο
1669 2881 1885 2952 ἐπαίρει

324 2979 433 3050 γὰρ
475 2978 544 3030 τὰ
574 2978 813 3049 ὄμματα,
844 2978 993 3030 κάτω
1033 2977 1169 3030 αὐτὰ
1214 2976 1525 3045 κεκάμφθαι
1557 2976 1631 3046 μὴ
1663 2974 1884 3044 ἐπιτρέ-

323 3089 463 3138 πων,
489 3069 623 3124 ἁλλὰ
648 3069 929 3124 διανιστιῖω
958 3068 1097 3121 αὐτὰ
1129 3070 1224 3122 καὶ
1265 3068 1564 3138 διεγείρων,
1597 3069 1688 3120 καὶ
1715 3068 1883 3136 ὲπῃρ-
1912 3100 1953 3155 C

326 3162 463 3233 μένα
504 3161 642 3215 αὐτὰ
688 3161 1140 3232 παρασκευάζων.
1182 3160 1290 3221 Διὸ,
1341 3158 1538 3229 πολλὴν
1568 3156 1882 3229 ἐπιμέλειαν

320 3251 430 3306 τῶν
466 3252 730 3324 σωμάτων
775 3251 1112 3321 ποιούμενος,
1145 3251 1240 3303 καὶ
1272 3250 1429 3322 σῶμα
1460 3248 1758 3319 πεφόρηκε,
1791 3246 1885 3299 καὶ

322 3346 404 3408 εἰς
442 3343 598 3415 σῶμα
633 3339 811 3414 ἦλθεν.
862 3344 925 3396 Ei
969 3342 1068 3412 μὲν
1114 3339 1205 3395 οὖν
1237 3342 1335 3394 οὐκ
1366 3338 1526 3411 ἦλθεν
1568 3341 1625 3393 ὲν
1652 3339 1884 3409 σώματι,

322 3433 374 3489 τε
414 3436 643 3507 φήσουσι
676 3436 801 3507 περὶ
848 3434 942 3487 τοῦ
992 3433 1244 3505 σταυροῦ,
1288 3434 1381 3487 καὶ
1427 3431 1519 3485 τοῦ
1565 3431 1736 3485 τύπου
1778 3429 1885 3483 τῶν

316 3524 487 3597 ἥλων,
518 3526 611 3580 καὶ
642 3524 736 3578 τοῦ
774 3523 942 3578 τύπου
975 3525 1072 3595 τῆς
1104 3524 1320 3595 λόγχης,
1352 3525 1445 3577 καὶ
1476 3523 1569 3577 τοῦ
1597 3522 1881 3594 μνημείου,

321 3620 417 3672 καὶ
451 3617 550 3688 τῆς
581 3617 757 3688 ταφῆς
782 3634 796 3683 ;
826 3618 888 3669 Εἰ
912 3617 969 3670 δὲ
1002 3620 1067 3671 ὲκ
1089 3617 1291 3669 τούτων
1320 3617 1661 3686 ἐλεγχόμενοι
1698 3614 1886 3685 ὁμολο-

320 3706 476 3777 γοῦσι
520 3709 678 3779 σῶμα
720 3709 808 3761 τὸν
854 3708 1081 3781 Σωτῆρα
1115 3708 1411 3779 εἰληφέναι,
1455 3708 1507 3759 τί
1553 3706 1785 3777 ἐροῦσιν,
1835 3705 1882 3757 εί

320 3802 452 3871 μήτι
481 3802 574 3855 καὶ
600 3801 760 3855 αὐτὸν
782 3801 886 3854 ὑπὸ
905 3800 999 3853 τοῦ
1027 3798 1262 3871 πονηροῦ
1288 3797 1595 3853 πεπλάσθαι
1626 3798 1879 3867 φήσουσι,

316 3893 413 3947 καὶ
449 3892 642 3963 μηκέτι
673 3892 831 3962 μόνον
865 3891 924 3945 τὸ
952 3890 1285 3962 ἀνθρώπινον
1316 3888 1473 3959 σῶμα
1506 3884 1751 3942 εἷναιτοῦ
1786 3906 1882 3942 πο-

302 3983 508 4056 .νηροῦ,
557 3983 692 4036 ἀλλά
739 3983 834 4037 καὶ
876 3983 937 4035 τὸ
972 3981 1129 4053 σῶμα
1165 3980 1259 4034 τοῦ
1312 3980 1636 4050 εὐεργέτου;
1667 3980 1729 4032 οὐ
1761 3980 1878 4049 φεί-

320 4091 504 4129 σονται
543 4075 633 4128 καὶ
682 4075 840 4147 μέχρι
880 4075 973 4127 καὶ
1014 4073 1216 4146 ταύτης
1253 4073 1353 4142 τῆς
1387 4072 1624 4135 ἐπινοίας
1654 4072 1875 4141 φθάσαι,

316 4167 413 4222 καὶ
435 4166 534 4237 τὴν
567 4165 810 4234 γλῶτταν
840 4167 1073 4219 ἐκτεῖναι
1097 4166 1236 4218 κατὰ
1263 4163 1356 4216 τοῦ
1379 4165 1648 4234 Σωτῆρος,
1688 4164 1744 4216 ὐ
1770 4163 1879 4237 γάρ

318 4260 556 4332 μελετῶν
582 4257 722 4312 κατὰ
760 4257 866 4310 τῶν
898 4257 1089 4328 ἐκείνῳ
1122 4257 1480 4328 διαφερόντων
1518 4256 1875 4325 διαλέγεσθαι,

314 4350 488 4421 οὗτος,
519 4353 787 4422 ἀκονήσας
828 4351 925 4423 τὴν
957 4350 1220 4419 γλῶτταν,
1252 4351 1371 4402 κατ’
1404 4348 1568 4403 αὐτοῦ
1596 4350 1876 4421 διαλεχθή-

2064 2690 2163 2747 Hic
2195 2695 2361 2764 igitur
2385 2699 2681 2767 repudians
2706 2706 2914 2770 turpem
2942 2712 3223 2771 aspectum
3247 2706 3547 2774 oculorum,

1992 2792 2242 2837 sanctum
2274 2796 2551 2855 aSpectum
2586 2789 2836 2844 inducit:
2869 2802 2923 2845 ut
2961 2794 3126 2859 oculi,
3165 2796 3359 2866 inquit,
3400 2807 3550 2854 recta

1990 2875 2207 2929 videant
2239 2885 2292 2931 et
2328 2880 2600 2947 palpebrae
2622 2880 2770 2949 justa
2814 2883 3130 2938 intueantur
3159 2904 3172 2940 :
3203 2889 3359 2957 erigit
3405 2888 3549 2943 enim

1989 2973 2043 3020 et
2072 2967 2285 3021 extollit
2310 2970 2519 3033 oculos,
2547 2985 2655 3024 non
2686 2973 3007 3041 permittens
3055 2975 3216 3030 simul
3241 2987 3297 3030 ut
3329 2976 3550 3032 ﬂectan-

1990 3064 2100 3121 tur,
2132 3058 2226 3112 sed
2257 3059 2437 3128 potius
2473 3066 2694 3128 excitat,
2726 3071 2779 3116 et
2812 3071 2869 3116 ut
2903 3066 3071 3119 erecti
3107 3067 3236 3131 sint,
3271 3067 3421 3121 facit.
3463 3068 3549 3123 ldv

1986 3150 2136 3203 circo
2190 3149 2442 3205 Salvator
2488 3169 2683 3223 gerens
2738 3170 2991 3225 magnam
3037 3159 3432 3227 providentiam
3491 3168 3547 3214 et

1985 3241 2423 3310 procurationem
2472 3259 2786 3315 corporum,
2838 3262 3039 3317 corpus
3094 3249 3326 3318 gestavit
3380 3260 3433 3305 et
3488 3252 3545 3307 in

1984 3346 2184 3402 corpus
2216 3334 2381 3387 venit.
2415 3333 2471 3389 Si
2503 3335 2670 3406 igitur
2701 3353 2808 3391 non
2843 3339 2991 3393 venit
3024 3338 3079 3392 in
3121 3355 3372 3409 corpore,
3407 3343 3540 3412 quid

1984 3426 2183 3481 dicturi
2211 3439 2337 3482 sunt
2363 3429 2430 3483 de
2459 3445 2622 3486 cruce
2653 3440 2707 3486 et
2734 3433 2905 3486 ﬁxura
2935 3432 3211 3486 clavorum
3235 3443 3289 3489 et
3321 3436 3543 3501 lanceas,

1983 3531 2038 3575 et
2065 3529 2420 3576 monumento
2448 3538 2510 3576 ac
2536 3525 2861 3593 sepultura?
2899 3524 2993 3580 Sin
3025 3534 3204 3580 autem
3245 3527 3329 3580 his
3359 3529 3546 3582 convi-

1982 3612 2052 3665 cti
2088 3626 2289 3682 corpus
2336 3615 2637 3682 sumpsisse
2668 3613 3005 3670 Salvatorem
3039 3616 3385 3683 conﬁtentur,
3415 3619 3545 3688 quid

1982 3705 2182 3769 dicent,
2207 3705 2254 3760 si
2281 3721 2389 3759 non
2420 3715 2549 3760 sunt
2573 3707 2794 3770 dicturi,
2829 3708 3002 3776 ipsum
3031 3724 3245 3778 quoque
3268 3724 3296 3762 a
3329 3710 3546 3766 diabolo

1983 3796 2273 3850 formatum
2299 3810 2449 3864 esse;
2476 3805 2529 3852 et
2559 3814 2665 3852 non
2690 3798 2801 3866 jam
2829 3800 3003 3853 solum
3029 3816 3227 3869 corpus
3252 3801 3544 3857 humanum

1980 3904 2103 3943 esse
2130 3889 2355 3954 diaboli,
2403 3889 2499 3944 sed
2545 3891 2708 3945 etiam
2744 3906 2944 3961 corpus
2979 3892 3281 3947 Salvatoris
3316 3895 3546 3949 beneﬁci

1979 3981 2195 4035 nostri?
2221 3997 2330 4035 non
2359 3982 2503 4036 enim
2531 3991 2757 4052 parcent
2790 3999 2889 4037 nec
2913 3985 3262 4039 abstine-bunt
3298 4001 3376 4048 se,
3412 3987 3545 4055 quin

1979 4087 2153 4142 usque
2184 4073 2239 4127 in
2270 4073 2409 4128 hanc
2438 4073 2819 4144 cogitationem
2854 4076 3105 4138 evadant,
3131 4085 3184 4131 et
3217 4077 3454 4144 linguam
3490 4078 3543 4131 in

1982 4162 2318 4218 Salvatorem
2348 4166 2697 4234 protendant.
2733 4166 2835 4233 Qui
2864 4169 3008 4221 enim
3033 4176 3222 4221 contra
3246 4182 3307 4222 ea
3332 4184 3452 4238 qua:
3477 4169 3544 4222 ad

1979 4254 2130 4308 illum
2162 4259 2458 4326 pertinent,
2490 4256 2754 4327 disputat,
2783 4259 2871 4313 hic
2898 4259 3136 4329 linguam
3167 4275 3369 4314 acuens
3415 4275 3545 4314 con-

1980 4356 2062 4402 tra
2106 4349 2283 4420 ipsum
2339 4351 2660 4421 disputabit.
2729 4350 2978 4405 Salvator
3044 4360 3222 4406 autem
3272 4352 3543 4421 baptismo

316 4462 490 4499 σεται.
547 4443 608 4499 '0
656 4443 713 4496 δὲ
758 4443 945 4515 Σωτήρ
993 4444 1086 4495 καὶ
1132 4442 1465 4513 βαπτίσματι
1509 4442 1774 4495 διελούετο
1819 4444 1877 4495 ὲν

1987 4442 2142 4501 etiam
2186 4442 2239 4495 in
2272 4440 2509 4497 Iordane
2546 4444 2890 4505 abluebatur,
2922 4450 2975 4497 et
3006 4444 3163 4512 aquis
3209 4445 3544 4514 aspergeba~

311 4537 391 4609 τῷ
436 4538 702 4609 Ἰορδάνῃο
735 4535 890 4590 ὕδασι
920 4536 1357 4607 περιερραίνετο’
1393 4536 1477 4599 τίς
1505 4535 1579 4588 ὢν
1613 4535 1707 4588 καὶ
1740 4552 1878 4604 τυγ-

307 4631 528 4703 χάνωνς
581 4633 630 4684 εί
689 4631 786 4701 μὲν
837 4629 945 4700 γὰρ
990 4629 1050 4682 οὐ
1105 4628 1262 4698 σῶμα
1307 4628 1510 4700 φέρων,
1562 4626 1685 4681 οὔτε
1719 4628 1876 4698 σῶμα

308 4726 471 4797 ἔχων,
505 4725 556 4778 τί
585 4726 759 4779 κοινὸν
787 4725 1060 4795 πνεύμασι
1089 4726 1183 4777 καὶ
1231 4727 1533 4793 ποταμοίς;
1585 4724 1679 4785 Τίς
1713 4723 1873 4791 ἀγγέ-

309 4816 438 4882 λων,
478 4815 605 4869 ποία
636 4815 881 4886 δύναμις,
913 4817 1038 4869 ποία
1064 4816 1340 4886 κυριότης,
1371 4814 1496 4867 ποία
1536 4814 1697 4884 ἀρχὴ,
1749 4814 1875 4866 ποία

309 4906 527 4972 ἐξουσία
574 4907 946 4977 καταϐέϐηκεν
986 4907 1067 4968 εἰς
1114 4906 1355 4975 λουτρὸν,
1388 4907 1482 4957 καὶ
1516 4908 1707 4976 πεῖραν
1736 4904 1872 4987 ’ὑδά-

302 5017 417 5054 των
456 4999 646 5070 ἔσχενς
695 5001 756 5052 Ei
802 5000 857 5054 δὲ
905 5000 1133 5071 δύναμις
1181 5001 1278 5071 μὲν
1321 4999 1437 5053 οὐδὲ
1488 4998 1720 5063 ἐξουσία,
1751 4996 1874 5051 οὔτε

302 5091 495 5162 θρόνος
525 5092 697 5154 οὐδεὶς
728 5093 807 5154 εὶς
854 5092 1019 5145 ὕδατα
1064 5092 1351 5162 κατῆλθεν,
1382 5093 1647 5163 ἀζήτητον
1678 5091 1869 5160 γέγονε

303 5181 367 5235 τὸ
411 5185 642 5254 πρᾶγμα
686 5184 780 5237 καὶ
823 5168 1037 5253 σαφέςέ
1058 5185 1151 5237 καὶ
1176 5185 1337 5255 δῆλον
1364 5186 1555 5253 γέγονε
1585 5183 1645 5236 τὸ
1679 5182 1872 5253 ζητού-

308 5290 487 5345 μενον.
558 5274 715 5328 Ἀλλά
766 5274 918 5346 ἀνῄει
967 5275 1072 5329 ἀπὸ
1116 5277 1222 5329 τῶν
1266 5275 1504 5329 ὑδάτων·
1554 5275 1872 5347 ἐπειράζετο

303 5365 410 5419 ὑπὸ
453 5365 542 5419 τοῦ
578 5367 855 5421 διαϐόλουο
898 5369 1105 5434 ὲπείνα,
1155 5369 1338 5439 eatea,
1372 5368 1543 5434 ἔπλει,
1592 5369 1866 5439 ἐκοιμᾶτο,

301 5455 534 5521 ὥδευεν,
579 5458 806 5523 ἐκοπία,
853 5458 1101 5522 ἐϐάδιζε⁸
1155 5461 1351 5514 πεινῶν
1405 5462 1495 5514 ἐπὶ
1547 5463 1646 5515 τὴν
1702 5460 1869 5533 συκῆν

302 5542 432 5617 ἦλθε
453 5564 465 5577 ·
490 5547 553 5601 τὸ
574 5549 877 5606 τελευταῖον
902 5553 1165 5616 ἐκρίνετο,
1200 5554 1527 5625 ἐσταυροῦτο
1580 5555 1673 5619 Τίς
1696 5554 1866 5608 ταῦτα

376 5708 405 5742 ⁵
434 5708 623 5767 Matth.
660 5728 746 5767 nx
769 5755 784 5781 ,
820 5715 906 5769 12.
982 5716 1003 5746 ⁸
1044 5714 1233 5770 Matth.
1270 5734 1322 5783 v,
1356 5718 1445 5772 9.8.

1978 4542 2107 4598 tur;
2140 4535 2262 4604 quis
2291 4535 2443 4588 erat?
2477 4542 2529 4588 et
2558 4535 2688 4604 quid
2741 4537 2893 4589 erat?
2935 4538 2978 4591 si
3012 4537 3156 4589 enim
3191 4552 3393 4606 corpus
3427 4551 3539 4591 non

1977 4627 2223 4695 gestabat
2255 4643 2430 4697 neque
2461 4644 2662 4696 corpus
2692 4628 2964 4683 habebat:
2997 4630 3121 4698 quid
3152 4644 3439 4684 commune
3458 4637 3542 4684 est

1978 4718 2266 4788 Spiritibus
2293 4735 2417 4772 cum
2449 4718 2809 4774 ﬂuminibus?
2838 4719 2972 4784 Quis
2997 4721 3245 4791 angelus,
3278 4736 3399 4789 qua:
3427 4721 3540 4774 vir-

1977 4818 2098 4874 tus,
2135 4826 2253 4880 quae
2292 4810 2613 4875 dominatio,
2659 4813 2782 4882 quis
2826 4814 3186 4882 principatus,
3236 4828 3356 4883 qum
3394 4821 3542 4882 pote-

1977 4911 2091 4957 stas
2115 4902 2181 4956 ad
2220 4903 2495 4957 lavacrum
2529 4903 2813 4959 descendit
2851 4913 2906 4959 et
2945 4920 3115 4975 aquas
3168 4913 3388 4977 experta
3418 4904 3545 4959 est?

1976 4988 2132 5055 Quod
2168 4991 2215 5046 si
2246 5008 2423 5061 neque
2454 4993 2657 5056 virtus,
2701 5010 2876 5064 neque
2897 5002 3163 5064 potestas,
3193 5008 3366 5063 neque
3392 4994 3541 5048 thro—
3639 4996 3644 5002 ’

1973 5099 2081 5138 nus
2114 5084 2167 5137 in
2212 5099 2385 5153 aquas
2415 5085 2735 5140 descendit:
2768 5096 2919 5140 extra
2962 5085 3319 5154 quaestionem
3361 5084 3538 5155 posita

1973 5181 2056 5228 est
2080 5190 2167 5230 res
2194 5192 2208 5228 :
2237 5174 2435 5228 factum
2475 5184 2559 5230 est
2590 5176 2961 5246 perspicuum,
3000 5176 3144 5246 quod
3171 5175 3534 5245 quaerebatur.

1972 5263 2086 5321 lmo
2141 5267 2388 5322 ascendit
2416 5269 2484 5323 ab
2513 5269 2690 5338 aquis.
2735 5270 3022 5324 tenebatur
3068 5284 3096 5321 a
3129 5268 3368 5333 diabolo,
3411 5283 3538 5322 esu-

1971 5359 2166 5423 riebat,
2212 5360 2452 5422 sitiebat,
2496 5362 2805 5430 navigabat,
2855 5361 3180 5423 dormiebat,
3233 5361 3336 5416 iter
3370 5359 3537 5414 iacie-

1969 5450 2085 5517 bat,
2132 5452 2553 5523 defatigabatur,
2602 5454 2934 5517 ambulabat,
2991 5454 3242 5510 esuriens
3284 5451 3434 5507 venit
3465 5451 3534 5506 ad

1972 5544 2127 5597 ﬁcum
2161 5563 2173 5599 :
2203 5546 2781 5617 postremojudicatus
2812 5555 2898 5602 est
2941 5552 2995 5600 et.
3042 5544 3359 5601 cruciﬁxus.
3401 5540 3535 5607 Quis
