4116 6332
586 276 722 333 1255

1734 271 1867 327 TlTl
1907 272 2330 332 BOSTRENSIS
2380 276 2685 334 EPISCOPI

3681 284 3825 341 1256

584 401 698 454 haec
746 398 1145 469 proclamabat?
1196 397 1317 466 quis
1363 396 1477 451 haec
1521 397 1864 450 testabatur?
1905 395 2145 453 Taceant

2259 399 2404 465 ἐϐόας
2441 401 2523 465 τίς
2551 401 2722 456 ταῦτα
2765 401 3098 473 ὲμαρτύρει;
3142 402 3512 456 Σιωπάτωσαν
3544 404 3602 455 αἱ
3643 404 3827 471 γλῶσ-

583 492 801 561 ιὶιηζιιω,
847 490 1141 559 loquantur
1175 499 1295 543 acta
1322 504 1420 543 :os
1460 488 1659 542 habent
1707 504 1795 544 res
1828 508 1840 543 :
1878 505 1979 544 nec
2027 506 2145 545 am-

584 583 726 653 plius
766 596 948 636 aerem
983 582 1281 650 pulsantes,
1314 595 1509 636 sonum
1553 581 1865 636 emittamus
1893 600 1905 635 :
1931 597 1993 637 os
2047 583 2146 637 ha-

583 674 712 728 bent
736 673 939 742 scripta
973 691 986 726 :
1020 680 1075 726 et
1108 672 1154 727 si
1189 687 1291 726 nos
1322 682 1619 736 taceamus,
1667 687 1773 726 non
1806 681 1989 727 tacent
2018 690 2145 739 res;

581 774 635 819 et
664 765 709 820 si
737 779 837 820 nos
867 781 979 818 non
1002 766 1311 835 loquamur,
1336 779 1457 834 quae
1480 765 1683 835 scripta
1713 773 1864 831 sunt,
1890 781 1997 820 non
2024 782 2150 837 pos-

583 864 713 911 sunt
748 872 855 911 non
887 856 1055 926 loqui.

654 948 822 1017 lgitur
853 948 978 1017 quia
1021 947 1100 1002 sic
1133 954 1260 1000 sunt
1294 945 1426 1007 haec,
1474 956 1527 999 et
1555 954 1674 1001 acta
1724 946 1884 1002 ﬁdem
1927 948 2146 1018 habent,

586 1044 640 1091 et
663 1037 905 1090 narratio
933 1044 1178 1089 actorum
1203 1050 1331 1089 vera
1352 1042 1458 1099 est,
1489 1046 1541 1088 et
1564 1036 1800 1090 clamant
1826 1037 1955 1107 ipsas
1980 1039 2151 1094 actio-

586 1144 683 1182 nes
716 1128 766 1182 vi
792 1143 911 1189 sua,
944 1128 1198 1183 habuisse
1231 1142 1432 1196 corpus
1474 1124 1831 1195 Salvatorem,
1858 1138 1913 1183 et
1950 1144 2150 1199 corpus

587 1220 847 1286 mortale;
892 1227 946 1274 et
993 1218 1138 1288 quod
1188 1227 1409 1288 propter
1455 1226 1641 1273 nostra
1674 1233 1905 1289 corpora
1949 1236 2151 1291 corpus

586 1309 858 1380 gestavit:
885 1308 1033 1378 quod
1071 1309 1340 1378 reliquum
1380 1318 1481 1373 est,
1526 1308 1705 1363 simile
1753 1311 1949 1378 qua'rit
1978 1330 1990 1364 :
2022 1327 2150 1381 pro-

588 1410 711 1469 pter
746 1416 847 1455 nos
880 1400 1025 1456 venit
1068 1401 1214 1454 illius
1248 1401 1497 1469 corporis
1531 1400 1616 1454 sui
1661 1398 1903 1465 eliector,
1953 1412 2007 1457 et
2053 1418 2151 1458 no-

590 1500 829 1545 strorum
863 1491 1106 1545 ell’ector.
1161 1488 1218 1544 Si
1249 1491 1395 1545 enim
1436 1490 1585 1544 aliud
1629 1491 1825 1547 fuisset
1856 1494 2006 1560 illud,
2057 1511 2155 1550 cu-

589 1598 707 1636 ram
737 1584 859 1637 aliis
887 1599 995 1639 non
1024 1584 1365 1640 adhibuisset
1394 1586 1735 1656 corporibus.
1772 1586 1826 1641 Si
1861 1598 2042 1643 autem
2076 1588 2153 1643 ia—

590 1684 737 1729 ctum
780 1685 884 1739 est,
921 1685 975 1732 ct
1008 1677 1213 1732 factum
1252 1695 1281 1733 a
1314 1678 1444 1745 Deo,
1484 1679 1687 1733 factum
1733 1696 1860 1734 vero
1905 1690 1988 1735 est
2023 1697 2151 1751 pro-

2247 506 2366 542 σαι·
2400 491 2727 547 λαλείτωσαν
2757 494 2814 546 αἰ
2843 492 3100 563 πράξεις·
3141 493 3317 564 στόμα
3357 492 3543 563 ἔχουσι
3582 495 3654 549 τὰ
3680 498 3827 566 πράς

2247 596 2463 651 γματα·
2495 584 2711 654 μηκέτι,
2744 583 2837 637 τὸν
2878 584 3016 655 ἀέρα
3048 582 3356 655 κρούοντες,
3386 584 3477 636 τὸν
3522 580 3659 655 ἦχον
3686 587 3828 640 ἁπο-

2247 673 2550 745 πέμψωμεν
2569 692 2582 705 ·
2605 674 2776 746 στόμα
2806 676 2987 746 ἔχουσι
3011 674 3082 728 τὰ
3115 677 3470 748 γεγραμμένα
3492 694 3507 706 ·
3531 679 3639 730 κᾶν
3666 680 3829 748 tusi;

2249 766 2710 837 crwmﬁawpsvmt’i
2744 772 2923 841 σιωπᾷ
2944 770 3013 823 τα
3048 772 3379 842 πράγματα·
3401 771 3507 824 κᾶν
3541 773 3708 841 ἡμεῖς
3742 774 3818 845 μὴ

2247 855 2585 929 λαλήσωμεν,
2619 859 2720 913 οὐκ
2757 860 3006 931 ἀνέχεται
3040 861 3304 932 μηλαλεῖν
3335 860 3406 914 τὰ
3439 864 3827 934 γεγραμμένα.

2333 951 2549 1021 Ἐπειδὴ
2574 946 2667 1004 οὖν
2700 950 2872 1005 ταῦτα
2905 952 3078 1016 οὕτως
3103 951 3236 1022 ἕχει.
3264 952 3360 1006 καὶ
3389 953 3581 1005 πισταί
3603 956 3750 1005 εἰσιν
3774 956 3828 1006 αἰ

2250 1046 2498 1119 πράξεις,
2524 1046 2619 1099 καὶ
2646 1044 2755 1099 τῶν
2785 1045 3040 1116 πράξεων
3075 1046 3351 1116 δυνάμεις,
3388 1047 3470 1099 ὅτι
3492 1047 3659 1117 σῶμα
3687 1043 3829 1117 εἶχεν

2248 1141 2278 1192 6
2304 1138 2516 1209 Σωτὴρ.
2547 1138 2642 1193 καί¹
2690 1138 2851 1209 σῶμα
2892 1139 3102 1211 θνητὸν,
3147 1139 3241 1192 καὶ
3280 1138 3438 1209 σῶμα
3476 1140 3712 1211 ὲφόρεσε
3743 1140 3832 1194 διὰ

2250 1230 2317 1284 τὰ
2343 1230 2589 1303 ἡμέτερα
2609 1249 2622 1262 ·
2647 1232 2707 1286 τὸ
2739 1232 2924 1302 ὅμοιον
2955 1232 3139 1287 λοιπὸν
3173 1232 3359 1304 ζητεῖ·
3381 1233 3504 1303 ἥκει
3528 1233 3595 1285 δι’
3625 1236 3784 1304 ἡμᾶς
3806 1237 3833 1287 6

2250 1323 2457 1375 ἐκείνου
2503 1325 2751 1395 ποιητὴς,
2803 1324 2897 1377 καὶ
2959 1324 3067 1377 τῶν
3127 1325 3409 1395 ἡμετέρων
3464 1326 3721 1396 ποιητής.
3771 1325 3833 1379 Εἰ

2250 1413 2357 1484 γὰρ
2410 1414 2607 1485 ἕτερονι
2633 1411 2854 1486 (64)ἦν,
2908 1416 3008 1469 οὐκ
3056 1415 3121 1470 ἂν
3175 1416 3302 1487 περὶ
3353 1415 3555 1488 ἑτέρων
3615 1417 3833 1469 ἐκείνου

2252 1505 2508 1577 πρόνοιαν
2560 1508 2828 1560 ἐποιεῖτο·
2880 1509 2929 1561 εί
2969 1507 3027 1561 δὲ
3073 1509 3365 1577 πεποίηται
3399 1508 3504 1561 ὑπὸ
3534 1506 3696 1570 Θεοῦ,
3730 1525 3833 1561 πε-

2252 1596 2472 1667 ποίηται
2517 1596 2575 1650 δὲ
2620 1598 2761 1669 ὑπὲρ
2809 1598 2985 1668 ἡμῶν,
3036 1598 3177 1669 ὑπὲρ
3219 1600 3329 1652 τῶν
3384 1600 3529 1654 ἰδίων
3567 1602 3833 1655 ἐποιεῖτο.

2255 1687 2371 1740 Ἵνα
2404 1689 2513 1759 γὰρ
2559 1689 2627 1742 τὰ
2659 1690 2768 1744 ἴδια
2811 1689 3003 1743 ἑαυτοῦ
3053 1689 3221 1763 σώσῃ,
3263 1693 3439 1745 ἐκεῖνο
3468 1694 3722 1763 ἐποίησε,
3765 1695 3833 1762 τῇ

588 1776 711 1837 pter
755 1769 1085 1840 nos:igitur
1135 1779 1357 1840 propter
1409 1771 1627 1841 propria
1681 1772 1859 1836 ﬁebat,
1927 1781 1986 1826 ut
2032 1790 2155 1843 quae

2259 1781 2463 1835 ἐκείνου
2510 1784 2725 1853 ποιήσει
2771 1783 2989 1837 πάντων
3038 1784 3145 1838 τῶν
3182 1783 3327 1837 ἰδίων
3376 1784 3471 1856 τὴν
3513 1785 3835 1856 ἐλευθερίαν

592 1861 807 1932 pr0pria
836 1869 1013 1924 erant,
1057 1863 1209 1916 salva
1239 1873 1442 1918 essent.
1477 1864 1614 1919 Illud
1650 1863 1797 1927 fecit,
1842 1864 1988 1920 illius
2030 1866 2157 1921 eli‘e-

591 1954 773 2008 ctione
796 1954 1038 2007 omnium
1062 1970 1286 2009 suorum
1317 1955 1621 2011 libertatem
1647 1965 1927 2027 operatus.
1960 1958 2158 2013 Gratia:

591 2043 756 2112 igitur
795 2043 1061 2098 debentur
1110 2046 1157 2099 ei
1209 2045 1301 2116 qui
1361 2060 1592 2116 corpora
1631 2055 1818 2101 nostra
1872 2046 1997 2102 fecit
2027 2050 2158 2119 ;qui

589 2148 780 2189 eorum
816 2135 1045 2205 ignavia:
1091 2148 1252 2206 atque
1286 2138 1518 2207 pigritiae
1547 2140 1826 2209 prospexit
1855 2148 1908 2194 et
1954 2156 2157 2195 consu-

593 2223 696 2279 luit
721 2241 735 2290 ;
759 2227 851 2294 qui
882 2227 1030 2281 misit
1067 2225 1261 2281 Filium
1305 2244 1463 2283 suum
1492 2230 1546 2282 in
1574 2245 1825 2299 corpore,
1859 2240 1913 2284 et
1958 2233 2159 2288 nostris

591 2317 916 2386 corporibus
946 2318 1142 2387 pignus
1176 2318 1360 2383 dedit;
1398 2328 1457 2372 ut
1506 2335 1616 2373 non
1642 2321 1752 2389 jam
1802 2322 2032 2391 amplius
2063 2321 2158 2376 lle-

591 2409 804 2456 ctamur
832 2412 886 2458 et
916 2404 1066 2458 humi
1097 2420 1409 2471 cernamus,
1448 2409 1542 2462 sed
1582 2410 1754 2465 simus
1785 2412 1912 2466 elati
1951 2422 2005 2466 et
2037 2427 2158 2467 ere-

589 2494 663 2547 cti
695 2496 1084 2552 communitate
1113 2513 1423 2569 corporum.

1878 2616 2010 2674 CAP.
2051 2616 2168 2675 XX.

663 2719 789 2774 Illos
831 2722 998 2791 igitur
1026 2732 1346 2792 deceptores
1388 2733 1442 2779 et
1484 2726 1704 2782 ianaces
1736 2728 1790 2781 in
1841 2729 1944 2784 hoc
1976 2731 2142 2785 etiam

600 2813 975 2877 attendemus,
1028 2813 1172 2882 quod
1220 2813 1276 2867 in
1326 2829 1554 2883 corpora
1606 2817 1963 2884 invaserunt,
2007 2831 2061 2874 et
2102 2821 2157 2875 in

595 2918 797 2974 corpus
858 2904 1102 2959 auctoris
1154 2916 1597 2973 processerunt,
1657 2923 1721 2963 ac
1773 2919 1968 2964 contra
2006 2927 2160 2967 ωεσ-

591 2997 830 3053 nomiam
873 3009 926 3051 et
967 2996 1426 3066 dispensationem
1480 2997 1576 3055 Dei
1624 3001 1860 3071 linguam
1903 3007 2162 3062 extende-

2256 1874 2644 1945 ἐργασάμενος.
2678 1875 2849 1946 Χάρις
2875 1871 2967 1929 οὖν
3015 1874 3093 1947 τῷ
3123 1876 3444 1946 πεποιηκότι
3487 1875 3558 1929 τὰ
3584 1876 3833 1948 ἡμέτερα

2256 1964 2516 2036 σώματα,
2568 1965 2646 2036 τῷ
2701 1968 3128 2039 προνοησαμένῳ
3198 1968 3292 2022 καὶ
3363 1968 3831 2039 ὲρῤᾳθυμηκότων

2253 2057 2467 2121 αὐτῶν,
2524 2058 2615 2110 καὶ
2676 2059 3056 2113 ἀποστείλαντι
3112 2060 3203 2112 τὸν
3253 2060 3384 2114 ίδιον
3448 2060 3575 2115 Υἰὸν
3622 2064 3683 2114 ὲν
3731 2059 3834 2115 σιῖι-

2259 2163 2409 2217 ματι,
2461 2147 2552 2200 καὶ
2604 2146 2855 2201 δεδωκότι
2904 2148 3175 2222 ἑνέχειρον
3224 2153 3339 2212 τοῖς
3388 2150 3683 2222 ἡμετέροις
3702 2148 3832 2203 ’σώ-

2262 2252 2447 2306 μασιν,
2476 2237 2561 2290 ἵνα
2609 2239 2805 2310 μηκέτι
2835 2239 3197 2311 κάμπτωμεν,
3247 2242 3341 2295 καὶ¹
3386 2244 3563 2313 χαμαὶ
3594 2242 3830 2313 ὁρῶμεν,

2260 2325 2395 2378 ἀλλὰ
2423 2320 2573 2397 ὦμεν
2602 2329 2901 2399 ἐπηρμένοι
2931 2332 2995 2400 τῇ
3031 2331 3282 2403 κοινωνίᾳ
3310 2332 3418 2386 τῶν
3451 2332 3747 2403 σωμάτων.

2211 2620 2515 2682 Conclusio.

2326 2742 2698 2815 Εὑτελίσωμεν
2744 2742 2835 2800 οὖν
2886 2751 2979 2802 καὶ
3022 2753 3079 2804 ὲν
3124 2754 3299 2825 τούτῳ
3338 2757 3467 2819 τοὺς
3507 2759 3831 2828 ἀπατεῶνας

2260 2832 2516 2899 ἐκείνους,
2576 2837 2655 2890 ὅτι
2704 2840 2795 2892 καὶ
2835 2841 2974 2894 κατὰ
3021 2842 3126 2896 τῶν
3177 2848 3446 2917 σωμάτων
3489 2847 3829 2919 βεϐαδίκασι,

2263 2923 2527 2981 καὶκατὰ
2569 2928 2663 2982 τοῦ
2714 2930 2950 2986 πλάστου
2998 2937 3364 3008 κεχωρήκασι,
3411 2942 3508 2993 καὶ
3554 2944 3691 2997 κατὰ
3732 2947 3832 3018 τῆς

2261 3017 2568 3089 οἰκονομίας
2611 3022 2704 3075 τοῦ
2758 3024 2892 3079 Θεοῦ
2938 3028 3037 3097 τὴν
3086 3028 3332 3097 γλῶτταν
3384 3033 3688 3100 ἐξέτειναν·
3740 3017 3834 3094 καὶ

593 3095 764 3153 runt;
799 3101 863 3141 ac
909 3099 1101 3143 contra
1148 3088 1454 3144 libertatem
1501 3098 1744 3147 nostram
1789 3095 1856 3149 ad
1897 3111 2059 3152 usum
2109 3107 2159 3154 et

596 3179 1034 3202 -_-_-2a-n:-__-_
1074 3180 1265 3202 I2__--_._
1303 3182 1447 3202 l___4!
1488 3199 1585 3202 "4,,
1644 3185 1661 3202 1
1707 3186 1804 3202 l-_,,
2001 3197 2011 3202 -
2087 3190 2098 3202 ο

2264 3108 2404 3202 κατὰ
2434 3088 2533 3180 τῆς
2566 3112 2875 3186 ἐλευθερίας
2908 3088 3063 3189 ἡμων
3098 3088 3276 3175 λαλεῖν
3322 3126 3385 3178 οὐ
3423 3088 3830 3202 παρῃτήσαντο,

591 3179 1037 3235 exercitationem
1074 3180 1269 3251 linguae
1303 3182 1448 3253 loqui
1483 3199 1596 3239 non
1629 3185 2019 3242 dubitaverunt
2052 3190 2162 3245 cir-

593 3270 867 3324 culatores
909 3269 1135 3339 quidam
1176 3281 1230 3324 et
1272 3271 1711 3329 circumloranei.
1771 3274 2161 3347 Congessimus

595 3373 848 3415 acervum
909 3360 1201 3416 verborum
1262 3362 1547 3430 pravitatis
1592 3365 1794 3421 istius:
1845 3367 1973 3423 licet
2013 3371 2160 3425 enim

593 3466 659 3507 ex
694 3468 806 3506 uno
849 3452 996 3508 aliud
1031 3468 1293 3510 accusare
1323 3474 1337 3522 ;
1375 3457 1483 3510 imo
1520 3460 1699 3511 omnia
1737 3458 1994 3530 deinceps
2036 3478 2161 3532 per-

594 3552 921 3613 sequentes.
987 3546 1171 3600 omnia
1236 3547 1449 3601 inutilia
1506 3556 1559 3602 et
1605 3550 1782 3604 aliena
1821 3552 2157 3611 existimare.

594 3632 804 3689 ldcirco
835 3650 937 3689 nos
978 3636 1031 3690 in
1076 3652 1267 3693 omnes
1298 3653 1577 3694 sermones
1605 3640 1848 3710 ipsorum
1879 3643 2163 3717 hucusque

595 3725 836 3795 delapsi,
879 3742 946 3782 ne
981 3730 1409 3797 magnitudinem
1460 3731 1599 3785 libro
1652 3735 2024 3804 praebeamus,
2067 3739 2161 3799 his

594 3816 859 3872 hactenus
889 3818 1052 3874 dictis
1083 3822 1472 3887 terminemus,
1511 3823 1653 3878 facta
1689 3842 1756 3881 ex
1801 3830 1991 3897 paucis
2026 3831 2160 3887 alio-

595 3926 717 3966 rum
749 3911 1115 3980 indicatione,
1149 3921 1203 3968 et
1233 3931 1296 3969 ex
1331 3914 1495 3969 dictis
1550 3917 1700 3985 prius
1740 3933 1928 3973 eorum
1967 3922 2162 3979 confu-

595 4003 800 4058 tatione
830 4004 1095 4059 confecta.
1132 4005 1281 4077 Opus
1316 4016 1495 4062 autem
1522 4018 1605 4063 est
1636 4009 1921 4080 diligentia
1952 4014 2163 4070 studio-

595 4095 674 4151 sis
696 4136 711 4162 ,
743 4102 803 4149 ut
826 4111 1017 4151 omnes
1042 4097 1345 4167 praestigias
1371 4101 1707 4168 prmtervecti
1735 4117 1897 4158 aures
1922 4115 2159 4171 servent,

594 4200 664 4240 ne
694 4200 722 4238 a
754 4186 1022 4254 pravitate
1050 4188 1336 4257 capiantur
1363 4205 1379 4255 ;
1416 4198 1475 4242 ut
1507 4190 1615 4243 sint
1648 4192 1906 4248 custodes
1939 4209 2159 4250 suarum

596 4277 808 4331 aurium
829 4316 844 4341 ,
878 4278 1073 4347 partim
1104 4294 1196 4333 eas
1229 4280 1536 4350 aperientes
1557 4322 1571 4345 ,
1623 4298 1745 4336 cum
1789 4300 1948 4341 verus
1982 4302 2161 4341 sermo

595 4368 777 4437 pulsat
807 4387 821 4433 ;
852 4370 1048 4439 partim
1085 4371 1401 4427 claudentes
1421 4416 1436 4439 ,
1467 4389 1590 4427 cum
1626 4376 1797 4432 falsus
1822 4386 1876 4433 et
1904 4379 2159 4465 dolosas,

594 4459 880 4514 veritatem
909 4462 1174 4517 simulans
1204 4463 1443 4527 laborat,
1479 4474 1536 4520 ut
1569 4467 1623 4521 in
1658 4470 1917 4525 conclave
1964 4459 2161 4529 mentis

597 4547 884 4620 irrumpat.
918 4552 1064 4606 Multi
1094 4555 1238 4608 enim
1270 4554 1378 4609 ticti
1420 4566 1474 4610 et
1519 4558 1760 4613 simulati
1800 4563 2021 4630 pulsant
2064 4580 2162 4619 au-

596 4655 718 4707 res,
746 4643 992 4701 dicentes
1022 4666 1034 4699 :
1082 4645 1194 4717 Ego
1236 4665 1352 4701 sum
1384 4646 1628 4703 Christus
1665 4652 1707 4715 ⁸,
1740 4661 1793 4706 et
1837 4656 2038 4709 multos
2067 4657 2162 4711 de-

596 4735 836 4804 cipient:
872 4734 1015 4791 Unus
1047 4749 1218 4793 autem
1255 4742 1399 4796 solus
1428 4742 1668 4798 Christus
1699 4745 1740 4810 ",
1774 4746 1865 4814 qui
1904 4755 1987 4802 est
2029 4749 2163 4805 libe-

596 4832 769 4891 rator,
805 4840 1006 4894 przeses
1040 4828 1312 4892 victoriae,
1350 4829 1660 4897 beneﬁcus,
1687 4832 1779 4901 qui
1804 4832 2164 4903 dispositione

598 4917 811 4987 pulsat,
848 4920 938 4989 qui
971 4920 1275 4976 libertatem
1320 4925 1371 4975 in
1416 4924 1534 4992 ipso
1563 4923 1715 4978 aditu
1742 4927 2036 4991 conciliat,
2068 4928 2159 4998 qui

598 5008 761 5064 simul
794 5019 850 5064 ut
881 5012 1204 5079 ingreditur,
1256 5024 1475 5084 peccata
1511 5017 1789 5083 excludit,
1822 5020 1916 5089 qui
1973 5020 2028 5074 in
2080 5021 2162 5075 in.

597 5115 787 5170 gressu
830 5103 1123 5157 amicitiam
1164 5122 1288 5159 cum
1323 5104 1481 5162 Patre
1511 5110 1738 5175 tribuit,
1772 5112 1865 5181 qui
1917 5128 2043 5167 mox
2075 5112 2160 5166 in-

597 5193 848 5262 grediens
878 5203 1081 5264 tropaza
1120 5196 1171 5250 iu
1209 5199 1387 5252 anima
1424 5203 1594 5269 ponit.

2261 3198 2493 3272 ἀγύρται
2530 3205 2671 3269 τινὲς
2715 3206 2866 3272 ὄντες
2906 3210 2999 3263 καὶ
3042 3212 3314 3285 ἀγοραῖοι,
3348 3198 3833 3292 ἄθροισματλόγων

2261 3292 2525 3363 πονηρίας
2554 3300 2942 3370 συναγηοχότες
2965 3319 2979 3335 ·
3008 3302 3121 3357 ἔστι
3150 3305 3260 3377 γὰρ
3279 3307 3338 3360 τὸ
3373 3307 3429 3360 ἓν
3463 3311 3720 3382 ἐχόμενον
3744 3316 3834 3369 τὸν

2260 3384 2445 3457 ἕτερον
2475 3389 2747 3445 αἰτιᾶσθαι
2770 3408 2782 3421 ·
2814 3393 2950 3448 ἀλλὰ
2974 3396 3047 3467 μὴ
3078 3401 3253 3452 πάντα
3277 3402 3474 3473 ἐφεξῆς
3501 3406 3831 3475 ἐπεξιόντας,

2263 3475 2439 3530 πάντα
2468 3478 2660 3550 ἀχρεῖα
2692 3483 2785 3537 καὶ
2828 3484 3034 3556 ἔκφυλα
3076 3489 3344 3559 ἡγεῖσθαι.
3392 3496 3494 3548 Διὰ
3535 3498 3697 3553 τοῦτο
3740 3504 3832 3557 καὶ

2260 3567 2422 3635 ἡμεῖς
2464 3571 2542 3631 εἰς
2584 3570 2795 3624 ἅπαντα
2842 3573 2998 3644 λόγον
3027 3577 3207 3631 αὐτῶν
3250 3583 3548 3648 κατιόντες,
3585 3588 3660 3659 μὴ
3704 3590 3833 3645 πολὺ

2265 3658 2460 3752 μῆκοςᾉ
2476 3661 2841 3734 παράσχωμεν
2863 3666 2938 3738 τῷ
2975 3667 3137 3740 λόγῳ,
3170 3672 3330 3744 μέχρι
3364 3675 3569 3731 τούτων
3599 3658 3831 3752 στῶμεν,

2260 3748 2349 3803 διὰ
2394 3749 2502 3804 τῶν
2531 3752 2724 3821 ὀλίγων
2762 3757 2853 3811 και
2889 3758 2955 3811 τὰ
2999 3761 3133 3815 ἄλλα
3174 3765 3566 3834 ὑποδείξαντες,
3611 3748 3729 3826 και
3752 3776 3833 3829 διὰ

2261 3842 2369 3895 τῶν
2429 3844 2827 3917 πφλεχθέντων
2880 3851 2970 3904 τὸν
3018 3853 3236 3926 ἔλεγχον
3299 3864 3828 3929 κατασκευάσαντες.

2276 3932 2613 4004 Ἐπιμελείας
2667 3939 2723 3991 δὲ
2775 3944 2888 4005 τοῖς
2939 3946 3243 4013 σπουδαίοις
3294 3954 3471 4023 χρεία,
3524 3955 3614 4009 ἵνα
3659 3960 3835 4012 πᾶσαν

2263 4024 2513 4093 γοητείαν
2563 4027 3016 4101 ὑπερϐεϐηκότες,
3065 4036 3335 4109 ἀλήπτους
3365 4042 3464 4106 τὰς
3513 4046 3684 4108 ἀκοὰς
3730 4048 3834 4100 ἀπὸ

2263 4114 2361 4204 τῆς
2412 4118 2674 4187 πονηρίας
2727 4119 3154 4190 διαφυλάξωσιν·
3216 4128 3361 4194 ὅπως
3419 4132 3834 4204 κλειδοφὺλακες

2263 4198 2363 4258 ὦσι
2391 4206 2497 4260 τῶν
2522 4209 2730 4263 ἑαυτῶν
2752 4213 2949 4281 ἀκοῶν,
2973 4217 3066 4270 καὶ
3098 4218 3173 4288 πῆ
3209 4221 3305 4289 μὲν
3336 4223 3729 4293 ἀνοιγνύοντες,
3748 4230 3834 4282 ὅτε

2263 4298 2447 4369 κρούει
2487 4302 2515 4352 6
2562 4301 2766 4375 ἀληθὴς
2810 4304 2995 4375 λόγος·
3037 4310 3110 4380 πῆ
3158 4312 3215 4364 δὲ
3258 4314 3659 4385 ἀποκλείοντες,
3693 4322 3779 4374 ὅτε
3806 4323 3834 4373 6

2261 4391 2461 4464 ψευδὴς
2487 4396 2579 4448 καὶ
2604 4402 3074 4470 πεφευακισμένος
3104 4407 3572 4478 σχηματιζόμενος
3590 4411 3689 4482 τὴν
3710 4414 3835 4486 ἀλή-

2266 4484 2415 4539 θειαν
2460 4488 2760 4543 εἰσϐάλλειν
2792 4493 2851 4545 ὲν
2896 4494 2974 4564 τῷ
3004 4498 3214 4569 ταμείῳ
3247 4501 3345 4570 τῆς
3389 4502 3629 4568 διανοίας

2265 4576 2435 4641 δέιζει.
2478 4580 2669 4634 Πολλοὶ
2701 4583 2809 4655 γὰρ
2842 4586 3209 4659 πεπλασμένοι
3245 4593 3337 4644 καὶ
3378 4594 3835 4669 ἐσχηματισμένοι

2266 4669 2364 4734 τὰς
2403 4672 2606 4737 ἀκουὰς
2643 4676 2919 4746 κρούουσι,
2966 4678 3242 4748 λέγοντες·
3289 4683 3436 4752 Ἐγώ
3474 4688 3590 4755 ειμι
3639 4691 3675 4742 ὁ
3706 4691 3833 4757 Χρι-

2267 4763 2430 4829 στὸς,
2461 4766 2554 4819 καὶ
2586 4768 2807 4833 πολλοὺς
2835 4770 3226 4841 πλανήσουσιν·
3250 4770 3355 4840 Εἷς
3373 4776 3440 4829 ὑὲ
3454 4779 3643 4843 μόνος
3670 4781 3837 4833 ἐστὶν

2270 4851 2302 4901 ό
2332 4851 2602 4917 Χριστὸς,
2634 4855 2662 4906 6
2705 4853 3090 4925 ἐλευθερωτής,
3134 4859 3163 4910 6
3205 4859 3585 4931 τροπαιοῦχος,
3620 4865 3649 4915 6
3688 4865 3837 4934 εὐερο

2270 4940 2501 5008 γετικὸς,
2529 4944 2557 4995 ὁ
2583 4943 2818 4998 διαθέσει
2851 4947 3082 5020 κρούων,
3131 4950 3159 5001 6
3200 4950 3508 5023 ἐλευθερίαν
3539 4956 3606 5024 τῇ
3648 4956 3837 5025 εἰσόδῳ

2273 5033 2702 5105 μνηστευόμενος
2729 5056 2741 5066 ·
2789 5040 2817 5090 6
2855 5039 2970 5110 ἅμα
3012 5040 3090 5111 τῷ
3134 5041 3402 5095 εἰσϐαλεῖν
3439 5041 3717 5108 ὲξοικίζων
3744 5046 3836 5109 τὰς

2271 5122 2561 5207 ἁμαρτίας,
2607 5127 2636 5177 6
2679 5129 2735 5180 ἐν
2774 5131 2840 5199 τῇ
2877 5130 3064 5201 εἰσόδῳ
3092 5130 3190 5203 τὴν
3232 5132 3410 5201 φιλίαν
3446 5135 3547 5203 τὴν
3579 5138 3718 5207 πρὸς
3750 5138 3835 5189 τὸν

2270 5202 2490 5288 Πατέρα
2521 5219 2822 5284 ἀποδιδοὺς,
2855 5223 2883 5273 6
2932 5202 3270 5297 παραχρῆμα
3297 5228 3364 5296 τῇ
3393 5228 3583 5299 εἰσόδῳ
3717 5232 3832 5283 ἑαυ-

2268 5313 2363 5358 τοῦ
2388 5313 2639 5379 τροπαῖα.

665 5455 688 5488 ⁸
730 5455 914 5513 Matth.
951 5475 1096 5523 XXIV,
1135 5459 1227 5513 9.3.
1305 5461 1323 5489 ⁷
1367 5460 1385 5514 1
1420 5460 1548 5514 Cor.
1594 5478 1685 5513 vn.
1709 5502 1723 5522 ,
1759 5460 1829 5525 6;
1872 5459 1889 5511 l
1924 5451 2062 5514 Tim.
2099 5477 2177 5529 ιι,
2213 5460 2265 5516 5.

670 5615 781 5709 (6J6)
822 5619 890 5670 Et
923 5617 1029 5709 1‘in
1057 5617 1206 5687 ἔτερ.
1238 5618 1293 5674 ld
1324 5629 1426 5684 est,
1461 5620 1507 5674 si
1536 5635 1645 5675 non
1682 5620 1871 5677 fuisset
1906 5621 2149 5690 ejusdem
2191 5627 2400 5675 natura:
2423 5634 2643 5691 corpus,
2673 5621 2883 5709 scilicet
2907 5626 3227 5690 humanum,
3267 5622 3446 5677 anima
3502 5622 3832 5693 intelligente

599 5684 906 5751 pmditum.
932 5684 1114 5742 Titan.
