4116 6332
328 339 460 395 ηδτ

1305 327 1620 383 ADVEIISU
1633 326 1669 378 Β
1710 324 2124 380 ΜᾹΝΙΟΗΕΟΒ
2164 324 2683 383 SUPPLI-ZMEN'I‘A.

3423 322 3555 376 I238

327 482 3523 529 __________________.________________.______——_—_-———

426 615 644 668 ΤΙΤΟΥ
671 607 1095 664 ΕΠΙΣΚΟΠΟΥ
1129 601 1316 658 ΚΑΤΑ
1356 601 1787 656 ΜΑΝΙΧΑΙΩΝ.

640 789 946 852 Ὑπόθεσις
978 783 1082 837 τοῦ
1114 781 1344 850 πρώτου
1369 780 1576 849 λόγου.

410 904 467 956 Ὀ
497 900 712 972 πρῶτος
744 896 982 970 περιέχει
1019 894 1174 962 λόγος
1209 892 1428 960 ἔλεγχον
1459 889 1551 944 καί¹
1582 887 1888 958 ἀνασκευὴν

328 997 433 1050 τῶν
482 993 711 1064 μάλιστα
767 987 1072 1058 κεφαλαίων
1126 985 1220 1040 τοῦ
1268 984 1535 1054 δόγματος
1574 981 1682 1034 τῶν
1721 982 1891 1034 Μανι-

1914 599 1959 654 A
1989 595 2176 662 TITI,
2223 595 2568 654 EI’ISCOPI
2624 595 3086 650 BOSTRICNSIS
3110 637 3124 660 ,
3167 593 3555 654 ADI'EIISUS

2527 665 3019 722 MANICHAL'OS.

2463 779 2502 832 Α
2514 788 2842 849 rgumentum
2884 778 3004 831 libri
3044 794 3078 832 ι.

2061 889 2277 947 Primus
2321 892 2455 948 liber
2497 892 2740 948 continet
2779 891 3206 948 conl‘ntationem
3255 894 3558 964 praecipuo-

1991 998 2112 1036 rum
2155 985 2393 1054 capitum
2443 983 2706 1038 doctrina:
2755 982 3214 1047 Manichaeorum,
3264 998 3388 1054 quae
3434 993 3560 1039 sunt

330 1085 516 1157 καίων,
549 1082 624 1144 ὡς
671 1079 962 1150 ἀλλοτρίως
1010 1079 1184 1146 πάντη
1228 1075 1364 1147 πρὸς
1402 1075 1498 1137 τὰς
1542 1072 1682 1127 κατὰ
1731 1070 1891 1142 φύσιν

2007 1076 2211 1144 penitus
2261 1077 2479 1139 aliena,
2525 1083 2580 1130 et
2628 1075 2751 1130 cum
2810 1077 3195 1131 communibus
3219 1077 3558 1154 ﬁnotionibus

330 1176 511 1240 κοινὰς
540 1175 745 1237 ἐννοίας
771 1173 1022 1243 ἐχόντων.

623 1285 926 1350 ’Υπόθεσις
953 1283 1058 1338 τοῦ
1086 1281 1367 1351 δευτέρου
1398 1281 1602 1350 λόγου.

406 1402 466 1455 '0
489 1399 736 1471 δεύτερος
762 1397 1154 1461 ἀποδείκνυσιν,
1183 1398 1258 1460 ὡς
1293 1398 1394 1449 οὐκ
1429 1396 1492 1448 ἒκ
1523 1412 1667 1458 τινος
1699 1393 1796 1464 τῆς
1825 1409 1888 1462 γε

333 1495 408 1564 μὴ
462 1493 626 1564 οὖσης
678 1493 910 1562 ἁνάρχου
960 1490 1178 1554 κακίας,
1227 1491 1320 1543 καὶ
1360 1488 1606 1552 ἐναντίας
1647 1487 1724 1559 τῷ
1772 1485 1890 1558 Θεῷ

332 1583 506 1655 ἀρχῆς
565 1582 844 1653 ἄνθρωπος
910 1579 1250 1650 πλημμελεῖ·
1308 1578 1402 1632 καὶ
1454 1576 1530 1640 ὡς
1579 1575 1730 1630 οὐδὲν
1777 1576 1894 1628 κατ’

332 1674 518 1727 οὐσίαν
564 1675 620 1725 ἐν
653 1675 762 1735 τοῖς
803 1668 919 1724 οὖσι
961 1671 1160 1724 κακόνο
1211 1669 1333 1723 οὔτε
1369 1671 1471 1740 μήν
1515 1685 1596 1731 τις
1645 1666 1896 1736 ἀνισότης

335 1768 392 1818 ἐν
423 1767 532 1828 τοῖς
584 1764 702 1818 καθ’
757 1765 902 1835 ἡμᾶς
953 1766 1095 1816 ἐστι·
1133 1765 1225 1816 καὶ
1272 1763 1346 1826 ὡς
1399 1761 1572 1833 μάτην
1628 1761 1720 1812 καὶ
1773 1758 1892 1811 λίαν

333 1857 543 1919 ἀσεϐῶς
589 1857 870 1920 κακίζουσι
916 1855 1012 1927 τὴν
1066 1854 1174 1907 τῶν
1225 1854 1361 1908 ὅλων
1410 1851 1736 1922 οἰκονομίαν.
1788 1848 1898 1902 Καὶ

1995 1174 2189 1222 natura
2225 1167 2406 1222 insitis
2439 1175 2493 1221 et
2523 1166 2835 1237 anticipatis
2861 1169 3182 1240 pugnantia.

2464 1278 2839 1346 Argumentum
2881 1273 3003 1330 libri
3043 1293 3098 1330 ιι.
3143 1329 3150 1336 ,

2069 1386 2352 1444 Secundus
2389 1389 2525 1444 liber
2559 1389 2716 1443 docet
2763 1399 2817 1444 et
2859 1391 3114 1460 explanat
3138 1433 3152 1455 ,
3187 1405 3298 1446 non
3334 1407 3562 1461 peccare

2001 1479 2269 1534 hominem
2302 1495 2368 1534 ex
2401 1479 2635 1549 quodam
2667 1481 2810 1534 malo
2835 1491 3040 1535 artemo
3066 1491 3121 1536 ct
3151 1483 3268 1537 sine
3295 1485 3563 1553 principio

2000 1585 2061 1624 ac
2099 1569 2206 1625 Dco
2239 1572 2553 1634 contrario,
2589 1571 2735 1641 quod
2765 1573 2982 1642 quidem
3016 1589 3122 1628 non
3165 1585 3248 1629 est
3279 1595 3291 1629 :
3347 1583 3400 1630 et
3443 1578 3566 1628 nul-

2001 1661 2110 1714 lum
2145 1677 2265 1716 esse
2296 1662 2497 1714 malum
2533 1662 2830 1716 secundum
2862 1665 3223 1718 substantiam
3258 1667 3311 1718 in
3349 1667 3413 1722 iis
3445 1683 3564 1737 qum

2000 1762 2166 1820 sunt;
2197 1769 2295 1808 nec
2327 1754 2487 1807 ullam
2517 1755 2934 1824 inaequalitatem
2966 1757 3016 1810 in
3048 1760 3253 1813 nostris
3270 1760 3472 1828 rebus;
3503 1775 3566 1814 ac

2003 1860 2138 1898 vane
2167 1853 2220 1898 et
2252 1845 2408 1899 valde
2441 1845 2603 1915 impie
2626 1846 3068 1915 gubernationem
3101 1849 3336 1902 universi
3365 1851 3568 1920 impro»

332 1944 466 2012 ὅλως
491 1949 580 2002 τδν
627 1949 751 2020 περὶ
795 1948 1055 2017 Προνοίας
1094 1947 1306 2000 ἅπαντα
1334 1945 1488 2014 λόγον
1519 1941 1902 2014 κεφαλαιωδῶς

2007 1937 2120 1990 bari
2153 1946 2205 1991 et
2235 1937 2580 2006 reprehendi.
2607 1938 2848 2008 Denique
2877 1955 3093 1992 omnem
3127 1940 3194 1994 de
3223 1939 3567 1996 Providentia

333 2037 745 2109 περιλαμϐάνει,
779 2037 1117 2100 ἀποδεικνὺς,
1166 2035 1240 2098 ὡς
1271 2035 1494 2105 οὐδεμία
1529 2035 1739 2102 ἀνάγκη
1771 2033 1894 2085 δευ-

333 2132 494 2190 τέραν
523 2129 641 2183 τινὰ
675 2131 767 2182 καὶ
785 2129 1027 2182 ἐναντίαν
1060 2128 1234 2199 ἀρχὴν
1271 2125 1350 2196 τῷ
1394 2124 1512 2196 Θεῷ
1539 2126 1600 2177 ἐκ
1624 2123 1730 2176 τῶν
1761 2139 1901 2193 πρα-

334 2237 372 2291 γ
378 2223 560 2292 μάτων
587 2221 850 2275 ὑπονοεῖν.
950 2267 954 2271 .

659 2334 960 2400 Ὺπόθεσις
990 2333 1094 2387 τοῦ
1137 2338 1334 2400 τρίτου
1379 2332 1584 2401 λόγου.

417 2445 476 2501 '0
521 2445 701 2517 τρίτος
751 2446 889 2516 ὑπὲρ
943 2444 1037 2498 τοῦ
1093 2445 1256 2515 νόμου
1305 2445 1398 2498 καὶ
1451 2444 1558 2496 τῶν
1612 2441 1902 2516 προφητῶν

336 2541 568 2592 ποιεῖται
611 2539 786 2607 λόγον,
817 2538 892 2602 ὡς
941 2537 1091 2608 παρὰ
1134 2536 1228 2590 τοῦ
1267 2536 1400 2590 Θεοῦ
1441 2536 1618 2605 πάσης
1650 2535 1747 2605 τῆς
1788 2535 1902 2588 Πα-

337 2630 493 2695 λαιᾶς
522 2629 793 2702 suam;
819 2629 1083 2700 δοθείσης,
1126 2631 1219 2683 καὶ
1255 2629 1330 2692 ὼς
1375 2628 1526 2681 οὐδὲν
1573 2627 1681 2680 τῶν
1717 2626 1902 2680 αὐτόθι

339 2723 739 2794 πεπραγμένων
766 2740 825 2775 τε
864 2724 956 2776 καὶ
983 2722 1318 2792 λελεγμένων
1357 2720 1574 2790 εὔλογόν
1617 2739 1738 2774 τινα
1783 2737 1906 2773 κατ-

338 2814 563 2884 ηγορίαν
591 2814 702 2884 ἔχει
727 2814 819 2866 τοῦ
861 2814 1181 2884 ποιήσαντος
1207 2831 1265 2866 τε
1295 2815 1386 2866 καὶ
1411 2813 1738 2884 λαλήσαντος
1765 2829 1778 2842 ⁸
1812 2812 1906 2865 καὶ

337 2905 414 2968 ὡς
440 2905 645 2974 συνῳδὰ
671 2907 846 2960 πάντα
878 2909 942 2977 τῇ
971 2908 1144 2975 Καινῇ
1169 2905 1410 2978 Διαθήκῃ
1431 2921 1443 2933 ·
1468 2905 1543 2968 ὼς
1573 2904 1703 2974 μηδέ
1727 2903 1907 2956 ἐντεῦ-

339 2995 432 3048 Θεν
459 2996 701 3066 ἀνάγκην
740 2992 901 3059 εἶναι,
927 2995 1186 3067 δευτέραν
1230 2994 1350 3047 τινὰ
1397 2994 1490 3048 καὶ
1528 2995 1776 3048 ἐναντίαν
1811 2994 1907 3065 ἀρ-

341 3088 442 3156 χὴν
474 3085 551 3155 τῷ
581 3085 699 3156 Θεῷ
728 3087 992 3141 ὑπονοεῖν.

631 3202 933 3270 Ὑπόθεσις
963 3205 1068 3259 τοῦ
1107 3207 1388 3274 τετάρτου
1421 3209 1628 3274 λόγου.

2006 2031 2426 2102 disputationem
2480 2036 2793 2090 summatim
2848 2037 3249 2107 complectitur,
3303 2036 3570 2106 docetque

2007 2125 2230 2179 minime
2276 2141 2507 2200 necesse.
2545 2143 2668 2182 esse
2717 2129 2983 2198 suspicari
3034 2146 3100 2183 ex
3149 2133 3345 2193 rebus,
3400 2131 3568 2184 ullum

2007 2234 2128 2272 esse
2160 2219 2456 2272 secundum
2493 2220 2818 2290 principium
2842 2261 2856 2283 ,
2896 2220 3004 2275 Deo
3035 2222 3393 2278 contrarium.

2457 2335 2831 2404 Argumentum
2871 2336 2994 2388 libri
3033 2351 3113 2392 nl.

2079 2443 2298 2501 Tertius
2351 2445 2486 2500 liber
2539 2463 2636 2516 pro
2685 2448 2800 2516 lege
2849 2455 2903 2502 et
2962 2448 3243 2518 prephetis
3287 2445 3572 2520 disputat:

2010 2537 2209 2606 quippe
2253 2552 2378 2591 cum
2424 2546 2597 2592 totum
2631 2537 2799 2595 Vetus
2831 2537 3237 2596 Testamentum
3273 2557 3303 2596 a
3336 2541 3446 2598 Deo
3476 2543 3576 2597 da-

2009 2636 2123 2683 tum
2157 2630 2246 2693 sit,
2299 2638 2351 2684 et
2380 2630 2512 2684 nihil
2553 2646 2742 2685 eorum
2789 2647 2909 2701 quae
2944 2632 2996 2686 in
3033 2647 3100 2686 eo
3134 2633 3275 2687 facta
3311 2641 3402 2687 aut
3433 2632 3577 2688 dicta

2010 2727 2172 2783 sum,
2218 2720 2554 2789 probabilem
2599 2721 3002 2777 accusationem
3051 2722 3172 2791 ejus
3214 2724 3306 2792 qui
3353 2722 3482 2778 fecit
3524 2731 3579 2778 et

2011 2810 2186 2876 dixit,
2232 2811 2468 2878 habeat;
2519 2812 2738 2882 sintque
2789 2812 2973 2866 omnia
3017 2828 3142 2868 cum
3191 2813 3342 2870 Novo
3390 2813 3571 2870 Testa-

2012 2911 2197 2957 mento
2229 2903 2626 2958 consentientia
2654 2923 2667 2959 :
2701 2911 2760 2958 ut
2794 2919 2895 2958 nec
2925 2920 2991 2960 ex
3023 2905 3125 2960 hac
3171 2917 3324 2976 parte
3354 2922 3580 2962 necesse

2015 2994 2086 3048 sit
2149 2994 2388 3064 cogitare
2439 2995 2658 3064 aliquod
2728 2995 3026 3052 secundum
3076 2997 3403 3068 principium
3471 2999 3580 3055 Deo

2014 3086 2368 3142 contrarium.

2473 3203 2850 3273 Argumentum
2891 3206 3013 3261 libri
3051 3224 3120 3262 tv.

423 3313 483 3368 '0
512 3315 767 3388 τέταρτος
798 3317 1003 3388 ἐξαιρεῖ
1028 3319 1121 3372 καὶ
1140 3319 1235 3389 τὴν
1275 3319 1482 3392 Καινὴν
1514 3317 1784 3390 Διαθήκην
1811 3316 1905 3388 τῆς

2086 3313 2326 3381 Quartus
2357 3314 2495 3369 liber
2537 3313 2747 3369 Novum
2787 3314 3198 3372 Testamentum
3246 3317 3314 3372 ab
3361 3317 3575 3372 illorum

343 3407 565 3462 ἐκείνων
596 3409 736 3462 κατὰ
768 3409 901 3462 Θεοῦ
947 3410 1313 3482 βλασφημίας,
1345 3412 1419 3476 ὡς
1463 3411 1584 3464 οὐδὲ
1635 3411 1772 3483 πρὸς
1815 3411 1912 3464 αὐ-

343 3498 440 3568 τὴν
470 3499 745 3564 παντελῶς
785 3501 1016 3571 ἑχόντων
1058 3502 1178 3555 τινὰ
1217 3504 1517 3570 κοινωνίαν,
1565 3504 1658 3558 καὶ
1690 3503 1766 3567 ῶς
1809 3502 1910 3572 μάο

344 3603 444 3658 την
477 3589 817 3655 ἐκϐιάζονται
868 3594 1003 3665 μέρη
1039 3594 1102 3662 γέ
1133 3611 1254 3648 τινα
1293 3595 1494 3666 ταύτης
1531 3596 1666 3662 πρὸς
1711 3594 1908 3648 σύστα-

347 3695 430 3732 σιν
456 3680 554 3750 τῆς
574 3683 752 3736 αὐτῶν
777 3684 1028 3750 ἀσεϐείας
1047 3703 1060 3716 ⁸
1098 3688 1188 3741 καὶ
1209 3687 1284 3751 ὼς
1315 3689 1348 3759 ἡ
1381 3687 1520 3741 κατὰ
1546 3689 1635 3742 τὸν
1668 3687 1909 3741 διάϐολον

2017 3407 2352 3477 blasphemia
2393 3407 2446 3461 in
2482 3405 2648 3462 Deum
2680 3405 2950 3472 defendit,
2984 3418 3042 3463 ut
3075 3410 3168 3481 qui
3199 3411 3402 3464 nullam
3431 3426 3582 3481 proro

2017 3514 2112 3556 sus
2145 3501 2581 3556 communionem
2612 3517 2734 3556 cum
2769 3517 2834 3557 eo
2873 3502 3130 3570 habeant,
3176 3512 3229 3558 et
3275 3503 3476 3558 [rustra
3523 3520 3584 3561 ac

2015 3607 2152 3645 vane
2195 3591 2460 3662 quasdam
2494 3599 2675 3662 partes
2710 3592 2830 3662 ejus
2855 3594 2921 3648 ad
2954 3594 3393 3650 constituendam
3429 3611 3584 3651 suam

2019 3685 2352 3754 impietatem
2406 3699 2504 3754 per
2548 3685 2657 3740 vim
2710 3686 2970 3752 trahant;
3023 3686 3277 3758 quodque
3333 3687 3385 3741 id
3441 3687 3585 3758 quod

345 3771 792 3847 ὑπόθεσιςοὺδὲν
846 3777 1027 3842 αὐτοῖς
1074 3779 1384 3851 συναίρεται
1430 3779 1566 3852 πρὸς
1614 3778 1649 3833 ἃ
1695 3778 1911 3848 λέγουσι

2018 3776 2286 3831 diabolice
2320 3776 2647 3847 subjiciam,
2678 3778 2817 3832 nihil
2858 3794 2954 3852 eos
2994 3778 3147 3849 juvat
3193 3779 3260 3833 ad
3306 3795 3370 3835 ea
3417 3779 3586 3836 stabi-

347 3861 485 3914 κατὰ
517 3862 673 3918 Θεοῦ.

2019 3865 2196 3921 lienda
2230 3881 2349 3937 qua:
2381 3876 2571 3920 contra
2604 3865 2770 3921 Deum
2803 3865 3012 3922 dicunt.

1518 4095 2393 4186 SUPPLEMENTA

350 4288 401 4350 Ε
443 4287 774 4350 Parallclis
803 4287 1260 4348 Damascenicis
1313 4285 1868 4366 Itupefucaldinis,
1922 4285 1996 4347 ad
2041 4286 2238 4348 libros
2262 4287 2344 4348 IV
2378 4287 2677 4349 adversus
2719 4289 3094 4350 Μαηίεήωοε
3124 4287 3250 4350 Titi
3284 4289 3589 4350 Bostren-

1753 4405 1841 4449 διε
1873 4404 2177 4466 episcopi.

750 4735 830 4791 Ex
857 4733 1080 4792 Joannis
1115 4734 1428 4791 Damasceui
1449 4750 1590 4793 sacr.
1627 4736 1878 4798 Parallel.
1909 4741 2041 4808 Opp.
2073 4753 2199 4796 tom.
2236 4739 2301 4806 II,
2329 4755 2450 4810 pag.
2487 4737 2613 4802 765,
2644 4737 2777 4791 edit.
2826 4736 3005 4793 Paris.
3043 4738 3206 4793 1719..

359 4881 467 4936 Τοῦ
489 4881 657 4952 ἁγίου
700 4879 866 4952 Τίτου
893 4877 1226 4952 ἐπισκόπου
1250 4878 1529 4952 Βόστρων
1550 4878 1618 4932 ἐκ
1646 4880 1752 4934 τοῦ
1771 4880 1905 4935 κατὲ

2023 4881 2206 4938 Sancti
2239 4881 2344 4938 Titi
2396 4878 2623 4949 episcopi
2653 4877 2966 4952 βοιινοτωη
2992 4917 3007 4941 ,
3062 4882 3140 4930 ex”
3181 4873 3312 4927 liora
3359 4889 3375 4928 ι
3413 4885 3596 4932 contra

731 4949 1071 5017 Μανιχαιων
1106 4949 1292 5017 ,λόγου
1325 4954 1374 5001 a’
1399 4949 1530 5020 (65).

423 5063 545 5126 Πῶς
561 5057 673 5122 οὖν,
705 5060 829 5130 φὴς,
868 5060 1225 5130 ἀναστήσεται
1252 5062 1311 5114 τὸ
1353 5061 1530 5132 σῶμα,
1565 5061 1612 5114 εί
1657 5061 1794 5132 σὰρξ
1823 5063 1917 5116 καὶ

353 5151 490 5227 αἷμα
524 5151 795 5226 βασιλείαν
824 5149 957 5204 Θεοῦ
1000 5151 1400 5224 κληρονομῆσαι
1440 5155 1498 5206 οὐ
1530 5153 1821 5220 δύνανται,
1855 5155 1917 5208 οὐ

352 5249 528 5302 τοίνυν
590 5246 724 5307 ἐστὶ,
784 5245 964 5313 φασὶν,
1011 5245 1218 5314 νεκρῶν
1277 5245 1586 5309 ἀνάστασις.
1637 5245 1773 5300 Οὔτε
1807 5249 1921 5310 τοῖς

351 5337 606 5408 ἀνωτέρω
619 5335 705 5389 διὰ
722 5333 977 5389 πλειόνων
992 5335 1218 5404 λεχθεῖσι
1235 5337 1324 5389 τὸν
1349 5338 1471 5391 νοῦν
1492 5339 1551 5391 οὺ
1569 5339 1918 5410 παρέχουσιν,

349 5431 466 5486 ἀλλ’
487 5428 671 5498 ῶσπερ
699 5426 839 5488 τινὲς
881 5429 936 5478 ἐν
963 5427 1238 5494 διαμοναῖς
1277 5430 1619 5499 πραγμάτων
1645 5429 1920 5484 ἀδικωτά-

352 5540 482 5583 των,
505 5519 565 5572 τὸ
594 5519 802 5580 ἑαυτοῖς
835 5517 1124 5587 προσφιλὲς
1155 5522 1232 5584 εἰς
1254 5519 1349 5590 τὴν
1377 5522 1631 5576 ὑπόνοιαν
1661 5523 1760 5594 τῆς
1790 5539 1924 5592 σφε-

415 5674 526 5744 (65)
578 5674 670 5746 Ἐκ
693 5673 811 5746 mg
837 5673 985 5746 κατὰ
1010 5677 1221 5740 Μαι-ιχ.
1247 5675 1430 5744 λόγου
1455 5682 1527 5728 α’.
1552 5674 1903 5746 Nequaquam

355 5742 467 5802 haec
497 5742 550 5801 in
581 5745 735 5801 libris
771 5742 876 5798 Titi
913 5743 1222 5798 Bostrensis
1251 5742 1433 5798 contra
1467 5746 1520 5798 Μ
1528 5742 1811 5811 (iniciat-0‘s,
1849 5754 1906 5800 ut

670 5836 933 5898 Parnm.
968 5834 1085 5895 Gn.
1119 5833 1347 5896 XVIII.

2643 4947 2690 5001 Μ
2700 4948 2981 5001 anicluros.

2093 5063 2324 5130 Quinam
2375 5061 2539 5134 igitur
2583 5059 2692 5122 ﬁet,
2739 5057 2942 5128 inquis.
2986 5065 3046 5110 ut
3074 5070 3274 5121 corpus
3315 5064 3600 5124 resurgat.

2021 5155 2067 5212 si
2098 5170 2225 5210 caro
2259 5162 2313 5210 et
2355 5152 2579 5222 sanguis
2623 5166 2850 5220 regnum
2880 5148 2974 5203 Ilei
3008 5148 3292 5217 possidere
3323 5161 3430 5200 non
3467 5162 3600 5217 pos-

2022 5247 2180 5301 sunt?
2210 5257 2554 5314 nequaquam
2574 5242 2740 5310 igitur
2761 5248 2844 5294 est
2871 5237 3205 5292 resurrectio
3232 5243 3598 5290 mortuorum.

2023 5339 2119 5394 His
2140 5353 2259 5408 quae
2289 5337 2545 5406 superius
2578 5335 2804 5403 copiose
2845 5331 2990 5386 dicta
3031 5337 3182 5393 sunt,
3212 5330 3455 5384 animum
3489 5343 3600 5383 non

2025 5430 2350 5492 advertunt;
2383 5426 2476 5482 sed
2499 5468 2513 5491 ,
2565 5427 2712 5481 velut
2750 5424 2970 5493 quidam
3023 5421 3384 5492 iniquissimis
3421 5421 3475 5474 in
3506 5436 3601 5474 ne-

2024 5520 2186 5590 gotiis
2221 5529 2630 5590 perseverantes
2653 5560 2666 5584 ,
2716 5517 2767 5571 id
2800 5515 2944 5586 quod
2982 5513 3083 5569 sibi
3149 5513 3213 5566 ad
3269 5512 3600 5583 impietatem

2013 5689 2159 5798 pune
2215 5682 2450 5746 exstant.
2506 5689 2571 5730 es
2632 5671 2985 5729 translatione
3036 5668 3338 5736 Turriani,
3399 5670 3598 5744 reperi.

2037 5761 2276 5798 ,εουτεκ

2037 5761 2276 5808 δεουτω.

3283 5837 3362 5898 to
