4116 6332
637 292 782 350 1239

643 424 798 464 suam
823 407 1062 462 arridere
1103 406 1448 477 suspicantur
1475 448 1487 470 ,
1525 423 1633 462 non
1668 410 1813 479 quod
1843 411 2051 480 justum
2081 418 2164 466 est
2189 451 2204 474 ,

641 500 868 570 eligunt.
904 498 1044 553 Caro
1069 500 1418 570 passionibus
1440 501 1672 556 obnoxia
1697 517 1801 558 non
1830 505 2086 574 resurgit,
2113 504 2201 557 in-

640 592 759 660 quit
793 590 1085 660 Apostolus
1110 630 1124 654 ,
1163 607 1348 660 neque
1382 608 1632 648 crassum
1660 607 1862 663 corpus
1917 610 2025 648 una
2078 610 2201 649 cum

639 669 1054 753 aegritudinibus
1091 703 1096 712 ·
1129 683 1245 738 suis
1309 684 1472 739 vivet.
1529 685 1796 752 Quocirca
1857 687 2200 756 perspicuam

640 773 956 842 quiestionis
989 775 1493 844 interpretationem
1557 777 1782 831 subdit:
1837 777 1968 831 Ecce
2013 791 2204 849 myste-

639 865 777 916 rium
826 863 968 916 vobis
1016 862 1174 917 dico:
1227 881 1402 919 omnes
1452 866 1657 936 quidem
1695 883 1798 920 non
1839 867 2197 932 dormiemus,

637 955 726 1008 sed
757 971 934 1008 omnes
958 955 1359 1010 immutabimur
1397 957 1439 1012 ⁸.
1485 957 1640 1014 Unde
1689 975 1789 1014 nos
1818 961 1910 1031 qui
1947 962 2078 1016 salvi
2117 961 2201 1014 fu-

637 1047 746 1099 turi
775 1062 998 1110 sumus,
1052 1052 1404 1105 mutationem
1456 1052 1839 1116 admittcmus,
1880 1053 2200 1121 corporibus

636 1139 858 1193 meliore
907 1145 1052 1192 statu
1088 1155 1150 1193 ac
1191 1140 1506 1198 conditione
1562 1142 1799 1196 donatis.
1868 1143 1944 1197 Ac
2001 1159 2199 1212 corpus

635 1231 854 1301 quidem
906 1233 1031 1296 crit,
1070 1231 1212 1300 quod
1247 1233 1406 1288 nobis
1442 1235 1742 1290 mutatione
1786 1236 1875 1288 illa
1934 1236 2194 1291 dabitur:

635 1331 688 1374 at
718 1337 823 1374 non
871 1322 1092 1391 perinde
1151 1339 1277 1376 caro
1321 1334 1376 1378 et
1434 1325 1656 1395 sanguis
1710 1341 1833 1379 cuiu
1889 1326 2200 1382 inﬁrmitate

635 1415 976 1483 complicata.
1011 1412 1125 1468 Non
1152 1416 1294 1470 enim
1317 1413 1421 1470 hoc
1453 1418 1569 1486 ipso
1591 1417 1736 1488 quod
1769 1433 1968 1488 corpus
1995 1420 2197 1489 aliquid

635 1505 725 1568 sit,
760 1506 892 1559 illud
922 1507 1180 1561 continuo
1217 1521 1344 1562 caro
1393 1525 1610 1579 quoque
1667 1517 1771 1565 est.
1805 1511 1898 1565 Sol
1931 1513 2090 1580 plane
2144 1521 2197 1566 et

634 1597 761 1650 luna
817 1606 872 1651 et
914 1598 1091 1653 omnis
1139 1598 1378 1654 caelestis
1434 1602 1671 1657 chorus.
1729 1616 1928 1672 corpus
1975 1603 2197 1659 omnino

633 1697 792 1753 sunt,
843 1705 1182 1760 nequaquam
1237 1701 1412 1745 autem
1472 1706 1621 1747 caro.
1683 1692 1962 1762 Ejusmodi
2030 1711 2195 1765 porro

633 1782 867 1850 speciem
901 1785 1188 1853 quamdam
1222 1783 1438 1838 habebit
1469 1800 1668 1854 corpus
1718 1788 1862 1855 quod
1917 1798 2192 1858 resurget;

629 1875 704 1928 ita
741 1883 800 1929 ut
829 1888 1138 1932 sanctorum
1172 1878 1366 1932 animm
1395 1893 1518 1932 cum
1553 1894 1782 1948 corpore
1815 1879 2071 1950 deinceps
2101 1881 2196 1934 lia-

631 1965 822 2031 lii’tent,
847 1969 990 2037 quod
1019 1969 1277 2022 alimento
1313 1971 1583 2039 corporali
1616 1979 1795 2025 tamen
1821 1972 2054 2040 amplius
2085 1988 2192 2026 non

629 2070 810 2129 egeat;
843 2063 973 2130 quin
1006 2077 1104 2116 nec
1154 2061 1208 2116 in
1243 2062 1656 2127 oblectationes,
1693 2079 1867 2133 neque
1911 2065 1966 2118 in
2024 2065 2194 2120 mole-

629 2153 762 2208 stias
789 2162 840 2207 et
865 2154 1080 2210 dolores
1115 2154 1351 2220 incidat;
1401 2156 1495 2210 sed
1528 2156 1582 2209 in
1612 2157 1798 2226 gloriie
1823 2171 1934 2212 sua:
1965 2172 2193 2212 consor-

630 2253 736 2300 tem
766 2247 1000 2300 animam
1035 2246 1276 2301 divinum
1301 2247 1448 2301 illum
1474 2247 1679 2301 cultum
1721 2249 1992 2304 ullatenus
2015 2257 2193 2304 trans-

627 2337 786 2400 ferat,
821 2338 985 2393 linitis
1014 2338 1428 2401 certaminibus,
1462 2347 1516 2392 et
1552 2338 1732 2393 anima
1760 2339 1982 2394 decreto
2014 2340 2106 2394 Dei
2135 2342 2188 2394 in

627 2425 868 2494 requiem
921 2441 1075 2480 suam
1125 2426 1390 2495 digressa.
1434 2425 1660 2498 Insuper
1693 2443 1820 2482 vero
1868 2428 1970 2483 hoc
2017 2437 2189 2484 totum

626 2517 798 2585 aperit
834 2524 885 2570 et
908 2516 1164 2580 elucidat,
1200 2532 1263 2570 ac
1295 2519 1714 2575 resurrectionis
1748 2522 2015 2576 rationem
2045 2523 2190 2578 edis-

626 2605 780 2665 serit,
819 2603 1094 2659 dicendo:
1137 2605 1400 2672 Quoniam
1447 2619 1645 2676 oportet
1690 2612 2032 2680 corruptibile
2099 2613 2189 2666 hoc

625 2695 840 2750 induere
867 2698 1304 2766 incorruptionem
1327 2741 1340 2762 ,
1373 2709 1422 2753 et
1456 2701 1676 2756 mortale
1705 2701 1800 2756 hoc
1841 2703 2055 2759 induere
2087 2706 2189 2759 im-

625 2789 1008 2842 mortalitatem
1041 2792 1080 2845 “.
1129 2789 1266 2845 Hinc
1313 2808 1505 2846 verum
1563 2778 1634 2847 sit
1682 2794 1858 2849 illud:
1906 2793 2188 2865 Corruptio

624 2880 1063 2948 incorruptionem
1123 2881 1427 2934 Iiwreditate
1469 2898 1570 2934 non
1619 2881 1813 2935 obtinet
1847 2883 1912 2936 ¹⁰.
1975 2882 2107 2936 Nam
2141 2883 2188 2938 si

624 2971 894 3042 quiSpiam
945 2972 1046 3027 hoc
1089 2973 1312 3036 diceret,
1342 2972 1485 3042 quod
1521 2988 1651 3028 caro
1681 2991 1785 3028 una
1823 2989 1950 3028 cum
2008 2975 2187 3030 insitis

626 3065 681 3118 in
719 3081 782 3118 ea
814 3064 1191 3119 aﬂ‘ectionibus
1226 3080 1551 3136 resurgens,
1601 3064 1872 3134 ejusmodi
1920 3067 1991 3121 sit
2019 3066 2184 3122 vitam

625 3165 835 3220 actura,
867 3163 927 3210 ut
963 3157 1150 3212 eadem
1184 3156 1345 3211 simul
1395 3172 1518 3210 cum
1561 3158 1739 3211 anima
1767 3157 2100 3228 perpetiatur
2133 3167 2186 3213 et

623 3257 783 3318 agat,
821 3249 1019 3302 rationi
1050 3257 1476 3304 consentaneum
1509 3266 1616 3304 non
1655 3257 1819 3312 esset,
1864 3250 2010 3318 quod
2044 3249 2185 3304 bona

625 3355 720 3408 spe
748 3346 979 3393 careret.
1015 3337 1109 3392 Sin
1132 3354 1259 3392 vero
1315 3339 1446 3393 illud
1495 3341 1671 3410 ipsum
1727 3339 2079 3393 mutationem
2131 3340 2183 3392 in

624 3431 904 3483 meliorem
955 3437 1008 3483 et
1037 3429 1243 3484 felicem
1274 3437 1476 3485 statum
1525 3431 1763 3500 accipit,
1819 3430 1923 3483 hoc
1971 3428 2187 3499 egregie

623 3521 1016 3576 demonstravit
1055 3523 1127 3575 ita
1163 3507 1388 3592 loquens
1420 3540 1432 3576 :
1487 3521 1700 3592 Oportet
1747 3523 1885 3576 enim
1925 3523 2186 3588 corrupti-

624 3613 724 3666 bile
751 3613 845 3665 hoc
886 3613 1099 3665 induere
1131 3613 1598 3682 incorruptionem,
1629 3621 1679 3666 et
1708 3613 1930 3666 mortale
1975 3615 2071 3664 hoc
2101 3613 2184 3664 inm

622 3702 780 3754 duere
830 3701 1297 3783 immortalitatem.
1350 3700 1503 3755 iusta
1553 3701 1770 3772 quidem
1814 3703 2183 3758 remuneratio

620 3801 706 3848 est
736 3794 1118 3860 instrumenti,
1169 3795 1313 3865 quod
1366 3793 1612 3848 laborum
1666 3795 1859 3849 anima:
1911 3795 2184 3864 particeps

622 3885 761 3939 fuit:
793 3901 894 3940 nec
925 3901 1056 3940 vero
1083 3902 1144 3941 ea
1173 3882 1432 3942 damnosa
1462 3894 1545 3941 est
1573 3925 1588 3949 ,
1638 3900 1737 3940 nec
1771 3887 2050 3943 laboribus
2085 3890 2184 3942 ob-

623 3977 804 4034 noxia.
835 3979 997 4050 Atqui
1052 3979 1107 4032 in
1165 3979 1268 4032 hac
1302 3980 1456 4032 beata
1493 3978 1601 4031 vita
1632 3979 1766 4033 tales
1816 3995 1938 4047 esse
1990 3995 2179 4034 eorum

621 4071 715 4138 qui
751 4072 997 4125 salvandi
1028 4078 1176 4135 sunt,
1215 4071 1425 4124 animas
1472 4077 1721 4138 oportet;
1775 4077 1836 4122 ut
1887 4077 2179 4140 cognatum

620 4157 840 4228 quidem
885 4160 987 4214 sibi
1023 4174 1222 4228 corpus
1261 4158 1559 4228 recipiant,
1603 4171 1713 4212 non
1767 4167 1943 4210 autem
1999 4158 2178 4226 ipsum

621 4267 785 4319 grave
804 4259 858 4306 et
894 4261 1188 4316 terrenum,
1241 4253 1584 4323 carualisque
1617 4252 1932 4321 cupiditatis
1969 4253 2204 4321 plenum,

1731 290 1867 352 TITI
1904 295 2333 353 BOSTRENSlS
2371 295 2670 354 EPISCOPI

3691 305 3796 362 ιεοο

2237 419 2281 474 Α
2308 411 2470 482 τέρας
2509 409 2782 474 ἀσεϐείας,
2815 409 2877 462 οὑ
2924 411 2984 462 τὸ
3027 411 3232 463 δίκαιον
3273 410 3552 482 αἱροῦνται.
3584 415 3681 468 Οὐκ
3707 418 3795 471 ἐστι

2308 505 2443 576 σὰρξ
2491 503 2743 576 ἐμπαθὴς
2797 502 3152 573 ἀνισταμένη,
3208 502 3366 572 φησὶν
3415 504 3442 554 ὁ
3502 505 3793 572 Ἀπόστολος,

2303 596 2422 649 οὐδὲ
2465 597 2609 666 παχὺ
2667 594 2824 664 σῶμα
2873 589 3027 656 αὖθις
3073 592 3338 664 μετάίτῶν
3373 593 3548 647 παθῶν
3578 597 3795 650 πολιτεύε-

2303 707 2390 741 ται
2417 687 2544 758 (66).
2581 687 2671 740 Διὸ
2713 687 2904 755 ἐπάγει
2943 685 3084 756 σαφῆ
3121 685 3410 755 ἑρμηνείαν
3437 685 3528 756 τῆς
3567 687 3795 759 ἐπαπορή-

2304 799 2439 845 σεως
2458 796 2471 808 ⁸
2491 780 2634 835 Ἰδοὺ
2650 778 2989 848 μυστήριον
3011 776 3150 846 ὑμῖν
3178 776 3329 844 λέγω
3351 791 3364 804 ’
3399 774 3604 842 πάντες
3625 777 3721 845 μὲν
3744 781 3796 832 οὐ

2302 873 2793 940 κοιμηθησόμεθα,
2835 869 3055 935 πάντες
3088 867 3156 921 δὲ
3189 867 3656 937 ἀλλαγησόμεθα·
3692 870 3795 924 ὥστε

2305 963 2602 1034 μεταϐολὴν
2623 961 2815 1032 ἕξομεν
2847 962 2895 1014 oi
2924 960 3290 1030 σωθησόμενοι
3319 959 3407 1010 ἐπί
3427 975 3540 1012 τινα
3567 960 3798 1030 κρείττονα

2303 1055 2568 1124 σωμάτων
2622 1055 2972 1107 κατάστασιν.
3027 1052 3136 1103 Καὶ
3197 1049 3354 1118 σῶμα
3395 1047 3489 1118 μὲν
3516 1049 3716 1102 ἔσταιτὸ
3752 1053 3799 1104 ὲκ
3867 1092 3870 1098 .

2303 1147 2601 1217 μεταϐολῆς
2630 1145 2899 1215 διδόμενον
2932 1146 3084 1214 ημῖν,
3113 1142 3297 1195 οὐκέτι
3335 1142 3390 1195 δὲ
3437 1140 3563 1211 σὰρξ
3592 1143 3673 1194 καὶ
3696 1139 3800 1213 αἷμα

2302 1238 2552 1308 ἀσθενείᾳ
2601 1236 3080 1307 συμπεπλεγμένα.
3111 1236 3184 1287 Οὐ
3233 1235 3340 1306 γὰρ
3369 1235 3489 1286 εἴτι
3519 1233 3675 1304 σῶμα,
3700 1237 3801 1288 πᾶν·

2299 1345 2406 1391 τως
2434 1329 2526 1380 καὶ
2577 1325 2732 1398 σάρξ.
2763 1326 2949 1387 ’Ἥλιος
3000 1324 3130 1392 γοῦν
3182 1323 3274 1376 καὶ
3323 1323 3509 1393 σελήνη
3553 1323 3634 1376 καὶ
3672 1324 3800 1385 πᾶςό

2297 1418 2544 1488 οὐράνιος
2591 1417 2768 1487 χορὸς,
2811 1415 2967 1485 σῶμα
3017 1415 3113 1483 μὲν
3145 1412 3370 1466 καθόλου
3410 1413 3662 1481 τυγχάνει,
3699 1411 3802 1482 σὰρξ

2297 1509 2352 1561 δὲ
2377 1508 2646 1578 οὐδαμῶς.
2684 1506 2949 1577 Τοιαύτην
2977 1505 3096 1558 τινὰ
3125 1504 3267 1558 ἰδέαν
3300 1503 3520 1574 λήψεται
3549 1503 3601 1554 τὸ
3625 1503 3800 1556 ἀνιστά-

2305 1618 2465 1671 μενον
2491 1601 2668 1671 σὼμα,
2702 1600 2840 1653 ὥστε
2869 1599 2963 1662 τὰς
2990 1598 3098 1651 τῶν
3118 1597 3289 1666 ἁγίων
3317 1597 3489 1666 ψυχὰς
3519 1596 3801 1665 συνοικήσειν

2303 1692 2510 1764 σώματι
2540 1693 2743 1756 λοιπὸν,
2779 1691 2958 1744 οὐκέτι
2991 1707 3054 1759 γε
3076 1693 3284 1760 τροφῆς
3305 1688 3533 1758 δεομένῳ
3566 1686 3798 1755 σαρκικῆς,

2230 1763 2270 1817 Β
2297 1786 2475 1839 οὐκέτι
2503 1785 2557 1838 δὲ
2588 1785 2797 1855 ἡδοναῖς
2831 1801 2888 1836 τε
2947 1785 3036 1836 καὶ
3056 1781 3275 1844 λύπαις,
3310 1782 3402 1834 καὶ
3424 1779 3652 1850 ἀλγηδόσι
3684 1795 3800 1848 περι-

2295 1877 2563 1939 πίπτοντι,
2593 1877 2704 1931 ἀλλ’
2752 1873 2810 1929 εὖ
2845 1875 2986 1946 μάλα
3023 1873 3263 1945 ὀμοδόξὶρ
3293 1877 3360 1944 τῇ
3402 1873 3539 1942 ψυχῇ
3568 1871 3798 1942 προσάπαν

2291 1969 2389 2040 τὴν
2438 1968 2616 2022 ἔνθεον
2670 1968 2921 2040 λατρείαν
2955 1966 3222 2038 μηδέποτε
3268 1965 3604 2027 ἀνατείνοντι,
3637 1980 3800 2015 πεπαυ-

2297 2060 2468 2130 μένων
2515 2060 2622 2111 τῶν
2667 2059 3081 2128 ἀγωνισμάτων,
3110 2057 3205 2110 καὶ
3246 2057 3387 2128 πρὸς
3419 2055 3702 2109 ἀνάπαυλαν
3726 2054 3798 2121 τῆς

2291 2149 2468 2220 ψυχῆς
2485 2177 2502 2195 οη
2521 2149 3009 2220 ἀνακεχωρηκυίας
3035 2147 3266 2217 δόγματι
3301 2145 3456 2200 Θεοῦ.
3498 2146 3607 2199 Ἐπὶ
3634 2145 3680 2197 δὲ
3703 2143 3796 2196 τού·

2290 2257 2402 2304 τοις
2424 2241 2704 2311 σαφηνίζει
2741 2241 2951 2294 ἅπαντα
2980 2239 3071 2292 τὸν
3102 2238 3279 2307 λόγον,
3300 2238 3497 2292 καὶτὸν
3526 2237 3697 2307 τρόπον
3726 2235 3799 2303 τῆς

2291 2333 2632 2397 ἀναστάσεως
2669 2333 2942 2402 ἐξηγεῖται
2969 2331 3141 2398 λέγων
3161 2348 3174 2360 ·
3216 2331 3347 2384 Ὅτι
3379 2329 3474 2382 δεῖ
3500 2329 3561 2381 τὸ
3591 2323 3798 2396 φθαρτὸν

2289 2425 2462 2480 τοῦτο
2474 2426 2839 2479 ἐνδύσασθαι
2857 2425 3220 2494 ἀφθαρσίαν,
3252 2422 3352 2476 καὶ
3377 2421 3444 2475 τὸ
3460 2416 3796 2486 θνητὸντοῦτο

2287 2515 2650 2569 ἐνδύσασθαι
2675 2516 3028 2570 ἀθανασίαν.
3059 2511 3282 2584 more;
3303 2513 3370 2567 ἂν
3387 2514 3467 2583 εἴη
3489 2511 3542 2564 τό
3556 2529 3568 2540 ο
3585 2509 3646 2564 Ἠ
3655 2505 3799 2576 φθορὰ

2287 2609 2402 2677 τὴν
2425 2611 2764 2678 ἀφθαρσίαν
2803 2612 2874 2663 οὐ
2919 2607 3296 2675 κληρονομεῖ.
3350 2608 3413 2660 El
3463 2607 3554 2676 μέν
3600 2606 3691 2672 γάρ
3733 2617 3797 2661 τις

2287 2701 2441 2754 τοῦτο
2463 2701 2662 2769 ἔλεγεν,
2691 2702 2772 2754 ὅτι
2809 2703 2840 2772 η
2878 2701 3012 2772 σὰρξ
3039 2700 3154 2770 ἅμα
3193 2703 3310 2762 τοῖς
3347 2698 3595 2768 ἐμφύτοις
3620 2695 3796 2746 πάθεσιν

2287 2790 2440 2856 αὖθις
2457 2794 2734 2845 ἀναστᾶσα
2763 2791 3010 2863 ζήσεται,
3045 2792 3111 2844 τά
3146 2791 3288 2845 αὐτά
3319 2791 3591 2860 πάσχουσα
3634 2804 3680 2839 τε
3724 2784 3798 2836 καὶ

2285 2882 2504 2953 δρῶμας
2531 2881 2665 2952 (66⁸)
2698 2883 2811 2954 ἅμα
2833 2885 2897 2952 τῇ
2931 2882 3074 2952 ψυχῇ
3095 2923 3108 2943 ,
3133 2877 3199 2950 ἦν
3223 2881 3290 2934 ἂν
3326 2882 3512 2947 ἄλογος
3536 2879 3619 2931 οὐκ
3642 2877 3793 2945 ἔχουσα

2287 2975 2494 3046 ἀγαθὴν
2511 2974 2717 3027 ἐλπίδα·
2743 2974 2860 3027 εἰδὲ
2881 2973 3177 3044 μεταϐολὴν
3194 2973 3329 3027 αὐτὸ
3345 2971 3409 3043 δὴ
3428 2973 3572 3025 τοῦτο
3592 2967 3793 3038 λαμϐάνει

2289 3063 2592 3136 κρείττονος
2619 3063 2712 3116 καὶ
2751 3062 3024 3132 μακαρίας
3053 3061 3234 3126 ἕξεως,
3284 3061 3423 3128 ὅπερ
3453 3054 3698 3116 δεικτικῶς
3723 3065 3795 3119 ση·

2291 3157 2490 3228 μαίνει,
2522 3155 2742 3224 φάσκων
2762 3171 2774 3184 ·
2809 3154 2907 3207 Δεῖ
2942 3155 3050 3224 γὰρ
3085 3152 3148 3206 τὸ
3183 3153 3452 3221 φθαρτὸν
3481 3150 3635 3205 τοῦτο
3659 3143 3796 3199 ὲνόύο

2287 3253 2508 3305 σασθαι
2555 3248 2914 3317 ἀφθαρσίαν,
2946 3247 3042 3300 καὶ
3084 3243 3150 3298 τὸ
3175 3245 3401 3312 θνητὸν
3418 3243 3578 3297 τοῦτο
3597 3237 3795 3292 ἐνδύσα-

2287 3345 2423 3395 σθαι
2451 3338 2803 3393 ἀθανασίαν.
2842 3335 3033 3388 Δικαία
3055 3336 3150 3404 μὲν
3166 3334 3260 3387 τοῦ
3294 3331 3643 3403 συγκαμόντος
3669 3329 3798 3395 ἐργα-

2286 3432 2427 3486 λείου
2455 3435 2519 3502 τῇ
2546 3429 2690 3499 ψυχῇ
2727 3431 2759 3499 η
2796 3427 3065 3489 ἀπόδοσις,
3106 3425 3205 3477 οὐκ
3244 3425 3534 3494 ἐπιζήμιος
3563 3421 3607 3472 δὲ
3632 3417 3708 3469 καὶ
3735 3414 3798 3465 ἐτι

2287 3519 2539 3580 ἐπίπονος
2583 3520 2776 3590 ταύτῃ.
2818 3518 2953 3571 Ἃλλ⁹
2992 3519 3047 3568 ἐν
3085 3514 3158 3585 τῷ
3195 3517 3455 3586 μακαρίῳ
3491 3511 3612 3581 (βίῳ)
3639 3504 3796 3564 ταύτας

2288 3610 2503 3665 ἔσεσθαι
2529 3611 2636 3664 τῶν
2675 3609 2992 3680 σωζομένων
3027 3607 3123 3670 τὰς
3143 3606 3323 3677 ψυχὰς
3371 3599 3696 3687 ἀπειληφυίαις

2288 3703 2348 3756 τὸ
2407 3703 2680 3773 σύμφυτον
2747 3702 2938 3765 αὑταῖς
2999 3699 3174 3770 σῶμα,
3210 3702 3274 3752 οὐ
3345 3698 3523 3770 μέντοι
3569 3690 3685 3763 βαρῦ
3727 3684 3798 3738 καὶ

2289 3796 2508 3864 γεῶδες,
2533 3796 2626 3848 καὶ
2661 3796 2925 3867 σαρκικῆς
2947 3793 3242 3864 ἐπιθυμίας
3265 3792 3455 3861 γέμον,
3485 3785 3705 3878 καθάπερ
3723 3777 3798 3878 τῂν

2287 3885 2480 3959 ἀρχὴν,
2524 3886 2613 3939 ὅτε
2665 3885 2728 3955 δὴ
2785 3884 3056 3955 προσῆκον
3085 3879 3152 3953 ἦν
3198 3881 3278 3951 τῷ
3317 3880 3488 3950 ἀγῶνι
3518 3876 3610 3946 τῆς
3644 3873 3797 3942 ἀρετῆς

2287 3979 2700 4048 ἐνευδοκιμῆσαι
2743 3975 2980 4037 ταύταις.
3025 3973 3230 4025 ’Δδικία
3282 3972 3414 4044 γάρ,
3443 3972 3489 4023 εί
3531 3967 3598 4038 μὴ
3623 3963 3675 4015 τὸ
3696 3974 3799 4048 συμ-

2286 4046 2620 4139 πονῆσανήτῇ
2667 4067 2809 4138 ψυχῇ
2853 4066 3008 4136 σῶμα
3049 4063 3190 4116 κατά
3223 4064 3384 4120 τήνδε
3428 4061 3522 4129 τὴν
3578 4046 3798 4108 πολιτείαν

2285 4157 2501 4230 ἀποδῴη
2532 4157 2940 4211 συναπόλαυσιν,

2247 4253 2706 4326 quemadmodum
2767 4260 2964 4317 antea;
2994 4251 3214 4320 quando
3242 4263 3440 4319 nempe
3480 4236 3799 4300 necessarium

2212 3110 2255 3169 C

621 4353 757 4408 erat,
811 4353 871 4400 ut
919 4361 1040 4399 cum
1093 4346 1172 4401 eis
1245 4346 1464 4400 virtutis
1529 4346 1830 4400 certamine.
1888 4345 2230 4414 probaretur.
2273 4347 2524 4416 Iniquum
2564 4343 3076 4414 siquideml‘uisset,
3126 4343 3170 4397 si
3219 4357 3428 4411 corpus
3458 4335 3596 4407 quod
3642 4329 3798 4386 anima

621 4436 863 4492 laborum
913 4438 966 4492 in
999 4438 1224 4508 hujusce
1259 4438 1377 4492 vita:
1407 4437 1776 4493 inunctionibus
1833 4453 2062 4494 consors
2092 4438 2193 4494 fuit

2201 4481 2216 4506 ,
2259 4442 2604 4512 praemiorum
2632 4437 2752 4508 ejus
2786 4437 3142 4492 retributione
3176 4449 3287 4489 non
3313 4433 3616 4488 donaretur.

2204 4549 2264 4604 ll.

2010 4665 2148 4722 Ibid.
2180 4685 2298 4740 pag.
2336 4669 2458 4726 747.

619 4807 804 4861 Sancti
836 4805 940 4860 Titi
978 4803 1558 4927 episcopiMBostrhorum
1579 4841 1592 4864 ,
1623 4816 1686 4855 ex
1730 4801 1863 4856 libro
1898 4816 1934 4854 ιι
1983 4809 2176 4856 contra

1265 4889 1384 4927 anic
1427 4887 1557 4927 :eos.

1265 4887 1557 4928 anicnzeos.

695 4965 987 5020 Dicendum
1043 4965 1204 5034 igitur
1245 4972 1348 5029 est,
1390 4962 1662 5017 hominem
1701 4977 1731 5014 a
1756 4962 2056 5017 Conditore
2093 4977 2180 5018 re-

616 5073 740 5114 rum
775 5059 826 5112 in
867 5058 1029 5111 vitam
1060 5056 1382 5132 productum
1436 5070 1580 5116 esse,
1621 5065 1679 5108 ut
1719 5055 1854 5108 nihil
1902 5053 2048 5108 aliud
2086 5071 2183 5111 ne-

616 5151 930 5223 εὐδίαι-οων,
975 5149 1082 5202 nisi
1139 5149 1392 5217 pietatem
1441 5162 1504 5201 ac
1541 5147 1826 5202 virtutem.
1875 5145 1970 5202 llis
2027 5146 2172 5202 enim

683 5308 706 5338 ι
743 5289 1046 5370 ιοοιοζιν,
1080 5304 1170 5358 si.
1243 5305 1264 5335 ι
1305 5301 1433 5358 ibid.
1472 5303 1559 5359 53.
1637 5303 1680 5334 ιο
1718 5301 1850 5357 ibid.
1891 5301 1978 5358 so.

683 5460 796 5530 (66)
830 5457 1334 5530 Holtreuetat._An
1363 5455 1772 5530 πολιτεύσεταιῖ

684 5527 820 5599 (66')
854 5530 1001 5599 forte
1016 5530 1115 5597 leg.
1134 5527 1324 5599 δρῶσα
1361 5527 1517 5580 Eutr.

684 5591 813 5668 (ϐπ
837 5591 1095 5668 Ῥητέονῖ
1131 5591 1240 5652 Hoc
1273 5597 1630 5668 fragmentum
1659 5592 1942 5668 reperitur
1973 5592 2026 5647 in
2061 5591 2164 5645 Pa-

613 5664 814 5724 rallslis
847 5664 990 5724 infra
1017 5667 1217 5723 Littera
1249 5684 1304 5732 π,
1342 5664 1423 5722 tit.
1458 5681 1579 5731 xxv,
1625 5664 1710 5720 ubi
1751 5678 1848 5736 pro
1894 5666 2161 5735 ἐμπορευ-

2211 4806 2253 4860 1)
2463 4802 2570 4857 Τοῦ
2599 4801 2768 4871 ἁγίου
2800 4799 2967 4853 Τίτου
2994 4794 3328 4851 ἐπισκόπου
3373 4793 3656 4857 Βόστρων.

2357 4959 2466 5031 (67)
2500 4958 2714 5032 Ῥητέον
2744 4958 2943 5018 τοίνυν,
2977 4955 3059 5008 ὅτι
3082 4952 3216 5025 πρὸς
3237 4950 3331 5004 τοῦ
3353 4942 3801 5019 δημιουργήσαντος

2285 5051 2314 5104 6
2353 5051 2636 5124 ἄνθρωπος
2680 5052 2759 5114 εις
2787 5049 2877 5101 τὸν
2911 5046 3023 5118 βίον
3057 5044 3329 5116 παρήχθη,
3379 5032 3800 5126 ἐμπρευσδέεῗος

2287 5123 2471 5217 ἓτερον
2521 5145 2672 5197 οὐδὲν
2701 5143 2735 5214 ἢ
2772 5142 2929 5214 μόνον
2979 5139 3256 5194 εὐσέϐειαν
3286 5135 3379 5190 καὶ
3416 5130 3622 5204 ἀρετήν.
3648 5123 3799 5175 Ταῦτα

2272 5451 2492 5521 σόμενος
2519 5441 3200 5522 ιεεῑιιιςέμπορευόμενος.
3226 5441 3372 5522 Haec.
3388 5452 3549 5511 porro
3583 5441 3796 5522 spectare

2269 5502 2666 5575 noscun'tut'uad
2699 5502 2900 5569 librum
2924 5531 2985 5579 ιι,
3015 5502 3262 5586 leguntur
3289 5502 3432 5586 enim
3472 5502 3628 5586 ευριτί
3657 5502 3796 5586 LW},

2267 5571 2508 5660 eiusdem
2541 5586 2662 5668 libri
2693 5606 2705 5641 :
2729 5587 2820 5644 ubi
2849 5571 3260 5663 quoquevaltera
3290 5581 3447 5637 lectio
3470 5571 3797 5648 ἐμπορευόμε-

2269 5677 2355 5712 νος
2384 5667 2638 5712 occurrit.

2269 5677 2355 5726 νος
2384 5672 2638 5715 occurrit.
