4116 6332
391 262 518 319 1261

1299 272 1621 338 ADVERSU
1634 276 1671 336 Ξ
1706 282 2128 373 MAMCHEDS
2160 288 2677 348 SUPPLEMENTA.

3477 307 3614 361 12(ὶὲ

389 388 497 458 γὰρ
553 388 928 459 κτησάμενος,
986 390 1165 457 καλῶς
1220 394 1287 449 ἂν
1319 397 1626 469 διανήξαιτο
1672 404 1819 458 τόνδε
1868 405 1922 459 τὸ

2023 413 2421 481 .comparatis,
2484 422 2631 469 recte
2693 428 2863 468 mvum
2922 415 3067 471 istud
3129 422 3546 475 transmeaverit
3590 439 3611 480 :

387 478 533 551 βίον·
571 481 851 553 ἀμελήσας
886 484 943 537 δὲ
998 486 1237 552 τούτων,
1272 490 1522 559 χαλεπῶς
1559 495 1625 549 ἂν
1669 496 1950 551 διαδαπτι-

388 568 539 642 σθείη
574 570 939 645 πλανώμενος.

1957 698 2043 755 ill.

2060 500 2107 553 si
2127 515 2160 553 ιι
2187 516 2318 557 vero
2344 503 2664 573 neglexerit,
2700 521 2884 563 errore
2911 522 3011 562 suo
3031 508 3180 579 gra’vi
3212 523 3343 565 casu
3366 511 3613 567 submer‘

2052 599 2227 658 88‘1"".

1776 811 1917 872 Ibid.
1957 834 2077 889 pag.
2113 819 2233 873 788.

530 905 646 962 Τοῦ
689 909 860 978 ἁγίου
898 916 1087 981 Τίτου,
1117 917 1186 971 ἐκ
1230 920 1335 975 τοῦ
1363 922 1497 995 Περ)⁵
1527 923 1805 995 Προνοίας.

454 1104 564 1177 (68)
604 1107 745 1175 Πρὸς
788 1108 845 1162 δὲ
877 1114 990 1175 τοῖς
1034 1113 1203 1169 ἅπασι
1237 1118 1343 1171 τῶν
1387 1122 1630 1193 συνήθως
1684 1125 1787 1180 ὑπὸ
1811 1126 1943 1181 Θεοῦ
1976 1142 1987 1153 ·

380 1196 680 1288 δεδομένων
730 1202 880 1273 διοινῇ
916 1206 1081 1257 πᾶσιν
1130 1202 1437 1280 ἀνθρώποις
1485 1217 1533 1268 εί
1584 1206 1821 1288 μηδεμία
1864 1219 1945 1283 τίς

380 1288 529 1342 ἐστιν
557 1283 645 1343 ὅτε
679 1288 957 1347 συνέϐαινε
990 1292 1242 1361 κώλυσις,
1280 1304 1419 1373 φορᾷ
1456 1283 1668 1371 φύσεως
1711 1283 1776 1361 άν
1801 1327 1943 1373 τινος

378 1376 754 1452 ἀμεταϐλήτου
788 1385 886 1454 τὴν
914 1387 1174 1458 χορηγίαν
1217 1392 1394 1445 αὐτῶν
1440 1394 1705 1467 ἠθέλησαν
1732 1398 1941 1471 ἄνθρω-

380 1488 507 1535 ποι,
541 1473 634 1524 καὶ
667 1475 765 1527 οὐκ
795 1474 879 1540 ἂν,
924 1478 1200 1549 δεχόμενοι
1235 1483 1426 1548 ταῦτα,
1463 1486 1620 1558 χάριν
1664 1489 1942 1560 ὡμολόγη-

380 1577 479 1614 σαν
510 1562 587 1632 up
617 1564 733 1635 Θεῷ
753 1607 767 1627 ,
805 1569 904 1620 οὐκ
937 1568 1001 1621 ἂν
1028 1570 1081 1622 δὲ
1114 1570 1321 1643 ᾔτησαν
1353 1573 1583 1644 ἔχοντες.
1622 1578 1939 1649 Στεροῦνται

374 1654 664 1741 τοιγαροῦν
720 1657 888 1709 ἐνίοτε
940 1661 1075 1731 πρὸς
1126 1662 1333 1730 ὀλίγον,
1381 1666 1465 1718 ἵνα
1518 1669 1808 1741 αἰτήσωσι·
1846 1673 1938 1725 καὶ

2062 931 2251 988 Sancti
2276 932 2404 999 Titi,
2431 948 2495 988 ea:
2519 932 2651 988 libro
2668 930 2743 986 De
2771 922 3133 1001 Providentia,
3164 949 3228 988 ea:
3248 933 3380 988 libro
3414 950 3451 989 ιι
3477 950 3609 992 cons

2606 1012 2691 1073 tra
2717 1002 3058 1060 Manichtnos.
3600 1050 3603 1053 -

2050 1116 2055 1119 “
2130 1114 2331 1170 Praeter
2385 1115 2500 1170 haec
2557 1116 2761 1183 omnia,
2799 1117 2904 1171 nisi
2948 1131 3067 1187 quae
3117 1132 3148 1170 a
3178 1116 3288 1172 Deo
3339 1116 3608 1173 universis

2015 1197 2365 1263 'hominibus
2399 1208 2621 1277 perinde
2661 1209 2903 1279 concedi}
2930 1209 3131 1274 solent,
3162 1208 3451 1266 identidem
3501 1208 3606 1261 im-

2050 1297 2225 1367 pediri
2252 1298 2595 1367 contingeret
2621 1298 2913 1354 immobilis
2948 1298 3231 1367 cujusdam
3277 1306 3483 1356 natura
3503 1304 3606 1357 im.i

2047 1394 2173 1457 petu
2203 1405 2216 1455 ;
2254 1390 2445 1442 horum
2474 1389 2811 1459 largitionem
2844 1389 2977 1443 nihil
3010 1401 3294 1445 curassem
3323 1392 3601 1457 homines,

2046 1494 2147 1533 nec
2188 1479 2255 1534 iis
2278 1479 2513 1535 obtentis
2552 1479 2663 1534 Deo
2694 1481 2895 1551 gratias
2927 1489 3166 1549 agerent,
3208 1498 3382 1552 neque
3409 1484 3604 1549 bonum

2045 1578 2330 1639 compotes
2386 1569 2537 1636 facti,
2579 1572 2850 1627 ullatenus
2888 1574 3359 1642 precarentur.Ad
3392 1582 3604 1646 tempus

2046 1660 2213 1730 igitur
2256 1661 2475 1731 aliquod
2522 1662 2680 1718 donis
2736 1665 3039 1733 privantur,
3094 1672 3153 1716 ut
3196 1674 3451 1733 exorent;
3481 1676 3604 1720 rur—

373 1740 616 1812 δέχονται
664 1743 853 1811 αὖθις,
902 1750 986 1802 ἵνα
1028 1752 1183 1821 χάριν
1233 1753 1602 1827 ὁμολογήσωσι
1648 1759 1725 1829 τῷ
1775 1778 1922 1832 χορη-

2042 1768 2272 1822 sumque
2307 1753 2600 1823 accipiunt,
2654 1763 2710 1808 ut
2734 1756 2978 1826 largitori
3021 1759 3400 1823 conliteantur,
3438 1772 3603 1827 agno-

374 1839 580 1907 γοῦντι,
608 1840 987 1908 γινώσκοντες,
1011 1844 1085 1907 ώς
1128 1845 1289 1909 αὑτός
1317 1847 1379 1914 γέ
1421 1849 1565 1901 ἐστιν
1604 1851 1631 1902 ό
1663 1851 1936 1920 παρέχων,

375 1928 473 1982 καὶ
499 1931 559 1983 οὑ
595 1930 753 1999 φύσις
780 1933 912 2005 άλλη
958 1934 1041 1997 τίς
1073 1938 1187 1988 ὲστι
1227 1936 1375 2007 παρά
1401 1935 1488 1989 τὸν
1528 1938 1679 2004 Θεὸν,
1719 1938 1940 2009 ἄκριτός

371 2034 432 2072 τε
469 2021 561 2073 καὶ
600 2022 1033 2095 ἀμεταμέλητος,
1078 2028 1111 2096 ή
1158 2026 1486 2097 χορηγοῦσα.
1530 2028 1785 2083 Βούλεται
1817 2030 1874 2083 δὲ
1911 2031 1939 2083 ὁ

371 2109 506 2173 Θεὸς
534 2112 731 2166 εἰδέναι
756 2114 916 2185 χάριν
954 2114 1121 2186 αὐτῷ,
1160 2117 1243 2169 ἵνα
1274 2117 1556 2190 ἀξιώτεροι
1594 2118 1686 2172 τοῦ
1728 2118 1940 2189 λαμϐάο

372 2217 486 2254 νειν
534 2204 665 2273 παρ’
710 2204 875 2257 αὑτοῦ
908 2205 1188 2273 γένωνται,
1215 2208 1312 2278 οὐχ
1357 2209 1443 2261 ἵνα
1486 2226 1538 2261 τι
1579 2209 1935 2281 καρπώσηται

370 2293 453 2353 εἰς
493 2293 701 2346 ἑαυτόν.
740 2293 996 2349 Βούλεται
1027 2297 1134 2368 γὰρ
1164 2297 1231 2350 τὰ
1279 2298 1457 2367 ἀγαθὰ
1484 2298 1702 2361 τούτους
1745 2300 1933 2363 αίτεῖν,

370 2382 479 2444 ἴνα,
526 2383 822 2455 δεχόμενοι,
874 2387 1122 2459 αἷσθησιν
1167 2387 1260 2441 τοῦ
1316 2388 1672 2460 χορηγοῦντος
1715 2388 1928 2458 ἔχωσιν.

369 2474 567 2545 Χαίρει
606 2476 710 2545 μὲν
757 2476 864 2549 γάρ
906 2479 974 2533 τὰ
1007 2481 1135 2550 παρ’
1192 2480 1384 2534 ἑαυτοῦ
1436 2481 1631 2544 διδοὺς,
1672 2481 1850 2551 χαίρει
1875 2481 1931 2534 δὲ

375 2555 573 2633 μᾶλλον
605 2567 774 2631 ἀξίοις
798 2568 1002 2633 διδούς·
1035 2569 1111 2633 ὠς
1150 2571 1249 2641 τῆς
1288 2570 1691 2642 φιλανθρωπίας
1732 2569 1932 2640 τρόπον

367 2653 489 2708 τινὰ
533 2656 976 2730 ἀτιμαζομένης,
1037 2662 1086 2713 εί
1140 2661 1215 2731 μὴ
1261 2662 1395 2734 πρὸς
1440 2660 1789 2732 εὐαισθήτους
1840 2659 1931 2727 γέ-

367 2756 532 2801 νοιτο.

2042 1851 2258 1897 scentes
2282 1842 2459 1912 ipsum
2491 1859 2614 1899 esse
2646 1846 2737 1915 qui
2769 1846 2981 1911 tribuit,
3013 1864 3114 1901 nec
3148 1849 3372 1902 alteram
3403 1864 3598 1917 quam-

2037 1935 2121 1989 vis
2150 1943 2345 2004 praeter
2376 1935 2542 1990 Deum
2574 1945 2822 1991 naturam
2854 1954 3005 2002 esse,
3039 1957 3159 2010 qua:
3198 1941 3601 1994 indiscrimina-

2038 2026 2134 2078 tim
2182 2033 2238 2080 et
2288 2026 2408 2081 sine
2454 2030 2772 2097 pmnitentia
2809 2032 3208 2086 subministret.
3243 2031 3371 2085 Vult
3417 2033 3600 2102 itaque

2038 2112 2182 2170 Deus
2210 2116 2311 2171 sibi
2343 2119 2572 2188 gratiam
2625 2120 2836 2184 haberi,
2863 2127 2922 2174 ut
2970 2122 3218 2177 homines
3251 2121 3483 2176 evadant
3511 2121 3598 2176 dis

2000 2195 2005 2201 ’
2041 2209 2261 2278 gniores
2291 2211 2382 2279 qui
2405 2211 2473 2264 ab
2496 2211 2613 2281 ipso
2639 2212 2929 2282 accipiant,
2953 2230 3060 2267 non
3087 2222 3144 2267 ut
3173 2214 3275 2268 sibi
3316 2214 3416 2283 ipsi
3448 2228 3599 2268 emo.

2041 2297 2268 2353 iumenti
2295 2300 2571 2370 quidpiam
2603 2302 2809 2357 redeat.
2835 2301 2962 2357 Vult
2996 2304 3137 2356 enim
3163 2312 3220 2382 ut
3238 2304 3376 2357 bona
3404 2310 3593 2372 postuJ

2039 2388 2172 2453 lent,
2222 2391 2419 2459 quibus
2453 2392 2696 2461 acceptis
2743 2393 3054 2463 largitorem
3100 2394 3359 2448 sentiant.
3387 2392 3597 2446 Gaudet

2033 2481 2175 2535 enim
2201 2480 2379 2537 dando
2415 2498 2534 2552 quae
2566 2500 2663 2539 sua
2696 2494 2860 2550 sunt;
2899 2485 2993 2540 sed
3024 2487 3220 2556 gaudet
3256 2486 3489 2555 amplius
3512 2486 3598 2539 di-

2036 2571 2158 2641 gnis
2216 2572 2579 2643 impartiendo
2613 2592 2625 2627 :
2661 2591 2723 2631 ac
2757 2577 2803 2631 si
2850 2576 3155 2647 benignitas
3217 2576 3389 2646 ipsius
3433 2575 3595 2630 modo

2032 2663 2268 2733 quodam
2300 2665 2745 2734 detlecoraretur,
2778 2668 2883 2723 nisi
2911 2668 2963 2723 in
3005 2684 3099 2725 eos
3127 2670 3220 2724 oui
3246 2669 3386 2724 bene
3415 2667 3593 2725 aﬂ'ectl

2032 2762 2177 2817 sunt,
2203 2746 2626 2823 impenderetur.

1940 2888 2031 2948 IV.

1749 3027 1889 3084 Ibid.
1931 3048 2052 3102 pag.
2085 3020 2209 3086 783'.

542 3132 652 3188 Τοῦ
689 3134 861 3204 ἁγίου
894 3137 1078 3202 Τίτου,
1101 3138 1169 3194 ἐκ
1197 3141 1300 3196 τοῦ
1326 3086 1460 3215 Περὶ
1484 3144 1762 3215 Προνοίας.

436 3307 546 3380 (69)
580 3309 691 3364 Οὐκ
721 3312 909 3383 ἐχρῆν,
944 3314 1018 3379 ώς
1047 3314 1210 3381 ἔοικε,
1238 3316 1381 3372 κατὰ
1402 3322 1512 3385 τοῖς
1542 3323 1706 3375 πᾶσιν
1745 3323 1923 3396 ὑπάρ-

362 3412 478 3469 χειν
512 3399 605 3453 τοῦ
642 3401 775 3455 Θεοῦ
808 3404 876 3456 τά
928 3408 1235 3478 τεκμήρια,
1292 3410 1385 3462 καὶ
1416 3412 1507 3465 τὸν
1560 3413 1792 3485 ἄρρητον
1830 3416 1924 3468 καὶ

362 3491 741 3565 ἀκατάληπτον
772 3495 894 3548 νοῦν
920 3497 1093 3568 πάντη
1115 3499 1387 3571 γνώριμον
1414 3497 1553 3556 εἶναι
1581 3503 1885 3576 ἀνθρώποις
1903 3522 1918 3536 ’

360 3579 493 3633 ὄπου
525 3599 587 3650 γε
621 3583 714 3636 καὶ
747 3583 1007 3652 βασιλέως
1041 3587 1323 3660 ἀνθρώπου
1348 3593 1439 3644 καὶ
1470 3593 1724 3664 ἄρχοντός
1754 3597 1919 3661 ἐστιν,

360 3672 442 3727 ὅτι
475 3673 545 3727 τὰ
573 3674 796 3731 πλεῖστα
830 3679 937 3732 τῶν
968 3680 1345 3752 βουλευμάτων
1375 3685 1692 3756 κρύπτεται,
1728 3690 1801 3753 ὡς
1828 3691 1921 3744 καὶ

359 3762 419 3817 τὸ
451 3767 819 3839 πραττόμενον
867 3770 1059 3842 ἄδηλον
1085 3768 1255 3839 εἶναι,
1286 3776 1392 3846 ὅτῳ
1429 3777 1570 3848 λόγῳ
1604 3781 1915 3851 πράττεται.

360 3854 434 3908 Οὐ
464 3856 639 3911 τοίνυν
690 3858 893 3930 θαῦμα,
931 3863 981 3914 εἰ
1030 3864 1303 3936 ἄνθρωποι
1351 3868 1424 3938 μὴ
1470 3870 1733 3941 χωροῦσιν
1785 3873 1921 3938 ὅλως

355 3946 453 4017 τῆς
477 3947 789 4021 διοικήσεως
816 3953 909 4006 τοῦ
937 3954 1069 4009 Θεοῦ
1098 3957 1186 4011 τὸν
1219 3957 1394 4027 λόγον,
1425 3955 1507 4025 οἷς
1537 3963 1791 4033 ἁρμόττει
1825 3968 1917 4021 καὶ

354 4040 477 4111 δίχα
503 4043 595 4096 τοῦ
624 4045 1095 4120 πολυπραγμονεῖν
1126 4052 1370 4107 ὑπείκειν
1398 4073 1456 4121 τε
1486 4057 1578 4110 καὶ
1603 4059 1914 4128 ἡσυχάζειν,

355 4134 449 4186 καὶ
480 4136 677 4205 ἥκιστα
704 4139 979 4210 ἀνταίρειν
1014 4144 1153 4197 κατά
1180 4145 1277 4215 τῆς
1309 4147 1547 4219 ἀρρήτου
1579 4150 1910 4223 διοικήσεως.

352 4223 618 4290 Πολλάκις
649 4228 758 4301 γὰρ
810 4232 930 4284 οὐδὲ
987 4236 1254 4307 τεχνίτην,
1297 4237 1470 4292 εἴτουν
1502 4242 1842 4313 οἰκοδομίας,
1881 4244 1913 4315 ἢ

351 4320 692 4388 ναυπηγίας,
746 4321 779 4391 ἢ
841 4323 1198 4397 χαλκευτικῆς
1249 4327 1542 4401 ἔμπειρον,
1611 4332 1913 4407 αίδοῦμενοι

349 4413 854 4483 περιεργαζόμεθα,
909 4417 1164 4472 ποιοῦντά
1196 4438 1257 4489 γε
1290 4422 1351 4475 τὸ
1402 4427 1601 4479 οἰκεῖον
1649 4429 1907 4482 ἕκαστονο

1950 3154 1992 3213 C
2027 3147 2212 3205 Sancti
2244 3146 2372 3217 Titi,
2402 3136 2615 3201 exiibro
2644 3135 2718 3202 De
2750 3137 3194 3215 Providentia,ex
3217 3146 3348 3205 libro
3392 3166 3429 3204 ιι
3454 3157 3590 3207 σοιιά

2567 3226 2651 3271 tra
2682 3218 3025 3274 Manichaeos.

2093 3331 2313 3387 Minime
2344 3339 2765 3387 consentaneum
2799 3339 2938 3399 erat,
2983 3340 3042 3387 ut
3064 3332 3298 3397 videtur,
3329 3332 3425 3389 Dei
3461 3342 3590 3390 con3

2024 3423 2150 3480 silia
2180 3425 2364 3493 pervia
2394 3424 2650 3478 omnibus
2690 3424 2837 3487 ﬁeri,
2868 3431 2922 3478 et
2970 3423 3401 3493 inexplicabilem
3437 3425 3587 3479 illam

2023 3525 2187 3586 atque
2251 3513 2856 3584 incomprehensibilem
2898 3522 3137 3569 mentem
3184 3516 3330 3570 omni
3374 3515 3587 3571 ratione

2023 3606 2342 3662 hominibus
2374 3607 2711 3677 exploratam
2751 3617 2909 3662 eSSe:
2948 3608 3167 3677 quando
3200 3609 3280 3663 vel
3324 3610 3466 3680 regis
3492 3610 3586 3679 qui

2021 3694 2187 3751 homo
2244 3705 2352 3761 est,
2386 3712 2449 3750 ac
2483 3694 2750 3767 principis
2789 3697 3047 3767 pleraque
3088 3694 3319 3751 consilia
3372 3700 3585 3754 occulta

2022 3796 2187 3851 sunt,
2223 3787 2297 3841 ita
2335 3796 2391 3842 ut
2424 3786 2716 3843 obscurum
2753 3790 2824 3843 sit
2849 3793 3009 3859 quam
3037 3788 3107 3844 ob'
3140 3800 3358 3844 causam
3393 3792 3586 3861 agatur

2018 3878 2073 3933 id
2104 3878 2249 3948 quod
2279 3878 2479 3949 agitur.
2512 3878 2660 3932 Nihil
2684 3879 2879 3934 mirUm
2913 3880 3098 3951 igitur,
3130 3880 3176 3935 si
3208 3881 3456 3938 homines
3496 3885 3583 3937 di-

2018 3971 2160 4025 vina:
2191 3971 2609 4041 gubernationis
2644 3972 2907 4026 rationem
2943 3987 3051 4027 non
3101 3972 3350 4042 ‘capia'nt;
3383 3974 3584 4044 quibus

2019 4066 2329 4130 conveniat,
2359 4065 2536 4134 posita
2587 4066 2926 4129 curiositate,
2969 4066 3161 4121 cedere
3206 4077 3259 4121 et
3284 4068 3580 4133 conticere,

2016 4172 2118 4211 nec
2162 4171 2390 4226 prorsus
2425 4158 2689 4212 adversus
2729 4158 3000 4213 ineffabile
3037 4159 3277 4228 regimen
3309 4160 3439 4214 illud
3484 4161 3583 4216 ob;

2014 4264 2381 4305 murmurare.
2414 4248 2709 4305 Enimvero
2760 4267 2902 4319 szepe
2937 4251 3164 4316 accidit,
3199 4259 3257 4305 ut
3299 4258 3473 4322 neque
3512 4241 3580 4306 al)

2016 4338 2245 4404 artiﬁce,
2295 4340 2410 4396 sive
2458 4336 2654 4395 domus
2688 4341 2982 4403 struendae,
3014 4341 3128 4395 sive
3169 4342 3578 4411 compingendae

2014 4431 2192 4497 navis,
2222 4433 2338 4487 sive
2367 4432 2492 4499 reris
2556 4432 2815 4487 fundendi
2865 4434 3072 4502 perito,
3112 4431 3232 4500 ejus
3276 4436 3579 4489 reverentia

348 4498 483 4553 ἀλλά
536 4505 599 4573 τῇ
658 4505 821 4576 πείρα
850 4511 1414 4578 καταπιστεύσαντες,
1472 4518 1799 4590 ὲκδεχόμεθα
1849 4522 1909 4575 τὸ

2023 4515 2219 4592 aliquid
2278 4498 2657 4593 inquiramus,
2684 4520 2813 4578 dum
2866 4498 2954 4578 ille
2977 4498 3206 4594 quodvis
3248 4528 3385 4595 opus
3418 4541 3577 4580 suum

347 4591 505 4663 ἔργον
540 4595 684 4651 ἰδεῖν.
717 4600 869 4652 Ἔστι
901 4598 957 4652 δὲ
991 4593 1083 4653 καὶ
1123 4602 1209 4655 ὅτε
1249 4605 1595 4678 σφαλλομένῳ
1625 4611 1722 4663 οὐκ
1752 4613 1905 4665 ἐπαι-

347 4682 669 4756 σθανόμεθα.
719 4681 785 4742 Τί
828 4690 873 4742 δ’
904 4691 969 4745 ἂν
998 4694 1203 4765 εἴποιμι
1241 4699 1368 4768 περὶ
1408 4701 1506 4768 τῆς
1549 4701 1686 4772 ὑπὲρ
1730 4704 1903 4759 πάντα

232 4780 248 4783 ‘
342 4774 465 4826 νοῦν
506 4776 696 4845 σοφίας
725 4779 814 4831 τοῦ
846 4781 1016 4848 Θεοῦ;
1048 4784 1114 4854 ἦν
1134 4787 1399 4857 προσῆκε,
1434 4790 1526 4841 καὶ
1557 4791 1811 4856 νοοῦντας
1841 4811 1901 4847 τε

340 4865 435 4916 καὶ
472 4865 545 4935 μὴ
578 4866 847 4933 νοοῦντας,
888 4872 1282 4945 ἐκπλήττεσθαί
1314 4894 1372 4929 τε
1414 4878 1504 4930 καὶ
1540 4882 1721 4950 τιμᾷν.
1752 4882 1814 4934 Ei
1844 4882 1902 4935 δέ

334 4970 441 5018 τις,
465 4956 553 5009 διὰ
575 4958 634 5011 τὸ
658 4960 731 5031 μὴ
758 4962 1193 5035 καταλαμϐάνειν
1220 4966 1311 5021 τὸν
1333 4964 1488 5037 λόγον
1510 4970 1621 5025 τῶν
1647 4972 1902 5028 πλειόνων

334 5046 442 5100 τῶν
469 5049 606 5120 πρὸς
629 5050 722 5103 τοῦ
757 5052 891 5106 Θεοῦ
925 5058 1244 5127 γινομένων,
1275 5062 1495 5114 ἐκπέσοι
1521 5064 1653 5135 πρὸς
1673 5065 1897 5120 ἀτοπίαν

332 5139 432 5209 τῆς
480 5139 573 5194 τοῦ
621 5141 755 5196 Θεοῦ
808 5144 965 5217 δόξης
1006 5148 1116 5221 (70)
1173 5150 1539 5221 ἀθλιώτατος,
1590 5157 1682 5210 καὶ
1737 5158 1894 5212 πάλιν

404 5295 515 5367 (68)
535 5298 721 5377 17de
745 5297 812 5352 δὲ
856 5300 980 5377 τοῖς
1011 5300 1113 5377 ἅττ.
1167 5304 1430 5377 Excerpta
1489 5317 1617 5364 sunt
1669 5311 1783 5366 haec
1831 5329 1898 5368 ex

330 5365 427 5452 lib,
459 5365 642 5452 ilﬁTtli
676 5365 1013 5452 'Bostrensis,
1069 5374 1104 5452 §_
1143 5392 1231 5452 xv,
1281 5365 1368 5452 ubi
1420 5382 1621 5452 rectius
1680 5365 1897 5452 iegitt’t—r,

329 5436 467 5507 πρὸς
511 5436 838 5518 τούτοιςς
885 5449 1045 5512 atque
1068 5436 1167 5518 fita
1213 5436 1405 5518 legisse
1464 5450 1675 5506 videtur
1733 5436 1903 5508 inter;

329 5505 477 5578 ρι’-εξ.
514 5505 751 5578 Uterque
779 5511 930 5566 locus
952 5505 1284 5572 conferatur:

402 5576 515 5649 (69)
549 5576 677 5631 Οὐκ
706 5578 915 5649 ἐχρῆν,
956 5600 1010 5637 κ.
1052 5601 1101 5638 τ.
1144 5586 1194 5641 λ.
1248 5586 1452 5646 Auctor
1502 5591 1893 5649 Parallelorum

328 5641 433 5703 ista
466 5641 851 5719 descripsi?“
883 5641 975 5708 lib.
1006 5670 1067 5720 ιι,
1101 5652 1129 5723 5
1165 5641 1355 5713 xxvm.

2017 4615 2185 4683 facit;
2218 4607 2313 4670 sed
2352 4617 2472 4685 eju$
2501 4616 2854 4686 experientia:
2904 4616 3059 4671 iidem
3107 4616 3390 4681 habentes,
3422 4619 3578 4687 Opili-

2010 4707 2157 4760 cium
2215 4708 2400 4763 Videre
2459 4708 2858 4779 praestolamur.
2906 4709 3194 4774 Quinimo,
3248 4709 3577 4780 quandoque

2009 4796 2176 4851 etiam
2202 4799 2349 4853 illius
2380 4796 2561 4853 errata
2591 4814 2697 4855 non
2755 4800 3264 4856 animadvertimus.
3298 4791 3438 4866 Quid
3467 4801 3573 4853 itas

2010 4903 2114 4957 que
2149 4881 2324 4943 dicam
2359 4888 2427 4945 de
2456 4890 2552 4945 Dei
2585 4890 2851 4959 sapientia
2873 4930 2886 4953 ,
2917 4905 3037 4961 quae
3069 4899 3302 4945 mentem
3357 4902 3574 4945 omnem

2006 4980 2260 5034 excedit?
2290 4996 2476 5050 quam,
2505 4982 2618 5035 sive
2657 4981 3041 5052 intelligamus,
3088 4983 3201 5037 sive
3243 4986 3348 5037 non
3373 4982 3574 5037 intellia

2004 5086 2218 5141 gamus,
2252 5084 2350 5127 nos
2374 5073 2617 5142 oportuit
2643 5074 2899 5128 admirari
2946 5089 3010 5128 ac
3038 5076 3305 5129 venerari.
3340 5076 3492 5141 Quod
3524 5072 3572 5131 si

2004 5155 2301 5232 quispiam,
2334 5180 2401 5219 ex
2441 5180 2506 5220 eo
2539 5156 2681 5235 quod
2726 5167 3016 5219 multarum
3045 5182 3165 5237 quae
3197 5184 3227 5221 a
3278 5167 3386 5224 Deo
3415 5167 3570 5235 ﬁunt,

2073 5317 2182 5386 (70)
2214 5318 2368 5393 Πρὸς
2394 5320 2649 5393 egrediar
2678 5318 2785 5387 τῆς
2817 5320 2922 5393 mg
2951 5321 3099 5375 Θεοῦ
3121 5323 3321 5391 ὃόξὴς.
3351 5324 3478 5393 Leg.
3505 5340 3565 5381 π.

2002 5384 2057 5466 ἀ..
2088 5404 2138 5467 τ.
2162 5384 2311 5467 κατὰ
2343 5384 2663 5467 τοῦΔΘεοῦιδ.
2696 5384 2849 5460 Apud
2883 5384 3294 5467 Tit_utn_li_b_._rti,'
3313 5384 3564 5467 gnam,

2004 5456 2083 5529 sic
2108 5458 2326 5524 legitur,
2360 5460 2495 5529 πρὸς
2524 5456 2758 5524 ἀτόπους
2784 5460 2925 5514 κατὰ
2958 5462 3091 5515 Θεοῦ
3124 5456 3457 5529 δόξας.”οιιω
3481 5456 3565 5517 ι’εέ

2002 5526 2143 5580 ctius
2175 5542 2339 5595 quam
2374 5526 2565 5584 Billius
2607 5530 2682 5584 ita
2724 5531 3025 5587 reddidisse
3077 5526 3290 5588 videtur
3336 5526 3564 5589 Turria’a

2004 5610 2155 5674 rtus_:
2187 5599 2247 5651 Si
2273 5600 2480 5674 quis...
2514 5616 2614 5654 non
2645 5602 2960 5674 assequitur,
2986 5600 3193 5657 decidat
3223 5605 3277 5657 in
3304 5605 3562 5660 absurdae

2003 5665 2067 5719 de
2099 5665 2205 5722 Deo
2243 5668 2553 5724 ουίηὲωιιδκ.
