4116 6332
331 362 473 434 i265-

1444 376 1699 433 ORATIO
1739 378 1802 432 IN
1847 377 2080 434 “35105
2117 379 2522 436 PALMARUM.

3431 388 3567 441 ιριε

330 491 445 546 τῶν
488 491 820 557 Ἰουδαίων,
860 493 959 548 καὶ
999 493 1322 546 ἐπίστευον
1361 494 1448 557 εις
1492 492 1600 544 τὸν
1640 489 1896 558 Ἰησοῦν.

2007 509 2070 546 ea:
2097 492 2328 558 Judceis,
2359 507 2406 548 et
2431 493 2708 547 credebant
2739 495 2790 546 in
2811 492 2991 549 Jesum
3029 497 3090 550 ".
3122 495 3188 550 Et
3217 497 3328 552 haec
3355 501 3571 571 quidem

331 587 439 639 Καὶ
465 585 611 657 αὕτη
641 586 790 639 ἐστὶν
828 588 861 657 ὴ
895 587 1044 639 αἰτία
1071 585 1170 655 τῆς
1206 583 1510 651 δοξολογίας
1549 583 1656 636 τῶν
1693 581 1899 635 πιστῶν

2009 585 2293 640 manifesta
2331 589 2470 641 ratio
2499 586 2827 640 laudationis
2863 586 3006 641 illius
3040 586 3274 641 lidelium
3315 607 3328 643 :
3360 593 3573 646 occulta

329 679 471 732 κατά
517 679 581 731 τὸ
617 680 968 751 φαινόμενονο
1001 678 1298 750 λεληθότως
1341 678 1396 730 δέ
1444 678 1537 730 καὶ
1567 675 1824 747 κρυπτῶς
1867 676 1901 746 ἡ

331 773 544 844 ἐγερσις
582 774 760 844 πάσης
790 773 890 843 τῆς
919 770 1262 843 ἀνθρωπίνης
1297 770 1528 840 φύσεως.
1573 769 1681 822 Καὶ
1715 767 1902 837 ῶσπερ

332 864 480 936 [τοὺς
506 862 937 935 ἀνθρώπους],τδ
963 863 1057 916 τοῦ
1089 861 1338 934 Λαζάρου
1368 866 1587 933 σημεῖον
1625 863 1716 915 καὶ
1749 860 1903 930 ἐγερ-

332 977 416 1023 σις
449 959 630 1029 ἐκείνη
669 959 983 1029 ὑμνολογεῖν
1027 958 1247 1029 ἐποίησε
1289 958 1416 1021 τους
1453 956 1770 1029 ἀνθρώπους
1812 956 1903 1009 τὸν

330 1049 536 1121 Κύριον
559 1089 572 1110 ,
607 1048 780 1112 οὕτως
807 1051 904 1104 καὶ
930 1051 1057 1113 τοὺς
1083 1049 1272 1118 ἁγίους
1313 1048 1576 1116 ἀγγέλους
1607 1047 1903 1116 δοξολογεῖν

331 1141 714 1214 παρεσκεύασε
755 1141 816 1194 τὸ
870 1144 1092 1212 σημεῖον
1132 1140 1232 1209 τῆς
1272 1140 1540 1211 ἐγέρσεως
1583 1139 1763 1209 πάσης
1804 1139 1903 1210 τῆς

330 1233 676 1307 ἀνθρωπίνης
703 1232 914 1302 φύσεως
939 1248 950 1261 ·
985 1232 1077 1284 καὶ
1103 1233 1223 1284 ὅσον
1260 1229 1460 1300 μείζων
1490 1230 1522 1299 ἡ
1553 1229 1658 1282 τῶν
1690 1229 1903 1282 πάντων

332 1327 547 1396 ἐγερσις
579 1325 680 1394 τῆς
715 1323 984 1396 ἐγέρσεως
1017 1321 1289 1396 Λαζάρου,
1323 1322 1573 1376 τοσοῦτον
1600 1322 1693 1374 καὶ
1720 1324 1752 1392 ἡ
1777 1320 1903 1385 δόξα

329 1417 452 1470 τότε
491 1415 799 1488 μειζοτέρα.
835 1417 943 1468 Καὶ
978 1417 1010 1486 ἡ
1047 1415 1146 1485 μὲν
1173 1413 1472 1484 συνείδησις
1501 1413 1607 1466 τῶν
1636 1411 1900 1482 βοώντων.

331 1510 656 1580 ἐξισταμένη
691 1508 767 1580 τῷ
809 1507 1083 1579 θαύματι,
1123 1508 1292 1560 ἐκίνει
1323 1507 1518 1569 αὐτοὺς
1560 1504 1830 1570 δοξάζειν
1868 1508 1902 1576 ἡ

329 1602 386 1655 δέ
416 1601 534 1654 θεία
575 1603 856 1671 οἰκονομία
904 1601 1002 1670 τὴν
1046 1599 1260 1670 ἔγερσιν
1297 1599 1408 1670 (71)
1452 1597 1632 1669 πάσης
1663 1597 1761 1667 τῆς
1807 1598 1901 1650 ἀν-

331 1693 607 1763 θρωπίνης
655 1696 870 1760 φύσεως
911 1690 1212 1761 λεληθότως
1256 1690 1425 1744 ἐκίνει
1468 1690 1530 1742 οὑ
1582 1688 1738 1758 μόνον
1777 1688 1901 1749 τοὺς

329 1783 650 1855 ἀνθρώπους
669 1825 684 1843 ,
709 1785 844 1837 ἀλλά
874 1785 965 1838 καὶ
993 1787 1120 1847 τοὺς
1159 1783 1450 1852 ἀγγέλους,
1487 1781 1782 1853 θαυμάζειν
1812 1781 1902 1833 τὸν

2006 689 2184 732 autem
2216 692 2279 732 ac
2309 677 2548 732 abditior
2593 679 2925 732 resurrectio
2965 685 3047 732 est
3076 679 3344 735 universa:
3367 691 3601 750 natur-.e

2010 769 2308 823 hominum.
2342 770 2422 825 Ac
2463 772 2605 824 sicut
2633 771 2844 840 signum
2873 768 3060 823 Lazari
3086 770 3311 841 ejusque
3343 774 3576 828 suscita-

2011 859 2086 912 tio
2115 858 2396 912 hominum
2443 859 2654 914 animos
2695 859 2762 913 ad
2793 860 3171 914 celebrandum
3211 864 3440 917 canticis
3469 862 3576 919 Do-

2006 949 2210 1002 minum
2244 949 2539 1011 excitavit,
2571 951 2651 1002 sic
2681 960 2731 1003 et
2755 951 2968 1020 signum
3003 951 3305 1006 suscitandi
3337 954 3572 1009 universi

2007 1041 2230 1096 humani
2259 1041 2475 1113 generis
2509 1043 2730 1112 angelos
2756 1052 2976 1098 sanctos
2999 1045 3063 1098 ad
3095 1045 3421 1100 laudandum
3455 1062 3576 1118 per-

2006 1134 2196 1188 movit.
2228 1133 2499 1200 Quantum
2533 1149 2665 1189 vero
2694 1134 2862 1190 totius
2898 1135 3269 1192 universitatis
3298 1138 3573 1193 hominum

2006 1225 2361 1290 resurrectio,
2413 1225 2604 1279 Lazari
2658 1226 2821 1280 unius
2873 1228 3218 1282 suscitationi
3277 1230 3572 1300 praecellit;

2009 1320 2218 1368 tantum
2281 1331 2500 1385 quoque
2567 1315 2738 1386 gloria
2795 1329 2859 1370 ac
2911 1315 3151 1371 laudatio
3208 1317 3258 1372 id
3315 1319 3575 1389 temporis

2007 1405 2303 1475 praestabit.
2347 1407 2425 1461 Ac
2464 1409 2801 1464 conscientia
2842 1409 3058 1479 quidem
3092 1410 3441 1464 clamantium
3478 1411 3573 1465 ho-

2008 1498 2218 1552 minum
2244 1499 2510 1554 miraculo
2546 1502 2780 1556 excitata
2816 1502 2882 1556 ad
2921 1501 3252 1557 laudandum
3286 1504 3573 1568 movebat,

2006 1590 2189 1644 divina
2251 1599 2432 1646 autem
2480 1593 2818 1663 providentia
2860 1595 3060 1649 nedum
3091 1595 3359 1660 homines,
3397 1597 3576 1654 sedet

2005 1683 2230 1751 angelos
2272 1682 2338 1736 ad
2381 1681 2511 1738 Jesu
2561 1685 2976 1741 admirationem
3024 1687 3094 1741 ob
3147 1695 3356 1743 “natura:
3409 1691 3577 1746 totius

2007 1769 2248 1824 futuram
2294 1775 2753 1830 resurrectionem
2799 1777 3015 1831 occulte
3063 1777 3376 1848 instigabat.
3416 1778 3578 1834 \‘idc-

343 1875 566 1947 Ίησοῦν.
600 1873 750 1929 Εἶδον
776 1878 884 1948 γὰρ
904 1919 918 1944 ,
947 1877 1160 1948 ἀληθῶς
1208 1872 1344 1929 εἶδον
1363 1916 1377 1938 ,
1418 1878 1513 1928 καὶ
1561 1874 1780 1945 ἔμαθον,
1807 1871 1899 1926 καὶ

2008 1873 2135 1916 runt
2186 1867 2355 1928 enim,
2411 1866 2662 1921 viderunt
2723 1885 2782 1923 re
2837 1885 2965 1924 vera
3021 1869 3458 1941 didiceruntque,
3511 1887 3575 1926 ac

327 1970 797 2042 κατεσοφίσθησαν
831 1970 1020 2039 σοφίαν
1040 2010 1054 2032 ,
1084 1971 1150 2041 ἣν
1187 1970 1286 2022 οὐκ
1316 1969 1532 2039 ᾔδεισαν
1552 2008 1566 2033 ,
1591 1971 1645 2022 αἱ
1685 1965 1903 2035 ἀγγελι-

329 2062 424 2116 καὶ
448 2062 702 2133 δυνάμεις
734 2061 820 2115 διὰ
847 2063 946 2134 τῆς
989 2061 1313 2132 Ἐκκλησίας
1340 2061 1446 2114 τῶν
1480 2061 1683 2114 πιστῶν
1709 2061 1898 2128 ἐκφαι-

328 2156 560 2224 νομένην
593 2154 699 2207 ἀπὸ
725 2153 818 2207 τοῦ
849 2153 983 2207 Θεοῦ
1018 2153 1086 2207 τὰ
1115 2153 1292 2207 πάντα
1344 2153 1646 2215 κτίσαντος,
1675 2151 1770 2223 τὴν
1797 2149 1902 2222 πρὸ

325 2244 436 2298 τῶν
482 2244 690 2299 αἰώνων
736 2247 792 2298 ἐν
843 2245 990 2317 αὑτῷ
1039 2245 1459 2318 κεκρυμμένην
1501 2245 1642 2314 λέγω
1685 2243 1747 2315 δὴ
1795 2243 1901 2297 τῶν

327 2336 578 2408 διδαχῶν,
630 2339 726 2391 καὶ
773 2337 1134 2407 ἐπαγγελιῶν,
1182 2339 1275 2391 καὶ
1319 2335 1770 2406 θαυματουργιῶν
1807 2334 1902 2388 τοῦ

328 2429 534 2500 Κυρίου
581 2430 754 2500 Ἰησοῦ
782 2470 795 2492 ,
831 2428 1008 2492 καθώς
1039 2447 1141 2482 που
1173 2432 1201 2482 ὁ
1234 2429 1517 2492 θεσπέσιος
1555 2428 1762 2490 Παῦλος
1801 2444 1904 2497 φη-

329 2537 413 2575 σιν
451 2538 466 2551 ο
516 2522 637 2575 Ἵνα
683 2521 982 2592 γνωρισθῇ
1029 2521 1146 2576 νῦν
1199 2521 1326 2587 ταῖς
1363 2519 1572 2590 ἀρχαῖς
1619 2524 1714 2573 καὶ
1775 2519 1902 2584 ταῖς

314 2614 634 2680 ἐξουσίαις
678 2614 774 2667 διὰ
831 2613 940 2682 τῆς
985 2615 1342 2683 Ἐκκλησίιις
1384 2615 1422 2680 ἡ
1469 2614 1902 2679 πολυποίκιλος

327 2707 513 2776 σοφία
534 2706 640 2760 τοῦ
680 2706 848 2761 Θεοῦ.
889 2706 1234 2761 Μανθάνουσι
1272 2707 1379 2778 γὰρ
1405 2708 1459 2759 αἱ
1491 2707 1600 2760 ἀνω
1626 2706 1898 2776 δυνάμεις,

328 2795 471 2866 ἀπερ
519 2795 726 2848 οὐδέπω
777 2791 942 2859 εἶδον,
994 2795 1114 2848 ουδέ
1157 2797 1413 2866 ἥκουσαν.
1464 2795 1749 2866 Κτίσματα
1791 2797 1900 2867 γάρ

328 2886 434 2936 εἰσι
462 2901 477 2914 ο
509 2886 601 2939 καὶ
629 2885 688 2937 τὸ
719 2886 923 2956 κτίσμα
955 2887 1054 2938 οὐκ
1082 2886 1247 2951 ἐστιν,
1279 2887 1307 2938 ὃ
1343 2887 1418 2958 μὴ
1445 2887 1634 2956 χρείαν
1660 2887 1770 2956 ἔχει
1799 2905 1902 2957 μα-

328 2975 460 3029 θεῖν.
500 2977 636 3029 ’Λλλ’
671 2978 788 3030 οὐδὲ
823 2978 894 3030 τὰ
936 2977 1196 3048 μέλλοντα
1244 2979 1492 3046 γενέσθαι
1521 2978 1900 3048 γινώσκουσιν,

326 3071 376 3121 εἰ
410 3070 482 3138 μή
516 3087 568 3121 τι
596 3069 640 3122 δ’
669 3069 734 3122 ἂν
769 3070 873 3122 ὑπὸ
918 3071 1015 3140 τῆς
1043 3071 1203 3138 ἁγίας
1235 3072 1329 3124 καὶ
1360 3073 1560 3144 σεπτῆς
1597 3073 1690 3125 καὶ
1729 3088 1900 3142 προσ-

326 3159 565 3229 κυνητῆς
619 3160 846 3230 Τριάδος
897 3160 1192 3230 μυηθῶσιν.
1243 3162 1482 3232 Ἰαὶμαθον
1528 3159 1620 3215 οὖν
1660 3163 1751 3216 καὶ
1798 3164 1871 3215 ἐπ

325 3247 730 3317 εϐεϐαιώθησαν
761 3249 859 3319 τὴν
876 3249 1166 3302 ἀνάστασιν
1189 3250 1280 3303 τοῦ
1310 3251 1499 3322 Ἀδὰμ,
1528 3251 1901 3323 θεωρήσαντες
1927 3219 1973 3280 C

326 3340 416 3393 τὸν
455 3339 583 3392 Θεὸν
616 3342 901 3410 ἐγείραντα
945 3341 1036 3394 τὸν
1079 3343 1192 3395 υἱὸν
1237 3344 1334 3413 τῆς
1385 3347 1575 3414 χήρας.
1620 3344 1708 3407 Ὠς
1759 3345 1902 3415 χήρα

327 3433 434 3504 γὰρ
466 3434 679 3502 ἐγένετο
725 3437 758 3506 ἡ
794 3435 898 3504 γῆ,
929 3435 1287 3498 ἀποθανόντος
1332 3437 1425 3490 τοῦ
1477 3436 1900 3509 πρωτοπλάστου

326 3525 496 3594 αὐτῆς
529 3524 667 3578 υἱοῦ.
717 3525 936 3588 Ἰδόντες
978 3525 1034 3577 δὲ
1077 3525 1236 3579 αὑτὸν
1275 3527 1434 3579 πάλιν
1481 3528 1766 3599 ἐγείραντα
1804 3528 1901 3598 τὴν

328 3617 599 3687 θυγατέρα
640 3617 732 3670 τοῦ
776 3618 1222 3688 ἀρχισυναγώγου
1244 3661 1258 3684 ,
1290 3621 1752 3691 κατεσοςοίσθησαν
1773 3662 1785 3685 ,
1821 3623 1899 3674 ὅτι

327 3708 421 3758 καὶ
465 3711 562 3778 τὴν
606 3707 748 3760 Εὕαν
785 3708 920 3778 μετά
952 3708 1044 3761 τοῦ
1085 3711 1254 3781 Ἀδάμ
1293 3713 1489 3782 ἐγερεῖ.
1517 3778 1523 3787 ι
1551 3712 1716 3765 Πάλιν
1766 3715 1898 3766 ἀνα-

329 3800 532 3869 στήσας
564 3800 655 3853 τὸν
697 3803 862 3855 παῖδα
894 3802 988 3855 τοῦ
1022 3802 1316 3870 ἀλλοφύλου
1352 3805 1766 3875 ἑκατοντάρχου,
1799 3805 1902 3858 ἐδί-

327 3889 454 3956 δαξε
487 3891 757 3964 καὶ[είς]
803 3893 978 3958 τοῦτο,
1021 3894 1100 3946 ὅτι
1133 3896 1224 3947 καὶ
1263 3894 1330 3947 τά
1373 3894 1495 3961 ξένα
1541 3896 1666 3966 ἔθνη
1699 3898 1894 3967 ἐγερεῖ.

337 3979 467 4032 Ἶδθὺ
500 3984 648 4051 τρεῖς
685 3981 937 4052 διαφοραὶ
969 3983 1075 4036 τῶν
1098 3985 1326 4056 νεκρῶν.
1361 3987 1698 4056 Ἐγείραντος
1722 3988 1776 4039 δὲ
1809 3988 1898 4039 τὸν

324 4073 572 4143 Λάζαρον
610 4074 700 4127 τὸν
741 4079 1059 4146 τεταρταῖον
1106 4078 1330 4149 νεκρὸν,
1358 4079 1449 4131 κοιλ⁸
1485 4084 1798 4150 τεταρταῖον
1836 4083 1899 4134 ἐκ

321 4164 416 4217 τοῦ
467 4167 752 4236 μνημείου,
792 4168 881 4221 τὸν
914 4168 1018 4221 ὑπὸ
1048 4169 1326 4240 τεσσάρων
1371 4171 1648 4241 στοιχείων
1692 4189 1900 4227 συσπα-

325 4259 552 4326 σθέντα,
593 4259 683 4312 τὸν
715 4261 980 4324 ὁζέσαντα
1001 4302 1014 4326 ,
1050 4263 1142 4315 τὸν
1177 4263 1416 4318 σαπέντα
1437 4305 1450 4329 ,
1487 4265 1577 4319 τὸν
1618 4267 1722 4319 ὑπὸ
1759 4284 1899 4320 σκω-

322 4343 503 4417 λήκων
536 4352 915 4424 κυριευθέντα,
950 4355 1252 4426 ἐγνωρίσθη
1283 4360 1402 4419 ταῖς
1442 4359 1636 4428 ἀρχαῖς
1665 4359 1757 4413 καὶ
1781 4362 1898 4423 ταῖς

321 4429 591 4507 ἐξοῦσίαις
626 4449 747 4508 ταῖς
796 4447 1140 4517 ἐπουρανίοις
1161 4487 1176 4510 ,
1213 4451 1305 4502 καὶ
1337 4452 1450 4512 τοῖς
1484 4452 1744 4518 ἐπιγείοις
1770 4490 1786 4511 ,
1818 4453 1897 4504 ὅτι

2004 1972 2166 2026 quam
2213 1958 2487 2013 nescirent
2533 1962 2851 2030 sapicnliam
2895 1961 3101 2018 edocta:
3153 1973 3280 2018 sunt
3323 1966 3574 2020 cmlcstes

2003 2050 2232 2104 virtutes
2262 2065 2357 2119 per
2393 2049 2626 2105 ﬁdelium
2658 2052 2955 2109 Ecclesium
2989 2055 3052 2119 ¹³,
3085 2056 3154 2111 ab
3196 2056 3573 2112 universorum

2010 2151 2260 2196 creatore
2290 2141 2421 2210 Deo,
2457 2143 2511 2197 in
2544 2157 2652 2214 quo
2675 2154 2801 2201 ante
2831 2147 3027 2201 saecula
3055 2148 3373 2203 abscondita
3408 2159 3573 2212 esset,

2006 2251 2204 2290 novum
2259 2237 2602 2305 elucentem;
2648 2253 2767 2293 eain
2819 2239 3078 2293 nimirum
3109 2257 3228 2310 quae
3269 2242 3325 2296 in
3362 2239 3573 2297 Domitii

2002 2325 2131 2384 Jcsu
2160 2329 2424 2385 doctrinis
2450 2346 2512 2385 ac
2545 2332 3002 2401 promissionibus
3030 2333 3416 2405 miraculisque
3442 2351 3569 2390 con-

2008 2421 2173 2484 sistit.
2212 2423 2672 2492 quemadmodum
2723 2425 3057 2482 admirabilis
3097 2426 3299 2482 Paulus
3337 2427 3572 2498 quodam

2008 2514 2128 2569 loco
2161 2513 2295 2569 dicit
2325 2535 2337 2569 :
2375 2514 2443 2568 Ut
2473 2517 2763 2570 innotescat
2794 2534 2929 2571 nunc
2955 2520 3334 2587 principatibus
3360 2531 3408 2574 et
3430 2532 3574 2590 pote-

2003 2606 2232 2661 statibus
2256 2624 2347 2677 per
2374 2607 2688 2674 Ecclesium,
2725 2611 3066 2680 multiformis
3095 2615 3353 2682 sapientia
3385 2613 3480 2667 Dei
3509 2613 3572 2667 ε’.

2004 2697 2278 2753 Docentur
2309 2700 2454 2753 enim
2505 2715 2752 2770 superna:
2784 2701 3010 2756 virtutes
3056 2704 3285 2757 necdum
3327 2704 3396 2759 ab
3442 2704 3573 2774 ipsis

2003 2791 2119 2846 visa
2159 2792 2429 2846 auditave.
2481 2791 2691 2846 Etenim
2737 2803 2863 2847 sunt
2890 2801 3152 2849 creatura:
3182 2813 3197 2856 ;
3232 2812 3333 2850 nec
3364 2797 3472 2850 ulla
3506 2798 3572 2851 sit

2003 2893 2277 2946 creatura,
2313 2883 2532 2937 cuinon
2565 2884 2814 2938 doctrina
2844 2886 3154 2941 necessaria
3184 2887 3273 2940 sit.
3298 2887 3367 2940 At
3401 2904 3572 2958 neque

2006 2982 2277 3027 noverunt
2326 2973 2530 3037 futura,
2609 2975 2714 3029 nisi
2763 2975 2895 3044 quid
2945 2985 3131 3030 sancta
3185 2991 3248 3030 ac
3297 2978 3570 3032 adoranda

2006 3065 2275 3121 Trinitate
2308 3065 2536 3121 docente
2563 3069 2892 3138 acceperint.
2921 3067 3234 3124 Didicerunt
3263 3085 3410 3140 ergo,
3454 3085 3570 3124 cer-

2005 3166 2225 3225 tumque
2263 3167 2640 3228 argumentum
2687 3161 2878 3213 futura:
2922 3159 3344 3214 resurrectionis
3382 3159 3570 3214 Adami

2005 3258 2368 3321 acceperunt,
2426 3251 2667 3306 videntes
2710 3252 2877 3306 ﬁlium
2919 3252 3091 3306 vidua:
3125 3269 3154 3304 a
3201 3252 3306 3306 Deo
3340 3253 3570 3308 suscita-

2005 3351 2116 3395 tum
2167 3342 2232 3397 ³ο.
2291 3340 2636 3413 Protoplasto
2684 3346 2826 3398 cnim
2875 3352 3033 3399 terra:
3081 3346 3190 3398 tilio
3232 3355 3467 3408 murtuo,
3509 3360 3573 3398 ea

2003 3441 2258 3503 tanquam
2290 3435 2452 3490 vidua
2486 3434 2672 3490 eﬂ'ecta
2719 3443 2823 3490 est.
2867 3435 3078 3491 Rursus
3116 3444 3293 3490 autem
3331 3437 3573 3490 videntes

2003 3524 2318 3580 suscitatam
2361 3525 2774 3597 archisynagOgi
2808 3527 2967 3582 tiliam
3003 3528 3072 3593 ²¹,
3108 3527 3385 3598 sapienter
3416 3529 3572 3582 intel-

2002 3617 2250 3671 lexerunt
2298 3620 2463 3672 Evam
2502 3634 2717 3688 quoque
2762 3635 2886 3672 cum
2927 3620 3135 3674 Adamo
3175 3619 3570 3674 suscitandam.

2002 3708 2136 3763 Tum
2161 3725 2286 3764 vero
2317 3711 2577 3766 suscitato
2613 3726 2779 3779 puero
2803 3712 3138 3766 centurionis
3173 3711 3551 3782 alienigenae“

2004 3801 2106 3855 hoc
2135 3802 2352 3856 abunde
2386 3801 2528 3858 Deus
2559 3803 2770 3864 docuit,
2807 3807 2921 3859 fore
2954 3813 3012 3859 ut
3055 3813 3313 3861 externas
3356 3821 3572 3876 quoque

2003 3903 2190 3964 gentes
2214 3895 2525 3950 suscitaret.
2561 3894 2640 3948 En
2679 3897 2774 3950 tibi
2811 3906 2922 3951 trcs
2956 3906 3292 3951 mortuorum
3316 3896 3561 3952 dill‘ereno

2005 3985 2129 4040 tias.
2177 3985 2245 4038 At
2283 3984 2548 4041 Lazarum
2593 3989 2910 4042 suscitando
2957 3996 3210 4058 quartum
3255 3995 3570 4053 mortuum,

2002 4078 2430 4148 quatriduanum
2469 4081 2617 4133 illum
2650 4095 2678 4132 a
2703 4084 2974 4150 sepulcro,
3017 4079 3299 4134 clementis
3337 4086 3570 4148 quatuor

2000 4171 2455 4238 distrahentibus,
2510 4174 2766 4237 olentem,
2817 4182 3054 4243 putrem,
3096 4173 3375 4228 vermibus
3417 4188 3572 4228 man-

2002 4264 2302 4333 cipatum;
2372 4275 2559 4319 notum
2623 4265 2828 4319 factum
2888 4275 2971 4320 cst
3044 4265 3444 4334 principatibus
3503 4279 3567 4318 ac

2003 4356 2322 4410 caelestibus
2380 4355 2748 4424 potestatibus
2825 4356 3170 4423 terrenisque
3233 4353 3568 4417 hominibus,

2003 4446 2116 4502 fore
2149 4457 2207 4502 ut
2240 4447 2456 4502 tandem
2497 4447 2640 4502 Dens
2672 4449 2977 4501 universam
3011 4447 3287 4499 hominum
3320 4454 3570 4498 naturam

322 4536 499 4587 πᾶσαν
537 4537 632 4606 τὴν
670 4539 734 4591 ἐκ
777 4542 1058 4614 τεσσάρων
1110 4541 1468 4594 συσταθεῖσαν
1507 4542 1897 4615 ἀνθρωπύτητα

2006 4540 2293 4596 elementis
2346 4551 2584 4610 quatuor
2639 4546 2983 4593 constantem
3037 4539 3346 4600 suscitaret,
3398 4552 3568 4606 quan-

321 4626 520 4696 ἐγερεῖ,
551 4627 654 4680 κᾶν
674 4627 877 4692 ῶζεσεν
913 4633 970 4684 ἐν
997 4634 1061 4703 τῇ
1092 4633 1337 4704 ἁμαρτίᾳ
1367 4635 1464 4704 τῆς
1493 4635 1888 4705 παραϐάσεως·

321 4717 423 4770 κᾶν
453 4718 630 4788 ἐσάπη
674 4723 730 4773 ἐν
777 4725 840 4793 τῇ
883 4723 1106 4796 ἀσεϐείᾳ
1145 4725 1243 4796 τῆς
1290 4725 1724 4799 εἰδωλολατρείας
1751 4745 1763 4758 ·
1792 4728 1893 4781 κᾶν

321 4811 394 4873 ὠς
424 4813 527 4865 ὑπὸ
556 4815 871 4884 σκωλήκων,
900 4817 1005 4870 ὑπὸ
1032 4817 1300 4888 δαιμόνων
1333 4819 1750 4890 κατεκυριεύθη,
1795 4821 1892 4873 καὶ

321 4903 636 4973 ἐζωπρεὺθη
669 4911 755 4972 εὶς
778 4908 842 4960 τὸ
865 4909 1111 4962 ἐκείνων
1151 4909 1396 4980 θέλημα.
1426 4910 1611 4964 Ταῦτα
1638 4907 1730 4965 οὖν
1763 4912 1894 4965 ἰδόν-

320 5015 410 5062 τες
453 5000 502 5052 οί
541 4999 760 5068 ἄγγελοι
805 5002 1100 5071 κρυπτῶς,
1149 5003 1243 5055 καὶ⁵
1289 5003 1563 5074 ἄνθρωποι
1614 5005 1890 5077 φανερῶς,

321 5091 642 5161 ἐξέστησαν,
699 5091 1183 5164 ἐξεθαμϐήθησαν,
1219 5097 1312 5149 καὶ
1357 5096 1587 5168 ἤρξαντο
1635 5097 1762 5170 βοᾷν
1799 5099 1892 5151 καὶ

322 5183 494 5250 λέγειν
515 5201 528 5213 ’
566 5183 827 5238 Ὡσαννὰ
850 5184 919 5236 ἐν
949 5185 1072 5250 τοῖς
1093 5189 1392 5255 ὑψίστοις.
1427 5190 1536 5260 Οὐχ
1566 5189 1640 5253 ὡς
1668 5207 1890 5261 σημειο-

321 5275 482 5344 φόρον
519 5273 574 5326 δὲ
614 5274 771 5344 μόνον
818 5274 1083 5346 ἐπῄνουν,
1112 5277 1249 5330 ἀλλά
1294 5281 1386 5333 κα)⁵
1423 5281 1497 5344 ὡς
1547 5280 1766 5351 βασιλέα
1810 5284 1890 5337 ὅτι

322 5363 705 5436 ᾐχμαλώτευσε
737 5369 915 5420 πᾶσαν
943 5368 1040 5439 τὴν
1069 5369 1162 5422 ἀπ’
1191 5370 1386 5435 αἰῶνος
1431 5374 1535 5432 ὑπὸ
1575 5375 1668 5430 τοῦ
1703 5375 1888 5429 ’διαϐό-

391 5565 430 5597 ”
470 5561 628 5618 Joan.
683 5581 792 5631 xu,
867 5564 946 5620 I0.

1025 5569 1066 5639 ν’
1108 5567 1303 5639 Ephes.
1343 5587 1443 5636 ιιι,
1482 5573 1570 5628 10.
1647 5575 1690 5606 “
1732 5574 1862 5632 ibid.

1963 5577 2009 5609 ’°
2047 5578 2179 5638 Luc.
2217 5594 2324 5640 vn,
2362 5579 2449 5634 Η.

2005 4646 2166 4701 quam
2201 4632 2290 4685 illa
2314 4632 2367 4684 in
2394 4632 2852 4701 praevaricationis
2890 4639 3113 4702 peccato
3143 4629 3353 4692 feterct,
3397 4644 3570 4699 quan-

1999 4741 2162 4797 quam
2191 4725 2246 4778 in
2277 4725 2593 4779 idololatriae
2617 4725 2890 4795 impietate
2919 4723 3240 4794 putruisset,
3259 4735 3570 4792 quanquam

1999 4819 2048 4873 ei
2071 4818 2348 4873 daemones
2379 4818 2553 4872 instar
2581 4816 2843 4872 vermium
2865 4815 3296 4881 dominarentur,
3329 4824 3377 4867 et
3413 4813 3567 4881 capti-

2001 4927 2118 4964 vam
2161 4919 2411 4975 tenerent,
2441 4911 2510 4963 ad
2533 4926 2686 4963 suam
2725 4911 2956 4980 ipsorum
2992 4909 3309 4962 uoluntatem
3335 4905 3401 4960 ³³.
3433 4905 3566 4961 Cum

2006 5007 2122 5061 haec
2173 5021 2304 5077 ergo
2353 5004 2532 5076 angeli
2582 5018 2782 5063 arcana
2827 5002 3054 5064 ratione,
3092 4999 3340 5054 homines
3386 5007 3566 5053 autem

1997 5097 2294 5168 conspicua
2320 5103 2635 5160 cernerent,
2685 5093 3058 5148 vehementius
3093 5090 3343 5144 admirati
3378 5091 3567 5144 obsto:

2000 5201 2257 5262 puerunt,
2288 5199 2679 5262 cmperuntque
2703 5191 2940 5244 clamare
2967 5204 3029 5242 ac
3055 5187 3236 5242 dicere
3267 5206 3278 5241 :
3310 5184 3567 5241 Hosanna

1997 5285 2051 5338 in
2105 5285 2382 5339 altissimis
2424 5285 2488 5337 ’⁵.
2525 5283 2696 5341 Porro
2735 5282 3050 5344 laudabant,
3088 5297 3197 5335 non
3243 5288 3298 5333 ιιι
3351 5286 3564 5332 tantum

2001 5375 2344 5448 signiferum,
2405 5376 2498 5432 sed
2549 5384 2607 5436 ut
2659 5374 2820 5438 etiam
2875 5389 3096 5448 regem;
3159 5371 3304 5452 quod
3346 5383 3562 5428 omnem

2525 5580 2570 5612 ’ί
2611 5577 2798 5632 Matth.
2854 5595 2903 5635 ix
2933 5619 2948 5642 ,λ
2986 5577 3097 5646 18;
3145 5575 3313 5638 Mare.
3358 5595 3410 5644 ν,
3443 5575 3560 5642 2ἳ;

321 5633 450 5692 an.
487 5650 619 5714 lvm,
655 5635 753 5707 A2.
820 5637 1098 5704 "Matth.
1135 5633 1266 5707 vm,
1430 5633 1478 5680 π
1520 5643 1557 5698 ΙΙ
1593 5642 1736 5706 Tim.
1775 5663 1847 5713 ll,
1886 5646 1976 5704 9.6.
2053 5647 2099 5679 "
2140 5633 2324 5702 Matth.
2363 5633 2485 5725 xxi,
2523 5649 2579 5726 9.

388 5752 498 5864 tm
533 5794 650 5863 Thr
676 5794 762 5864 ἔγ.
797 5793 955 5853 Deest
981 5795 1095 5873 δια.¹
