4116 6332
354 314 488 372 1269

1365 303 1621 362 ORATIO
1661 301 1726 357 ΙΝ
1771 296 2003 354 ΜΜΟΞ
2042 291 2456 349 PALMARUM.

3477 282 3616 340 ιντο

350 446 459 492 τως
511 425 706 481 alta)le
760 443 852 480 σου
904 427 936 498 ἡ
991 424 1250 496 σωτηρία.
1299 423 1397 476 Διὰ
1441 423 1600 476 τοῦτο
1630 417 1722 475 οὖν
1761 417 1934 486 Χαῖρε

2040 414 2150 484 regi
2181 420 2274 468 tuo
2294 453 2308 475 ,
2341 411 2433 481 qui
2470 408 2614 464 venit
2645 406 2713 462 de
2745 402 2976 461 excelsis
3011 403 3276 460 caelorum
3329 406 3387 454 ut
3419 405 3472 452 te
3505 398 3614 452 sal-

352 519 619 590 σςσόδρασ
660 519 935 590 κήρυττε,
987 520 1236 589 θύγατερ
1279 514 1696 586 Ἰερουσαλήμ.
1741 513 1806 565 Τί
1837 530 1936 582 κη-

353 613 519 685 ρύξω,
552 606 596 666 ὧ
621 614 908 684 προφῆτα
940 614 1189 684 Κήρυττε
1218 611 1296 681 τῷ
1323 610 1530 680 βασιλεῖ
1554 627 1669 673 σου,
1696 606 1774 678 τῷ
1801 622 1936 660 κατ-

353 705 559 760 ελθόντι
591 704 700 760 ἀπὸ
743 706 851 758 τῶν
897 703 1206 775 semitam;
1234 703 1328 758 τοῦ
1369 700 1598 776 οὐρανοῦ
1632 698 1805 753 σῶσαί
1853 715 1932 760 σε,

353 797 726 868 εὐχαριστίαν,
742 796 1068 865 δοξολογίαν,
1088 794 1431 866 ὑμνολογίαν.
1447 796 1698 866 Κήρυττε
1728 793 1938 846 Ὡσαν-

353 891 431 943 νὰ
461 890 532 942 ἐν
559 889 681 956 τοῖς
698 891 1000 958 ὑψίστοις,
1023 889 1142 943 ὅθεν
1161 889 1491 959 παρεγένετο
1513 884 1684 940 σῶσαί
1707 902 1765 937 σε
1785 901 1800 915 ο
1824 884 1938 936 Εὐ-

351 981 685 1052 λογημένος
728 985 759 1036 ὁ
802 981 1125 1050 ἐρχόμενος
1154 981 1222 1033 ἐν
1258 981 1499 1048 ὀνόματι
1543 977 1782 1045 Κυρίου.
1827 975 1938 1028 Καὶ

356 1074 545 1127 σκόπει
565 1091 652 1144 μοι
669 1074 758 1126 τὸν
776 1072 1187 1142 εὐαγγελιστὴν,
1216 1070 1334 1134 πῶς
1351 1069 1571 1124 διπλοῦν
1588 1069 1679 1122 τὸν
1703 1067 1937 1138 Χριστὸν

353 1163 632 1236 κηρύττει.
656 1164 744 1216 Ἐν
771 1163 848 1234 τῷ
871 1163 980 1235 γὰρ
1007 1162 1206 1231 λέγειν,
1255 1163 1516 1215 Ὡσαννὰ
1546 1161 1615 1213 ἐν
1651 1159 1774 1225 τοῖς
1799 1157 1939 1226 ὑψί-

353 1273 545 1324 στοις,
589 1257 688 1329 τὴν
718 1256 926 1327 ὑψηλὴν
968 1258 1067 1327 τῆς
1109 1254 1358 1325 θεότητος
1398 1252 1556 1321 φύσιν
1587 1251 1766 1323 δηλοί”
1803 1253 1858 1302 ὲν
1882 1249 1938 1302 δὲ

356 1349 433 1419 τῷ
454 1349 635 1416 λέγειν
659 1364 672 1379 ’
695 1346 1124 1416 Εὐλογημένος
1167 1348 1199 1400 ό
1231 1346 1553 1415 ἐρχόμενος
1591 1345 1660 1397 ἐν
1697 1345 1939 1412 ὀνόματι

355 1440 598 1506 Κυρίου,
622 1438 718 1509 τὴν
755 1437 854 1508 τῆς
880 1438 1296 1510 ἀνθρωπότητος
1321 1439 1508 1491 οὐσίαν
1557 1436 1811 1508 σημαίνει
1829 1453 1843 1465 ο
1877 1437 1940 1489 τὸ

355 1531 549 1602 εὑλογη
559 1530 716 1601 μένον
745 1530 984 1603 σπέρμα,
1004 1530 1032 1583 ὃ
1063 1529 1327 1602 εὑλογήθη
1365 1531 1393 1582 ὁ
1434 1529 1796 1600 εὐλογημένος
1813 1527 1937 1580 Ἀϐ-

360 1620 527 1692 ραὰμ,
555 1623 611 1673 ὲν
642 1619 719 1690 τῷ
758 1621 1032 1692 σπέρματι
1065 1620 1230 1674 αὑτοῦ
1260 1619 1616 1691 εὐλογηΘῆναι
1654 1618 1833 1672 πάντα
1871 1616 1940 1670 τὰ

357 1713 485 1785 ἔθνη
509 1715 608 1786 τῆς
625 1714 748 1784 γῆς.
779 1711 1188 1784 Εὐλογημένη,
1215 1713 1399 1783 φησιν,
1430 1714 1468 1780 η
1496 1711 1790 1782 ἐρχομένη
1819 1711 1936 1775 βα-

358 1808 558 1862 σιλεία
577 1806 682 1860 τοῦ
714 1805 938 1874 πατρὸς
966 1803 1134 1874 ἡμῶν
1159 1804 1358 1861 Δαθίδ.

447 1918 813 1990 Αναλάὸωμεν
840 1918 1002 1972 πάλιν
1041 1917 1140 1989 τὴν
1177 1917 1358 1990 φωνὴν
1390 1917 1487 1990 τὴν
1521 1917 1810 1991 προτέραν,
1847 1916 1940 1970 καὶ⁸

358 2011 548 2082 ὥσπερ
583 2009 786 2081 μασθὸν
819 2007 1154 2079 προφητικὸν
1181 2008 1523 2079 ἐκπιέσωμεν
1549 2026 1561 2037 ⁸
1590 2008 1670 2060 ἔτι
1703 2007 1811 2079 γὰρ
1829 2007 1938 2077 ἔχει

358 2103 649 2171 γάλακτος.
676 2101 812 2173 Φησὶ
841 2101 949 2174 γάρ
967 2119 980 2132 ’
1008 2102 1185 2171 Χαῖρε
1213 2102 1466 2172 σφόδρα,
1493 2102 1744 2171 θύγατερ
1767 2101 1934 2153 Σιώνο

361 2191 618 2263 κήρυττε
639 2233 654 2258 ,
703 2195 956 2265 θύγατερ
999 2193 1412 2264 Ἰερουσαλήμ.
1443 2194 1554 2246 Καὶ
1595 2193 1735 2256 τίνος
1755 2191 1940 2245 ἕνεκεν

361 2287 612 2356 θύγατερ
640 2285 812 2350 Σιὼν,
856 2287 950 2339 καὶ
984 2287 1043 2339 οὐ
1077 2285 1250 2352 Σιών;
1303 2286 1398 2339 καὶ
1439 2286 1688 2354 θύγατερ
1729 2284 1941 2352 Ἰερου-

359 2379 589 2446 σαλὴμ,
620 2379 713 2432 καὶ
729 2379 789 2431 οὐ
819 2379 1208 2450 Ἱερουσαλήμς
1273 2379 1513 2449 Πρόσεχε
1540 2376 1798 2441 συνετῶς,
1828 2395 1936 2430 πα-

363 2469 603 2542 ρακαλῶ.
652 2470 860 2540 Ὠσπερ
891 2471 999 2542 γὰρ
1031 2470 1098 2524 τὰ
1127 2469 1367 2541 ὀνόματα
1405 2469 1512 2522 τῶν
1545 2468 1809 2539 βοτανῶν,
1845 2469 1939 2523 καὶ

359 2562 469 2616 τῶν
499 2561 779 2624 πετεινῶν,
809 2561 1030 2615 καὶτῶν
1053 2561 1415 2633 τετραπόδων,
1447 2562 1540 2613 καὶ
1583 2560 1689 2613 τῶν
1731 2559 1940 2631 ἀνθρώ-

363 2675 500 2720 πιον,
532 2655 673 2709 κατὰ
700 2656 800 2727 τὴν
842 2655 1103 2727 διαφορὰν
1134 2654 1235 2724 τῆς
1270 2653 1484 2726 μορφῆς
1518 2653 1608 2708 καὶ
1649 2651 1749 2722 τῆς
1781 2652 1936 2706 δυνά-

363 2763 508 2816 μεως
534 2745 676 2799 οὓτω
704 2746 799 2798 καὶ
826 2745 886 2797 τὸ
913 2745 1084 2814 ὄνομα
1113 2744 1398 2814 κέκτηται,
1430 2743 1602 2806 οὕτως
1626 2744 1829 2813 ἑκάστη
1856 2760 1942 2795 κε-

364 2835 490 2905 ραία
538 2837 646 2887 τῶν
705 2833 862 2885 Θείων
895 2833 1090 2901 λογίων
1127 2832 1264 2885 ἰδίαν
1309 2833 1536 2902 δύναμιν
1583 2831 1678 2884 καὶ
1709 2831 1939 2904 Θεωρίαν

359 2925 641 2995 κέκτηται.
676 2923 883 2976 υὺκοῦν
914 2924 1315 2995 ἐρευνήσωμεν,
1367 2923 1418 2975 τί
1463 2923 1662 2994 δήποτε
1711 2923 1809 2994 τὴν
1843 2922 1939 2975 νῦν

359 3016 558 3086 πιστὴν
595 3014 945 3086 Ἰερουσαλὴμ
979 3014 1192 3085 πρῶτον
1214 3013 1368 3066 καλεί
1404 3016 1431 3066 ὁ
1466 3014 1748 3085 προφήτης
1774 3012 1942 3081 Θυγα-

2041 515 2158 570 vet,
2189 503 2492 575 gratiarum
2519 501 2789 556 actionem
2809 537 2823 561 ,
2860 493 3312 567 gloriﬁcationem
3335 532 3350 556 ,
3390 489 3614 544 laudum

2036 597 2274 651 cantica.
2306 593 2550 648 Praedico
2588 590 2847 645 Hosanna
2879 589 2931 640 in
2970 584 3250 639 altissimis
3278 583 3357 647 ³⁵,
3393 581 3536 636 unde
3568 579 3616 634 is

2038 697 2092 744 te
2147 687 2458 742 salvaturus
2489 683 2749 737 advenit:
2803 676 3118 732 Benedictus
3145 675 3234 746 qui
3267 674 3400 728 venit
3433 671 3485 725 in
3515 689 3616 724 no-

2038 780 2174 834 mine
2204 778 2420 831 Domini
2451 776 2518 831 ³⁶.
2552 773 2633 828 Tu
2685 785 2814 827 vero
2846 770 2976 823 mihi
3009 767 3398 836 evangelistam
3435 762 3617 818 consi-

2037 870 2199 930 dera,
2257 875 2315 921 ut
2365 865 2640 936 duplicem
2696 861 2976 917 Christum
3030 857 3313 929 praedicet.
3379 854 3620 908 Dicendo

2037 963 2181 1016 enim
2213 1003 2226 1027 ,
2264 959 2523 1014 Hosanna
2569 959 2623 1010 in
2670 954 2983 1016 altissimis,
3034 951 3321 1006 sublimem
3365 957 3616 1002 naturam

2038 1049 2345 1106 divinitatis
2374 1046 2617 1103 ostendit
2643 1063 2657 1112 ;
2684 1043 2918 1100 dicendo
2943 1049 3123 1096 autem
3152 1061 3165 1095 :
3193 1038 3505 1093 Benedictus
3531 1036 3620 1106 qui

2039 1144 2173 1199 venit
2209 1143 2261 1195 in
2296 1141 2506 1195 nomine
2542 1138 2788 1199 Domini,
2825 1134 3192 1191 substantiam
3228 1133 3479 1201 designat
3510 1129 3616 1186 hu.-

2040 1235 2316 1289 manitatis
2342 1253 2355 1288 :
2378 1247 2583 1299 semen,
2621 1230 2876 1300 inquam,
2915 1226 3048 1281 illud
3068 1224 3440 1289 benedictum,
3474 1221 3616 1292 quod

2039 1326 2362 1381 benedictus
2395 1323 2668 1378 Abraham
2705 1322 2762 1374 in
2802 1318 3233 1374 benedictionem
3275 1315 3517 1385 accepit,
3561 1322 3620 1365 ut

2041 1419 2094 1472 in
2127 1417 2336 1472 semine
2367 1417 2489 1484 ejus
2529 1415 2989 1470 benedicerentur
3035 1426 3227 1466 omnes
3272 1415 3460 1478 gentes
3510 1415 3619 1461 ter-

2039 1525 2113 1564 ra:
2133 1511 2198 1563 ".
2229 1508 2573 1564 Benedictum
2596 1546 2610 1570 ,
2633 1507 2812 1577 inquit
2835 1547 2848 1569 ,
2878 1502 3016 1575 quod
3045 1507 3178 1557 venit
3211 1516 3424 1572 regnum
3450 1499 3618 1568 patris

2040 1601 2207 1654 nostri
2237 1598 2409 1653 David
2439 1598 2504 1651 ³⁸.

2111 1903 2200 1959 IV.
2230 1901 2594 1958 Resumamus
2622 1897 2857 1969 priorem
2884 1907 3070 1949 vocem
3094 1933 3108 1958 ,
3136 1906 3198 1946 ac
3223 1891 3368 1946 velut
3387 1889 3619 1960 prophe-

2040 1998 2149 2052 tica
2183 1997 2347 2051 ubera
2377 1993 2790 2064 exprimamus:
2828 1993 3030 2058 quippe
3061 1987 3239 2041 adhuc
3275 1987 3356 2039 lac
3393 1984 3616 2038 habent.

2039 2088 2130 2142 Ait
2165 2085 2466 2156 siquidem:
2501 2080 2682 2136 Gaude
2726 2079 3063 2142 vehementer,
3101 2076 3216 2146 ﬁlia
3262 2074 3436 2137 Sion;
3481 2090 3618 2143 pra:-

2040 2170 2194 2244 dica,
2227 2177 2344 2247 ﬁlia
2371 2173 2692 2228 Jerusalem.
2736 2170 3009 2236 Quorsum
3059 2183 3191 2223 vero
3217 2207 3231 2230 ,
3284 2167 3402 2238 ﬁlia
3447 2165 3576 2220 Sion
3603 2205 3616 2228 .

2042 2286 2150 2324 non
2187 2267 2360 2324 Sion?
2388 2265 2663 2332 Quorsum
2707 2264 2822 2332 ﬁlia
2863 2260 3196 2323 Jerusalem,
3248 2276 3357 2314 non
3390 2257 3616 2314 Jerusa-

2039 2362 2190 2417 lem?
2245 2359 2440 2426 Qumso
2493 2354 2744 2410 attendas
2791 2353 3084 2421 sapienter.
3146 2347 3617 2416 Quemadmodum

2040 2455 2184 2509 enim
2216 2453 2366 2508 olera
2389 2491 2403 2514 ,
2432 2450 2692 2503 volucres
2713 2489 2726 2510 ,
2767 2443 3122 2516 quadrupeda
3159 2442 3416 2497 animalia
3453 2451 3618 2512 atque

2041 2547 2324 2606 homines,
2368 2557 2467 2614 pro
2512 2542 2662 2595 varia
2710 2539 2882 2592 forma
2927 2545 3091 2607 atque
3122 2536 3361 2595 virtute,
3396 2533 3501 2586 alia
3536 2538 3619 2586 at-

2041 2653 2148 2708 que
2189 2636 2295 2690 alia
2340 2642 2672 2704 acceperunt
2706 2631 2951 2691 nomina,
3009 2631 3088 2684 sic
3124 2643 3254 2683 sane
3302 2627 3502 2698 singuli
3537 2625 3622 2679 di-

2042 2732 2291 2784 vinorum
2329 2729 2670 2797 eloquiorum
2709 2724 2922 2794 apices,
2958 2723 3217 2776 virtutem
3251 2720 3523 2790 propriam
3557 2732 3621 2771 ac

2043 2837 2264 2878 sensum
2297 2821 2599 2890 spiritalem
2636 2818 2858 2871 habent.
2893 2816 3218 2870 Scrutemur
3237 2831 3397 2885 ergo,
3428 2828 3621 2883 quam-

2042 2916 2230 2970 obrem
2261 2912 2523 2983 pmpheta
2545 2952 2560 2977 ,
2612 2910 2822 2965 ﬁdelem
2856 2909 3160 2962 Jerusalem
3184 2947 3198 2971 ,
3248 2907 3485 2977 primum
3522 2919 3619 2973 ap-

2044 3007 2206 3079 pellet
2259 3004 2423 3057 ﬁliam
2473 3003 2646 3067 Sion;
2682 2985 3025 3069 subindeque
3075 2997 3238 3050 ﬁliam
3289 2996 3616 3051 Jerusalem.

355 3108 492 3180 τέρα
543 3105 680 3159 Σιών
732 3105 1010 3178 [κήρυττε,
1063 3104 1300 3176 θύγατερ
1369 3103 1768 3177 Ἱερουσαλήμ].
1804 3105 1938 3176 Φησὶ

2043 3098 2178 3153 Nam
2209 3097 2323 3150 ait:
2361 3093 2543 3150 Gaude
2575 3093 2919 3156 vehementer,
2950 3091 3069 3159 [ilia
3119 3089 3291 3151 Sion;
3340 3088 3574 3155 pra'dica
3603 3126 3621 3155 ,ν

359 3198 496 3270 γάρ’
527 3197 702 3266 Χαζοε
735 3196 990 3267 σφόδρα,
1024 3198 1275 3268 θύγατερ
1300 3196 1483 3252 Σιώνο
1530 3197 1802 3266 κήρυττε,
1841 3200 1936 3253 θύ-

358 3307 534 3360 γατερ
587 3289 986 3359 Ἰερουσαλήμ.
1056 3287 1192 3342 Σιὼν
1259 3288 1612 3362 ἑρμηνεύεται
1674 3288 1930 3358 διψῶσα.

363 3385 520 3437 Ἔστι
548 3383 604 3436 δὲ
636 3383 830 3453 αὖτηὴ
868 3383 1156 3456 συναγωγὴ
1193 3383 1302 3435 τῶν
1337 3383 1558 3436 δικαίων
1593 3383 1688 3436 καὶ
1725 3401 1938 3455 προφη-

359 3475 469 3528 τῶν
489 3492 502 3506 ·
526 3476 634 3527 τῶν
657 3475 750 3527 ἀπ’
774 3475 966 3539 αἰῶνος
1008 3477 1168 3548 μέχρι
1200 3476 1298 3546 τῆς
1332 3475 1566 3547 Χριστοῦ
1598 3476 1901 3546 παρουσίας
1919 3491 1942 3508 '-

359 3566 686 3638 διψήσαντες
736 3567 996 3636 ἑνωΘῆναι
1029 3568 1122 3621 καὶ
1169 3567 1534 3638 εὐαρεστῆσαι
1574 3569 1640 3638 τῇ
1691 3566 1810 3638 Θείᾳ
1845 3567 1938 3620 καὶ

363 3662 707 3732 προσκυνητῇ
750 3661 906 3732 οὐσίᾳ
935 3660 1032 3730 τῆς
1069 3659 1339 3728 θεότητος,
1369 3657 1548 3722 καθώς
1590 3674 1751 3728 φησιν
1789 3659 1815 3709 ὁ
1849 3673 1939 3710 κοο

366 3756 590 3824 ρυιραῖος
612 3753 718 3806 τῶν
743 3751 1055 3806 ἀποστόλων
1073 3753 1294 3824 Πέτρος-
1323 3753 1454 3804 Ἵνα
1473 3750 1755 3820 γένωνται
1776 3750 1938 3816 θείας

363 3846 634 3900 κοινωνοὶ
665 3847 922 3913 φύσεως.
946 3839 1124 3907 Οὗτοι,
1155 3843 1446 3914 ζητοῦντες
1472 3843 1564 3895 τὸν
1594 3843 1826 3912 Χριστὸν
1844 3844 1938 3894 καὶ

358 3936 638 4007 διψῶντες,
673 3936 974 4008 ἐκλήθησαν
1008 3934 1166 4002 Σιὼν,
1197 3934 1378 3997 καθὼς
1403 3931 1482 3998 εἷς
1518 3934 1577 3998 ἐξ
1615 3934 1792 3986 αὐτῶν
1823 3934 1938 3986 ἕλευ

359 4046 454 4098 γεν
475 4045 491 4062 ⁸
538 4030 870 4097 Ἐδίψνησεν
894 4029 930 4095 ἡ
958 4027 1126 4096 ψυχή
1140 4046 1258 4095 μου
1285 4029 1433 4096 πρὸς
1478 4027 1582 4080 τὸν
1632 4026 1780 4081 Θεὸν
1831 4027 1938 4079 τὸν

362 4123 614 4193 ἰσχυρὸν
663 4123 768 4176 τὸν
801 4121 1001 4183 (chrea.
1039 4123 1205 4174 Ὅταν
1249 4121 1305 4174 δὲ
1348 4121 1606 4190 ἐπέτυχον
1646 4120 1736 4172 καὶ
1787 4120 1939 4191 ἤγγι-

363 4230 480 4274 σαν,
508 4212 705 4284 μᾶλλον
731 4213 786 4266 δὲ
820 4211 1116 4281 ὤφθησαν
1149 4213 1244 4266 καὶ
1281 4211 1621 4280 ἐθεώρησαν
1653 4213 1720 4266 τὸ
1751 4214 1940 4281 πρόση

360 4320 523 4359 ωπον
543 4304 730 4358 αὐτοῦ
749 4321 762 4336 ⁸
781 4303 924 4357 οὕτω
948 4304 1056 4376 γὰρ
1088 4305 1236 4373 λέγει
1258 4304 1419 4374 ἑτέρα
1439 4303 1667 4367 ἕκδοσις·
1692 4304 1940 4372 ἐγένοντο

371 4397 743 4469 Ἰερουσαλὴμ,
775 4398 1009 4470 ὁρῶντες
1030 4397 1182 4460 Θεὸν,
1207 4397 1300 4450 καὶ
1341 4400 1733 4470 σκοπευτὴριεν
1758 4398 1938 4468 πάσης

2044 3193 2161 3262 ﬁlia
2193 3188 2513 3244 Jerusalem.
2553 3187 2685 3240 Sion
2721 3185 3011 3256 exponitur
3042 3183 3246 3236 sitiens.
3279 3179 3405 3235 Hmc
3453 3195 3618 3252 ponro

2037 3284 2312 3354 justorum
2346 3297 2409 3336 ac
2436 3279 2824 3352 prophetarum
2853 3275 3202 3347 congregatio
3229 3281 3344 3337 est,
3377 3274 3469 3343 qui
3502 3273 3620 3328 fue-

2040 3385 2170 3431 runt
2195 3391 2222 3430 a
2256 3374 2457 3430 swcnlo
2491 3388 2662 3443 usque
2693 3372 2757 3426 ad
2790 3369 2995 3424 Christi
3031 3367 3320 3421 adventum
3350 3384 3362 3420 :
3399 3365 3492 3436 qui
3528 3366 3614 3418 ni-

2040 3466 2240 3520 mirum
2277 3463 2419 3517 uniri
2455 3462 2744 3526 sitierunt,
2781 3473 2845 3514 ac
2893 3459 3107 3528 placere
3144 3455 3340 3512 divinae
3384 3457 3616 3508 adoran-

2038 3557 2230 3625 dzeque
2276 3552 2582 3608 divinitatis
2624 3548 2985 3614 substantiae,
3034 3545 3493 3616 quemadmodum
3539 3545 3616 3596 ait

2037 3648 2231 3703 Petrus
2262 3645 2632 3716 apostolorum
2662 3641 2948 3712 princeps:
2985 3637 3052 3692 Ut
3075 3639 3265 3691 divina:
3290 3637 3470 3706 eﬁicer.
3490 3647 3618 3689 ntur

2038 3750 2304 3796 consortes
2339 3748 2544 3792 natura:
2579 3736 2644 3788 ’9.
2682 3733 2746 3787 Ili
2775 3774 2790 3798 ,
2841 3733 3061 3802 inquam
3090 3772 3104 3795 ,
3140 3729 3418 3784 Christum
3470 3743 3619 3798 qum-

2039 3839 2223 3888 rentes
2273 3846 2336 3884 ac
2391 3828 2640 3883 sitientes
2689 3823 2941 3895 appellati
2989 3829 3118 3876 sunt
3149 3818 3320 3880 Sion,
3356 3818 3620 3889 quemad-

2039 3923 2259 3979 modum
2299 3936 2489 3976 eorum
2540 3916 2741 3988 aliquis
2795 3916 2870 3967 ait
2905 3932 2917 3967 :
2955 3912 3132 3968 Sitivit
3185 3912 3365 3964 anima
3401 3927 3513 3965 mea
3547 3913 3615 3964 ad

2039 4017 2209 4071 Deum
2253 4015 2441 4084 fortem
2494 4012 2663 4064 virum
2706 4009 2772 4060 “’.
2828 4005 2931 4061 Ubi
2968 4016 3147 4059 autem
3180 4004 3358 4073 adepti
3394 4011 3522 4057 sunt
3555 4019 3618 4056 ac

2041 4116 2430 4173 accesserunt,
2468 4120 2564 4159 seu
2605 4103 2789 4173 potius
2834 4097 3077 4154 viderunt
3117 4113 3178 4150 ac
3220 4097 3443 4150 contuiti
3492 4105 3621 4150 sunt

2038 4204 2227 4274 faciem
2259 4200 2413 4271 ejus;
2447 4198 2526 4253 sic
2559 4197 2705 4251 enim
2742 4193 2904 4249 habet
2936 4193 3042 4246 alia
3072 4191 3240 4246 editio
3267 4206 3281 4254 ;
3319 4188 3449 4242 lacti
3483 4197 3615 4243 sunt

2037 4295 2340 4351 Jerusalem
2377 4289 2544 4344 Deum
2578 4286 2864 4350 videntes,
2901 4299 2962 4339 ac
2998 4283 3166 4336 totius
3203 4281 3448 4335 scientia!
3491 4294 3617 4348 spe-

2040 4389 2183 4443 cula.
2221 4384 2396 4454 Hujus
2428 4395 2595 4452 porro
2630 4378 2762 4432 Sion
2796 4377 2960 4431 ﬁliam
2993 4383 3180 4438 vocat,
3214 4372 3401 4427 ﬁdeles
3426 4372 3481 4428 in
3514 4371 3620 4424 Do-

358 4492 456 4562 τῆς
491 4489 760 4559 γνώσεως.
785 4462 1069 4559 Θυγατέρα
1105 4488 1162 4541 δὲ
1201 4486 1402 4558 ταύτης
1446 4487 1583 4540 Σιὼν
1603 4462 1772 4541 καλεῖ
1814 4462 1938 4553 τους

2045 4482 2195 4534 mino
2240 4478 2334 4547 qui
2379 4474 2572 4528 sitiunt
2623 4487 2718 4540 per
2774 4469 2968 4530 ﬁdem,
3021 4466 3224 4543 quique
3268 4462 3619 4535 exsequendo

357 4581 446 4635 διὰ
473 4583 573 4652 τῆς
593 4581 826 4644 πίστεως
844 4580 1130 4651 διψῶντας,
1161 4581 1255 4634 καὶ
1291 4580 1378 4633 διὰ
1411 4582 1507 4651 τῆς
1542 4581 1800 4652 ἐργασίας
1833 4582 1940 4634 τῶν

359 4673 586 4727 ἐντολῶν
629 4672 722 4726 τοῦ
772 4671 1125 4740 Εὑαγγελίου,
1171 4669 1467 4742 ζητοῦντας
1507 4672 1686 4741 εὑρεῖν
1711 4673 1800 4723 τὸν
1833 4671 1941 4724 Κύ-

362 4779 498 4834 ριον,
541 4763 632 4816 τὸν
681 4765 738 4816 ἐν
781 4765 964 4826 αὐτοῖς
995 4764 1397 4835 κεκρυμμένον,
1457 4762 1637 4826 καθώς
1693 4780 1826 4834 φησι
1876 4763 1938 4816 τὸ

359 4855 514 4925 ἆγιον
548 4855 800 4926 Πνεῦμα·
845 4857 1004 4924 Αὕτη
1043 4858 1080 4924 ὴ
1114 4857 1283 4926 γενεὰ
1323 4855 1654 4922 ζητούντων
1681 4855 1788 4906 τὸν
1815 4856 1936 4907 Κύ-

352 4967 506 5018 ριον,
555 4947 884 5015 ζητούντων
923 4948 988 5001 τὸ
1027 4951 1350 5018 πρόσωπον
1386 4946 1489 5000 τοῦ
1535 4946 1682 5000 Θεοῦ
1715 4946 1932 5000 Ἰακώϐ.

359 5043 471 5096 Καὶ
493 5043 620 5095 ὅταν
649 5041 966 5111 ἐπιτύχωσι,
985 5041 1271 5094 καλοῦνται
1294 5041 1537 5112 Θυγάτηρ
1557 5039 1654 5109 τῆς
1677 5056 1936 5119 προειρη-
1959 5057 1963 5061 ‘

351 5131 528 5204 μένης
562 5132 936 5204 Ἰερουσαλὴμ,
971 5132 1298 5204 Θεωροῦντες
1333 5133 1426 5186 τὸν
1469 5135 1633 5195 Θεὸν,
1670 5133 1763 5186 καὶ
1814 5148 1938 5185 σκο-

360 5224 588 5286 ποῦντες
626 5222 724 5294 τὴν
770 5222 1146 5293 πνευματικὴν
1189 5221 1408 5292 γνῶσιν.
1445 5221 1784 5294 Παρακαλῶν
1819 5220 1876 5273 δὲ
1907 5222 1935 5273 ὀ

359 5316 645 5387 προφήτης
668 5315 755 5369 διὰ
785 5295 888 5368 τοῦ.
910 5315 1212 5386 πνεύματος
1239 5316 1331 5368 τὸν
1374 5315 1506 5369 Θεὸν
1536 5313 1806 5378 ἀναδεῖξαι
1835 5313 1933 5383 τὴν

358 5407 612 5477 τοιαύτην
658 5407 796 5461 Σιὼν
841 5408 936 5462 καὶ
970 5407 1342 5480 Ἰερουσαλὴμ,
1397 5407 1560 5479 φησί·
1618 5405 1935 5476 Μνήσθητι

359 5495 468 5566 τῆς
494 5497 854 5568 συναγωγῆς
891 5515 1027 5563 σου,
1070 5493 1145 5568 ἧς
1181 5499 1418 5565 ἐκτήσω
1448 5497 1748 5570 ἀπῳχῆς.
1793 5497 1938 5551 Οὑκέ

2042 4570 2352 4641 evangeliea
2399 4573 2700 4636 praecepta,
2752 4561 3040 4617 Dominum
3089 4559 3143 4612 in
3171 4558 3251 4613 eis
3285 4558 3616 4610 occultatum

2043 4665 2290 4722 invenire
2337 4666 2623 4731 quaerunt,
2661 4655 2739 4710 uti
2785 4654 2861 4708 ait
2905 4651 3142 4722 Spiritus
3186 4657 3448 4711 sanctus:
3490 4647 3619 4701 Hmc

2040 4765 2118 4812 est
2147 4752 2414 4824 generatio
2442 4747 2784 4820 quwreittium
2809 4743 3122 4806 Dominum,
3156 4740 3501 4811 quwrentium
3533 4740 3621 4809 {a-

2040 4849 2169 4901 ciem
2204 4844 2302 4899 Dei
2335 4840 2502 4900 Iacob
2534 4839 2602 4892 δι.
2643 4837 2746 4892 Ubi
2782 4845 2963 4890 autem
3001 4831 3284 4887 consecuti
3319 4839 3483 4894 sunt,
3516 4847 3618 4884 vo-

2043 4947 2239 4996 cantur
2269 4937 2375 4991 ﬁlia
2411 4933 2648 5006 prael'atze
2676 4929 2978 4985 Jerusalem
3003 4970 3015 4991 ,
3047 4925 3296 4980 videntes
3331 4924 3501 4979 Deum
3553 4938 3618 4978 ac

2044 5016 2330 5090 scientiam
2373 5026 2673 5099 spiritalem
2720 5020 3085 5092 speculantes.
3137 5015 3309 5070 Porro
3353 5015 3620 5086 propheta

2045 5125 2212 5180 Deum
2245 5121 2545 5178 obsecrans
2575 5119 2628 5172 in
2665 5115 2862 5186 Spiritu
2885 5153 2900 5174 ,
2936 5119 2996 5166 ut
3034 5127 3154 5167 eam
3199 5109 3329 5163 Sion
3363 5123 3427 5163 ac
3461 5107 3619 5163 Jeru-

2044 5216 2212 5272 salem
2266 5211 2579 5275 exhiberet,
2627 5208 2741 5262 ait:
2782 5205 2988 5259 Mentor
3038 5212 3149 5258 esto
3201 5201 3618 5273 congregationis

2041 5322 2176 5373 tuw,
2222 5321 2381 5378 quam
2427 5301 2710 5374 possedisti
2751 5299 2815 5353 ab
2864 5298 3014 5352 initio
3053 5295 3118 5350 δ’.
3166 5294 3308 5365 Ergo
3351 5309 3475 5349 cum
3518 5294 3620 5347 hac

2042 5408 2218 5455 matre
2243 5407 2336 5453 tua
2356 5435 2370 5460 ,
2396 5405 2455 5450 tu
2481 5394 2609 5450 Sion
2647 5391 2829 5447 Gaude
2861 5389 3204 5451 vehementer,
3236 5388 3351 5457 ﬁlia
3379 5386 3620 5440 caelestis

2042 5493 2379 5548 Jerusalem:
2411 5490 2584 5545 clama
2615 5502 2739 5542 cum
2775 5493 2866 5539 tua
2901 5483 2992 5537 illa
3026 5488 3238 5537 matre:
3278 5477 3534 5533 Hosanna
3563 5477 3619 5531 in

407 5678 476 5710 ‘"
509 5675 697 5730 Matth.
740 5691 854 5741 nt,
888 5676 941 5730 9.
1015 5674 1060 5746 3"
1091 5673 1221 5730 ibid.
1247 5745 1271 5746 η
1301 5675 1348 5746 ί³ἶ
1389 5677 1584 5734 lienes.
1626 5694 1754 5733 xm:
1781 5717 1794 5742 ,
1842 5675 1923 5731 l8.
2026 5674 2068 5706 ³⁸
2127 5669 2294 5728 .‘llarc.
2333 5682 2420 5746 xt_,
2465 5665 2547 5721 10.
2624 5667 2666 5698 ³⁹
2708 5663 2752 5718 ll
2782 5656 2945 5719 Petr.’
2977 5676 3032 5726 ι,
3070 5659 3120 5714 4.
3235 5659 3285 5692 υ*
3320 5656 3463 5714 Psal.
3502 5667 3619 5718 xu.

359 5747 414 5805 3.
491 5749 531 5781 “
573 5748 717 5805 Psal.
755 5762 958 5810 ιιχιιι,
1019 5745 1072 5800 2.
1155 5746 1198 5778 δ’
1240 5744 1372 5804 ibid.
