4116 6332
322 297 461 356 12¹5

1384 297 1640 391 ORATIO
1679 298 1744 355 IN
1782 294 2016 355 BAMOS
2053 294 2462 351 PALMARUM.

3403 294 3553 351 127k

319 417 421 472 τά·
449 418 510 471 ού
557 417 715 489 μόνον
754 418 815 475 δι
858 416 1046 482 τοῦτο,
1087 416 1221 472 ἀλλά
1244 416 1330 470 διὰ
1369 417 1467 481 τὰς
1501 384 1636 481 tam,
1656 416 1875 490 ἀρετὰς,

1986 416 2224 472 nimenta
2255 431 2352 468 sua
2380 415 2433 468 in
2463 414 2562 469 via.
2597 412 2700 469 Per
2731 410 2835 467 hoc
2881 410 3028 467 enim
3060 410 3309 481 proprias
3350 425 3539 468 eorum

322 505 500 569 καθὼς
544 504 795 577 σημαίνει
829 509 858 560 ὁ
895 504 1301 577 εύαγγελιστὴς,
1336 506 1506 576 λέγων
1526 523 1539 537 ·
1584 508 1781 561 Ἄλλοι
1810 506 1878 561 δὲ

319 595 781 663 ὑπεστρώννυον
831 595 902 651 τὰ
949 597 1146 667 ἱμάτια
1187 596 1383 653 αὐτῶν
1408 596 1517 669 (72)
1542 598 1612 651 ἐν
1642 596 1715 666 τῇ
1740 597 1875 664 ὀδῷ.

321 688 415 750 Εἰς
432 687 590 742 τοῦτο
618 689 674 753 δὲ
693 689 790 753 τὰς
808 689 939 754 ἰδίας
963 690 1194 763 ἀρετὰς,
1219 689 1287 754 ἃς
1328 690 1649 758 συνέζευξαν
1674 691 1875 762 χάριτι,

319 778 632 843 αἰνίττεται,
675 780 750 844 ὼς
795 780 1041 853 φανερῶς
1095 781 1240 849 λέγει
1271 783 1299 835 ὁ
1325 780 1606 846 Θεσπέσιος
1638 781 1872 847 Παῦλος·

319 869 731 937 Δικαιωθέντες
768 866 879 926 οὖν
924 873 990 926 ἐκ
1026 874 1315 938 πίστεως,
1360 874 1608 941 εἰρήνην
1651 874 1881 944 ἔχωμεν

319 962 470 1031 πρὸς
496 963 605 1016 τὸν
642 964 790 1017 Θεὸν
823 960 919 1015 διὰ
945 963 1051 1017 τοῦ
1077 964 1295 1033 ΚιῬίου
1325 963 1494 1033 ἡμῶν
1525 964 1728 1034 Ἰησοῦ
1749 969 1880 1033 Χρι-

319 1054 490 1115 στοῦ,
544 1050 618 1106 δι’
653 1048 725 1109 οὗ
757 1051 854 1106 καὶ
878 1052 993 1120 τὴν
1024 1054 1418 1126 προσαγωγὴν
1440 1056 1785 1128 ἐσχήκαμεν
1810 1060 1882 1114 ἐν

320 1141 394 1211 τῇ
420 1144 616 1197 πίστει
642 1146 728 1209 εὶς
748 1143 861 1210 τὴν
887 1142 1059 1214 χάριν
1083 1147 1321 1215 ταύτην,
1346 1148 1416 1201 ἐν
1447 1143 1487 1221 ᾗ
1514 1150 1876 1221 ἑστήκαμεν,

319 1233 415 1286 καὶ
450 1231 794 1302 καυχώμεθα
824 1234 913 1288 ἐπ’
940 1233 1136 1288 ἐλπίδι
1186 1234 1295 1304 τῆς
1348 1235 1530 1305 δόξης
1565 1238 1669 1294 τοῦ
1707 1239 1877 1295 Θεοῦ.

322 1323 466 1387 Ἕως
498 1324 553 1378 δὲ
587 1324 820 1398 [τούτου]
840 1326 906 1378 τὰ
933 1327 1031 1397 τῆς
1053 1326 1294 1397 χάριτος.
1322 1330 1405 1383 Οὐ
1427 1330 1618 1398 μόνον
1646 1328 1715 1382 δὲ
1732 1370 1746 1393 ,
1773 1331 1882 1385 ἁλ-

317 1414 398 1469 λὰ
429 1416 527 1469 καὶ
559 1417 905 1487 καυχώμεθα
938 1420 1008 1472 ἐν
1032 1419 1161 1485 ταῖς
1184 1421 1468 1489 θλίψεσιν
1503 1420 1687 1491 ἡμῶν.
1729 1422 1880 1477 ειδό-

320 1524 436 1573 τες,
497 1508 585 1562 ὅτι
629 1511 833 1578 θλίψις
881 1512 1193 1581 ὑπομονὴν
1232 1511 1634 1582 κατεργάζεται
1661 1530 1674 1544 ·
1724 1515 1761 1583 ἡ
1812 1513 1882 1567 δὲ

318 1599 590 1669 ὑπομονὴ
620 1599 899 1670 δοκιμήν·
928 1602 966 1669 ἡ
992 1601 1059 1655 δὲ
1079 1602 1293 1673 δοκιμὴ
1324 1603 1571 1658 ualida“
1606 1605 1643 1671 ἡ
1674 1603 1742 1657 δὲ
1779 1604 1879 1657 ἐλ-

321 1689 423 1754 πίς
451 1691 560 1744 οὐκ
586 1692 859 1761 αἰσχύνει
879 1711 893 1724 ·
928 1691 1016 1746 ὅτι
1044 1694 1079 1761 ἡ
1104 1692 1302 1763 ἀγάπη
1328 1693 1443 1762 τοῦ,
1458 1694 1604 1748 Θεοῦ
1634 1693 1881 1762 ἐκκέχυ-

1983 506 2213 561 virtutes
2235 519 2372 574 quas
2402 505 2589 575 gratiae
2614 503 3017 572 coniunxerunt
3035 542 3051 566 ,
3085 503 3320 568 indicat,
3351 519 3542 574 quem-

1982 596 2273 675 admodum
2304 595 2639 651 admirabilis
2666 593 2869 651 Paulus
2891 603 3075 675 aperte
3100 594 3176 648 ait
3202 613 3216 649 :
3245 592 3540 673 .Iystiﬁcati

1982 705 2102 759 ergo
2131 704 2196 742 ex
2223 686 2328 758 fide
2353 701 2531 757 pacem
2559 685 2933 761 habeamuspd
2961 686 3126 740 Deum
3146 703 3236 756 per
3258 686 3540 757 Domipum

1983 790 2221 835 nostrum
2241 778 2425 834 Iesum
2455 777 2723 835 Christum
2747 794 2765 832 :
2794 793 2884 846 per
2912 793 3060 847 quem
3093 788 3142 832 et
3170 776 3433 859 habemus.
3450 794 3542 830 ac-

1983 886 2185 926 cessum
2217 886 2308 939 per
2333 868 2487 939 ﬁdem
2519 870 2573 923 in
2610 869 2838 938 gratiam
2872 867 3029 921 istaut
3050 906 3065 929 ,
3093 865 3144 919 in
3175 882 3278 936 qua
3306 876 3540 947 stamus,

1982 972 2029 1015 et
2055 960 2420 1031 gloriamurjn
2441 976 2527 1029 spe
2549 960 2731 1049 ᾕρηκε
2753 959 2848 1013 Dei
2877 960 2943 1014 ".
2974 958 3389 1049 "ualerius-qua:
3416 974 3541 1049 spe-

1983 1030 2133 1107 ctant
2160 1051 2226 1106 ad
2268 1052 2521 1121 gratiam.
2555 1042 2607 1105 Ν
2612 1068 2680 1105 οη
2707 1051 2879 1107 solum
2907 1060 3082 1105 autem
3106 1090 3123 1116 ,
3153 1030 3315 1105 ied’et
3341 1030 3542 1121 ςίοῖἱα-

1984 1158 2102 1196 mur
2118 1142 2171 1196 in
2188 1141 2609 1197 tribulationibus
2630 1143 2823 1212 nostris
2840 1158 2858 1196 :
2877 1142 3095 1196 scientes
3110 1140 3246 1212 quod
3267 1140 3540 1196 tribulatio

1981 1233 2293 1302 patientiam
2326 1242 2621 1313 1pperatur;
2650 1210 2908 1301 patientia
2934 1241 3108 1287 autem
3123 1210 3495 1302 probationem
3517 1246 3538 1295 δ

1983 1325 2223 1395 probatio
2252 1342 2369 1380 vero
2394 1341 2574 1395 spem;
2603 1341 2716 1395 spes
2744 1334 2917 1380 autem
2944 1341 3048 1379 non
3074 1324 3346 1394 confundit
3374 1340 3393 1379 .'
3416 1325 3543 1396 quia

1989 1418 2222 1473 charitas
2244 1418 2340 1473 Dei
2375 1419 2572 1488 di/fusa
2599 1432 2675 1473 est
2697 1420 2751 1473 in
2770 1419 3013 1474 cordibus
3029 1421 3224 1474 nostris
3250 1435 3341 1489 per
3369 1418 3543 1489 Spiri-

1986 1520 2097 1566 tum
2138 1521 2383 1566 sanctum
2416 1512 2506 1582 qui
2546 1512 2704 1566 datus
2743 1520 2821 1566 est
2861 1510 3010 1565 nobis
3043 1512 3111 1564 “.
3154 1510 3310 1577 Quod
3357 1520 3541 1567 autem

1984 1603 2095 1667 ait,
2130 1601 2441 1659 Sternebant
2476 1603 2528 1657 in
2559 1604 2643 1657 via
2663 1643 2677 1667 ,
2708 1618 2775 1658 eo
2804 1602 3010 1657 dictum
3041 1603 3144 1666 sit,
3175 1604 3317 1674 quod
3350 1618 3538 1659 eorum

1982 1697 2212 1752 virtutes
2241 1710 2426 1750 coram
2457 1696 2712 1768 gentibus
2754 1695 3114 1766 corporaliter
3151 1696 3437 1766 palamque
3477 1711 3542 1752 ac

319 1796 414 1833 ται
452 1782 538 1847 εις
576 1783 681 1848 τὰς
714 1783 958 1853 καρδίας
984 1782 1152 1853 ἡμῶν
1182 1783 1279 1838 διὰ
1310 1785 1650 1855 Πνεύματος
1690 1786 1882 1857 ἁγίου,

1986 1789 2231 1845 sensibili
2285 1790 2495 1846 ratione
2550 1790 2891 1861 aspectanda:
2945 1800 3401 1861 proponerentur,
3462 1791 3540 1846 uti

318 1871 426 1925 τοῦ
461 1871 737 1940 δοθέντος
779 1874 940 1943 ἡμῖν,
975 1874 1048 1927 Τὸ
1085 1873 1161 1936 δὲ,
1192 1874 1296 1928 Ἐν
1332 1874 1405 1943 τῇ
1432 1874 1509 1944 τῇ
1542 1876 1880 1945 ὑπεστρών-

320 1980 486 2029 νυον,
532 1965 614 2017 ὅτι
657 1965 978 2037 σωματικῶς
1027 1964 1118 2019 καὶ
1173 1964 1419 2037 φανερῶς
1462 1967 1555 2019 καὶ
1612 1965 1882 2034 αἰσθητῶς

322 2054 648 2127 ἐθεωροῦντο
673 2060 728 2109 αἱ
757 2059 947 2129 ἀρεταὶ
963 2056 1140 2110 αὐτῶν
1168 2056 1392 2110 ἐνώπιον
1414 2056 1520 2109 τῶν
1536 2056 1724 2129 ἐθνῶν,
1753 2058 1880 2111 καθ⁸

1987 1882 2149 1935 etiam
2172 1880 2281 1934 alio
2299 1881 2532 1950 quodam
2553 1882 2674 1936 loco
2701 1882 2769 1935 ad
2790 1881 2933 1937 idem
2958 1882 3034 1936 ait
3053 1882 3382 1951 Apostolus:
3411 1882 3562 1950 Qua,

1987 1968 2191 2024 vidistis
2219 1972 2277 2023 in
2307 1986 2387 2025 me
2401 1978 2449 2024 et
2466 1969 2740 2025 audivistis
2769 1978 2818 2025 et
2849 1972 3145 2039 accepistis,
3177 1971 3288 2026 haec
3317 1972 3455 2042 agite
3469 1973 3540 2027 ⁸³.

1990 2061 2187 2117 Verum
2224 2061 2292 2116 ad
2322 2061 2658 2133 propositum
2690 2070 3028 2117 revertamur

320 2146 397 2212 ὼς
430 2151 522 2203 καὶ
553 2152 610 2203 ὲν
633 2150 801 2222 ἑτέρῳ
826 2151 927 2205 πού
950 2168 1081 2222 φησι
1107 2151 1241 2223 πρὸς
1261 2151 1429 2204 ταῦτα
1485 2151 1658 2220 λέγων
1720 2154 1750 2206 ὁ
1798 2153 2145 2219 ’Δπόστολος
2178 2150 2286 2209 Οἷα
2326 2155 2512 2210 elders
2542 2155 2757 2225 ἐνὲμοὶ
2783 2155 2882 2210 καί
2927 2156 3227 2223 ἠκούσατε
3261 2156 3361 2210 καὶ
3400 2172 3544 2225 παρ-

319 2238 586 2301 ελάϐετε,
636 2241 820 2295 ταῦτα
854 2242 1133 2310 πράξατε.
1168 2242 1307 2296 Ἀλλ’
1340 2243 1432 2296 ἐπὶ
1463 2246 1524 2296 τὸ
1562 2244 1916 2315 προκείμενον
1938 2248 2265 2319 ὲπανίωμεν,

395 2333 459 2382 Ol
487 2328 553 2382 δὲ
580 2329 749 2398 ὄχλοι
766 2334 830 2385 oi
843 2322 1208 2402 ’προάγοντες
1246 2331 1344 2385 καὶ
1390 2335 1443 2387 οὶ
1477 2332 1881 2387 ἀκολουθοῦν-

321 2436 423 2486 τες
467 2420 731 2489 ἔκραζον,
782 2421 919 2493 μετὰ
966 2422 1128 2476 αἴνων
1181 2423 1272 2476 καὶ
1316 2422 1523 2476 κλάδων
1562 2422 1754 2477 ἐλαιῶν
1790 2423 1885 2477 καὶ

324 2510 526 2581 βαῖων·
561 2513 755 2576 οἵτινες
794 2513 1116 2585 σημαίνουσι
1139 2514 1236 2585 τὴν
1279 2513 1583 2586 πρακτικὴν
1626 2514 1883 2586 ἐργασίαν

320 2605 415 2660 τοῦ
450 2604 555 2673 ἔξω
590 2605 872 2677 ἀνθρώπου
893 2625 906 2639 ·
938 2609 1032 2662 καὶ
1068 2608 1195 2679 βάῖα
1240 2609 1516 2678 φοινίκων,
1548 2608 1741 2673 οἵτινες
1779 2626 1886 2680 μη-

323 2698 504 2752 νύουσι
541 2698 637 2770 τὴν
669 2699 1038 2771 πνευματικὴν
1077 2700 1172 2753 καὶ
1204 2700 1508 2772 πρακτικὴν
1540 2699 1633 2753 καὶ
1661 2717 1885 2769 γνωστι-

324 2788 425 2859 κὴν
452 2791 543 2843 καὶ
561 2789 805 2861 καθαρὰν
825 2789 917 2843 τοῦ
945 2790 1052 2843 ἔσω
1072 2789 1354 2862 ἀνθρώπου
1378 2791 1655 2865 ἐργασίαν.
1678 2793 1888 2860 Ἔκρα-

321 2877 423 2941 ξον
464 2878 743 2949 λέγοντες
762 2896 776 2910 ·
842 2880 1097 2933 Ὡσαννὰ
1150 2880 1221 2933 ἐν
1272 2881 1396 2947 τοῖς
1439 2882 1742 2950 ὑψίστοις.
1797 2882 1885 2935 Ἑν

324 2970 549 3042 ἀληθείᾳ
587 2970 695 3042 γὰρ
720 2970 916 3034 πάντες
945 2971 994 3023 οἱ
1016 2970 1159 3041 ὄχλοι
1192 2971 1299 3024 τῶν
1319 2971 1539 3025 δικαίων
1564 2974 1657 3026 καὶ
1683 2989 1889 3043 προφη-

322 3063 432 3115 τῶν
454 3064 547 3116 καὶ
569 3062 777 3135 ἱερέων,
797 3062 989 3125 οἵτινές
1007 3064 1142 3115 εἰσιν
1167 3064 1216 3115 οἱ
1235 3063 1563 3135 προάγοντες
1586 3065 1741 3116 καὶοὶ
1764 3064 1887 3116 ἁκο-

2052 2334 2140 2390 γι.
2168 2334 2355 2390 Turba:
2380 2345 2553 2391 autem
2590 2352 2709 2407 qua:
2743 2334 3000 2405 prwibant
3048 2345 3098 2391 et
3118 2352 3234 2407 qute
3261 2341 3540 2407 sequeban-

1987 2434 2074 2479 tur
2101 2424 2421 2489 ctamabant,
2452 2441 2577 2480 cum
2607 2425 2863 2480 laudibus
2895 2435 2948 2479 et
2978 2426 3146 2480 ramis
3173 2427 3436 2481 olivarum
3461 2437 3543 2481 at-

1986 2529 2092 2584 que
2120 2516 2439 2583 palmarum.
2467 2512 2784 2585 Significant
2806 2516 3070 2570 olivarum
3097 2516 3233 2570 rami
3261 2525 3542 2572 actuosam

1993 2604 2360 2674 operationem
2401 2605 2689 2660 exterioris
2722 2605 2959 2662 hominis
2989 2624 3001 2660 :
3033 2607 3171 2662 rami
3215 2616 3394 2664 autem
3425 2611 3544 2680 pal-

1989 2710 2223 2761 marum,
2257 2696 2557 2765 spiritalem
2586 2697 2929 2769 activamque
2963 2713 3027 2753 ac
3068 2702 3542 2771 contemplativam

1989 2794 2152 2855 atque
2184 2790 2376 2856 purum
2405 2786 2642 2841 hominis
2683 2786 2964 2844 interioris
2991 2791 3382 2859 operationem.
3412 2788 3545 2847 Cla-

1989 2874 2207 2929 mabunt
2254 2876 2481 2932 dicentes
2508 2890 2526 2929 :
2552 2875 2810 2931 Hosanna
2845 2880 2899 2933 in
2943 2880 3239 2935 altissimis.
3294 2880 3374 2937 Re
3416 2898 3545 2939 vera

1989 2964 2134 3019 enim
2175 2980 2365 3020 omnes
2412 2968 2587 3020 turbae
2610 2967 2905 3037 justorum,
2953 2979 3007 3023 et
3043 2969 3430 3039 prophetarum
3478 2989 3544 3026 ac

1990 3054 2354 3122 sacerdotum,
2389 3071 2527 3126 quos
2552 3058 2905 3129 intelligimus
2930 3068 3233 3129 praeeuntes
3263 3068 3425 3130 atque
3458 3076 3546 3117 se-

324 3151 661 3217 λουθοῦντες,
692 3153 869 3207 πίστει
889 3152 1171 3224 κράζουσι,
1199 3154 1292 3206 καὶ
1321 3152 1567 3222 λέγουσιν
1586 3171 1597 3182 ·
1631 3152 1882 3207 Ὡσαννὰ

1988 3155 2256 3216 quentes,
2303 3145 2407 3202 ﬁde
2454 3148 2711 3212 clamant,
2763 3149 3101 3219 dicuntque:
3135 3148 3391 3204 Hosanna
3433 3152 3547 3220 ﬁlio

326 3241 405 3308 τῷ
436 3240 543 3309 υἱῷ
564 3242 739 3297 Δαϐίδ
757 3260 771 3273 υ
799 3244 1214 3315 Εὐλογημένος
1241 3247 1274 3298 ὀ
1304 3244 1625 3314 ἐρχόμενος
1654 3245 1724 3297 ἐν
1752 3244 1885 3297 ὀνό-

318 3352 461 3404 ματι
511 3337 763 3404 Κυρίου*
816 3338 1072 3392 Ὡσαννὰ
1113 3338 1183 3391 ἐν
1227 3336 1352 3404 τοῖς
1393 3337 1707 3404 ὑψίστοις·
1739 3334 1813 3398 ὡς
1857 3336 1887 3388 ὁ

327 3426 716 3499 εὐαγγελιστής
764 3446 895 3499 φησι
918 3445 930 3458 ·
965 3429 1143 3484 Τοῦτο
1184 3427 1252 3482 δὲ
1297 3413 1443 3482 ὅλον
1493 3426 1755 3498 γέγονεν,
1788 3426 1889 3480 ἵνα

327 3516 609 3587 πληρωθῇ
648 3517 713 3572 τὸ
735 3520 922 3588 ρηθὲν
947 3519 1044 3573 διὰ
1075 3518 1179 3574 τοῦ
1213 3516 1539 3588 προφήτου,
1568 3515 1851 3587 λέγοντος
1870 3533 1883 3545 ·

329 3614 550 3667 Εἴπατε
591 3610 665 3680 τῇ
701 3612 941 3682 θυγατρὶ
982 3611 1148 3674 Σιών.
1194 3612 1337 3683 Πρὸς
1375 3610 1521 3674 τίνας
1553 3609 1747 3678 λέγεις,
1787 3609 1888 3661 Εἵ-

329 3720 497 3768 πατε,
544 3698 588 3756 ὦ
628 3706 916 3774 προφήτας
956 3703 1086 3755 Ἰδοὺ
1118 3705 1181 3757 σὺ
1205 3692 1519 3774 κηρύττεις·
1563 3701 1669 3754 ἰδοὺ
1715 3702 1778 3754 σὺ
1812 3698 1892 3753 λέ-

1986 3233 2160 3289 David
2186 3253 2205 3289 .'
2226 3235 2538 3291 Benedictus
2564 3239 2653 3308 qui
2685 3239 2817 3293 venit
2847 3240 2902 3293 in
2930 3241 3138 3294 nomine
3158 3238 3410 3297 Domini:
3434 3240 3546 3295 Ho-

1987 3347 2157 3385 sanna
2187 3331 2241 3384 in
2273 3333 2550 3387 altissimis
2582 3332 3082 3402 :quemadmodum
3119 3349 3277 3389 sacer
3319 3349 3546 3407 evange-

1988 3428 2112 3482 lista
2143 3428 2254 3482 ait:
2283 3428 2399 3483 Hoc
2426 3440 2603 3483 autem
2649 3439 2815 3484 totum
2842 3430 3045 3500 factum
3082 3441 3184 3496 est,
3212 3441 3270 3484 ut
3300 3431 3546 3501 adimple-

1989 3528 2132 3571 retur
2153 3519 2296 3587 quod
2327 3518 2524 3572 dictum
2559 3529 2637 3574 est
2667 3536 2758 3590 per
2778 3520 3104 3591 prophetam,
3133 3522 3384 3577 dicentem
3410 3522 3545 3577 :Di-

1988 3608 2089 3662 cite
2108 3608 2235 3677 ﬁlia:
2257 3608 2406 3663 Sion.
2438 3609 2773 3676 Quibusnam
2803 3612 3063 3682 propheta
3092 3613 3193 3677 ais,
3224 3612 3434 3671 Dicite?
3465 3616 3544 3669 En

1989 3698 2106 3769 ipse
2140 3695 2403 3770 przedicas
2431 3719 2444 3754 :
2478 3716 2545 3754 en
2576 3701 2693 3771 ipse
2736 3699 2896 3755 dicis.
2928 3700 3060 3773 Ego,
3100 3704 3298 3774 inquit,
3330 3705 3543 3761 deside—

329 3814 466 3867 γεις.
504 3793 663 3864 Ἐγὼ,
688 3796 870 3865 φησιν,
902 3794 1204 3864 ἐπεθύμουν
1235 3794 1362 3846 ἰδεῖν
1392 3794 1483 3846 καὶ
1510 3791 1766 3846 ἀκοῦσαν
1790 3792 1882 3847 οὐκ

1991 3790 2181 3845 rabam
2226 3790 2410 3847 videre
2454 3799 2508 3846 et
2549 3791 2777 3848 audire:
2807 3808 2909 3846 nec
2952 3808 3052 3863 ego
3085 3801 3316 3859 tantum,
3360 3797 3453 3852 sed
3489 3805 3547 3853 et

330 3888 440 3957 ἐγὼ
472 3888 648 3959 μόνος,
673 3886 807 3941 ἀλλὰ
838 3889 929 3940 καὶ
952 3886 1167 3942 πολλοὶ
1198 3884 1493 3955 προφῆται
1515 3884 1612 3939 καὶ
1649 3885 1882 3938 δίκαιοι.

1990 3883 2143 3936 multi
2158 3884 2419 3953 propheta:
2433 3895 2480 3939 et
2487 3884 2623 3954 justi
2646 3885 2735 3937 δ”.
2761 3883 2960 3940 Verum
2981 3885 3125 3947 dico,
3149 3903 3271 3942 cum
3296 3889 3544 3944 inventu-

344 3979 503 4033 Ἀλλὰ
548 3980 640 4033 καὶ
677 3981 788 4043 τοῖς
834 3978 1238 4050 εὑρισκομένοις
1274 3977 1366 4030 καί
1411 3975 1882 4047 μαθητευομένοις,

1991 3974 2069 4030 ris
2099 3990 2165 4028 ac
2197 3976 2503 4046 discipulis,
2528 3986 2639 4030 tum
2671 3976 2740 4032 iis
2764 3976 2859 4046 qui
2886 3976 3069 4033 vident
3094 3993 3158 4033 ac
3187 3978 3417 4035 audiunt
3443 3980 3547 4037 Re-

332 4071 427 4126 καὶ
468 4070 801 4142 θεωροῦντας
841 4069 951 4140 (75)
995 4069 1087 4122 καλ⁵
1143 4066 1436 4129 ἀκούοντας
1484 4065 1578 4119 τοῦ
1628 4065 1882 4135 βασιλέως

1991 4081 2109 4137 gem
2137 4065 2289 4133 Sion,
2319 4075 2378 4121 ut
2400 4067 2586 4123 dicant
2608 4084 2670 4123 ac
2696 4068 3023 4139 praedicent:
3045 4070 3215 4124 Dicite
3236 4071 3364 4140 ﬁlice
3384 4070 3510 4126 Sion
3530 4089 3548 4126 :

331 4160 467 4220 Σιὼν
511 4162 671 4230 λέγω,
713 4163 798 4214 ἵνα
837 4161 1028 4215 εἴπωσι
1068 4160 1160 4214 καὶ
1192 4159 1528 4231 κηρύξωσιν·
1564 4160 1783 4213 Εἴπατε
1815 4157 1882 4226 τῇ

1993 4156 2126 4212 Ecce
2162 4174 2254 4212 rex
2286 4168 2405 4213 tuus
2430 4160 2562 4213 venit
2591 4159 2702 4215 tibi.
2731 4158 2849 4216 Non
2875 4162 3019 4218 nude
3039 4161 3195 4225 dixit,
3230 4163 3365 4216 venit
3391 4175 3412 4217 :
3430 4162 3549 4225 sed,

330 4250 569 4317 θυγατρὶ
598 4248 748 4305 Σιών
766 4265 779 4278 °
820 4249 973 4303 Ἰδοὺ
996 4252 1028 4303 ὁ
1051 4248 1351 4314 ,ϐασιλεύς
1370 4265 1485 4301 σου
1510 4248 1746 4316 ἔρχεταί
1770 4263 1882 4303 σοι.

1992 4252 2127 4305 venit
2167 4250 2302 4305 tibi:
2332 4252 2439 4306 hoc
2478 4260 2581 4310 est.
2618 4260 2675 4306 ut
2718 4254 2790 4309 sit
2834 4262 2985 4317 tuus,
3034 4262 3088 4310 et
3129 4254 3338 4310 habitet
3374 4255 3430 4309 in
3475 4263 3549 4309 te.

332 4341 439 4394 Καὶ
479 4341 578 4393 οὐκ
625 4338 745 4393 εἷπε
788 4339 979 4414 ψιλῶς,
1027 4340 1260 4408 ἔρχεται
1285 4356 1299 4370 ο
1336 4339 1449 4393 ἀλλ’
1481 4340 1713 4409 ἔρχεταί
1754 4355 1882 4392 σοι·

1994 4342 2129 4396 Ecce
2177 4358 2269 4396 rea:
2310 4351 2429 4397 tuus
2468 4344 2606 4398 venit
2639 4344 2734 4398 tibi
2754 4345 2937 4414 justus
2962 4356 3012 4400 et
3053 4346 3285 4401 salvans.
3321 4326 3549 4402 Salvans

330 4432 594 4495 τουτέστι,
632 4431 725 4486 σοῦ
766 4429 1038 4501 γενέσθαι,
1068 4433 1161 4484 καὶ
1186 4432 1242 4484 ἐν
1281 4430 1363 4484 σοὶ
1395 4431 1629 4502 οἰκῆσαι.
1678 4428 1829 4484 Ἰδοὺ
1859 4433 1882 4482 ε

1994 4432 2063 4486 ab
2092 4431 2298 4487 inimici
2328 4433 2590 4488 servitute
2622 4435 2907 4489 credentes
2941 4434 2995 4488 in
3038 4450 3175 4489 eum.
3215 4433 3548 4501 Mansuetus,

324 4522 622 4591 ,βασιλεύς
666 4541 782 4578 σου
828 4524 1063 4593 ἑίχεταί
1110 4539 1209 4577 σοι
1254 4520 1475 4587 δίκαιος
1528 4520 1623 4574 καὶ
1670 4518 1882 4580 σώζων.

1996 4532 2045 4577 et
2081 4522 2262 4577 sedens
2306 4538 2459 4591 super
2492 4523 2696 4593 pullum
2739 4524 2909 4592 ﬁlium
2948 4524 3240 4595 subjugalis
3264 4541 3282 4579 :
3306 4525 3408 4581 hoc
3443 4534 3549 4590 est,
3608 4510 3617 4527 ί

333 4611 525 4677 Σὼζων
547 4613 653 4670 ἀπὸ
679 4613 777 4684 τῆς
804 4613 1043 4678 δουλείας
1058 4612 1149 4668 τοῦ
1180 4611 1371 4689 ἐχθροῦ
1397 4613 1520 4674 τοὺς
1543 4610 1882 4674 πιστεύοντας

1998 4616 2242 4682 humilis,
2279 4631 2486 4684 suaque
2522 4615 2823 4670 humilitate
2864 4615 3159 4687 dispergens
3192 4634 3378 4672 currus
3411 4620 3549 4691 regni

332 4706 417 4757 ἐπ’
444 4705 622 4761 αὐτόν.
657 4706 853 4777 Πραῖος
885 4707 980 4761 καὶ
1017 4704 1369 4774 ἐπιϐεϐηκὼς
1407 4704 1502 4756 ἐπὶ
1531 4701 1735 4758 πῶλον
1761 4702 1882 4756 υίὸν

2000 4705 2355 4777 Epitraim”;
2385 4706 2489 4761 hoc
2548 4715 2631 4761 est
2668 4706 2889 4773 diaboli,
2920 4707 3011 4776 qui
3050 4720 3366 4777 regnaverat
3390 4724 3549 4779 super

330 4796 649 4868 ὑποζυγίου
668 4815 683 4829 ο
716 4799 958 4858 τουτέστι
983 4798 1378 4869 ταπεινόφρων,
1411 4796 1503 4849 καὶ
1528 4796 1583 4849 ἐν
1607 4796 1672 4865 τῇ
1703 4811 1882 4848 ταπει-

1998 4796 2164 4852 Israel
2194 4803 2249 4852 et
2274 4812 2437 4866 super
2463 4808 2673 4866 gentes.
2708 4794 2815 4852 Sed
2841 4806 2895 4852 et
2932 4798 2997 4852 ad
3026 4798 3284 4860 litteram,
3324 4813 3550 4869 regnum

332 4889 631 4962 νοφροσύνη
664 4890 827 4943 αὐτοῦ
863 4890 1263 4960 ἐξολοθρεὺων
1292 4889 1364 4943 τὰ
1391 4887 1618 4957 ἅρματα
1640 4886 1748 4956 τῆς
1779 4888 1882 4952 ,βα-

1997 4904 2216 4961 quoque
2242 4889 2425 4961 p0puli
2455 4885 2765 4942 Judaeorum
2793 4887 3113 4958 disperdidit
3133 4931 3148 4948 .
3186 4888 3424 4958 illudque
3441 4888 3550 4959 jam

334 4980 568 5047 σιλείας
610 4981 876 5050 Ἑφριιΐμ’
917 4982 1157 5035 τουτέστι
1193 4978 1285 5037 τοῦ
1326 4978 1591 5038 διαϐόλου,
1622 4977 1680 5042 ὃς
1708 4978 1882 5032 ἐϐασί-

1998 4982 2178 5037 desiit.
2209 4980 2276 5034 Et
2303 4997 2489 5051 equum
2516 4980 2580 5035 de
2602 4980 2937 5051 Jerusalem:
2959 4979 3061 5035 hoc
3093 4986 3198 5040 est,
3225 4994 3440 5035 omnem
3463 4996 3558 5036 co-

332 5071 519 5126 λευσεν
542 5074 631 5127 ἐπὶ
650 5074 737 5126 τὸν
766 5073 978 5145 Ἰσραὴλ
1005 5075 1097 5127 καὶ
1118 5076 1208 5127 ἐπὶ
1228 5074 1296 5131 τὰ
1322 5072 1467 5142 ἔθνη.
1505 5074 1882 5147 Ἐξωλόθρευσε

1998 5090 2118 5128 rum
2142 5074 2480 5144 principatus
2503 5072 2815 5144 superbiam
2839 5072 3029 5126 bumili
3050 5073 3198 5142 pullo
3219 5087 3339 5128 suo.
3366 5070 3554 5134 Porro,

331 5161 388 5214 δὲ
420 5162 511 5214 καὶ
542 5162 682 5215 κατὰ
717 5162 777 5215 τι
809 5163 1041 5234 γράμμα
1077 5165 1171 5215 καὶ
1204 5164 1298 5235 τὴν
1331 5163 1602 5234 βασιλείαν
1638 5163 1732 5217 τοῦ
1764 5164 1882 5218 λαοί

1998 5164 2167 5221 Jacob
2195 5181 2319 5221 cum
2354 5166 2695 5222 benediceret
2713 5164 2929 5229 Iudam,
2963 5163 3268 5235 factamque
3289 5163 3357 5220 ad
3379 5164 3559 5221 Abra-

333 5253 440 5305 τῶν
487 5246 774 5319 Ἰουδαίων,
814 5256 907 5319 καῒΙ
951 5254 1179 5326 ἐπαύθη.
1212 5257 1319 5310 Καὶ
1364 5257 1573 5320 ἵππον,
1610 5257 1795 5329 φησὶν,
1824 5257 1882 5323 ἐξ

2000 5258 2123 5320 ham
2171 5247 2235 5311 a'c
2268 5256 2419 5312 lsaac
2448 5264 2631 5327 patres
2665 5271 2797 5312 suos
2823 5254 3280 5324 benedictionem,
3311 5271 3431 5328 quae
3474 5264 3577 5326 est.

343 5343 738 5414 Ἰερουσαλήμ
756 5364 768 5375 ·
793 5345 1032 5399 τουτέστι
1065 5347 1241 5402 πᾶσαν
1266 5347 1363 5421 τὴν
1391 5348 1768 5421 ὑπερηφανίαν
1796 5349 1882 5421 τῆς

1996 5347 2249 5408 Οιιιιὶιιυε
2290 5348 2628 5413 .declararet,
2661 5349 2776 5415 ait:
2811 5348 3143 5416 Aliipmsad
3171 5349 3328 5407 vitem
3351 5348 3555 5418 pullum

405 5498 449 5531 "
490 5498 647 5554 Rom.
683 5515 734 5563 v,
769 5500 821 5565 1,
854 5500 908 5554 ‘2.
983 5502 1027 5532 ³¹
1066 5499 1195 5558 ibid.
1232 5500 1297 5568 3,
1328 5502 1383 5561 5.
1456 5502 1501 5535 ⁸³
1539 5500 1765 5569 Phle
1812 5518 1882 5569 ι’ιί

2049 5493 2117 5536 ⁸³⁸
2155 5503 2345 5558 Matth.
2381 5518 2517 5572 sui,
2554 5491 2639 5558 i7.
2716 5504 2761 5537 “
2798 5503 2963 5560 Zacli.
3002 5519 3085 5569 ts,
3123 5503 3210 5560 10.

402 5676 515 5751 (⁷2)
544 5676 770 5750 Αὐτῶν.
800 5678 952 5749 Apud
984 5678 1289 5737 Matthtnum
1320 5697 1429 5747 nt,
1463 5684 1515 5749 8,
1542 5683 1764 5738 ἐαυτῖὺν.

2057 5683 2163 5753 (75)
2199 5683 2307 5740 Kal-
2331 5686 2495 5753 θεωρ.
2528 5682 2695 5740 Forte
2728 5684 2821 5739 καὶ
2849 5683 2985 5749 πρὸς
3016 5683 3183 5747 Nam.
