4116 6332
665 282 807 342 i275

1808 278 1946 334 TITI
1981 276 2409 334 BOSTBENSIS
2445 277 2745 335 EPlSCOPl

3720 278 3833 340 Ἰῖἷδ

664 417 820 457 suum
845 401 913 455 ⁸³.
954 397 1037 453 Ad
1077 397 1243 452 vitem
1280 394 1429 452 enim
1458 394 1527 451 de
1560 392 1801 468 ἐξεγριο
1831 395 2156 451 translatam
2174 396 2245 462 “,
2274 428 2289 474 λ

2207 396 2245 462 ι,
2274 412 2321 474 Δ
2352 395 2531 450 αὐτῶν
2581 395 2757 467 ἀρχῆς
2786 393 2876 449 διὰ
2913 392 3296 449 τούτοιπεινοῦ
3337 380 3492 448 aiam?)
3521 393 3692 449 πωλου.
3723 397 3769 451 '0
3791 400 3832 453 δι

666 506 899 563 quaeque
932 498 1101 543 totam
1128 487 1376 558 implevit
1401 494 1603 541 turrem
1635 502 1735 559 per
1764 487 2070 542 doctrinam
2103 501 2245 556 pro—

666 584 955 656 phetarum
993 582 1114 651 ejus
1162 592 1328 657 atque
1353 579 1655 649 jnstorum,
1712 580 2000 639 universas
2052 587 2244 650 gentes

664 677 929 749 allipvlt.
964 673 1099 728 Nam
1149 673 1332 743 pullus
1364 674 1421 737 in
1453 673 1573 743 lege
1611 671 1929 727 immundus
1988 680 2127 735 erat,
2162 670 2241 726 uti

661 778 717 824 et
757 779 966 838 gentes.
1016 765 1262 839 Alligans
1312 764 1381 818 ad
1429 766 1582 820 vitem
1624 763 1831 832 pullum
1880 776 2059 818 tuum.
2098 760 2240 829 Quid

660 861 780 915 ita?
817 858 884 917 Ut
914 860 984 913 ab
1008 874 1071 914 ea
1105 858 1276 929 legem
1310 873 1375 915 ac
1414 860 1714 929 prophetas
1743 872 1806 911 ac
1855 858 1910 911 in
1946 850 2027 912 eis
2063 857 2240 911 laten-

661 959 779 1011 tem
810 951 907 1007 Dei
943 950 1229 1029 scientiam
1262 951 1572 1021 acciperent
1600 971 1612 1006 :
1643 952 1744 1006 hoc
1783 957 1887 1014 est,
1921 948 2238 1015 Christum;

660 1045 754 1116 qui
804 1051 890 1099 est
937 1044 1249 1099 benedictio
1301 1059 1365 1097 ac
1418 1043 1673 1116 purgatio
1711 1042 1974 1112 gentium.
2028 1039 2241 1111 Quippe

660 1135 778 1189 ait:
809 1133 879 1188 Et
927 1133 996 1189 ad
1038 1137 1255 1190 helicem
1302 1136 1507 1206 pullum
1548 1136 1715 1188 asina:
1751 1149 1884 1188 sum.
1934 1130 2029 1187 Est
2071 1131 2236 1195 helix,

660 1227 809 1299 quod
839 1244 905 1283 ex
928 1228 1038 1284 vite
1064 1231 1335 1300 germinat
1361 1247 1374 1283 :
1408 1228 1665 1283 Christus
1688 1227 1969 1291 nimirum,
2005 1226 2099 1296 qui
2124 1241 2242 1296 ger-

658 1321 887 1376 minavit
930 1338 996 1376 ex
1048 1324 1161 1378 vite
1211 1337 1487 1395 synagoga
1536 1318 1802 1377 translata
1850 1321 1917 1375 de
1958 1319 2234 1390 Egypto;

658 1412 1118 1482 quemadmodum
1147 1414 1379 1483 ipsemet
1402 1414 1468 1467 ad
1499 1429 1625 1469 eum
1654 1411 1825 1468 Jacob
1855 1412 1967 1466 ait:
1998 1410 2084 1464 Ea:
2114 1426 2235 1481 ger-

659 1504 820 1567 mine,
856 1504 938 1574 ﬁli
967 1506 1061 1569 mi,
1086 1505 1373 1560 ascendiin
1403 1505 1610 1577 :inque
1640 1520 1706 1561 eo
1730 1513 1919 1577 gentes
1946 1502 2230 1558 insolubili

660 1596 882 1653 vinculo
915 1600 1150 1671 alligata:
1171 1608 1321 1665 sunt.

2351 488 2693 561 πατριάρχης
2726 486 2942 552 Ἰακὼϐ,
2969 486 3205 567 εύλργῶν
3229 489 3319 542 τὸν
3356 488 3562 552 Ἰούδαν,
3588 491 3670 543 καὶ
3692 492 3835 560 ἐκφαί-

2348 599 2453 634 νων
2499 581 2598 651 τὴν
2652 580 2903 650 εὐλογίαν
2955 581 3053 652 τὴν
3102 579 3236 651 πρὸς
3287 582 3412 644 τοὺς
3452 580 3670 651 πατέρας
3712 583 3835 638 aia-.05

2362 674 2613 746 ’Δὸραάμ
2655 675 2750 731 θοαὶ
2788 675 2994 738 Ἰσαὰκ,
3018 674 3140 744 ἥτις
3188 675 3333 727 ἐστὶν
3361 676 3389 728 6
3428 673 3658 745 Χριστὸς,
3697 676 3832 743 λέγει·

2343 768 2657 838 Δεσμεύων
2690 766 2840 835 πρὸς
2875 766 3147 837 ἄμπελον
3175 767 3281 821 τὸν
3300 766 3498 822 πῶλον
3526 768 3706 822 αὐτοῦ.
3731 771 3838 841 ῐιρδς

2342 864 2450 936 γὰρ
2483 863 2581 936 τὴν
2621 862 2866 932 ἄμπελον
2897 861 2997 933 τὴν
3039 864 3379 931 μεταστᾶσαν
3410 860 3467 924 ἐξ
3490 860 3746 929 Αἰγύπτου,
3764 863 3835 933 τὴν

2346 955 2452 1027 πλη
2461 955 2714 1027 ρώσασαν
2736 959 2916 1009 πᾶσαν
2936 954 3037 1025 τὴν
3056 955 3157 1026 γῆν
3176 953 3285 1008 ἀπὸ
3304 953 3400 1023 τῆς
3425 953 3632 1023 διδαχῆς
3648 954 3734 1008 τῶν
3750 972 3835 1025 προ-

2345 1046 2533 1118 φητῶν
2559 1046 2730 1116 αὐτῆς
2760 1045 2856 1099 καὶ⁹
2874 1044 3114 1106 δικαίων,
3146 1041 3439 1114 ἐδέσμευσε
3468 1041 3628 1094 πάντα
3650 1041 3708 1094 τὰ
3729 1040 3835 1112 ἔθνη.

2355 1137 2412 1190 '0
2452 1135 2559 1206 γὰρ
2604 1134 2781 1199 πῶλος
2815 1134 3122 1205 ἀκάθαρτος
3168 1134 3317 1186 ἐστιν
3358 1135 3414 1185 ὲν
3453 1131 3525 1203 τῷ
3562 1130 3837 1202 νόμιμὀὖτω

2342 1230 2439 1283 καὶ
2460 1228 2527 1283 τὰ
2558 1228 2707 1298 ἔθνη.
2741 1227 3053 1294 Δεσμεύων
3083 1223 3233 1294 πρὸς
3260 1224 3528 1294 ἄμπελον
3557 1222 3652 1277 τὸν
3686 1221 3839 1276 πῶλον

2340 1317 2546 1373 αὑτοῦ.
2573 1318 2671 1371 Διὰ
2692 1318 2779 1383 τί;
2807 1317 2923 1370 Ἵνα
2949 1314 3203 1380 δέξωνται
3230 1316 3359 1387 παρ’
3392 1314 3546 1369 αὐτοῦ
3572 1313 3669 1383 (Ἠ)
3693 1312 3839 1366 τὸννό-

2344 1426 2444 1481 μον
2485 1410 2579 1464 καὶ
2615 1410 2743 1472 τοὺς
2773 1410 3077 1480 προφήτας,
3113 1407 3208 1460 καὶ
3243 1407 3346 1477 τὴν
3382 1408 3438 1460 ἐν
3478 1405 3642 1468 αὐτοῖς
3667 1404 3840 1473 θεογνω-

2342 1500 2496 1554 σίαν·
2540 1500 2784 1554 τουτέστι
2836 1500 2924 1554 τὸν
2963 1498 3221 1572 Χριστὸν,
3268 1499 3327 1561 ὅς
3368 1499 3509 1551 ἐστιν
3550 1496 3735 1564 εὐλογία
3761 1496 3840 1548 τῶν

2340 1593 2509 1648 ἐθνῶν
2549 1595 2645 1647 καὶ
2669 1593 2956 1666 κάθαρσις.
3003 1594 3140 1664 Φησὶ
3182 1592 3327 1664 γάρ’
3352 1591 3462 1646 Καὶ
3512 1588 3580 1660 τῇ
3606 1589 3733 1645 ἕλικι
3762 1588 3839 1641 τὸν

658 1687 864 1744 πῶλον
886 1691 997 1760 τῆς
1029 1692 1173 1747 ὄνου
1201 1694 1408 1749 αὑτοῦ.
1440 1693 1594 1759 Ἔλιξ
1631 1694 1747 1749 ἐστὶ
1770 1693 1833 1748 τὸ
1863 1692 2154 1766 βλάστημα
2181 1689 2242 1745 τὸ
2287 1690 2348 1755 ἐξ
2371 1690 2618 1761 ἀμπέλου
2636 1705 2650 1720 ο
2685 1690 2744 1753 ὃς
2775 1690 2923 1742 ἐστιν
2946 1690 2975 1741 6
3000 1687 3257 1760 Χριστὸς,
3288 1686 3348 1754 ἐξ
3377 1685 3607 1757 ἀμπέλου
3635 1683 3715 1754 τῆς
3745 1700 3836 1735 συν-

657 1786 879 1857 αγωγῆς
904 1788 1004 1859 τῆς
1042 1785 1101 1853 ἐξ
1128 1787 1402 1857 Αἰγύπτου
1451 1787 1777 1860 βλαστήσας,
1815 1786 1996 1852 καθὼς
2038 1786 2202 1850 αὐτὸς
2251 1787 2281 1840 6
2338 1782 2532 1839 Ἰακώϐ
2585 1801 2719 1856 φησι
2752 1782 2889 1859 πρὸς
2922 1782 3083 1838 αὑτὸν
3105 1799 3118 1813 ⁸
3174 1783 3279 1836 Ἐκ
3314 1780 3602 1846 βλαστοῦ,
3630 1778 3709 1834 υἱέ
3732 1797 3837 1850 μου.

656 1874 907 1946 ἁνέϐηςυ
937 1879 1031 1932 καὶ
1054 1879 1460 1952 ὲδεσμεύθησαν
1493 1879 1562 1933 τὰ
1588 1878 1713 1951 ἔθνη
1741 1882 1800 1934 ὲν
1829 1878 1978 1951 αύτῷ
2005 1878 2234 1941 ἀλύτως.

725 1966 839 2023 νυ.
876 1968 941 2023 Et
963 1985 1065 2026 nos
1090 1972 1274 2041 itaque
1302 1970 1670 2028 insolubiliter
1689 1970 1909 2028 Christo
1935 1972 2238 2042 alligemur.
2274 1972 2318 2028 Β

2214 1986 2238 2023 ι,
2274 1972 2318 2028 Β
2416 1961 2624 2018 Οὐκοῦν
2672 1961 3057 2034 δεσμευθιῖῳεν
3099 1962 3192 2016 καὶ¹
3233 1963 3397 2034 ἡμεῖς
3439 1963 3516 2026 εἰς
3549 1962 3630 2019 τὸν
3663 1964 3839 2035 Χριστὸν

657 2059 939 2131 Siquidem
962 2063 1186 2119 omnino
1210 2064 1279 2117 ab
1295 2063 1415 2133 ejus
1439 2064 1875 2121 solemnitatibus
1896 2065 2123 2121 salutem
2141 2064 2242 2120 ob-

655 2155 834 2208 tinere
873 2155 1294 2223 contendimus;
1325 2173 1427 2212 nos
1459 2172 1680 2227 quoque
1711 2157 1829 2228 ipse
1852 2173 1959 2212 una
1988 2173 2110 2213 cum
2134 2156 2242 2212 La-

655 2262 806 2308 zaro.
859 2264 893 2301 a
939 2251 1161 2304 mortuis
1214 2250 1456 2319 operibus
1476 2252 1520 2285 ⁸⁷
1549 2252 1753 2306 nostris
1829 2268 1947 2322 quae
1980 2254 2093 2306 sine
2130 2250 2236 2306 Deo

654 2347 779 2392 sunt
807 2337 952 2408 facta
972 2379 987 2401 ,
1016 2341 1388 2397 suscitaturus
1418 2351 1503 2397 est
1524 2343 1593 2397 ⁸⁸.
1632 2343 1725 2398 Sic
1757 2345 1862 2415 ipsi
1890 2344 1946 2397 in
1975 2342 2240 2398 Bethania

656 2431 1134 2496 concmnabimus,
1181 2448 1344 2503 quam
1389 2435 1790 2505 interpreteris,
1846 2436 2061 2488 domum
2114 2435 2239 2489 obe-

653 2519 888 2577 dientiae.
940 2521 1033 2576 Sic
1076 2537 1106 2575 a
1139 2523 1455 2593 captivitate
1499 2526 1792 2581 oblivionis
1834 2527 2002 2581 animi
2036 2528 2240 2596 pariter

655 2627 721 2668 ac
766 2617 1017 2684 corporis
1048 2630 1246 2671 sensus
1277 2627 1402 2688 apte
1451 2619 1792 2688 colligemus,
1839 2618 2139 2674 clamantes
2173 2633 2237 2673 ac

654 2701 901 2758 dicentes
925 2723 937 2758 :
966 2702 1223 2759 Hosanna
1252 2707 1305 2758 in
1341 2706 1662 2762 altissimis:
1688 2706 2004 2761 Benedictus
2031 2706 2124 2777 qui
2155 2722 2238 2760 ue-

656 2795 733 2848 nit
762 2798 816 2849 in
855 2797 1063 2852 nomine
1106 2796 1358 2863 Domini;
1389 2798 1443 2852 in
1481 2815 1638 2854 suam
1671 2799 1788 2870 ipse
1818 2797 2120 2854 Jerusalem
2152 2798 2239 2852 iu-

655 2903 951 2959 gressurus
984 2908 997 2944 :
1025 2907 1135 2946 non
1170 2892 1283 2961 jam
1326 2900 1386 2946 ut
1423 2893 1681 2964 patiatur,
1727 2893 1805 2947 uti
1850 2901 2017 2957 tunc;
2050 2890 2146 2947 sed
2176 2898 2237 2946 ut

655 2981 827 3037 salvet
875 2998 1017 3050 eam,
1058 2981 1418 3055 Salvatorque
1460 2984 1527 3039 ab
1571 3000 1636 3039 ea
1684 2983 2042 3055 gloriﬁcetur,
2095 2999 2236 3055 quo-

654 3073 819 3129 modo
864 3072 1035 3129 David
1080 3090 1202 3131 eam
1236 3077 1575 3147 compellans
1614 3077 1736 3133 ait:
1767 3076 1981 3144 Lauda,
2008 3075 2237 3131 Jerusa-

655 3166 778 3232 lem,
814 3165 1137 3234 Dominum;
1182 3167 1347 3223 lauda
1392 3169 1558 3225 Deum
1606 3179 1777 3235 tuum,
1822 3169 1954 3225 Sion
1974 3170 2042 3225 ".
2090 3169 2237 3224 Dixit

653 3259 889 3316 iterum:
927 3258 1115 3315 Lauda
1160 3277 1223 3317 ac
1265 3261 1461 3329 lauda;
1513 3262 1695 3318 animo
1742 3263 1946 3333 pariter
1987 3276 2052 3317 ac
2109 3276 2236 3317 cor-

2341 2057 2570 2122 ἀλύτωςι
2611 2056 2735 2111 Ἐὰν
2781 2056 2917 2121 ὅλως
2968 2055 3368 2127 ἀγωνιζώμεθα
3407 2056 3497 2111 τοῦ
3538 2057 3739 2127 σωθῆναι
3762 2059 3839 2111 ἀπὸ

2341 2151 2447 2204 τῶν
2474 2148 2676 2221 ἑορτῶν
2695 2146 2883 2211 αὐτοῦ,
2910 2146 3002 2200 καὶ
3031 2147 3194 2211 αύτδς
3224 2151 3505 2221 συνεγερεῖ
3530 2150 3659 2220 ἡμᾶς
3675 2148 3736 2220 τῷ
3757 2152 3838 2204 Δα-

2342 2240 2494 2313 ξάρῳ
2545 2239 2663 2295 ἀπὸ
2712 2238 2829 2293 τῶν
2864 2238 3095 2309 νεκρῶν
3125 2239 3288 2312 ἡμῶν
3319 2241 3525 2311 ἔργων,
3567 2240 3671 2294 τῶν
3708 2243 3838 2309 χωρὶς

2340 2334 2528 2389 αὐτοῦ
2563 2334 2919 2404 γενομένων.
2965 2331 3120 2386 Οὕτω
3150 2331 3563 2405 συνδειπνοῑῖμεν
3584 2332 3709 2404 αὐτῷ
3727 2333 3772 2384 ἐν
3789 2334 3834 2402 τῇ

2340 2424 2600 2498 Βηθανίᾳ,
2625 2427 2745 2497 ἥτις
2769 2425 3129 2497 ἑρμηνεύεται
3156 2422 3321 2491 οἶκος
3350 2425 3457 2494 τῆς
3478 2424 3735 2493 ὑπακοῆς.
3761 2423 3836 2479 0'3-

2338 2530 2449 2576 τως
2481 2513 2751 2584 ἁρμοδίως
2791 2513 3111 2584 συνάγωμεν
3136 2514 3252 2585 (75)
3281 2516 3406 2577 τοὺς
3445 2515 3702 2586 λογισμοὺς
3721 2514 3835 2585 ἡμῶν

2339 2603 2448 2656 ἀπὸ
2469 2604 2569 2673 τῆς
2606 2603 2981 2674 αἰχμαλωσίας
3012 2604 3108 2675 τῆς
3139 2604 3315 2677 λήθης
3338 2606 3483 2676 μετὰ
3518 2606 3615 2659 τῶν
3638 2604 3835 2674 αἰσθητη-

2343 2694 2472 2766 ρίων
2501 2692 2593 2746 τοῦ
2620 2693 2885 2763 σώματος,
2914 2693 3208 2766 κράζοντες
3230 2696 3328 2748 καὶ
3347 2695 3581 2763 λέγοντες
3598 2711 3609 2723 ⁸
3640 2691 3836 2749 Ὡσαννὰ

2337 2784 2406 2837 ἐν
2436 2782 2561 2849 τοῖς
2599 2783 2885 2851 ὑψίστοις
2906 2800 2917 2812 ’
2949 2783 3378 2853 Εὐλογημένος
3422 2787 3455 2839 ὁ
3496 2784 3762 2854 ἐρχόμενος
3783 2783 3835 2835 ἐι·

2338 2872 2582 2941 ὀνόματι
2612 2873 2857 2941 Κυρίου,
2887 2872 3146 2925 εἰσελθεῖν
3179 2873 3262 2936 εἰς
3294 2872 3392 2945 τὴν
3415 2873 3594 2927 ἑαυτοῦ
3633 2874 3834 2944 Ἰερουσα-

2337 2963 2483 3037 λημο
2520 2965 2581 3018 ού
2615 2964 2703 3019 διά
2733 2964 2793 3018 τὸ
2839 2963 3050 3029 παθεῖν,
3089 2963 3280 3037 ὥσπερ
3313 2966 3454 3030 τότε,
3494 2965 3597 3019 ἀὶλ
3620 2966 3688 3018 ἵνα
3719 2962 3834 3033 σώσῃ

2337 3057 2527 3129 αὐτὴν,
2558 3056 2654 3112 καὶ
2680 3055 2911 3128 δοξασθῇ
2961 3056 3054 3110 ὑπ’
3084 3057 3290 3128 αύτῆςο
3324 3056 3502 3121 καθὼς
3539 3060 3680 3126 φωνεί
3708 3052 3834 3123 αὐτὴν

2337 3149 2501 3204 Δαόἰδ
2526 3150 2732 3219 λέγων⁸
2773 3149 3052 3210 Ἐπαίνει.
3088 3149 3507 3221 Ἰερουσαλὴμ,
3535 3149 3626 3203 τὸν
3644 3149 3831 3214 Κύριον·

2337 3243 2493 3298 αἴνει
2524 3241 2631 3297 τὸν
2658 3244 2807 3297 Θεόν
2835 3258 2973 3306 σου,
3003 3226 3178 3297 Σιών.
3206 3244 3470 3315 Δεύτερον
3491 3238 3651 3295 εἶπεν
3686 3235 3832 3293 Ἐπαί-

652 3365 802 3420 pore.
866 3350 1132 3419 Quoniam
1174 3356 1507 3424 conﬁrmavit
1554 3364 1718 3410 vectes
1777 3365 2056 3425 portarum
2116 3323 2277 3408 tuaJ

2206 3373 2237 3403 ι-
2262 3321 2304 3378 (ἶ
2337 3353 2429 3391 νει
2471 3334 2572 3389 καὶ
2617 3335 2791 3399 αἴνει,
2850 3334 2996 3406 ψυχῇ
3038 3335 3132 3388 καὶ
3177 3333 3415 3407 σώματιι
3456 3335 3574 3389 Ὀτι
3607 3331 3831 3399 ἑνίσχυσε

575 3445 579 3449 ’
652 3459 767 3495 rum
792 3444 836 3475 ⁶⁶
867 3464 879 3498 :
905 3461 1101 3516 nempe
1159 3445 1341 3511 ﬁdem,
1383 3463 1533 3518 spem
1586 3455 1638 3501 et
1679 3446 2029 3512 charitatem,
2065 3445 2237 3501 medi—

654 3536 916 3591 tationem
954 3554 1017 3593 ac
1047 3538 1289 3603 studium
1321 3540 1569 3606 caeleste,
1602 3538 2100 3608 longanimitatem,
2131 3553 2228 3608 pa-

655 3629 929 3697 tientiam.
958 3629 1236 3685 Benedirrit
1253 3631 1383 3702 ﬁliis
1404 3633 1508 3686 tuis
1528 3633 1581 3685 in
1604 3642 1651 3685 te
1666 3632 1708 3664 ⁶¹
1735 3650 1748 3685 :
1769 3645 1963 3701 nempe
2009 3630 2231 3684 infanti-

650 3721 757 3777 bus
785 3721 1165 3793 ﬁdelibus,’qui
1183 3724 1471 3780 Dominum
1490 3741 1615 3782 cum
1643 3725 1811 3788 ramis
1839 3733 2229 3795 susceperunt;

650 3828 776 3867 cum
822 3815 979 3871 nevis
1024 3818 1212 3888 utique
1258 3818 1529 3873 fructibus
1564 3836 1578 3872 :
1621 3817 1948 3884 infantibus,
1982 3818 2227 3893 inquam,

650 3907 977 3975 augentibus
1008 3909 1093 3963 lac
1123 3910 1392 3965 doctrinae
1414 3910 1641 3965 Christi.
1667 3909 1971 3965 Credentes
1998 3910 2141 3967 enim
2172 3900 2241 3964 in

648 4007 797 4056 cuni,
831 4009 957 4048 mox
991 3995 1235 4059 laudant,
1264 3998 1408 4053 sicut
1436 3998 1703 4069 scriptum
1746 4006 1869 4054 est':
1905 3997 1990 4052 Ex
2027 4015 2116 4053 ore
2143 4000 2228 4053 in-

649 4085 880 4156 fantium
918 4096 967 4142 et
1000 4088 1306 4143 lactentiam
1352 4091 1620 4161 perfecisli
1657 4090 1871 4145 laudem
1893 4093 1962 4146 ⁸³.
2014 4091 2227 4148 Eﬂicia-

648 4191 774 4231 mur
812 4192 909 4246 pro
942 4177 1222 4233 immundo
1264 4181 1412 4248 pullo
1443 4196 1660 4236 sacrum
1709 4183 1759 4236 ci
1789 4182 2119 4247 vehiculum,
2165 4191 2226 4238 ut

647 4267 703 4321 in
735 4283 835 4323 nos
872 4269 1153 4349 ascendat.
1195 4270 1430 4325 Currum
1476 4272 1525 4327 ei
1578 4281 1893 4328 nostrarum
1936 4276 2223 4346 cogitatio~

644 4376 775 4415 num
804 4361 1123 4432 jungamus,
1159 4372 1213 4419 et
1246 4362 1484 4435 regnabit
1513 4381 1677 4437 super
1711 4383 1812 4424 nos
1848 4368 1901 4421 in
1923 4368 2140 4432 swcula,
2174 4378 2225 4423 et

645 4454 791 4525 regni
815 4455 929 4524 ejus
965 4472 1067 4510 non
1113 4459 1213 4510 erit
1242 4458 1367 4527 ﬁnis
1393 4459 1457 4513 ⁸³.
1501 4459 1741 4515 Hilarem
1793 4461 1920 4515 vitae
1954 4461 2221 4516 rationem

642 4562 744 4602 ceu
784 4562 964 4602 ramos
986 4550 1252 4603 olivarum
1282 4566 1650 4614 assumamus.
1676 4559 1734 4625 ut
1761 4551 2219 4623 quemadmodum

642 4639 719 4693 ait
761 4638 945 4710 regius
988 4639 1221 4704 Psaltes.
1251 4640 1469 4697 Faciem
1497 4653 1737 4697 nostram
1766 4644 1821 4697 in
1861 4643 1973 4697 oleo
2011 4642 2217 4696 exhila-
2252 4661 2299 4720 ι)

639 4746 815 4784 remus
839 4732 903 4786 “.
958 4731 1024 4786 Et
1066 4733 1263 4788 iterum
1297 4754 1309 4790 :
1339 4731 1541 4790 Servite
1578 4736 1802 4790 Domino
1846 4735 1900 4789 in
1934 4734 2121 4790 laztitia
2144 4735 2212 4790 ⁸⁵.

638 4818 886 4876 Divinam
922 4838 1142 4878 rursum
1179 4840 1243 4880 ac
1286 4826 1588 4895 spiritalem
1629 4829 2001 4898 operationem
2047 4827 2103 4881 in
2136 4827 2218 4881 in-

637 4914 824 4968 teriori
861 4915 1082 4971 homine
1119 4932 1217 4973 ceu
1250 4920 1552 4988 palmarum
1596 4936 1780 4976 ramos
1814 4920 2085 4984 tollentes,
2132 4935 2216 4975 se-

634 5019 892 5071 quamur,
947 5008 1151 5077 gratias
1190 5008 1241 5064 ei
1270 5017 1535 5080 agentes:
1570 5026 1634 5064 ac
1666 5027 1765 5082 pro
1809 5011 2049 5068 candore
2089 5010 2212 5080 qui-

633 5095 779 5159 dem,
828 5108 1033 5153 reetam
1079 5099 1570 5174 intemeratamque
1611 5118 1676 5158 ac
1709 5104 2012 5175 simplicem
2059 5119 2211 5159 assu-

635 5203 850 5245 mamus
927 5189 1126 5259 ﬁdem;
1182 5208 1280 5263 pro
1336 5195 1581 5265 agilitate
1630 5204 1851 5260 autem,
1913 5196 2206 5267 patientem

631 5292 783 5351 spem
805 5299 828 5357 ί
849 5298 999 5353 spem
1033 5284 1281 5356 inquam,
1312 5302 1434 5358 quae
1464 5295 1669 5360 pungat
1692 5302 1755 5344 ac
1772 5286 1984 5360 jugulet
2006 5288 2212 5361 cogita-

2338 3427 2479 3494 τοὺς
2501 3427 2770 3497 μοχλοὺς
2794 3425 2911 3480 τῶν
2935 3425 3147 3481 πυλῶν
3171 3441 3292 3482 σου
3312 3445 3324 3458 ·
3354 3428 3540 3490 οἵτινές
3564 3426 3651 3478 εἱσι
3678 3421 3831 3481 πίστις,

2335 3519 2509 3582 ἐλπὶς,
2559 3519 2770 3591 ἀγάπη,
2826 3518 3044 3590 μελέτη,
3094 3518 3464 3591 μακροθυμία,
3496 3514 3718 3586 ὑπομονὴ.
3748 3512 3830 3563 Εὐ·

2332 3615 2563 3683 λόγησε
2590 3612 2731 3678 τοὺς
2769 3613 2938 3679 υἱούς
2970 3626 3086 3665 σου
3112 3612 3183 3666 ἐν
3204 3618 3310 3666 σοί
3334 3629 3347 3642 ’
3372 3610 3556 3672 οἵτινές
3584 3610 3673 3662 εἱσι
3692 3604 3744 3657 τὰ
3768 3618 3830 3652 πιο

2335 3704 2437 3757 στά
2464 3705 2633 3775 νήπια
2655 3703 2723 3758 τὰ
2749 3704 3011 3776 δεχόμενα
3041 3705 3129 3761 τὸν
3157 3705 3366 3778 Κύριον
3396 3703 3525 3776 μετά
3545 3703 3637 3756 τῶν
3656 3697 3826 3752 κλάδων·

2330 3798 2577 3851 τουτέστι
2613 3797 2752 3867 μετὰ
2780 3796 3010 3870 καρπῶν
3048 3796 3183 3851 νέων
3208 3813 3221 3827 ·
3256 3798 3328 3852 τὰ
3359 3796 3635 3870 θηλάζοντα
3660 3791 3710 3843 τὸ
3727 3785 3829 3855 γάλα

2330 3891 2429 3962 τῆς
2469 3890 2817 3955 διδασκαλίας
2862 3889 2954 3943 τοῦ
3003 3889 3264 3962 Χριστοῦ.
3308 3890 3638 3950 Πιστεύοντες
3668 3881 3752 3953 γὰρ
3772 3877 3829 3939 εις

2333 3982 2516 4047 αὑτὸν,
2548 3981 2749 4045 εὐθέως
2776 3980 3005 4046 αἰνοῦσι,
3046 3980 3227 4045 καθὼς
3260 3984 3586 4053 γέγραπται’
3624 3977 3706 4030 Ἐκ
3725 3968 3827 4024 στό-

2325 4092 2514 4146 ματος
2544 4075 2779 4142 νηπίων
2814 4075 2912 4128 καί
2947 4074 3325 4143 θηλαζόντων
3354 4072 3660 4144 κατηρτίσω
3684 4061 3825 4120 αἶνον.

2335 4167 2629 4239 Γενώμεθα
2661 4167 2809 4239 αὐτῷ
2838 4167 3020 4239 ὄχημα
3047 4168 3199 4235 ἅγιον
3220 4168 3345 4222 ἀντὶ
3372 4165 3654 4237 ἀκαθάρτου
3675 4155 3824 4234 πώλης).

2327 4261 2414 4315 ἵνα
2458 4261 2619 4332 ἐπιϐῇ
2671 4262 2755 4329 ἐφ’
2786 4261 2951 4332 ἡμᾶς.
2992 4258 3280 4331 Ζεύξωμεν
3327 4260 3470 4330 αὐτῷ
3499 4258 3555 4312 τὸ
3599 4255 3725 4326 ἅρμα
3747 4243 3826 4299 τῶν

2325 4351 2598 4423 λογισμῶν
2626 4351 2805 4424 ἡμῶν,
2849 4353 2945 4407 καὶ
2970 4352 3333 4417 βασιλεύσει
3364 4354 3447 4423 ἐφ’
3478 4351 3612 4422 ἡμᾶς
3634 4348 3706 4409 εὶς
3723 4336 3827 4401 τοὺς

2326 4443 2568 4511 αἰῶνας,
2600 4444 2698 4498 καὶ
2735 4443 2845 4514 τῆς
2876 4444 3201 4512 βασιλείας
3240 4444 3427 4500 αὑτοῦ
3465 4443 3568 4496 οὐκ
3599 4439 3739 4493 ἔσται
3757 4426 3826 4482 τέ·

2323 4542 2454 4605 λος.
2508 4537 2777 4609 Λάϐωμεν
2815 4537 3003 4609 ἱλαρὰν
3046 4537 3319 4591 πολιτείαν
3355 4536 3429 4597 ὼς
3471 4531 3625 4601 κλάδη
3660 4520 3824 4609 ἐλαιῶν,

2332 4631 2440 4685 Τοῦ
2474 4608 2750 4697 ίλσρῦναι
2793 4630 2859 4682 τὸ
2901 4608 3226 4697 πρόσωπον
3269 4627 3436 4698 ἡμῶν
3472 4623 3652 4688 ἐλαίῳ,
3690 4608 3826 4670 καθώς

2324 4739 2487 4794 φησιν
2502 4725 2530 4776 6
2553 4720 2873 4793 Ψαλμῳδός·
2895 4721 2987 4775 καὶ
3004 4721 3183 4775 πάλιν·
3205 4721 3568 4776 Δουλεύσατε
3591 4711 3658 4777 τῷ
3675 4703 3822 4774 ΚιῬίφ

2319 4816 2388 4870 ὲν
2408 4816 2779 4885 εὐφροσύνην
2802 4814 3024 4886 ἄρωμεν
3041 4814 3201 4869 πάλιν
3231 4815 3288 4869 ὲν
3302 4813 3378 4885 τῷ
3395 4812 3496 4865 ἔσω
3511 4800 3741 4878 ἀνθρώπῳ
3750 4795 3822 4862 τὴν

2317 4907 2504 4981 θεῖκὴν
2548 4909 2645 4963 καὶ
2689 4907 3067 4977 πνευματικὴν
3118 4906 3399 4979 ἐργασίαν,
3431 4902 3502 4965 ὡς
3527 4897 3587 4952 τὰ
3615 4893 3704 4946 τῶν
3738 4902 3824 4992 (pol-

2315 5006 2480 5058 νίκων
2508 5003 2654 5074 βάῖα,
2691 5003 2785 5057 καί
2820 4999 3272 5070 ἀκολουθήσωμεν
3316 4988 3718 5084 εὐχαριστοῦντες
3753 4988 3825 5084 αξ)-

2315 5095 2419 5168 τῷ·
2468 5071 2561 5150 καὶ
2596 5093 2717 5149 ἀντὶ
2765 5094 2863 5166 μὲν
2896 5092 2995 5163 τῆς
3035 5089 3373 5163 ὰσπρύτητος
3411 5071 3716 5169 [italo-mres]

2317 5165 2484 5263 ὀρθὴν
2519 5190 2614 5244 καὶ
2666 5187 2929 5258 ἀμίαντον
2962 5183 3057 5238 καὶ
3089 5182 3267 5255 ἁπλῆν
3303 5182 3505 5234 πίστιν*
3532 5170 3648 5227 ἀντὶ
3681 5165 3821 5266 δὲ’τῆς

2317 5282 2576 5356 ὀξύτητος
2622 5279 2721 5352 την
2770 5277 3178 5350 ύπομονητικὴν
3219 5275 3437 5329 ἐλπίδα·
3469 5270 3558 5341 τὴν
3585 5264 3818 5318 κεντοῡσεν

701 5439 746 5473 ⁵⁸
785 5423 984 5496 Cenes.
1020 5458 1181 5504 χιιι,
1218 5443 1305 5500 ll.
1380 5444 1426 5477 “
1462 5443 1607 5501 Psal.
1644 5460 1841 5511 Lxxrx,
1878 5445 1932 5501 9.
2010 5444 2055 5477 "
2093 5441 2256 5500 Hebr.
2297 5442 2386 5500 vf.
2424 5440 2474 5493 1.
2551 5437 2596 5468 ⁵⁸
2632 5435 2787 5511 «1099)-
2825 5450 2913 5511 ΧῙρ
2946 5434 3003 5511 ἕξ.
3054 5433 3123 5511 ,⁸³
3164 5430 3525 5511 Ρςθιορῐινιιι
3556 5422 3601 5477 ίο
3666 5400 3815 5465 ’.Μ’

626 5505 683 5562 9.
761 5512 805 5541 ⁶¹¹
844 5512 978 5567 ibid.
1056 5513 1100 5545 ⁸²
1140 5502 1285 5568 Psal.
1321 5531 1449 5585 vni,
1486 5516 1540 5571 '5.
1619 5516 1663 5548 "
1701 5502 1840 5571 Luc:
1872 5533 1921 5584 ι,
1954 5515 2054 5581 52,
2090 5515 2179 5571 55.

1748 5502 1840 5571 uc:
1872 5533 1921 5584 ι,
1954 5515 2054 5581 52,
2090 5515 2179 5571 55.
2257 5513 2303 5547 ⁸⁸
2342 5511 2487 5567 Psal.
2526 5522 2655 5572 cm,
2694 5504 2781 5559 lii.
2855 5504 2905 5536 “
2944 5502 3090 5559 Psal.
3128 5519 3285 5571 xcrx,
3316 5503 3367 5556 2.

700 5732 813 5808 (⁵14)
842 5735 987 5805 Hap'
1020 5737 1227 5795 αὑτοῦ.
1260 5736 1438 5793 Scrib.
1480 5737 1609 5808 παρ’
1645 5737 1833 5808 αὐτῆς.

2391 5698 2502 5806 (75)
2533 5732 2907 5806 Συνάγωμεν.
2944 5732 3106 5792 Forte
3137 5733 3442 5804 συνάξομεν.
