4116 6332
354 317 494 388 1277

1423 323 1678 381 ORATIO
1706 326 1771 380 IN
1799 326 2034 382 BAMOS
2061 325 2466 384 PALMARUM.

3439 324 3578 381 I278

353 436 447 492 καὶ
479 435 784 506 σφάζουσαν
810 439 983 495 πάντα
1020 440 1275 513 λογισμὸν
1301 443 1674 515 ἐπαιρόμενον,
1707 447 1909 516 αἰχμα-

2019 449 2216 502 tionem
2276 462 2496 502 omnem
2547 444 2894 502 extollentem
2951 459 3010 500 se
3031 444 3098 508 “,
3155 450 3214 498 ut
3266 458 3368 498 nos
3415 457 3446 496 a
3484 439 3579 497 Dei

352 528 617 584 λωτεῢσαι
650 530 797 600 ἡμᾶς
826 531 933 585 ἀπὸ
957 533 1055 603 τῆς
1081 532 1332 602 γνώσεως
1357 534 1451 588 τοῦ
1481 535 1642 588 Θεοῦο
1676 538 1768 590 καὶ
1797 539 1916 591 ἀντὶ

351 622 450 693 τῆς
469 621 805 694 γλυκύτητος
849 623 942 676 τοῦ
983 626 1222 693 φοίνικος
1258 626 1356 698 τὴν
1394 626 1648 695 γλυκεῖαν
1674 628 1912 700 ἀγάπην,

351 713 450 784 τὴν
493 715 887 786 συνισταμένην
925 717 988 769 ὲκ
1028 717 1136 770 τῶν
1192 718 1606 790 προρρηθέντων
1661 721 1914 784 πίστεως,

353 808 448 869 καὶ
487 807 722 870 ἐλπίδος,
767 810 857 860 καὶ
889 809 994 862 τῶν
1035 810 1255 875 λοιπῶν,
1287 811 1372 864 ἵνα
1418 810 1672 883 πληρωθῇ
1698 813 1754 864 ἐν
1786 813 1916 882 ἡμῖν

351 895 414 949 τὸ
439 896 600 965 ῥηθέν
618 913 630 927 ⁸
659 898 890 962 Δίκαιος
910 898 988 962 ὡς
1008 897 1205 966 φοίνιξ
1231 898 1479 964 ἀνθήσει
1497 915 1509 927 ο
1539 899 1677 951 ὡσεὶ
1709 897 1917 965 κέδρος

351 985 392 1052 ἠ
431 986 500 1038 ἐν
527 984 606 1050 τῷ
637 985 865 1053 Λιϐάνῳ
889 988 1391 1053 πληθυνθήσεται.
1441 987 1916 1057 Ἀκολουθήσωμεν

354 1076 502 1146 αὐτῷ
535 1080 613 1140 εἰς
628 1078 725 1148 τὴν
751 1079 908 1145 ἁγίαν
939 1079 1089 1130 πόλιν
1109 1099 1121 1108 ο
1146 1078 1470 1149 εἰσέλθωμεν
1491 1078 1604 1148 μετ’
1646 1078 1808 1132 αὐτοῦ
1835 1079 1913 1140 εἰς

352 1169 592 1238 τὺίερὸν,
619 1169 704 1223 ἵνα
729 1170 825 1232 τὰς
857 1170 1130 1240 τραπέζας
1158 1170 1264 1222 τῶν
1301 1173 1356 1223 ὲν
1385 1173 1516 1240 ἡμῖν
1555 1169 1915 1223 κολλυϐιστῶν

355 1259 727 1332 καταστρέψῃ,
766 1263 858 1314 καὶ
899 1263 1022 1324 τοὺς
1049 1261 1304 1332 δαίμονας
1330 1263 1454 1324 τοὺς
1494 1261 1801 1324 πωλοῦντας
1819 1261 1918 1324 τὰς

356 1351 702 1421 περιστερὰς,
721 1352 844 1413 τοὺς
864 1351 921 1403 ὲν
939 1351 1113 1424 πλάνῃ
1129 1352 1454 1420 πετομένους
1474 1351 1918 1421 λογισμοὺς,ἁπο-

352 1440 519 1512 διώξῃ
557 1442 648 1510 ἀφ’
676 1441 830 1512 ἡμῶν
849 1442 985 1512 μετὰ
1018 1442 1231 1495 πάντων
1249 1441 1360 1495 τῶν
1379 1441 1697 1495 πωλούντων
1714 1443 1770 1494 ὲν
1787 1443 1917 1512 ἡμῖν

356 1534 454 1586 καὶ
483 1531 858 1604 ἁγοραζόντων
877 1551 893 1566 ·
923 1534 1015 1587 καὶ
1045 1534 1164 1586 ἀντὶ
1196 1533 1456 1603 σπηλαίου
1483 1532 1692 1604 λῃστῶν
1716 1535 1916 1605 ποιήσῃ

353 1625 503 1695 ἡμᾶς
527 1622 668 1677 κατὰ
704 1623 792 1676 τὸν
820 1625 1042 1693 ἀρχαῖον
1077 1623 1217 1694 ἱερὸν
1260 1623 1380 1677 ναὸν
1411 1623 1584 1692 ἆγιον,
1614 1627 1670 1677 ὲν
1705 1617 1748 1691 ᾧ
1783 1626 1922 1677 οἰκεῖ

355 1715 452 1770 καὶ
489 1718 779 1787 περιπατεῖ
819 1714 1084 1785 Χριστός·
1107 1716 1192 1768 ἵνα
1225 1717 1336 1778 τοῖς
1363 1715 1578 1783 τυφλοῖς
1622 1715 1776 1784 ἡμῶν
1805 1715 1920 1784 φῶς

2018 540 2247 594 scientia
2297 539 2700 609 captivet:pro
2751 537 2946 607 palum
2989 533 3206 590 demum
3258 535 3575 598 dulcedine,

2016 629 2230 685 dulcem
2268 630 2615 696 charitatem,
2659 645 2781 700 quae
2824 644 2890 682 ex
2925 627 3182 698 prtefatis,
3216 627 3342 692 ﬁde,
3390 642 3484 696 spe
3514 643 3580 682 ac

2009 722 2241 791 ’reliquis
2275 730 2512 784 constat,
2561 727 2620 774 ut
2663 722 2717 775 in
2773 720 2931 774 nobis
2966 719 3254 788 impleatur
3311 717 3456 787 quod
3496 717 3582 771 di-

2017 821 2161 868 ctum
2187 822 2268 868 est
2296 831 2309 866 :
2335 811 2524 866 Justus
2547 823 2601 866 ut
2628 813 2806 882 palma
2827 811 3031 880 ﬂorcbit
3051 828 3069 874 ;
3091 811 3224 865 sicut
3253 811 3438 864 cedrus
3464 824 3582 878 quia

2016 905 2071 957 in
2103 905 2301 958 Libano
2330 913 2426 969 est,
2460 905 2898 974 multiplicabilur
2917 906 2983 959 ⁸⁷.
3019 903 3323 972 Sequamur
3360 907 3580 958 euntem

2019 998 2071 1050 in
2104 1006 2348 1051 sanctam
2380 997 2658 1052 civitatem
2689 997 3096 1065 :ingrediamur
3121 1010 3243 1048 cum
3272 1009 3336 1050 eo
3361 995 3414 1045 in
3442 1001 3582 1048 tem-

2017 1089 2188 1157 plum,
2217 1097 2274 1140 ut
2307 1089 2360 1141 in
2395 1088 2552 1142 nobis
2588 1103 2804 1144 mensas
2833 1087 3318 1142 nuummlariorum
3351 1085 3580 1139 subver-

2017 1177 2191 1240 tat“,
2253 1193 2316 1232 ac
2376 1178 2652 1233 dannones
2696 1180 2992 1236 vemlentes
3039 1177 3581 1244 columbas:nempe

2018 1268 2376 1337 cogitationes
2416 1269 2468 1321 in
2500 1283 2686 1322 errore
2716 1269 2980 1333 volantes,
3024 1282 3147 1321 cum
3191 1267 3444 1321 clunibus
3486 1263 3581 1335 qui

2019 1361 2074 1414 in
2122 1361 2280 1414 nobis
2312 1369 2501 1414 emunt
2535 1361 2902 1431 vcnduntque,
2939 1376 2967 1413 a
3004 1359 3162 1414 nobis
3212 1360 3445 1428 expellat
3471 1398 3486 1420 ,
3516 1371 3582 1411 ac

2018 1465 2118 1519 pro
2147 1449 2405 1518 spelunca
2451 1449 2744 1514 latronum,
2781 1464 2996 1503 sacrum
3031 1464 3130 1503 nos
3171 1449 3450 1518 templum,
3501 1447 3581 1501 uti

2021 1544 2304 1612 antiquum
2328 1541 2483 1607 illud,
2514 1542 2568 1595 in
2590 1557 2698 1610 quo
2721 1541 2972 1596 Christus
2998 1541 3203 1595 habitet
3232 1555 3295 1593 ac
3316 1538 3596 1594 deamhu—‘

2019 1632 2115 1694 let,
2152 1631 2350 1698 faciat;
2399 1649 2508 1702 quo
2535 1632 2691 1688 caacis
2741 1632 2945 1687 nostris
2979 1631 3239 1700 largiatur
3272 1631 3490 1694 visum,’
3517 1643 3582 1683 ac

2023 1720 2219 1774 surdos
2255 1720 2417 1775 faciat
2449 1721 2658 1785 audire,
2714 1728 2768 1775 et
2814 1720 3093 1773 ambulare
3140 1719 3387 1778 claudos.
3435 1733 3581 1773 mor-

355 1807 664 1878 χαρίσηται,
711 1805 803 1860 καὶ
852 1809 978 1870 τοὺς
1027 1806 1240 1874 κωφοὺς
1293 1808 1489 1878 ποιήσῃ
1537 1805 1786 1870 ἀκοῦσαι,
1824 1807 1916 1859 καὶ

2023 1819 2255 1880 tuosque
2287 1827 2410 1866 cum
2443 1811 2650 1868 Lazaro
2687 1812 2997 1867 resuscitet.
3033 1809 3132 1864 Ubi
3165 1810 3308 1864 enim
3349 1809 3456 1862 vita
3486 1809 3582 1864 ha-

353 1899 480 1960 τοὺς
503 1899 707 1967 χωλοὺς
732 1899 1118 1968 περιπατῆσαι,
1142 1898 1234 1951 καὶ
1257 1897 1382 1960 τοὺς
1410 1898 1635 1967 νεκροὺς
1659 1895 1797 1967 μετὰ
1817 1897 1920 1948 Λα-

354 1985 522 2057 ζάρου
561 1988 766 2058 ἐγείρῃ.
808 1989 979 2042 Ὅπου
1012 1987 1119 2058 γὰρ
1147 1988 1287 2042 οἰκεῖ
1314 1987 1448 2058 ζωὴ,
1482 1989 1596 2041 ἐκεῖ
1627 1987 1918 2051 ἀνάστασίς

355 2075 530 2126 ἐστιν’
573 2074 661 2126 ἵνα
700 2074 838 2143 μετὰ
879 2077 1152 2148 Λαζάρου,
1185 2077 1278 2130 καὶ
1314 2077 1421 2130 τῶν
1453 2077 1624 2147 ὄχλων
1667 2079 1762 2131 καὶ
1809 2077 1917 2131 τῶν

356 2161 614 2232 μαθητῶν
662 2163 847 2226 αὑτοῦ,
887 2165 1024 2234 μετὰ
1061 2166 1265 2235 νηπίων
1300 2166 1389 2220 καί¹
1435 2166 1792 2236 θηλαζόντων,
1826 2166 1918 2220 καὶ

356 2253 493 2323 μετὰ
508 2253 613 2307 τῶν
630 2255 796 2322 ἁγίων
813 2256 1054 2324 ἀγγέλων
1074 2257 1360 2327 κράξωμεν
1379 2256 1605 2326 βοῶντες
1620 2274 1634 2289 ο
1663 2257 1920 2312 Ὡσαννὰ

348 2343 423 2398 ἐν
453 2345 576 2410 τοῖς
610 2347 892 2413 ὑψίστοις
913 2362 924 2374 ·
955 2346 1373 2416 Εὐλογημένος
1419 2350 1451 2400 ὀ
1491 2349 1810 2416 ἐρχόμενος
1849 2351 1918 2402 ἐν

353 2434 594 2503 ὀνόματι
623 2437 870 2503 Κυρίου·
900 2437 1130 2508 Χριστὸς
1152 2437 1352 2508 Κύριος
1391 2438 1483 2490 καὶ
1517 2440 1544 2491 ὁ
1574 2438 1704 2502 Θεὸς
1735 2440 1912 2510 ἡμῶν,

353 2525 700 2589 ὀβασιλεὺς
735 2526 852 2579 τῶν
882 2526 1126 2581 αἰώνων.
1155 2527 1311 2597 Αὑτῴ
1338 2526 1484 2594 δόξα,
1519 2528 1676 2598 τιμὴ,
1717 2531 1915 2600 κράτος

2021 1901 2181 1964 bitat,
2219 1901 2292 1956 ibi
2321 1903 2653 1956 resurrectio
2683 1911 2768 1956 est
2797 1919 2809 1955 :
2845 1908 2904 1953 ut
2928 1915 3051 1954 cum
3085 1899 3291 1952 Lazaro
3323 1906 3376 1952 et
3405 1898 3582 1954 turbis

2021 2005 2086 2044 ac
2124 1989 2410 2060 discipulis
2457 1991 2597 2059 ejus,
2645 2006 2878 2060 cumque
2920 1990 3218 2044 infantibus
3263 2003 3327 2042 ac
3381 1987 3583 2057 angelis

2022 2083 2228 2137 sanctis
2261 2083 2558 2138 clamemus
2586 2082 2829 2136 dicentes
2857 2101 2869 2135 :
2899 2081 3152 2136 Hosunna
3187 2082 3240 2133 in
3268 2080 3582 2133 altissimis:

2022 2171 2329 2225 Benedictus
2371 2174 2461 2241 qui
2504 2175 2634 2227 venit
2677 2175 2730 2227 in
2774 2174 2978 2226 nomine
3027 2172 3240 2226 Domini
3279 2187 3291 2226 :
3330 2169 3585 2226 Christus

2024 2260 2286 2318 Dominus
2329 2271 2384 2317 et
2431 2263 2572 2320 Deus
2617 2274 2831 2330 noster,
2879 2278 2970 2317 rea:
3035 2263 3436 2317 macularum“.
3474 2261 3584 2330 Ipsi

2023 2354 2215 2424 gloria,
2248 2357 2442 2423 honor,
2486 2366 2726 2427 potestas
2770 2364 2824 2411 et
2867 2356 3134 2419 adoratio,
3181 2370 3304 2409 cum
3336 2353 3496 2408 Patre
3528 2360 3585 2406 et

2027 2444 2234 2516 Spiritu
2282 2456 2494 2513 sancto,
2530 2465 2676 2504 nunc
2703 2457 2758 2504 et
2803 2464 3039 2520 semper,
3067 2456 3120 2503 et
3157 2447 3212 2500 in
3249 2446 3447 2501 saecula
3483 2459 3586 2500 sa:-

2020 2539 2288 2595 culorum.
2321 2540 2515 2596 Amen.

353 2618 448 2671 καί
479 2618 864 2689 προσκύνησις,
905 2620 1019 2690 ᾶμα
1059 2621 1136 2691 τῷ
1169 2620 1342 2692 Πατρὶ
1380 2619 1476 2674 καὶ
1501 2619 1580 2692 τῷ
1613 2621 1752 2693 ἁγίῳ
1783 2624 2081 2698 Πνεῦματι,
2119 2633 2215 2688 νῦν
2246 2635 2340 2690 καὶ
2370 2635 2477 2700 ἀεὶ,
2517 2634 2611 2688 καὶ
2677 2636 2756 2698 εἰς
2787 2635 2911 2698 τοὺς
2941 2632 3139 2697 αἰῶνας
3173 2632 3283 2687 τῶν
3352 2628 3582 2687 αἰώνων.

367 2711 558 2780 Ἀμήν.

428 2906 475 2939 ⁸⁸
510 2904 554 2959 ll
584 2906 713 2962 Cor.
745 2919 817 2973 ι,
850 2907 904 2964 5.
979 2909 1001 2941 ⁸
1062 2909 1206 2964 Psal.
1239 2925 1360 2977 xei,
1395 2911 1484 2968 15.
1557 2911 1605 2945 ⁸⁸
1642 2909 1829 2967 Matth.
1861 2929 1916 2967 ιι

2024 2912 2114 2970 12.
2189 2915 2233 2947 ⁸⁸
2270 2915 2292 2969 Ι
2332 2915 2472 2973 Tim.
2508 2933 2548 2983 I,
2585 2917 2672 2972 I7.

373 3107 3575 3166 mm

1513 3309 1652 3350 ANNO
1684 3309 1870 3349 DOMINI
1908 3309 2410 3353 εοοιιν-οοοιιιιν.

460 3510 1400 3747 ιιιιιιιιιυι
1505 3459 2463 3888 Αιιιιιιιιι
2575 3526 3461 3760 ιιιδοθιυιδ

1623 4009 2309 4126 DIATRIBA
2365 3977 2376 4047 έ

1304 4252 1411 4314 DE
1454 4252 1702 4316 CAUSA
1750 4256 2160 4318 MARCELLI
2201 4258 2612 4321 ANCYRANI

1358 4414 1741 4478 (Mnmwcox..
1778 4415 2000 4469 Bibliotlt.
2021 4431 2143 4469 novo
2167 4421 2388 4482 Patrum,
2429 4421 2468 4483 Ι,
2489 4421 2577 4485 ιι.)

1429 4714 1824 4776 PROGIMIUM
1862 4719 1951 4776 ET
1997 4719 2246 4778 DIVISIO
2282 4718 2546 4781 OPERIS.

423 4863 497 4918 De
526 4861 766 4917 Marcelli
791 4862 1066 4936 Ancyrani
1090 4861 1363 4926 doctrina,
1393 4865 1495 4919 etsi
1527 4864 1594 4918 ab
1619 4865 1737 4936 ipso
1765 4867 2006 4924 Marcelli
2043 4884 2160 4923 aevo
2187 4866 2255 4921 ad
2289 4867 2393 4924 hoc
2426 4882 2600 4938 usque
2635 4873 2851 4939 tempus
2873 4867 2940 4922 ab
2979 4868 3286 4941 insignibus
3317 4871 3449 4927 viris
3471 4872 3584 4931 dis-

351 4963 621 5030 ceptatum
660 4961 750 5022 sit,
802 4974 890 5014 res
928 4967 1108 5015 tamen
1151 4960 1328 5014 adhuc
1359 4959 1412 5014 in
1445 4962 1667 5029 ancipiti
1693 4974 1872 5017 manet
1913 4982 1926 5018 :
1961 4965 2050 5017 alii
2079 4980 2316 5034 namque
2362 4965 2515 5018 illum
2553 4973 2826 5020 temerata:
2873 4965 2991 5019 ﬁdei
3038 4982 3188 5021 reum
3230 4977 3432 5037 agunt,
3489 4971 3581 5024 alii

355 5067 410 5108 ut
433 5065 589 5112 recta:
618 5055 740 5109 ﬁdei
774 5053 1045 5109 vindicem
1077 5054 1524 5133 defendunt,alii
1554 5059 1873 5127 qumstionis
1903 5058 2224 5114 difﬁcultate
2264 5059 2534 5123 deterriti,
2566 5039 2917 5114 non-audent
2957 5060 3013 5114 in
3061 5063 3327 5117 utramvis
3374 5071 3581 5132 partem

351 5150 495 5206 ferre
521 5151 807 5218 judicium.
838 5150 918 5204 Ad
941 5159 1257 5220 postremos
1279 5160 1459 5207 autem
1503 5153 1884 5206 incunctanter
1917 5155 2256 5221 accederem,
2278 5157 2384 5210 nisi
2415 5172 2479 5210 ex
2512 5171 2596 5218 eo,
2635 5155 2780 5225 quod
2829 5156 2942 5225 jam
2996 5157 3227 5227 primum
3254 5159 3579 5228 publicatur,

351 5244 620 5311 opusculo
653 5260 792 5297 nova
827 5243 1192 5300 Marcellianis
1210 5247 1382 5323 rebus
1409 5246 1497 5300 lux
1536 5247 1796 5300 oriretur.
1832 5245 2004 5316 Hujus
2035 5235 2508 5303 adminiculo'non
2545 5250 2662 5304 sine
2693 5264 2788 5318 spe
2819 5249 3138 5312 enodandae,
3179 5253 3232 5304 in
3269 5251 3452 5304 multis
3473 5251 3582 5304 sal-

351 5341 483 5395 tem,
517 5335 598 5410 rei.
624 5335 893 5390 hactenus
929 5335 1197 5405 perplexae
1226 5345 1280 5389 et
1307 5337 1596 5401 intricatae,
1633 5334 1757 5388 huic
1787 5333 2041 5390 Diatriba:
2065 5353 2286 5390 manum
2321 5337 2696 5400 admovemus,
2724 5344 3002 5406 totamque
3031 5338 3144 5392 haec
3173 5338 3226 5392 in
3260 5340 3440 5408 capita
3464 5338 3581 5392 dis-

351 5425 662 5480 tribuimus.
708 5425 870 5479 Praait
904 5427 1310 5495 compendiaria
1335 5429 1402 5484 de
1438 5429 1550 5481 vita
1589 5427 1827 5497 Marcelli
1854 5429 2132 5494 narratio;
2165 5429 2292 5483 hinc
2314 5429 2640 5499 exquiritur,
2666 5429 2756 5500 qui
2788 5429 2949 5484 fuerit
2980 5431 3068 5484 ille
3105 5429 3358 5486 Marcello
3381 5433 3582 5487 ascris-

353 5524 479 5588 ptus
505 5531 694 5582 error;
748 5526 861 5571 tum
889 5531 958 5570 an
991 5517 1044 5571 in
1078 5517 1198 5587 ejus
1245 5529 1438 5574 contra
1467 5521 1744 5575 Asterium
1778 5502 1920 5574 libro
1954 5520 2288 5589 deprehendi
2314 5522 2581 5589 potuerit;
2631 5521 2827 5577 deinde
2860 5537 2989 5577 num
3028 5537 3269 5577 errorem
3322 5524 3474 5578 illum
3523 5524 3582 5579 in

349 5609 588 5663 decursu
621 5609 744 5664 vita:
768 5609 936 5664 verbo
957 5610 1043 5663 vel
1071 5611 1278 5680 scripto
1301 5607 1620 5676 tradiderit;
1643 5613 1880 5681 itemque
1903 5627 1970 5666 an
2004 5611 2072 5666 ab
2087 5612 2387 5668 Athanasio
2409 5628 2438 5667 a
2453 5614 2844 5670 communione
2867 5622 3112 5669 remotus
3140 5613 3340 5682 luerit;
3360 5615 3579 5674 demum

349 5701 530 5770 igitur
559 5713 626 5763 ae
657 5701 898 5758 Marcelli
926 5711 979 5758 et
999 5701 1255 5761 Ecclesia:
1285 5702 1588 5772 Aucyranae
1613 5702 1682 5758 ad
1711 5701 2070 5760 Athanasium
2102 5703 2391 5770 legatione,
2427 5718 2780 5768 quamnunc
2815 5705 3046 5767 primum
3083 5705 3318 5764 edimus.
