4116 6332
628 259 765 315 1‘179
1255 315 1260 318 .

1135 377 1365 433 CAPUT
1401 380 1691 440 PRIMUM.

772 525 1170 568 COIPENDIARIA
1201 532 1266 569 DE
1299 535 1422 571 VlTA
1461 535 1727 575 MARCELLI
1757 539 2047 579 NARRATIO.

698 639 802 705 Qui
834 655 980 694 anno
1009 643 1114 696 574
1151 645 1342 700 saltem
1373 651 1723 705 centenarius
1753 667 1784 706 e
1815 653 1957 709 vivis
1999 669 2208 715 excess

627 731 720 794 sit,
753 732 1065 799 Marcellus,
1095 752 1238 790 anno
1263 739 1484 794 circiter
1515 741 1642 803 274,
1681 745 1979 799 Aureliano
2014 761 2193 801 rerum

629 822 890 890 potiente,
937 835 1101 880 natus
1138 835 1209 881 srt
1241 837 1477 897 Oportet,
1515 833 1704 888 eodem
1739 832 1909 889 ferme
1952 843 2196 905 tempore

629 931 736 984 quo
770 914 974 971 Paulus
1025 917 1444 984 Samosatenus,
1497 923 1934 991 cujushzeresin
1984 935 2197 981 restau-

627 1023 782 1063 rasse
815 1008 990 1064 fertur
1017 1010 1327 1076 Marcellus,
1353 1013 1693 1069 Antiochena
1725 1017 1852 1071 sede
1877 1020 2068 1087 pulsus
2088 1027 2192 1076 est.

626 1098 765 1152 Ante
796 1114 1000 1154 annum
1016 1102 1119 1155 5M
1141 1102 1194 1154 in
1217 1093 1566 1173 Ancyranum
1587 1105 1900 1176 episcopum
1929 1107 2192 1174 adlectus,

625 1191 930 1261 Ancyranae
955 1192 1167 1262 synodo
1194 1194 1384 1248 eodem
1417 1211 1562 1250 anno
1595 1198 1884 1256 celebrata
1917 1200 2192 1258 interfuit.

626 1279 763 1334 Hinc
789 1281 844 1334 in
875 1280 1093 1337 Nicazna
1129 1285 1340 1353 synodo
1370 1285 1423 1339 in
1446 1287 1635 1340 Arium
1665 1290 2198 1347 etasseclasacriter

625 1373 894 1437 invectus,
936 1390 1125 1429 eorum
1161 1376 1215 1429 in
1257 1393 1317 1432 se
1364 1378 1720 1435 inflammavit
1768 1381 1915 1436 odia.
1948 1382 2196 1437 Excitata

624 1480 752 1520 vero
788 1467 1060 1522 dissensio
1090 1469 1144 1522 in
1169 1478 1415 1539 apertqu
1444 1471 1644 1525 bellum
1675 1474 1880 1540 erupit,
1899 1489 2021 1528 cum
2041 1476 2197 1529 Aste-

625 1559 709 1614 rio
737 1560 981 1628 sophista
1012 1562 1343 1616 Arianorum
1376 1562 1594 1618 vindice
1626 1563 1680 1617 in
1709 1564 1858 1619 edito
1875 1565 1942 1619 ab
1972 1582 2029 1621 se
2055 1567 2196 1620 libre

623 1652 947 1706 catholicam
967 1653 1120 1707 fidem
1135 1666 1501 1724 Oppugnante,
1520 1655 1807 1711 Marcellus
1820 1658 2016 1728 insigni
2033 1673 2197 1728 opere

1886 273 1974 328 DE
2021 273 2175 328 VlTA
2215 273 2302 330 ET
2338 275 2646 330 SCRIPTIS

2231 401 2274 456 Α
2305 390 2466 446 nibus
2499 389 2802 446 secundum
2835 385 3143 442 narreticam
3170 388 3488 442 sententiam
3513 390 3800 460 explicaret;

3694 275 3801 334 19.30

2299 484 2414 537 sive
2443 485 2572 552 quia
2606 482 2873 536 Photinus
2903 481 3023 549 ejus
3046 480 3352 551 discipulus
3378 495 3554 550 parem
3597 483 3802 551 impieta-

2299 580 2428 638 tem,
2459 573 2570 628 imo
2617 571 2949 643 graviorem,
2992 571 3169 641 palam
3196 578 3249 624 et
3285 571 3340 624 in
3372 571 3600 624 Ecclesia
3636 574 3802 642 deprae-

2296 661 2523 726 dicaret,
2557 678 2663 732 qua
2689 662 2755 716 de
2779 677 2946 716 causa
2977 677 3074 715 nec
3098 660 3188 714 diu
3230 671 3417 730 postea
3443 663 3706 718 damnatus
3730 666 3802 720 de-

2297 756 2620 823 positusque
2672 762 2793 819 est;
2844 754 2973 806 hinc
3031 751 3272 806 Marcelli
3323 752 3461 805 fama
3506 753 3556 806 in
3609 753 3803 816 deterius

2295 861 2449 899 versa
2470 864 2482 898 :
2505 846 2786 899 crescebat
2801 845 2856 897 in
2873 844 2990 898 dies
3005 843 3265 912 suspicio,
3287 844 3440 896 multi
3457 842 3800 900 Catholicorum

2298 939 2471 1007 palam
2515 938 2808 999 hominem,
2845 945 2904 990 ut
2944 935 3180 991 Sabellio
3207 935 3445 999 affinem,
3479 936 3800 995 damnabant:

2297 1044 2497 1098 resque
2530 1029 2623 1081 illo
2650 1028 2882 1082 deducta
2915 1037 3020 1093 est,
3047 1027 3288 1081 utetiam
3307 1026 3802 1098 Athanasio,quicum

2297 1120 2402 1190 ipsi
2435 1120 2698 1174 hactenus
2733 1119 3087 1174 necessitudo
3124 1128 3177 1172 et
3220 1117 3560 1172 familiaritas
3589 1121 3804 1176 interces-

2299 1220 2469 1272 serat,
2497 1221 2787 1279 suspectus
2817 1225 2938 1265 esse
2981 1209 3229 1280 cmperit.
3273 1207 3456 1278 Neque
3483 1218 3666 1272 tamen,
3701 1229 3805 1265 nar-
3879 1233 3882 1237 ι

2294 1303 2545 1357 rantibus
2577 1302 2700 1355 licet
2727 1301 2934 1354 Hilario
2954 1310 3007 1356 et
3046 1298 3291 1368 Sulpicio
3336 1298 3548 1364 Severo,
3579 1301 3639 1354 ab
3675 1302 3806 1355 Atha-

2297 1393 2452 1447 nasio
2483 1402 2615 1447 tunc
2661 1391 2973 1455 damnatus,
3025 1399 3078 1446 et
3114 1406 3143 1443 a
3182 1390 3565 1445 communione
3607 1402 3805 1447 remotus

2297 1484 2421 1545 luit,
2450 1493 2509 1538 ut
2547 1498 2669 1536 mox
2699 1481 3244 1538 commonstrabitur.
3268 1479 3556 1534 Postremis
3573 1481 3805 1535 Athanasii

2293 1575 2420 1630 vita:
2469 1575 2630 1628 annis
2681 1589 2821 1628 nova
2874 1574 3233 1643 omniumque
3273 1572 3411 1626 forte
3453 1573 3734 1641 gravissima
3762 1576 3804 1629 in

2297 1663 2608 1718 Marcellum
2647 1670 2946 1732 tempestas
2974 1662 3245 1718 excitatur
3284 1679 3298 1714 :
3339 1677 3459 1716 cum
3497 1661 3703 1717 Basilius
3732 1663 3802 1716 ille

624 1744 898 1798 Asterium
937 1744 1184 1808 adortus,
1221 1745 1549 1802 Arianorum
1591 1749 1954 1820 primipilares
2001 1765 2194 1805 omnes
2227 1736 2268 1792 Β
2296 1754 2524 1826 Magnus
2553 1765 2608 1809 et
2631 1755 2721 1808 alii
2756 1755 2892 1808 bene
2920 1755 3076 1808 multi
3107 1753 3285 1808 coorti
3313 1761 3459 1817 sunt,
3482 1762 3530 1808 et
3545 1755 3695 1807 virum
3720 1754 3798 1806 im-

623 1835 940 1903 exagitavit.
973 1835 1098 1891 Haec
1123 1838 1388 1908 princeps
1419 1855 1584 1894 causa
1615 1840 1844 1904 irarum,
1865 1839 1917 1893 hi
1945 1841 2071 1896 εωνὶ
2104 1839 2195 1895 do-

630 1925 775 1980 lores
806 1926 1158 1992 Arianorum,
1191 1928 1286 1998 qui
1314 1929 1510 1984 exinde
1539 1930 1831 1986 classicum
1878 1931 1933 1984 in
1966 1930 2194 1986 Marcel-

624 2015 733 2070 lum
767 2026 1053 2079 canentes,
1085 2035 1208 2074 eum
1247 2028 1300 2074 et
1331 2020 1552 2089 scriptis
1579 2030 1633 2075 et
1664 2021 2032 2075 molirniuibus
2063 2029 2194 2076 sunt

625 2110 890 2180 aggressi.
945 2109 1224 2180 Siquidem
1279 2113 1608 2167 ulciscenda:
1650 2112 1864 2182 injuriae
1913 2113 2189 2183 cupidine.

623 2203 800 2269 primo
835 2199 1252 2273 Jerosolymam,
1289 2211 1425 2258 teste
1449 2203 1692 2267 Socrate,
1720 2204 2034 2258 Marcellum
2059 2220 2191 2259 evo-

625 2297 773 2351 cant,
811 2305 1032 2345 causam
1064 2292 1376 2358 dicturum;
1410 2292 1604 2347 deinde
1635 2309 1764 2348 vero
1807 2294 2192 2348 Constantino-

625 2381 771 2450 polin
816 2391 1128 2446 accersunt,
1191 2384 1631 2455 abnuentemque
1682 2386 1897 2453 ejurare
1938 2386 2203 2450 hteresin,

629 2487 791 2541 quam
823 2472 878 2526 in
904 2474 1042 2526 libro
1083 2474 1202 2543 ejus
1233 2474 1410 2551 efferri
1442 2477 1862 2538 contendebant,
1900 2479 2069 2548 gradu
2096 2480 2193 2533 de~

623 2563 839 2633 iiciunt,
869 2564 1080 2632 ipsique
1124 2563 1383 2618 Basilium
1414 2566 1890 2636 subrogantJlinc
1922 2567 2191 2623 Eusebius

623 2654 978 2710 Caesariensis
1026 2657 1241 2712 duobus
1291 2667 1482 2730 contra
1530 2659 1845 2714 Marcellum
1894 2662 2050 2716 libris
2092 2663 2191 2715 tri-

624 2747 834 2816 busque
857 2748 981 2804 aliis
1013 2749 1165 2802 vario
1192 2749 1351 2802 titulo
1381 2751 1711 2804 Arianorum
1735 2768 1821 2806 res
1850 2753 2144 2808 vindicavit
2174 2771 2188 2808 :

626 2849 792 2910 atque
817 2841 890 2893 ita
916 2841 1229 2915 gregalibus
1258 2841 1374 2897 suis
1407 2843 1589 2896 oblata
1615 2845 1845 2898 crimina
1871 2846 2100 2915 depulit,
2133 2854 2192 2901 ut

624 2947 684 2986 se
714 2930 830 3000 ipse
857 2911 1108 2999 proderet
1140 2932 1426 2988 Arianum.
1457 2932 1810 2990 Tumibidem
1843 2911 2032 2990 contra
2051 2936 2194 2990 Mar-

625 3024 821 3077 cellum
852 3039 964 3078 rem
1009 3032 1232 3080 strenue
1260 3026 1449 3094 gessit,
1488 3043 1648 3096 quem
1675 3029 1884 3082 violatae
1912 3043 2059 3084 sana:
2090 3030 2193 3084 do-

624 3115 816 3168 ctrina:
850 3128 1003 3168 reum
1040 3116 1150 3184 egit
1184 3133 1197 3170 :
1231 3130 1294 3169 ac
1325 3116 1612 3171 instaurati
1644 3117 1891 3171 l’auliani
1921 3129 1975 3173 et
2012 3117 2194 3173 Sabel-

624 3204 758 3258 liani
793 3205 999 3259 erroris
1027 3207 1326 3260 accusavit.
1361 3207 1474 3262 Hac
1502 3216 1683 3263 autem
1726 3209 1778 3262 in
1815 3225 1873 3264 re
1900 3225 2008 3264 non
2037 3226 2194 3282 pror-

626 3313 723 3352 sus
753 3297 992 3352 infausto
1026 3304 1228 3352 conatu
1261 3298 1578 3354 Marcellum
1600 3301 1823 3356 adortus
1849 3313 1924 3356 est
1956 3321 1968 3355 :
2002 3301 2194 3357 exinde

629 3404 871 3458 namque
901 3405 1009 3443 non
1042 3390 1201 3443 modo
1231 3389 1448 3445 Arianis
1483 3393 1726 3456 invisus,
1769 3397 1862 3446 sed
1895 3395 2056 3448 etiam
2091 3395 2195 3448 Ca-

628 3478 956 3532 tholicorum
999 3479 1186 3534 multis
1221 3491 1511 3550 suspectus
1540 3498 1662 3536 esse
1691 3483 1875 3552 cmpit.

701 3569 816 3626 Sub
846 3571 962 3625 haec
990 3570 1249 3627 defuncto
1277 3572 1660 3639 Constantino,
1687 3590 1810 3628 cum
1845 3576 1966 3630 aliis
1994 3577 2194 3630 exsuli-

630 3662 734 3717 bus
761 3661 1049 3717 Marcellus
1074 3663 1186 3717 sedi
1219 3666 1526 3732 restitutus,
1563 3682 1672 3720 non
1707 3668 1826 3722 sine
1869 3669 2102 3722 tumultu
2134 3684 2197 3723 ac

632 3753 876 3808 caedibus
923 3754 1104 3808 locum
1153 3755 1389 3823 repetiit.
1446 3756 1556 3812 Nec
1596 3758 1688 3812 diu
1734 3767 1921 3828 postea
1961 3762 2196 3815 extorris

631 3847 810 3898 denuo
844 3843 1041 3912 factus,
1087 3847 1153 3901 ad
1188 3845 1391 3901 Iulium
1432 3863 1624 3918 papam
1672 3859 1948 3920 receptum
1986 3852 2194 3905 habuit.

633 3937 708 3990 lbi
739 3936 908 3991 fidens
940 3937 1280 3994 adversarios
1311 3947 1571 4009 provocat
1609 3941 1674 3994 ad
1719 3940 2008 4010 judicium,
2053 3942 2197 3999 Julio

634 4027 755 4081 fidei
787 4043 899 4082 sum
930 4029 1215 4083 formulam
1244 4030 1421 4096 offert,
1455 4033 1623 4096 nullo,
1651 4043 1709 4086 ut
1731 4036 1950 4102 planum
1971 4045 2074 4100 cst,
2110 4037 2196 4090 vi-

632 4121 710 4174 tio
743 4121 1076 4174 laborantem
1113 4141 1125 4175 :
1166 4137 1323 4202 suum
1364 4130 1555 4177 contra
1574 4124 2068 4182 Asteriumlibrum
2103 4129 2200 4184 de-

631 4209 826 4275 fendit,
863 4218 1088 4266 truncas
1128 4213 1430 4268 sententias
1479 4214 1548 4267 ab
1600 4213 1925 4270 Eusebianis
1970 4234 2196 4286 pravum

633 4301 690 4354 in
717 4316 936 4354 sensum
952 4301 1217 4365 detortas,
1237 4301 1597 4356 adulteratam
1615 4305 1903 4359 verborum
1925 4307 2123 4362 seriem
2141 4311 2194 4362 in

2294 1846 2514 1915 pietatis
2547 1861 2714 1900 causa
2754 1844 3125 1899 damnandum
3171 1843 3473 1912 praedicant
3500 1863 3512 1898 :
3538 1853 3639 1898 tum
3668 1844 3801 1896 Atha-

2292 1939 2450 1994 nasio
2481 1947 2736 1992 auctores
2767 1945 2916 2002 sunt,
2949 1947 3006 1991 ut
3052 1938 3332 1992 hominem
3377 1953 3406 1990 a
3449 1937 3688 1991 catholica
3721 1937 3802 1992 title

2292 2031 2526 2086 alienum
2562 2031 2630 2086 ab
2674 2031 2927 2085 Ecclesia:
2969 2031 3361 2084 communione
3389 2030 3627 2100 depellat.
3655 2028 3802 2083 Sensit

2295 2122 2584 2177 Marcellus
2621 2124 2704 2176 vir
2752 2121 3153 2176 annosissimus
3208 2129 3265 2177 et
3319 2137 3456 2191 pene
3491 2121 3798 2181 centenarius.

2289 2211 2399 2280 jam
2437 2213 2741 2281 proximum
2775 2227 2897 2266 esse
2919 2219 2977 2264 ut
3002 2210 3344 2267 Athanasius
3374 2213 3482 2273 ille,
3500 2213 3616 2264 olim
3635 2211 3800 2265 amicus

2292 2311 2344 2356 et
2385 2301 2729 2356 fortunarum
2771 2318 3022 2369 consors,
3088 2305 3424 2357 sententiain
3470 2303 3720 2358 adversum
3755 2317 3801 2358 se

2292 2394 2519 2458 diceret,
2551 2402 2606 2448 et
2639 2410 2762 2447 cum
2795 2395 2906 2462 jam
2948 2394 3254 2462 periculum
3283 2393 3693 2464 portenderetur,
3730 2391 3794 2446 sui

2291 2494 2344 2542 et
2365 2491 2530 2542 totius
2562 2487 2866 2557 Ancyrante
2899 2486 3155 2541 Ecclesia
3172 2489 3397 2540 nomine
3415 2486 3684 2556 Eugenium
3705 2485 3794 2537 dia-

2291 2595 2487 2634 conum
2543 2579 2792 2648 aliosque
2851 2579 2918 2633 ad
2969 2580 3335 2634 Athanasium
3387 2589 3619 2633 oratores
3655 2577 3794 2636 mittit,

2291 2671 2753 2726 commendatitiis
2797 2672 3185 2740 episcoporum
3245 2671 3467 2725 Gracche
3509 2677 3559 2724 et
3594 2666 3793 2722 Macedo-

2292 2759 2414 2821 niae,
2444 2759 2773 2828 quibuscum
2804 2761 2990 2829 pacem
3013 2768 3066 2814 et
3090 2761 3410 2816 societatem
3457 2757 3793 2839 fovebatAthao

2292 2851 2502 2916 nasius,
2540 2850 2739 2904 litteris
2780 2851 3080 2905 instructos
3115 2852 3259 2920 :"qui
3311 2851 3532 2905 recitata
3574 2847 3672 2903 fidei
3706 2860 3791 2900 sua:

2293 2939 2552 3004 formula,
2590 2940 2796 2995 erroris
2835 2941 2902 2994 ab
2933 2957 2991 2997 se
3032 2949 3087 2996 et
3132 2957 3318 3012 pravae
3368 2941 3622 3011 Opinionis
3653 2933 3791 3004 suspi-

2293 3027 2505 3081 cionem
2538 3026 2876 3082 dimoverent
2914 3045 2927 3080 :
2960 3027 3090 3094 quia
3118 3043 3254 3082 vero
3295 3029 3407 3082 haac
3441 3025 3552 3080 fidei
3581 3019 3792 3094 professio

2294 3117 2349 3170 in
2377 3118 2632 3171 omnibus
2668 3118 2784 3171 suis
2817 3118 3061 3186 partibus
3089 3119 3360 3175 catholica
3390 3130 3491 3180 est,
3535 3116 3791 3183 ascrlplam-

2295 3224 2403 3280 que
2436 3207 2693 3262 Marcello
2729 3209 2956 3262 lizeresin
2992 3212 3344 3264 anathemate
3381 3211 3518 3274 ferit,
3567 3207 3625 3259 ab
3663 3203 3791 3256 Atha-

2294 3301 2451 3356 nasio
2508 3309 2562 3355 et
2610 3300 2881 3371 [Egyptiis
2928 3302 3200 3372 episc0pis
3251 3303 3509 3368 admissa,
3553 3309 3790 3363 eorumque

2295 3389 2567 3460 suffragiis
2600 3390 2807 3442 monita
2841 3398 2943 3444 est.
2979 3389 3405 3446 llallucinantur
3435 3406 3557 3460 ergo
3579 3388 3652 3456 qui
3679 3383 3789 3436 Mar-

2294 3482 2490 3536 cellum
2547 3490 2738 3551 putant
2795 3481 2864 3534 ab
2915 3479 3216 3536 Athanasio
3271 3482 3456 3537 Basilii
3507 3476 3791 3547 instigatione

2294 3574 2634 3635 damnatum,
2661 3590 2691 3628 e
2723 3588 2954 3642 quorum
2989 3589 3218 3628 numero
3255 3573 3630 3629 Tillemontius.
3667 3565 3788 3623 Nam.

2295 3675 2355 3720 ut
2383 3668 2438 3718 in
2469 3666 2569 3717 hoc
2602 3665 2820 3734 egregio
2845 3667 3112 3734 opusculo
3145 3663 3354 3727 videas,
3388 3660 3702 3719 Athanasius,
3719 3652 3788 3722 qui

2297 3757 2554 3812 Ecclesia:
2589 3757 2892 3828 Ancyrauaa
2925 3757 3236 3811 oratoribus
3264 3757 3533 3828 postulata
3569 3745 3790 3805 concedit.

2296 3864 2595 3918 eorumque
2627 3849 2746 3903 fidei
2767 3849 2902 3902 form
2913 3849 3013 3903 ulre
3029 3849 3380 3917 astipulatur,
3407 3848 3558 3903 etiam
3575 3849 3787 3906 eas,qua:'

2297 3946 2579 4006 expetunt,
2603 3939 3076 3992 commendatitias
3112 3940 3327 3994 litteras
3381 3935 3515 3990 haud
3552 3931 3691 3986 dubie
3720 3925 3791 3977 de-

2297 4029 2438 4083 derit
2476 4044 2701 4084 necesse
2729 4036 2830 4084 est.
2863 4027 2976 4083 Sub
3007 4030 3119 4082 ha’c
3159 4038 3340 4084 autem
3379 4028 3514 4082 diem
3548 4022 3663 4077 obiit
3684 4016 3788 4070 Mar.

2297 4121 2488 4182 celius,
2519 4121 2678 4175 annis
2699 4120 2916 4174 circiter
2946 4119 3163 4176 duobus
3197 4128 3484 4189 antequam
3514 4105 3788 4184 Epiphallius

2297 4212 2365 4266 de
2393 4211 2759 4266 Marcellianis
2795 4212 2847 4264 in
2890 4210 3130 4264 Panario
3170 4213 3448 4272 scriberet,
3482 4205 3664 4261 scilicet
3680 4208 3788 4250 anno

2299 4301 2526 4355 circiter
2543 4301 2668 4355 574.
2689 4300 2846 4366 Nam,
2872 4316 2994 4354 cum
3020 4300 3356 4370 Epiphanius
3383 4296 3645 4352 Panarium
3665 4297 3786 4342 suum

631 4394 876 4447 Romana
903 4394 972 4448 50
999 4393 1382 4464 episcoporum
1428 4395 1637 4465 synodo
1671 4397 2014 4466 comprobat,
2051 4397 2196 4452 dicta
2227 4402 2273 4461 ι)
2299 4392 2370 4446 sit
2399 4407 2561 4446 orsus
2583 4404 2726 4445 anno
2757 4392 2880 4458 575,
2910 4400 2970 4446 ut
3001 4394 3326 4448 testificatur
3352 4393 3482 4463 ipse,
3515 4396 3561 4440 et
3581 4396 3700 4437 anno
3723 4391 3788 4429 sc-

629 4493 816 4539 tuetur
857 4495 905 4540 et
942 4486 1181 4554 explicat
1216 4504 1227 4539 :
1261 4485 1587 4555 demumque
1626 4487 1693 4540 ab
1721 4485 1865 4542 Julio
1899 4499 1953 4544 et
1983 4490 2198 4558 episco-

630 4576 716 4646 pis
747 4576 814 4630 ad
843 4578 1284 4632 communionem
1318 4584 1374 4630 ut
1406 4577 1660 4633 innoxius
1705 4578 2014 4633 admittitur
2054 4595 2198 4634 anno

632 4671 756 4726 342.
785 4672 1002 4726 Arianis
1043 4685 1172 4726 vero
1207 4685 1315 4724 non
1360 4670 1791 4739 quiescentibus,
1836 4671 2195 4726 detrectanti-

631 4765 843 4835 busque
882 4763 1188 4818 Romanum
1239 4762 1540 4832 judicium,
1582 4779 1764 4833 parem
1801 4765 2060 4820 sub'haac
2091 4764 2201 4820 for-

633 4863 820 4910 tunam
851 4865 1106 4925 expertus
1136 4862 1220 4910 est
1265 4857 1320 4909 in
1363 4853 1673 4909 Sardicensi
1709 4856 1918 4926 synodo
1959 4871 2206 4913 (ecume-

632 4950 755 5003 nica
791 4967 803 5001 :
840 4947 930 5001 ubi
965 4956 1251 5017 postquam
1286 4962 1508 5000 causam
1525 4947 1757 5010 dixerat,
1778 4950 2196 5019 purgatusipse,

630 5040 816 5094 Ariani
863 5040 1123 5109 praesules
1168 5039 1412 5092 damnati
1458 5039 1912 5109 anathemateque
1950 5042 2200 5109 percussi

633 5140 778 5188 sunt.
808 5130 927 5184 Jam
958 5146 1126 5200 prona
1157 5129 1410 5184 Marcello
1443 5130 1624 5184 omnia
1647 5140 1805 5184 erant
1838 5150 1849 5184 :
1881 5139 1935 5185 et
1972 5139 2096 5201 post
2124 5133 2203 5186 di—

629 5232 775 5280 ctam
796 5223 1092 5277 secundum
1112 5223 1287 5291 ipsum
1311 5220 1526 5275 duabus
1545 5223 1597 5274 in
1613 5222 1834 5292 synodis
1851 5224 2196 5287 sententiam,

632 5333 758 5389 spes
782 5317 1200 5372 videbaturesse
1221 5316 1490 5370 neminem
1508 5315 1912 5369 Catholicorum
1937 5331 2199 5371 ausurum

640 5411 784 5462 ultra
819 5408 885 5464 de
903 5410 1114 5463 sincera
1140 5408 1260 5478 ejus
1279 5406 1379 5462 fide
1403 5407 1671 5462 dubitare.
1708 5405 1900 5461 Verum
1927 5423 2087 5463 secus
2114 5423 2201 5462 res

634 5501 800 5554 cessit
837 5517 850 5553 :
881 5515 1002 5553 nam
1033 5503 1148 5555 sive
1182 5500 1310 5570 quia
1340 5498 1652 5561 Marcellus,
1698 5515 1818 5570 qua:
1850 5501 1901 5552 in
1934 5501 2071 5554 libro
2099 5515 2202 5556 suo

635 5591 711 5647 ita
742 5590 1106 5661 adtemperate
1124 5591 1406 5646 enuntiata
1423 5597 1579 5645 erant
1604 5599 1660 5642 ut
1684 5599 1909 5659 possent
1928 5588 1980 5642 in
2001 5588 2199 5643 bonam

636 5681 902 5738 Inalamve
933 5691 1140 5747 partem
1176 5682 1410 5748 deflecti,
1448 5683 1500 5736 in
1536 5681 1872 5752 quotidianis
1913 5681 2202 5737 fabulatio-

2297 4493 2498 4555 quente
2531 4483 2633 4538 576
2661 4483 2729 4537 ad
2757 4483 3173 4539 Manichaeorum
3191 4482 3661 4552 haaresin'(numero
3678 4465 3787 4534 tm)

2298 4578 2600 4641 devenerit,
2646 4589 2699 4631 ut
2734 4578 2933 4633 ibidem
2969 4579 3124 4648 legis,
3162 4577 3351 4632 eodem
3387 4589 3520 4630 anno
3545 4561 3790 4624 Marcellia-

2300 4685 2496 4724 norum
2524 4671 2754 4726 haeresi"
2779 4668 3028 4740 (numero
3067 4672 3235 4738 Lxxn)
3281 4668 3556 4737 scripsisse
3599 4656 3786 4712 videtur.

2302 4763 2394 4816 ubi
2429 4771 2616 4816 narrat
2648 4777 2677 4815 a
2707 4762 2923 4816 duobus
2957 4763 3183 4816 circiter
3214 4762 3373 4815 annis
3403 4758 3590 4812 obiisse
3605 4741 3787 4803 Marcel-

2301 4855 2433 4908 lum.
2467 4853 2596 4907 Erat
2627 4870 2788 4924 porro
2821 4863 2932 4908 tum
2967 4853 3277 4920 Marcellus,
3314 4861 3371 4907 ut
3410 4849 3621 4906 videtur,
3647 4844 3789 4892 center

2299 4947 2456 5002 nario
2482 4947 2675 5016 major,
2715 4955 2898 5016 utpote
2918 4946 3008 5016 qui
3045 4946 3154 5016 jam
3176 4962 3320 4999 anno
3336 4943 3433 4999 556
3454 4937 3785 5027 senex,cat_iu5.

2300 5051 2354 5096 et
2387 5042 2440 5094 in
2473 5042 2787 5109 episcopatu
2820 5038 3179 5092 consenuisse.
3228 5038 3436 5093 dicatur
3476 5032 3539 5084 ab
3576 5020 3783 5117 Eusebio.

2300 5133 2594 5202 itidemque
2625 5132 2692 5185 ab
2730 5131 3031 5184 Athanasio
3073 5151 3083 5184 :
3117 5147 3236 5200 qua:
3271 5132 3513 5200 frequens
3546 5116 3786 5176 senectutis

2298 5224 2550 5293 repetitio
2601 5222 2959 5290 sexagenario
3010 5222 3272 5290 majorem
3320 5227 3548 5292 Spectare
3585 5211 3780 5279 ιιιιιέιιιιτο

2299 5315 2429 5370 Post
2463 5315 2701 5369 Marcelli
2727 5316 3034 5379 decessum,
3070 5315 3322 5383 discipuli
3369 5312 3498 5380 ejus,
3538 5301 3782 5388 Ancyrflti”

2299 5407 2555 5462 Ecclesiae
2582 5407 2789 5470 clerici,
2830 5405 2894 5458 ad
2921 5407 3210 5476 episcopos
3245 5413 3297 5460 et
3329 5401 3638 5458 confessores
3685 5381 3780 5476 ὕφ’

2300 5513 2547 5554 cacsareae
2573 5505 2796 5567 agentes
2825 5497 3098 5561 adierunt,
3145 5497 3466 5568 prolatisque
3494 5467 3781 5569 commenti”

2301 5589 2436 5644 titiis
2465 5589 2770 5652 Athanasii,
2796 5605 2956 5659 quem
2978 5590 3366 5661 τρισμακάριον
3390 5584 3582 5640 vocant,
3603 5569 3773 5661 litteris.

2304 5679 2536 5749 dataque
2571 5680 2693 5737 fidei
2727 5655 2957 5738 formula
3001 5655 3128 5737 huic
3165 5655 3274 5737 non
3303 5669 3536 5735 absimili,
3575 5658 3650 5718 sed
3682 5655 3801 5706 me"
