4116 6332
372 291 502 346 1281

1599 287 2351 351 usuCELLtAnciuAuL

3474 305 3610 356 I28!

369 408 530 471 viori,
563 407 968 466 communionis
1002 409 1316 468 societatem
1357 413 1644 483 rogabant.
1692 429 1797 485 qua
1835 413 1935 468 im-
1965 403 2010 474 Α
2037 429 2100 467 ea:
2165 414 2426 467 diametro
2483 412 2776 480 oppositam
2837 413 2964 465 Aria
3023 413 3336 481 impietatem
3385 419 3609 472 extulit.

370 503 600 570 petrata,
640 507 1004 554 recesserunt.
1054 499 1390 572 Demumque
1437 502 1694 568 Basilius,
1743 505 1936 559 horum

366 592 615 662 exemplo
644 600 698 648 et
725 595 1056 650 auctoritate
1088 603 1292 659 motus,
1345 596 1473 652 licet
1497 612 1660 668 aegre,
1699 597 1937 653 Marcelli

366 683 571 738 clerum
605 691 659 738 et
700 683 814 752 ipse
842 686 1214 740 communioni
1254 701 1368 741 sua:
1414 688 1724 743 restituissa
1757 689 1939 743 credi-

365 781 476 828 tur.
509 773 585 828 Eu
614 776 801 844 paucis
847 783 1015 829 totam
1049 777 1114 832 de
1146 777 1399 832 Marcello
1441 779 1830 834 narrationem.
1877 779 1933 834 Si

364 865 498 934 quid
522 882 650 920 vero
688 879 883 934 praeter
925 870 1201 940 vulgar-em
1239 871 1576 925 eruditorum
1622 873 1932 942 opinionem

370 956 462 1011 hic
498 958 848 1013 enuntiatum
898 959 1300 1030 deprehendas,
1327 962 1378 1016 id
1410 965 1575 1018 certis
1603 963 1932 1020 testimoniis

366 1046 658 1112 asseritur,
688 1056 746 1102 ut
779 1049 832 1102 in
865 1051 1219 1120 sequentibus
1251 1051 1428 1120 palam
1456 1051 1584 1106 erit.

985 1161 1214 1217 CAPUT
1241 1162 1303 1217 II.

533 1291 621 1338 QUI
661 1293 860 1331 FUERIT
903 1294 1078 1333 EIIROR
1115 1294 1395 1334 MARCELLO
1438 1294 1748 1337 ASCIIIPTI'IS.

357 1383 400 1439 I.
433 1384 508 1458 pe
540 1387 784 1441 Marcelli
821 1390 1078 1442 sententia
1123 1393 1270 1444 varia
1317 1391 1622 1444 traduntur.
1679 1391 1742 1446 11.
1786 1393 1931 1458 Quid

431 1456 673 1531 Basilius
707 1459 774 1531 de
795 1458 1044 1531 Marcelli
1071 1477 1250 1515 errore
1277 1463 1442 1516 dicat.
1486 1461 1573 1514 III.
1620 1462 1762 1528 Quid
1793 1456 1925 1531 Epi-

423 1526 670 1595 pltanius.
709 1528 796 1582 IV.
840 1530 980 1595 Quid
1013 1530 1444 1595 Cltrqsostomus.
1471 1531 1532 1586 V.
1577 1526 1719 1597 Quid
1753 1526 1922 1588 Theo-

428 1598 643 1651 doretus
674 1639 686 1652 .
745 1598 831 1653 VI.
878 1601 1020 1666 Quid
1080 1600 1341 1656 Eusebius
1392 1601 1759 1660 Cwsariettsis.
1811 1603 1921 1660 VII.

429 1667 649 1721 Summa
681 1668 938 1724 doctrinw
972 1669 1359 1726 Marcellianw.

585 1781 625 1832 Ι.
650 1782 724 1832 De
752 1782 969 1832 Marcelli
995 1786 1242 1834 sententia
1265 1787 1388 1836 varia
1417 1788 1688 1836 traduntur.

422 1873 542 1930 Non
592 1891 822 1946 prorsus
859 1877 1178 1936 dillicultate
1203 1891 1378 1948 vacat,
1419 1899 1542 1954 qua:
1595 1884 1762 1940 fuerit
1806 1887 1919 1952 illa,

351 1967 420 2024 de
449 1985 556 2040 qua
585 1969 872 2028 Marcellus
914 1973 1297 2040 accusabatur,
1329 1976 1552 2032 haeresis
1585 1980 1720 2034 :etsi
1765 1995 1924 2035 nam-

357 2061 630 2132 queapud
689 2061 950 2118 Basiliam
1002 2075 1057 2120 et
1106 2065 1510 2123 Thcodoretum
1565 2069 1924 2127 Marcelliame

360 2155 646 2209 sententia:
682 2157 862 2225 capita
896 2173 1003 2211 non
1045 2159 1280 2215 obscure
1330 2161 1594 2229 ferantur,
1653 2163 1922 2221 Eusebius

355 2254 560 2309 tamen,
597 2248 689 2315 qui
719 2263 841 2301 cum
860 2250 1054 2318 aequali
1085 2265 1186 2305 suo
1213 2251 1577 2322 disceptabat,
1624 2257 1828 2326 quique
1855 2275 1920 2312 ex

351 2334 494 2390 libro
521 2335 758 2392 Marcelli
794 2338 1011 2420 singula
1035 2342 1324 2412 excerpsit,
1367 2359 1488 2414 qua:
1517 2347 1597 2400 vel
1651 2361 1917 2412 errorem,

351 2426 433 2480 vel
469 2427 672 2482 erroris
705 2431 941 2498 speciem
980 2430 1321 2500 praeferrent.
1348 2437 1401 2486 in
1437 2435 1766 2504 quibusdam
1808 2454 1917 2492 non

350 2515 426 2571 ita
485 2516 644 2574 facile
701 2535 827 2574 cum
857 2521 1060 2577 Basilio
1091 2531 1145 2579 et
1177 2523 1529 2582 Theodoreto
1572 2529 1916 2585 conciliatur.

349 2606 558 2663 Idcirco
587 2624 616 2664 e
642 2626 701 2664 re
737 2611 914 2666 visum
944 2623 1029 2668 est
1063 2613 1198 2681 fore,
1245 2624 1304 2669 ut
1357 2617 1536 2672 allatis
1579 2619 1632 2673 in
1676 2620 1915 2676 medium

349 2699 440 2764 iis,
482 2717 604 2770 quae
637 2702 704 2756 ab
751 2703 944 2758 iisdem
1005 2706 1366 2784 scriptoribus
1411 2707 1478 2763 de
1515 2709 1752 2765 Marcelli
1802 2714 1916 2782 opi-

349 2794 511 2848 nione
563 2803 877 2861 narrantur,
941 2813 1060 2866 qua:
1116 2814 1240 2854 vere
1282 2800 1446 2855 fuerit
1493 2804 1581 2856 illa
1629 2805 1918 2875 diligenter

345 2885 710 2939 excutiamus.

562 2987 622 3036 ll.
651 2989 774 3047 Quid
801 2990 1006 3040 Basilius
1026 2992 1088 3041 de
1115 2993 1329 3044 Marcelli
1359 3010 1528 3048 errore
1551 3001 1694 3052 dicat.

414 3070 651 3178 Basilius
685 3073 847 3178 igitur
891 3074 944 3178 in
988 3076 1146 3178 epist.
1178 3077 1266 3140 52,
1295 3095 1414 3147 qua:
1444 3092 1526 3137 est
1558 3086 1625 3138 ad
1662 3086 1909 3157 Magnum
1940 3117 1984 3178 ο

348 3159 736 3228 Athanasium,
772 3162 885 3218 haec
925 3165 1084 3219 habet
1131 3186 1144 3221 :
1209 3169 1570 3241 Ἐπιζητείται
1609 3176 1666 3230 δὲ
1703 3181 1920 3240 κάκεῖνο

350 3251 504 3323 παρά
553 3270 714 3307 τινων
758 3255 866 3307 τῶν
899 3256 1144 3311 ἐντεῦθεν
1169 3261 1480 3331 ἀναγκαίως
1513 3266 1587 3330 ὡς
1622 3273 1715 3324 καὶ
1741 3275 1922 3342 αὐτοῖς

354 3346 486 3416 ἡμῖν
509 3347 918 3414 καταφαίνεται,
948 3349 1008 3401 τὸ
1026 3350 1124 3420 τὴν
1149 3352 1464 3423 Μαρκέλλου
1491 3360 1700 3430 αἵρεσιν
1726 3366 1922 3432 αὐτοὺς

343 3435 420 3500 ὡς
472 3436 713 3508 χαλεπὴν
745 3439 837 3491 καὶ
871 3438 1158 3512 βλαϐερὰν,
1193 3443 1284 3496 καὶ
1327 3446 1426 3516 τῆς
1459 3448 1808 3526 ὑγιαινούσης
1840 3457 1923 3510 πί-

347 3546 525 3621 στεως
544 3529 835 3602 ἀλλοτρίως
873 3532 1122 3621 ἔχουσαν,
1156 3535 1516 3606 ὲξορίζεσθαι.
1560 3543 1713 3598 Ἐπεὶ
1758 3549 1919 3621 μέχρι

343 3620 438 3674 τοῦ
479 3619 572 3673 νῦν
617 3623 674 3674 ὲν
717 3623 880 3674 πᾶσιν
908 3617 988 3686 οἷς
1029 3626 1434 3683 ὲσπιστέλλουσι
1474 3617 1797 3702 γράμμασι,

345 3713 442 3781 μὲν
471 3713 783 3783 δυσώνυμον
809 3716 1024 3784 Ἀρειον
1056 3716 1166 3769 ἄνω
1193 3721 1286 3772 καὶ
1310 3721 1458 3774 κάτω
1490 3724 1916 3796 ἀναθεματίζον-

339 3821 429 3868 τες
455 3804 547 3856 καὶ
582 3804 690 3857 τῶν
739 3805 1070 3876 Ἐκκλησιῶν
1097 3807 1428 3878 ἐξορίζοντες
1457 3814 1515 3866 οὑ
1548 3814 1880 3875 διαλείπουσι
1901 3839 1916 3854 ο

344 3895 646 3967 Μαρκέλλῳ
674 3896 750 3959 δὲ,
789 3897 866 3966 τῷ
900 3897 1041 3950 κατὰ
1078 3899 1363 3972 διάμετρον
1397 3905 1588 3975 ἐκείνῳ
1650 3908 1749 3979 τὴν
1794 3912 1920 3964 ἀσέο

343 3986 491 4038 ὕειαν
535 3987 958 4058 ὲπιδειξαμένῳ,
986 3990 1078 4042 καὶ
1103 3993 1182 4054 είς
1218 3993 1384 4063 αὑτὴν
1416 3995 1513 4066 τὴν
1549 3995 1780 4068 ὓπαρξιν
1817 4004 1919 4073 τῆς

345 4075 438 4127 τοῦ
467 4077 803 4144 Μονογενοῦς
835 4078 1085 4148 θεότητος
1117 4082 1464 4153 ἀσεϐήσαντι,
1497 4087 1589 4138 καὶ
1613 4089 1798 4152 κακῶς
1821 4092 1916 4162 τὴν

341 4167 437 4221 τοῦ
461 4169 631 4238 Λόγου
650 4171 1016 4241 προσηγορίαν
1047 4172 1407 4244 ἐκδεξαμένῳ,
1433 4177 1687 4246 οὐδεμίαν
1714 4181 1916 4252 μέμψιν

338 4260 721 4327 ἐπενεγκόντες
759 4262 1036 4329 φαίνονται
1059 4280 1071 4293 ⁸
1105 4263 1162 4326 ὃς
1204 4264 1374 4332 Λόγον
1418 4267 1515 4337 μὲν
1543 4270 1790 4340 εἰρῆσθαι
1827 4273 1916 4326 τὸν

338 4349 613 4419 Μονογενῆ
636 4349 840 4415 δίδωσι,
870 4352 1010 4405 κατὰ
1064 4352 1250 4422 χρείαν
1274 4356 1365 4407 καὶ⁵
1399 4357 1490 4408 ἐπὶ
1525 4359 1716 4429 καιροῦ
1751 4378 1918 4434 προσ-

2045 515 2199 575 atque
2229 508 2280 560 in
2328 503 2796 578 ipsamIUnigeniti
2831 503 3046 557 deitatis
3069 507 3427 562 exsistentiam
3458 511 3613 578 impie

2039 599 2164 668 egit,
2238 598 2484 668 Verbique
2528 597 2929 667 appellationem
2985 597 3121 649 male
3175 600 3410 666 accepit,
3461 603 3609 656 nulla

2041 692 2376 744 accusatione
2427 691 2678 758 impetunt
2723 690 2860 758 :qui
2894 687 3223 758 Unigenitum
3268 691 3474 762 quidem
3503 696 3609 750 dici

2048 780 2268 835 Verbum
2289 780 2470 844 tradit,
2499 790 2753 851 quatenus
2784 779 2851 833 ad
2896 796 3045 833 nsunt
3079 789 3127 833 et
3157 782 3225 833 ad
3263 792 3458 850 tempus
3487 802 3608 855 pra-

2035 868 2136 934 dii,
2189 890 2250 926 ac
2282 889 2466 926 rursus
2521 871 2588 924 ad
2617 887 2731 925 eum
2779 886 2842 924 ea:
2883 887 2982 940 quo
3036 873 3229 938 prodiit
3281 877 3554 928 revertitur
3585 893 3606 931 :

2038 981 2199 1034 neque
2239 973 2358 1017 ante
2413 980 2715 1033 egressum,
2775 979 2908 1025 esse,
2967 979 3057 1015 nec
3108 973 3223 1031 post
3290 982 3600 1036 regressum,

2031 1057 2316 1111 subsistere
2355 1058 2450 1109 ait.
2481 1055 2646 1125 Cujus
2677 1056 2751 1108 rei
2794 1067 3157 1122 argumentum
3187 1067 3308 1110 sunt
3344 1059 3483 1127 apud
3508 1077 3604 1114 nos

2029 1148 2286 1206 reconditi
2343 1150 2535 1218 iniqua:
2587 1149 2734 1202 illius
2783 1148 3103 1220 Syngraplta:
3153 1149 3294 1205 libri.
3355 1152 3603 1206 Attamen

2028 1240 2169 1293 nunc
2197 1239 2498 1293 nullatenus
2548 1240 2842 1307 improbare
2880 1241 2976 1293 visi
3001 1250 3121 1294 sunt
3155 1256 3172 1292 :
3205 1243 3328 1310 quin
3353 1251 3399 1295 et
3427 1243 3479 1296 in
3508 1242 3603 1300 hoc

2028 1331 2300 1401 culpandi,
2335 1330 2470 1401 quod
2507 1348 2623 1384 eum
2659 1350 2689 1384 a
2719 1333 2974 1400 principio
3009 1348 3100 1399 per
3127 1333 3483 1400 ignorantiam
3522 1351 3604 1388 re-

2029 1426 2205 1478 ritatis
2259 1425 2325 1478 ad
2375 1425 2784 1480 ecclesiasticam
2833 1427 3246 1480 communionem
3294 1429 3600 1497 receperint.

2099 1519 2242 1572 Idem
2293 1517 2528 1573 Basilius
2573 1519 2732 1588 epist.
2769 1519 2858 1584 74,
2891 1519 2954 1572 ad
2994 1519 3355 1583 Eustathium,
3395 1519 3603 1592 Apolli-

2025 1611 2239 1664 narium
2280 1620 2331 1664 et
2362 1607 2674 1674 Paulinum,
2721 1611 2832 1666 hanc
2864 1611 3063 1666 habet:
3111 1613 3166 1665 Ὀ
3197 1613 3376 1682 μέντοι
3399 1611 3602 1664 nauu-

2025 1718 2113 1764 νος
2157 1704 2206 1754 εί
2246 1701 2344 1772 μέν
2372 1719 2423 1754 τι
2463 1703 2555 1756 καὶ
2601 1703 2729 1774 περὶ
2767 1703 2866 1773 τὴν
2899 1704 3228 1774 χειροτονίαν
3277 1703 3600 1774 ἐπιλήψιμον

1954 1780 1997 1836 Β
2029 1791 2159 1862 ἔχει,
2195 1792 2345 1845 αὑτοὶ
2384 1792 2449 1845 ἂν
2494 1793 2728 1845 είποιτε’
2762 1793 2909 1863 ἡμᾶς
2939 1793 2993 1845 δὲ
3027 1793 3183 1845 λυπεῖ
3212 1795 3322 1856 τοῖς
3355 1793 3602 1864 Μαρκέλ-

2024 1885 2116 1938 λου
2145 1881 2417 1946 πεποιθὼς
2448 1883 2695 1954 δόγμασι,
2741 1885 2834 1938 καὶ
2861 1886 2985 1946 τοὺς
3005 1882 3423 1945 ἀκολουθοῦντας
3453 1882 3599 1953 αὑτῴ

2025 1978 2349 2047 ἀδιακρίτως
2405 1977 2483 2040 είς
2529 1975 2626 2047 τὴν
2690 1976 2971 2029 κοινωνίαν
3024 1975 3185 2029 αὑτοῦ
3223 1973 3594 2045 προσιέμενος.

2024 2069 2235 2129 Οἴδατε,
2271 2067 2486 2137 ἀδελφοὶ
2517 2065 2851 2137 τιμιώτατοι,
2884 2067 2962 2119 ὅτι
2991 2067 3168 2135 πάσης
3203 2065 3358 2136 ἡμῶν
3385 2065 3480 2134 τῆς
3508 2064 3598 2117 ἐλ-

2025 2157 2176 2220 πίδος
2208 2157 2465 2226 ἀθέτησιν
2505 2157 2614 2228 ἔχει
2648 2156 2708 2209 τὸ
2735 2156 3053 2228 Μαρκέλλου
3077 2157 3249 2226 δόγμα
3269 2174 3283 2188 ο
3310 2154 3434 2208 οὔτε
3470 2156 3598 2209 Υίὸν

2023 2251 2080 2303 ἐν
2103 2249 2208 2321 ίδίᾳ
2234 2250 2524 2303 ὑποστάσει
2558 2247 2868 2320 ὁμολογοῦν,
2893 2249 3027 2300 ἀλλὰ
3056 2247 3468 2320 προενεχθέντα,
3504 2248 3599 2301 καὶ

2023 2341 2183 2395 πάλιν
2221 2341 2630 2410 ὑποστρέψαντα
2665 2343 2744 2403 είς
2773 2340 2863 2392 τὸν
2900 2339 3020 2392 ὅθεν
3048 2339 3334 2410 προῆλθεν,
3356 2338 3478 2392 οὔτε
3507 2339 3598 2391 τὸν

2021 2430 2376 2501 Παράκλητον
2404 2430 2543 2488 ἰδίως
2569 2430 2930 2500 ὑφεστηκέναι
2955 2429 3266 2500 συγχωροῦν
3284 2447 3296 2459 ·
3325 2429 3466 2482 ὥστε
3497 2430 3598 2484 οὑκ

2019 2525 2086 2578 ἄν
2126 2541 2208 2586 τις
2242 2523 2477 2592 ἁμάρτοι
2505 2522 2930 2592 Χριστιανισμοῦ
2981 2523 3075 2592 μὲν
3118 2523 3394 2587 παντελῶς
3442 2523 3598 2578 ἀλλο-

2017 2614 2175 2683 τρίαν
2225 2614 2542 2683 ἀποφαίνων
2576 2612 2671 2684 τὴν
2723 2613 2951 2685 αἵρεσιν,
2997 2613 3322 2685 Ἰουδαϊσμὸν
3359 2613 3414 2666 δὲ
3454 2631 3598 2685 παρ-

2018 2701 2358 2772 εφθαρμένον
2392 2702 2560 2771 αὑτὴν
2599 2703 3036 2774 προσαγορεύων.
3076 2701 3189 2756 IIoc
3243 2709 3369 2757 est:
3408 2702 3598 2756 Pauli-

2019 2811 2117 2847 nus
2148 2810 2263 2848 vero
2291 2811 2360 2845 an
2387 2794 2524 2864 quod
2563 2793 2630 2845 ad
2653 2795 3033 2846 ordinationem
3063 2804 3272 2862 spectat
3304 2794 3596 2862 culpandus

2018 2886 2110 2948 sit,
2135 2902 2220 2938 eos
2245 2886 2344 2952 ipsi
2375 2885 2652 2947 dixeritis;
2687 2903 2778 2938 nos
2807 2902 2933 2938 sane
2956 2888 3258 2948 contristat,
3283 2886 3418 2954 quod
3447 2885 3598 2938 Mar-

2018 2976 2137 3028 celli
2183 2975 2516 3044 dogmatibus
2555 2975 2710 3042 ﬁdem
2747 2975 2953 3036 habeat,
3001 2986 3048 3028 et
3108 2984 3389 3028 sectatores
3449 2977 3596 3031 illius

2018 3069 2130 3120 sine
2175 3065 2476 3119 discrimine
2524 3065 2591 3118 ad
2626 3068 3042 3120 communionem
3095 3069 3357 3120 admittat.
3410 3066 3592 3132 Scitis,

2021 3158 2374 3212 colendissimi
2421 3159 2636 3226 fratres,
2695 3157 2936 3212 Marcelli
2977 3160 3167 3230 dogma
3210 3176 3411 3213 omnem
3453 3175 3593 3227 spem

2021 3262 2254 3306 nostram
2289 3253 2496 3304 irritam
2530 3253 2722 3321 facere,
2766 3252 2903 3322 quod
2947 3270 3106 3324 neque
3141 3251 3337 3306 Filium
3376 3254 3426 3305 in
3471 3269 3596 3321 pro-

2017 3345 2136 3414 pria
2187 3345 2456 3414 [typostasi
2507 3345 2842 3412 conﬁteatur,
2897 3345 2993 3398 sed
3026 3344 3373 3414 productum,
3425 3354 3475 3398 et
3523 3343 3593 3398 ad

2018 3455 2136 3491 eum
2168 3439 2372 3504 ipsum,
2414 3452 2478 3490 ea:
2521 3453 2620 3506 quo
2657 3448 3000 3505 processerat,
3041 3439 3227 3491 iterum
3269 3453 3592 3492 reversurum

2019 3528 2182 3581 tradit
2210 3545 2227 3580 :
2262 3543 2420 3595 neque
2458 3526 2795 3581 Paracletnm
2829 3527 3092 3596 propriam
3136 3527 3322 3581 habere
3354 3528 3594 3597 [typosta-

2018 3623 2098 3674 sin
2128 3620 2357 3674 concedit
2383 3636 2398 3680 ;
2448 3620 2521 3672 ita
2545 3629 2602 3672 ut
2645 3635 2969 3688 nequaquam
3003 3617 3205 3672 aberret
3237 3619 3285 3672 si
3314 3619 3428 3686 quis
3458 3618 3592 3670 hanc

2017 3713 2237 3766 Ita'resin
2265 3727 2480 3779 prorsus
2511 3729 2543 3763 a
2571 3709 2982 3766 Christianismo
3020 3711 3247 3764 alienam
3277 3727 3388 3764 esse
3415 3709 3595 3764 decla-

2018 3814 2115 3866 ret,
2137 3819 2349 3872 eamqne
2371 3812 2670 3868 corruptum
2697 3803 2969 3873 quemdam
2987 3801 3326 3855 Judaismum
3349 3801 3588 3872 appellet.

2018 3893 2254 3963 Epistola
2279 3909 2404 3946 vero
2431 3892 2517 3956 78,
2540 3893 2654 3946 haec
2679 3892 2838 3946 habet
2861 3892 2926 3946 de
2957 3891 3170 3945 Nicmna
3201 3890 3302 3945 ﬁde
3330 3893 3587 3962 loquens:

2018 3986 2138 4038 Εἰσὶ
2173 3984 2283 4056 γάρ
2320 4001 2484 4048 τινες,
2514 3985 2560 4036 οἱ
2607 3985 2700 4038 καὶ
2728 3987 2784 4038 ὲν
2808 3985 2978 4056 ταύτῃ
3012 3987 3077 4055 τῇ
3105 3985 3284 4036 πίστει
3317 3985 3593 4051 δολοῦντες

2015 4080 2106 4132 τὸν
2130 4079 2284 4147 λόγον
2313 4079 2410 4149 τῆς
2435 4078 2709 4149 ἀληθείας,
2736 4080 2828 4132 καὶ
2858 4079 2993 4149 πρὸς
3025 4077 3083 4130 τὸ
3112 4077 3316 4130 ἑαυτῶν
3346 4077 3590 4149 βούλημα

2016 4170 2106 4223 τὸν
2139 4171 2262 4224 νοῦν
2306 4170 2413 4223 τῶν
2461 4173 2517 4224 ὲν
2559 4171 2695 4241 αὑτῇ
2739 4173 2997 4242 ῥημάτων
3034 4171 3310 4233 ἕλκοντες·
3343 4171 3476 4224 ὅπου
3525 4187 3588 4239 γε

2017 4264 2111 4316 καὶ
2134 4262 2448 4333 Μάρκελλος
2480 4261 2793 4332 ἐτόλμησεν,
2834 4262 3044 4314 ἀσεϐῶν
3071 4262 3148 4324 είς
3179 4261 3274 4331 τὴν
3298 4261 3590 4315 ὑπόστασιν

2016 4353 2109 4404 τοῦ
2143 4351 2345 4422 Κυρίου
2379 4349 2537 4420 ἡμῶν
2579 4349 2749 4419 Ἰησοῦ
2778 4349 3012 4419 Χριστοῦ
3034 4390 3047 4414 ,
3091 4351 3184 4402 καὶ
3226 4349 3378 4418 ψιλὸν
3429 4351 3588 4403 αὑτὸν

337 4439 578 4502 ελθόντα,
610 4441 771 4494 πάλιν
820 4442 877 4494 δὲ
913 4445 991 4507 είς
1035 4445 1123 4497 τὸν
1165 4445 1286 4499 ὅθεν
1325 4445 1543 4516 ἐξῆλθεν
1584 4452 1917 4523 ἐπαναστρέ-
1950 4462 1991 4516 ι)
2019 4443 2375 4514 ἐξηγούμενος
2402 4441 2577 4508 λόγον.
2603 4440 2810 4493 ἐκεῖθεν
2837 4441 3271 4510 προφασίσασθαι
3294 4441 3390 4504 τὰς
3416 4442 3587 4512 ἀρχὰς

337 4529 543 4601 ψαντα,
591 4529 714 4583 οὔτε
757 4533 861 4604 πρὸ
896 4533 992 4602 τῆς
1041 4532 1218 4597 ἐξόδου
1259 4529 1434 4600 εἶναι,
1475 4534 1598 4589 οὔτε
1639 4538 1774 4608 μετὰ
1815 4540 1912 4610 τὴν

337 4621 592 4676 ἐπάνοδον
638 4623 950 4691 ὑφεστάναι.
1002 4625 1112 4677 Καὶ
1152 4623 1338 4677 τούτου
1385 4625 1658 4693 ἀπόδειξις
1697 4631 1751 4681 αί
1785 4646 1911 4699 παρ’

333 4716 463 4787 ἡμῖν
495 4715 852 4785 ἀποκείμεναι
904 4715 1074 4786 βίϐλοι
1130 4717 1228 4787 τῆς
1269 4717 1454 4771 ἀδίκου
1511 4719 1723 4791 ἐκείνης
1780 4739 1912 4790 συγ-

333 4809 546 4879 γραφῆς
570 4809 919 4880 ὑπάρχουσιν.
941 4808 1080 4860 Ἀλλ’
1111 4809 1262 4878 ὅμως
1294 4810 1482 4863 τοῦτον
1515 4813 1766 4882 οὐδαμῶς
1799 4813 1910 4867 δια-

335 4900 618 4964 ϐάλλοντες
642 4901 936 4972 ἐφάνησαν,
963 4902 1056 4954 καὶ
1083 4901 1254 4954 ταῦτα
1286 4903 1462 4956 αἰτίαν
1487 4905 1716 4973 ἔχοντες,
1751 4906 1826 4969 ὡς
1851 4906 1911 4959 τὸ

331 4991 389 5058 ἐξ
433 4993 607 5063 ἀρχῆς
646 4994 766 5044 κατ’
809 4992 1027 5058 ἄγνοιαν
1069 4993 1166 5061 τῆς
1207 4994 1460 5062 ἀληθείας
1500 4998 1577 5060 εἰς
1631 4996 1910 5050 κοινωνίαν

333 5085 494 5138 αὑτὸν
527 5083 982 5155 ὲκκλησιαστικὴν
1006 5088 1457 5159 παραδεξάμενοι.
1504 5089 1556 5142 Id
1586 5098 1670 5144 cst
1706 5110 1717 5144 ξ
1752 5090 1909 5156 θυαε-

334 5180 470 5230 ritur
503 5189 675 5231 autent
725 5177 808 5229 Itic
849 5195 880 5232 a
930 5181 1196 5233 nonnullis
1257 5192 1311 5233 ut
1365 5182 1736 5241 necessarium,
1771 5183 1908 5251 quod

334 5265 512 5320 itidem
542 5267 688 5320 nobis
742 5266 979 5330 videtur;
1025 5278 1080 5320 ut
1117 5267 1357 5323 Marcelli
1398 5271 1620 5324 lia'resin
1657 5271 1758 5334 illi,
1791 5282 1910 5324 tan--

333 5375 490 5429 quam
544 5359 740 5410 ntalam
778 5369 826 5411 et
885 5359 1120 5423 noa‘iam,
1169 5369 1216 5413 et
1264 5378 1297 5415 a
1340 5379 1471 5415 sana
1531 5360 1635 5430 ﬁde
1681 5362 1908 5415 alienam

332 5451 694 5503 cxtermineut.
724 5450 983 5514 Quoniam
1017 5451 1085 5502 ad
1115 5454 1210 5505 hoc
1241 5470 1399 5524 usque
1431 5467 1627 5523 tempus
1661 5457 1713 5510 in
1737 5458 1908 5511 omni-

333 5542 426 5596 bus
458 5559 590 5612 quas
631 5541 862 5606 scribunt
904 5543 1094 5596 litteris
1132 5546 1510 5598 exsecrandum
1543 5547 1747 5611 Arium,
1785 5565 1905 5602 sur-

331 5649 448 5687 sum
485 5650 548 5686 ac
577 5634 819 5708 deorsum
855 5644 1118 5688 versantes
1154 5635 1621 5702 auat/tematizare,
1664 5648 1817 5707 atque
1841 5654 1905 5693 ea:

335 5723 582 5782 Ecclesiis
609 5715 884 5782 elimitt'are
914 5741 1016 5781 non
1047 5733 1287 5789 cessant;
1313 5723 1624 5781 Marcellum
1652 5743 1793 5794 vero,
1815 5728 1904 5795 qui

2016 4535 2314 4603 εἰληφέναι,
2359 4532 2451 4586 τοῦ
2495 4533 2779 4603 ὁμοουσίου
2831 4533 2928 4597 τὴν
2977 4533 3212 4603 διάνοιαν
3269 4533 3451 4595 κακῶς
3503 4532 3588 4599 ἐξ·

2015 4628 2334 4698 ηγοὺμενος.
2367 4625 2477 4679 IIoc
2509 4635 2591 4680 cst
2625 4641 2638 4678 :
2681 4625 2814 4679 Sunt
2843 4627 2978 4679 enim
3023 4626 3237 4695 quidam
3281 4627 3369 4696 qui
3405 4628 3459 4679 in
3491 4627 3588 4681 hac

2014 4719 2120 4787 ﬁde
2155 4716 2430 4789 [Nica'na]
2456 4735 2743 4772 sermonem
2775 4719 3009 4772 veritatis
3039 4718 3161 4771 dolo
3193 4718 3507 4782 adulterent,
3535 4728 3586 4773 et

2015 4811 2082 4862 ad
2131 4811 2336 4862 libitum
2398 4826 2551 4863 suum
2619 4809 2890 4863 terborum
2953 4821 3172 4863 mentem
3226 4811 3581 4880 detorqueant.

2015 4901 2452 4971 Quandoquidem
2505 4912 2552 4954 et
2603 4900 2910 4964 Marcellus,
2951 4901 3015 4954 de
3061 4902 3331 4970 Iiypostasi
3377 4901 3584 4957 Domini

2013 4996 2180 5047 nostri
2204 4993 2334 5047 Jesu
2385 4993 2585 5046 Christi
2624 4995 2778 5062 impie
2807 4995 3052 5057 sentiens,
3089 5011 3150 5046 ac
3193 4993 3387 5047 nudum
3431 4994 3583 5047 illum

2013 5103 2312 5156 merumque
2346 5086 2553 5140 rerbum
2579 5103 2689 5141 esse
2717 5103 2996 5154 exponens,
3045 5085 3191 5137 illinc
3223 5102 3382 5137 ausus
3419 5095 3494 5138 est
3528 5101 3584 5138 se

2013 5198 2201 5234 causas
2246 5181 2529 5249 impietatis
2570 5181 2852 5249 sumpsisse
2897 5192 3198 5246 prwtea‘ere,
3224 5175 3584 5230 Consubstano

2014 5273 2158 5326 tialis
2186 5290 2340 5326 sensu
2365 5290 2633 5342 perperam
2665 5272 2917 5342 exposito.
2953 5270 3077 5324 IIatc
3110 5269 3342 5325 Basilius
3373 5269 3440 5324 de
3470 5269 3582 5324 Im-

2013 5365 2118 5421 resi
2165 5362 2419 5417 Marcello
2461 5364 2717 5432 ascripta.

2504 5462 2590 5511 Ill.
2617 5463 2742 5522 Quid
2767 5463 3080 5524 Epiphanius.

2081 5543 2415 5614 Epiphanius
2437 5560 2565 5598 vero
2587 5546 2640 5598 in
2683 5543 2940 5608 Panario,
2980 5545 3169 5600 haeresi
3199 5561 3368 5610 um,
3403 5561 3575 5616 pauca

2011 5635 2076 5690 de
2112 5636 2348 5692 Marcelli
2393 5637 2581 5692 haeresi
2631 5637 2778 5691 eﬂ‘ert
2799 5675 2814 5699 ,
2845 5637 3229 5707 aitque-solum
3261 5637 3437 5708 ipsum
3471 5636 3573 5692 Sa-

2009 5728 2337 5787 bellianismi
2390 5735 2702 5785 accusatum
2757 5728 2945 5796 fuisse,
2999 5729 3226 5800 ejusque
3274 5729 3570 5801 discipuli»
