4116 6332
655 289 807 368 ἰεεδ

1893 310 1981 365 DE
2021 305 2180 366 VITA
2221 309 2307 366 ET
2349 305 2654 368 SCRIPTIS

3728 315 3835 374 ιειι

661 440 776 486 treo
804 428 1124 500 hypostases
1159 425 1402 482 contlteri
1441 423 1683 482 noluisse
1719 448 1730 483 :
1764 443 1952 484 verum
1984 429 2078 483 illo
2105 437 2242 484 tem-
2268 436 2317 490 Α
2346 431 2535 495 fuisse,
2561 429 2746 486 Jesum
2779 428 3063 487 Christum
3097 435 3370 496 vocatum,
3396 439 3665 504 regemque
3691 439 3835 507 appet.

661 535 795 594 pore
822 521 1048 576 liberum
1072 526 1187 574 erat
1219 519 1300 575 eis
1328 518 1412 574 vel
1438 525 1553 575 tres
1577 520 1659 574 vel
1698 535 1862 574 unam
1901 529 2110 575 tantum
2147 523 2244 594 hy-

661 613 909 684 postasin
959 612 1233 678 conﬁteri,
1279 611 1405 666 dum
1437 620 1642 667 rectam
1674 621 1958 668 servarent
1987 622 2240 670 mentem.

661 704 796 760 Nam
829 704 925 775 qui
971 705 1236 760 Catholici
1286 721 1450 760 unam
1495 705 1813 777 hypostasin
1848 714 2058 761 tantum
2097 723 2243 766 asse-

660 797 892 856 rebant.
935 799 1295 870 hypostaseos
1357 799 1575 854 nomine
1627 799 1987 854 substantiam
2032 801 2240 854 indica-

659 891 812 952 bant,
842 906 1004 960 quam
1031 905 1193 944 unam
1232 889 1286 942 in
1320 887 1427 943 Deo
1459 904 1580 944 esse
1613 898 1818 944 certum
1842 901 1925 946 est
1960 910 1972 946 :
2001 892 2091 961 qui
2126 900 2236 949 tres

656 983 983 1054 bypostases
1012 983 1408 1053 proﬁtebantur
1430 1023 1443 1044 ,
1469 981 1556 1038 his
1582 998 1688 1037 non
1717 985 2078 1040 substantiam
2098 1030 2112 1052 ,
2140 987 2236 1042 sed

659 1075 930 1144 cujusque
953 1090 1202 1143 persona:
1221 1074 1629 1130 subsistentiam
1653 1077 2054 1147 intelligebant:
2075 1089 2236 1150 atque

660 1163 737 1217 ita
774 1164 849 1217 illi
885 1165 1048 1218 verbo
1093 1173 1469 1220 tantumtenus
1497 1166 1911 1222 dissentiebant.
1946 1169 2076 1235 Quae
2107 1187 2234 1226 vero

657 1252 981 1326 Fragmenta
1041 1256 1222 1311 Acacii
1273 1259 1626 1314 Caesariensis
1681 1267 1869 1314 contra
1920 1261 2231 1317 Marcellum

657 1346 814 1402 aﬂ’ert
843 1347 1200 1417 Epiphanius,
1245 1365 1308 1404 ea
1337 1351 1519 1404 omnia
1562 1368 1659 1406 ceu
1691 1355 2071 1423 compendium
2105 1364 2232 1411 sunt

655 1436 883 1495 fusioris
907 1441 1125 1496 Eusebii
1153 1440 1507 1499 Caesariensis
1555 1453 1746 1498 contra
1787 1445 2096 1502 Marcellum
2119 1456 2232 1502 tra-

655 1531 936 1595 elationis,
965 1531 1031 1586 de
1051 1548 1170 1619 qua.
1187 1547 1307 1586 mox
1332 1547 1576 1604 agemus.

1113 1638 1194 1688 IV.
1227 1640 1351 1698 Quid
1382 1641 1769 1701 Cbrysoslomus.

725 1719 965 1777 Joannes
1017 1708 1539 1795 Chrysostomusiin
1583 1723 1680 1794 Ep.
1719 1726 1788 1779 ad
1833 1725 1994 1780 Hebr.
2055 1741 2106 1780 c.
2172 1745 2222 1789 ι,

655 1811 967 1868 Marcellum
1024 1817 1206 1885 culpat
1263 1819 1406 1887 quod
1470 1817 1701 1884 dixerit,
1753 1820 1976 1873 verbum
2037 1821 2226 1872 ἐνυπόο

654 1921 865 1971 στατον,
890 1905 1034 1976 quod
1060 1907 1131 1961 ita
1163 1909 1454 1980 intelligas,
1478 1911 1632 1980 quasi
1661 1911 1904 1988 ejusdem
1930 1927 2037 1966 non
2064 1913 2227 1967 modo

653 1998 990 2066 substantias,
1021 2000 1114 2054 sed
1148 2003 1312 2055 etiam
1355 2003 1664 2073 hypostasis
1705 2005 1777 2058 sit
1828 2015 1993 2074 atque
2026 2004 2223 2060 Pater:

649 2091 902 2146 eumdem
945 2107 1074 2146 vero
1119 2092 1468 2156 Marcellum,
1505 2096 1664 2166 quasi
1705 2093 1943 2162 Photini,
1980 2097 2224 2161 Sabellii,

649 2180 804 2237 Pauli
856 2183 1197 2240 Samosateni
1248 2187 1522 2258 ὁμόφρονα
1562 2205 1669 2243 non
1707 2191 1874 2244 semel
1927 2192 2228 2246 insectatur

649 2276 874 2342 ibidem,
911 2291 974 2330 ac
1005 2293 1128 2332 cum
1163 2279 1540 2334 haereticorum
1565 2282 1821 2350 pessimis
1849 2288 2152 2338 enumerat.

1114 2414 1120 2420 .
1137 2379 1194 2430 V.
1225 2378 1349 2439 Quid
1378 2380 1734 2431 Tbeodoretus.

719 2459 1097 2516 Theodorctus
1137 2462 1229 2515 lib.
1285 2477 1321 2515 ll
1379 2461 1765 2517 (hereticorum
1813 2464 2118 2533 fabularum
2157 2464 2224 2520 de

646 2549 902 2606 Marcello
977 2551 1090 2604 haec
1143 2551 1304 2606 habet
1350 2571 1362 2605 :
1422 2553 1736 2624 Μάρκελλος
1791 2541 1856 2607 δὲ’
1895 2555 1922 2608 ό
1979 2555 2223 2626 Γαλάτης

644 2642 822 2713 τούτῳ
858 2643 955 2713 μὲν
1001 2643 1395 2715 παραπλησίως
1447 2644 1654 2717 ἠρνήθη
1710 2645 1819 2698 τῶν
1873 2647 2222 2700 ὑποστάσεων

643 2735 744 2805 τὴν
774 2735 964 2807 τριάδα
983 2753 996 2766 ·
1033 2736 1252 2789 ἔκτασιν
1278 2735 1333 2789 δέ
1361 2755 1478 2790 τινα
1499 2740 1595 2808 τῆς
1615 2737 1707 2790 τοῦ
1737 2736 1945 2810 Πατρὸς
1972 2736 2223 2810 θεότητος

645 2826 846 2896 ἔφησεν
881 2827 958 2890 εἰς
979 2827 1067 2879 τὸν
1090 2826 1322 2898 Χριστὸν
1354 2827 1686 2899 ἐληλυθέναι,
1723 2828 1817 2882 καὶ
1855 2826 2058 2900 ταύτην
2089 2830 2220 2884 Θεὸν

644 2918 816 2988 Λόγον
861 2919 1124 2972 ὲκάλεσεο
1157 2920 1295 2990 μετὰ
1336 2919 1391 2973 δὲ
1434 2922 1530 2992 τὴν
1573 2920 1866 2991 σύμπασαν
1911 2923 2220 2992 οἰκονομίαν

644 3011 804 3065 πάλιν
835 3012 1268 3084 ἀνασπασθῆναι,
1303 3014 1395 3068 καὶ
1435 3015 1760 3084 συσταλῆναι
1791 3017 1926 3087 πρὸς
1950 3017 2039 3071 τὸν
2065 3017 2214 3080 Θεὸν,

640 3103 704 3196 ἐξ
729 3097 857 3156 οὗπε
868 3120 897 3174 ρ
922 3103 1144 3176 ἐξετάθη
1164 3121 1181 3135 θ
1213 3105 1274 3157 τὸ
1307 3104 1362 3158 δὲ
1393 3105 1903 3184 παειάγιονοῐίνεῐξμα
1936 3107 2214 3178 παρέκτα-
2242 3119 2285 3177 c

645 3213 729 3248 σιν
752 3196 851 3266 τῆς
877 3198 1151 3260 ἐκτάσεως
1181 3198 1347 3265 λέγει,
1388 3199 1479 3251 καὶ
1515 3199 1717 3269 ταύτην
1753 3198 2214 3262 τοῖς.ἀποστὸλοις

643 3287 1073 3357 παρασχεοῆναι.
1119 3288 1228 3342 Καὶ
1252 3288 1585 3352 ἁπαξαπλῶς
1615 3288 1844 3342 ὑπέθετο
1881 3289 2084 3360 Τριὰδα
2119 3290 2212 3342 ἐκ·

641 3376 954 3446 σιεινομένην
986 3377 1078 3429 καὶ
1123 3376 1545 3448 συστελλομένην
1585 3377 1722 3429 κατὰ
1751 3375 2038 3448 διαφόρους
2068 3377 2213 3427 οἱκο-

641 3468 854 3538 νομίας.
893 3467 946 3522 Id
977 3477 1097 3523 est:
1129 3467 1416 3522 Marcellus
1443 3478 1612 3522 autem
1635 3466 1851 3531 Calata,
1875 3466 2119 3520 similiter
2157 3475 2214 3519 ut

639 3559 752 3620 ille,
802 3559 1004 3628 negavit
1047 3558 1407 3628 hypostasium
1471 3558 1781 3612 trinitatem.
1843 3557 2212 3612 Extensionem

640 3664 761 3702 vero
801 3648 1084 3719 quamdam
1139 3650 1352 3703 deitatis
1403 3649 1585 3704 Patris
1629 3651 1681 3703 in
1714 3648 1982 3704 Christum
2017 3651 2214 3704 venisse

640 3738 797 3805 dixit,
823 3751 870 3795 et
895 3741 1026 3794 hanc
1058 3741 1223 3796 Deum
1261 3741 1478 3798 Verbum
1517 3743 1794 3813 appellavit
1825 3759 1843 3797 :
1875 3755 2088 3810 peracta
2116 3761 2215 3798 au-

645 3841 746 3886 tem
785 3833 1025 3887 universa
1064 3835 1369 3897 teconomia,
1400 3851 1611 3888 rursum
1652 3844 1938 3888 attractam
1967 3853 2099 3898 esse,
2140 3852 2215 3890 re-

641 3940 943 3994 versumque
966 3925 1034 3977 ad
1065 3925 1255 3988 Deum,
1287 3941 1351 3980 ea:
1385 3943 1486 3995 quo
1515 3934 1730 3980 extensa
1775 3925 1896 3995 fuit.
1948 3925 2211 3994 Spiritum

643 4032 760 4070 vero
813 4026 1055 4070 sanctum
1116 4017 1424 4070 ulteriorem
1491 4016 1841 4071 extensionem
1891 4020 2209 4073 extensionis

645 4124 778 4170 esse,
809 4117 859 4160 et
893 4109 1029 4162 hanc
1069 4108 1321 4177 apostolis
1351 4109 1533 4160 datam
1583 4109 1747 4176 fuisse
1789 4109 2074 4163 secundum
2125 4109 2212 4164 di-

644 4217 818 4257 uersas
847 4204 1179 4256 aconomias.

993 4307 1075 4356 Vl.
1103 4307 1228 4366 Quid
1255 4306 1493 4356 Eusebius
1523 4303 1852 4356 Caesariensis.

704 4391 823 4446 Jam
874 4408 939 4447 ex
995 4391 1229 4446 Eusebio
1286 4391 1442 4461 ipso,
1491 4391 1582 4461 qui
1640 4401 1832 4445 contra
1894 4389 2204 4447 Marcellum

2345 522 2534 589 latum,
2565 523 2691 578 item
2723 519 3014 594 imaginem
3045 519 3142 578 Dei
3189 523 3508 592 invisibilis,
3537 535 3588 581 et
3617 529 3835 600 primoge-

2342 616 2515 670 nitum
2541 617 2721 671 omnis
2747 625 3033 679 creaturae,
3078 615 3210 670 nihil
3262 625 3443 673 autem
3499 618 3675 674 hnrum
3719 623 3836 692 prius

2339 707 2642 772 exstitisse,
2673 725 2737 764 ac
2773 721 2900 780 post
2920 709 3190 778 judicium
3217 709 3332 766 haec
3361 710 3537 766 omnia
3564 715 3833 772 amissurum

2338 814 2494 866 esse;
2555 801 2845 870 ipsumque
2877 800 3082 855 nudum
3113 817 3237 857 esse
3269 800 3502 858 Verbum
3548 803 3752 860 humano
3774 809 3831 862 si-

2338 891 2463 946 mile
2501 893 2576 960 ω).
2614 892 2722 962 19),
2756 907 2861 945 non
2899 900 3080 945 autem
3112 891 3306 948 Filium
3340 909 3460 949 esse
3487 894 3574 950 Dei
3620 897 3766 951 vivum
3795 909 3831 954 et

2337 983 2764 1048 subsistentem;
2811 999 2917 1038 non
2948 985 3116 1040 fuisse
3151 985 3242 1040 Dei
3289 985 3570 1056 imaginem
3599 997 3832 1059 antequam

2337 1075 2499 1129 homo
2531 1077 2716 1138 tleret;
2769 1077 3114 1132 existentiam
3147 1076 3381 1149 ὓπαρξιν
3410 1087 3463 1133 et
3491 1079 3751 1134 ὑπόστασιν
3772 1081 3834 1136 Fi-

2335 1165 2390 1218 lii
2421 1163 2514 1219 Dei
2550 1166 2738 1221 tollere
2765 1165 3078 1223 Marcellum
3118 1171 3193 1222 ait
3223 1180 3298 1239 (p.
3333 1170 3422 1231 33.
3453 1171 3536 1236 E5,
3569 1173 3669 1239 36),
3697 1189 3750 1228 ac
3774 1176 3832 1228 di-

2333 1272 2457 1312 cere
2497 1257 2673 1327 ipsum
2710 1258 2880 1316 fuisse
2925 1261 3131 1316 nudum
3167 1263 3510 1319 solummodo
3560 1267 3752 1321 verbum
3784 1269 3831 1322 ad

2327 1349 2482 1418 jussa
2511 1351 2892 1420 exsequenda;
2936 1350 3250 1408 Marcellum
3307 1354 3434 1408 item
3479 1355 3563 1425 qui
3610 1355 3660 1411 in
3690 1357 3834 1413 Sabel-

2331 1442 2462 1495 lium
2497 1442 2790 1507 invehitur,
2821 1443 3060 1498 Sabellio
3094 1445 3244 1514 paria
3275 1447 3506 1511 sentire,
3553 1450 3636 1517 qui
3663 1447 3833 1504 Patrem

2328 1541 2383 1587 et
2437 1531 2675 1588 Verbum
2732 1550 2900 1588 unum
2943 1550 3065 1590 esse
3109 1537 3292 1601 dicat;
3337 1539 3613 1608 ipsumque
3644 1543 3706 1609 (p.
3740 1542 3831 1604 167.

2331 1623 2455 1682 174)
2483 1633 2595 1681 tres
2647 1623 2971 1691 ὑπόστάσεις
3011 1643 3206 1697 negare
3233 1669 3250 1691 ,
3300 1639 3354 1685 et
3396 1647 3551 1686 unam
3599 1631 3832 1688 ὑπόστασιν

2327 1715 2740 1785 τριπρόσωπον,
2795 1718 2886 1769 καὶ
2931 1714 3294 1788 τρισὼνυμον,
3332 1719 3384 1772 id
3426 1731 3506 1776 est
3537 1723 3831 1776 substantiam

2331 1805 2765 1873 tripersonalem,
2793 1817 2847 1884 et
2877 1809 3224 1864 trinominem
3251 1811 3455 1868 dicere.
3483 1811 3596 1868 Haec
3618 1815 3830 1884 praecipue

2329 1897 2384 1950 in
2420 1896 2655 1953 Marcelli
2704 1881 2838 1953 libro
2892 1902 3073 1971 culpat
3107 1902 3376 1960 Eusebius
3409 1923 3421 1958 :
3451 1906 3536 1959 ubi
3588 1881 3828 1970 nonnulla,

2328 1989 2555 2060 ipsaque
2583 1992 2898 2046 orthodoxa:
2919 1997 3201 2049 sententia:
3217 1997 3403 2058 verba,
3430 2007 3601 2067 utpote
3624 2000 3826 2062 Arianus,

2326 2087 2586 2150 tanquam
2635 2081 2888 2137 haeretica
2940 2085 3118 2155 carpit
3151 2097 3204 2140 et
3259 2087 3535 2156 confutat;
3576 2090 3666 2143 alia
3705 2107 3826 2153 veno,

2326 2188 2446 2244 qua!
2477 2189 2606 2230 sane
2641 2183 2700 2230 ut
2738 2191 2965 2232 errouea
3001 2179 3166 2248 probe
3196 2181 3683 2250 reprehenduntur,
3718 2182 3825 2237 haud

2325 2266 2398 2320 ita
2422 2267 2568 2322 clare
2595 2268 2650 2321 in
2681 2267 2919 2323 Marcelli
2953 2270 3088 2326 locis
3138 2273 3517 2339 enuntiantur,
3550 2282 3602 2328 ut
3648 2274 3824 2328 inferius

2323 2357 2629 2425 videbitur;
2666 2360 2738 2414 ita
2765 2369 2824 2414 ut
2844 2377 2964 2431 qua:
2986 2363 3191 2418 diserte
3220 2374 3278 2419 et
3312 2365 3456 2420 nulla
3487 2365 3688 2435 ambage
3718 2361 3822 2434 apud

2325 2448 2581 2504 Basilium
2611 2459 2665 2505 et
2681 2451 3084 2508 Theodoretum
3111 2454 3336 2511 effertur
3359 2455 3587 2512 Marcelli
3616 2457 3819 2519 haeresis,

2323 2541 2460 2594 adeo
2493 2542 2748 2612 perplexe
2773 2544 2914 2614 apud
2945 2542 3244 2600 Eusebium
3277 2547 3477 2618 jaceat,
3511 2555 3564 2602 ut
3585 2547 3632 2601 in
3661 2558 3818 2602 utram-

2320 2633 2402 2688 vis
2428 2642 2630 2703 partem
2663 2634 2820 2690 facile
2841 2636 3117 2693 deﬂectas.

2629 2736 2732 2786 VII.
2760 2737 2957 2789 Summa
2979 2741 3309 2791 Marcellianre
3331 2740 3570 2792 doctrina.

2389 2814 2466 2870 Ex
2496 2816 2677 2871 allatis
2714 2832 2878 2886 porro
2913 2823 3244 2878 testimoniis
3281 2823 3814 2878 Marcellianzesenten-

2318 2908 2406 2963 tiae
2437 2924 2706 2964 summam
2746 2910 2970 2967 duxeris
3002 2931 3016 2968 :
3059 2911 3210 2969 Unus
3243 2916 3314 2970 ab
3346 2923 3546 2970 aeterno
3573 2914 3684 2970 Deus
3703 2914 3814 2969 exsi-

2318 3001 2453 3055 stit:
2512 3001 2674 3070 cujus
2711 3001 2885 3070 λόγος,
2945 3019 3039 3058 seu
3089 3005 3230 3060 ratio
3257 3047 3272 3070 ,
3331 3015 3425 3062 aut
3454 3008 3684 3069 verbum,
3715 3019 3811 3059 nam

2319 3101 2550 3162 utroque
2584 3093 2744 3148 modo
2765 3096 3124 3164 exprimitur,
3162 3101 3371 3168 pariter
3414 3110 3812 3162 mternum,unum

2317 3192 2401 3238 est
2429 3199 2551 3238 cum
2587 3183 2695 3240 Deo
2740 3187 2859 3256 ipso
2898 3186 3056 3261 οὐσίᾳ
3095 3191 3190 3244 καὶ
3222 3192 3543 3255 ὑποστάσει,
3574 3191 3811 3246 substantia

2316 3286 2371 3331 et
2402 3277 2704 3348 hypostasi,
2734 3278 2807 3332 ita
2841 3287 2900 3333 ut
2927 3281 3074 3335 nulla
3101 3283 3169 3337 sit
3202 3285 3350 3338 inter
3376 3293 3642 3354 utrumque
3663 3283 3813 3336 distin-

2315 3370 2426 3424 ctio
2465 3389 2478 3424 :
2511 3380 2706 3442 estque
2736 3373 2959 3427 verbum
3003 3373 3202 3441 silens,
3245 3376 3538 3441 internum,
3564 3378 3659 3431 sive
3680 3373 3813 3426 ὲνδιάο

2315 3459 2486 3513 Θετον.
2545 3461 2780 3530 Spiritus
2828 3462 2954 3516 item
3009 3473 3237 3540 sanctus
3295 3468 3350 3521 in
3400 3467 3504 3523 Deo
3555 3467 3611 3520 ab
3652 3471 3812 3518 aeterno

2315 3553 2436 3617 fuit,
2474 3555 2620 3608 nulla
2653 3555 2904 3610 similiter
2933 3555 3038 3610 nisi
3072 3544 3318 3614 nominis
3350 3568 3403 3615 et
3427 3559 3634 3614 rationis
3655 3555 3810 3610 distin-

2314 3649 2514 3703 ctione.
2545 3647 2681 3702 Cum
2713 3655 2896 3703 autem
2924 3647 3066 3704 Deus
3089 3662 3352 3719 operatur
3375 3661 3428 3706 et
3467 3650 3694 3722 loquitur,
3713 3657 3809 3699 tunc
3908 3661 3920 3678 ο

2314 3737 2554 3794 Verbum
2580 3755 2678 3794 ceu
2709 3739 2956 3808 quadam
2988 3740 3234 3804 emissio,
3267 3743 3508 3798 extensio
3537 3750 3584 3797 et
3616 3736 3810 3794 dilatatio

2313 3829 2535 3885 deitatis
2566 3831 2768 3902 prodit,
2799 3841 2852 3886 et
2887 3838 3008 3901 post
3041 3839 3254 3903 gestum
3305 3850 3441 3905 opus
3488 3833 3548 3888 ad
3575 3832 3713 3887 Deum
3748 3844 3810 3882 re-

2311 3921 2572 3985 vertitur,
2610 3930 2664 3976 et
2694 3922 2748 3976 in
2779 3923 3012 3992 pristina
3061 3924 3379 3980 conditione
3425 3932 3608 3979 manet.
3650 3919 3809 3974 Pariter

2311 4015 2573 4070 emissum
2598 4013 2699 4068 fuit
2729 4011 2991 4078 Verbum,
3023 4021 3081 4068 ut
3110 4029 3333 4071 carnem
3356 4021 3634 4072 assumeret
3656 4031 3668 4078 ;
3689 4023 3808 4065 tunc-

2311 4124 2419 4179 que
2442 4107 2613 4162 Filius
2641 4107 2732 4162 Dei
2776 4107 3029 4163 elTectum
3081 4118 3169 4165 est
3195 4151 3210 4175 ,
3256 4127 3351 4167 rex
3403 4113 3542 4174 item,
3569 4109 3804 4164 Christus.

2311 4201 2488 4272 imago
2525 4197 2619 4254 Dei
2650 4199 2943 4255 invisibilis
2965 4241 2980 4264 ,
3016 4208 3070 4255 et
3101 4201 3491 4273 primogenitus
3524 4199 3678 4256 omnis
3694 4209 3808 4251 crea-

2309 4301 2464 4359 turae,
2488 4309 2612 4348 cum
2645 4303 2800 4347 antea
2825 4293 2958 4348 nihil
2994 4308 3180 4348 eorum
3211 4293 3437 4351 fuisset:
3473 4310 3532 4349 ac
3565 4301 3669 4364 post
3692 4289 3806 4360 judi-

2311 4388 2455 4441 cium
2487 4387 2604 4440 haec
2633 4385 2817 4439 omnia
2847 4385 3199 4449 amissurum,
3230 4396 3396 4457 atque
3427 4395 3482 4441 ut
3523 4386 3654 4456 prius
3675 4394 3804 4436 unum

635 4486 876 4554 scripsit,
913 4485 1032 4538 loca
1066 4483 1357 4539 all‘eramus
1390 4483 1456 4536 ad
1487 4482 1886 4537 Marcellianam
1929 4485 2071 4538 illam
2097 4485 2205 4538 hm-
2234 4491 2281 4550 ι)
2307 4495 2432 4533 cum
2467 4477 2624 4532 Patre
2655 4477 2896 4531 futurum
2933 4483 3038 4532 est.
3081 4477 3149 4534 Ut
3180 4490 3360 4536 autem
3392 4479 3609 4535 Verbum
3635 4483 3704 4530 est
3732 4488 3804 4526 ex.

635 4582 784 4634 resin
821 4579 1223 4648 intelligendam
1249 4585 1576 4648 opportuna.
1609 4576 1696 4631 Ait
1727 4579 1908 4648 itaque
1939 4579 2013 4647 (p.
2044 4577 2198 4646 4,5‘)

635 4666 776 4722 hanc
803 4682 924 4722 esse
956 4665 1192 4719 Marcelli
1224 4667 1558 4736 opinionem,
1584 4666 1820 4721 Verbum
1854 4667 2042 4726 silens,
2077 4675 2201 4721 ante

633 4759 985 4820 creationem,
1021 4759 1074 4812 in
1107 4757 1266 4813 Patre
1303 4757 1493 4823 fuisse,
1529 4775 1696 4813 unum
1724 4775 1846 4814 cum
1873 4757 1982 4814 Deo
2017 4758 2197 4824 Patre,

631 4851 1060 4918 sempiternum,
1124 4849 1326 4912 ἀΐδιον,
1382 4864 1488 4902 non
1520 4851 1784 4920 genitum,
1828 4852 1992 4903 itaut
2040 4847 2202 4904 Pater

631 4941 849 5010 quidem
886 4948 939 4996 et
974 4939 1143 4996 Filius
1197 4939 1432 4995 diversis
1492 4941 1807 4996 nominibus
1858 4939 2195 5008 elTerantur;

633 5035 728 5088 sed
764 5049 929 5088 unum
959 5041 1138 5086 tamen
1170 5033 1281 5088 sint
1309 5033 1548 5087 essentia
1589 5040 1640 5086 et
1669 5032 1947 5103 hypostasi
1971 5071 1988 5096 ,
2040 5029 2200 5104 οὐσίᾳ

630 5125 688 5178 δὲ
720 5127 813 5179 καὶ
850 5127 1142 5180 ὑποστάσει
1199 5125 1255 5178 ἓν
1315 5123 1476 5186 ὄντα,
1531 5124 1610 5178 uti
1648 5123 1916 5179 Sabellius
1968 5124 2196 5179 docuit:

630 5215 868 5272 Verbum
904 5218 1028 5272 item
1079 5224 1205 5272 ante
1249 5217 1600 5272 emissionem
1649 5232 1769 5272 esse
1803 5216 1982 5271 simile
2032 5218 2198 5271 verbo

630 5319 823 5365 nostro
871 5309 1082 5374 silenti,
1139 5311 1323 5381 ὅμοιον
1341 5309 1419 5380 τῷ
1447 5311 1504 5363 ὲν
1555 5310 1683 5380 ἡμῖν
1734 5308 2197 5363 stutirem-ereum

629 5401 898 5457 emittitur
929 5417 1057 5458 vero
1085 5401 1151 5456 ad
1187 5403 1591 5473 operationem,
1639 5417 1760 5457 esse
1805 5401 1980 5456 simile
2029 5402 2198 5457 verbo

630 5501 842 5556 nostro,
877 5509 1001 5548 cum
1033 5494 1326 5564 loquimur.
1374 5488 1509 5549 Illud
1558 5494 1632 5564 (p.
1675 5493 1729 5563 6)
1758 5507 1920 5563 porro
1956 5491 2195 5548 Verbum

629 5598 754 5638 cum
784 5571 1006 5642 carnem.
1049 5586 1364 5656 assumpsit,
1418 5593 1550 5642 tunc
1588 5579 1783 5640 Filium
1838 5583 1929 5641 Dei
1990 5582 2194 5639 factum

2305 4570 2483 4625 tensio
2510 4577 2564 4624 ct
2603 4568 2853 4646 dilatatio
2915 4569 3048 4634 Dei,
3103 4571 3183 4625 sic
3237 4580 3294 4626 et
3349 4573 3568 4643 Spiritus
3624 4574 3804 4623 sanctus

2306 4662 2536 4717 ulterior
2563 4663 2810 4716 extensio
2857 4669 2911 4715 et
2957 4662 3205 4718 dilatatio
3234 4674 3357 4730 est,
3408 4664 3704 4735 παρέκτασις
3729 4655 3803 4724 τῆς

2304 4755 2612 4821 ἐκτάσεως;
2650 4756 2740 4824 qui
2777 4755 2980 4824 pariter
3019 4771 3047 4808 a
3086 4757 3192 4812 Deo
3221 4758 3482 4812 emittitur
3509 4763 3556 4811 et
3585 4753 3642 4807 ad
3672 4751 3802 4804 Deum

2303 4848 2597 4902 revertitur
2644 4859 2703 4901 ut
2731 4842 2967 4901 Verbum
2997 4888 3012 4909 ,
3053 4864 3306 4918 unusque
3351 4857 3432 4903 est
3473 4862 3584 4902 cum
3630 4842 3719 4896 Deo
3760 4843 3800 4890 et

2305 4935 2482 4993 Verbo
2512 4938 2632 4993 sine
2661 4938 2767 4991 ulla
2800 4936 3170 4991 distinctione.
3213 4929 3339 4992 ﬂare
3387 4932 3600 4990 Marcelli
3624 4937 3801 4984 senten-

2301 5031 2377 5085 tia
2404 5040 2509 5096 est,
2543 5029 2842 5087 secundum
2877 5030 3098 5084 Eusebii
3131 5030 3533 5100 explicationem
3557 5064 3570 5088 ,
3605 5019 3696 5079 cui,
3723 5009 3800 5071 sed

2303 5140 2410 5179 non
2445 5123 2516 5178 ita
2548 5126 2714 5188 clare,
2753 5122 3120 5193 astipulantur
3146 5118 3374 5179 Basilius
3393 5130 3443 5178 et
3464 5114 3794 5173 Tbeodoretus.

2306 5216 2361 5272 Si
2396 5231 2558 5287 porro
2588 5217 2712 5270 talis
2739 5216 2859 5284 ejus
2890 5214 3139 5270 doctrina
3196 5215 3390 5279 fuerit,
3442 5215 3492 5267 in
3533 5209 3662 5265 nullo
3698 5214 3794 5256 rere

2305 5309 2519 5366 diﬂcrat
2544 5325 2572 5363 a
2603 5307 2842 5363 Sabellio
2861 5315 2914 5363 et
2938 5307 3392 5378 Patripassianis:
3424 5304 3608 5360 nullam
3636 5295 3792 5367 quippe

2301 5397 2708 5452 distinctionem
2764 5411 3123 5466 personarum
3184 5396 3444 5458 admittit,
3487 5399 3535 5446 et
3561 5389 3684 5443 illam
3715 5395 3814 5452 ειυς,

2303 5491 2604 5545 tensionem
2636 5499 2690 5543 et
2718 5489 3034 5545 ulteriorem
3079 5489 3464 5552 dilatationem,
3492 5483 3671 5539 nullam
3693 5487 3788 5544 [θ’θ’

2301 5583 2475 5654 priam
2506 5577 2735 5654 ὕπαρξιν
2761 5590 2814 5638 et
2843 5583 3138 5638 ὑπόστασιν
3157 5623 3171 5649 ,
3211 5578 3556 5639 exsistentiam
3581 5579 3627 5628 et
3653 5569 3788 5637 byPO'

756 5735 988 5813 Paginas
1015 5741 1266 5813 intelligo
1299 5741 1555 5800 editionis
1589 5738 1915 5800 Parisiensis
1943 5755 2175 5813 quarum
2217 5738 2414 5798 serie
2456 5739 2627 5798 textui
2652 5738 2964 5802 Eusebiano
2997 5743 3338 5804 inserendam
3370 5737 3659 5800 curavimu"
3679 5717 3789 5796 vi?"

631 5817 764 5865 tom.
789 5805 957 5864 XXIV
1015 5809 1170 5865 ῑυιτ.
