4116 6332
344 310 484 366 1285

1568 305 1955 367 MARCELLI
1995 258 2365 363 sacram.

3451 312 3471 365 Ι
3482 311 3588 366 286

345 426 519 483 stasin
542 465 557 489 ,
596 424 798 480 habere
835 424 1015 481 docet.
1054 424 1282 507 Verum,
1315 428 1361 485 si
1409 429 1651 485 Marcelli
1686 428 1805 484 loca
1855 425 1925 481 ab
1952 430 1997 486 Α
2026 434 2136 481 tres
2188 426 2526 481 substantias
2558 431 2839 509 separatas
2871 432 2925 479 et
2971 422 3213 495 dispares
3262 425 3585 498 intelligere,

345 518 581 573 Eusebio
611 518 774 572 allata
794 519 939 573 serio
964 520 1364 589 expendantur,
1394 536 1502 577 non
1534 522 1609 576 ita
1644 518 1803 577 facile
1830 528 1915 576 est

346 612 399 664 in
426 608 741 665 Marcellum
774 613 1101 668 sententiam
1130 614 1335 680 dicere,
1359 624 1420 669 ut
1465 630 1591 670 mox
1634 631 1917 673 common-

343 698 632 753 Strabitur.

947 813 1176 870 CAPUT
1221 815 1311 871 III.

344 946 411 986 ΔΝ
440 945 718 985 MARCELLO
748 947 1035 986 ASCRIPTUS
1066 948 1241 986 ERROR
1277 948 1330 987 1N
1363 948 1486 987 EJUS
1515 947 1727 987 CONTRA
1756 947 1912 988 ιετιξ-

624 1018 753 1057 RiUM
784 1019 941 1057 LIBRO
970 1019 1305 1058 DEPREMENDI
1340 1019 1629 1059 POTUERlT.

346 1117 391 1175 1.
436 1118 673 1171 Asterius
724 1133 817 1187 pro
863 1108 1080 1171 A'rianis
1136 1117 1356 1179 scribit,
1409 1126 1595 1170 contra
1646 1117 1911 1187 Asterium

412 1186 733 1250 Marcellus,
778 1205 925 1259 quem
977 1189 1172 1256 refutat
1208 1187 1489 1241 Eusebius.
1543 1189 1604 1242 ll.
1654 1191 1730 1240 ,in
1763 1186 1913 1259 Mur-

412 1260 572 1313 cellus
628 1257 1038 1312 dicat‘Patrem
1080 1269 1129 1313 et
1174 1259 1397 1311 Verbum
1443 1259 1571 1312 solis
1617 1257 1913 1312 nominibus

412 1331 686 1397 distingui.
719 1329 799 1383 ill.
842 1330 925 1383 An
968 1331 1160 1382 dixerit
1200 1329 1421 1382 Verbum
1449 1330 1740 1397 ἀγέννητον
1775 1344 1907 1391 esse,

410 1410 460 1454 et
494 1398 695 1453 Filium
730 1417 829 1453 non
856 1402 1018 1467 fuisse
1050 1410 1169 1453 ante
1200 1398 1449 1453 Mariam.
1495 1400 1577 1453 IV.
1626 1398 1734 1453 Cur
1771 1399 1915 1451 dicat

424 1470 644 1524 Verbum
677 1480 791 1538 past
822 1472 1233 1523 incarnationem
1260 1481 1461 1523 tantum
1494 1486 1607 1523 esse
1634 1471 1913 1538 imaginem

410 1541 540 1603 Dei,
577 1552 625 1595 et
655 1527 1057 1610 primogenitum
1090 1544 1261 1594 omnis
1308 1551 1583 1594 creatura'.
1639 1541 1699 1594 V.
1740 1527 1803 1591 in
1850 1540 1917 1591 li-

412 1612 502 1665 bro
530 1611 780 1666 Marcelli
808 1613 941 1665 nihil
968 1622 1145 1681 aperte
1173 1628 1447 1665 erroneum
1483 1612 1648 1678 fuisse
1686 1610 1911 1663 videtur.

341 1723 382 1775 Ι.
400 1725 624 1775 Asterius
640 1739 729 1788 pro
745 1724 937 1775 Arianis
959 1726 1144 1781 scribit.
1170 1734 1335 1776 contra
1368 1726 1610 1775 Asterium
1633 1724 1913 1783 Marcellus,

813 1800 961 1849 quem
982 1789 1162 1838 refutat
1185 1788 1443 1837 Eusebius.

404 1883 653 1939 Asterius
672 1885 759 1939 ille
785 1884 1031 1955 sophista
1063 1885 1380 1946 circulator,
1410 1883 1523 1954 qui.
1561 1891 1619 1936 ut
1648 1883 1722 1937 ait
1749 1882 1909 1935 Atha-

337 1976 547 2039 nasius,
573 1989 856 2047 grassante
880 1978 934 2031 in
964 1978 1311 2033 Christianos
1354 1976 1671 2039 Maximino,
1702 1974 1905 2030 Christi

2021 528 2187 569 unam
2220 524 2429 571 tantum
2464 514 2805 585 hypostasin,
2831 514 2969 575 sive,
3009 521 3067 567 ut
3112 515 3186 568 illi
3218 517 3585 585 explicabant,

2020 608 2383 664 substantiam
2415 608 2471 661 in
2510 606 2621 661 Deo
2650 623 2772 662 esse
2818 607 3249 674 contendebant;
3301 609 3374 663 ita
3405 618 3586 667 tamen

2019 709 2077 754 ut
2108 700 2343 762 Patrem,
2377 696 2575 753 Filium
2619 707 2672 753 et
2721 698 2981 769 Spiritum
3016 708 3286 761 sanctum,
3335 701 3502 754 alium
3532 709 3587 755 et

2018 791 2183 845 alium
2219 800 2271 845 et
2303 792 2468 845 alium
2496 806 2618 845 esse
2648 790 3060 859 profiterentur;
3096 792 3187 843 alii
3220 806 3346 844 vero
3380 792 3587 845 formu-

2018 881 2124 935 lam
2155 882 2317 936 trium
2346 883 2718 953 hypostasium
2751 882 2817 935 ad
2848 881 3012 934 trium
3049 881 3453 937 distinctionem
3485 898 3584 953 op-

2018 982 2303 1042 portunam
2352 974 2641 1036 admisere,
2678 972 2805 1025 dum
2858 988 3018 1025 unam
3080 975 3284 1043 pariter
3328 975 3583 1029 substan-

2017 1065 2148 1117 tiam
2192 1066 2245 1119 in
2271 1064 2381 1119 Deo
2410 1080 2531 1120 esse
2558 1065 2820 1119 dicerent.
2852 1064 3184 1120 Athanasius
3212 1074 3389 1120 autem
3419 1068 3581 1121 modo

2019 1170 2205 1220 unam,
2260 1155 2420 1209 modo
2471 1164 2580 1209 tres
2616 1154 2671 1209 in
2728 1154 2837 1210 Deo
2877 1155 3196 1225 hypostases
3230 1156 3395 1222 dicit;
3441 1159 3581 1213 etin

2017 1244 2227 1314 synodo
2258 1244 2625 1298 Alexandrina
2656 1246 2781 1297 anni
2813 1245 2937 1308 569.,
2968 1246 3056 1298 cui
3089 1254 3315 1315 placeret
3341 1246 3583 1301 Athana-

2016 1337 2153 1400 sius,
2195 1338 2421 1391 liberum
2472 1353 2595 1393 esse
2629 1338 2885 1393 definitur
2916 1342 2993 1393 vel
3048 1356 3208 1393 unam
3260 1340 3580 1411 hypostasin

2016 1430 2218 1493 dicere,
2257 1430 2385 1483 dum
2418 1430 2581 1484 trium
2614 1430 2893 1486 distinctio
2926 1443 3189 1497 servetur,
3221 1434 3305 1488 vel
3336 1443 3447 1489 tres
3480 1436 3581 1506 hy-

2016 1530 2262 1591 postases
2316 1522 2596 1592 profiteri,
2654 1522 2783 1577 dum
2846 1538 2952 1577 una
3007 1534 3211 1579 tantum
3271 1527 3579 1583 substantia

2016 1611 2249 1666 dicatur.
2290 1613 2406 1667 Non
2446 1614 2748 1683 culpandus
2794 1630 2922 1684 ergo
2953 1614 3257 1679 Marcellus,
3295 1618 3437 1687 quod
3467 1616 3576 1672 Pa-

2018 1710 2155 1757 trem
2190 1712 2243 1758 et
2274 1703 2509 1758 Verbum
2542 1706 2822 1776 hypostasi
2850 1722 3020 1760 unum
3050 1723 3171 1762 esse
3198 1708 3410 1771 dixerit,
3443 1710 3576 1765 dum

1944 1782 1990 1841 Β
2017 1794 2182 1849 alium
2232 1803 2285 1850 et
2316 1796 2479 1850 alium
2511 1812 2633 1852 esse
2666 1800 2947 1868 professus
2993 1799 3083 1862 sit,
3133 1815 3233 1853 nec
3266 1801 3577 1856 distinctio-

2009 1899 2132 1938 nem
2161 1886 2469 1940 abstulerit.
2508 1888 2564 1942 id
2613 1904 2742 1943 vero
2768 1906 2833 1944 ex
2857 1891 3038 1944 allatis
3066 1891 3132 1945 ab
3173 1890 3406 1945 Eusebio
3432 1892 3575 1947 Mar-

2008 1974 2130 2029 celli
2180 1976 2315 2030 locis
2346 1978 2765 2033 examinandum
2796 1980 2964 2034 venit.
3013 1980 3102 2033 Ait
3144 1980 3309 2050 igitur
3346 1980 3573 2037 Marcel-

335 2068 548 2138 ejurata
596 2068 729 2135 fide,
780 2068 941 2124 idolis
1005 2069 1413 2134 immolaverat,
1471 2068 1715 2124 nascenti
1748 2058 2093 2131 Aria-'dus
2136 2066 2211 2137 (p.
2266 2069 2385 2137 55),
2439 2069 2711 2125 referente
2760 2069 2993 2126 Eusebio
3024 2091 3037 2127 :
3069 2072 3275 2125 Οὐκοῦν
3318 2072 3424 2144 πρὸ
3473 2074 3573 2145 μὲν

335 2162 520 2216 nismo
569 2178 767 2218 nomen
819 2162 1006 2227 dedit,
1065 2163 1377 2234 librumque
1428 2162 1740 2232 evulgavit,
1795 2176 1906 2231 quo

334 2252 662 2308 catholicam
739 2252 1046 2309 doctrinam
1124 2252 1456 2323 impeteret,
1538 2251 1906 2321 Arianamque

334 2344 654 2399 vindicaret.
686 2344 972 2401 Marcellus
1007 2360 1134 2400 vero
1182 2345 1404 2400 Arianis
1443 2360 1472 2399 a
1517 2344 1788 2415 principio
1820 2344 1905 2399 in-

334 2434 718 2501 fensissimus,
752 2436 1027 2493 Asterium
1085 2436 1232 2492 edito
1286 2438 1550 2508 opusculo
1603 2436 1900 2501 refutavit,

333 2529 773 2601 Arianorumque
831 2530 1106 2601 principes
1170 2529 1465 2586 Eusebium
1523 2530 1903 2586 Nicomedien-

333 2636 470 2683 sem,
496 2618 788 2676 Eusebium
824 2620 1238 2685 Caesariensem,
1270 2619 1559 2675 Paulinum
1592 2619 1739 2690 Tyri,
1764 2618 1903 2672 Nar-

332 2709 538 2763 cissum
587 2710 907 2765 Neroniadis
939 2720 992 2765 et
1023 2712 1158 2765 alios
1189 2712 1389 2779 passim
1439 2710 1626 2765 eodem
1660 2712 1713 2763 in
1759 2710 1899 2764 libro

332 2800 653 2855 lacessivit:
707 2816 814 2869 qua
858 2816 916 2855 re
961 2810 1243 2871 permotus
1294 2801 1558 2856 Eusebius
1596 2801 1886 2855 Czcsarien-

332 2896 431 2957 sis,
460 2896 701 2964 quinque
731 2895 901 2947 libros
947 2895 1119 2948 edidit
1147 2914 1158 2947 :
1192 2894 1280 2948 ubi
1315 2894 1639 2948 Arianorum
1674 2909 1895 2947 causam

332 3002 431 3058 pro
459 2988 669 3041 viribus
696 2986 1011 3044 defendens.
1045 3002 1233 3041 eorum
1266 2987 1655 3055 antesignanos
1689 3000 1719 3037 a
1757 2985 1898 3039 Mar-

331 3079 470 3134 cello
502 3078 801 3148 exagitatos
836 3078 1090 3133 laudibus
1119 3079 1182 3132 ad
1222 3078 1402 3133 sidera
1434 3079 1610 3140 tollit,
1658 3078 1712 3131 in
1755 3078 1897 3131 Mar-

331 3172 638 3240 cellumque
667 3169 1074 3226 Sabellianismi
1099 3171 1317 3226 nomine
1351 3170 1553 3225 acriter
1597 3171 1893 3225 invehitur.
1925 3136 1967 3193 θ’

334 3262 448 3317 Sub
482 3266 594 3317 haec
618 3272 799 3317 autem
832 3263 897 3317 de
926 3262 1161 3319 Marcelli
1228 3264 1497 3319 sententia
1543 3263 1705 3317 etiam
1764 3265 1903 3320 inter

331 3357 642 3412 Catholicos
702 3358 1038 3426 disputatum
1095 3364 1216 3411 est:
1255 3358 1376 3411 aliis
1425 3357 1550 3426 jure
1581 3365 1900 3411 accusatum

331 3447 645 3503 Marcellum
706 3449 1107 3519 pugnantibus;
1162 3449 1285 3503 aliis
1350 3465 1539 3504 sanam
1602 3449 1723 3519 ejus
1779 3464 1901 3504 esse

333 3538 493 3593 fidem
548 3539 845 3594 tuentibus.
899 3540 1007 3594 Nos
1046 3540 1230 3611 igitur,
1282 3540 1597 3610 ponderatis
1638 3541 1802 3596 rebus
1848 3550 1901 3595 et

331 3633 586 3702 expensis
623 3633 841 3688 Eusebii
900 3633 1346 3690 accusationibus
1370 3674 1384 3699 ,
1436 3634 1566 3705 quid
1604 3634 1675 3687 sit
1710 3634 1801 3686 illa
1834 3634 1900 3688 de

334 3740 392 3779 re
420 3725 763 3780 sentiendum
796 3726 1198 3796 indagabimus.

332 3836 393 3889 ll.
417 3838 495 3889 An
514 3838 772 3889 Marcellus
793 3840 921 3890 dicat
949 3841 1145 3951 Paulam
1170 3847 1224 3951 eit
1245 3840 1462 3890 Verbum
1486 3839 1605 3890 solis
1626 3839 1901 3890 nominibus

1020 3916 1057 3950 Is
1081 3916 1195 3951 nuru
1224 3940 1234 3951 .

1020 3916 1234 3964 isungut.

401 3996 551 4050 Hanc
582 3996 757 4065 primo
803 3996 857 4049 in
910 3995 1223 4050 Marcellum
1273 3996 1711 4051 criminationem
1744 3993 1899 4050 aﬂert

333 4085 598 4143 Eusebius
632 4086 708 4156 (p.
761 4088 838 4157 5),
876 4085 1023 4156 quod
1057 4087 1279 4151 dixerit,
1329 4084 1566 4141 Verbum
1599 4088 1668 4142 ab
1697 4097 1897 4141 aeterno

334 4195 498 4234 unum
541 4195 663 4235 esse
697 4194 818 4233 cum
870 4178 1031 4232 Patre
1060 4180 1215 4249 οὑσίᾳ
1247 4180 1339 4232 καὶ
1371 4180 1683 4241 ὑποστάσει,
1712 4194 1899 4233 essen-

332 4272 406 4325 tia
433 4280 486 4327 et
511 4271 787 4341 hypostasi
811 4288 824 4337 ;
860 4272 931 4324 ita
966 4279 1021 4323 ut
1044 4272 1175 4325 solis
1202 4273 1513 4326 numinibus
1538 4280 1725 4325 mutuo
1754 4270 1900 4326 diil‘e-

231 4367 235 4371 ’
332 4372 499 4417 rant:
533 4378 763 4433 esseque
816 4361 1053 4417 Verbum
1116 4376 1374 4417 aeternum
1439 4372 1494 4420 et
1548 4364 1894 4434 ingenitum:

2004 2161 2096 2213 τοῦ
2127 2162 2424 2229 κατελθεῖν,
2470 2166 2563 2217 καὶ
2594 2164 2683 2217 διὰ
2712 2163 2812 2233 τῆς
2840 2163 3114 2235 Παρθένου
3149 2164 3422 2236 τεχθῆναι,
3470 2167 3573 2220 Λό-

2002 2268 2099 2321 γος
2137 2249 2204 2325 ἦν
2260 2255 2437 2325 μόνον.
2484 2257 2632 2308 Ἐπεὶ
2657 2257 2710 2308 τε
2742 2255 2928 2327 ἕτερον
2966 2250 3056 2326 ἦν,
3096 2256 3201 2327 πρὸ
3227 2257 3319 2310 τοῦ
3347 2257 3445 2330 τὴν
3485 2259 3575 2311 ἀν-

2005 2344 2278 2417 θρωπίνην
2306 2347 2593 2401 ἀναλαϐεῖν
2630 2348 2827 2418 σάρκα,
2856 2348 2917 2401 τὸ
2945 2347 3200 2401 κατελθὸν
3230 2351 3315 2401 ἐπ’
3348 2349 3573 2419 ἔσχατον

2000 2437 2109 2490 τῶν
2142 2438 2382 2509 ἡμερῶν,
2410 2440 2486 2501 ὡς
2521 2440 2614 2493 καὶ
2640 2441 2799 2504 αὑτὸς
2820 2441 3079 2513 γέγραφε,
3108 2443 3198 2494 καὶ
3225 2443 3285 2495 τὸ
3316 2442 3571 2514 γεννηθὲν

2001 2532 2065 2583 ὲκ
2097 2530 2196 2601 τῆς
2228 2533 2534 2604 Παρθένου;
2569 2534 2734 2586 Οὑδὲν
2778 2534 2963 2603 ἕτερον
2992 2534 3023 2604 ἢ
3060 2534 3252 2601 Λόγος.
3300 2534 3411 2589 lloc
3442 2546 3524 2589 est
3550 2555 3565 2591 :

2002 2620 2190 2692 Itaque
2240 2625 2543 2693 priusquam
2585 2624 2935 2690 descenderet,
2985 2634 3035 2678 et
3099 2640 3164 2679 e1:
3219 2625 3426 2695 Virgine
3474 2643 3571 2680 na-

2000 2724 2248 2774 sceretur,
2294 2713 2511 2765 Verbum
2558 2723 2673 2766 erat
2703 2712 3052 2767 solummodo.
3092 2712 3234 2766 Nam
3264 2715 3388 2784 quid
3420 2714 3571 2768 aliud

1998 2813 2135 2865 erat,
2185 2804 2493 2872 priusquam
2552 2805 2837 2857 humanam
2886 2821 3097 2858 carnem
3153 2815 3472 2869 assumeret,
3515 2805 3570 2860 id

1998 2895 2133 2964 quod
2162 2896 2213 2947 in
2248 2896 2540 2947 novissimis
2596 2896 2777 2949 diebus
2811 2896 3075 2949 descendit
3105 2896 3567 2965 (quemadmodum

1998 2986 2107 3054 ipse
2155 2985 2380 3049 scribit),
2412 2994 2461 3037 et
2501 2987 2636 3054 quod
2668 2990 2729 3039 de
2790 2986 2996 3056 Virgine
3044 2997 3226 3040 natum
3254 2990 3378 3041 est?
3413 2986 3568 3042 Nihil

2001 3077 2146 3130 aliud
2194 3094 2352 3147 quam
2412 3076 2655 3133 Verbum.
2708 3078 2996 3133 Marcellus
3047 3094 3199 3145 sane,
3235 3080 3329 3149 qui
3376 3091 3567 3134 contra

2006 3167 2296 3222 Sabellium
2332 3183 2519 3237 agens,
2561 3167 2774 3223 Patrem
2831 3178 2992 3239 negat
3042 3172 3402 3234 incarnatum,
3452 3171 3567 3225 haec

2003 3261 2244 3315 scribere
2292 3276 2400 3314 non
2450 3262 2647 3331 potuit,
2679 3260 2813 3331 quin
2846 3259 3079 3316 Verbum
3114 3276 3145 3315 a
3174 3261 3332 3317 Patre
3370 3263 3566 3319 distin-

2002 3359 2150 3405 ctum
2186 3352 2449 3406 crederet.
2482 3351 2547 3405 Et
2587 3354 2774 3421 paucis
2804 3353 3139 3423 interpositis
3185 3354 3297 3407 htec
3328 3354 3565 3411 Marcelli

2001 3443 2163 3498 verba
2196 3443 2531 3497 afferuntur:
2564 3443 2747 3497 Discat
2776 3445 2957 3514 igitur,
2998 3444 3216 3498 Verbum
3245 3445 3360 3512 Dei,
3380 3462 3481 3499 non
3506 3457 3565 3501 ut

2000 3534 2082 3587 illi
2112 3536 2308 3597 volunt,
2348 3534 2569 3588 Verbum
2601 3536 3056 3606 καταχρηστικῶς
3085 3537 3439 3605 appellatum;
3467 3538 3557 3593 sed

1999 3623 2136 3694 quod
2160 3640 2356 3689 revera,
2379 3625 2453 3687 ὠς
2483 3624 2715 3694 ἀληθῶς,
2736 3626 3037 3690 exsistebat,
3075 3626 3314 3682 Verbum.
3342 3627 3464 3693 Ubi,
3497 3630 3565 3684 ii-

2002 3715 2115 3779 lud,
2146 3733 2347 3779 revera,
2378 3715 2612 3770 Verbum
2656 3717 2934 3772 exstitisse
2978 3734 3101 3773 vere
3126 3727 3179 3773 et
3209 3735 3304 3788 per
3349 3735 3427 3785 se,
3462 3736 3563 3775 nec

1999 3824 2167 3862 unum
2215 3817 2267 3863 et
2319 3807 2460 3862 idem
2508 3824 2632 3863 cum
2678 3807 2839 3863 Patre
2891 3808 3082 3874 fuisse,
3131 3809 3372 3867 denotat.
3418 3810 3563 3866 Alibi

1998 3916 2127 3955 vero
2167 3901 2242 3970 (p.
2278 3900 2367 3969 59')
2400 3900 2476 3953 ait
2522 3899 2810 3956 Marcellus
2840 3920 2853 3955 :
2878 3901 2991 3972 Πρὸ
3031 3901 3139 3973 γὰρ
3170 3901 3269 3971 τῆς
3308 3902 3567 3974 δημιουρ.

1997 3990 2121 4058 γίας
2150 3990 2364 4060 ἁπάσης
2396 3990 2593 4060 ἡσυχία
2641 4008 2723 4053 τις
2751 3986 2840 4061 ἦν,
2887 3990 2963 4053 ὼς
2996 3990 3163 4054 εἰκὸς,
3210 3992 3269 4043 ὲν
3318 3990 3395 4061 τῷ
3446 3990 3565 4061 Θεῷ

1996 4081 2091 4134 τοῦ
2120 4082 2292 4149 Λόγου
2321 4082 2493 4145 ὄντος.
2518 4081 2630 4136 lloc
2661 4091 2781 4137 est:
2816 4082 2949 4136 Ante
2974 4098 3175 4136 omnem
3207 4097 3381 4136 rerum
3419 4097 3567 4136 crea-

2000 4175 2191 4228 tionem
2241 4184 2378 4238 erat,
2414 4183 2471 4226 ut
2512 4189 2611 4242 par
2650 4183 2726 4229 est
2765 4175 2993 4237 credere,
3029 4177 3173 4247 quies
3220 4176 3275 4229 in
3314 4176 3444 4241 Deo,
3475 4192 3567 4231 ea:-

1996 4266 2208 4319 sistente
2265 4265 2404 4335 apud
2454 4266 2623 4319 Deum
2684 4266 2869 4321 Verbo.
2941 4265 3042 4322 Ubi
3098 4268 3231 4322 nihil
3298 4284 3406 4321 non
3460 4268 3567 4321 Ca-

1998 4356 2259 4410 tholicum
2313 4356 2733 4425 deprehendas:
2769 4373 2892 4410 nam
2940 4358 3085 4427 quod
3134 4358 3268 4411 dicit
3324 4357 3563 4413 Verbum

331 4454 499 4523 quod,
537 4462 594 4508 ut
647 4456 724 4508 ait
788 4455 896 4518 ille,
944 4455 1218 4525 ipsissima
1274 4463 1357 4510 est
1406 4454 1625 4510 Sabeliii
1686 4456 1890 4525 opinio.
1926 4471 1971 4527 ι)
1999 4464 2121 4503 csse
2146 4449 2200 4501 in
2220 4448 2328 4503 Deo
2360 4450 2440 4503 vel
2472 4449 2612 4519 apud
2640 4448 2828 4514 Deum,
2852 4449 3078 4504 Joannis
3107 4459 3209 4506 est.
3238 4451 3448 4506 Etenim
3471 4453 3562 4506 alii

332 4546 486 4613 Quod
535 4556 714 4602 autem
760 4545 920 4601 Pater
948 4556 1000 4601 et
1032 4545 1268 4601 Verbum
1313 4547 1470 4619 οὑσὶα
1518 4548 1631 4602 sive
1656 4548 1895 4603 essentia

334 4656 501 4694 unum
534 4648 737 4705 essent,
770 4642 821 4695 id
854 4641 1118 4695 Catholici
1163 4656 1352 4695 omnes
1383 4640 1635 4695 dicebant
1664 4658 1677 4707 ;
1704 4641 1896 4694 Ariani

331 4747 462 4786 vero
500 4732 743 4787 diversas
790 4734 844 4788 in
877 4732 1037 4787 Patre
1074 4743 1128 4787 et
1161 4732 1336 4787 Verbo
1375 4742 1428 4787 et
1461 4741 1740 4801 separatas
1778 4733 1896 4786 dis-

331 4837 598 4892 paresque
650 4825 921 4877 essentias
959 4838 1080 4876 esse
1113 4822 1516 4877 contendebant
1576 4840 1589 4875 :
1630 4822 1899 4891 idipsum-

331 4930 437 4981 que
464 4922 665 4985 pugnat
698 4913 965 4969 Eusebius
992 4914 1129 4968 utin
1158 4912 1610 4983 praeliminaribus
1646 4912 1713 4966 ad
1741 4927 1899 4965 com-

333 5008 598 5061 mentaria
624 5008 680 5058 in
712 5005 954 5059 Psalmos
1000 5007 1408 5076 comprobatum
1440 5013 1544 5060 est.
1598 5004 1670 5059 De
1719 5005 1899 5075 hypo-

334 5098 489 5163 stasi,
535 5098 848 5162 ὑποστάσει,
906 5113 1034 5152 vero
1082 5101 1309 5168 quaestio
1362 5108 1479 5153 erat
1540 5100 1702 5153 etiam
1752 5099 1892 5152 inter

250 5262 253 5263 ν
333 5190 683 5245 Catholicos;
715 5206 945 5260 quorum
987 5191 1078 5245 alii
1127 5203 1236 5247 tres
1271 5192 1591 5263 hypostases
1622 5192 1676 5245 in
1708 5189 1894 5244 Trini—

335 5290 446 5337 tate
485 5283 897 5352 proﬁtebantur,
928 5282 1019 5337 alii
1057 5299 1239 5347 unam,
1286 5300 1394 5338 non
1438 5300 1515 5349 re,
1548 5283 1642 5339 sed
1673 5284 1893 5337 nomine

262 5411 266 5415 -
335 5387 543 5430 tantum
588 5377 727 5431 inter
755 5392 813 5431 se
846 5376 1238 5446 discrepantes.
1279 5376 1414 5431 Nam
1445 5392 1570 5432 cum
1604 5376 1792 5430 Ariani
1831 5376 1898 5430 ab

333 5483 525 5527 exortu
559 5470 828 5525 haereseos
871 5477 983 5523 tres
1023 5469 1343 5538 hypostases
1380 5470 1433 5523 in
1470 5470 1733 5524 Trinitate
1767 5484 1896 5539 pro-

333 5562 466 5617 fessi
508 5568 712 5625 essent,
759 5576 822 5616 ac
874 5561 1187 5623 ὑπόστασις,
1221 5570 1358 5616 teste
1402 5562 1724 5625 Athanasio,
1766 5561 1899 5616 sub.

336 5657 593 5710 stantiam
621 5670 688 5709 ex
721 5670 779 5710 se
816 5652 1119 5725 signiticet;
1149 5654 1305 5707 multi
1344 5652 1753 5708 Catholicorum
1783 5668 1893 5707 non

335 5749 502 5807 nescii
562 5748 814 5811 Arianos,
852 5746 980 5802 dum
1030 5753 1142 5803 tres
1194 5746 1512 5817 hyoostases
1559 5744 1957 5829 proferrent.”

1999 4559 2068 4600 ex
2111 4540 2211 4595 SS.
2242 4541 2514 4605 Patribus,
2563 4542 2614 4595 in
2644 4543 2843 4611 quibus
2872 4542 3204 4597 Athanasius
3247 4544 3470 4612 passim,
3510 4550 3565 4597 et

1998 4637 2357 4707 Augustinus,
2386 4635 2620 4704 idipsum
2649 4650 2793 4699 esse,
2829 4633 2964 4705 πρὸς
2994 4634 3087 4685 τὸν
3113 4634 3244 4687 Θεὸν
3272 4634 3365 4686 καὶ
3404 4634 3461 4685 ὲν
3485 4632 3566 4703 τῷ

1999 4728 2138 4797 Θεῷ,
2166 4725 2305 4793 apud
2336 4725 2503 4779 Deum
2536 4736 2583 4779 ct
2614 4726 2665 4777 in
2703 4724 2812 4778 Deo
2842 4740 2963 4778 esse
2993 4724 3283 4791 dicebant;
3315 4725 3405 4778 alii
3437 4739 3565 4778 vero

1999 4834 2051 4878 et
2076 4822 2295 4892 quidem
2331 4836 2529 4891 magno
2557 4836 2803 4883 numero,
2839 4820 2971 4874 illud
3006 4820 3063 4871 ὲν
3086 4819 3163 4889 τῷ
3185 4818 3322 4889 Θεῷ,
3351 4819 3474 4888 quia
3510 4819 3565 4871 in

2000 4914 2291 4983 Evangelia
2310 4915 2381 4967 ita
2398 4930 2503 4967 non
2530 4914 2747 4983 legitur,
2772 4918 3084 4981 suspectum
3104 4910 3410 4965 habebant:
3440 4923 3564 4962 nam

1999 5008 2143 5080 quod
2166 5007 2431 5071 Pauliani,
2454 5006 2768 5071 Sabelliani,
2808 5004 3160 5066 Marcelliani,
3180 5010 3233 5056 et
3256 4999 3564 5055 Photiniani

2000 5101 2246 5172 forteque
2267 5102 2379 5165 alii,
2418 5100 2596 5155 omnis
2616 5100 2755 5151 inter
2776 5095 2993 5149 Patrem
3020 5104 3073 5148 et
3101 5092 3293 5146 Filium
3318 5090 3567 5146 tollenda:

1999 5195 2371 5251 distinctionis
2400 5207 2590 5256 causa,
2620 5193 2720 5246 hac
2748 5188 3002 5260 loquendi
3038 5188 3248 5240 ratione
3277 5186 3568 5239 abuteren-

2000 5294 2111 5349 tur,
2161 5286 2294 5341 illud
2346 5288 2404 5339 ἐν
2448 5286 2525 5357 τῷ
2572 5284 2711 5355 Θεῷ,
2736 5282 3075 5353 rejiciebant.
3126 5276 3283 5344 Quod
3333 5291 3463 5332 vero
3493 5277 3568 5329 ait

2000 5378 2306 5442 Marcellus,
2348 5387 2473 5433 ante
2497 5379 2827 5433 creationem
2861 5374 3034 5427 fuisse
3077 5372 3313 5442 quietem
3349 5370 3403 5423 in
3437 5366 3568 5432 Deo,

2000 5470 2114 5525 sive
2152 5470 2446 5532 silentium,
2480 5476 2538 5522 ut
2566 5468 2704 5524 alias
2745 5466 3028 5535 loquitur;
3071 5462 3125 5517 id
3174 5476 3359 5516 sanam
3409 5457 3567 5514 fidem

1999 5562 2135 5616 nihil
2164 5561 2324 5616 laedit.
2357 5558 2510 5615 Licet
2544 5560 2687 5615 enim
2716 5558 2770 5612 in
2801 5556 2912 5612 Deo
2945 5555 3094 5610 nulla
3127 5548 3457 5607 conditionis
3484 5544 3568 5606 vel

1999 5661 2176 5710 status
2227 5652 2457 5707 mutatio
2491 5666 2619 5707 vere
2666 5649 2919 5714 exsistat,
2967 5655 3022 5702 et
3062 5643 3301 5701 Verbum
3345 5640 3569 5713 perinde

2000 5754 2147 5805 ante.
2195 5758 2360 5804 uuam
2408 5750 2531 5800 post
2579 5742 2911 5801 creationem
2941 5747 2995 5798 et
3035 5736 3467 5796 incarnationem
3511 5735 3566 5786 in

2348 5972 2539 6089 ,Γ
