  <div class='ocr_page' id='page_1' title='image "/cluster/home/n/w/nwhite01/storage/ocr_20150623/18/hvd.32044073501215/655.png"; bbox 0 0 4116 6332; ppageno 0'>
   <div class='ocr_carea' id='block_1_1' title="bbox 686 293 824 350">
    <p class='ocr_par' dir='ltr' id='par_1_1' title="bbox 686 293 824 350">
     <span class='ocr_line' id='line_1_1' title="bbox 686 293 824 350; baseline 0.014 -4"><span class='ocrx_word' id='word_1_1' title='bbox 686 293 824 350; x_wconf 66' lang='lat'><strong>4987</strong></span> 
     </span>
    </p>
   </div>
   <div class='ocr_carea' id='block_1_2' title="bbox 1927 293 2668 357">
    <p class='ocr_par' dir='ltr' id='par_1_2' title="bbox 1927 293 2668 357">
     <span class='ocr_line' id='line_1_2' title="bbox 1927 293 2668 357; baseline 0.009 -7"><span class='ocrx_word' id='word_1_2' title='bbox 1927 297 2012 352; x_wconf 90' lang='lat' dir='ltr'><strong>DE</strong></span> <span class='ocrx_word' id='word_1_3' title='bbox 2051 297 2208 352; x_wconf 80' lang='lat' dir='ltr'><strong>VITA</strong></span> <span class='ocrx_word' id='word_1_4' title='bbox 2241 293 2329 348; x_wconf 82' lang='lat' dir='ltr'><strong>ET</strong></span> <span class='ocrx_word' id='word_1_5' title='bbox 2362 295 2668 357; x_wconf 78' lang='lat' dir='ltr'><strong>SCRIPTIS</strong></span> 
     </span>
    </p>
   </div>
   <div class='ocr_carea' id='block_1_3' title="bbox 3713 311 3814 368">
    <p class='ocr_par' dir='ltr' id='par_1_3' title="bbox 3713 311 3814 368">
     <span class='ocr_line' id='line_1_3' title="bbox 3713 311 3814 368; baseline 0.05 -5"><span class='ocrx_word' id='word_1_6' title='bbox 3713 311 3814 368; x_wconf 67' lang='lat' dir='ltr'><strong>l288</strong></span> 
     </span>
    </p>
   </div>
   <div class='ocr_carea' id='block_1_4' title="bbox 688 408 3814 486">
    <p class='ocr_par' dir='ltr' id='par_1_4' title="bbox 688 408 3814 486">
     <span class='ocr_line' id='line_1_4' title="bbox 688 408 3814 486; baseline 0.006 -26"><span class='ocrx_word' id='word_1_7' title='bbox 688 408 798 463; x_wconf 79' lang='lat' dir='ltr'><strong>Deo</strong></span> <span class='ocrx_word' id='word_1_8' title='bbox 832 409 988 465; x_wconf 87' lang='lat' dir='ltr'><strong>Patre</strong></span> <span class='ocrx_word' id='word_1_9' title='bbox 1029 411 1290 467; x_wconf 77' lang='lat' dir='ltr'><strong>manserit</strong></span> <span class='ocrx_word' id='word_1_10' title='bbox 1318 419 1371 467; x_wconf 92' lang='lat' dir='ltr'><strong>et</strong></span> <span class='ocrx_word' id='word_1_11' title='bbox 1398 423 1644 479; x_wconf 86' lang='lat' dir='ltr'><strong>maneat;</strong></span> <span class='ocrx_word' id='word_1_12' title='bbox 1692 413 1928 469; x_wconf 88' lang='lat' dir='ltr'><strong>humano</strong></span> <span class='ocrx_word' id='word_1_13' title='bbox 1950 422 2130 470; x_wconf 85' lang='lat' dir='ltr'><strong>tamen</strong></span> <span class='ocrx_word' id='word_1_14' title='bbox 2164 415 2240 468; x_wconf 92' lang='lat' dir='ltr'><strong>lo-</strong></span> <span class='ocrx_word' id='word_1_15' title='bbox 2265 418 2314 472; x_wconf 81' lang='grc' dir='ltr'>Α</span> <span class='ocrx_word' id='word_1_16' title='bbox 2341 427 2392 471; x_wconf 90' lang='lat' dir='ltr'><strong>et</strong></span> <span class='ocrx_word' id='word_1_17' title='bbox 2421 419 2810 485; x_wconf 77' lang='lat' dir='ltr'><strong>estensionem,</strong></span> <span class='ocrx_word' id='word_1_18' title='bbox 2843 435 3006 486; x_wconf 86' lang='lat' dir='ltr'><strong>quam</strong></span> <span class='ocrx_word' id='word_1_19' title='bbox 3039 423 3333 476; x_wconf 89' lang='lat' dir='ltr'><strong>secundum</strong></span> <span class='ocrx_word' id='word_1_20' title='bbox 3380 422 3594 476; x_wconf 73' lang='lat' dir='ltr'><strong>Marcelli</strong></span> <span class='ocrx_word' id='word_1_21' title='bbox 3641 438 3814 480; x_wconf 82' lang='lat' dir='ltr'><strong>senten-</strong></span> 
     </span>
    </p>
   </div>
   <div class='ocr_carea' id='block_1_5' title="bbox 685 501 2238 574">
    <p class='ocr_par' dir='ltr' id='par_1_5' title="bbox 685 501 2238 574">
     <span class='ocr_line' id='line_1_5' title="bbox 685 501 2238 574; baseline 0.005 -22"><span class='ocrx_word' id='word_1_22' title='bbox 685 501 883 570; x_wconf 84' lang='lat' dir='ltr'><strong>quendi</strong></span> <span class='ocrx_word' id='word_1_23' title='bbox 913 515 1080 567; x_wconf 86' lang='lat' dir='ltr'><strong>more,</strong></span> <span class='ocrx_word' id='word_1_24' title='bbox 1125 501 1497 566; x_wconf 84' lang='lat' dir='ltr'><strong>descendisse.</strong></span> <span class='ocrx_word' id='word_1_25' title='bbox 1524 505 1744 570; x_wconf 75' lang='lat' dir='ltr'><strong>exiisse,</strong></span> <span class='ocrx_word' id='word_1_26' title='bbox 1769 521 2050 574; x_wconf 76' lang='lat' dir='ltr'><strong>egressura</strong></span> <span class='ocrx_word' id='word_1_27' title='bbox 2097 518 2238 573; x_wconf 81' lang='lat' dir='ltr'><strong>esse,</strong></span> 
     </span>
    </p>
   </div>
   <div class='ocr_carea' id='block_1_6' title="bbox 686 589 2240 665">
    <p class='ocr_par' dir='ltr' id='par_1_6' title="bbox 686 589 2240 665">
     <span class='ocr_line' id='line_1_6' title="bbox 686 589 2240 665; baseline 0.006 -23"><span class='ocrx_word' id='word_1_28' title='bbox 686 589 994 665; x_wconf 85' lang='lat' dir='ltr'><strong>pariterque</strong></span> <span class='ocrx_word' id='word_1_29' title='bbox 1014 592 1295 661; x_wconf 84' lang='lat' dir='ltr'><strong>quiescere</strong></span> <span class='ocrx_word' id='word_1_30' title='bbox 1315 600 1370 647; x_wconf 90' lang='lat' dir='ltr'><strong>et</strong></span> <span class='ocrx_word' id='word_1_31' title='bbox 1393 593 1550 648; x_wconf 91' lang='lat' dir='ltr'><strong>silere</strong></span> <span class='ocrx_word' id='word_1_32' title='bbox 1574 594 1791 648; x_wconf 89' lang='lat' dir='ltr'><strong>dicitur.</strong></span> <span class='ocrx_word' id='word_1_33' title='bbox 1809 593 1978 648; x_wconf 88' lang='lat' dir='ltr'><strong>Paulo</strong></span> <span class='ocrx_word' id='word_1_34' title='bbox 1999 604 2118 665; x_wconf 89' lang='lat' dir='ltr'><strong>post</strong></span> <span class='ocrx_word' id='word_1_35' title='bbox 2142 612 2240 651; x_wconf 89' lang='lat' dir='ltr'><strong>au-</strong></span> 
     </span>
    </p>
   </div>
   <div class='ocr_carea' id='block_1_7' title="bbox 685 661 2242 756">
    <p class='ocr_par' dir='ltr' id='par_1_7' title="bbox 685 661 2242 756">
     <span class='ocr_line' id='line_1_7' title="bbox 685 661 2242 756; baseline 0.004 -23"><span class='ocrx_word' id='word_1_36' title='bbox 685 688 789 734; x_wconf 91' lang='lat' dir='ltr'><strong>tem</strong></span> <span class='ocrx_word' id='word_1_37' title='bbox 809 661 904 748; x_wconf 36' lang='lat' dir='ltr'><strong>.(p.</strong></span> <span class='ocrx_word' id='word_1_38' title='bbox 936 681 1026 748; x_wconf 75' lang='grc'><strong>40)</strong></span> <span class='ocrx_word' id='word_1_39' title='bbox 1064 683 1177 736; x_wconf 66' lang='lat' dir='ltr'><strong>haec</strong></span> <span class='ocrx_word' id='word_1_40' title='bbox 1220 682 1667 739; x_wconf 27' lang='lat' dir='ltr'><strong>Marcelli‘verba</strong></span> <span class='ocrx_word' id='word_1_41' title='bbox 1697 661 2042 741; x_wconf 76' lang='lat' dir='ltr'><strong>vehementer</strong></span> <span class='ocrx_word' id='word_1_42' title='bbox 2067 687 2242 756; x_wconf 90' lang='lat' dir='ltr'><strong>carpit</strong></span> 
     </span>
    </p>
   </div>
   <div class='ocr_carea' id='block_1_8' title="bbox 685 774 2241 844">
    <p class='ocr_par' dir='ltr' id='par_1_8' title="bbox 685 774 2241 844">
     <span class='ocr_line' id='line_1_8' title="bbox 685 774 2241 844; baseline 0.004 -16"><span class='ocrx_word' id='word_1_43' title='bbox 685 774 993 830; x_wconf 81' lang='lat' dir='ltr'><strong>Eusebius:</strong></span> <span class='ocrx_word' id='word_1_44' title='bbox 1030 774 1235 831; x_wconf 77' lang='lat' dir='ltr'><strong>Sciebat</strong></span> <span class='ocrx_word' id='word_1_45' title='bbox 1260 789 1434 831; x_wconf 89' lang='lat' dir='ltr'><strong>autem</strong></span> <span class='ocrx_word' id='word_1_46' title='bbox 1473 778 1605 832; x_wconf 83' lang='lat' dir='ltr'><strong>illud</strong></span> <span class='ocrx_word' id='word_1_47' title='bbox 1643 781 1944 844; x_wconf 75' lang='lat' dir='ltr'><strong>conducere,</strong></span> <span class='ocrx_word' id='word_1_48' title='bbox 1979 790 2036 834; x_wconf 86' lang='lat' dir='ltr'><strong>ut</strong></span> <span class='ocrx_word' id='word_1_49' title='bbox 2064 780 2241 836; x_wconf 83' lang='lat' dir='ltr'><strong>crede-</strong></span> 
     </span>
    </p>
   </div>
   <div class='ocr_carea' id='block_1_9' title="bbox 684 869 2239 942">
    <p class='ocr_par' dir='ltr' id='par_1_9' title="bbox 684 869 2239 942">
     <span class='ocr_line' id='line_1_9' title="bbox 684 869 2239 942; baseline 0.003 -20"><span class='ocrx_word' id='word_1_50' title='bbox 684 879 794 922; x_wconf 86' lang='lat' dir='ltr'><strong>rent</strong></span> <span class='ocrx_word' id='word_1_51' title='bbox 857 885 1017 922; x_wconf 89' lang='lat' dir='ltr'><strong>unum</strong></span> <span class='ocrx_word' id='word_1_52' title='bbox 1087 869 1247 923; x_wconf 86' lang='lat' dir='ltr'><strong>Deum</strong></span> <span class='ocrx_word' id='word_1_53' title='bbox 1293 887 1424 926; x_wconf 85' lang='lat' dir='ltr'><strong>esse.</strong></span> <span class='ocrx_word' id='word_1_54' title='bbox 1464 869 1590 925; x_wconf 85' lang='lat' dir='ltr'><strong>Ideo</strong></span> <span class='ocrx_word' id='word_1_55' title='bbox 1641 871 1717 924; x_wconf 86' lang='lat' dir='ltr'><strong>sic</strong></span> <span class='ocrx_word' id='word_1_56' title='bbox 1763 888 1880 926; x_wconf 89' lang='lat' dir='ltr'><strong>eum</strong></span> <span class='ocrx_word' id='word_1_57' title='bbox 1907 872 2239 942; x_wconf 76' lang='lat' dir='ltr'><strong>alloquitur:</strong></span> 
     </span>
    </p>
   </div>
   <div class='ocr_carea' id='block_1_10' title="bbox 689 959 2238 1031">
    <p class='ocr_par' dir='ltr' id='par_1_10' title="bbox 689 959 2238 1031">
     <span class='ocr_line' id='line_1_10' title="bbox 689 959 2238 1031; baseline 0.006 -19"><span class='ocrx_word' id='word_1_58' title='bbox 689 981 706 1012; x_wconf 72' lang='grc' dir='ltr'>ι</span> <span class='ocrx_word' id='word_1_59' title='bbox 771 959 880 1031; x_wconf 85' lang='lat' dir='ltr'><strong>Ego</strong></span> <span class='ocrx_word' id='word_1_60' title='bbox 933 977 1049 1016; x_wconf 86' lang='lat' dir='ltr'><strong>sum</strong></span> <span class='ocrx_word' id='word_1_61' title='bbox 1105 963 1195 1031; x_wconf 91' lang='lat' dir='ltr'><strong><em>qui</em></strong></span> <span class='ocrx_word' id='word_1_62' title='bbox 1257 980 1373 1017; x_wconf 82' lang='lat' dir='ltr'><strong>sum</strong></span> <span class='ocrx_word' id='word_1_63' title='bbox 1415 963 1470 1027; x_wconf 80' lang='grc'><strong>¹;</strong></span> <span class='ocrx_word' id='word_1_64' title='bbox 1531 983 1550 1014; x_wconf 71' lang='grc' dir='ltr'><strong><em>ι</em></strong></span> <span class='ocrx_word' id='word_1_65' title='bbox 1620 972 1677 1016; x_wconf 90' lang='lat' dir='ltr'><strong>ut</strong></span> <span class='ocrx_word' id='word_1_66' title='bbox 1722 975 1874 1018; x_wconf 74' lang='lat' dir='ltr'><strong>extra</strong></span> <span class='ocrx_word' id='word_1_67' title='bbox 1934 982 1989 1020; x_wconf 85' lang='lat' dir='ltr'><strong>se</strong></span> <span class='ocrx_word' id='word_1_68' title='bbox 2035 967 2238 1021; x_wconf 87' lang='lat' dir='ltr'><strong>nullum</strong></span> 
     </span>
    </p>
   </div>
   <div class='ocr_carea' id='block_1_11' title="bbox 683 1053 2236 1123">
    <p class='ocr_par' dir='ltr' id='par_1_11' title="bbox 683 1053 2236 1123">
     <span class='ocr_line' id='line_1_11' title="bbox 683 1053 2236 1123; baseline 0.003 -17"><span class='ocrx_word' id='word_1_69' title='bbox 683 1053 848 1106; x_wconf 85' lang='lat' dir='ltr'><strong>alium</strong></span> <span class='ocrx_word' id='word_1_70' title='bbox 909 1070 1020 1107; x_wconf 89' lang='lat' dir='ltr'><strong>esse</strong></span> <span class='ocrx_word' id='word_1_71' title='bbox 1079 1053 1246 1107; x_wconf 88' lang='lat' dir='ltr'><strong>Deum</strong></span> <span class='ocrx_word' id='word_1_72' title='bbox 1322 1053 1550 1111; x_wconf 83' lang='lat' dir='ltr'><strong>doceret.</strong></span> <span class='ocrx_word' id='word_1_73' title='bbox 1613 1054 1853 1110; x_wconf 79' lang='lat' dir='ltr'><strong>Proclive</strong></span> <span class='ocrx_word' id='word_1_74' title='bbox 1903 1067 1980 1110; x_wconf 81' lang='lat' dir='ltr'><strong>est</strong></span> <span class='ocrx_word' id='word_1_75' title='bbox 2039 1066 2236 1123; x_wconf 83' lang='lat' dir='ltr'><strong>autem,</strong></span> 
     </span>
    </p>
   </div>
   <div class='ocr_carea' id='block_1_12' title="bbox 683 1145 2239 1220">
    <p class='ocr_par' dir='ltr' id='par_1_12' title="bbox 683 1145 2239 1220">
     <span class='ocr_line' id='line_1_12' title="bbox 683 1145 2239 1220; baseline 0.004 -23"><span class='ocrx_word' id='word_1_76' title='bbox 683 1156 739 1197; x_wconf 87' lang='lat' dir='ltr'><strong>ut</strong></span> <span class='ocrx_word' id='word_1_77' title='bbox 785 1145 1036 1208; x_wconf 88' lang='lat' dir='ltr'><strong>arbitror,</strong></span> <span class='ocrx_word' id='word_1_78' title='bbox 1089 1146 1270 1214; x_wconf 78' lang='lat' dir='ltr'><strong>cuique</strong></span> <span class='ocrx_word' id='word_1_79' title='bbox 1315 1145 1577 1215; x_wconf 77' lang='lat' dir='ltr'><strong>prudenti,</strong></span> <span class='ocrx_word' id='word_1_80' title='bbox 1622 1146 1676 1198; x_wconf 88' lang='lat' dir='ltr'><strong>id</strong></span> <span class='ocrx_word' id='word_1_81' title='bbox 1723 1147 1786 1200; x_wconf 91' lang='lat' dir='ltr'><strong>ab</strong></span> <span class='ocrx_word' id='word_1_82' title='bbox 1833 1147 2059 1203; x_wconf 88' lang='lat' dir='ltr'><strong>humano</strong></span> <span class='ocrx_word' id='word_1_83' title='bbox 2107 1167 2239 1220; x_wconf 86' lang='lat' dir='ltr'><strong>quo-</strong></span> 
     </span>
    </p>
   </div>
   <div class='ocr_carea' id='block_1_13' title="bbox 680 1237 2239 1311">
    <p class='ocr_par' dir='ltr' id='par_1_13' title="bbox 680 1237 2239 1311">
     <span class='ocr_line' id='line_1_13' title="bbox 680 1237 2239 1311; baseline 0.003 -21"><span class='ocrx_word' id='word_1_84' title='bbox 680 1238 826 1299; x_wconf 83' lang='lat' dir='ltr'><strong>dam,</strong></span> <span class='ocrx_word' id='word_1_85' title='bbox 877 1239 1063 1308; x_wconf 72' lang='lat' dir='ltr'><strong>exiguo</strong></span> <span class='ocrx_word' id='word_1_86' title='bbox 1103 1247 1150 1291; x_wconf 91' lang='lat' dir='ltr'><strong>et</strong></span> <span class='ocrx_word' id='word_1_87' title='bbox 1194 1237 1380 1291; x_wconf 87' lang='lat' dir='ltr'><strong>humili</strong></span> <span class='ocrx_word' id='word_1_88' title='bbox 1435 1239 1668 1306; x_wconf 80' lang='lat' dir='ltr'><strong>exemplo</strong></span> <span class='ocrx_word' id='word_1_89' title='bbox 1722 1238 2050 1309; x_wconf 87' lang='lat' dir='ltr'><strong>intelligere:</strong></span> <span class='ocrx_word' id='word_1_90' title='bbox 2080 1257 2239 1311; x_wconf 88' lang='lat' dir='ltr'><strong>neque</strong></span> 
     </span>
    </p>
   </div>
   <div class='ocr_carea' id='block_1_14' title="bbox 683 1328 2238 1398">
    <p class='ocr_par' dir='ltr' id='par_1_14' title="bbox 683 1328 2238 1398">
     <span class='ocr_line' id='line_1_14' title="bbox 683 1328 2238 1398; baseline 0.002 -17"><span class='ocrx_word' id='word_1_91' title='bbox 683 1330 818 1381; x_wconf 83' lang='lat' dir='ltr'><strong>enim</strong></span> <span class='ocrx_word' id='word_1_92' title='bbox 865 1338 1033 1398; x_wconf 78' lang='lat' dir='ltr'><strong>potest</strong></span> <span class='ocrx_word' id='word_1_93' title='bbox 1081 1330 1353 1398; x_wconf 77' lang='lat' dir='ltr'><strong>quisquam</strong></span> <span class='ocrx_word' id='word_1_94' title='bbox 1404 1328 1612 1382; x_wconf 79' lang='lat' dir='ltr'><strong>verbum</strong></span> <span class='ocrx_word' id='word_1_95' title='bbox 1645 1329 1869 1383; x_wconf 78' lang='lat' dir='ltr'><strong>hominis</strong></span> <span class='ocrx_word' id='word_1_96' title='bbox 1911 1333 2141 1398; x_wconf 84' lang='lat' dir='ltr'><strong>potentia</strong></span> <span class='ocrx_word' id='word_1_97' title='bbox 2189 1341 2238 1385; x_wconf 88' lang='lat' dir='ltr'><strong>et</strong></span> 
     </span>
    </p>
   </div>
   <div class='ocr_carea' id='block_1_15' title="bbox 686 1419 2236 1492">
    <p class='ocr_par' dir='ltr' id='par_1_15' title="bbox 686 1419 2236 1492">
     <span class='ocr_line' id='line_1_15' title="bbox 686 1419 2236 1492; baseline 0.002 -18"><span class='ocrx_word' id='word_1_98' title='bbox 686 1421 981 1474; x_wconf 81' lang='lat' dir='ltr'><strong>substantia</strong></span> <span class='ocrx_word' id='word_1_99' title='bbox 1013 1436 1274 1483; x_wconf 84' lang='lat' dir='ltr'><strong>separare.</strong></span> <span class='ocrx_word' id='word_1_100' title='bbox 1315 1419 1483 1474; x_wconf 88' lang='lat' dir='ltr'><strong>Unum</strong></span> <span class='ocrx_word' id='word_1_101' title='bbox 1515 1431 1591 1475; x_wconf 83' lang='lat' dir='ltr'><strong>est</strong></span> <span class='ocrx_word' id='word_1_102' title='bbox 1619 1425 1757 1475; x_wconf 88' lang='lat' dir='ltr'><strong>enim</strong></span> <span class='ocrx_word' id='word_1_103' title='bbox 1785 1431 1939 1492; x_wconf 89' lang='lat' dir='ltr'><strong>atque</strong></span> <span class='ocrx_word' id='word_1_104' title='bbox 1961 1422 2098 1477; x_wconf 88' lang='lat' dir='ltr'><strong>idem</strong></span> <span class='ocrx_word' id='word_1_105' title='bbox 2120 1440 2236 1477; x_wconf 86' lang='lat' dir='ltr'><strong>cum</strong></span> 
     </span>
    </p>
   </div>
   <div class='ocr_carea' id='block_1_16' title="bbox 686 1513 2236 1586">
    <p class='ocr_par' dir='ltr' id='par_1_16' title="bbox 686 1513 2236 1586">
     <span class='ocr_line' id='line_1_16' title="bbox 686 1513 2236 1586; baseline 0.005 -23"><span class='ocrx_word' id='word_1_106' title='bbox 686 1513 890 1567; x_wconf 83' lang='lat' dir='ltr'><strong>homine</strong></span> <span class='ocrx_word' id='word_1_107' title='bbox 922 1513 1144 1566; x_wconf 86' lang='lat' dir='ltr'><strong>Verbum</strong></span> <span class='ocrx_word' id='word_1_108' title='bbox 1165 1529 1184 1566; x_wconf 89' lang='lat'><strong><em>:</em></strong></span> <span class='ocrx_word' id='word_1_109' title='bbox 1215 1530 1334 1584; x_wconf 64' lang='lat' dir='ltr'><strong>quae</strong></span> <span class='ocrx_word' id='word_1_110' title='bbox 1371 1513 1415 1568; x_wconf 91' lang='lat' dir='ltr'><strong>si</strong></span> <span class='ocrx_word' id='word_1_111' title='bbox 1447 1514 1674 1568; x_wconf 89' lang='lat' dir='ltr'><strong>seorsim</strong></span> <span class='ocrx_word' id='word_1_112' title='bbox 1717 1515 1784 1568; x_wconf 89' lang='lat' dir='ltr'><strong>ab</strong></span> <span class='ocrx_word' id='word_1_113' title='bbox 1815 1515 1935 1570; x_wconf 88' lang='lat' dir='ltr'><strong>aliis</strong></span> <span class='ocrx_word' id='word_1_114' title='bbox 1967 1516 2236 1586; x_wconf 84' lang='lat' dir='ltr'><strong>accipian-</strong></span> 
     </span>
    </p>
   </div>
   <div class='ocr_carea' id='block_1_17' title="bbox 686 1604 2239 1667">
    <p class='ocr_par' dir='ltr' id='par_1_17' title="bbox 686 1604 2239 1667">
     <span class='ocr_line' id='line_1_17' title="bbox 686 1604 2239 1667; baseline 0.003 -9"><span class='ocrx_word' id='word_1_115' title='bbox 686 1611 794 1667; x_wconf 90' lang='lat' dir='ltr'><strong>tur,</strong></span> <span class='ocrx_word' id='word_1_116' title='bbox 824 1621 852 1657; x_wconf 90' lang='lat' dir='ltr'><strong>a</strong></span> <span class='ocrx_word' id='word_1_117' title='bbox 892 1616 1039 1662; x_wconf 86' lang='lat' dir='ltr'><strong>recta</strong></span> <span class='ocrx_word' id='word_1_118' title='bbox 1082 1620 1212 1659; x_wconf 84' lang='lat' dir='ltr'><strong>sane</strong></span> <span class='ocrx_word' id='word_1_119' title='bbox 1258 1604 1361 1660; x_wconf 88' lang='lat' dir='ltr'><strong>lide</strong></span> <span class='ocrx_word' id='word_1_120' title='bbox 1405 1606 1736 1660; x_wconf 85' lang='lat' dir='ltr'><strong>desciscunt.</strong></span> <span class='ocrx_word' id='word_1_121' title='bbox 1779 1604 1975 1660; x_wconf 90' lang='lat' dir='ltr'><strong>Verum</strong></span> <span class='ocrx_word' id='word_1_122' title='bbox 2008 1623 2073 1661; x_wconf 82' lang='lat' dir='ltr'><strong>ex</strong></span> <span class='ocrx_word' id='word_1_123' title='bbox 2117 1608 2239 1663; x_wconf 90' lang='lat' dir='ltr'><strong>aliis</strong></span> 
     </span>
    </p>
   </div>
   <div class='ocr_carea' id='block_1_18' title="bbox 687 1694 2239 1770">
    <p class='ocr_par' dir='ltr' id='par_1_18' title="bbox 687 1694 2239 1770">
     <span class='ocr_line' id='line_1_18' title="bbox 687 1694 2239 1770; baseline 0.004 -22"><span class='ocrx_word' id='word_1_124' title='bbox 687 1694 924 1749; x_wconf 84' lang='lat' dir='ltr'><strong>Marcelli</strong></span> <span class='ocrx_word' id='word_1_125' title='bbox 972 1695 1107 1750; x_wconf 85' lang='lat' dir='ltr'><strong>locis</strong></span> <span class='ocrx_word' id='word_1_126' title='bbox 1153 1697 1330 1765; x_wconf 85' lang='lat' dir='ltr'><strong>palam</strong></span> <span class='ocrx_word' id='word_1_127' title='bbox 1387 1695 1599 1751; x_wconf 84' lang='lat' dir='ltr'><strong>videtur</strong></span> <span class='ocrx_word' id='word_1_128' title='bbox 1653 1713 1775 1752; x_wconf 92' lang='lat' dir='ltr'><strong>eum</strong></span> <span class='ocrx_word' id='word_1_129' title='bbox 1835 1701 2239 1770; x_wconf 84' lang='lat' dir='ltr'><strong>comparatione</strong></span> 
     </span>
    </p>
   </div>
   <div class='ocr_carea' id='block_1_19' title="bbox 686 1785 2237 1860">
    <p class='ocr_par' dir='ltr' id='par_1_19' title="bbox 686 1785 2237 1860">
     <span class='ocr_line' id='line_1_19' title="bbox 686 1785 2237 1860; baseline 0.006 -22"><span class='ocrx_word' id='word_1_130' title='bbox 686 1785 921 1840; x_wconf 86' lang='lat' dir='ltr'><strong>hominis</strong></span> <span class='ocrx_word' id='word_1_131' title='bbox 961 1794 1015 1840; x_wconf 81' lang='lat' dir='ltr'><strong>et</strong></span> <span class='ocrx_word' id='word_1_132' title='bbox 1065 1787 1210 1841; x_wconf 91' lang='lat' dir='ltr'><strong>verbi</strong></span> <span class='ocrx_word' id='word_1_133' title='bbox 1257 1789 1339 1842; x_wconf 90' lang='lat' dir='ltr'><strong>sui</strong></span> <span class='ocrx_word' id='word_1_134' title='bbox 1375 1789 1484 1853; x_wconf 90' lang='lat' dir='ltr'><strong>uti;</strong></span> <span class='ocrx_word' id='word_1_135' title='bbox 1535 1799 1592 1843; x_wconf 92' lang='lat' dir='ltr'><strong>ut</strong></span> <span class='ocrx_word' id='word_1_136' title='bbox 1639 1791 1952 1860; x_wconf 82' lang='lat' dir='ltr'><strong>comprobet</strong></span> <span class='ocrx_word' id='word_1_137' title='bbox 2004 1791 2237 1847; x_wconf 83' lang='lat' dir='ltr'><strong>Verbum</strong></span> 
     </span>
    </p>
   </div>
   <div class='ocr_carea' id='block_1_20' title="bbox 689 1880 2239 1950">
    <p class='ocr_par' dir='ltr' id='par_1_20' title="bbox 689 1880 2239 1950">
     <span class='ocr_line' id='line_1_20' title="bbox 689 1880 2239 1950; baseline 0.006 -20"><span class='ocrx_word' id='word_1_138' title='bbox 689 1893 848 1931; x_wconf 89' lang='lat' dir='ltr'><strong>unam</strong></span> <span class='ocrx_word' id='word_1_139' title='bbox 891 1887 943 1934; x_wconf 91' lang='lat' dir='ltr'><strong>et</strong></span> <span class='ocrx_word' id='word_1_140' title='bbox 974 1880 1238 1944; x_wconf 83' lang='lat' dir='ltr'><strong>eamdem,</strong></span> <span class='ocrx_word' id='word_1_141' title='bbox 1271 1896 1430 1950; x_wconf 89' lang='lat' dir='ltr'><strong>quam</strong></span> <span class='ocrx_word' id='word_1_142' title='bbox 1465 1881 1622 1936; x_wconf 90' lang='lat' dir='ltr'><strong>Pater</strong></span> <span class='ocrx_word' id='word_1_143' title='bbox 1653 1883 1834 1947; x_wconf 85' lang='lat' dir='ltr'><strong>habet,</strong></span> <span class='ocrx_word' id='word_1_144' title='bbox 1878 1885 2239 1939; x_wconf 91' lang='lat' dir='ltr'><strong>substantiam</strong></span> 
     </span>
    </p>
   </div>
   <div class='ocr_carea' id='block_1_21' title="bbox 684 1966 2241 2040">
    <p class='ocr_par' dir='ltr' id='par_1_21' title="bbox 684 1966 2241 2040">
     <span class='ocr_line' id='line_1_21' title="bbox 684 1966 2241 2040; baseline 0.006 -20"><span class='ocrx_word' id='word_1_145' title='bbox 684 1966 887 2022; x_wconf 90' lang='lat' dir='ltr'><strong>habere</strong></span> <span class='ocrx_word' id='word_1_146' title='bbox 915 1987 926 2022; x_wconf 93' lang='lat'>:</span> <span class='ocrx_word' id='word_1_147' title='bbox 957 1985 1078 2022; x_wconf 87' lang='lat' dir='ltr'><strong>nam</strong></span> <span class='ocrx_word' id='word_1_148' title='bbox 1115 1971 1273 2040; x_wconf 88' lang='lat' dir='ltr'><strong>paulo</strong></span> <span class='ocrx_word' id='word_1_149' title='bbox 1308 1971 1534 2026; x_wconf 84' lang='lat' dir='ltr'><strong>inferius</strong></span> <span class='ocrx_word' id='word_1_150' title='bbox 1565 1973 1677 2027; x_wconf 72' lang='lat' dir='ltr'><strong>haec</strong></span> <span class='ocrx_word' id='word_1_151' title='bbox 1711 1973 1946 2028; x_wconf 85' lang='lat' dir='ltr'><strong>Marcelli</strong></span> <span class='ocrx_word' id='word_1_152' title='bbox 1974 1976 2132 2030; x_wconf 86' lang='lat' dir='ltr'><strong>verba</strong></span> <span class='ocrx_word' id='word_1_153' title='bbox 2165 1976 2241 2030; x_wconf 89' lang='lat' dir='ltr'><strong>le-</strong></span> 
     </span>
    </p>
   </div>
   <div class='ocr_carea' id='block_1_22' title="bbox 685 2060 2236 2139">
    <p class='ocr_par' dir='ltr' id='par_1_22' title="bbox 685 2060 2236 2139">
     <span class='ocr_line' id='line_1_22' title="bbox 685 2060 2236 2139; baseline 0.005 -28"><span class='ocrx_word' id='word_1_154' title='bbox 685 2069 926 2128; x_wconf 84' lang='lat' dir='ltr'><strong>guntur:</strong></span> <span class='ocrx_word' id='word_1_155' title='bbox 965 2061 1060 2124; x_wconf 80' lang='lat' dir='ltr'><strong>Ti;</strong></span> <span class='ocrx_word' id='word_1_156' title='bbox 1109 2061 1217 2133; x_wconf 77' lang='grc' dir='ltr'><strong>γὰρ</strong></span> <span class='ocrx_word' id='word_1_157' title='bbox 1242 2060 1413 2125; x_wconf 76' lang='grc' dir='ltr'>οὕτως</span> <span class='ocrx_word' id='word_1_158' title='bbox 1463 2064 1495 2136; x_wconf 83' lang='grc' dir='ltr'>ἢ</span> <span class='ocrx_word' id='word_1_159' title='bbox 1542 2065 1652 2117; x_wconf 86' lang='grc' dir='ltr'><strong>τῶν</strong></span> <span class='ocrx_word' id='word_1_160' title='bbox 1703 2066 1868 2134; x_wconf 80' lang='grc' dir='ltr'>ἁγίων</span> <span class='ocrx_word' id='word_1_161' title='bbox 1911 2067 2154 2135; x_wconf 81' lang='grc' dir='ltr'><strong>ἀγγέλων</strong></span> <span class='ocrx_word' id='word_1_162' title='bbox 2204 2068 2236 2139; x_wconf 78' lang='grc' dir='ltr'>ἢ</span> 
     </span>
    </p>
   </div>
   <div class='ocr_carea' id='block_1_23' title="bbox 682 2150 2237 2229">
    <p class='ocr_par' dir='ltr' id='par_1_23' title="bbox 682 2150 2237 2229">
     <span class='ocr_line' id='line_1_23' title="bbox 682 2150 2237 2229; baseline 0.006 -26"><span class='ocrx_word' id='word_1_163' title='bbox 682 2150 789 2204; x_wconf 82' lang='grc' dir='ltr'><strong>τῶν</strong></span> <span class='ocrx_word' id='word_1_164' title='bbox 821 2151 1028 2222; x_wconf 83' lang='grc' dir='ltr'>ἀνδρῶν</span> <span class='ocrx_word' id='word_1_165' title='bbox 1059 2152 1281 2206; x_wconf 80' lang='grc' dir='ltr'><strong>δικαίων</strong></span> <span class='ocrx_word' id='word_1_166' title='bbox 1311 2155 1619 2221; x_wconf 81' lang='grc' dir='ltr'><strong>ἀξιόπιστος</strong></span> <span class='ocrx_word' id='word_1_167' title='bbox 1643 2153 1730 2227; x_wconf 83' lang='grc' dir='ltr'><strong>ἦν,</strong></span> <span class='ocrx_word' id='word_1_168' title='bbox 1758 2159 1852 2229; x_wconf 78' lang='grc' dir='ltr'><strong>τὴν</strong></span> <span class='ocrx_word' id='word_1_169' title='bbox 1893 2161 1955 2212; x_wconf 82' lang='grc' dir='ltr'><strong>ἐκ</strong></span> <span class='ocrx_word' id='word_1_170' title='bbox 1981 2158 2074 2212; x_wconf 77' lang='grc' dir='ltr'><strong>τοῦ</strong></span> <span class='ocrx_word' id='word_1_171' title='bbox 2103 2158 2237 2212; x_wconf 85' lang='grc' dir='ltr'><strong>Θεοῦ</strong></span> 
     </span>
    </p>
   </div>
   <div class='ocr_carea' id='block_1_24' title="bbox 684 2238 2239 2319">
    <p class='ocr_par' dir='ltr' id='par_1_24' title="bbox 684 2238 2239 2319">
     <span class='ocr_line' id='line_1_24' title="bbox 684 2238 2239 2319; baseline 0.005 -27"><span class='ocrx_word' id='word_1_172' title='bbox 684 2238 973 2308; x_wconf 80' lang='grc' dir='ltr'><strong>προσώπου</strong></span> <span class='ocrx_word' id='word_1_173' title='bbox 1017 2241 1322 2310; x_wconf 81' lang='grc' dir='ltr'><strong>ὁρισθεῖσαν</strong></span> <span class='ocrx_word' id='word_1_174' title='bbox 1354 2243 1502 2314; x_wconf 77' lang='grc' dir='ltr'><strong>αὐτῷ</strong></span> <span class='ocrx_word' id='word_1_175' title='bbox 1533 2247 1800 2317; x_wconf 76' lang='grc' dir='ltr'><strong>τιμωρίαν</strong></span> <span class='ocrx_word' id='word_1_176' title='bbox 1829 2246 2016 2299; x_wconf 74' lang='grc' dir='ltr'><strong>λῦσαι·</strong></span> <span class='ocrx_word' id='word_1_177' title='bbox 2063 2248 2110 2300; x_wconf 79' lang='grc' dir='ltr'><strong>εἰ</strong></span> <span class='ocrx_word' id='word_1_178' title='bbox 2165 2247 2239 2319; x_wconf 83' lang='grc' dir='ltr'><strong>μὴ</strong></span> 
     </span>
    </p>
   </div>
   <div class='ocr_carea' id='block_1_25' title="bbox 685 2329 2240 2411">
    <p class='ocr_par' dir='ltr' id='par_1_25' title="bbox 685 2329 2240 2411">
     <span class='ocr_line' id='line_1_25' title="bbox 685 2329 2240 2411; baseline 0.009 -30"><span class='ocrx_word' id='word_1_179' title='bbox 685 2329 848 2392; x_wconf 77' lang='grc' dir='ltr'><strong>αὐτὸς</strong></span> <span class='ocrx_word' id='word_1_180' title='bbox 878 2333 906 2383; x_wconf 85' lang='grc' dir='ltr'>ὁ</span> <span class='ocrx_word' id='word_1_181' title='bbox 943 2331 1112 2397; x_wconf 80' lang='grc' dir='ltr'><strong>Λόγος</strong></span> <span class='ocrx_word' id='word_1_182' title='bbox 1155 2334 1182 2384; x_wconf 83' lang='grc' dir='ltr'>ὁ</span> <span class='ocrx_word' id='word_1_183' title='bbox 1227 2333 1528 2405; x_wconf 74' lang='grc' dir='ltr'><strong>συμπαρὼν</strong></span> <span class='ocrx_word' id='word_1_184' title='bbox 1572 2338 1665 2390; x_wconf 78' lang='grc' dir='ltr'><strong>καὶ</strong></span> <span class='ocrx_word' id='word_1_185' title='bbox 1698 2340 2074 2410; x_wconf 82' lang='grc' dir='ltr'><strong>συμπλάττων.</strong></span> <span class='ocrx_word' id='word_1_186' title='bbox 2106 2343 2240 2411; x_wconf 84' lang='grc' dir='ltr'>πρὸς</span> 
     </span>
    </p>
   </div>
   <div class='ocr_carea' id='block_1_26' title="bbox 681 2419 2238 2498">
    <p class='ocr_par' dir='ltr' id='par_1_26' title="bbox 681 2419 2238 2498">
     <span class='ocr_line' id='line_1_26' title="bbox 681 2419 2238 2498; baseline 0.008 -26"><span class='ocrx_word' id='word_1_187' title='bbox 681 2420 740 2472; x_wconf 79' lang='grc' dir='ltr'>ὃν</span> <span class='ocrx_word' id='word_1_188' title='bbox 767 2421 794 2472; x_wconf 81' lang='grc' dir='ltr'>ὁ</span> <span class='ocrx_word' id='word_1_189' title='bbox 826 2420 1030 2490; x_wconf 75' lang='grc' dir='ltr'><strong>Πατὴρ,</strong></span> <span class='ocrx_word' id='word_1_190' title='bbox 1065 2419 1411 2491; x_wconf 77' lang='grc' dir='ltr'><strong>Ποιήσωμεν</strong></span> <span class='ocrx_word' id='word_1_191' title='bbox 1451 2424 1779 2493; x_wconf 74' lang='grc' dir='ltr'><strong>ἄνθρωπον,</strong></span> <span class='ocrx_word' id='word_1_192' title='bbox 1813 2428 1939 2498; x_wconf 77' lang='grc' dir='ltr'><strong>ἔφη.</strong></span> <span class='ocrx_word' id='word_1_193' title='bbox 1965 2431 2064 2483; x_wconf 77' lang='grc' dir='ltr'><strong>οὐκ</strong></span> <span class='ocrx_word' id='word_1_194' title='bbox 2090 2431 2238 2494; x_wconf 69' lang='grc' dir='ltr'>ὄντος</span> 
     </span>
    </p>
   </div>
   <div class='ocr_carea' id='block_1_27' title="bbox 683 2509 2238 2590">
    <p class='ocr_par' dir='ltr' id='par_1_27' title="bbox 683 2509 2238 2590">
     <span class='ocr_line' id='line_1_27' title="bbox 683 2509 2238 2590; baseline 0.009 -28"><span class='ocrx_word' id='word_1_195' title='bbox 683 2510 870 2579; x_wconf 76' lang='grc' dir='ltr'><strong>ἑτέρου</strong></span> <span class='ocrx_word' id='word_1_196' title='bbox 918 2510 1049 2562; x_wconf 82' lang='grc' dir='ltr'><strong>Θεοῦ</strong></span> <span class='ocrx_word' id='word_1_197' title='bbox 1083 2509 1174 2562; x_wconf 75' lang='grc' dir='ltr'><strong>τοῦ</strong></span> <span class='ocrx_word' id='word_1_198' title='bbox 1210 2513 1573 2582; x_wconf 84' lang='grc' dir='ltr'><strong>συμπλάττειν</strong></span> <span class='ocrx_word' id='word_1_199' title='bbox 1620 2517 1766 2587; x_wconf 76' lang='grc' dir='ltr'>αὐτῷ</span> <span class='ocrx_word' id='word_1_200' title='bbox 1810 2519 2139 2590; x_wconf 75' lang='grc' dir='ltr'><strong>δυναμένους</strong></span> <span class='ocrx_word' id='word_1_201' title='bbox 2183 2523 2238 2576; x_wconf 89' lang='lat' dir='ltr'><strong>Id</strong></span> 
     </span>
    </p>
   </div>
   <div class='ocr_carea' id='block_1_28' title="bbox 681 2597 2237 2674">
    <p class='ocr_par' dir='ltr' id='par_1_28' title="bbox 681 2597 2237 2674">
     <span class='ocr_line' id='line_1_28' title="bbox 681 2597 2237 2674; baseline 0.006 -21"><span class='ocrx_word' id='word_1_202' title='bbox 681 2608 765 2653; x_wconf 89' lang='lat' dir='ltr'><strong>est</strong></span> <span class='ocrx_word' id='word_1_203' title='bbox 797 2615 812 2651; x_wconf 90' lang='lat'><strong>:</strong></span> <span class='ocrx_word' id='word_1_204' title='bbox 850 2597 982 2663; x_wconf 85' lang='lat' dir='ltr'><strong>Quis</strong></span> <span class='ocrx_word' id='word_1_205' title='bbox 1027 2603 1161 2652; x_wconf 83' lang='lat' dir='ltr'><strong>enim</strong></span> <span class='ocrx_word' id='word_1_206' title='bbox 1210 2610 1359 2654; x_wconf 89' lang='lat' dir='ltr'><strong>tanta</strong></span> <span class='ocrx_word' id='word_1_207' title='bbox 1387 2602 1645 2672; x_wconf 84' lang='lat' dir='ltr'><strong>dignitate</strong></span> <span class='ocrx_word' id='word_1_208' title='bbox 1677 2607 1798 2674; x_wconf 78' lang='lat' dir='ltr'><strong>fuit,</strong></span> <span class='ocrx_word' id='word_1_209' title='bbox 1830 2608 1908 2662; x_wconf 83' lang='lat' dir='ltr'><strong>vel</strong></span> <span class='ocrx_word' id='word_1_210' title='bbox 1935 2619 2237 2663; x_wconf 88' lang='lat' dir='ltr'><strong>sanctorum</strong></span> 
     </span>
    </p>
   </div>
   <div class='ocr_carea' id='block_1_29' title="bbox 681 2689 2239 2767">
    <p class='ocr_par' dir='ltr' id='par_1_29' title="bbox 681 2689 2239 2767">
     <span class='ocr_line' id='line_1_29' title="bbox 681 2689 2239 2767; baseline 0.008 -26"><span class='ocrx_word' id='word_1_211' title='bbox 681 2689 1010 2759; x_wconf 78' lang='lat' dir='ltr'><strong>angelorum,</strong></span> <span class='ocrx_word' id='word_1_212' title='bbox 1041 2691 1118 2743; x_wconf 79' lang='lat' dir='ltr'><strong>vel</strong></span> <span class='ocrx_word' id='word_1_213' title='bbox 1140 2691 1407 2758; x_wconf 80' lang='lat' dir='ltr'><strong>justorum</strong></span> <span class='ocrx_word' id='word_1_214' title='bbox 1438 2695 1688 2755; x_wconf 79' lang='lat' dir='ltr'><strong>virorum.</strong></span> <span class='ocrx_word' id='word_1_215' title='bbox 1711 2699 1801 2767; x_wconf 91' lang='lat' dir='ltr'><strong>qui</strong></span> <span class='ocrx_word' id='word_1_216' title='bbox 1825 2699 2142 2753; x_wconf 86' lang='lat' dir='ltr'><strong>destinatum</strong></span> <span class='ocrx_word' id='word_1_217' title='bbox 2174 2716 2239 2754; x_wconf 75' lang='lat' dir='ltr'><strong>ea:</strong></span> 
     </span>
    </p>
   </div>
   <div class='ocr_carea' id='block_1_30' title="bbox 677 2779 2237 2852">
    <p class='ocr_par' dir='ltr' id='par_1_30' title="bbox 677 2779 2237 2852">
     <span class='ocr_line' id='line_1_30' title="bbox 677 2779 2237 2852; baseline 0.009 -21"><span class='ocrx_word' id='word_1_218' title='bbox 677 2794 902 2844; x_wconf 77' lang='lat' dir='ltr'><strong>persona</strong></span> <span class='ocrx_word' id='word_1_219' title='bbox 931 2779 1022 2834; x_wconf 89' lang='lat' dir='ltr'><strong>Dei</strong></span> <span class='ocrx_word' id='word_1_220' title='bbox 1048 2781 1242 2835; x_wconf 80' lang='lat' dir='ltr'><strong>homini</strong></span> <span class='ocrx_word' id='word_1_221' title='bbox 1267 2783 1576 2852; x_wconf 75' lang='lat' dir='ltr'><strong>supplicium</strong></span> <span class='ocrx_word' id='word_1_222' title='bbox 1606 2788 1844 2850; x_wconf 87' lang='lat' dir='ltr'><strong>solveret,</strong></span> <span class='ocrx_word' id='word_1_223' title='bbox 1877 2790 1978 2842; x_wconf 90' lang='lat' dir='ltr'><strong>nisi</strong></span> <span class='ocrx_word' id='word_1_224' title='bbox 2017 2790 2237 2845; x_wconf 81' lang='lat' dir='ltr'><strong>Verbum</strong></span> 
     </span>
    </p>
   </div>
   <div class='ocr_carea' id='block_1_31' title="bbox 679 2873 2237 2953">
    <p class='ocr_par' dir='ltr' id='par_1_31' title="bbox 679 2873 2237 2953">
     <span class='ocr_line' id='line_1_31' title="bbox 679 2873 2237 2953; baseline 0.009 -29"><span class='ocrx_word' id='word_1_225' title='bbox 679 2873 872 2935; x_wconf 85' lang='lat' dir='ltr'><strong>solum,</strong></span> <span class='ocrx_word' id='word_1_226' title='bbox 897 2873 1034 2942; x_wconf 81' lang='lat' dir='ltr'><strong>quod</strong></span> <span class='ocrx_word' id='word_1_227' title='bbox 1064 2890 1168 2926; x_wconf 86' lang='lat' dir='ltr'><strong>una</strong></span> <span class='ocrx_word' id='word_1_228' title='bbox 1199 2874 1304 2928; x_wconf 88' lang='lat' dir='ltr'><strong>Deo</strong></span> <span class='ocrx_word' id='word_1_229' title='bbox 1337 2875 1542 2940; x_wconf 84' lang='lat' dir='ltr'><strong>aderat,</strong></span> <span class='ocrx_word' id='word_1_230' title='bbox 1575 2889 1625 2931; x_wconf 89' lang='lat' dir='ltr'><strong>et</strong></span> <span class='ocrx_word' id='word_1_231' title='bbox 1652 2896 1757 2932; x_wconf 89' lang='lat' dir='ltr'><strong>una</strong></span> <span class='ocrx_word' id='word_1_232' title='bbox 1803 2898 1916 2934; x_wconf 91' lang='lat' dir='ltr'><strong>cum</strong></span> <span class='ocrx_word' id='word_1_233' title='bbox 1949 2883 2041 2936; x_wconf 86' lang='lat' dir='ltr'><strong>illo</strong></span> <span class='ocrx_word' id='word_1_234' title='bbox 2079 2886 2237 2953; x_wconf 79' lang='lat' dir='ltr'><strong>e/for-</strong></span> 
     </span>
    </p>
   </div>
   <div class='ocr_carea' id='block_1_32' title="bbox 679 2962 2238 3036">
    <p class='ocr_par' dir='ltr' id='par_1_32' title="bbox 679 2962 2238 3036">
     <span class='ocr_line' id='line_1_32' title="bbox 679 2962 2238 3036; baseline 0.01 -22"><span class='ocrx_word' id='word_1_235' title='bbox 679 2962 857 3015; x_wconf 85' lang='lat' dir='ltr'><strong>mabat</strong></span> <span class='ocrx_word' id='word_1_236' title='bbox 886 2963 1187 3017; x_wconf 84' lang='lat' dir='ltr'><strong>hominem:</strong></span> <span class='ocrx_word' id='word_1_237' title='bbox 1219 2964 1286 3017; x_wconf 84' lang='lat' dir='ltr'><strong>ad</strong></span> <span class='ocrx_word' id='word_1_238' title='bbox 1318 2983 1466 3036; x_wconf 86' lang='lat' dir='ltr'><strong>quem</strong></span> <span class='ocrx_word' id='word_1_239' title='bbox 1514 2967 1676 3022; x_wconf 87' lang='lat' dir='ltr'><strong>Pater</strong></span> <span class='ocrx_word' id='word_1_240' title='bbox 1707 2969 1948 3026; x_wconf 86' lang='lat' dir='ltr'><strong>dicebat:</strong></span> <span class='ocrx_word' id='word_1_241' title='bbox 1985 2990 2003 3022; x_wconf 70' lang='grc' dir='ltr'><strong>ε</strong></span> <span class='ocrx_word' id='word_1_242' title='bbox 2042 2971 2238 3028; x_wconf 82' lang='lat' dir='ltr'><strong>Facia-</strong></span> 
     </span>
    </p>
   </div>
   <div class='ocr_carea' id='block_1_33' title="bbox 678 3053 1645 3128">
    <p class='ocr_par' dir='ltr' id='par_1_33' title="bbox 678 3053 1645 3128">
     <span class='ocr_line' id='line_1_33' title="bbox 678 3053 1645 3128; baseline 0.009 -24"><span class='ocrx_word' id='word_1_243' title='bbox 678 3068 793 3108; x_wconf 81' lang='lat' dir='ltr'><strong>mus</strong></span> <span class='ocrx_word' id='word_1_244' title='bbox 842 3053 1102 3108; x_wconf 81' lang='lat' dir='ltr'><strong>hominem</strong></span> <span class='ocrx_word' id='word_1_245' title='bbox 1156 3059 1223 3108; x_wconf 85' lang='lat' dir='ltr'><strong>ad</strong></span> <span class='ocrx_word' id='word_1_246' title='bbox 1270 3058 1548 3128; x_wconf 88' lang='lat' dir='ltr'><strong>imaginem</strong></span> <span class='ocrx_word' id='word_1_247' title='bbox 1597 3071 1645 3113; x_wconf 91' lang='lat' dir='ltr'><strong>et</strong></span> 
     </span>
    </p>
   </div>
   <div class='ocr_carea' id='block_1_34' title="bbox 677 3149 2236 3224">
    <p class='ocr_par' dir='ltr' id='par_1_34' title="bbox 677 3149 2236 3224">
     <span class='ocr_line' id='line_1_34' title="bbox 677 3149 2236 3224; baseline 0.008 -27"><span class='ocrx_word' id='word_1_248' title='bbox 677 3153 844 3197; x_wconf 87' lang='lat' dir='ltr'><strong>stram</strong></span> <span class='ocrx_word' id='word_1_249' title='bbox 870 3159 888 3197; x_wconf 90' lang='lat'><strong><em>:</em></strong></span> <span class='ocrx_word' id='word_1_250' title='bbox 921 3163 938 3196; x_wconf 72' lang='grc' dir='ltr'><strong><em>ι</em></strong></span> <span class='ocrx_word' id='word_1_251' title='bbox 966 3159 1082 3198; x_wconf 85' lang='lat' dir='ltr'><strong>cum</strong></span> <span class='ocrx_word' id='word_1_252' title='bbox 1113 3162 1214 3200; x_wconf 91' lang='lat' dir='ltr'><strong>non</strong></span> <span class='ocrx_word' id='word_1_253' title='bbox 1244 3158 1374 3202; x_wconf 87' lang='lat' dir='ltr'><strong>esset</strong></span> <span class='ocrx_word' id='word_1_254' title='bbox 1408 3149 1544 3203; x_wconf 84' lang='lat' dir='ltr'><strong>alius</strong></span> <span class='ocrx_word' id='word_1_255' title='bbox 1571 3149 1829 3221; x_wconf 85' lang='lat' dir='ltr'><strong>Deus,qui</strong></span> <span class='ocrx_word' id='word_1_256' title='bbox 1846 3155 2070 3208; x_wconf 86' lang='lat' dir='ltr'><strong>cumillo</strong></span> <span class='ocrx_word' id='word_1_257' title='bbox 2083 3157 2236 3224; x_wconf 73' lang='lat' dir='ltr'><strong>effor-</strong></span> 
     </span>
    </p>
   </div>
   <div class='ocr_carea' id='block_1_35' title="bbox 678 3237 2234 3311">
    <p class='ocr_par' dir='ltr' id='par_1_35' title="bbox 678 3237 2234 3311">
     <span class='ocr_line' id='line_1_35' title="bbox 678 3237 2234 3311; baseline 0.008 -22"><span class='ocrx_word' id='word_1_258' title='bbox 678 3253 821 3289; x_wconf 87' lang='lat' dir='ltr'><strong>mare</strong></span> <span class='ocrx_word' id='word_1_259' title='bbox 849 3241 1064 3305; x_wconf 82' lang='lat' dir='ltr'><strong>posset?</strong></span> <span class='ocrx_word' id='word_1_260' title='bbox 1090 3237 1228 3294; x_wconf 84' lang='lat' dir='ltr'><strong>Hinc</strong></span> <span class='ocrx_word' id='word_1_261' title='bbox 1248 3239 1378 3293; x_wconf 89' lang='lat' dir='ltr'><strong>mihi</strong></span> <span class='ocrx_word' id='word_1_262' title='bbox 1411 3243 1628 3311; x_wconf 92' lang='lat' dir='ltr'><strong>planum</strong></span> <span class='ocrx_word' id='word_1_263' title='bbox 1660 3244 1894 3310; x_wconf 88' lang='lat' dir='ltr'><strong>videtur,</strong></span> <span class='ocrx_word' id='word_1_264' title='bbox 1926 3245 2234 3302; x_wconf 86' lang='lat' dir='ltr'><strong>Marcellum</strong></span> 
     </span>
    </p>
   </div>
   <div class='ocr_carea' id='block_1_36' title="bbox 675 3329 2232 3407">
    <p class='ocr_par' dir='ltr' id='par_1_36' title="bbox 675 3329 2232 3407">
     <span class='ocr_line' id='line_1_36' title="bbox 675 3329 2232 3407; baseline 0.009 -25"><span class='ocrx_word' id='word_1_265' title='bbox 675 3329 1085 3386; x_wconf 85' lang='lat' dir='ltr'><strong>distinctionem</strong></span> <span class='ocrx_word' id='word_1_266' title='bbox 1137 3332 1276 3386; x_wconf 91' lang='lat' dir='ltr'><strong>inter</strong></span> <span class='ocrx_word' id='word_1_267' title='bbox 1304 3332 1517 3388; x_wconf 82' lang='lat' dir='ltr'><strong>Patrem</strong></span> <span class='ocrx_word' id='word_1_268' title='bbox 1563 3341 1617 3388; x_wconf 87' lang='lat' dir='ltr'><strong>et</strong></span> <span class='ocrx_word' id='word_1_269' title='bbox 1643 3333 1881 3390; x_wconf 83' lang='lat' dir='ltr'><strong>Verbum</strong></span> <span class='ocrx_word' id='word_1_270' title='bbox 1925 3337 2232 3407; x_wconf 85' lang='lat' dir='ltr'><strong>admisisse,</strong></span> 
     </span>
    </p>
   </div>
   <div class='ocr_carea' id='block_1_37' title="bbox 674 3422 2232 3498">
    <p class='ocr_par' dir='ltr' id='par_1_37' title="bbox 674 3422 2232 3498">
     <span class='ocr_line' id='line_1_37' title="bbox 674 3422 2232 3498; baseline 0.008 -23"><span class='ocrx_word' id='word_1_271' title='bbox 674 3428 840 3491; x_wconf 87' lang='lat' dir='ltr'><strong>atque</strong></span> <span class='ocrx_word' id='word_1_272' title='bbox 876 3422 1039 3476; x_wconf 91' lang='lat' dir='ltr'><strong>alium</strong></span> <span class='ocrx_word' id='word_1_273' title='bbox 1090 3429 1141 3476; x_wconf 91' lang='lat' dir='ltr'><strong>et</strong></span> <span class='ocrx_word' id='word_1_274' title='bbox 1180 3423 1344 3476; x_wconf 88' lang='lat' dir='ltr'><strong>alium</strong></span> <span class='ocrx_word' id='word_1_275' title='bbox 1395 3424 1737 3480; x_wconf 45' lang='lat' dir='ltr'><strong>exisnn‘iasse</strong></span> <span class='ocrx_word' id='word_1_276' title='bbox 1769 3446 1782 3482; x_wconf 90' lang='lat'><strong>:</strong></span> <span class='ocrx_word' id='word_1_277' title='bbox 1817 3444 2094 3498; x_wconf 87' lang='lat' dir='ltr'><strong>unumque</strong></span> <span class='ocrx_word' id='word_1_278' title='bbox 2143 3446 2232 3486; x_wconf 85' lang='lat' dir='ltr'><strong>so-</strong></span> 
     </span>
    </p>
   </div>
   <div class='ocr_carea' id='block_1_38' title="bbox 676 3513 2234 3583">
    <p class='ocr_par' dir='ltr' id='par_1_38' title="bbox 676 3513 2234 3583">
     <span class='ocr_line' id='line_1_38' title="bbox 676 3513 2234 3583; baseline 0.008 -18"><span class='ocrx_word' id='word_1_279' title='bbox 676 3513 952 3567; x_wconf 86' lang='lat' dir='ltr'><strong>lummodo</strong></span> <span class='ocrx_word' id='word_1_280' title='bbox 985 3529 1248 3583; x_wconf 77' lang='lat' dir='ltr'><strong>negasse;</strong></span> <span class='ocrx_word' id='word_1_281' title='bbox 1279 3513 1526 3570; x_wconf 83' lang='lat' dir='ltr'><strong>videlicet</strong></span> <span class='ocrx_word' id='word_1_282' title='bbox 1551 3514 1785 3572; x_wconf 84' lang='lat' dir='ltr'><strong>Verbum</strong></span> <span class='ocrx_word' id='word_1_283' title='bbox 1814 3520 1981 3575; x_wconf 90' lang='lat' dir='ltr'><strong>alium</strong></span> <span class='ocrx_word' id='word_1_284' title='bbox 2007 3537 2035 3575; x_wconf 92' lang='lat' dir='ltr'><strong>a</strong></span> <span class='ocrx_word' id='word_1_285' title='bbox 2073 3521 2234 3579; x_wconf 88' lang='lat' dir='ltr'><strong>Patre</strong></span> 
     </span>
    </p>
   </div>
   <div class='ocr_carea' id='block_1_39' title="bbox 673 3602 2230 3675">
    <p class='ocr_par' dir='ltr' id='par_1_39' title="bbox 673 3602 2230 3675">
     <span class='ocr_line' id='line_1_39' title="bbox 673 3602 2230 3675; baseline 0.008 -19"><span class='ocrx_word' id='word_1_286' title='bbox 673 3602 843 3658; x_wconf 87' lang='lat' dir='ltr'><strong>Deum</strong></span> <span class='ocrx_word' id='word_1_287' title='bbox 869 3619 1010 3666; x_wconf 88' lang='lat' dir='ltr'><strong>esse,</strong></span> <span class='ocrx_word' id='word_1_288' title='bbox 1045 3605 1313 3675; x_wconf 84' lang='lat' dir='ltr'><strong>aliamque</strong></span> <span class='ocrx_word' id='word_1_289' title='bbox 1341 3607 1703 3661; x_wconf 83' lang='lat' dir='ltr'><strong>substantiam</strong></span> <span class='ocrx_word' id='word_1_290' title='bbox 1730 3610 1999 3668; x_wconf 88' lang='lat' dir='ltr'><strong>obtinere.</strong></span> <span class='ocrx_word' id='word_1_291' title='bbox 2035 3614 2230 3669; x_wconf 91' lang='lat' dir='ltr'><strong>Verum</strong></span> 
     </span>
    </p>
   </div>
   <div class='ocr_carea' id='block_1_40' title="bbox 677 3694 2231 3770">
    <p class='ocr_par' dir='ltr' id='par_1_40' title="bbox 677 3694 2231 3770">
     <span class='ocr_line' id='line_1_40' title="bbox 677 3694 2231 3770; baseline 0.01 -23"><span class='ocrx_word' id='word_1_292' title='bbox 677 3694 965 3760; x_wconf 83' lang='lat' dir='ltr'><strong>Eusebius,</strong></span> <span class='ocrx_word' id='word_1_293' title='bbox 1001 3698 1114 3765; x_wconf 88' lang='lat' dir='ltr'><strong>qui,</strong></span> <span class='ocrx_word' id='word_1_294' title='bbox 1148 3697 1225 3751; x_wconf 89' lang='lat' dir='ltr'><strong>uti</strong></span> <span class='ocrx_word' id='word_1_295' title='bbox 1262 3699 1398 3753; x_wconf 91' lang='lat' dir='ltr'><strong>alias</strong></span> <span class='ocrx_word' id='word_1_296' title='bbox 1425 3709 1907 3757; x_wconf 80' lang='lat' dir='ltr'><strong>commnnstratum</strong></span> <span class='ocrx_word' id='word_1_297' title='bbox 1935 3712 2038 3770; x_wconf 91' lang='lat' dir='ltr'><strong>est,</strong></span> <span class='ocrx_word' id='word_1_298' title='bbox 2069 3707 2231 3762; x_wconf 89' lang='lat' dir='ltr'><strong>aliam</strong></span> 
     </span>
    </p>
   </div>
   <div class='ocr_carea' id='block_1_41' title="bbox 674 3787 2231 3860">
    <p class='ocr_par' dir='ltr' id='par_1_41' title="bbox 674 3787 2231 3860">
     <span class='ocr_line' id='line_1_41' title="bbox 674 3787 2231 3860; baseline 0.009 -21"><span class='ocrx_word' id='word_1_299' title='bbox 674 3802 705 3839; x_wconf 88' lang='lat' dir='ltr'><strong>a</strong></span> <span class='ocrx_word' id='word_1_300' title='bbox 735 3793 959 3856; x_wconf 83' lang='lat' dir='ltr'><strong>paterna</strong></span> <span class='ocrx_word' id='word_1_301' title='bbox 989 3787 1260 3850; x_wconf 83' lang='lat' dir='ltr'><strong>deitatem,</strong></span> <span class='ocrx_word' id='word_1_302' title='bbox 1293 3789 1560 3860; x_wconf 89' lang='lat' dir='ltr'><strong>aliamque</strong></span> <span class='ocrx_word' id='word_1_303' title='bbox 1591 3792 1946 3848; x_wconf 86' lang='lat' dir='ltr'><strong>substantiam</strong></span> <span class='ocrx_word' id='word_1_304' title='bbox 1973 3796 2028 3850; x_wconf 93' lang='lat' dir='ltr'><strong>in</strong></span> <span class='ocrx_word' id='word_1_305' title='bbox 2050 3796 2231 3853; x_wconf 90' lang='lat' dir='ltr'><strong>Verbo</strong></span> 
     </span>
    </p>
   </div>
   <div class='ocr_carea' id='block_1_42' title="bbox 674 3878 2231 3950">
    <p class='ocr_par' dir='ltr' id='par_1_42' title="bbox 674 3878 2231 3950">
     <span class='ocr_line' id='line_1_42' title="bbox 674 3878 2231 3950; baseline 0.008 -18"><span class='ocrx_word' id='word_1_306' title='bbox 674 3878 977 3942; x_wconf 87' lang='lat' dir='ltr'><strong>constituit,</strong></span> <span class='ocrx_word' id='word_1_307' title='bbox 1025 3895 1089 3933; x_wconf 76' lang='lat' dir='ltr'><strong>ex</strong></span> <span class='ocrx_word' id='word_1_308' title='bbox 1132 3882 1484 3950; x_wconf 86' lang='lat' dir='ltr'><strong>consequenti</strong></span> <span class='ocrx_word' id='word_1_309' title='bbox 1529 3882 1840 3939; x_wconf 83' lang='lat' dir='ltr'><strong>Marcellum</strong></span> <span class='ocrx_word' id='word_1_310' title='bbox 1893 3887 2231 3945; x_wconf 80' lang='lat' dir='ltr'><strong>damnaverit</strong></span> 
     </span>
    </p>
   </div>
   <div class='ocr_carea' id='block_1_43' title="bbox 675 3971 2230 4051">
    <p class='ocr_par' dir='ltr' id='par_1_43' title="bbox 675 3971 2230 4051">
     <span class='ocr_line' id='line_1_43' title="bbox 675 3971 2230 4051; baseline 0.009 -29"><span class='ocrx_word' id='word_1_311' title='bbox 675 3983 899 4025; x_wconf 90' lang='lat' dir='ltr'><strong>necesse</strong></span> <span class='ocrx_word' id='word_1_312' title='bbox 924 3978 1027 4030; x_wconf 88' lang='lat' dir='ltr'><strong>est,</strong></span> <span class='ocrx_word' id='word_1_313' title='bbox 1059 3973 1150 4039; x_wconf 88' lang='lat' dir='ltr'><strong>qui</strong></span> <span class='ocrx_word' id='word_1_314' title='bbox 1184 3971 1468 4026; x_wconf 86' lang='lat' dir='ltr'><strong>adversam</strong></span> <span class='ocrx_word' id='word_1_315' title='bbox 1516 3973 1641 4028; x_wconf 90' lang='lat' dir='ltr'><strong>huic</strong></span> <span class='ocrx_word' id='word_1_316' title='bbox 1682 3976 1987 4045; x_wconf 87' lang='lat' dir='ltr'><strong>opinionem</strong></span> <span class='ocrx_word' id='word_1_317' title='bbox 2027 3995 2230 4051; x_wconf 87' lang='lat' dir='ltr'><strong>propu-</strong></span> 
     </span>
    </p>
   </div>
   <div class='ocr_carea' id='block_1_44' title="bbox 671 4060 2224 4136">
    <p class='ocr_par' dir='ltr' id='par_1_44' title="bbox 671 4060 2224 4136">
     <span class='ocr_line' id='line_1_44' title="bbox 671 4060 2224 4136; baseline 0.008 -24"><span class='ocrx_word' id='word_1_318' title='bbox 671 4068 801 4129; x_wconf 83' lang='lat' dir='ltr'><strong>gnat</strong></span> <span class='ocrx_word' id='word_1_319' title='bbox 834 4079 846 4112; x_wconf 94' lang='lat'><strong>:</strong></span> <span class='ocrx_word' id='word_1_320' title='bbox 879 4060 1023 4130; x_wconf 90' lang='lat' dir='ltr'><strong>quod</strong></span> <span class='ocrx_word' id='word_1_321' title='bbox 1058 4076 1182 4115; x_wconf 87' lang='lat' dir='ltr'><strong>vero</strong></span> <span class='ocrx_word' id='word_1_322' title='bbox 1217 4061 1400 4128; x_wconf 87' lang='lat' dir='ltr'><strong>adjicit</strong></span> <span class='ocrx_word' id='word_1_323' title='bbox 1426 4061 1736 4118; x_wconf 80' lang='lat' dir='ltr'><strong>Marcellum</strong></span> <span class='ocrx_word' id='word_1_324' title='bbox 1766 4076 1976 4136; x_wconf 87' lang='lat' dir='ltr'><strong>putare,</strong></span> <span class='ocrx_word' id='word_1_325' title='bbox 2012 4068 2224 4125; x_wconf 87' lang='lat' dir='ltr'><strong>Patrem</strong></span> 
     </span>
    </p>
   </div>
   <div class='ocr_carea' id='block_1_45' title="bbox 672 4151 2228 4228">
    <p class='ocr_par' dir='ltr' id='par_1_45' title="bbox 672 4151 2228 4228">
     <span class='ocr_line' id='line_1_45' title="bbox 672 4151 2228 4228; baseline 0.008 -22"><span class='ocrx_word' id='word_1_326' title='bbox 672 4161 726 4206; x_wconf 91' lang='lat' dir='ltr'><strong>et</strong></span> <span class='ocrx_word' id='word_1_327' title='bbox 756 4151 991 4208; x_wconf 78' lang='lat' dir='ltr'><strong>Verbum</strong></span> <span class='ocrx_word' id='word_1_328' title='bbox 1022 4169 1186 4207; x_wconf 88' lang='lat' dir='ltr'><strong>unqu</strong></span> <span class='ocrx_word' id='word_1_329' title='bbox 1212 4161 1266 4208; x_wconf 90' lang='lat' dir='ltr'><strong>et</strong></span> <span class='ocrx_word' id='word_1_330' title='bbox 1295 4153 1432 4208; x_wconf 89' lang='lat' dir='ltr'><strong>idem</strong></span> <span class='ocrx_word' id='word_1_331' title='bbox 1468 4169 1611 4220; x_wconf 86' lang='lat' dir='ltr'><strong>esse,</strong></span> <span class='ocrx_word' id='word_1_332' title='bbox 1651 4157 1890 4228; x_wconf 88' lang='lat' dir='ltr'><strong>solisque</strong></span> <span class='ocrx_word' id='word_1_333' title='bbox 1919 4163 2228 4220; x_wconf 88' lang='lat' dir='ltr'><strong>nominibus</strong></span> 
     </span>
    </p>
   </div>
   <div class='ocr_carea' id='block_1_46' title="bbox 673 4243 2227 4317">
    <p class='ocr_par' dir='ltr' id='par_1_46' title="bbox 673 4243 2227 4317">
     <span class='ocr_line' id='line_1_46' title="bbox 673 4243 2227 4317; baseline 0.007 -19"><span class='ocrx_word' id='word_1_334' title='bbox 673 4244 966 4314; x_wconf 82' lang='lat' dir='ltr'><strong>distingui;</strong></span> <span class='ocrx_word' id='word_1_335' title='bbox 1000 4243 1051 4299; x_wconf 90' lang='lat' dir='ltr'><strong>id</strong></span> <span class='ocrx_word' id='word_1_336' title='bbox 1081 4244 1168 4298; x_wconf 86' lang='lat' dir='ltr'><strong>ille</strong></span> <span class='ocrx_word' id='word_1_337' title='bbox 1202 4259 1307 4297; x_wconf 89' lang='lat' dir='ltr'><strong>non</strong></span> <span class='ocrx_word' id='word_1_338' title='bbox 1348 4259 1410 4299; x_wconf 81' lang='lat' dir='ltr'><strong>ex</strong></span> <span class='ocrx_word' id='word_1_339' title='bbox 1443 4247 1750 4317; x_wconf 85' lang='lat' dir='ltr'><strong>perspicuis</strong></span> <span class='ocrx_word' id='word_1_340' title='bbox 1790 4250 2028 4307; x_wconf 83' lang='lat' dir='ltr'><strong>Marcelli</strong></span> <span class='ocrx_word' id='word_1_341' title='bbox 2061 4253 2227 4311; x_wconf 88' lang='lat' dir='ltr'><strong>dictis</strong></span> 
     </span>
    </p>
   </div>
   <div class='ocr_carea' id='block_1_47' title="bbox 671 4335 2223 4406">
    <p class='ocr_par' dir='ltr' id='par_1_47' title="bbox 671 4335 2223 4406">
     <span class='ocr_line' id='line_1_47' title="bbox 671 4335 2223 4406; baseline 0.006 -16"><span class='ocrx_word' id='word_1_342' title='bbox 671 4336 986 4406; x_wconf 87' lang='lat' dir='ltr'><strong>comprobat</strong></span> <span class='ocrx_word' id='word_1_343' title='bbox 1016 4355 1029 4389; x_wconf 90' lang='lat'>:</span> <span class='ocrx_word' id='word_1_344' title='bbox 1063 4335 1155 4392; x_wconf 89' lang='lat' dir='ltr'><strong>sed</strong></span> <span class='ocrx_word' id='word_1_345' title='bbox 1205 4336 1331 4406; x_wconf 89' lang='lat' dir='ltr'><strong>quia</strong></span> <span class='ocrx_word' id='word_1_346' title='bbox 1360 4340 1612 4400; x_wconf 66' lang='lat' dir='ltr'><strong>aestimat,</strong></span> <span class='ocrx_word' id='word_1_347' title='bbox 1653 4338 1868 4396; x_wconf 83' lang='lat' dir='ltr'><strong>Patrem</strong></span> <span class='ocrx_word' id='word_1_348' title='bbox 1899 4353 1954 4398; x_wconf 91' lang='lat' dir='ltr'><strong>et</strong></span> <span class='ocrx_word' id='word_1_349' title='bbox 1988 4343 2223 4400; x_wconf 90' lang='lat' dir='ltr'><strong>Verbum</strong></span> 
     </span>
    </p>
   </div>
   <div class='ocr_carea' id='block_1_48' title="bbox 2345 511 3819 572">
    <p class='ocr_par' dir='ltr' id='par_1_48' title="bbox 2345 511 3819 572">
     <span class='ocr_line' id='line_1_48' title="bbox 2345 511 3819 572; baseline 0.005 -8"><span class='ocrx_word' id='word_1_350' title='bbox 2345 511 2473 566; x_wconf 88' lang='lat' dir='ltr'><strong>tiam</strong></span> <span class='ocrx_word' id='word_1_351' title='bbox 2505 511 2738 568; x_wconf 88' lang='lat' dir='ltr'><strong>Verbum</strong></span> <span class='ocrx_word' id='word_1_352' title='bbox 2773 513 2943 570; x_wconf 80' lang='lat' dir='ltr'><strong>fuisse</strong></span> <span class='ocrx_word' id='word_1_353' title='bbox 2984 525 3208 568; x_wconf 87' lang='lat' dir='ltr'><strong>narrant</strong></span> <span class='ocrx_word' id='word_1_354' title='bbox 3243 515 3466 568; x_wconf 83' lang='lat' dir='ltr'><strong>Basilius</strong></span> <span class='ocrx_word' id='word_1_355' title='bbox 3490 524 3540 568; x_wconf 91' lang='lat' dir='ltr'><strong>et</strong></span> <span class='ocrx_word' id='word_1_356' title='bbox 3568 514 3819 572; x_wconf 81' lang='lat' dir='ltr'><strong>Theodore-</strong></span> 
     </span>
    </p>
   </div>
   <div class='ocr_carea' id='block_1_49' title="bbox 2341 607 3818 676">
    <p class='ocr_par' dir='ltr' id='par_1_49' title="bbox 2341 607 3818 676">
     <span class='ocr_line' id='line_1_49' title="bbox 2341 607 3818 676; baseline 0.003 -16"><span class='ocrx_word' id='word_1_357' title='bbox 2341 613 2450 668; x_wconf 89' lang='lat' dir='ltr'><strong>tus,</strong></span> <span class='ocrx_word' id='word_1_358' title='bbox 2502 621 2570 662; x_wconf 88' lang='lat' dir='ltr'><strong>ne</strong></span> <span class='ocrx_word' id='word_1_359' title='bbox 2613 607 2778 662; x_wconf 87' lang='lat' dir='ltr'><strong>semel</strong></span> <span class='ocrx_word' id='word_1_360' title='bbox 2819 608 3036 676; x_wconf 85' lang='lat' dir='ltr'><strong>quidem</strong></span> <span class='ocrx_word' id='word_1_361' title='bbox 3095 619 3355 662; x_wconf 89' lang='lat' dir='ltr'><strong>memorat</strong></span> <span class='ocrx_word' id='word_1_362' title='bbox 3401 607 3645 665; x_wconf 86' lang='lat' dir='ltr'><strong>Eusebius</strong></span> <span class='ocrx_word' id='word_1_363' title='bbox 3681 609 3818 667; x_wconf 73' lang='lat' dir='ltr'><strong>Cresa-</strong></span> 
     </span>
    </p>
   </div>
   <div class='ocr_carea' id='block_1_50' title="bbox 2338 697 3816 774">
    <p class='ocr_par' dir='ltr' id='par_1_50' title="bbox 2338 697 3816 774">
     <span class='ocr_line' id='line_1_50' title="bbox 2338 697 3816 774; baseline 0.004 -23"><span class='ocrx_word' id='word_1_364' title='bbox 2338 697 2536 752; x_wconf 87' lang='lat' dir='ltr'><strong>riensis</strong></span> <span class='ocrx_word' id='word_1_365' title='bbox 2567 715 2579 750; x_wconf 92' lang='lat'><strong>:</strong></span> <span class='ocrx_word' id='word_1_366' title='bbox 2611 700 2753 752; x_wconf 91' lang='lat' dir='ltr'><strong>unde</strong></span> <span class='ocrx_word' id='word_1_367' title='bbox 2797 701 2973 769; x_wconf 84' lang='lat' dir='ltr'><strong>palam</strong></span> <span class='ocrx_word' id='word_1_368' title='bbox 3020 701 3091 754; x_wconf 90' lang='lat' dir='ltr'><strong>sit</strong></span> <span class='ocrx_word' id='word_1_369' title='bbox 3141 701 3192 753; x_wconf 90' lang='lat' dir='ltr'><strong>in</strong></span> <span class='ocrx_word' id='word_1_370' title='bbox 3243 700 3378 754; x_wconf 90' lang='lat' dir='ltr'><strong>libro</strong></span> <span class='ocrx_word' id='word_1_371' title='bbox 3422 699 3637 756; x_wconf 84' lang='lat' dir='ltr'><strong>Marcelli</strong></span> <span class='ocrx_word' id='word_1_372' title='bbox 3678 716 3816 774; x_wconf 67' lang='lat' dir='ltr'><strong>conm</strong></span> 
     </span>
    </p>
   </div>
   <div class='ocr_carea' id='block_1_51' title="bbox 2340 789 3658 863">
    <p class='ocr_par' dir='ltr' id='par_1_51' title="bbox 2340 789 3658 863">
     <span class='ocr_line' id='line_1_51' title="bbox 2340 789 3658 863; baseline 0.003 -21"><span class='ocrx_word' id='word_1_373' title='bbox 2340 789 2603 843; x_wconf 85' lang='lat' dir='ltr'><strong>Asterium</strong></span> <span class='ocrx_word' id='word_1_374' title='bbox 2635 789 2767 844; x_wconf 91' lang='lat' dir='ltr'><strong>nihil</strong></span> <span class='ocrx_word' id='word_1_375' title='bbox 2791 791 3101 860; x_wconf 88' lang='lat' dir='ltr'><strong>hujusmodi</strong></span> <span class='ocrx_word' id='word_1_376' title='bbox 3127 791 3510 863; x_wconf 86' lang='lat' dir='ltr'><strong>deprehensum</strong></span> <span class='ocrx_word' id='word_1_377' title='bbox 3533 808 3658 848; x_wconf 89' lang='lat' dir='ltr'><strong>esse.</strong></span> 
     </span>
    </p>
   </div>
   <div class='ocr_carea' id='block_1_52' title="bbox 2335 902 3816 968">
    <p class='ocr_par' dir='ltr' id='par_1_52' title="bbox 2335 902 3816 968">
     <span class='ocr_line' id='line_1_52' title="bbox 2335 902 3816 968; baseline 0.006 -15"><span class='ocrx_word' id='word_1_378' title='bbox 2335 902 2422 954; x_wconf 79' lang='lat' dir='ltr'><strong>Ill.</strong></span> <span class='ocrx_word' id='word_1_379' title='bbox 2448 905 2523 955; x_wconf 82' lang='lat' dir='ltr'><strong>An</strong></span> <span class='ocrx_word' id='word_1_380' title='bbox 2542 903 2726 955; x_wconf 82' lang='lat' dir='ltr'><strong>dixerit</strong></span> <span class='ocrx_word' id='word_1_381' title='bbox 2746 905 2956 955; x_wconf 86' lang='lat' dir='ltr'><strong>Verbum</strong></span> <span class='ocrx_word' id='word_1_382' title='bbox 2989 920 3328 968; x_wconf 49' lang='lat' dir='ltr'><strong>summesse,</strong></span> <span class='ocrx_word' id='word_1_383' title='bbox 3352 913 3404 957; x_wconf 89' lang='lat' dir='ltr'><strong>et</strong></span> <span class='ocrx_word' id='word_1_384' title='bbox 3421 907 3586 958; x_wconf 86' lang='lat' dir='ltr'><strong>Filium</strong></span> <span class='ocrx_word' id='word_1_385' title='bbox 3605 924 3688 960; x_wconf 89' lang='lat' dir='ltr'><strong>non</strong></span> <span class='ocrx_word' id='word_1_386' title='bbox 3707 911 3816 962; x_wconf 75' lang='lat' dir='ltr'><strong>fuisse</strong></span> 
     </span>
    </p>
   </div>
   <div class='ocr_carea' id='block_1_53' title="bbox 2945 967 3288 1019">
    <p class='ocr_par' dir='ltr' id='par_1_53' title="bbox 2945 967 3288 1019">
     <span class='ocr_line' id='line_1_53' title="bbox 2945 967 3288 1019; baseline 0 -1"><span class='ocrx_word' id='word_1_387' title='bbox 2945 978 3059 1018; x_wconf 88' lang='lat' dir='ltr'><strong>ante</strong></span> <span class='ocrx_word' id='word_1_388' title='bbox 3081 967 3288 1019; x_wconf 87' lang='lat' dir='ltr'><strong>Mariam.</strong></span> 
     </span>
    </p>
   </div>
   <div class='ocr_carea' id='block_1_54' title="bbox 2407 1070 3816 1147">
    <p class='ocr_par' dir='ltr' id='par_1_54' title="bbox 2407 1070 3816 1147">
     <span class='ocr_line' id='line_1_54' title="bbox 2407 1070 3816 1147; baseline 0.005 -23"><span class='ocrx_word' id='word_1_389' title='bbox 2407 1070 2485 1126; x_wconf 83' lang='lat' dir='ltr'><strong>Ad</strong></span> <span class='ocrx_word' id='word_1_390' title='bbox 2507 1071 2619 1126; x_wconf 80' lang='lat' dir='ltr'><strong>inec</strong></span> <span class='ocrx_word' id='word_1_391' title='bbox 2636 1071 2887 1128; x_wconf 90' lang='lat' dir='ltr'><strong>Marcello</strong></span> <span class='ocrx_word' id='word_1_392' title='bbox 2909 1073 3123 1129; x_wconf 90' lang='lat' dir='ltr'><strong>crimini</strong></span> <span class='ocrx_word' id='word_1_393' title='bbox 3147 1076 3235 1128; x_wconf 90' lang='lat' dir='ltr'><strong>dat</strong></span> <span class='ocrx_word' id='word_1_394' title='bbox 3260 1073 3536 1137; x_wconf 83' lang='lat' dir='ltr'><strong>Eusebius,</strong></span> <span class='ocrx_word' id='word_1_395' title='bbox 3563 1077 3687 1147; x_wconf 90' lang='lat' dir='ltr'><strong>quod</strong></span> <span class='ocrx_word' id='word_1_396' title='bbox 3709 1077 3816 1131; x_wconf 75' lang='lat' dir='ltr'><strong>dixe</strong></span> 
     </span>
    </p>
   </div>
   <div class='ocr_carea' id='block_1_55' title="bbox 2337 1161 3817 1234">
    <p class='ocr_par' dir='ltr' id='par_1_55' title="bbox 2337 1161 3817 1234">
     <span class='ocr_line' id='line_1_55' title="bbox 2337 1161 3817 1234; baseline 0.003 -17"><span class='ocrx_word' id='word_1_397' title='bbox 2337 1164 2430 1229; x_wconf 80' lang='lat' dir='ltr'><strong>rit,</strong></span> <span class='ocrx_word' id='word_1_398' title='bbox 2461 1161 2696 1218; x_wconf 90' lang='lat' dir='ltr'><strong>Verbum</strong></span> <span class='ocrx_word' id='word_1_399' title='bbox 2741 1164 3036 1234; x_wconf 85' lang='lat' dir='ltr'><strong>ingenitum</strong></span> <span class='ocrx_word' id='word_1_400' title='bbox 3070 1181 3189 1222; x_wconf 88' lang='lat' dir='ltr'><strong>esse</strong></span> <span class='ocrx_word' id='word_1_401' title='bbox 3221 1182 3286 1222; x_wconf 91' lang='lat' dir='ltr'><strong>ac</strong></span> <span class='ocrx_word' id='word_1_402' title='bbox 3325 1175 3452 1222; x_wconf 90' lang='lat' dir='ltr'><strong>tunc</strong></span> <span class='ocrx_word' id='word_1_403' title='bbox 3477 1169 3632 1222; x_wconf 85' lang='lat' dir='ltr'><strong>solum</strong></span> <span class='ocrx_word' id='word_1_404' title='bbox 3672 1167 3817 1222; x_wconf 88' lang='lat' dir='ltr'><strong>Filium</strong></span> 
     </span>
    </p>
   </div>
   <div class='ocr_carea' id='block_1_56' title="bbox 2338 1253 3817 1329">
    <p class='ocr_par' dir='ltr' id='par_1_56' title="bbox 2338 1253 3817 1329">
     <span class='ocr_line' id='line_1_56' title="bbox 2338 1253 3817 1329; baseline 0.005 -22"><span class='ocrx_word' id='word_1_405' title='bbox 2338 1253 2433 1309; x_wconf 87' lang='lat' dir='ltr'><strong>Dei</strong></span> <span class='ocrx_word' id='word_1_406' title='bbox 2467 1253 2666 1309; x_wconf 79' lang='lat' dir='ltr'><strong>factum</strong></span> <span class='ocrx_word' id='word_1_407' title='bbox 2696 1255 2882 1320; x_wconf 82' lang='lat' dir='ltr'><strong>fuisse,</strong></span> <span class='ocrx_word' id='word_1_408' title='bbox 2913 1271 3037 1311; x_wconf 90' lang='lat' dir='ltr'><strong>cum</strong></span> <span class='ocrx_word' id='word_1_409' title='bbox 3059 1273 3272 1313; x_wconf 87' lang='lat' dir='ltr'><strong>carnem</strong></span> <span class='ocrx_word' id='word_1_410' title='bbox 3294 1261 3644 1329; x_wconf 83' lang='lat' dir='ltr'><strong>assumpsitex</strong></span> <span class='ocrx_word' id='word_1_411' title='bbox 3671 1261 3817 1315; x_wconf 82' lang='lat' dir='ltr'><strong>Maria.</strong></span> 
     </span>
    </p>
   </div>
   <div class='ocr_carea' id='block_1_57' title="bbox 2338 1345 3818 1406">
    <p class='ocr_par' dir='ltr' id='par_1_57' title="bbox 2338 1345 3818 1406">
     <span class='ocr_line' id='line_1_57' title="bbox 2338 1345 3818 1406; baseline 0.004 -6"><span class='ocrx_word' id='word_1_412' title='bbox 2338 1345 2536 1401; x_wconf 89' lang='lat' dir='ltr'><strong>Verum</strong></span> <span class='ocrx_word' id='word_1_413' title='bbox 2563 1362 2666 1400; x_wconf 89' lang='lat' dir='ltr'><strong>non</strong></span> <span class='ocrx_word' id='word_1_414' title='bbox 2693 1356 2776 1403; x_wconf 89' lang='lat' dir='ltr'><strong>sat</strong></span> <span class='ocrx_word' id='word_1_415' title='bbox 2807 1348 2908 1402; x_wconf 89' lang='lat' dir='ltr'><strong>sibi</strong></span> <span class='ocrx_word' id='word_1_416' title='bbox 2941 1360 3190 1404; x_wconf 88' lang='lat' dir='ltr'><strong>constare</strong></span> <span class='ocrx_word' id='word_1_417' title='bbox 3213 1351 3426 1406; x_wconf 86' lang='lat' dir='ltr'><strong>videtur</strong></span> <span class='ocrx_word' id='word_1_418' title='bbox 3445 1351 3706 1406; x_wconf 85' lang='lat' dir='ltr'><strong>Eusebius:</strong></span> <span class='ocrx_word' id='word_1_419' title='bbox 3727 1369 3818 1406; x_wconf 83' lang='lat' dir='ltr'><strong>nam</strong></span> 
     </span>
    </p>
   </div>
   <div class='ocr_carea' id='block_1_58' title="bbox 2339 1437 3820 1510">
    <p class='ocr_par' dir='ltr' id='par_1_58' title="bbox 2339 1437 3820 1510">
     <span class='ocr_line' id='line_1_58' title="bbox 2339 1437 3820 1510; baseline 0.004 -20"><span class='ocrx_word' id='word_1_420' title='bbox 2339 1437 2392 1491; x_wconf 90' lang='lat' dir='ltr'><strong>in</strong></span> <span class='ocrx_word' id='word_1_421' title='bbox 2423 1438 2692 1507; x_wconf 75' lang='lat' dir='ltr'><strong>cxcerptis</strong></span> <span class='ocrx_word' id='word_1_422' title='bbox 2736 1439 2974 1496; x_wconf 86' lang='lat' dir='ltr'><strong>Marcelli</strong></span> <span class='ocrx_word' id='word_1_423' title='bbox 3019 1458 3140 1510; x_wconf 68' lang='lat' dir='ltr'><strong>qum</strong></span> <span class='ocrx_word' id='word_1_424' title='bbox 3172 1441 3345 1508; x_wconf 75' lang='lat' dir='ltr'><strong>aliert,</strong></span> <span class='ocrx_word' id='word_1_425' title='bbox 3376 1460 3558 1498; x_wconf 88' lang='lat' dir='ltr'><strong>nomen</strong></span> <span class='ocrx_word' id='word_1_426' title='bbox 3604 1443 3752 1499; x_wconf 82' lang='lat' dir='ltr'><strong>Patris</strong></span> <span class='ocrx_word' id='word_1_427' title='bbox 3782 1455 3820 1498; x_wconf 87' lang='lat' dir='ltr'><strong>et</strong></span> 
     </span>
    </p>
   </div>
   <div class='ocr_carea' id='block_1_59' title="bbox 2337 1527 3820 1606">
    <p class='ocr_par' dir='ltr' id='par_1_59' title="bbox 2337 1527 3820 1606">
     <span class='ocr_line' id='line_1_59' title="bbox 2337 1527 3820 1606; baseline 0.005 -25"><span class='ocrx_word' id='word_1_428' title='bbox 2337 1527 2482 1592; x_wconf 62' lang='lat' dir='ltr'><strong>Fiiii,</strong></span> <span class='ocrx_word' id='word_1_429' title='bbox 2541 1528 2719 1584; x_wconf 89' lang='lat' dir='ltr'><strong>Patris</strong></span> <span class='ocrx_word' id='word_1_430' title='bbox 2777 1531 2904 1586; x_wconf 82' lang='lat' dir='ltr'><strong>item</strong></span> <span class='ocrx_word' id='word_1_431' title='bbox 2949 1543 3003 1587; x_wconf 93' lang='lat' dir='ltr'><strong>et</strong></span> <span class='ocrx_word' id='word_1_432' title='bbox 3056 1531 3259 1596; x_wconf 87' lang='lat' dir='ltr'><strong>Verbi,</strong></span> <span class='ocrx_word' id='word_1_433' title='bbox 3310 1536 3466 1588; x_wconf 89' lang='lat' dir='ltr'><strong>etiam</strong></span> <span class='ocrx_word' id='word_1_434' title='bbox 3500 1552 3586 1604; x_wconf 88' lang='lat' dir='ltr'><strong>pro</strong></span> <span class='ocrx_word' id='word_1_435' title='bbox 3631 1545 3820 1606; x_wconf 82' lang='lat' dir='ltr'><strong>tempore</strong></span> 
     </span>
    </p>
   </div>
   <div class='ocr_carea' id='block_1_60' title="bbox 2339 1621 3816 1696">
    <p class='ocr_par' dir='ltr' id='par_1_60' title="bbox 2339 1621 3816 1696">
     <span class='ocr_line' id='line_1_60' title="bbox 2339 1621 3816 1696; baseline 0.005 -23"><span class='ocrx_word' id='word_1_436' title='bbox 2339 1621 2667 1675; x_wconf 87' lang='lat' dir='ltr'><strong>creationem</strong></span> <span class='ocrx_word' id='word_1_437' title='bbox 2711 1621 3060 1678; x_wconf 89' lang='lat' dir='ltr'><strong>antecedente</strong></span> <span class='ocrx_word' id='word_1_438' title='bbox 3088 1625 3292 1694; x_wconf 89' lang='lat' dir='ltr'><strong>passim</strong></span> <span class='ocrx_word' id='word_1_439' title='bbox 3322 1633 3619 1696; x_wconf 86' lang='lat' dir='ltr'><strong>usurpatum</strong></span> <span class='ocrx_word' id='word_1_440' title='bbox 3642 1627 3816 1692; x_wconf 77' lang='lat' dir='ltr'><strong>videas;</strong></span> 
     </span>
    </p>
   </div>
   <div class='ocr_carea' id='block_1_61' title="bbox 2343 1710 3817 1784">
    <p class='ocr_par' dir='ltr' id='par_1_61' title="bbox 2343 1710 3817 1784">
     <span class='ocr_line' id='line_1_61' title="bbox 2343 1710 3817 1784; baseline 0.004 -21"><span class='ocrx_word' id='word_1_441' title='bbox 2343 1710 2444 1764; x_wconf 88' lang='lat' dir='ltr'><strong>sub</strong></span> <span class='ocrx_word' id='word_1_442' title='bbox 2476 1711 2686 1764; x_wconf 91' lang='lat' dir='ltr'><strong>initium</strong></span> <span class='ocrx_word' id='word_1_443' title='bbox 2717 1727 2847 1782; x_wconf 87' lang='lat' dir='ltr'><strong>ergo</strong></span> <span class='ocrx_word' id='word_1_444' title='bbox 2877 1713 2971 1766; x_wconf 87' lang='lat' dir='ltr'><strong>lib.</strong></span> <span class='ocrx_word' id='word_1_445' title='bbox 3014 1729 3053 1780; x_wconf 82' lang='grc' dir='ltr'><strong>ι,</strong></span> <span class='ocrx_word' id='word_1_446' title='bbox 3093 1730 3146 1784; x_wconf 90' lang='lat' dir='ltr'><strong>p.</strong></span> <span class='ocrx_word' id='word_1_447' title='bbox 3182 1715 3217 1768; x_wconf 71' lang='grc'><strong>4</strong></span> <span class='ocrx_word' id='word_1_448' title='bbox 3247 1723 3301 1770; x_wconf 89' lang='lat' dir='ltr'><strong>et</strong></span> <span class='ocrx_word' id='word_1_449' title='bbox 3327 1717 3380 1779; x_wconf 76' lang='lat'><strong>5,</strong></span> <span class='ocrx_word' id='word_1_450' title='bbox 3413 1717 3543 1771; x_wconf 87' lang='lat' dir='ltr'><strong>hanc</strong></span> <span class='ocrx_word' id='word_1_451' title='bbox 3566 1718 3692 1772; x_wconf 85' lang='lat' dir='ltr'><strong>cll&#39;ert</strong></span> <span class='ocrx_word' id='word_1_452' title='bbox 3713 1717 3817 1770; x_wconf 76' lang='lat' dir='ltr'><strong>Mar-</strong></span> 
     </span>
    </p>
   </div>
   <div class='ocr_carea' id='block_1_62' title="bbox 2343 1801 3816 1882">
    <p class='ocr_par' dir='ltr' id='par_1_62' title="bbox 2343 1801 3816 1882">
     <span class='ocr_line' id='line_1_62' title="bbox 2343 1801 3816 1882; baseline 0.005 -27"><span class='ocrx_word' id='word_1_453' title='bbox 2343 1801 2462 1855; x_wconf 87' lang='lat' dir='ltr'><strong>celli</strong></span> <span class='ocrx_word' id='word_1_454' title='bbox 2489 1803 2808 1856; x_wconf 87' lang='lat' dir='ltr'><strong>sententiam</strong></span> <span class='ocrx_word' id='word_1_455' title='bbox 2838 1823 2850 1856; x_wconf 89' lang='lat'><strong>:</strong></span> <span class='ocrx_word' id='word_1_456' title='bbox 2883 1805 3049 1874; x_wconf 73' lang='grc' dir='ltr'><strong>Λόγον</strong></span> <span class='ocrx_word' id='word_1_457' title='bbox 3091 1809 3252 1861; x_wconf 82' lang='grc' dir='ltr'><strong>αὐτὸν</strong></span> <span class='ocrx_word' id='word_1_458' title='bbox 3287 1810 3441 1879; x_wconf 85' lang='grc' dir='ltr'>μόνον</span> <span class='ocrx_word' id='word_1_459' title='bbox 3469 1811 3624 1873; x_wconf 73' lang='grc' dir='ltr'><strong>διδοὺς</strong></span> <span class='ocrx_word' id='word_1_460' title='bbox 3655 1810 3816 1882; x_wconf 77' lang='grc' dir='ltr'><strong>ὴνωμέ·</strong></span> 
     </span>
    </p>
   </div>
   <div class='ocr_carea' id='block_1_63' title="bbox 2341 1889 3815 1972">
    <p class='ocr_par' dir='ltr' id='par_1_63' title="bbox 2341 1889 3815 1972">
     <span class='ocr_line' id='line_1_63' title="bbox 2341 1889 3815 1972; baseline 0.007 -30"><span class='ocrx_word' id='word_1_461' title='bbox 2341 1908 2430 1943; x_wconf 86' lang='grc' dir='ltr'>νον</span> <span class='ocrx_word' id='word_1_462' title='bbox 2460 1889 2536 1960; x_wconf 82' lang='grc' dir='ltr'><strong>τῷ</strong></span> <span class='ocrx_word' id='word_1_463' title='bbox 2561 1891 2677 1962; x_wconf 82' lang='grc' dir='ltr'><strong>Θεῷ</strong></span> <span class='ocrx_word' id='word_1_464' title='bbox 2696 1911 2710 1922; x_wconf 71' lang='grc' dir='ltr'><strong><em>ο</em></strong></span> <span class='ocrx_word' id='word_1_465' title='bbox 2743 1895 2836 1948; x_wconf 73' lang='grc' dir='ltr'><strong>καὶ</strong></span> <span class='ocrx_word' id='word_1_466' title='bbox 2877 1896 3032 1949; x_wconf 81' lang='grc' dir='ltr'>τοῦτο</span> <span class='ocrx_word' id='word_1_467' title='bbox 3074 1892 3214 1952; x_wconf 73' lang='grc' dir='ltr'>εἶναι</span> <span class='ocrx_word' id='word_1_468' title='bbox 3259 1901 3424 1953; x_wconf 78' lang='grc' dir='ltr'><strong>ἀΐδιον</strong></span> <span class='ocrx_word' id='word_1_469' title='bbox 3465 1901 3548 1954; x_wconf 69' lang='grc' dir='ltr'><strong>καὶ</strong></span> <span class='ocrx_word' id='word_1_470' title='bbox 3573 1902 3815 1972; x_wconf 75' lang='grc' dir='ltr'><strong>ἀγέννητον.</strong></span> 
     </span>
    </p>
   </div>
   <div class='ocr_carea' id='block_1_64' title="bbox 2340 1979 3815 2064">
    <p class='ocr_par' dir='ltr' id='par_1_64' title="bbox 2340 1979 3815 2064">
     <span class='ocr_line' id='line_1_64' title="bbox 2340 1979 3815 2064; baseline 0.011 -31"><span class='ocrx_word' id='word_1_471' title='bbox 2340 1982 2398 2034; x_wconf 76' lang='grc' dir='ltr'>ἓν</span> <span class='ocrx_word' id='word_1_472' title='bbox 2420 2000 2479 2035; x_wconf 83' lang='grc' dir='ltr'><strong>τε</strong></span> <span class='ocrx_word' id='word_1_473' title='bbox 2509 1979 2644 2037; x_wconf 76' lang='grc' dir='ltr'>εἶναι</span> <span class='ocrx_word' id='word_1_474' title='bbox 2673 1987 2766 2039; x_wconf 76' lang='grc' dir='ltr'>καὶ</span> <span class='ocrx_word' id='word_1_475' title='bbox 2794 1989 2954 2041; x_wconf 80' lang='grc' dir='ltr'><strong>αὐτὸν</strong></span> <span class='ocrx_word' id='word_1_476' title='bbox 2980 1990 3057 2060; x_wconf 84' lang='grc' dir='ltr'><strong>τῷ</strong></span> <span class='ocrx_word' id='word_1_477' title='bbox 3088 1990 3229 2062; x_wconf 81' lang='grc' dir='ltr'>Θεῷ,</span> <span class='ocrx_word' id='word_1_478' title='bbox 3263 1992 3480 2064; x_wconf 77' lang='grc' dir='ltr'><strong>ὀνόμασι</strong></span> <span class='ocrx_word' id='word_1_479' title='bbox 3506 1994 3591 2064; x_wconf 84' lang='grc' dir='ltr'><strong>μὲν</strong></span> <span class='ocrx_word' id='word_1_480' title='bbox 3607 1995 3815 2064; x_wconf 59' lang='grc' dir='ltr'>διαφόρθκ</span> 
     </span>
    </p>
   </div>
   <div class='ocr_carea' id='block_1_65' title="bbox 2340 2077 3813 2158">
    <p class='ocr_par' dir='ltr' id='par_1_65' title="bbox 2340 2077 3813 2158">
     <span class='ocr_line' id='line_1_65' title="bbox 2340 2077 3813 2158; baseline 0.008 -29"><span class='ocrx_word' id='word_1_481' title='bbox 2340 2077 2550 2144; x_wconf 76' lang='grc' dir='ltr'><strong>Πατρὸς</strong></span> <span class='ocrx_word' id='word_1_482' title='bbox 2596 2079 2688 2131; x_wconf 74' lang='grc' dir='ltr'><strong>καὶ</strong></span> <span class='ocrx_word' id='word_1_483' title='bbox 2735 2079 2865 2133; x_wconf 82' lang='grc' dir='ltr'><strong>Υἱοῦ</strong></span> <span class='ocrx_word' id='word_1_484' title='bbox 2909 2083 3333 2154; x_wconf 75' lang='grc' dir='ltr'><strong>χρηματίζοντα,</strong></span> <span class='ocrx_word' id='word_1_485' title='bbox 3365 2086 3515 2158; x_wconf 72' lang='grc' dir='ltr'>οὐσίᾳ</span> <span class='ocrx_word' id='word_1_486' title='bbox 3548 2087 3596 2140; x_wconf 79' lang='grc' dir='ltr'><strong>δὲ</strong></span> <span class='ocrx_word' id='word_1_487' title='bbox 3627 2089 3701 2141; x_wconf 81' lang='grc' dir='ltr'><strong>καὶ</strong></span> <span class='ocrx_word' id='word_1_488' title='bbox 3729 2089 3813 2141; x_wconf 72' lang='grc' dir='ltr'><strong>ὕπο</strong></span> 
     </span>
    </p>
   </div>
   <div class='ocr_carea' id='block_1_66' title="bbox 2342 2170 3814 2244">
    <p class='ocr_par' dir='ltr' id='par_1_66' title="bbox 2342 2170 3814 2244">
     <span class='ocr_line' id='line_1_66' title="bbox 2342 2170 3814 2244; baseline 0.007 -23"><span class='ocrx_word' id='word_1_489' title='bbox 2342 2170 2523 2223; x_wconf 81' lang='grc' dir='ltr'><strong>στάσει</strong></span> <span class='ocrx_word' id='word_1_490' title='bbox 2554 2170 2610 2222; x_wconf 80' lang='grc' dir='ltr'>ἓν</span> <span class='ocrx_word' id='word_1_491' title='bbox 2641 2171 2788 2226; x_wconf 74' lang='grc' dir='ltr'><strong>ὄντα.</strong></span> <span class='ocrx_word' id='word_1_492' title='bbox 2827 2173 2878 2227; x_wconf 89' lang='lat' dir='ltr'><strong>Id</strong></span> <span class='ocrx_word' id='word_1_493' title='bbox 2909 2182 3026 2230; x_wconf 87' lang='lat' dir='ltr'><strong>est:</strong></span> <span class='ocrx_word' id='word_1_494' title='bbox 3066 2174 3248 2244; x_wconf 85' lang='lat' dir='ltr'><strong>Ipsum</strong></span> <span class='ocrx_word' id='word_1_495' title='bbox 3281 2180 3615 2234; x_wconf 81' lang='lat' dir='ltr'><strong>tantummodo</strong></span> <span class='ocrx_word' id='word_1_496' title='bbox 3650 2179 3814 2234; x_wconf 79' lang='lat' dir='ltr'><strong>Verbum</strong></span> 
     </span>
    </p>
   </div>
   <div class='ocr_carea' id='block_1_67' title="bbox 2338 2263 3815 2340">
    <p class='ocr_par' dir='ltr' id='par_1_67' title="bbox 2338 2263 3815 2340">
     <span class='ocr_line' id='line_1_67' title="bbox 2338 2263 3815 2340; baseline 0.008 -28"><span class='ocrx_word' id='word_1_497' title='bbox 2338 2276 2450 2313; x_wconf 79' lang='lat' dir='ltr'><strong>esse</strong></span> <span class='ocrx_word' id='word_1_498' title='bbox 2479 2263 2779 2324; x_wconf 76' lang='lat' dir='ltr'><strong>concedens,</strong></span> <span class='ocrx_word' id='word_1_499' title='bbox 2810 2264 2914 2319; x_wconf 86' lang='lat' dir='ltr'><strong>Deo</strong></span> <span class='ocrx_word' id='word_1_500' title='bbox 2943 2268 3146 2320; x_wconf 84' lang='lat' dir='ltr'><strong>unitum</strong></span> <span class='ocrx_word' id='word_1_501' title='bbox 3171 2285 3190 2321; x_wconf 90' lang='lat'><strong><em>:</em></strong></span> <span class='ocrx_word' id='word_1_502' title='bbox 3213 2268 3480 2340; x_wconf 85' lang='lat' dir='ltr'><strong>ipsumque</strong></span> <span class='ocrx_word' id='word_1_503' title='bbox 3507 2281 3717 2325; x_wconf 76' lang='lat' dir='ltr'><strong>teternum</strong></span> <span class='ocrx_word' id='word_1_504' title='bbox 3738 2287 3815 2324; x_wconf 76' lang='lat' dir='ltr'><strong>esse</strong></span> 
     </span>
    </p>
   </div>
   <div class='ocr_carea' id='block_1_68' title="bbox 2339 2352 3813 2426">
    <p class='ocr_par' dir='ltr' id='par_1_68' title="bbox 2339 2352 3813 2426">
     <span class='ocr_line' id='line_1_68' title="bbox 2339 2352 3813 2426; baseline 0.007 -23"><span class='ocrx_word' id='word_1_505' title='bbox 2339 2361 2386 2403; x_wconf 87' lang='lat' dir='ltr'><strong>et</strong></span> <span class='ocrx_word' id='word_1_506' title='bbox 2433 2352 2755 2420; x_wconf 83' lang='lat' dir='ltr'><strong>ingenitum;</strong></span> <span class='ocrx_word' id='word_1_507' title='bbox 2808 2373 3067 2426; x_wconf 87' lang='lat' dir='ltr'><strong>unumque</strong></span> <span class='ocrx_word' id='word_1_508' title='bbox 3117 2376 3229 2412; x_wconf 87' lang='lat' dir='ltr'><strong>esse</strong></span> <span class='ocrx_word' id='word_1_509' title='bbox 3257 2377 3370 2412; x_wconf 80' lang='lat' dir='ltr'><strong>cum</strong></span> <span class='ocrx_word' id='word_1_510' title='bbox 3425 2361 3544 2423; x_wconf 85' lang='lat' dir='ltr'><strong>Deo,</strong></span> <span class='ocrx_word' id='word_1_511' title='bbox 3588 2362 3813 2415; x_wconf 72' lang='lat' dir='ltr'><strong>nominibus</strong></span> 
     </span>
    </p>
   </div>
   <div class='ocr_carea' id='block_1_69' title="bbox 2337 2441 3815 2515">
    <p class='ocr_par' dir='ltr' id='par_1_69' title="bbox 2337 2441 3815 2515">
     <span class='ocr_line' id='line_1_69' title="bbox 2337 2441 3815 2515; baseline 0.007 -22"><span class='ocrx_word' id='word_1_512' title='bbox 2337 2441 2543 2510; x_wconf 85' lang='lat' dir='ltr'><strong>quidem</strong></span> <span class='ocrx_word' id='word_1_513' title='bbox 2575 2445 2794 2500; x_wconf 80' lang='lat' dir='ltr'><strong>diversis</strong></span> <span class='ocrx_word' id='word_1_514' title='bbox 2850 2446 3030 2503; x_wconf 85' lang='lat' dir='ltr'><strong>Patris</strong></span> <span class='ocrx_word' id='word_1_515' title='bbox 3084 2459 3133 2503; x_wconf 89' lang='lat' dir='ltr'><strong>et</strong></span> <span class='ocrx_word' id='word_1_516' title='bbox 3186 2449 3319 2504; x_wconf 84' lang='lat' dir='ltr'><strong>Filii</strong></span> <span class='ocrx_word' id='word_1_517' title='bbox 3365 2463 3604 2515; x_wconf 81' lang='lat' dir='ltr'><strong>vocatum,</strong></span> <span class='ocrx_word' id='word_1_518' title='bbox 3644 2455 3815 2508; x_wconf 77' lang='lat' dir='ltr'><strong>essentia</strong></span> 
     </span>
    </p>
   </div>
   <div class='ocr_carea' id='block_1_70' title="bbox 2339 2536 3815 2616">
    <p class='ocr_par' dir='ltr' id='par_1_70' title="bbox 2339 2536 3815 2616">
     <span class='ocr_line' id='line_1_70' title="bbox 2339 2536 3815 2616; baseline 0.009 -29"><span class='ocrx_word' id='word_1_519' title='bbox 2339 2550 2456 2588; x_wconf 84' lang='lat' dir='ltr'><strong>vero</strong></span> <span class='ocrx_word' id='word_1_520' title='bbox 2496 2547 2544 2590; x_wconf 90' lang='lat' dir='ltr'><strong>et</strong></span> <span class='ocrx_word' id='word_1_521' title='bbox 2582 2536 2850 2606; x_wconf 81' lang='lat' dir='ltr'><strong>hypostasi</strong></span> <span class='ocrx_word' id='word_1_522' title='bbox 2903 2557 3084 2595; x_wconf 89' lang='lat' dir='ltr'><strong>unum.</strong></span> <span class='ocrx_word' id='word_1_523' title='bbox 3128 2545 3185 2597; x_wconf 86' lang='lat' dir='ltr'><strong>In</strong></span> <span class='ocrx_word' id='word_1_524' title='bbox 3243 2545 3470 2600; x_wconf 87' lang='lat' dir='ltr'><strong>Marcelli</strong></span> <span class='ocrx_word' id='word_1_525' title='bbox 3505 2545 3727 2616; x_wconf 59' lang='lat' dir='ltr'><strong>eicerptis</strong></span> <span class='ocrx_word' id='word_1_526' title='bbox 3766 2545 3815 2600; x_wconf 87' lang='lat' dir='ltr'><strong>ab</strong></span> 
     </span>
    </p>
   </div>
   <div class='ocr_carea' id='block_1_71' title="bbox 2339 2621 3816 2699">
    <p class='ocr_par' dir='ltr' id='par_1_71' title="bbox 2339 2621 3816 2699">
     <span class='ocr_line' id='line_1_71' title="bbox 2339 2621 3816 2699; baseline 0.01 -24"><span class='ocrx_word' id='word_1_527' title='bbox 2339 2621 2573 2679; x_wconf 88' lang='lat' dir='ltr'><strong>Eusebio</strong></span> <span class='ocrx_word' id='word_1_528' title='bbox 2605 2627 2804 2691; x_wconf 85' lang='lat' dir='ltr'><strong>allatis,</strong></span> <span class='ocrx_word' id='word_1_529' title='bbox 2839 2644 3053 2699; x_wconf 89' lang='lat' dir='ltr'><strong>semper</strong></span> <span class='ocrx_word' id='word_1_530' title='bbox 3080 2633 3168 2688; x_wconf 91' lang='lat' dir='ltr'><strong>ille</strong></span> <span class='ocrx_word' id='word_1_531' title='bbox 3211 2631 3387 2692; x_wconf 87' lang='lat' dir='ltr'><strong>Patris</strong></span> <span class='ocrx_word' id='word_1_532' title='bbox 3408 2647 3458 2692; x_wconf 91' lang='lat' dir='ltr'><strong>et</strong></span> <span class='ocrx_word' id='word_1_533' title='bbox 3483 2636 3623 2691; x_wconf 84' lang='lat' dir='ltr'><strong>Verbi</strong></span> <span class='ocrx_word' id='word_1_534' title='bbox 3651 2637 3816 2691; x_wconf 87' lang='lat' dir='ltr'><strong>nomine</strong></span> 
     </span>
    </p>
   </div>
   <div class='ocr_carea' id='block_1_72' title="bbox 2335 2714 3815 2796">
    <p class='ocr_par' dir='ltr' id='par_1_72' title="bbox 2335 2714 3815 2796">
     <span class='ocr_line' id='line_1_72' title="bbox 2335 2714 3815 2796; baseline 0.011 -31"><span class='ocrx_word' id='word_1_535' title='bbox 2335 2714 2509 2767; x_wconf 87' lang='lat' dir='ltr'><strong>utitur</strong></span> <span class='ocrx_word' id='word_1_536' title='bbox 2554 2733 2567 2770; x_wconf 89' lang='lat'><strong>:</strong></span> <span class='ocrx_word' id='word_1_537' title='bbox 2617 2716 2760 2771; x_wconf 87' lang='lat' dir='ltr'><strong>unde</strong></span> <span class='ocrx_word' id='word_1_538' title='bbox 2816 2719 3030 2775; x_wconf 69' lang='lat' dir='ltr'><strong>videtur</strong></span> <span class='ocrx_word' id='word_1_539' title='bbox 3091 2718 3360 2781; x_wconf 88' lang='lat' dir='ltr'><strong>Eusebius</strong></span> <span class='ocrx_word' id='word_1_540' title='bbox 3414 2742 3474 2782; x_wconf 73' lang='lat' dir='ltr'><strong>ex</strong></span> <span class='ocrx_word' id='word_1_541' title='bbox 3535 2725 3815 2796; x_wconf 82' lang='lat' dir='ltr'><strong>consequenti</strong></span> 
     </span>
    </p>
   </div>
   <div class='ocr_carea' id='block_1_73' title="bbox 2339 2807 3812 2873">
    <p class='ocr_par' dir='ltr' id='par_1_73' title="bbox 2339 2807 3812 2873">
     <span class='ocr_line' id='line_1_73' title="bbox 2339 2807 3812 2873; baseline 0.007 -16"><span class='ocrx_word' id='word_1_542' title='bbox 2339 2811 2546 2859; x_wconf 89' lang='lat' dir='ltr'><strong>tantum</strong></span> <span class='ocrx_word' id='word_1_543' title='bbox 2578 2807 2716 2861; x_wconf 86' lang='lat' dir='ltr'><strong>hanc</strong></span> <span class='ocrx_word' id='word_1_544' title='bbox 2746 2808 2974 2864; x_wconf 72' lang='lat' dir='ltr'><strong>hmresin</strong></span> <span class='ocrx_word' id='word_1_545' title='bbox 3004 2812 3260 2869; x_wconf 81' lang='lat' dir='ltr'><strong>Marcello</strong></span> <span class='ocrx_word' id='word_1_546' title='bbox 3291 2816 3550 2873; x_wconf 77' lang='lat' dir='ltr'><strong>allinxisse</strong></span> <span class='ocrx_word' id='word_1_547' title='bbox 3578 2837 3588 2871; x_wconf 88' lang='lat'><strong>:</strong></span> <span class='ocrx_word' id='word_1_548' title='bbox 3619 2819 3812 2870; x_wconf 84' lang='lat' dir='ltr'><strong>nimirum</strong></span> 
     </span>
    </p>
   </div>
   <div class='ocr_carea' id='block_1_74' title="bbox 2338 2896 3813 2977">
    <p class='ocr_par' dir='ltr' id='par_1_74' title="bbox 2338 2896 3813 2977">
     <span class='ocr_line' id='line_1_74' title="bbox 2338 2896 3813 2977; baseline 0.005 -25"><span class='ocrx_word' id='word_1_549' title='bbox 2338 2896 2418 2952; x_wconf 85' lang='lat' dir='ltr'><strong>sic</strong></span> <span class='ocrx_word' id='word_1_550' title='bbox 2450 2897 2538 2953; x_wconf 89' lang='lat' dir='ltr'><strong>ille</strong></span> <span class='ocrx_word' id='word_1_551' title='bbox 2571 2898 2887 2968; x_wconf 82' lang='lat' dir='ltr'><strong>frequenter</strong></span> <span class='ocrx_word' id='word_1_552' title='bbox 2914 2904 2966 2957; x_wconf 90' lang='lat' dir='ltr'><strong>in</strong></span> <span class='ocrx_word' id='word_1_553' title='bbox 2993 2905 3145 2960; x_wconf 83' lang='lat' dir='ltr'><strong>libris</strong></span> <span class='ocrx_word' id='word_1_554' title='bbox 3176 2921 3365 2962; x_wconf 86' lang='lat' dir='ltr'><strong>contra</strong></span> <span class='ocrx_word' id='word_1_555' title='bbox 3398 2910 3667 2964; x_wconf 77' lang='lat' dir='ltr'><strong>Marcellum</strong></span> <span class='ocrx_word' id='word_1_556' title='bbox 3690 2924 3813 2977; x_wconf 79' lang='lat' dir='ltr'><strong>argu-</strong></span> 
     </span>
    </p>
   </div>
   <div class='ocr_carea' id='block_1_75' title="bbox 2336 2990 3814 3073">
    <p class='ocr_par' dir='ltr' id='par_1_75' title="bbox 2336 2990 3814 3073">
     <span class='ocr_line' id='line_1_75' title="bbox 2336 2990 3814 3073; baseline 0.007 -31"><span class='ocrx_word' id='word_1_557' title='bbox 2336 2996 2523 3045; x_wconf 88' lang='lat' dir='ltr'><strong>tatur:</strong></span> <span class='ocrx_word' id='word_1_558' title='bbox 2565 2990 2620 3045; x_wconf 88' lang='lat' dir='ltr'><strong>Si</strong></span> <span class='ocrx_word' id='word_1_559' title='bbox 2667 2991 2902 3048; x_wconf 82' lang='lat' dir='ltr'><strong>Verbum</strong></span> <span class='ocrx_word' id='word_1_560' title='bbox 2950 3005 3032 3051; x_wconf 89' lang='lat' dir='ltr'><strong>est</strong></span> <span class='ocrx_word' id='word_1_561' title='bbox 3069 2999 3261 3062; x_wconf 78' lang='grc' dir='ltr'>ἀῖδιον.</span> <span class='ocrx_word' id='word_1_562' title='bbox 3310 3005 3684 3073; x_wconf 84' lang='lat' dir='ltr'><strong>sempiternum,</strong></span> <span class='ocrx_word' id='word_1_563' title='bbox 3719 2999 3814 3052; x_wconf 58' lang='lat' dir='ltr'><strong>inde</strong></span> 
     </span>
    </p>
   </div>
   <div class='ocr_carea' id='block_1_76' title="bbox 1693 3062 3318 3164">
    <p class='ocr_par' dir='ltr' id='par_1_76' title="bbox 1693 3062 3318 3164">
     <span class='ocr_line' id='line_1_76' title="bbox 1693 3062 3318 3164; baseline 0.017 -46"><span class='ocrx_word' id='word_1_564' title='bbox 1693 3062 2086 3117; x_wconf 69' lang='lat' dir='ltr'><strong>similitudinem</strong></span> <span class='ocrx_word' id='word_1_565' title='bbox 2136 3083 2234 3118; x_wconf 80' lang='grc' dir='ltr'><strong>ηο-</strong></span> <span class='ocrx_word' id='word_1_566' title='bbox 2263 3094 2308 3157; x_wconf 78' lang='lat' dir='ltr'><strong>c</strong></span> <span class='ocrx_word' id='word_1_567' title='bbox 2337 3081 2585 3164; x_wconf 80' lang='lat' dir='ltr'><strong>sequitur</strong></span> <span class='ocrx_word' id='word_1_568' title='bbox 2624 3098 2732 3136; x_wconf 89' lang='lat' dir='ltr'><strong>non</strong></span> <span class='ocrx_word' id='word_1_569' title='bbox 2768 3083 2938 3139; x_wconf 83' lang='lat' dir='ltr'><strong>fuisse</strong></span> <span class='ocrx_word' id='word_1_570' title='bbox 2971 3089 3213 3156; x_wconf 83' lang='lat' dir='ltr'><strong>genitum</strong></span> <span class='ocrx_word' id='word_1_571' title='bbox 3249 3109 3262 3145; x_wconf 90' lang='lat'><strong>:</strong></span> <span class='ocrx_word' id='word_1_572' title='bbox 3295 3108 3318 3146; x_wconf 83' lang='lat' dir='ltr'><strong>r</strong></span> 
     </span>
    </p>
   </div>
   <div class='ocr_carea' id='block_1_77' title="bbox 2184 3062 3809 3164">
    <p class='ocr_par' dir='ltr' id='par_1_77' title="bbox 2184 3081 3809 3164">
     <span class='ocr_line' id='line_1_77' title="bbox 2184 3081 3809 3164; baseline 0.012 -31"><span class='ocrx_word' id='word_1_573' title='bbox 2184 3083 2234 3118; x_wconf 70' lang='grc' dir='ltr'><strong>ο·</strong></span> <span class='ocrx_word' id='word_1_574' title='bbox 2263 3094 2308 3157; x_wconf 79' lang='lat' dir='ltr'><strong>c</strong></span> <span class='ocrx_word' id='word_1_575' title='bbox 2337 3081 2585 3164; x_wconf 79' lang='lat' dir='ltr'><strong>sequitur</strong></span> <span class='ocrx_word' id='word_1_576' title='bbox 2624 3098 2732 3136; x_wconf 89' lang='lat' dir='ltr'><strong>non</strong></span> <span class='ocrx_word' id='word_1_577' title='bbox 2768 3083 2938 3139; x_wconf 82' lang='lat' dir='ltr'><strong>fuisse</strong></span> <span class='ocrx_word' id='word_1_578' title='bbox 2971 3089 3213 3156; x_wconf 86' lang='lat' dir='ltr'><strong>genitum</strong></span> <span class='ocrx_word' id='word_1_579' title='bbox 3249 3109 3262 3145; x_wconf 89' lang='lat'><strong>:</strong></span> <span class='ocrx_word' id='word_1_580' title='bbox 3295 3108 3418 3146; x_wconf 89' lang='lat' dir='ltr'><strong>nam</strong></span> <span class='ocrx_word' id='word_1_581' title='bbox 3448 3091 3575 3162; x_wconf 88' lang='lat' dir='ltr'><strong>quod</strong></span> <span class='ocrx_word' id='word_1_582' title='bbox 3613 3091 3809 3160; x_wconf 70' lang='lat' dir='ltr'><strong>gignitur.</strong></span> 
     </span>
    </p>
   </div>
   <div class='ocr_carea' id='block_1_78' title="bbox 2339 3171 3810 3252">
    <p class='ocr_par' dir='ltr' id='par_1_78' title="bbox 2339 3171 3810 3252">
     <span class='ocr_line' id='line_1_78' title="bbox 2339 3171 3810 3252; baseline 0.004 -29"><span class='ocrx_word' id='word_1_583' title='bbox 2339 3171 2606 3240; x_wconf 81' lang='lat' dir='ltr'><strong>posterius</strong></span> <span class='ocrx_word' id='word_1_584' title='bbox 2657 3181 2740 3227; x_wconf 91' lang='lat' dir='ltr'><strong>est</strong></span> <span class='ocrx_word' id='word_1_585' title='bbox 2785 3174 2877 3228; x_wconf 90' lang='lat' dir='ltr'><strong>illo</strong></span> <span class='ocrx_word' id='word_1_586' title='bbox 2925 3177 3018 3243; x_wconf 92' lang='lat' dir='ltr'><strong>qui</strong></span> <span class='ocrx_word' id='word_1_587' title='bbox 3048 3179 3243 3248; x_wconf 76' lang='lat' dir='ltr'><strong>gignit,</strong></span> <span class='ocrx_word' id='word_1_588' title='bbox 3293 3198 3513 3252; x_wconf 75' lang='lat' dir='ltr'><strong>vereque</strong></span> <span class='ocrx_word' id='word_1_589' title='bbox 3547 3181 3711 3235; x_wconf 76' lang='lat' dir='ltr'><strong>dicitur</strong></span> <span class='ocrx_word' id='word_1_590' title='bbox 3733 3192 3810 3229; x_wconf 88' lang='lat' dir='ltr'><strong>non</strong></span> 
     </span>
    </p>
   </div>
   <div class='ocr_carea' id='block_1_79' title="bbox 2337 3260 3812 3343">
    <p class='ocr_par' dir='ltr' id='par_1_79' title="bbox 2337 3260 3812 3343">
     <span class='ocr_line' id='line_1_79' title="bbox 2337 3260 3812 3343; baseline 0.007 -28"><span class='ocrx_word' id='word_1_591' title='bbox 2337 3260 2506 3317; x_wconf 80' lang='lat' dir='ltr'><strong>fuisse</strong></span> <span class='ocrx_word' id='word_1_592' title='bbox 2531 3271 2819 3333; x_wconf 88' lang='lat' dir='ltr'><strong>antequam</strong></span> <span class='ocrx_word' id='word_1_593' title='bbox 2855 3268 3184 3337; x_wconf 79' lang='lat' dir='ltr'><strong>gigneretur,</strong></span> <span class='ocrx_word' id='word_1_594' title='bbox 3220 3282 3384 3343; x_wconf 87' lang='lat' dir='ltr'><strong>atque</strong></span> <span class='ocrx_word' id='word_1_595' title='bbox 3425 3275 3548 3328; x_wconf 89' lang='lat' dir='ltr'><strong>adeo</strong></span> <span class='ocrx_word' id='word_1_596' title='bbox 3573 3275 3706 3326; x_wconf 75' lang='grc' dir='ltr'><strong>ἀΐδιον</strong></span> <span class='ocrx_word' id='word_1_597' title='bbox 3727 3271 3812 3326; x_wconf 77' lang='lat' dir='ltr'><strong>sive</strong></span> 
     </span>
    </p>
   </div>
   <div class='ocr_carea' id='block_1_80' title="bbox 2335 3359 3812 3439">
    <p class='ocr_par' dir='ltr' id='par_1_80' title="bbox 2335 3359 3812 3439">
     <span class='ocr_line' id='line_1_80' title="bbox 2335 3359 3812 3439; baseline 0.003 -27"><span class='ocrx_word' id='word_1_598' title='bbox 2335 3359 2723 3427; x_wconf 89' lang='lat' dir='ltr'><strong>sempiternum</strong></span> <span class='ocrx_word' id='word_1_599' title='bbox 2749 3375 2874 3415; x_wconf 87' lang='lat' dir='ltr'><strong>esse</strong></span> <span class='ocrx_word' id='word_1_600' title='bbox 2897 3365 3101 3432; x_wconf 91' lang='lat' dir='ltr'><strong>nequit.</strong></span> <span class='ocrx_word' id='word_1_601' title='bbox 3127 3366 3268 3421; x_wconf 81' lang='lat' dir='ltr'><strong>Cum</strong></span> <span class='ocrx_word' id='word_1_602' title='bbox 3296 3385 3423 3439; x_wconf 83' lang='lat' dir='ltr'><strong>ergo</strong></span> <span class='ocrx_word' id='word_1_603' title='bbox 3444 3368 3686 3422; x_wconf 86' lang='lat' dir='ltr'><strong>Marcellus</strong></span> <span class='ocrx_word' id='word_1_604' title='bbox 3703 3365 3812 3419; x_wconf 83' lang='lat' dir='ltr'><strong>dicat</strong></span> 
     </span>
    </p>
   </div>
   <div class='ocr_carea' id='block_1_81' title="bbox 2337 3445 3812 3529">
    <p class='ocr_par' dir='ltr' id='par_1_81' title="bbox 2337 3445 3812 3529">
     <span class='ocr_line' id='line_1_81' title="bbox 2337 3445 3812 3529; baseline 0.005 -29"><span class='ocrx_word' id='word_1_605' title='bbox 2337 3445 2572 3503; x_wconf 87' lang='lat' dir='ltr'><strong>Verbum</strong></span> <span class='ocrx_word' id='word_1_606' title='bbox 2619 3464 2743 3505; x_wconf 87' lang='lat' dir='ltr'><strong>esse</strong></span> <span class='ocrx_word' id='word_1_607' title='bbox 2791 3451 2960 3506; x_wconf 74' lang='grc' dir='ltr'><strong>ἀΐδιον</strong></span> <span class='ocrx_word' id='word_1_608' title='bbox 3019 3455 3134 3510; x_wconf 89' lang='lat' dir='ltr'><strong>sive</strong></span> <span class='ocrx_word' id='word_1_609' title='bbox 3187 3460 3580 3529; x_wconf 88' lang='lat' dir='ltr'><strong>sempiternum,</strong></span> <span class='ocrx_word' id='word_1_610' title='bbox 3619 3472 3706 3511; x_wconf 90' lang='lat' dir='ltr'><strong>non</strong></span> <span class='ocrx_word' id='word_1_611' title='bbox 3746 3469 3812 3524; x_wconf 79' lang='lat' dir='ltr'><strong>ge-</strong></span> 
     </span>
    </p>
   </div>
   <div class='ocr_carea' id='block_1_82' title="bbox 2335 3537 3809 3617">
    <p class='ocr_par' dir='ltr' id='par_1_82' title="bbox 2335 3537 3809 3617">
     <span class='ocr_line' id='line_1_82' title="bbox 2335 3537 3809 3617; baseline 0.007 -27"><span class='ocrx_word' id='word_1_612' title='bbox 2335 3537 2506 3592; x_wconf 90' lang='lat' dir='ltr'><strong>nitum</strong></span> <span class='ocrx_word' id='word_1_613' title='bbox 2540 3539 2709 3596; x_wconf 81' lang='lat' dir='ltr'><strong>fuisse</strong></span> <span class='ocrx_word' id='word_1_614' title='bbox 2741 3546 2930 3598; x_wconf 88' lang='lat' dir='ltr'><strong>credat</strong></span> <span class='ocrx_word' id='word_1_615' title='bbox 2974 3555 3207 3617; x_wconf 88' lang='lat' dir='ltr'><strong>oportet.</strong></span> <span class='ocrx_word' id='word_1_616' title='bbox 3257 3549 3348 3605; x_wconf 89' lang='lat' dir='ltr'><strong>Sic</strong></span> <span class='ocrx_word' id='word_1_617' title='bbox 3395 3553 3480 3607; x_wconf 88' lang='lat' dir='ltr'><strong>ille</strong></span> <span class='ocrx_word' id='word_1_618' title='bbox 3505 3565 3612 3605; x_wconf 90' lang='lat' dir='ltr'><strong>cum</strong></span> <span class='ocrx_word' id='word_1_619' title='bbox 3645 3549 3809 3603; x_wconf 81' lang='lat' dir='ltr'><strong>Arianis</strong></span> 
     </span>
    </p>
   </div>
   <div class='ocr_carea' id='block_1_83' title="bbox 2335 3629 3811 3714">
    <p class='ocr_par' dir='ltr' id='par_1_83' title="bbox 2335 3629 3811 3714">
     <span class='ocr_line' id='line_1_83' title="bbox 2335 3629 3811 3714; baseline 0.009 -33"><span class='ocrx_word' id='word_1_620' title='bbox 2335 3629 2593 3698; x_wconf 88' lang='lat' dir='ltr'><strong>loquitur,</strong></span> <span class='ocrx_word' id='word_1_621' title='bbox 2628 3647 2737 3687; x_wconf 91' lang='lat' dir='ltr'><strong>non</strong></span> <span class='ocrx_word' id='word_1_622' title='bbox 2770 3635 3206 3695; x_wconf 81' lang='lat' dir='ltr'><strong>animadvertetis</strong></span> <span class='ocrx_word' id='word_1_623' title='bbox 3243 3658 3352 3697; x_wconf 86' lang='lat' dir='ltr'><strong>non</strong></span> <span class='ocrx_word' id='word_1_624' title='bbox 3388 3643 3546 3714; x_wconf 84' lang='lat' dir='ltr'><strong>magis</strong></span> <span class='ocrx_word' id='word_1_625' title='bbox 3574 3651 3811 3710; x_wconf 77' lang='lat' dir='ltr'><strong>repugnare</strong></span> 
     </span>
    </p>
   </div>
   <div class='ocr_carea' id='block_1_84' title="bbox 2333 3720 3808 3802">
    <p class='ocr_par' dir='ltr' id='par_1_84' title="bbox 2333 3720 3808 3802">
     <span class='ocr_line' id='line_1_84' title="bbox 2333 3720 3808 3802; baseline 0.008 -29"><span class='ocrx_word' id='word_1_626' title='bbox 2333 3720 2550 3777; x_wconf 89' lang='lat' dir='ltr'><strong>Patrem</strong></span> <span class='ocrx_word' id='word_1_627' title='bbox 2584 3725 2652 3777; x_wconf 90' lang='lat' dir='ltr'><strong>ab</strong></span> <span class='ocrx_word' id='word_1_628' title='bbox 2679 3732 2882 3780; x_wconf 72' lang='lat' dir='ltr'><strong>teterno</strong></span> <span class='ocrx_word' id='word_1_629' title='bbox 2913 3729 3152 3799; x_wconf 85' lang='lat' dir='ltr'><strong>gignere,</strong></span> <span class='ocrx_word' id='word_1_630' title='bbox 3187 3749 3352 3802; x_wconf 89' lang='lat' dir='ltr'><strong>quam</strong></span> <span class='ocrx_word' id='word_1_631' title='bbox 3387 3736 3451 3789; x_wconf 90' lang='lat' dir='ltr'><strong>ab</strong></span> <span class='ocrx_word' id='word_1_632' title='bbox 3479 3743 3653 3789; x_wconf 70' lang='lat' dir='ltr'><strong>aeterno</strong></span> <span class='ocrx_word' id='word_1_633' title='bbox 3686 3745 3808 3787; x_wconf 81' lang='lat' dir='ltr'><strong>esse:</strong></span> 
     </span>
    </p>
   </div>
   <div class='ocr_carea' id='block_1_85' title="bbox 2331 3816 3810 3896">
    <p class='ocr_par' dir='ltr' id='par_1_85' title="bbox 2331 3816 3810 3896">
     <span class='ocr_line' id='line_1_85' title="bbox 2331 3816 3810 3896; baseline 0.004 -31"><span class='ocrx_word' id='word_1_634' title='bbox 2331 3827 2432 3867; x_wconf 89' lang='lat' dir='ltr'><strong>nec</strong></span> <span class='ocrx_word' id='word_1_635' title='bbox 2477 3816 2936 3883; x_wconf 86' lang='lat' dir='ltr'><strong>posterioritatem</strong></span> <span class='ocrx_word' id='word_1_636' title='bbox 2991 3823 3154 3876; x_wconf 88' lang='lat' dir='ltr'><strong>ullam</strong></span> <span class='ocrx_word' id='word_1_637' title='bbox 3186 3827 3447 3896; x_wconf 79' lang='lat' dir='ltr'><strong>temporis</strong></span> <span class='ocrx_word' id='word_1_638' title='bbox 3493 3827 3541 3879; x_wconf 91' lang='lat' dir='ltr'><strong>in</strong></span> <span class='ocrx_word' id='word_1_639' title='bbox 3587 3824 3698 3877; x_wconf 79' lang='lat' dir='ltr'><strong>Filio</strong></span> <span class='ocrx_word' id='word_1_640' title='bbox 3719 3819 3810 3873; x_wconf 73' lang='lat' dir='ltr'><strong>inde</strong></span> 
     </span>
    </p>
   </div>
   <div class='ocr_carea' id='block_1_86' title="bbox 2331 3903 3806 3987">
    <p class='ocr_par' dir='ltr' id='par_1_86' title="bbox 2331 3903 3806 3987">
     <span class='ocr_line' id='line_1_86' title="bbox 2331 3903 3806 3987; baseline 0.005 -31"><span class='ocrx_word' id='word_1_641' title='bbox 2331 3903 2539 3970; x_wconf 80' lang='lat' dir='ltr'><strong>inferri,</strong></span> <span class='ocrx_word' id='word_1_642' title='bbox 2575 3909 2721 3977; x_wconf 92' lang='lat' dir='ltr'><strong>quod</strong></span> <span class='ocrx_word' id='word_1_643' title='bbox 2750 3912 3001 3980; x_wconf 79' lang='lat' dir='ltr'><strong>gignatur</strong></span> <span class='ocrx_word' id='word_1_644' title='bbox 3029 3933 3041 3967; x_wconf 94' lang='lat'>:</span> <span class='ocrx_word' id='word_1_645' title='bbox 3076 3929 3197 3968; x_wconf 87' lang='lat' dir='ltr'><strong>nam</strong></span> <span class='ocrx_word' id='word_1_646' title='bbox 3222 3934 3344 3973; x_wconf 87' lang='lat' dir='ltr'><strong>esse</strong></span> <span class='ocrx_word' id='word_1_647' title='bbox 3371 3929 3420 3973; x_wconf 90' lang='lat' dir='ltr'><strong>et</strong></span> <span class='ocrx_word' id='word_1_648' title='bbox 3446 3921 3639 3987; x_wconf 84' lang='lat' dir='ltr'><strong>gignere</strong></span> <span class='ocrx_word' id='word_1_649' title='bbox 3664 3915 3706 3967; x_wconf 87' lang='lat' dir='ltr'><strong>in</strong></span> <span class='ocrx_word' id='word_1_650' title='bbox 3727 3911 3806 3964; x_wconf 71' lang='lat' dir='ltr'><strong>Deo</strong></span> 
     </span>
    </p>
   </div>
   <div class='ocr_carea' id='block_1_87' title="bbox 2329 3993 3807 4074">
    <p class='ocr_par' dir='ltr' id='par_1_87' title="bbox 2329 3993 3807 4074">
     <span class='ocr_line' id='line_1_87' title="bbox 2329 3993 3807 4074; baseline 0.007 -26"><span class='ocrx_word' id='word_1_651' title='bbox 2329 3993 2487 4052; x_wconf 88' lang='lat' dir='ltr'><strong>Patre</strong></span> <span class='ocrx_word' id='word_1_652' title='bbox 2507 3999 2667 4054; x_wconf 91' lang='lat' dir='ltr'><strong>simul</strong></span> <span class='ocrx_word' id='word_1_653' title='bbox 2699 4011 2822 4057; x_wconf 87' lang='lat' dir='ltr'><strong>sunt</strong></span> <span class='ocrx_word' id='word_1_654' title='bbox 2851 4013 2903 4058; x_wconf 88' lang='lat' dir='ltr'><strong>et</strong></span> <span class='ocrx_word' id='word_1_655' title='bbox 2926 4005 3320 4074; x_wconf 88' lang='lat' dir='ltr'><strong>intelliguntur,</strong></span> <span class='ocrx_word' id='word_1_656' title='bbox 3341 4025 3436 4062; x_wconf 91' lang='lat' dir='ltr'><strong>nec</strong></span> <span class='ocrx_word' id='word_1_657' title='bbox 3460 4009 3588 4062; x_wconf 89' lang='lat' dir='ltr'><strong>aliud</strong></span> <span class='ocrx_word' id='word_1_658' title='bbox 3615 4007 3710 4061; x_wconf 86' lang='lat' dir='ltr'><strong>sine</strong></span> <span class='ocrx_word' id='word_1_659' title='bbox 3726 4002 3807 4056; x_wconf 83' lang='lat' dir='ltr'><strong>alio</strong></span> 
     </span>
    </p>
   </div>
   <div class='ocr_carea' id='block_1_88' title="bbox 2329 4096 3803 4166">
    <p class='ocr_par' dir='ltr' id='par_1_88' title="bbox 2329 4096 3803 4166">
     <span class='ocr_line' id='line_1_88' title="bbox 2329 4096 3803 4166; baseline 0.007 -24"><span class='ocrx_word' id='word_1_660' title='bbox 2329 4103 2450 4143; x_wconf 86' lang='lat' dir='ltr'><strong>esse</strong></span> <span class='ocrx_word' id='word_1_661' title='bbox 2477 4106 2714 4160; x_wconf 89' lang='lat' dir='ltr'><strong>unquam</strong></span> <span class='ocrx_word' id='word_1_662' title='bbox 2760 4096 2969 4162; x_wconf 91' lang='lat' dir='ltr'><strong>potuit;</strong></span> <span class='ocrx_word' id='word_1_663' title='bbox 3009 4105 3170 4166; x_wconf 89' lang='lat' dir='ltr'><strong>atque</strong></span> <span class='ocrx_word' id='word_1_664' title='bbox 3209 4101 3346 4155; x_wconf 89' lang='lat' dir='ltr'><strong>adeo</strong></span> <span class='ocrx_word' id='word_1_665' title='bbox 3394 4100 3574 4154; x_wconf 81' lang='lat' dir='ltr'><strong>Filium</strong></span> <span class='ocrx_word' id='word_1_666' title='bbox 3601 4107 3803 4152; x_wconf 62' lang='lat' dir='ltr'><strong>aeternum</strong></span> 
     </span>
    </p>
   </div>
   <div class='ocr_carea' id='block_1_89' title="bbox 2328 4179 3806 4262">
    <p class='ocr_par' dir='ltr' id='par_1_89' title="bbox 2328 4179 3806 4262">
     <span class='ocr_line' id='line_1_89' title="bbox 2328 4179 3806 4262; baseline 0.003 -31"><span class='ocrx_word' id='word_1_667' title='bbox 2328 4179 2550 4248; x_wconf 86' lang='lat' dir='ltr'><strong>perinde</strong></span> <span class='ocrx_word' id='word_1_668' title='bbox 2595 4191 2755 4252; x_wconf 88' lang='lat' dir='ltr'><strong>atque</strong></span> <span class='ocrx_word' id='word_1_669' title='bbox 2798 4183 3008 4240; x_wconf 87' lang='lat' dir='ltr'><strong>Patrem</strong></span> <span class='ocrx_word' id='word_1_670' title='bbox 3053 4204 3194 4250; x_wconf 87' lang='lat' dir='ltr'><strong>esse,</strong></span> <span class='ocrx_word' id='word_1_671' title='bbox 3229 4201 3288 4243; x_wconf 89' lang='lat' dir='ltr'><strong>ut</strong></span> <span class='ocrx_word' id='word_1_672' title='bbox 3329 4206 3530 4262; x_wconf 88' lang='lat' dir='ltr'><strong>semper</strong></span> <span class='ocrx_word' id='word_1_673' title='bbox 3569 4187 3716 4242; x_wconf 87' lang='lat' dir='ltr'><strong>docuit</strong></span> <span class='ocrx_word' id='word_1_674' title='bbox 3736 4197 3806 4236; x_wconf 81' lang='lat' dir='ltr'><strong>ca-</strong></span> 
     </span>
    </p>
   </div>
   <div class='ocr_carea' id='block_1_90' title="bbox 2327 4269 3807 4352">
    <p class='ocr_par' dir='ltr' id='par_1_90' title="bbox 2327 4269 3807 4352">
     <span class='ocr_line' id='line_1_90' title="bbox 2327 4269 3807 4352; baseline 0.006 -30"><span class='ocrx_word' id='word_1_675' title='bbox 2327 4271 2525 4325; x_wconf 79' lang='lat' dir='ltr'><strong>tliolica</strong></span> <span class='ocrx_word' id='word_1_676' title='bbox 2540 4269 2801 4330; x_wconf 89' lang='lat' dir='ltr'><strong>Ecclesia.</strong></span> <span class='ocrx_word' id='word_1_677' title='bbox 2829 4275 2982 4342; x_wconf 87' lang='lat' dir='ltr'><strong>Quod</strong></span> <span class='ocrx_word' id='word_1_678' title='bbox 3010 4287 3186 4334; x_wconf 84' lang='lat' dir='ltr'><strong>autem</strong></span> <span class='ocrx_word' id='word_1_679' title='bbox 3215 4292 3423 4352; x_wconf 73' lang='lat' dir='ltr'><strong>spectat</strong></span> <span class='ocrx_word' id='word_1_680' title='bbox 3438 4285 3497 4336; x_wconf 84' lang='lat' dir='ltr'><strong>ad</strong></span> <span class='ocrx_word' id='word_1_681' title='bbox 3517 4294 3674 4335; x_wconf 81' lang='lat' dir='ltr'><strong>vocem</strong></span> <span class='ocrx_word' id='word_1_682' title='bbox 3691 4275 3807 4342; x_wconf 69' lang='grc' dir='ltr'><strong>ἀγέν-</strong></span> 
     </span>
    </p>
   </div>
   <div class='ocr_carea' id='block_1_91' title="bbox 2327 4365 3807 4438">
    <p class='ocr_par' dir='ltr' id='par_1_91' title="bbox 2327 4365 3807 4438">
     <span class='ocr_line' id='line_1_91' title="bbox 2327 4365 3807 4438; baseline 0.004 -26"><span class='ocrx_word' id='word_1_683' title='bbox 2327 4378 2503 4430; x_wconf 78' lang='grc' dir='ltr'><strong>νητον,</strong></span> <span class='ocrx_word' id='word_1_684' title='bbox 2541 4380 2641 4418; x_wconf 90' lang='lat' dir='ltr'><strong>non</strong></span> <span class='ocrx_word' id='word_1_685' title='bbox 2663 4368 2912 4434; x_wconf 86' lang='lat' dir='ltr'><strong>genitum,</strong></span> <span class='ocrx_word' id='word_1_686' title='bbox 2946 4385 3106 4438; x_wconf 90' lang='lat' dir='ltr'><strong>quam</strong></span> <span class='ocrx_word' id='word_1_687' title='bbox 3140 4370 3320 4429; x_wconf 86' lang='lat' dir='ltr'><strong>Verbo</strong></span> <span class='ocrx_word' id='word_1_688' title='bbox 3348 4373 3533 4428; x_wconf 89' lang='lat' dir='ltr'><strong>ascribi</strong></span> <span class='ocrx_word' id='word_1_689' title='bbox 3559 4387 3583 4424; x_wconf 90' lang='lat' dir='ltr'><strong>a</strong></span> <span class='ocrx_word' id='word_1_690' title='bbox 3609 4365 3807 4422; x_wconf 82' lang='lat' dir='ltr'><strong>Marcello</strong></span> 
     </span>
    </p>
   </div>
   <div class='ocr_carea' id='block_1_92' title="bbox 670 4423 2295 4532">
    <p class='ocr_par' dir='ltr' id='par_1_92' title="bbox 670 4423 2295 4498">
     <span class='ocr_line' id='line_1_92' title="bbox 670 4423 2295 4498; baseline 0.006 -15"><span class='ocrx_word' id='word_1_691' title='bbox 670 4429 716 4483; x_wconf 88' lang='lat' dir='ltr'><strong>si</strong></span> <span class='ocrx_word' id='word_1_692' title='bbox 748 4443 888 4482; x_wconf 88' lang='lat' dir='ltr'><strong>unus</strong></span> <span class='ocrx_word' id='word_1_693' title='bbox 917 4436 970 4482; x_wconf 90' lang='lat' dir='ltr'><strong>et</strong></span> <span class='ocrx_word' id='word_1_694' title='bbox 999 4427 1136 4480; x_wconf 86' lang='lat' dir='ltr'><strong>idem</strong></span> <span class='ocrx_word' id='word_1_695' title='bbox 1161 4443 1386 4483; x_wconf 88' lang='lat' dir='ltr'><strong>numero</strong></span> <span class='ocrx_word' id='word_1_696' title='bbox 1419 4429 1559 4485; x_wconf 89' lang='lat' dir='ltr'><strong>Deus</strong></span> <span class='ocrx_word' id='word_1_697' title='bbox 1591 4433 1683 4498; x_wconf 88' lang='lat' dir='ltr'><strong>sit,</strong></span> <span class='ocrx_word' id='word_1_698' title='bbox 1708 4449 1873 4486; x_wconf 88' lang='lat' dir='ltr'><strong>unum</strong></span> <span class='ocrx_word' id='word_1_699' title='bbox 1907 4436 2070 4489; x_wconf 90' lang='lat' dir='ltr'><strong>etiam</strong></span> <span class='ocrx_word' id='word_1_700' title='bbox 2104 4452 2224 4493; x_wconf 88' lang='lat' dir='ltr'><strong>esse</strong></span> <span class='ocrx_word' id='word_1_701' title='bbox 2256 4423 2295 4478; x_wconf 77' lang='grc' dir='ltr'><strong>Π</strong></span> 
     </span>
    </p>
   </div>
   <div class='ocr_carea' id='block_1_93' title="bbox 2180 4423 3805 4532">
    <p class='ocr_par' dir='ltr' id='par_1_93' title="bbox 2180 4423 3805 4532">
     <span class='ocr_line' id='line_1_93' title="bbox 2180 4423 3805 4532; baseline 0.001 -28"><span class='ocrx_word' id='word_1_702' title='bbox 2180 4453 2224 4493; x_wconf 68' lang='lat' dir='ltr'><strong>ie</strong></span> <span class='ocrx_word' id='word_1_703' title='bbox 2256 4423 2300 4478; x_wconf 71' lang='grc' dir='ltr'>θ</span> <span class='ocrx_word' id='word_1_704' title='bbox 2332 4453 2650 4509; x_wconf 81' lang='lat' dir='ltr'><strong>testiﬁcatur</strong></span> <span class='ocrx_word' id='word_1_705' title='bbox 2696 4455 2984 4523; x_wconf 87' lang='lat' dir='ltr'><strong>Eusebius,</strong></span> <span class='ocrx_word' id='word_1_706' title='bbox 3031 4461 3140 4515; x_wconf 90' lang='lat' dir='ltr'><strong>duo</strong></span> <span class='ocrx_word' id='word_1_707' title='bbox 3171 4465 3504 4532; x_wconf 66' lang='lat' dir='ltr'><strong>putissimum</strong></span> <span class='ocrx_word' id='word_1_708' title='bbox 3538 4469 3647 4516; x_wconf 90' lang='lat' dir='ltr'><strong>sunt</strong></span> <span class='ocrx_word' id='word_1_709' title='bbox 3672 4455 3805 4511; x_wconf 89' lang='lat' dir='ltr'><strong>consi-</strong></span> 
     </span>
    </p>
   </div>
   <div class='ocr_carea' id='block_1_94' title="bbox 669 4516 2224 4584">
    <p class='ocr_par' dir='ltr' id='par_1_94' title="bbox 669 4516 2224 4584">
     <span class='ocr_line' id='line_1_94' title="bbox 669 4516 2224 4584; baseline 0.005 -11"><span class='ocrx_word' id='word_1_710' title='bbox 669 4517 967 4574; x_wconf 83' lang='lat' dir='ltr'><strong>secundum</strong></span> <span class='ocrx_word' id='word_1_711' title='bbox 1015 4516 1149 4570; x_wconf 83' lang='lat' dir='ltr'><strong>alias</strong></span> <span class='ocrx_word' id='word_1_712' title='bbox 1193 4532 1381 4574; x_wconf 88' lang='lat' dir='ltr'><strong>omnes</strong></span> <span class='ocrx_word' id='word_1_713' title='bbox 1411 4521 1672 4584; x_wconf 86' lang='lat' dir='ltr'><strong>rationes,</strong></span> <span class='ocrx_word' id='word_1_714' title='bbox 1722 4523 1794 4575; x_wconf 92' lang='lat' dir='ltr'><strong>ita</strong></span> <span class='ocrx_word' id='word_1_715' title='bbox 1830 4535 1886 4578; x_wconf 92' lang='lat' dir='ltr'><strong>ut</strong></span> <span class='ocrx_word' id='word_1_716' title='bbox 1930 4527 2076 4578; x_wconf 90' lang='lat' dir='ltr'><strong>nulla</strong></span> <span class='ocrx_word' id='word_1_717' title='bbox 2110 4528 2224 4581; x_wconf 83' lang='lat' dir='ltr'><strong>dis-</strong></span> 
     </span>
    </p>
   </div>
   <div class='ocr_carea' id='block_1_95' title="bbox 669 4609 2220 4687">
    <p class='ocr_par' dir='ltr' id='par_1_95' title="bbox 669 4609 2220 4687">
     <span class='ocr_line' id='line_1_95' title="bbox 669 4609 2220 4687; baseline 0.007 -25"><span class='ocrx_word' id='word_1_718' title='bbox 669 4611 862 4664; x_wconf 91' lang='lat' dir='ltr'><strong>tinctio</strong></span> <span class='ocrx_word' id='word_1_719' title='bbox 903 4609 1368 4677; x_wconf 85' lang='lat' dir='ltr'><strong>deprehendatur;</strong></span> <span class='ocrx_word' id='word_1_720' title='bbox 1422 4613 1543 4667; x_wconf 86' lang='lat' dir='ltr'><strong>ideo</strong></span> <span class='ocrx_word' id='word_1_721' title='bbox 1590 4612 1922 4678; x_wconf 81' lang='lat' dir='ltr'><strong>Marcellum,</strong></span> <span class='ocrx_word' id='word_1_722' title='bbox 1982 4619 2072 4687; x_wconf 84' lang='lat' dir='ltr'><strong>qui</strong></span> <span class='ocrx_word' id='word_1_723' title='bbox 2118 4619 2220 4673; x_wconf 93' lang='lat' dir='ltr'><strong>Pa-</strong></span> 
     </span>
    </p>
   </div>
   <div class='ocr_carea' id='block_1_96' title="bbox 666 4696 2219 4776">
    <p class='ocr_par' dir='ltr' id='par_1_96' title="bbox 666 4696 2219 4776">
     <span class='ocr_line' id='line_1_96' title="bbox 666 4696 2219 4776; baseline 0.008 -24"><span class='ocrx_word' id='word_1_724' title='bbox 666 4706 800 4752; x_wconf 91' lang='lat' dir='ltr'><strong>trem</strong></span> <span class='ocrx_word' id='word_1_725' title='bbox 828 4706 880 4754; x_wconf 89' lang='lat' dir='ltr'><strong>et</strong></span> <span class='ocrx_word' id='word_1_726' title='bbox 909 4696 1144 4752; x_wconf 83' lang='lat' dir='ltr'><strong>Verbum</strong></span> <span class='ocrx_word' id='word_1_727' title='bbox 1169 4716 1332 4754; x_wconf 89' lang='lat' dir='ltr'><strong>unum</strong></span> <span class='ocrx_word' id='word_1_728' title='bbox 1364 4700 1529 4756; x_wconf 88' lang='lat' dir='ltr'><strong>Deum</strong></span> <span class='ocrx_word' id='word_1_729' title='bbox 1558 4720 1828 4776; x_wconf 90' lang='lat' dir='ltr'><strong>unamque</strong></span> <span class='ocrx_word' id='word_1_730' title='bbox 1856 4709 2219 4764; x_wconf 81' lang='lat' dir='ltr'><strong>substantiam</strong></span> 
     </span>
    </p>
   </div>
   <div class='ocr_carea' id='block_1_97' title="bbox 665 4791 2224 4855">
    <p class='ocr_par' dir='ltr' id='par_1_97' title="bbox 665 4791 2224 4855">
     <span class='ocr_line' id='line_1_97' title="bbox 665 4791 2224 4855; baseline 0.006 -10"><span class='ocrx_word' id='word_1_731' title='bbox 665 4808 787 4846; x_wconf 85' lang='lat' dir='ltr'><strong>esse</strong></span> <span class='ocrx_word' id='word_1_732' title='bbox 818 4791 1077 4855; x_wconf 82' lang='lat' dir='ltr'><strong>defendit,</strong></span> <span class='ocrx_word' id='word_1_733' title='bbox 1127 4793 1329 4846; x_wconf 86' lang='lat' dir='ltr'><strong>nullam</strong></span> <span class='ocrx_word' id='word_1_734' title='bbox 1374 4797 1596 4850; x_wconf 88' lang='lat' dir='ltr'><strong>omnino</strong></span> <span class='ocrx_word' id='word_1_735' title='bbox 1629 4797 1731 4852; x_wconf 88' lang='lat' dir='ltr'><strong>nisi</strong></span> <span class='ocrx_word' id='word_1_736' title='bbox 1776 4801 2053 4855; x_wconf 88' lang='lat' dir='ltr'><strong>nominum</strong></span> <span class='ocrx_word' id='word_1_737' title='bbox 2110 4803 2224 4855; x_wconf 87' lang='lat' dir='ltr'><strong>dis-</strong></span> 
     </span>
    </p>
   </div>
   <div class='ocr_carea' id='block_1_98' title="bbox 665 4887 2214 4954">
    <p class='ocr_par' dir='ltr' id='par_1_98' title="bbox 665 4887 2214 4954">
     <span class='ocr_line' id='line_1_98' title="bbox 665 4887 2214 4954; baseline 0.01 -15"><span class='ocrx_word' id='word_1_738' title='bbox 665 4887 975 4941; x_wconf 89' lang='lat' dir='ltr'><strong>tinctionem</strong></span> <span class='ocrx_word' id='word_1_739' title='bbox 1011 4888 1292 4944; x_wconf 89' lang='lat' dir='ltr'><strong>admittere</strong></span> <span class='ocrx_word' id='word_1_740' title='bbox 1325 4893 1620 4946; x_wconf 87' lang='lat' dir='ltr'><strong>contendit.</strong></span> <span class='ocrx_word' id='word_1_741' title='bbox 1673 4893 1728 4946; x_wconf 91' lang='lat' dir='ltr'><strong>Si</strong></span> <span class='ocrx_word' id='word_1_742' title='bbox 1763 4910 1888 4949; x_wconf 89' lang='lat' dir='ltr'><strong>vero</strong></span> <span class='ocrx_word' id='word_1_743' title='bbox 1929 4896 2214 4954; x_wconf 85' lang='lat' dir='ltr'><strong>Marcellus</strong></span> 
     </span>
    </p>
   </div>
   <div class='ocr_carea' id='block_1_99' title="bbox 663 4978 2220 5047">
    <p class='ocr_par' dir='ltr' id='par_1_99' title="bbox 663 4978 2220 5047">
     <span class='ocr_line' id='line_1_99' title="bbox 663 4978 2220 5047; baseline 0.01 -15"><span class='ocrx_word' id='word_1_744' title='bbox 663 4994 788 5032; x_wconf 88' lang='lat' dir='ltr'><strong>vere</strong></span> <span class='ocrx_word' id='word_1_745' title='bbox 816 4978 1218 5035; x_wconf 89' lang='lat' dir='ltr'><strong>distinctionem</strong></span> <span class='ocrx_word' id='word_1_746' title='bbox 1250 4983 1388 5037; x_wconf 89' lang='lat' dir='ltr'><strong>inter</strong></span> <span class='ocrx_word' id='word_1_747' title='bbox 1415 4983 1626 5040; x_wconf 88' lang='lat' dir='ltr'><strong>Patrem</strong></span> <span class='ocrx_word' id='word_1_748' title='bbox 1675 4998 1728 5042; x_wconf 91' lang='lat' dir='ltr'><strong>et</strong></span> <span class='ocrx_word' id='word_1_749' title='bbox 1771 4988 2006 5045; x_wconf 88' lang='lat' dir='ltr'><strong>Verbum</strong></span> <span class='ocrx_word' id='word_1_750' title='bbox 2043 4993 2220 5047; x_wconf 86' lang='lat' dir='ltr'><strong>admi-</strong></span> 
     </span>
    </p>
   </div>
   <div class='ocr_carea' id='block_1_100' title="bbox 663 5070 2210 5142">
    <p class='ocr_par' dir='ltr' id='par_1_100' title="bbox 663 5070 2210 5142">
     <span class='ocr_line' id='line_1_100' title="bbox 663 5070 2210 5142; baseline 0.013 -20"><span class='ocrx_word' id='word_1_751' title='bbox 663 5070 812 5132; x_wconf 90' lang='lat' dir='ltr'><strong>serit,</strong></span> <span class='ocrx_word' id='word_1_752' title='bbox 843 5071 967 5126; x_wconf 87' lang='lat' dir='ltr'><strong>hinc</strong></span> <span class='ocrx_word' id='word_1_753' title='bbox 996 5075 1228 5141; x_wconf 75' lang='lat' dir='ltr'><strong>explices</strong></span> <span class='ocrx_word' id='word_1_754' title='bbox 1274 5078 1417 5130; x_wconf 89' lang='lat' dir='ltr'><strong>illam</strong></span> <span class='ocrx_word' id='word_1_755' title='bbox 1466 5078 1558 5134; x_wconf 86' lang='lat' dir='ltr'><strong>Dei</strong></span> <span class='ocrx_word' id='word_1_756' title='bbox 1619 5078 1794 5136; x_wconf 81' lang='lat' dir='ltr'><strong>Patris</strong></span> <span class='ocrx_word' id='word_1_757' title='bbox 1837 5083 2210 5142; x_wconf 80' lang='lat' dir='ltr'><strong>dilatationem</strong></span> 
     </span>
    </p>
   </div>
   <div class='ocr_carea' id='block_1_101' title="bbox 660 5166 2213 5237">
    <p class='ocr_par' dir='ltr' id='par_1_101' title="bbox 660 5166 2213 5237">
     <span class='ocr_line' id='line_1_101' title="bbox 660 5166 2213 5237; baseline 0.012 -20"><span class='ocrx_word' id='word_1_758' title='bbox 660 5171 714 5217; x_wconf 89' lang='lat' dir='ltr'><strong>et</strong></span> <span class='ocrx_word' id='word_1_759' title='bbox 756 5166 1150 5230; x_wconf 79' lang='lat' dir='ltr'><strong>extensionem,</strong></span> <span class='ocrx_word' id='word_1_760' title='bbox 1199 5184 1357 5237; x_wconf 91' lang='lat' dir='ltr'><strong>quam</strong></span> <span class='ocrx_word' id='word_1_761' title='bbox 1393 5169 1697 5226; x_wconf 86' lang='lat' dir='ltr'><strong>Marcellum</strong></span> <span class='ocrx_word' id='word_1_762' title='bbox 1729 5173 1982 5232; x_wconf 90' lang='lat' dir='ltr'><strong>docuisse</strong></span> <span class='ocrx_word' id='word_1_763' title='bbox 2019 5181 2213 5234; x_wconf 81' lang='lat' dir='ltr'><strong>testiﬁ-</strong></span> 
     </span>
    </p>
   </div>
   <div class='ocr_carea' id='block_1_102' title="bbox 660 5255 2229 5340">
    <p class='ocr_par' dir='ltr' id='par_1_102' title="bbox 660 5255 2229 5340">
     <span class='ocr_line' id='line_1_102' title="bbox 660 5255 2229 5340; baseline 0.013 -34"><span class='ocrx_word' id='word_1_764' title='bbox 660 5262 883 5319; x_wconf 87' lang='lat' dir='ltr'><strong>cantur;</strong></span> <span class='ocrx_word' id='word_1_765' title='bbox 910 5255 1166 5326; x_wconf 89' lang='lat' dir='ltr'><strong>dicasque</strong></span> <span class='ocrx_word' id='word_1_766' title='bbox 1187 5259 1230 5312; x_wconf 90' lang='lat' dir='ltr'><strong>si</strong></span> <span class='ocrx_word' id='word_1_767' title='bbox 1253 5275 1373 5314; x_wconf 89' lang='lat' dir='ltr'><strong>vere</strong></span> <span class='ocrx_word' id='word_1_768' title='bbox 1396 5260 1678 5318; x_wconf 86' lang='lat' dir='ltr'><strong>Marcellus</strong></span> <span class='ocrx_word' id='word_1_769' title='bbox 1701 5267 1772 5319; x_wconf 90' lang='lat' dir='ltr'><strong>ita</strong></span> <span class='ocrx_word' id='word_1_770' title='bbox 1798 5268 2013 5332; x_wconf 79' lang='lat' dir='ltr'><strong>dixerit,</strong></span> <span class='ocrx_word' id='word_1_771' title='bbox 2037 5272 2229 5340; x_wconf 75' lang='lat' dir='ltr'><strong>ipsum&#39;</strong></span> 
     </span>
    </p>
   </div>
   <div class='ocr_carea' id='block_1_103' title="bbox 659 5343 2212 5427">
    <p class='ocr_par' dir='ltr' id='par_1_103' title="bbox 659 5343 2212 5427">
     <span class='ocr_line' id='line_1_103' title="bbox 659 5343 2212 5427; baseline 0.015 -31"><span class='ocrx_word' id='word_1_772' title='bbox 659 5343 744 5399; x_wconf 90' lang='lat' dir='ltr'><strong>his</strong></span> <span class='ocrx_word' id='word_1_773' title='bbox 768 5348 992 5402; x_wconf 87' lang='lat' dir='ltr'><strong>vocibus</strong></span> <span class='ocrx_word' id='word_1_774' title='bbox 1035 5350 1167 5402; x_wconf 89' lang='lat' dir='ltr'><strong>nihil</strong></span> <span class='ocrx_word' id='word_1_775' title='bbox 1199 5351 1344 5406; x_wconf 88' lang='lat' dir='ltr'><strong>aliud</strong></span> <span class='ocrx_word' id='word_1_776' title='bbox 1388 5352 1737 5415; x_wconf 87' lang='lat' dir='ltr'><strong>intellexisse.</strong></span> <span class='ocrx_word' id='word_1_777' title='bbox 1769 5373 1931 5427; x_wconf 87' lang='lat' dir='ltr'><strong>quam</strong></span> <span class='ocrx_word' id='word_1_778' title='bbox 1957 5365 2212 5418; x_wconf 83' lang='lat' dir='ltr'><strong>emissio-</strong></span> 
     </span>
    </p>
   </div>
   <div class='ocr_carea' id='block_1_104' title="bbox 659 5433 2210 5519">
    <p class='ocr_par' dir='ltr' id='par_1_104' title="bbox 659 5433 2210 5519">
     <span class='ocr_line' id='line_1_104' title="bbox 659 5433 2210 5519; baseline 0.015 -34"><span class='ocrx_word' id='word_1_779' title='bbox 659 5447 780 5487; x_wconf 89' lang='lat' dir='ltr'><strong>nem</strong></span> <span class='ocrx_word' id='word_1_780' title='bbox 823 5433 941 5489; x_wconf 87' lang='lat' dir='ltr'><strong>Filii</strong></span> <span class='ocrx_word' id='word_1_781' title='bbox 973 5437 1040 5489; x_wconf 88' lang='lat' dir='ltr'><strong>ad</strong></span> <span class='ocrx_word' id='word_1_782' title='bbox 1085 5441 1411 5494; x_wconf 86' lang='lat' dir='ltr'><strong>creationem</strong></span> <span class='ocrx_word' id='word_1_783' title='bbox 1457 5446 1812 5514; x_wconf 84' lang='lat' dir='ltr'><strong>peragendam</strong></span> <span class='ocrx_word' id='word_1_784' title='bbox 1847 5468 1859 5502; x_wconf 92' lang='lat'>:</span> <span class='ocrx_word' id='word_1_785' title='bbox 1897 5465 2059 5519; x_wconf 90' lang='lat' dir='ltr'><strong>quam</strong></span> <span class='ocrx_word' id='word_1_786' title='bbox 2108 5453 2210 5509; x_wconf 88' lang='lat' dir='ltr'><strong>SS.</strong></span> 
     </span>
    </p>
   </div>
   <div class='ocr_carea' id='block_1_105' title="bbox 658 5519 2202 5598">
    <p class='ocr_par' dir='ltr' id='par_1_105' title="bbox 658 5519 2202 5598">
     <span class='ocr_line' id='line_1_105' title="bbox 658 5519 2202 5598; baseline 0.017 -26"><span class='ocrx_word' id='word_1_787' title='bbox 658 5519 846 5580; x_wconf 88' lang='lat' dir='ltr'><strong>Patres</strong></span> <span class='ocrx_word' id='word_1_788' title='bbox 874 5528 1074 5594; x_wconf 88' lang='lat' dir='ltr'><strong>passim</strong></span> <span class='ocrx_word' id='word_1_789' title='bbox 1105 5529 1434 5597; x_wconf 86' lang='lat' dir='ltr'><strong>exprimunt.</strong></span> <span class='ocrx_word' id='word_1_790' title='bbox 1478 5530 1628 5587; x_wconf 83' lang='lat' dir='ltr'><strong>lianc</strong></span> <span class='ocrx_word' id='word_1_791' title='bbox 1673 5551 1801 5591; x_wconf 90' lang='lat' dir='ltr'><strong>vero</strong></span> <span class='ocrx_word' id='word_1_792' title='bbox 1831 5537 2202 5598; x_wconf 86' lang='lat' dir='ltr'><strong>dilatationem</strong></span> 
     </span>
    </p>
   </div>
   <div class='ocr_carea' id='block_1_106' title="bbox 709 5679 1613 5752">
    <p class='ocr_par' dir='ltr' id='par_1_106' title="bbox 709 5679 1613 5752">
     <span class='ocr_line' id='line_1_106' title="bbox 709 5679 1613 5752; baseline 0.015 -23"><span class='ocrx_word' id='word_1_793' title='bbox 709 5679 746 5748; x_wconf 28' lang='grc'><strong>,⁸</strong></span> <span class='ocrx_word' id='word_1_794' title='bbox 782 5679 950 5735; x_wconf 82' lang='lat' dir='ltr'><strong>Exod.</strong></span> <span class='ocrx_word' id='word_1_795' title='bbox 980 5701 1058 5746; x_wconf 85' lang='lat' dir='ltr'><strong>ut.</strong></span> <span class='ocrx_word' id='word_1_796' title='bbox 1089 5686 1171 5739; x_wconf 73' lang='grc' dir='ltr'><strong>Η.</strong></span> <span class='ocrx_word' id='word_1_797' title='bbox 1249 5689 1268 5718; x_wconf 86' lang='grc'>²</span> <span class='ocrx_word' id='word_1_798' title='bbox 1294 5686 1424 5743; x_wconf 80' lang='lat' dir='ltr'><strong>Gen.</strong></span> <span class='ocrx_word' id='word_1_799' title='bbox 1455 5705 1492 5752; x_wconf 87' lang='grc' dir='ltr'><strong>ι,</strong></span> <span class='ocrx_word' id='word_1_800' title='bbox 1523 5690 1613 5743; x_wconf 75' lang='lat'><strong>‘26.</strong></span> 
     </span>
    </p>
   </div>
   <div class='ocr_carea' id='block_1_107' title="bbox 2331 4545 3805 4620">
    <p class='ocr_par' dir='ltr' id='par_1_107' title="bbox 2331 4545 3805 4620">
     <span class='ocr_line' id='line_1_107' title="bbox 2331 4545 3805 4620; baseline 0.005 -22"><span class='ocrx_word' id='word_1_801' title='bbox 2331 4545 2570 4601; x_wconf 86' lang='lat' dir='ltr'><strong>deranda</strong></span> <span class='ocrx_word' id='word_1_802' title='bbox 2605 4567 2617 4602; x_wconf 90' lang='lat'>:</span> <span class='ocrx_word' id='word_1_803' title='bbox 2649 4550 2826 4618; x_wconf 89' lang='lat' dir='ltr'><strong>primo</strong></span> <span class='ocrx_word' id='word_1_804' title='bbox 2855 4552 3070 4620; x_wconf 89' lang='lat' dir='ltr'><strong>quidem</strong></span> <span class='ocrx_word' id='word_1_805' title='bbox 3119 4571 3224 4609; x_wconf 89' lang='lat' dir='ltr'><strong>non</strong></span> <span class='ocrx_word' id='word_1_806' title='bbox 3272 4559 3451 4613; x_wconf 79' lang='lat' dir='ltr'><strong>haberi</strong></span> <span class='ocrx_word' id='word_1_807' title='bbox 3489 4557 3617 4610; x_wconf 91' lang='lat' dir='ltr'><strong>illam</strong></span> <span class='ocrx_word' id='word_1_808' title='bbox 3654 4553 3698 4607; x_wconf 92' lang='lat' dir='ltr'><strong>in</strong></span> <span class='ocrx_word' id='word_1_809' title='bbox 3732 4563 3805 4602; x_wconf 74' lang='lat' dir='ltr'><strong>ct-</strong></span> 
     </span>
    </p>
   </div>
   <div class='ocr_carea' id='block_1_108' title="bbox 2330 4639 3804 4716">
    <p class='ocr_par' dir='ltr' id='par_1_108' title="bbox 2330 4639 3804 4716">
     <span class='ocr_line' id='line_1_108' title="bbox 2330 4639 3804 4716; baseline -0.009 -9"><span class='ocrx_word' id='word_1_810' title='bbox 2330 4639 2530 4706; x_wconf 62' lang='lat' dir='ltr'><strong>ce&quot;illis</strong></span> <span class='ocrx_word' id='word_1_811' title='bbox 2580 4640 2820 4696; x_wconf 76' lang='lat' dir='ltr'><strong>Marcelli</strong></span> <span class='ocrx_word' id='word_1_812' title='bbox 2855 4660 2974 4713; x_wconf 63' lang='lat' dir='ltr'><strong>quae</strong></span> <span class='ocrx_word' id='word_1_813' title='bbox 3006 4647 3158 4701; x_wconf 67' lang='lat' dir='ltr'><strong>allert</strong></span> <span class='ocrx_word' id='word_1_814' title='bbox 3202 4647 3493 4714; x_wconf 83' lang='lat' dir='ltr'><strong>Eusebius;</strong></span> <span class='ocrx_word' id='word_1_815' title='bbox 3536 4640 3724 4716; x_wconf 87' lang='lat' dir='ltr'><strong>proinde</strong></span> <span class='ocrx_word' id='word_1_816' title='bbox 3746 4641 3804 4688; x_wconf 77' lang='lat' dir='ltr'><strong>vi-</strong></span> 
     </span>
    </p>
   </div>
   <div class='ocr_carea' id='block_1_109' title="bbox 2329 4729 3804 4810">
    <p class='ocr_par' dir='ltr' id='par_1_109' title="bbox 2329 4729 3804 4810">
     <span class='ocr_line' id='line_1_109' title="bbox 2329 4729 3804 4810; baseline 0.001 -29"><span class='ocrx_word' id='word_1_817' title='bbox 2329 4729 2444 4782; x_wconf 81' lang='lat' dir='ltr'><strong>dcri</strong></span> <span class='ocrx_word' id='word_1_818' title='bbox 2475 4747 2541 4785; x_wconf 82' lang='lat' dir='ltr'><strong>ex</strong></span> <span class='ocrx_word' id='word_1_819' title='bbox 2583 4734 2897 4803; x_wconf 87' lang='lat' dir='ltr'><strong>conjectura</strong></span> <span class='ocrx_word' id='word_1_820' title='bbox 2926 4749 2978 4792; x_wconf 86' lang='lat' dir='ltr'><strong>et</strong></span> <span class='ocrx_word' id='word_1_821' title='bbox 3007 4745 3385 4810; x_wconf 77' lang='lat' dir='ltr'><strong>consequentia</strong></span> <span class='ocrx_word' id='word_1_822' title='bbox 3421 4740 3645 4794; x_wconf 80' lang='lat' dir='ltr'><strong>Marcello</strong></span> <span class='ocrx_word' id='word_1_823' title='bbox 3673 4731 3804 4786; x_wconf 76' lang='lat' dir='ltr'><strong>ascri-</strong></span> 
     </span>
    </p>
   </div>
   <div class='ocr_carea' id='block_1_110' title="bbox 2328 4820 3804 4894">
    <p class='ocr_par' dir='ltr' id='par_1_110' title="bbox 2328 4820 3804 4894">
     <span class='ocr_line' id='line_1_110' title="bbox 2328 4820 3804 4894; baseline 0.002 -24"><span class='ocrx_word' id='word_1_824' title='bbox 2328 4828 2474 4889; x_wconf 84' lang='lat' dir='ltr'><strong>ptam</strong></span> <span class='ocrx_word' id='word_1_825' title='bbox 2526 4820 2714 4886; x_wconf 83' lang='lat' dir='ltr'><strong>fuisse,</strong></span> <span class='ocrx_word' id='word_1_826' title='bbox 2754 4826 2877 4894; x_wconf 88' lang='lat' dir='ltr'><strong>quia</strong></span> <span class='ocrx_word' id='word_1_827' title='bbox 2920 4829 3165 4885; x_wconf 77' lang='lat' dir='ltr'><strong>videlicet</strong></span> <span class='ocrx_word' id='word_1_828' title='bbox 3216 4849 3283 4887; x_wconf 76' lang='lat' dir='ltr'><strong>ex</strong></span> <span class='ocrx_word' id='word_1_829' title='bbox 3332 4831 3534 4886; x_wconf 90' lang='lat' dir='ltr'><strong>Eusebii</strong></span> <span class='ocrx_word' id='word_1_830' title='bbox 3573 4823 3804 4883; x_wconf 85' lang='lat' dir='ltr'><strong>ratiocinio</strong></span> 
     </span>
    </p>
   </div>
   <div class='ocr_carea' id='block_1_111' title="bbox 2328 4914 3801 4988">
    <p class='ocr_par' dir='ltr' id='par_1_111' title="bbox 2328 4914 3801 4988">
     <span class='ocr_line' id='line_1_111' title="bbox 2328 4914 3801 4988; baseline -0.001 -22"><span class='ocrx_word' id='word_1_831' title='bbox 2328 4914 2576 4982; x_wconf 86' lang='lat' dir='ltr'><strong>superius</strong></span> <span class='ocrx_word' id='word_1_832' title='bbox 2606 4918 2789 4982; x_wconf 91' lang='lat' dir='ltr'><strong>allato,</strong></span> <span class='ocrx_word' id='word_1_833' title='bbox 2824 4919 2964 4988; x_wconf 86' lang='lat' dir='ltr'><strong>quod</strong></span> <span class='ocrx_word' id='word_1_834' title='bbox 2994 4921 3160 4975; x_wconf 78' lang='grc' dir='ltr'>ἁῐδιον</span> <span class='ocrx_word' id='word_1_835' title='bbox 3205 4925 3318 4979; x_wconf 90' lang='lat' dir='ltr'><strong>sive</strong></span> <span class='ocrx_word' id='word_1_836' title='bbox 3347 4932 3584 4978; x_wconf 76' lang='lat' dir='ltr'><strong>a-ternum</strong></span> <span class='ocrx_word' id='word_1_837' title='bbox 3610 4925 3698 4974; x_wconf 85' lang='lat' dir='ltr'><strong>est.</strong></span> <span class='ocrx_word' id='word_1_838' title='bbox 3722 4925 3801 4964; x_wconf 86' lang='lat' dir='ltr'><strong>non</strong></span> 
     </span>
    </p>
   </div>
   <div class='ocr_carea' id='block_1_112' title="bbox 2327 5005 3800 5078">
    <p class='ocr_par' dir='ltr' id='par_1_112' title="bbox 2327 5005 3800 5078">
     <span class='ocr_line' id='line_1_112' title="bbox 2327 5005 3800 5078; baseline -0.003 -21"><span class='ocrx_word' id='word_1_839' title='bbox 2327 5013 2502 5072; x_wconf 87' lang='lat' dir='ltr'><strong>potest</strong></span> <span class='ocrx_word' id='word_1_840' title='bbox 2546 5022 2665 5062; x_wconf 89' lang='lat' dir='ltr'><strong>csse</strong></span> <span class='ocrx_word' id='word_1_841' title='bbox 2709 5011 2970 5078; x_wconf 83' lang='lat' dir='ltr'><strong>genitum.</strong></span> <span class='ocrx_word' id='word_1_842' title='bbox 3025 5012 3272 5069; x_wconf 80' lang='lat' dir='ltr'><strong>Secundo</strong></span> <span class='ocrx_word' id='word_1_843' title='bbox 3318 5023 3485 5069; x_wconf 88' lang='lat' dir='ltr'><strong>autem</strong></span> <span class='ocrx_word' id='word_1_844' title='bbox 3527 5020 3703 5066; x_wconf 88' lang='lat' dir='ltr'><strong>certum</strong></span> <span class='ocrx_word' id='word_1_845' title='bbox 3739 5005 3800 5054; x_wconf 84' lang='lat' dir='ltr'><strong>est</strong></span> 
     </span>
    </p>
   </div>
   <div class='ocr_carea' id='block_1_113' title="bbox 2325 5094 3800 5178">
    <p class='ocr_par' dir='ltr' id='par_1_113' title="bbox 2325 5094 3800 5178">
     <span class='ocr_line' id='line_1_113' title="bbox 2325 5094 3800 5178; baseline 0.011 -31"><span class='ocrx_word' id='word_1_846' title='bbox 2325 5096 2553 5153; x_wconf 83' lang='lat' dir='ltr'><strong>Arianos</strong></span> <span class='ocrx_word' id='word_1_847' title='bbox 2595 5099 2648 5153; x_wconf 90' lang='lat' dir='ltr'><strong>in</strong></span> <span class='ocrx_word' id='word_1_848' title='bbox 2681 5104 2906 5157; x_wconf 89' lang='lat' dir='ltr'><strong>vocibus</strong></span> <span class='ocrx_word' id='word_1_849' title='bbox 2949 5105 3226 5178; x_wconf 80' lang='grc' dir='ltr'><strong>ἀγένητον,</strong></span> <span class='ocrx_word' id='word_1_850' title='bbox 3265 5125 3361 5162; x_wconf 87' lang='lat' dir='ltr'><strong>non</strong></span> <span class='ocrx_word' id='word_1_851' title='bbox 3391 5107 3588 5176; x_wconf 77' lang='lat' dir='ltr'><strong>factum,</strong></span> <span class='ocrx_word' id='word_1_852' title='bbox 3611 5109 3655 5154; x_wconf 85' lang='lat' dir='ltr'><strong>et</strong></span> <span class='ocrx_word' id='word_1_853' title='bbox 3679 5094 3800 5162; x_wconf 49' lang='lat'><strong>4575*</strong></span> 
     </span>
    </p>
   </div>
   <div class='ocr_carea' id='block_1_114' title="bbox 2324 5185 3798 5269">
    <p class='ocr_par' dir='ltr' id='par_1_114' title="bbox 2324 5185 3798 5269">
     <span class='ocr_line' id='line_1_114' title="bbox 2324 5185 3798 5269; baseline 0.001 -30"><span class='ocrx_word' id='word_1_854' title='bbox 2324 5205 2499 5258; x_wconf 77' lang='grc' dir='ltr'><strong>νητον,</strong></span> <span class='ocrx_word' id='word_1_855' title='bbox 2548 5208 2646 5244; x_wconf 87' lang='lat' dir='ltr'><strong>non</strong></span> <span class='ocrx_word' id='word_1_856' title='bbox 2669 5196 2920 5262; x_wconf 81' lang='lat' dir='ltr'><strong>genitum,</strong></span> <span class='ocrx_word' id='word_1_857' title='bbox 2972 5214 3187 5269; x_wconf 79' lang='lat' dir='ltr'><strong>semper</strong></span> <span class='ocrx_word' id='word_1_858' title='bbox 3213 5201 3421 5261; x_wconf 84' lang='lat' dir='ltr'><strong>lusisse,</strong></span> <span class='ocrx_word' id='word_1_859' title='bbox 3463 5205 3515 5250; x_wconf 89' lang='lat' dir='ltr'><strong>ut</strong></span> <span class='ocrx_word' id='word_1_860' title='bbox 3555 5185 3798 5249; x_wconf 66' lang='lat' dir='ltr'><strong>sexcenties</strong></span> 
     </span>
    </p>
   </div>
   <div class='ocr_carea' id='block_1_115' title="bbox 2323 5276 3796 5358">
    <p class='ocr_par' dir='ltr' id='par_1_115' title="bbox 2323 5276 3796 5358">
     <span class='ocr_line' id='line_1_115' title="bbox 2323 5276 3796 5358; baseline 0 -28"><span class='ocrx_word' id='word_1_861' title='bbox 2323 5279 2462 5346; x_wconf 87' lang='lat' dir='ltr'><strong>apud</strong></span> <span class='ocrx_word' id='word_1_862' title='bbox 2493 5280 2848 5337; x_wconf 87' lang='lat' dir='ltr'><strong>Athanasium</strong></span> <span class='ocrx_word' id='word_1_863' title='bbox 2881 5287 3155 5344; x_wconf 88' lang='lat' dir='ltr'><strong>observes.</strong></span> <span class='ocrx_word' id='word_1_864' title='bbox 3192 5289 3345 5355; x_wconf 83' lang='lat' dir='ltr'><strong>Nam,</strong></span> <span class='ocrx_word' id='word_1_865' title='bbox 3376 5290 3489 5358; x_wconf 91' lang='lat' dir='ltr'><strong>quia</strong></span> <span class='ocrx_word' id='word_1_866' title='bbox 3523 5285 3660 5338; x_wconf 85' lang='lat' dir='ltr'><strong>Pater</strong></span> <span class='ocrx_word' id='word_1_867' title='bbox 3684 5276 3796 5331; x_wconf 73' lang='lat' dir='ltr'><strong>solus</strong></span> 
     </span>
    </p>
   </div>
   <div class='ocr_carea' id='block_1_116' title="bbox 2322 5369 3793 5448">
    <p class='ocr_par' dir='ltr' id='par_1_116' title="bbox 2322 5369 3793 5448">
     <span class='ocr_line' id='line_1_116' title="bbox 2322 5369 3793 5448; baseline -0.002 -18"><span class='ocrx_word' id='word_1_868' title='bbox 2322 5370 2632 5442; x_wconf 79' lang='grc' dir='ltr'><strong>ἀγέννητος,</strong></span> <span class='ocrx_word' id='word_1_869' title='bbox 2683 5379 2796 5430; x_wconf 88' lang='lat' dir='ltr'><strong>sive</strong></span> <span class='ocrx_word' id='word_1_870' title='bbox 2834 5394 2937 5430; x_wconf 84' lang='lat' dir='ltr'><strong>non.</strong></span> <span class='ocrx_word' id='word_1_871' title='bbox 2970 5382 3192 5448; x_wconf 84' lang='lat' dir='ltr'><strong>genitus,</strong></span> <span class='ocrx_word' id='word_1_872' title='bbox 3227 5394 3326 5448; x_wconf 90' lang='lat' dir='ltr'><strong>est,</strong></span> <span class='ocrx_word' id='word_1_873' title='bbox 3377 5379 3637 5434; x_wconf 81' lang='lat' dir='ltr'><strong>fatentibus</strong></span> <span class='ocrx_word' id='word_1_874' title='bbox 3669 5369 3793 5423; x_wconf 60' lang='lat' dir='ltr'><strong>etiam</strong></span> 
     </span>
    </p>
   </div>
   <div class='ocr_carea' id='block_1_117' title="bbox 2321 5454 3796 5546">
    <p class='ocr_par' dir='ltr' id='par_1_117' title="bbox 2321 5454 3796 5546">
     <span class='ocr_line' id='line_1_117' title="bbox 2321 5454 3796 5546; baseline -0.016 -10"><span class='ocrx_word' id='word_1_875' title='bbox 2321 5460 2647 5530; x_wconf 63' lang='lat' dir='ltr'><strong>cau&#39;OIiCiS;</strong></span> <span class='ocrx_word' id='word_1_876' title='bbox 2698 5467 2772 5521; x_wconf 67' lang='lat' dir='ltr'><strong>illi</strong></span> <span class='ocrx_word' id='word_1_877' title='bbox 2813 5485 2943 5526; x_wconf 70' lang='lat' dir='ltr'><strong>Voce</strong></span> <span class='ocrx_word' id='word_1_878' title='bbox 2970 5475 3260 5546; x_wconf 79' lang='grc' dir='ltr'><strong>ἀγέννητος</strong></span> <span class='ocrx_word' id='word_1_879' title='bbox 3295 5484 3346 5530; x_wconf 91' lang='lat' dir='ltr'><strong>ct</strong></span> <span class='ocrx_word' id='word_1_880' title='bbox 3385 5473 3616 5540; x_wconf 75' lang='grc' dir='ltr'><strong>ἀγένητος</strong></span> <span class='ocrx_word' id='word_1_881' title='bbox 3643 5454 3796 5533; x_wconf 67' lang='lat' dir='ltr'><strong>promi-</strong></span> 
     </span>
    </p>
   </div>
   <div class='ocr_carea' id='block_1_118' title="bbox 2322 5549 3794 5629">
    <p class='ocr_par' dir='ltr' id='par_1_118' title="bbox 2322 5549 3794 5629">
     <span class='ocr_line' id='line_1_118' title="bbox 2322 5549 3794 5629; baseline 0.003 -21"><span class='ocrx_word' id='word_1_882' title='bbox 2322 5567 2450 5608; x_wconf 85' lang='lat' dir='ltr'><strong>scue</strong></span> <span class='ocrx_word' id='word_1_883' title='bbox 2495 5565 2545 5610; x_wconf 88' lang='lat' dir='ltr'><strong>ct</strong></span> <span class='ocrx_word' id='word_1_884' title='bbox 2593 5558 2818 5626; x_wconf 72' lang='lat' dir='ltr'><strong>subdole</strong></span> <span class='ocrx_word' id='word_1_885' title='bbox 2879 5571 3108 5629; x_wconf 84' lang='lat' dir='ltr'><strong>utentes,</strong></span> <span class='ocrx_word' id='word_1_886' title='bbox 3143 5564 3331 5622; x_wconf 86' lang='lat' dir='ltr'><strong>Filium</strong></span> <span class='ocrx_word' id='word_1_887' title='bbox 3371 5579 3467 5620; x_wconf 91' lang='lat' dir='ltr'><strong>non</strong></span> <span class='ocrx_word' id='word_1_888' title='bbox 3501 5574 3610 5615; x_wconf 82' lang='lat' dir='ltr'><strong>esse</strong></span> <span class='ocrx_word' id='word_1_889' title='bbox 3648 5549 3794 5618; x_wconf 70' lang='grc' dir='ltr'><strong>ἀγένη-</strong></span> 
     </span>
    </p>
   </div>
  </div>
