4116 6332
342 333 477 388 i289

1594 327 1935 383 MARCELLI
1976 326 2345 382 ANCYR‘ANI.

3436 330 3571 387 £9.90

340 467 432 503 τον
476 447 590 503 sive
624 464 728 502 non
761 446 984 515 factum,
1019 454 1183 515 atque
1224 445 1361 500 adeo
1403 442 1601 499 factum
1634 457 1686 500 et
1717 444 1907 499 condi-
1937 450 1983 504 Α
2012 444 2101 498 ille
2132 460 2162 498 a
2185 442 2455 499 catholica
2484 441 2731 496 doctrina
2763 439 3100 506 deﬂectebat,
3139 447 3195 492 ut
3221 441 3574 511 conspicuum

341 550 457 596 tum
497 540 668 596 fuisse
715 540 989 595 dicebant.
1039 537 1238 592 Eadem
1291 552 1421 591 vero
1470 538 1680 593 ratione
1731 539 1906 608 potuit

341 633 613 689 Eusebius
658 630 912 686 Marcello
944 630 1013 686 de
1063 628 1201 684 Filio
1256 629 1499 698 loquenti
1528 645 1717 685 vocem
1746 629 1908 698 ἀγέν-

341 742 523 797 νητον,
569 725 683 780 sive
732 725 1094 794 non-genitum
1135 720 1425 791 aliingere;
1477 722 1569 793 qui
1625 723 1908 793 ἀγένητον,

343 820 459 875 sive
491 818 825 886 non-factum
869 818 1115 872 dixisset.
1161 816 1227 871 Et
1257 832 1387 871 sane
1416 816 1511 885 qui
1540 831 1665 870 vere
1694 814 1909 869 Patrem

342 916 398 965 et
439 909 637 964 Filium
667 909 723 962 in
754 908 1022 963 Trinitate
1070 907 1329 972 admittit,
1363 914 1421 961 ut
1475 905 1783 972 Marcellus,
1816 922 1911 976 ge-

342 1004 681 1057 nerationem
713 1000 961 1054 admittat
986 1015 1211 1055 necesse
1249 1008 1363 1065 est;
1411 1014 1583 1068 neque
1618 1006 1793 1069 potest
1826 998 1909 1051 di-

344 1109 468 1149 cere
495 1092 691 1147 Filium
722 1108 843 1148 esse
873 1094 1163 1164 ἀγέννητον
1198 1096 1309 1149 sive
1339 1094 1721 1163 non-genitum.

346 1203 427 1253 IV~.
452 1203 548 1255 Cur
585 1206 714 1253 dicat
744 1203 957 1252 Verbum
1001 1211 1109 1265 post
1149 1208 1529 1254 incarnationem
1577 1210 1762 1253 tantum
1801 1217 1913 1253 esse

465 1267 729 1327 imaginem
755 1267 848 1316 Dei
874 1273 925 1315 et
957 1269 1333 1329 primogenitum
1357 1266 1515 1317 omnis
1536 1272 1789 1315 creaturae.

414 1369 616 1441 Adjicit
681 1369 949 1427 Eusebius
1010 1371 1215 1427 dixisse
1266 1372 1613 1437 Marcellum,
1675 1370 1914 1427 Verbum

278 1476 279 1479 ‘
346 1469 478 1516 tunc
504 1463 680 1517 solum
720 1463 1008 1533 imaginem
1041 1462 1133 1518 Dei
1168 1464 1457 1521 invisibilis
1488 1476 1541 1521 et
1587 1464 1914 1536 primogeni-

346 1562 464 1609 tum
511 1555 688 1610 omnis
737 1568 1001 1611 creaturae
1038 1556 1244 1611 factum
1300 1558 1490 1622 fuisse,
1528 1574 1653 1612 cum
1697 1573 1915 1612 carnem

350 1647 665 1717 assumpsit.
685 1645 810 1701 Hmc
840 1663 967 1703 vero
993 1648 1194 1702 diserte
1214 1648 1376 1702 habet
1399 1648 1682 1702 Marcellus
1700 1647 1775 1717 (p.
1792 1646 1914 1714 24):

351 1738 677 1809 Consequens
725 1755 836 1793 esse
883 1738 1114 1793 arbitror
1154 1740 1336 1809 paucis
1372 1741 1434 1792 de
1486 1740 1711 1809 imagine
1760 1739 1921 1792 disse-

351 1847 495 1895 rere;
534 1832 744 1899 scripsit
780 1833 917 1886 enim
968 1830 1257 1904 [Asterius]
1286 1831 1476 1885 :Alius
1525 1840 1699 1886 autem
1743 1840 1818 1884 est
1856 1846 1919 1884 ex
1949 1811 1993 1866 Β

352 1925 464 1993 ipso
494 1926 720 1995 genitus,
752 1925 841 1994 qui
868 1933 945 1978 est
985 1926 1155 1995 imago
1190 1923 1286 1977 Dei
1315 1922 1611 1978 invisibilis.
1639 1922 1766 1977 Ideo
1793 1924 1923 1978 ima-

352 2017 488 2086 ginis
536 2016 635 2070 Dei
682 2017 958 2070 invisibilis
1004 2016 1240 2069 meminit
1288 2016 1562 2083 Asterius,
1612 2026 1669 2069 ut
1712 2016 1917 2078 doceat,

353 2106 520 2159 Deum
573 2123 604 2159 α
656 2105 823 2160 Verbo
883 2117 1086 2160 tantum
1136 2107 1384 2176 differre,
1442 2118 1697 2177 quantum
1742 2108 1921 2177 di/fert

354 2200 505 2253 homo
531 2199 593 2253 ab
618 2200 971 2269 imaginesua.
996 2199 1062 2253 Et
1087 2201 1364 2255 nonnullis
1386 2201 1691 2270 interjectis
1726 2202 1877 2257 addit
1900 2222 1912 2257 :

354 2290 546 2345 Palam
574 2292 735 2360 igitur
762 2302 860 2355 est,
893 2291 1138 2359 Verbum,
1162 2302 1439 2362 antequam
1469 2309 1656 2363 corpus
1684 2303 1920 2347 nostrum

353 2382 739 2450 assumpsisset,
772 2396 863 2450 per
886 2398 939 2435 se
964 2398 1064 2435 non
1094 2383 1355 2437 exstitisse
1373 2383 1652 2453 imaginem
1684 2384 1921 2438 invisibi-

355 2476 422 2527 lis
452 2472 566 2526 Dei.
598 2472 735 2538 Quia
764 2473 929 2543 igitur
957 2473 1146 2528 Ariani
1182 2474 1286 2529 boc
1315 2473 1613 2545 Scriptura:
1643 2477 1787 2545 loco,
1823 2476 1921 2531 Est

351 2566 523 2636 imago
565 2564 1005 2631 Deininvisibilis,
1052 2566 1120 2621 ad
1162 2582 1318 2622 suam
1365 2568 1648 2622 tutandam
1689 2569 1919 2625 haeresin

353 2657 743 2724 abutebantur;
792 2658 1079 2714 Marcellus
1108 2668 1259 2716 ratus
1284 2660 1571 2732 imaginem
1602 2662 1696 2717 Dei
1731 2663 1923 2717 invisi—

352 2748 495 2811 bilis,
547 2750 813 2806 visibilem
862 2767 1006 2818 esse,
1032 2766 1133 2806 nec
1164 2768 1279 2807 rem
1319 2752 1643 2809 invisibilem
1674 2754 1925 2825 imaginis

353 2841 618 2896 rationem
656 2843 922 2904 obtinere,
957 2844 1102 2898 hunc
1135 2843 1314 2897 locum
1358 2845 1425 2899 de
1477 2844 1697 2901 Christo
1741 2847 1922 2901 incar-

278 2952 281 2955 δ
353 2940 483 2986 nato
531 2940 584 2987 et
618 2933 820 2987 visibili
873 2932 1104 3003 proferri
1149 2942 1373 3003 pugnat,
1409 2942 1468 2987 ut
1521 2934 1717 2990 Asterii
1763 2952 1924 3007 argu-

353 3033 538 3079 mento
572 3025 823 3080 obsistat.
856 3024 972 3080 Etsi
1002 3038 1130 3079 vero
1162 3024 1251 3078 hic
1280 3022 1577 3095 Scriptura:
1607 3027 1760 3083 locus
1784 3044 1917 3084 con-

355 3119 642 3189 gruentius
687 3120 858 3189 possit
887 3118 954 3172 ad
1001 3116 1392 3187 argutationem
1427 3116 1755 3172 Arianorum
1789 3134 1919 3173 con-

355 3210 633 3265 futandam
687 3210 979 3280 explicari,
1035 3226 1100 3265 eo
1148 3218 1330 3264 tamen
1364 3211 1584 3265 nomine
1633 3210 1920 3269 Marcellus
1949 3203 1990 3225 "

357 3318 465 3357 non
494 3303 698 3359 erroris
727 3302 1073 3357 accusandus
1118 3309 1220 3364 est,
1251 3302 1379 3357 dum
1409 3319 1477 3359 ne
1507 3303 1921 3361 similitudinem

356 3410 481 3450 cum
528 3393 688 3450 Patre
741 3395 1052 3459 sustulerit;
1096 3394 1239 3463 quod
1288 3410 1356 3450 ne
1403 3395 1699 3451 credideris
1753 3397 1926 3451 admi-

360 3469 500 3543 sisse
535 3506 547 3540 :
583 3502 741 3543 nemo
786 3487 929 3541 enim
981 3502 1219 3556 unquam
1258 3485 1568 3543 Marcellum
1603 3489 1743 3544 inter
1775 3490 1924 3545 Ano-

360 3594 534 3635 moeos
567 3580 922 3650 computavit.
955 3579 1087 3645 Quae
1116 3594 1246 3634 vero
1278 3578 1441 3635 fuerit
1470 3594 1533 3634 ea
1581 3581 1637 3635 in
1674 3597 1732 3635 re
1765 3582 1925 3651 plana

344 3681 413 3753 _et
462 3672 750 3743 perspicua
805 3670 1039 3725 Marcelli
1089 3673 1393 3737 sententia,
1446 3688 1511 3727 ex
1567 3673 1758 3743 paucis
1807 3691 1927 3746 quae

361 3773 653 3835 supersunt
678 3764 969 3833 excerptis,
998 3764 1265 3834 expiscari
1298 3779 1407 3819 non
1444 3779 1739 3834 possumus
1765 3786 1777 3821 :
1800 3783 1926 3823 nam

360 3856 654 3911 verisimile
692 3865 776 3911 est
819 3854 1110 3910 Eusebium
1144 3855 1313 3908 multa
1353 3857 1603 3911 consulto
1633 3859 1874 3914 tacuisse
1911 3878 1923 3913 :

363 3956 571 4003 certum
616 3949 742 4003 item
787 3948 1286 4013 est,.narrantibus
1320 3951 1544 4020 synodis
1590 3948 1837 4007 Romana
1875 3961 1929 4008 et

364 4040 699 4102 Sardicensi,
732 4039 1181 4096 loca'Eusebium
1216 4040 1443 4096 subdole
1471 4041 1849 4109 detruncasse,
1877 4053 1932 4100 et

364 4133 585 4187 mutilas
612 4135 910 4189 sententias
936 4134 1205 4197 attulisse,
1240 4142 1300 4188 ut
1333 4134 1544 4190 facilius
1583 4146 1769 4205 posset
1793 4136 1932 4190 Mar-

365 4226 504 4281 cello
537 4225 652 4279 haec
685 4236 736 4280 et
758 4226 847 4278 illa
878 4240 976 4294 pro
1008 4225 1229 4281 libidine
1269 4226 1401 4281 vitio
1429 4235 1661 4283 vertere.
1698 4227 1933 4284 Pariter-

365 4333 472 4389 que
521 4318 573 4371 in
628 4316 1079 4387 interpretatione
1127 4317 1258 4372 dicti
1305 4318 1490 4383 illius,
1541 4318 1932 4389 Primogenitus

364 4413 535 4467 amnis
566 4419 821 4463 creatura:
845 4409 885 4473 ³,
920 4408 1054 4462 nihil
1072 4409 1341 4464 haereseos
1358 4409 1753 4479 deprehendas.
1788 4410 1934 4476 Quo-

2007 544 2111 588 BSI.

2009 658 2067 707 ν.
2091 658 2143 707 In
2164 657 2288 708 libro
2313 660 2529 711 Marcelli
2553 660 2671 708 nihil
2698 664 2867 722 aperte
2893 672 3152 707 erroneum
3190 660 3254 707 fui
3274 674 3338 709 se
3363 659 3573 712 videtur.

2082 762 2159 816 Ex
2191 762 2278 817 his
2310 778 2474 833 porro
2498 763 2701 834 liqueat
2733 763 2787 817 in
2814 762 3047 816 Marcelli
3082 771 3273 816 contra
3305 764 3577 819 Asterium

2011 855 2151 910 libro
2177 856 2311 910 nihil
2349 857 2554 911 erroris
2610 867 2703 909 aut
2742 855 3009 909 haeretica:
3041 856 3343 917 sententiae,
3394 864 3580 926 aperte

2012 947 2203 1002 saltem
2259 947 2657 1017 deprehensum
2695 945 2864 1001 fuisse
2897 966 2909 1000 :
2948 962 3073 999 nam
3137 963 3256 1016 qua:
3313 946 3578 1003 Eusebius

2014 1038 2191 1103 affert,
2222 1039 2289 1093 ad
2332 1054 2519 1093 sanam
2556 1039 2857 1093 doctrinam
2908 1038 3093 1093 reduci
3132 1039 3287 1092 facile
3326 1047 3578 1108 possunt.

2013 1128 2219 1195 Quodsi
2271 1129 2401 1201 quid
2452 1130 2677 1184 ulterius
2738 1138 2931 1198 praeter
3009 1136 3211 1183 rectam
3270 1131 3581 1199 opinionem

2014 1221 2244 1276 dixisset
2292 1221 2613 1287 Marcellus,
2668 1220 2721 1274 id
2770 1236 2902 1275 sane
2953 1236 3060 1275 non
3113 1226 3582 1292 praetermissurus

2015 1325 2133 1369 erat
2166 1315 2454 1380 Eusebius,
2489 1316 2581 1385 qui
2612 1318 2665 1369 in
2690 1316 3002 1370 Marcellum
3052 1326 3359 1374 commotus
3382 1328 3435 1374 ct
3469 1322 3584 1374 nul-

2017 1405 2123 1460 lam
2154 1423 2264 1461 non
2299 1415 2538 1463 sectatus
2570 1407 2797 1463 laedendi
2831 1408 2994 1472 viam,
3022 1424 3129 1464 non
3168 1411 3343 1464 solum
3378 1426 3440 1465 ca
3465 1428 3585 1483 qua:

2018 1512 2140 1551 cum
2175 1498 2359 1553 colore
2394 1498 2584 1553 saltem
2613 1498 2797 1567 aliquo
2837 1498 2985 1566 carpi
3014 1504 3067 1551 et
3095 1499 3417 1567 reprehendi
3454 1515 3585 1571 pos-

2019 1594 2168 1654 sunt,
2200 1587 2296 1643 sed
2343 1588 2505 1642 etiam
2541 1603 2601 1642 ea
2637 1603 2756 1657 quae
2807 1602 2939 1643 sana
2984 1594 3039 1642 et
3089 1592 3387 1645 orthodoxa
3430 1603 3583 1657 sunt,

2020 1681 2257 1751 exagitat
2288 1689 2343 1736 et
2378 1680 2668 1749 impietatis
2691 1688 2933 1737 accusat.
2960 1681 3097 1737 Cum
3126 1693 3305 1738 autem
3343 1687 3586 1756 synodus

2021 1773 2265 1827 Romana
2299 1773 2403 1828 sub
2442 1772 2583 1827 Julio
2624 1790 2767 1827 anno
2798 1775 2923 1839 542,
2967 1783 3021 1830 et
3058 1775 3400 1834 Sardicensis
3444 1794 3587 1833 anno

2022 1866 2147 1931 547,
2209 1865 2407 1919 librum
2461 1864 2733 1933 Marcelli,
2788 1868 3112 1923 examinatis
3174 1878 3226 1923 et
3272 1870 3588 1939 ponderatis

2023 1957 2332 2020 sententiis,
2359 1972 2543 2012 errore
2562 1973 2797 2013 vacuum
2827 1959 3246 2025 declaraverint,
3274 1979 3382 2015 non
3410 1944 3590 2032 potest

2023 2053 2079 2104 in
2114 2050 2355 2105 Marcelli
2408 2051 2602 2106 librum
2657 2054 2926 2108 sententia
2962 2054 3089 2109 dici.
3128 2055 3327 2109 Verum
3371 2055 3590 2110 aliunde

2022 2151 2172 2198 tanta
2194 2150 2279 2198 est
2304 2144 2544 2198 virorum
2570 2145 2887 2215 insignium,
2914 2146 3005 2215 qui
3033 2147 3319 2202 adversum
3345 2155 3589 2213 tuentur,

2023 2234 2343 2299 auctoritas,
2363 2242 2422 2288 ut
2442 2234 2534 2291 vix
2556 2250 2822 2291 excusare
2846 2236 3160 2293 Marcellum
3191 2239 3369 2292 liceat.
3395 2237 3593 2304 Quam-

2022 2324 2207 2380 obrem
2240 2325 2518 2392 existimo,
2552 2343 2663 2382 rem
2698 2329 2771 2381 ita
2804 2338 3136 2399 temperasse
3166 2330 3503 2395 Marcellum,
3532 2338 3593 2384 ut

2023 2415 2071 2471 si
2098 2415 2227 2486 quid
2266 2431 2447 2486 pravae
2479 2418 2753 2489 Opinionis
2784 2421 2838 2474 in
2877 2422 3016 2475 libro
3050 2438 3150 2477 suo
3185 2421 3501 2484 inseruerit,
3535 2422 3591 2477 id

2022 2508 2313 2562 verborum
2352 2509 2676 2581 ambagibus
2717 2519 2770 2565 et
2811 2512 3224 2569 circuitionibus
3261 2513 3591 2578 involutum,

2022 2598 2183 2655 facile
2232 2602 2472 2670 potuerit
2528 2603 2585 2657 in
2641 2604 2837 2658 bonam
2890 2616 3097 2674 partem
3154 2604 3403 2673 deﬂecti;
3469 2620 3594 2660 cum

2024 2698 2205 2745 autem
2257 2692 2349 2747 ille
2406 2693 2462 2746 in
2517 2692 2880 2750 familiaribus
2931 2696 3219 2766 colloquiis
3254 2696 3320 2751 ad
3373 2712 3593 2767 pravam

2026 2782 2358 2837 sententiam
2395 2783 2543 2838 dicta
2593 2800 2693 2840 sua
2727 2788 3009 2853 derivarit,
3045 2789 3173 2843 hinc
3202 2790 3259 2843 in
3298 2789 3592 2843 multorum

2024 2872 2381 2929 oll‘ensionem
2411 2874 2737 2942 incurrisse,
2768 2888 2829 2932 ut
2858 2878 2998 2933 infra
3037 2880 3255 2935 dicitur.

2638 2988 2866 3043 CAPUT
2908 2989 2998 3043 ιν.

2023 3115 2132 3155 NUII
2171 3118 2485 3159 IARCELLUS
2522 3118 2772 3158 EBROREM
2812 3120 2878 3159 DE
2920 3122 3090 3160 VEBBO
3130 3125 3198 3163 ET
3238 3125 3379 3164 FILIO
3418 3125 3504 3162 DEI
3546 3125 3595 3162 IN

2114 3188 2353 3229 DECURSU
2389 3190 2530 3229 VITE
2570 3189 2704 3228 VOCE
2744 3191 2844 3229 νει.
2886 3192 3107 3232 SCRIPTO
3148 3196 3494 3234 TRADIDERIT.

2024 3285 2065 3340 Ι.
2103 3284 2432 3363 M_a_rce_llun_t_
2450 3284 2663 3363 Photini
2681 3286 2928 3363 discipuli
2954 3288 3167 3363 hceresis
3187 3294 3239 3346 in
3255 3297 3598 3363 suspicionem

2096 3354 2452 3435 adduxit.__I_I.
2494 3358 2567 3435 _ln
2628 3354 2903 3435 colloquiis
2950 3361 3057 3429 ipse
3093 3380 3292 3417 errores
3344 3354 3600 3435 sparsisse

2093 3435 2332 3500 putatur.
2361 3426 2448 3480 III.
2472 3426 2797 3500 Athanasius
2828 3448 2943 3484 eum
2966 3426 3060 3499 pro
3084 3447 3342 3500 suspecto,
3364 3426 3600 3495 Basilius

2095 3512 2189 3563 pro
2232 3496 2475 3551 haeretica
2494 3498 2696 3554 habuit.
2728 3499 2815 3554 IV.
2837 3496 3123 3556 Marcellus
3160 3496 3209 3558 et
3263 3496 3600 3565 Marcelliani

2096 3569 2149 3621 in
2176 3566 2299 3637 fidei
2327 3569 2741 3638 professionibus
2786 3572 3037 3626 catholice
3085 3577 3387 3644 loquuntur.

2027 3678 2067 3728 Ι.
2114 3679 2398 3728 Marcellum
2441 3680 2639 3730 Photini
2677 3682 2904 3793 diﬁtéipuil:
2945 3684 3144 3735 heresis
3180 3687 3232 3735 in
3276 3691 3603 3751 suspicionem

2702 3758 2727 3792 a
2800 3759 2857 3793 ux
2909 3783 2921 3793 .

2702 3758 2921 3794 auauxu.

2103 3844 2391 3901 Marcellus
2451 3847 2783 3918 synodorum
2845 3847 3104 3907 Romanae
3160 3864 3214 3909 et
3265 3855 3606 3915 Sardicensis

2028 3935 2240 4006 judicio
2266 3937 2572 4002 absolutus,
2609 3946 2669 3993 ut
2699 3938 2906 3994 dictum
2939 3949 3043 4007 est,
3070 3951 3344 4015 utcunque
3380 3951 3604 4014 sarcito,

2034 4029 2180 4099 quod
2215 4029 2270 4083 in
2315 4029 2458 4084 fama
2504 4030 2723 4095 tulerat,
2754 4030 3099 4101 detrimento,
3131 4036 3242 4105 jam
3296 4040 3606 4109 suspicione

2035 4120 2174 4175 liber
2213 4130 2267 4175 et
2316 4135 2524 4177 vacuus
2558 4122 2858 4177 videbatur.
2911 4123 3110 4180 Verum
3139 4143 3238 4183 nec
3263 4130 3355 4185 diu
3396 4139 3604 4201 postea,

2036 4214 2193 4268 novis
2216 4213 2375 4267 etiam
2404 4212 2810 4270 Catholicorum
2861 4219 3304 4277 accusationibus
3331 4222 3608 4294 impetitus

2037 4313 2142 4361 est.
2173 4304 2404 4361 Occasio
2437 4306 2540 4361 fuit
2584 4316 2771 4363 exorta
2817 4308 3037 4365 Photini
3081 4312 3344 4368 haeresis:
3378 4315 3425 4370 is
3463 4315 3607 4371 enim

2042 4397 2144 4452 sub
2201 4398 2441 4454 Marcelli
2494 4400 2781 4469 disciplina
2834 4401 3157 4471 institutus,
3208 4420 3271 4458 ac
3314 4405 3507 4461 deinde
3554 4408 3610 4462 in

368 4505 534 4568 circa,
562 4503 642 4558 sic
666 4502 776 4568 ille,
816 4502 1208 4555 sanctissimum
1257 4500 1399 4554 istud
1442 4501 1665 4555 Verbum
1704 4519 1809 4556 non
1849 4502 1928 4577 di-

2045 4490 2397 4548 Sirmiensem
2452 4493 2767 4563 episcopum
2812 4496 3089 4564 ‘adlcctus,
3140 4514 3299 4569 quem
3350 4501 3612 4571 magistro

368 4597 581 4651 cebatur
643 4606 763 4650 ante
832 4596 1282 4658 incarnationem,
1328 4594 1706 4663 primogenitns
1767 4596 1935 4649 omnis

369 4700 645 4743 creatura'.
674 4688 814 4741 Nam
834 4686 1091 4758 quomodo
1114 4687 1231 4755 fieri
1250 4694 1474 4753 poterat,
1508 4695 1560 4737 ut
1594 4686 1659 4749 is,
1688 4686 1778 4753 qui
1802 4703 1935 4739 sem-

370 4796 461 4848 per
505 4793 650 4845 erat,
692 4780 917 4849 alicujus
961 4787 1093 4833 esset
1138 4778 1565 4847 primogenitus?
1602 4775 1691 4830 sed
1736 4778 1937 4846 primus

370 4872 460 4926 ille
486 4889 646 4925 novus
676 4872 848 4933 homo,
890 4872 941 4923 in
969 4887 1122 4941 quem
1148 4872 1325 4924 omnia
1352 4867 1552 4922 volebat
1577 4867 1716 4922 Deus
1742 4869 1942 4922 instau-

373 4981 512 5027 rare,
546 4981 714 5018 sacra:
746 4962 1036 5031 Scriptura:
1064 4962 1465 5032 primogenitum
1493 4960 1660 5013 omnis
1685 4970 1943 5015 creatura:

376 5056 659 5125 appellant.
699 5055 963 5108 Nimirum
998 5054 1183 5107 Ariani
1218 5054 1320 5107 hoc
1367 5052 1594 5118 dictum,
1633 5053 1946 5121 primogeni-

377 5158 486 5201 tum
530 5148 696 5201 omnis
739 5155 1014 5208 creaturw,
1047 5146 1113 5198 ad
1155 5161 1313 5198 suum
1342 5146 1409 5199 de
1444 5144 1621 5199 Verbo
1659 5143 1752 5199 Dei
1786 5151 1949 5198 tuen-

376 5240 505 5293 dum
561 5255 798 5295 errorem
847 5237 1180 5306 usurpabant
1217 5256 1231 5292 :
1264 5252 1329 5292 eo
1376 5238 1520 5291 enim
1569 5244 1947 5306 processerant

377 5329 670 5397 impietatis
705 5338 763 5381 ut
797 5327 1061 5387 dicerent,
1096 5323 1338 5380 Verbum
1373 5324 1467 5379 Dei
1499 5324 1644 5379 inter
1676 5340 1763 5380 res
1791 5340 1945 5379 crea-

378 5429 463 5477 tas
509 5421 741 5491 primum
787 5434 927 5475 esse.
982 5417 1164 5483 Quare
1224 5416 1512 5474 Marcellus
1563 5418 1617 5473 in
1671 5417 1943 5473 hominem

379 5515 661 5572 Christum
688 5512 820 5567 dicti
844 5512 1008 5580 hujus
1039 5510 1541 5579 interpretationem
1577 5510 1859 5565 derivahat
1889 5523 1947 5567 ut

378 5605 581 5664 Asterii
626 5611 1003 5676 argumentum
1056 5603 1390 5672 depelleret;
1432 5620 1539 5674 qua
1597 5605 1653 5659 in
1704 5621 1760 5661 re
1812 5605 1947 5660 nihil

456 5762 475 5794 ³
516 5762 727 5818 CUIOSS.
757 5776 796 5823 I,
825 5760 911 5812 15.

702 5856 972 5915 ΡΑτικοι.
1006 5851 1123 5914 Gn.
1161 5853 1385 5915 XVIII.

2044 4599 2145 4639 suo
2222 4586 2555 4654 ascripserat
2603 4585 2873 4642 Eusebius
2926 4603 3164 4643 errorem
3204 4592 3309 4645 late
3357 4607 3614 4663 spargere

2045 4678 2230 4746 coepit,
2257 4676 2532 4731 Christum
2566 4693 2672 4732 non
2718 4687 2843 4734 ante
2876 4690 3053 4735 ortum
3099 4698 3164 4738 ex
3197 4682 3364 4737 Maria
3395 4684 3615 4756 Virgine

2048 4768 2245 4823 Filium
2280 4767 2377 4823 Dei
2422 4767 2594 4824 fuisse
2632 4770 2931 4827 dictitans:
2967 4788 3137 4842 quare
3188 4774 3279 4831 ille
3327 4777 3516 4831 multis
3562 4794 3615 4831 ιιι

2049 4859 2275 4929 synodis
2297 4859 2586 4915 damnatus
2614 4860 3009 4933 abdicatusque
3033 4874 3118 4919 est
3146 4884 3158 4919 :
3198 4864 3265 4919 Et
3294 4865 3390 4921 hoc
3422 4884 3614 4937 ipsum,

2052 4952 2226 5021 inquit
2257 4950 2530 5023 Sulpicius
2561 4952 2814 5022 Severus,
2851 4956 3164 5012 Marcellum
3191 4960 3466 5029 gravabat,
3492 4963 3618 5031 quia

2052 5044 2310 5100 Photinus
2340 5046 2555 5099 auditor
2587 5047 2699 5113 eius
2725 5047 2889 5116 fuisse
2918 5050 2972 5102 in
3008 5048 3363 5105 adolescentia
3411 5052 3619 5107 videba-

2053 5147 2157 5191 tur.
2191 5136 2457 5193 Haustum
2490 5153 2519 5191 a
2553 5137 2786 5193 Photino
2815 5154 2881 5194 ex
2906 5138 3142 5196 Marcelli
3183 5142 3497 5212 magisterio
3518 5159 3621 5198 er-

2053 5244 2231 5286 rorem
2277 5229 2645 5300 opinabantur
2694 5231 2848 5284 inulti
2883 5251 2895 5285 :
2935 5248 3057 5287 cum
3106 5235 3362 5294 maxime,
3395 5233 3521 5289 licet
3563 5233 3619 5289 in

2053 5336 2154 5377 suo
2185 5320 2447 5376 adversus
2479 5319 2755 5376 Asterium
2791 5323 2929 5377 libro
2958 5322 3226 5393 ejusmodi
3271 5324 3409 5379 nihil
3437 5332 3624 5395 aperte

2053 5416 2431 5488 proﬁteretur;
2463 5416 2644 5485 aliqua
2688 5423 2869 5470 tamen
2913 5424 3122 5481 essent,
3151 5431 3271 5487 quae
3306 5417 3624 5472 viderentur

2053 5525 2173 5565 eam
2215 5512 2271 5564 in
2305 5516 2513 5580 partem
2552 5508 2909 5579 propendere.
2946 5507 3259 5579 Iinportune
3302 5509 3470 5580 igitur
3503 5523 3623 5562 ma-

2054 5604 2227 5679 gistro
2268 5602 2491 5669 accidit,
2541 5610 2600 5655 ut
2643 5616 2806 5671 quam
2858 5602 2945 5657 ille
2992 5602 3297 5657 doctrinam
3338 5602 3627 5658 tradidisse

3276 5851 3349 5911 [ιι
