4116 6332
615 328 637 379 1
647 324 742 379 ‘29!

1844 307 1934 361 DE
1964 301 2128 357 VlTA
2165 298 2252 379 ET
2295 294 2609 354 SCRIPTIS

3677 287 3792 341 139i

613 447 905 499 accusatus
947 436 1146 497 fuerat,
1179 429 1424 487 eamdem
1456 423 1757 493 discipulus
1801 419 1980 489 palam
2011 416 2185 470 dissc-
2216 417 2261 472 A
2287 408 2405 464 Non
2441 409 2607 461 alium
2644 419 2777 460 sane
2819 403 3021 458 librum
3066 398 3281 455 videtur
3314 411 3532 467 carpere
3559 396 3788 453 Basilius:

614 535 867 590 minaret.
933 526 1070 580 llinc
1118 521 1305 577 multis
1362 524 1650 586 suspectus
1715 498 2003 565 Marcellus
2063 521 2185 562 esse

616 623 805 694 coepit,
836 618 980 690 quod
1012 619 1270 688 putarent
1298 609 1593 664 Photinum
1617 618 1804 660 eorum
1835 601 2186 669 interpretem

615 687 795 787 agere,
845 687 966 783 quae
1014 687 1304 769 Marcellus
1352 701 1544 755 doctor
1592 696 1819 751 obscure
1865 697 1918 746 et
1962 687 2188 745 subdole

615 808 954 879 scripsisset.

851 917 913 967 ll.
938 916 993 964 In
1013 911 1269 973 colloquiis
1292 918 1486 957 errores
1504 900 1739 965 sparsisse
1760 900 1972 959 putatur.

686 1025 807 1079 Alia
840 1022 970 1076 item
993 1013 1284 1073 intervenit
1303 1005 1617 1080 suspicandi
1634 1001 1881 1066 occasio;
1902 994 2188 1051 Marcellus

620 1118 770 1175 enim
790 1132 922 1170 nova
943 1108 1185 1183 quwdam
1208 1108 1443 1165 miscere,
1465 1110 1513 1155 et
1530 1096 1785 1167 ambiguis
1800 1086 2190 1162 prwdicationi-

623 1211 739 1273 bus,
785 1206 898 1277 ejus
937 1205 991 1257 in
1024 1216 1181 1273 quam
1228 1196 1483 1251 Photinus
1520 1189 1713 1257 erupit,
1742 1184 1997 1238 doctrina:
2049 1181 2188 1234 viam

630 1271 861 1375 quaerere
881 1271 1226 1368 deprehensus
1271 1294 1348 1341 est
1377 1285 1475 1355 (1).
1509 1281 1682 1336 Homo
1708 1278 1908 1349 quippe
1938 1271 2189 1344 garrulus

624 1360 680 1449 et
709 1360 1151 1461 loquacissimus,
1203 1384 1265 1433 ut
1320 1374 1481 1430 habet
1541 1369 1829 1431 Eusebius,
1866 1372 1920 1419 ct
1969 1378 2033 1417 ex
2071 1360 2189 1430 ejus

623 1501 745 1556 qua:
775 1481 1069 1550 supersunt
1098 1467 1415 1542 fragmentis
1460 1461 1645 1518 videre
1673 1470 1777 1522 est,
1814 1456 1941 1510 dum
1972 1453 2026 1506 in
2062 1464 2193 1521 quo-

623 1542 862 1631 tidianis-
901 1560 1331 1623 fabulationibus
1377 1564 1431 1612 et
1472 1550 1783 1621 colloquiis,
1806 1545 2096 1602 obscurius
2135 1542 2191 1596 in

622 1667 805 1724 libello
836 1661 1036 1718 tradita
1067 1656 1408 1726 cxplanaret,
1435 1649 1503 1703 ad
1526 1662 1647 1702 eam
1678 1656 1842 1714 quam
1887 1641 1940 1694 in
1972 1633 2192 1710 synodis

623 1760 870 1816 Romana
897 1762 952 1809 et
987 1745 1311 1807 Sardicensi
1332 1739 1734 1812 repudiaverat,
1763 1730 2076 1801 opinionem
2106 1741 2193 1780 re-

621 1851 807 1909 cidere
832 1846 971 1902 forte
986 1837 1441 1911 comperiebatur.
1477 1829 1615 1885 Hinc
1646 1826 1773 1889 late,
1802 1837 1897 1893 per
1915 1818 2192 1875 Orientem

623 1944 880 2007 maxime,
925 1951 1152 2009 sparsus
1202 1943 1391 1985 rumor
1425 1920 1739 1979 Marcellum
1773 1914 1935 1984 impie
1965 1911 2032 1966 de
2056 1908 2194 1963 Filio

625 2036 719 2092 Dei
743 2032 966 2095 sentire,
992 2026 1290 2093 eademque
1323 2020 1440 2089 ipsa
1478 2015 1676 2070 docere
1711 2022 1833 2079 quae
1871 2006 1927 2059 in
1965 2002 2195 2057 Ariano-

622 2142 748 2182 rum
799 2115 1245 2178 accusationibus
1295 2108 1633 2165 ferebantur.
1690 2097 1808 2154 Non
1860 2108 1971 2150 una
2014 2101 2213 2147 tamen.

624 2221 729 2277 fuit
761 2216 1006 2274 omnium
1043 2210 1111 2265 de
1143 2201 1399 2259 Marcello
1434 2193 1739 2257 sententia;
1776 2204 1925 2255 nam,
1960 2183 2195 2257 Epipha-

624 2313 718 2369 nio
757 2316 918 2371 teste,
966 2301 1123 2358 multi
1168 2312 1267 2369 pro
1320 2290 1575 2348 Marcello
1609 2282 1951 2351 stabant,;in
1993 2276 2197 2349 quibus

624 2370 911 2461 Paulinus
938 2392 1313 2450 Antiochenus
1370 2384 1663 2454 episcopus
1708 2396 1722 2431 :
1770 2374 1933 2444 idque
1980 2370 2196 2441 signum

626 2460 709 2554 est
740 2490 1119 2550 manifestum,
1164 2496 1276 2537 non
1319 2476 1497 2549 palam
1541 2480 1595 2527 et
1640 2475 1827 2538 aperte
1885 2460 2197 2517 Marcellum

626 2586 791 2657 impia
815 2578 1112 2654 protulisse
1135 2573 1386 2643 dogmata
1406 2585 1421 2634 ;
1440 2564 1534 2620 sed
1558 2563 1633 2617 ita
1661 2558 1913 2631 perplexe
1933 2555 2197 2620 locutum,

627 2645 689 2738 ut
705 2645 843 2733 hinc
873 2670 1192 2743 opinionum
1238 2662 1381 2717 facta
1411 2658 1522 2714 sint
1559 2652 1823 2716 divortia;
1852 2648 1972 2703 aliis
2020 2645 2203 2700 cathoo

626 2775 751 2837 lice,
780 2777 1033 2840 perverse
1070 2767 1125 2816 et
1170 2755 1333 2827 impie
1377 2752 1498 2807 aliis
1542 2747 1747 2805 sentire
1785 2744 1964 2799 virum
2012 2746 2203 2811 putan-

627 2864 798 2920 tibus.

626 2997 714 3050 Ill.
738 2994 1035 3048 Athanasius
1073 3002 1187 3039 eum
1224 2986 1601 3096 prohiqs‘pittzcto,
1624 2976 1835 3029 Basilius
1859 2987 1948 3038 pro
1970 2972 2203 3023 haeretica

701 3141 895 3197 Gravis
932 3140 1060 3193 item
1086 3131 1341 3188 Marcello
1371 3128 1501 3183 hinc
1542 3134 1696 3197 parta
1719 3119 1922 3176 invidia
1959 3116 2195 3179 videtur,

631 3251 756 3291 cum
792 3233 901 3288 duo
944 3226 1199 3283 Ecclesiae
1250 3222 1454 3277 lumina
1502 3215 1836 3271 Athanasius
1871 3219 1926 3267 et
1965 3208 2198 3265 Basilius

631 3343 817 3384 errore
846 3322 1108 3378 infecmm
1139 3316 1413 3372 hominem
1446 3307 1709 3381 suspicati
1741 3311 1888 3361 sunt.
1935 3301 2010 3357 De
2038 3300 2203 3354 Atha-

633 3421 792 3476 nasio
824 3418 1024 3489 quippe
1051 3414 1165 3468 haec
1202 3408 1522 3466 testiﬁcatur
1563 3398 1898 3474 Epiphanius
1925 3393 2200 3467 εἮρόμην

633 3516 689 3569 δὲ
715 3485 876 3576 abso;
906 3485 1016 3579 eis)
1039 3506 1214 3578 χρόνῳ
1236 3503 1346 3557 τινὶ
1374 3501 1464 3554 τὸν
1493 3496 1798 3569 μακαρίτην
1824 3490 2008 3545 πάπαν
2046 3485 2201 3539 Ἀθα-

635 3608 816 3663 νάσιον
842 3576 969 3674 περλι
988 3576 1177 3654 sabaeo
1206 3594 1300 3650 τοῦ
1329 3588 1672 3664 Μαρκέλλου,
1696 3585 1811 3648 πῶς
1844 3583 1908 3636 ἂν
1936 3580 2046 3651 ἔχοι
2072 3594 2138 3629 πε
2147 3576 2200 3648 pl

635 3695 821 3753 αὐτοῦ.
880 3668 940 3746 ’ὁ
980 3692 1036 3744 δὲ
1082 3688 1203 3742 οὔτε
1258 3680 1808 3756 ὑπεραπελογήσατο,
1866 3671 1987 3726 οὔτε
2040 3668 2200 3722 πάλιν

637 3789 773 3861 πρὸς
801 3784 962 3840 αὐτὸν
987 3779 1238 3850 ἀπεχθῶς
1265 3774 1469 3847 ἠνέχθη
1486 3790 1499 3803 ’
1527 3770 1684 3842 μόνον
1717 3767 1772 3820 δὲ
1795 3764 1883 3819 διὰ
1908 3761 2003 3816 τοῦ
2036 3774 2204 3831 προσ-

635 3850 783 3935 ώῖπου
833 3876 1113 3950 μειδιάσας
1176 3871 1441 3940 ὑπέφηνε,
1507 3860 1807 3935 μοχθηρίας
1862 3856 1936 3928 μὴ
1989 3850 2202 3923 μακρὰν

638 3969 797 4024 αὐτὸν
834 3943 1003 4029 ἐῖναι,
1033 3964 1127 4017 καὶ
1160 3961 1234 4025 ὡς
1265 3952 1744 4025 ἀπολογησάμενον
1788 3944 1918 4017 εἶχε.
1976 3943 2028 3997 Id
2077 3949 2202 3995 est:

638 4060 772 4116 Cum
806 4055 1092 4128 aliquando
1136 4053 1342 4106 beatum
1372 4062 1564 4119 papam
1602 4040 1947 4095 Athanasium
1980 4038 2205 4089 interro-

635 4166 840 4227 garem,
867 4147 990 4219 quid
1019 4144 1083 4198 de
1113 4140 1365 4197 Marcello
1400 4138 1750 4197 existimaret,
1780 4130 1871 4184 ille
1896 4143 2053 4198 neque
2075 4141 2204 4194 pur-

638 4246 776 4315 gauit
811 4238 1092 4301 hominem,
1133 4249 1292 4303 neque
1326 4248 1440 4285 vero
1478 4228 1712 4298 asperius
1741 4223 1939 4278 notavit
1970 4237 1987 4274 :
2017 4220 2106 4274 sed
2134 4219 2206 4271 le-

640 4338 777 4392 niter
818 4330 1081 4394 arridens,
1130 4343 1234 4382 non
1282 4324 1502 4377 multum
1539 4320 1602 4373 ab
1644 4316 1975 4387 improbitate
2018 4311 2209 4366 abhor-

641 4432 813 4485 ruisse
854 4422 1170 4497 signiﬁcavit
1202 4436 1219 4474 :
1251 4428 1299 4473 et
1329 4420 1382 4471 in
1429 4430 1607 4471 eorum
1649 4411 1782 4477 loco,
1816 4410 1907 4481 qui
1944 4422 2053 4461 sese
2081 4420 2210 4474 pur-

642 4527 875 4594 gassent,
910 4516 1113 4571 habuit.
1160 4512 1344 4583 Longe
1375 4510 1556 4564 acrior
1584 4505 1844 4564 Basilius,
1893 4498 2208 4554 Marcellum

644 4631 745 4688 pro
793 4612 1049 4668 haeretica
1101 4608 1282 4673 habet,
1340 4603 1460 4674 ejus
1502 4600 1833 4671 impietatem
1884 4595 2097 4647 Arianae
2141 4604 2209 4644 ex

643 4682 913 4764 diametro
960 4699 1266 4771 oppositam
1312 4694 1567 4760 aestimat,
1616 4688 1986 4746 damnandum
2034 4682 2209 4738 homio

645 4800 849 4854 minem
884 4800 1093 4856 censet,
1122 4792 1249 4861 quia
1279 4787 1599 4857 unigenitum
1633 4783 1842 4853 quidem
1870 4780 1976 4832 diei
2005 4776 2213 4831 verbum

648 4891 833 4954 tradit,
870 4896 1124 4959 quatenus
1157 4882 1228 4936 ad
1273 4895 1426 4934 usum
1472 4887 1521 4931 et
1570 4874 1638 4929 ad
1684 4884 1883 4941 tempus
1919 4868 2112 4940 prodit,
2153 4881 2215 4918 ac

645 4998 833 5039 rursus
864 4980 931 5033 ad
958 4994 1075 5033 eum
1096 4991 1161 5030 ea:
1192 4991 1293 5045 quo
1325 4971 1516 5042 prodiit
1548 4968 1824 5023 revertitur
1849 4981 1867 5018 :
1900 4978 2059 5033 neque
2097 4966 2217 5013 ante

647 5090 932 5149 egressum,
968 5086 1103 5135 esse,
1150 5085 1240 5121 nec
1269 5075 1385 5136 post
1434 5077 1748 5134 regressum,
1791 5057 2073 5112 subsistere
2118 5053 2215 5106 ait.

652 5169 816 5238 Cujus
842 5167 916 5221 rei
944 5170 1312 5235 argumentum
1349 5166 1470 5213 sunt
1502 5156 1695 5225 iniqua:
1724 5152 1870 5205 illius
1902 5144 2217 5219 syngrapha:

653 5263 799 5319 fibri.
830 5262 1036 5315 Cretera
1081 5252 1337 5325 superius
1379 5251 1539 5303 allata
1586 5253 1734 5302 sunt.
1762 5243 1882 5298 Jam
1912 5255 2039 5296 vero
2072 5254 2222 5308 quae-

654 5369 810 5412 ratur
842 5368 968 5408 num
1004 5351 1191 5419 iniqua
1242 5346 1332 5399 illa
1384 5341 1694 5414 συγγροιφή,
1744 5352 1906 5408 quam
1959 5337 2225 5387 memorat

656 5444 1091 5509 Basilius,'idem
1144 5446 1261 5514 ipse
1293 5440 1431 5493 liber
1466 5438 1557 5497 sit,
1608 5432 1705 5503 qui
1751 5433 1803 5485 in
1852 5427 2075 5500 synodis
2118 5424 2225 5477 Ro-

661 5557 819 5595 mana
860 5552 911 5596 et
952 5537 1267 5593 Sardicensi
1308 5548 1496 5590 errore
1526 5542 1733 5585 vacuus
1764 5524 2072 5581 declaratus
2119 5526 2223 5575 est.

730 5743 809 5811 (1)
847 5742 1016 5797 Hilar.
1052 5742 1266 5810 Fragm.

2288 514 2396 553 non
2441 499 2638 565 legitur
2697 495 2843 549 enim
2896 490 3211 546 Marcellum
3267 488 3432 542 alium
3484 485 3696 542 edidisse
3738 488 3787 540 li-

2288 590 2467 653 brum,
2519 601 2681 658 quam
2728 586 2878 639 illum
2917 591 3110 639 contra
3156 580 3451 643 Asterium,
3493 578 3576 632 cui
3617 578 3793 635 titulus.

2288 680 2364 736 De
2384 680 2710 750 subjectione
2744 677 2979 740 Domini,
3013 682 3153 730 teste
3198 672 3423 753 llilario.
3467 670 3651 727 Verum
3682 670 3796 725 dicet

2287 775 2583 846 quispiam,
2628 786 2698 826 an
2741 769 2978 825 Basilius
3011 768 3329 823 haereticum
3374 779 3438 818 ac
3479 762 3794 819 damnandum

2288 866 2488 918 librum
2533 867 2775 924 censeat,
2808 860 2901 928 qui
2940 858 2994 912 in
3037 855 3262 928 synodis
3296 854 3534 907 Romana
3564 860 3613 907 et
3646 850 3796 906 Sardi-

2288 953 2441 1011 censi
2496 961 2558 1006 ut
2619 949 2955 1005 orthodoxus
2999 948 3272 1003 admissus
3302 944 3481 999 fuerit.
3515 943 3638 997 fluic
3673 959 3798 1014 argu-

2291 1054 2474 1102 mento
2514 1053 2575 1100 ut
2631 1053 2957 1098 occurratur
2983 1083 2997 1105 ,
3044 1040 3339 1110 repetenda
3383 1038 3473 1092 illa
3519 1052 3628 1107 qua:
3669 1052 3799 1107 supra

2290 1139 2551 1203 diximus,
2592 1135 2905 1191 Marcellum
2955 1134 3212 1188 videlicet
3259 1132 3336 1185 ita
3397 1146 3505 1185 rem
3548 1137 3803 1203 temperare

2291 1226 2557 1297 potuisse,
2595 1232 2657 1279 ut
2677 1223 2979 1306 dicta.cjus
3009 1231 3233 1293 possent
3265 1220 3320 1274 in
3356 1218 3545 1274 bonam
3582 1193 3803 1271 malamve

2291 1328 2500 1389 partem
2536 1314 2767 1371 deﬂecti.
2801 1315 2940 1370 Cum
2966 1320 3147 1369 autem
3170 1312 3263 1366 ille
3294 1308 3613 1381 synodorum
3636 1307 3803 1377 judicio

2291 1424 2532 1481 praesens
2561 1423 2783 1464 causam
2820 1406 3160 1468 defenderet,
3193 1412 3249 1460 et
3287 1418 3474 1459 sanam
3510 1400 3803 1456 catholicam-

2292 1517 2399 1573 que
2428 1500 2700 1555 dictorum
2728 1504 2964 1552 mentem
2994 1502 3281 1560 tueretur;
3331 1490 3433 1546 SS.
3466 1490 3661 1554 Patres,
3688 1489 3807 1559 quod

2293 1595 2497 1649 nullam
2532 1593 2670 1649 liber
2703 1591 3034 1662 impietatem
3063 1589 3242 1659 palam
3275 1593 3330 1642 et
3360 1600 3471 1655 pra:
3503 1599 3557 1640 se
3577 1582 3735 1646 ferret,
3765 1590 3807 1637 et

2294 1689 2454 1745 effata
2484 1687 2605 1757 ejus
2627 1683 2899 1739 catholice
2928 1687 3176 1752 possent,
3214 1686 3274 1733 ut
3321 1675 3598 1730 Marcellus
3619 1680 3807 1728 conten-

2292 1783 2475 1845 debat,
2503 1779 2696 1848 accipi,
2730 1784 2791 1830 ut
2820 1776 3093 1829 insontem
3123 1786 3254 1827 cum
3281 1769 3425 1824 libro
3458 1783 3553 1822 suo
3583 1765 3804 1820 hominem

2294 1874 2607 1931 absolutum
2657 1868 3005 1923 dimiserunt.
3054 1864 3190 1917 Nam
3247 1862 3381 1933 quid
3411 1875 3534 1916 vere
3574 1861 3624 1914 in
3662 1859 3805 1913 animo

2294 1968 2537 2023 volveret
2569 1963 2881 2026 Marcellus,
2926 1959 3058 2031 quid
3099 1959 3212 2012 imo
3258 1966 3480 2026 pectore
3516 1951 3732 2018 sentiret,
3763 1950 3806 2009 il

2296 2058 2462 2114 unius
2493 2056 2590 2111 Dei
2610 2054 2821 2126 judicio
2850 2050 3295 2123 permittebatur.
3323 2045 3437 2102 Sub
3458 2047 3584 2108 haec,
3610 2052 3659 2099 ut
3688 2043 3805 2098 arbi-

2296 2151 2582 2206 trabantur
2640 2146 2841 2213 multi,
2893 2158 3019 2199 cum
3074 2141 3130 2195 in
3166 2138 3528 2194 familiaribus
3576 2133 3805 2205 colloquiis

2297 2239 2587 2295 Marcellus
2618 2236 2766 2290 dicta
2805 2248 2904 2290 sua
2940 2228 3247 2288 secundum
3293 2226 3593 2282 luereticam
3621 2229 3805 2277 mentem

2298 2332 2586 2403 discipulis
2618 2329 2958 2400 explanaret,
3005 2324 3243 2395 ejusque
3286 2321 3367 2375 rei
3400 2319 3537 2373 fama
3568 2317 3662 2370 late
3690 2328 3807 2383 vaga-

2299 2433 2473 2490 retur,
2507 2431 2639 2478 tunc
2670 2421 2890 2477 demum
2924 2417 3151 2473 subdole
3180 2425 3371 2469 actum
3412 2410 3645 2465 Marcello
3673 2406 3807 2461 credi-

2299 2526 2413 2571 tum
2442 2522 2547 2577 est,
2583 2514 2809 2583 ipseque
2841 2510 2925 2566 sui
2952 2508 3228 2576 interpres
3265 2504 3463 2558 librum
3491 2514 3642 2571 prava
3673 2505 3808 2551 mente

2301 2606 2675 2675 conscriptum
2707 2602 3019 2657 declarasse
3051 2599 3293 2653 videtur.
3341 2594 3456 2651 Etsi
3482 2606 3633 2664 porro
3660 2604 3729 2644 res
3763 2588 3807 2639 in

2302 2692 2467 2755 dubio
2493 2708 2761 2758 versetur,
2785 2710 2915 2748 num
2948 2708 3074 2747 vere
3102 2689 3397 2745 Marcellus
3425 2688 3479 2741 in
3499 2700 3627 2749 eam,
3657 2681 3711 2735 de
3728 2692 3808 2750 qua

2301 2793 2622 2864 plerumque
2660 2798 2950 2843 accusatus
3002 2785 3126 2847 fuit,
3185 2783 3525 2855 impietatem
3563 2773 3807 2832 deciderit:

2303 2902 2429 2943 nam
2456 2899 2580 2940 cum
2612 2880 2952 2954 Epiphanius
2980 2877 3239 2932 Marcello
3272 2874 3518 2946 a-qualis,
3549 2870 3698 2925 varias
3729 2865 3808 2919 hac

2274 2958 2372 3033 ἀθ
2407 2992 2468 3033 re
2497 2974 2926 3031 orthodoxorum
2962 2968 3273 3025 sententias
3318 2975 3449 3021 tunc
3480 2964 3631 3018 fuisse
3658 2955 3807 3013 testifi-

2228 3093 2271 3151 ο
2306 3077 2482 3132 cetur,
2524 3083 2627 3123 nec
2654 3066 2852 3120 audeat
2880 3066 2996 3133 ipse
3025 3062 3353 3116 alterutram
3400 3058 3454 3113 in
3486 3064 3667 3128 partem
3710 3064 3811 3102 con—

2308 3162 2520 3226 cedere,
2559 3159 2691 3229 quid
2717 3172 3010 3228 possumus
3041 3158 3144 3208 nos
3175 3160 3259 3206 tot
3289 3152 3361 3206 ab
3390 3150 3510 3205 inde
3536 3142 3709 3215 elapsis
3737 3155 3812 3195 sae-

2305 3256 2446 3311 culis
2478 3250 2797 3309 aestimare?
2837 3263 3001 3319 grave
3032 3255 3215 3301 tamen
3272 3250 3636 3319 argumentum
3661 3241 3811 3290 contra

2307 3345 2619 3401 Marcellum
2649 3342 2777 3395 hinc
2807 3341 3039 3402 eruitur,
3089 3336 3241 3407 quod
3277 3337 3413 3392 tanti
3445 3334 3670 3388 doctores
3695 3324 3813 3380 Basi-

2307 3439 2415 3493 lius
2466 3444 2520 3492 et
2571 3431 2927 3498 Athanasius,
2967 3429 3168 3500 quibus
3200 3443 3315 3483 non
3364 3426 3518 3481 facile
3557 3428 3655 3477 erat
3681 3415 3812 3471 verba

2307 3530 2460 3595 dare,
2491 3542 2614 3584 eum
2669 3526 2756 3581 vel
2788 3539 3017 3596 prorsus
3066 3522 3415 3584 haereticum,
3467 3516 3543 3572 vel
3580 3506 3812 3568 admodum

2309 3629 2623 3693 suspectum
2662 3618 2972 3673 habuerint.

2309 3755 2388 3807 IV.
2415 3754 2678 3804 Marcellus
2707 3758 2759 3801 et
2791 3750 3090 3800 Marcelliani
3132 3751 3185 3797 in
3213 3749 3332 3798 ﬁdei
3366 3740 3713 3810 professionibus
3746 3746 3807 3782 ca-

2851 3813 3033 3861 tbolice
3057 3814 3350 3873 loquuntur.

2383 3947 2453 4001 Ut
2520 3954 2581 4001 ut
2642 3946 2714 3999 sit
2759 3945 2827 3999 de
2894 3942 3135 3998 Marcelli
3183 3942 3482 4009 opinione,
3534 3934 3812 4005 exploratum

2313 4056 2445 4111 sane
2488 4049 2572 4095 est
2616 4055 2741 4095 cum
2787 4038 2965 4101 illum,
3014 4044 3129 4089 tum
3176 4035 3479 4106 discipulos
3516 4030 3624 4099 ejus
3653 4027 3697 4080 in
3720 4016 3813 4073 fidei

2314 4131 2564 4187 formulis
2611 4146 2749 4201 quas
2792 4129 3061 4193 obtulere,
3102 4128 3195 4181 ubi
3241 4128 3349 4183 sibi
3385 4124 3660 4191 ascriptum
3696 4124 3814 4168 erro-

2313 4241 2427 4279 rem
2454 4225 2717 4280 damnant
2746 4229 2800 4278 et
2830 4221 3142 4292 repudiant,
3172 4236 3283 4276 non
3318 4214 3675 4291 pteuitentium
3696 4213 3738 4260 et
3757 4216 3815 4255 re-

2316 4315 2692 4385 sipiscentium
2735 4330 2887 4370 more
2951 4315 3004 4368 id
3053 4328 3245 4385 agere;
3306 4311 3402 4368 sed
3442 4308 3608 4365 addita
3647 4308 3815 4367 semper

2316 4414 2572 4468 cautione
2612 4413 3053 4469 adversariorum
3099 4411 3409 4465 calumnias
3455 4402 3815 4475 depellerem

2314 4523 2372 4562 se
2396 4507 2469 4560 ita
2500 4506 2731 4561 sentisse
2788 4505 3056 4559 conﬁteri.
3077 4503 3133 4557 Id
3167 4503 3424 4558 observes
3458 4495 3591 4568 apud
3629 4484 3814 4560 Ερῖρῑιθ·

2310 4597 2462 4652 nium
2512 4598 2566 4650 in
2616 4594 2868 4650 Formula
2903 4595 3022 4649 fidei
3070 4593 3333 4659 Marcelli,
3362 4590 3503 4645 Julio
3541 4584 3716 4640 oblata.
3750 4571 3815 4626 ubi

2314 4693 2361 4746 is
2392 4707 2450 4744 se
2476 4690 2550 4743 ita
2581 4689 2823 4744 sensisse
2856 4695 3018 4757 negat
3049 4693 3106 4739 ut
3130 4685 3318 4738 Ariani
3352 4679 3651 4738 dictitabant
3678 4690 3689 4724 :
3715 4666 3817 4721 etin

2315 4783 2594 4837 luculenta
2628 4781 2748 4835 ﬁdei
2786 4780 3017 4835 formula
3059 4779 3115 4833 in
3143 4777 3414 4847 legatione
3445 4765 3669 4840 Eugenii,
3692 4767 3818 4829 quam

2316 4892 2464 4931 nunc
2494 4877 2731 4946 primum
2762 4892 2792 4929 e
2825 4873 3064 4929 tenebris
3095 4872 3363 4931 eruimus,
3396 4867 3473 4921 sic
3502 4861 3706 4932 legitur:
3736 4845 3818 4901 Ne-

2317 4986 2415 5039 que
2455 4969 2593 5022 enim
2643 4981 2908 5021 censemus
2948 4965 3113 5017 alium
3162 4978 3274 5016 esse
3306 4959 3517 5017 Filium,
3564 4949 3707 5003 alium
3738 4950 3821 4993 esse

2331 5060 2580 5123 Verbum,
2616 5073 2675 5112 ut
2706 5058 2920 5129 quidam
2966 5072 3059 5109 nos
3103 5055 3297 5108 sentire
3330 5046 3525 5104 mentiti
3552 5046 3659 5095 sunt
3684 5050 3699 5086 :
3722 5032 3818 5084 item

2324 5155 2378 5210 in
2417 5153 2775 5224 Expositione
2816 5150 2938 5206 ﬁdei
2991 5149 3059 5203 ad
3111 5147 3552 5203 Diocmsarienses
3586 5134 3820 5204 episcopos

2324 5250 2528 5310 oblata,
2566 5247 2720 5300 aiunt
2769 5243 3103 5297 Marcelliani
3157 5257 3238 5296 sev
3260 5240 3482 5294 libenter
3504 5226 3726 5286 Patrihus
3756 5230 3819 5269 ἴθ’

2327 5341 2601 5411 spondere
2642 5336 3075 5399 sciscitantibus,
3112 5341 3172 5388 ut
3206 5332 3343 5387 falso
3380 5327 3549 5384 oblata
3576 5317 3664 5373 sibi
3689 5319 3819 5365 teme-

2329 5442 2462 5488 ratte
2508 5431 2792 5503 religionis
2827 5428 3060 5483 crimina
3090 5426 3486 5498 propulsarent,
3521 5412 3603 5469 διὰ
3634 5403 3817 5479 μάλιστα

2327 5525 2453 5587 τοὺς
2478 5495 2835 5595 βουλομένους
2874 5495 3121 5591 paratur;
3150 5495 3391 5588 θρυλλεῖν
3423 5506 3540 5578 περὶ
3567 5495 3703 5573 ἡμῶν
3726 5499 3818 5543 τινα
