4116 6332
344 340 476 393 130')

339 550 697 605 orthodoxam
735 552 1061 605 sententiam
1092 550 1213 605 fidei
1245 550 1508 606 formulas
1540 568 1668 606 suas
1694 569 1908 622 semper

340 642 744 704 concinnarint,
792 654 844 695 et
891 643 1111 698 aliunde
1146 659 1176 697 a
1220 645 1411 699 multis
1446 654 1761 700 sanctorum
1807 646 1909 701 Pa-

339 751 483 791 trum
520 736 773 791 Marcello
824 736 1115 806 :equalium
1154 752 1252 805 pro
1286 737 1557 792 haereticis
1588 739 1672 792 vel
1716 755 1909 808 suspe-

339 832 443 887 ctis
472 831 641 885 habiti
677 830 900 893 fuerint,
933 846 1043 883 non
1078 829 1277 883 mirum
1308 831 1353 885 si
1392 838 1544 883 tanta
1572 830 1735 883 furrit
1761 831 1908 884 circa

339 922 581 975 Marcelli
634 921 791 974 ﬁdem
853 922 1245 974 sententiarum
1302 920 1581 985 varietas,
1650 927 1906 989 quantam

338 1013 949 1093 exhibetﬁpiphauius.

950 1150 1180 1205 CAPUT
1230 1150 1293 1204 V.

338 1282 446 1320 NUII
488 1280 818 1319 A'HIANASIUS
870 1280 1188 1319 MARCELLUM
1230 1281 1442 1328 UNQUAH
1498 1283 1530 1319 Α
1568 1281 1905 1320 COMMCNIONE

890 1352 986 1389 SUA
1028 1352 1357 1390 REIOVERIT.

339 1470 379 1525 l.
422 1470 743 1524 Athanasius
794 1468 1107 1523 Marcellum
1158 1489 1189 1523 a
1237 1474 1599 1526 communione
1655 1490 1753 1526 sua
1806 1490 1907 1527 non

408 1540 715 1613 removerat
746 1551 865 1593 ante
901 1558 1108 1613 annum.
1162 1542 1286 1596 558.
1340 1543 1403 1597 ll.
1458 1541 1570 1596 Nec
1621 1544 1909 1613 instigante

404 1622 585 1680 postea
619 1612 824 1665 Basilio
857 1609 909 1663 id
941 1614 1061 1681 egit.

338 1725 378 1775 Ι.
404 1725 695 1774 Athanasius
719 1724 997 1772 Marcellum
1023 1739 1046 1772 a
1072 1727 1412 1774 communione
1440 1741 1523 1775 sua
1546 1740 1641 1774 non
1681 1740 1906 1775 remove—

584 1793 657 1835 rat
678 1793 792 1835 ante
816 1799 993 1835 annum
1016 1787 1123 1834 558.
1154 1788 1346 1849 Fragm.
1376 1790 1422 1845 ‘2,
1450 1802 1496 1850 p.
1527 1788 1657 1836 1500.

406 1906 761 1967 Athanasius,
807 1908 899 1975 qui
945 1906 1134 1961 multis
1181 1906 1340 1961 annis
1385 1905 1639 1961 Marcello
1670 1906 1908 1961 fortuna-

336 2016 458 2055 rum
486 2015 712 2053 consors
742 2009 795 2053 et
835 1999 1042 2054 amicus
1074 1998 1271 2065 fuerat,
1317 2000 1535 2055 demum
1569 2000 1776 2070 sparsis
1814 2016 1909 2053 ru-

337 2092 604 2151 moribus.
641 2098 695 2145 et
746 2092 1019 2144 clarorum
1055 2091 1335 2145 hominum
1378 2092 1709 2145 testimoniis
1740 2089 1909 2143 abdu-

337 2192 481 2246 ctus,
513 2196 673 2250 quem
708 2181 861 2250 prius
890 2196 990 2249 pro
1022 2178 1284 2235 facultate
1328 2180 1669 2250 defenderat,
1716 2195 1909 2249 suspe-

336 2282 483 2327 ctum
517 2272 719 2326 habere
750 2272 934 2340 C(Bpil.
960 2271 1018 2324 id
1055 2270 1358 2341 Epiphanio
1393 2279 1531 2327 teste
1568 2271 1904 2327 ediscimus:

336 2364 449 2425 cui,
481 2372 668 2432 utpote
715 2362 784 2416 ab
849 2361 1153 2416 Athanasio
1203 2363 1324 2431 ipso
1387 2362 1570 2416 audita
1634 2362 1905 2424 narranti,

337 2452 500 2507 ﬁdem
552 2454 818 2523 derogare
865 2469 973 2506 non
1008 2454 1153 2507 licet.
1206 2454 1405 2508 Verum
1446 2452 1716 2520 Hilarius,
1776 2456 1906 2509 item

336 2542 585 2612 aequalis,
637 2558 702 2597 eo
762 2553 985 2597 ventum
1045 2560 1168 2599 esse
1217 2545 1565 2608 testiﬁcatur,
1626 2557 1685 2598 ut
1741 2545 1906 2599 etiam

337 2633 593 2690 Marcello
635 2638 1075 2691 communionem
1128 2638 1457 2695 Athanasius
1514 2649 1755 2711 negaret.
1804 2640 1907 2694 Sed

337 2746 433 2783 cur
485 2730 757 2799 abnegatw
817 2732 1224 2790 communionis,
1285 2732 1365 2786 sic
1417 2732 1532 2795 ille,
1581 2734 1906 2786 Athanasius

337 2837 456 2875 reus
488 2838 599 2875 esse
635 2821 983 2876 rescribitur?
1015 2820 1269 2891 Nunquid
1307 2832 1518 2892 propter
1560 2824 1683 2877 libri
1723 2825 1906 2877 vitium

336 2913 625 2968 Marcellus
654 2914 923 2967 abstentus
946 2916 1066 2968 est?
1095 2913 1271 2967 Testes
1296 2915 1394 2981 ipsi
1420 2924 1564 2977 sunt,
1594 2931 1659 2969 ea:
1690 2917 1908 2969 institu-

340 3010 407 3062 tis
430 3009 543 3077 ejus
566 3007 848 3059 Photinum
872 3007 1230 3074 perrersitatis
1254 3008 1410 3060 istius
1426 3007 1578 3060 initia
1601 3008 1903 3075 sumpsisse.

339 3100 485 3153 Nam
546 3109 734 3169 negata
781 3098 884 3152 sibi
935 3097 997 3151 ab
1054 3098 1347 3152 Athanasio
1391 3101 1773 3162 communione,
1825 3099 1906 3151 in-

339 3208 521 3264 gressu
566 3208 678 3244 sese
720 3191 954 3244 ecclesia:
999 3190 1284 3246 Marcellus
1330 3192 1602 3243 abstinuit.
1638 3189 1725 3243 Ita
1766 3208 1909 3243 como
1935 3166 1977 3223 (ί

338 3284 521 3336 munia
554 3298 673 3334 cum
719 3298 779 3335 eo
818 3282 871 3333 in
924 3282 1027 3333 ista
1062 3282 1165 3350 ﬁde
1202 3282 1265 3336 de
1295 3282 1613 3346 subiectione
1646 3294 1694 3335 et
1740 3282 1913 3336 tradi-

338 3377 476 3431 tione
530 3376 675 3444 regni
736 3374 883 3427 docet
934 3390 951 3427 ι
998 3384 1183 3445 negata
1245 3391 1455 3427 rursum
1508 3377 1769 3441 pravitate
1818 3374 1914 3429 do-

338 3470 524 3523 ctrina:
570 3469 790 3522 alterius
842 3468 1090 3522 ostendit.
1141 3466 1219 3520 Ex
1272 3466 1501 3531 ililario,
1562 3476 1620 3521 ut
1672 3469 1907 3532 videtur,

339 3568 618 3615 mutuatus
660 3559 938 3632 Sulpicius
992 3560 1247 3623 Severus,
1305 3560 1539 3630 idipsum
1594 3569 1781 3613 narrat
1828 3561 1911 3615 his

339 3653 555 3707 verbis:
587 3651 870 3721 Interjecto
914 3651 1098 3705 deinde
1149 3662 1394 3719 tempore,
1419 3652 1742 3705 Athanasius
1793 3670 1911 3705 cum

340 3742 650 3798 Marcellam
702 3760 891 3813 parum
930 3760 1076 3798 sana:
1124 3744 1247 3811 ﬁdei
1289 3760 1399 3797 esse
1457 3745 1825 3812 comperisset,
1880 3762 1913 3797 a

339 3838 699 3889 communione
729 3834 1019 3903 suspendit.
1054 3833 1355 3903 Ilabuitque
1378 3834 1469 3887 ille
1496 3835 1632 3888 hanc
1668 3852 1911 3889 verecun-

339 3927 503 3991 diam,
530 3937 587 3979 ut
620 3930 755 3980 tanti
788 3926 1107 3995 virijudicio
1133 3936 1347 3980 notatus
1377 3936 1557 3993 sponte
1587 3928 1907 3983 concederet.

339 4016 601 4071 therum
650 4028 806 4070 antea
848 4018 1121 4081 innocens,
1154 4025 1335 4085 postea
1367 4017 1710 4086 deprauatus,
1748 4019 1913 4073 videri

339 4120 545 4180 poterat
581 4110 699 4178 jam
743 4120 853 4163 tum
908 4127 1093 4163 nocens
1129 4109 1313 4178 fuisse,
1362 4127 1480 4164 cum
1536 4111 1598 4165 de
1647 4129 1705 4165 eo
1738 4112 1912 4178 fuerat

340 4202 655 4268 iudicatum.
695 4203 797 4257 Sed
832 4203 945 4256 haec
981 4202 1243 4265 Hilarius,
1278 4218 1439 4272 quem
1486 4201 1763 4273 Sulpicius
1807 4221 1911 4257 au--

342 4302 548 4349 ctorem
576 4295 755 4356 habet,
792 4310 858 4348 ex
894 4294 1085 4364 synodi
1128 4292 1467 4357 Sirmiensis,
1501 4296 1555 4348 in
1588 4311 1695 4365 qua
1725 4295 1913 4350 Photi-

342 4402 446 4440 nus
480 4401 622 4441 anno
652 4386 755 4441 549
812 4386 1104 4439 damnatus
1143 4396 1245 4448 est,
1290 4387 1558 4456 rescripto
1605 4396 1907 4443 mutuatur.

340 4477 477 4532 Cum
504 4489 681 4533 autem
719 4479 859 4531 hanc
890 4477 1157 4547 synodum
1190 4478 1378 4531 Ariani
1404 4479 1745 4535 solummodo
1774 4497 1913 4551 prse-

342 4570 489 4625 sules
540 4571 963 4635 celebraverint,
1002 4570 1153 4623 nulla
1192 4570 1259 4625 iis
1312 4570 1445 4626 fides
1502 4572 1771 4636 habenda,
1814 4575 1907 4643 qui

340 4670 597 4717 sexcenta
631 4664 829 4718 similia
870 4670 1059 4717 contra
1091 4662 1449 4718 Athanasium
1482 4671 1535 4719 et
1572 4664 1905 4731 Marcellum,

339 4766 455 4811 tum
490 4758 655 4811 verbo
692 4768 805 4810 tum
837 4760 1060 4827 scripto,
1096 4772 1353 4827 spargere
1384 4758 1653 4813 solebant.
1686 4759 1765 4812 Ad
1796 4762 1908 4813 lucc

338 4852 673 4905 Athanasius
720 4851 911 4906 saltem
963 4851 1028 4903 ad
1064 4866 1265 4904 annum
1321 4867 1491 4920 usque
1524 4852 1647 4913 558,
1686 4852 1910 4907 Marcel-

340 4945 453 4997 lum
490 4953 546 4997 ut
576 4946 845 4999 insontem
890 4952 943 4997 et
988 4944 1272 5000 fraudibbs
1304 4946 1632 4998 Arianorum
1674 4946 1909 4999 circum-

340 5046 559 5091 ventum
592 5036 856 5099 defendit,
890 5046 950 5090 ut
981 5038 1165 5093 videre
1216 5047 1301 5093 est
1332 5040 1384 5093 in
1420 5040 1677 5109 Apologia
1726 5050 1909 5092 contra

342 5133 593 5193 Arianos,
629 5132 683 5183 in
717 5130 980 5199 Apologia
1025 5131 1087 5185 de
1117 5133 1263 5202 fuga.
1296 5143 1349 5186 et
1379 5133 1430 5186 in
1464 5130 1703 5187 Historia
1745 5133 1907 5185 Aria-

343 5238 530 5275 norum
569 5222 636 5273 ad
667 5222 947 5275 monachos
975 5238 991 5275 :
1018 5223 1160 5277 unde
1188 5224 1464 5293 propalam
1500 5226 1570 5277 sit
1610 5239 1715 5277 non
1748 5224 1909 5278 modo

344 5312 748 5366 communionis
803 5312 1116 5367 societatem
1183 5329 1304 5366 cum
1370 5315 1461 5367 illo
1522 5314 1754 5379 fovisse;
1814 5314 1908 5369 sed

344 5403 509 5456 etiam
551 5403 791 5457 nondum
838 5406 890 5457 in
928 5406 1071 5457 illam
1119 5405 1333 5459 venisse
1367 5414 1554 5459 contra
1600 5406 1908 5461 Marcellum

344 5494 740 5564 suspicionem,
782 5511 944 5565 quam
988 5506 1251 5551 memorat
1286 5497 1641 5567 Epiphanius.
1679 5500 1743 5551 Et
1782 5515 1911 5552 sane

344 5603 581 5642 concors
624 5598 707 5641 est
742 5606 877 5658 pene
928 5591 1170 5643 omnium
1208 5593 1501 5651 sententia,
1548 5592 1673 5645 huic
1721 5591 1906 5645 llilarii

346 5682 682 5742 testimonio,
721 5690 908 5750 utpote
936 5683 1004 5736 ab
1030 5682 1249 5736 Arianis
1283 5692 1527 5752 accepto,
1560 5685 1761 5738 nullam
1790 5700 1910 5739 esse

345 5772 500 5828 tidem
537 5773 860 5829 habendam.

1635 340 1980 395 MARCELLI
2020 341 2392 397 ANCYRANI.

337 460 524 528 ψευδῆ.
557 458 691 513 Cum
722 466 898 511 autem
933 457 1223 513 Marcellus
1249 466 1301 513 ct
1326 459 1578 527 discipuli
1605 460 1902 513 secundum
1936 467 1979 520 Α

3446 351 3467 405 1
3480 345 3580 405 294

2350 461 2407 510 ll.
2440 460 2539 508 Nec
2561 460 2823 521 instigante
2850 462 3029 511 Basilio
3055 464 3104 511 id
3123 464 3240 525 egit.

2083 574 2199 629 Non
2253 576 2451 630 desunt
2498 578 2588 645 qui
2630 576 2943 630 Marcellum
2998 578 3218 646 quidem
3256 579 3309 631 in
3338 588 3581 650 tempore

2012 681 2106 734 per
2172 665 2434 719 Hilarium
2503 674 2793 728 annotato,
2864 666 3107 721 nondum
3168 669 3235 720 ab
3286 668 3580 723 Athanasio

2012 758 2329 811 damnatum
2365 760 2535 814 fuisse
2566 759 2884 812 existiment
2920 777 2933 825 ;
2978 760 3069 812 sed
3114 758 3309 813 deinde
3339 775 3581 815 commo-

2010 858 2171 903 vente
2208 849 2433 915 Basilio,
2474 851 2542 905 ab
2588 850 2886 904 Athanasio
2925 849 3239 904 Marcellum
3268 858 3321 904 et
3352 849 3581 904 Marcel-

2011 942 2191 996 lianos
2233 958 2261 995 a
2310 943 2697 997 communione
2736 950 2974 997 remotos
3024 942 3192 996 fuisse
3223 942 3577 995 arbitrentur.

2011 1032 2076 1087 Et
2107 1033 2223 1087 htec
2254 1034 2383 1087 item
2422 1042 2504 1088 cst
2534 1032 2864 1089 Tillemontii
2894 1035 3098 1104 opinio.
3128 1034 3326 1087 Verum
3358 1034 3579 1103 ignora-

2011 1124 2142 1178 bant
2172 1124 2248 1177 illi
2280 1124 2597 1179 Marcellum
2628 1133 2681 1178 et
2715 1128 2953 1180 asseclas
2987 1125 3212 1196 Eugenii
3248 1135 3302 1180 et
3343 1126 3577 1181 aliorum

2010 1219 2359 1288 deputatione
2396 1218 2677 1274 Athanasii
2724 1219 2994 1287 judicium
3042 1220 3403 1288 prmvertissc.
3445 1218 3578 1273 Cum

2011 1310 2155 1362 enim
2192 1309 2420 1364 instaret
2446 1307 2699 1370 Basilius,
2736 1319 2991 1380 urgerent
3027 1310 3116 1363 alii
3157 1310 3399 1379 episcopi
3428 1297 3604 1364 dam?

2009 1400 2358 1471 nandumque
2425 1400 2733 1454 Marcellum
2776 1402 3072 1457 Athanasio
3127 1403 3464 1466 dictitarent,
3520 1418 3581 1457 re

2010 1501 2308 1562 comperta,
2349 1492 2661 1553 Marcellus,
2715 1503 2773 1547 ut
2826 1511 3015 1548 eorum
3055 1504 3285 1549 conatus
3328 1504 3382 1549 et
3424 1495 3581 1548 moli-

2010 1585 2159 1637 mina
2226 1585 2624 1655 interpellaret,
2686 1593 2932 1641 oratores
2998 1588 3090 1656 qui
3154 1603 3375 1641 causam
3437 1587 3579 1658 apud

2009 1676 2368 1731 Athanasium
2423 1695 2576 1733 suam
2631 1690 2874 1751 agerent,
2926 1697 2988 1735 ac
3037 1682 3119 1735 sui
3167 1684 3580 1752 Ancyranaaque

1938 1809 1979 1863 Β
2012 1767 2270 1823 Ecclesia:
2326 1772 2550 1825 nomine
2606 1771 2729 1827 fidei
2788 1772 3185 1842 professionem
3239 1774 3576 1835 emitterent,

2010 1862 2291 1933 delegavit.
2328 1864 2575 1935 Cumque
2608 1866 2907 1935 legatorum
2942 1867 3173 1921 formula
3198 1882 3384 1923 sanam
3418 1882 3579 1936 pror-

2011 1972 2106 2011 sus
2136 1964 2190 2011 et
2234 1957 2597 2013 orthodoxam
2630 1959 2791 2015 ﬁdem
2832 1960 3133 2030 praderret,
3176 1962 3303 2015 huic
3340 1961 3581 2014 Athana-

2011 2052 2126 2106 sius
2167 2068 2291 2105 cum
2336 2054 2460 2109 aliis
2507 2055 2599 2125 qui
2648 2055 2874 2109 aderant
2913 2056 3187 2126 episcopis
3229 2055 3577 2125 astipulatus.

2010 2146 2223 2200 litteras
2247 2146 2728 2203 commendatitias
2755 2148 3073 2218 rogantibus
3102 2148 3397 2204 concessit.
3424 2147 3579 2214 Quod

2005 2237 2116 2306 jam
2157 2238 2428 2292 neminem
2467 2236 2681 2291 inficias
2710 2239 2913 2292 iturum
2953 2238 3208 2293 arbitror.

2635 2373 2863 2428 CAPUT
2902 2374 2987 2428 Vl.

2007 2496 2072 2533 DE
2126 2496 2387 2533 IARCELLI
2442 2497 2511 2534 ΕΤ
2562 2496 2835 2535 ECCLESIAE
2893 2498 3177 2535 ANCHtANJZ
3232 2498 3297 2534 AD
3344 2496 3581 2536 ATHANA-

2114 2567 2237 2606 ειυὶι
2280 2567 2608 2616 ιΕϐΑτιοΝΕ,
2642 2568 2784 2615 ουλιι
2834 2568 2968 2606 Μ]Νο
3014 2569 3215 2606 PRIMUM
3258 2568 3472 2607 EDIMUS.

2006 2664 2047 2718 ι.
2084 2664 2259 2733 Hujus
2294 2666 2569 2737 legationis
2611 2667 2881 2735 exemplar
2922 2666 3056 2737 unde
3090 2665 3327 2732 prodeat.
3366 2665 3426 2717 ll.
3463 2666 3582 2732 Qua

2078 2736 2353 2790 occasione
2410 2748 2459 2791 et
2512 2754 2612 2805 quo
2651 2754 2792 2789 anno
2839 2737 2983 2804 facta
3034 2736 3223 2804 legatio
3268 2737 3448 2797 fuerit.
3496 2737 3579 2789 Ill.

2078 2806 2154 2859 De
2182 2806 2306 2875 ﬁdei
2330 2808 2653 2874 professione
2687 2807 2930 2860 Marcelli
2978 2809 3186 2858 nomine
3221 2808 3462 2860 recitata.
3490 2807 3580 2861 IV.

2078 2876 2156 2929 De
2213 2878 2685 2945 subscriptionibus
2728 2876 3100 2945 AE’gyptiorum
3154 2876 3462 2942 prwsulum.
3518 2877 3578 2930 ν.

2080 2947 2184 3011 Qui
2214 2947 2376 3015 fuerit
2406 2947 2600 3016 negotii
2627 2948 2817 2999 exitus.

2192 3059 2229 3107 Ι.
2256 3059 2412 3120 Hujus
2436 3058 2700 3120 legationis
2723 3058 2978 3118 exemplar
3002 3058 3131 3105 unde
3155 3057 3373 3119 prodeat.

2080 3160 2289 3217 Prodiit
2336 3178 2397 3215 ex
2449 3162 2777 3217 bibliotheca
2818 3160 3151 3215 Scorialensi
3194 3160 3391 3230 legatio
3439 3157 3580 3212 Mar-

2013 3255 2136 3309 celli
2184 3262 2237 3309 et
2293 3254 2439 3308 Eccl.
2497 3253 2799 3325 Ancyrana:
2859 3252 2926 3306 ad
2971 3252 3351 3307 Athanasium.
3406 3248 3581 3319 Hujus

2014 3357 2193 3401 autem
2232 3348 2509 3417 exemplar
2534 3346 2822 3401 Mediolani
2852 3347 2908 3402 in
2934 3346 3184 3403 biblioth.
3218 3344 3581 3399 Ambrosiam.

2014 3439 2158 3493 inter
2207 3440 2426 3494 codices
2454 3438 2673 3494 Graecos
2711 3441 2913 3495 recenti
2968 3455 3133 3494 manu
3180 3438 3443 3507 scriptum
3486 3436 3575 3490 de-

2012 3532 2428 3601 prehendimus.
2460 3532 2663 3602 Estque
2708 3548 2933 3587 aureum
2967 3533 3069 3584 hoc
3101 3530 3424 3600 opusculum
3461 3543 3579 3582 om-

2013 3624 2173 3677 nibus
2223 3625 2338 3679 suis
2388 3626 2629 3680 numeris
2667 3634 2722 3681 et
2761 3625 3009 3696 partibus
3052 3624 3357 3677 absolutum
3398 3640 3411 3675 :
3449 3621 3581 3675 sub-

2013 3716 2341 3785 scriptiones
2392 3726 2571 3771 tamen
2606 3717 2983 3788 Aigyptiorum
3038 3716 3331 3786 praesulum
3379 3716 3432 3768 in
3474 3715 3579 3768 line

2014 3806 2292 3871 subnexse,
2342 3818 2631 3872 truncatae,
2695 3817 2753 3863 ut
2793 3810 3060 3879 liquidum
3116 3817 3219 3871 est,
3264 3823 3326 3862 ac
3376 3808 3579 3861 mutilas

2014 3908 2178 3963 sunt;
2232 3900 2306 3952 ita
2351 3910 2408 3953 ut
2452 3900 2626 3970 ipsius
2676 3900 2959 3956 Athanasii
3005 3916 3225 3965 nomen,
3262 3898 3406 3969 quod
3456 3899 3577 3951 aliis

2014 3991 2155 4044 haud
2182 3990 2348 4046 dubie
2378 3994 2721 4061 praemissum
2752 4000 2889 4056 erat,
2930 3992 3217 4047 exciderit.
3260 3990 3386 4045 Haec
3415 4006 3577 4061 porro

2014 4083 2478 4153 subscriptionum
2520 4101 2641 4139 sors
2671 4084 2791 4148 fuit,
2828 4093 2887 4139 ut
2920 4084 3331 4139 amanuensium
3368 4082 3578 4136 incuria

2014 4176 2255 4243 perirent
2303 4195 2316 4229 :
2368 4178 2497 4245 quia
2554 4179 2631 4231 illi
2679 4193 2830 4231 mera
2885 4178 3104 4231 nomina
3165 4177 3230 4231 ad
3284 4193 3397 4231 rem
3443 4176 3578 4231 nihil

2014 4267 2286 4336 pertinere
2334 4268 2745 4322 arbitrabantur
2804 4289 2815 4322 :
2858 4271 2983 4323 inde
3040 4277 3143 4330 est,
3195 4268 3339 4338 quod
3399 4267 3580 4321 Sardi-

2014 4374 2207 4414 censes
2285 4360 2718 4430 subscriptiones
2780 4362 2985 4414 mutila:
3056 4361 3198 4421 sint,
3266 4361 3581 4429 pariterque

2016 4453 2400 4507 Alexandrinae
2431 4455 2557 4506 anni
2590 4453 2715 4505 52f.
2752 4454 2807 4506 ln
2832 4453 3229 4506 contestatione
3264 4460 3445 4506 autem
3482 4468 3580 4522 po-

2019 4544 2129 4613 puli
2173 4544 2527 4599 Alexandrini
2571 4559 2713 4597 anno
2757 4544 2860 4598 356
2902 4544 3065 4608 facta,
3121 4543 3577 4612 subscriptiones,

2011 4651 2131 4703 qua:
2207 4650 2403 4704 magno
2460 4650 2688 4689 numero
2744 4643 2933 4697 erant,
2993 4650 3022 4687 a
3077 4633 3313 4689 librariis
3363 4636 3579 4707 penitus

2011 4726 2225 4780 omissa:
2271 4734 2417 4779 sunt.
2475 4726 2561 4780 Nil
2604 4742 2732 4796 ergo
2773 4726 2969 4780 mirum
3019 4726 3108 4780 hic
3149 4726 3580 4797 subscriptiones

2012 4835 2235 4873 maneas
2258 4829 2309 4873 et
2340 4821 2561 4885 mutilas
2594 4820 2799 4874 haberi.

2126 4934 2179 4982 ll.
2211 4935 2311 4992 Qua
2335 4935 2587 4981 occasione
2610 4940 2777 4994 etquo
2799 4946 2925 4980 anno
2946 4926 3069 4980 facta
3094 4931 3277 4995 legatio
3301 4932 3464 4979 fuerit.

2083 5040 2214 5105 Qua:
2260 5054 2447 5101 causa,
2494 5054 2680 5107 qurere
2712 5040 2931 5093 occasio
2967 5038 3135 5107 hujus
3187 5037 3468 5091 mittenda
3503 5038 3575 5091 le-

2012 5133 2250 5204 gationis
2297 5130 2552 5184 Marcello
2604 5130 2787 5189 fuerit,
2839 5128 2983 5183 haud
3023 5128 3237 5183 difﬁcile
3284 5137 3368 5183 est
3407 5146 3578 5199 augu-

2014 5227 2143 5281 rari.
2192 5225 2327 5279 Cum
2379 5224 2521 5277 enim
2570 5239 2710 5276 anno
2764 5223 2983 5276 circiter
3011 5222 3105 5274 '57!
3141 5220 3376 5275 Basilius
3402 5231 3455 5275 ct
3489 5222 3579 5273 alii

2013 5316 2253 5386 episcopi
2314 5314 2455 5383 apud
2497 5314 2852 5366 Athanasium
2887 5313 2937 5365 id
2976 5313 3318 5376 molirentur,
3349 5320 3408 5365 ut
3440 5312 3571 5366 Mar-

2014 5410 2209 5463 cellum
2231 5416 2489 5475 tanquam
2517 5420 2667 5459 nova?
2689 5405 2959 5459 hmreseos
2978 5403 3195 5456 Arianis
3222 5419 3285 5457 ex
3313 5403 3581 5456 diametro

2014 5500 2275 5570 oppositae
2344 5506 2658 5557 auctorem,
2730 5496 2797 5549 ab
2864 5496 3124 5550 Ecclesia:
3194 5496 3581 5551 communione

2015 5594 2399 5647 submoverent
2459 5608 2469 5641 :
2513 5606 2617 5642 non
2663 5590 2885 5642 nescius
2945 5588 3231 5641 Marcellus
3272 5587 3324 5639 id
3373 5604 3467 5642 eos
3524 5588 3579 5640 in

2017 5683 2312 5753 perniciem
2358 5697 2513 5735 suam
2582 5681 2913 5741 machinari,
2959 5688 3016 5732 ut
3063 5681 3370 5749 proximum
3440 5682 3581 5749 peri-

2016 5790 2198 5830 cuum
2252 5775 2588 5839 declinaret,
2662 5773 3147 5828 commendatitias
3200 5774 3581 5842 episcoporum
