4116 6332
670 300 693 353 1
704 298 810 356 295

1894 292 1982 346 DE
2022 293 2181 348 VITA
2215 291 2298 345 ET
2340 290 2645 348 SCRIPTlS

3690 296 3794 353 ηεαδ

670 415 889 469 Achaia:
948 419 1001 467 et
1054 409 1381 467 Macedoniae
1457 409 1524 463 ad
1593 408 1955 483 Athanasium
2022 411 2232 465 litteras
2260 407 2400 473 Aiis
2440 409 2850 464 communionis
2911 407 3170 478 expetiit,
3222 415 3274 462 et
3321 406 3625 478 impetravit,
3677 415 3795 483 queis

670 502 983 574 efllagitavit
1024 518 1039 555 :
1071 516 1196 555 nam
1233 517 1356 555 cum
1386 500 1473 556 his
1525 500 1760 556 maxime
1790 501 2090 557 Athanasio
2132 500 2235 555 do-

612 612 618 620 '
673 598 865 651 ctrinae
894 594 1233 649 consortium
1259 603 1314 648 et
1342 594 1652 663 epistolaris
1700 592 2044 648 familiaritas
2067 595 2235 648 inter-

628 688 894 742 ‘cedebat
933 705 948 742 :
984 685 1092 740 Kal.
1118 683 1306 738 τούτου
1366 685 1461 738 τοῦ
1518 685 1803 755 δόγματος,
1860 685 2034 755 inquit
2089 685 2236 740 Basi-

612 781 616 784 ⁴
670 781 779 836 lius
933 780 1000 834 de
1042 765 1359 842 Athanasio,
1392 778 1680 841 κοινωνούς
1712 795 1802 849 μοι
1836 779 2231 850 παρεχομένου,

611 934 618 941 ξ
668 871 794 935 τούς
821 888 877 924 τε
901 871 999 941 τῆς
1021 868 1380 934 Μακεδονίας,
1406 870 1500 922 καὶ
1530 869 1629 939 τῆς
1664 868 1881 939 Ἀχαΐας
1905 869 2233 931 ἐπισκόπους

612 962 616 966 ’
671 964 938 1029 ἅπαντας.
1003 963 1099 1021 llis
1156 963 1463 1034 impetratis
1512 963 1707 1017 litteris
1764 961 2056 1042 Marcellus
2115 970 2232 1016 tum

570 1078 573 1083 ι
669 1073 793 1121 suo,
838 1066 951 1111 tum
1000 1057 1170 1113 totius
1217 1056 1493 1127 Ancyrani
1533 1055 1667 1110 cleri
1714 1056 1955 1119 nomine,
1984 1062 2232 1109 oratores

652 1139 854 1204 'Inittit‘
881 1150 947 1204 ad
997 1148 1351 1203 Athanasium
1385 1165 1399 1215 ;
1455 1148 1759 1218 Eugenium
1794 1148 2004 1205 scilicet
2044 1147 2233 1201 diaco-

670 1255 823 1305 num,
853 1241 1117 1311 aliosque,
1146 1241 1239 1310 qui
1266 1240 1447 1295 oblata
1486 1240 1589 1295 sibi
1617 1240 1846 1294 crimina
1878 1239 2228 1311 depellerent,

668 1340 725 1387 et
779 1332 917 1388 ﬁdei'
959 1333 1353 1404 professionem
1404 1348 1588 1388 coram
1626 1332 1927 1387 Athanasio
1967 1330 2021 1387 et
2064 1330 2231 1403 Egy-

653 1424 799 1495 ptiis
837 1425 1159 1494 praesulibus
1223 1427 1533 1480 recitarent.
1576 1424 1699 1480 Haec
1724 1440 1889 1496 porro
1932 1425 2129 1496 legatio
2173 1412 2237 1478 in

670 1530 872 1584 annum
921 1516 1025 1575 572
1079 1518 1361 1572 commode
1426 1516 1716 1581 referatur,
1767 1516 1927 1587 cujus
1985 1516 2227 1586 computi

669 1609 807 1664 ratio
848 1610 951 1665 hoc
1001 1611 1161 1665 modo
1211 1595 1492 1665 statuitur.
1552 1609 1787 1665 Basilius
1828 1624 1974 1663 anno
2015 1609 2120 1663 370
2168 1608 2226 1663 in

639 1695 1061 1757 Caesariensem
1112 1703 1432 1774 episcopum
1485 1710 1772 1772 cooptatus
1810 1708 1895 1757 est
1938 1720 1950 1754 :
1988 1700 2079 1756 cui
2117 1700 2225 1754 fre-

666 1810 840 1865 quens
870 1811 993 1850 cum
1019 1797 1315 1852 Athanasio
1345 1797 1700 1872 epistolarum
1725 1810 1859 1851 usus
1891 1793 2015 1860 fuit,
2054 1792 2109 1848 in
2134 1808 2228 1848 ea-

664 1901 945 1958 rum'quae
984 1896 1278 1957 supersunt
1314 1897 1588 1970 postrema
1622 1887 1690 1949 de
1729 1877 2039 1942 damnando
2082 1884 2240 1965 Μαι-ο.

653 1980 806 2034 ὀειιο
834 1981 1033 2051 agitur,
1080 1996 1308 2050 eamque
1334 1995 1435 2035 nos
1462 1980 1522 2035 in
1562 1993 1763 2035 annum
1801 1977 1901 2033 571
1937 1975 2227 2033 conferen-

665 2070 788 2125 dam
812 2079 1089 2141 putamus.
1133 2071 1307 2143 Hujus
1348 2080 1531 2128 autem
1576 2071 1868 2127 occasione
1911 2075 2225 2140 susceptam

665 2163 987 2234 legationem
1022 2173 1075 2220 et
1116 2165 1405 2221 adventum
1454 2164 1680 2235 Eugenii
1722 2161 2111 2220 Alexandriam
2169 2160 2225 2214 in

665 2268 980 2328 sequentem
1045 2274 1249 2313 annum
1282 2258 1658 2328 .conjicimus,
1711 2240 1867 2329 quia.
1901 2264 1982 2311 tot
2034 2253 2225 2311 missis

665 2350 809 2402 ultro
862 2348 1114 2419 citroque
1152 2348 1339 2403 Basilii
1395 2348 1464 2401 ad
1506 2349 1887 2413 Athanasium,
1938 2344 2223 2400 Athanasii

664 2439 734 2493 ad
772 2438 1031 2496 Basilium
1081 2441 1301 2506 litteris,
1343 2440 1473 2494 anni
1512 2440 1615 2498 370
1650 2439 1832 2505 ﬁnem,
1863 2446 1918 2494 et
1938 2437 2222 2508 sequentis

666 2530 957 2585 maximam
1006 2541 1214 2601 partem
1243 2532 1482 2601 elapsam
1524 2518 1799 2602 putamus.
1844 2530 1904 2586 ld
1938 2539 2119 2586 autem
2153 2538 2221 2585 ex

664 2623 977 2693 conjectura
1013 2633 1221 2679 tantum
1246 2624 1662 2695 dicimus,_quia
1690 2611 2028 2700 exploratum
2069 2622 2219 2678 vide-

664 2722 755 2767 tur
801 2713 854 2769 id
896 2716 1157 2771 extremis
1194 2716 1479 2772 Athanasii
1507 2711 1645 2770 vitae
1678 2716 1859 2780 annis,
1900 2726 1954 2770 et
1988 2714 2221 2771 fortasse

665 2805 941 2861 mensibus
977 2814 1158 2861 actum
1188 2802 1331 2864 esse?
1360 2808 1610 2865 Attamen
1630 2811 1850 2873 nonnisi
1875 2809 2216 2880 augurando,

665 2895 968 2951 litterarum
1012 2899 1155 2954 ultro
1203 2901 1449 2972 citroque
1486 2902 1776 2957 missarum
1835 2903 2007 2973 spatia
2062 2901 2221 2956 meti-

662 3002 805 3041 mur.
831 2986 1052 3060 Certum
1095 2990 1455 3047 nihilominus
1494 2991 1708 3047 videtur
1735 2992 1804 3046 ab
1835 3007 1978 3046 anno
2010 2991 2108 3045 571
2150 2990 2215 3045 ad

2257 1758 2303 1818 Β

2340 499 2582 553 munitos
2636 499 2842 570 legatos
2913 512 3043 554 suos
3098 496 3166 550 ad
3205 496 3537 551 Athanasium
3574 499 3713 556 misit.
3751 502 3795 557 lu

2334 588 2438 644 hac
2485 597 2666 645 autem
2722 589 2988 662 legatione
3032 588 3215 644 omnia
3265 586 3475 643 miriﬁce
3521 590 3744 658 quadrant
3783 615 3793 649 :

2340 694 2465 733 nam
2518 687 2715 749 praeter
2748 680 2870 735 illas
2908 693 2939 732 a
2974 676 3298 733 Macedonia:
3327 684 3377 731 et
3411 678 3608 733 Achaia:
3637 681 3797 750 episco-

2332 771 2438 841 pis,
2492 786 2599 841 quo
2650 779 2895 842 tempore
2938 771 3016 824 illi
3082 785 3205 824 cum
3264 769 3538 824 Athanasio
3579 769 3636 824 de
3674 772 3796 827 rebus

2335 857 2460 912 fidei
2507 846 2829 928 conjunctis
2864 859 3065 914 animis
3124 858 3442 920 tractabant,
3482 861 3709 929 expetitas
3733 862 3797 915 lit~

2333 957 2527 1016 teras;
2577 950 2631 1003 in
2691 949 2815 1004 ﬁdei
2866 950 3208 1020 professione
3272 950 3511 1020 legationi
3548 953 3796 1022 subjuncta,

2330 1044 2529 1090 contra
2573 1019 2878 1093 Anommos
2917 1039 3174 1101 maxime,
3206 1019 3359 1107 quasi
3392 1048 3511 1094 tunc
3536 1019 3799 1096 tumultuen-

2328 1134 2419 1182 tes
2464 1130 2676 1199 agitur,
2728 1130 2874 1199 quod
2914 1130 3159 1200 apprime
3203 1130 3376 1186 eidem
3420 1136 3626 1204 tempori
3649 1151 3797 1193 conve~

2330 1217 2485 1285 uiat;
2539 1226 2595 1273 et
2648 1232 2775 1289 post
2830 1219 2954 1276 ﬁdei
3035 1219 3325 1276 formulam
3375 1240 3403 1277 a
3449 1225 3617 1295 legatis
3660 1242 3799 1283 coram

2328 1307 2629 1363 Athana-sio
2701 1313 3023 1378 recitatam,
3103 1314 3559 1371 commendatitias
3619 1316 3703 1387 ipsi
3753 1320 3801 1371 ab

2326 1398 2630 1455 Athanasio
2664 1400 2876 1457 litteras
2914 1403 3214 1472 postulant,
3257 1419 3390 1475 quas
3427 1405 3717 1475 impetratas,
3740 1424 3804 1479 sy-

2328 1490 2472 1545 nodo
2509 1490 2927 1549 Diocaasariensi
2966 1495 3334 1564 protulerunt,
3362 1506 3417 1549 ut
3445 1496 3571 1549 infra
3603 1497 3801 1552 dicimus.

2432 1602 2520 1653 IlI.
2542 1604 2619 1655 De
2641 1604 2756 1654 ﬁdei
2775 1605 3079 1667 professione
3104 1606 3323 1657 Marcelli
3341 1608 3521 1657 nomine
3537 1611 3718 1659 recitata.

2398 1709 2751 1776 Athanasius,
2790 1717 2849 1766 ut
2873 1711 2965 1782 qui
3007 1712 3304 1767 multorum
3345 1720 3397 1767 et
3432 1711 3598 1767 Basilii
3626 1712 3804 1766 maxime

2330 1808 2555 1855 narratu
2591 1803 2883 1868 abductus,
2918 1813 3232 1874 suspectam
3258 1803 3486 1859 Marcelli
3518 1804 3651 1859 fidem
3677 1803 3801 1858 habe-

2329 1897 2444 1957 ret,
2504 1901 2751 1949 oratores
2794 1892 2862 1949 de
2903 1876 3155 1949 doctrina
3203 1902 3557 1965 percontatur.
3605 1892 3672 1946 llli
3715 1891 3800 1945 ﬁdei

2328 1979 2619 2037 formulam
2686 1984 2893 2051 edunt,
2968 1985 3258 2056 primoque
3327 1984 3544 2040 haeresin
3605 1985 3801 2039 Arianam

2326 2072 2588 2152 damnant
2622 2076 2967 2131 anathemate
2987 2116 3001 2139 ,
3035 2091 3099 2130 ac
3131 2076 3193 2129 τὸ
3230 2076 3500 2148 ὀμοούσιον
3532 2075 3800 2146 profitentur.

2324 2162 2465 2220 Hinc
2518 2165 2625 2221 sibi
2666 2168 2962 2237 ascriptam
2998 2166 3122 2222 Filii
3168 2179 3220 2223 et
3266 2168 3425 2225 Verbi
3475 2168 3802 2223 distinctionem

2323 2257 2645 2328 repudiant,
2697 2257 3081 2329 afﬁrmantque
3122 2260 3482 2331 sycophantas
3518 2275 3639 2323 esse,
3667 2258 3804 2328 quise

2322 2363 2387 2403 ea
2412 2348 2479 2403 de
2509 2365 2566 2404 re
2599 2350 2655 2404 in
2694 2351 2902 2413 crimen
2944 2358 3211 2406 vocarent
3252 2371 3264 2406 :
3310 2351 3583 2407 Sabellium
3624 2348 3802 2420 proscri-

2293 2435 2296 2438 ’
2323 2441 2480 2504 bunt,
2514 2451 2740 2513 tresque
2766 2443 2819 2498 in
2857 2443 3124 2501 Trinitate
3147 2445 3503 2502 subsistentes
3530 2442 3799 2498 conﬁtentur.

2323 2532 2396 2584 υῦ
2420 2529 2547 2602 γὰρ,
2579 2531 2854 2602 inquiunt,
2886 2532 3257 2587 ἀνυπόστατον
3283 2534 3379 2606 τὴν
3399 2532 3585 2605 Τριάδα
3602 2530 3801 2599 λέγομεν·

2320 2621 2432 2675 ἀλλ’
2464 2624 2520 2676 ἐν
2559 2624 2849 2678 ὑποστάσει
2893 2624 3061 2696 αὐτὴν
3117 2626 3484 2698 γινώσκομεν·
3530 2625 3578 2679 id
3599 2633 3681 2684 est.
3714 2620 3803 2674 Non

2319 2714 2458 2766 enim
2485 2701 2800 2768 Trinitatem
2830 2716 2944 2771 sine
2977 2714 3281 2770 substantia
3317 2716 3421 2771 sive
3459 2712 3688 2787 hypostasi
3708 2710 3805 2763 dici-
3862 2725 3868 2733 '

2320 2824 2434 2861 mus
2475 2825 2587 2863 esse
2612 2853 2626 2876 ,
2663 2825 2838 2863 verum
2878 2810 2933 2864 in
2978 2809 3254 2880 Iiypostasi
3296 2811 3460 2879 ipsam
3500 2806 3802 2879 cognoscimus.

2320 2898 2423 2955 Ubi
2448 2900 2888 2957 animadvertere
2916 2909 3000 2957 est
3036 2901 3354 2958 Marcellum
3398 2917 3492 2973 pro
3531 2905 3703 2955 assueto
3724 2892 3803 2949 sibi

2318 3009 2472 3050 more
2492 3009 2658 3049 unam
2688 3001 2901 3050 tantum
2936 2995 3268 3066 hypostasin
3308 2996 3362 3051 in
3404 2994 3636 3049 Trinitate
3657 2987 3803 3043 admit-

661 3079 767 3136 373
802 3097 911 3151 quo
957 3083 1289 3140 Athanasius
1328 3101 1359 3139 e
1390 3085 1529 3141 vivis
1578 3086 1836 3150 excessit,
1892 3085 2216 3156 legationem
2244 3100 2287 3158 ο
2321 3091 2457 3149 tere,
2516 3084 2646 3155 quia
2699 3084 2995 3138 ὑπόστασιν
3045 3101 3144 3155 pro
3199 3085 3506 3144 substantia
3558 3077 3803 3151 accipiebat.

660 3189 785 3230 esse
818 3174 1034 3231 factam.
1477 3225 1481 3228 .

624 3314 630 3322 .
732 3264 821 3319 Ut'
859 3274 1039 3321 autem
1100 3282 1222 3322 cum
1286 3267 1486 3338 negotii
1526 3268 1718 3336 series,
1762 3277 1875 3322 tum
1904 3257 2217 3337 ‘legationis

588 3393 591 3396 μ
659 3358 949 3430 γνησιότης
982 3362 1222 3429 apertior
1257 3360 1473 3424 evadat,
1506 3361 1769 3414 nonnulla
1804 3359 1893 3414 hic
1925 3360 2219 3417 observare

660 3464 843 3519 opera:
912 3451 1149 3520 pretium
1218 3451 1400 3513 fuerit,
1474 3448 1743 3508 Nimirum
1809 3468 1918 3522 quo
1975 3448 2239 3523 tempore

660 3542 997 3601 Athanasius
1048 3548 1102 3601 et
1131 3540 1388 3613 Basilius,
1424 3547 1608 3603 missis
1650 3546 1907 3617 utrinque
1948 3546 2216 3617 epistolis,

661 3635 731 3689 de
767 3635 930 3691 rebus
974 3637 1365 3693 ecclesiasticis
1394 3639 1672 3708 agebant,
1720 3637 1933 3693 scilicet
1966 3639 2034 3692 ab
2077 3652 2220 3692 anno

662 3723 767 3776 570
806 3723 873 3777 ad
907 3725 1012 3781 373
1059 3737 1303 3781 mutuam
1356 3726 1483 3782 item
1536 3729 1837 3785 Athanasio
1877 3728 2047 3784 fuisse
2096 3743 2220 3783 cum

664 3806 908 3879 Epicteto
958 3811 1206 3868 Corinthi
1252 3824 1306 3870 et
1362 3816 1484 3872 aliis
1530 3817 1748 3872 Achaite‘
1787 3826 1840 3873 et
1892 3817 2223 3873 Macedoniae

658 3901 931 3973 episcopis
969 3904 1270 3960 litterarum
1321 3905 1399 3963 de.
1434 3907 1612 3963 rebus
1638 3908 1796 3964 ﬁdem
1852 3911 2222 3979 spectantibus

663 3993 1132 4058 consuetudinem,
1180 4004 1241 4049 ut
1282 3986 1351 4050 iu.
1379 3997 1608 4067 epistola
1650 3999 1935 4056 Athanasii
1983 4002 2050 4057 ad
2096 4002 2222 4072 Epi-

663 4091 866 4140 ctetum
895 4084 1144 4140 Corinthi
1179 4102 1322 4143 anno
1357 4089 1456 4142 571
1507 4090 1675 4145 missa
1715 4091 2031 4157 videre'est,
2066 4092 2215 4148 item-

662 4192 769 4246 que
804 4192 869 4231 ex
894 4178 1058 4233 allato
1085 4194 1249 4249 supra
1286 4178 1474 4234 Basilii
1501 4182 1622 4243 loco
1649 4184 2055 4252 comprobatur.
2085 4185 2219 4240 Cum

664 4284 794 4339 ergo
823 4270 946 4324 novi
991 4269 1270 4340 quidpiam
1314 4271 1383 4326 de
1432 4272 1703 4329 catholica
1737 4274 1839 4331 ﬁde
1874 4275 1928 4329 in
1964 4276 2224 4333 Ecclesiis

660 4360 881 4417 Achaiae
930 4372 985 4417 ct
1030 4361 1359 4419 Macedonia:
1405 4366 1725 4436 agitaretur,
1784 4382 1872 4422 res
1931 4370 2112 4423 statim
2157 4371 2252 4425 ad

661 4454 1022 4510 Athanasium
1046 4455 1411 4523 deferebatur,
1443 4467 1502 4513 ut
1534 4460 1672 4513 tanti
1714 4460 1954 4517 doctoris
1980 4464 2225 4518 auctori-

664 4554 794 4610 tate,
817 4547 862 4602 si
890 4547 1021 4617 quid
1053 4550 1179 4605 novi
1210 4564 1241 4603 a
1264 4552 1574 4607 temerariis
1604 4552 1931 4619 hominibus,
1963 4554 2056 4625 qui
2087 4555 2225 4611 bene

663 4639 823 4693 multi
860 4640 952 4693 illa
1001 4651 1321 4712 tempestate
1355 4652 1533 4709 erant,
1578 4645 1966 4703 circaChristi
2018 4648 2226 4703 doctri-

663 4743 790 4783 nam
828 4729 1165 4801 proferretur
1202 4732 1259 4787 in
1295 4733 1533 4789 medium
1566 4752 1582 4803 ;
1635 4736 1821 4792 statim
1856 4737 1938 4792 vel
1984 4740 2223 4809 compri-

664 4829 927 4884 meretur,
982 4822 1062 4876 vel
1111 4822 1509 4889 confutaretur,
1561 4842 1631 4882 ne
1683 4814 1962 4899 vulgatum
2020 4831 2223 4883 malum

665 4909 830 4966 latius
863 4920 1125 4982 serperet.
1156 4912 1234 4971 Ne
1275 4916 1465 4982 multa,
1505 4918 1647 4972 inter
1693 4920 1977 4991 episcopos
2005 4922 2225 4977 Achaiae

661 5009 716 5056 et
756 5002 1115 5060 Athanasium
1163 5007 1301 5061 mira
1351 5016 1471 5064 erat
1529 5009 1793 5065 doctrinae
1842 5021 1895 5067 et
1943 5013 2223 5084 religionis

663 5096 1042 5151 consonantia.
1067 5096 1203 5152 Cum
1231 5112 1361 5170 ergo
1388 5100 1676 5157 Marcellus
1715 5118 1773 5158 se
1806 5119 1835 5158 a
1872 5103 2096 5171 Basilio,
2128 5108 2221 5176 qui

662 5185 792 5241 item
848 5205 1042 5261 magna
1095 5199 1215 5245 erat
1260 5192 1405 5262 apud
1461 5193 1820 5250 Athanasium
1873 5200 2218 5261 auctoritate,

661 5279 859 5336 acriter
909 5282 1213 5353 impetitum
1248 5293 1523 5350 cerneret,
1570 5301 1634 5342 ac
1682 5286 1980 5358 instigante
2016 5288 2219 5346 Basilio

663 5386 721 5425 se
754 5372 823 5426 ab
860 5372 1159 5432 Athanasio
1189 5378 1558 5434 damnandum
1592 5379 1708 5435 fore
1745 5382 2124 5451 prospiceret;
2164 5391 2222 5438 ut

664 5461 800 5514 tanti
849 5465 1076 5533 periculi
1119 5467 1339 5533 molem,
1372 5468 1753 5539 episcoporum
1779 5471 1998 5526 Achaiae
2026 5479 2081 5527 et
2113 5472 2225 5526 Ma-

665 5552 904 5607 cedonia:
957 5556 1451 5623 commendatione,
1507 5558 1836 5626 declinaret,
1885 5561 2099 5616 litteras
2157 5561 2225 5615 ab

2321 3173 2439 3241 Qua
2466 3174 2534 3230 de
2566 3188 2627 3228 re
2664 3180 2844 3228 actum
2880 3181 2964 3229 est
2998 3175 3053 3228 in
3099 3175 3317 3245 synodo
3343 3171 3668 3231 Alexandrina
3698 3179 3806 3219 anno

2321 3265 2446 3331 562,
2480 3265 2571 3319 ubi
2596 3264 2781 3319 allatis
2815 3264 2961 3319 ultro
3004 3264 3265 3335 citroque
3301 3264 3601 3329 rationibus,
3640 3269 3725 3313 tam
3757 3253 3807 3307 iis

2320 3358 2413 3426 qui
2450 3372 2615 3411 unam
2651 3364 2883 3424 tantum,
2923 3374 2953 3413 e
2982 3373 3219 3429 quorum
3261 3374 3480 3414 numero
3510 3346 3805 3410 Marcelliani;

2320 3465 2483 3520 quam
2515 3450 2581 3506 iis
2610 3450 2701 3520 qui
2732 3459 2844 3507 tres
2865 3452 3188 3522 hypostases
3226 3451 3614 3523 proﬁtebantur,
3639 3448 3688 3498 ut
3711 3452 3806 3495 suas

2322 3541 2425 3595 sibi
2457 3540 2721 3596 formulas
2750 3543 3051 3599 retinerent
3083 3559 3414 3601 concessum
3443 3550 3550 3606 est;
3575 3539 3679 3593 dum
3697 3534 3725 3588 ii
3739 3530 3806 3601 qui

2323 3648 2511 3707 unam,
2544 3635 2709 3689 trium
2761 3634 3215 3703 distinctionem;
3261 3638 3299 3692 ii
3330 3652 3455 3693 vero
3500 3632 3581 3705 qui
3623 3638 3713 3683 tres
3738 3623 3801 3694 hi‘

2322 3731 2567 3791 postases
2633 3723 2913 3786 dicebant,
2976 3724 3244 3779 unitatem
3294 3721 3588 3781 substantiae
3645 3712 3807 3786 proli"?

2322 3824 2532 3870 rentur.
2571 3814 2684 3871 Sub
2730 3816 2844 3871 haec
2891 3825 3069 3873 autem
3113 3825 3312 3874 contra
3352 3819 3622 3871 Anommos
3659 3804 3808 3877 agili",

2322 3900 2417 3979 qui
2455 3907 2650 3962 Filium
2685 3909 2833 3962 Patri
2881 3908 3225 3973 dissimilem,
3277 3904 3535 3979 Spiritum
3587 3916 3696 3957 vero
3717 3910 3808 3952 san-

2324 4006 2473 4053 ctum
2501 4005 2807 4053 creaturam
2835 4014 2956 4054 esse
2984 3999 3261 4054 dicebant.
3304 3999 3443 4054 Hinc
3476 3991 3740 4068 proceditur
3760 3982 3809 4036 ad

2323 4102 2518 4144 eorum
2562 4088 2954 4159 repudiandam
3000 4092 3350 4156 sententiam,
3391 4089 3481 4159 qui
3518 4084 3721 4139 dicerent
3742 4072 3810 4129 Fi-

2327 4180 2458 4233 lium
2509 4177 2605 4236 Dci
2651 4179 2707 4234 in
2753 4188 2999 4235 sanctum
3044 4181 3321 4236 hominem
3374 4196 3439 4235 ex
3488 4174 3636 4231 Maria
3673 4175 3811 4223 natum

2332 4268 2560 4338 perinde
2597 4277 2760 4339 atque
2792 4270 2843 4324 in
2875 4269 3109 4340 aliquem
3148 4286 3213 4326 ex
3250 4270 3523 4342 prophetis
3549 4259 3811 4320 advenisse:

2328 4375 2489 4431 quam
2519 4359 2750 4415 haeresin
2782 4376 2811 4414 a
2848 4360 3019 4416 Paulo
3064 4359 3445 4426 Samosateno,
3485 4366 3541 4414 ut
3567 4353 3813 4427 putabatur-

2256 4439 2298 4494 D
2328 4462 2535 4520 ortam,
2578 4466 2768 4525 postea
2809 4455 3198 4526 redintegravit
3243 4455 3541 4515 Nestorius,
3571 4464 3663 4521 qua
3696 4444 3749 4498 de
3775 4453 3815 4492 rt

2331 4544 2516 4616 gravia
2546 4531 2614 4599 'in
2656 4543 2877 4600 Oriente
2915 4545 3142 4600 dissidia
3180 4547 3417 4600 excitata
3457 4549 3615 4599 sunt:
3649 4537 3815 4592 demum

2330 4636 2585 4691 damnata
2642 4635 2793 4689 Pauli
2841 4633 3179 4691 Samosateni
3225 4643 3281 4692 et
3332 4635 3541 4690 Photini
3579 4626 3815 4698 impietate.

2329 4727 2603 4783 clauditur
2638 4727 2762 4782 ﬁdei
2797 4726 3048 4792 formula,
3077 4744 3184 4798 qua
3221 4729 3424 4783 nullam
3464 4731 3641 4797 quarto
3665 4713 3816 4774 saeculo

2331 4816 2742 4872 luculentiorem
2767 4857 2781 4882 ,
2817 4817 3049 4888 ﬁdeique
3085 4817 3382 4875 Catholica:
3409 4808 3816 4888 congruentiam”

2328 4924 2591 4964 reperias.

2427 4924 2591 4964 erras.

2390 4924 2426 4979 Ρ
2465 5000 2540 5049 ιν.
2566 5001 2640 5051 De
2662 5000 3097 5064 subscriptionibus
3119 5001 3453 5066 .‘Egyptiorum
3468 4996 3723 5064 pruulum.

2398 5102 2512 5158 Hac
2551 5103 2695 5159 edita
2729 5103 3107 5167 confessione.
3137 5113 3383 5160 oratores
3418 5088 3814 5158 commendatitias

2329 5195 2538 5249 litteras
2569 5195 2637 5250 ab
2665 5193 2965 5252 Athanasio
2989 5197 3265 5267 postulant
3291 5199 3682 5267 impetrantque.
3712 5183 3813 5238 Tum

2328 5287 2658 5357 Athanasius
2699 5290 3011 5358 caeterique,
3039 5290 3132 5359 qui
3172 5287 3456 5344 conventui
3496 5278 3833 5339 interfuerant:

2330 5378 2453 5435 ﬁdei
2498 5379 2895 5450 professionem
2945 5378 3218 5452 suffragiis
3248 5389 3301 5435 et
3339 5372 3708 5445 subscriptione
3742 5376 3812 5419 sit?

2331 5471 2602 5525 muniunt.
2641 5468 2734 5525 liae
2759 5485 2924 5541 porro
2967 5471 3391 5543 subscriptiones
3435 5465 3625 5522 mutilae
3654 5457 3709 5513 ad
3738 5463 3811 5506 ηοξ

2334 5562 2700 5629 devenerunt;
2742 5564 2817 5618 ita
2857 5571 2917 5619 ut
2945 5564 3227 5621 Athanasii
3260 5576 3477 5629 nomen,
3504 5554 3634 5630 quod
3657 5544 3809 5607 suffra-

720 5706 798 5776 (2)
829 5706 999 5777 Epist.
1037 5713 1122 5768 75.
1165 5706 1297 5768 Vide
1334 5714 1460 5767 item
1483 5714 1644 5783 epist.
1680 5715 1959 5770 Athanasii
1995 5715 2060 5770 ad
2093 5716 2396 5783 Epictetum
2428 5718 2695 5774 Corinthi.
