4116 6332
413 230 435 285 1
450 230 545 289 297

408 349 512 418 giis
549 347 691 405 haud
716 353 878 411 dubie
898 363 1236 429 prmmissum
1274 369 1468 441 fuerat,
1493 394 1601 433 non
1637 396 1755 436 com

409 449 750 516 quatuorque
801 457 1007 507 tantum
1052 461 1345 526 praesulum
1404 470 1626 525 nomina
1666 479 1963 545 supersint.

407 530 622 590 Primus
669 546 753 594 est
794 539 1109 603 Thvodulus
1159 551 1476 625 Oxyrinchi,
1514 564 1673 632 cujus
1715 570 1966 639 uuspiam

410 630 673 684 memoria
735 638 994 692 occurrit.
1057 643 1206 699 Alter
1250 656 1364 715 est,
1424 630 1616 713 Plcneﬁs
1676 662 1967 732 episcopus

407 716 722 788 Hermothi,
768 725 881 806 sive
917 730 1215 804 Hcrmethi,
1258 741 1306 796 is
1343 743 1478 813 ipse,
1519 755 1576 802 ut
1611 716 1843 818 videtur,
1867 716 1966 826 rqui

406 812 477 866 ab
518 812 827 875 Alexandro
871 825 1177 892 ordinatus,
1216 834 1284 888 ab
1312 812 1529 894 Arianis
1563 842 1618 896 in
1650 812 1967 902 Ammonia-

404 920 524 958 cam
572 908 845 981 relegatus
898 915 1071 973 fuerat
1129 938 1273 979 anno
1314 928 1437 994 556,
1484 934 1685 1005 quique
1734 939 1847 1009 jam
1911 943 1964 996 in

404 996 723 1068 episcopatu
790 1020 1174 1070 consenuerat.
1244 1017 1459 1076 Tertius
1533 1035 1619 1081 est
1686 1028 1966 1102 lschyrion

403 1088 692 1158 episc0pus
726 1091 954 1163 Leonto,
990 1102 1104 1158 sive
1127 1103 1476 1181 Leontopolis
1511 1135 1522 1169 :
1564 1117 1702 1173 idem
1734 1121 1966 1180 fortasse

403 1178 497 1246 qui
538 1180 592 1232 in
625 1185 835 1252 synodo
868 1188 1030 1260 Tyria
1078 1209 1299 1254 causam
1339 1202 1624 1262 Athanasii
1671 1226 1794 1265 cum
1843 1215 1965 1271 aliis

406 1269 674 1342 [Egyptiis
711 1281 1034 1345 praesulibus
1064 1295 1284 1346 strenue
1313 1297 1499 1363 gessit.
1532 1298 1849 1360 Postremus
1882 1317 1964 1363 est

403 1359 554 1416 Isaac
596 1364 907 1439 episcopus.
948 1372 1118 1438 Cujus
1157 1383 1396 1439 nominis
1435 1389 1654 1456 quidam
1696 1397 1965 1465 reperitur

402 1453 545 1506 inter
570 1453 850 1527 [Egyptios
888 1469 1175 1537 episcopos
1221 1471 1276 1527 in
1315 1453 1811 1550 subscriptionibus
1836 1484 1965 1541 Sar-

401 1540 739 1601 dicensibus.
768 1550 873 1604 Alii
899 1552 1317 1617 interciderunt.

790 1704 865 1753 ην.
893 1706 983 1765 Qui
1005 1708 1148 1763 fuerit
1170 1720 1356 1780 negotii
1380 1723 1558 1777 exitus.

468 1838 584 1894 Jam
616 1859 744 1899 vero
777 1857 964 1916 restat,
999 1863 1056 1908 ut
1091 1859 1182 1928 qui
1216 1864 1350 1917 tanti
1394 1872 1597 1938 negotii
1636 1876 1814 1935 exitus
1842 1880 1958 1939 fue-

400 1934 464 1985 rit
502 1936 829 2003 aperiamus.
864 1945 1197 2007 Athanasius
1218 1969 1362 2012 anno
1393 1959 1497 2016 575
1517 1963 1806 2027 defunctus
1838 1986 1953 2030 est:

398 2023 687 2093 Marcellus
738 2048 866 2087 vero
916 2043 1160 2107 sequenti
1192 2044 1296 2099 574
1338 2056 1395 2102 ut
1427 2052 1629 2109 dictum
1681 2070 1784 2115 est.
1830 2062 1958 2119 Post

396 2112 516 2180 ejus
546 2115 775 2185 obitum,
826 2125 991 2191 paulo
1038 2137 1327 2203 antequam
1357 2136 1424 2193 de
1466 2112 1949 2208 Marcello‘scribe-

396 2214 476 2256 ret
508 2203 860 2277 Epiphanius,
900 2232 1023 2273 nam
1068 2236 1181 2277 rem
1246 2226 1335 2281 ille
1364 2231 1653 2289 admodum
1691 2256 1955 2310 nuperam

395 2313 517 2353 esse
566 2303 908 2373 testiﬁcatur,
938 2313 1158 2381 quidam
1189 2316 1463 2391 Ancyrani
1495 2343 1559 2382 ex
1592 2329 1827 2389 Marcelli
1873 2339 1955 2393 di-

395 2391 637 2460 scipulis,
690 2394 879 2455 Patres
929 2401 1277 2465 Diocaasareaa
1326 2429 1426 2482 pro
1485 2418 1587 2475 fide
1647 2427 1954 2486 exsulantes

395 2483 681 2555 adierunt;
740 2491 994 2550 videlicet
1048 2496 1342 2568 Photinus,
1406 2507 1759 2583 Eustathius,
1818 2521 1956 2577 alter

368 2575 690 2645 Photinus,
748 2582 1012 2654 Sigerius,
1067 2594 1403 2666 presbyteri;
1464 2600 1708 2674 Hyginus
1747 2575 1956 2668 rdiaco;

391 2684 528 2733 nus,
581 2671 893 2733 Heraclides
948 2680 1347 2753 subdiaconus,
1401 2671 1663 2763 Cyriacus
1720 2706 1953 2773 προστά-

390 2778 508 2830 της,
533 2763 584 2815 id
610 2773 712 2829 est,
748 2776 1011 2836 patronus
1042 2775 1125 2829 vel
1148 2776 1421 2847 defensor,
1450 2788 1786 2860 prolatisque
1810 2810 1953 2848 com-

392 2853 723 2911 mendatitiis
772 2868 825 2913 et
865 2865 1369 2926 communicatoriis
1421 2853 1711 2934 Athanasii
1756 2883 1950 2941 litteris

389 2958 525 3010 quas
571 2960 601 2997 a
636 2946 828 3017 legatis
862 2954 1159 3019 postulatas
1193 2957 1616 3034 impetratasque
1650 2984 1814 3040 supra
1844 2989 1951 3030 me-

1643 262 1985 321 MABCELLI
2017 269 2150 327 ΛΝΒ
2166 273 2366 330 ἱίὶΑΝΙ

3500 301 3635 354 1⁸298

1763 396 1967 453 pareat,
1999 395 2043 448 Α
2073 408 2174 444 non
2209 403 2383 449 tamen
2431 399 2643 457 licuisse
2692 409 2831 462 vobis
2875 411 3003 477 ipsis
3041 429 3148 467 rem
3199 418 3334 469 tanti
3384 432 3629 473 momenti

2067 486 2399 553 permittere;
2446 493 2536 545 sed
2579 501 2872 561 oportuisse
2900 519 3077 556 eorum
3114 508 3203 574 qui
3240 515 3346 560 tam
3389 510 3443 563 in
3483 511 3606 566 Orci

2068 571 2239 638 dente,
2289 594 2443 647 quam
2479 584 2533 637 in
2576 584 2788 642 Oriente
2817 604 2998 646 vestra:
3037 599 3416 652 crmmunionis
3456 612 3628 659 erant.

2068 666 2300 723 calculos
2348 680 2400 727 et
2444 679 2757 733 sententiam
2805 685 2947 738 circa
2996 689 3373 743 restitutionem
3421 691 3625 746 illormr

2066 772 2386 827 exspectare.
2430 764 2554 822 Haec
2608 769 2883 840 Basilius;
2939 779 3022 831 vel
3072 778 3329 848 ignorans
3377 797 3461 846 ea,
3512 800 3627 854 qua'

2066 847 2408 906 Alexandria:
2457 853 2511 907 iu
2558 860 2788 924 gratiam
2827 861 3059 919 Marcelli
3102 847 3155 921 et
3200 871 3529 925 asseclarum
3565 874 3627 927 ah

2066 938 2362 997 Athanasio
2397 954 2548 1014 gesta
2590 947 2837 1017 fuerant;
2871 956 2974 1018 vel,
3010 965 3068 1009 ut
3097 974 3225 1013 vero
3254 962 3506 1027 similius,
3550 981 3607 1018 ra

2066 1038 2155 1086 tus
2190 1032 2502 1090 Marcellum
2554 1046 2606 1093 et
2663 1039 3040 1102 Marcellianos
3092 1050 3144 1102 in
3196 1051 3315 1107 ﬁdei
3358 1052 3625 1119 formulis,

2065 1136 2202 1191 quas
2252 1124 2550 1183 Athanasio
2602 1138 2657 1185 et
2714 1132 3231 1198 Diocaasaricasibus
3283 1144 3625 1212 obtulerant,

2065 1213 2293 1269 subdole
2320 1224 2373 1271 et
2408 1218 2780 1281 fraudulenter
2810 1230 3003 1300 egisse.
3052 1232 3163 1289 Etsi
3195 1250 3321 1290 vero
3362 1235 3619 1295 Diocaesa-

2064 1302 2323 1358 riensium
2359 1307 2426 1359 ad
2457 1308 2715 1367 Basilium
2750 1331 3071 1386 responsum
3108 1340 3375 1394 nusquam
3409 1342 3614 1398 compa-

2064 1401 2214 1463 reat,
2262 1411 2383 1452 cum
2429 1402 2590 1457 rebus
2625 1406 2777 1474 ipsis,
2823 1418 2933 1464 tum
2971 1413 3430 1485 subsequentibus
3461 1423 3624 1491 gestis

2062 1489 2443 1559 suadentibus,
2500 1497 2841 1567 exploratum
2904 1506 3133 1571 videtur,
3178 1509 3626 1569 Dioczesarienses

2065 1576 2273 1635 Basilio
2296 1588 2605 1655 reposuisse
2637 1608 2650 1644 :
2680 1606 2789 1646 non
2826 1594 3044 1653 licuisse
3074 1600 3173 1655 sibi
3211 1601 3296 1663 iis,
3325 1602 3416 1671 qui
3438 1617 3624 1659 omnes

2065 1669 2319 1729 Marcello
2358 1678 2650 1735 attributus
2678 1698 2895 1739 errores
2953 1669 3388 1759 proscripserant
3410 1694 3616 1748 anathe

2061 1778 2311 1835 mateque
2335 1767 2681 1837 damnarant,
2715 1777 2918 1846 quique
2954 1781 3184 1851 symboli
3220 1782 3424 1839 Nicazui
3465 1786 3621 1842 ﬁdem

2055 1857 2309 1925 professi,
2361 1862 2583 1932 insuper
2613 1880 2643 1919 a
2681 1882 2875 1936 magno
2909 1870 3001 1925 illo
3042 1872 3342 1930 Athanasio
3376 1877 3610 1947 aliisque

2058 1942 2327 2019 IEgyptiis
2360 1953 2630 2024 episcopis
2678 1962 2880 2029 recepti
2928 1963 3260 2035 admissique
3300 1967 3531 2030 fuerant,
3565 1977 3621 2023 ut

2055 2037 2296 2107 ejusdem
2332 2041 2611 2100 Athanasii
2637 2048 2829 2104 littera:
2866 2052 3024 2108 fidem
3062 2055 3351 2121 faciebant,
3380 2075 3620 2115 commu-

2055 2127 2273 2184 nionem
2331 2135 2758 2194 ecclesiasticam
2807 2142 3093 2215 denegare.
3146 2147 3240 2205 His
3281 2150 3518 2210 demum.
3560 2162 3619 2208 ut

2053 2220 2275 2277 credere
2326 2234 2428 2289 est,
2481 2228 2760 2301 mitigatus
2826 2234 3100 2303 Basilius,
3155 2240 3279 2296 licet
3327 2259 3501 2315 aegre,
3552 2246 3617 2300 ad

2054 2308 2433 2393 Marcellianos
2456 2319 2796 2389 recipiendos
2825 2327 3066 2382 animum
3098 2333 3325 2400 appulit,
3351 2349 3413 2388 ea
3437 2343 3617 2395 tamen

2052 2389 2305 2461 cautione
2328 2416 2382 2461 ut
2397 2424 2466 2464 ne
2481 2411 2757 2469 videretur
2769 2432 2828 2471 se
2853 2419 2921 2472 ad
2936 2418 3312 2480 Marcellianos
3324 2428 3618 2483 accessisse

2054 2493 2149 2547 sed
2182 2493 2562 2558 Marcellianos
2588 2503 2642 2558 in
2672 2504 2973 2563 Ecclesium
3006 2509 3098 2565 Dei
3140 2513 3396 2570 reductos
3428 2515 3614 2574 fuisse.

2053 2581 2178 2639 Haec
2203 2588 2405 2660 quippe
2441 2594 2635 2649 scribit
2666 2595 2851 2666 (epist.
2874 2601 3001 2665 321)
3037 2603 3102 2657 ad
3137 2604 3351 2659 Petrum
3386 2607 3617 2663 Alexan-

2052 2674 2270 2733 drinum
2303 2685 2588 2750 praesulem
2612 2706 2625 2741 :
2650 2688 2915 2757 Πολλάκις
2939 2690 3029 2748 οὖν
3057 2696 3302 2766 ὀχληοεὶς
3337 2700 3485 2772 παρὰ
3512 2703 3618 2757 τῶν

2052 2766 2325 2833 Γαλατῶν,
2374 2774 2626 2831 οὐδέποτε
2672 2780 2941 2853 ἠδυνήθην
2989 2786 3172 2851 αὐτοῖς
3225 2790 3616 2862 ἀποκρίνασθαι

2050 2858 2332 2929 ἀναμένων
2387 2864 2487 2928 τὰς
2542 2870 2813 2942 ὑμετέρας
2869 2878 3169 2948 ἐπικρίσεις
3225 2858 3612 2954 [aucupio-eid.

2051 2946 2160 2999 Καὶ
2189 2948 2301 3010 νῦν,
2327 2950 2421 3006 ἐὰν
2452 2955 2480 3006 ὁ
2506 2955 2707 3028 Κύριος
2731 2960 2825 3029 δῷ,
2852 2964 2945 3016 uel.
2972 2946 3264 3037 θελήσωσιν
3289 2946 3449 3043 divae)
3463 2946 3613 3028 ἐς.θῶ

390 3036 670 3103 minimus,
718 3039 840 3096 ﬁdei
888 3044 1286 3106 confessionem
1337 3054 1503 3108 edunt
1540 3058 1636 3129 (ll,
1678 3065 1764 3116 cui
1801 3080 1946 3136 sym-

2051 3038 2227 3107 ήμῶν,
2262 3040 2552 3114 ἐλπίζομεν
2582 3048 2671 3101 τὸν
2699 3049 2825 3104 λαὸν
2858 3036 3145 3126 προσάξειν
3172 3063 3237 3131 τῇ
3282 3036 3576 3135 Ἐκκλησία
3595 3084 3609 3096 ·

388 3126 567 3180 bolum
608 3128 883 3187 Nicacnum
932 3136 1282 3194 subnectunt.
1321 3141 1414 3197 Est
1462 3126 1641 3201 autem
1673 3152 1947 3210 confessio

389 3231 495 3270 non
530 3219 794 3277 absimilis
847 3224 896 3278 ei
935 3241 1097 3295 quam
1139 3229 1437 3288 Athanasio
1466 3237 1775 3295 obtulerant
1805 3263 1819 3297 :
1852 3261 1945 3301 ve-

387 3324 508 3362 rum
538 3310 595 3364 in
624 3312 725 3367 hac
751 3315 972 3384 diserte,
1002 3321 1128 3391 τρία
1154 3323 1439 3393 πρόσωπα,
1483 3328 1599 3384 sive
1626 3338 1736 3388 tres
1766 3350 1946 3405 perso-

386 3416 485 3455 nas
532 3402 587 3456 in
641 3403 904 3462 Trinitate
947 3411 1291 3481 conﬁtentur,
1334 3418 1474 3486 quod
1513 3436 1644 3475 sane
1700 3427 1943 3496 magistri

385 3490 468 3543 sui
511 3490 749 3548 Marcelli
798 3498 1034 3566 Opinioni
1066 3503 1311 3570 apprime
1344 3516 1610 3563 consonat
1641 3529 1653 3564 :
1685 3526 1810 3566 nam
1855 3514 1945 3569 ille

386 3580 552 3636 Deum
601 3589 1001 3658 τριπρόσωπον,
1038 3592 1151 3647 sive
1185 3594 1593 3664 tripersonalem
1629 3616 1750 3657 esse
1789 3604 1940 3671 dicit,

384 3690 489 3743 qua
520 3676 587 3730 de
636 3695 694 3733 rc
742 3692 1027 3736 accusatus
1077 3684 1145 3737 ab
1190 3685 1422 3744 Eusebio
1458 3690 1634 3747 fuerat
1670 3712 1683 3748 :
1725 3710 1941 3754 errores

381 3780 510 3819 vero
556 3766 913 3826 Marcellianis
947 3776 1214 3845 ascriptus
1248 3782 1593 3840 anathemate
1655 3786 1936 3844 damnant.

384 3853 477 3909 liis
503 3861 809 3928 conspectis
836 3860 1285 3925 Diocmsarienses
1316 3874 1675 3945 confcssorcs,
1705 3881 1795 3949 qui
1828 3882 1941 3951 ple-

380 3947 533 4016 rique
568 3965 756 4008 omnes
784 3955 1080 4012 Athanasio
1114 3959 1408 4020 familiares
1434 3967 1667 4036 fuerant,
1698 3973 1846 4041 ipsos
1869 3976 1937 4031 ad

379 4042 813 4099 communionem
863 4049 1151 4117 recipiunt.
1202 4054 1270 4107 At
1323 4055 1772 4139 Basilius_(epist‘.
1812 4066 1936 4139 295)

376 4132 652 4186 ardentior
694 4134 1078 4197 ecciesiastice
1105 4142 1226 4198 ﬁdei
1273 4132 1613 4208 vindicandis
1660 4157 1933 4225 cupidine,

375 4223 500 4290 quia
535 4226 699 4279 semel
727 4239 1046 4299 conceptam
1092 4233 1160 4288 de
1208 4235 1444 4295 Marcelli
1493 4223 1773 4315 impietate
1816 4251 1937 4319 opi-

374 4316 590 4370 nionem
630 4318 718 4373 vix
754 4322 972 4377 missam
1020 4324 1199 4383 facere
1230 4340 1463 4399 poterat,
1498 4351 1619 4389 cum
1658 4336 1934 4395 Diocazsa-

372 4406 647 4465 riensibus
705 4413 953 4480 patribus
998 4432 1107 4472 non
1160 4419 1349 4477 leviter
1404 4428 1730 4493 expostulat,
1784 4431 1928 4500 quod

372 4495 747 4557 Marcellianos
804 4504 871 4558 ad
926 4513 1364 4569 communionem
1427 4519 1748 4575 inconsultis
1812 4523 1931 4579 aliis

374 4589 646 4659 episcopis
676 4593 993 4652 admiserint
1024 4618 1036 4653 :
1072 4601 1147 4656 ait
1179 4619 1306 4659 vero
1332 4624 1344 4660 :
1377 4607 1524 4671 Τέως
1581 4609 1637 4662 δὲ
1671 4610 1765 4665 νῦν
1797 4630 1942 4667 κατ-ι

369 4679 633 4743 agninae:
686 4687 816 4755 ἡμῖν
859 4689 1173 4749 ἀποστεῖλαι
1205 4695 1304 4761 τὰς
1334 4699 1657 4767 προτάσεις,
1708 4703 1793 4772 ἐφ’
1844 4700 1932 4769 αἷς
1961 4692 1979 4720 ⁸

368 4769 620 4835 ἐδέξασθε
659 4777 785 4839 τοὺς
835 4779 1188 4853 Μαρκέλλου·
1226 4788 1398 4842 ἐκεῖνο
1430 4791 1647 4859 εἰδότες,
1690 4769 1792 4861 ὅτι,
1826 4798 1931 4851 κᾶν

368 4861 509 4913 ’πάνυ
549 4862 611 4915 τὸ
643 4863 764 4916 καθ’
795 4866 1020 4933 ἑαυτοὺς
1062 4873 1450 4948 ἀσφαλίσησθε,
1490 4882 1673 4950 μόνοις
1716 4886 1929 4949 ἑαυτοῖς

367 4950 650 5022 ἐπιτρέψαι
683 4958 912 5028 πρᾶγμα
948 4964 1197 5020 τοσοῦτον
1230 4971 1329 5023 οὐκ
1359 4972 1625 5038 ὀφείλετε·
1662 4976 1795 5030 ἀλλὰ
1822 4980 1926 5051 χρὴ

366 5043 463 5094 καί
489 5045 615 5108 τοὺς
659 5047 718 5099 ἐν
750 5051 815 5119 τῇ
864 5050 1031 5119 δύσει,
1074 5059 1165 5111 καὶ
1198 5060 1322 5124 τοὺς
1366 5064 1506 5117 κατὰ
1538 5064 1635 5136 τὴν
1666 5067 1927 5141 ἀνατολὴν

367 5138 715 5202 κοινωνικοὺς
768 5141 1089 5214 συμψήφους
1134 5151 1313 5205 αὐτῶν
1364 5157 1427 5226 τῇ
1487 5157 1924 5216 ἀποκαταστάσει

366 5225 646 5291 γενέσθαι·
703 5230 758 5284 id
808 5244 889 5288 est
922 5253 935 5289 :
972 5236 1060 5291 Vel
1104 5256 1239 5296 nunc
1284 5225 1469 5301 saltem
1520 5250 1670 5305 nobis
1722 5254 1926 5311 mittere

363 5314 649 5383 dignemini
678 5323 907 5379 rationes
943 5336 996 5380 et
1022 5346 1232 5397 causas,
1263 5337 1449 5406 quibus
1490 5338 1559 5392 ad
1604 5344 1921 5412 recipiendos

367 5405 608 5462 Marcelli
642 5416 873 5484 gregales
915 5418 1114 5473 inducti
1139 5425 1262 5479 estis
1294 5442 1313 5479 :
1345 5445 1446 5483 non
1493 5435 1675 5498 nescii,
1710 5437 1923 5492 etiamsi

366 5515 445 5555 res
485 5511 678 5559 vestras
727 5516 838 5561 tuto
874 5519 925 5563 et
960 5512 1284 5571 considerate
1326 5525 1572 5577 statuisse
1618 5526 1923 5596 videamini,

435 5639 510 5699 {ll
551 5638 812 5702 Epiphan.
850 5659 901 5705 ι).
936 5644 1057 5699 845.

2048 3126 2124 3191 ὡς
2145 3130 2216 3200 μὴ
2233 3133 2426 3198 αὐτοὺς
2453 3138 2598 3207 ἡμᾶς
2623 3142 2970 3208 ὀνειδίζεσθαι
2986 3126 3409 3222 Μαρκελλιανοῑς
3442 3126 3614 3229 ripae-

2050 3226 2440 3295 κεχωρηκὲναι,
2473 3229 2588 3283 ἀλλ’
2632 3233 2871 3301 ἐκείνους
2907 3240 3040 3312 μέλη
3083 3243 3333 3310 γενέσθαι
3364 3248 3455 3301 τοῦ
3510 3250 3612 3304 σώ-

2051 3329 2219 3382 ματος
2252 3316 2352 3387 τῆς
2411 3319 2736 3393 Ἐκκλησίας
2766 3328 2859 3380 τοῦ
2892 3331 3127 3402 Χριστοῦ
3148 3352 3160 3365 ·
3209 3335 3348 3390 ὥστε
3385 3340 3476 3393 τὸν
3509 3359 3608 3395 πο-

2045 3407 2204 3477 νηρὸν
2238 3408 2403 3479 ψόγον
2441 3413 2533 3468 τὸν
2574 3421 3074 3480 κατασκεδασθέντα
3118 3430 3181 3483 ἐκ
3230 3431 3321 3503 τῆς
3352 3434 3610 3504 αἱρέσεως

2044 3497 2464 3573 ὲναφανισθῆναι
2486 3510 2550 3577 τῇ
2582 3510 2824 3582 ἡμετέρᾳ
2850 3516 3168 3590 προσλήψει,
3216 3497 3308 3576 καὶ
3353 3497 3427 3597 μή
3460 3497 3607 3597 ἡμᾶς

2043 3596 2500 3667 καταισχυνοῆναι
2527 3599 2603 3664 ὡς
2640 3605 3061 3677 προσθεμένους.
3091 3611 3279 3668 Crzeca
3308 3596 3607 3674 aﬁ‘errevio

2042 3697 2160 3737 sum
2188 3696 2289 3749 est,
2336 3690 2462 3758 quia
2508 3692 2736 3764 insignis
2784 3695 2871 3751 hic
2911 3699 3063 3756 locus
3110 3718 3140 3757 a
3176 3703 3390 3762 Micrzeo
3436 3709 3605 3766 inter-

2041 3782 2193 3841 prete
2217 3787 2543 3847 praepostere
2565 3800 2753 3841 versus
2778 3786 2955 3844 fuerat
2984 3810 2997 3847 :
3035 3793 3116 3848 sic
3153 3810 3255 3851 nos
3287 3799 3600 3858 reddimus:

2042 3861 2246 3919 Calatis
2280 3867 2576 3940 frequenter
2610 3884 2659 3928 et
2698 3878 2909 3936 moleste
2940 3880 3265 3952 urgentibus,
3303 3889 3475 3946 adhuc
3500 3909 3603 3948 non

2037 3957 2184 4022 potui
2209 3960 2493 4029 quidquam
2537 3968 2862 4034 respondere,
2905 3974 3042 4045 quod
3086 3987 3309 4032 vestram
3342 3992 3603 4050 exspecta-

2039 4063 2145 4103 rem
2174 4055 2583 4122 responsionem.
2618 4058 2773 4116 Nunc
2799 4073 2993 4131 autem,
3025 4070 3072 4122 si
3107 4071 3294 4139 faverit
3324 4074 3599 4143 Dominus,

2037 4142 2287 4213 nobisque
2322 4148 2423 4213 ipsi
2457 4151 2699 4221 morigeri
2737 4170 2850 4209 esse
2884 4160 3060 4225 velint,
3089 4178 3358 4229 speramus
3387 4183 3478 4221 nos
3502 4183 3600 4236 po-

2035 4235 2217 4302 pulum
2249 4238 2303 4291 in
2340 4237 2632 4295 Ecclesiam
2676 4244 2984 4304 reducturus
3027 4269 3173 4324 esse;
3216 4266 3274 4308 ut
3308 4274 3373 4311 ne
3397 4260 3599 4326 possint

2037 4328 2172 4383 illud
2205 4333 2356 4388 nobis
2387 4337 2726 4406 exprobrare,
2757 4357 2851 4397 nos
2886 4344 2955 4397 ad
2988 4345 3454 4406 Marcellianorum
3481 4369 3600 4421 pcr-

2036 4426 2111 4471 tes
2144 4423 2460 4489 accessisse;
2479 4427 2569 4479 sed
2589 4444 2703 4483 vere
2722 4428 2933 4487 dicatur
2952 4435 3072 4489 illos
3100 4439 3331 4493 membra
3360 4458 3596 4510 corporis

2034 4507 2281 4565 Ecclesia:
2294 4511 2493 4568 Christi
2507 4517 2675 4585 factos
2686 4537 2824 4585 esse;
2844 4524 2917 4577 ita
2931 4534 2988 4577 ut
3002 4530 3399 4600 circumquaque
3413 4549 3600 4602 sparsa

2031 4600 2283 4657 Iucreseos
2304 4605 2449 4660 illius
2468 4609 2711 4677 infamia,
2727 4629 2817 4680 per
2844 4631 3023 4670 eorum
3038 4618 3108 4672 ad
3125 4636 3218 4675 nos
3249 4626 3607 4682 accessionem.

2031 4695 2499 4768 admissionemque
2516 4700 2579 4755 de
2598 4703 2765 4759 medio
2788 4708 3026 4771 tollatur,
3047 4727 3206 4781 neque
3224 4732 3317 4770 nos
3348 4726 3595 4789 tanquam

2031 4783 2099 4837 ad
2123 4796 2298 4854 partes
2326 4806 2503 4844 eorum
2534 4795 2854 4861 accedentes,
2887 4801 3084 4865 pudore
3110 4822 3170 4858 ac
3200 4806 3448 4863 dedecore
3480 4814 3593 4881 ηπε-

2029 4874 2254 4929 ciamnr.
2286 4876 2688 4949 Haecronditio,
2708 4885 2795 4940 hic
2826 4890 3020 4947 modus
3054 4908 3083 4947 a
3118 4893 3316 4951 Basilio
3343 4914 3442 4969 pro
3460 4900 3597 4954 Mar-

2029 4966 2276 5022 celliauis
2312 4971 2643 5041 recipiendis
2690 4981 3019 5049 propositus,
3068 4992 3124 5038 ct
3156 4984 3314 5041 Petro
3345 4966 3597 5045 Alexan-

2027 5052 2187 5110 drino
2232 5057 2515 5116 Athanasii
2548 5070 2874 5135 successori,
2935 5081 2993 5127 ut
3049 5076 3341 5133 verisimile
3382 5089 3487 5144 est,
3542 5091 3596 5137 et

2028 5142 2411 5216 Marcellianis,
2451 5153 2544 5223 qui
2596 5171 2785 5223 pacem
2828 5169 2878 5215 et
2927 5166 3363 5223 communionem
3413 5179 3593 5226 tanto-

2025 5248 2155 5304 pere
2199 5235 2535 5308 ﬂagitabant,
2574 5257 2860 5315 pergratus
2896 5266 3096 5323 perque
3134 5254 3412 5325 jucundus
3470 5261 3588 5316 fuit.

2024 5325 2161 5381 Nam
2193 5330 2295 5385 sub
2317 5332 2431 5389 haec
2463 5337 2609 5391 nulla
2631 5339 2698 5394 de
2727 5340 2980 5399 Marcello
2998 5347 3081 5401 vel
3111 5350 3334 5405 asseclis
3365 5356 3592 5422 quiestio

2025 5423 2283 5477 occurrit.
2319 5424 2473 5482 Hunc
2510 5430 2780 5497 ordinem,
2817 5444 2869 5489 et
2900 5438 3106 5493 exitum
3140 5440 3471 5500 Marcelliani
3503 5454 3589 5502 tu-

2023 5513 2229 5571 multus
2259 5514 2428 5574 fuisse
2459 5536 2667 5576 mecum
2705 5538 2865 5594 spero
2898 5528 3212 5587 fatebuntur
3239 5536 3457 5592 eruditi.
