  <div class='ocr_page' id='page_1' title='image "/cluster/home/n/w/nwhite01/storage/ocr_20150623/18/hvd.32044073501215/664.png"; bbox 0 0 4116 6332; ppageno 0'>
   <div class='ocr_carea' id='block_1_1' title="bbox 369 323 498 381">
    <p class='ocr_par' dir='ltr' id='par_1_1' title="bbox 369 323 498 381">
     <span class='ocr_line' id='line_1_1' title="bbox 369 323 498 381; baseline 0 0"><span class='ocrx_word' id='word_1_1' title='bbox 369 323 498 381; x_wconf 76' lang='lat' dir='ltr'><strong>I505</strong></span> 
     </span>
    </p>
   </div>
   <div class='ocr_carea' id='block_1_2' title="bbox 1353 315 2555 379">
    <p class='ocr_par' dir='ltr' id='par_1_2' title="bbox 1353 315 2555 379">
     <span class='ocr_line' id='line_1_2' title="bbox 1353 315 2555 379; baseline -0.003 -3"><span class='ocrx_word' id='word_1_2' title='bbox 1353 319 1717 379; x_wconf 77' lang='lat' dir='ltr'><strong>EXPOSITIO</strong></span> <span class='ocrx_word' id='word_1_3' title='bbox 1747 317 1931 373; x_wconf 81' lang='lat' dir='ltr'><strong>FIDEI</strong></span> <span class='ocrx_word' id='word_1_4' title='bbox 1962 316 2054 371; x_wconf 85' lang='lat' dir='ltr'><strong>AD</strong></span> <span class='ocrx_word' id='word_1_5' title='bbox 2082 315 2555 372; x_wconf 77' lang='lat' dir='ltr'><strong>ATHANASIUM.</strong></span> 
     </span>
    </p>
   </div>
   <div class='ocr_carea' id='block_1_3' title="bbox 3432 320 3569 377">
    <p class='ocr_par' dir='ltr' id='par_1_3' title="bbox 3432 320 3569 377">
     <span class='ocr_line' id='line_1_3' title="bbox 3432 320 3569 377; baseline 0 -1"><span class='ocrx_word' id='word_1_6' title='bbox 3432 320 3569 377; x_wconf 57' lang='lat'><strong>{506</strong></span> 
     </span>
    </p>
   </div>
   <div class='ocr_carea' id='block_1_4' title="bbox 432 433 1935 513">
    <p class='ocr_par' dir='ltr' id='par_1_4' title="bbox 432 438 1921 513">
     <span class='ocr_line' id='line_1_4' title="bbox 432 438 1921 513; baseline -0.003 -16"><span class='ocrx_word' id='word_1_7' title='bbox 432 444 485 497; x_wconf 72' lang='grc'>4.</span> <span class='ocrx_word' id='word_1_8' title='bbox 513 443 629 496; x_wconf 81' lang='grc' dir='ltr'>Ἵνα</span> <span class='ocrx_word' id='word_1_9' title='bbox 651 440 708 495; x_wconf 80' lang='grc' dir='ltr'>δὲ</span> <span class='ocrx_word' id='word_1_10' title='bbox 733 443 805 513; x_wconf 85' lang='grc' dir='ltr'>μή</span> <span class='ocrx_word' id='word_1_11' title='bbox 829 441 914 505; x_wconf 87' lang='grc' dir='ltr'><strong>τίς</strong></span> <span class='ocrx_word' id='word_1_12' title='bbox 945 458 1072 494; x_wconf 85' lang='grc' dir='ltr'>ποτε</span> <span class='ocrx_word' id='word_1_13' title='bbox 1097 441 1355 511; x_wconf 75' lang='grc' dir='ltr'><strong>ἡμᾶςκαὶ</strong></span> <span class='ocrx_word' id='word_1_14' title='bbox 1383 441 1509 512; x_wconf 78' lang='grc' dir='ltr'>περὶ</span> <span class='ocrx_word' id='word_1_15' title='bbox 1534 440 1631 510; x_wconf 80' lang='grc' dir='ltr'>τῆς</span> <span class='ocrx_word' id='word_1_16' title='bbox 1660 438 1921 512; x_wconf 75' lang='grc' dir='ltr'>ἐνσᾶρκου</span> 
     </span>
    </p>
   </div>
   <div class='ocr_carea' id='block_1_5' title="bbox 2033 433 3572 513">
    <p class='ocr_par' dir='ltr' id='par_1_5' title="bbox 2090 433 3572 507">
     <span class='ocr_line' id='line_1_5' title="bbox 2090 433 3572 507; baseline 0.004 -18"><span class='ocrx_word' id='word_1_17' title='bbox 2090 435 2144 489; x_wconf 76' lang='grc'>4.</span> <span class='ocrx_word' id='word_1_18' title='bbox 2182 434 2261 492; x_wconf 84' lang='lat' dir='ltr'><strong>Ne</strong></span> <span class='ocrx_word' id='word_1_19' title='bbox 2293 438 2416 507; x_wconf 86' lang='lat' dir='ltr'><strong>quis</strong></span> <span class='ocrx_word' id='word_1_20' title='bbox 2445 450 2574 491; x_wconf 87' lang='lat' dir='ltr'><strong>vero</strong></span> <span class='ocrx_word' id='word_1_21' title='bbox 2606 434 2740 492; x_wconf 88' lang='lat' dir='ltr'><strong>falsa</strong></span> <span class='ocrx_word' id='word_1_22' title='bbox 2773 433 3031 505; x_wconf 84' lang='lat' dir='ltr'><strong>jactitaus</strong></span> <span class='ocrx_word' id='word_1_23' title='bbox 3061 452 3160 494; x_wconf 90' lang='lat' dir='ltr'><strong>nos</strong></span> <span class='ocrx_word' id='word_1_24' title='bbox 3194 436 3394 494; x_wconf 77' lang='lat' dir='ltr'><strong>frustra</strong></span> <span class='ocrx_word' id='word_1_25' title='bbox 3417 439 3572 495; x_wconf 88' lang='lat' dir='ltr'><strong>incu-</strong></span> 
     </span>
    </p>
   </div>
   <div class='ocr_carea' id='block_1_6' title="bbox 368 530 1915 607">
    <p class='ocr_par' dir='ltr' id='par_1_6' title="bbox 368 530 1915 607">
     <span class='ocr_line' id='line_1_6' title="bbox 368 530 1915 607; baseline -0.004 -18"><span class='ocrx_word' id='word_1_26' title='bbox 368 534 660 607; x_wconf 75' lang='grc' dir='ltr'><strong>παρουσίας</strong></span> <span class='ocrx_word' id='word_1_27' title='bbox 688 533 781 587; x_wconf 88' lang='grc' dir='ltr'><strong>τοῦ</strong></span> <span class='ocrx_word' id='word_1_28' title='bbox 808 534 1055 604; x_wconf 77' lang='grc' dir='ltr'>Σωτῆρος</span> <span class='ocrx_word' id='word_1_29' title='bbox 1078 534 1110 603; x_wconf 82' lang='grc' dir='ltr'>ἡ</span> <span class='ocrx_word' id='word_1_30' title='bbox 1119 531 1233 603; x_wconf 85' lang='grc' dir='ltr'><strong>μῶν</strong></span> <span class='ocrx_word' id='word_1_31' title='bbox 1261 530 1485 603; x_wconf 80' lang='grc' dir='ltr'>διαϐάλῃ</span> <span class='ocrx_word' id='word_1_32' title='bbox 1513 532 1880 602; x_wconf 83' lang='grc' dir='ltr'>ματαιολογῶν</span> <span class='ocrx_word' id='word_1_33' title='bbox 1899 547 1915 563; x_wconf 77' lang='grc' dir='ltr'><strong>ο</strong></span> 
     </span>
    </p>
   </div>
   <div class='ocr_carea' id='block_1_7' title="bbox 368 620 1921 692">
    <p class='ocr_par' dir='ltr' id='par_1_7' title="bbox 368 620 1921 692">
     <span class='ocr_line' id='line_1_7' title="bbox 368 620 1921 692; baseline 0 -16"><span class='ocrx_word' id='word_1_34' title='bbox 368 622 673 692; x_wconf 82' lang='grc' dir='ltr'><strong>ἀναγκαίως</strong></span> <span class='ocrx_word' id='word_1_35' title='bbox 713 621 805 674; x_wconf 72' lang='grc' dir='ltr'>καὶ</span> <span class='ocrx_word' id='word_1_36' title='bbox 838 623 964 692; x_wconf 79' lang='grc' dir='ltr'>περὶ</span> <span class='ocrx_word' id='word_1_37' title='bbox 990 622 1176 674; x_wconf 84' lang='grc' dir='ltr'>τούτου</span> <span class='ocrx_word' id='word_1_38' title='bbox 1206 620 1506 692; x_wconf 81' lang='grc' dir='ltr'><strong>γράφομεν,</strong></span> <span class='ocrx_word' id='word_1_39' title='bbox 1536 623 1615 675; x_wconf 85' lang='grc' dir='ltr'>ὅτι</span> <span class='ocrx_word' id='word_1_40' title='bbox 1647 624 1676 675; x_wconf 89' lang='grc' dir='ltr'><strong>ό</strong></span> <span class='ocrx_word' id='word_1_41' title='bbox 1713 621 1921 692; x_wconf 81' lang='grc' dir='ltr'>Κύριος</span> 
     </span>
    </p>
   </div>
   <div class='ocr_carea' id='block_1_8' title="bbox 368 709 1920 785">
    <p class='ocr_par' dir='ltr' id='par_1_8' title="bbox 368 709 1920 785">
     <span class='ocr_line' id='line_1_8' title="bbox 368 709 1920 785; baseline 0.001 -20"><span class='ocrx_word' id='word_1_42' title='bbox 368 712 459 765; x_wconf 72' lang='grc' dir='ltr'>καὶ</span> <span class='ocrx_word' id='word_1_43' title='bbox 483 709 669 782; x_wconf 83' lang='grc' dir='ltr'>Σωτὴρ</span> <span class='ocrx_word' id='word_1_44' title='bbox 690 711 841 782; x_wconf 83' lang='grc' dir='ltr'>ἡμῶν</span> <span class='ocrx_word' id='word_1_45' title='bbox 860 712 887 764; x_wconf 87' lang='grc' dir='ltr'><strong>ὁ</strong></span> <span class='ocrx_word' id='word_1_46' title='bbox 912 711 1160 781; x_wconf 81' lang='grc' dir='ltr'>Χριστὸς,</span> <span class='ocrx_word' id='word_1_47' title='bbox 1189 711 1286 782; x_wconf 86' lang='grc' dir='ltr'>οὐχ</span> <span class='ocrx_word' id='word_1_48' title='bbox 1311 711 1496 782; x_wconf 85' lang='grc' dir='ltr'>ὥσπερ</span> <span class='ocrx_word' id='word_1_49' title='bbox 1528 714 1606 775; x_wconf 85' lang='grc' dir='ltr'><strong>είς</strong></span> <span class='ocrx_word' id='word_1_50' title='bbox 1632 713 1758 777; x_wconf 70' lang='grc' dir='ltr'>τοὺς</span> <span class='ocrx_word' id='word_1_51' title='bbox 1784 731 1920 785; x_wconf 71' lang='grc' dir='ltr'>προσ</span> 
     </span>
    </p>
   </div>
   <div class='ocr_carea' id='block_1_9' title="bbox 370 802 1919 876">
    <p class='ocr_par' dir='ltr' id='par_1_9' title="bbox 370 802 1919 876">
     <span class='ocr_line' id='line_1_9' title="bbox 370 802 1919 876; baseline 0.003 -20"><span class='ocrx_word' id='word_1_52' title='bbox 370 804 543 874; x_wconf 74' lang='grc' dir='ltr'>φήτας</span> <span class='ocrx_word' id='word_1_53' title='bbox 576 804 822 873; x_wconf 74' lang='grc' dir='ltr'>ἐγίνετο.</span> <span class='ocrx_word' id='word_1_54' title='bbox 846 802 1016 866; x_wconf 81' lang='grc' dir='ltr'>οὔτως</span> <span class='ocrx_word' id='word_1_55' title='bbox 1044 803 1136 857; x_wconf 79' lang='grc' dir='ltr'><strong>καὶ</strong></span> <span class='ocrx_word' id='word_1_56' title='bbox 1165 804 1257 855; x_wconf 77' lang='grc' dir='ltr'>ἐπὶ</span> <span class='ocrx_word' id='word_1_57' title='bbox 1278 804 1549 876; x_wconf 69' lang='grc' dir='ltr'>συντελείᾳ</span> <span class='ocrx_word' id='word_1_58' title='bbox 1576 804 1683 859; x_wconf 80' lang='grc' dir='ltr'><strong>τῶν</strong></span> <span class='ocrx_word' id='word_1_59' title='bbox 1711 805 1919 861; x_wconf 79' lang='grc' dir='ltr'>αἰώνων</span> 
     </span>
    </p>
   </div>
   <div class='ocr_carea' id='block_1_10' title="bbox 368 891 1922 966">
    <p class='ocr_par' dir='ltr' id='par_1_10' title="bbox 368 891 1922 966">
     <span class='ocr_line' id='line_1_10' title="bbox 368 891 1922 966; baseline 0.004 -20"><span class='ocrx_word' id='word_1_60' title='bbox 368 891 527 964; x_wconf 73' lang='grc' dir='ltr'>ἦλθεν</span> <span class='ocrx_word' id='word_1_61' title='bbox 548 896 625 958; x_wconf 80' lang='grc' dir='ltr'><strong>είς</strong></span> <span class='ocrx_word' id='word_1_62' title='bbox 647 896 798 963; x_wconf 82' lang='grc' dir='ltr'>ἆγιον</span> <span class='ocrx_word' id='word_1_63' title='bbox 824 895 1123 964; x_wconf 81' lang='grc' dir='ltr'>ἄνθρωπον.</span> <span class='ocrx_word' id='word_1_64' title='bbox 1149 894 1308 948; x_wconf 83' lang='grc' dir='ltr'>Ἀλλὰ</span> <span class='ocrx_word' id='word_1_65' title='bbox 1322 895 1665 966; x_wconf 79' lang='grc' dir='ltr'><strong>πιστεύομεν,</strong></span> <span class='ocrx_word' id='word_1_66' title='bbox 1683 897 1763 950; x_wconf 82' lang='grc' dir='ltr'>ὅτι</span> <span class='ocrx_word' id='word_1_67' title='bbox 1779 897 1922 952; x_wconf 81' lang='grc' dir='ltr'>κατὰ</span> 
     </span>
    </p>
   </div>
   <div class='ocr_carea' id='block_1_11' title="bbox 369 984 1923 1057">
    <p class='ocr_par' dir='ltr' id='par_1_11' title="bbox 369 984 1923 1057">
     <span class='ocr_line' id='line_1_11' title="bbox 369 984 1923 1057; baseline 0.005 -21"><span class='ocrx_word' id='word_1_68' title='bbox 369 985 459 1036; x_wconf 86' lang='grc' dir='ltr'>τὸν</span> <span class='ocrx_word' id='word_1_69' title='bbox 500 985 747 1056; x_wconf 78' lang='grc' dir='ltr'>Ἰωάννην</span> <span class='ocrx_word' id='word_1_70' title='bbox 782 988 811 1038; x_wconf 87' lang='grc' dir='ltr'><strong>ό</strong></span> <span class='ocrx_word' id='word_1_71' title='bbox 840 984 1007 1053; x_wconf 82' lang='grc' dir='ltr'>Λόγος</span> <span class='ocrx_word' id='word_1_72' title='bbox 1035 984 1170 1057; x_wconf 82' lang='grc' dir='ltr'>σὰρξ</span> <span class='ocrx_word' id='word_1_73' title='bbox 1213 985 1445 1054; x_wconf 82' lang='grc' dir='ltr'>ἐγένετο,</span> <span class='ocrx_word' id='word_1_74' title='bbox 1492 988 1585 1041; x_wconf 78' lang='grc' dir='ltr'><strong>καὶ</strong></span> <span class='ocrx_word' id='word_1_75' title='bbox 1639 989 1780 1042; x_wconf 82' lang='grc' dir='ltr'>κατὰ</span> <span class='ocrx_word' id='word_1_76' title='bbox 1829 990 1923 1043; x_wconf 85' lang='grc' dir='ltr'>τὸν</span> 
     </span>
    </p>
   </div>
   <div class='ocr_carea' id='block_1_12' title="bbox 383 1075 1922 1149">
    <p class='ocr_par' dir='ltr' id='par_1_12' title="bbox 383 1075 1922 1149">
     <span class='ocr_line' id='line_1_12' title="bbox 383 1075 1922 1149; baseline 0.005 -21"><span class='ocrx_word' id='word_1_77' title='bbox 383 1075 694 1129; x_wconf 78' lang='grc' dir='ltr'>Ἀπόστολον</span> <span class='ocrx_word' id='word_1_78' title='bbox 742 1078 798 1130; x_wconf 92' lang='grc' dir='ltr'><strong>ἐν</strong></span> <span class='ocrx_word' id='word_1_79' title='bbox 835 1078 1013 1149; x_wconf 83' lang='grc' dir='ltr'>μορφῇ</span> <span class='ocrx_word' id='word_1_80' title='bbox 1050 1076 1183 1131; x_wconf 82' lang='grc' dir='ltr'><strong>Θεοῦ</strong></span> <span class='ocrx_word' id='word_1_81' title='bbox 1235 1078 1491 1149; x_wconf 79' lang='grc' dir='ltr'>ὑπάρχων</span> <span class='ocrx_word' id='word_1_82' title='bbox 1538 1078 1693 1133; x_wconf 74' lang='grc' dir='ltr'><strong>ἐλαῦε</strong></span> <span class='ocrx_word' id='word_1_83' title='bbox 1740 1080 1922 1135; x_wconf 84' lang='grc' dir='ltr'>δούλου</span> 
     </span>
    </p>
   </div>
   <div class='ocr_carea' id='block_1_13' title="bbox 374 1164 1923 1240">
    <p class='ocr_par' dir='ltr' id='par_1_13' title="bbox 374 1164 1923 1240">
     <span class='ocr_line' id='line_1_13' title="bbox 374 1164 1923 1240; baseline 0.003 -20"><span class='ocrx_word' id='word_1_84' title='bbox 374 1166 601 1238; x_wconf 78' lang='grc' dir='ltr'>μορφὴν,</span> <span class='ocrx_word' id='word_1_85' title='bbox 630 1165 691 1218; x_wconf 77' lang='grc' dir='ltr'>τὸ</span> <span class='ocrx_word' id='word_1_86' title='bbox 716 1164 856 1220; x_wconf 80' lang='grc' dir='ltr'>κατὰ</span> <span class='ocrx_word' id='word_1_87' title='bbox 880 1166 1057 1237; x_wconf 79' lang='grc' dir='ltr'>σάρκα</span> <span class='ocrx_word' id='word_1_88' title='bbox 1083 1166 1355 1237; x_wconf 73' lang='grc' dir='ltr'>γεννηθεὶς</span> <span class='ocrx_word' id='word_1_89' title='bbox 1379 1169 1442 1220; x_wconf 86' lang='grc' dir='ltr'><strong>ἐκ</strong></span> <span class='ocrx_word' id='word_1_90' title='bbox 1470 1169 1685 1239; x_wconf 82' lang='grc' dir='ltr'>Μαρίας</span> <span class='ocrx_word' id='word_1_91' title='bbox 1714 1169 1923 1240; x_wconf 85' lang='grc' dir='ltr'>ἄνθρω-</span> 
     </span>
    </p>
   </div>
   <div class='ocr_carea' id='block_1_14' title="bbox 372 1254 1925 1334">
    <p class='ocr_par' dir='ltr' id='par_1_14' title="bbox 372 1254 1925 1334">
     <span class='ocr_line' id='line_1_14' title="bbox 372 1254 1925 1334; baseline 0.003 -23"><span class='ocrx_word' id='word_1_92' title='bbox 372 1275 471 1321; x_wconf 85' lang='grc' dir='ltr'><strong>πος</strong></span> <span class='ocrx_word' id='word_1_93' title='bbox 493 1258 559 1311; x_wconf 89' lang='grc' dir='ltr'><strong>δι’</strong></span> <span class='ocrx_word' id='word_1_94' title='bbox 592 1259 737 1328; x_wconf 80' lang='grc' dir='ltr'>ἡμᾶς</span> <span class='ocrx_word' id='word_1_95' title='bbox 753 1274 766 1287; x_wconf 74' lang='grc' dir='ltr'><strong><em>ο</em></strong></span> <span class='ocrx_word' id='word_1_96' title='bbox 792 1258 878 1312; x_wconf 81' lang='grc' dir='ltr'>ἵνα</span> <span class='ocrx_word' id='word_1_97' title='bbox 918 1254 993 1322; x_wconf 82' lang='grc' dir='ltr'>ὡς</span> <span class='ocrx_word' id='word_1_98' title='bbox 1022 1254 1172 1313; x_wconf 78' lang='grc' dir='ltr'>εἶπεν</span> <span class='ocrx_word' id='word_1_99' title='bbox 1195 1260 1375 1324; x_wconf 78' lang='grc' dir='ltr'>αὐτὸς,</span> <span class='ocrx_word' id='word_1_100' title='bbox 1400 1260 1656 1334; x_wconf 83' lang='grc' dir='ltr'><strong>τελειώσῃ</strong></span> <span class='ocrx_word' id='word_1_101' title='bbox 1680 1262 1740 1315; x_wconf 79' lang='grc' dir='ltr'>τὸ</span> <span class='ocrx_word' id='word_1_102' title='bbox 1768 1262 1925 1332; x_wconf 77' lang='grc' dir='ltr'>ἔργον</span> 
     </span>
    </p>
   </div>
   <div class='ocr_carea' id='block_1_15' title="bbox 370 1347 1925 1424">
    <p class='ocr_par' dir='ltr' id='par_1_15' title="bbox 370 1347 1925 1424">
     <span class='ocr_line' id='line_1_15' title="bbox 370 1347 1925 1424; baseline 0.005 -25"><span class='ocrx_word' id='word_1_103' title='bbox 370 1347 460 1400; x_wconf 89' lang='grc' dir='ltr'><strong>τοῦ</strong></span> <span class='ocrx_word' id='word_1_104' title='bbox 486 1349 724 1419; x_wconf 75' lang='grc' dir='ltr'>Πατρόςο</span> <span class='ocrx_word' id='word_1_105' title='bbox 749 1349 839 1401; x_wconf 75' lang='grc' dir='ltr'>καὶ</span> <span class='ocrx_word' id='word_1_106' title='bbox 875 1348 1046 1412; x_wconf 76' lang='grc' dir='ltr'>οὕτως</span> <span class='ocrx_word' id='word_1_107' title='bbox 1076 1350 1135 1403; x_wconf 83' lang='grc' dir='ltr'>τὸ</span> <span class='ocrx_word' id='word_1_108' title='bbox 1164 1349 1497 1422; x_wconf 79' lang='grc' dir='ltr'>ἀνθρώπινον</span> <span class='ocrx_word' id='word_1_109' title='bbox 1519 1351 1669 1420; x_wconf 81' lang='grc' dir='ltr'>γένος</span> <span class='ocrx_word' id='word_1_110' title='bbox 1702 1354 1758 1406; x_wconf 90' lang='grc' dir='ltr'><strong>ἐν</strong></span> <span class='ocrx_word' id='word_1_111' title='bbox 1781 1353 1925 1424; x_wconf 80' lang='grc' dir='ltr'>αὐτῷ</span> 
     </span>
    </p>
   </div>
   <div class='ocr_carea' id='block_1_16' title="bbox 372 1435 1926 1513">
    <p class='ocr_par' dir='ltr' id='par_1_16' title="bbox 372 1435 1926 1513">
     <span class='ocr_line' id='line_1_16' title="bbox 372 1435 1926 1513; baseline 0.005 -25"><span class='ocrx_word' id='word_1_112' title='bbox 372 1435 658 1500; x_wconf 81' lang='grc' dir='ltr'><strong>τελειώσας</strong></span> <span class='ocrx_word' id='word_1_113' title='bbox 683 1437 775 1490; x_wconf 69' lang='lat' dir='ltr'><strong>ml.</strong></span> <span class='ocrx_word' id='word_1_114' title='bbox 806 1436 1042 1507; x_wconf 73' lang='grc' dir='ltr'>συνάψας</span> <span class='ocrx_word' id='word_1_115' title='bbox 1063 1441 1127 1509; x_wconf 78' lang='grc' dir='ltr'><strong>τῇ</strong></span> <span class='ocrx_word' id='word_1_116' title='bbox 1155 1437 1385 1510; x_wconf 84' lang='grc' dir='ltr'>θεότητι,</span> <span class='ocrx_word' id='word_1_117' title='bbox 1416 1439 1683 1513; x_wconf 73' lang='grc' dir='ltr'>εἰσαγάγῃ</span> <span class='ocrx_word' id='word_1_118' title='bbox 1717 1442 1795 1502; x_wconf 81' lang='grc' dir='ltr'><strong>είς</strong></span> <span class='ocrx_word' id='word_1_119' title='bbox 1828 1441 1926 1511; x_wconf 71' lang='grc' dir='ltr'>τὴν</span> 
     </span>
    </p>
   </div>
   <div class='ocr_carea' id='block_1_17' title="bbox 377 1526 1926 1604">
    <p class='ocr_par' dir='ltr' id='par_1_17' title="bbox 377 1526 1926 1604">
     <span class='ocr_line' id='line_1_17' title="bbox 377 1526 1926 1604; baseline 0.003 -23"><span class='ocrx_word' id='word_1_120' title='bbox 377 1526 645 1595; x_wconf 85' lang='grc' dir='ltr'>βασιλείαν</span> <span class='ocrx_word' id='word_1_121' title='bbox 674 1527 778 1580; x_wconf 82' lang='grc' dir='ltr'><strong>τῶν</strong></span> <span class='ocrx_word' id='word_1_122' title='bbox 798 1528 1061 1599; x_wconf 83' lang='grc' dir='ltr'>οὐρανῶν.</span> <span class='ocrx_word' id='word_1_123' title='bbox 1087 1531 1194 1583; x_wconf 71' lang='grc' dir='ltr'>Καὶ</span> <span class='ocrx_word' id='word_1_124' title='bbox 1225 1533 1274 1585; x_wconf 86' lang='grc' dir='ltr'><strong>εί</strong></span> <span class='ocrx_word' id='word_1_125' title='bbox 1294 1531 1466 1585; x_wconf 88' lang='grc' dir='ltr'>ταῦτα</span> <span class='ocrx_word' id='word_1_126' title='bbox 1498 1531 1656 1585; x_wconf 85' lang='grc' dir='ltr'>πάλιν</span> <span class='ocrx_word' id='word_1_127' title='bbox 1682 1532 1926 1604; x_wconf 81' lang='grc' dir='ltr'>αὐτάρκη</span> 
     </span>
    </p>
   </div>
   <div class='ocr_carea' id='block_1_18' title="bbox 372 1617 1927 1694">
    <p class='ocr_par' dir='ltr' id='par_1_18' title="bbox 372 1617 1927 1694">
     <span class='ocr_line' id='line_1_18' title="bbox 372 1617 1927 1694; baseline 0.004 -23"><span class='ocrx_word' id='word_1_128' title='bbox 372 1618 537 1684; x_wconf 81' lang='grc' dir='ltr'>δεῖξαι</span> <span class='ocrx_word' id='word_1_129' title='bbox 561 1618 658 1689; x_wconf 80' lang='grc' dir='ltr'><strong>τὴν</strong></span> <span class='ocrx_word' id='word_1_130' title='bbox 688 1619 822 1690; x_wconf 69' lang='grc' dir='ltr'>πρὸς</span> <span class='ocrx_word' id='word_1_131' title='bbox 865 1617 953 1672; x_wconf 84' lang='grc' dir='ltr'>τὸν</span> <span class='ocrx_word' id='word_1_132' title='bbox 1001 1620 1203 1692; x_wconf 79' lang='grc' dir='ltr'>Κύριον</span> <span class='ocrx_word' id='word_1_133' title='bbox 1246 1621 1399 1692; x_wconf 80' lang='grc' dir='ltr'>ἡμῶν</span> <span class='ocrx_word' id='word_1_134' title='bbox 1454 1621 1657 1692; x_wconf 78' lang='grc' dir='ltr'>Ἰησοῦν</span> <span class='ocrx_word' id='word_1_135' title='bbox 1696 1622 1927 1694; x_wconf 83' lang='grc' dir='ltr'>Χριστὸν</span> 
     </span>
    </p>
   </div>
   <div class='ocr_carea' id='block_1_19' title="bbox 376 1709 1929 1783">
    <p class='ocr_par' dir='ltr' id='par_1_19' title="bbox 376 1709 1929 1783">
     <span class='ocr_line' id='line_1_19' title="bbox 376 1709 1929 1783; baseline 0.004 -23"><span class='ocrx_word' id='word_1_136' title='bbox 376 1709 581 1761; x_wconf 87' lang='grc' dir='ltr'>πίστιν·</span> <span class='ocrx_word' id='word_1_137' title='bbox 611 1710 756 1779; x_wconf 84' lang='grc' dir='ltr'>ὅμως</span> <span class='ocrx_word' id='word_1_138' title='bbox 777 1710 920 1779; x_wconf 80' lang='grc' dir='ltr'>ὑπὲρ</span> <span class='ocrx_word' id='word_1_139' title='bbox 944 1709 1183 1774; x_wconf 90' lang='grc' dir='ltr'>πλείονος</span> <span class='ocrx_word' id='word_1_140' title='bbox 1215 1713 1507 1780; x_wconf 78' lang='grc' dir='ltr'>ἀσφαλείας</span> <span class='ocrx_word' id='word_1_141' title='bbox 1534 1713 1929 1783; x_wconf 78' lang='grc' dir='ltr'>ἀναλαμϐάνον-</span> 
     </span>
    </p>
   </div>
   <div class='ocr_carea' id='block_1_20' title="bbox 373 1779 1999 1875">
    <p class='ocr_par' dir='ltr' id='par_1_20' title="bbox 373 1779 1999 1875">
     <span class='ocr_line' id='line_1_20' title="bbox 373 1779 1999 1875; baseline 0.002 -22"><span class='ocrx_word' id='word_1_142' title='bbox 373 1816 463 1863; x_wconf 85' lang='grc' dir='ltr'><strong>τες</strong></span> <span class='ocrx_word' id='word_1_143' title='bbox 491 1799 658 1854; x_wconf 82' lang='grc' dir='ltr'>ταῦτα</span> <span class='ocrx_word' id='word_1_144' title='bbox 683 1801 929 1872; x_wconf 81' lang='grc' dir='ltr'>λέγομεν,</span> <span class='ocrx_word' id='word_1_145' title='bbox 968 1802 1063 1856; x_wconf 71' lang='grc' dir='ltr'>καὶ</span> <span class='ocrx_word' id='word_1_146' title='bbox 1098 1802 1561 1875; x_wconf 74' lang='grc' dir='ltr'>ἀναθεματίζομεν</span> <span class='ocrx_word' id='word_1_147' title='bbox 1593 1779 1721 1868; x_wconf 80' lang='grc' dir='ltr'>τοὺς</span> <span class='ocrx_word' id='word_1_148' title='bbox 1744 1804 1927 1873; x_wconf 84' lang='grc' dir='ltr'>λέγον·</span> <span class='ocrx_word' id='word_1_149' title='bbox 1958 1779 1999 1833; x_wconf 77' lang='grc' dir='ltr'><strong>Β</strong></span> 
     </span>
    </p>
   </div>
   <div class='ocr_carea' id='block_1_21' title="bbox 374 1891 1924 1967">
    <p class='ocr_par' dir='ltr' id='par_1_21' title="bbox 374 1891 1924 1967">
     <span class='ocr_line' id='line_1_21' title="bbox 374 1891 1924 1967; baseline 0.003 -23"><span class='ocrx_word' id='word_1_150' title='bbox 374 1907 470 1953; x_wconf 86' lang='grc' dir='ltr'><strong>τας</strong></span> <span class='ocrx_word' id='word_1_151' title='bbox 498 1892 590 1944; x_wconf 73' lang='grc' dir='ltr'>καὶ</span> <span class='ocrx_word' id='word_1_152' title='bbox 617 1892 960 1962; x_wconf 74' lang='grc' dir='ltr'>φρονοῦντας,</span> <span class='ocrx_word' id='word_1_153' title='bbox 986 1894 1115 1947; x_wconf 79' lang='grc' dir='ltr'>ποτὲ</span> <span class='ocrx_word' id='word_1_154' title='bbox 1141 1894 1230 1948; x_wconf 80' lang='grc' dir='ltr'>τὸν</span> <span class='ocrx_word' id='word_1_155' title='bbox 1247 1895 1464 1965; x_wconf 77' lang='grc' dir='ltr'>Πατέρα</span> <span class='ocrx_word' id='word_1_156' title='bbox 1485 1891 1620 1948; x_wconf 77' lang='grc' dir='ltr'>εἶναι</span> <span class='ocrx_word' id='word_1_157' title='bbox 1647 1896 1813 1967; x_wconf 77' lang='grc' dir='ltr'>χωρὶς</span> <span class='ocrx_word' id='word_1_158' title='bbox 1832 1893 1924 1948; x_wconf 86' lang='grc' dir='ltr'><strong>τοῦ</strong></span> 
     </span>
    </p>
   </div>
   <div class='ocr_carea' id='block_1_22' title="bbox 374 1981 1926 2058">
    <p class='ocr_par' dir='ltr' id='par_1_22' title="bbox 374 1981 1926 2058">
     <span class='ocr_line' id='line_1_22' title="bbox 374 1981 1926 2058; baseline 0.003 -24"><span class='ocrx_word' id='word_1_159' title='bbox 374 1981 524 2045; x_wconf 86' lang='grc' dir='ltr'>Υἱοῦ,</span> <span class='ocrx_word' id='word_1_160' title='bbox 577 1983 670 2036; x_wconf 65' lang='grc' dir='ltr'><strong>καλ⁸</strong></span> <span class='ocrx_word' id='word_1_161' title='bbox 714 1983 839 2037; x_wconf 83' lang='grc' dir='ltr'>ποτὲ</span> <span class='ocrx_word' id='word_1_162' title='bbox 871 1984 959 2037; x_wconf 76' lang='grc' dir='ltr'>τὸν</span> <span class='ocrx_word' id='word_1_163' title='bbox 1003 1985 1218 2058; x_wconf 79' lang='grc' dir='ltr'>Πατέρα</span> <span class='ocrx_word' id='word_1_164' title='bbox 1242 1986 1448 2040; x_wconf 79' lang='grc' dir='ltr'>καὶτὸν</span> <span class='ocrx_word' id='word_1_165' title='bbox 1493 1986 1621 2040; x_wconf 77' lang='grc' dir='ltr'>Υἱδν</span> <span class='ocrx_word' id='word_1_166' title='bbox 1644 1988 1809 2058; x_wconf 74' lang='grc' dir='ltr'>χωρὶς</span> <span class='ocrx_word' id='word_1_167' title='bbox 1832 1986 1926 2039; x_wconf 88' lang='grc' dir='ltr'><strong>τοῦ</strong></span> 
     </span>
    </p>
   </div>
   <div class='ocr_carea' id='block_1_23' title="bbox 375 2072 1929 2148">
    <p class='ocr_par' dir='ltr' id='par_1_23' title="bbox 375 2072 1929 2148">
     <span class='ocr_line' id='line_1_23' title="bbox 375 2072 1929 2148; baseline 0.004 -23"><span class='ocrx_word' id='word_1_168' title='bbox 375 2072 528 2142; x_wconf 82' lang='grc' dir='ltr'>ἁγίου</span> <span class='ocrx_word' id='word_1_169' title='bbox 560 2074 889 2145; x_wconf 85' lang='grc' dir='ltr'>Πνεύματος.</span> <span class='ocrx_word' id='word_1_170' title='bbox 920 2074 1145 2148; x_wconf 81' lang='grc' dir='ltr'>Πνεῦμα</span> <span class='ocrx_word' id='word_1_171' title='bbox 1169 2078 1276 2147; x_wconf 88' lang='grc' dir='ltr'>γὰρ</span> <span class='ocrx_word' id='word_1_172' title='bbox 1299 2077 1431 2131; x_wconf 83' lang='grc' dir='ltr'>Θεοῦ</span> <span class='ocrx_word' id='word_1_173' title='bbox 1466 2080 1601 2141; x_wconf 85' lang='grc' dir='ltr'>ἐστι,</span> <span class='ocrx_word' id='word_1_174' title='bbox 1630 2078 1721 2132; x_wconf 78' lang='grc' dir='ltr'><strong>καὶ</strong></span> <span class='ocrx_word' id='word_1_175' title='bbox 1750 2078 1929 2132; x_wconf 86' lang='grc' dir='ltr'>τελεία</span> 
     </span>
    </p>
   </div>
   <div class='ocr_carea' id='block_1_24' title="bbox 375 2164 1931 2242">
    <p class='ocr_par' dir='ltr' id='par_1_24' title="bbox 375 2164 1931 2242">
     <span class='ocr_line' id='line_1_24' title="bbox 375 2164 1931 2242; baseline 0.004 -23"><span class='ocrx_word' id='word_1_176' title='bbox 375 2164 465 2219; x_wconf 76' lang='grc' dir='ltr'>καὶ</span> <span class='ocrx_word' id='word_1_177' title='bbox 503 2165 671 2229; x_wconf 79' lang='grc' dir='ltr'>ἀΐδιός</span> <span class='ocrx_word' id='word_1_178' title='bbox 711 2169 922 2239; x_wconf 75' lang='grc' dir='ltr'>ἐστινὴ</span> <span class='ocrx_word' id='word_1_179' title='bbox 970 2169 1155 2239; x_wconf 85' lang='grc' dir='ltr'>Τριάς.</span> <span class='ocrx_word' id='word_1_180' title='bbox 1207 2169 1689 2242; x_wconf 77' lang='grc' dir='ltr'>Ἀναθεματίζομέν</span> <span class='ocrx_word' id='word_1_181' title='bbox 1736 2187 1794 2225; x_wconf 80' lang='grc' dir='ltr'><strong>τε</strong></span> <span class='ocrx_word' id='word_1_182' title='bbox 1838 2171 1931 2225; x_wconf 61' lang='grc' dir='ltr'><strong>καί⁵</strong></span> 
     </span>
    </p>
   </div>
   <div class='ocr_carea' id='block_1_25' title="bbox 373 2256 1931 2332">
    <p class='ocr_par' dir='ltr' id='par_1_25' title="bbox 373 2256 1931 2332">
     <span class='ocr_line' id='line_1_25' title="bbox 373 2256 1931 2332; baseline 0.004 -22"><span class='ocrx_word' id='word_1_183' title='bbox 373 2258 497 2321; x_wconf 82' lang='grc' dir='ltr'>τοὺς</span> <span class='ocrx_word' id='word_1_184' title='bbox 525 2256 617 2311; x_wconf 89' lang='grc' dir='ltr'><strong>νῦν</strong></span> <span class='ocrx_word' id='word_1_185' title='bbox 648 2257 976 2325; x_wconf 78' lang='grc' dir='ltr'><strong>ἐξελθόντας,</strong></span> <span class='ocrx_word' id='word_1_186' title='bbox 995 2260 1088 2313; x_wconf 78' lang='grc' dir='ltr'>καὶ</span> <span class='ocrx_word' id='word_1_187' title='bbox 1116 2260 1438 2331; x_wconf 74' lang='grc' dir='ltr'>λεγομένους</span> <span class='ocrx_word' id='word_1_188' title='bbox 1473 2262 1781 2332; x_wconf 85' lang='grc' dir='ltr'>’Λνομοίους</span> <span class='ocrx_word' id='word_1_189' title='bbox 1801 2277 1815 2290; x_wconf 86' lang='grc'><strong>·</strong></span> <span class='ocrx_word' id='word_1_190' title='bbox 1835 2265 1931 2317; x_wconf 73' lang='grc' dir='ltr'><strong>καὶ</strong></span> 
     </span>
    </p>
   </div>
   <div class='ocr_carea' id='block_1_26' title="bbox 378 2348 1930 2425">
    <p class='ocr_par' dir='ltr' id='par_1_26' title="bbox 378 2348 1930 2425">
     <span class='ocr_line' id='line_1_26' title="bbox 378 2348 1930 2425; baseline 0.004 -23"><span class='ocrx_word' id='word_1_191' title='bbox 378 2350 476 2403; x_wconf 73' lang='grc' dir='ltr'>σὺν</span> <span class='ocrx_word' id='word_1_192' title='bbox 501 2349 681 2414; x_wconf 83' lang='grc' dir='ltr'>αὐτοῖς</span> <span class='ocrx_word' id='word_1_193' title='bbox 714 2349 809 2421; x_wconf 82' lang='grc' dir='ltr'>τὴν</span> <span class='ocrx_word' id='word_1_194' title='bbox 834 2348 928 2403; x_wconf 89' lang='grc' dir='ltr'><strong>τοῦ</strong></span> <span class='ocrx_word' id='word_1_195' title='bbox 964 2351 1319 2421; x_wconf 83' lang='grc' dir='ltr'>Σαμοσατέως</span> <span class='ocrx_word' id='word_1_196' title='bbox 1342 2352 1432 2405; x_wconf 74' lang='grc' dir='ltr'><strong>καὶ</strong></span> <span class='ocrx_word' id='word_1_197' title='bbox 1453 2353 1716 2407; x_wconf 82' lang='grc' dir='ltr'>Φωτείνου</span> <span class='ocrx_word' id='word_1_198' title='bbox 1750 2371 1930 2425; x_wconf 88' lang='grc' dir='ltr'>παρα-</span> 
     </span>
    </p>
   </div>
   <div class='ocr_carea' id='block_1_27' title="bbox 376 2439 1932 2514">
    <p class='ocr_par' dir='ltr' id='par_1_27' title="bbox 376 2439 1932 2514">
     <span class='ocr_line' id='line_1_27' title="bbox 376 2439 1932 2514; baseline 0.004 -21"><span class='ocrx_word' id='word_1_199' title='bbox 376 2439 665 2511; x_wconf 83' lang='grc' dir='ltr'>φροσύνην,</span> <span class='ocrx_word' id='word_1_200' title='bbox 690 2440 783 2494; x_wconf 72' lang='grc' dir='ltr'><strong>καὶ</strong></span> <span class='ocrx_word' id='word_1_201' title='bbox 811 2440 937 2504; x_wconf 77' lang='grc' dir='ltr'>τοὺς</span> <span class='ocrx_word' id='word_1_202' title='bbox 966 2440 1034 2494; x_wconf 83' lang='grc' dir='ltr'>τὰ</span> <span class='ocrx_word' id='word_1_203' title='bbox 1060 2441 1198 2496; x_wconf 77' lang='grc' dir='ltr'>αὐτὰ</span> <span class='ocrx_word' id='word_1_204' title='bbox 1231 2442 1554 2514; x_wconf 83' lang='grc' dir='ltr'>φρονοῦντας</span> <span class='ocrx_word' id='word_1_205' title='bbox 1584 2443 1781 2508; x_wconf 81' lang='grc' dir='ltr'>αὐτοῖς.</span> <span class='ocrx_word' id='word_1_206' title='bbox 1811 2446 1932 2499; x_wconf 81' lang='grc' dir='ltr'>’Ότι</span> 
     </span>
    </p>
   </div>
   <div class='ocr_carea' id='block_1_28' title="bbox 379 2528 1934 2601">
    <p class='ocr_par' dir='ltr' id='par_1_28' title="bbox 379 2528 1934 2601">
     <span class='ocr_line' id='line_1_28' title="bbox 379 2528 1934 2601; baseline 0.005 -19"><span class='ocrx_word' id='word_1_207' title='bbox 379 2529 454 2601; x_wconf 82' lang='grc' dir='ltr'>μὴ</span> <span class='ocrx_word' id='word_1_208' title='bbox 476 2529 690 2598; x_wconf 83' lang='grc' dir='ltr'>λέγουσι</span> <span class='ocrx_word' id='word_1_209' title='bbox 714 2529 804 2583; x_wconf 79' lang='grc' dir='ltr'>τὸν</span> <span class='ocrx_word' id='word_1_210' title='bbox 825 2529 918 2583; x_wconf 89' lang='grc' dir='ltr'><strong>τοῦ</strong></span> <span class='ocrx_word' id='word_1_211' title='bbox 941 2528 1075 2584; x_wconf 84' lang='grc' dir='ltr'>Θεοῦ</span> <span class='ocrx_word' id='word_1_212' title='bbox 1098 2531 1267 2600; x_wconf 88' lang='grc' dir='ltr'>Λόγον</span> <span class='ocrx_word' id='word_1_213' title='bbox 1290 2530 1463 2596; x_wconf 76' lang='grc' dir='ltr'>ζῶντα</span> <span class='ocrx_word' id='word_1_214' title='bbox 1486 2533 1655 2601; x_wconf 86' lang='grc' dir='ltr'>Λόγον</span> <span class='ocrx_word' id='word_1_215' title='bbox 1680 2529 1815 2587; x_wconf 75' lang='grc' dir='ltr'>εἶναι</span> <span class='ocrx_word' id='word_1_216' title='bbox 1840 2536 1934 2589; x_wconf 75' lang='grc' dir='ltr'>καὶ</span> 
     </span>
    </p>
   </div>
   <div class='ocr_carea' id='block_1_29' title="bbox 377 2614 1932 2696">
    <p class='ocr_par' dir='ltr' id='par_1_29' title="bbox 377 2614 1932 2696">
     <span class='ocr_line' id='line_1_29' title="bbox 377 2614 1932 2696; baseline 0.005 -24"><span class='ocrx_word' id='word_1_217' title='bbox 377 2621 594 2692; x_wconf 87' lang='grc' dir='ltr'>ἐνεργῆ,</span> <span class='ocrx_word' id='word_1_218' title='bbox 627 2618 692 2673; x_wconf 87' lang='grc' dir='ltr'><strong>δι’</strong></span> <span class='ocrx_word' id='word_1_219' title='bbox 721 2614 780 2675; x_wconf 78' lang='grc' dir='ltr'><strong>οῦ</strong></span> <span class='ocrx_word' id='word_1_220' title='bbox 804 2620 874 2674; x_wconf 82' lang='grc' dir='ltr'>τὰ</span> <span class='ocrx_word' id='word_1_221' title='bbox 909 2622 1084 2676; x_wconf 84' lang='grc' dir='ltr'>πάντα</span> <span class='ocrx_word' id='word_1_222' title='bbox 1111 2622 1342 2691; x_wconf 82' lang='grc' dir='ltr'>ἐγένετο,</span> <span class='ocrx_word' id='word_1_223' title='bbox 1379 2622 1512 2677; x_wconf 83' lang='grc' dir='ltr'>ἀλλὰ</span> <span class='ocrx_word' id='word_1_224' title='bbox 1535 2624 1611 2688; x_wconf 85' lang='grc' dir='ltr'><strong>ὡς</strong></span> <span class='ocrx_word' id='word_1_225' title='bbox 1647 2624 1932 2696; x_wconf 83' lang='grc' dir='ltr'>ἀνθρώπου</span> 
     </span>
    </p>
   </div>
   <div class='ocr_carea' id='block_1_30' title="bbox 377 2709 1935 2788">
    <p class='ocr_par' dir='ltr' id='par_1_30' title="bbox 377 2709 1935 2788">
     <span class='ocr_line' id='line_1_30' title="bbox 377 2709 1935 2788; baseline 0.005 -25"><span class='ocrx_word' id='word_1_226' title='bbox 377 2709 529 2777; x_wconf 84' lang='grc' dir='ltr'>λόγον</span> <span class='ocrx_word' id='word_1_227' title='bbox 561 2712 893 2783; x_wconf 82' lang='grc' dir='ltr'>προφορικὸν</span> <span class='ocrx_word' id='word_1_228' title='bbox 944 2713 1135 2784; x_wconf 76' lang='grc' dir='ltr'>μόνον’</span> <span class='ocrx_word' id='word_1_229' title='bbox 1167 2716 1261 2768; x_wconf 71' lang='grc' dir='ltr'><strong>καὶ</strong></span> <span class='ocrx_word' id='word_1_230' title='bbox 1299 2714 1379 2768; x_wconf 77' lang='grc' dir='ltr'>ὅτι</span> <span class='ocrx_word' id='word_1_231' title='bbox 1433 2716 1506 2787; x_wconf 82' lang='grc' dir='ltr'>μὴ</span> <span class='ocrx_word' id='word_1_232' title='bbox 1557 2716 1808 2788; x_wconf 75' lang='grc' dir='ltr'>φρονοῦσι</span> <span class='ocrx_word' id='word_1_233' title='bbox 1844 2718 1935 2771; x_wconf 81' lang='grc' dir='ltr'>τὸν</span> 
     </span>
    </p>
   </div>
   <div class='ocr_carea' id='block_1_31' title="bbox 377 2798 1935 2880">
    <p class='ocr_par' dir='ltr' id='par_1_31' title="bbox 377 2798 1935 2880">
     <span class='ocr_line' id='line_1_31' title="bbox 377 2798 1935 2880; baseline 0.005 -27"><span class='ocrx_word' id='word_1_234' title='bbox 377 2800 508 2854; x_wconf 77' lang='grc' dir='ltr'>Υίὸν</span> <span class='ocrx_word' id='word_1_235' title='bbox 528 2801 621 2853; x_wconf 89' lang='grc' dir='ltr'><strong>τοῦ</strong></span> <span class='ocrx_word' id='word_1_236' title='bbox 649 2802 782 2854; x_wconf 87' lang='grc' dir='ltr'>Θεοῦ</span> <span class='ocrx_word' id='word_1_237' title='bbox 800 2802 959 2855; x_wconf 80' lang='grc' dir='ltr'>αὐτὸν</span> <span class='ocrx_word' id='word_1_238' title='bbox 984 2798 1122 2856; x_wconf 84' lang='grc' dir='ltr'>εἶναι</span> <span class='ocrx_word' id='word_1_239' title='bbox 1143 2804 1234 2858; x_wconf 86' lang='grc' dir='ltr'>τὸν</span> <span class='ocrx_word' id='word_1_240' title='bbox 1255 2805 1422 2873; x_wconf 84' lang='grc' dir='ltr'>Λόγον</span> <span class='ocrx_word' id='word_1_241' title='bbox 1439 2821 1452 2834; x_wconf 83' lang='grc'><em>’</em></span> <span class='ocrx_word' id='word_1_242' title='bbox 1481 2806 1614 2860; x_wconf 73' lang='grc' dir='ltr'>ἀλλὰ</span> <span class='ocrx_word' id='word_1_243' title='bbox 1638 2808 1935 2880; x_wconf 85' lang='grc' dir='ltr'>διαιροῦσιν</span> 
     </span>
    </p>
   </div>
   <div class='ocr_carea' id='block_1_32' title="bbox 378 2890 1938 2966">
    <p class='ocr_par' dir='ltr' id='par_1_32' title="bbox 378 2890 1938 2966">
     <span class='ocr_line' id='line_1_32' title="bbox 378 2890 1938 2966; baseline 0.003 -22"><span class='ocrx_word' id='word_1_244' title='bbox 378 2891 604 2959; x_wconf 83' lang='grc' dir='ltr'>ἀλόγως,</span> <span class='ocrx_word' id='word_1_245' title='bbox 640 2890 732 2943; x_wconf 69' lang='grc' dir='ltr'>καὶ</span> <span class='ocrx_word' id='word_1_246' title='bbox 772 2891 944 2962; x_wconf 85' lang='grc' dir='ltr'>ἀρχὴν</span> <span class='ocrx_word' id='word_1_247' title='bbox 972 2890 1048 2961; x_wconf 80' lang='grc' dir='ltr'><strong>τῷ</strong></span> <span class='ocrx_word' id='word_1_248' title='bbox 1068 2891 1181 2961; x_wconf 61' lang='lat' dir='ltr'><strong>mp</strong></span> <span class='ocrx_word' id='word_1_249' title='bbox 1214 2892 1443 2945; x_wconf 82' lang='grc' dir='ltr'>διδοῦσιν</span> <span class='ocrx_word' id='word_1_250' title='bbox 1475 2894 1581 2946; x_wconf 86' lang='grc' dir='ltr'><strong>ἀπὸ</strong></span> <span class='ocrx_word' id='word_1_251' title='bbox 1607 2896 1704 2966; x_wconf 83' lang='grc' dir='ltr'>τῆς</span> <span class='ocrx_word' id='word_1_252' title='bbox 1729 2897 1793 2947; x_wconf 87' lang='grc' dir='ltr'><strong>ἐκ</strong></span> <span class='ocrx_word' id='word_1_253' title='bbox 1819 2896 1938 2949; x_wconf 89' lang='grc' dir='ltr'><strong>Μα-</strong></span> 
     </span>
    </p>
   </div>
   <div class='ocr_carea' id='block_1_33' title="bbox 383 2978 1937 3056">
    <p class='ocr_par' dir='ltr' id='par_1_33' title="bbox 383 2978 1937 3056">
     <span class='ocr_line' id='line_1_33' title="bbox 383 2978 1937 3056; baseline 0.005 -27"><span class='ocrx_word' id='word_1_254' title='bbox 383 2979 498 3048; x_wconf 89' lang='grc' dir='ltr'>ρίας</span> <span class='ocrx_word' id='word_1_255' title='bbox 526 2978 665 3032; x_wconf 81' lang='grc' dir='ltr'>κατὰ</span> <span class='ocrx_word' id='word_1_256' title='bbox 689 2979 865 3047; x_wconf 87' lang='grc' dir='ltr'>σάρκα</span> <span class='ocrx_word' id='word_1_257' title='bbox 886 2980 1169 3047; x_wconf 83' lang='grc' dir='ltr'>γενέσεως,</span> <span class='ocrx_word' id='word_1_258' title='bbox 1195 2980 1635 3052; x_wconf 73' lang='grc' dir='ltr'>βλασφημοῦντες</span> <span class='ocrx_word' id='word_1_259' title='bbox 1652 3002 1665 3015; x_wconf 90' lang='grc'><strong>·</strong></span> <span class='ocrx_word' id='word_1_260' title='bbox 1691 2985 1770 3036; x_wconf 81' lang='grc' dir='ltr'>ὅτι</span> <span class='ocrx_word' id='word_1_261' title='bbox 1802 2984 1937 3056; x_wconf 84' lang='grc' dir='ltr'>μηδὲ</span> 
     </span>
    </p>
   </div>
   <div class='ocr_carea' id='block_1_34' title="bbox 379 3077 1531 3151">
    <p class='ocr_par' dir='ltr' id='par_1_34' title="bbox 379 3077 1531 3151">
     <span class='ocr_line' id='line_1_34' title="bbox 379 3077 1531 3151; baseline 0.009 -22"><span class='ocrx_word' id='word_1_262' title='bbox 379 3078 508 3130; x_wconf 84' lang='grc' dir='ltr'>Θεὸν</span> <span class='ocrx_word' id='word_1_263' title='bbox 532 3079 779 3151; x_wconf 80' lang='grc' dir='ltr'>ἀληθινὸν</span> <span class='ocrx_word' id='word_1_264' title='bbox 811 3081 970 3136; x_wconf 82' lang='grc' dir='ltr'>αὐτὸν</span> <span class='ocrx_word' id='word_1_265' title='bbox 1007 3077 1144 3137; x_wconf 78' lang='grc' dir='ltr'>εἶναι</span> <span class='ocrx_word' id='word_1_266' title='bbox 1173 3084 1531 3139; x_wconf 84' lang='grc' dir='ltr'>πιστεύουσιν.</span> 
     </span>
    </p>
   </div>
   <div class='ocr_carea' id='block_1_35' title="bbox 2021 525 3574 594">
    <p class='ocr_par' dir='ltr' id='par_1_35' title="bbox 2021 525 3574 594">
     <span class='ocr_line' id='line_1_35' title="bbox 2021 525 3574 594; baseline 0.004 -12"><span class='ocrx_word' id='word_1_267' title='bbox 2021 537 2102 582; x_wconf 91' lang='lat' dir='ltr'><strong>set</strong></span> <span class='ocrx_word' id='word_1_268' title='bbox 2144 529 2287 582; x_wconf 89' lang='lat' dir='ltr'><strong>circa</strong></span> <span class='ocrx_word' id='word_1_269' title='bbox 2329 528 2602 582; x_wconf 84' lang='lat' dir='ltr'><strong>carnalem</strong></span> <span class='ocrx_word' id='word_1_270' title='bbox 2655 525 2958 582; x_wconf 85' lang='lat' dir='ltr'><strong>Servatoris</strong></span> <span class='ocrx_word' id='word_1_271' title='bbox 3006 528 3317 594; x_wconf 75' lang='lat' dir='ltr'><strong>adventum,</strong></span> <span class='ocrx_word' id='word_1_272' title='bbox 3349 546 3574 588; x_wconf 89' lang='lat' dir='ltr'><strong>necesse</strong></span> 
     </span>
    </p>
   </div>
   <div class='ocr_carea' id='block_1_36' title="bbox 2020 617 3572 689">
    <p class='ocr_par' dir='ltr' id='par_1_36' title="bbox 2020 617 3572 689">
     <span class='ocr_line' id='line_1_36' title="bbox 2020 617 3572 689; baseline 0.003 -17"><span class='ocrx_word' id='word_1_273' title='bbox 2020 634 2234 689; x_wconf 88' lang='lat' dir='ltr'><strong>quoque</strong></span> <span class='ocrx_word' id='word_1_274' title='bbox 2269 617 2431 673; x_wconf 90' lang='lat' dir='ltr'><strong>fuerit</strong></span> <span class='ocrx_word' id='word_1_275' title='bbox 2464 626 2524 671; x_wconf 94' lang='lat' dir='ltr'><strong>ut</strong></span> <span class='ocrx_word' id='word_1_276' title='bbox 2560 633 2623 673; x_wconf 88' lang='lat' dir='ltr'><strong>ea</strong></span> <span class='ocrx_word' id='word_1_277' title='bbox 2661 619 2727 674; x_wconf 90' lang='lat' dir='ltr'><strong>de</strong></span> <span class='ocrx_word' id='word_1_278' title='bbox 2758 633 2818 671; x_wconf 90' lang='lat' dir='ltr'><strong>re</strong></span> <span class='ocrx_word' id='word_1_279' title='bbox 2855 620 3100 688; x_wconf 70' lang='lat' dir='ltr'><strong>quaedam</strong></span> <span class='ocrx_word' id='word_1_280' title='bbox 3148 620 3344 676; x_wconf 90' lang='lat' dir='ltr'><strong>litteris</strong></span> <span class='ocrx_word' id='word_1_281' title='bbox 3390 625 3572 678; x_wconf 86' lang='lat' dir='ltr'><strong>consi-</strong></span> 
     </span>
    </p>
   </div>
   <div class='ocr_carea' id='block_1_37' title="bbox 2021 709 3575 781">
    <p class='ocr_par' dir='ltr' id='par_1_37' title="bbox 2021 709 3575 781">
     <span class='ocr_line' id='line_1_37' title="bbox 2021 709 3575 781; baseline 0.003 -17"><span class='ocrx_word' id='word_1_282' title='bbox 2021 726 2280 780; x_wconf 81' lang='lat' dir='ltr'><strong>gnemus;</strong></span> <span class='ocrx_word' id='word_1_283' title='bbox 2312 710 2456 781; x_wconf 88' lang='lat' dir='ltr'><strong>quod</strong></span> <span class='ocrx_word' id='word_1_284' title='bbox 2485 711 2701 765; x_wconf 85' lang='lat' dir='ltr'><strong>scilicet</strong></span> <span class='ocrx_word' id='word_1_285' title='bbox 2738 709 3001 766; x_wconf 84' lang='lat' dir='ltr'><strong>Dominus</strong></span> <span class='ocrx_word' id='word_1_286' title='bbox 3029 719 3081 765; x_wconf 89' lang='lat' dir='ltr'><strong>et</strong></span> <span class='ocrx_word' id='word_1_287' title='bbox 3115 710 3364 766; x_wconf 81' lang='lat' dir='ltr'><strong>Salvator</strong></span> <span class='ocrx_word' id='word_1_288' title='bbox 3391 720 3575 769; x_wconf 84' lang='lat' dir='ltr'><strong>noster</strong></span> 
     </span>
    </p>
   </div>
   <div class='ocr_carea' id='block_1_38' title="bbox 2020 800 3575 873">
    <p class='ocr_par' dir='ltr' id='par_1_38' title="bbox 2020 800 3575 873">
     <span class='ocr_line' id='line_1_38' title="bbox 2020 800 3575 873; baseline 0.002 -17"><span class='ocrx_word' id='word_1_289' title='bbox 2020 801 2292 865; x_wconf 77' lang='lat' dir='ltr'><strong>Christus,</strong></span> <span class='ocrx_word' id='word_1_290' title='bbox 2327 817 2437 855; x_wconf 90' lang='lat' dir='ltr'><strong>non</strong></span> <span class='ocrx_word' id='word_1_291' title='bbox 2468 800 2919 871; x_wconf 76' lang='lat' dir='ltr'><strong>quemadmodum</strong></span> <span class='ocrx_word' id='word_1_292' title='bbox 2960 802 3025 856; x_wconf 89' lang='lat' dir='ltr'><strong>ad</strong></span> <span class='ocrx_word' id='word_1_293' title='bbox 3072 803 3360 872; x_wconf 83' lang='lat' dir='ltr'><strong>prophetas</strong></span> <span class='ocrx_word' id='word_1_294' title='bbox 3403 803 3575 873; x_wconf 74' lang='lat' dir='ltr'><strong>factus</strong></span> 
     </span>
    </p>
   </div>
   <div class='ocr_carea' id='block_1_39' title="bbox 1997 890 3574 955">
    <p class='ocr_par' dir='ltr' id='par_1_39' title="bbox 1997 890 3574 955">
     <span class='ocr_line' id='line_1_39' title="bbox 1997 890 3574 955; baseline 0.003 -11"><span class='ocrx_word' id='word_1_295' title='bbox 1997 901 2119 955; x_wconf 76' lang='lat' dir='ltr'><strong>est,</strong></span> <span class='ocrx_word' id='word_1_296' title='bbox 2151 890 2224 944; x_wconf 85' lang='lat' dir='ltr'><strong>ita</strong></span> <span class='ocrx_word' id='word_1_297' title='bbox 2259 892 2311 946; x_wconf 89' lang='lat' dir='ltr'><strong>in</strong></span> <span class='ocrx_word' id='word_1_298' title='bbox 2348 892 2815 947; x_wconf 84' lang='lat' dir='ltr'><strong>consummatione</strong></span> <span class='ocrx_word' id='word_1_299' title='bbox 2847 892 3168 946; x_wconf 76' lang='lat' dir='ltr'><strong>szeculorum</strong></span> <span class='ocrx_word' id='word_1_300' title='bbox 3219 894 3496 949; x_wconf 81' lang='lat' dir='ltr'><strong>advenerit</strong></span> <span class='ocrx_word' id='word_1_301' title='bbox 3522 898 3574 949; x_wconf 88' lang='lat' dir='ltr'><strong>in</strong></span> 
     </span>
    </p>
   </div>
   <div class='ocr_carea' id='block_1_40' title="bbox 2023 981 3577 1054">
    <p class='ocr_par' dir='ltr' id='par_1_40' title="bbox 2023 981 3577 1054">
     <span class='ocr_line' id='line_1_40' title="bbox 2023 981 3577 1054; baseline 0.003 -20"><span class='ocrx_word' id='word_1_302' title='bbox 2023 990 2271 1036; x_wconf 89' lang='lat' dir='ltr'><strong>sanctum</strong></span> <span class='ocrx_word' id='word_1_303' title='bbox 2311 982 2602 1037; x_wconf 84' lang='lat' dir='ltr'><strong>hominem.</strong></span> <span class='ocrx_word' id='word_1_304' title='bbox 2640 981 2745 1038; x_wconf 87' lang='lat' dir='ltr'><strong>Sed</strong></span> <span class='ocrx_word' id='word_1_305' title='bbox 2762 983 3057 1048; x_wconf 89' lang='lat' dir='ltr'><strong>credimus,</strong></span> <span class='ocrx_word' id='word_1_306' title='bbox 3081 985 3247 1054; x_wconf 88' lang='lat' dir='ltr'><strong>quod,</strong></span> <span class='ocrx_word' id='word_1_307' title='bbox 3279 984 3577 1039; x_wconf 89' lang='lat' dir='ltr'><strong>secundum</strong></span> 
     </span>
    </p>
   </div>
   <div class='ocr_carea' id='block_1_41' title="bbox 2021 1070 3577 1139">
    <p class='ocr_par' dir='ltr' id='par_1_41' title="bbox 2021 1070 3577 1139">
     <span class='ocr_line' id='line_1_41' title="bbox 2021 1070 3577 1139; baseline 0.001 -13"><span class='ocrx_word' id='word_1_308' title='bbox 2021 1070 2283 1127; x_wconf 77' lang='lat' dir='ltr'><strong>Joannem</strong></span> <span class='ocrx_word' id='word_1_309' title='bbox 2308 1071 2604 1139; x_wconf 77' lang='lat' dir='ltr'><strong>’,Verhum</strong></span> <span class='ocrx_word' id='word_1_310' title='bbox 2638 1090 2766 1129; x_wconf 87' lang='lat' dir='ltr'><strong>caro</strong></span> <span class='ocrx_word' id='word_1_311' title='bbox 2801 1075 2999 1129; x_wconf 82' lang='lat' dir='ltr'><strong>factum</strong></span> <span class='ocrx_word' id='word_1_312' title='bbox 3042 1077 3134 1139; x_wconf 86' lang='lat' dir='ltr'><strong>sit,</strong></span> <span class='ocrx_word' id='word_1_313' title='bbox 3184 1085 3236 1130; x_wconf 90' lang='lat' dir='ltr'><strong>et</strong></span> <span class='ocrx_word' id='word_1_314' title='bbox 3281 1076 3577 1130; x_wconf 90' lang='lat' dir='ltr'><strong>secundum</strong></span> 
     </span>
    </p>
   </div>
   <div class='ocr_carea' id='block_1_42' title="bbox 2023 1164 3579 1237">
    <p class='ocr_par' dir='ltr' id='par_1_42' title="bbox 2023 1164 3579 1237">
     <span class='ocr_line' id='line_1_42' title="bbox 2023 1164 3579 1237; baseline 0.001 -21"><span class='ocrx_word' id='word_1_315' title='bbox 2023 1164 2345 1234; x_wconf 82' lang='lat' dir='ltr'><strong>Apostolum</strong></span> <span class='ocrx_word' id='word_1_316' title='bbox 2363 1164 2404 1231; x_wconf 86' lang='grc'>⁸,</span> <span class='ocrx_word' id='word_1_317' title='bbox 2432 1164 2575 1237; x_wconf 85' lang='lat' dir='ltr'><strong>quod</strong></span> <span class='ocrx_word' id='word_1_318' title='bbox 2609 1180 2730 1219; x_wconf 86' lang='lat' dir='ltr'><strong>cum</strong></span> <span class='ocrx_word' id='word_1_319' title='bbox 2762 1166 2814 1219; x_wconf 93' lang='lat' dir='ltr'><strong>in</strong></span> <span class='ocrx_word' id='word_1_320' title='bbox 2846 1165 3016 1221; x_wconf 87' lang='lat' dir='ltr'><strong>forma</strong></span> <span class='ocrx_word' id='word_1_321' title='bbox 3051 1167 3140 1220; x_wconf 87' lang='lat' dir='ltr'><strong>Dei</strong></span> <span class='ocrx_word' id='word_1_322' title='bbox 3169 1173 3331 1230; x_wconf 87' lang='lat' dir='ltr'><strong>esset,</strong></span> <span class='ocrx_word' id='word_1_323' title='bbox 3363 1172 3579 1236; x_wconf 82' lang='lat' dir='ltr'><strong>propter</strong></span> 
     </span>
    </p>
   </div>
   <div class='ocr_carea' id='block_1_43' title="bbox 2023 1255 3582 1326">
    <p class='ocr_par' dir='ltr' id='par_1_43' title="bbox 2023 1255 3582 1326">
     <span class='ocr_line' id='line_1_43' title="bbox 2023 1255 3582 1326; baseline -0.001 -14"><span class='ocrx_word' id='word_1_324' title='bbox 2023 1272 2126 1313; x_wconf 89' lang='lat' dir='ltr'><strong>nos</strong></span> <span class='ocrx_word' id='word_1_325' title='bbox 2153 1257 2424 1324; x_wconf 88' lang='lat' dir='ltr'><strong>acceperit</strong></span> <span class='ocrx_word' id='word_1_326' title='bbox 2447 1256 2590 1310; x_wconf 83' lang='lat' dir='ltr'><strong>servi</strong></span> <span class='ocrx_word' id='word_1_327' title='bbox 2623 1255 2875 1320; x_wconf 88' lang='lat' dir='ltr'><strong>formam,</strong></span> <span class='ocrx_word' id='word_1_328' title='bbox 2906 1255 3204 1311; x_wconf 91' lang='lat' dir='ltr'><strong>secundum</strong></span> <span class='ocrx_word' id='word_1_329' title='bbox 3242 1271 3461 1311; x_wconf 91' lang='lat' dir='ltr'><strong>carnem</strong></span> <span class='ocrx_word' id='word_1_330' title='bbox 3488 1273 3582 1326; x_wconf 74' lang='lat' dir='ltr'><strong>ge-</strong></span> 
     </span>
    </p>
   </div>
   <div class='ocr_carea' id='block_1_44' title="bbox 2023 1345 3578 1417">
    <p class='ocr_par' dir='ltr' id='par_1_44' title="bbox 2023 1345 3578 1417">
     <span class='ocr_line' id='line_1_44' title="bbox 2023 1345 3578 1417; baseline 0 -15"><span class='ocrx_word' id='word_1_331' title='bbox 2023 1348 2175 1402; x_wconf 89' lang='lat' dir='ltr'><strong>nitus</strong></span> <span class='ocrx_word' id='word_1_332' title='bbox 2203 1347 2364 1401; x_wconf 87' lang='lat' dir='ltr'><strong>homo</strong></span> <span class='ocrx_word' id='word_1_333' title='bbox 2409 1362 2473 1402; x_wconf 83' lang='lat' dir='ltr'><strong>ex</strong></span> <span class='ocrx_word' id='word_1_334' title='bbox 2506 1345 2674 1400; x_wconf 77' lang='lat' dir='ltr'><strong>Maria</strong></span> <span class='ocrx_word' id='word_1_335' title='bbox 2718 1345 2972 1416; x_wconf 79' lang='lat' dir='ltr'><strong>Virgine;</strong></span> <span class='ocrx_word' id='word_1_336' title='bbox 3014 1354 3093 1411; x_wconf 91' lang='lat' dir='ltr'><strong>ut,</strong></span> <span class='ocrx_word' id='word_1_337' title='bbox 3129 1347 3578 1417; x_wconf 84' lang='lat' dir='ltr'><strong>quemadmodum</strong></span> 
     </span>
    </p>
   </div>
   <div class='ocr_carea' id='block_1_45' title="bbox 2025 1437 3581 1511">
    <p class='ocr_par' dir='ltr' id='par_1_45' title="bbox 2025 1437 3581 1511">
     <span class='ocr_line' id='line_1_45' title="bbox 2025 1437 3581 1511; baseline -0.001 -17"><span class='ocrx_word' id='word_1_338' title='bbox 2025 1440 2142 1511; x_wconf 91' lang='lat' dir='ltr'><strong>ipse</strong></span> <span class='ocrx_word' id='word_1_339' title='bbox 2189 1439 2263 1492; x_wconf 86' lang='lat' dir='ltr'><strong>ait</strong></span> <span class='ocrx_word' id='word_1_340' title='bbox 2284 1438 2327 1504; x_wconf 71' lang='grc'>⁵,</span> <span class='ocrx_word' id='word_1_341' title='bbox 2379 1439 2658 1508; x_wconf 85' lang='lat' dir='ltr'><strong>perliceret</strong></span> <span class='ocrx_word' id='word_1_342' title='bbox 2706 1453 2844 1508; x_wconf 91' lang='lat' dir='ltr'><strong>opus</strong></span> <span class='ocrx_word' id='word_1_343' title='bbox 2890 1437 3104 1504; x_wconf 82' lang='lat' dir='ltr'><strong>Patris;</strong></span> <span class='ocrx_word' id='word_1_344' title='bbox 3152 1444 3315 1506; x_wconf 81' lang='lat' dir='ltr'><strong>atque</strong></span> <span class='ocrx_word' id='word_1_345' title='bbox 3348 1437 3419 1491; x_wconf 90' lang='lat' dir='ltr'><strong>ita</strong></span> <span class='ocrx_word' id='word_1_346' title='bbox 3457 1452 3581 1492; x_wconf 90' lang='lat' dir='ltr'><strong>cum</strong></span> 
     </span>
    </p>
   </div>
   <div class='ocr_carea' id='block_1_46' title="bbox 2024 1532 3582 1606">
    <p class='ocr_par' dir='ltr' id='par_1_46' title="bbox 2024 1532 3582 1606">
     <span class='ocr_line' id='line_1_46' title="bbox 2024 1532 3582 1606; baseline -0.003 -16"><span class='ocrx_word' id='word_1_347' title='bbox 2024 1551 2194 1606; x_wconf 76' lang='lat' dir='ltr'><strong>genus</strong></span> <span class='ocrx_word' id='word_1_348' title='bbox 2252 1534 2546 1589; x_wconf 83' lang='lat' dir='ltr'><strong>humanum</strong></span> <span class='ocrx_word' id='word_1_349' title='bbox 2605 1533 2660 1587; x_wconf 91' lang='lat' dir='ltr'><strong>in</strong></span> <span class='ocrx_word' id='word_1_350' title='bbox 2721 1534 2901 1603; x_wconf 78' lang='lat' dir='ltr'><strong>seipse</strong></span> <span class='ocrx_word' id='word_1_351' title='bbox 2955 1532 3278 1603; x_wconf 82' lang='lat' dir='ltr'><strong>perfecerit,</strong></span> <span class='ocrx_word' id='word_1_352' title='bbox 3344 1546 3409 1586; x_wconf 88' lang='lat' dir='ltr'><strong>ac</strong></span> <span class='ocrx_word' id='word_1_353' title='bbox 3459 1547 3582 1587; x_wconf 92' lang='lat' dir='ltr'><strong>cum</strong></span> 
     </span>
    </p>
   </div>
   <div class='ocr_carea' id='block_1_47' title="bbox 2026 1622 3587 1693">
    <p class='ocr_par' dir='ltr' id='par_1_47' title="bbox 2026 1622 3587 1693">
     <span class='ocr_line' id='line_1_47' title="bbox 2026 1622 3587 1693; baseline -0.003 -13"><span class='ocrx_word' id='word_1_354' title='bbox 2026 1626 2308 1680; x_wconf 89' lang='lat' dir='ltr'><strong>divinitate</strong></span> <span class='ocrx_word' id='word_1_355' title='bbox 2356 1624 2722 1693; x_wconf 83' lang='lat' dir='ltr'><strong>conjunxcrit,</strong></span> <span class='ocrx_word' id='word_1_356' title='bbox 2776 1624 2953 1692; x_wconf 90' lang='lat' dir='ltr'><strong>ipsum</strong></span> <span class='ocrx_word' id='word_1_357' title='bbox 3014 1623 3325 1676; x_wconf 87' lang='lat' dir='ltr'><strong>introducat</strong></span> <span class='ocrx_word' id='word_1_358' title='bbox 3388 1622 3441 1674; x_wconf 90' lang='lat' dir='ltr'><strong>in</strong></span> <span class='ocrx_word' id='word_1_359' title='bbox 3498 1635 3587 1675; x_wconf 81' lang='lat' dir='ltr'><strong>re-</strong></span> 
     </span>
    </p>
   </div>
   <div class='ocr_carea' id='block_1_48' title="bbox 2028 1712 3583 1788">
    <p class='ocr_par' dir='ltr' id='par_1_48' title="bbox 2028 1712 3583 1788">
     <span class='ocr_line' id='line_1_48' title="bbox 2028 1712 3583 1788; baseline -0.004 -16"><span class='ocrx_word' id='word_1_360' title='bbox 2028 1733 2193 1788; x_wconf 76' lang='lat' dir='ltr'><strong>gnum</strong></span> <span class='ocrx_word' id='word_1_361' title='bbox 2240 1717 2528 1772; x_wconf 65' lang='lat' dir='ltr'><strong>malorum.</strong></span> <span class='ocrx_word' id='word_1_362' title='bbox 2576 1718 2649 1771; x_wconf 81' lang='lat' dir='ltr'><strong>Ac</strong></span> <span class='ocrx_word' id='word_1_363' title='bbox 2699 1716 2913 1770; x_wconf 77' lang='lat' dir='ltr'><strong>etiamsi</strong></span> <span class='ocrx_word' id='word_1_364' title='bbox 2963 1716 3150 1770; x_wconf 68' lang='lat' dir='ltr'><strong>isthazc</strong></span> <span class='ocrx_word' id='word_1_365' title='bbox 3189 1715 3324 1770; x_wconf 86' lang='lat' dir='ltr'><strong>satis</strong></span> <span class='ocrx_word' id='word_1_366' title='bbox 3361 1714 3469 1769; x_wconf 88' lang='lat' dir='ltr'><strong>sint</strong></span> <span class='ocrx_word' id='word_1_367' title='bbox 3517 1712 3583 1767; x_wconf 86' lang='lat' dir='ltr'><strong>ad</strong></span> 
     </span>
    </p>
   </div>
   <div class='ocr_carea' id='block_1_49' title="bbox 2029 1803 3584 1864">
    <p class='ocr_par' dir='ltr' id='par_1_49' title="bbox 2029 1803 3584 1864">
     <span class='ocr_line' id='line_1_49' title="bbox 2029 1803 3584 1864; baseline -0.004 -1"><span class='ocrx_word' id='word_1_368' title='bbox 2029 1807 2413 1864; x_wconf 86' lang='lat' dir='ltr'><strong>declarandam</strong></span> <span class='ocrx_word' id='word_1_369' title='bbox 2463 1807 2621 1862; x_wconf 86' lang='lat' dir='ltr'><strong>fidem</strong></span> <span class='ocrx_word' id='word_1_370' title='bbox 2659 1808 2714 1862; x_wconf 90' lang='lat' dir='ltr'><strong>in</strong></span> <span class='ocrx_word' id='word_1_371' title='bbox 2768 1806 3054 1860; x_wconf 87' lang='lat' dir='ltr'><strong>Dominum</strong></span> <span class='ocrx_word' id='word_1_372' title='bbox 3106 1812 3353 1861; x_wconf 91' lang='lat' dir='ltr'><strong>nostrum</strong></span> <span class='ocrx_word' id='word_1_373' title='bbox 3399 1803 3584 1861; x_wconf 80' lang='lat' dir='ltr'><strong>Jesum</strong></span> 
     </span>
    </p>
   </div>
   <div class='ocr_carea' id='block_1_50' title="bbox 2028 1891 3587 1965">
    <p class='ocr_par' dir='ltr' id='par_1_50' title="bbox 2028 1891 3587 1965">
     <span class='ocr_line' id='line_1_50' title="bbox 2028 1891 3587 1965; baseline -0.006 -11"><span class='ocrx_word' id='word_1_374' title='bbox 2028 1897 2306 1954; x_wconf 79' lang='lat' dir='ltr'><strong>Christum</strong></span> <span class='ocrx_word' id='word_1_375' title='bbox 2334 1936 2350 1963; x_wconf 89' lang='lat'><strong>,</strong></span> <span class='ocrx_word' id='word_1_376' title='bbox 2414 1904 2651 1951; x_wconf 87' lang='lat' dir='ltr'><strong>attamen</strong></span> <span class='ocrx_word' id='word_1_377' title='bbox 2687 1896 2912 1965; x_wconf 88' lang='lat' dir='ltr'><strong>majoris</strong></span> <span class='ocrx_word' id='word_1_378' title='bbox 2958 1895 3268 1950; x_wconf 87' lang='lat' dir='ltr'><strong>securitatis</strong></span> <span class='ocrx_word' id='word_1_379' title='bbox 3302 1906 3429 1962; x_wconf 77' lang='lat' dir='ltr'><strong>ergo</strong></span> <span class='ocrx_word' id='word_1_380' title='bbox 3472 1891 3587 1945; x_wconf 66' lang='lat' dir='ltr'><strong>haec</strong></span> 
     </span>
    </p>
   </div>
   <div class='ocr_carea' id='block_1_51' title="bbox 2028 1980 3586 2061">
    <p class='ocr_par' dir='ltr' id='par_1_51' title="bbox 2028 1980 3586 2061">
     <span class='ocr_line' id='line_1_51' title="bbox 2028 1980 3586 2061; baseline -0.004 -16"><span class='ocrx_word' id='word_1_381' title='bbox 2028 1980 2322 2061; x_wconf 90' lang='lat' dir='ltr'><strong>repetimus</strong></span> <span class='ocrx_word' id='word_1_382' title='bbox 2344 2003 2406 2043; x_wconf 91' lang='lat' dir='ltr'><strong>ac</strong></span> <span class='ocrx_word' id='word_1_383' title='bbox 2425 1987 2679 2053; x_wconf 88' lang='lat' dir='ltr'><strong>dicimus,</strong></span> <span class='ocrx_word' id='word_1_384' title='bbox 2710 1996 2872 2058; x_wconf 88' lang='lat' dir='ltr'><strong>atque</strong></span> <span class='ocrx_word' id='word_1_385' title='bbox 2893 1988 3233 2042; x_wconf 87' lang='lat' dir='ltr'><strong>anathemate</strong></span> <span class='ocrx_word' id='word_1_386' title='bbox 3265 1985 3586 2039; x_wconf 84' lang='lat' dir='ltr'><strong>damnamus</strong></span> 
     </span>
    </p>
   </div>
   <div class='ocr_carea' id='block_1_52' title="bbox 2029 2077 3589 2152">
    <p class='ocr_par' dir='ltr' id='par_1_52' title="bbox 2029 2077 3589 2152">
     <span class='ocr_line' id='line_1_52' title="bbox 2029 2077 3589 2152; baseline -0.003 -15"><span class='ocrx_word' id='word_1_387' title='bbox 2029 2097 2123 2137; x_wconf 91' lang='lat' dir='ltr'><strong>eos</strong></span> <span class='ocrx_word' id='word_1_388' title='bbox 2155 2082 2248 2152; x_wconf 88' lang='lat' dir='ltr'><strong>qui</strong></span> <span class='ocrx_word' id='word_1_389' title='bbox 2283 2082 2474 2136; x_wconf 90' lang='lat' dir='ltr'><strong>dicunt</strong></span> <span class='ocrx_word' id='word_1_390' title='bbox 2506 2087 2559 2135; x_wconf 86' lang='lat' dir='ltr'><strong>et</strong></span> <span class='ocrx_word' id='word_1_391' title='bbox 2592 2079 2843 2144; x_wconf 90' lang='lat' dir='ltr'><strong>credunt,</strong></span> <span class='ocrx_word' id='word_1_392' title='bbox 2888 2078 3103 2134; x_wconf 86' lang='lat' dir='ltr'><strong>Patrem</strong></span> <span class='ocrx_word' id='word_1_393' title='bbox 3153 2077 3443 2147; x_wconf 86' lang='lat' dir='ltr'><strong>aliquando</strong></span> <span class='ocrx_word' id='word_1_394' title='bbox 3472 2077 3589 2132; x_wconf 86' lang='lat' dir='ltr'><strong>sine</strong></span> 
     </span>
    </p>
   </div>
   <div class='ocr_carea' id='block_1_53' title="bbox 2029 2168 3590 2243">
    <p class='ocr_par' dir='ltr' id='par_1_53' title="bbox 2029 2168 3590 2243">
     <span class='ocr_line' id='line_1_53' title="bbox 2029 2168 3590 2243; baseline -0.004 -14"><span class='ocrx_word' id='word_1_395' title='bbox 2029 2173 2167 2229; x_wconf 79' lang='lat' dir='ltr'><strong>Filio</strong></span> <span class='ocrx_word' id='word_1_396' title='bbox 2197 2174 2404 2242; x_wconf 91' lang='lat' dir='ltr'><strong>fuisse;</strong></span> <span class='ocrx_word' id='word_1_397' title='bbox 2438 2173 2767 2243; x_wconf 83' lang='lat' dir='ltr'><strong>Patremque</strong></span> <span class='ocrx_word' id='word_1_398' title='bbox 2791 2187 2853 2226; x_wconf 87' lang='lat' dir='ltr'><strong>ac</strong></span> <span class='ocrx_word' id='word_1_399' title='bbox 2878 2171 3075 2225; x_wconf 87' lang='lat' dir='ltr'><strong>Filium</strong></span> <span class='ocrx_word' id='word_1_400' title='bbox 3104 2169 3397 2240; x_wconf 89' lang='lat' dir='ltr'><strong>aliquando</strong></span> <span class='ocrx_word' id='word_1_401' title='bbox 3425 2168 3590 2223; x_wconf 78' lang='lat' dir='ltr'><strong>fuisse</strong></span> 
     </span>
    </p>
   </div>
   <div class='ocr_carea' id='block_1_54' title="bbox 2031 2260 3593 2339">
    <p class='ocr_par' dir='ltr' id='par_1_54' title="bbox 2031 2260 3593 2339">
     <span class='ocr_line' id='line_1_54' title="bbox 2031 2260 3593 2339; baseline -0.01 -13"><span class='ocrx_word' id='word_1_402' title='bbox 2031 2271 2150 2326; x_wconf 88' lang='lat' dir='ltr'><strong>sine</strong></span> <span class='ocrx_word' id='word_1_403' title='bbox 2184 2266 2390 2339; x_wconf 88' lang='lat' dir='ltr'><strong>Spiritu</strong></span> <span class='ocrx_word' id='word_1_404' title='bbox 2421 2274 2635 2322; x_wconf 88' lang='lat' dir='ltr'><strong>sancto.</strong></span> <span class='ocrx_word' id='word_1_405' title='bbox 2668 2264 2904 2336; x_wconf 90' lang='lat' dir='ltr'><strong>Spiritus</strong></span> <span class='ocrx_word' id='word_1_406' title='bbox 2935 2263 3078 2318; x_wconf 91' lang='lat' dir='ltr'><strong>enim</strong></span> <span class='ocrx_word' id='word_1_407' title='bbox 3110 2260 3199 2317; x_wconf 91' lang='lat' dir='ltr'><strong>Dei</strong></span> <span class='ocrx_word' id='word_1_408' title='bbox 3240 2267 3344 2321; x_wconf 85' lang='lat' dir='ltr'><strong>est,</strong></span> <span class='ocrx_word' id='word_1_409' title='bbox 3376 2274 3440 2313; x_wconf 89' lang='lat' dir='ltr'><strong>ac</strong></span> <span class='ocrx_word' id='word_1_410' title='bbox 3467 2274 3593 2329; x_wconf 87' lang='lat' dir='ltr'><strong>per-</strong></span> 
     </span>
    </p>
   </div>
   <div class='ocr_carea' id='block_1_55' title="bbox 2032 2351 3594 2432">
    <p class='ocr_par' dir='ltr' id='par_1_55' title="bbox 2032 2351 3594 2432">
     <span class='ocr_line' id='line_1_55' title="bbox 2032 2351 3594 2432; baseline -0.009 -15"><span class='ocrx_word' id='word_1_411' title='bbox 2032 2362 2173 2419; x_wconf 87' lang='lat' dir='ltr'><strong>fecta</strong></span> <span class='ocrx_word' id='word_1_412' title='bbox 2220 2372 2383 2432; x_wconf 80' lang='lat' dir='ltr'><strong>atque</strong></span> <span class='ocrx_word' id='word_1_413' title='bbox 2424 2358 2754 2428; x_wconf 73' lang='lat' dir='ltr'><strong>sempiterna</strong></span> <span class='ocrx_word' id='word_1_414' title='bbox 2802 2364 2886 2411; x_wconf 90' lang='lat' dir='ltr'><strong>est</strong></span> <span class='ocrx_word' id='word_1_415' title='bbox 2926 2353 3185 2409; x_wconf 87' lang='lat' dir='ltr'><strong>Trinitas.</strong></span> <span class='ocrx_word' id='word_1_416' title='bbox 3237 2351 3594 2405; x_wconf 85' lang='lat' dir='ltr'><strong>Anathemate</strong></span> 
     </span>
    </p>
   </div>
   <div class='ocr_carea' id='block_1_56' title="bbox 2033 2443 3595 2524">
    <p class='ocr_par' dir='ltr' id='par_1_56' title="bbox 2033 2443 3595 2524">
     <span class='ocr_line' id='line_1_56' title="bbox 2033 2443 3595 2524; baseline -0.01 -17"><span class='ocrx_word' id='word_1_417' title='bbox 2033 2469 2249 2524; x_wconf 90' lang='lat' dir='ltr'><strong>quoque</strong></span> <span class='ocrx_word' id='word_1_418' title='bbox 2292 2454 2614 2508; x_wconf 82' lang='lat' dir='ltr'><strong>damnamus</strong></span> <span class='ocrx_word' id='word_1_419' title='bbox 2650 2464 2745 2505; x_wconf 90' lang='lat' dir='ltr'><strong>eos</strong></span> <span class='ocrx_word' id='word_1_420' title='bbox 2795 2447 2889 2517; x_wconf 90' lang='lat' dir='ltr'><strong>qui</strong></span> <span class='ocrx_word' id='word_1_421' title='bbox 2933 2460 3108 2515; x_wconf 86' lang='lat' dir='ltr'><strong>nuper</strong></span> <span class='ocrx_word' id='word_1_422' title='bbox 3147 2443 3321 2499; x_wconf 79' lang='lat' dir='ltr'><strong>exorti</strong></span> <span class='ocrx_word' id='word_1_423' title='bbox 3360 2450 3508 2505; x_wconf 88' lang='lat' dir='ltr'><strong>sunt,</strong></span> <span class='ocrx_word' id='word_1_424' title='bbox 3538 2446 3595 2494; x_wconf 85' lang='lat' dir='ltr'><strong>et</strong></span> 
     </span>
    </p>
   </div>
   <div class='ocr_carea' id='block_1_57' title="bbox 2031 2534 3595 2609">
    <p class='ocr_par' dir='ltr' id='par_1_57' title="bbox 2031 2534 3595 2609">
     <span class='ocr_line' id='line_1_57' title="bbox 2031 2534 3595 2609; baseline -0.009 -8"><span class='ocrx_word' id='word_1_425' title='bbox 2031 2544 2280 2601; x_wconf 82' lang='lat' dir='ltr'><strong>Anomoei</strong></span> <span class='ocrx_word' id='word_1_426' title='bbox 2339 2545 2612 2608; x_wconf 88' lang='lat' dir='ltr'><strong>dicuntur,</strong></span> <span class='ocrx_word' id='word_1_427' title='bbox 2674 2557 2738 2597; x_wconf 91' lang='lat' dir='ltr'><strong>ac</strong></span> <span class='ocrx_word' id='word_1_428' title='bbox 2790 2554 2913 2595; x_wconf 90' lang='lat' dir='ltr'><strong>cum</strong></span> <span class='ocrx_word' id='word_1_429' title='bbox 2959 2537 3092 2609; x_wconf 76' lang='lat' dir='ltr'><strong>ipsis</strong></span> <span class='ocrx_word' id='word_1_430' title='bbox 3153 2534 3490 2589; x_wconf 85' lang='lat' dir='ltr'><strong>Samosateni</strong></span> <span class='ocrx_word' id='word_1_431' title='bbox 3540 2541 3595 2589; x_wconf 91' lang='lat' dir='ltr'><strong>et</strong></span> 
     </span>
    </p>
   </div>
   <div class='ocr_carea' id='block_1_58' title="bbox 2032 2625 3594 2701">
    <p class='ocr_par' dir='ltr' id='par_1_58' title="bbox 2032 2625 3594 2701">
     <span class='ocr_line' id='line_1_58' title="bbox 2032 2625 3594 2701; baseline -0.009 -7"><span class='ocrx_word' id='word_1_432' title='bbox 2032 2638 2249 2694; x_wconf 86' lang='lat' dir='ltr'><strong>Photini</strong></span> <span class='ocrx_word' id='word_1_433' title='bbox 2280 2638 2542 2692; x_wconf 89' lang='lat' dir='ltr'><strong>insaniam</strong></span> <span class='ocrx_word' id='word_1_434' title='bbox 2564 2675 2581 2700; x_wconf 88' lang='lat'><strong>,</strong></span> <span class='ocrx_word' id='word_1_435' title='bbox 2624 2648 2835 2689; x_wconf 91' lang='lat' dir='ltr'><strong>necnon</strong></span> <span class='ocrx_word' id='word_1_436' title='bbox 2870 2646 2965 2688; x_wconf 92' lang='lat' dir='ltr'><strong>eos</strong></span> <span class='ocrx_word' id='word_1_437' title='bbox 2996 2632 3086 2701; x_wconf 91' lang='lat' dir='ltr'><strong>qui</strong></span> <span class='ocrx_word' id='word_1_438' title='bbox 3130 2631 3280 2699; x_wconf 86' lang='lat' dir='ltr'><strong>paria</strong></span> <span class='ocrx_word' id='word_1_439' title='bbox 3308 2625 3594 2698; x_wconf 67' lang='lat' dir='ltr'><strong>cumipsis</strong></span> 
     </span>
    </p>
   </div>
   <div class='ocr_carea' id='block_1_59' title="bbox 2035 2719 3595 2792">
    <p class='ocr_par' dir='ltr' id='par_1_59' title="bbox 2035 2719 3595 2792">
     <span class='ocr_line' id='line_1_59' title="bbox 2035 2719 3595 2792; baseline -0.008 -8"><span class='ocrx_word' id='word_1_440' title='bbox 2035 2728 2297 2784; x_wconf 88' lang='lat' dir='ltr'><strong>sentiunt.</strong></span> <span class='ocrx_word' id='word_1_441' title='bbox 2346 2725 2483 2792; x_wconf 85' lang='lat' dir='ltr'><strong>Quia</strong></span> <span class='ocrx_word' id='word_1_442' title='bbox 2528 2738 2636 2778; x_wconf 91' lang='lat' dir='ltr'><strong>non</strong></span> <span class='ocrx_word' id='word_1_443' title='bbox 2684 2724 2890 2787; x_wconf 86' lang='lat' dir='ltr'><strong>dicunt,</strong></span> <span class='ocrx_word' id='word_1_444' title='bbox 2940 2720 3175 2776; x_wconf 82' lang='lat' dir='ltr'><strong>Verbum</strong></span> <span class='ocrx_word' id='word_1_445' title='bbox 3228 2719 3342 2784; x_wconf 90' lang='lat' dir='ltr'><strong>Dei,</strong></span> <span class='ocrx_word' id='word_1_446' title='bbox 3371 2719 3595 2773; x_wconf 74' lang='lat' dir='ltr'><strong>verbum</strong></span> 
     </span>
    </p>
   </div>
   <div class='ocr_carea' id='block_1_60' title="bbox 2034 2810 3593 2884">
    <p class='ocr_par' dir='ltr' id='par_1_60' title="bbox 2034 2810 3593 2884">
     <span class='ocr_line' id='line_1_60' title="bbox 2034 2810 3593 2884; baseline -0.008 -10"><span class='ocrx_word' id='word_1_447' title='bbox 2034 2833 2157 2874; x_wconf 87' lang='lat' dir='ltr'><strong>esse</strong></span> <span class='ocrx_word' id='word_1_448' title='bbox 2185 2819 2374 2871; x_wconf 85' lang='lat' dir='ltr'><strong>vivens</strong></span> <span class='ocrx_word' id='word_1_449' title='bbox 2406 2822 2460 2869; x_wconf 86' lang='lat' dir='ltr'><strong>et</strong></span> <span class='ocrx_word' id='word_1_450' title='bbox 2484 2814 2693 2877; x_wconf 81' lang='lat' dir='ltr'><strong>etlicax,</strong></span> <span class='ocrx_word' id='word_1_451' title='bbox 2731 2829 2829 2884; x_wconf 88' lang='lat' dir='ltr'><strong>per</strong></span> <span class='ocrx_word' id='word_1_452' title='bbox 2856 2812 3003 2883; x_wconf 91' lang='lat' dir='ltr'><strong>quod</strong></span> <span class='ocrx_word' id='word_1_453' title='bbox 3034 2811 3217 2867; x_wconf 88' lang='lat' dir='ltr'><strong>omnia</strong></span> <span class='ocrx_word' id='word_1_454' title='bbox 3245 2810 3387 2866; x_wconf 87' lang='lat' dir='ltr'><strong>facta</strong></span> <span class='ocrx_word' id='word_1_455' title='bbox 3425 2816 3593 2865; x_wconf 82' lang='lat' dir='ltr'><strong>sunt:</strong></span> 
     </span>
    </p>
   </div>
   <div class='ocr_carea' id='block_1_61' title="bbox 2036 2901 3599 2979">
    <p class='ocr_par' dir='ltr' id='par_1_61' title="bbox 2036 2901 3599 2979">
     <span class='ocr_line' id='line_1_61' title="bbox 2036 2901 3599 2979; baseline -0.008 -15"><span class='ocrx_word' id='word_1_456' title='bbox 2036 2908 2134 2965; x_wconf 90' lang='lat' dir='ltr'><strong>sed</strong></span> <span class='ocrx_word' id='word_1_457' title='bbox 2157 2906 2313 2979; x_wconf 88' lang='lat' dir='ltr'><strong>quasi</strong></span> <span class='ocrx_word' id='word_1_458' title='bbox 2349 2905 2584 2960; x_wconf 85' lang='lat' dir='ltr'><strong>hominis</strong></span> <span class='ocrx_word' id='word_1_459' title='bbox 2610 2905 2835 2959; x_wconf 85' lang='lat' dir='ltr'><strong>verbum</strong></span> <span class='ocrx_word' id='word_1_460' title='bbox 2868 2902 3199 2972; x_wconf 88' lang='lat' dir='ltr'><strong>prolatitium</strong></span> <span class='ocrx_word' id='word_1_461' title='bbox 3226 2901 3513 2964; x_wconf 82' lang='lat' dir='ltr'><strong>duntaxat,</strong></span> <span class='ocrx_word' id='word_1_462' title='bbox 3543 2905 3599 2953; x_wconf 88' lang='lat' dir='ltr'><strong>et</strong></span> 
     </span>
    </p>
   </div>
   <div class='ocr_carea' id='block_1_62' title="bbox 2038 2992 3598 3070">
    <p class='ocr_par' dir='ltr' id='par_1_62' title="bbox 2038 2992 3598 3070">
     <span class='ocr_line' id='line_1_62' title="bbox 2038 2992 3598 3070; baseline -0.006 -16"><span class='ocrx_word' id='word_1_463' title='bbox 2038 3000 2166 3070; x_wconf 89' lang='lat' dir='ltr'><strong>quia</strong></span> <span class='ocrx_word' id='word_1_464' title='bbox 2201 3013 2308 3053; x_wconf 90' lang='lat' dir='ltr'><strong>non</strong></span> <span class='ocrx_word' id='word_1_465' title='bbox 2346 2996 2683 3050; x_wconf 85' lang='lat' dir='ltr'><strong>arbitrantur</strong></span> <span class='ocrx_word' id='word_1_466' title='bbox 2731 2993 2928 3048; x_wconf 88' lang='lat' dir='ltr'><strong>Filium</strong></span> <span class='ocrx_word' id='word_1_467' title='bbox 2973 2992 3066 3047; x_wconf 91' lang='lat' dir='ltr'><strong>Dei</strong></span> <span class='ocrx_word' id='word_1_468' title='bbox 3107 2992 3282 3061; x_wconf 90' lang='lat' dir='ltr'><strong>ipsum</strong></span> <span class='ocrx_word' id='word_1_469' title='bbox 3325 3006 3447 3046; x_wconf 90' lang='lat' dir='ltr'><strong>esse</strong></span> <span class='ocrx_word' id='word_1_470' title='bbox 3475 3004 3598 3045; x_wconf 81' lang='lat' dir='ltr'><strong>ver-</strong></span> 
     </span>
    </p>
   </div>
   <div class='ocr_carea' id='block_1_63' title="bbox 2044 3080 3601 3150">
    <p class='ocr_par' dir='ltr' id='par_1_63' title="bbox 2044 3080 3601 3150">
     <span class='ocr_line' id='line_1_63' title="bbox 2044 3080 3601 3150; baseline -0.008 -4"><span class='ocrx_word' id='word_1_471' title='bbox 2044 3092 2205 3150; x_wconf 81' lang='lat' dir='ltr'><strong>bum;</strong></span> <span class='ocrx_word' id='word_1_472' title='bbox 2258 3102 2446 3143; x_wconf 87' lang='lat' dir='ltr'><strong>verum</strong></span> <span class='ocrx_word' id='word_1_473' title='bbox 2491 3094 2693 3140; x_wconf 87' lang='lat' dir='ltr'><strong>temere</strong></span> <span class='ocrx_word' id='word_1_474' title='bbox 2732 3091 2786 3140; x_wconf 90' lang='lat' dir='ltr'><strong>et</strong></span> <span class='ocrx_word' id='word_1_475' title='bbox 2826 3084 2943 3140; x_wconf 89' lang='lat' dir='ltr'><strong>sine</strong></span> <span class='ocrx_word' id='word_1_476' title='bbox 2976 3083 3188 3137; x_wconf 83' lang='lat' dir='ltr'><strong>ratione</strong></span> <span class='ocrx_word' id='word_1_477' title='bbox 3228 3080 3495 3145; x_wconf 72' lang='lat' dir='ltr'><strong>dividunt,</strong></span> <span class='ocrx_word' id='word_1_478' title='bbox 3545 3085 3601 3133; x_wconf 87' lang='lat' dir='ltr'><strong>et</strong></span> 
     </span>
    </p>
   </div>
   <div class='ocr_carea' id='block_1_64' title="bbox 382 3187 3600 3267">
    <p class='ocr_par' dir='ltr' id='par_1_64' title="bbox 382 3187 3600 3267">
     <span class='ocr_line' id='line_1_64' title="bbox 382 3187 3600 3267; baseline 0.001 -27"><span class='ocrx_word' id='word_1_479' title='bbox 382 3187 704 3258; x_wconf 88' lang='lat' dir='ltr'><strong>principium</strong></span> <span class='ocrx_word' id='word_1_480' title='bbox 733 3188 873 3244; x_wconf 89' lang='lat' dir='ltr'><strong>Filio</strong></span> <span class='ocrx_word' id='word_1_481' title='bbox 904 3205 935 3244; x_wconf 88' lang='lat' dir='ltr'><strong>a</strong></span> <span class='ocrx_word' id='word_1_482' title='bbox 997 3192 1277 3249; x_wconf 88' lang='lat' dir='ltr'><strong>nativitate</strong></span> <span class='ocrx_word' id='word_1_483' title='bbox 1339 3194 1633 3250; x_wconf 89' lang='lat' dir='ltr'><strong>secundum</strong></span> <span class='ocrx_word' id='word_1_484' title='bbox 1664 3210 1882 3252; x_wconf 85' lang='lat' dir='ltr'><strong>carnem</strong></span> <span class='ocrx_word' id='word_1_485' title='bbox 1912 3214 1978 3254; x_wconf 81' lang='lat' dir='ltr'><strong>ex</strong></span> <span class='ocrx_word' id='word_1_486' title='bbox 2018 3198 2185 3253; x_wconf 81' lang='lat' dir='ltr'><strong>Maria</strong></span> <span class='ocrx_word' id='word_1_487' title='bbox 2214 3195 2530 3267; x_wconf 85' lang='lat' dir='ltr'><strong>biasphemo</strong></span> <span class='ocrx_word' id='word_1_488' title='bbox 2568 3207 2662 3249; x_wconf 91' lang='lat' dir='ltr'><strong>ore</strong></span> <span class='ocrx_word' id='word_1_489' title='bbox 2693 3192 2958 3255; x_wconf 87' lang='lat' dir='ltr'><strong>tribuunt,</strong></span> <span class='ocrx_word' id='word_1_490' title='bbox 3004 3189 3133 3260; x_wconf 89' lang='lat' dir='ltr'><strong>quia</strong></span> <span class='ocrx_word' id='word_1_491' title='bbox 3171 3190 3296 3243; x_wconf 88' lang='lat' dir='ltr'><strong>item</strong></span> <span class='ocrx_word' id='word_1_492' title='bbox 3330 3204 3438 3243; x_wconf 93' lang='lat' dir='ltr'><strong>non</strong></span> <span class='ocrx_word' id='word_1_493' title='bbox 3477 3202 3600 3244; x_wconf 86' lang='lat' dir='ltr'><strong>cre-</strong></span> 
     </span>
    </p>
   </div>
   <div class='ocr_carea' id='block_1_65' title="bbox 381 3278 1309 3349">
    <p class='ocr_par' dir='ltr' id='par_1_65' title="bbox 381 3278 1309 3349">
     <span class='ocr_line' id='line_1_65' title="bbox 381 3278 1309 3349; baseline 0.01 -18"><span class='ocrx_word' id='word_1_494' title='bbox 381 3278 515 3333; x_wconf 77' lang='lat' dir='ltr'><strong>dunt</strong></span> <span class='ocrx_word' id='word_1_495' title='bbox 536 3281 712 3349; x_wconf 90' lang='lat' dir='ltr'><strong>ipsum</strong></span> <span class='ocrx_word' id='word_1_496' title='bbox 751 3296 932 3336; x_wconf 86' lang='lat' dir='ltr'><strong>verum</strong></span> <span class='ocrx_word' id='word_1_497' title='bbox 969 3297 1090 3339; x_wconf 88' lang='lat' dir='ltr'><strong>esse</strong></span> <span class='ocrx_word' id='word_1_498' title='bbox 1119 3283 1309 3339; x_wconf 88' lang='lat' dir='ltr'><strong>Deum.</strong></span> 
     </span>
    </p>
   </div>
   <div class='ocr_carea' id='block_1_66' title="bbox 453 3366 1935 3452">
    <p class='ocr_par' dir='ltr' id='par_1_66' title="bbox 453 3373 1935 3452">
     <span class='ocr_line' id='line_1_66' title="bbox 453 3373 1935 3452; baseline 0.005 -26"><span class='ocrx_word' id='word_1_499' title='bbox 453 3373 505 3427; x_wconf 83' lang='lat'><strong>5.</strong></span> <span class='ocrx_word' id='word_1_500' title='bbox 539 3374 721 3427; x_wconf 88' lang='grc' dir='ltr'>Ταῦτα</span> <span class='ocrx_word' id='word_1_501' title='bbox 771 3376 1057 3446; x_wconf 83' lang='grc' dir='ltr'>τοιγαροῦν</span> <span class='ocrx_word' id='word_1_502' title='bbox 1110 3376 1450 3448; x_wconf 82' lang='grc' dir='ltr'>φρονοῦντες,</span> <span class='ocrx_word' id='word_1_503' title='bbox 1506 3378 1601 3432; x_wconf 76' lang='grc' dir='ltr'>καὶ</span> <span class='ocrx_word' id='word_1_504' title='bbox 1650 3379 1935 3452; x_wconf 73' lang='grc' dir='ltr'>ἐγγράφως</span> 
     </span>
    </p>
   </div>
   <div class='ocr_carea' id='block_1_67' title="bbox 2033 3366 3603 3452">
    <p class='ocr_par' dir='ltr' id='par_1_67' title="bbox 2114 3366 3603 3440">
     <span class='ocr_line' id='line_1_67' title="bbox 2114 3366 3603 3440; baseline -0.006 -9"><span class='ocrx_word' id='word_1_505' title='bbox 2114 3377 2164 3431; x_wconf 84' lang='grc'>5.</span> <span class='ocrx_word' id='word_1_506' title='bbox 2209 3373 2331 3428; x_wconf 65' lang='lat' dir='ltr'><strong>Haec</strong></span> <span class='ocrx_word' id='word_1_507' title='bbox 2357 3372 2540 3440; x_wconf 80' lang='lat' dir='ltr'><strong>itaque</strong></span> <span class='ocrx_word' id='word_1_508' title='bbox 2559 3385 2680 3423; x_wconf 90' lang='lat' dir='ltr'><strong>cum</strong></span> <span class='ocrx_word' id='word_1_509' title='bbox 2718 3366 3016 3423; x_wconf 86' lang='lat' dir='ltr'><strong>sentiamus</strong></span> <span class='ocrx_word' id='word_1_510' title='bbox 3050 3373 3212 3437; x_wconf 86' lang='lat' dir='ltr'><strong>atque</strong></span> <span class='ocrx_word' id='word_1_511' title='bbox 3247 3367 3452 3438; x_wconf 89' lang='lat' dir='ltr'><strong>scripto</strong></span> <span class='ocrx_word' id='word_1_512' title='bbox 3476 3384 3603 3439; x_wconf 75' lang='lat' dir='ltr'><strong>pre-</strong></span> 
     </span>
    </p>
   </div>
   <div class='ocr_carea' id='block_1_68' title="bbox 384 3462 1941 3543">
    <p class='ocr_par' dir='ltr' id='par_1_68' title="bbox 384 3462 1941 3543">
     <span class='ocr_line' id='line_1_68' title="bbox 384 3462 1941 3543; baseline 0.005 -27"><span class='ocrx_word' id='word_1_513' title='bbox 384 3462 786 3534; x_wconf 82' lang='grc' dir='ltr'>όμολογοῦντες,</span> <span class='ocrx_word' id='word_1_514' title='bbox 811 3464 1273 3538; x_wconf 77' lang='grc' dir='ltr'>διαϐεϐαιούμενοι</span> <span class='ocrx_word' id='word_1_515' title='bbox 1307 3485 1365 3522; x_wconf 86' lang='grc' dir='ltr'><strong>τε</strong></span> <span class='ocrx_word' id='word_1_516' title='bbox 1394 3467 1566 3523; x_wconf 88' lang='grc' dir='ltr'>ταῦτα</span> <span class='ocrx_word' id='word_1_517' title='bbox 1608 3474 1820 3543; x_wconf 83' lang='grc' dir='ltr'>φρονεῖν</span> <span class='ocrx_word' id='word_1_518' title='bbox 1847 3472 1941 3525; x_wconf 78' lang='grc' dir='ltr'>καὶ</span> 
     </span>
    </p>
   </div>
   <div class='ocr_carea' id='block_1_69' title="bbox 384 3554 1939 3630">
    <p class='ocr_par' dir='ltr' id='par_1_69' title="bbox 384 3554 1939 3630">
     <span class='ocr_line' id='line_1_69' title="bbox 384 3554 1939 3630; baseline 0.004 -23"><span class='ocrx_word' id='word_1_519' title='bbox 384 3555 509 3618; x_wconf 72' lang='grc' dir='ltr'>τοὺς</span> <span class='ocrx_word' id='word_1_520' title='bbox 551 3554 967 3619; x_wconf 76' lang='grc' dir='ltr'>ἀποστείλαντας</span> <span class='ocrx_word' id='word_1_521' title='bbox 1008 3557 1172 3627; x_wconf 78' lang='grc' dir='ltr'>ἡμᾶς,</span> <span class='ocrx_word' id='word_1_522' title='bbox 1216 3557 1470 3628; x_wconf 80' lang='grc' dir='ltr'>ἀξιοῦμεν</span> <span class='ocrx_word' id='word_1_523' title='bbox 1502 3557 1600 3630; x_wconf 78' lang='grc' dir='ltr'>τὴν</span> <span class='ocrx_word' id='word_1_524' title='bbox 1634 3560 1731 3630; x_wconf 84' lang='grc' dir='ltr'><strong>σὴν</strong></span> <span class='ocrx_word' id='word_1_525' title='bbox 1756 3558 1939 3613; x_wconf 72' lang='grc' dir='ltr'>θεοσέσο</span> 
     </span>
    </p>
   </div>
   <div class='ocr_carea' id='block_1_70' title="bbox 388 3645 1944 3719">
    <p class='ocr_par' dir='ltr' id='par_1_70' title="bbox 388 3645 1944 3719">
     <span class='ocr_line' id='line_1_70' title="bbox 388 3645 1944 3719; baseline 0.004 -21"><span class='ocrx_word' id='word_1_526' title='bbox 388 3645 534 3699; x_wconf 80' lang='grc' dir='ltr'>ϐειαν</span> <span class='ocrx_word' id='word_1_527' title='bbox 558 3646 751 3717; x_wconf 83' lang='grc' dir='ltr'>μηκέτι</span> <span class='ocrx_word' id='word_1_528' title='bbox 771 3647 1045 3700; x_wconf 80' lang='grc' dir='ltr'>πιστεύειν</span> <span class='ocrx_word' id='word_1_529' title='bbox 1064 3650 1174 3711; x_wconf 86' lang='grc' dir='ltr'>τοῖς</span> <span class='ocrx_word' id='word_1_530' title='bbox 1194 3647 1313 3701; x_wconf 88' lang='grc' dir='ltr'>καθ’</span> <span class='ocrx_word' id='word_1_531' title='bbox 1333 3648 1487 3719; x_wconf 77' lang='grc' dir='ltr'>ἡμῶν</span> <span class='ocrx_word' id='word_1_532' title='bbox 1508 3648 1753 3718; x_wconf 78' lang='grc' dir='ltr'>λέγουσιν</span> <span class='ocrx_word' id='word_1_533' title='bbox 1771 3667 1785 3680; x_wconf 85' lang='lat'>&#39;</span> <span class='ocrx_word' id='word_1_534' title='bbox 1809 3651 1944 3705; x_wconf 83' lang='grc' dir='ltr'><strong>ἀλλὰ</strong></span> 
     </span>
    </p>
   </div>
   <div class='ocr_carea' id='block_1_71' title="bbox 392 3736 1944 3813">
    <p class='ocr_par' dir='ltr' id='par_1_71' title="bbox 392 3736 1944 3813">
     <span class='ocr_line' id='line_1_71' title="bbox 392 3736 1944 3813; baseline 0.003 -24"><span class='ocrx_word' id='word_1_535' title='bbox 392 3736 586 3807; x_wconf 75' lang='grc' dir='ltr'>μᾶλλον</span> <span class='ocrx_word' id='word_1_536' title='bbox 617 3739 726 3801; x_wconf 83' lang='grc' dir='ltr'>τοῖς</span> <span class='ocrx_word' id='word_1_537' title='bbox 763 3737 1140 3792; x_wconf 84' lang='grc' dir='ltr'>ἁποστείλασιν</span> <span class='ocrx_word' id='word_1_538' title='bbox 1168 3740 1311 3809; x_wconf 80' lang='grc' dir='ltr'>ἡμᾶς</span> <span class='ocrx_word' id='word_1_539' title='bbox 1341 3738 1511 3792; x_wconf 86' lang='grc' dir='ltr'>ταῦτα</span> <span class='ocrx_word' id='word_1_540' title='bbox 1536 3740 1817 3813; x_wconf 90' lang='grc' dir='ltr'>γνωρίσαι,</span> <span class='ocrx_word' id='word_1_541' title='bbox 1851 3742 1944 3795; x_wconf 76' lang='grc' dir='ltr'>καὶ</span> 
     </span>
    </p>
   </div>
   <div class='ocr_carea' id='block_1_72' title="bbox 389 3824 1942 3902">
    <p class='ocr_par' dir='ltr' id='par_1_72' title="bbox 389 3824 1942 3902">
     <span class='ocr_line' id='line_1_72' title="bbox 389 3824 1942 3902; baseline 0.003 -21"><span class='ocrx_word' id='word_1_542' title='bbox 389 3828 593 3898; x_wconf 76' lang='grc' dir='ltr'>γράψαι</span> <span class='ocrx_word' id='word_1_543' title='bbox 636 3830 728 3882; x_wconf 76' lang='grc' dir='ltr'>καὶ</span> <span class='ocrx_word' id='word_1_544' title='bbox 759 3824 838 3893; x_wconf 84' lang='grc' dir='ltr'>οἷς</span> <span class='ocrx_word' id='word_1_545' title='bbox 869 3829 934 3883; x_wconf 83' lang='grc' dir='ltr'>ἂν</span> <span class='ocrx_word' id='word_1_546' title='bbox 964 3829 1235 3902; x_wconf 81' lang='grc' dir='ltr'>γινώσκῃς</span> <span class='ocrx_word' id='word_1_547' title='bbox 1267 3829 1562 3901; x_wconf 79' lang='grc' dir='ltr'>όρθοδόξοις</span> <span class='ocrx_word' id='word_1_548' title='bbox 1598 3833 1942 3897; x_wconf 72' lang='grc' dir='ltr'><strong>ἐπισκόποις⁸</strong></span> 
     </span>
    </p>
   </div>
   <div class='ocr_carea' id='block_1_73' title="bbox 391 3916 1941 3991">
    <p class='ocr_par' dir='ltr' id='par_1_73' title="bbox 391 3916 1941 3991">
     <span class='ocr_line' id='line_1_73' title="bbox 391 3916 1941 3991; baseline 0.004 -23"><span class='ocrx_word' id='word_1_549' title='bbox 391 3916 495 3980; x_wconf 80' lang='grc' dir='ltr'>ἵνα,</span> <span class='ocrx_word' id='word_1_550' title='bbox 530 3918 576 3969; x_wconf 87' lang='grc' dir='ltr'><strong>εί</strong></span> <span class='ocrx_word' id='word_1_551' title='bbox 604 3916 851 3989; x_wconf 72' lang='grc' dir='ltr'>καὶπρὸς</span> <span class='ocrx_word' id='word_1_552' title='bbox 874 3919 1069 3981; x_wconf 79' lang='grc' dir='ltr'>αὐτοὺς</span> <span class='ocrx_word' id='word_1_553' title='bbox 1089 3920 1124 3989; x_wconf 81' lang='grc' dir='ltr'>ἡ</span> <span class='ocrx_word' id='word_1_554' title='bbox 1146 3917 1268 3972; x_wconf 87' lang='grc' dir='ltr'>καθ’</span> <span class='ocrx_word' id='word_1_555' title='bbox 1290 3917 1447 3989; x_wconf 83' lang='grc' dir='ltr'>ἡμῶν</span> <span class='ocrx_word' id='word_1_556' title='bbox 1471 3918 1688 3991; x_wconf 79' lang='grc' dir='ltr'>διαῦολὴ</span> <span class='ocrx_word' id='word_1_557' title='bbox 1710 3921 1941 3990; x_wconf 81' lang='grc' dir='ltr'>ἐγένετο,</span> 
     </span>
    </p>
   </div>
   <div class='ocr_carea' id='block_1_74' title="bbox 394 4006 1944 4081">
    <p class='ocr_par' dir='ltr' id='par_1_74' title="bbox 394 4006 1944 4081">
     <span class='ocr_line' id='line_1_74' title="bbox 394 4006 1944 4081; baseline 0.003 -22"><span class='ocrx_word' id='word_1_558' title='bbox 394 4006 648 4077; x_wconf 79' lang='grc' dir='ltr'>μαθόντες</span> <span class='ocrx_word' id='word_1_559' title='bbox 692 4008 789 4079; x_wconf 79' lang='grc' dir='ltr'>τὴν</span> <span class='ocrx_word' id='word_1_560' title='bbox 834 4007 1120 4079; x_wconf 84' lang='grc' dir='ltr'>ὁμολογίαν</span> <span class='ocrx_word' id='word_1_561' title='bbox 1166 4012 1197 4081; x_wconf 79' lang='grc' dir='ltr'><strong>ἡ</strong></span> <span class='ocrx_word' id='word_1_562' title='bbox 1207 4009 1321 4079; x_wconf 81' lang='grc' dir='ltr'>μῶν</span> <span class='ocrx_word' id='word_1_563' title='bbox 1368 4010 1587 4081; x_wconf 85' lang='grc' dir='ltr'>ταύτην,</span> <span class='ocrx_word' id='word_1_564' title='bbox 1636 4011 1944 4079; x_wconf 84' lang='grc' dir='ltr'>καταγνῶσι</span> 
     </span>
    </p>
   </div>
   <div class='ocr_carea' id='block_1_75' title="bbox 389 4097 1947 4171">
    <p class='ocr_par' dir='ltr' id='par_1_75' title="bbox 389 4097 1947 4171">
     <span class='ocr_line' id='line_1_75' title="bbox 389 4097 1947 4171; baseline 0.003 -21"><span class='ocrx_word' id='word_1_565' title='bbox 389 4097 496 4150; x_wconf 83' lang='grc' dir='ltr'>τῶν</span> <span class='ocrx_word' id='word_1_566' title='bbox 520 4097 855 4168; x_wconf 81' lang='grc' dir='ltr'>θελησάντων</span> <span class='ocrx_word' id='word_1_567' title='bbox 880 4099 1010 4170; x_wconf 79' lang='grc' dir='ltr'>ἡμῖν</span> <span class='ocrx_word' id='word_1_568' title='bbox 1032 4099 1216 4165; x_wconf 82' lang='grc' dir='ltr'>ἁπλῶς</span> <span class='ocrx_word' id='word_1_569' title='bbox 1249 4099 1438 4170; x_wconf 88' lang='grc' dir='ltr'>φθόνον</span> <span class='ocrx_word' id='word_1_570' title='bbox 1462 4100 1701 4171; x_wconf 82' lang='grc' dir='ltr'>κινῆσαι.</span> <span class='ocrx_word' id='word_1_571' title='bbox 1727 4100 1947 4155; x_wconf 90' lang='grc' dir='ltr'>Θεόδου-</span> 
     </span>
    </p>
   </div>
   <div class='ocr_carea' id='block_1_76' title="bbox 390 4187 1951 4263">
    <p class='ocr_par' dir='ltr' id='par_1_76' title="bbox 390 4187 1951 4263">
     <span class='ocr_line' id='line_1_76' title="bbox 390 4187 1951 4263; baseline 0.002 -22"><span class='ocrx_word' id='word_1_572' title='bbox 390 4187 479 4254; x_wconf 88' lang='grc' dir='ltr'><strong>λος</strong></span> <span class='ocrx_word' id='word_1_573' title='bbox 506 4189 796 4253; x_wconf 79' lang='grc' dir='ltr'>ἐπίσκοπος</span> <span class='ocrx_word' id='word_1_574' title='bbox 831 4189 1177 4262; x_wconf 79' lang='grc' dir='ltr'>Ὀξυρύγχου,</span> <span class='ocrx_word' id='word_1_575' title='bbox 1196 4191 1411 4263; x_wconf 84' lang='grc' dir='ltr'>Πλήνης</span> <span class='ocrx_word' id='word_1_576' title='bbox 1432 4192 1726 4256; x_wconf 83' lang='grc' dir='ltr'>ἐπίσκοπος</span> <span class='ocrx_word' id='word_1_577' title='bbox 1761 4192 1951 4263; x_wconf 87' lang='grc' dir='ltr'>Ἑρμο-</span> 
     </span>
    </p>
   </div>
   <div class='ocr_carea' id='block_1_77' title="bbox 394 4280 1947 4353">
    <p class='ocr_par' dir='ltr' id='par_1_77' title="bbox 394 4280 1947 4353">
     <span class='ocr_line' id='line_1_77' title="bbox 394 4280 1947 4353; baseline 0.002 -19"><span class='ocrx_word' id='word_1_578' title='bbox 394 4280 496 4346; x_wconf 79' lang='grc' dir='ltr'>θιὲ,</span> <span class='ocrx_word' id='word_1_579' title='bbox 542 4281 813 4353; x_wconf 81' lang='grc' dir='ltr'>Ἰσχυρίων</span> <span class='ocrx_word' id='word_1_580' title='bbox 838 4282 1129 4346; x_wconf 84' lang='grc' dir='ltr'>ἐπίσκοπος</span> <span class='ocrx_word' id='word_1_581' title='bbox 1149 4283 1381 4352; x_wconf 84' lang='grc' dir='ltr'>Λεοντῶ,</span> <span class='ocrx_word' id='word_1_582' title='bbox 1423 4282 1610 4337; x_wconf 84' lang='grc' dir='ltr'>Ἰσαὰκ</span> <span class='ocrx_word' id='word_1_583' title='bbox 1631 4284 1947 4348; x_wconf 88' lang='grc' dir='ltr'>ἐπίσκοπος.</span> 
     </span>
    </p>
   </div>
   <div class='ocr_carea' id='block_1_78' title="bbox 411 4369 595 4444">
    <p class='ocr_par' dir='ltr' id='par_1_78' title="bbox 411 4369 595 4444">
     <span class='ocr_line' id='line_1_78' title="bbox 411 4369 595 4444; baseline 0.011 -19"><span class='ocrx_word' id='word_1_584' title='bbox 411 4369 462 4425; x_wconf 87' lang='grc' dir='ltr'>Ἀ</span> <span class='ocrx_word' id='word_1_585' title='bbox 472 4373 595 4444; x_wconf 75' lang='grc' dir='ltr'>μήν.</span> 
     </span>
    </p>
   </div>
   <div class='ocr_carea' id='block_1_79' title="bbox 466 4526 1970 4600">
    <p class='ocr_par' dir='ltr' id='par_1_79' title="bbox 466 4526 1970 4600">
     <span class='ocr_line' id='line_1_79' title="bbox 466 4526 1970 4600; baseline 0.003 -19"><span class='ocrx_word' id='word_1_586' title='bbox 466 4529 486 4557; x_wconf 78' lang='grc'>’</span> <span class='ocrx_word' id='word_1_587' title='bbox 514 4526 670 4583; x_wconf 83' lang='lat' dir='ltr'><strong>Joan.</strong></span> <span class='ocrx_word' id='word_1_588' title='bbox 709 4546 747 4592; x_wconf 85' lang='grc' dir='ltr'><strong>ι,</strong></span> <span class='ocrx_word' id='word_1_589' title='bbox 776 4529 857 4585; x_wconf 71' lang='grc'><strong>14.</strong></span> <span class='ocrx_word' id='word_1_590' title='bbox 935 4531 955 4561; x_wconf 90' lang='grc'>³</span> <span class='ocrx_word' id='word_1_591' title='bbox 993 4529 1185 4600; x_wconf 83' lang='lat' dir='ltr'><strong>Philip.</strong></span> <span class='ocrx_word' id='word_1_592' title='bbox 1222 4544 1280 4595; x_wconf 89' lang='grc' dir='ltr'><strong>ιι,</strong></span> <span class='ocrx_word' id='word_1_593' title='bbox 1309 4527 1363 4595; x_wconf 88' lang='grc'><strong>6,</strong></span> <span class='ocrx_word' id='word_1_594' title='bbox 1401 4529 1451 4586; x_wconf 89' lang='grc'>7.</span> <span class='ocrx_word' id='word_1_595' title='bbox 1528 4529 1550 4561; x_wconf 71' lang='grc' dir='ltr'>δ</span> <span class='ocrx_word' id='word_1_596' title='bbox 1580 4527 1736 4585; x_wconf 79' lang='lat' dir='ltr'><strong>Joan.</strong></span> <span class='ocrx_word' id='word_1_597' title='bbox 1774 4544 1849 4596; x_wconf 86' lang='lat' dir='ltr'><strong>tv,</strong></span> <span class='ocrx_word' id='word_1_598' title='bbox 1879 4529 1970 4584; x_wconf 64' lang='lat'><strong>54.</strong></span> 
     </span>
    </p>
   </div>
   <div class='ocr_carea' id='block_1_80' title="bbox 470 4681 1947 4755">
    <p class='ocr_par' dir='ltr' id='par_1_80' title="bbox 470 4681 1947 4755">
     <span class='ocr_line' id='line_1_80' title="bbox 470 4681 1947 4755; baseline 0.002 -20"><span class='ocrx_word' id='word_1_599' title='bbox 470 4682 544 4751; x_wconf 78' lang='grc' dir='ltr'><strong>(ὅ)</strong></span> <span class='ocrx_word' id='word_1_600' title='bbox 579 4682 652 4755; x_wconf 84' lang='lat' dir='ltr'><strong>De</strong></span> <span class='ocrx_word' id='word_1_601' title='bbox 691 4683 775 4755; x_wconf 73' lang='lat' dir='ltr'><strong>his</strong></span> <span class='ocrx_word' id='word_1_602' title='bbox 808 4683 1296 4755; x_wconf 81' lang='lat' dir='ltr'><strong>subscriptionibus</strong></span> <span class='ocrx_word' id='word_1_603' title='bbox 1337 4681 1458 4755; x_wconf 66' lang='lat' dir='ltr'><strong>vide</strong></span> <span class='ocrx_word' id='word_1_604' title='bbox 1508 4683 1563 4737; x_wconf 86' lang='lat' dir='ltr'><strong>in</strong></span> <span class='ocrx_word' id='word_1_605' title='bbox 1608 4682 1947 4755; x_wconf 75' lang='lat' dir='ltr'><strong>Diatrlha&#39;de</strong></span> 
     </span>
    </p>
   </div>
   <div class='ocr_carea' id='block_1_81' title="bbox 401 4750 1947 4827">
    <p class='ocr_par' dir='ltr' id='par_1_81' title="bbox 401 4750 1947 4827">
     <span class='ocr_line' id='line_1_81' title="bbox 401 4750 1947 4827; baseline 0.004 -24"><span class='ocrx_word' id='word_1_606' title='bbox 401 4750 671 4827; x_wconf 67' lang='lat' dir='ltr'><strong>Marcello.</strong></span> <span class='ocrx_word' id='word_1_607' title='bbox 723 4752 815 4807; x_wconf 82' lang='lat' dir='ltr'><strong>Hae</strong></span> <span class='ocrx_word' id='word_1_608' title='bbox 857 4750 1037 4827; x_wconf 64' lang='lat' dir='ltr'><strong>porro&#39;</strong></span> <span class='ocrx_word' id='word_1_609' title='bbox 1070 4753 1496 4827; x_wconf 74' lang='lat' dir='ltr'><strong>subscriptiones</strong></span> <span class='ocrx_word' id='word_1_610' title='bbox 1553 4754 1756 4807; x_wconf 72' lang='lat' dir='ltr'><strong>mutila:</strong></span> <span class='ocrx_word' id='word_1_611' title='bbox 1802 4753 1947 4809; x_wconf 89' lang='lat' dir='ltr'><strong>haud</strong></span> 
     </span>
    </p>
   </div>
   <div class='ocr_carea' id='block_1_82' title="bbox 401 4823 1946 4891">
    <p class='ocr_par' dir='ltr' id='par_1_82' title="bbox 401 4823 1946 4891">
     <span class='ocr_line' id='line_1_82' title="bbox 401 4823 1946 4891; baseline 0.002 -18"><span class='ocrx_word' id='word_1_612' title='bbox 401 4823 559 4875; x_wconf 85' lang='lat' dir='ltr'><strong>dubie</strong></span> <span class='ocrx_word' id='word_1_613' title='bbox 592 4829 736 4887; x_wconf 87' lang='lat' dir='ltr'><strong>sunt,</strong></span> <span class='ocrx_word' id='word_1_614' title='bbox 772 4823 892 4877; x_wconf 79' lang='lat' dir='ltr'><strong>cum</strong></span> <span class='ocrx_word' id='word_1_615' title='bbox 929 4825 1209 4878; x_wconf 81' lang='lat' dir='ltr'><strong>Athanasii</strong></span> <span class='ocrx_word' id='word_1_616' title='bbox 1236 4838 1435 4877; x_wconf 91' lang='lat' dir='ltr'><strong>nomen</strong></span> <span class='ocrx_word' id='word_1_617' title='bbox 1470 4838 1580 4877; x_wconf 90' lang='lat' dir='ltr'><strong>non</strong></span> <span class='ocrx_word' id='word_1_618' title='bbox 1614 4832 1946 4891; x_wconf 85' lang='lat' dir='ltr'><strong>compareat,</strong></span> 
     </span>
    </p>
   </div>
   <div class='ocr_carea' id='block_1_83' title="bbox 402 4891 1952 4959">
    <p class='ocr_par' dir='ltr' id='par_1_83' title="bbox 402 4891 1952 4959">
     <span class='ocr_line' id='line_1_83' title="bbox 402 4891 1952 4959; baseline 0.001 -15"><span class='ocrx_word' id='word_1_619' title='bbox 402 4893 490 4959; x_wconf 84' lang='lat' dir='ltr'><strong>qui</strong></span> <span class='ocrx_word' id='word_1_620' title='bbox 523 4906 655 4946; x_wconf 89' lang='lat' dir='ltr'><strong>sane</strong></span> <span class='ocrx_word' id='word_1_621' title='bbox 685 4892 809 4946; x_wconf 89' lang='lat' dir='ltr'><strong>huic</strong></span> <span class='ocrx_word' id='word_1_622' title='bbox 841 4893 958 4947; x_wconf 87' lang='lat' dir='ltr'><strong>fidei</strong></span> <span class='ocrx_word' id='word_1_623' title='bbox 1000 4893 1333 4949; x_wconf 79' lang='lat' dir='ltr'><strong>confessioni</strong></span> <span class='ocrx_word' id='word_1_624' title='bbox 1361 4891 1683 4959; x_wconf 71' lang='lat' dir='ltr'><strong>suffragium</strong></span> <span class='ocrx_word' id='word_1_625' title='bbox 1713 4892 1863 4946; x_wconf 83' lang='lat' dir='ltr'><strong>dedit</strong></span> <span class='ocrx_word' id='word_1_626' title='bbox 1886 4906 1952 4946; x_wconf 87' lang='lat' dir='ltr'><strong>ac</strong></span> 
     </span>
    </p>
   </div>
   <div class='ocr_carea' id='block_1_84' title="bbox 405 4961 1953 5032">
    <p class='ocr_par' dir='ltr' id='par_1_84' title="bbox 405 4961 1953 5032">
     <span class='ocr_line' id='line_1_84' title="bbox 405 4961 1953 5032; baseline -0.001 -17"><span class='ocrx_word' id='word_1_627' title='bbox 405 4961 754 5031; x_wconf 84' lang='lat' dir='ltr'><strong>subscripsit;</strong></span> <span class='ocrx_word' id='word_1_628' title='bbox 786 4963 919 5017; x_wconf 90' lang='lat' dir='ltr'><strong>alias</strong></span> <span class='ocrx_word' id='word_1_629' title='bbox 947 4979 1092 5028; x_wconf 89' lang='lat' dir='ltr'><strong>vero,</strong></span> <span class='ocrx_word' id='word_1_630' title='bbox 1127 4962 1435 5032; x_wconf 75' lang='lat' dir='ltr'><strong>refragante</strong></span> <span class='ocrx_word' id='word_1_631' title='bbox 1464 4961 1787 5032; x_wconf 58' lang='lat' dir='ltr'><strong>Athanasio;</strong></span> <span class='ocrx_word' id='word_1_632' title='bbox 1826 4976 1953 5015; x_wconf 81' lang='lat' dir='ltr'><strong>eam</strong></span> 
     </span>
    </p>
   </div>
   <div class='ocr_carea' id='block_1_85' title="bbox 405 5030 1954 5103">
    <p class='ocr_par' dir='ltr' id='par_1_85' title="bbox 405 5030 1954 5103">
     <span class='ocr_line' id='line_1_85' title="bbox 405 5030 1954 5103; baseline 0.002 -21"><span class='ocrx_word' id='word_1_633' title='bbox 405 5030 629 5086; x_wconf 85' lang='lat' dir='ltr'><strong>minime</strong></span> <span class='ocrx_word' id='word_1_634' title='bbox 660 5032 995 5101; x_wconf 86' lang='lat' dir='ltr'><strong>probassent,</strong></span> <span class='ocrx_word' id='word_1_635' title='bbox 1043 5030 1328 5103; x_wconf 76' lang='lat' dir='ltr'><strong>additoque</strong></span> <span class='ocrx_word' id='word_1_636' title='bbox 1367 5033 1584 5087; x_wconf 86' lang='lat' dir='ltr'><strong>nomine</strong></span> <span class='ocrx_word' id='word_1_637' title='bbox 1630 5030 1954 5086; x_wconf 85' lang='lat' dir='ltr'><strong>confirmas-</strong></span> 
     </span>
    </p>
   </div>
   <div class='ocr_carea' id='block_1_86' title="bbox 2047 3454 3604 3527">
    <p class='ocr_par' dir='ltr' id='par_1_86' title="bbox 2047 3454 3604 3527">
     <span class='ocr_line' id='line_1_86' title="bbox 2047 3454 3604 3527; baseline -0.001 -11"><span class='ocrx_word' id='word_1_638' title='bbox 2047 3461 2314 3522; x_wconf 86' lang='lat' dir='ltr'><strong>titeamur,</strong></span> <span class='ocrx_word' id='word_1_639' title='bbox 2339 3470 2755 3524; x_wconf 85' lang='lat' dir='ltr'><strong>asseramusque</strong></span> <span class='ocrx_word' id='word_1_640' title='bbox 2784 3454 3016 3525; x_wconf 89' lang='lat' dir='ltr'><strong>idipsum</strong></span> <span class='ocrx_word' id='word_1_641' title='bbox 3050 3456 3254 3511; x_wconf 87' lang='lat' dir='ltr'><strong>sentire</strong></span> <span class='ocrx_word' id='word_1_642' title='bbox 3274 3472 3366 3512; x_wconf 91' lang='lat' dir='ltr'><strong>eos</strong></span> <span class='ocrx_word' id='word_1_643' title='bbox 3391 3458 3480 3527; x_wconf 82' lang='lat' dir='ltr'><strong>qui</strong></span> <span class='ocrx_word' id='word_1_644' title='bbox 3505 3473 3604 3515; x_wconf 76' lang='lat' dir='ltr'><strong>nes</strong></span> 
     </span>
    </p>
   </div>
   <div class='ocr_carea' id='block_1_87' title="bbox 2046 3547 3600 3617">
    <p class='ocr_par' dir='ltr' id='par_1_87' title="bbox 2046 3547 3600 3617">
     <span class='ocr_line' id='line_1_87' title="bbox 2046 3547 3600 3617; baseline -0.003 -10"><span class='ocrx_word' id='word_1_645' title='bbox 2046 3552 2226 3608; x_wconf 86' lang='lat' dir='ltr'><strong>isthuc</strong></span> <span class='ocrx_word' id='word_1_646' title='bbox 2255 3550 2518 3606; x_wconf 87' lang='lat' dir='ltr'><strong>miserunt</strong></span> <span class='ocrx_word' id='word_1_647' title='bbox 2544 3567 2556 3602; x_wconf 93' lang='lat'>:</span> <span class='ocrx_word' id='word_1_648' title='bbox 2597 3556 2740 3602; x_wconf 91' lang='lat' dir='ltr'><strong>tuam</strong></span> <span class='ocrx_word' id='word_1_649' title='bbox 2772 3562 3025 3617; x_wconf 80' lang='lat' dir='ltr'><strong>rogamus</strong></span> <span class='ocrx_word' id='word_1_650' title='bbox 3056 3547 3329 3615; x_wconf 84' lang='lat' dir='ltr'><strong>pietatem,</strong></span> <span class='ocrx_word' id='word_1_651' title='bbox 3355 3564 3422 3603; x_wconf 92' lang='lat' dir='ltr'><strong>ne</strong></span> <span class='ocrx_word' id='word_1_652' title='bbox 3446 3548 3600 3603; x_wconf 79' lang='lat' dir='ltr'><strong>fidem</strong></span> 
     </span>
    </p>
   </div>
   <div class='ocr_carea' id='block_1_88' title="bbox 2044 3636 3604 3711">
    <p class='ocr_par' dir='ltr' id='par_1_88' title="bbox 2044 3636 3604 3711">
     <span class='ocr_line' id='line_1_88' title="bbox 2044 3636 3604 3711; baseline -0.001 -14"><span class='ocrx_word' id='word_1_653' title='bbox 2044 3645 2112 3700; x_wconf 89' lang='lat' dir='ltr'><strong>iis</strong></span> <span class='ocrx_word' id='word_1_654' title='bbox 2142 3642 2343 3697; x_wconf 86' lang='lat' dir='ltr'><strong>habeas</strong></span> <span class='ocrx_word' id='word_1_655' title='bbox 2378 3641 2468 3711; x_wconf 90' lang='lat' dir='ltr'><strong>qui</strong></span> <span class='ocrx_word' id='word_1_656' title='bbox 2506 3655 2608 3694; x_wconf 90' lang='lat' dir='ltr'><strong>nos</strong></span> <span class='ocrx_word' id='word_1_657' title='bbox 2642 3638 2994 3704; x_wconf 86' lang='lat' dir='ltr'><strong>insimulant;</strong></span> <span class='ocrx_word' id='word_1_658' title='bbox 3030 3637 3193 3706; x_wconf 85' lang='lat' dir='ltr'><strong>idque</strong></span> <span class='ocrx_word' id='word_1_659' title='bbox 3225 3636 3293 3694; x_wconf 89' lang='lat' dir='ltr'><strong>iis</strong></span> <span class='ocrx_word' id='word_1_660' title='bbox 3333 3639 3604 3709; x_wconf 76' lang='lat' dir='ltr'><strong>signiﬁces</strong></span> 
     </span>
    </p>
   </div>
   <div class='ocr_carea' id='block_1_89' title="bbox 2043 3729 3609 3805">
    <p class='ocr_par' dir='ltr' id='par_1_89' title="bbox 2043 3729 3609 3805">
     <span class='ocr_line' id='line_1_89' title="bbox 2043 3729 3609 3805; baseline -0.001 -17"><span class='ocrx_word' id='word_1_661' title='bbox 2043 3734 2134 3805; x_wconf 90' lang='lat' dir='ltr'><strong>qui</strong></span> <span class='ocrx_word' id='word_1_662' title='bbox 2171 3747 2271 3788; x_wconf 91' lang='lat' dir='ltr'><strong>nos</strong></span> <span class='ocrx_word' id='word_1_663' title='bbox 2312 3733 2420 3786; x_wconf 90' lang='lat' dir='ltr'><strong>huc</strong></span> <span class='ocrx_word' id='word_1_664' title='bbox 2470 3730 2818 3802; x_wconf 77' lang='lat' dir='ltr'><strong>delegarunt;</strong></span> <span class='ocrx_word' id='word_1_665' title='bbox 2858 3729 3131 3785; x_wconf 85' lang='lat' dir='ltr'><strong>rescribas</strong></span> <span class='ocrx_word' id='word_1_666' title='bbox 3180 3730 3308 3784; x_wconf 90' lang='lat' dir='ltr'><strong>item</strong></span> <span class='ocrx_word' id='word_1_667' title='bbox 3363 3731 3429 3786; x_wconf 87' lang='lat' dir='ltr'><strong>iis</strong></span> <span class='ocrx_word' id='word_1_668' title='bbox 3466 3746 3609 3803; x_wconf 65' lang='lat' dir='ltr'><strong>quos,</strong></span> 
     </span>
    </p>
   </div>
   <div class='ocr_carea' id='block_1_90' title="bbox 2044 3819 3612 3892">
    <p class='ocr_par' dir='ltr' id='par_1_90' title="bbox 2044 3819 3612 3892">
     <span class='ocr_line' id='line_1_90' title="bbox 2044 3819 3612 3892; baseline -0.004 -11"><span class='ocrx_word' id='word_1_669' title='bbox 2044 3823 2374 3881; x_wconf 79' lang='lat' dir='ltr'><strong>orthodoxos</strong></span> <span class='ocrx_word' id='word_1_670' title='bbox 2396 3823 2679 3892; x_wconf 88' lang='lat' dir='ltr'><strong>episcopos</strong></span> <span class='ocrx_word' id='word_1_671' title='bbox 2708 3835 2831 3875; x_wconf 90' lang='lat' dir='ltr'><strong>esse</strong></span> <span class='ocrx_word' id='word_1_672' title='bbox 2854 3821 3101 3887; x_wconf 86' lang='lat' dir='ltr'><strong>noveris;</strong></span> <span class='ocrx_word' id='word_1_673' title='bbox 3134 3829 3193 3875; x_wconf 91' lang='lat' dir='ltr'><strong>ut</strong></span> <span class='ocrx_word' id='word_1_674' title='bbox 3224 3819 3268 3876; x_wconf 92' lang='lat' dir='ltr'><strong>si</strong></span> <span class='ocrx_word' id='word_1_675' title='bbox 3298 3820 3365 3876; x_wconf 89' lang='lat' dir='ltr'><strong>ad</strong></span> <span class='ocrx_word' id='word_1_676' title='bbox 3397 3837 3493 3878; x_wconf 88' lang='lat' dir='ltr'><strong>eos</strong></span> <span class='ocrx_word' id='word_1_677' title='bbox 3513 3837 3612 3877; x_wconf 63' lang='lat' dir='ltr'><strong>ca».</strong></span> 
     </span>
    </p>
   </div>
   <div class='ocr_carea' id='block_1_91' title="bbox 2046 3911 3605 3984">
    <p class='ocr_par' dir='ltr' id='par_1_91' title="bbox 2046 3911 3605 3984">
     <span class='ocr_line' id='line_1_91' title="bbox 2046 3911 3605 3984; baseline -0.001 -12"><span class='ocrx_word' id='word_1_678' title='bbox 2046 3917 2251 3972; x_wconf 89' lang='lat' dir='ltr'><strong>lumnia</strong></span> <span class='ocrx_word' id='word_1_679' title='bbox 2276 3915 2563 3971; x_wconf 86' lang='lat' dir='ltr'><strong>adversum</strong></span> <span class='ocrx_word' id='word_1_680' title='bbox 2586 3929 2686 3969; x_wconf 91' lang='lat' dir='ltr'><strong>nos</strong></span> <span class='ocrx_word' id='word_1_681' title='bbox 2712 3911 2942 3967; x_wconf 81' lang='lat' dir='ltr'><strong>conﬂata</strong></span> <span class='ocrx_word' id='word_1_682' title='bbox 2964 3914 3287 3983; x_wconf 85' lang='lat' dir='ltr'><strong>pervenerit,</strong></span> <span class='ocrx_word' id='word_1_683' title='bbox 3314 3922 3605 3984; x_wconf 74' lang='lat' dir='ltr'><strong>conspecta</strong></span> 
     </span>
    </p>
   </div>
   <div class='ocr_carea' id='block_1_92' title="bbox 2047 4003 3611 4075">
    <p class='ocr_par' dir='ltr' id='par_1_92' title="bbox 2047 4003 3611 4075">
     <span class='ocr_line' id='line_1_92' title="bbox 2047 4003 3611 4075; baseline -0.001 -13"><span class='ocrx_word' id='word_1_684' title='bbox 2047 4008 2150 4062; x_wconf 86' lang='lat' dir='ltr'><strong>hac</strong></span> <span class='ocrx_word' id='word_1_685' title='bbox 2175 4014 2366 4061; x_wconf 83' lang='lat' dir='ltr'><strong>nostra</strong></span> <span class='ocrx_word' id='word_1_686' title='bbox 2393 4004 2513 4061; x_wconf 81' lang='lat' dir='ltr'><strong>fidei</strong></span> <span class='ocrx_word' id='word_1_687' title='bbox 2539 4003 2901 4069; x_wconf 89' lang='lat' dir='ltr'><strong>confessione,</strong></span> <span class='ocrx_word' id='word_1_688' title='bbox 2923 4004 3183 4059; x_wconf 89' lang='lat' dir='ltr'><strong>malitiam</strong></span> <span class='ocrx_word' id='word_1_689' title='bbox 3204 4019 3390 4059; x_wconf 89' lang='lat' dir='ltr'><strong>eorum</strong></span> <span class='ocrx_word' id='word_1_690' title='bbox 3422 4005 3611 4075; x_wconf 52' lang='lat' dir='ltr'><strong>deprem</strong></span> 
     </span>
    </p>
   </div>
   <div class='ocr_carea' id='block_1_93' title="bbox 2048 4092 3609 4165">
    <p class='ocr_par' dir='ltr' id='par_1_93' title="bbox 2048 4092 3609 4165">
     <span class='ocr_line' id='line_1_93' title="bbox 2048 4092 3609 4165; baseline -0.003 -15"><span class='ocrx_word' id='word_1_691' title='bbox 2048 4096 2310 4160; x_wconf 87' lang='lat' dir='ltr'><strong>hendant,</strong></span> <span class='ocrx_word' id='word_1_692' title='bbox 2339 4094 2434 4165; x_wconf 89' lang='lat' dir='ltr'><strong>qui</strong></span> <span class='ocrx_word' id='word_1_693' title='bbox 2473 4100 2676 4148; x_wconf 88' lang='lat' dir='ltr'><strong>temere</strong></span> <span class='ocrx_word' id='word_1_694' title='bbox 2720 4092 2979 4148; x_wconf 87' lang='lat' dir='ltr'><strong>invidiam</strong></span> <span class='ocrx_word' id='word_1_695' title='bbox 3020 4095 3179 4148; x_wconf 86' lang='lat' dir='ltr'><strong>nobis</strong></span> <span class='ocrx_word' id='word_1_696' title='bbox 3228 4107 3445 4147; x_wconf 86' lang='lat' dir='ltr'><strong>movere</strong></span> <span class='ocrx_word' id='word_1_697' title='bbox 3494 4100 3609 4147; x_wconf 87' lang='lat' dir='ltr'><strong>stu-</strong></span> 
     </span>
    </p>
   </div>
   <div class='ocr_carea' id='block_1_94' title="bbox 2048 4180 3608 4257">
    <p class='ocr_par' dir='ltr' id='par_1_94' title="bbox 2048 4180 3608 4257">
     <span class='ocr_line' id='line_1_94' title="bbox 2048 4180 3608 4257; baseline -0.003 -14"><span class='ocrx_word' id='word_1_698' title='bbox 2048 4188 2285 4243; x_wconf 89' lang='lat' dir='ltr'><strong>duerunt</strong></span> <span class='ocrx_word' id='word_1_699' title='bbox 2304 4186 2399 4257; x_wconf 83' lang='lat'><strong>(5).</strong></span> <span class='ocrx_word' id='word_1_700' title='bbox 2442 4183 2759 4240; x_wconf 81' lang='lat' dir='ltr'><strong>Theodulus</strong></span> <span class='ocrx_word' id='word_1_701' title='bbox 2792 4180 3078 4255; x_wconf 82' lang='lat' dir='ltr'><strong>episcopus</strong></span> <span class='ocrx_word' id='word_1_702' title='bbox 3133 4184 3463 4257; x_wconf 78' lang='lat' dir='ltr'><strong>Oxyrynchi,</strong></span> <span class='ocrx_word' id='word_1_703' title='bbox 3486 4182 3608 4239; x_wconf 86' lang='lat' dir='ltr'><strong>Ple-</strong></span> 
     </span>
    </p>
   </div>
   <div class='ocr_carea' id='block_1_95' title="bbox 2049 4274 3612 4351">
    <p class='ocr_par' dir='ltr' id='par_1_95' title="bbox 2049 4274 3612 4351">
     <span class='ocr_line' id='line_1_95' title="bbox 2049 4274 3612 4351; baseline -0.003 -18"><span class='ocrx_word' id='word_1_704' title='bbox 2049 4295 2148 4335; x_wconf 91' lang='lat' dir='ltr'><strong>nes</strong></span> <span class='ocrx_word' id='word_1_705' title='bbox 2169 4278 2459 4348; x_wconf 86' lang='lat' dir='ltr'><strong>episcopus</strong></span> <span class='ocrx_word' id='word_1_706' title='bbox 2487 4275 2792 4344; x_wconf 81' lang='lat' dir='ltr'><strong>Hcrmothi,</strong></span> <span class='ocrx_word' id='word_1_707' title='bbox 2820 4276 3098 4349; x_wconf 82' lang='lat' dir='ltr'><strong>lsehyrion</strong></span> <span class='ocrx_word' id='word_1_708' title='bbox 3133 4274 3612 4351; x_wconf 76' lang='lat' dir='ltr'><strong>episcopusLeon-</strong></span> 
     </span>
    </p>
   </div>
   <div class='ocr_carea' id='block_1_96' title="bbox 2051 4370 2872 4446">
    <p class='ocr_par' dir='ltr' id='par_1_96' title="bbox 2051 4370 2872 4446">
     <span class='ocr_line' id='line_1_96' title="bbox 2051 4370 2872 4446; baseline -0.006 -17"><span class='ocrx_word' id='word_1_709' title='bbox 2051 4382 2130 4439; x_wconf 80' lang='lat' dir='ltr'><strong>to,</strong></span> <span class='ocrx_word' id='word_1_710' title='bbox 2170 4370 2322 4428; x_wconf 82' lang='lat' dir='ltr'><strong>Isaac</strong></span> <span class='ocrx_word' id='word_1_711' title='bbox 2345 4371 2649 4446; x_wconf 84' lang='lat' dir='ltr'><strong>episcopus.</strong></span> <span class='ocrx_word' id='word_1_712' title='bbox 2681 4370 2872 4426; x_wconf 87' lang='lat' dir='ltr'><strong>Amen.</strong></span> 
     </span>
    </p>
   </div>
   <div class='ocr_carea' id='block_1_97' title="bbox 2048 4680 3614 4757">
    <p class='ocr_par' dir='ltr' id='par_1_97' title="bbox 2048 4680 3614 4757">
     <span class='ocr_line' id='line_1_97' title="bbox 2048 4680 3614 4757; baseline -0.006 -18"><span class='ocrx_word' id='word_1_713' title='bbox 2048 4690 2168 4757; x_wconf 85' lang='lat' dir='ltr'><strong>sent</strong></span> <span class='ocrx_word' id='word_1_714' title='bbox 2210 4683 2450 4757; x_wconf 83' lang='lat' dir='ltr'><strong>episcopi</strong></span> <span class='ocrx_word' id='word_1_715' title='bbox 2503 4683 2604 4757; x_wconf 80' lang='lat' dir='ltr'><strong>hic</strong></span> <span class='ocrx_word' id='word_1_716' title='bbox 2641 4683 2945 4738; x_wconf 89' lang='lat' dir='ltr'><strong>memorati.</strong></span> <span class='ocrx_word' id='word_1_717' title='bbox 2995 4680 3302 4757; x_wconf 76' lang='lat' dir='ltr'><strong>Verisimile</strong></span> <span class='ocrx_word' id='word_1_718' title='bbox 3346 4680 3474 4734; x_wconf 84' lang='lat' dir='ltr'><strong>item</strong></span> <span class='ocrx_word' id='word_1_719' title='bbox 3500 4684 3614 4757; x_wconf 40' lang='grc' dir='ltr'>,εει</span> 
     </span>
    </p>
   </div>
   <div class='ocr_carea' id='block_1_98' title="bbox 2049 4751 3611 4827">
    <p class='ocr_par' dir='ltr' id='par_1_98' title="bbox 2049 4751 3611 4827">
     <span class='ocr_line' id='line_1_98' title="bbox 2049 4751 3611 4827; baseline -0.006 -20"><span class='ocrx_word' id='word_1_720' title='bbox 2049 4751 2494 4827; x_wconf 24' lang='lat' dir='ltr'><strong>aliosAngptios</strong></span> <span class='ocrx_word' id='word_1_721' title='bbox 2522 4753 2827 4827; x_wconf 77' lang='lat' dir='ltr'><strong>episcopos,</strong></span> <span class='ocrx_word' id='word_1_722' title='bbox 2850 4768 3080 4827; x_wconf 80' lang='lat' dir='ltr'><strong>quoer</strong></span> <span class='ocrx_word' id='word_1_723' title='bbox 3099 4751 3343 4827; x_wconf 82' lang='lat' dir='ltr'><strong>cecidere</strong></span> <span class='ocrx_word' id='word_1_724' title='bbox 3366 4751 3611 4827; x_wconf 73' lang='lat' dir='ltr'><strong>nomina,</strong></span> 
     </span>
    </p>
   </div>
   <div class='ocr_carea' id='block_1_99' title="bbox 2049 4822 3609 4896">
    <p class='ocr_par' dir='ltr' id='par_1_99' title="bbox 2049 4822 3609 4896">
     <span class='ocr_line' id='line_1_99' title="bbox 2049 4822 3609 4896; baseline -0.006 -19"><span class='ocrx_word' id='word_1_725' title='bbox 2049 4822 2303 4896; x_wconf 72' lang='lat' dir='ltr'><strong>eamdem</strong></span> <span class='ocrx_word' id='word_1_726' title='bbox 2318 4822 2449 4896; x_wconf 54' lang='lat' dir='ltr'><strong>&#39;fi&#39;dei</strong></span> <span class='ocrx_word' id='word_1_727' title='bbox 2476 4822 2879 4896; x_wconf 78' lang='lat' dir='ltr'><strong>confessionem</strong></span> <span class='ocrx_word' id='word_1_728' title='bbox 2890 4822 3164 4896; x_wconf 76' lang='lat' dir='ltr'><strong>suffragio</strong></span> <span class='ocrx_word' id='word_1_729' title='bbox 3192 4836 3293 4896; x_wconf 83' lang='lat' dir='ltr'><strong>suo</strong></span> <span class='ocrx_word' id='word_1_730' title='bbox 3322 4822 3609 4896; x_wconf 78' lang='lat' dir='ltr'><strong>muniisse.</strong></span> 
     </span>
    </p>
   </div>
   <div class='ocr_carea' id='block_1_100' title="bbox 2053 4888 3615 4963">
    <p class='ocr_par' dir='ltr' id='par_1_100' title="bbox 2053 4888 3615 4963">
     <span class='ocr_line' id='line_1_100' title="bbox 2053 4888 3615 4963; baseline -0.003 -16"><span class='ocrx_word' id='word_1_731' title='bbox 2053 4893 2271 4950; x_wconf 85' lang='lat' dir='ltr'><strong>Solebat</strong></span> <span class='ocrx_word' id='word_1_732' title='bbox 2303 4895 2447 4948; x_wconf 88' lang='lat' dir='ltr'><strong>enim</strong></span> <span class='ocrx_word' id='word_1_733' title='bbox 2477 4893 2806 4948; x_wconf 78' lang='lat' dir='ltr'><strong>Athanasius</strong></span> <span class='ocrx_word' id='word_1_734' title='bbox 2838 4893 2904 4946; x_wconf 90' lang='lat' dir='ltr'><strong>ad</strong></span> <span class='ocrx_word' id='word_1_735' title='bbox 2944 4888 3100 4948; x_wconf 59' lang='lat' dir='ltr'><strong>tanti&#39;</strong></span> <span class='ocrx_word' id='word_1_736' title='bbox 3110 4888 3369 4963; x_wconf 88' lang='lat' dir='ltr'><strong>ponderis</strong></span> <span class='ocrx_word' id='word_1_737' title='bbox 3401 4888 3615 4958; x_wconf 78' lang='lat' dir='ltr'><strong>negotia</strong></span> 
     </span>
    </p>
   </div>
   <div class='ocr_carea' id='block_1_101' title="bbox 2053 4963 3031 5020">
    <p class='ocr_par' dir='ltr' id='par_1_101' title="bbox 2053 4963 3031 5020">
     <span class='ocr_line' id='line_1_101' title="bbox 2053 4963 3031 5020; baseline -0.001 -1"><span class='ocrx_word' id='word_1_738' title='bbox 2053 4979 2083 5019; x_wconf 90' lang='lat' dir='ltr'><strong>e</strong></span> <span class='ocrx_word' id='word_1_739' title='bbox 2110 4964 2464 5020; x_wconf 83' lang='lat' dir='ltr'><strong>vicinioribus</strong></span> <span class='ocrx_word' id='word_1_740' title='bbox 2493 4963 2697 5018; x_wconf 75' lang='lat' dir='ltr'><strong>multos</strong></span> <span class='ocrx_word' id='word_1_741' title='bbox 2728 4976 3031 5019; x_wconf 82' lang='lat' dir='ltr'><strong>accersere.</strong></span> 
     </span>
    </p>
   </div>
  </div>
