4116 6332
387 326 521 383 1309

1854 318 1919 373 IN
1958 316 2230 393 lSAlAMJ

3490 333 3627 387 1520

382 457 577 500 εκτικα
613 442 753 516 μέρη
789 460 881 496 του
921 457 1118 504 παντες
1158 442 1381 512 κόσμου,
1429 441 1654 514 ούρανὺν
1678 440 1839 494 αὐτόν
1866 453 1950 493 τον

2066 438 2157 494 Dei
2208 456 2332 496 sern
2357 456 2490 497 ones
2524 452 2789 501 convocat
2830 448 3128 517 propheta,
3181 451 3379 507 caelum
3415 451 3649 509 scilicet'

381 538 478 602 τάς
498 536 645 601 θείας
671 538 923 606 δυνάμεις
948 534 1303 605 ἀπειληφότα,
1326 534 1417 587 καὶ
1434 534 1535 606 γῆν
1544 534 1605 587 τὸ
1619 533 1728 587 τῶν
1743 533 1951 603 θνητῶν

382 630 715 700 οίκητήριον·
760 628 854 681 καὶ
887 624 1100 698 οὐρανῷ
1143 625 1241 696 μὲν
1284 625 1522 689 ἀκούειν,
1561 627 1631 696 γῇ
1673 624 1731 678 δὲ
1770 623 1956 678 ἐνωτί-

383 717 569 783 ξεσθαι
610 716 1071 789 παρακελεύεται,
1105 715 1171 768 δι’
1196 714 1373 768 αὐτῶν
1402 713 1502 777 τάς
1541 715 1768 783 ἀφανεῖς
1796 713 1956 767 δυνά-

389 824 508 879 μεις
576 808 635 859 ὲν
693 806 877 869 αὐτοῖς
902 803 1377 874 ἀνακαλούμενος.
1432 804 1543 856 Καὶ
1599 804 1727 884 ’μετ’
1776 800 1950 871 ὀλίγα,

382 896 568 969 ἐπειδὴ
608 895 831 967 κέντρον
881 896 1100 966 μνήμης
1139 893 1513 965 παρασχέσθαι
1559 894 1741 955 αὐτοῖς
1791 891 1954 962 ήὸού-

380 991 503 1043 λετο
519 987 629 1042 τῶν
652 986 954 1058 λεγομένων
977 989 1005 1039 6
1028 986 1332 1056 προφήτης,
1353 986 1649 1053 ἀναγκαῖον
1669 983 1760 1036 τοῦ
1786 984 1952 1054 ούρα-

382 1083 474 1137 νοῦ
496 1084 589 1136 καλ⁵
615 1082 718 1153 γῆς
742 1078 1045 1151 μαρτυρίαν
1071 1077 1505 1150 παραλαμϐάνει·
1531 1078 1638 1141 ἵνα,
1662 1077 1763 1131 κᾶν
1782 1077 1951 1149 λήθην

384 1174 710 1243 ποιήσωνται
740 1168 851 1224 τῶν
880 1167 1176 1240 λεχθέντων
1208 1167 1357 1240 παρά
1395 1167 1492 1222 τοῦ
1531 1168 1829 1240 προφήτου,
1864 1166 1954 1219 ού-

387 1264 544 1337 ρανὺς
565 1263 657 1319 καὶ
682 1264 754 1334 γῆ
787 1260 1050 1333 ὁρώμενοι
1080 1262 1536 1334 ύπομιμνήσκωσι
1558 1259 1666 1314 τῶν
1690 1258 1784 1312 τοῦ
1818 1257 1951 1311 Θεοῦ

384 1360 450 1429 ρη
460 1357 643 1428 μάτων

451 1446 596 1501 Υἱῶν
616 1448 836 1518 μνήμην
859 1446 1170 1518 πεποίηται,
1194 1447 1287 1499 καὶ
1311 1446 1694 1517 γεγεννηκέναι
1729 1445 1948 1515 φάσκει,

379 1539 612 1603 δεικνὺς,
633 1538 709 1603 ὡς
735 1539 832 1592 οὐκ
858 1537 1167 1609 ἀλλοτρίους
1189 1540 1429 1609 εἰσεποιή
1440 1555 1587 1605 σατο,
1618 1538 1732 1591 ἀλλ’
1760 1538 1836 1601 ὡς
1857 1538 1951 1591 αύ-

381 1634 474 1688 τοῦ
514 1633 671 1696 ὄντας
710 1634 1013 1703 ποιήματα,
1052 1630 1320 1701 πατρικῆς
1365 1630 1686 1702 κηδεμονίας
1727 1629 1947 1700 ήξίωσε’

382 1728 475 1780 καὶ
511 1725 783 1796 ὑψωκέναι
822 1724 878 1777 δὲ
914 1724 1061 1793 λέγει
1104 1714 1534 1794 ὑπομιμνήσκων
1572 1723 1672 1792 τῆς
1702 1724 1796 1776 ἀπ’
1834 1723 1946 1775 Ἀξ-

2057 532 2271 591 divinas
2298 537 2536 593 virtutes
2564 541 2953 610 complectens,
3000 553 3055 598 et
3089 551 3288 597 terram
3317 559 3346 597 a
3376 546 3626 601 mortali-

2057 628 2159 683 bus
2187 638 2529 697 occupatam.
2568 630 2702 686 Dum
2732 641 2910 687 autem
2938 634 3136 689 cmlum
3161 633 3350 688 audire
3371 634 3545 703 jubet,
3571 643 3625 691 et

2054 727 2258 772 terram
2291 720 2517 776 auribus
2547 725 2846 793 percipere,
2880 724 3112 779 latentes
3141 725 3197 778 in
3218 725 3353 795 ipsis
3382 734 3624 794 potesta-

2054 816 2138 865 tes
2166 810 2505 868 adhortatur.
2542 812 2606 867 Et
2639 815 2800 883 paulo
2840 825 2963 885 post
2993 834 3005 869 :
3042 815 3454 871 lncitamentum
3477 832 3626 886 quae-

2055 904 2194 956 renti
2226 905 2503 974 prOpbeta:
2524 921 2633 977 quo
2657 904 2876 963 Iudaeos
2914 907 2981 962 ad
3005 907 3273 962 dictorum
3306 909 3622 964 memoriam

2053 996 2389 1060 concitaret,
2427 996 2812 1067 proferendum
2847 1009 2964 1052 erat
3004 998 3129 1052 caeli
3158 1007 3211 1053 et
3255 1006 3417 1053 terra:
3468 999 3624 1054 testi-

2054 1088 2335 1152 monium,
2378 1097 2469 1154 ut,
2514 1089 2730 1145 etiamsi
2766 1089 2968 1144 fuerint
2997 1072 3299 1159 prophetici
3352 1091 3622 1146 sermonis

2053 1176 2231 1243 obliti,
2269 1179 2579 1247 conspectis
2624 1179 2765 1234 cwlo
2826 1188 2880 1234 et
2931 1187 3099 1245 terra,
3131 1180 3294 1235 verba
3322 1178 3413 1236 Dei
3459 1180 3625 1235 remi-

2052 1268 2414 1325 nis-:erentur.

2129 1443 2294 1500 Vens.
2351 1444 2405 1498 2.
2457 1443 2739 1515 ,Filiorum
2798 1452 3125 1501 mentionem
3176 1444 3306 1499 facit
3359 1443 3620 1499 Dominus

2054 1547 2108 1594 et
2141 1553 2238 1594 cos
2267 1538 2521 1609 genuisse
2565 1538 2799 1602 fatetur,
2833 1538 3081 1595 indicans
3131 1555 3237 1592 non
3281 1538 3487 1592 alienos
3523 1537 3621 1592 ad-

2052 1627 2408 1697 optivosque,
2458 1628 2550 1682 sed
2602 1636 2883 1684 creaturas
2941 1645 3068 1684 suas
3104 1638 3328 1697 paterna
3369 1644 3501 1683 cura
3546 1628 3623 1683 fu«

2053 1714 2219 1769 visse.
2272 1712 2610 1769 Exaltavisse
2650 1731 2746 1771 eos
2781 1716 2917 1769 dicit
2967 1732 3224 1785 quoque,
3275 1715 3506 1771 reditum
3552 1731 3616 1770 ex

381 1816 585 1885 γύπτου
619 1815 828 1881 ἐξόδου,
858 1813 1081 1867 καὶτῶν
1112 1815 1170 1867 ὲν
1199 1814 1348 1885 μέσῳ
1380 1814 1692 1884 θαυμάτων,
1721 1814 1812 1866 καὶ
1836 1812 1943 1866 τῶν

2052 1798 2287 1871 Εεςριο
2316 1801 2576 1868 innuens,
2607 1811 2660 1857 et
2691 1804 2950 1858 miracula
2987 1813 3117 1857 tunc
3162 1790 3424 1873 temporis
3454 1805 3618 1867 edita,

380 1909 578 1980 ἐφεξῆς
599 1909 780 1971 αὐτοῖς
812 1907 1071 1961 δοθέντων
1097 1908 1224 1978 παρ’
1253 1906 1437 1960 αὐτοῦ’
1477 1906 1733 1977 ἀθέτησιν
1771 1905 1825 1959 δὲ
1857 1922 1951 1959 κυ-

384 2000 514 2073 ρίως
553 1999 708 2053 καλεῖ
737 2000 836 2069 τὴν
864 1999 1043 2053 αὐτῶν
1072 1998 1437 2063 ἀποστασίαν,
1472 1999 1565 2055 καὶ
1604 1998 1702 2071 τὴν
1730 1998 1856 2070 περὶ
1882 1997 1952 2052 τὰ

382 2094 571 2149 εἴδωλα
590 2093 871 2166 πλάνησιν.

451 2188 712 2257 Σημαίνει
739 2187 838 2259 τὴν
876 2185 1111 2256 παντελῆ
1158 2185 1338 2239 αὐτῶν
1372 2186 1667 2259 ἀκαρπίαψ
1708 2186 1812 2249 ἕως
1852 2186 1951 2257 μὲν

379 2281 487 2353 γὰρ
542 2279 769 2352 καρπῶν
824 2279 1041 2348 ἀγαθῶν
1091 2278 1442 2351 πεπλήρωται
1492 2278 1751 2350 ἀμπελὼν
1777 2317 1791 2341 ,
1857 2279 1949 2332 τὸν

377 2372 712 2447 φρουροῦντα
735 2374 827 2427 καὶ⁵
852 2373 1183 2442 φυλάττοντα
1207 2372 1489 2443 κέκτηται,
1512 2372 1590 2437 ὃς,
1620 2370 1820 2442 σκηνὴν
1846 2389 1950 2443 πη-

376 2465 634 2537 ξάμενος,
675 2463 877 2519 ἀνωθεν
914 2465 1005 2533 ἀφ’
1035 2462 1239 2533 ὑψηλοῦ
1269 2464 1469 2533 ἀφορᾷ,
1505 2464 1599 2517 καὶ
1626 2466 1950 2534 περισκοπεῖ

376 2560 470 2611 καὶ
489 2557 741 2628 φυλάττει
756 2558 847 2610 τὸν
866 2557 1180 2627 ἀμπελῶναν
1212 2556 1333 2611 εἰδὲ
1354 2557 1539 2610 τούτου
1558 2557 1766 2627 καρπὸς
1786 2557 1949 2627 ἀφαι-

380 2648 579 2722 ρεθείη.
610 2650 911 2722 τηνικαῦτα
936 2652 965 2704 6
992 2650 1163 2719 φύλαξ
1182 2690 1196 2713 ,
1223 2651 1298 2714 ὼς
1332 2650 1404 2721 μὴ
1438 2651 1517 2713 εἰς
1544 2649 1767 2719 μάταιον
1800 2649 1947 2720 κάμ-

374 2759 474 2807 νοι,
502 2744 597 2816 τὴν
627 2744 832 2815 σκηνὴν
859 2744 1063 2815 ἔρημον
1092 2742 1392 2808 ἀπολιπὼν,
1427 2746 1698 2815 ἀναχωρεῖ
1723 2743 1820 2813 τῆς
1848 2759 1948 2812 φυ-

379 2850 567 2901 λακης.

457 2927 672 2995 Ἐπειδὴ
705 2925 813 2996 γὰρ
835 2927 862 2978 6
894 2926 990 2996 μὲν
1020 2925 1234 2997 Ἰσραὴλ
1267 2926 1427 2979 αὐτὸν
1458 2926 1558 2979 οὐκ
1591 2926 1761 2993 ἔγνω,
1797 2924 1888 2977 καὶ
1916 2925 1944 2976 6

373 3019 501 3082 λαὸς
549 3017 711 3077 αὐτὸν
750 3017 808 3069 οὐ
861 3016 1090 3086 συνῆκε,
1128 3016 1189 3069 τὸ
1230 3016 1287 3069 δὲ
1331 3015 1392 3080 ἐξ
1436 3016 1614 3068 αὐτῶν
1656 3016 1875 3085 σπέρμα
1918 3013 1947 3065 6

374 3112 725 3176 ἀποστολικὸς
763 3092 920 3184 χορὸς
953 3111 1152 3183 συνῆκέ
1185 3130 1243 3165 τε
1286 3114 1446 3165 αὑτὸν
1478 3114 1572 3165 καὶ
1605 3111 1836 3180 ἐπέγνω*
1868 3112 1941 3164 εί·
1976 3129 2020 3189 c

376 3206 547 3270 κότως
576 3203 893 3275 ἀφορίζεται
928 3201 1022 3255 τοῦ
1053 3201 1307 3273 πλήθους·
1346 3202 1543 3256 ἄτοπον
1576 3201 1684 3272 γὰρ
1710 3202 1769 3255 τὸ
1794 3201 1945 3273 νομί-

376 3297 487 3361 ζειν
519 3296 645 3359 τοὺς
679 3292 1007 3356 ἀποστόλους
1038 3292 1147 3346 τῶν
1175 3291 1386 3346 ἀσεϐῶν
1417 3292 1637 3364 σπέρμα
1662 3292 1944 3362 λέγεσθαι,

375 3389 503 3459 περὶ
544 3380 617 3440 ὧν
661 3386 916 3457 ἀνωτέρω
947 3385 1117 3453 ἔλεγε·
1155 3404 1173 3436 ι
1204 3385 1276 3439 Τὸ
1315 3385 1532 3456 σπέρμα
1572 3386 1806 3458 πονηρὸν
1840 3386 1948 3438 υἱοὶ

371 3483 582 3551 ἐννομου
616 3497 634 3530 ι
669 3478 868 3550 πρέπει
908 3477 964 3531 δὲ
1000 3476 1106 3530 τῶν
1153 3476 1447 3550 προφητῶν
1495 3477 1717 3550 σπέρμα
1753 3478 1950 3538 αὐτοὺς

373 3569 513 3626 εἶναι
540 3570 809 3645 ἡγεῖσθαι.

454 3667 528 3721 Οὐ
568 3666 814 3739 λουτροῖς
852 3669 962 3731 τοῖς
1003 3664 1320 3735 καθαίρουσι
1358 3663 1453 3735 τὴν
1496 3663 1815 3733 ἐπιφάνειαν
1854 3661 1947 3715 τοῦ

378 3758 645 3830 σώματος’
672 3758 794 3811 οὐδὲ
817 3758 924 3830 γάρ
950 3756 1106 3811 τοῦτο
1129 3754 1453 3809 ἐϐέϐλαπτοο
1489 3755 1624 3809 ἀλλά
1654 3772 1948 3825 πνευματι-

377 3854 492 3916 κοῖς
515 3851 829 3923 δυναμένοις
858 3850 1115 3919 ἀφανίσαι
1145 3850 1241 3920 μὲν
1271 3848 1467 3918 γνόφον
1498 3848 1910 3919 ἁμαρτημάτων
1931 3887 1947 3912 ,

377 3946 615 4016 καθᾶραι
641 3944 697 3996 δὲ
722 3943 898 4015 ψυχῆς
936 3942 1105 3997 κακὸν
1146 3941 1398 4005 συνειδός·
1440 3941 1534 3994 καὶ
1564 3940 1736 3994 ταῦτα
1776 3945 1950 3994 ποιεῖν

376 4036 470 4105 ἀφ’
498 4034 723 4089 ἑαυτῶν.

448 4125 848 4188 Καταλιπόντες
888 4125 996 4198 γάρ
1027 4126 1117 4179 τὸν
1154 4126 1447 4198 εὐεργέτην
1481 4140 1541 4177 τε
1584 4126 1679 4179 καὶ
1711 4126 1947 4197 σωτῆρα,

375 4220 681 4292 ὲπήλπισαν
711 4222 820 4283 τοῖς
852 4218 1079 4289 ἀψύχοις
1112 4218 1208 4272 καὶ
1244 4218 1603 4289 ἀναισθήτοις·
1645 4218 1723 4271 διὸ
1753 4218 1950 4289 γυμνοὶ

376 4310 557 4381 πάσης
582 4308 790 4381 ἀγαθῆς
812 4308 969 4380 δόξης
996 4308 1288 4379 ἐτύγχανον
1307 4349 1321 4373 ,
1356 4308 1512 4379 δίκην
1552 4308 1805 4362 στυπείου
1853 4326 1951 4363 κα-

375 4404 865 4476 τακαυθησόμενοι,
909 4403 1002 4456 καὶ
1036 4403 1134 4456 οὐκ
1167 4402 1316 4455 ἔσται
1358 4404 1385 4454 6
1427 4403 1666 4457 σϐέσων·
1708 4404 1792 4467 τίς
1837 4402 1948 4475 γάρ

303 4533 308 4543 ι
377 4497 649 4564 ἐξελέσθαι
670 4498 912 4563 δυνατὸς,
939 4497 1029 4551 τοῦ
1052 4497 1184 4550 Θεοῦ
1210 4495 1306 4568 τὴν
1329 4498 1447 4549 κατ’
1474 4495 1651 4549 αὐτῶν
1676 4496 1946 4565 ἀπόφασιν

375 4589 775 4662 ὲξενηνοχότος;
801 4591 909 4661 Τὴν
941 4591 999 4645 ὲν
1019 4593 1085 4661 τῇ
1114 4588 1455 4659 αἰχμαλωσίᾳ
1485 4589 1659 4640 τοίνυν
1686 4587 1946 4657 αἰσχύνην

375 4682 666 4740 αἰνίττεται
701 4686 729 4737 6
760 4683 935 4753 λόγος’
972 4684 1188 4735 πάντων
1226 4679 1463 4735 ἐκποδὼν
1495 4679 1805 4751 γενομένων
1838 4679 1946 4732 τῶν

375 4777 806 4849 ὲπιθυμημὰτων
842 4775 1039 4830 αὐτῶν·
1084 4774 1481 4846 ματαιωθείσης
1512 4774 1568 4827 δὲ
1603 4775 1695 4826 καὶ
1725 4773 1825 4845 τῆς
1861 4772 1948 4827 ιλ-

377 4871 525 4934 πίδος
560 4870 737 4923 αὐτῶν
763 4872 860 4940 τῆς
894 4873 984 4924 ἐπὶ
1003 4876 1114 4935 τοῖς
1144 4869 1399 4932 εἰδώλοις.

447 4961 563 5016 Κᾶν
587 4960 763 5029 λόγος,
796 4960 897 5014 κάν
928 4962 1113 5031 ὅρασις
1142 4960 1399 5030 λέγηται,
1427 4959 1579 5012 οὐδὲν
1610 4958 1815 5014 διοίσει·
1853 4958 1946 5011 καὶ

376 5055 485 5127 γὰρ
518 5056 577 5109 ὲν
609 5052 761 5123 ὅψεσί
789 5070 840 5106 τι
873 5053 1155 5121 φαίνεται·
1182 5052 1354 5115 οὕτως
1387 5053 1419 5122 ή
1446 5051 1644 5120 γνῶσις
1682 5050 1945 5103 διαϐαίνει

378 5150 457 5211 εἰς
478 5146 677 5217 ψυχὴν,
709 5146 785 5198 ὅτ’
813 5144 879 5197 ἂν
923 5145 1053 5209 Θεὸς
1092 5144 1328 5218 δεικνύῃ,
1367 5144 1442 5207 ὡς
1480 5142 1777 5213 δεξαμένης
1807 5143 1946 5196 κατά

378 5240 613 5293 διάνοιαν
642 5240 765 5302 τοὺς
798 5238 999 5290 τούτοιν
1032 5237 1242 5306 λόγους·
1284 5237 1386 5291 κᾶν
1423 5236 1511 5291 διά
1547 5237 1719 5306 λόγων
1753 5235 1944 5308 ἀκούῃ,

378 5329 546 5393 οὕτως
576 5328 883 5400 βεϐαιοῦται
904 5328 1000 5399 τὴν
1022 5327 1256 5382 διάνοιαν
1276 5368 1289 5391 ,
1318 5330 1393 5392 ὡς
1418 5329 1625 5401 ἁθρόως
1656 5328 1947 5398 δεχομένης

378 5417 477 5494 τὴν
504 5421 719 5475 πάντων
750 5420 969 5489 γνῶσιν.
999 5452 1065 5462 -
1095 5419 1354 5473 Ἐνταῦθα
1371 5422 1431 5475 ού
1453 5420 1599 5490 λέγει
1623 5419 1781 5483 κατὰ,
1814 5418 1949 5472 αλλά

381 5516 526 5586 περὶ,
562 5513 795 5577 δεικνὺς,
840 5513 915 5577 ὡς
950 5514 1066 5566 ἐκεῖ
1100 5513 1198 5584 μὲν
1236 5511 1422 5582 ἐδήλου
1465 5513 1561 5586 τὴν
1604 5515 1723 5571 κατ’
1770 5510 1946 5567 αὐτῶν

378 5607 647 5679 ἐσομένην
674 5607 769 5662 καὶ
795 5606 904 5662 τῶν
930 5605 1110 5661 τόπων
1140 5605 1435 5677 ἐρήμωσιν.

2053 1890 2137 1945 vel
2168 1899 2356 1961 postea
2389 1889 2591 1948 Iudaeis
2617 1908 2900 1949 concessa.
2944 1893 3323 1965 Contemptnm
3368 1896 3492 1965 jure
3524 1912 3622 1949 v0-

2052 1980 2520 2038 catdefectionem
2543 1985 2760 2039 illorum
2789 1994 2841 2040 et
2869 1986 3012 2041 circa
3042 1986 3333 2041 simulacra
3355 2002 3621 2044 errorem.

2045 2189 2055 2202 .
2124 2154 2289 2211 Vens.
2344 2158 2397 2210 8.
2437 2154 2717 2227 Significat
2757 2173 3022 2211 summam
3072 2158 3381 2213 Iudaeorum
3420 2160 3621 2216 steriii-

2050 2259 2239 2307 tatem.
2280 2251 2459 2306 Donec
2488 2251 2636 2305 enim
2669 2251 2828 2306 bonis
2860 2250 3129 2308 fructibus
3165 2254 3423 2308 exuberat
3449 2254 3577 2310 vitis
3601 2295 3617 2318 ,

2051 2356 2153 2396 nec
2182 2357 2212 2395 a
2244 2342 2589 2413 vigilantibus
2642 2343 2992 2407 destituitur,
3045 2360 3144 2399 nec
3186 2362 3214 2398 a
3258 2346 3618 2402 custodienti-

2050 2432 2176 2498 bus,
2198 2435 2313 2503 qui,
2354 2434 2708 2489 tabernaculo
2738 2435 3058 2500 constituto,
3079 2434 3313 2505 desuper
3336 2452 3367 2492 e
3397 2437 3617 2492 sublimi

2050 2525 2435 2594 speculantur,
2484 2536 2538 2580 et
2586 2526 3067 2597 circumspiciunt,
3121 2535 3174 2582 et
3219 2528 3384 2582 vitem
3441 2539 3623 2583 custo-

2051 2615 2243 2683 diunt;
2279 2616 2546 2673 fructibus
2595 2627 2774 2673 autem
2810 2618 3071 2681 sublatis,
3120 2637 3188 2675 ne
3222 2621 3276 2675 in
3314 2636 3510 2676 vanum
3542 2623 3620 2675 la-

2048 2708 2202 2764 boret
2233 2717 2437 2774 custos,
2472 2710 2746 2765 desertum
2779 2712 3065 2783 dereliquit
3100 2713 3533 2780 tabernaculum,
3567 2725 3621 2769 et

2048 2797 2114 2853 de
2141 2800 2375 2855 statione
2397 2800 2632 2855 decedit.

2123 2888 2288 2946 Vens.
2318 2892 2371 2946 9.
2407 2893 2541 2949 Cum
2571 2892 2735 2949 Israel
2768 2895 2938 2951 Deum
2959 2912 3067 2950 non
3084 2897 3419 2967 cognoverit,
3445 2913 3621 2965 neque

2048 2996 2173 3036 eum
2205 2984 2437 3054 populus
2474 2984 2820 3055 intellexerit,
2852 2988 2946 3043 sed
2984 3004 3048 3042 ex
3101 2989 3234 3057 ipsis
3258 3005 3467 3054 semen,
3491 3005 3621 3060 apo-

2053 3076 2280 3132 stolicus
2309 3078 2533 3141 chorus,
2572 3096 2694 3135 eum
2741 3088 2794 3135 et
2826 3087 3139 3154 cognoverit
3174 3094 3230 3141 et
3269 3086 3615 3152 intellexerit,

2052 3167 2252 3223 merito
2284 3184 2313 3222 a
2337 3170 2494 3239 plebe
2527 3170 2898 3243 distinguitur.
2952 3173 3138 3246 Inepte
3174 3178 3375 3249 quippe
3406 3180 3619 3236 diceres

2051 3260 2331 3329 apostolos
2360 3276 2546 3317 semen
2577 3261 2749 3319 fuisse
2786 3264 3102 3335 impiorum,
3130 3268 3197 3324 de
3222 3271 3423 3340 quibus
3454 3274 3619 3330 modo

2049 3348 2256 3404 dictum
2288 3349 2476 3421 (Vens.
2503 3352 2558 3423 4)
2589 3371 2601 3407 :
2637 3372 2655 3405 ι
2707 3351 2901 3410 Semen
2926 3373 3155 3428 nequam
3182 3359 3273 3415 filii
3307 3363 3521 3420 scelesti
3543 3384 3555 3395 ο
3594 3385 3612 3418 ›

2052 3442 2231 3510 aptius
2258 3457 2354 3498 eos
2384 3458 2569 3499 semen
2605 3446 2991 3516 prophetarum
3037 3452 3333 3506 vocaveris.

2123 3620 2287 3677 Vens.
2326 3620 2413 3679 i6.
2455 3621 2573 3677 Non
2630 3624 2698 3681 iis
2753 3625 3093 3699 (lavamini)
3139 3628 3453 3693 lotionibus,
3499 3646 3621 3700 qua:

2050 3712 2296 3782 corporis
2330 3720 2508 3769 cutem
2544 3714 2860 3783 emundant,
2898 3732 3007 3771 non
3036 3719 3180 3772 enim
3211 3718 3338 3773 huic
3389 3721 3621 3775 munda-

2048 3808 2199 3863 tione
2223 3823 2391 3880 opus;
2416 3810 2511 3864 sed
2537 3811 2932 3882 spiritualibus,
2957 3829 3077 3883 qua:
3097 3825 3447 3884 peccatorum
3486 3817 3622 3871 cali-

2051 3900 2231 3970 ginem
2267 3902 2484 3957 auferre
2514 3901 2749 3973 possint,
2775 3910 2829 3956 et
2858 3906 3054 3959 sordes
3083 3905 3251 3960 animi
3281 3908 3538 3976 abluere;
3569 3917 3622 3964 et

2049 3992 2192 4045 mala
2221 4009 2451 4063 quaeque
2478 3994 2668 4064 procul
2696 3993 2982 4065 depellere.

2123 4083 2289 4139 Vens.
2337 4084 2427 4139 29.
2473 4084 2610 4140 Nam
2661 4085 2920 4143 derelicto
2958 4087 3304 4144 benefactorc
3342 4099 3395 4145 et
3432 4089 3621 4144 Salva-

2051 4184 2189 4243 tore,
2223 4180 2382 4235 idolis
2416 4180 2608 4235 confisi
2660 4187 2788 4235 sunt
2832 4182 3009 4236 anima
3056 4191 3109 4237 ct
3156 4190 3335 4237 mente
3385 4183 3622 4237 carenti-

2052 4274 2191 4341 bus;
2234 4274 2438 4329 idcirco
2454 4275 2601 4329 omni
2628 4274 2767 4329 bona
2789 4274 2933 4329 fama
2961 4275 3226 4341 destituti,
3254 4275 3333 4329 vel
3350 4284 3407 4329 ut
3424 4283 3621 4346 stuppa

2052 4364 2670 4436 comburentur(Vsns.
2709 4368 2817 4438 5i)
2857 4387 2874 4418 ι
2913 4376 2966 4421 et
3015 4383 3122 4421 non
3156 4367 3259 4421 erit
3291 4368 3385 4439 qui
3412 4369 3621 4425 exstin-

1979 4471 2023 4526 υ
2051 4467 2200 4528 gnat.
2248 4477 2267 4509 ι
2321 4456 2456 4522 Quis
2490 4456 2635 4512 enim
2668 4467 2850 4527 posset
2878 4472 2973 4511 eos
3006 4458 3247 4526 eripere,
3302 4457 3412 4513 Deo
3459 4459 3617 4513 incu-
3660 4525 3671 4533 _

2050 4550 2248 4605 sante?
2278 4548 2456 4603 lnnuit
2480 4548 2647 4619 igitur
2674 4563 2855 4603 sermo
2886 4549 3267 4604 confusionem
3302 4552 3355 4604 in
3387 4552 3617 4622 captivi-

2049 4646 2159 4693 tate
2220 4638 2495 4702 futuram,
2549 4653 2671 4692 cum
2734 4639 2875 4694 bono
2922 4656 3138 4711 quoque
3195 4638 3366 4696 Judaei
3419 4643 3618 4701 fuerint

2047 4732 2237 4794 exuti,
2283 4739 2336 4785 et
2381 4747 2476 4801 spe
2536 4731 2790 4803 depulsi,
2848 4750 3009 4803 quam
3065 4735 3118 4788 in
3182 4734 3343 4790 idolis
3383 4736 3621 4793 colloca-

2050 4833 2256 4879 verant.

2119 4918 2247 4975 Car.
2278 4918 2343 4984 ll,
2371 4918 2538 4975 Vens.
2574 4921 2626 4973 l.
2669 4918 2774 4975 Seu
2802 4919 3058 4987 verbum,
3090 4936 3185 4977 seu
3215 4919 3351 4976 visio
3376 4920 3616 4985 dicatur,

2050 5013 2184 5067 nihil
2235 5014 2498 5077 interest;
2543 5029 2665 5067 nam
2716 5021 2769 5069 et
2808 5014 3107 5070 visionibus
3141 5015 3343 5085 aliquid
3378 5015 3615 5077 auditur.

2054 5105 2284 5172 Quando
2323 5103 2466 5160 Deus
2507 5104 2639 5176 quid
2686 5106 2861 5161 oculis
2890 5106 3141 5175 subjicit,
3180 5108 3494 5178 cognitione
3535 5108 3616 5161 in-

2056 5200 2288 5253 struitur
2318 5199 2555 5261 animus,
2591 5198 2735 5254 haud
2761 5215 2922 5254 secus
2963 5214 3026 5252 ac
3067 5199 3114 5253 si
3139 5207 3318 5254 mente
3342 5200 3616 5253 visionum

2052 5306 2357 5345 sermonem
2387 5293 2725 5360 perciperet;
2753 5304 2806 5347 ct
2835 5292 3021 5345 audito
3042 5292 3207 5346 verbo
3232 5331 3246 5353 ,
3297 5291 3371 5345 ita
3411 5292 3611 5345 illumi~

2049 5389 2215 5435 natur
2259 5397 2449 5450 mens,
2499 5382 2652 5451 quasi
2704 5398 2812 5435 uno
2854 5382 3052 5435 intuitu
3086 5396 3408 5437 cunetorum
3441 5383 3621 5436 scien-

2053 5477 2185 5530 tiam
2218 5475 2691 5545 complecteretur.
2723 5504 2792 5513 ——-
2821 5473 2920 5528 Hic
2944 5475 3058 5543 jam
3086 5489 3196 5529 non
3226 5482 3414 5528 contra
3443 5475 3618 5543 loqui~

2052 5579 2160 5633 tur,
2195 5572 2289 5626 sed
2321 5571 2388 5625 de
2419 5568 2799 5639 (Jerusalem),
2852 5570 3099 5626 indicans
3130 5587 3187 5626 se
3221 5571 3371 5641 prius
3396 5570 3618 5625 calami-

1960 5694 1965 5703 ι
2055 5671 2197 5718 tates
2222 5663 2631 5719 denuntiavisse
2666 5670 2858 5717 contra
2895 5678 2988 5720 cos
3024 5663 3233 5718 futuras
3284 5672 3338 5720 et
3372 5664 3619 5723 locorum

2056 5755 2431 5812 vastationem.
