4116 6332
601 303 733 368 ιδιι

1794 297 2141 358 THEODORI
2180 292 2696 351 HERACLEENSIS

3665 295 3774 352 i3”

670 427 837 484 Vsus.
863 430 917 484 3.
943 427 1127 496 ipson]
1163 422 1464 483 Salvator’is
1518 418 1693 475 nostri
1739 432 2043 475 sermonem
2090 414 2169 467 ιε-
2201 416 2244 472 Α

2149 443 2169 453 -
2201 416 2244 472 Α
2342 407 2523 477 Νόμον
2550 407 2607 460 δὲ
2634 407 2787 460 καλεῖ
2818 406 2913 460 καὶ
2945 405 3100 475 λόγον
3133 405 3224 489 τοῦ
3253 406 3493 475 Σωτηξώς
3517 400 3670 473 ημῶν·
3698 417 3774 462 και

599 536 720 593 gem
756 519 1008 576 vocavit:
1044 517 1243 587 quippe
1297 515 1388 584 qui
1440 512 1508 568 de
1553 512 1855 567 Jerusalem
1888 507 2167 580 profectus

597 622 845 670 errantes
873 618 1066 683 gentes
1118 610 1334 681 arguit,
1379 625 1487 663 non
1516 610 1772 679 judicans
1817 608 2044 674 dociles,
2071 608 2167 663 sed

596 719 824 761 munera
851 704 1091 774 largiens
1122 702 1548 772 agnoscentibus
1575 716 1716 755 eum.

667 795 837 852 Vsus.
873 794 963 849 18.
1009 794 1274 847 Malorum
1323 807 1488 848 causa
1544 791 1837 861 (idolorum
1881 791 2115 863 eversio)
2150 810 2165 845 :

596 900 730 943 tunc
769 886 1077 958 intelligent
1134 901 1193 941 se
1244 884 1449 940 frustra
1507 883 1674 937 Deum
1714 882 2063 948 deseruisse,
2113 892 2168 940 et

597 980 891 1037 inservisse
939 980 1280 1044 simulacris;
1333 994 1456 1033 nam
1488 985 1788 1047 agnoscent
1834 976 2170 1047 vespertilio-

597 1086 694 1126 nes
746 1072 849 1127 sibi
891 1073 1074 1142 potius
1129 1072 1385 1126 colendas
1440 1070 1608 1125 fuisse
1650 1085 1813 1124 sensu
1870 1069 2164 1139 praeditas,

596 1178 758 1233 quam
793 1164 1060 1233 imagines
1084 1174 1270 1217 eorum
1290 1178 1453 1218 sensu
1477 1169 1745 1217 carentes.
1771 1159 1942 1225 Tunc,
1969 1161 2164 1232 inquit,

597 1256 899 1313 imminenti
931 1257 1163 1327 judicio,
1204 1273 1310 1313 non
1340 1263 1552 1312 astante
1580 1257 1672 1326 qui
1707 1256 1998 1319 liberaret,
2053 1272 2169 1309 me-

598 1350 703 1403 rito
733 1367 793 1406 se
825 1351 877 1404 in
929 1360 1111 1420 petras
1142 1349 1504 1413 abscondent,
1538 1348 1604 1404 de
1638 1349 1861 1419 quibus,
1893 1350 1988 1413 ait,
2024 1349 2167 1404 idola

600 1442 705 1497 sibi
733 1440 1148 1496 fabricaverunt.
1176 1439 1292 1497 Non
1318 1440 1571 1511 poteritis
1606 1440 1773 1501 enim,
1800 1438 2006 1507 adjicit,
2031 1440 2165 1493 iram

598 1532 693 1588 Dei
721 1534 776 1587 in
805 1548 903 1589 vos
934 1542 1262 1588 commotam
1286 1531 1535 1593 sufferre,
1570 1530 1665 1586 sed
1698 1530 2169 1586 demonstrabitur

598 1624 864 1696 fragilitas
898 1632 1098 1692 vestra,
1132 1625 1225 1680 Dei
1255 1641 1383 1681 vero
1410 1624 1666 1696 maiestas
1689 1624 1990 1695 apparebit.

665 1886 793 1943 CAP.
828 1887 917 1958 IV,
953 1888 1121 1948 Vens.
1150 1892 1204 1946 4.
1245 1891 1454 1958 Quibus
1481 1891 1658 1947 verbis
1692 1892 1948 1948 salutaris
1980 1901 2168 1948 noster

599 1981 902 2051 haptismus
937 1983 1312 2053 significatur,
1346 2000 1443 2054 per
1471 2000 1633 2056 quem
1659 1985 1959 2056 prmsertim
1984 1986 2166 2075 denuo

598 2074 785 2128 mundi
813 2077 1233 2145 conspiciemur.

666 2163 795 2219 CAP.
827 2164 890 2230 V,
937 2165 1102 2222 Vens.
1139 2168 1189 2222 1.
1232 2166 1406 2223 Voces
1444 2168 1559 2224 ista:
1596 2187 1614 2220 ι
1653 2169 1705 2224 in
1736 2184 1929 2235 cornu,
1955 2170 2008 2225 in
2047 2171 2168 2226 loco
2238 2186 2249 2199 ο

598 2259 805 2329 pingui,
839 2278 860 2312 ›
886 2260 1144 2315 selectum
1184 2259 1353 2316 fuisse
1394 2262 1571 2316 locum
1627 2263 1939 2329 declarant,
1971 2263 2168 2319 distin-

597 2359 871 2421 ctumque.
916 2352 1091 2406 Vitem
1145 2354 1383 2422 sepsisse
1429 2352 1583 2417 dicit,
1622 2364 1675 2409 et
1737 2357 2056 2422 vallavisse,
2114 2364 2168 2412 et

599 2442 965 2511 plantavisse,
1020 2451 1074 2496 et
1113 2443 1469 2499 aediﬁcavisse
1520 2446 1752 2510 turrim,
1796 2454 1857 2500 ut
1904 2457 2169 2502 memoret

598 2534 784 2601 quanti
833 2532 1051 2588 Judzeos
1104 2533 1325 2601 fecerit,
1362 2544 1567 2605 quanta
1620 2536 1942 2593 custodierit
1990 2554 2163 2603 cura,

597 2633 802 2694 quanto
829 2626 1011 2680 studio
1053 2641 1150 2696 per
1188 2627 1486 2697 prophetas
1519 2627 1789 2687 docuerit.
1828 2630 1905 2683 Ita
1934 2631 2169 2688 excultis

598 2730 706 2768 non
739 2715 908 2785 spina:
934 2716 1171 2770 ferendm
1197 2727 1373 2783 erant,
1417 2717 1514 2773 sed
1547 2719 1850 2789 condignus
1882 2718 2092 2775 fructus
2113 2728 2169 2774 et

598 2808 877 2864 laboribus
903 2810 1251 2865 conveniens.
1288 2812 1475 2865 Talem
1506 2819 1688 2867 autem
1720 2812 1957 2867 fructum
1992 2814 2059 2868 ab
2085 2813 2167 2869 eis

601 2913 705 2953 non
737 2897 908 2956 fuisse
931 2900 1136 2956 editum
1167 2909 1399 2956 testatur
1442 2904 1614 2973 spina:
1650 2919 1853 2958 corona
1900 2902 2169 2961 Salvatori

600 2991 853 3062 imposita
878 3032 893 3059 ,
930 2992 1101 3063 ﬁgura
1138 2994 1420 3065 spinarum
1457 2996 1512 3049 in
1560 2997 1759 3053 animis
1790 2996 2095 3052 latentium.

663 3192 792 3249 CAP.
826 3193 1017 3259 XXIII,
1050 3194 1215 3252 Vens.
1258 3197 1343 3252 i7.
1400 3197 1650 3270 (Tyrum)
1680 3199 1812 3254 dicit
1846 3215 1875 3253 a
1905 3199 2013 3255 Deo
2044 3208 2168 3271 post

600 3294 848 3358 acceptas
895 3302 1088 3358 pmnas
1128 3288 1454 3343 visitandam
1489 3306 1612 3346 esse
1638 3331 1654 3357 ,
1705 3298 1759 3345 et
1791 3292 1845 3346 in
1887 3294 2166 3363 antiquam

599 3379 796 3434 famam
838 3382 1252 3449 restituendam,
1280 3392 1340 3437 ut
1372 3382 1482 3438 Deo
1512 3384 1708 3454 opibus
1762 3385 2047 3449 inserviat,
2073 3400 2168 3455 per

600 3476 1020 3546 negotiationem
1064 3477 1385 3547 requisitis:
1424 3493 1545 3549 quae
1571 3476 1872 3533 Jerusalem
1919 3478 2169 3534 habitan-

599 3566 744 3623 tibus
790 3568 1073 3638 perutilia.
1130 3575 1190 3622 ut
1220 3568 1277 3623 in
1312 3566 1613 3639 Scripturis
1648 3570 1822 3627 sacris
1848 3611 1864 3636 ,
1907 3583 2168 3644 regnante

600 3659 785 3713 Iliram
806 3699 822 3725 ,
861 3660 1157 3731 contigisse
1190 3670 1446 3716 narratur
1478 3664 1514 3715 ί.

665 3750 797 3807 Cn.
832 3750 1023 3817 XXVI,
1044 3751 1207 3809 Vens.
1244 3753 1297 3808 9.
1338 3754 1563 3810 Animas
1590 3755 1663 3811 ita
1691 3755 1987 3826 dispositas
2030 3757 2168 3814 dicit

599 3858 758 3899 mane
794 3859 1124 3918 consurgere
1159 3846 1226 3900 ad
1258 3848 1599 3905 exhibendas
1635 3848 1703 3905 de
1756 3853 2044 3921 praeteritis
2077 3868 2167 3908 re-

599 3934 701 3990 bus
745 3935 950 4006 gratias
979 3954 993 3991 :
1028 3951 1204 4006 neque
1235 3936 1381 3991 enim
1411 3953 1540 4003 nox,
1576 3937 1781 3993 homini
1822 3939 1890 3994 ad
1915 3955 2169 3995 recrean~

595 4030 727 4084 dum
759 4044 961 4101 corpus
986 4030 1134 4096 data,
1167 4030 1503 4089 dormientes
1554 4032 1778 4089 reﬁcere
1822 4042 2027 4104 posset,
2058 4032 2166 4089 nisi

598 4119 790 4177 fuisset
820 4122 923 4176 hoc
952 4136 981 4175 a
1013 4120 1123 4175 Deo
1148 4121 1537 4188 constitutum;
1562 4123 1764 4191 Optime
1791 4122 1955 4192 igitur
1979 4131 2031 4177 et
2052 4137 2169 4175 nia-

598 4210 834 4265 tutinum
894 4219 1111 4280 tempus
1170 4217 1401 4280 occupat
1453 4212 1577 4267 tatis
1633 4212 1845 4276 anima,
1889 4220 1945 4266 ut
2003 4220 2057 4268 et
2101 4212 2168 4268 de

599 4303 890 4374 praeteritis
931 4303 1098 4359 rebus
1146 4303 1349 4375 gratias
1401 4302 1642 4371 referat,
1678 4312 1733 4358 et
1771 4304 1837 4358 ad
1874 4304 2016 4359 diem
2052 4303 2168 4374 jam

599 4397 934 4452 exorientem
987 4412 1144 4467 opem
1204 4395 1430 4468 ﬂagitet.
1470 4394 1764 4468 Praeceptis
1809 4396 1900 4453 Dei
1934 4407 2165 4453 mentem

2272 511 2380 575 γάρ
2428 502 2535 555 ἀπὸ
2571 496 2927 571 Ἰερουσαλὴμ
2964 498 3167 567 φανεὶς,
3210 486 3402 567 ἤλεγξε
3448 495 3536 565 μὲν
3579 496 3639 548 τὰ
3674 497 3775 570 ἔθνη

2270 593 2625 664 πλανώμενα’
2683 593 2744 644 οὺ
2803 587 3148 660 κατακρίνων
3200 586 3639 658 ὁμολογήσαντας,
3686 587 3775 642 ἀλλ’

2269 687 2646 758 ἐπεγνωκότας
2666 683 2986 756 εὐεργετῶν.

2338 801 2418 855 Τὰ
2450 800 2558 855 τῶν
2602 798 2785 858 κακῶν
2823 778 2993 853 οἶῖτια·
3033 800 3113 861 είς
3150 794 3486 865 συναίσθησιν
3524 793 3773 864 ἐρχόμενοι,

2266 895 2344 947 ὅτι
2379 893 2466 962 δὴ,
2501 894 2675 963 μάτην
2713 891 3099 953 καταλιπόντες
3138 889 3224 942 τὸν
3271 886 3431 950 Θεὸν,
3462 887 3625 949 αὐτοῖς
3649 904 3776 958 προσ-

2267 985 2512 1040 εκύνουψ
2546 985 2954 1054 ὰναλογίσονται
2986 982 3093 1054 γὰρ
3115 1022 3130 1044 ,
3148 981 3228 1034 ὅτι
3255 980 3319 1050 δὴ
3341 977 3528 1048 μᾶλλον
3552 980 3779 1049 νυκτερίσι

2267 1075 2636 1148 προσεκύνουν
2661 1077 2779 1138 ταῖς
2801 1076 2856 1127 ἐν
2880 1073 3088 1137 τούτοις
3120 1067 3551 1143 ἐμφωλευούσαις
3574 1068 3780 1140 αἴσθησιν

2268 1167 2633 1239 κεκτημέναις
2669 1166 2701 1238 ἢ
2734 1168 2846 1230 τοῖς
2874 1164 3077 1218 τούτων
3113 1161 3470 1231 καταγωγίοις
3493 1160 3783 1231 ἀναισθήτοις

2266 1254 2406 1313 οὖσι.
2444 1260 2555 1329 Τῆς
2584 1258 2771 1329 δίκης,
2801 1256 2985 1328 φησὶν,
3011 1256 3154 1326 ὑμᾶς
3193 1250 3603 1322 καταλαϐούσης,
3630 1252 3709 1305 καὶ
3728 1251 3783 1322 μὴ

2269 1351 2420 1415 ὄντος
2441 1350 2533 1404 τοῦ
2561 1350 2945 1421 βοηθήσαντος,
2971 1347 3259 1402 ἀκόλουθον
3288 1348 3366 1409 είς
3389 1344 3483 1409 τὰς
3506 1346 3684 1417 πέτρας
3709 1361 3784 1397 κα-

2267 1440 2695 1514 τακρύπτεσθαι·
2730 1440 2791 1506 ἐξ
2828 1435 3011 1512 ὧνπερ
3033 1481 3046 1503 ,
3076 1439 3228 1511 φησὶ,
3264 1439 3358 1493 καὶ
3385 1438 3451 1491 τὰ
3482 1436 3653 1491 εἴδωλα
3685 1436 3783 1489 ἐλα-

2271 1535 2516 1600 ξεύσατεο
2542 1534 2661 1586 ούδέ
2688 1532 2797 1604 γὰρ
2823 1532 3043 1599 ἐνέγκαι
3072 1528 3389 1601 δυνήσεσθε,
3412 1527 3555 1596 φησὶ,
3581 1527 3665 1597 τὴν
3687 1523 3784 1579 καθ’

2269 1625 2421 1696 ὑμῶν
2453 1625 2762 1695 κινηθεῖσαν
2796 1622 2947 1693 παρὰ
2976 1621 3069 1675 τοῦ
3102 1620 3238 1673 Θεοῦ
3268 1620 3451 1691 ὀργήνο
3491 1616 3612 1671 ἀλλὰ
3633 1616 3684 1670 τὸ
3707 1617 3785 1687 μὲν

2271 1717 2533 1788 ὑμέτερον
2564 1713 2786 1778 ἀσθενὲς
2806 1712 3293 1785 όμολογηθήσεταιο
3326 1712 3554 1780 φανεῖται
3587 1709 3682 1778 δὲή
3711 1724 3784 1778 με·

2264 1808 2542 1879 γαλειότης
2574 1806 2666 1861 τοῦ
2695 1805 2828 1859 Θεοῦ

2339 1901 2412 1953 Τὸ
2442 1899 2563 1953 καθ’
2594 1900 2742 1970 ἡμᾶς
2773 1898 3043 1968 σωτήριον
3079 1895 3368 1967 βάπτισμα
3412 1894 3695 1965 σημαίνεται
3716 1891 3783 1945 διὰ

2264 1990 2498 2044 τούτων·
2525 1991 2591 2044 δι’
2623 1983 2683 2042 οὗ
2711 1989 2947 2061 μάλιστα
2980 1986 3213 2058 καθαροὶ
3245 1986 3304 2052 ἐξ
3342 1985 3577 2057 ὑπαρχῆς
3615 1983 3781 2037 ἀναδει-

2266 2081 2513 2153 κνύμεθα

2336 2197 2410 2248 Τὸ
2450 2195 2528 2262 δὲ,
2572 2214 2591 2247 ι
2616 2196 2674 2249 ἐν
2704 2196 2915 2267 κέρατι,
2947 2196 3004 2247 ὲν
3032 2194 3183 2265 τόπῳ
3225 2192 3391 2258 πίονι,
3432 2210 3450 2244 ι
3480 2190 3535 2244 τὸ
3561 2188 3782 2260 ἐξαίρετον

2269 2285 2362 2339 καὶ
2406 2285 2810 2357 κεχωρισμένον
2856 2283 2949 2337 τοῦ
2996 2284 3161 2337 τόπου
3192 2282 3361 2354 δηλοῖ.
3386 2279 3688 2353 Φραγμὺνδὲ
3713 2278 3784 2332 καὶ

2271 2374 2518 2445 χάρακας
2544 2374 2637 2428 καὶ
2664 2373 2914 2445 φύτευμα
2937 2374 3028 2427 καὶ
3045 2372 3336 2444 οἰκοδομὴν
3362 2372 3503 2440 λέγει
3530 2371 3618 2440 τήν
3642 2385 3689 2422 τε
3710 2365 3782 2420 τοῦ

2268 2465 2455 2533 γένους
2507 2466 2856 2537 περιποίησιν
2888 2466 2982 2519 καὶ
3023 2465 3121 2537 τὴν
3168 2464 3339 2518 αὐτοῦ
3377 2463 3601 2536 φρουρὰν
3620 2460 3698 2514 καὶ
3718 2459 3783 2511 διὰ

2274 2556 2566 2627 προφητῶν
2603 2556 2940 2627 ἐπιμέλειαν,
2975 2557 3043 2611 δι’
3076 2550 3149 2610 ὧν
3189 2556 3410 2610 πάντων
3442 2552 3778 2625 γεωργούμενοι

2269 2646 2369 2699 οὐκ
2392 2646 2633 2712 ἀκάνθας
2669 2649 2853 2720 φέρειν
2891 2648 3170 2718 ἠδύναντο,
3221 2648 3361 2701 ἀλλὰ
3390 2648 3479 2701 τὸν
3501 2646 3691 2710 ἐπάξιον
3710 2644 3782 2696 καὶ

2276 2740 2625 2811 προσήκοντα
2660 2740 2769 2793 τῶν
2805 2741 2984 2795 πόνων
3027 2742 3262 2812 καρπόν.
3296 2741 3415 2794 Ὀτι
3442 2740 3497 2792 δὲ
3518 2739 3570 2792 ού
3591 2734 3781 2796 τοιοῦτος

2272 2831 2301 2882 ὁ
2326 2832 2606 2903 κομισθεὶς
2630 2833 2758 2907 παρ’
2794 2833 2975 2887 αὐτῶν
3004 2833 3243 2905 καρπὸς.
3277 2834 3533 2904 μαρτυρεῖ
3561 2833 3586 2882 ὁ
3606 2827 3669 2898 τῷ
3697 2828 3782 2878 Σω-

2271 2923 2400 2994 τῆρι
2436 2923 2594 2995 ἡμῶν
2645 2924 2914 2989 ἐπιτεθεὶς
2959 2924 3249 2989 ἀκάνθινος
3304 2924 3572 2994 στέφανος,
3600 2918 3782 2989 ἐγκαλύα

2271 3030 2418 3069 πτων
2464 3014 2555 3068 τὸν
2581 3016 2761 3087 ἀφανῆ
2804 3020 2861 3071 ἐν
2910 3015 3111 3087 ψυχαῖς
3165 3016 3461 3085 ἁκιινθώδη
3501 3010 3653 3068 αὐτῶν
3687 3010 3786 3080 τρό-

2194 3120 2235 3178 ε
2273 3124 2370 3160 πον
2410 3106 2505 3179 (2).
3424 3122 3431 3133 ι

2275 3270 2279 3277 .
2352 3220 2465 3290 Τὴν
2526 3221 2813 3292 ἐπίσκεψιν
2865 3222 2958 3276 τοῦ
3000 3223 3136 3277 Θεοῦ
3182 3225 3293 3297 τὴν
3350 3222 3482 3296 μετὰ
3508 3221 3593 3293 τὴν
3621 3217 3787 3288 πληγὴν

2276 3313 2573 3385 γενομένην
2599 3314 2769 3383 λέγει,
2800 3315 2877 3379 ὡς
2904 3318 2982 3380 είς
3003 3317 3101 3388 τὴν
3129 3318 3376 3388 ἀρχσιίαν
3409 3312 3640 3385 ἐπανήξει
3664 3307 3787 3374 δόξαν

2272 3404 2657 3475 δωροφοροῦσα
2703 3405 2779 3475 τῷ
2813 3406 2932 3477 Θεῷ
2980 3407 3044 3459 ἐκ
3076 3407 3168 3460 τοῦ
3211 3406 3649 3477 ἐπισυναγομένου
3676 3401 3785 3469 αὐτῇ

2273 3494 2478 3565 σπόρου
2504 3495 2569 3550 ἐκ
2612 3496 2712 3567 τῆς
2750 3498 3041 3569 ἐμπορίας,
3065 3497 3099 3551 δι
3132 3497 3295 3552 ἔσται
3324 3503 3432 3563 τοῖς
3454 3500 3507 3551 ἐν
3536 3498 3594 3568 τῇ
3632 3495 3790 3563 Ἰερου-

2275 3586 2458 3658 σαλὴμ
2515 3587 2828 3642 κατοικοῦσι
2880 3589 3175 3660 πρόσοδος⁹
3218 3590 3415 3663 ὥσπερ
3454 3586 3539 3644 οὖν
3591 3587 3669 3641 καὶ
3716 3583 3785 3636 ἐπὶ

2272 3677 2365 3731 τοῦ
2394 3679 2610 3750 Χειρὰμ
2633 3679 2913 3751 ἱστόρηται
2947 3680 3100 3752 παρὰ
3128 3681 3229 3751 τῆς
3262 3682 3412 3745 Θείας
3451 3678 3662 3752 Γραφῆς.

2360 3769 2675 3823 Ἀκόλουθον
2703 3770 2802 3835 τὰς
2826 3768 2968 3824 οὕτω
3012 3770 3364 3843 διακειμένας
3388 3771 3556 3842 ψυχὰς
3585 3764 3785 3820 σπεύδειν

2273 3860 2330 3913 ἐν
2353 3861 2465 3924 τοῖς
2515 3860 2729 3932 δρθροις
2769 3861 3074 3916 ἀποδιδόναι
3119 3864 3215 3926 τὰς
3246 3862 3579 3935 εὐχαριστίας
3598 3857 3675 3912 ἐπὶ
3702 3853 3787 3907 τῶν

2274 3936 2724 4024 παρεληλυθότων
2743 3971 2755 3984 ·
2796 3955 2916 4009 οὐδὲ
2945 3954 3053 4027 γὰρ
3085 3954 3182 4020 νὺξ
3212 3957 3246 4026 ή
3285 3958 3366 4019 είς
3396 3952 3678 4009 ἀνάπαυλαν
3705 3946 3784 4000 τῶν

2274 4042 2542 4114 σωμάτων
2584 4042 2796 4097 δοθεῖσα
2830 4044 3139 4099 ἀναπαῦσαι
3177 4044 3462 4117 δυνήσεται
3488 4043 3572 4097 τὸν
3609 4041 3658 4092 ἐν
3680 4035 3784 4103 αὐτῇ

2276 4133 2641 4201 ὑπνώττοντα,
2702 4138 2749 4189 εἰ
2802 4138 2874 4209 μή
2926 4136 3027 4190 πού
3071 4154 3133 4205 γε
3188 4137 3402 4191 ἐκείνου
3444 4134 3665 4203 σύνθημα
3700 4126 3782 4196 εἴη.

2286 4226 2624 4296 Ἀναγκαίως
2673 4223 2765 4281 οῦν
2793 4231 2827 4299 ἡ
2868 4229 3089 4300 τοιαύτη
3150 4228 3298 4300 ψυχὴ
3330 4229 3559 4290 καὶτοὺς
3603 4221 3784 4294 ὄρθρους

2275 4318 2666 4389 προλαμϐάνει,
2693 4320 2778 4373 ἴνα
2796 4319 2889 4373 καὶ
2920 4322 3044 4392 περὶ
3066 4320 3173 4374 τῶν
3211 4318 3639 4392 παρεληλυθότων
3661 4311 3787 4380 εὐχα-

2281 4411 2530 4483 ριστήσῃ,
2566 4412 2660 4463 καὶ
2690 4413 2818 4481 περὶ
2846 4412 2944 4483 τῆς
2980 4411 3282 4483 μελλούσης
3308 4412 3468 4466 αὑτὸν
3502 4399 3789 4469 διαδέξασθαι

600 4491 813 4560 piorum
873 4490 1192 4556 illuminari,
1256 4487 1635 4558 manifestum;
1698 4504 1832 4551 nam
1899 4496 1958 4544 ut
2015 4491 2159 4545 omni
2195 4485 2225 4540 1]

2195 4485 2238 4540 ί)
2275 4502 2379 4571 ὴμέ
2389 4518 2487 4572 ρας
2508 4502 2883 4574 παρακαλέσῃ.
2922 4503 3057 4556 Ὑπὸ
3087 4503 3143 4557 δὲ
3162 4502 3270 4557 τῶν
3288 4499 3695 4577 προσταγμάτων
3714 4488 3788 4546 τοῦ

599 4581 767 4637 verbo
793 4580 887 4638 Dei
918 4583 1083 4637 alitur
1120 4582 1300 4637 anima
1323 4584 1367 4650 ',
1394 4583 1469 4637 ita
1496 4593 1551 4640 et
1575 4583 1723 4639 omni
1747 4591 2017 4655 praecepto
2045 4583 2169 4639 illu-

600 4680 805 4731 stratur
832 4680 886 4729 et
916 4674 1277 4730 illuminatur.

668 4934 836 4994 Vens.
875 4938 959 4993 10.
995 4938 1188 4994 Studio
1218 4939 1384 5013 igitur
1403 4942 1600 5013 cuique
1643 4943 1714 5000 sit
1738 4952 1793 5001 et
1818 4949 2167 5019 curm,justi-

600 5030 731 5084 tiam
763 5029 995 5087 discere.
1027 5030 1148 5086 Non
1177 5034 1321 5088 enim
1361 5034 1577 5105 justitia
1598 5076 1612 5102 ,
1662 5039 1817 5108 quasi
1851 5047 2040 5097 nostra
2070 5058 2168 5096 na-

601 5132 720 5176 tura
746 5122 1054 5191 inhaereret,
1076 5125 1150 5179 ita
1168 5125 1329 5181 nobis
1346 5126 1507 5183 insita
1533 5136 1639 5195 est,
1662 5137 1724 5185 ut
1751 5147 1868 5189 eam
1899 5134 1983 5189 vel
2011 5134 2166 5192 incu-

670 5274 770 5330 ἸΙΙ
799 5276 928 5350 Reg.
964 5296 1042 5346 ιι,
1082 5280 1139 5335 Η
1172 5296 1297 5352 sqq.
1370 5283 1604 5343 ’Matth.
1637 5300 1711 5349 tv,
1743 5286 1797 5345 4.

675 5434 753 5507 (2)
797 5438 1113 5511 Sequuntur
1150 5440 1398 5511 ingentes
1432 5442 1487 5497 in
1526 5441 1848 5500 Heracleota
1878 5454 2067 5502 nostro
2095 5448 2173 5502 la-

600 5522 754 5561 cunae
782 5516 896 5582 tum
920 5510 981 5582 in
1003 5509 1104 5565 hoc
1137 5509 1247 5565 tum
1282 5512 1336 5566 in
1366 5515 1562 5577 altero,
1590 5531 1749 5582 quem
1782 5518 2056 5581 consului,
2081 5533 2173 5574 cav

602 5584 740 5658 lena:
782 5578 849 5631 ad
881 5579 1084 5658 Isaiam
1115 5596 1218 5635 ms.
1238 5585 1569 5658 exemplari.
1603 5578 1667 5638 Et
1712 5587 1932 5655 quidem
1964 5578 2062 5658 par
2087 5598 2173 5644 est

602 5650 891 5715 utriusque
913 5650 1118 5705 codicis
1150 5653 1310 5717 ratio,
1343 5650 1496 5707 ita'ut
1523 5656 1660 5711 alter
1680 5650 1746 5710 ei
1777 5658 1949 5712 altero
1967 5650 2172 5713 exscri-

601 5723 729 5788 ptus
759 5717 1023 5774 videatur.
1046 5719 1158 5775 Cur
1185 5731 1364 5778 autem
1393 5732 1539 5779 tanta
1567 5727 1831 5783 emissio?
1880 5727 2166 5783 Heracleo-

2270 4593 2403 4645 Θεοῦ
2434 4590 2765 4662 φωτίζεσθαι
2797 4594 2895 4665 τὴν
2931 4594 3169 4649 διάνοιαν
3195 4596 3305 4650 τῶν
3336 4592 3563 4649 εὐσεϐῶν
3588 4585 3787 4658 εὔδηλον·

2270 4681 2459 4753 ὥσπερ
2483 4682 2590 4756 γὰρ
2619 4685 2675 4737 ἐν
2716 4686 2881 4738 παντὶ
2921 4686 3124 4757 ῥήματι
3154 4686 3291 4740 Θεοῦ
3327 4681 3625 4756 τρέφεταιὴ
3651 4672 3788 4746 ψυχῆς

2269 4772 2444 4838 οὕτως
2469 4776 2562 4829 καὶ
2602 4775 2660 4828 ἐν
2708 4776 2869 4831 παντὶ
2898 4776 3280 4850 προστάγματι
3323 4773 3693 4843 καταυγάζεται
3718 4762 3793 4820 καὶ

2271 4866 2580 4934 φωτίζεται.

2344 4959 2555 5032 Σπουδὴ
2580 4960 2755 5015 τοίνυν
2785 4960 3033 5015 ἐκάστων
3062 4962 3175 5015 ἐστὶ
3205 4961 3298 5015 καὶ
3330 4959 3519 5032 μελέτη
3547 4955 3601 5009 τὸ
3627 4953 3774 5006 δικαιο

2274 5051 2440 5121 σύνην
2500 5051 2691 5123 μαθεῖν
2717 5069 2730 5083 ·
2783 5052 2904 5106 ούδέ
2962 5053 3069 5124 γὰρ
3104 5053 3178 5115 ὡς
3206 5051 3264 5104 ἐν
3285 5069 3339 5105 τι
3371 5050 3476 5104 τῶν
3499 5049 3554 5101 ἐν
3580 5047 3638 5115 τῇ
3662 5039 3791 5111 φύσει

2273 5141 2543 5211 κειμένων
2608 5143 2700 5197 καὶ
2738 5143 2895 5197 τοῦτο
2942 5144 3071 5215 ἡμῖν
3111 5144 3478 5215 συμπέφυκεν,
3517 5138 3597 5191 ἵνα
3635 5129 3796 5204 ἀμελε-

2283 5458 2393 5504 lam
2437 5449 2663 5526 guidem
2714 5449 2987 5526 integrum
3043 5448 3493 5526 commentarium
3529 5435 3787 5526 confecisse

2282 5536 2392 5575 non
2421 5516 2647 5586 dubito;
2679 5520 2772 5576 sed
2795 5516 3002 5576 catenae
3024 5531 3212 5575 auctor
3230 5518 3412 5575 codice
3431 5516 3602 5583 aliquo
3627 5516 3786 5586 ωσπερ

2282 5591 2517 5645 fortasse
2575 5584 2866 5655 utebatur;
2922 5606 3095 5660 neque
3144 5591 3284 5645 enim
3339 5597 3415 5643 tot
3456 5584 3787 5641 commentam

2281 5670 2465 5731 partes
2496 5669 2690 5731 sponte
2730 5662 3140 5733 praetermisisse
3177 5660 3408 5715 videtur.
