4116 6332
385 328 522 385 1513

1855 333 1915 386 ΙΝ
1959 331 2211 392 lSAlAM.

3481 335 3614 388 13H

378 445 558 514 τήτως
615 441 744 494 αὐτὸ
777 441 1009 512 ἔχωμεν,
1051 442 1236 516 ῶσπερ
1283 441 1373 498 οὖν
1403 447 1462 498 τὸ
1494 447 1708 517 βλέπειν
1738 449 1770 519 ἢ
1802 448 1948 520 βαδίο

2056 450 2185 504 riosi
2219 465 2640 521 consequamur,
2667 447 3121 519 quemadmodum
3152 448 3614 503 oculisintuemur

382 535 497 598 ζειν
519 550 531 562 ·
561 533 675 586 ἀλλ’
695 534 906 604 ἑκάστῳ
931 537 1088 606 χρεία
1118 537 1368 607 σπουδῆς,
1405 538 1539 608 πρὸς
1567 539 1627 592 τὸ
1647 541 1944 612 ἀποστῆσαι

384 626 482 697 μὲν
503 625 600 697 τὴν
632 625 868 681 διάνοιαν
890 627 1120 692 ἀδικίας,
1145 631 1469 701 προσλαϐεῖν
1495 633 1550 686 δὲ
1582 633 1944 705 δικαιοσύνην·

385 717 495 770 ἰδοὺ
526 718 633 789 γὰρ
660 719 708 770 οί
736 720 792 771 ἐν
819 720 1041 792 ἀσεϐείᾳ
1071 721 1334 791 ζήσαντες
1374 723 1615 778 ἐκποδὼν
1641 727 1944 796 γεγόνασινο

381 809 630 881 οὐδὲγὰρ
668 807 775 863 οἷόν
805 812 863 864 τέ
904 814 1048 866 ἐστιν
1075 813 1330 884 ἀληθείας
1382 820 1617 890 ἐργάτην
1663 820 1948 891 εὑρεθῆναι

381 902 475 954 τὸν
517 902 591 973 μὴ
619 903 962 973 δικαιοσύνην
988 903 1376 978 μελετήσαντα.
1413 942 1480 949 -
1519 910 1948 982 Ἐκλαμϐάνεται

382 993 554 1044 ταῦτα
584 995 677 1045 καὶ
699 995 778 1056 είς
805 994 895 1046 τὸν
926 994 1188 1058 διάϐολον,
1237 999 1328 1050 καὶ
1361 1002 1440 1063 εἰς
1473 1003 1596 1065 τοὺς
1630 1003 1949 1074 ἀγνώμονας

395 1083 707 1148 Ἰουδαίους,
767 1085 862 1151 ὡς,
917 1087 1124 1139 πολλῶν
1178 1090 1501 1161 εὐεργεσιῶν
1544 1095 1814 1163 τυχόντες,
1871 1095 1948 1146 ἔτι

384 1172 644 1243 ἐπέμενον
687 1175 746 1226 τὸ
779 1175 931 1245 ὄμμα
961 1179 1058 1247 τῆς
1101 1179 1338 1243 διανοίας
1376 1184 1792 1252 κεκαμμυκότες
1817 1202 1828 1213 ·
1854 1185 1948 1238 τοῦ

383 1263 494 1335 γάρ
537 1266 740 1336 Κυρίου
776 1267 929 1337 ἡμῶν
975 1271 1144 1341 Ἰησοῦ
1195 1273 1428 1342 Χριστοῦ
1491 1275 1946 1346 ἐπιδημήσαντος,

385 1355 479 1405 καὶ
533 1355 638 1407 τῶν
686 1354 854 1409 ἐθνῶν
888 1360 1311 1422 πιστευσάντων,
1356 1355 1498 1415 οῦτοι
1535 1363 1594 1414 οῦ
1629 1365 1785 1433 μόνον
1823 1366 1950 1435 περὶ

381 1443 474 1495 τὸν
500 1444 790 1515 εὐεργέτην
835 1446 1142 1517 ἀγνώμονες
1177 1451 1482 1518 γεγόνασιν,
1523 1451 1654 1504 ἀλλά
1691 1453 1785 1505 καὶ
1807 1452 1950 1524 ζήλῳ

384 1550 518 1604 πονη
529 1534 604 1604 ρῷ
617 1536 980 1606 ἐκκαιόμενοι,
1001 1540 1349 1609 περίκαυστοι
1370 1542 1620 1610 γενέσθαι
1639 1544 1947 1613 ἠϐούλοντο,

384 1623 530 1694 ἤπερ
553 1625 682 1696 δρᾷν
713 1625 782 1678 τὰ
809 1625 932 1696 ἔθνη
961 1628 1258 1698 σωζόμενα.

469 1713 726 1768 Ἐνταῦθα
777 1716 873 1787 τὴν
928 1719 1276 1773 ἀνταπόδοσιν
1312 1721 1480 1790 λέγει,
1519 1724 1757 1794 τὴνκατ⁹
1795 1726 1952 1792 ἀξίαν

2051 555 2142 594 aut
2197 543 2426 612 pedibus
2477 543 2812 606 incedimus;
2861 539 2956 595 sed
3012 540 3195 594 studio
3227 540 3424 608 cuique
3477 556 3615 611 opus

2048 640 2133 686 est
2158 673 2172 697 ,
2215 642 2274 686 ut
2321 631 2603 701 iniustitiae
2644 645 2866 686 sensum
2899 628 3051 698 prius
3079 635 3260 690 exuat,
3295 637 3348 681 et
3376 626 3502 681 dein
3532 628 3615 681 in-

2050 721 2184 776 duat
2211 723 2504 792 justitiam.
2548 723 2684 778 Ecce
2718 731 2901 778 autem
2933 721 3097 775 ablati
3131 729 3259 776 sunt
3287 721 3470 791 impii;
3503 738 3615 776 non

2050 815 2196 868 enim
2251 821 2427 884 potest
2466 814 2602 878 lieri,
2632 823 2692 868 ut
2751 815 3028 868 veritatem
3070 813 3272 877 faciat,
3311 813 3404 883 qui
3453 813 3616 882 justi-

2051 905 2178 958 tiam
2209 920 2315 959 non
2341 905 2613 959 didicerit.
2646 904 2976 960 Referuntur
3018 905 3132 960 haec
3165 921 3379 974 quoque
3410 905 3466 958 in
3496 904 3616 958 dia-

2049 993 2254 1058 bolum,
2289 1000 2343 1047 et
2374 992 2429 1047 in
2468 995 2711 1064 ingratOs
2758 993 2993 1058 Judzeos,
3025 995 3116 1064 qui
3151 996 3278 1050 licet
3313 995 3613 1050 innumeris

2052 1084 2254 1138 fuerint
2284 1085 2561 1140 beneﬁciis
2589 1087 2756 1149 aucti,
2785 1101 3009 1142 aversos
3040 1095 3222 1141 tamen
3251 1087 3448 1141 mentis
3477 1101 3602 1140 ocu-

2050 1176 2132 1230 los
2183 1176 2543 1244 rellexerunt;
2596 1193 2723 1231 nam
2779 1178 3100 1234 adveniente
3152 1178 3379 1234 Domino
3423 1187 3614 1234 nostro

2048 1267 2178 1324 Jesu
2209 1268 2446 1334 Christo,
2480 1271 2732 1341 gentibus
2763 1272 2828 1325 ad
2862 1272 3019 1326 ﬁdem
3051 1275 3350 1337 conversis,
3383 1273 3474 1328 isti
3505 1290 3612 1328 non

2051 1361 2212 1415 modo
2236 1364 2479 1432 ingratos
2511 1379 2568 1418 se
2599 1364 2945 1434 praebuerunt
2993 1364 3047 1417 in
3096 1363 3428 1418 Salvatorem
3453 1405 3468 1430 ,
3518 1366 3612 1419 sed

2051 1469 2217 1524 pravo
2240 1455 2355 1508 zelo
2377 1453 2665 1524 ﬂagrantes
2695 1455 2796 1524 ipsi
2832 1455 3079 1509 comburi
3112 1456 3422 1510 maluerunt
3450 1470 3612 1525 quam

2053 1553 2242 1615 gentes
2273 1547 2590 1615 conspicere
2622 1547 2796 1601 salute
2819 1547 3068 1601 donatas.

2125 1722 2290 1779 Vnus.
2349 1723 2434 1778 l2.
2495 1723 2589 1776 llic
2652 1722 2820 1778 Deum
2878 1724 3182 1779 reddidisse
3227 1725 3384 1789 dicit,
3425 1739 3614 1795 poenas

380 1803 494 1855 τῶν
554 1807 964 1878 ἁμαρτημάτων
992 1811 1320 1882 ἐπαχθεῖσαν
1357 1813 1512 1885 δίκην
1536 1833 1548 1844 ·
1591 1818 1812 1870 ἐκείνων
1842 1820 1949 1891 γάρ

2055 1815 2263 1870 scilicet
2290 1815 2511 1868 meritas
2536 1829 2631 1883 pro
2661 1815 2898 1884 peccatis
2923 1833 2937 1881 ;
2970 1830 3092 1868 cum
3123 1814 3266 1869 enim
3300 1817 3481 1870 omnia
3503 1830 3614 1869 no—

379 1897 622 1962 πάντων,
679 1903 860 1971 φησιν,
914 1905 1043 1974 ἡμῖν
1098 1906 1321 1967 δικαίως
1357 1907 1822 1963 ἀνταποδοθέντων
1858 1902 1951 1964 καλ.

376 1985 573 2058 ῶσπερ
607 1989 763 2059 χρέος
794 1991 1144 2056 ὲκτισάντων,
1176 1992 1371 2055 ἀπόδος
1397 1996 1529 2063 ἡμῖν
1563 1994 1652 2046 τὸν
1687 1996 1950 2066 μονογενῆ

375 2079 514 2133 Υίὸν
569 2097 660 2132 σου
682 2098 693 2109 ·
730 2081 850 2134 οὐδὲ
877 2082 984 2156 γὰρ
1041 2083 1197 2147 ἄλλος
1220 2087 1302 2148 τίς
1328 2088 1473 2138 ἐστιν
1511 2084 1648 2157 ῐαμα
1681 2086 1836 2158 ἡμῶν
1862 2088 1892 2160 ἢ
1924 2090 1952 2140 ὁ

375 2173 680 2241 μονογενής
707 2189 799 2224 σου
825 2173 952 2236 Υἱὸς
977 2177 1418 2246 παραγενόμενος
1468 2178 1560 2230 ἐπὶ
1587 2179 1709 2248 γῆς.

458 2265 576 2316 Ὅτι
641 2265 737 2333 μὲν
770 2269 801 2338 ή
849 2267 1062 2320 πάντων
1098 2269 1381 2323 δεσποτεία
1423 2272 1663 2342 προσῆκε
1707 2273 1783 2344 τῷ
1812 2273 1946 2344 Θεῷ,

366 2353 549 2407 παντὶ
591 2353 766 2424 δῆλον,
823 2357 916 2408 καὶ
950 2357 1046 2409 οὐκ
1079 2358 1142 2411 ἄν
1173 2376 1256 2422 τις
1285 2359 1632 2430 ὑπονοήσειεν
1673 2363 1828 2425 ἐκτὸς
1855 2365 1951 2433 τῆς

368 2448 695 2510 δεσποτείας
722 2447 813 2500 τοῦ
831 2449 965 2502 Θεοῦ
993 2446 1129 2504 εἶναί
1151 2469 1290 2506 τινα.
1315 2454 1388 2506 Τὸ
1403 2449 1515 2517 οῦν,
1547 2453 1759 2523 Κτῆσαι
1782 2455 1948 2526 ἡμᾶς,

374 2536 611 2590 ἐνταῦθα
664 2537 932 2603 λέλεκται,
967 2540 1045 2592 ὃτι
1082 2540 1168 2594 διὰ
1201 2542 1301 2612 τῆς
1331 2543 1422 2596 τοῦ
1472 2545 1788 2614 μονογενοῦς
1823 2545 1950 2598 Υίοῦ

381 2645 480 2681 σου
537 2630 837 2700 παρουσίας
882 2631 1296 2703 λυτρωσάμενος
1339 2637 1514 2706 ἡμᾶς,
1567 2637 1808 2706 ᾠκείωσε
1860 2640 1951 2692 καὶ

380 2721 737 2792 περιεποίησε
768 2723 1138 2793 νεκρωθέντας
1169 2730 1288 2789 ταῖς
1323 2729 1632 2799 ἁμαρτίαις.

454 2813 520 2865 Oi
565 2811 672 2882 γὰρ
708 2814 1099 2883 νενεκρωμένοι
1152 2819 1269 2879 ταῖς
1319 2819 1614 2889 ἁμαρτίαις
1645 2820 1704 2871 οὺ
1745 2821 1951 2891 μήποτε

384 2904 669 2959 θεάσονταί
721 2921 814 2958 σε’
842 2905 1049 2975 νεκρῶν
1090 2905 1198 2976 γὰρ
1261 2908 1428 2960 ὅντων
1474 2909 1580 2961 τῶν
1614 2909 1753 2961 κατὰ
1794 2910 1953 2978 φύσιν

384 2995 692 3066 γενομένων
749 2995 978 3066 νεκρῶν,
1037 2997 1131 3049 καλ⁹
1176 2996 1384 3067 νεκρῶν
1415 2997 1522 3050 τῶν
1568 2999 1952 3068 νεκρωσὰντων

2052 1909 2137 1963 bis
2163 1949 2175 1970 ,
2213 1908 2418 1978 inquit,
2473 1907 2594 1976 jure
2627 1907 2947 1971 reddidisti,
2996 1914 3050 1960 et
3079 1911 3234 1976 quasi
3259 1907 3499 1962 debitum
3529 1923 3615 1962 re-

2050 1996 2282 2061 misisti,
2343 1995 2410 2050 da
2462 1997 2622 2051 nobis
2653 1997 2994 2067 unigenitum
3025 1996 3221 2050 Filium
3278 2006 3465 2063 tuum;
3506 2012 3614 2051 non

2051 2090 2195 2144 enim
2222 2097 2306 2145 est
2335 2090 2474 2144 alius
2518 2089 2676 2144 nobis
2727 2090 2912 2158 saluti,
2944 2090 3050 2144 nisi
3081 2089 3396 2161 unigenitus
3445 2087 3615 2144 Filius

2053 2193 2178 2237 tuus
2206 2183 2259 2236 in
2295 2192 2493 2238 terram
2530 2180 2806 2250 delapsus.

2120 2275 2286 2330 Vsus.
2324 2277 2408 2330 i3.
2441 2272 2633 2329 Omnia
2690 2272 2744 2327 in
2793 2273 3047 2326 inanibus
3083 2271 3174 2325 Dei
3207 2286 3362 2334 esse,
3419 2283 3614 2339 cuique

2051 2367 2436 2435 perspicuum,
2471 2379 2572 2419 nec
2611 2363 2977 2432 suspicaberis
3031 2376 3357 2431 quemquam
3406 2375 3470 2415 ex
3521 2359 3613 2413 Dei

2053 2458 2278 2526 imperio
2310 2472 2417 2509 non
2471 2456 2724 2524 pendere.
2777 2453 2874 2507 llic
2919 2455 3084 2523 igitur
3120 2469 3181 2507 ea
3211 2453 3277 2508 de
3308 2466 3474 2506 causa
3517 2466 3616 2505 nos

2051 2547 2315 2616 possidere
2343 2546 2562 2609 dicitur,
2601 2544 2745 2614 quod
2777 2544 3039 2612 unigeniti
3087 2542 3208 2596 Filii
3235 2543 3353 2612 ejus
3382 2542 3615 2596 adventu

2052 2640 2388 2708 puriﬁcatos,
2414 2645 2469 2694 et
2505 2639 2572 2692 de
2604 2645 2778 2690 morte
2811 2643 3159 2705 peccatorum
3205 2634 3482 2698 liberatos,
3513 2633 3616 2689 sibi

2052 2731 2388 2800 comparavit
2417 2737 2470 2784 et
2500 2729 2760 2782 devinxit.

2122 2820 2287 2876 Vens.
2328 2821 2411 2872 M.
2453 2817 2742 2887 Nunquam
2792 2818 2932 2871 enim
2992 2817 3251 2872 videbunt
3299 2826 3352 2871 te
3395 2823 3618 2887 peccato

2053 2911 2287 2976 mortui;
2322 2924 2444 2962 nam
2475 2907 2675 2961 mortui
2709 2915 2858 2971 sunt,
2891 2907 3091 2974 quibus
3138 2921 3339 2975 corpus
3374 2905 3615 2970 interiit;

2053 3001 2254 3056 mortui
2280 3007 2406 3055 sunt
2434 3007 2486 3052 et
2521 2998 2611 3052 alii
2646 2998 2738 3067 qui
2772 2997 3010 3051 membra
3031 3012 3126 3050 sua
3152 2996 3348 3050 mediis
3376 2996 3432 3049 in
3459 2995 3612 3048 volu-

385 3086 454 3138 τὰ
482 3085 688 3136 ἑαυτῶν
721 3084 855 3155 μέλη
879 3087 933 3137 ἐν
959 3087 1079 3148 ταῖς
1113 3086 1352 3156 ἡδοναῖς,
1390 3087 1482 3139 καὶ
1513 3087 1582 3139 τὰ
1635 3087 1780 3140 κακὰ
1833 3089 1950 3142 δια-

2055 3093 2296 3164 platibls
2328 3097 2602 3153 coercent,
2637 3096 2692 3143 et
2720 3087 2944 3142 allectus
2977 3102 3172 3157 pravos
3207 3086 3371 3139 animi
3394 3086 3617 3155 impios—

385 3179 630 3246 νοήματα
675 3177 743 3230 τά
766 3177 908 3231 κατὰ
941 3177 1070 3230 Θεὸν
1101 3179 1512 3249 νεκρωσὰντων.
1556 3181 1821 3234 Ἐνταῦθα
1847 3181 1953 3236 τῶν

386 3271 644 3324 ἐναντίων
695 3271 984 3342 μέμνηται,
1045 3271 1154 3324 τῶν
1193 3272 1603 3327 ἀποϐαλλόντων
1631 3275 1726 3345 μὲν
1779 3277 1955 3329 πᾶσαν

386 3364 623 3434 ζωτικῆς
664 3365 1076 3435 δικαιοπραγίας
1120 3365 1284 3437 ζωὴν,
1309 3367 1699 3438 νεκρωσὰντων
1731 3369 1784 3421 δέ
1828 3371 1954 3423 ἐαυ-

385 3459 512 3520 τοὺς
527 3457 604 3527 τῷ
628 3457 742 3527 Θεῷ
764 3457 867 3510 ὑπὸ
896 3456 990 3509 τοῦ
1021 3457 1256 3528 πλήθους
1280 3459 1387 3512 τῶν
1423 3460 1706 3530 ἁμαρτιῶν
1741 3462 1834 3514 καὶ
1858 3479 1954 3514 κα-

387 3549 692 3622 κοπραγίας
717 3549 1160 3620 ἀποϐεϐληκότας
1181 3551 1277 3622 τὴν
1306 3551 1565 3615 ζωοποιὸν
1589 3553 1952 3624 δικαιοσύνηνο

386 3641 470 3695 διὸ
507 3644 598 3694 καὶ
633 3642 962 3712 φειδόμενος,
997 3645 1024 3695 δ
1058 3644 1208 3707 Θεὸς,
1247 3646 1338 3698 καὶ
1366 3646 1660 3715 ἀγαθότητι
1702 3647 1955 3717 κινούμε-

387 3753 496 3798 νος,
519 3735 776 3804 ὲνέκοψας
802 3736 834 3787 ἁ
842 3753 913 3804 μα
920 3753 980 3805 ρτ
989 3734 1110 3786 ἀνου
1120 3753 1188 3789 σι.

458 3827 740 3896 Σημαίνει,
792 3828 872 3879 ὅτι
917 3827 1228 3897 φειδόμενος
1269 3829 1294 3880 δ
1321 3828 1452 3891 Θεὸς
1479 3828 1574 3881 τοῦ
1596 3829 1828 3899 Χριστοῦ
1859 3831 1956 3900 τῆς

387 3917 534 3986 ζωῆς
561 3918 739 3969 αὐτῶν
791 3918 1110 3987 ὑπετέμετο,
1165 3919 1251 3972 ἵνα
1301 3921 1374 3990 μὴ
1418 3922 1496 3983 εἰς
1531 3921 1720 3991 χρόνον
1752 3921 1956 3992 μακρὸν

386 4005 796 4075 παραμένοντες
833 4007 1404 4076 συμπαρεκτείνωνται
1435 4012 1499 4080 τῇ
1531 4009 1716 4080 κακία,
1750 4011 1842 4062 καὶ
1870 4010 1957 4063 αῦ-

387 4099 553 4162 ξωσιν
586 4098 763 4152 αὐτῶν
787 4100 885 4170 τὴν
911 4100 1173 4171 πονηρίαν
1192 4117 1204 4130 ·
1233 4101 1319 4154 διὰ
1356 4102 1464 4174 γὰρ
1495 4102 1800 4172 ἀγαθότητα
1828 4105 1956 4168 Θεὸς

384 4193 483 4247 καὶ
522 4193 746 4263 χρόνους
790 4194 960 4265 ὁρίζει
1006 4197 1084 4257 είς
1124 4190 1391 4266 τιμωρίαν
1423 4214 1435 4226 ·
1481 4197 1636 4251 τοῦτο
1686 4199 1782 4268 μὲν
1819 4199 1958 4269 μετά

385 4281 584 4336 ἐκατὸν
610 4283 811 4334 εἴκοσιν
869 4282 983 4353 ἔτη,
1041 4284 1228 4355 ὥσπερ
1291 4281 1381 4338 οῦν
1424 4289 1516 4339 καὶ
1551 4288 1644 4340 ἐπὶ
1677 4289 1768 4341 τοῦ
1793 4307 1959 4344 κατα-

385 4373 657 4444 κλυσμοῦ,
708 4374 864 4427 τοῦτο
911 4375 966 4428 δὲ
1004 4377 1282 4448 ἐξήκοντα.
1331 4379 1439 4431 Καὶ
1471 4379 1539 4432 δι’
1567 4381 1728 4434 αὑτοῦ
1771 4381 1956 4434 τούτου

2055 3201 2160 3256 que
2195 3192 2568 3254 compescunt.
2607 3182 2705 3237 llic
2759 3191 2947 3237 contra
2995 3182 3061 3236 de
3102 3180 3210 3235 illis
3253 3179 3470 3250 agitur,
3525 3178 3616 3246 qui

2056 3293 2246 3334 omnes
2276 3283 2543 3331 exuerunt
2578 3274 2762 3328 vitalis
2817 3272 3045 3342 justitiae
3084 3285 3299 3333 mores,
3357 3269 3450 3339 qui
3514 3267 3618 3322 Deo

2056 3372 2255 3426 mortui
2284 3380 2428 3433 sunt,
2478 3374 2699 3439 propter
2745 3363 3144 3418 multitudinem
3191 3367 3535 3430 peccatorum
3565 3366 3618 3411 et

2056 3463 2453 3534 nequitiarum,
2494 3461 2642 3514 vitali
2678 3457 2890 3528 justitia
2929 3453 3147 3524 spoliati
3185 3451 3426 3505 :idcirco
3457 3449 3618 3502 mise-

2056 3555 2292 3610 ricordia
2325 3553 2488 3616 Deus,
2521 3561 2572 3605 et
2597 3549 2930 3620 benignitate
2965 3549 3232 3606 movetur,
3255 3539 3470 3610 quando
3495 3551 3619 3606 pec-

2056 3645 2333 3700 catoribus
2362 3642 2562 3696 obstat.

2127 3827 2292 3881 Vsus.
2328 3825 2412 3879 14.
2454 3823 2662 3877 lndicat
2685 3816 2890 3874 Christi
2927 3816 3070 3870 Deus
3096 3830 3152 3868 se
3188 3826 3283 3882 per
3313 3807 3616 3877 benignita-

2057 3927 2163 3975 tem
2199 3919 2361 3971 vitam
2398 3931 2582 3970 eorum
2630 3911 2950 3971 rescidisse,
2984 3923 3050 3960 ne
3082 3903 3286 3958 diutius
3327 3901 3614 3960 durautes,

2057 4012 2261 4066 malitia
2309 4023 2405 4062 sua
2455 4013 2678 4060 caeteros
2722 4000 2995 4060 iuliciant,
3071 4008 3332 4060 suamque
3389 3998 3617 4058 augeant

2057 4101 2381 4172 nequitiam;
2416 4113 2538 4150 nam
2566 4110 2658 4165 per
2691 4089 3078 4160 benignitatem
3116 4083 3258 4136 Deus
3288 4088 3342 4135 et
3374 4089 3616 4172 tempora

2058 4167 2244 4250 definit
2277 4192 2330 4245 in
2365 4203 2577 4260 poenam
2621 4205 2632 4239 :
2696 4198 2842 4238 nunc
2898 4185 3020 4250 post
3072 4185 3288 4230 centum
3322 4179 3374 4226 et
3427 4167 3617 4260 viginti

2059 4300 2231 4340 annos
2265 4292 2315 4336 ul
2351 4259 2684 4348 temporibus
2713 4271 2900 4328 diluvii
2928 4269 2985 4334 ³;
3023 4280 3165 4320 nunc
3198 4269 3320 4334 post
3341 4259 3620 4329 sexaginta

2061 4379 2174 4449 (aut
2209 4375 2386 4444 potius
2405 4368 2741 4441 septuaginta
2762 4365 2781 4396 ⁵
2799 4364 2836 4434 ).
2857 4362 2941 4415 Fit
2964 4362 3144 4421 etiam,
3174 4354 3362 4410 eodem
3389 4357 3622 4406 testante

384 4465 484 4520 τοῦ
512 4468 785 4537 προφήτου
818 4467 912 4520 καὶ
945 4468 1047 4539 πρὸ
1072 4470 1168 4539 τῆς
1193 4469 1523 4540 προθεσμίας
1552 4472 1745 4541 ἐπάγει
1764 4473 1861 4543 τὴν
1889 4473 1952 4526 δί-

2064 4470 2369 4541 propheta,
2443 4471 2502 4516 ut
2564 4461 2646 4514 vel
2718 4462 2843 4510 ante
2901 4462 3112 4521 tempus
3179 4461 3368 4518 poenas
3417 4449 3623 4543 repetat

355 4546 517 4626 ’κην,
546 4557 824 4625 ἐγκόπτων
861 4557 1037 4610 αὐτῶν
1085 4561 1194 4620 τοῖς
1225 4559 1604 4630 ἁμαρτήμασι,
1643 4562 1736 4615 καὶ
1771 4562 1956 4616 παύων

390 4647 590 4710 αὐτοὺς
616 4649 714 4718 τῆς
743 4649 1106 4720 παρανομίας,
1152 4651 1495 4722 ἁμετανόητα
1532 4651 1818 4717 νοσοῦντας
1836 4671 1849 4684 ⁸
1879 4653 1958 4707 διό

392 4759 556 4812 φησιν
613 4743 641 4794 δ
699 4742 1062 4811 πεντηκοστὸς
1088 4743 1346 4814 τέταρτος
1387 4743 1599 4814 ψαλμός
1623 4761 1635 4774 ο
1675 4763 1694 4795 ι
1734 4744 1957 4816 Ἄνδρες

393 4833 640 4904 αἱμάτων
663 4831 756 4884 καὶ
787 4832 1090 4905 δολιότητος
1131 4835 1190 4886 οὐ
1219 4834 1294 4904 μὴ
1325 4834 1659 4904 ήμισεύσωσι
1692 4837 1790 4898 τὰς
1821 4837 1958 4907 ὴμέ-

398 4942 526 4994 ρας·
573 4944 591 4976 ι
637 4924 730 4977 καλ⁵
777 4924 967 4978 πάλιν
1012 4945 1029 4976 ι
1061 4926 1150 4996 Μὴ
1194 4925 1474 4999 ἀναγάγῃς
1521 4944 1588 4998 με
1657 4928 1714 4980 ἐν
1775 4928 1960 4992 ἡμίσει

395 5015 638 5086 ἡμερῶν.
677 5035 695 5067 ι

480 5104 745 5159 Ἐνταῦθα
808 5105 954 5159 κακὰ
982 5105 1129 5175 λέγει
1181 5107 1302 5177 οὐχὶ
1334 5106 1403 5160 τὰ
1443 5109 1499 5160 ἐν
1532 5108 1760 5180 πράξεσι
1795 5111 1960 5178 κακὰ,

396 5195 532 5251 ἀλλά
584 5197 655 5250 τὰ
707 5198 988 5252 κακωτικά
1010 5215 1022 5228 °
1063 5199 1204 5252 οὕτω
1235 5200 1342 5271 γὰρ
1385 5201 1478 5254 καὶ
1503 5202 1578 5254 ὅτ’
1607 5201 1671 5254 ἀν
1702 5202 1958 5275 ἀκούσῃς,

404 5301 421 5332 ι
445 5283 504 5336 '0
519 5283 715 5348 κτίζων
743 5284 906 5349 κακὰ,
936 5304 954 5336 ι
984 5285 1312 5356 ἐκλάμϐανε.
1341 5287 1449 5359 Τὴν
1469 5289 1648 5342 τοίνυν
1679 5289 1963 5362 ὑπερηφα-

395 5369 516 5424 νίαν
570 5372 676 5424 τῶν
729 5371 1034 5443 λεγομένων
1093 5374 1314 5440 ἐνδόξων
1353 5376 1438 5429 διὰ
1493 5376 1599 5430 τῶν
1642 5378 1962 5432 κακωτικῶν

394 5463 884 5536 καθαιρεθήσεσθαι
935 5466 1208 5536 σημαίνει.

466 5749 489 5780 ³
511 5749 645 5806 Gen.
677 5768 748 5812 vi,
776 5751 827 5806 '5.
907 5751 1092 5807 ‘Psal.
1136 5765 1356 5816 Lxxnx,
1390 5751 1472 5806 lO.
1541 5753 1561 5783 ³
1588 5752 1732 5807 Psal.
1767 5767 1838 5817 ει,
1870 5751 1959 5806 ‘25.

2067 4533 2226 4623 Deus,
2259 4557 2474 4612 modum
2505 4551 2740 4622 peceatis
2765 4562 2955 4602 eorum
2993 4549 3257 4604 statuens,
3289 4551 3476 4592 eorum
3518 4533 3624 4586 ini-

2061 4652 2293 4721 quilates
2333 4645 2582 4698 inhibens
2614 4639 2827 4695 insania
2860 4633 3242 4690 laborantium.
3280 4629 3399 4721 Ideo
3432 4625 3625 4721 legitur

2064 4719 2116 4799 in
2157 4742 2366 4813 psalmo
2397 4756 2504 4803 LIV,
2535 4735 2648 4788 είς
2690 4751 2706 4783 ι
2751 4730 2867 4785 Viri
2902 4729 3227 4800 sanguinum
3275 4730 3326 4777 et
3365 4719 3625 4813 dolosita-

2063 4808 2286 4897 tis,—non
2321 4829 2684 4886 dimidiabunt
2717 4825 2832 4879 dies
2873 4837 3037 4885 suos;
3080 4838 3098 4870 ι
3132 4825 3184 4873 et
3220 4816 3410 4869 iterum
3439 4830 3452 4865 :
3495 4829 3513 4862 ι
3547 4808 3626 4862 Ne

2068 4941 2290 4982 revoces
2314 4939 2399 4978 me
2433 4921 2487 4976 in
2515 4917 2742 4974 dimidio
2770 4915 2978 4969 dierum
3003 4922 3244 4965 meorum
3280 4905 3378 4959 ⁵..»

2137 5103 2303 5173 Vens.
2335 5100 2422 5156 15.
2483 5097 2582 5152 llic
2622 5111 2716 5166 per
2759 5091 2900 5146 mala
2932 5104 3041 5143 non
3069 5099 3236 5155 opera
3269 5081 3408 5136 mala
3444 5080 3624 5132 inten-

2067 5195 2169 5258 dit,
2215 5168 2314 5248 sed
2359 5189 2662 5260 supplicia;
2713 5198 2836 5238 nam
2884 5188 2938 5236 et
2993 5179 3048 5232 in
3096 5177 3256 5230 istam
3305 5168 3623 5260 sententiam

2066 5257 2306 5342 eamdem
2328 5257 2510 5339 vocem
2540 5285 2788 5348 usurpat,
2807 5287 2930 5330 cum
2956 5271 3115 5326 dicit:
3141 5285 3158 5317 ι
3184 5257 3619 5319 Crcansmala'.»

2076 5376 2322 5431 Declarat
2371 5374 2537 5444 igitur
2578 5386 2637 5427 se
2680 5385 2774 5441 per
2808 5365 3077 5437 supplicia
3104 5360 3408 5432 superbiam
3437 5365 3624 5411 eorum

2070 5469 2165 5539 qui
2197 5464 2429 5536 gloriosi
2462 5465 2730 5519 habentur
2760 5460 3161 5530 depressurum.

2040 5750 2060 5782 ⁸
2081 5749 2183 5804 lsa.
2220 5764 2339 5812 xcv,
2379 5745 2428 5798 7.
