4116 6332
374 320 513 380 1517

1835 316 1903 373 IN
1941 308 2194 377 lSAlMl.

3465 330 3602 386 1518

373 438 589 493 λεκταιο
627 438 714 491 ἵνα
742 436 849 509 γὰρ
879 438 954 510 μὴ
990 437 1068 501 εἰς
1105 437 1451 490 ἀνελπιστίαν
1503 434 1735 507 παντελῆ
1784 452 1916 488 κατα

2046 451 2193 506 spem
2245 453 2465 493 omnem
2518 439 2795 508 abjiciant,
2847 440 3194 495 liberatorem
3245 447 3598 513 prainuntiat.

379 531 599 594 πέσωσι,
620 528 974 602 προαγορεύει
1003 528 1093 582 τὸν
1128 527 1385 599 μέλλοντα
1433 527 1526 580 ἐπὶ¹
1561 526 1802 597 σωτηρίᾳ
1839 524 1931 578 τοῦ

378 622 559 691 γένους
590 619 1120 693 παραγενησόμενον,
1154 619 1396 671 τουτέστι
1435 616 1523 671 τὸν
1552 616 1746 687 Κύριον
1778 615 1932 686 ἡμῶν

385 712 590 785 Ἰησοῦν
622 713 712 765 τὸν
742 710 971 782 Χριστὸν
1021 710 1108 763 τὸν
1137 710 1402 781 ἡμέτερον
1446 709 1693 781 Σωτῆρα,
1726 708 1784 772 ὃς
1816 707 1934 760 στέ-

376 824 539 878 φανος
559 807 655 877 τῆς
689 802 845 876 δόξης
881 803 1031 857 ἔσται
1073 804 1230 870 πᾶσι,
1275 801 1461 873 φανεὶς
1500 803 1556 854 ἐν
1606 801 1794 873 κόσμῳ
1841 800 1932 855 καὶ

375 898 652 954 ἀναλαϐὼν
683 897 781 968 τὴν
814 897 1088 967 ἡμετέραν
1127 896 1324 968 σάρκα.

443 989 552 1061 Τὴν
601 986 694 1041 τοῦ
753 988 886 1040 Θεοῦ
946 987 1260 1051 ἐποπτείαν,
1309 989 1400 1040 καὶ
1453 987 1551 1057 τὴν
1585 987 1795 1041 δικαίαν
1837 989 1934 1041 αύ-

375 1078 466 1131 τοῦ
494 1078 673 1150 κρίσιν
705 1077 872 1148 δηλοῖ,
908 1077 983 1140 ὡς
1028 1077 1127 1130 οὐκ
1170 1077 1407 1148 ἀκρίτως
1450 1078 1649 1141 πάντες
1677 1079 1726 1129 οἱ
1756 1095 1932 1148 παρα·

376 1169 614 1233 δοθέντες
650 1172 712 1240 τῇ
748 1167 1088 1238 αἰχμαλωσίᾳ
1126 1167 1537 1230 ἀποθανοῦνται,
1588 1167 1699 1221 ἀλλ’
1737 1169 1931 1223 ἐκεῖνοι

378 1257 913 1331 περιποιηθήσονται,
939 1256 1033 1320 οὒς
1057 1256 1135 1327 τῷ
1163 1256 1279 1327 Θεῷ
1307 1256 1433 1329 δόξῃ
1454 1257 1749 1322 σώζεσθαι,
1777 1259 1930 1329 ἡμῶν

380 1351 453 1424 μὴ
479 1350 786 1421 δυναμένων
823 1348 1118 1421 ἀνιχνεύειν
1163 1349 1285 1412 τοὺς
1321 1348 1508 1417 λόγους
1544 1349 1609 1402 δι’
1638 1349 1730 1413 οὒς
1772 1367 1931 1421 περι-

377 1442 779 1514 ποιηθήσονται.

445 1533 638 1603 Φάσμα
667 1532 773 1605 γὰρ
810 1532 904 1585 καὶ
932 1529 1192 1601 ἔκπληξις
1219 1530 1362 1583 τοῦτ’
1389 1530 1455 1584 ἂν
1487 1530 1571 1602 εἴη
1613 1531 1835 1602 κυρίως,
1870 1532 1931 1585 τὸ

375 1624 612 1689 τούτους,
664 1623 833 1687 οὕτως
882 1622 1389 1693 παιδαγωγηθέντας
1445 1622 1594 1694 παρά
1637 1622 1729 1676 τοῦ
1772 1622 1925 1689 Θεοῦ,

377 1715 469 1767 καὶ
489 1714 753 1766 τοσούτων
784 1712 1198 1776 ἀπολαύσαντας
1226 1711 1333 1764 τῶν
1363 1712 1600 1781 ἀγαθῶν,
1635 1715 1716 1777 είς
1744 1712 1930 1766 τοσαύ-

373 1822 473 1876 την
502 1805 843 1876 παρανομίαν
872 1803 1141 1875 χωρῆσαι.

444 1896 631 1967 Θλίψιν
658 1895 888 1949 ἐνταῦθα
915 1895 1061 1963 λέγει
1108 1893 1175 1947 τά
1205 1896 1260 1947 ἐν
1285 1898 1348 1966 τῇ
1372 1894 1716 1966 αἰχμαλωσίᾳ
1752 1895 1928 1948 δεινόν

375 1988 686 2058 προσθήκην
717 1986 775 2040 δέ
805 1985 1035 2055 θλίψεως
1075 1986 1173 2055 τὴν
1206 1985 1552 2055 συναίσθησιν
1582 1984 1688 2037 τῶν
1723 1985 1931 2047 αἰτίων,

372 2080 439 2135 δι’
470 2078 534 2142 ἀς
560 2080 653 2132 καὶ
711 2077 776 2131 τά
814 2078 958 2131 κακά
1005 2078 1185 2140 αὐτοῖς
1239 2077 1625 2146 ἐπενήνεκται·
1668 2077 1788 2147 ἥτις
1833 2077 1933 2129 ἐπ-

372 2171 586 2242 ωφελὴς
615 2171 706 2224 καὶ
730 2171 989 2241 όνήσιμος
1021 2170 1200 2231 αὐτοῖς
1222 2167 1444 2236 ἐγίνετο.

444 2353 554 2423 Τὴν
602 2352 810 2406 δικαίαν
865 2351 1014 2423 παρά
1080 2369 1174 2405 του
1247 2351 1380 2405 Θεοῦ
1436 2351 1785 2405 ἀνταπόδοσιν
1835 2352 1931 2404 ἐπ-

371 2442 753 2514 ενεχθήσεσθαι
789 2444 973 2506 αὐτοῖς
996 2441 1265 2511 προλέγει·
1284 2440 1496 2513 γλώττῃ
1521 2441 1619 2512 μὲν
1639 2441 1930 2509 φαυλισάν-

372 2550 479 2587 των
504 2534 563 2587 τὸ
589 2534 762 2597 Θεῖον,
785 2534 843 2587 ὲν
874 2534 931 2588 δὲ
964 2537 1028 2605 τῇ
1058 2532 1270 2606 γλώττῃ
1305 2534 1607 2605 δεχομένων
1625 2532 1722 2604 τὴν
1754 2550 1928 2602 τιμω-

374 2625 496 2697 ρίαν
518 2641 532 2655 ’
566 2626 670 2679 ὑπὸ
701 2626 807 2696 γάρ
845 2624 1220 2696 αἰχμαλωσίαν
1255 2625 1614 2696 πράττοντες,
1654 2622 1836 2677 οὐκέτι
1863 2626 1926 2694 τῇ

374 2716 588 2787 συνήθει
616 2716 873 2786 διαλέκτῳ
916 2716 1231 2787 ἐκέχρηντο,
1261 2715 1394 2769 ἀλλά
1423 2717 1489 2786 τῇ
1527 2714 1635 2769 τῶν
1670 2712 1930 2786 κρατούν-

369 2821 476 2858 των
498 2807 646 2875 φωνῇ
681 2804 857 2857 λαλεῖν
879 2804 1265 2873 ἠναγκάζοντο.

383 2878 431 2896 υ

441 2914 543 2966 Τὸν
578 2913 641 2964 ἐκ
669 2910 777 2962 τῶν
806 2911 982 2962 πόνων
1026 2910 1209 2971 αὐτοῖς
1256 2908 1647 2978 ἐπιγενηθέντα
1696 2907 1924 2981 καρπὸν,

368 3003 428 3057 δν
457 3000 741 3074 ἐριστικῶς
790 3000 970 3063 αὐτοῖς
1002 3000 1358 3052 ἐπιδείκνυσιν
1389 3002 1417 3053 ὁ
1458 3000 1761 3070 προφήτης,
1796 2999 1927 3051 ἀνά-

2042 529 2108 581 ad
2150 528 2468 583 salvandum
2518 545 2688 599 genus
2708 540 3017 593 venturum,
3056 530 3157 584 hoc
3176 543 3281 599 εει,
3310 532 3598 591 Dominum

2040 627 2286 674 nostrum
2306 618 2494 674 Jesum
2528 620 2804 675 Christum
2834 619 3172 676 Salvatorem
3201 631 3472 688 nostrum,
3504 626 3596 697 qui

2039 712 2292 766 omnibus
2337 727 2535 766 corona
2581 712 2695 782 spei
2734 713 2856 777 erit,
2893 713 3006 777 ubi,
3037 728 3202 769 carne
3242 722 3428 771 nostra
3472 731 3598 773 sus-

2039 812 2213 874 cepta,
2239 804 2379 859 inter
2398 803 2646 860 homines
2677 804 3010 874 apparuerit.

2011 958 2022 983 ⁸
2108 975 2271 1032 Vens.
2313 977 2368 1033 6.
2412 978 2504 1035 Dei
2548 980 2944 1050 providentiam
2975 947 3029 1037 et
3058 983 3266 1051 justum
3303 983 3423 1054 ejus
3450 984 3594 1054 judi-

2039 1068 2181 1121 cium
2231 1067 2496 1137 declarat,
2549 1085 2675 1125 cum
2720 1086 2830 1125 non
2882 1087 3079 1126 omnes
3117 1073 3217 1137 illi,
3254 1076 3345 1144 qui
3383 1074 3597 1133 fuerant

2038 1157 2092 1212 in
2146 1160 2515 1228 captivitatem
2568 1161 2815 1226 redacti,
2868 1162 3215 1223 indistincte
3255 1165 3596 1231 moriantur;

2038 1252 2338 1306 liberentur
2382 1267 2512 1308 vero
2544 1269 2684 1324 quos
2731 1253 2839 1309 Deo
2886 1270 3105 1310 servare
3149 1257 3434 1325 placuerit,
3470 1258 3597 1313 licet

2037 1342 2139 1414 ipsi
2190 1358 2291 1398 nos
2350 1344 2656 1414 perspicere
2706 1359 2818 1400 non
2841 1347 3153 1415 possimus,
3189 1361 3294 1417 qua
3336 1347 3403 1402 de
3430 1361 3593 1409 causa

2036 1434 2353 1489 liberantur.

2104 1524 2272 1582 Vsus.
2310 1526 2364 1581 7.
2403 1524 2636 1582 Phasma
2689 1542 2822 1584 sane
2871 1537 3016 1583 esset
3069 1536 3122 1584 et
3170 1538 3498 1595 monstrum,
3544 1531 3593 1586 si

2035 1619 2109 1672 ita
2144 1633 2173 1671 a
2221 1617 2331 1673 Deo
2374 1617 2611 1682 educati,
2657 1620 2825 1675 tantis
2866 1622 3010 1676 aucti
3056 1621 3355 1683 beneﬁciis.
3387 1622 3443 1677 in
3469 1630 3594 1678 tan-

2035 1715 2144 1762 tam
2173 1709 2497 1778 impietatem
2528 1708 2929 1765 delaberentur.

2105 1884 2271 1941 Vens.
2338 1887 2425 1942 i0.
2481 1880 2913 1944 'l'ribtﬂationem
2946 1889 3034 1943 hic
3063 1897 3223 1945 vocat
3253 1890 3592 1948 calamitates

2034 1978 2279 2046 captivos
2324 1980 2634 2045 invasuras,
2676 1980 3078 2039 tribulationem
3119 1995 3250 2035 vero
3279 1997 3442 2052 super
3486 1985 3590 2038 tri-

2032 2068 2398 2135 bulationem,
2454 2072 2843 2127 conscientiam
2885 2072 3198 2136 criminum,
3242 2072 3443 2144 quibus
3485 2075 3588 2129 sibi

2032 2160 2138 2215 ista
2186 2162 2331 2215 mala
2361 2172 2815 2233 promeruerunt;
2849 2178 2969 2233 quas
2997 2171 3052 2219 et
3082 2163 3232 2219 utilis
3264 2164 3374 2220 illis
3404 2162 3505 2219 fuit
3536 2172 3591 2220 et

2031 2253 2309 2309 salutaris.

2102 2344 2267 2401 Vsus.
2295 2346 2380 2400 ll.
2419 2345 2577 2402 Justa
2617 2361 2714 2402 eos
2760 2361 2789 2400 a
2830 2345 2939 2401 Deo
2984 2346 3225 2401 vindicta
3273 2345 3588 2417 plectendos

2033 2442 2408 2509 praenuntiat:
2446 2438 2629 2509 lingua
2667 2438 2796 2509 quia
2842 2437 3010 2493 Deum
3052 2438 3366 2504 irriserunt,
3404 2439 3587 2509 lingua

2028 2544 2218 2600 poenas
2250 2530 2494 2596 dabunt;
2542 2530 2743 2585 etenim
2787 2529 2844 2584 in
2891 2531 3260 2600 captivitatem
3306 2530 3585 2594 abductis,

2024 2620 2134 2690 jam
2169 2636 2278 2675 non
2316 2622 2494 2690 patrio
2524 2636 2776 2677 sermone
2820 2621 2976 2676 licuit
3020 2623 3120 2687 uti,
3171 2621 3263 2678 sed
3311 2621 3428 2693 ipsa
3471 2621 3587 2677 edi.

2020 2711 2227 2766 scenda
2260 2711 2363 2764 fuit
2388 2710 2783 2766 dominantium
2814 2710 3018 2783 lingua.

2108 2904 2276 2962 Vens.
2320 2906 2408 2964 12.
2466 2906 2725 2962 Fructum
2778 2909 2911 2980 ipsis
2961 2925 3028 2965 ex
3072 2902 3354 2965 laboribus
3404 2920 3587 2966 ortum

2034 2999 2239 3055 indicat
2268 2999 2530 3069 propheta
2577 3000 2803 3065 ironice,
2834 3001 2965 3055 dum
2994 3001 3236 3071 requiem
3268 3016 3456 3071 pennas
3486 3017 3583 3071 ap-

370 3108 567 3145 παυσιν
588 3090 684 3162 τὴν
709 3090 973 3160 τιμωρίαν
992 3089 1171 3143 καλῶν
1191 3105 1203 3119 ·
1229 3082 1331 3141 Ὧν
1352 3088 1479 3165 γὰρ,
1505 3091 1686 3159 φησὶν,
1712 3091 1916 3153 ἑαυτοῖς

2026 3089 2190 3159 pellat
2225 3089 2393 3156 τρυε
2443 3090 2611 3154 enim,
2647 3090 2842 3160 inquit,
2887 3090 3044 3145 vobis
3086 3089 3579 3155 thesaurizavistis,

369 3182 795 3255 ἐθησαυρίσατε,
859 3180 1061 3234 τούτων
1125 3180 1199 3243 ὡς
1260 3182 1317 3232 ἐν
1371 3181 1529 3251 ἡδονῇ
1590 3179 1921 3245 ἀπολαύετε,

370 3274 773 3346 συντριϐόμενω
798 3274 854 3326 ἐν
882 3274 1001 3336 ταῖς
1033 3274 1342 3344 τιμωρίαις.

437 3388 546 3459 Τὴν
595 3389 657 3441 ἐκ
708 3388 804 3458 τῆς
852 3386 1096 3449 παιδείας
1141 3386 1405 3455 ὠφέλειαν
1466 3386 1759 3457 γενομένην
1805 3388 1925 3449 ταῖς

364 3479 560 3549 ψυχαῖς
596 3478 773 3531 αὐτῶν
801 3478 971 3547 λέγει·
1007 3477 1292 3549 λαϐόμενοι
1326 3478 1433 3550 γάρ
1470 3478 1697 3543 ἑαυτῶν,
1730 3478 1813 3547 ἐφ’
1842 3475 1924 3542 οἷς

363 3571 738 3642 διεπράξαντο,
766 3570 863 3641 τὴν
894 3569 1149 3641 ἐπικερδῆ
1193 3550 1319 3633 ταῖς
1345 3570 1541 3640 ψυχαῖς
1584 3570 1766 3623 αὐτῶν
1797 3570 1921 3623 ὀδύ-

366 3678 462 3732 νην
491 3680 550 3715 τε
582 3662 674 3715 καὶ
722 3662 895 3731 θλίψιν
938 3661 1112 3732 ἔσχον,
1170 3661 1553 3734 συνεργοῦντος
1600 3662 1780 3726 αὐτοῖς
1826 3662 1918 3715 τοῦ

364 3750 496 3804 Θεοῦ
540 3753 632 3805 καὶ
666 3753 1056 3815 ἀνακόπτοντος
1096 3751 1275 3805 αὐτῶν
1315 3751 1411 3816 τὰς
1454 3752 1679 3821 ἀλόγους
1704 3753 1880 3823 όρμάς
1901 3768 1915 3782 ·

363 3840 450 3895 ἵνα
480 3843 545 3912 τῇ
582 3840 672 3912 βίᾳ
698 3842 794 3911 τῆς
822 3840 1266 3904 ἀντανακλάσεως
1300 3840 1784 3912 παιδαγωγηθῶσιν
1822 3842 1919 3911 ὀψέ

363 3949 513 3996 ⁴ιιεοτε,
548 3934 627 3994 είς
665 3931 795 4000 ὕψος
837 3930 1065 4001 ἄραντες
1101 3931 1228 3993 τοὺς
1260 3930 1587 4001 ὀφθαλμοὺς,
1625 3931 1917 4000 ἐπιγνῶναι

360 4025 450 4078 τὸν
479 4022 683 4076 ἑαυτῶν
704 4021 1026 4093 δημιουργόν
1046 4037 1104 4074 τε
1138 4021 1231 4075 καὶ
1266 4023 1511 4094 ποιητήν.

430 4134 582 4189 Μετὰ
608 4134 705 4206 τὴν
737 4133 842 4190 τῶν
876 4134 1118 4206 φοϐερῶν
1161 4134 1386 4204 ἀπειλὴν
1417 4129 1491 4188 ὧν
1523 4133 1658 4198 ἄξιοι
1692 4133 1915 4204 ἐτύγχα-

358 4244 466 4294 νον,
508 4225 667 4279 πάλιν
728 4224 1159 4296 ἀνακαλούμενος
1203 4224 1397 4289 αὐτοὺς
1451 4227 1480 4278 ό
1521 4225 1651 4287 Θεὸς
1704 4225 1776 4296 μὴ
1836 4226 1914 4288 εἰς

357 4316 700 4369 ἀνελπιστίαν
749 4318 1093 4379 καταπεσεῖν,
1137 4319 1201 4387 τῇ
1243 4316 1298 4368 δὲ
1336 4314 1499 4368 αὑτοῦ
1541 4316 1913 4387 φιλανθρωπία

359 4407 740 4479 προσδραμεῖν,
779 4407 1032 4478 προλέγει
1069 4406 1129 4459 τὸ
1173 4405 1361 4477 μέλλον
1397 4408 1911 4479 οίκονομηθήσεσθαι

357 4501 436 4562 είς
476 4499 745 4571 σωτηρίαν
786 4498 998 4551 αὐτῶν*
1054 4496 1359 4550 Ἀποστελῶ
1401 4498 1509 4570 γὰρ
1534 4543 1547 4561 ,
1605 4500 1769 4570 φησὶ,
1817 4500 1909 4552 τὸν

360 4593 618 4663 μονογενῆ
678 4592 792 4645 Υίόπ
867 4609 964 4662 μου
1020 4594 1077 4644 ἐν
1135 4592 1295 4662 σαρκὶ
1345 4592 1712 4662 φανησόμενον
1743 4608 1755 4621 ο
1820 4592 1909 4645 οὺ-

352 4683 439 4736 δὲν
471 4684 652 4754 ἕτερον
684 4685 1057 4754 ἀπαιτήσαντα
1091 4682 1233 4752 ὑμᾶς
1263 4682 1296 4752 ἢ
1336 4682 1517 4735 πίστιν
1557 4682 1655 4753 τὴν
1692 4685 1771 4747 είς
1809 4684 1906 4737 αύ-

351 4775 463 4839 τὸν,
500 4774 593 4828 καὶ
619 4774 987 4844 ἀντιδέχεσθαι
1024 4774 1167 4845 ὑμᾶς
1193 4773 1462 4844 σωτηρίαν
1484 4790 1497 4801 ⁸
1531 4773 1590 4826 τὸ
1627 4774 1733 4845 γάρ
1763 4774 1906 4828 λίθον

352 4865 635 4935 πολυτελῆ,
688 4865 957 4930 ἐκλεκτὸν,
1011 4867 1417 4936 ἀκρογωνιαῖον,
1473 4864 1705 4934 ἔντιμον,
1755 4866 1903 4919 οὐδὲν

350 4955 533 5027 ἕτερόν
560 4956 706 5007 ἐστιν
743 4954 776 5025 ἢ
810 4954 1025 5018 ἔπαινος
1060 4956 1210 5025 παρὰ
1253 4955 1465 5025 Πατρὸς
1506 4956 1584 5017 εἰς
1611 4956 1734 5008 Υἱὸν
1761 4957 1902 5024 γινό-

352 5063 537 5118 μενος·
590 5047 695 5099 τίνι
745 5046 853 5117 γὰρ
901 5046 1103 5115 ἔπρεπε
1153 5050 1449 5119 μαρτυρεῖν
1500 5046 1575 5117 τῷ
1625 5052 1902 5117 μονογενεῖ

348 5139 462 5210 Υἱῷ
499 5139 534 5209 ἢ
584 5139 759 5208 Πατρὶ
815 5137 891 5208 τῷ
942 5139 1138 5204 ctu-:05;
1177 5170 1244 5181 —-
1289 5138 1360 5191 Τὸ
1406 5139 1630 5211 ἀκριϐὲς
1671 5140 1768 5211 τῆς
1803 5141 1896 5193 τοῦ

345 5229 478 5282 Θεοῦ
508 5227 829 5299 κηδεμονίας
864 5227 1096 5281 ἐνταῦθα
1139 5229 1319 5300 δηλοῖο
1367 5230 1448 5283 ὅτι
1492 5230 1556 5301 δὴ
1593 5231 1652 5282 ού
1698 5230 1896 5294 πάντες

344 5319 726 5391 ἀξιωθήσονται
751 5318 844 5372 τοῦ
870 5319 1050 5383 ἐλέους
1080 5320 1172 5374 τοῦ
1204 5322 1357 5387 Θεοῦ,
1387 5323 1512 5377 ἀλλ’
1539 5325 1586 5375 οἱ
1630 5326 1709 5387 εἰς
1734 5326 1893 5379 αὐτὸν

339 5415 403 5483 τῇ
433 5411 602 5465 ἐλπίδι
628 5411 985 5481 ἀνακείμενοι.

336 5546 340 5573 ἰ
416 5525 629 5597 Ἐπειδὴ
651 5525 777 5596 γάρ,
815 5526 996 5597 φησὶν,
1025 5526 1233 5593 ἐδόξατε
1262 5529 1517 5599 δαίμονας
1558 5530 1886 5600 τεθεραπευ-

335 5618 485 5672 κέναι
516 5618 648 5691 πρὸς
672 5618 1112 5688 ἀποτροπιασμδν
1144 5618 1251 5673 τῶν
1274 5619 1452 5673 κακῶν
1472 5619 1645 5690 ὑμῶν,
1671 5622 1765 5674 καὶ
1796 5624 1886 5674 ἐπὶ

335 5713 395 5781 τῇ
434 5710 633 5783 ματαίᾳ
664 5708 833 5780 ταύτῃ
872 5708 1044 5762 ὲλπίδι
1076 5709 1431 5774 ἐπεποίθειτε,
1464 5710 1778 5779 γινώσκετε,
1806 5712 1880 5774 ὼς

2029 3181 2149 3235 istis
2181 3179 2437 3235 fruamini
2472 3190 2530 3236 ut
2564 3183 2619 3236 in
2655 3180 2876 3253 gaudio,
2902 3181 3189 3253 suppliciis
3218 3181 3422 3236 aﬂlicti.

2107 3378 2273 3435 Vens.
2307 3381 2393 3435 l5.
2446 3380 2564 3447 Qua
2595 3381 2808 3436 ratione
2847 3379 3136 3450 disciplina
3176 3380 3347 3450 prosit
3382 3380 3578 3436 animis

2023 3484 2231 3535 eorum,
2267 3471 2477 3537 innuit;
2523 3486 2647 3526 nam
2681 3470 3009 3541 cupiditates
3043 3469 3257 3526 refrena
3272 3480 3424 3538 ntes,
3456 3474 3577 3542 qui-

2022 3562 2125 3616 bus
2154 3562 2543 3628 inserviebant,
2575 3562 2868 3617 salutarem
2898 3562 3083 3616 animo
3112 3561 3355 3618 dolorem
3383 3564 3575 3618 conci-

2021 3654 2177 3722 piunt
2213 3661 2267 3708 et
2309 3653 2748 3718 tribulationem;
2783 3650 2894 3707 Deo
2925 3653 3243 3722 adiuvante,
3272 3664 3325 3709 et
3353 3654 3575 3711 insanos

2021 3751 2203 3798 motus
2240 3744 2596 3814 reprimente,
2626 3749 2687 3797 ut
2715 3751 2936 3813 propter
2965 3742 3072 3796 vim
3106 3758 3376 3813 pressurae
3412 3744 3571 3814 quasi

2018 3832 2349 3901 repercussi,
2379 3831 2592 3887 discant
2616 3830 2835 3887 tandem
2861 3830 3050 3886 oculos
3081 3832 3148 3886 ad
3179 3833 3434 3887 sublimia
3458 3834 3565 3889 eri—

2016 3940 2161 3995 gere,
2191 3923 2479 3980 Dominum
2503 3937 2660 3979 suum
2685 3937 2986 3993 agnoscere
3013 3929 3067 3977 et
3091 3921 3430 3978 Creatorem.

2085 4123 2253 4181 Vsus.
2288 4123 2372 4179 16.
2430 4122 2775 4179 Denuntiatis
2825 4122 3232 4178 calamitatibus
3258 4122 3409 4194 quas
3465 4124 3567 4182 sibi

2014 4225 2450 4289 promeruerant,
2473 4217 2719 4281 hortans,
2750 4231 2845 4271 eos
2874 4214 3018 4271 Deus
3047 4230 3115 4270 ne
3145 4214 3199 4270 in
3230 4215 3567 4286 desperatio-

2014 4325 2137 4364 nem
2169 4307 2432 4373 ferantur,
2468 4307 2643 4377 ipsius
2670 4321 2799 4362 vero
2824 4304 3251 4360 misericorditer
3270 4304 3565 4371 conﬁdant,

2013 4400 2245 4469 explicat
2282 4398 2409 4469 quid
2446 4398 2501 4452 in
2535 4413 2723 4453 eorum
2753 4398 2982 4451 salutem
3018 4398 3300 4452 statuerit:
3336 4396 3564 4466 Mittam,

2014 4492 2211 4561 inquit,
2236 4490 2571 4560 unigenitum
2613 4487 2808 4543 Filium
2852 4504 3028 4543 meum
3077 4488 3131 4542 in
3177 4504 3341 4545 carne
3370 4502 3555 4545 ventu-

2011 4597 2130 4635 rum
2156 4599 2170 4646 ;
2224 4580 2358 4635 nihil
2391 4579 2536 4633 aliud
2564 4596 2593 4633 a
2623 4578 2784 4633 vobis
2811 4579 3091 4649 deposcet,
3116 4580 3221 4636 nisi
3261 4589 3320 4635 ut
3351 4581 3404 4635 in
3433 4598 3556 4636 eum

2008 4669 2264 4735 credatis,
2300 4679 2355 4724 et
2404 4670 2637 4725 salutem
2689 4670 2763 4722 ita
2814 4671 3120 4739 excipiatis,
3160 4669 3314 4737 Quod
3348 4672 3394 4725 si
3434 4672 3561 4725 hinc

2011 4759 2247 4829 lapidem
2281 4758 2577 4830 pretiosum
2606 4766 2781 4822 vocet,
2812 4758 3066 4823 electum,
3088 4760 3438 4829 singularem,
3458 4758 3559 4814 ho-

2006 4852 2327 4914 norabilem,
2382 4851 2497 4904 hac
2544 4850 2679 4904 nihil
2731 4850 2877 4905 aliud
2908 4858 3035 4904 sunt
3064 4858 3261 4919 praeter
3305 4849 3497 4905 laudes
3528 4865 3559 4903 a

2005 4944 2168 4999 Patre
2217 4943 2358 4996 Filio
2404 4943 2656 4997 tributus.
2692 4941 2859 5009 Quem
2895 4943 3037 4997 enim
3060 4942 3295 4997 'deccbat
3323 4942 3390 4997 de
3421 4940 3556 4996 Filio

2004 5036 2220 5099 testari,
2250 5035 2355 5089 nisi
2382 5034 2557 5104 ipsius
2590 5033 2841 5088 Patrem?
2867 5065 2937 5073 —
2960 5035 3199 5104 Apparet
3224 5048 3439 5103 quoque
3468 5034 3557 5087 hic

2010 5141 2172 5194 quam
2230 5133 2544 5178 accuratum
2599 5123 2669 5178 sit
2714 5123 2805 5177 Dei
2842 5123 3148 5192 judicium;
3204 5138 3310 5177 non
3360 5138 3555 5178 omnes

1997 5217 2140 5271 enim
2174 5215 2606 5271 misericordiam
2645 5214 2738 5270 Dei
2768 5222 3193 5285 consequentur,
3227 5214 3321 5270 sed
3355 5215 3394 5269 ii
3420 5222 3546 5270 tan-

1998 5317 2132 5369 tum,
2165 5307 2256 5377 qui
2288 5323 2434 5377 spem
2461 5322 2616 5360 suam
2654 5306 2708 5359 in
2736 5321 2859 5360 eum
2895 5307 3193 5375 posuerint.

2061 5525 2224 5579 Vens.
2265 5527 2349 5580 l7.
2404 5526 2633 5590 Quando
2680 5525 2847 5585 enim,
2896 5522 3090 5594 inquit,
3137 5525 3410 5578 daemones
3455 5537 3548 5579 co-

1990 5618 2175 5673 luistis
2207 5618 2270 5671 ad
2300 5618 2647 5686 depellendus
2690 5618 3028 5671 calamitates
3056 5624 3287 5681 vestras,
3318 5623 3369 5669 et
3389 5629 3551 5671 vana!

1996 5714 2123 5767 huic
2173 5712 2285 5782 spei
2336 5712 2659 5777 conlidistis,
2696 5713 2884 5768 sciatis
2910 5728 3007 5768 vos
3041 5712 3173 5767 nihil
3211 5725 3396 5767 eorum
3424 5721 3545 5781 quae
