4116 6332
579 230 717 285 I319

1754 215 2105 274 THEODORI
2146 213 2664 275 [IERACLEENSIS

3679 217 3819 275 i320

578 349 735 407 vobis
814 344 1098 401 inminent
1150 342 1420 397 vitaturos
1442 339 1472 411 ,1
1518 346 1837 409 tempestate
1896 352 2024 393 vero
2091 342 2139 390 et

2247 334 2396 407 οὐδὲν
2421 337 2527 390 τῶν
2564 335 2916 407 ἐπαγομένων
2952 330 3416 406 διαφεύξεσθε,“τῇ
3450 351 3509 387 τε
3536 333 3818 404 καταιγίδι

578 449 754 497 morte
786 434 1172 508 opprimendos
1195 449 1340 488 esse.

648 528 816 583 Vens.
846 526 930 581 t9.
968 524 1075 579 -llic
1120 521 1492 578 misericordia
1522 527 1801 592 permotus
1839 527 2102 590 propheta
2130 557 2145 581 ,

579 626 633 674 et
661 616 998 671 calamitates
1041 613 1360 668 recordatus
1389 612 1496 667 illis
1528 611 1893 674 imminentes,
1919 624 2146 664 monen-

579 709 678 765 dos
706 722 802 762 eos
841 706 1101 775 suscipit,
1134 711 1191 757 ut
1226 718 1374 757 nunc
1413 703 1707 774 prudenter
1748 701 2005 768 audiant;
2036 717 2143 756 non

579 801 724 856 enim
759 799 870 853 ﬁeri
904 807 1103 869 potest,
1135 805 1195 851 ut
1227 798 1393 851 tantis
1437 797 1788 869 voraginibus
1833 796 2142 861 submersi,

581 895 749 948 tantis
770 892 1014 963 oppressi
1042 890 1467 954 calamitatibus,
1491 888 1600 944 Deo
1624 889 1977 956 resistamus;
2011 895 2144 942 tunc

579 989 722 1041 enim
757 1000 855 1041 nec
878 991 1093 1040 nosmet
1128 982 1278 1054 ipsos
1305 997 1522 1038 movere
1556 981 1877 1047 valebimus,
1907 982 2013 1037 nisi
2042 981 2145 1035 im-

578 1079 810 1149 pellente
840 1076 967 1131 Deo.

643 1258 809 1314 Vens.
842 1257 933 1311 21.
979 1259 1120 1311 Iram
1162 1255 1255 1311 Det
1304 1270 1430 1311 cum
1472 1262 1655 1312 monte
1683 1270 1976 1327 impiorum
2010 1271 2144 1312 eon-

579 1350 723 1414 fert,
758 1351 812 1403 in
842 1364 901 1405 se
926 1348 1153 1403 invicem
1192 1348 1655 1417 consurgentium.
1698 1348 1853 1414 Quod
1880 1349 1928 1404 si
1962 1347 2144 1404 furere

579 1440 798 1502 dicitur,
820 1449 874 1493 et
911 1437 1290 1493 amaritudinis
1311 1451 1451 1508 opus
1487 1437 1685 1502 facere,
1710 1453 1778 1493 ne
1802 1437 2009 1493 idcirco
2038 1437 2145 1494 Do-

578 1532 785 1585 minum
810 1532 1064 1586 incuses:
1095 1544 1211 1584 non
1270 1529 1415 1585 enim
1461 1528 1643 1586 furore
1688 1529 1923 1601 agitatur
1962 1531 2140 1597 Deus.

577 1638 701 1678 eum
734 1632 929 1677 natura
965 1623 1222 1678 immotus
1256 1630 1534 1678 remaneat
1574 1630 1630 1679 et
1671 1622 1885 1679 aﬂ‘ectu.
1919 1621 2139 1677 Amari-

2248 426 2341 480 καὶ
2363 426 2440 497 τῷ
2465 426 2677 499 θανάτῳ
2706 427 3154 500 ύποϐαλλόμενοι.

2314 519 2410 584 Είς
2464 520 2803 591 συμπάθειαν
2852 519 3226 591 ἑπικαμφθεὶς
3279 520 3309 572 ὀ
3362 521 3671 590 προφήτης,
3717 521 3817 574 καὶ

2246 607 2386 662 κατὰ
2404 608 2526 663 νοῦν
2547 608 2728 664 λαϐὼν
2751 610 2821 664 τὰ
2866 610 3125 681 μέλλοντα
3157 611 3352 674 αὐτοὺς
3379 610 3815 681 καταλήψεσθαι,

2249 700 2629 772 συμϐουλεύειν
2672 701 2941 774 προήχθη,
2999 703 3081 756 ὃτι
3119 702 3239 756 Κᾶν
3283 701 3377 756 νῦν
3430 702 3561 772 γοῦν
3598 702 3814 756 συνέσει

2244 793 2543 847 ἀκούσατε·
2594 794 2713 847 οὐδὲ
2773 794 2884 867 γὰρ
2935 790 3043 849 οἷόν
3091 795 3151 849 τέ
3201 798 3373 859 ἐστιν,
3425 797 3507 858 είς
3563 793 3818 848 τοσοῦτον

2246 882 2403 954 βυθὸν
2446 885 2590 955 ὑμᾶς
2629 884 2813 938 κακῶν
2853 886 3210 956 ἐμπεσόντας,
3248 887 3342 940 καὶ
3375 885 3817 956 στενοχωρουμέ-

2244 991 2368 1038 νους
2411 978 2532 1038 ταῖς
2564 978 2888 1046 συμφοραῖς,
2932 975 3282 1031 ἀνθίστασθαι
3320 975 3456 1047 Θεῷ·
3498 976 3660 1029 ὁπότε
3694 975 3818 1029 οὐδὲ

2248 1066 2537 1137 ίσχύσομεν
2599 1068 2827 1132 ἑαυτοὺς
2891 1068 3113 1136 συνάξαι
3169 1067 3299 1122 ἄνευ
3352 1071 3453 1138 τῆς
3519 1068 3615 1121 τοῦ
3676 1066 3817 1121 Θεοῦ

2245 1158 2437 1230 ῥοπῆς-

2317 1251 2430 1323 Τὴν
2460 1250 2610 1323 παρὰ
2634 1251 2730 1305 τοῦ
2761 1251 2894 1306 Θεοῦ
2943 1251 3132 1325 ὀργήν,
3186 1253 3263 1316 ὡς
3314 1254 3394 1316 εἰς
3428 1252 3552 1325 ὅρος
3597 1252 3821 1307 ἀσεϐῶν

2244 1343 2363 1396 κατ’
2406 1342 2584 1396 αὐτῶν
2628 1343 2978 1414 ἐπαγομένων
3022 1343 3204 1414 δηλοῖο
3258 1343 3428 1415 θυμοῦ
3458 1344 3516 1398 δὲ
3573 1345 3818 1410 ἀκούων,

2244 1435 2336 1487 καὶ
2385 1434 2608 1505 πικρίαν
2661 1434 2829 1506 ὀργὴν
2889 1435 2994 1506 (ὅ),
3036 1436 3110 1507 μή
3168 1435 3308 1489 κατά
3380 1435 3472 1489 τοῦ
3534 1436 3819 1491 Δεσπύτου

2242 1529 2525 1602 γυμνάσῃς
2560 1528 2791 1600 μέμψιν·
2828 1528 2949 1582 οὐδὲ
2998 1527 3105 1600 γὰρ
3138 1527 3213 1591 ὡς
3242 1530 3302 1580 ὲν
3334 1526 3490 1599 θυμῷ
3528 1530 3821 1600 τραπήσεο

2243 1638 2329 1674 ται
2370 1620 2525 1684 Θεὸς,
2586 1619 2833 1690 μένοντος
2878 1617 3043 1672 αὐτοῦ
3094 1618 3360 1690 ἀτρέπτου
3413 1619 3572 1687 φύσει
3609 1637 3671 1673 τε
3715 1622 3820 1675 καὶ

577 1715 819 1770 tudinem
847 1714 1064 1785 quidem
1119 1715 1212 1771 isti
1261 1716 1527 1781 sentient,
1576 1730 1700 1770 cum
1756 1717 2134 1787 corrigentur;

2241 1709 2468 1781 γνώμῃ’
2516 1709 2633 1763 ἀλλ’
2691 1710 2774 1762 ὅτι
2820 1709 3041 1780 πικρίας
3079 1701 3224 1762 οὗτοι
3284 1708 3630 1781 αἰσθήσονται
3686 1729 3820 1764 παι-

577 1806 694 1877 ipse
744 1815 925 1863 autem
967 1805 1110 1862 Deus
1145 1794 1525 1863 misericordia
1568 1822 1663 1864 eos
1708 1817 1763 1863 et
1810 1807 2141 1878 benignitate

577 1898 837 1970 corrigit,
880 1905 939 1952 ut
976 1899 1154 1968 poenis
1191 1897 1461 1966 deterriti,
1497 1913 1595 1970 per
1629 1898 2005 1970 pmnitentiam
2036 1899 2141 1955 sibi

577 1990 807 2045 salutem
829 1998 1145 2059 operentur.

647 2080 813 2138 Vens.
855 2082 946 2137 22.
982 2081 1172 2137 Sermo
1223 2081 1314 2136 hic
1360 2081 1427 2137 ad
1461 2080 1735 2138 lsraelitas
1769 2098 1986 2154 quoque
2018 2097 2141 2154 spe-

575 2179 704 2235 ctat,
731 2171 965 2226 maxime
994 2185 1124 2227 vero
1155 2170 1221 2251 ad
1253 2178 1464 2241 gentes.
1503 2169 1778 2227 lsraelitas
1798 2172 2015 2241 quidem
2044 2170 2140 2225 ad-

575 2271 801 2327 monet,
848 2277 915 2317 ne
961 2269 1309 2331 peccatorum
1337 2265 1615 2331 voluptate
1646 2262 2030 2327 detineantur,
2073 2279 2141 2319 ne

575 2356 789 2411 delictis
816 2355 1192 2424 opprimantur
1214 2393 1228 2417 ,
1259 2361 1353 2407 aut
1381 2355 1791 2420 devinciantur,
1829 2356 1923 2411 sed
1954 2356 2019 2411 ad
2051 2356 2138 2425 ju-

576 2448 779 2503 dicium
822 2462 982 2501 aures
1031 2445 1409 2511 intendentes,
1467 2447 1630 2501 saluti
1677 2463 1791 2503 sua:
1832 2449 2135 2504 consulant.

577 2537 844 2594 Gentibus
875 2552 999 2593 vero
1027 2537 1289 2603 declarat,
1326 2539 1432 2594 illis
1458 2555 1567 2594 non
1608 2554 1730 2596 esse
1762 2539 1830 2595 de
1862 2541 2136 2596 Israelita—

576 2648 698 2686 rum
732 2632 1013 2703 suppliciis
1059 2631 1384 2701 laatandum,
1413 2649 1541 2689 cum
1569 2640 1623 2689 et
1656 2633 1791 2704 ipsis
1818 2634 2138 2690 immineant

578 2741 750 2796 ρωπος
777 2742 873 2796 pro
899 2727 1138 2795 peccatis
1154 2726 1368 2782 debitae.

643 2907 773 2963 Car.
803 2906 992 2972 XXIX,
1025 2906 1188 2962 Vsus.
1231 2907 1319 2961 14.
1358 2907 1442 2963 Ab
1474 2890 1712 2979 Assyriis
1749 2922 1844 2963 eos
1888 2908 1945 2962 in
1970 2908 2140 2977 capti-

574 3004 791 3057 vitatem
844 3002 1188 3058 deducendos
1236 3016 1361 3056 esse
1412 3001 1646 3067 nuntiat,
1675 2999 1819 3072 quod
1876 3000 1933 3056 in
1988 3002 2137 3056 cultu

574 3093 667 3149 Dei
698 3111 1012 3165 permanere
1038 3095 1360 3157 noluerunt,
1417 3094 1484 3148 ad
1541 3093 1687 3148 idola
1734 3108 1862 3149 vero
1915 3093 2141 3149 deﬂexe-

575 3193 717 3239 runt,
751 3183 1107 3250 Quamobrem
1141 3185 1255 3253 ipse
1300 3200 1394 3239 eos
1423 3183 1722 3239 transferre
1746 3199 1854 3238 non
1888 3184 2138 3249 dubitat,

575 3275 729 3345 quasi
757 3276 824 3330 de
857 3276 975 3331 loco
1010 3276 1064 3330 in
1107 3277 1272 3330 alium
1321 3276 1524 3341 locum,
1554 3291 1618 3331 ac
1647 3291 1712 3331 eo
1742 3275 1959 3349 quidem
1992 3291 2141 3330 sum-

575 3382 717 3420 mam
747 3366 1028 3436 proﬁtetur
1060 3367 1493 3423 misericordiam
1520 3385 1533 3435 ;
1559 3368 1759 3437 quippe
1788 3382 1929 3438 quos
1965 3368 2140 3437 patria

516 3524 523 3529 _
575 3458 1099 3529 pravospra‘buerat
1148 3457 1198 3511 in
1256 3458 1485 3512 alienam
1541 3465 1743 3512 terram
1777 3456 2139 3513 transferendi

575 3556 749 3614 erant,
778 3556 838 3602 ut
862 3548 1020 3612 forte,
1045 3549 1265 3604 mutatis
1286 3548 1440 3614 locis,
1476 3556 1823 3605 mutarentur
1851 3557 1905 3603 et
1928 3562 2128 3603 mores-

649 3724 811 3780 Vnus.
862 3725 947 3778 l7.
999 3726 1252 3781 Chermel
1302 3741 1460 3781 mons
1512 3733 1634 3788 est,
1689 3724 1777 3779 cui
1834 3723 2135 3780 Jerusalem

577 3831 743 3887 pr0pe
771 3818 1086 3888 subjacebat
1106 3857 1121 3882 ,
1170 3834 1329 3888 quem
1361 3817 1619 3873 Israelita:
1650 3819 1900 3874 colebant
1928 3837 1943 3886 ;
1971 3797 2142 3890 .Liba:

576 3924 707 3964 num
744 3925 872 3964 vero
903 3920 1141 3965 montem
1193 3910 1451 3964 tenebant
1482 3917 1689 3979 gentes.
1722 3909 1980 3965 Testatur
2007 3925 2139 3982 ergo

576 3999 665 4054 hic
698 3999 837 4056 Deus
864 4000 1028 4056 lsrael
1059 4000 1413 4069 rejiciendum
1441 4018 1563 4058 esse
1597 4012 1819 4072 propter
1849 4003 2134 4058 innumera

574 4099 794 4160 peccata
841 4099 896 4146 et
935 4092 1263 4161 impietatem
1306 4108 1482 4155 suam,
1517 4108 1581 4147 ac
1625 4094 1788 4149 unius
1818 4094 1936 4148 loco
1962 4095 2137 4164 gentis

573 4190 802 4237 cunctas
854 4192 1049 4253 gentes
1092 4183 1366 4253 eligendas
1422 4198 1545 4239 esse
1592 4194 1646 4240 et
1702 4200 1732 4239 a
1788 4185 1900 4240 Deo
1959 4186 2135 4240 susei-

572 4274 819 4345 piendas.

2240 1798 2546 1869 δευόμενοι·
2578 1797 2664 1851 διὰ
2706 1796 2869 1869 φειδὼ
2906 1798 2963 1851 δὲ
2997 1798 3087 1851 καὶ
3113 1798 3513 1869 φιλανθρωπίαν
3548 1799 3643 1853 τοῦ
3674 1800 3816 1855 Θεοῦ

2240 1889 2582 1955 παιδεύοντος
2625 1890 2820 1955 αύτούς
2844 1908 2858 1923 ο
2901 1890 3007 1956 ἴνα,
3057 1891 3408 1963 συσχεθέντες
3448 1895 3561 1957 τοῖς
3593 1893 3813 1960 δεινοῖς,

2239 1983 2326 2038 διὰ
2371 1984 2653 2055 μετανοίας
2696 1986 2905 2048 ἑαυτοῖς
2942 1983 3212 2057 σωτηρίαν
3256 1986 3813 2056 πραγματεύσωνται.

2325 2079 2574 2150 Ἀρμόζει
2601 2080 2629 2132 ὁ
2661 2078 2815 2147 λόγος
2849 2078 2942 2132 καλ¹
2981 2076 3117 2149 πρὸς
3147 2080 3271 2142 τοὺς
3298 2079 3364 2133 ἐκ
3405 2078 3500 2132 τοῦ
3527 2080 3778 2152 ’Ἰσραήλ
3797 2096 3814 2111 ο

2239 2172 2299 2225 ού
2332 2171 2437 2242 μὴν
2468 2170 2603 2224 ἀλλὰ
2648 2170 2743 2224 καὶ
2784 2170 2918 2241 πρὸς
2954 2169 3021 2224 τὰ
3060 2169 3223 2241 ἕθνη’
3279 2172 3373 2225 καὶ
3408 2171 3501 2224 ἐπὶ
3556 2172 3652 2243 μὲν
3701 2173 3816 2226 τῶν

2251 2262 2596 2334 Ἰσραηλιτῶν
2624 2264 2698 2336 μὴ
2719 2263 2996 2334 ἐπιμένειν
3029 2264 3225 2328 αὐτοὺς
3261 2263 3617 2335 συμϐουλεύει
3643 2269 3711 2337 τῇ
3745 2269 3814 2319 ἐκ

2236 2354 2344 2407 τῶν
2374 2356 2782 2427 ἁμαρτημάτων
2813 2355 2995 2427 ἡδονῇ,
3030 2356 3163 2428 μηδὲ
3199 2355 3544 2427 ὲπισφίγγειν
3580 2359 3808 2421 ἑαυτοὺς

2239 2448 2355 2511 ταῖς
2392 2448 2703 2518 ἁμαρτίαις,
2755 2448 2887 2519 μηδὲ
2932 2447 3326 2519 ὲπιδεσμεύειν,
3372 2448 3506 2503 ἀλλὰ
3551 2449 3689 2522 πρὸς
3710 2452 3814 2523 τὴν

2240 2539 2409 2608 ἀκοὴν
2434 2541 2533 2610 τῆς
2573 2541 2807 2613 κρίσεως
2840 2541 3222 2607 συσταλέντας,
3252 2542 3575 2613 ἐπιμέλειαν
3600 2544 3809 2598 ἑαυτῶν

2241 2630 2570 2702 ποιήσασθαι
2597 2648 2610 2663 ο
2662 2634 2774 2695 τοῖς
2816 2630 2873 2683 δὲ
2917 2631 3143 2696 ἔθνεσιν,
3199 2633 3279 2685 ὃτι
3324 2633 3385 2686 οὐ
3435 2633 3542 2704 χρὴ
3596 2634 3812 2706 χαίρειν

2242 2725 2384 2794 ὑμᾶς
2418 2724 2509 2776 ἐπὶ
2553 2725 2617 2794 τῇ
2645 2722 2754 2776 τῶν
2795 2724 3142 2796 Ἰσραηλιτῶν
3182 2725 3453 2797 τιμωρία’
3494 2725 3811 2797 διαϐήσεται

2240 2817 2348 2887 γὰρ
2379 2820 2471 2872 καὶ
2502 2819 2580 2882 είς
2612 2818 2757 2889 ὑμᾶς
2779 2817 2849 2872 τὰ
2876 2819 2973 2890 τῆς
3000 2819 3193 2882 τίσεως
3222 2819 3645 2890 ἁμαρτάνοντας.

2312 2909 2422 2981 Τὴν
2449 2911 2530 2973 εἰς
2573 2909 2889 2982 Ἀσσυρίους
2916 2910 3290 2982 αἰχμαλωσίαν
3325 2910 3503 2965 αὐτῶν
3525 2911 3688 2981 δηλοῖ,
3726 2910 3807 2983 μὴ

2241 2998 2580 3071 θελησάντων
2640 3001 2818 3055 αὐτῶν
2881 3001 2979 3072 μὲν
3037 3003 3291 3075 ἐμμεῖναι
3348 3006 3461 3067 τοῖς
3516 3002 3610 3058 τοῦ
3669 3002 3808 3056 Θεοῦ

2242 3093 2645 3164 προστάγμασι,
2691 3089 3076 3163 μεταθεμένων
3115 3095 3171 3147 δὲ
3206 3097 3288 3158 εἰς
3331 3093 3806 3166 είδωλολατρείαν·

2240 3180 2358 3233 ὅθεν
2379 3181 2472 3234 καὶ
2502 3181 2826 3253 μεταθήσειν
2853 3183 3052 3247 αὐτοὺς
3076 3185 3106 3237 ὁ
3130 3182 3260 3247 Θεὸς
3282 3183 3443 3250 ἀξιοῖ,
3467 3184 3543 3248 ὡς
3578 3184 3684 3237 ἀπὸ
3712 3184 3807 3236 τό·-

2241 3288 2339 3324 που
2399 3274 2479 3336 εἰς
2529 3274 2723 3327 τόπον’
2772 3274 2865 3329 καὶ
2920 3274 3078 3328 τοῦτο
3150 3274 3483 3346 ἀγαθότητος
3530 3273 3806 3345 ὑπερϐολῇ

2240 3361 2441 3415 ποιῶνο
2490 3361 2583 3427 οὒς
2633 3363 2741 3436 γὰρ
2780 3365 3086 3436 μοχθηροὺς
3129 3365 3325 3432 ἔδειξεν
3365 3368 3399 3438 ή
3433 3366 3537 3436 γῆ,
3573 3366 3809 3418 ἀκόλους

2241 3453 2331 3508 θον
2357 3455 2577 3521 τούτους
2606 3459 2685 3520 είς
2720 3458 2913 3529 ἑτέραν
2957 3459 3290 3530 μεταχθῆναι
3317 3460 3439 3531 γῆν,
3476 3459 3528 3512 εί
3562 3475 3665 3512 που
3697 3458 3808 3528 ἄρα

2240 3550 2304 3619 τῇ
2355 3547 2636 3618 μεταθέσει
2679 3548 2786 3603 τῶν
2836 3549 3014 3604 τόπων
3059 3550 3348 3622 ἀμείψουσι
3385 3553 3478 3604 καὶ
3516 3551 3641 3614 τοὺς
3681 3552 3803 3622 τρό-

2240 3656 2392 3704 πους.

2310 3736 2382 3789 Τὸ
2409 3736 2625 3808 Χερμὲλ
2652 3737 2777 3809 ὅρος
2804 3733 2871 3811 ἦν
2896 3741 3287 3812 προσκείμενον
3316 3743 3382 3813 τῇ
3425 3741 3802 3812 Ἰερουσαλὴμ,

2239 3829 2267 3883 δ
2291 3834 2538 3902 κατεῖχον
2559 3834 2608 3886 οί
2631 3834 2736 3887 uio).
2780 3833 3026 3906 Ἰσραήλο
3062 3837 3090 3889 ὁ
3126 3836 3183 3889 δὲ
3217 3836 3445 3900 Λίϐανος
3482 3837 3611 3907 ὅρος
3645 3834 3737 3910 ἧν,
3776 3838 3803 3891 δ

2239 3926 2482 3992 κατεῖχον
2509 3923 2577 3978 τὰ
2620 3924 2775 3996 ἔθνη*
2826 3927 2975 3998 δηλοῖ
3019 3926 3198 3981 τοίνυν
3244 3928 3335 3982 διὰ
3392 3929 3618 3994 τούτων,
3660 3931 3737 3996 ὡς
3772 3931 3803 3982 6

2252 4014 2462 4086 Ἰσραὴλ
2488 4017 2790 4090 ἀπόϐλητος
2812 4021 3056 4089 ἐγεγόνει⁴
3073 4020 3159 4076 διὰ
3189 4021 3289 4085 τὰς
3316 4022 3422 4093 πλη
3433 4022 3800 4095 μμεληθείσας

2237 4105 2414 4161 αὐτῶν
2448 4111 2787 4180 παρανομίας
2823 4113 2914 4165 καὶ
2943 4112 3194 4166 ἀσέϐειαν
3225 4116 3321 4185 τὴν
3361 4116 3438 4178 εἰς
3462 4114 3630 4168 Θεόν·
3661 4116 3796 4168 ἀντ-

2236 4196 2669 4270 εισενεχθήσεται
2702 4199 2759 4253 δὲ
2808 4203 2931 4269 ἀντὶ,
2955 4203 3145 4261 τούτου
3189 4203 3282 4258 τοῦ
3315 4204 3500 4269 ἔθνους
3527 4205 3699 4259 πάντα
3729 4208 3800 4259 τὰ

2237 4286 2384 4360 ἔθνη,
2412 4290 2503 4343 καὶ
2532 4290 2968 4363 ἀντιδεχθήσεται
2994 4296 3143 4366 παρὰ
3174 4295 3266 4350 τοῦ
3289 4296 3446 4352 Θεοῦ.

642 4363 806 4421 Vens.
839 4365 891 4421 8.
932 4364 1198 4437 Loquitur
1226 4373 1279 4421 et
1306 4367 1500 4422 iterum
1532 4367 1605 4439 (4)
1635 4367 1701 4424 de
1729 4368 1941 4441 signato
1972 4371 2134 4440 libro,

2323 4380 2532 4449 ’Δνάγει
2570 4382 2661 4436 τὸν
2700 4383 2855 4453 λόγον
2890 4386 2983 4439 καὶ
3015 4363 3169 4449 αὖθις
3201 4389 3295 4440 ἐπὶ
3330 4389 3390 4441 τὸ
3426 4388 3803 4460 ἐσφραγισμέ-

573 4470 681 4526 quo
715 4454 1013 4512 Salvatoris
1046 4456 1352 4519 adventum
1403 4457 1599 4512 innuit.
1654 4479 1673 4511 ι
1705 4459 1937 4516 Audient
1978 4464 2130 4518 surdi

2241 4487 2326 4522 vov
2361 4469 2582 4540 βιϐλίον,
2631 4473 2697 4527 δι’
2725 4468 2785 4528 οὗ
2811 4477 3062 4548 σημαίνει
3094 4478 3193 4550 τὴν
3237 4480 3328 4534 τοῦ
3654 4454 3802 4552 παρ-

572 4549 738 4604 verba
769 4549 927 4614 libri,
963 4567 981 4600 ι
1016 4549 1118 4604 hcc
1149 4558 1234 4603 est
1254 4589 1269 4613 ,
1313 4550 1403 4619 qui
1432 4566 1542 4605 non
1574 4561 1932 4609 occurrerunt
1961 4555 2127 4626 lapidi

2241 4561 2453 4615 ουσίαψ
2483 4581 2502 4614 ι
2543 4563 2888 4621 Ἀκούσονται
2921 4567 3029 4640 γὰρ
3063 4549 3236 4639 κωφοὶ
3274 4570 3465 4639 λόγους
3501 4549 3751 4642 βιϐλίου.-
3775 4592 3796 4623 ι

573 4640 814 4696 scandali
834 4641 878 4705 ⁷,
904 4641 996 4710 qui
1028 4656 1134 4695 non
1170 4641 1556 4698 dubitaverunt
1582 4646 1783 4699 astanti
1814 4647 2093 4717 signaculo
2114 4688 2129 4714 ,

2241 4651 2506 4705 τουτέστιν
2536 4655 2584 4706 οἱ
2619 4654 2693 4725 μὴ
2727 4656 3093 4727 προκόψαντες
3127 4658 3205 4730 τῷ
3233 4657 3365 4731 λίθῳ
3404 4640 3802 4730 τοῦνπροσκόμ-

571 4732 789 4787 Christo
841 4732 1069 4796 scilicet,
1119 4733 1359 4788 credere.
1401 4732 1537 4788 Nam
1589 4733 1647 4790 in
1682 4737 1918 4793 tenebris
1967 4746 2021 4792 et
2071 4737 2127 4793 in

2241 4758 2402 4812 ματος
2422 4760 2435 4773 ⁸
2457 4745 2505 4796 οἱ
2532 4748 2596 4815 τῇ
2632 4748 2956 4821 ἐπικειμένῃ
2985 4750 3258 4820 σφραγῖδι,
3293 4751 3351 4813 ὃς
3381 4752 3495 4804 ἐστι
3540 4752 3800 4822 Χριστὸς,

571 4827 771 4880 nebulo
803 4825 1080 4895 degentes,
1122 4824 1177 4879 in
1204 4826 1583 4895 excipiendum
1612 4828 1908 4883 Salvatoris
1929 4830 2131 4885 adven-

2241 4832 2313 4905 μὴ
2346 4838 2809 4907 προφασισάμενοι
2843 4839 3161 4893 πιστεῦσαι·
3185 4842 3235 4893 oi
3268 4841 3375 4912 γὰρ
3395 4844 3451 4894 ὲν
3493 4843 3669 4912 σκότῳ
3702 4844 3800 4895 καὶ

570 4927 683 4971 tum
707 4918 1070 4988 prospicient;
1100 4927 1152 4973 et
1172 4918 1266 4988 qui
1295 4916 1483 4987 (Vens.
1511 4919 1597 4983 19)
1628 4921 1816 4991 inopes
1839 4921 2118 4988 dicuntur,

2241 4925 2425 4996 ἀγνοίᾳ
2464 4926 2736 4994 διάγοντες
2776 4929 3183 5000 ἀναϐλέψουσιν,
3235 4933 3398 5004 ἡνίκα
3430 4932 3495 4986 ἂν
3548 4932 3646 5004 τὴν
3702 4934 3799 4987 τοῦ

568 5008 1029 5080 perlapparentem
1062 5007 1339 5066 Christum
1366 5011 1686 5067 dilabuntur
1719 5030 1732 5066 :
1778 5029 1969 5069 omnes
2024 5016 2126 5069 im-

2241 5016 2483 5089 Σωτῆρος
2549 5020 2955 5092 παραδέξωνται
3010 5023 3335 5095 παρουσίαν
3392 5024 3485 5078 καὶ
3538 5025 3588 5077 οἱ
3652 5042 3799 5079 πτω·

567 5102 856 5172 plebuntur
882 5102 1063 5158 laetitia
1096 5104 1407 5175 quicunque
1438 5104 1494 5158 in
1522 5119 1646 5159 eum
1680 5107 2033 5163 crediderint.

2241 5108 2481 5179 χεύοντες
2527 5113 2584 5163 ὲν
2623 5110 2700 5181 τῷ
2735 5111 2875 5182 λόγῳ
2916 5112 3273 5183 πλουτήσουσι
3312 5114 3398 5169 διὰ
3435 5115 3524 5168 τὸν
3563 5116 3798 5186 φανέντα

2234 5200 2495 5269 Χριστόνο
2531 5201 2625 5255 καὶ
2655 5204 2854 5266 πάντες
2889 5205 3222 5278 εὐφροσύνης
3254 5206 3700 5279 πληρωθήσονται
3745 5208 3795 5260 οἱ

2235 5291 2313 5354 εἰς
2341 5293 2501 5346 αὑτὸν
2535 5294 2934 5359 πιστεύσαντες.

639 5375 781 5447 ηδε.
812 5405 933 5455 vm,
963 5392 1060 5460 M;
1091 5393 1112 5447 l
1150 5391 1292 5449 Pctr.
1334 5412 1365 5458 ι,
1396 5396 1446 5454 8.

641 5543 714 5614 (5)
746 5543 905 5629 Forte
944 5548 1414 5629 Ιοεοηάιιξῃ-θυμὸν
1439 5551 1493 5605 δὲ
1523 5552 1734 5609 ἀκούων
1759 5556 1852 5610 καὶ
1883 5557 2109 5629 πικρίας

641 5556 714 5614 (ὃ)
748 5556 905 5628 Forte
944 5556 1220 5617 legendum
1243 5556 1414 5629 θυμὸν
1439 5556 1493 5605 δὲ
1523 5556 1734 5609 ἀκούων
1759 5556 1852 5610 καὶ
1883 5557 2109 5629 πικρίας
2295 5557 2369 5629 (4)
2410 5556 2531 5616 Vid.
2560 5575 2756 5632 supra,
2790 5576 2936 5619 vers.
2967 5559 3055 5618 ﬂ.

569 5613 749 5683 ἔργον,
789 5626 847 5671 ιιι
868 5629 1099 5673 ιιιιιιιιιιιῐ
1122 5617 1287 5676 LXX.
2297 5638 2303 5642 ’
2732 5640 2737 5645 ’
