4116 6332
357 252 485 309 εδει

1780 248 1845 302 ΙΝ
1882 245 2138 301 ISAIA“.

3450 246 3590 300 15η

416 372 599 441 Θλίψιν
625 371 853 427 ἐνταῦθα
880 372 1028 441 λέγει
1071 371 1169 443 τὴν
1212 371 1397 440 ἔφοδον
1427 369 1533 424 τῶν
1592 371 1909 442 Ἀσσυρίων,

2088 366 2215 419 (in.
2248 365 2415 425 xxx,
2448 364 2612 419 Vens.
2645 364 2699 418 6.
2732 362 2832 418 Per
2863 363 3269 418 tribulationem
3300 362 3387 417 hic
3418 362 3588 433 Assy-

351 466 410 519 ἐν
497 464 837 536 συνεχόμενοι
886 464 987 528 τὰς
1027 464 1360 534 ἀνηκέστους
1397 464 1667 533 ὑπέμενον
1710 478 1918 532 συμφο-

352 559 480 630 ράς’
514 556 737 620 τούτους
762 557 941 609 τοίνυν
981 556 1069 610 διὰ
1090 557 1188 626 τὴν
1221 556 1510 609 κακόνοιαν
1554 554 1662 607 τῶν
1702 554 1919 625 τρόπων

351 648 445 700 καὶ
484 647 700 710 λέοντας
738 648 832 701 καὶ
880 646 1151 715 σκύμνους
1197 642 1424 699 λεόντων
1462 644 1648 698 ἐκάλει
1696 644 1791 698 καὶ
1831 642 1919 696 ἐκ·

349 756 481 808 γονα
524 739 783 792 ἀσπίδων.
828 740 1038 810 Ὥσπερ
1083 735 1177 793 οὖν
1230 738 1376 791 καὶὸ
1412 736 1679 809 μακάριος
1741 735 1919 789 Ἰωάν-

349 848 465 901 νης,
496 832 525 882 ό
562 831 865 901 πρόδρομος
895 830 989 883 τοῦ
1020 829 1289 901 ἡμετέρου
1324 828 1595 899 Σωτῆρος,
1627 828 1781 897 ὄφεις
1823 827 1918 879 καὶ

348 924 660 993 γεννήματα
686 922 908 992 ἐχιδνῶν
942 922 1157 990 ἔλεγεν·
1193 922 1254 975 οὑ
1301 921 1409 992 μὴν
1450 920 1583 973 ἀλλὰ
1633 922 1724 974 καὶ
1762 920 1915 972 ἵπποι

346 1012 672 1083 θηλυμανείς
727 1011 1084 1082 ἐγενήθησαν,
1133 1011 1228 1063 καὶ
1281 1012 1393 1072 τοῖς
1435 1009 1612 1072 ἄλλοις
1661 1008 1917 1077 ὀνόμασιν

345 1107 550 1171 ἐκάλει,
591 1107 805 1169 δεικνὺς
833 1105 930 1176 τήν
952 1104 1175 1157 ἐκείνων
1219 1104 1419 1157 κακίαν
1443 1120 1456 1133 ο
1502 1102 1647 1156 οὕτω
1691 1101 1784 1154 καὶ
1821 1100 1916 1155 νῦν

346 1195 756 1269 χαρακτηρίζων
800 1195 977 1248 αὐτῶν
1019 1196 1145 1249 τοὺς
1187 1194 1445 1265 τρόπους,
1490 1193 1656 1265 θηρία
1698 1193 1910 1261 ἔλεγεν·

345 1289 552 1350 οἵτινες
608 1287 714 1339 ὑπὸ
759 1286 867 1338 τῶν
918 1285 1107 1337 δεινῶν
1159 1286 1523 1355 συνεχόμενοι,
1557 1284 1656 1336 οὐκ
1698 1284 1789 1336 ἐπὶ
1824 1282 1915 1336 τὸν

345 1377 477 1431 Θεὸν
498 1376 831 1445 κατέφευγον
855 1374 947 1427 τὸν
970 1374 1077 1427 τῶν
1105 1374 1285 1428 καλῶν
1315 1376 1502 1437 αἴτιον,
1532 1372 1629 1444 τὴν
1657 1373 1765 1427 τῶν
1788 1374 1915 1441 ἀγα-

344 1467 452 1522 θῶν
480 1469 691 1538 πηγήν·
729 1466 841 1519 ἀλλ’
878 1466 1153 1529 ἐπιθέντες
1198 1466 1287 1519 ἐπὶ
1316 1465 1467 1527 ὅνους
1506 1466 1600 1519 καὶ
1636 1464 1913 1535 καμήλους

342 1560 434 1614 τὸν
480 1558 686 1613 ἑαυτῶν
750 1558 1006 1622 πλοῦτον,
1055 1557 1345 1629 πρεσϐείαν
1403 1559 1538 1629 πρὸς
1586 1557 1913 1626 Αἰγυπτίους

342 1651 672 1707 ἀποστέλλου
680 1668 783 1704 σιν.

414 1787 606 1841 Φθάνει
640 1784 770 1847 Θεὸς
793 1782 887 1836 καὶ
916 1781 1021 1852 πρὸ
1049 1781 1147 1851 τῆς
1183 1779 1291 1833 τῶν
1331 1796 1668 1851 πραγματων
1714 1781 1909 1853 πείρας

343 1877 802 1952 διαμαρτύρεσθαι
832 1877 921 1931 τὸν
960 1876 1263 1947 προφήτην,
1313 1874 1385 1937 ὡς
1413 1875 1562 1927 οὐδὲν
1605 1875 1787 1945 ὀνήσει
1815 1875 1912 1927 αὺ-

344 1975 468 2036 τοὺς
503 1973 536 2042 ή
577 1969 888 2023 ἐλπισθεῖσα
927 1966 1055 2038 παρ’
1107 1966 1285 2020 αὐτῶν
1323 1964 1636 2036 ἀνθρωπίνη
1672 1964 1909 2036 βοήθεια,

342 2066 418 2118 ὅτ’
451 2064 516 2117 ἂν
565 2062 773 2136 ἀπείπῃ
820 2062 854 2132 ἡ
900 2058 994 2112 τοῦ
1037 2056 1169 2110 Θεοῦ
1222 2058 1381 2128 ῥοπή.
1423 2089 1491 2097 --
1524 2057 1633 2109 Καὶ
1682 2055 1911 2109 ἐνταῦθα

342 2156 511 2227 πολλὴ
542 2158 573 2226 ή
601 2154 694 2208 τοῦ
726 2153 860 2207 Θεοῦ
886 2151 1153 2222 ἀγαθότης
1190 2150 1448 2221 μηνύεται
1470 2166 1484 2179 ο
1542 2149 1759 2220 Ἐπειδὴ
1782 2148 1910 2220 γὰρ,

343 2250 494 2320 φησι,
534 2248 688 2315 λόγος
723 2247 782 2299 οὐ
822 2244 1071 2298 τοσοῦτον
1104 2243 1439 2296 καθικνεῖται
1481 2242 1587 2294 τῶν
1631 2241 1911 2295 νουθετου-

346 2343 520 2414 μένων
566 2341 641 2405 ὼς
688 2339 960 2411 ἔγγραφος
1013 2336 1181 2407 φωνὴ,
1231 2336 1520 2407 ἐγγράφως
1564 2336 1758 2399 αὐτοὺς
1799 2335 1913 2388 δια-

345 2434 678 2505 μαρτύρεται
712 2432 937 2504 γράφων
979 2430 1046 2483 τὰ
1084 2429 1341 2499 μέλλοντα
1380 2429 1574 2491 αὐτοὺς
1616 2426 1915 2498 καταλήψε-

343 2526 465 2580 σθαι
490 2528 568 2589 είς
594 2523 781 2590 πυξίον
816 2522 907 2576 καὶ
937 2522 1016 2582 είς
1048 2518 1268 2589 βιϐλίον.

428 2659 644 2730 Ἐπειδὴ
673 2658 782 2731 γὰρ
826 2658 921 2711 καὶ
970 2654 1106 2727 μετὰ
1134 2655 1230 2727 τὴν
1271 2657 1474 2710 τούτων
1518 2654 1910 2725 προαγόρευσιν

344 2755 455 2817 τοῖς
510 2755 690 2816 αὐτοῖς
746 2753 1091 2823 ἐπεμείνατε,
1145 2752 1281 2821 μήτε
1330 2752 1421 2819 ἀφ’
1480 2749 1686 2803 ἑαυτῶν
1742 2766 1910 2803 κατα-

345 2847 633 2916 νοήσαντες
660 2842 727 2896 τὰ
771 2843 1136 2914 συμφέροντα,
1178 2843 1313 2912 μήτε
1361 2841 1513 2911 παρὰ
1550 2840 1659 2894 τῶν
1694 2858 1905 2911 προφη-

340 2934 452 2986 τῶν
510 2934 830 3003 θελήσαντες
888 2931 1280 3003 ὀμματωθῆναι
1329 2933 1409 2995 εἰς
1454 2930 1706 3001 θεωρίαν,
1776 2948 1905 2983 κατε-

342 3025 602 3094 εδράμετε
640 3024 695 3076 δὲ
732 3026 809 3086 είς
841 3023 1111 3091 Αἴγυπτον
1143 3022 1217 3085 ὡς
1250 3024 1327 3085 είς
1372 3022 1593 3092 ἰσχυρὰν
1633 3020 1905 3092 βοήθειαν“

341 3117 429 3170 διὰ
460 3116 615 3169 τοῦτο
646 3117 740 3170 καὶ
792 3115 859 3169 τὰ
909 3118 1027 3170 κατ’
1077 3115 1347 3182 Αἴγυπτον
1382 3113 1650 3167 ἀκούσατε
1675 3130 1687 3142 '
1726 3115 1759 3185 η
1799 3112 1906 3184 γὰρ

342 3209 654 3263 ἐλπισθεῖσα
700 3210 830 3281 παρ’
859 3208 1010 3280 ὑμῶν
1052 3208 1232 3279 ἄμυνά
1278 3224 1336 3261 τε
1385 3208 1478 3261 καὶ
1508 3206 1724 3279 βοήθεια
1750 3208 1907 3279 γενή-

346 3300 533 3358 σεσθαι
592 3303 718 3372 ὑμῖν
777 3300 948 3366 οὕτως
991 3301 1140 3355 ἔσται
1191 3300 1441 3369 ἀσθενὴς,
1502 3300 1688 3371 ῶσπερ
1714 3299 1908 3368 τεῖχος

343 3393 572 3459 πόλεως
599 3394 819 3446 πίπτογ
842 3392 1219 3463 παραχρῆμα.

416 3529 524 3600 Οὐχ
554 3529 582 3581 ὁ
620 3528 930 3592 ἐπιπόλαιος
961 3529 1259 3600 στεναγμὸς
1295 3530 1387 3581 καὶ
1422 3530 1454 3599 ἡ
1490 3528 1581 3582 τοῦ
1616 3526 1905 3601 προσώπου

343 3619 657 3690 ἀποστροφὴ
703 3618 960 3689 ὀνίνησιν,
1000 3618 1112 3671 ἀλλ’
1158 3621 1189 3689 ἡ
1231 3619 1338 3672 τῶν
1380 3618 1595 3690 τρόπων
1639 3618 1905 3689 μεταϐολὴ

344 3711 439 3762 καὶ
490 3712 523 3782 ή
578 3710 686 3764 τῶν
740 3710 1152 3781 ἁμαρτημάτων
1222 3708 1566 3780 ἀναχώρησις
1636 3709 1905 3780 σωτηρίαν

344 3802 809 3874 πραγματεύεται.
850 3832 897 3841 —-
932 3801 1043 3872 Τὴν
1090 3802 1227 3873 μετὰ
1273 3802 1371 3872 τὴν
1404 3800 1759 3871 ¹ἀναχώρησιν
1797 3800 1905 3853 τῶν

346 3895 752 3965 ἁμαρτημάτων
814 3892 1060 3965 καθαρὰν
1105 3893 1452 3964 συναίσθησιν
1501 3892 1730 3962 φάσκει·
1785 3891 1905 3945 τότε

342 3986 451 4055 γάρ
498 4003 583 4049 τις
626 3985 952 4056 ἐπιγνώμων
999 3986 1191 4039 ἐαυτοῦ
1247 3985 1479 4056 ἀκριϐὴς
1506 3984 1674 4047 ἔσται,
1713 3984 1789 4036 ὅτ’
1817 3983 1903 4049 ἂν,

342 4076 530 4147 ὥσπερ
559 4077 711 4130 νόσου
740 4076 883 4139 τινὸς
912 4075 1013 4146 τῆς
1046 4076 1237 4147 ἡδονῆς
1262 4094 1321 4129 τε
1352 4076 1445 4130 καὶ
1466 4075 1903 4147 είδωλολατρείας

343 4168 695 4237 ἀπαλλαγεὶς,
749 4167 1125 4240 καθαρώτερον
1159 4168 1227 4221 τὰ
1259 4169 1364 4239 πρὸ
1405 4169 1592 4223 τούτου
1625 4168 1774 4237 αὐτῷ
1814 4185 1907 4221 πε-

342 4258 634 4330 πλημμελη
643 4258 779 4329 μένα
796 4258 889 4312 καὶ
912 4258 1227 4330 ἠσεϐημένα
1255 4259 1475 4312 κατίδοι.

412 4373 521 4444 Τὴν
549 4374 628 4437 είς
671 4373 820 4427 οὐδὲν
870 4374 1059 4443 ὄφελος
1092 4374 1275 4437 αὐτοῖς
1326 4373 1612 4443 κληθεῖσαν
1657 4373 1905 4445 βοήθειαν

341 4465 733 4536 προαγορεύει·
770 4466 882 4520 ἀλλ’
928 4468 993 4519 ἐκ
1037 4466 1129 4519 τοῦ
1176 4466 1414 4520 ἐναντίου
1466 4466 1671 4535 ἐφόδιον
1724 4467 1905 4529 αὐτοῖς

342 4557 528 4611 κακῶν
558 4559 873 4631 γενομένην,
914 4559 1101 4631 ῶσπερ
1136 4559 1221 4611 ἐπ’
1255 4559 1462 4611 ἐκείνου
1496 4558 1906 4630 καταφευξόμε-

341 4668 441 4713 νοι,
476 4654 586 4716 τοῖς
634 4670 693 4706 τε
749 4653 935 4717 ἵπποις
976 4652 1181 4707 ἐαυτῶν
1223 4652 1545 4725 χρησόμενοι
1570 4654 1656 4715 εἰς
1707 4652 1906 4721 φυγήν,

342 4742 531 4814 έμενον
574 4744 838 4798 ἀνένδοτοι
890 4746 983 4798 καὶ
1039 4746 1257 4817 ἀνήκοοι
1306 4747 1440 4817 πρὸς
1486 4745 1555 4799 τὰ
1604 4746 1756 4816 παρὰ
1800 4747 1907 4800 τῶν

342 4836 634 4909 προφητῶν
662 4836 951 4905 λεγόμενα·
993 4837 1113 4891 ὅθεν
1145 4836 1436 4907 γνώσεσθε,
1474 4837 1550 4901 ὼς
1581 4838 1778 4891 ἐκεῖνοι
1807 4840 1905 4892 αύ-

340 4927 424 4980 τοὶ
444 4928 494 4979 οἱ
540 4927 622 4995 ἐφ’
658 4927 801 4996 ὑμᾶς
855 4926 1085 4991 ἐξιόντες
1129 4928 1411 4999 ταχύτεροι
1456 4928 1549 4980 καὶ
1591 4930 1905 5000 κουφότεροι

341 5018 572 5083 ἔσονται,
606 5018 853 5089 σύνθημα
891 5023 1288 5093 συγχωρήσεως
1324 5020 1474 5092 παρὰ
1504 5019 1597 5073 τοῦ
1633 5021 1740 5074 τῶν
1771 5022 1905 5074 δλων

341 5112 472 5164 Θεοῦ
508 5111 819 5181 δεξᾶμενοι·
866 5112 1022 5181 ὑμεῖς
1072 5113 1129 5165 δὲ
1176 5113 1346 5184 δειλίᾳ
1398 5112 1900 5184 κατασχεθήσεσθεο

338 5201 511 5272 τόλμα
540 5203 647 5273 γὰρ
676 5204 767 5256 καὶ
794 5202 965 5257 δειλία
988 5207 1117 5275 παρ’
1155 5205 1317 5258 αὐτοῦ
1343 5206 1797 5278 χορηγηθήσεται.

410 5315 563 5369 Μετὰ
587 5317 784 5382 τοίνυν,
812 5318 963 5387 φησὶ,
990 5318 1056 5371 τὰ
1080 5319 1442 5390 ὰπειλούμενα
1467 5319 1740 5384 ἐκδέξεται
1764 5322 1905 5391 ὑμᾶς

339 5411 368 5463 ὁ
401 5409 550 5472 Θεὸς,
585 5410 677 5463 καὶ
723 5412 981 5482 ἀναμενεί
1018 5414 1096 5474 είς
1118 5408 1315 5472 οἶκτον,
1348 5415 1441 5467 ἐάν
1486 5431 1591 5485 περ
1645 5417 1904 5485 μετανοή-

340 5516 467 5572 σητε
492 5518 503 5531 ·
533 5502 581 5553 εὶ
608 5501 663 5554 δέ
707 5503 1011 5572 ἐπιμενεῖτε
1047 5506 1112 5574 τῇ
1158 5503 1363 5556 ἑαυτῶν
1391 5505 1577 5577 κακίᾳ,
1625 5506 1902 5576 ἀσυγγνώ-

412 5659 640 5716 ‘Matth.
686 5679 770 5723 ιιι.
808 5663 1002 5729 7;xn.
1032 5664 1119 5725 δίς
1152 5681 1308 5726 xxttt,
1346 5666 1431 5721 53.

616 5760 882 5818 Parnm.
916 5760 1032 5819 Gn.
1061 5758 1290 5823 XVIII,

2020 459 2225 513 riorum
2265 458 2522 512 incursus
2557 457 2819 521 intendit,
2863 456 3064 526 quibus
3092 456 3340 525 oppressi
3366 456 3585 525 gravis-

2020 551 2188 606 simas
2214 549 2552 603 calamitates
2577 549 2939 618 pertulerunt.
2972 549 3125 617 Ipsos
3148 546 3336 617 igitur,
3368 557 3590 619 propter

2019 656 2228 696 morum
2278 642 2633 712 pravitatem,
2691 650 2745 697 et
2794 642 2981 697 leones
3027 650 3218 703 vocat,
3267 647 3321 694 et
3366 641 3578 695 catulos

2018 735 2233 789 leonum
2256 774 2271 797 ,
2309 741 2363 788 et
2396 734 2670 805 genimina
2700 735 2971 805 aspidum.
3008 734 3081 789 lta
3112 742 3165 789 et
3196 735 3388 789 beatus
3420 734 3587 789 Joan-

2016 842 2136 891 nes,
2169 825 2469 881 Salvatoris
2502 827 2673 883 nostri
2707 843 3033 898 praecursor,
3064 827 3283 882 Iudaeos
3308 839 3584 898 serpentes

2016 918 2169 983 dicit,
2200 928 2254 973 et
2286 919 2558 989 genimina
2588 919 2893 989 viperarum
2914 919 2956 971 ⁸.
2991 916 3125 989 (Ubi
3151 918 3303 972 verba
3338 918 3449 972 haec
3483 933 3585 972 non

2017 1031 2049 1067 a
2091 1012 2299 1068 Joanne
2332 1012 2420 1068 sed
2477 1013 2541 1068 ab
2593 1014 2706 1082 ipso
2762 1013 2974 1068 Christo
3026 1013 3396 1081 usurpentur.)
3440 1011 3585 1066 Praa-

2016 1107 2201 1161 sertim
2232 1121 2363 1161 vero
2403 1106 2676 1161 libidinosi
2720 1106 2844 1176 equi
2878 1105 3230 1169 exstiterant,
3264 1114 3318 1160 et
3355 1105 3459 1158 alia
3484 1120 3584 1159 no-

2015 1200 2159 1253 mina
2191 1200 2619 1268 usurpabantur,
2662 1198 2862 1269 quibus
2906 1198 3215 1253 declaretur
3246 1213 3433 1253 eorum
3468 1211 3583 1250 ma-

2017 1290 2153 1345 litia.
2204 1288 2295 1343 Sic
2347 1298 2400 1343 et
2435 1304 2581 1343 nunc
2630 1304 2811 1343 mores
2858 1304 3046 1343 eorum
3097 1287 3396 1351 definiens,
3437 1286 3582 1342 feras

2012 1398 2106 1437 eos
2130 1390 2290 1437 vocat
2318 1382 2411 1450 qui
2443 1380 2850 1435 calamitatibus
2880 1379 3149 1449 Oppressi,
3184 1393 3293 1433 non
3318 1379 3388 1432 ad
3412 1376 3579 1431 Deum

2013 1473 2401 1544 confugerunt,
2427 1474 2555 1528 doni
2584 1473 2851 1543 cujusque
2880 1479 3180 1537 auctorem,
3205 1472 3582 1541 bonorumque

2015 1564 2252 1631 fontem;
2302 1565 2394 1620 sed
2448 1565 2502 1618 in
2555 1564 2742 1619 asinos
2791 1573 2844 1618 et
2897 1564 3136 1619 camelos
3184 1563 3404 1618 divitias
3453 1576 3580 1618 suas

2014 1660 2369 1729 imponentes,
2390 1660 2711 1729 legationem
2739 1658 2809 1713 ad
2841 1659 3124 1731 :Egyptios
3155 1662 3436 1716 miserunt.

2085 1771 2248 1827 Vens.
2279 1772 2332 1827 8.
2361 1771 2663 1828 Confestim
2692 1781 2745 1829 et
2774 1783 3063 1845 antequam
3094 1790 3183 1829 res
3212 1783 3407 1829 eventu
3430 1789 3581 1829 com-

2014 1867 2292 1937 probetur,
2323 1867 2475 1936 jubet
2520 1867 2680 1931 Deus,
2729 1875 2963 1922 testante
3003 1868 3264 1937 propheta
3286 1907 3300 1931 ,
3333 1868 3469 1921 nihil
3497 1867 3578 1921 eis

2014 1960 2381 2030 profecturum
2410 1961 2691 2026 auxilium,
2710 1962 2852 2031 quod
2884 1962 2953 2017 ab
2982 1960 3291 2015 hominibus
3322 1960 3423 2016 sibi
3453 1974 3578 2029 Spe-

2015 2061 2289 2117 raverunt,
2319 2053 2409 2106 ubi
2440 2052 2579 2107 Deus
2608 2068 2764 2122 Opem
2801 2054 3167 2124 denegaverit.
3197 2052 3576 2108 —Commen-

2013 2145 2175 2199 datur
2221 2161 2439 2216 quoque
2480 2146 2568 2199 hic
2622 2160 2816 2216 magna
2858 2144 2953 2200 Dei
3005 2146 3418 2213 misericordia;
3453 2161 3576 2200 cum

2012 2238 2155 2293 enim
2178 2278 2192 2302 ,
2232 2239 2443 2308 inquit,
2479 2255 2583 2293 vox
2622 2255 2730 2293 non
2773 2246 2987 2293 tantum
3024 2240 3200 2293 valeat
3239 2238 3305 2292 ad
3332 2254 3577 2293 commo-

2012 2329 2219 2384 vendos
2252 2331 2466 2385 animos
2487 2371 2502 2395 ,
2549 2340 2816 2401 quantum
2847 2330 3194 2400 conscriptus
3228 2344 3439 2396 sermo,
3482 2346 3577 2399 per

2013 2421 2215 2490 scripta
2256 2434 2351 2475 eos
2395 2429 2703 2475 commonet
2734 2428 2789 2475 et
2819 2420 3166 2475 imminentes
3196 2419 3330 2490 ipsis
3358 2420 3577 2474 calami-

2013 2522 2152 2569 tates
2185 2528 2351 2583 super
2381 2514 2586 2568 buxum
2612 2522 2665 2569 et
2696 2514 2753 2568 in
2778 2514 2919 2569 libro
2946 2512 3227 2569 describit.

2082 2649 2249 2705 Vens.
2284 2652 2371 2705 12.
2404 2650 2654 2718 Quando,
2688 2652 2771 2706 his
2801 2652 3096 2721 praadictis,
3131 2650 3492 2706 nihilominus
3524 2650 3577 2705 in

2010 2741 2201 2798 iisdem
2233 2745 2624 2813 perseverastis
2646 2785 2659 2809 ,
2690 2759 2793 2799 nec
2827 2752 3023 2814 sponte
3057 2744 3212 2797 utilia
3247 2746 3575 2806 sentientes,

2011 2850 2110 2890 nec
2145 2836 2290 2905 passi
2340 2852 2438 2892 vos
2478 2853 2575 2906 per
2618 2838 3007 2907 prophetarum
3048 2836 3284 2890 visiones
3327 2837 3573 2900 edoceri;

2010 2927 2076 2982 ad
2126 2927 2409 2999 [Egyptios
2464 2944 2590 2983 vero
2642 2927 3005 2999 confugistis.
3052 2929 3199 2982 velut
3243 2929 3308 2981 ad
3363 2929 3575 2983 firmum

2012 3021 2306 3088 auxilium;
2341 3020 2545 3076 idcirco
2570 3029 2623 3077 et
2647 3018 3025 3092 lEgyptiorum
3064 3020 3172 3074 fata
3204 3021 3405 3077 audite.
3438 3021 3575 3077 Ecce

2012 3113 2297 3182 imperium
2341 3113 2474 3168 illttd
2506 3129 2537 3167 a
2561 3129 2670 3184 quo
2699 3114 3025 3169 muniendos
3060 3130 3156 3168 vos
3196 3114 3577 3185 juvandosque

2012 3205 2330 3275 speravistis
2355 3246 2369 3271 ,
2406 3215 2514 3260 tam
2549 3205 2713 3260 inane
2734 3206 2877 3271 erit,
2912 3220 3075 3276 quam
3126 3222 3307 3258 murus
3332 3205 3575 3260 decidens

2011 3300 2185 3352 subito
2219 3298 2446 3352 civitatis
2483 3297 2673 3370 (Vens.
2705 3299 2813 3369 15).

2081 3520 2248 3577 Vens.
2286 3522 2373 3576 15.
2420 3520 2540 3576 Non
2573 3522 2840 3578 clamores
2856 3523 2955 3578 tibi
2990 3523 3310 3593 proderunt,
3343 3538 3444 3579 nec
3480 3540 3573 3595 ge-

2009 3617 2197 3681 mitus,
2229 3630 2329 3671 nec
2358 3619 2472 3670 oris
2502 3616 2809 3670 immutatio
2833 3658 2847 3683 ,
2878 3616 2971 3672 sed
3003 3617 3285 3672 conversis
3308 3618 3571 3685 moribus,

2008 3708 2265 3763 derelicta
2301 3717 2651 3780 peccatorum
2681 3709 2765 3763 via
2786 3749 2801 3776 ,
2833 3710 3067 3764 salutem
3110 3713 3481 3782 consequeris.
3506 3744 3573 3756 --

2009 3801 2330 3874 Repudiatis
2355 3803 2617 3873 peccatis,
2644 3811 2788 3858 recte
2813 3802 2945 3857 dicit
2966 3812 3203 3858 mentem
3234 3804 3531 3859 illuminari
3557 3825 3569 3871 ;

2008 3912 2132 3951 nam
2178 3904 2308 3951 tunc
2337 3904 2628 3952 accuratus
2657 3896 2767 3951 eris
2802 3895 2880 3949 tui
2916 3898 3090 3967 ipsius
3127 3898 3329 3966 judex,
3380 3914 3503 3952 cum
3543 3914 3573 3950 a

2008 3990 2372 4059 cupiditatum
2422 3989 2652 4059 imperio
2689 3997 2745 4044 et
2793 3988 3060 4043 idolorum
3117 3990 3299 4053 cultu,
3346 3990 3492 4045 velut
3543 4010 3572 4043 ιι

2006 4082 2197 4136 morbo
2249 4081 2544 4145 liberatus,
2600 4081 2794 4136 melius
2821 4095 2884 4135 ea
2912 4080 3206 4151 perspicies
3248 4095 3369 4151 quae
3423 4082 3571 4152 prius

2008 4173 2124 4244 ipse
2157 4173 2460 4246 neglexeris
2488 4182 2544 4229 et
2570 4173 2884 4245 deliqueris.

2083 4376 2245 4431 Vens.
2280 4376 2367 4431 16.
2417 4376 2669 4430 Praadicit
2717 4376 2856 4431 nihil
2886 4376 2968 4432 eis
3014 4376 3378 4447 profecturam
3409 4394 3573 4449 quam

2012 4470 2370 4540 implorabant
2407 4483 2564 4537 opem
2608 4486 2622 4521 :
2675 4467 2922 4537 quinimo
2954 4470 3221 4523 malorum
3255 4470 3458 4524 fontem
3492 4471 3575 4524 fu-

2005 4572 2184 4617 turam
2209 4603 2221 4627 ,
2262 4560 2407 4630 quod
2441 4561 2495 4613 in
2526 4575 2643 4615 eam
2680 4560 2870 4615 conﬁsi
2907 4569 2960 4616 et
2983 4563 3144 4632 quasi
3173 4563 3329 4632 equis
3357 4564 3473 4619 suis
3505 4564 3573 4617 ad

2007 4657 2188 4727 fugam
2214 4655 2366 4709 usuri
2385 4694 2400 4717 ,
2440 4653 2675 4708 indocile
2702 4662 2756 4707 et
2784 4655 3092 4708 contumaci
3128 4656 3311 4708 animo
3339 4655 3575 4725 prophe—

2008 4760 2187 4804 tarum
2236 4749 2399 4803 verba
2445 4747 2813 4802 fastidierunt.
2866 4746 2993 4801 Ideo
3042 4747 3387 4818 cognoscetis
3434 4749 3575 4803 cele-

2009 4844 2183 4897 riores
2230 4841 2443 4895 futuros
2477 4849 2531 4896 et
2572 4841 2836 4904 leviores,
2879 4841 2974 4909 qui
3006 4858 3103 4896 vos
3137 4850 3573 4911 persequentur;

2009 4933 2125 5002 ipse
2171 4932 2317 4987 enim
2361 4947 2455 4987 eos
2498 4932 2709 5000 juvabit
2757 4947 3045 5001 supremus
3096 4949 3275 4987 rerum
3332 4933 3573 4987 omnium

2010 5024 2308 5089 Dominus,
2359 5040 2456 5078 vos
2499 5032 2679 5078 autem
2717 5023 2933 5079 invadet
2980 5034 3193 5088 metus;
3262 5040 3386 5080 nam
3434 5024 3574 5079 Deus

2010 5117 2239 5180 animos,
2266 5122 2424 5184 prout
2456 5115 2691 5178 libuerit,
2721 5115 2889 5185 eriget
2919 5122 3012 5167 aut
3044 5115 3329 5184 deprimet.

2080 5320 2248 5377 Vens.
2284 5323 2370 5377 18.
2423 5322 2709 5378 lntcntatis
2754 5324 2918 5393 igitur
2951 5323 3153 5386 minis,
3201 5324 3432 5393 excipiet
3481 5340 3573 5378 vos

2014 5414 2156 5469 Deus
2180 5456 2192 5477 ,
2234 5416 2443 5486 inquit,
2480 5426 2531 5471 et
2565 5418 2943 5473 misericordia
2993 5417 3197 5473 fovebit
3241 5417 3369 5472 dum
3401 5418 3549 5488 pmni

2013 5510 2234 5566 tentiam
2269 5510 2527 5582 egeritis;
2564 5512 2708 5581 quod
2756 5492 2799 5568 si
2848 5521 3026 5566 autem
3064 5513 3116 5564 in
3150 5511 3351 5565 malitia
3394 5526 3568 5581 perse-

3267 5760 3340 5819 Ir).
