4116 6332
597 210 616 261 l
629 203 732 262 523

1784 200 2134 261 THEODORI
2173 200 2687 259 HERACLEENSIS

3680 211 3820 268 1524

593 321 910 380 veraveritis
954 327 1165 386 vestra,
1213 316 1722 374 immisericorditer
1787 319 1995 376 meritis
2052 336 2148 375 vos

2254 337 2389 382 στως
2421 319 2478 371 ἐν
2502 320 2565 387 τῇ
2599 316 2774 387 κρίσει
2795 316 2899 370 τῶν
2922 318 3048 388 ὑμῖν
3079 319 3503 390 ἑτοιμασθέντων
3531 322 3823 396 ἐκδέξησθε

594 415 772 489 panis
800 412 992 468 adiciet
1020 431 1032 466 :
1062 409 1231 465 Judex
1259 409 1404 464 enim
1436 408 1676 464 omnium
1709 408 1870 464 Deus.

669 596 834 651 Vsus.
867 594 956 653 l9.
1008 592 1239 648 Sanctos
1271 598 1432 646 vocat
1474 589 1596 644 illos
1635 588 1727 659 qui
1759 602 1857 658 per
1890 587 2156 656 poeniten-

597 692 729 744 tiam
780 687 1122 744 sanctitatem
1171 684 1275 739 sibi
1313 689 1790 752 comparaverunt.
1849 676 2155 732 Plorantem

593 781 895 839 Jerusalem
921 778 1072 849 lingit
1095 762 1378 848 propheta,
1411 773 1556 847 quod
1583 786 1702 828 eam
1733 770 1912 840 reipsa
1941 769 2155 839 plorare

595 873 909 930 misericors
941 871 1155 926 animus
1186 874 1419 926 aptaret.

665 988 832 1044 Vsus.
858 986 948 1040 20.
982 986 1304 1044 Jerusalem,
1336 979 1421 1034 vel
1449 977 1516 1032 ad
1547 986 1760 1047 tempus
1785 975 1950 1030 breve
1973 971 2153 1027 tribu-

595 1080 892 1138 lationibus
933 1075 1162 1139 amicta,
1206 1081 1262 1127 te
1292 1071 1581 1141 iiutelligas
1621 1067 1728 1122 Deo
1777 1067 2007 1121 alienam
2033 1077 2156 1117 esse

598 1173 831 1237 factam;
865 1169 933 1224 de
963 1182 1072 1238 quo
1097 1165 1190 1220 ubi
1223 1162 1402 1234 egeris
1433 1158 1809 1231 paenitentiam
1837 1195 1852 1220 ,
1882 1155 1950 1209 ab
1977 1153 2154 1208 homi-

598 1266 760 1320 nibus
790 1259 1112 1317 liberaberis
1146 1256 1240 1329 qui
1273 1265 1327 1313 te
1351 1253 1649 1324 decipiunt.

666 1379 832 1433 Vsus.
863 1362 975 1431 2t."
1005 1373 1278 1428 llluminat
1319 1369 1616 1426 Jerusalem
1666 1364 1733 1419 ad
1781 1359 2156 1434 agnoscendos

596 1484 846 1534 errores;
893 1463 1165 1522 vaticiniis
1223 1462 1372 1517 enim
1432 1458 1630 1514 ﬁdebat
1681 1469 1780 1527 per
1837 1453 2156 1521 deceptores

597 1560 846 1633 prolatis.
879 1558 1013 1614 Cum
1046 1556 1131 1612 via
1174 1554 1240 1609 ad
1266 1554 1542 1610 dexteram
1575 1548 1672 1603 tibi
1709 1553 1889 1610 esset,
1920 1545 1987 1600 ad
2018 1544 2154 1600 sini-

599 1661 767 1708 stram
826 1650 1130 1715 dellexisti,
1180 1649 1263 1720 ab}
1307 1646 1428 1702 istis
1481 1642 1733 1706 seducta',
1782 1638 1917 1694 mibi
1975 1646 2154 1692 autem

600 1757 875 1828 nunquam
929 1737 1249 1803 credidisti,
1299 1747 1579 1807 nunquam
1623 1747 1707 1786 me
1758 1730 1813 1784 in
1863 1728 2152 1784 consilium

599 1835 694 1890 tibi
725 1833 1036 1889 adhibuisti.

669 2015 934 2070 Vsus.22.
965 2010 1320 2067 Illustrandos
1346 2008 1550 2064 indicat
1583 2021 1672 2062 res
1706 1999 1902 2057 animis
1927 2011 2152 2053 conver-

595 2107 701 2175 sis;
723 2107 832 2176 jam
867 2122 998 2170 non,
1023 2106 1219 2174 inquit,
1239 2103 1478 2156 vanitate
1502 2099 1768 2154 idolorum
1786 2088 2148 2162 decipiemini,

596 2198 689 2253 sed
723 2197 986 2266 dejicietis
1025 2211 1110 2259 ea,
1148 2200 1202 2248 et
1225 2189 1620 2247 conculcabitis
1649 2202 1712 2242 ea
1734 2226 1748 2250 ,
1797 2193 1850 2240 et
1877 2181 2154 2253 apparebit

594 2304 782 2343 eorum
825 2286 1184 2352 imbecillitas,
1213 2296 1267 2338 et
1293 2290 1537 2338 stercore
1563 2278 1754 2335 viliora
1786 2274 2148 2330 habebuntur.

665 2401 826 2456 Vens.
861 2401 949 2456 25.
985 2400 1262 2455 Converso
1292 2397 1492 2467 populo
1522 2402 1576 2449 et
1613 2393 1882 2464 justitiam
1923 2396 2148 2459 agente,

595 2494 873 2548 solventur
933 2505 1273 2560 quaecunque
1350 2498 1668 2558 peccantem
1747 2481 2149 2554 opprimebant.

593 2585 843 2652 Quandiu
882 2585 1025 2639 enim
1055 2591 1276 2653 peccato
1309 2587 1363 2635 et
1394 2579 1552 2633 idolis
1594 2576 1933 2640 indulsistis,
1981 2572 2154 2627 fames

593 2692 690 2733 vos
731 2686 784 2732 et
827 2675 1262 2732 necessariorum
1315 2672 1496 2743 inapia
1527 2670 1838 2741 premebat;
1887 2668 1961 2722 ita
2007 2679 2153 2720 nunc

592 2783 716 2824 cum
746 2767 887 2822 idola
948 2765 1186 2835 fregistis
1206 2805 1221 2829 ,
1257 2771 1312 2819 et
1344 2764 1399 2817 in
1431 2762 1581 2816 nullo
1616 2759 1789 2830 pretio
1846 2756 2152 2818 habuistis.

593 2857 953 2916 servientibus
985 2855 1088 2910 sibi
1120 2855 1270 2909 dabit
1301 2852 1443 2907 Deus
1485 2851 1639 2906 vobis
1681 2848 1916 2920 pluviam
1953 2846 2153 2901 bonam

591 2962 645 3008 et
676 2951 858 3022 fruges
887 2964 1076 3006 omnes
1103 2957 1260 3004 terrae
1285 2946 1338 3000 in
1366 2960 1524 3000 usum
1552 2950 1826 3006 vestrum;
1859 2954 1978 3010 quae
1998 2936 2154 2993 vobis

2257 409 2324 462 τὰ
2373 407 2661 480 ἀμοιϐαῖαο
2704 407 2893 478 κριτὴς
2939 407 3046 479 γὰρ
3079 409 3186 462 τῶν
3236 410 3448 464 πάντων
3491 412 3766 468 νκαθιεῖται
3796 417 3826 469 ό

2257 500 2479 571 Κύριος.

2337 591 2548 660 Ἀγίους
2573 591 2728 644 καλεῖ
2743 590 2868 654 τοὺς
2890 590 2979 645 διὰ
3007 591 3106 661 τῆς
3135 593 3422 662 μετανοίας
3447 593 3536 646 τόν
3554 594 3825 665 ἁγιασμόν

2256 679 2748 751 ἐφελκυσαμένους·
2777 679 3067 733 κλαίουσαν
3103 681 3160 733 δὲ
3192 685 3291 754 τὴν
3329 683 3680 754 Ἰερουσαλὴμ
3719 686 3825 738 εἱσ-

2256 771 2376 839 ἀγει
2408 773 2435 823 ό
2465 773 2765 842 προφήτης,
2799 770 3192 842 προανατυπῶν
3221 770 3388 843 αὐτὴν
3410 773 3663 844 τοιαύτην
3684 775 3824 829 κατὰ

2255 860 2379 914 νοῦν
2408 859 2600 914 ἑαυτοῦ
2634 865 2743 925 τοῖς
2768 862 2868 932 τῆς
2902 861 3242 934 συμπαθείας
3264 863 3609 934 σπλάγχνοις.

2327 976 2463 1040 Ἵνα,
2495 975 2598 1029 κᾶν
2621 974 2751 1044 γοῦν
2796 976 2932 1047 πρὸς
2963 976 3141 1046 ὀλίγον
3183 976 3446 1042 θλιϐεῖσα,
3478 979 3660 1052 εὕροις
3698 982 3828 1036 ἐαυ-

2255 1065 2351 1138 τὴν
2385 1066 2665 1138 ἀλλοτρίαν
2720 1066 2854 1120 Θεοῦ
2900 1069 3292 1138 πεποιηκυῖαν·
3329 1071 3413 1138 ἐφ’
3451 1065 3532 1134 οἷς
3561 1088 3830 1143 μετανοηθ-

2257 1159 2429 1230 σάσης
2457 1175 2570 1225 σου,
2593 1157 2950 1231 ἀπαλλαγήσῃ
2974 1159 3082 1214 τῶν
3111 1158 3433 1215 πλανώντων
3457 1178 3538 1217 σε.

2339 1358 2602 1427 Ὀμματοῑ
2633 1356 2730 1427 τὴν
2779 1357 3132 1431 Ἰερουσαλὴμ
3169 1360 3306 1432 πρὸς
3353 1362 3678 1433 κατανόησιν
3721 1366 3828 1436 τῆς

2261 1448 2394 1512 ἰδίας
2425 1448 2596 1518 αὐτῆς
2645 1449 2850 1521 πλάνης
2874 1466 2886 1480 ·
2921 1451 3109 1523 ὑπεῖχε
3140 1452 3250 1523 γὰρ
3293 1449 3488 1524 ἑαυτὴν
3533 1458 3644 1520 τοῖς
3682 1459 3818 1528 μάνο

2256 1557 2373 1594 τεσι
2411 1541 2737 1595 πιστεύουσα
2774 1545 2886 1607 τοῖς
2913 1547 3043 1616 παρ’
3081 1545 3305 1601 ἐκείνων
3351 1546 3659 1618 λεγομένοις
3680 1567 3695 1580 ·
3727 1551 3833 1604 καὶ

2188 1663 2227 1718 Β
2255 1631 2374 1685 ὁδοῦ
2403 1649 2485 1685 σοι
2522 1633 2886 1706 προκειμένης
2907 1635 3000 1689 ἐπὶ
3032 1635 3098 1690 τὰ
3129 1636 3300 1704 δεξιὰ,
3327 1639 3701 1710 ἀνεκάμπτετε
3728 1645 3832 1695 ἐπὶ

2253 1723 2324 1777 τά
2351 1723 2633 1796 ἀριστερὰ,
2674 1726 2896 1782 ἐκείνων
2943 1727 3417 1799 συμϐουλευόντων
3458 1749 3573 1784 σοι·
3610 1734 3736 1804 ἐμοὶ
3763 1734 3832 1788 δὲ

2258 1814 2459 1886 σαυτὴν
2502 1815 2755 1869 οὐδέποτε
2797 1815 3010 1881 ἀνέθου,
3049 1818 3166 1872 ούδέ
3197 1817 3492 1890 σύμϐουλον
3521 1820 3629 1873 τῶν
3681 1837 3830 1894 πρα-

2253 1907 2424 1961 κτέων
2447 1906 2654 1972 ἔλαϐες.

2323 1997 2433 2069 Τὴν
2479 1998 2616 2069 μετά
2662 1998 2759 2072 τήν
2789 1999 3082 2070 ἐπίγνωσιν
3125 2002 3472 2073 συναίσθησιν
3525 2003 3821 2075 σημαίνει·

2252 2089 2346 2154 ὡς,
2370 2091 2583 2157 Οὐκέτι,
2607 2092 2788 2164 φησὶν,
2821 2092 3072 2159 ἀνέξεσθε
3101 2094 3200 2166 τῆς
3231 2094 3584 2168 ματαίοτητος
3610 2096 3719 2151 τῶν
3743 2101 3828 2151 εξ-

2253 2182 2451 2238 δώλων·
2489 2185 2621 2239 ἀλλὰ
2649 2185 3006 2241 καταλάϐετε⁴
3034 2188 3126 2241 καὶ
3145 2189 3480 2260 συντρίψετε,
3507 2189 3570 2242 τὸ
3595 2190 3827 2254 ἀσθενὲς

2253 2275 2428 2330 αὐτῶν
2449 2277 2770 2343 δεικνύντες,
2797 2280 2888 2334 καὶ
2909 2281 3149 2352 κοπρίων
3173 2279 3471 2352 ἀτιμότερα
3499 2282 3818 2355 ήγούμενοι.

2322 2386 2403 2440 Τά
2433 2387 2502 2441 δι’
2535 2389 2806 2462 ἁμαρτίαν
2837 2391 3150 2462 ἐπαγόμενα
3181 2393 3249 2446 δι’
3275 2395 3611 2466 ἐπιστροφῆς
3636 2412 3696 2447 τε
3725 2395 3823 2448 καὶ

2253 2481 2591 2553 δικαιοσύνης
2616 2483 2818 2538 λύεται.
2847 2486 3054 2557 Ὥσπερ
3073 2485 3201 2559 γὰρ,
3226 2488 3643 2560 ἁμαρτανόντων
3665 2488 3820 2559 ὑμῶν

2252 2573 2346 2625 καὶ
2369 2576 2481 2637 τοῖς
2504 2573 2740 2638 εἰδώλοις
2771 2575 3146 2643 δουλευόντων,
3187 2577 3340 2648 λιμὸς
3366 2579 3458 2632 καὶ
3490 2579 3682 2642 σπάνις
3706 2578 3821 2631 τῶν

2253 2662 2560 2730 ἀναγκαίων
2588 2665 2900 2735 ἐπεκράτει·
2926 2666 3115 2732 οὕτως,
3145 2668 3490 2739 ἐκκοψάντων
3512 2669 3582 2722 τά
3606 2669 3816 2734 εἴδωλα,

2253 2753 2346 2806 καὶ
2378 2753 2527 2807 οὐδὲν
2557 2755 2736 2808 ἐκεῖνα
2774 2757 3133 2829 ἡγησαμένων
3171 2755 3331 2823 εἶναι,
3367 2759 3502 2813 ἀλλά
3541 2761 3820 2815 δουλευόν-

2251 2861 2358 2898 των
2383 2846 2458 2917 τῷ
2503 2847 2642 2918 Θεῷ,
2677 2847 2835 2901 δώσει
2862 2849 2989 2921 ὑμῖν
3025 2850 3116 2904 καὶ
3157 2851 3308 2905 ὑετὸν
3349 2853 3566 2922 ἀγαθὸν,
3603 2855 3693 2906 καὶ
3744 2854 3817 2908 τὰ

2253 2936 2318 2989 ἐκ
2361 2937 2464 3007 γῆς
2499 2937 2674 2992 πάντα
2727 2939 2861 3012 πρὸς
2895 2940 3187 2994 ἀπόλαυσιν
3241 2943 3529 3015 ὑμετέραν.
3577 2943 3817 3015 Παρέξει

591 3002 966 3114 copiosissime
998 3039 1276 3110 largietur.
1312 3035 1544 3106 Pr0pter
1584 3047 1682 3089 vos
1721 3046 1846 3087 cum
1879 3031 1991 3086 sint
2038 3027 2151 3082 haec

2255 3002 2521 3101 γὰρ-ὑμῖν
2554 3031 2634 3094 είς
2660 3002 2819 3104 κόρον
2839 3048 2852 3063 ο
2883 3034 2943 3086 ού
2976 3033 3132 3104 μόνον
3159 3033 3216 3086 δὲ
3246 3002 3394 3106 ὑμῖν,
3413 3002 3558 3089 ’ἀλλὰ
3589 3002 3684 3090 καί
3701 3002 3817 3100 τοῖς

591 3134 808 3197 omnia,
868 3133 1150 3187 vobiscum
1214 3143 1432 3200 quoque
1488 3127 1672 3198 vigent
1725 3133 1816 3178 aut
1873 3121 2152 3178 deﬁciunt.

590 3228 826 3296 Apparet
860 3227 1022 3280 etiam
1070 3240 1137 3280 ex
1183 3223 1269 3277 his
1302 3221 1471 3276 Deum
1512 3235 1634 3276 esse
1681 3233 1863 3272 rerum
1909 3215 2152 3271 omnium

591 3316 900 3372 Creatorem
923 3355 938 3380 ,
967 3330 1076 3369 non
1123 3313 1404 3368 hominum
1455 3312 1648 3374 modo,
1681 3309 1775 3364 sed
1820 3305 2154 3361 omnimodo-

592 3424 713 3463 rum
741 3409 905 3465 etiam
937 3406 1277 3460 animalium.

673 3583 828 3639 Vens.
858 3582 948 3638 26.
1003 3585 1122 3638 Non
1167 3582 1374 3638 indicat
1421 3581 1512 3636 hic
1556 3581 1730 3634 lucem
1757 3584 2149 3633 eementorum

592 3676 894 3746 augendam
922 3691 1065 3740 esse,
1093 3675 1187 3732 sed
1216 3675 1483 3738 laetitiam,
1511 3688 1630 3744 qua:
1650 3671 1843 3728 diebus
1872 3671 1979 3726 illis
2004 3672 2152 3741 ipsos

591 3768 796 3824 efferet.
838 3771 916 3823 Ita
945 3769 1091 3824 enim
1131 3767 1482 3824 exsultabunt
1525 3765 1690 3820 animi
1722 3781 1945 3831 eorum;
1979 3773 2037 3819 ut
2071 3763 2152 3817 lu-

593 3875 717 3916 men
767 3859 875 3915 diei
920 3868 1143 3915 auctum
1175 3860 1442 3925 credant,
1494 3866 1552 3912 ut
1595 3858 1880 3920 illustrior,
1913 3855 2152 3928 splendi-

592 3954 820 4024 diorque
865 3953 984 4010 dies
1030 3953 1212 4008 lucere
1268 3951 1554 4018 videatur;
1615 3949 1960 4006 sanabuntur
2007 3946 2150 4002 enim

591 4047 757 4102 animi
783 4062 969 4102 eorum
994 4086 1010 4110 ,
1053 4046 1429 4116 spiritualibus
1456 4042 1731 4099 emendati
1773 4040 2153 4112 reprehensio-

591 4139 773 4202 nibus,
807 4153 838 4191 a
866 4135 1070 4191 doloris
1097 4135 1446 4212 tribulatione
1474 4133 1711 4189 liberati.

2256 3120 2505 3189 κτήνεσιν
2544 3122 2728 3192 ὑμῶν·
2763 3123 2830 3177 τὰ
2864 3123 2973 3197 γὰρ
2999 3125 3066 3178 δι’
3102 3127 3245 3197 ὑμᾶς
3273 3128 3535 3198 γενόμενα
3568 3129 3660 3182 καί¹
3694 3145 3819 3182 συν-

2251 3219 2569 3288 τιμωρεῖται
2600 3217 2694 3271 καὶ
2732 3217 3086 3271 συναπολαύει
3118 3218 3225 3272 τῶν
3261 3219 3500 3288 ἀγαθῶν.
3532 3221 3818 3274 Δείκνυται

2251 3309 2307 3362 δὲ
2337 3309 2432 3363 καὶ
2481 3308 2570 3362 διὰ
2605 3309 2816 3373 τούτου,
2845 3309 2920 3372 ώς
2947 3311 2976 3362 ὁ
3021 3309 3153 3373 Θεὸς
3194 3309 3303 3363 τῶν
3344 3311 3557 3364 πάντων
3588 3311 3820 3382 ποιητής

2253 3401 2607 3473 καθέστηκεν,
2638 3402 2696 3454 ού
2727 3402 2884 3472 μόνον
2909 3401 3206 3473 ἀνθρώπων
3229 3402 3363 3457 ἀλλά
3386 3387 3477 3456 xit
3501 3401 3650 3466 ζώων
3678 3417 3821 3456 παν-

2251 3495 2513 3549 τοδαπῶν.

2333 3586 2593 3642 Ἐνταῦθα
2614 3587 2675 3641 ού
2711 3588 3022 3660 προσθήκην
3055 3586 3146 3642 τοῦ
3181 3587 3359 3658 φωτὸς
3391 3592 3499 3640 τῶν
3538 3585 3820 3657 στοιχείων

2251 3679 2416 3750 δηλοῖ,
2446 3679 2578 3734 ἀλλά
2609 3681 2707 3750 τῆς
2751 3680 3199 3751 καταληψομένης
3249 3680 3444 3743 αὐτοὺς
3481 3680 3538 3733 ἐν
3581 3678 3822 3741 ἐκείναις

2250 3774 2370 3834 ταῖς
2404 3771 2638 3842 ἡμέραις
2669 3771 3004 3842 εὐφροσύνης
3025 3787 3037 3800 ο
3067 3771 3209 3824 οὕτω
3249 3770 3357 3842 γὰρ
3392 3772 3471 3834 εἰς
3499 3769 3821 3839 ἀγαλλίασιν

2251 3859 2603 3916 ἐπιδώσουσιν
2625 3862 2802 3916 αὐτῶν
2823 3863 2878 3915 αἱ
2907 3862 3097 3933 ψυχαὶ,
3122 3863 3196 3926 ὡς
3216 3861 3312 3916 καὶ
3335 3859 3652 3932 προσθήκην
3677 3861 3818 3924 ἕξειν

2251 3953 2444 4016 αὐτοὺς
2459 3953 2705 4025 ἡγεῖσθαι
2730 3953 2799 4007 τὰ
2813 3954 2965 4024 φῶτα
2996 3954 3092 4025 τῆς
3119 3953 3349 4024 ἡμέρας,
3367 3954 3462 4006 καὶ
3493 3952 3818 4025 λευκοτέρας

2253 4045 2434 4108 αὐτοῖς
2450 4046 2542 4098 καὶ
2561 4045 2915 4116 φαιδροτέρας
2928 4043 3259 4115 ὀφθήσεσθαι
3280 4043 3375 4108 τὰς
3400 4047 3432 4117 ἡ
3443 4045 3617 4117 μέρας
3635 4063 3650 4077 ο
3672 4045 3817 4099 ἴασιν

2251 4137 2356 4208 γὰρ
2372 4135 2700 4201 ἐπιδέξονται
2722 4135 2862 4190 κατὰ
2873 4135 3068 4208 ψυχὴν,
3083 4136 3502 4209 θεραπευόμενοι
3520 4139 3643 4201 τοὺς
3655 4139 3819 4207 ψυχι-

2252 4227 2382 4290 κοὺς
2395 4225 2480 4298 μώ
2487 4243 2637 4298 μους,
2655 4225 2748 4280 καὶ
2760 4226 3222 4298 ἀπαλλαττόμενοι
3234 4227 3330 4298 τῆς
3341 4227 3591 4292 θλιϐερᾶς
3599 4227 3814 4298 ὀδύνης.

662 4345 827 4402 Vsus.
855 4346 945 4404 28.
997 4345 1188 4400 Divina
1236 4343 1579 4415 providentia
1619 4348 1819 4398 cuncta
1858 4341 1968 4411 regi
2016 4353 2147 4394 con-

2322 4342 2433 4414 Τὴν
2459 4343 2599 4396 κατὰ
2625 4342 2841 4397 πάντων
2894 4342 3147 4396 θεοπτίαν
3173 4343 3276 4396 κάν
3315 4342 3490 4415 τούτῳ
3521 4343 3821 4412 δείκνυσιν,

592 4436 810 4492 ﬁrmant
848 4437 952 4491 ista
977 4476 992 4500 ,
1027 4451 1150 4490 cum
1186 4435 1268 4489 ira
1309 4432 1406 4490 Dei
1439 4448 1550 4487 non
1588 4430 1657 4486 ad
1686 4429 1905 4485 Iudaeos
1937 4437 2147 4482 tantum

591 4535 837 4602 spectet,
879 4528 973 4584 sed
1001 4535 1054 4584 et
1100 4526 1384 4598 suppliciis
1415 4525 1563 4597 ipsas
1595 4532 1785 4595 gentes
1830 4521 2048 4576 adiciat.
2083 4518 2150 4573 Ni

588 4624 728 4682 alios
761 4620 904 4677 enim
952 4619 1424 4692 reprehendisset,
1463 4618 1708 4673 licuisset
1753 4613 2018 4671 lsraelitis
2061 4613 2149 4668 di-

585 4729 718 4774 cere
740 4715 886 4772 solos
913 4722 1131 4785 propter
1157 4723 1376 4784 peccata
1405 4729 1436 4767 a
1458 4712 1568 4768 Deo
1602 4710 1808 4782 puniri.
1841 4708 1958 4763 Hoc
1989 4707 2154 4778 igitur

587 4816 652 4866 ut
677 4815 994 4879 pra-caveat,
1020 4813 1202 4861 monet
1223 4822 1282 4862 se
1305 4813 1493 4877 gentes
1518 4820 1734 4876 quoque
1755 4803 2150 4873 iudicaturum,

589 4909 644 4955 et
676 4900 744 4954 ab
787 4903 866 4954 eis
920 4913 1109 4969 ρωπος
1156 4898 1510 4968 repetiturum
1557 4912 1652 4966 per
1697 4909 1937 4952 errorem
1987 4894 2150 4948 meri-

588 4999 693 5048 tas.

655 5170 820 5229 Vens.
851 5169 942 5225 29.
974 5169 1070 5223 His
1096 5167 1362 5223 discimus
1395 5167 1554 5223 nobis
1585 5182 1695 5222 non
1724 5166 1874 5221 omni
1907 5173 2150 5236 tempore

585 5261 784 5316 laetitiae
831 5259 1222 5331 indulgendum
1271 5275 1429 5326 esse;
1493 5259 1606 5313 noli
1657 5259 1802 5314 enim
1851 5264 2044 5328 putare
2097 5265 2150 5309 te

585 5353 866 5424 splendida
917 5353 1055 5409 festa
1117 5353 1478 5418 celebrando,
1532 5360 1586 5407 et
1641 5353 1884 5407 animum
1932 5350 2148 5422 gaudiis

591 5445 952 5509 didundendo,
972 5446 1271 5502 mercedem
1293 5448 1390 5502 tibi
1414 5447 1858 5516 promeriturum.
1874 5443 1989 5498 Non
2015 5459 2142 5515 pec-

588 5552 707 5592 care
736 5539 953 5608 quidem
983 5539 1196 5593 videtur
1217 5541 1308 5609 qui
1334 5540 1486 5596 festis
1507 5540 1846 5602 convivatur,
1878 5547 1933 5592 at
1953 5539 2149 5593 exinde

587 5629 886 5683 mercedem
937 5631 1092 5686 nobis
1143 5631 1382 5684 futuram
1444 5650 1509 5690 ne
1556 5649 1856 5704 speremus.
1893 5632 2147 5699 Quinimo

2252 4435 2454 4507 ὃτιούχ
2493 4434 2596 4498 ἕως
2636 4434 2840 4489 τούτων
2880 4435 3231 4506 στήσεταιτά
3280 4435 3381 4507 τῆς
3411 4437 3598 4508 ὀργῆς,
3628 4436 3830 4509 διαϐή-

2256 4544 2406 4582 σεται
2433 4528 2488 4582 δέ
2522 4527 2615 4582 καὶ
2642 4529 2720 4592 είς
2749 4527 2818 4581 τὰ
2841 4528 2965 4600 ἔθνη
3001 4529 3034 4599 ή
3060 4529 3298 4599 τιμωρία
3317 4544 3328 4556 ’
3357 4529 3442 4582 ἵνα
3471 4528 3580 4601 γάρ
3611 4529 3685 4600 μὴ
3723 4530 3828 4601 ἐξῇ

2253 4623 2364 4684 τοῖς
2401 4620 2761 4692 Ἰσραηλίταις
2805 4619 2983 4691 μόνοις
3009 4621 3112 4674 ὑπὸ
3145 4620 3239 4673 τοῦ
3273 4620 3407 4674 Θεοῦ
3443 4621 3831 4692 ἐλεγχομένοις

2255 4713 2430 4784 λέγειν
2462 4715 2657 4778 αὐτοὺς
2701 4714 2858 4784 μόνον
2899 4715 2988 4769 τὸν
3015 4713 3147 4768 Θεὸν
3175 4715 3268 4768 ἐπὶ
3310 4719 3421 4779 τοῖς
3457 4717 3832 4788 ἁμαρτήμασι

2255 4807 2629 4879 τιμωρεῖσθαι,
2658 4808 2780 4876 ούχὶ
2806 4807 2863 4861 δέ
2889 4808 2982 4861 καὶ
3009 4808 3075 4862 τὰ
3101 4807 3250 4879 ἔθνη,
3272 4809 3581 4876 ἀναγκαίως
3605 4810 3700 4861 καὶ
3719 4809 3832 4882 τὴν

2254 4899 2346 4952 ἐπὶ
2371 4899 2440 4952 τὰ
2467 4899 2593 4969 ἔθνη
2619 4899 2966 4970 διαϐήσεσθαι
2997 4900 3237 4954 ἐκδικίαν
3277 4901 3494 4970 φάσκει,
3529 4903 3622 4955 καὶ
3648 4920 3831 4957 κατα-

2254 4991 2519 5062 λήψεσθαι
2547 4990 2742 5053 αὐτοὺς
2766 4989 2863 5060 τὴν
2890 4992 2955 5042 ἐκ
2991 4991 3090 5060 τῆς
3137 4991 3453 5064 πλανήσεως
3485 4991 3638 5062 δίκην
3683 5011 3827 5064 προ-

2255 5082 2523 5154 ἀγορεύει.

2323 5173 2422 5227 Διά
2443 5172 2643 5226 τούτων
2680 5172 3058 5244 διδασκόμεθα,
3102 5175 3176 5236 ὡς
3205 5175 3265 5227 ob
3298 5173 3402 5247 χρὴ
3437 5175 3665 5228 πάντοτε
3697 5178 3826 5240 ταῖς

2252 5269 2466 5322 ἀνέσεσι
2492 5267 2699 5338 χαίρειν
2718 5285 2732 5297 ·
2759 5266 2877 5320 οὐδὲ
2907 5267 3015 5340 γὰρ
3041 5269 3096 5320 ἐν
3118 5269 3236 5331 ταῖς
3261 5269 3471 5339 ἑορταῖς
3497 5267 3825 5339 ἀμείϐοντες

2251 5359 2470 5431 ἐσθῆτα,
2505 5359 2598 5412 καὶ
2648 5356 2979 5428 διαχεόμενοι
3029 5357 3126 5429 τὴν
3169 5357 3345 5428 ψυχὴν
3394 5359 3450 5409 ἐν
3483 5359 3819 5431 εὐφροσύνῃ,

2249 5449 2325 5514 ὡς
2357 5448 2542 5521 μισθὸν
2576 5449 2704 5518 ήμῖν
2736 5448 3023 5519 προξενῶν
3053 5447 3476 5519 μεταδιώξομεν*
3508 5448 3622 5502 ἀλλ’
3646 5450 3695 5500 εἰ
3722 5451 3824 5502 καὶ

2251 5541 2627 5611 ἀναμάρτητον
2656 5539 2801 5593 δοκεῖ
2829 5537 2963 5594 εἶναι
2997 5542 3057 5594 τὸ
3091 5542 3147 5594 ἐν
3180 5544 3296 5604 ταῖς
3326 5543 3539 5614 ἑορταῖς
3591 5541 3825 5610 εὐωχεῖ-

2253 5632 2394 5692 σθαι,
2430 5628 2541 5683 ἀλλ’
2577 5628 2693 5682 ούδὲ
2719 5647 2820 5684 που
2849 5629 2920 5693 ti);
2953 5630 3138 5700 μισθὸν
3171 5631 3330 5685 αὐτοῦ
3357 5633 3544 5686 τούτου
3563 5629 3821 5703 ληψόμεσ-
