4116 6332
435 282 570 342 1525
630 324 641 333 ο

1857 287 1940 343 ἸΝ
1979 288 2229 345 ISAIAM.

3519 304 3651 358 {326

433 417 511 452 νοι
537 400 857 470 ἐκδεξόμεοα
878 418 891 431 ·
920 401 1079 453 ὁπότε
1112 400 1219 453 οἶδε
1255 401 1513 465 πολλάκις
1546 404 1638 455 καὶ
1670 405 1829 474 ἑορτὴ
1859 406 1965 475 ἀμέ

2093 407 2292 474 saepius
2330 407 2494 461 etiam
2544 422 2831 476 peccamus
2874 427 2995 467 cum
3042 414 3207 469 nimia
3255 417 3325 471 ibi
3376 422 3651 491 voluptate

430 507 572 560 τρως
591 492 669 553 είς
694 490 886 560 ἡδονὴν
911 490 1200 561 ἐκχυθεῖσα
1226 492 1319 545 καὶ
1343 494 1615 564 ἁμαρτίαν
1638 494 1981 565 προξενῆσαι.

429 584 521 634 Δεῖ
547 578 637 635 οῦν
685 583 935 653 ἀσμένως
985 583 1182 653 μᾶλλον
1210 585 1309 648 τὰς
1350 585 1554 653 θλίψεις
1585 586 1857 653 δέξασθαι,
1913 588 1987 651 ὡς

427 673 723 744 ἐμμίσθους
755 674 1033 744 ἐσομένας.

496 768 571 819 Τὸ
622 766 941 831 ἐξάκουστον
968 769 1065 838 τῆς
1094 768 1392 840 μελλούσης
1435 770 1629 833 αὐτοὺς
1675 770 1986 842 καταλήψει

426 860 550 914 σθαι
576 860 730 930 δίκης
750 860 947 931 δηλοῖὸ
985 860 1139 929 λόγος
1163 879 1175 891 ·
1206 861 1325 914 οὐδὲ
1368 861 1477 933 γὰρ
1537 862 1612 926 ὼς
1656 863 1852 927 ἀδίκως
1896 865 1987 916 ἑπ-

426 952 788 1022 αχθησόμενον
823 952 1001 1022 κρυφῆ
1044 951 1137 1004 καὶ
1170 951 1228 1005 ἒν
1250 951 1419 1022 γωνίᾳ
1447 951 1839 1023 πραχθήσεται,
1870 954 1984 1009 ἀλλ’

425 1042 645 1113 ἔκδηλος
695 1041 842 1095 ἔσται
888 1045 998 1105 τοῖς
1048 1044 1241 1113 πᾶσιή
1284 1042 1424 1113 μετά
1475 1042 1680 1096 δικαίου
1723 1044 1985 1116 κρίματος

422 1133 558 1205 ὀργὴ
585 1133 913 1204 ἐπαγομένη.

492 1225 680 1293 Τοῦτο,
711 1226 853 1281 κατὰ
898 1226 1003 1281 τῶν
1044 1227 1341 1297 Ἀσσυρίων
1385 1228 1604 1298 ὀλέθρου
1653 1240 1986 1300 προαγορευ-

422 1318 623 1385 θέντος,
647 1319 743 1373 καὶ
769 1320 867 1389 τῆς
894 1322 1013 1373 κατ’
1041 1319 1205 1373 αὐτοῦ
1236 1320 1390 1391 δίκης
1414 1320 1763 1391 δηλωθείσης,
1790 1322 1984 1375 δικαιό-

419 1426 554 1463 τατα
583 1410 633 1462 οί
680 1408 1004 1480 Ἰσραηλῖται
1033 1408 1437 1473 ταλανίζονται”
1472 1411 1607 1482 πρὸς
1659 1412 1756 1481 μὲν
1794 1411 1982 1465 τοῦτον

421 1501 765 1572 ἐπτοημένοι,
804 1500 952 1574 παρά
1004 1501 1059 1554 δὲ
1088 1501 1398 1569 Αἰγυπτίων
1427 1501 1780 1573 βοηθήσεσθαι
1826 1521 1986 1575 προσ-

418 1593 698 1657 δοκῶντες,
742 1594 835 1646 καὶ
887 1593 961 1665 μὴ
1007 1593 1435 1663 καταφεύγοντες
1465 1594 1558 1646 ἐπὶ
1594 1594 1684 1647 τὸν
1711 1595 1817 1647 τῶν
1847 1595 1981 1649 ὅλων

416 1685 548 1738 Θεόν
580 1703 640 1739 τε
677 1686 769 1739 καὶ
799 1686 1047 1757 Σωτῆρα,
1076 1687 1135 1739 ὃν
1178 1688 1274 1758 οὐχ
1302 1687 1533 1757 ἡγοῦντο
1566 1688 1703 1759 πρὸς
1730 1688 1829 1757 τὴν
1857 1687 1981 1758 βοή-

2094 496 2448 551 detineamur.
2486 497 2886 558 Tribulationes
2937 504 3101 575 igitur
3136 509 3316 576 potius
3357 513 3649 582 suscipias,

2094 594 2276 655 utpote
2306 588 2493 657 plenas
2522 592 2789 647 mercede.

2162 762 2322 817 Vens.
2356 764 2446 820 50.
2476 764 2727 822 Auditam
2759 770 3158 829 scilicet-faciat
3184 774 3323 832 Deus
3355 778 3647 835 vindictam

2089 870 2277 917 suam;
2311 859 2511 929 quippe
2541 876 2662 930 quae
2689 877 2799 917 non
2849 878 3057 920 secreto
3099 878 3153 922 et
3198 871 3251 923 in
3296 874 3494 942 angulo
3525 874 3643 937 ﬁet,

2086 948 2241 1016 quasi
2281 959 2427 1005 esset
2460 967 2598 1021 opus
2631 956 2881 1025 iniquum
2902 997 2917 1021 ,
2949 959 3041 1013 sed
3072 962 3325 1017 omnibus
3362 967 3647 1036 perspicua

2085 1039 2189 1092 erit
2220 1039 2302 1094 ira
2335 1056 2459 1096 cum
2482 1043 2634 1113 justo
2662 1045 2870 1115 judicio
2895 1058 3141 1104 ventura.

2155 1218 2284 1275 CAP.
2322 1220 2522 1288 XXXI,
2560 1225 2723 1281 Vens.
2760 1228 2810 1281 1..
2844 1229 2980 1285 Cum
3011 1232 3359 1304 Assyriorum
3391 1238 3645 1296 incursus

2084 1312 2419 1381 praedixerit,
2450 1330 2502 1370 et
2534 1318 2830 1373 vindictam
2861 1324 2930 1376 ab
2962 1324 3080 1393 ipso
3115 1329 3504 1396 exercendam,
3532 1348 3643 1387 me-

2082 1404 2187 1457 rito
2232 1403 2372 1461 Deus
2398 1406 2676 1465 .lsraelitas
2723 1410 2888 1467 dolet.
2937 1414 3069 1469 Nam
3112 1424 3334 1487 stupore
3364 1430 3643 1487 amentes,

2082 1503 2135 1549 et
2152 1497 2413 1551 auxilium
2432 1501 2498 1553 ab
2520 1499 2790 1571 Egyptiis
2824 1512 3226 1573 exspectantes,
3250 1509 3316 1563 ad
3346 1509 3513 1566 Deum
3532 1529 3642 1567 non

2081 1587 2443 1659 confugerunt
2510 1595 2751 1647 omnium
2812 1593 3097 1653 Dominum
3162 1608 3215 1655 et
3272 1602 3640 1669 Salvatorem,

2083 1682 2239 1749 quasi
2271 1681 2464 1737 fuisset
2506 1684 2668 1741 inane
2697 1686 2816 1755 ejus
2855 1691 3200 1758 praesidium;
3246 1694 3339 1748 sed
3379 1712 3643 1765 equorum

417 1778 565 1832 θειαν
607 1777 785 1832 αὐτῶν
834 1780 1207 1850 ἀνταρκέσειν,
1243 1778 1378 1832 ἀλλά
1413 1783 1478 1850 τῇ
1527 1781 1635 1833 τῶν
1675 1781 1855 1833 ἵππων
1886 1781 1968 1834 καῚ

2081 1778 2135 1827 et
2165 1789 2426 1828 curruum
2457 1778 2806 1835 multitudine
2833 1781 3043 1850 conﬁsi,
3068 1799 3125 1840 se
3146 1786 3216 1840 ab
3242 1787 3321 1841 eis
3350 1789 3644 1846 salvandos

414 1870 677 1941 ἁρμάτων
702 1870 902 1942 πληθύῖ
944 1870 1260 1935 πεποιθότες
1302 1872 1429 1942 παρ’
1470 1871 1692 1924 ἐκείνων
1742 1869 1979 1941 σωθήσε-

416 1962 538 2016 σθαι
573 1963 931 2035 προσεδόκων.

484 2055 593 2126 Τὴν
620 2058 797 2125 σοφῶς
825 2056 974 2127 παρὰ
1004 2056 1099 2110 τοῦ
1139 2056 1273 2109 Θεοῦ
1311 2055 1654 2127 ἁρμόζουσαν
1688 2055 1978 2127 θεραπείαν

410 2146 529 2206 ταῖς
573 2143 771 2213 ψυχαῖς
814 2145 994 2199 αὐτῶν
1044 2144 1514 2217 προσαχθήσεσθαι
1559 2148 1851 2217 σημαίνειο
1898 2146 1976 2199 ὅτι

412 2236 506 2290 καὶ
552 2237 693 2291 αὐτὰ
740 2238 910 2290 ταῦτα
960 2239 1263 2303 κακωτικά,
1317 2240 1503 2310 ῶσπερ
1541 2239 1746 2307 ἀγαθοῦ
1792 2240 1976 2310 ἰατροῦ

411 2328 769 2394 ἐκκόπτοντος
792 2330 944 2384 νόσον
973 2332 1067 2384 καὶ¹
1115 2332 1343 2402 ἰωμέινου
1382 2333 1778 2403 ἁμαρτήματα,
1810 2348 1978 2403 προσ-

412 2420 533 2489 άγει
555 2439 567 2452 ο
606 2421 785 2490 σοφῶς
812 2423 905 2475 τοῦ
936 2423 1069 2476 Θεοῦ
1098 2424 1185 2478 διὰ
1207 2424 1313 2478 τῶν
1333 2423 1628 2479 δοκούντων
1644 2421 1779 2477 εἶναι
1806 2424 1976 2495 λυπη-

413 2512 522 2583 ρῶν
569 2515 990 2583 σωφρονίςοντος
1039 2518 1161 2580 τοὺς
1193 2518 1621 2589 ἁμαρτάνοντας,
1663 2518 1757 2571 καὶ¹
1789 2520 1975 2590 καιρὸν

412 2605 699 2676 μετανοίας
720 2606 1099 2677 χαριζομένου.

493 2696 649 2751 Ἀλλά
697 2698 789 2751 καὶ
845 2698 1246 2769 μετανοούντων
1292 2700 1619 2771 ύπερασπιεῖ
1668 2702 1845 2773 ἡμῶν,
1880 2703 1974 2756 καὶ

407 2787 882 2859 ἀντιποιηθήσεται
934 2789 1033 2859 τῆς
1077 2790 1445 2862 Ἰερουσαλὴμ,
1492 2792 1580 2845 ῐσα
1611 2796 1724 2857 τοῖς
1768 2794 1974 2865 ὀρνέοις

406 2883 517 2943 τοῖς
548 2878 800 2950 βοηθοῦσι
823 2882 934 2943 τοῖς
959 2881 1165 2934 ἑαυτῶν
1197 2886 1427 2945 νεοττοῖς
1446 2900 1460 2913 ο
1491 2885 1583 2935 καὶ
1617 2883 1725 2955 γὰρ
1747 2885 1972 2937 κάκεῖνα

408 2972 536 3042 παρ’
561 2968 724 3023 αὐτοῦ
756 2969 997 3024 δέδεκται
1026 2970 1198 3025 ταῦτα
1223 2972 1290 3025 τὰ
1307 2973 1520 3041 ,φυσικά
1549 2974 1880 3044 συνθήματα.

476 3063 613 3126 Τοὺς
637 3063 694 3115 ὲν
718 3064 829 3123 τοῖς
855 3067 1040 3127 κακοῖς
1070 3064 1471 3135 ὲμϐαθύνοντας
1496 3065 1590 3118 καὶ⁵
1620 3068 1676 3119 έν
1697 3069 1808 3128 τοῖς
1833 3067 1970 3120 κατά

2082 1876 2202 1917 esse
2233 1880 2557 1933 speraverun
2566 1876 2603 1924 ι.

2148 2040 2313 2097 Vens.
2344 2042 2401 2098 4.
2437 2046 2665 2103 Animos
2709 2064 2897 2105 eorum
2933 2052 3231 2121 prudenter
3265 2070 3296 2109 a
3327 2056 3437 2111 Deo
3470 2057 3641 2113 infor-

2079 2137 2306 2194 mandos
2354 2154 2476 2195 esse
2533 2141 2807 2211 declarat;
2860 2160 2988 2200 nam
3057 2148 3298 2203 vindicta
3344 2149 3437 2205 Dei
3495 2153 3640 2206 velut

2077 2230 2272 2285 medici
2309 2234 2592 2302 prudentia
2627 2238 2874 2293 morbum
2912 2240 3242 2305 recidentis,
3286 2252 3340 2298 et
3393 2245 3640 2300 sanantis

2076 2319 2330 2389 vulnera;
2381 2325 2654 2395 sapienter
2688 2337 3003 2397 peccatores
3050 2331 3116 2384 ad
3169 2334 3385 2389 saniora
3421 2349 3639 2392 revocat

2075 2409 2220 2467 Deus
2244 2453 2259 2477 ,
2293 2422 2346 2469 et
2376 2425 2591 2489 tempus
2619 2421 2949 2490 pwnitentim
2974 2434 3262 2494 praeparat,
3289 2426 3418 2482 dum
3448 2428 3640 2485 laedere

2075 2503 2309 2560 videtur.

2149 2681 2316 2740 Vens.
2365 2685 2419 2739 5.
2464 2684 2848 2743 Paenitentiam
2904 2700 3123 2761 agentes
3160 2701 3419 2764 .proteget
3471 2694 3633 2757 Deus,

2073 2783 2126 2830 et
2160 2775 2460 2832 Jerusalem
2497 2779 2770 2845 defendet,
2818 2782 2998 2836 avium
3053 2784 3119 2837 ad
3172 2801 3419 2839 normam
3450 2788 3639 2856 pullos

2074 2881 2203 2920 suos
2253 2868 2550 2923 foventium
2593 2890 2606 2935 ;
2667 2872 2839 2940 ipsam
2888 2874 3035 2928 enim
3078 2883 3231 2931 tanto
3289 2878 3468 2932 studio
3517 2894 3637 2948 pro-

2073 2958 2338 3026 sequitur.

2080 3074 2086 3081 -
2144 3020 2311 3102 Vens.
2356 3048 2408 3103 6.
2445 3050 2601 3107 Malis
2639 3020 2920 3110 demersos
2958 3064 3012 3110 et
3060 3056 3322 3127 impietati
3361 3062 3415 3116 in
3466 3063 3631 3120 Deum

405 3113 541 3204 Θεδν
560 3113 1566 3224 ἐπιπολαίους
1577 3113 1655 3209 ἠτὰ
1686 3113 1805 3210 καθῖ
1844 3158 1968 3210 ἐαυ-

2070 3136 2283 3194 deditos
2333 3143 2625 3206 allocutus,
2660 3153 2718 3199 ut
2768 3146 2873 3200 sibi
2923 3150 3213 3204 consulant
3263 3154 3453 3207 suadet
3503 3172 3629 3224 pro—

404 3245 529 3308 τοὺς
559 3247 789 3318 συνορᾷν
833 3246 1205 3317 συμϐουλεύει,
1254 3247 1489 3313 κακίζων
1539 3249 1716 3303 αὐτῶν
1748 3250 1840 3303 καὶ
1869 3252 1968 3323 τὴν

405 3337 746 3410 πεποίθησιν,
774 3338 839 3410 ἣν
872 3342 957 3393 ἐπ’
988 3341 1316 3409 Αἰγυπτίους
1350 3341 1661 3413 ἐκέκτηντο.

486 3429 646 3483 Ἀλλά
669 3429 838 3486 ταῦτα
885 3433 1002 3504 μὲν,
1033 3434 1155 3487 ὅσον
1181 3430 1313 3506 ἧκεν
1347 3436 1425 3499 είς
1466 3435 1563 3505 τὴν
1602 3437 1859 3508 ἱστορίαν,
1890 3439 1968 3501 εἰς

403 3521 492 3574 τὸν
528 3522 774 3588 Ἐζεκίαν
817 3525 1166 3597 λεχθήσονται
1188 3544 1200 3556 ·
1230 3527 1433 3597 κυρίως
1455 3528 1510 3580 δὲ
1548 3528 1866 3600 νοηθήσεται
1890 3534 1968 3594 εἰς

400 3613 564 3667 αὐτὸν
588 3614 680 3668 τὸν
706 3617 933 3688 Σωτῆρα
954 3634 967 3647 ·
996 3616 1061 3669 ἵν’
1104 3617 1319 3687 ἔχοιμεν
1348 3620 1507 3680 νοεῖν,
1535 3618 1617 3671 ὅτι
1655 3619 1716 3671 τὸ
1754 3619 1968 3690 ἀληθῶς

404 3703 673 3774 μακάριον
703 3704 852 3758 ἔσται
878 3708 990 3770 τοῖς
1020 3707 1382 3778 προκεκοπόσι
1415 3709 1556 3762 κατά
1596 3708 1727 3763 Θεὸν
1756 3711 1848 3764 καὶ
1870 3710 1967 3781 τὴν

399 3790 512 3849 ἄνω
540 3795 693 3850 ἔΣιὼν
719 3798 945 3862 οίκοῦσι,
980 3800 1071 3852 καὶ
1110 3798 1331 3869 βασιλέα
1378 3803 1838 3873 ἐπιγραφομένοις
1877 3805 1967 3859 τὸν

398 3886 604 3957 Κύριον
625 3886 780 3958 ἡμῶν
814 3887 1020 3960 Ἰησοῦν
1050 3890 1303 3961 Χριστὸν,
1342 3892 1421 3954 είς
1446 3891 1504 3945 ὃν
1535 3891 1676 3945 κατὰ
1700 3894 1802 3965 γῆν
1831 3896 1967 3966 ἡμε-

397 3977 561 4047 τέραν
582 3978 674 4030 καὶ
708 3980 741 4048 ἡ
770 3978 913 4049 ἄκρα
937 3979 1244 4051 δικαιοσύνη
1276 3982 1612 4053 νοηθήσεται.

467 4068 569 4122 Τὸν
594 4068 695 4132 τὰς
716 4069 932 4134 ὲντολάς
961 4070 1050 4123 τοῦ
1076 4071 1208 4125 Θεοῦ
1231 4090 1295 4143 τη
1305 4075 1554 4143 ρήσοντα,
1584 4074 1675 4127 καὶ
1700 4073 1886 4145 ὥσπερ
1908 4077 1964 4129 ἐν

397 4161 573 4232 ἑαυτῷ
597 4161 723 4225 τοὺς
766 4162 955 4231 λόγους
979 4163 1072 4216 τοῦ
1119 4164 1253 4217 Θεοῦ
1297 4166 1719 4238 κατακρύψαντα
1764 4168 1856 4219 ἐπὶ
1883 4167 1962 4219 δι-

396 4253 674 4328 καιοσύνῃ,
702 4254 889 4309 τοῦτον
929 4257 1021 4310 καὶ
1046 4258 1153 4310 ἀπὸ
1181 4258 1351 4329 ὀργῆς
1390 4260 1732 4332 ὲπαγομένης
1763 4277 1964 4314 σκεπαο

398 4346 689 4417 σθήσεσθαι
710 4348 875 4419 δηλοῖ.
1774 4356 1781 4365 ’

2071 3231 2250 3300 pheta,
2277 3240 2331 3288 et
2365 3233 2618 3290 ﬁduciam
2648 3239 2939 3307 exprobrat
2966 3256 3074 3311 qua
3110 3243 3164 3296 in
3197 3243 3466 3317 (Egyptiis
3493 3264 3628 3303 con-

2070 3322 2324 3378 lidebant.

2139 3419 2269 3471 CAP.
2307 3419 2519 3485 XXXII,
2568 3421 2728 3478 Vens.
2783 3425 2833 3477 1.
2880 3422 3154 3481 Historico
3202 3429 3419 3498 quidem
3463 3447 3627 3487 sensu

2068 3510 2181 3564 haze
2221 3510 2289 3564 ad
2329 3510 2616 3569 Ezechiam
2647 3524 2919 3586 spectant,
2950 3529 3095 3574 recte
3128 3528 3308 3577 tamen
3336 3524 3403 3578 ad
3449 3526 3624 3595 ipsum

2069 3600 2404 3660 Salvatorem
2445 3608 2769 3664 referentur.
2805 3610 3018 3669 Sentias
3054 3614 3221 3685 igitur
3268 3633 3392 3673 vere
3442 3619 3627 3676 beatos

2065 3714 2187 3753 esse
2212 3700 2305 3770 qui
2335 3702 2635 3757 secundum
2662 3704 2832 3759 Deum
2863 3708 3230 3777 profecerunt,
3256 3722 3309 3767 et
3332 3730 3626 3785 supernam

2068 3788 2199 3846 Sion
2252 3804 2545 3862 occupant,
2592 3805 2647 3850 et
2697 3813 2881 3869 regem
2933 3800 3133 3856 habent
3183 3803 3472 3860 Dominum
3529 3823 3627 3863 no-

2065 3895 2238 3939 strum
2313 3885 2500 3941 Jesum
2587 3888 2865 3945 Christum
2925 3894 3013 3947 cui
3083 3895 3245 3949 etiam
3339 3898 3395 3952 in
3466 3900 3626 3956 terris

2065 3990 2276 4029 summa
2299 3976 2512 4046 justitia
2542 3981 2819 4050 competit.

2134 4064 2297 4122 Vens.
2329 4067 2383 4121 2.
2418 4067 2676 4125 Homines
2714 4073 2807 4141 qui
2842 4085 3060 4128 servant
3099 4076 3192 4131 Dei
3236 4089 3525 4150 praecepta,
3570 4094 3625 4137 et

2062 4157 2155 4213 Dei
2197 4174 2476 4215 sermones
2515 4177 2625 4232 prae
2658 4162 2871 4233 justitia
2902 4166 2956 4221 in
2992 4171 3297 4241 semetipsis
3323 4176 3619 4238 occultant,

2063 4252 2131 4306 ab
2163 4252 2242 4306 ira
2269 4260 2495 4308 ventura
2521 4256 2890 4315 defendendos
2911 4259 3169 4316 declarat.

463 4441 603 4504 Τοὺς
648 4441 960 4513 Ἀσσυρίους
1009 4442 1386 4513 ἐπικειμένους
1414 4445 1494 4506 είς
1532 4444 1784 4515 πόλεμον,
1832 4444 1962 4499 ἀκό-

2138 4431 2296 4488 Vens.
2329 4434 2383 4498 4,
2412 4433 2463 4487 5.
2499 4434 2819 4490 Imminente
2842 4436 3188 4507 Assyriorum
3221 4439 3381 4506 bello,
3409 4457 3621 4513 aequum

388 4530 577 4585 λουθον
602 4527 667 4603 ἦν
694 4534 819 4596 τοὺς
852 4533 987 4604 πρὸς
1014 4532 1102 4585 τὸν
1134 4533 1265 4586 Θεὸν
1294 4532 1562 4597 τείνοντας
1591 4535 1650 4586 τὺ
1677 4534 1830 4606 ὄμμα
1857 4552 1956 4588 κα-

390 4627 675 4695 ταφρονεῖν
702 4627 797 4696 μὲν
817 4624 916 4695 τῆς
943 4624 1286 4696 ἀνθρωπίνης
1317 4624 1584 4696 βοηθείας,
1612 4625 1753 4695 λέγω
1776 4626 1838 4698 δὴ
1858 4626 1956 4698 τῆς

390 4714 497 4767 τῶν
520 4716 834 4784 Αἰγυπτίων
855 4732 869 4747 ο
898 4716 983 4770 ἐπ’
1007 4716 1237 4769 αὑτὸνδὲ
1260 4716 1357 4781 τὰς
1390 4716 1611 4780 ἐλπίδας
1637 4718 1952 4788 κεκτῆσθαι,

390 4808 483 4861 καὶ
506 4808 655 4879 αύτῷ
681 4809 964 4879 προσέχειν
997 4810 1087 4862 τὸν
1117 4808 1242 4862 νοῦν
1267 4826 1279 4838 ·
1310 4809 1434 4872 τοὺς
1456 4808 1565 4880 γάρ
1591 4810 1853 4881 πρότερον
1880 4811 1952 4881 μὴ

386 4898 711 4970 δυναμένους
736 4899 826 4950 τὸν
846 4900 944 4969 τῆς
967 4899 1270 4963 θεοσεϐείας
1297 4899 1625 4971 διαρθρῶσαι
1653 4900 1808 4968 λόγον
1834 4903 1952 4955 τότε

386 4993 511 5063 ἐνῆν
548 4992 672 5045 ἰδεῖν
704 4991 961 5045 δύνασθαι
1005 4997 1175 5065 τρανῇ
1205 4996 1270 5064 τῇ
1297 4993 1507 5064 γλώττῃ
1556 4993 1834 5064 ὁμολογεῖν
1863 4996 1954 5050 τὸν

383 5086 481 5155 τῆς
508 5087 730 5156 εἰρήνης
768 5084 1090 5156 βραϐευτὴν,
1119 5088 1211 5139 καὶ
1234 5086 1414 5139 οὐκέτι
1447 5086 1719 5157 αἱρεῖσθαι
1751 5088 1841 5140 τὸν
1860 5090 1953 5141 Αί-

380 5175 609 5241 γύπτιον
651 5174 828 5228 αὐτῶν
867 5176 1073 5246 ἄρχειν,
1120 5177 1178 5228 ὃν
1216 5176 1397 5247 μωρὸν
1444 5175 1665 5239 δικαίως
1697 5179 1729 5247 ἡ
1763 5177 1951 5249 Γραφὴ

385 5265 683 5336 ὠνόμασεν.

452 5357 558 5409 Τοῦ
592 5359 864 5429 τάγματος
910 5360 1018 5411 τῶν
1076 5361 1282 5433 ἀνδρῶν
1341 5363 1603 5430 ἀνηκοΐαν
1647 5362 1948 5425 νοσοῦντος,

385 5448 607 5518 μετάγει
638 5452 729 5503 τὸν
758 5451 915 5519 λόγον
939 5453 967 5503 ὁ
999 5455 1280 5525 προφήτης
1308 5457 1402 5507 ἐπὶ
1428 5456 1525 5518 τὰς
1548 5458 1832 5523 γυναῖκας,
1857 5454 1949 5507 καὶ

381 5538 686 5610 νομοθετεῖν
738 5539 877 5607 ἀξιοῖ
918 5543 1118 5605 ταύτας
1145 5560 1157 5572 ·
1212 5545 1304 5596 καὶ
1351 5545 1584 5614 μάλιστα
1630 5544 1727 5608 τάς
1764 5543 1949 5614 κομώ-

382 5649 480 5696 σας
548 5632 778 5704 πλούτῳ,
812 5633 867 5685 αἶ
918 5633 1011 5686 τοῦ
1073 5635 1169 5704 μὲν
1230 5636 1436 5688 ἑαυτῶν
1498 5637 1702 5707 κόσμου
1749 5636 1948 5707 πολλὴν

379 5725 693 5794 ἐπιμέλειαν
757 5726 1111 5797 ἐποιήσαντο,
1178 5725 1357 5790 καθὼς
1422 5728 1517 5780 καὶ
1576 5731 1632 5780 ἐν
1682 5732 1793 5792 τοῖς
1849 5727 1948 5799 έμ-

2059 4530 2178 4577 erat
2238 4529 2305 4575 ut
2348 4523 2522 4577 oculis
2559 4525 2614 4577 in
2648 4523 2815 4577 Deum
2863 4526 3076 4593 intenti,
3128 4526 3420 4582 humanam
3465 4545 3622 4600 opem

2061 4627 2432 4682 spernerent;
2480 4631 2637 4685 opem
2691 4617 2814 4671 dico
2867 4617 3286 4689 ngypticrum;
3336 4621 3392 4675 in
3444 4621 3622 4691 ipsum

2061 4722 2187 4761 vero
2221 4707 2582 4773 conﬁderent,
2618 4724 2793 4761 unum
2836 4726 2958 4764 eum
3004 4712 3366 4768 intuerentur.
3411 4713 3623 4783 Quippe

2058 4804 2148 4868 qui
2214 4801 2365 4869 prius
2409 4801 2503 4855 Dei
2554 4818 2751 4857 nomen
2813 4803 2904 4857 vix
2948 4804 3219 4859 haesitanti
3262 4806 3448 4878 lingua
3504 4808 3621 4862 bal-

2058 4894 2236 4948 butire
2277 4902 2588 4963 potuerant,
2629 4911 2777 4950 nunc
2825 4897 3044 4952 eosdem
3077 4898 3281 4953 videris
3320 4900 3619 4969 principem

2056 4989 2209 5057 pacis
2263 4988 2523 5044 distincta
2576 5004 2709 5044 voce
2760 4989 3079 5055 confessos,
3132 5001 3185 5045 et
3238 4991 3619 5063 Egyptiorum

2055 5082 2343 5151 imperium
2373 5081 2486 5151 jam
2520 5083 2877 5138 abhorrentes
2920 5098 3060 5153 quos
3094 5084 3288 5138 merito
3335 5085 3619 5155 Scriptura

2056 5173 2255 5228 stultos
2295 5179 2469 5227 vocat.

2120 5354 2285 5409 Vens.
2315 5353 2368 5407 9.
2415 5352 2551 5407 Cum
2595 5356 2837 5409 virorum
2881 5356 3016 5410 ordo
3063 5355 3433 5411 inobedientia
3462 5356 3616 5410 labo-

2054 5457 2156 5512 ret,
2194 5448 2448 5502 mulieres
2482 5447 2679 5501 aﬂatur
2720 5449 3005 5517 propheta,
3051 5450 3281 5518 illasque
3318 5448 3619 5503 informan-

2053 5538 2151 5594 das
2184 5540 2412 5609 suscipit
2450 5558 2463 5606 ;
2503 5542 2802 5606 praesertim
2837 5558 2968 5595 vero
3014 5541 3220 5595 divitiis
3252 5542 3614 5604 abundantes,

2052 5648 2171 5700 quae
2215 5646 2415 5703 corpus
2455 5648 2615 5687 suum
2657 5648 2872 5687 summo
2906 5634 3088 5688 studio
3130 5634 3503 5696 exornabant,
3539 5634 3618 5687 uti

2052 5735 2103 5781 ct
2136 5742 2297 5799 supra
2338 5726 2597 5797 propheta
2635 5726 2977 5783 conﬁrmavit
3006 5745 3017 5757 -
3053 5742 3239 5783 verum
3275 5733 3454 5781 autem
3497 5724 3617 5779 cui--
