4116 6332
511 267 647 323 152⁸1

1604 301 1613 309 .
1717 259 1805 314 ΤΗ
1815 256 2061 314 εοῡοῐιι
2101 254 2619 311 HERACLEENSIS

3598 254 3619 306 Ι
3631 254 3738 306 3‘28

503 399 645 454 tum,
701 386 1039 458 spiritualem
1094 383 1326 448 scilicet,
1387 380 1753 451 negligebant,
1793 394 1903 449 quo
1960 377 2062 432 sibi

2173 372 2399 445 προσθεν
2430 371 2715 438 κατέλεξεν
2744 376 2772 425 ο
2810 371 3095 441 προφήτης
3116 387 3128 400 ·
3164 369 3259 423 τοῦ
3289 368 3347 422 δέ
3376 367 3607 439 ἀληθοῦς
3630 367 3739 437 ψυο

501 482 734 540 salutem
773 478 1004 534 fuissent
1044 481 1370 531 consecutae.
1411 472 1560 539 Quas
1592 471 1758 543 igitur
1792 471 1939 526 velut
1981 485 2068 523 ex-

502 570 905 648 pergefaciens,
955 575 1010 624 et
1054 568 1304 623 excitans
1342 579 1593 621 sermone
1630 582 1643 617 :
1688 581 1706 614 ι
1736 561 1955 626 Audite,
1982 562 2063 615 in.

503 667 644 737 quit,
680 662 936 717 mulieres
969 659 1214 724 divites;
1262 676 1281 709 ι
1327 672 1436 712 non
1474 655 1623 725 ipsas
1672 670 1803 710 sane
1851 653 2068 708 divitias

506 761 842 824 insectatur,
885 761 1074 825 utpote
1110 766 1234 823 qua:
1269 751 1404 821 ipsis
1447 748 1664 805 fuerant
1718 762 1751 801 a
1788 745 1899 801 Deo
1946 760 2068 799 cre-

506 851 651 917 ditae,
689 848 785 904 sed
815 859 997 900 mores
1026 844 1168 899 male
1195 842 1393 913 opibus
1420 839 1541 896 suis
1562 836 1855 894 utentium.

575 1027 743 1084 Vens.
790 1026 874 1081 15.
894 1025 1105 1082 [ndicat
1137 1022 1227 1079 hic
1257 1023 1411 1077 locos
1440 1035 1563 1078 esse
1596 1014 2066 1080 vastandos;nam

505 1119 751 1176 Cbermel
780 1132 939 1172 mons
969 1123 1053 1172 est
1087 1113 1366 1168 Samariae.

570 1233 699 1289 CAP.
735 1228 976 1293 XXXIII,
1028 1226 1199 1283 Vens.
1240 1226 1295 1280 2.
1355 1224 1491 1281 Cum
1538 1225 1594 1278 in
1636 1221 1752 1277 dies
1793 1220 1964 1290 magis
2005 1233 2068 1272 ac

506 1324 677 1394 magis
723 1326 1052 1392 augerentur
1098 1316 1281 1388 populi
1334 1322 1579 1386 peccata,
1629 1327 1731 1367 nec
1785 1310 1948 1364 minis
2000 1308 2068 1362 ad

506 1415 877 1487 paenitentiam
923 1411 1189 1475 deterriti,
1221 1424 1319 1465 nec
1366 1424 1461 1480 spe
1503 1407 1769 1462 bonorum
1831 1402 1896 1457 ad
1940 1403 2069 1474 pie-

508 1516 668 1563 tatem
732 1506 980 1567 excitati,
1026 1502 1402 1558 misericordia
1451 1507 1730 1570 permotus
1774 1497 1889 1567 ipse
1950 1510 2071 1565 pro-

508 1601 691 1673 pheta,
726 1598 870 1653 haud
911 1611 1071 1653 secus
1100 1610 1165 1650 ac
1195 1595 1241 1651 si
1275 1594 1387 1664 jam
1425 1608 1549 1647 eum
1584 1596 1832 1645 cerneret
1860 1586 2067 1642 meritis

510 1690 786 1763 suppliciis
812 1688 1135 1752 contritum,
1173 1685 1401 1740 salutem
1432 1682 1633 1737 civium
1667 1695 1697 1733 a
1731 1677 1839 1732 Deo
1876 1675 2064 1746 depre-

508 1790 678 1838 catur.
712 1778 828 1847 Qua
879 1778 1091 1833 ratione
1126 1776 1366 1831 declarat
1422 1773 1572 1844 ipsos
1619 1769 1695 1824 nil
1742 1770 2065 1823 intentatum

505 1871 994 1937 intemeratumque
1047 1864 1370 1936 reliquisse,
1418 1878 1521 1917 nec
1567 1857 1715 1915 aliud
1776 1857 1881 1913 sibi
1938 1870 2068 1925 pro-

504 1960 789 2025 meruisse,
823 1960 927 2015 nisi
961 1973 1173 2031 poenas.
1199 1956 1438 2027 IEquum
1466 1962 1551 2009 est
1590 1961 1648 2006 ut
1685 1950 1844 2005 nobis
1875 1962 2068 2019 parcas

504 2063 556 2110 et
594 2051 908 2111 miserearis
935 2068 949 2081 ο
981 2052 1041 2105 in
1077 2058 1131 2106 te
1162 2051 1307 2106 enim
1336 2046 1682 2102 conﬁdimus.

580 2227 741 2286 Vens.
788 2229 843 2285 5.
889 2227 1015 2283 Haec
1043 2226 1176 2281 dicit
1208 2225 1492 2297 propheta,
1526 2237 1634 2278 non
1681 2230 1740 2276 ut
1778 2218 2069 2288 .ndignan-

506 2327 612 2376 tem
645 2320 812 2375 Deum
836 2320 1035 2390 placet,
1068 2316 1163 2373 sed
1190 2326 1245 2371 ut
1271 2317 1529 2387 p0pulum
1561 2315 1775 2378 doceat,
1806 2309 1936 2381 quid
1964 2308 2071 2379 ipsi

506 2411 575 2466 ad
606 2410 1050 2480 consequendam
1077 2409 1307 2463 salutem
1339 2407 1607 2478 agendum
1642 2406 1733 2461 sit.
1763 2402 1897 2470 Quae
1922 2401 2068 2457 enim

508 2503 593 2559 sui
640 2501 864 2557 conscio
906 2500 1107 2570 populo
1148 2497 1215 2552 ad
1263 2497 1430 2553 Deum
1470 2496 1743 2551 fundenda
1785 2499 1963 2558 erant,
2002 2505 2069 2546 ea

508 2600 633 2649 vota
681 2591 814 2646 facit
861 2590 1127 2663 propheta
1175 2588 1321 2660 apud
1364 2604 1553 2645 eorum
1604 2586 1941 2651 Dominum;
1996 2582 2071 2636 ita

509 2688 710 2742 docens
759 2700 855 2741 eos
909 2684 1040 2754 quid
1084 2682 1188 2740 sibi
1236 2683 1323 2755 pia
1368 2691 1547 2737 mente
1598 2679 1861 2752 ﬂagitent,
1909 2685 1968 2732 ut
2016 2682 2072 2732 et

509 2779 611 2850 ipsi
654 2778 739 2833 vel
797 2777 1117 2849 prophetam
1164 2774 1395 2837 imitati,
1438 2786 1661 2827 causam
1713 2784 1866 2825 suam
1927 2765 2071 2839 apud

510 2868 675 2924 Deum
715 2876 898 2939 agant.

578 2979 742 3038 Vens.
783 2980 838 3037 5.
888 2979 1247 3051 Progressum
1288 2977 1515 3044 mentis,
1560 2984 1616 3033 et
1652 2976 1852 3031 bonam
1903 2965 2070 3026 animi

2167 464 2323 537 χικοῦ
2346 463 2640 535 κόσμου,ὃς
2664 462 2938 534 σωτηρίαν
2952 465 3143 525 αὐταῖς
3166 460 3459 532 προεξενει,
3476 459 3739 530 ἠμέλουν.

2169 555 2380 626 Ὥσπερ
2402 550 2496 608 οὖν
2526 553 2840 623 ἀφυπνίζων
2859 552 3026 615 αύτάς
3046 553 3140 607 καὶ
3162 550 3445 605 διανιστῶν
3468 550 3549 621 τῷ
3571 550 3739 621 λόγῳ,

2173 665 2191 698 ι
2241 646 2550 709 Ἀκούσατε,
2598 644 2824 715 ἔφασκε,
2858 645 3115 713 γυναῖκες
3153 642 3433 697 πλούσιαν
3476 661 3495 694 ι
3527 642 3630 695 ούκ
3660 644 3740 706 είς

2166 738 2394 791 πλοῦτον
2422 736 2589 800 αύτάς
2641 735 3039 800 ἀποσκώπτων,
3070 734 3129 799 ὅς
3152 736 3248 789 καὶ
3276 734 3437 798 αὐτὸς
3463 734 3617 805 παρά
3640 734 3736 788 τοῦ

2166 829 2299 882 Θεοῦ
2328 828 2551 893 ἐδέδοτο,
2575 826 2687 880 ἀλλ’
2722 828 2802 890 εἰς
2825 826 3022 898 τρόπον
3052 825 3161 879 τῶν
3193 826 3377 891 κακῶς
3412 826 3491 897 τῷ
3522 826 3739 898 πλούτῳ

2166 919 2485 993 χρωμένων.
3156 966 3161 971 .

2235 1010 2346 1082 Τὴν
2376 1009 2821 1082 καταληψομένην
2851 1011 2977 1074 τοὺς
3004 1011 3205 1075 τόπους
3235 1009 3469 1081 ἐρημίαν
3504 1009 3743 1066 ἐνταῦθα

2169 1103 2458 1175 σημαίνει·
2490 1101 2709 1174 Χερμέλ
2739 1105 2848 1175 γάρ
2872 1102 2996 1173 ὅρος
3016 1102 3134 1156 ἐστὶ
3171 1102 3272 1172 τῆς
3296 1103 3630 1175 Σαμαρείας.

2238 1216 2333 1278 EI;
2357 1213 2636 1286 ἀπέραντα
2685 1214 3125 1288 παρανομοῦντος
3162 1214 3257 1269 τοῦ
3294 1214 3445 1278 λαοῦ,
3478 1215 3572 1268 καὶ
3599 1217 3740 1287 μήτε

2165 1311 2232 1380 τῇ
2258 1307 2368 1360 τῶν
2427 1306 2769 1379 σκυθρωπῶν
2807 1306 3109 1379 ἐπαγγελίᾳ
3149 1305 3550 1377 καμπτομένων
3598 1306 3743 1376 πρὸς

2170 1399 2478 1471 μετάνοιαν,
2512 1400 2651 1470 μήτε
2681 1400 2747 1471 τῇ
2784 1396 2894 1452 τῶν
2927 1396 3177 1470 χρηστῶν
3207 1396 3384 1452 ἐλπίδι
3405 1396 3744 1466 διεγειρομέ-

2167 1504 2272 1542 νων
2304 1486 2439 1559 πρὸς
2471 1485 2797 1553 θεοσέϐειαν,
2826 1488 2906 1549 εις
2950 1485 3291 1558 συμπάθειαν
3335 1483 3679 1555 κατενεχθεὶς
3708 1486 3742 1538 ὁ

2167 1580 2470 1652 προφήτης,
2493 1578 2569 1642 ὡς
2599 1578 2823 1650 μηδενὸς
2855 1578 3042 1651 ἐτέρου
3063 1577 3383 1648 λειπομένου
3405 1577 3439 1650 ἢ
3470 1578 3742 1648 τιμωρίας

2166 1673 2267 1743 τῆς
2297 1669 2701 1742 ἐπαχθήσεσθαι
2740 1671 2922 1735 αὐτοῖς
2955 1668 3254 1742 μελλούσης
3284 1668 3405 1726 κατ’
3439 1667 3613 1735 ἀξίαν,
3642 1669 3741 1721 εύ-

2166 1742 2267 1835 χην
2295 1764 2435 1835 ὑπὲρ
2455 1762 2633 1817 αὐτῶν
2661 1763 2977 1835 ἀναπέμπει
3006 1762 3142 1834 πρὸς
3162 1762 3255 1815 τὸν
3274 1761 3384 1815 τῶν
3409 1760 3544 1815 ὅλων
3570 1761 3737 1814 Θεόν·
3776 1742 3787 1753 ’

2165 1856 2326 1910 τοῦτο
2350 1855 2548 1928 δηλῶν,
2586 1855 2670 1909 ὅτι
2696 1854 2768 1908 τά
2799 1856 2896 1926 μὲν
2936 1857 3065 1925 παρ’
3094 1854 3261 1910 αὐτοῦ
3297 1853 3404 1908 τῶν
3432 1855 3512 1918 εἰς
3539 1853 3740 1907 κακίαν

2170 1945 2658 2019 συμπεπλήρωται,
2703 1947 2798 2000 καὶ
2843 1947 2996 2001 οὐδὲν
3042 1947 3227 2019 ἕτερον
3271 1945 3741 2017 κεχρεωστήσεται

2167 2039 2347 2101 αὐτοῖς
2392 2038 2427 2108 ἢ
2455 2037 2579 2107 δίκη
2600 2053 2614 2067 ο
2655 2036 2813 2110 χρεία
2839 2037 2897 2092 δέ
2923 2038 3033 2092 τῶν
3054 2036 3163 2092 σῶν
3194 2036 3491 2109 οἰκτιρμῶν
3519 2037 3612 2091 καὶ
3642 2034 3738 2088 τοῦ

2170 2129 2264 2183 σοῦ
2293 2127 2466 2192 ἐλέου,
2500 2128 2576 2192 ὡς
2602 2129 2694 2182 ἐπὶ
2719 2129 2801 2183 σοὶ
2826 2127 3161 2184 πεποιθότων

2239 2220 2423 2276 Ταῦτα
2443 2223 2500 2276 δὲ
2521 2223 2550 2276 ό
2575 2223 2857 2295 προφήτης
2882 2222 3089 2292 ἔλεγεν,
3114 2223 3211 2293 οὐχ
3236 2222 3311 2286 ὡς
3330 2219 3743 2291 ἀγανακτοῦντα

2167 2314 2258 2369 τὸν
2270 2314 2402 2369 Θεὸν
2415 2314 2707 2381 διδάσκων,
2734 2314 2847 2370 ἀλλ’
2872 2314 2948 2380 ὡς
2959 2314 3039 2387 τῷ
3048 2314 3162 2386 λαῷ
3176 2315 3477 2387 προφάσεις
3488 2311 3742 2384 παρέξων

2172 2406 2282 2462 τῶν
2299 2406 2613 2479 ἀρκούντων
2639 2408 2823 2473 αὐτοῖς
2840 2409 2922 2472 είς
2950 2410 3239 2480 σωτηρίαν.
3265 2406 3455 2477 ’Δγάρ
3472 2405 3639 2475 ἐχρῆν
3649 2403 3741 2458 τὸν

2170 2498 2294 2552 λαὸν
2320 2499 2459 2570 ὑπὲρ
2478 2499 2672 2554 ἐαυτοῦ
2688 2502 2769 2563 εἰς
2803 2498 3152 2570 συναίσθησιν
3177 2497 3468 2571 ἐρχόμενον
3492 2496 3628 2568 πρὸς
3651 2496 3741 2549 τὸν

2170 2590 2302 2644 Θεὸν
2347 2590 2545 2661 λέγειν,
2574 2591 2725 2645 ταῦθ’
2751 2594 2780 2646 ὁ
2820 2592 3105 2665 προφήτης
3145 2592 3227 2655 είς
3272 2590 3508 2661 ἐπήκοον
3562 2588 3739 2643 αὐτῶν

2171 2682 2461 2754 εὐχόμενος
2496 2682 2774 2737 ἐδίδασκεν
2805 2683 3003 2747 αὐτοὺς
3039 2681 3379 2755 ἐρανίζεσθαι
3409 2680 3504 2734 τὸν
3538 2680 3739 2751 εὐσεϐῆ

2172 2773 2294 2829 νοῦν
2314 2790 2329 2805 ν
2354 2774 2441 2828 ἵνα
2467 2775 2564 2829 καὶ
2589 2774 2765 2841 αὐτοὶ,
2792 2773 2895 2829 κάν
2924 2774 3053 2843 γοῦν
3087 2773 3459 2846 μιμησάμενοι
3482 2772 3577 2827 τὸν
3610 2789 3740 2843 προ-

2172 2870 2368 2942 φήτην,
2398 2869 2538 2941 ὑπὲρ
2569 2869 2774 2924 ἑαυτῶν
2811 2868 2947 2941 πρὸς
2976 2869 3066 2922 τὸν
3098 2867 3230 2921 Θεὸν
3258 2867 3608 2937 φθέγξωνται.

2243 2982 2531 3057 Προκοπὴν
2563 2983 2801 3048 διανοίας
2821 3020 2837 3048 ,
2882 2981 2976 3036 καὶ
3019 2981 3256 3052 δίδαγμα
3301 2979 3482 3052 ψυχῆς
3536 2978 3737 3049 ἀγαθὸν

511 3072 809 3129 doctrinam
865 3072 1069 3127 indicat
1136 3086 1377 3142 praesens
1432 3068 1548 3125 haec
1612 3068 1876 3140 precatio.
1933 3062 2067 3119 Nam

2173 3078 2318 3151 δηλοῖ
2367 3078 2402 3150 ἡ
2460 3078 2794 3150 προκειμένη
2854 3075 3143 3148 προσευχὴ.
3198 3075 3310 3145 Ούχ
3359 3074 3437 3139 ὡς
3484 3074 3593 3146 γάρ
3645 3074 3736 3130 τοῦ

511 3168 650 3223 Deus
674 3180 783 3220 non
816 3180 881 3220 eo
915 3165 1061 3235 quod
1105 3162 1363 3236 procedat
1407 3163 1460 3216 in
1509 3161 1822 3223 sanctitate,
1846 3167 2069 3215 sanctus

511 3266 754 3320 vocatur,
807 3259 901 3312 sed
937 3256 1056 3326 ipse
1087 3255 1180 3326 qui
1226 3260 1481 3327 precatur
1510 3250 1725 3323 prolicit
1766 3250 1822 3305 in
1868 3249 2072 3303 sancti-

509 3358 656 3417 tate,
709 3357 764 3406 et
801 3347 1143 3421 maiestatem
1186 3346 1685 3416 sublimitatemque
1726 3342 1824 3398 Dei
1869 3339 2072 3396 intelli-

509 3444 692 3515 gentia
733 3441 1108 3513 consequitur.
1145 3439 1297 3494 Tunc
1325 3436 1472 3494 enim
1515 3434 1817 3508 praesertim
1847 3439 2071 3489 sanctus

488 3550 635 3608 ‘vere
685 3542 739 3589 et
787 3532 1038 3590 sublimis
1084 3546 1207 3587 esse
1256 3529 1400 3586 Deus
1452 3535 1797 3600 agnoscetur,
1855 3522 2072 3595 quando

509 3627 801 3701 perfectior
831 3626 1043 3680 animus
1081 3622 1370 3695 perspiciet
1393 3620 1541 3691 justa
1570 3634 1692 3676 esse
1725 3623 1923 3673 cuncta
1960 3615 2075 3671 veri

510 3719 607 3775 Dei
634 3717 865 3789 judicia.
892 3715 1024 3783 Quae
1054 3715 1273 3787 quidem
1303 3731 1447 3771 nunc
1472 3713 1539 3769 ad
1568 3710 1892 3775 Jerusalem,
1927 3722 2075 3764 nunc

513 3808 579 3862 ad
620 3822 835 3862 omnem
873 3814 1178 3862 creaturam
1210 3813 1476 3877 spectant.
1506 3803 1705 3858 Pmnas
1734 3802 1877 3858 enim
1912 3800 2076 3855 dabat

515 3899 666 3966 urbs,
694 3914 805 3954 non
842 3907 902 3954 ut
943 3897 1185 3954 funditus
1217 3906 1523 3961 erueretur,
1558 3896 1652 3953 sed
1693 3904 1751 3951 ut
1789 3893 2075 3950 erudiren-

518 3996 628 4053 tur,
669 3995 1223 4060 converterentnrque
1254 3988 1443 4043 incolae
1471 3988 1611 4059 ejus.
1890 3970 1906 3981 ”

585 4097 752 4158 Vens.
782 4104 836 4157 9.
869 4100 1042 4158 Locos
1070 4116 1169 4173 pro
1202 4102 1446 4157 locorum
1470 4100 1784 4158 cultoribus
1817 4107 2079 4170 usurpat;

516 4209 681 4250 sensu
714 4194 958 4248 carentia
1001 4193 1058 4248 in
1089 4194 1326 4249 medium
1370 4192 1600 4266 profert,
1630 4200 1686 4248 ut
1738 4209 1903 4249 sensu
1943 4207 2081 4262 pra:-

516 4285 665 4341 ditos
730 4283 941 4355 pudore
1000 4282 1244 4350 alliciat;
1289 4300 1410 4356 quae
1463 4283 1609 4339 enim
1651 4282 1719 4339 de
1767 4283 2083 4338 hominibus

2170 3170 2305 3224 Θεοῦ
2335 3172 2414 3233 είς
2457 3169 2727 3240 άγιασμὸν
2759 3169 3186 3241 προκόπτοντος,
3209 3167 3270 3219 τὸ
3309 3166 3478 3236 ἅγιος
3499 3166 3739 3237 ἐλέγετο,

2171 3259 2282 3313 ἀλλ’
2332 3258 2495 3313 αὐτοῦ
2533 3257 2627 3311 τοῦ
2658 3256 3090 3330 προσευχομένου
3133 3257 3215 3320 είς
3241 3257 3513 3327 ἀγιασμδν
3541 3274 3740 3329 προκε-

2172 3352 2400 3415 κοπότος
2425 3391 2439 3415 ,
2499 3352 2595 3405 καὶ
2656 3351 2716 3405 τὸ
2763 3350 3047 3423 μεγαλεῖον
3080 3350 3176 3404 τοῦ
3213 3350 3350 3405 Θεοῦ
3395 3352 3487 3405 καὶ
3530 3351 3739 3424 ὑψηλὸν

2173 3442 2588 3513 κατειληφότος·
2620 3442 2741 3496 τότε
2786 3442 2896 3514 γάρ
2936 3443 3169 3514 μάλιστα
3205 3442 3421 3515 ἀληθῶς
3452 3444 3605 3512 ἅγιος
3641 3448 3741 3497 καὶ

2174 3534 2375 3606 ὑψηλὸς
2400 3533 2617 3607 νοηθείη
2668 3530 2803 3587 εἶναι
2845 3533 2994 3598 Θεὸς,
3023 3535 3100 3589 ὅτ’
3136 3534 3204 3591 ἂν
3244 3534 3565 3607 προκύψασα
3593 3536 3742 3607 ψυχὴ

2174 3626 2334 3680 ἐνίδοι
2372 3625 2463 3678 τὸν
2496 3624 2678 3689 ηδντως
2728 3624 2859 3679 ὅντα
2903 3624 3036 3680 Θεὸν
3087 3624 3312 3690 δικαίως
3359 3625 3613 3698 μετιόντα
3644 3627 3743 3691 τὰς

2174 3717 2410 3791 κρίσεις
2470 3716 2627 3771 τοῦτο
2674 3717 2771 3788 μὲν
2820 3717 2908 3770 ἐπ’
2957 3716 3127 3789 αὐτῆς
3170 3717 3272 3789 τῆς
3347 3718 3743 3790 Ἰερουσαλὴμ,

2174 3808 2331 3863 τοῦτο
2356 3809 2413 3862 δέ
2461 3810 2552 3863 ἐπὶ
2585 3808 2690 3864 τῶν
2733 3809 2990 3864 καθόλου·
3022 3809 3337 3864 ἐπαιδεύετο
3363 3810 3472 3882 γὰρ
3517 3813 3553 3883 ἡ
3590 3811 3745 3877 πόλις

2175 3903 2275 3955 οὑκ
2316 3904 2396 3965 είς
2444 3901 2681 3973 παντελῆ
2725 3900 3096 3974 ἐξολόθρευσιν
3122 3941 3138 3967 ,
3192 3902 3305 3956 ἀλλ’
3337 3906 3417 3967 εις
3448 3903 3750 3975 θεραπείαν

2177 3993 2273 4047 καὶ
2300 3991 2634 4065 ἐπιστροφὴν
2676 3991 2786 4045 τῶν
2815 3991 3166 4046 ἐνοικούντων
3199 3994 3386 4066 αὐτήν.

2247 4102 2385 4166 Τοὺς
2416 4102 2612 4166 τόπους
2648 4100 2768 4156 ἀντὶ
2817 4100 2924 4155 τῶν
2956 4103 3255 4176 οἰκητόρων
3294 4105 3741 4178 παραλαμϐάνει,

2180 4196 2274 4248 καὶ
2322 4194 2391 4248 τά
2423 4193 2723 4266 ἀναίσθητα
2770 4193 3030 4267 αἰσχύνην
3055 4194 3164 4249 τῶν
3191 4196 3494 4269 αίσθητῶν·
3529 4198 3597 4253 τά
3634 4198 3741 4269 γάρ

2179 4284 2487 4357 ἁρμόζοντα
2525 4288 2611 4340 ἐπ’
2650 4286 2951 4360 ἀνθρώπων
3001 4288 3101 4360 τὴν
3143 4289 3350 4344 ἑαυτῶν
3379 4290 3588 4363 πληγὴν
3612 4307 3739 4346 πεν-

516 4376 770 4437 valebant
820 4383 1024 4434 sortem
1089 4391 1246 4433 suam
1295 4375 1643 4441 dedentibus,
1692 4390 1756 4432 ea
1810 4374 1879 4430 ad
1928 4375 2072 4431 locos

2182 4376 2414 4431 θούντων
2435 4416 2450 4442 ,
2482 4376 2654 4431 ταῦτα
2690 4380 2996 4451 μετήγαγεν
3024 4381 3051 4431 ό
3082 4380 3239 4450 λόγος
3280 4383 3371 4435 ἐπ’
3395 4383 3584 4448 αὐτοὺς
3611 4384 3741 4448 τοὺς

517 4468 667 4540 ipsos
715 4469 883 4526 refert
932 4469 1373 4542 ingemiscentes,
1414 4469 1823 4545 propemodum,
1864 4475 1919 4525 et
1953 4482 2080 4541 par-

519 4558 805 4625 turientes,
836 4568 895 4615 ut
920 4563 996 4616 ait
1034 4560 1369 4632 Apostolus"
1398 4578 1413 4630 ;
1464 4576 1696 4633 quorum
1719 4559 1882 4617 simul
1916 4559 2079 4615 deso-

519 4649 777 4707 lationem
823 4662 1085 4707 memorat
1131 4652 1385 4709 omnibus
1434 4653 1783 4725 perspicuam
1848 4651 2078 4706 manife-

518 4750 767 4821 stamque
796 4743 1052 4798 futuram.

591 4855 757 4912 Vens.
803 4856 888 4911 i5.
936 4855 1202 4925 Populum
1243 4858 1581 4929 opprimente
1629 4857 1737 4915 Deo
1782 4874 1882 4929 per
1914 4858 2082 4930 Assy-

520 4948 658 5014 rios,
694 4965 803 5006 non
840 4948 1036 5005 vicinia
1083 4957 1294 5005 tantum
1331 4952 1647 5022 stupebunt,
1680 4952 1773 5008 sed
1811 4960 1865 5007 et
1890 4953 1983 5022 qui
2015 4953 2083 5007 de

519 5038 679 5111 longe
729 5038 992 5105 audient;
1063 5041 1470 5098 confundentur
1530 5044 1683 5112 impii
1752 5044 1808 5097 in
1864 5042 2083 5100 Jerusa-

520 5131 646 5187 lem.

592 5312 720 5370 Car.
750 5311 993 5379 XXXIV,
1021 5312 1188 5372 Vens.
1223 5316 1312 5385 12,
1341 5318 1425 5373 13.
1452 5316 1765 5389 Rhapsaces
1790 5319 1993 5374 dicitur
2018 5334 2080 5372 ex

520 5403 836 5475 captivitate
876 5405 1050 5463 fuisse
1103 5408 1286 5465 decem
1344 5408 1608 5475 tribuum,
1656 5419 1710 5465 et
1754 5410 1859 5467 hoc
1907 5426 1971 5467 ex
2021 5427 2087 5468 eo

423 5551 426 5559 ,
522 5497 926 5566 comprobatur,
966 5500 1110 5568 quod
1148 5500 1379 5570 potuerit
1407 5499 1630 5559 Judaice
1655 5502 1825 5573 loqui.

598 5657 618 5688 ⁹
637 5654 791 5712 Rom.
832 5674 946 5722 Vill,
988 5659 1076 5710 22.

2180 4470 2377 4535 τόπους
2400 4470 2679 4542 μονονουχὶ
2701 4471 3050 4537 στενάζοντας
3072 4475 3165 4527 καὶ
3196 4474 3578 4540 συνωδίνοντας
3601 4475 3751 4529 κατά

2180 4563 2271 4616 τὸν
2311 4562 2633 4616 Ἀποστόλου
2661 4562 2816 4632 λόγον
2834 4579 2847 4593 ·
2870 4556 2944 4616 ὧν
2968 4564 3064 4636 τὴν
3083 4566 3362 4637 ἐρήμωσιν
3390 4568 3626 4638 φανερὰν
3652 4568 3748 4623 καὶ

2183 4652 2403 4725 ἔκδηλον
2435 4656 2548 4719 τοῖς
2581 4654 2714 4707 πᾶσι
2751 4652 2964 4724 μηνύει.

2267 4856 2389 4910 Ἐπὶ
2436 4859 2501 4927 τῇ
2554 4855 2823 4930 μελλούσῃ
2858 4855 3008 4927 παρά
3059 4855 3153 4910 τοῦ
3207 4858 3344 4912 Θεοῦ
3374 4860 3553 4935 πληγῇ
3597 4864 3755 4936 παρὰ

2187 4948 2297 5002 τῶν
2350 4949 2647 5021 Ἀσσυρίων
2701 4948 3103 5022 ἐπαχθήσεσθαι
3177 4952 3239 5005 ού
3301 4952 3460 5025 μόνον
3507 4957 3557 5008 οἱ
3617 4957 3762 5028 πλη-

2191 5041 2304 5096 σίον
2355 5039 2523 5112 χῶροι
2555 5042 3036 5129 ἐκπλαγήσονται.
3086 5046 3221 5101 ἀλλὰ
3248 5048 3341 5102 καὶ
3372 5049 3421 5101 οἱ
3470 5048 3761 5121 πόρρωθεν

2190 5131 2525 5195 ἀκούσαντες
2544 5147 2557 5160 ·
2613 5133 2663 5183 οἱ
2692 5132 2791 5203 τῆς
2829 5135 3182 5208 Ἰερουσαλὴμ
3212 5137 3427 5202 ἀσεϐεῖς
3458 5140 3761 5212 αίσχυνθη-

2192 5241 2391 5278 σονται.

2274 5317 2332 5370 'O
2376 5314 2652 5384 Ῥαψάκης
2698 5313 2913 5384 λέγεται
2970 5320 3035 5372 ἐκ
3065 5320 3160 5392 τῆς
3201 5321 3576 5393 αίχμαλωσίας
3617 5317 3759 5377 εἶναι

2192 5406 2302 5462 τῶν
2327 5406 2457 5460 δέκα
2507 5404 2710 5476 φυλῶν,
2758 5408 2860 5461 ’καὶ
2900 5408 3059 5465 τοῦτο
3099 5413 3390 5486 τεκμήριον
3421 5409 3654 5472 εἶναιτὸ
3681 5420 3758 5474 εί-

2193 5503 2340 5558 δὲναι
2377 5499 2539 5554 αὐτὸν
2583 5498 2884 5555 Ἰουδαῖστί.
