4116 6332
420 407 555 462 15Ξ9

1877 410 1941 465 ΙΝ
1983 410 2232 467 ISAIAM.

3512 397 3643 449 1550

487 521 844 590 Σημειωτεον,
879 512 953 587 ὡς
984 525 1039 577 ἐν
1194 526 1525 597 προκειμένῃ
1573 526 1780 597 ίστορίᾳ
1805 526 1893 579 ’ἐν
1921 530 1986 598 τῇ

2157 525 2285 579 Car.
2322 519 2606 581 XXXVIII,
2644 518 2808 572 Vnus.
2846 518 2897 579 1,
2936 515 2989 570 2.
3042 513 3357 567 Notandunr
3377 521 3459 567 est
3502 522 3559 565 ut
3592 514 3646 566 iu

420 611 584 681 βίϐλῳ
627 613 735 665 τῶν
801 616 1287 686 Παραλειπομένων
1337 618 1623 689 δεδήλωται
1658 657 1671 671 .
1705 659 1717 672 .
1746 658 1759 671 .
1789 619 1979 691 ἀρθέν-

416 721 505 766 τος
534 704 627 757 καὶ
659 704 1051 777 ὑψηλαυχενίαν
1098 711 1420 780 νοσήσαντος
1448 726 1460 738 ·
1514 712 1816 783 γέγραπται
1841 714 1976 784 γόιρ⁸

423 811 441 843 ι
494 794 857 867 Ἐταπεινώθη
900 798 1145 862 Ἐζεκίας
1206 801 1314 853 ἀπὸ
1372 801 1465 853 τοῦ
1495 801 1659 871 ὕψους
1700 804 1798 875 τῆς
1849 822 1983 874 καρ-

417 880 535 946 δίας
560 883 792 937 αὑτοῦ...
818 904 834 936 ι
859 887 981 939 νοῦν
997 887 1267 952 λαϐόντος·
1300 891 1382 943 ὅτι
1408 890 1470 962 δὴ
1494 893 1694 957 ἐκεῖνός
1724 895 1858 946 ἐστι·
1892 895 1983 947 καὶ

419 978 497 1038 είς
539 977 726 1028 ἑαυτὸν
779 977 847 1029 τὰ
881 1020 929 1033 ..
957 1020 969 1031 .
1029 980 1287 1047 ἀγγελίας
1326 984 1709 1053 περιστήσεται
1756 985 1853 1047 τὰς
1905 986 1983 1047 είς

418 1069 506 1119 τὸν
535 1068 757 1139 Σωτῆρα
785 1072 816 1139 ἡ
829 1069 941 1140 μῶν
988 1071 1186 1141 προλεχ
1227 1070 1458 1144 [θείσας]
1483 1090 1495 1105 ο
1544 1075 1636 1127 τοῦ
1668 1074 1777 1143 γὰρ
1811 1077 1984 1143 ’Ἄχας

419 1156 620 1225 πατρὸς
647 1156 808 1209 αὑτοῦ
835 1157 1209 1229 διαδεξαμένου
1232 1160 1326 1232 τὴν
1349 1164 1699 1233 προφητείαν,
1714 1164 1793 1228 τὸ,
1814 1184 1831 1215 ι
1855 1166 1982 1219 Ἰδοὺ

420 1251 451 1319 ἡ
478 1247 745 1317 παρθένος
777 1252 832 1301 ἐν
861 1252 1057 1321 γαστρὶ
1080 1251 1339 1322 λήψεται,
1394 1254 1487 1306 καὶ
1532 1254 1742 1319 τέξεται
1774 1257 1886 1308 υἱόν
1906 1273 1918 1287 ⁸
1960 1276 1978 1307 ι

418 1338 694 1407 τεχθέντος
733 1339 790 1391 δὲ
823 1340 1009 1393 τούτου
1050 1343 1186 1412 μετὰ
1240 1344 1339 1415 τὴν
1397 1347 1729 1416 προφητείαν
1754 1386 1767 1409 ,
1826 1347 1984 1418 ἔμενε

419 1428 559 1481 τοῦτ’
590 1429 726 1499 ἔχων
752 1432 890 1485 κατὰ
916 1432 1149 1487 διάνοιαν
1189 1437 1272 1503 ἐφ’
1302 1436 1491 1489 ἐαυτοῦ
1520 1477 1535 1499 ,
1596 1438 1730 1508 μήτε
1790 1439 1986 1509 γάμοις

419 1517 622 1588 ὁμιλῶν
671 1521 763 1573 καὶ
813 1522 1110 1593 παρθενίαν
1161 1525 1342 1579 ἀσκῶν
1370 1546 1381 1556 ⁸
1442 1528 1516 1591 ώς
1554 1525 1615 1599 δὴ
1658 1531 1749 1581 καὶ
1796 1530 1854 1582 τὸ
1885 1547 1984 1601 σηο

425 1614 572 1680 μεῖον
601 1609 699 1680 τῆς
738 1612 997 1676 πτώσεως
1024 1615 1130 1667 τῶν
1163 1620 1277 1685 ρπε¹
1310 1617 1559 1686 χιλιάδων
1587 1620 1847 1687 ἐγεγόνει,
1888 1621 1985 1691 τὴν

422 1700 614 1754 ἑαυτοῦ
647 1702 971 1773 κηδεμονίαν
1013 1708 1453 1779 ἐπιδεικνυμένου
1484 1709 1577 1763 τοῦ
1622 1711 1755 1763 Θεοῦ
1779 1752 1792 1774 ,
1826 1711 1984 1781 ἔμενέ

419 1806 478 1841 τε
514 1789 873 1861 ἀπολέμητος,
919 1795 1288 1865 τροπουμένου
1340 1797 1432 1851 τοῦ
1487 1799 1619 1853 Θεοῦ
1654 1801 1780 1864 τοὺς
1829 1804 1985 1855 ἐναν-

2082 616 2182 669 hac
2225 616 2450 669 historia
2502 627 2621 681 qua:
2672 609 2811 663 libro
2856 606 3303 675 Paralipomenon
3354 605 3396 634 “
3451 620 3649 657 narra-

2085 717 2173 763 tur
2214 708 2358 779 (5)...
2400 704 2749 774 superhieute
2793 708 2846 754 ct
2890 697 3216 753 insolentius
3263 710 3322 750 se
3368 694 3642 748 eﬂ‘erente.

2086 798 2358 869 Scriptum
2407 804 2491 850 cst
2534 796 2677 847 enim
2707 810 2720 845 :
2754 810 2771 841 ι
2811 789 3141 843 Humiliatus
3188 794 3273 840 est
3323 784 3546 839 Ezecias
3581 785 3649 839 ab

2084 891 2368 945 altitudine
2412 887 2593 942 cordis
2638 886 2721 940 sui
2777 885 2887 937 ¹¹...
2937 902 2955 934 ι
3006 882 3280 951 cogitante
3333 897 3348 932 :
3392 893 3451 932 se
3494 878 3646 930 Chri-

2086 990 2227 1039 stum
2262 997 2402 1044 esse,
2447 979 2512 1033 ad
2554 979 2731 1047 ipsum
2769 982 3016 1045 spectare
3058 970 3317 1025 vaticinia
3348 968 3415 1024 de
3459 969 3650 1023 Salva-

2085 1085 2207 1130 tore
2238 1073 2465 1143 prolata.
2506 1070 2641 1125 Cum
2680 1068 2825 1124 enim
2858 1076 3013 1136 pater
3040 1065 3159 1135 ejus
3202 1063 3385 1117 Achaz
3418 1060 3649 1131 prophe-

2084 1165 2215 1218 tiam
2241 1164 2386 1216 illam
2420 1160 2683 1215 audiisset
2718 1178 2729 1211 :
2770 1174 2789 1210 ι
2835 1156 2975 1211 Ecce
3004 1156 3157 1225 virgo
3198 1155 3253 1209 in
3285 1162 3438 1207 utero
3467 1151 3651 1206 conci-

2087 1256 2199 1325 piet
2241 1264 2294 1309 et
2327 1253 2498 1323 pariet
2530 1250 2779 1315 filium",
2821 1269 2839 1301 ι
2889 1256 3051 1303 natus
3088 1246 3310 1301 Ezecias
3360 1251 3483 1313 post
3527 1256 3646 1296 eam

2085 1348 2425 1418 prophetiam
2474 1346 2738 1414 innuptus
2782 1340 3044 1396 remansit
3074 1346 3129 1394 et
3156 1337 3455 1409 virginitati
3500 1333 3653 1389 dedi-

2088 1452 2197 1508 tus,
2232 1441 2375 1513 quod
2409 1441 2565 1495 istam
2598 1438 2665 1493 de
2714 1437 3009 1506 semetipso
3035 1434 3389 1505 profitebatur
3432 1439 3653 1486 senten-

2087 1538 2238 1590 tiam.
2281 1532 2381 1588 Ubi
2433 1542 2614 1587 autem
2657 1530 2872 1599 signum
2913 1528 3145 1598 accepit,
3187 1525 3394 1580 cladem
3432 1531 3649 1577 centum

2087 1626 2361 1693 octoginta
2410 1623 2652 1693 quinque
2702 1621 2932 1675 millium
2960 1620 3025 1685 ¹³,
3082 1618 3190 1673 Deo
3236 1617 3409 1686 ipsius
3464 1629 3650 1669 curam

2087 1722 2327 1786 gerente,
2354 1725 2407 1767 et
2438 1713 2629 1767 bellica
2663 1712 2905 1782 pericula
2940 1710 3194 1765 facillime
3224 1709 3431 1778 eﬂugit,
3466 1708 3650 1760 hostes

2092 1808 2312 1878 fugante
2368 1805 2499 1869 Deo,
2543 1803 2916 1860 confirmatior
2956 1802 3118 1857 etiam
3174 1802 3229 1854 in
3278 1815 3339 1854 ea
3385 1798 3649 1854 sententia

420 1880 587 1946 τίους,
632 1884 830 1954 μᾶλλον
856 1886 923 1940 τὰ
951 1886 1053 1956 τῆς
1087 1888 1337 1953 ὑπονοίας
1375 1893 1571 1964 ἐκύρου
1616 1894 1744 1965 παρ’
1772 1894 1949 1965 ἐαυτῷ
1969 1935 1982 1959 ,

2091 1899 2266 1953 factus
2323 1905 2425 1960 est,
2483 1912 2542 1951 se
2596 1902 2970 1965 exspectatura
3041 1894 3192 1947 illum
3256 1908 3377 1947 esse
3458 1891 3644 1945 Deum.

419 1974 497 2035 ὡς
528 1974 592 2027 ἂν
629 1967 832 2040 ἐκεῖνος
860 1976 937 2030 ὣν
970 1980 997 2031 6
1029 1981 1474 2052 προσδοκώμενος
1499 1984 1630 2047 Θεός
1651 2001 1663 2013 ·
1712 1986 1890 2038 τοίνυν
1928 1986 1988 2051 ἐξ

419 2058 493 2117 ὧν
520 2066 625 2119 ἔδει
659 2068 910 2137 μάλιστα,
960 2073 1304 2143 ἐπανήγαγεν
1343 2075 1503 2129 αὐτὸν
1553 2079 1631 2139 είς
1658 2076 1838 2148 νῆψιν,
1895 2082 1988 2133 καὶ

423 2160 533 2220 τοῖς
558 2160 657 2229 τῆς
681 2160 894 2229 φύσεως
924 2165 1322 2235 συμπτώμασιν
1363 2168 1627 2240 ἐκέχρητο
1661 2172 1778 2224 κατ’
1824 2172 1986 2225 αὑτοῦ

425 2252 503 2313 είς
538 2255 911 2323 σωφρονισμόν
931 2274 942 2286 ·
979 2255 1379 2329 μαλακισθῆναι
1406 2260 1513 2332 γὰρ
1543 2262 1703 2314 αὐτὸν
1758 2262 1989 2333 συνεχώ-

426 2360 528 2412 ρει,
560 2346 654 2398 καὶ
699 2346 789 2399 τὸν
830 2348 963 2399 πόδα
991 2349 1280 2418 ὑπομένειν
1322 2352 1490 2421 σῆψιν
1535 2353 1627 2406 καὶ
1662 2352 1841 2426 λώϐην
1891 2356 1987 2406 αὐ-

422 2438 512 2491 τὸν
547 2439 884 2510 ἐκδέχεσθαι.
927 2442 984 2495 Ὀ
1014 2444 1189 2496 τοίνυν
1244 2446 1531 2516 μακάριος,
1569 2448 1647 2510 είς
1694 2448 1848 2500 νόσον
1890 2448 1988 2519 τὴν

424 2531 808 2602 προλεχθεῖσαν
839 2534 1220 2606 καταστρέψας
1240 2577 1254 2600 ,
1291 2537 1504 2608 ἐδέχετο
1526 2538 1613 2591 διὰ
1637 2538 1728 2593 τοῦ
1775 2543 1988 2611 προφή-

423 2636 515 2673 του
563 2622 783 2673 Ἡσαΐου
814 2623 1118 2695 πρόρρησιν
1170 2626 1296 2695 περὶ
1322 2625 1417 2678 τοῦ
1451 2626 1857 2695 καταλήψεσθαι
1888 2628 1988 2680 αὐ-

424 2713 513 2768 τὸν
559 2714 845 2783 μέλλοντος
869 2714 1101 2770 θανάτου
1128 2732 1144 2748 °
1172 2718 1264 2769 ml.
1294 2719 1374 2782 είς
1411 2718 1755 2789 συναίσθησιν
1797 2719 1986 2783 ἐλθὼν,

425 2804 517 2857 καὶ
558 2802 645 2855 διὰ
678 2803 785 2855 τῶν
821 2804 1008 2857 παθῶν
1041 2805 1121 2867 είς
1164 2806 1489 2874 κατανόησιν
1529 2807 1630 2875 τῆς
1658 2805 1850 2858 ἑαυτοῦ
1887 2805 1988 2876 φύ-

427 2913 562 2958 σεως
617 2895 879 2964 ὲναχθεὶς,
916 2914 935 2946 ‹
975 2895 1231 2959 Διάταξαι
1281 2898 1409 2965 περὶ
1461 2897 1553 2949 τοῦ
1588 2897 1737 2949 οἴκου
1801 2915 1892 2950 σου
1918 2936 1933 2960 ,
1965 2916 1983 2947 ι

423 2989 674 3057 ἤκουσεν,
711 2987 786 3049 ὼς
830 2987 902 3056 μὴ
925 2985 1138 3055 ἔχοντος
1176 2985 1267 3038 τὸν
1303 2986 1672 3056 διαδεξόμενον
1707 2988 1804 3058 τὴν
1837 2987 1991 3057 βασι-

425 3077 608 3142 λείαν,
647 3078 739 3129 ἐπὶ
770 3077 829 3129 τὸ
874 3078 1163 3148 φάρμακον
1221 3078 1321 3148 τῆς
1381 3080 1667 3148 μετανοίας
1711 3080 1987 3150 ἐτρέπετο.

425 3168 777 3239 Περιστείλας
818 3168 927 3240 γὰρ
959 3168 1057 3233 τὰς
1086 3168 1278 3222 ἐαυτοῦ
1334 3170 1615 3242 αἰσθήσεις
1654 3170 1761 3224 τῶν
1805 3188 1991 3242 περιτ-

425 3259 534 3313 τῶν
569 3261 897 3329 φαντασιῶν,
950 3263 1045 3315 καὶ
1071 3262 1259 3334 ῶσπερ
1293 3264 1627 3335 εἰσοικισμὺν
1670 3263 1862 3317 ἑαυτοῦ
1902 3282 1992 3317 κα-

424 3355 734 3419 τακλείσας,
770 3357 1003 3428 στρέψας
1026 3375 1082 3411 τε
1120 3358 1180 3410 τὸ
1226 3359 1512 3429 πρόσωπον
1546 3359 1637 3411 ἐπὶ
1673 3360 1762 3411 τὸν
1795 3361 1990 3428 τοῖχον,

426 3448 615 3519 καιρὸν
647 3448 813 3501 ἐδίδου
846 3452 910 3518 τῇ
947 3448 1137 3502 ἑαυτοῦ
1168 3449 1310 3520 ψυχῇ
1354 3451 1741 3522 ἐπανατρέχειν
1777 3451 1867 3504 ἐπὶ
1902 3450 1994 3503 τὸν

428 3540 625 3610 ἑαυτῆς
667 3540 972 3611 Δεσπότην,
1028 3542 1123 3594 καὶ
1178 3541 1264 3594 διὰ
1304 3542 1613 3613 προσευχῆς
1656 3542 1993 3611 καρποῦσθαι

425 3632 524 3701 τὴν
579 3629 671 3684 τοῦ
713 3631 965 3703 σώματος
994 3634 1137 3686 ἴασιν
1170 3650 1183 3664 ’
1234 3632 1389 3686 τοῦτο
1431 3634 1550 3686 ἀντί⁸
1597 3633 1994 3705 δυσωπήματος

426 3724 740 3794 προσάγων,
775 3725 853 3777 ὅτι
899 3725 987 3777 Ἐν
1017 3724 1244 3797 ἀφελείᾳ
1270 3725 1444 3795 ψυχῆς
1476 3726 1569 3777 καὶ
1609 3724 1834 3795 ἀληθινῇ
1863 3742 1996 3797 καρ-

426 3812 516 3883 δίᾳ
564 3815 907 3885 πεπόρευμαι
948 3812 1176 3868 ἐνώπιόν
1233 3832 1345 3868 σου.
1379 3815 1609 3882 Λέγεται
1658 3816 1749 3868 καὶ
1797 3817 1854 3869 ἐν
1883 3820 1995 3879 τοῖς

427 3905 611 3969 τόποις
634 3908 726 3960 καὶ
763 3908 948 3982 ἕτερόν
974 3926 1043 3969 τι,
1073 3910 1152 3962 ὄτι
1177 3949 1192 3974 ,
1233 3908 1326 3961 τοῦ
1360 3909 1700 3980 Σολομῶντος
1735 3909 1995 3979 βασιλέως

428 3996 487 4047 ἐν
542 3996 709 4070 στήλῃ
754 3999 1121 4069 ἐγγράψαντος
1172 4000 1239 4054 τὰ
1289 4000 1492 4069 φυσικὰ
1551 4000 1659 4053 τῶν
1697 4000 1994 4071 θεραπειῶν

429 4086 520 4140 τοῦ
551 4088 818 4159 σώματος,
873 4092 966 4145 καὶ
1020 4092 1220 4165 ταύτην
1259 4094 1675 4165 ἀναστήσαντος,
1734 4095 1763 4145 6
1819 4094 1993 4164 μακά-

435 4192 546 4244 ριος
582 4176 847 4243 Ἐζεκίας,
898 4179 1172 4243 καθελὼν,
1221 4182 1306 4234 ἱῖνα
1369 4182 1442 4254 μὴ
1488 4183 1516 4234 ὁ
1562 4182 1686 4246 λαὸς
1741 4183 1993 4252 ἀσχολίαν

431 4264 529 4338 ἔχῃ
577 4266 669 4320 τοῦ
708 4268 1037 4337 ἀφίστασθαι
1086 4270 1177 4322 τοῦ
1215 4270 1348 4322 Θεοῦ
1374 4310 1388 4334 ,
1427 4272 1483 4324 ἐν
1529 4272 1606 4342 τῷ
1643 4271 1832 4325 ἑαυτοῦ
1864 4273 1995 4343 οἴκῳ

430 4360 511 4420 εἰς
568 4360 659 4412 τὸν
697 4364 871 4431 τοῖχον
914 4362 1187 4434 mmm-
1246 4365 1460 4432 λέγεται
1495 4361 1607 4431 οὖν,
1656 4368 1711 4418 ἐν
1754 4366 1830 4436 τῷ
1863 4368 1995 4419 ἀπο-

434 4451 658 4521 στρέψαι
688 4454 849 4507 αὐτὸν
896 4454 1030 4525 πρὸς
1071 4456 1160 4509 τὸν
1186 4459 1383 4527 τοῖχον,
1434 4458 1553 4510 ἀντὶ
1600 4457 1993 4528 δυσωπήματος

2088 1988 2387 2059 Aptissima
2437 1987 2603 2056 igitur
2640 1986 2853 2038 ratione
2907 1997 3173 2037 revocans
3219 1996 3342 2036 eum
3388 1979 3529 2033 Deus
3581 1978 3649 2032 ad

2086 2078 2322 2141 saniora,
2359 2078 2548 2131 morbo
2618 2092 2751 2130 usus
2814 2081 2918 2135 est,
2992 2089 3100 2143 quo
3153 2088 3277 2127 eum
3328 2071 3648 2141 sapientiam

2087 2169 2306 2223 doceret
2348 2175 2655 2238 :azgrotare
2705 2182 2825 2220 eum
2866 2180 3059 2235 passus
3095 2173 3199 2228 est,
3230 2172 3282 2217 et
3334 2163 3495 2233 pedes
3552 2178 3652 2231 pu-

2088 2261 2295 2317 tredine
2320 2262 2525 2325 vitiari,
2562 2268 2616 2315 et
2640 2259 2868 2315 summis
2898 2257 3041 2311 aftici
3072 2256 3428 2311 cruciatibus.
3457 2254 3651 2308 Beatus

2087 2351 2251 2421 igitur
2296 2350 2516 2405 Ezecias
2557 2365 2679 2404 cum
2720 2348 2979 2418 praedicto
3025 2348 3217 2401 morbo
3263 2345 3569 2405 laboraret,
3620 2358 3651 2395 a

2090 2443 2351 2513 propheta
2383 2442 2521 2498 lsaia
2562 2440 2803 2497 monitus
2846 2448 2929 2493 est
2961 2437 3027 2493 de
3070 2437 3367 2491 imminenti
3406 2436 3515 2503 jam
3547 2435 3651 2489 sibi

2088 2543 2302 2601 morte;
2345 2541 2474 2589 tunc
2498 2534 2583 2588 sui
2615 2533 2871 2587 conscius
2901 2532 3103 2592 factus,
3139 2535 3192 2583 et
3224 2544 3319 2599 per
3350 2528 3565 2582 dolores
3586 2526 3653 2579 de

2089 2638 2281 2682 natura
2314 2641 2411 2681 sua
2456 2625 2702 2691 edoctus,
2752 2623 2939 2678 domui
2981 2637 3093 2678 sua:
3136 2620 3423 2676 consulere
3462 2620 3653 2687 jussus

2088 2722 2193 2779 est,
2224 2723 2277 2770 et
2308 2715 2592 2770 deficiente
2629 2714 2721 2785 qui
2749 2728 2976 2783 regnum
3022 2711 3345 2780 susciperet,
3373 2710 3437 2764 ad
3478 2723 3654 2763 reme-

2088 2807 2236 2861 dium
2272 2807 2601 2875 poeuiteutiae
2628 2806 2891 2874 confugit.
2916 2802 3048 2855 Nam
3073 2802 3370 2870 repudiatis
3402 2800 3653 2854 sensibus

2088 2898 2155 2952 de
2181 2897 2555 2967 praestantiore
2575 2905 2768 2950 natura
2795 2906 2846 2949 et
2870 2895 3016 2949 velut
3033 2894 3181 2947 aditu
3203 2893 3268 2947 ad
3291 2907 3348 2947 se
3368 2891 3650 2954 obstricto,

2088 3006 2349 3046 conversa
2393 2990 2529 3043 facie
2580 2989 2646 3042 ad
2698 2989 2990 3057 parietem,
3029 2986 3203 3041 locum
3270 2984 3416 3038 dedit
3472 2985 3654 3036 animo

2091 3083 2377 3138 Dominum
2448 3097 2604 3137 suum
2650 3079 2874 3151 rogandi
2911 3118 2925 3144 ,
2977 3085 3031 3133 et
3078 3076 3357 3133 obtinendi
3409 3074 3651 3144 corporis

2093 3175 2397 3229 sanitatem.

2167 3264 2332 3319 Vens.
2362 3266 2415 3320 3.
2442 3263 2525 3317 Nil
2566 3264 2709 3317 aliud
2743 3262 2808 3316 ad
2851 3259 3172 3331 placandum
3208 3257 3373 3311 Deum
3403 3255 3652 3328 protulit,

2097 3356 2200 3411 nisi
2234 3373 2246 3408 :
2276 3354 2335 3410 In
2364 3355 2709 3425 simplicitate
2738 3354 2904 3406 animi
2937 3362 2989 3405 et
3021 3352 3074 3403 in
3109 3349 3270 3403 corde
3305 3362 3435 3401 vero
3458 3347 3655 3399 ambu-

2095 3447 2200 3502 lavi
2234 3462 2417 3501 coram
2454 3454 2527 3500 te.
2568 3442 2787 3515 Legitur
2812 3444 2975 3498 etiam
3017 3450 3070 3495 et
3098 3438 3264 3502 aliud,
3306 3437 3655 3505 iuscripsisse

2096 3541 2303 3596 scilicet
2367 3538 2711 3593 Salomonem
2765 3550 2947 3605 regem
2992 3534 3048 3587 in
3103 3533 3359 3586 columna
3414 3528 3655 3584 remedia

2095 3634 2293 3704 quibus
2336 3631 2540 3687 sanitas
2580 3631 2823 3700 corporis
2869 3627 3272 3687 restitueretur,
3311 3632 3363 3678 et
3392 3638 3513 3679 eam
3554 3636 3653 3675 ex-

2098 3727 2398 3792 Struxisse;
2442 3723 2686 3778 eamdem
2747 3735 2874 3775 vero
2936 3724 3124 3787 postea
3168 3730 3199 3769 a
3252 3715 3408 3769 beato
3462 3711 3655 3766 Ezecia

2099 3818 2265 3871 fuisse
2313 3815 2567 3878 ablatam,
2615 3828 2682 3868 ne
2726 3812 2958 3882 populus
3001 3808 3195 3864 exinde
3245 3819 3465 3861 causam
3523 3802 3655 3858 defi-

2096 3907 2272 3963 cicndi
2301 3922 2331 3960 a
2358 3905 2467 3960 Deo
2492 3913 2729 3976 caperet,
2765 3912 2818 3957 et
2850 3903 2903 3955 in
2936 3902 3106 3971 ipsius
3126 3900 3286 3955 domo
3315 3899 3368 3951 in
3394 3896 3653 3966 parietem

2096 4001 2492 4064 constitutam;
2544 4012 2667 4052 cum
2710 3997 2874 4067 igitur
2904 3995 3096 4048 faciem
3134 3991 3201 4046 ad
3234 3990 3492 4061 parietem
3522 4003 3655 4042 con—

2094 4098 2352 4156 verteret,
2376 4089 2441 4143 ad
2469 4087 2790 4158 placandum
2823 4084 2987 4140 Deum
3019 4086 3286 4139 columnae
3340 4078 3654 4134 memoriam

2095 4197 2352 4237 revocare
2400 4182 2552 4237 visus
2594 4190 2698 4237 est.
2740 4180 2890 4234 Hanc
2938 4192 3151 4235 summo
3180 4191 3301 4230 cum
3342 4172 3522 4229 studio
3553 4185 3655 4223 au-

2098 4272 2375 4327 ferendam
2407 4273 2594 4327 curavi
2623 4288 2691 4326 ne
2718 4278 2925 4341 pateret
2952 4269 3152 4341 populo
3191 4268 3276 4320 via
3308 4266 3373 4318 ad
3410 4264 3657 4333 impieta-

2096 4376 2224 4421 tem.
2288 4364 2594 4419 Notandum
2654 4379 2870 4434 quoque
2916 4364 3004 4418 hic
3059 4376 3165 4415 una
3209 4374 3343 4413 voce
3390 4353 3658 4410 l’iebraica

2100 4456 2362 4526 parietem
2410 4463 2465 4510 et
2517 4456 2826 4509 columnam
2890 4454 3017 4507 dici.
3073 4452 3281 4506 ldcirco
3328 4448 3531 4518 optime
3582 4447 3658 4499 ita

433 4542 644 4613 ἐκείνην
673 4543 1066 4614 προϐάλλεσθαι
1088 4544 1186 4617 τὴν
1226 4545 1427 4617 στήλην
1449 4562 1460 4577 ο
1496 4548 1615 4599 Ὀτι
1650 4546 1712 4616 δὴ
1764 4546 1988 4616 σπουδὴν

2102 4564 2295 4604 sonare
2333 4554 2511 4617 potest
2557 4550 2843 4602 conversio
2874 4545 3082 4600 Ezecia:
3121 4543 3189 4597 ad
3234 4541 3514 4611 parietem.
3548 4534 3659 4590 Nec

433 4631 630 4704 ἐθεμην
679 4635 882 4707 ταύτην
915 4637 1230 4702 ἀνελέσθαι,
1282 4639 1417 4708 πρὸς
1462 4639 1521 4691 τὸ
1562 4639 1634 4710 μὴ
1694 4635 1830 4692 εἶναι
1899 4642 1988 4710 ἐμ-

2103 4641 2244 4695 facta
2269 4648 2353 4695 est
2390 4642 2506 4696 sine
2539 4640 2793 4711 lacrymis
2822 4636 3133 4709 deprecatio
3168 4633 3311 4704 ejus,
3337 4631 3430 4711 sed
3464 4641 3658 4699 magna

432 4726 611 4779 πόδιον
656 4727 733 4797 τῷ
790 4728 899 4799 λαῷ
938 4730 1034 4782 τοῦ
1066 4733 1146 4794 είς
1178 4731 1275 4802 τὴν
1321 4731 1627 4785 θεοσέϐειαν
1663 4733 1835 4784 τόνου.
1890 4732 1988 4784 Καὶ

2103 4736 2403 4803 ploratione
2433 4734 2681 4804 ploravit.

429 4816 588 4871 τοῦτο
647 4818 703 4869 δὲ
733 4820 1022 4888 ἀναγκαῖον
1082 4823 1436 4895 μνημονεύειν
1463 4863 1477 4889 ,
1515 4822 1590 4885 ὼς
1631 4825 1805 4892 τοῖχος
1852 4825 1944 4876 καὶ
1984 4825 2146 4897 στήλη
2180 4828 2244 4896 τῇ
2300 4827 2435 4897 αὐτῇ
2474 4828 2622 4897 φωνῇ
2670 4825 2768 4894 τῆς
2807 4821 3080 4894 Ἐἤραῖδος
3116 4818 3404 4871 λέλεκται·
3471 4810 3658 4877 διόπερ

435 4909 666 4978 μάλιστα
696 4912 790 4965 καὶ
823 4916 901 4977 είς
962 4914 1119 4967 τοῦτο
1171 4914 1472 4985 ἐξελήίρθη,
1514 4915 1545 4984 ἦ
1611 4916 1689 4978 είς
1749 4914 1838 4968 τὸν
1874 4917 2047 4984 τοῖχον
2096 4915 2257 4968 αὐτοῦ
2298 4916 2652 4988 ἀποστροφή*
2691 4915 2789 4985 τὴν
2834 4912 2888 4965 δὲ
2938 4908 3243 4980 προσευχὴν
3293 4904 3524 4959 ἐποιεῖτο
3556 4900 3657 4952 οὐκ

432 5001 559 5054 ἄνευ
614 5004 882 5075 δακρύων,
932 5005 1064 5059 ἀλλὰ
1104 5007 1197 5059 καὶ
1230 5005 1437 5061 πολλῶν
1464 5005 1685 5059 τούτων.

504 5094 674 5164 ’Υψος
706 5097 925 5167 ἡμερῶν
978 5097 1124 5166 λέγει
1170 5099 1267 5169 τὴν
1296 5099 1653 5170 ἐγγενομένην
1698 5103 1765 5171 τῇ
1792 5100 1997 5170 διανοίᾳ

434 5185 597 5238 αὑτοῦ
631 5188 1045 5258 ὑψηλαυχενίαν,
1102 5193 1189 5260 ὑφ’
1242 5188 1309 5263 ἧς
1357 5192 1737 5263 συνεχόμενος,
1774 5192 1996 5263 ἔμελλον

432 5273 528 5345 τὴν
551 5278 785 5346 ἐμαυτοῦ
812 5279 954 5351 ζωὴν
976 5282 1388 5354 ὑποτέμνεσθαι·
1418 5284 1585 5339 ταῦτα
1605 5284 1995 5355 διανοούμενος,

432 5366 552 5419 οὐδέ
583 5370 689 5442 γὰρ
727 5372 784 5424 ἐν
832 5375 901 5442 γῇ
943 5371 1157 5435 ζώντων
1206 5377 1430 5447 ἤλπιζον
1476 5377 1697 5448 ὄψεσθαι
1728 5377 1788 5430 τὸ
1822 5378 1997 5446 σωτή-

437 5474 547 5526 ριον
594 5459 687 5512 τοῦ
734 5462 868 5515 Θεοῦ
895 5502 909 5525 ,
960 5464 1231 5533 ἐλεγχθεὶς
1275 5468 1365 5520 ἐπὶ
1399 5472 1459 5538 τῇ
1514 5469 1888 5539 καταλαϐούσῃ
1917 5469 1997 5535 ’με

2172 5095 2338 5150 Vens.
2375 5096 2563 5150 10-12.
2608 5094 2895 5148 Excelsum
2920 5088 3131 5143 dierum
3170 5094 3328 5141 vocat
3350 5083 3659 5155 superbiam

2102 5205 2206 5262 qua
2260 5206 2415 5244 meus
2462 5189 2585 5257 ejus
2635 5186 2979 5250 efferebatur,
3021 5197 3128 5251 qua
3170 5179 3388 5233 inflatus
3432 5185 3659 5230 mortem

2101 5283 2205 5339 sibi
2246 5288 2642 5352 promeruerat.
2670 5278 2795 5333 Haec
2824 5292 3010 5332 secum
3034 5274 3306 5344 reputavit
3345 5292 3357 5323 :
3390 5270 3501 5340 jam
3549 5283 3661 5321 non

2102 5376 2233 5429 mihi
2272 5389 2396 5444 spes
2423 5375 2659 5429 salutare
2694 5371 2788 5426 Dei
2844 5371 2899 5424 in
2928 5377 3071 5424 terra
3098 5365 3391 5420 viventium
3420 5360 3659 5420 videndi,

2102 5468 2336 5523 amentia
2395 5476 2553 5536 capto
2621 5474 2672 5519 et
2722 5465 3011 5519 convicm'
3075 5461 3167 5518 sed
3221 5469 3273 5515 et
3317 5459 3483 5513 vitam
3528 5451 3660 5507 mihi

505 5618 544 5649 ¹⁰
570 5618 610 5672 ll
642 5618 875 5690 Paralip.
906 5638 1078 5688 χχιιι,
1110 5621 1179 5677 24
1212 5641 1331 5695 sqq.

1413 5628 1451 5657 ¹¹
1476 5628 1604 5684 ibid.
1631 5629 1720 5685 26.
1802 5630 1843 5659 ¹²
1867 5628 1966 5683 lsu.
2001 5642 2095 5681 vn.
2134 5627 2216 5680 H.
2298 5627 2338 5657 ¹³
2363 5625 2426 5677 ιν
2461 5625 2591 5695 lleg.
2624 5641 2733 5686 xu,
2773 5625 2859 5677 35.

502 5773 576 5837 (5)
635 5773 867 5832 Lacuna:
903 5776 1093 5833 breves
1117 5778 1169 5833 in
1194 5778 1398 5835 codice.

1141 6000 1157 6025 ἐ
