4116 6332
480 352 607 408 1331

1693 333 2039 389 TllEODORl
2076 331 2604 388 HER'ACLEENSIS

3570 329 3722 390 1552

476 484 716 536 autercs,
755 467 922 523 exitio
951 469 1005 519 et
1030 462 1202 516 morti
1217 457 1455 522 addicto,
1481 455 1620 509 fabri
1658 452 1727 506 ad
1759 451 2033 522 exemplar

2141 450 2491 522 κακοϐουλίᾳ·
2545 450 2681 504 ἀλλὰ
2734 449 2828 503 καίι
2876 448 3076 520 ταύτης
3119 449 3230 519 τῆς,
3257 446 3710 518 ζωῆςστερηθή-

475 559 887 618 tabernaculum
941 553 1172 626 figentis,
1233 557 1287 606 et
1342 563 1470 602 mox
1545 545 1850 610 solventis;
1909 558 2035 597 nam

476 658 558 708 ita.
586 650 783 706 defecit
829 645 1055 717 spiritus
1103 657 1256 698 meus
1281 639 1483 704 vitalis,
1527 637 1670 691 sicut
1710 635 1815 689 tela
1851 647 1882 686 a
1916 647 2038 686 mu-

475 743 747 832 licre~jam
779 736 1133 796 succidenda.

540 817 706 890 νῖιιε.
755 832 843 886 14.
888 829 1101 884 Idcirco
1143 826 1254 895 jam
1297 838 1404 877 non
1446 821 1638 886 silebo,
1680 813 2036 886 benignitatis

475 938 580 982 tua;
613 941 792 998 praeco
821 923 1018 986 factus,
1052 918 1216 990 quasi
1247 914 1481 971 hirundo
1503 921 1558 967 et
1574 911 1730 982 quasi
1753 907 2030 972 columba,

473 1020 735 1075 continuo
769 1013 1199 1085 magnificentias
1236 1018 1358 1064 tuas
1389 1006 1678 1063 celebrabo
1703 1021 1718 1071 ;
1747 1009 1804 1056 tu
1828 999 1972 1055 enim
2001 1013 2033 1052 a

475 1127 560 1167 me
591 1109 851 1179 corporis.
868 1108 1086 1162 dolores
1113 1102 1411 1169 abstulisti,
1447 1107 1502 1156 et
1543 1098 1779 1151 animam
1812 1091 2034 1148 sanitati

474 1201 786 1266 restituisti,
820 1205 1166 1270 peccatorum
1195 1194 1780 1250 meorum'immemor.

2143 542 2326 596 σεσθαι
2379 543 2459 606 είς
2509 540 2781 595 ἀπώλειαν
2832 543 2927 595 καὶ
2957 542 3231 612 ἀναίρεσίν
3266 558 3366 612 μου
3407 542 3726 613 καταστρέ-.

2139 633 2343 703 ψαντα,
2396 633 2538 687 κατὰ
2567 634 2659 686 τὸν
2710 633 3020 704 πηξάμενον
3055 633 3152 704 μὲν
3193 632 3395 703 σκηνὴν
3428 671 3444 696 ,
3498 633 3708 684 συστεί-

2141 727 2308 781 λαντα
2343 727 2401 780 δὲ
2433 727 2601 794 αὐτὴν
2650 725 2891 796 ταχέως·
2927 725 2990 778 τὸ
3036 724 3144 796 γὰρ
3199 723 3427 788 ζωτικὸν
3492 721 3713 791 πνεῦμα

2139 818 2309 881 οὕτως
2363 817 2622 888 ἀφῃρεῖτο
2666 815 2764 879 τὰς
2793 815 3071 886 δυνάμεις,
3123 813 3197 876 ὡς
3253 812 3399 876 ἱστὸς
3455 811 3711 880 γυναικὸς

2139 908 2493 980 ἐκτέμνεσθαι
2547 907 2770 978 μέλλων.
2829 905 2988 959 Ὅθεν
3042 907 3100 958 οὐ
3155 906 3431 976 παύσομαι
3491 905 3550 957 ἐν
3595 905 3760 966 τοίςῇ

2141 1000 2277 1071 μετά
2331 998 2500 1052 ταῦτα
2544 997 2719 1069 κῆρυξ
2763 998 2860 1068 τῆς
2905 997 3006 1067 σῆς
3045 995 3378 1067 ἁγαθότητος
3418 995 3727 1064 ἐσόμενος,

2138 1094 2278 1148 κατά
2323 1092 2447 1154 τοὺς
2468 1090 2686 1161 ὅρνιθας
2712 1091 2812 1159 τήν
2853 1106 2912 1142 τε
2951 1087 3192 1158 χελιδόνα
3225 1087 3318 1138 καὶ
3358 1083 3710 1156 περιστερὰν,

2139 1180 2430 1243 ἀπαύστως
2462 1179 2532 1232 τὰ
2554 1179 2620 1233 σὰ
2637 1179 2898 1250 μεγαλεῖα
2926 1177 3286 1248 ἐξηγούμενος
3305 1192 3319 1205 ·
3349 1176 3412 1228 σὺ
3446 1174 3554 1246 γὰρ
3584 1170 3638 1226 εί
3683 1176 3712 1226 ὁ

473 1297 566 1350 καὶ
590 1295 666 1366 τῷ
700 1295 907 1365 σώματι
934 1293 1030 1355 τὰς
1057 1291 1243 1352 ὀδύνας
1269 1289 1470 1344 παῦσαι
1501 1287 1749 1358 ποιήσας,
1776 1282 1870 1337 καὶ
1900 1284 1964 1353 τῇ
1992 1281 2134 1351 ψυχῇ
2175 1278 2314 1330 ἴασιν
2343 1276 2728 1347 χαρισάμενος,
2754 1272 3140 1345 ύπερϐεϐηκὼς
3176 1273 3244 1326 τὰ
3272 1269 3714 1342 πλημμελήματά

475 1413 575 1466 μου
584 1437 593 1446 .

547 1485 711 1540 Vens.
748 1485 836 1540 18.
868 1483 1076 1550 Quibus
1106 1481 1272 1538 dictis
1293 1477 1444 1550 spem
1474 1472 1898 1532 resurrectionis
1940 1484 2037 1523 ne-

473 1592 747 1647 quaquam
773 1576 971 1642 aufert,
998 1575 1241 1630 declarat
1270 1587 1397 1627 vero
1421 1571 1476 1624 in
1497 1565 1695 1622 inferni
1713 1571 1887 1617 morte
1915 1574 2038 1630 per-

475 1668 709 1722 dendum
747 1682 890 1731 esse,
935 1681 1094 1736 quem
1147 1674 1207 1719 tu
1242 1678 1352 1717 non
1403 1656 1754 1719 excitaveris,
1797 1652 1886 1708 cui
1925 1665 2034 1704 non

475 1761 656 1815 omnia
687 1758 1086 1813 condonaveris
1113 1761 1356 1826 peccata.

545 1851 713 1907 Vens.
747 1849 832 1904 19.
868 1849 1210 1918 Quapropter
1255 1843 1372 1914 ipse
1411 1853 1544 1910 ego,
1590 1834 1875 1906 repudiata
1921 1830 2034 1900 jam

474 1946 638 2016 impia
674 1945 766 1998 illa
791 1949 971 1997 mente
993 1942 1046 1994 in
1067 1937 1286 2009 nuptias
1310 1935 1555 1994 ardesco,
1571 1943 1626 1985 et
1651 1930 1790 1983 filios
1817 1925 2033 1988 faciam,

476 2049 534 2093 ut
556 2015 821 2107 sanguine
861 2048 991 2088 meo.
1014 2039 1288 2094 crescant,
1310 2023 1748 2100 quiannuntient
1765 2015 2047 2090 justitiam.

477 2139 657 2182 tuam..

537 2147 657 2182 ama

499 2147 669 2275 u(111p.
703 2219 813 2284 XL,
845 2217 1009 2272 Vens.
1033 2217 1087 2270 4.
1118 2214 1191 2270 De
1218 2212 1453 2267 vallibus
1483 2208 1721 2278 loquitur
1743 2218 1852 2258 non
1881 2197 2034 2270 quasi

475 2311 680 2366 fuerint
725 2325 756 2363 a
807 2308 1035 2362 Domino
1080 2301 1430 2373 occupandae,
1467 2298 1563 2356 sed
1602 2298 1810 2350 animas
1844 2291 2035 2345 affatur

475 2400 641 2453 altius
669 2397 928 2459 effossas,
963 2404 1018 2450 et
1051 2393 1304 2448 deorsum
1347 2391 1404 2444 in
1437 2388 1652 2443 inferno
1692 2386 1961 2456 jacentes,
1982 2387 2036 2435 et

475 2490 716 2560 peccatis
741 2488 1088 2550 humiliatus;
1107 2485 1304 2554 quippe
1330 2497 1451 2552 quae
1473 2479 1702 2534 funestis
1718 2487 1772 2538 et
1799 2473 2034 2559 exitiali-

476 2583 581 2635 bus
606 2577 1027 2650 cogitationibus
1045 2574 1302 2637 Iiberata3,
1323 2586 1487 2641 super
1503 2579 1715 2625 montes
1735 2564 2036 2622 exaltanda:

477 2683 624 2728 sunt.

548 2762 694 2818 Vens
723 2761 776 2815 8.
812 2758 1118 2815 Confitetur
1153 2758 1241 2812 hic
1295 2771 1413 2827 Ipse
1450 2753 1734 2824 propheta,
1761 2749 1848 2805 vel
1886 2747 2036 2802 verbi

475 2857 745 2922 minister,
801 2868 966 2908 carne
1011 2867 1070 2908 se
1099 2852 1430 2906 obcaecatum
1485 2847 1757 2922 rationem.
1780 2841 2038 2896 accedere

477 2963 587 3002 non
605 2946 872 3017 potuisse.
899 2942 1021 2999 Mox
1039 2947 1349 3005 evanescet,
1364 2939 1580 3009 adjecit,
1603 2920 1782 2990 omnis
1799 2934 2037 2988 humana

476 3039 702 3108 opinio;
734 3035 960 3090 verbum
1010 3041 1191 3088 autem
1232 3031 1328 3086 Dei
1372 3031 1532 3086 finem
1571 3041 1848 3097 nunquam
1894 3023 2046 3078 acci-

2211 1458 2380 1515 Τοῦτο
2428 1459 2614 1528 ἔλεγεν
2656 1459 2756 1514 οὐκ
2789 1458 3068 1512 ἐκκόπτων
3112 1458 3209 1528 τῆς
3231 1456 3574 1520 ἀναστάσεως
3605 1457 3709 1520 τὰς

2137 1551 2377 1617 ἐλπίδας,
2413 1552 2549 1606 ἀλλὰ
2609 1550 2784 1622 δηλῶν
2810 1590 2831 1615 ,_
2869 1550 2945 1613 ὡς
2989 1552 3068 1613 εἰς
3111 1549 3242 1620 ᾅδην
3278 1548 3543 1611 ἀπωλείας
3593 1549 3711 1601 ἁπ-

2135 1643 2389 1712 ελήλυθε,
2435 1642 2512 1715 μὴ
2539 1642 2691 1713 παρά
2724 1642 2816 1695 σοῦ
2858 1639 3183 1713 ἀνακληθεὶς
3240 1640 3334 1693 καὶ
3364 1640 3711 1710 συγχώρησιν

2067 1776 2110 1830 Β
2139 1740 2425 1813 ἁμαρτιῶν
2454 1741 2763 1812 δεξάμενος.

2210 1833 2390 1900 Ὅθεν,
2422 1833 2532 1902 ἐγὼ
2577 1833 2738 1897 αὐτὸς
2790 1832 3015 1904 ἰώμενος
3051 1831 3149 1903 τὴν
3183 1829 3457 1900 σφαλερὰν
3494 1826 3713 1896 ἐκείνην

2136 1923 2366 1991 ἔννοιαν,
2398 1926 2618 1980 σπεύσω
2645 1927 2739 1980 καὶ
2761 1926 2956 1996 γάμοις
2983 1924 3238 1995 ὁμιλῆσαι
3271 1923 3365 1977 καὶ
3393 1920 3714 1990 παιδοποιήξ-

2138 2017 2353 2082 σασθαι,
2385 2016 2521 2088 πρὸς
2551 2017 2612 2070 τὸ
2640 2018 2732 2071 καὶ
2764 2017 2890 2080 τοὺς
2922 2015 2981 2080 ἐξ
3017 2015 3152 2086 ἐμοῦ
3181 2015 3504 2085 γενομένους
3533 2015 3710 2084 κῆρ-ες

2135 2128 2236 2174 κας
2258 2111 2552 2181 ἀναστῆναι
2593 2111 2692 2180 τῆς
2719 2110 3082 2182 δικαιοσύνης.

2202 2203 2468 2271 Φάραγγα
2508 2203 2803 2274 ἐκληπτέον
2827 2245 2842 2270 ,
2885 2204 2983 2274 ούχ
3015 2203 3090 2266 ὡς
3130 2201 3412 2273 μέλλοντος
3444 2200 3538 2254 τοῦ
3571 2197 3724 2256 Θεοῦ.

2134 2293 2431 2348 ἐπιϐαίνειν
2472 2295 2686 2360 αὐταῖς,
2735 2295 2871 2349 ἀλλά
2913 2295 3051 2368 πρὸς
3080 2295 3179 2358 τὰς
3210 2291 3716 2365 κατορωρυγμένας

2137 2383 2347 2455 ψυχὰς,
2398 2385 2492 2437 καὶ
2531 2386 2682 2440 κάτω
2718 2404 2820 2440 που
2855 2388 2936 2450 είς
2962 2387 3052 2440 τὸν
3082 2386 3212 2457 ᾅδην
3241 2383 3521 2455 κειμένας,
3549 2400 3715 2436 τετα-

2134 2475 2469 2546 πεινωμένας
2501 2495 2559 2531 τε
2591 2482 2710 2542 ταῖς
2753 2479 3074 2551 ἁμαρτίαις,
3114 2478 3292 2547 λέγει·
3349 2477 3550 2540 ταύτας
3605 2477 3724 2547 γάρ.

2133 2577 2532 2646 ἀπαλλαγείσας
2573 2575 2680 2630 τῶν
2717 2575 2972 2646 ὀλεθρίων
3011 2571 3213 2626 τούτων
3241 2573 3333 2625 καὶ⁸
3361 2571 3726 2626 έπικινδύνωιι

2133 2663 2402 2734 λογισμῶν
2433 2664 2572 2734 ὑπὲρ
2599 2663 2666 2716 τὰ
2691 2662 2792 2732 ὅρη
2816 2657 3198 2714 ταπεινοῦσθαι
3229 2657 3303 2729 (6)
3332 2656 3540 2726 καιρός.

2202 2756 2446 2821 Δεικνὺς,
2477 2756 2553 2819 ὼς
2609 2755 2704 2808 καὶ¹
2736 2752 2896 2816 αὐτὸς
2925 2754 2955 2806 ὁ
2994 2751 3277 2822 προφήτης
3323 2750 3351 2802 ὁ
3406 2745 3711 2818 ὑπηρετού-

2139 2863 2294 2917 μενος
2348 2844 2426 2915 τῷ
2496 2845 2665 2914 λόγῳ,
2712 2844 2818 2896 ὑπὸ
2869 2843 2969 2913 τῆς
3011 2840 3215 2911 σαρκὸς
3264 2838 3709 2908 ὲπισκιαζόμενος

2135 2939 2225 2992 τὸν
2279 2938 2425 3000 νοῦν,
2489 2938 2736 3008 χωρῆσαι
2809 2936 2870 2989 ού
2921 2934 3238 3004 δεδύνηται·
3307 2933 3403 2987 καὶ
3461 2931 3562 3001 γάρ
3610 2932 3707 2983 καὶ

2139 3032 2286 3084 πᾶσα
2339 3030 2604 3100 ὑπόληψις
2653 3028 2967 3098 ἀνθρωπίνη
3040 3026 3246 3097 ταχέως
3287 3023 3588 3084 παύσεται,
3643 3027 3715 3079 οιο,

478 3125 612 3200 pici,
655 3128 750 3185 sed
778 3135 958 3182 manet
990 3125 1046 3180 in
1097 3135 1360 3180 aeternum
1409 3136 1537 3178 vera
1581 3135 1751 3190 usque
1777 3132 2029 3185 praenun-

2141 3124 2241 3196 μὴν
2263 3124 2322 3178 τὸ
2355 3123 2542 3192 λόγιον
2571 3121 2661 3176 τοῦ
2691 3118 2824 3174 Θεοῦ
2867 3119 3076 3174 παύλαν
3121 3118 3252 3172 ποτὲ
3283 3117 3508 3187 λήψεται
3533 3133 3547 3147 ο
3575 3113 3717 3175 ἀλλά

478 3222 643 3278 tians.

557 3409 722 3467 Vens.
759 3411 846 3466 12.
878 3408 1041 3464 Multi
1059 3407 1277 3478 quidem
1308 3409 1458 3468 sunt,
1487 3401 1582 3474 qui
1612 3400 1678 3456 de
1703 3396 1927 3470 judiciis
1947 3395 2047 3451 Dei

478 3505 756 3569 dubitant,
789 3511 844 3557 et
873 3503 942 3558 de
970 3497 1318 3556 Providentia
1349 3505 1462 3550 tum
1493 3509 1711 3549 omnem
1741 3507 1923 3547 rerum
1946 3505 2044 3544 na-

481 3609 658 3652 turam
693 3605 804 3651 tum
839 3595 1052 3666 singula
1091 3607 1319 3664 quaeque
1374 3601 1611 3661 regente,
1655 3595 1710 3642 et
1738 3587 1804 3641 de
1833 3599 2042 3640 summa

480 3690 713 3744 scientia
753 3703 914 3757 quam
946 3687 1021 3740 nil
1053 3687 1221 3740 latere
1245 3692 1443 3754 potest,
1479 3697 1600 3751 quae
1640 3694 1831 3734 omnes
1863 3684 2044 3730 mente

479 3780 872 3849 complectitur.
914 3777 1123 3844 Quibus
1153 3775 1510 3831 confutandis.
1525 3772 1787 3844 propheta
1828 3769 2043 3839 singula

481 3871 594 3925 Deo
618 3868 993 3940 investiganda
1013 3883 1134 3923 esse
1160 3866 1398 3921 declarat
1423 3881 1436 3930 ;
1469 3880 1536 3919 ex
1570 3862 1876 3918 visibilibus
1906 3866 1961 3914 et
1987 3859 2044 3912 in

481 3964 799 4019 universum
831 3978 862 4016 a
900 3960 1089 4016 mundi
1123 3957 1407 4014 elementis
1449 3957 1600 4012 disce
1640 3955 1733 4009 Dei
1761 3953 2049 4009 virtutem.

547 4144 712 4200 Vens.
753 4143 840 4207 16,
880 4144 966 4197 17.
1013 4140 1226 4196 Rursus
1267 4139 1512 4196 occurrit
1553 4137 1811 4208 propheta
1862 4143 2043 4190 mente

480 4235 932 4307 disceptantibus.
958 4232 1135 4288 Nolite
1151 4240 1342 4302 putare
1365 4247 1462 4287 vos
1486 4241 1843 4286 memoratum
1871 4229 2042 4284 Deum

480 4345 576 4400 per
618 4328 883 4385 sacriﬁcia
920 4327 1248 4397 placaturos,
1275 4324 1434 4394 quasi
1480 4323 1602 4378 istis
1633 4324 1681 4378 ei
1711 4338 1850 4393 opus
1872 4330 2040 4388 esset,

477 4422 638 4492 cujus
659 4421 827 4475 verbo
859 4419 1041 4474 omnia
1085 4417 1228 4472 facta
1254 4428 1397 4474 sunt.
1441 4415 1581 4471 Num
1617 4436 1636 4468 ι
1681 4416 1908 4472 sufficiet
1951 4415 2042 4469 Li-

479 4516 655 4569 banus
696 4529 714 4562 ι
769 4519 822 4568 et
870 4511 1008 4565 silva
1052 4525 1160 4581 qua
1213 4509 1514 4573 obsidetur,
1562 4517 1656 4562 aut
1709 4526 1727 4560 ι
1773 4508 2041 4562 sufficient

476 4606 661 4660 omnia
708 4602 1086 4675 quadrupedia.
1115 4602 1180 4656 ad
1222 4602 1618 4665 holocaustum,
1655 4619 1673 4651 ι
1721 4602 1809 4655 cui
1834 4607 2042 4654 cuncta:

477 4705 687 4769 gentes,
715 4698 868 4766 juxta
891 4695 1062 4765 ipsius
1093 4693 1340 4758 effatum,
1369 4713 1387 4745 ι
1416 4693 1572 4764 quasi
1600 4677 1828 4747 nihilum
1842 4698 1968 4746 sunt
2016 4709 2034 4742 ι

476 4791 533 4844 in
561 4788 790 4843 nihilum
824 4795 1141 4841 reoutantur

545 4970 674 5026 Cu.
713 4968 846 5036 XLI,
874 4967 1038 5023 Vens.
1065 4968 1115 5022 1.
1142 4969 1364 5023 Animos
1392 4967 1686 5037 alloquitur
1715 4967 2036 5036 languentes

473 5075 528 5120 et
561 5063 844 5118 doloribus
877 5061 1126 5116 afﬂictos.
1161 5059 1309 5115 Licet
1345 5059 1492 5114 enim
1541 5058 1718 5127 vobis,
1760 5058 1854 5128 qui
1884 5059 2038 5128 cupi~

475 5157 739 5212 ditati‘bus
770 5155 1092 5211 insenuistis
1118 5162 1172 5208 et
1193 5152 1585 5222 voluptatibus,
1606 5151 1894 5221 depressas
1915 5149 2039 5206 istis

401 5240 411 5259 ”
475 5249 791 5318 spirituales
823 5247 968 5301 vires
1012 5245 1273 5308 relevare,
1302 5251 1356 5298 et
1401 5243 1550 5296 velut
1588 5249 1946 5306 senectutem,
1975 5254 2040 5295 ea

473 5341 766 5408 deponere,
801 5352 1139 5408 quaecunque
1185 5335 1391 5416 fuerint
1422 5333 1741 5388 libidinibus
1785 5332 1956 5386 fracta
1984 5337 2038 5386 et

473 5446 642 5500 prope
677 5429 948 5485 confecta.
985 5429 1132 5494 Quos
1173 5428 1382 5483 insulas
1434 5426 1635 5496 optime
1665 5431 1861 5489 vocat;
1912 5438 2040 5478 nam

474 5524 618 5576 sicut
636 5523 850 5587 insulze,
884 5521 1061 5577 medio
1090 5522 1146 5576 in
1196 5535 1345 5575 mare
1372 5518 1628 5573 fluctibus
1654 5516 2036 5592 circumluun-

543 5678 618 5738 (6‘,
653 5677 837 5730 Potius
867 5679 1123 5746 adn-3301:
1145 5689 1228 5732 aut
1267 5675 1615 5747 πληροῦσθαι.

543 5750 612 5807 (7)
647 5747 832 5800 l'nlius
862 5751 970 5809 τάς.

2148 3215 2292 3287 πέρα
2344 3215 2522 3277 τελεῖ,
2577 3212 2905 3285 ἀληθεύοντα
2958 3212 3055 3283 τῆς
3102 3210 3192 3282 (7)
3233 3200 3561 3277 ἐπαγγελίας
3631 3206 3714 3267 εἰς

2149 3307 2342 3365 αἰῶνα.

2215 3399 2357 3470 Πρὸς
2390 3399 2486 3460 τὰς
2521 3397 2579 3450 ὲν
2615 3394 2822 3466 διανοίᾳ
2850 3394 3010 3447 πάλιν
3044 3393 3234 3462 φύσεις
3272 3389 3714 3462 ἀμφισϐητήσεις

2146 3493 2272 3564 περὶ
2299 3491 2404 3544 τῶν
2453 3491 2733 3561 κριμάτων
2774 3489 2868 3542 καὶ
2891 3487 2994 3556 τῆς
3037 3486 3295 3558 προνοίας
3325 3485 3419 3555 τῆς
3449 3482 3540 3536 τοῦ
3571 3481 3720 3538 Θεοῦ,

2143 3585 2232 3637 διὰ
2268 3583 2478 3636 πάντων
2518 3580 2843 3652 διηκούσης,
2901 3579 2995 3632 καὶ
3027 3577 3146 3631 καθ’
3185 3579 3280 3632 ἕνα
3308 3576 3558 3638 ἕκαστον,
3616 3575 3719 3627 καὶ

2143 3678 2219 3740 ὡς
2246 3675 2345 3728 οὐκ
2395 3673 2510 3726 ἔστι
2567 3673 2673 3725 τῶν
2716 3670 3078 3725 λανθανόντων
3141 3668 3234 3720 τὸν
3261 3667 3415 3732 Θεὸν,
3453 3665 3589 3720 ἀλλὰ
3623 3664 3718 3718 διὰ

2145 3769 2360 3822 πάντων
2393 3765 2740 3820 διαϐαίνουσα
2771 3765 2803 3834 ἡ
2835 3761 2929 3815 τοῦ
2961 3760 3094 3814 Θεοῦ
3125 3759 3323 3829 γνῶσις
3342 3775 3356 3789 ο
3389 3757 3458 3812 τὰ
3480 3758 3714 3812 ἑκάστου

2145 3859 2442 3930 ἀνιχνεύειν
2482 3855 2837 3930 προῦπαντῶν
2875 3857 2903 3908 ό
2955 3855 3112 3922 λόγος
3146 3852 3455 3908 ἐκδιδάσκει
3478 3893 3494 3916 ,
3536 3852 3618 3904 ὅτι
3648 3852 3720 3903 ἐκ

2145 3950 2249 4004 τῶν
2275 3948 2583 4020 ὁρωμένων,
2619 3947 2713 4001 καὶ
2751 3947 2814 4000 ἐκ
2843 3945 2949 3999 τῶν
2977 3944 3070 3998 τοῦ
3101 3943 3236 3998 Θεοῦ
3281 3941 3716 4012 καθολικώτερον

2146 4042 2422 4114 στοιχείων
2448 4041 2760 4095 ἐκδιδάσκου
2789 4039 2882 4093 τοῦ
2917 4037 3052 4091 Θεοῦ
3082 4037 3330 4108 δύναμιν.

2213 4134 2380 4187 Πάλιν
2422 4133 2556 4204 πρὸς
2602 4132 2727 4192 τοὺς
2787 4132 2843 4184 ὲν
2878 4129 3136 4192 διανοίαις
3179 4126 3476 4197 λογισμοὺς
3547 4140 3714 4194 προσ-

2143 4227 2354 4296 υπαντᾷ
2388 4227 2416 4278 ὁ
2456 4224 2610 4290 λόγος
2631 4238 2647 4255 ο
2696 4223 2776 4274 ὅτι
2805 4220 2985 4273 τοῦτον
3017 4220 3104 4273 τὸν
3135 4219 3265 4272 Θεὸν
3295 4219 3385 4271 τὸν
3429 4234 3705 4289 προμηνυ-

2144 4317 2302 4369 θέντα
2336 4314 2422 4367 διὰ
2447 4312 2555 4366 τῶν
2587 4309 2889 4383 εἰρημένων
2917 4311 3045 4374 ἴσως
3077 4307 3340 4376 λογιεῖσθε
3366 4308 3573 4370 θυσίαις
3619 4304 3705 4369 ἐξ·

2149 4406 2434 4472 ιλεοῦσθαι,
2479 4406 2552 4476 μὴ
2599 4405 2968 4476 σκοπήσαντες
2987 4443 3002 4467 ,
3029 4402 3104 4466 ὡς
3125 4402 3224 4455 οὐκ
3246 4403 3304 4454 ἐν
3323 4401 3483 4473 χρείᾳ.
3509 4399 3708 4453 τούτων

2145 4501 2474 4569 καθέστηκεν
2510 4538 2524 4561 ,
2585 4493 2646 4552 οὗ
2703 4496 2780 4568 τῷ
2825 4496 2969 4567 λόγῳ
3031 4495 3101 4549 τὰ
3152 4495 3328 4548 πάντα
3394 4494 3673 4564 γεγένηται
3695 4510 3711 4524 ο

2150 4593 2483 4665 ιέπαρκέσει
2539 4587 2637 4644 οὖν
2688 4589 2918 4653 Λίϐανος
2957 4608 2974 4640 ι
3014 4590 3109 4642 καὶ
3168 4587 3291 4658 ὴέν
3345 4588 3520 4658 τούτῳ
3573 4587 3714 4653 ὕλης

2149 4706 2166 4738 ι
2203 4686 2422 4756 ἀρκέσει
2449 4685 2506 4739 δὲ
2536 4687 2616 4749 είς
2643 4683 3019 4756 ὁλοκάρπωσιν
3053 4681 3227 4740 πάντα
3255 4681 3324 4735 τὰ
3353 4679 3712 4752 τετράποδα,›

2140 4773 2184 4848 ᾧ
2220 4779 2397 4834 πάντα
2441 4780 2509 4833 τὰ
2561 4779 2684 4850 ἔθνη
2736 4774 2879 4833 κατὰ
2937 4774 2999 4828 τὸ
3051 4775 3350 4847 ύποϐληθὲν
3410 4773 3714 4842 ὑπόδειγμα

2147 4892 2173 4922 ι.
2195 4872 2254 4936 ὃς
2285 4873 2358 4944 (8)
2390 4866 2526 4944 ἧκεν
2545 4875 2624 4937 είς
2652 4871 2870 4940 γνῶσιν,
2914 4889 2932 4920 ι
2957 4868 3107 4922 οὐδὲν
3137 4867 3387 4938 ἐλογίσθη

2216 4964 2358 5035 Πρὸς
2410 4965 2510 5028 τὰς
2553 4964 2626 5035 μὴ
2686 4962 2972 5035 ἰσχυούσας
3017 4960 3226 5024 ὀδύναις
3279 4977 3338 5013 τε
3371 4957 3714 5030 πραττούσας

2143 5056 2319 5126 ψυχὰς
2363 5056 2659 5127 συμϐουλία
2723 5055 3088 5127 προσάγεται·
3143 5054 3226 5108 ὅτι
3274 5052 3444 5122 ταύτῃ
3487 5049 3712 5103 δυνατὸν

2142 5151 2285 5220 ὑμᾶς
2323 5150 2421 5212 τὰς
2451 5149 2839 5218 ὲγχρονισάσας
2888 5148 2945 5200 ἐν
2975 5149 3085 5209 τοῖς
3123 5144 3320 5198 πάθεσι
3343 5143 3434 5196 καὶ
3466 5141 3709 5195 παλαιωο

2143 5240 2330 5303 θείσας
2359 5240 2416 5292 ἐν
2459 5241 2578 5300 ταῖς
2610 5238 2844 5307 ἡδοναῖς,
2887 5236 2942 5289 ἓν
2977 5253 3034 5290 τε
3064 5235 3272 5296 τούτοις
3315 5231 3711 5303 κατασυρείσας

2141 5331 2430 5385 ἀναλαϐεῖν
2461 5330 2558 5393 τὰς
2585 5329 2793 5382 ἑαυτῶν
2847 5328 3080 5399 ψυχικάς
3132 5326 3422 5396 δυνάμεις’
3474 5323 3567 5377 καὶ
3610 5321 3714 5374 ὥσ-

2141 5440 2249 5494 περ
2283 5423 2458 5493 γῆρας
2502 5419 2799 5473 ἀποθέσθαι
2845 5420 2944 5483 τὰς
2977 5420 3042 5472 ἐν.
3087 5420 3198 5481 τοῖς
3237 5416 3432 5470 πάθεσι
3462 5414 3712 5468 παλαιω-

2139 5515 2323 5578 θείσας
2385 5514 2474 5566 καὶ
2533 5513 2720 5585 ὥσπερ
2775 5511 3170 5583 νεκρωθείσαςο
3206 5509 3272 5572 ἃς
3305 5509 3396 5562 καὶ
3454 5505 3710 5577 νήσουςὸ

2220 5670 2293 5740 (8)
2327 5669 2482 5724 Forte
2519 5670 2634 5739 οὐχ.
