4116 6332
402 364 424 421 ί
437 366 535 423 553

1718 372 1727 381 ’
1757 376 1823 431 IN
1858 377 2115 436 ISAIAM.

3501 376 3632 430 1354

398 484 550 553 λόγος
588 485 761 548 καλεῖ,
793 485 912 539 καθ’
938 487 1190 557 ὁμοίωσιν
1223 488 1327 543 τῶν
1360 490 1534 561 νήσων
1573 492 1797 557 τούτων,
1836 495 1893 547 αἲ
1919 497 1974 548 ἐν

2082 505 2190 562 tur,
2216 511 2323 552 non
2362 510 2492 551 vero
2525 495 2989 564 submerguntur;
3020 493 3095 548 ita
3128 492 3306 547 animi
3330 493 3497 547 nostri
3529 493 3636 547 hu-

402 577 547 648 μέσῳ
563 578 639 649 τῷ
656 578 878 647 πελάγει
891 582 1182 651 ἑστήκασιν
1206 600 1270 635 πε
1277 582 1678 654 ρικλυζόμεναι,
1699 585 1772 657 μὴ
1789 587 1967 656 μέντοι

398 670 955 742 καταποντιζόμεναιο
1008 672 1149 726 οὕτω
1186 675 1279 729 καὶ
1312 676 1369 728 αἱ
1396 676 1566 747 ψυχαὶ
1604 678 1711 732 ὑπὸ
1769 679 1875 733 τῶν
1911 683 1967 733 ἐν

396 761 475 831 τῷ
512 762 700 834 κόσμῳ
738 765 1094 836 πραγμάτων,
1119 767 1179 819 ού
1210 767 1314 839 μὴν
1353 768 1487 822 ἀλλὰ
1514 770 1608 823 καὶ
1641 774 1965 842 σωματικῶν

399 851 607 917 παθῶν,
665 852 923 925 ἁλμυρῶν
953 854 1144 921 ὄντων,
1184 857 1566 922 ὲπικλύζονται
1590 876 1603 889 ·
1658 862 1966 917 amatam-

2076 589 2252 643 manis
2282 586 2535 658 negotiis,
2572 584 2877 655 praesertim
2909 599 3038 639 vero
3078 582 3457 653 corporalibus
3481 584 3639 654 cupi-

2075 680 2367 744 ditatibus,
2394 693 2517 749 quae
2544 685 2599 734 et
2641 678 2800 733 salsae
2829 682 2981 743 sunt,
3012 675 3309 746 agitantur.
3336 704 3405 714 —-
3438 672 3639 728 Eadem

2075 773 2290 829 ratione
2323 771 2578 825 hortatur
2609 785 2711 825 nos
2737 768 3053 839 Apostolus,
3084 775 3145 821 ut
3187 774 3425 821 veterem
3460 765 3639 819 homi-

2073 881 2198 920 nem
2237 864 2614 935 exspoliantes
2640 878 2841 917 novum
2872 861 3165 916 induamus
3190 860 3252 917 “.

402 945 523 999 σθαι
565 947 739 1002 τοίνυν
766 948 967 1014 ταύτας
1014 950 1106 1003 τὸν
1171 951 1397 1006 παλαιὸν
1465 955 1790 1027 ἄνθρωπον,
1854 960 1947 1013 καὶ
2014 960 2333 1016 ἐνδύσασθαι
2388 960 2479 1014 τὸν
2540 959 2697 1025 νέον,
2764 960 2857 1013 καὶ
2925 961 2954 1012 ό
3021 957 3340 1021 Ἀπόστολος
3400 971 3640 1010 παοακε-

398 1041 634 1096 λεύεται.

470 1162 605 1233 Περὶ⁴
650 1160 830 1233 Κύρου
880 1162 1061 1232 λέγει,
1104 1166 1164 1219 ὃν
1213 1167 1436 1233 δικαίως
1489 1172 1749 1245 ἐπήγειρε
1796 1174 1970 1227 Βαϐυ-

400 1252 935 1319 λῶνι.-Ὑπέταξεν
966 1254 1115 1325 αύτῷ
1149 1256 1397 1323 πολλοὺς,
1438 1260 1523 1313 ἵνα
1556 1260 1754 1333 καθέλῃ
1795 1262 1970 1316 Βαϐυ-

403 1346 547 1398 λῶνα
575 1344 815 1408 δικαίως.

469 1455 578 1527 Τὴν
636 1459 820 1526 σχέσιν
879 1459 975 1530 τὴν
1015 1460 1211 1515 ἑαυτου
1248 1463 1385 1533 πρὸς
1423 1464 1585 1519 αὑτὸν
1624 1466 1839 1538 Ἰσραὴλ
1880 1467 1969 1521 τὸν

399 1547 537 1601 κατά
572 1548 850 1620 προκοπὴν
892 1551 1147 1621 λεχθέντα
1204 1555 1435 1608 ἐνταῦθα
1493 1558 1893 1630 ὑπομιμνήσκει
1941 1563 1969 1612 ό

399 1640 548 1705 Θεὸς,
572 1641 739 1697 παῖδα.
765 1643 925 1695 αὑτὸν
954 1644 1264 1712 ἀποκαλῶν,
1288 1649 1388 1701 οὐκ
1419 1649 1476 1715 ἐξ
1506 1650 1649 1720 ὠνῆς
1676 1650 1962 1720 κτηθέντα,

397 1733 502 1786 οὐδ’
541 1734 819 1807 ἀλλότριον
845 1738 1283 1808 περιποιηθέντα,
1320 1740 1433 1795 ἀλλ’
1469 1742 1544 1805 ὡς
1591 1743 1702 1795 υἰὸν
1734 1743 1836 1795 ὑπὸ
1861 1761 1965 1797 πα-

397 1826 522 1897 τρὸς
574 1827 1005 1899 προσληφθέντα,
1054 1830 1111 1883 ὃν
1157 1833 1249 1885 καὶ
1288 1831 1482 1886 Ἰακὼϐ
1527 1833 1711 1898 καλεῖ,
1760 1834 1967 1888 ἐκείνου

397 1920 525 1973 ὅντα
571 1919 811 1990 διάδοχον
840 1960 855 1986 ,
912 1922 1006 1975 καὶ
1062 1924 1121 1977 ἐν
1153 1925 1230 1995 τῷ
1260 1925 1445 1997 κλήρῳ
1498 1926 1604 1981 τῶν
1644 1928 1850 1981 ἐκείνου
1877 1945 1967 1981 τε-

398 2028 609 2064 Λουντα.

468 2122 577 2195 Τὴν
606 2124 758 2196 παρὰ
790 2124 883 2177 τοῦ
913 2125 1047 2179 Θεοῦ
1078 2127 1249 2198 ῥοπὴν
1292 2128 1475 2192 αὐτοῖς
1512 2130 1827 2200 γινομένην,
1876 2130 1970 2182 καὶ

397 2214 493 2286 τὴν
520 2217 661 2269 κατά
690 2216 796 2271 τῶν
844 2217 1053 2289 ἐχθρῶν
1099 2220 1309 2290 ἀμυναν
1364 2220 1724 2280 ἐκδιδάσκων,
1773 2221 1971 2284 αὐτοὺς

398 2306 618 2381 θαρῤεῖν
652 2309 1117 2380 πειριιικελεύεται⁹
1164 2310 1305 2381 Ἐγὼ
1350 2314 1480 2384 γὰρ,
1537 2313 1721 2383 φησιν,
1769 2312 1970 2383 ἐθέμην

401 2419 459 2455 σε
489 2401 663 2465 οὕτως
696 2403 902 2473 ἰσχύειν
938 2405 1080 2457 κατά
1123 2405 1233 2458 τῶν
1262 2406 1503 2477 ἐχθρῶν,
1534 2406 1610 2469 ὼς
1653 2406 1717 2459 ἂν
1746 2407 1973 2477 τροχοὺς

399 2494 650 2566 σιδηροῦς
697 2497 1131 2569 πριστηροειδεῖς
1176 2498 1511 2569 καταλάϐῃς,
1547 2500 1641 2551 καὶ
1683 2498 1860 2550 πάντα
1906 2498 1973 2551 τὰ

398 2586 523 2658 ἔθνη
558 2605 633 2640 σοι
685 2588 1041 2659 ύποὸεϐηκὼς
1071 2592 1152 2653 εἰς
1192 2591 1252 2643 τὸ
1286 2590 1667 2660 καταπατῆσαι
1697 2590 1865 2643 αὑτά·
1908 2590 1973 2643 τά

396 2680 570 2733 τοίνυν
594 2681 859 2752 αἰρόμενα
900 2682 1234 2753 φρυάγματα
1268 2682 1344 2746 ὡς
1378 2683 1478 2754 ὅρη
1513 2684 1608 2737 καὶ
1643 2683 1767 2746 τοὺς
1802 2681 1974 2752 ὑψαύ-

396 2791 559 2843 χενας
584 2774 877 2845 λογισμοὺς
909 2775 1121 2843 βουνοῖς
1153 2776 1670 2846 παραϐαλλομένους
1700 2775 1841 2828 οὕτω
1866 2792 1972 2827 πα-

397 2868 579 2935 τήσεις
614 2867 707 2917 καὶ
738 2867 817 2928 εἰς
848 2865 998 2918 οὐδὲν
1034 2866 1335 2929 ἀποδείξεις
1356 2908 1367 2925 ,
1404 2869 1479 2931 ὡς
1515 2869 1661 2921 κόνει
1696 2868 1975 2938 παραϐάλ-

397 2958 613 3011 λεσθαι’
656 2957 683 3010 ὃ
715 2959 779 3027 δὴ
814 2958 904 3010 καὶ
945 2958 1169 3027 γέγονεν
1218 2961 1309 3011 ἐπὶ
1335 2959 1428 3011 τοῦ
1488 2963 1803 3031 Ἀσσυρίουο
1843 2961 1975 3032 μηδὲ

398 3050 504 3119 γὰρ
535 3050 942 3121 πολεμήσαντος
970 3049 1065 3103 τοῦ
1098 3050 1331 3122 Ἰσραὴλ,
1368 3053 1501 3123 μηδέ
1531 3053 1972 3126 ἀντιπαραταξα-

402 3144 560 3215 μένου
607 3143 826 3207 τούτου,
862 3142 1019 3217 ὤφθη
1062 3145 1122 3199 τὸ
1173 3144 1353 3198 πεδίον
1394 3146 1601 3217 νεκρῶν
1644 3147 1969 3220 πλεπληρω-
1998 3171 2040 3228 C

402 3238 581 3308 μένον,
631 3236 869 3309 Χριστοῦ
919 3237 1063 3309 χειρὶ
1112 3237 1353 3309 κρυφαία
1414 3238 1604 3291 ἑκατὸν
1645 3239 1973 3311 ὀγδοήκοντα

400 3330 558 3383 πέντε
593 3330 830 3401 χιλιάδας
870 3329 1149 3393 ἀνελόντος
1171 3347 1183 3359 ·
1217 3330 1292 3393 ὡς
1318 3330 1409 3384 τὸν
1454 3330 1671 3403 Ἰσραὴλ
1706 3331 1867 3402 μόνον
1895 3335 1973 3396 εἰς

401 3423 526 3477 θέαν
577 3423 804 3494 ἐκϐῆναι
837 3422 930 3477 τοῦ
962 3423 1104 3477 οὕτω
1147 3423 1382 3493 μεγάλου
1436 3424 1743 3495 παραδόξου
1765 3465 1779 3490 ,
1817 3428 1977 3478 ἐπευ-

402 3516 754 3588 φραινόμενον
782 3517 873 3569 ἐπὶ
898 3518 964 3587 τῇ
997 3514 1138 3568 οὕτω
1171 3516 1320 3587 παρὰ
1348 3516 1440 3569 τοῦ
1478 3517 1611 3570 Θεοῦ
1643 3517 1942 3588 ἀντιλήψει.

469 3654 550 3708 Τά
576 3655 1001 3727 καταληψόμενα
1032 3657 1227 3720 αὐτοὺς
1254 3658 1379 3721 τοὺς
1405 3657 1631 3731 ἐχθροὺς
1658 3661 1835 3713 αὐτῶν
1863 3660 1977 3714 δια-

401 3749 615 3818 γορεύει
650 3751 679 3801 ὁ
709 3749 883 3817 λόγος.

471 3859 579 3930 Τὴν
610 3860 699 3913 τοῦ
735 3862 1019 3932 ’Λσσυρίου
1059 3863 1153 3915 καὶ
1185 3863 1283 3934 τὴν
1305 3864 1414 3918 τῶν
1450 3866 1760 3934 Αἰγυπτίων
1792 3865 1977 3935 ἔφοδον

402 3951 595 4023 γνώμῃ
648 3952 813 4005 αὑτοῦ
866 3953 1197 4023 γεγενῆσθαι
1253 3956 1614 4028 ὑπαγορεύει*
1658 3957 1791 4011 Οὐδὲ
1832 3959 1973 4028 γὰρ,

403 4043 586 4113 φησιν,
627 4039 770 4097 οὗτοι
819 4044 1073 4115 εἰσῄεσαν
1104 4046 1191 4112 ἂν,
1221 4050 1268 4100 εἰ
1306 4050 1379 4120 μή
1436 4067 1499 4117 γε
1530 4050 1691 4113 αὐτὸς
1739 4050 1976 4103 ἀνεδίδου

402 4135 585 4198 αὐτοῖς
602 4135 742 4189 κατὰ
778 4137 1161 4209 συγχώρησιν
1214 4140 1289 4203 ὠς
1321 4142 1444 4211 ἐμοὶ
1482 4142 1661 4195 τοίνυν
1706 4142 1978 4195 διακονού-

404 4242 577 4297 μενοι,
606 4226 848 4297 ἰσχύουσι
873 4228 990 4280 καθ’
1020 4229 1173 4297 ὑμῶν
1204 4229 1279 4293 ὡς
1319 4232 1458 4286 κατά
1499 4232 1669 4303 πηλοῦ
1702 4232 1759 4286 ὃν
1789 4238 1976 4287 πατεῖν

404 4317 747 4388 μελλήσουσι.
784 4321 1050 4393 Παρέστω
1080 4323 1257 4376 τοίνυν
1294 4326 1388 4378 καὶ
1419 4324 1528 4377 τῶν
1566 4324 1737 4378 ἐθνῶν
1759 4344 1841 4390 τις
1872 4328 1978 4399 πρὸ

403 4408 615 4464 αἰώνων
644 4411 781 4466 ὅλων
799 4412 866 4466 τὰ
887 4415 1148 4484 μέλλοντα
1177 4414 1399 4469 ἔσεσθαι
1429 4415 1727 4488 προλέξωψ
1754 4419 1848 4471 καὶ
1871 4420 1979 4472 δει-

2140 1173 2309 1229 Vens.
2344 1173 2400 1229 2.
2444 1172 2520 1229 De
2549 1172 2693 1244 Cyro
2756 1165 3169 1242 agitur,‘quem
3204 1173 3328 1242 jure
3355 1166 3414 1227 in
3469 1168 3641 1246 Baby-

2072 1266 2249 1319 lonem
2282 1265 2588 1319 suscitavit.
2607 1294 2677 1303 —
2698 1261 2898 1317 Multos
2932 1263 3104 1332 ipsius
3132 1264 3360 1333 imperio
3386 1265 3639 1336 subjecit,

2073 1366 2131 1412 ut
2153 1358 2349 1413 merito
2372 1357 2701 1429 Babylonem
2735 1363 3026 1413 everteret.

2141 1471 2307 1528 Vens.
2340 1471 2395 1525 8.
2438 1470 2679 1528 Affectus
2733 1487 2864 1527 suos
2916 1472 2971 1526 in
3032 1471 3199 1527 Israel
3233 1480 3498 1527 memorat
3552 1473 3642 1529 hic

2073 1566 2236 1630 Deus,
2262 1564 2367 1619 hoc
2395 1572 2479 1619 est
2510 1564 2567 1619 in
2610 1564 2760 1633 ipsos
2793 1564 3092 1619 lsraelitas.
3126 1562 3359 1618 Puerum
3396 1580 3518 1619 eum
3544 1582 3643 1619 vo-

2071 1665 2193 1722 cat,
2223 1672 2333 1712 non
2367 1658 2597 1727 pecunia
2627 1664 2895 1726 emptum,
2945 1673 3052 1711 non
3096 1658 3164 1712 ab
3207 1658 3385 1712 alieno
3437 1659 3492 1712 in
3544 1673 3643 1712 sua

2072 1757 2370 1819 receptum,
2398 1748 2493 1804 sed
2518 1756 2577 1803 ut
2610 1747 2806 1803 Filium
2842 1764 2871 1802 a
2907 1749 3069 1803 Patre
3104 1755 3447 1818 susceptum;
3479 1765 3642 1819 quem

2070 1852 2123 1897 et
2144 1841 2313 1897 Jacob
2342 1842 2475 1897 dicit
2495 1842 2537 1873 ¹³
2614 1842 2737 1896 -'uod
2760 1843 2849 1896 hic
2873 1840 3052 1895 Patris
3083 1840 3279 1908 haeres,
3304 1840 3491 1896 eadem
3524 1858 3643 1897 sor-

2069 1933 2221 1989 titus.

2145 2134 2310 2191 Vens.
2334 2136 2420 2189 '15.
2443 2135 2579 2190 Cum
2610 2150 2705 2191 eos
2729 2151 2757 2188 a
2785 2136 2897 2191 Deo
2924 2134 3142 2204 adjutos
3165 2133 3344 2193 docet,
3375 2138 3429 2186 et
3453 2138 3643 2185 contra

2071 2229 2310 2284 hostium
2338 2230 2594 2285 incursus
2623 2229 2898 2293 defensos,
2936 2228 3189 2303 fiduciam
3228 2226 3363 2295 ipsis
3394 2233 3641 2279 renovat.

2071 2322 2203 2393 Ego,
2228 2322 2429 2392 inquit,
2456 2329 2669 2375 tantum
2701 2322 2800 2376 tibi
2830 2322 2884 2374 in
2918 2321 3105 2376 hostes
3138 2318 3306 2373 robur
3328 2319 3553 2383 contuli,
3588 2324 3647 2371 ut

2071 2421 2221 2465 rotas
2275 2412 2478 2467 ferreas
2521 2412 2576 2464 in
2634 2425 2913 2465 serrarum
2965 2409 3186 2464 modum
3240 2410 3518 2478 accepisse
3569 2408 3646 2464 sis

2072 2502 2243 2565 visus,
2276 2508 2332 2556 et
2382 2508 2573 2571 gentes
2604 2516 2795 2555 omnes
2828 2500 2925 2553 tibi
2978 2500 3384 2555 conculcandas
3424 2499 3643 2553 tradidi.

2072 2592 2423 2649 Insolentiam
2455 2592 2600 2646 velut
2625 2599 2837 2646 montes
2862 2598 3285 2661 consurgentem
3316 2597 3368 2644 et
3386 2589 3649 2659 superbas

2074 2692 2283 2740 mentes
2335 2684 2478 2738 sicut
2517 2682 2687 2736 colles
2743 2682 2951 2742 elatas,
3006 2680 3083 2734 ita
3125 2680 3444 2745 triturabis,
3493 2688 3545 2733 et
3592 2679 3647 2733 in

2074 2778 2303 2831 nihilum
2368 2775 2604 2845 rediges,
2645 2784 2704 2828 ut
2763 2789 2885 2828 cum
2946 2774 3170 2843 pulvere
3226 2782 3649 2843 componantur.

2074 2869 2227 2936 Quod
2282 2868 2501 2937 quidem
2534 2868 2589 2921 in
2641 2866 2902 2937 Assyrios
2954 2865 3158 2921 factum
3204 2874 3325 2921 est:
3379 2880 3503 2918 nam
3550 2880 3652 2918 nec

2074 2969 2352 3031 pugnante
2380 2959 2573 3022 Israel,
2624 2974 2725 3014 nec
2763 2960 2935 3012 aciem
2967 2957 3280 3021 ordinante,
3317 2956 3501 3010 videre
3534 2964 3651 3008 erat

2075 3067 2331 3123 campum
2385 3050 2496 3105 late
2543 3050 2869 3121 corporibus
2923 3056 3297 3109 constratum,
3349 3061 3472 3100 cum
3532 3045 3651 3114 ipse

2073 3143 2327 3199 Christus
2367 3155 2535 3197 manu
2581 3156 2680 3197 sua
2722 3147 2941 3195 centum
2995 3147 3049 3194 et
3084 3138 3364 3209 octoginta
3407 3135 3651 3206 quinque

2075 3236 2244 3291 millia
2272 3236 2685 3307 prostravisset,
2719 3235 2793 3288 ita
2825 3241 2883 3288 ut
2913 3232 3047 3286 nihil
3099 3231 3245 3285 aliud
3276 3229 3649 3285 lsraelitarum

2076 3328 2260 3394 fuerit,
2308 3336 2506 3399 praeter
2551 3327 2619 3382 ad
2667 3324 3150 3397 contemplandum
3204 3330 3417 3378 tantum
3464 3320 3651 3392 prodi-

2076 3421 2224 3493 gium
2252 3420 2459 3491 egredi,
2500 3418 2645 3474 etde
2678 3425 2832 3471 tanto
2862 3415 2957 3471 Dei
2990 3415 3173 3472 studio
3207 3412 3505 3468 exsultare.

2149 3658 2313 3713 Vens.
2357 3658 2445 3713 l7.
2480 3656 2831 3713 Calamitates
2874 3653 3127 3710 hostibus
3178 3653 3525 3708 imminentes
3557 3652 3651 3707 de-

2077 3752 2295 3806 nuntiat
2327 3750 2609 3821 propheta.

2149 3863 2317 3919 Vens.
2362 3861 2453 3916 26.
2498 3862 2849 3933 Assyriorum
2879 3870 2933 3918 et
2980 3859 3363 3931 Egyptiorum
3395 3859 3651 3917 incursus

2080 3955 2188 4009 Deo
2228 3954 2456 4024 jubente
2484 3952 2660 4009 factos
2706 3953 2879 4008 fuisse
2909 3952 3173 4007 declarat.
3222 3950 3341 4005 Non
3392 3950 3647 4017 fuissenz,

2078 4049 2172 4111 ait,
2209 4047 2351 4102 hanc
2384 4054 2587 4101 terram
2642 4045 2897 4116 ingressi,
2932 4044 3040 4099 nisi
3070 4044 3174 4099 hoc
3222 4044 3338 4113 ipse
3363 4044 3653 4101 concedis-

2079 4155 2213 4195 sem.
2244 4138 2428 4194 Donec
2462 4139 2628 4210 igitur
2659 4138 2793 4192 mihi
2833 4137 3206 4203 inservierint,
3250 4135 3511 4191 valebunt
3552 4137 3653 4192 ad-

2078 4247 2273 4287 versus
2307 4247 2405 4286 vos
2437 4241 2498 4286 ut
2538 4232 2594 4285 in
2646 4231 2818 4285 lutum
2874 4229 3019 4301 quod
3064 4229 3445 4286 conculcaturi
3503 4242 3651 4285 sunt.

2079 4324 2346 4381 Procedat
2377 4324 2502 4379 ideo
2534 4324 2620 4378 vel
2649 4340 2715 4379 ex
2750 4325 3005 4395 gentibus
3026 4324 3120 4395 qui
3159 4322 3341 4377 futura
3382 4330 3509 4378 ante
3536 4338 3658 4378 om-

2079 4416 2169 4469 nia
2216 4416 2414 4471 saacula
2460 4416 2736 4485 praedicet.
2780 4414 3030 4471 Ostendit
3067 4430 3161 4470 eos
3202 4430 3323 4469 esse
3371 4414 3645 4484 daemones

404 4502 658 4569 ξάτω,ὼς
687 4501 787 4559 οἷοί
808 4524 867 4560 τε
889 4508 1103 4563 ἔσονται
1138 4509 1577 4580 προαπαγγεῖλαι
1601 4508 1788 4583 ῶσπερ
1816 4511 1974 4574 ἰδίους

2083 4509 2177 4579 qui
2228 4517 2458 4564 ventura
2506 4508 2865 4579 praedicerent
2919 4508 3077 4577 quasi
3126 4506 3359 4563 fuissent
3400 4508 3470 4562 ab
3518 4508 3653 4578 ipsis

401 4595 559 4666 ὄρους
606 4599 686 4662 εἰς
727 4597 885 4670 ἔργον
933 4601 1225 4672 μέλλοντας
1266 4603 1678 4673 προχωρήσειν·
1722 4604 1815 4656 καὶ
1865 4604 1975 4675 γὰρ

401 4689 451 4739 οἱ
484 4688 757 4759 δαίμονες,
790 4692 895 4745 κᾶν
928 4694 1237 4765 προλέγωσί
1283 4711 1437 4759 τινα,
1470 4694 1570 4747 οὐκ
1618 4695 1795 4749 αὐτῶν
1839 4695 1976 4767 ἔργα

404 4780 772 4852 προλέξουσιν,
804 4784 917 4837 ἀλλ’
952 4786 1241 4858 ἀλλοτρίας
1288 4786 1515 4859 πράξεις
1548 4788 1842 4859 μηνύουσιν
1863 4806 1875 4819 ⁸
1911 4791 1973 4843 ού

401 4874 578 4926 τοίνυν
598 4869 739 4928 οὗτοι
755 4877 1153 4947 ἀπαγγέλλουσί
1168 4897 1218 4932 τι
1242 4879 1390 4943 ῖδιον,
1408 4879 1526 4932 οὐδὲ
1542 4879 1749 4944 ἕξουσιν
1770 4883 1974 4952 ἀκροα-

402 4968 500 5030 τάς
528 4969 653 5031 τοὺς
684 4968 1056 5039 διακρίνοντας
1083 4972 1142 5025 τὸ
1173 4972 1366 5041 ψεῦδος
1393 4971 1501 5025 ἀπὸ
1532 4973 1624 5026 τοῦ
1654 4974 1907 5045 ἀληθοῦς.

473 5101 593 5153 Τῶν
637 5101 740 5155 ὑπὸ
772 5103 865 5155 τοῦ
911 5104 1046 5157 Θεοῦ
1086 5104 1145 5169 ἐξ
1194 5107 1370 5177 ἀρχῆς
1425 5107 1877 5177 παρασχεθέντων
1912 5111 1976 5179 τῇ

416 5193 769 5264 Ἰερουσαλὴμ
796 5193 871 5257 ὡς
903 5196 1114 5265 ἀνῆπτο
1141 5198 1303 5251 παντί
1334 5197 1411 5267 τῷ
1441 5198 1628 5269 κόσμῳ
1650 5198 1978 5267 θεογνωσίας

406 5284 663 5356 λαμπτὴρ
684 5302 696 5314 ·
727 5286 819 5339 καὶ
854 5285 930 5349 ὼς
964 5287 1145 5340 ἐκεῖσε
1179 5292 1211 5359 ή
1260 5290 1353 5343 τοῦ
1395 5289 1527 5342 Θεοῦ
1575 5290 1734 5361 χάρις
1765 5290 1979 5361 μυρίοις

408 5375 709 5448 συνθήμασι
746 5382 1276 5453 κατακεκοσμημένη
1308 5382 1715 5453 ὑπομιμνήσκει
1747 5382 1939 5445 αύτούς
1960 5399 1973 5411 ·

405 5469 525 5521 ὅθεν
574 5472 665 5523 καὶ
704 5472 779 5534 ῶς
828 5471 990 5524 πάλιν
1020 5473 1156 5541 μετά
1200 5474 1297 5545 τὴν
1342 5477 1405 5527 ἐκ
1450 5476 1545 5546 τῆς
1601 5473 1978 5545 αἰχμαλωσίας

408 5561 662 5614 ἐπάνοδον
689 5564 795 5615 τῶν
830 5562 1009 5616 αὐτῶν
1049 5564 1294 5630 ἠξιοῦτο·
1327 5568 1384 5618 οὐ
1439 5567 1543 5637 μὴν
1577 5566 1711 5619 ἀλλὰ
1754 5566 1845 5620 καὶ
1885 5567 1976 5618 ἐπὶ

489 5757 759 5817 “Coloss.
808 5776 891 5824 ιιι,
926 5761 980 5825 9,
1017 5762 1101 5816 l0.
1183 5761 1381 5816 "Gen.
1420 5780 1505 5827 xv,
1537 5764 1583 5817 4.

2084 4599 2346 4665 definita;
2395 4614 2518 4653 nam
2562 4599 2646 4653 vel
2691 4600 2736 4654 si
2780 4598 2921 4654 forte
2964 4599 3094 4669 quid
3140 4599 3648 4669 praenuntiaverint,

2082 4708 2191 4746 non
2228 4707 2327 4747 sua
2360 4706 2549 4761 opera,
2585 4690 2680 4747 sed
2713 4691 2891 4745 aliena
2928 4689 3185 4746 referent.
3229 4690 3347 4745 Non
3375 4699 3460 4746 est
3496 4690 3660 4761 igitur

2081 4785 2227 4855 quod
2260 4800 2419 4840 suum
2466 4783 2673 4854 aliquid
2718 4784 3076 4849 annuntient,
3108 4799 3209 4839 nec
3262 4784 3466 4839 habent
3498 4783 3658 4838 audi-

2083 4887 2230 4936 tores
2258 4879 2352 4950 qui
2386 4876 2525 4935 falsa
2548 4894 2578 4934 e
2606 4880 2752 4934 veris
2786 4884 3013 4948 possent
3043 4875 3404 4948 distinguere.

2156 5099 2320 5155 Vens.
2349 5100 2438 5154 ‘27.
2473 5100 2605 5167 Quae
2636 5100 2752 5171 ipse
2793 5097 2938 5154 Deus
2973 5112 3003 5151 a
3046 5097 3317 5169 principio
3355 5094 3658 5152 Jerusalem

2085 5194 2494 5263 praparaverit,
2521 5200 2581 5247 ut
2613 5194 2821 5264 lampas
2848 5206 2990 5247 verte
3017 5190 3141 5246 ﬁdei
3176 5197 3350 5244 totum
3386 5195 3660 5244 terrarum

2085 5286 2272 5339 orbem
2322 5284 2624 5350 illuminet,
2665 5294 2796 5355 quot
2829 5291 2884 5339 et
2916 5282 3138 5353 quantis
3182 5297 3280 5338 eos
3312 5283 3661 5337 exornaverit

2088 5376 2396 5443 beneficiis,
2432 5384 2737 5444 memorat;
2772 5390 2875 5431 nec
2919 5375 3133 5430 minora
3156 5390 3217 5431 se
3246 5374 3314 5429 de
3347 5372 3661 5444 captivitate

2085 5467 2382 5526 reducibus
2428 5469 2749 5540 largiturum
2801 5466 3111 5523 denuntiat.
3156 5465 3469 5537 Prteprimis
3530 5480 3662 5521 vero

2086 5562 2335 5632 praedicit
2374 5564 2620 5634 insuper,
2651 5560 2951 5618 Salvatoris
2994 5561 3223 5633 gratiam
3258 5560 3311 5614 in
3347 5557 3478 5615 Sion
3512 5557 3661 5629 prin-
