4116 6332
504 311 529 366 1
538 312 641 369 5Ἥὸ

1587 303 1937 361 THEODORI
1979 292 2494 356 HERACLEENSIS

3613 278 3758 334 1336

503 427 648 498 cipio
693 439 1005 484 venturam.
1057 435 1111 482 et
1179 429 1254 482 ita
1319 443 1510 482 ornnes
1562 427 1689 482 dein
1754 427 2064 481 invasuram

2176 418 2384 480 τούτοις
2431 407 2792 486 προαγορεύει
2834 406 2934 476 τὴν
2965 403 3060 456 τοῦ
3103 401 3349 472 Σωτῆρος
3565 398 3760 498 ἐπιδη-

503 528 710 588 gentes.

575 720 703 775 Cn.
740 719 909 784 XLII,
946 719 1112 775 Vens.
1157 720 1244 774 10.
1281 719 1402 786 Quo
1447 720 1592 774 enim
1639 718 1802 774 modo
1840 727 1895 775 et
1926 735 2073 774 nunc

505 810 764 880 propheta
792 850 806 874 ,
860 810 951 865 ubi
997 811 1064 865 de
1105 809 1388 873 Salvatore
1443 820 1638 865 nostro
1679 811 1952 877 audierit,
2005 811 2070 865 ad

503 901 757 956 ditandos
780 918 880 958 nos
911 912 965 957 et
993 902 1060 956 ad
1101 901 1396 958 salvandas
1426 903 1639 959 animas
1695 917 1912 960 nosuas
1946 920 2072 959 ven-

504 998 648 1055 turo,
687 998 835 1044 tanta
867 990 958 1046 Dei
999 991 1372 1047 misericordia
1401 993 1582 1047 animo
1611 996 1915 1058 exsultans,
1952 996 2071 1049 lau—

502 1080 600 1136 des
649 1079 739 1135 Dei
778 1090 833 1136 et
879 1082 1109 1152 gloriam
1165 1083 1545 1140 celebraturus
1590 1087 1875 1158 exsurgit;
1910 1087 1983 1140 ita
2017 1095 2071 1141 et

500 1173 638 1230 alios
671 1181 951 1229 cantatum
982 1184 1261 1246 provocat.
1286 1175 1405 1231 Non
1432 1178 1667 1246 primum
1703 1194 1852 1233 nunc
1881 1189 2072 1249 regnat

499 1277 816 1338 perspectus
845 1269 1004 1323 nobis
1035 1276 1089 1322 et
1117 1269 1332 1338 agnitus
1361 1268 1521 1335 Deus,
1543 1269 1637 1326 sed
1658 1270 1893 1340 primum
1926 1285 2072 1326 nunc

499 1358 810 1414 extenditur
866 1361 919 1414 in
959 1367 1232 1415 extremas
1282 1361 1526 1416 omnium
1581 1372 1852 1418 terrarum
1884 1373 2070 1434 partes

500 1451 723 1521 antiqua
762 1452 881 1522 ejus
910 1461 1154 1522 potestas
1175 1493 1189 1518 ,
1218 1453 1536 1510 coelestibus
1572 1466 1816 1526 accepta,
1841 1466 1894 1510 et
1926 1457 2067 1526 apud

499 1543 649 1613 ipsos
716 1544 876 1598 etiam
950 1544 1103 1615 prius
1175 1545 1286 1613 jam
1327 1547 1618 1603 celebrata.
1683 1549 2067 1618 Apostolorum

497 1636 744 1691 ordinem
768 1637 1057 1709 designant
1086 1637 1336 1694 homines
1375 1639 1475 1706 illi,
1505 1641 1654 1696 circa
1691 1642 2067 1713 navigatorum

497 1744 699 1784 munus
731 1741 1013 1788 versantes
1061 1747 1091 1786 a
1136 1734 1337 1803 quibus
1370 1733 1608 1803 primum
1659 1732 1775 1786 haec
1820 1733 2067 1788 doctrina

499 1823 812 1878 conﬁtenda
840 1832 977 1880 erat.

568 2027 731 2082 Vens.
757 2030 843 2083 11.
875 2028 978 2084 Per
1007 2030 1158 2084 locos
1185 2030 1526 2085 habitatores
1545 2029 1788 2084 locorum
1811 2027 2063 2092 intendit,

497 2121 588 2188 qui
618 2120 782 2189 primi
817 2119 1155 2176 Salvatorem
1192 2132 1441 2177 nostrum
1478 2120 1772 2177 Dominum
1815 2128 2064 2175 nostrum

493 2210 677 2267 Jesum
717 2213 999 2270 Christum
1031 2215 1312 2284 excepturi
1347 2225 1505 2270 erant
1529 2222 1583 2269 et
1625 2214 1773 2268 cultu
1809 2227 2067 2283 prosecu-

494 2306 623 2359 turi.
682 2304 818 2359 Dum
851 2305 918 2361 de
943 2306 1160 2362 deserto
1193 2307 1452 2377 loquitur,
1501 2307 1566 2362 ad
1608 2307 1818 2360 animas
1852 2303 2062 2370 alludit,

495 2395 733 2450 miseriis
757 2395 825 2465 Ie'
886 2397 1129 2467 penuriis
1187 2411 1518 2466 oppressas,
1563 2411 1691 2450 vera
1741 2394 1832 2450 Dei
1890 2395 2066 2450 scien-

495 2485 568 2537 tia
620 2484 932 2539 destitutas.
978 2485 1170 2540 Merito
1217 2488 1381 2540 etiam
1426 2486 1601 2541 Cedar
1645 2495 1929 2551 memorat,
1960 2486 2064 2542 hoc

495 2590 598 2630 nos
637 2574 840 2631 docens
880 2575 1128 2641 animas,
1170 2593 1290 2646 quae
1321 2577 1472 2648 prius
1526 2586 1715 2632 contra
1760 2578 2062 2633 venientem

497 2667 834 2723 Salvatorem
878 2670 1156 2724 reluctataz
1214 2669 1451 2732 fuerint,
1498 2679 1683 2740 postea
1731 2668 1799 2723 ad
1844 2670 2063 2726 saniora

492 2767 809 2824 revocatas,
840 2776 962 2815 cum
1013 2761 1364 2816 veneratione
1391 2776 1516 2816 eum
1551 2769 1876 2831 excepturas
1910 2777 2053 2817 esse.

492 2851 626 2906 Nam
680 2853 958 2923 spectabat
1001 2852 1176 2907 Cedar
1225 2853 1292 2906 ad
1341 2869 1514 2924 genus
1547 2851 1724 2916 Esau,
1760 2851 2062 2910 Jerusalem

503 2945 719 3008 hostile,
754 2945 1034 3016 ipsiusque
1058 2946 1267 3016 legibus
1299 2961 1470 3016 usque
1504 2945 1798 3001 infensum.

2181 510 2309 579 μίαν
2337 504 2544 560 ἐκεῖθεν
2588 498 2939 572 ἀρξαμένην,
2977 494 3070 549 καὶ
3112 492 3284 555 οὕτως
3317 490 3409 543 ἐπὶ
3462 489 3640 542 πάντα
3681 492 3757 541 ri:

2175 601 2302 671 ἔθνη
2330 600 2427 670 τῆς
2455 593 2648 650 ἐαυτοῦ
2683 594 2904 662 χάριτος
2931 586 3217 658 διαϐάσης.

2245 714 2454 783 Ὥσπερ
2496 705 2590 764 οὖν
2648 707 2739 758 καὶ
2786 704 2881 757 νῦν
2936 700 3220 773 προφήτης
3285 698 3608 752 καταλαϐὼν
3653 715 3753 769 τηε.

2178 803 2490 878 σωτηριώδη
2527 797 2830 872 παρουσίαν
2859 793 2953 848 τοῦ
2981 793 3231 876 Σωτῆρος
3255 790 3409 862 ἡμῶν
3441 791 3534 843 ἐπὶ
3568 789 3755 861 κέρδει

2175 897 2423 970 ἡμετέρῳ
2459 890 2851 964 γενησομένην,
2894 887 2990 939 καὶ
3034 883 3127 937 ἐπὶ
3180 880 3424 952 σωτηρία
3451 880 3559 934 τῶν
3608 882 3753 952 ἡμε-

2173 991 2346 1062 τέρων
2375 985 2562 1058 ψυχῶν
2586 1025 2602 1052 ,
2657 977 3038 1052 ἀγαλλιασθεὶς
3079 973 3177 1046 τὴν
3205 972 3382 1043 ψυχὴν
3418 973 3511 1025 ἐπὶ
3552 975 3620 1043 τῇ
3665 989 3758 1024 το-

2175 1083 2346 1153 σαύτῃ
2380 1078 2473 1132 τοῦ
2507 1075 2641 1131 Θεοῦ
2671 1068 3072 1144 φιλανθρωπίᾳ,
3098 1067 3402 1138 ἀπάρχεται
3425 1063 3530 1116 τῶν
3562 1063 3756 1134 ὕμνων

2173 1174 2386 1245 καὶτῆς
2411 1167 2715 1238 δοξολογίας
2731 1183 2744 1196 ·
2775 1165 2836 1218 τὸ
2863 1164 2907 1217 δ’
2929 1160 3060 1215 αὐτὸ
3088 1159 3182 1212 καὶ
3209 1156 3400 1220 ἄλλους
3425 1157 3596 1208 ποιεῖν
3621 1171 3759 1226 προ-

2171 1265 2462 1336 τρέπεται·
2495 1259 2616 1313 eos:
2657 1257 2766 1328 γάρ
2792 1258 2820 1308 ὁ
2867 1251 3240 1324 φανησόμενος
3289 1248 3383 1301 καὶ
3422 1246 3756 1317 γνωρισθεὶς

2169 1360 2301 1429 ἡμῖν
2335 1353 2489 1419 Θεὸς,
2524 1350 2619 1405 νῦν
2669 1347 2764 1402 τοῦ
2803 1346 2993 1418 ἄρχειν
3020 1341 3241 1415 ῆρξατο,
3297 1339 3431 1392 ἀλλά
3475 1336 3756 1409 προθύσης

2170 1448 2334 1504 αὑτοῦ
2383 1446 2482 1516 τῆς
2527 1441 2868 1514 κυριότητος,
2921 1437 3017 1490 καὶ
3044 1437 3104 1489 ἐν
3141 1433 3220 1504 τῷ
3251 1433 3362 1487 ἀνω
3409 1429 3748 1501 κρατούσης,

2170 1544 2263 1596 καὶ
2313 1541 2439 1612 παρ’
2472 1537 2702 1598 ἐκείνοις
2745 1529 3144 1604 δοξαζομένης,
3193 1527 3273 1588 είς
3318 1523 3388 1577 τά
3427 1520 3753 1591 ἁπανταχοῦ

2169 1635 2273 1706 γῆς
2322 1633 2535 1704 πέρατα
2595 1625 3038 1698 φανερωθήσεται
3091 1619 3338 1692 πρῶτον·
3391 1615 3594 1686 ταύτης
3646 1615 3753 1685 τῆς

2173 1705 2422 1795 γνώσεως
2457 1717 2855 1792 ἀπαρχομένων
2889 1715 2995 1767 τῶν
3033 1709 3274 1766 παλαιῶν
3322 1707 3544 1761 ἐκείνων
3581 1705 3751 1775 ἔργον

2173 1819 2402 1890 ἐχόντων
2420 1815 2518 1886 τὴν
2550 1812 2817 1867 θάλατταν
2847 1806 3050 1872 πλέειν,
3074 1800 3326 1874 ἐδηλοῦτο
3346 1799 3404 1852 τὸ
3423 1798 3606 1868 τάγμα
3636 1795 3750 1849 τῶν

2174 1911 2506 1970 ἀποστόλων,

2253 2027 2349 2079 Ἐκ
2377 2023 2488 2078 τῶν
2513 2021 2692 2074 τόπων
2727 2019 2852 2079 τοὺς
2882 2015 3172 2084 οἰκήτορας
3204 2006 3434 2062 ἐνταῦθα
3465 2003 3742 2074 σημαίνει,

2171 2119 2220 2172 οἳ
2273 2118 2369 2171 καὶ
2406 2115 2614 2187 πρῶτοι
2643 2109 2875 2183 ’ήμελλον
2922 2100 3304 2173 ἐπιγινώσκειν
3350 2097 3440 2151 τὸν
3479 2095 3748 2167 ἡμέτερον

2172 2211 2400 2280 Σωτῆρα
2460 2207 2551 2259 τὸν
2601 2203 2804 2274 Κύριον
2856 2196 3012 2268 ἡμῶν
3057 2191 3264 2263 Ἰησοῦν
3320 2191 3412 2243 τὸν
3471 2187 3710 2280 Χριστὸν
3730 2226 3745 2250 ,

2170 2302 2264 2357 καὶ
2293 2279 2730 2372 προσκυνοῦντας
2772 2290 3032 2357 δοξάζειν.
3059 2286 3302 2357 Ἔρημον
3329 2281 3388 2335 δέ
3440 2280 3536 2335 νῦν
3575 2279 3747 2347 λέγει,

2170 2393 2458 2465 ἀναφέρων
2486 2390 2576 2444 τὸν
2617 2387 2774 2455 λόγον
2809 2384 2888 2446 είς
2917 2381 3016 2443 τὰς
3041 2377 3237 2448 ψυχὰς,
3265 2376 3467 2436 αἵτινες
3509 2372 3750 2465 ἐρημίαν

2171 2461 2575 2552 ἐταλαιπώρουν
2603 2473 2933 2544 θεογνωσίας
2969 2466 3352 2539 ἐστερημέναι.
3406 2461 3748 2530 Ἀναγκαίως

2167 2579 2223 2633 δὲ
2253 2577 2347 2630 καὶ
2387 2574 2484 2644 τῆς
2533 2567 2723 2641 Κηδάρ
2753 2561 3113 2638 μνημονεύει·
3155 2559 3242 2612 διὰ
3267 2555 3452 2610 τούτου
3476 2554 3747 2652 διδάσκων

2169 2669 2336 2739 ἡμᾶς,
2368 2663 2449 2716 ὅτι
2483 2661 2539 2714 αἱ
2571 2653 2990 2727 ἀπομαχόμεναι
3020 2648 3152 2720 πρὸς
3179 2647 3276 2718 τὴν
3318 2644 3624 2739 παρουσίαν
3652 2644 3745 2695 τοῦ

2169 2736 2417 2828 Σωτῆρος
2439 2751 2628 2823 ψυχαὶ,
2653 2748 2880 2819 ὕστερον
2927 2742 3311 2812 ἐπεγνωκυῑαι,
3348 2736 3746 2828 ὁμολογήσουσι

2167 2848 2230 2903 τὸ
2266 2824 2458 2909 σέϐας·
2507 2843 2601 2898 καὶ
2659 2841 2770 2912 γάρ
2817 2839 2911 2892 καὶ
2962 2838 2994 2907 ή
3040 2832 3231 2905 Κηδάρ
3281 2831 3478 2902 χωρίον
3529 2824 3595 2898 ἦν
3645 2826 3741 2879 τοῦ

2169 2942 2358 3014 γένους
2417 2937 2510 2992 τοῦ
2567 2934 2776 2996 Ἠσαῦ,
2835 2932 2863 2983 ὂ
2927 2927 3150 2982 διετέλει
3189 2923 3613 3014 ἀπομαχόμενον
3667 2921 3736 2989 τῇ

2178 3013 2549 3106 Ἰερουσαλὴμ,
2573 3029 2666 3083 καὶ
2687 3023 3094 3093 ἐναντιούμενον
3120 3021 3232 3082 τοῖς
3250 3015 3455 3086 ταύτης
3475 3013 3740 3084 νομίμοις.

566 3140 731 3202 Vens.
786 3143 872 3196 15.
917 3143 1222 3199 Adventum
1263 3144 1568 3200 Salvatoris
1600 3152 1654 3200 et
1696 3145 1785 3200 hic
1828 3144 2061 3200 manife-

2238 3144 2350 3216 Τὴν
2388 3140 2483 3196 τοῦ
2523 3140 2774 3210 Σωτῆρος
2807 3131 3101 3204 ἐπιδημίαν
3135 3129 3227 3183 καὶ
3261 3126 3494 3181 ἐνταῦθα
3533 3122 3746 3196 τρανῶς

492 3234 632 3289 stius
666 3233 894 3299 indicat,
925 3235 1018 3304 qui
1061 3251 1248 3305 pacem
1284 3235 1447 3292 nobis
1481 3236 1690 3302 all'eret,
1727 3246 1802 3302 et,
1841 3237 1909 3290 ad
1942 3237 2062 3291 vin-

493 3327 694 3381 dictam
746 3328 1036 3398 semetipse
1091 3343 1476 3394 commovens,
1534 3329 1742 3384 inimici
1818 3330 1962 3386 vires
2008 3339 2064 3385 et

495 3419 808 3488 superbiam
847 3428 1115 3476 conteret.
1149 3419 1284 3475 Nam
1328 3420 1539 3478 hostem
1571 3433 1624 3476 et
1653 3421 1934 3476 inimicum
1969 3438 2065 3478 no-

491 3521 663 3566 strum
697 3527 807 3566 non
849 3514 1183 3584 aggreditur,
1217 3515 1377 3584 quasi
1420 3514 1615 3570 fuisset
1649 3515 1768 3569 zelo
1797 3515 2059 3582 allectus;

490 3619 699 3659 vacuus
725 3605 871 3658 enim
899 3607 966 3661 ab
988 3606 1137 3660 omni
1172 3607 1415 3661 humano
1443 3605 1661 3669 affectu,
1689 3615 1874 3678 utpote
1893 3606 2060 3677 Deus,

498 3694 793 3762 semetipse
850 3694 917 3748 ad
963 3692 1264 3750 vindictam
1338 3697 1740 3765 commovebit;
1810 3699 1957 3768 quod
2010 3707 2064 3754 et

490 3799 660 3840 carne
695 3796 974 3856 suscepta,
1020 3786 1173 3842 fecit.
1207 3787 1344 3844 Nam
1375 3805 1502 3844 eum
1558 3789 1913 3847 intremuisse
1953 3793 2064 3862 spi-

493 3877 602 3930 ritu
629 3878 672 3911 ³⁵
700 3887 928 3934 narrant
955 3883 1321 3952 evangelista,
1365 3883 1596 3938 liberum
1626 3885 1747 3954 ejus
1775 3885 2062 3940 arbitrium

491 3969 874 4038 declarantes;
907 3988 1033 4028 nam
1068 3975 1338 4047 lacrymas
1364 3975 1575 4040 elIudit,
1607 3985 1662 4032 et
1700 3992 1900 4049 corpus
1938 3977 2064 4032 fati—

490 4071 676 4133 gatum
703 4065 744 4096 ¹⁷
779 4068 968 4133 sensit,
995 4067 1223 4126 allectus
1258 4068 1396 4124 istos
1421 4068 1567 4124 haud
1611 4069 1814 4125 invitus
1843 4085 2062 4140 perpes-

491 4171 612 4222 sus,
646 4157 745 4212 sed
779 4159 958 4214 libens
984 4160 1051 4216 iis
1087 4175 1291 4231 corpus
1323 4176 1482 4216 suum
1514 4161 1772 4232 subjecit.
1803 4161 2063 4219 Homines

490 4250 710 4320 quidem
762 4266 862 4306 nos
918 4253 1191 4322 lacrymas
1243 4251 1649 4324 prolundimus,
1696 4269 1808 4308 non
1846 4255 2064 4325 quando

491 4342 864 4408 voluerimus;
914 4344 1012 4400 sed
1043 4344 1171 4416 quia
1203 4345 1309 4398 illa:
1340 4345 1591 4415 corporei
1626 4345 1856 4402 allectus
1909 4355 2059 4413 sunt,

490 4435 603 4490 illis
633 4436 714 4490 vel
746 4436 900 4491 inviti
928 4452 1246 4504 movemur;
1278 4437 1346 4494 de
1372 4438 1484 4494 Deo
1515 4446 1696 4494 autem
1728 4453 1841 4496 non
1870 4440 2058 4496 eadem

2169 3235 2520 3307 ὑπαγορεύει,
2563 3233 2621 3296 ὃς
2649 3231 2778 3302 ἡμῖν
2810 3228 2907 3300 μὲν
2953 3226 3175 3297 εἰρήνην
3207 3218 3458 3292 βραϐεύει
3482 3259 3496 3283 ,
3531 3217 3749 3271 καθελεῖ

2165 3330 2222 3383 δέ
2259 3328 2440 3381 πᾶσαν
2485 3324 2713 3395 δύναμίν
2755 3338 2814 3374 τε
2872 3319 2967 3372 καὶ
2999 3314 3318 3380 ἀλαζονείαν
3363 3311 3454 3363 τοῦ
3503 3309 3703 3380 ἐχθροῦ
3728 3347 3747 3375 ,

2167 3421 2355 3475 ἐαυτὸν
2397 3419 2622 3491 κινήσας
2659 3415 2795 3487 πρὸς
2839 3409 3112 3466 ἐκδικίαν·
3151 3406 3272 3460 οὐδὲ
3320 3403 3426 3474 γάρ
3460 3403 3534 3465 ὡς
3567 3401 3748 3464 πάθος

2167 3515 2453 3586 ὑπομένων
2508 3507 2868 3580 ζηλοτυπίας,
2925 3502 3164 3574 χωρήσει
3219 3499 3358 3552 κατά
3403 3495 3595 3568 ἐχθροῦ
3649 3494 3750 3544 καὶ

2167 3585 2426 3678 πολεμίου
2471 3607 2632 3675 ήμῖν·
2670 3601 2785 3655 ἀλλ’
2833 3595 3117 3666 ἐλεύθερος
3177 3593 3252 3647 ὢν
3298 3591 3494 3652 παντὸς
3539 3585 3748 3649 πάθους

2166 3698 2505 3771 ἀνθρωπίνου
2545 3695 2640 3748 ac;
2671 3692 2803 3755 Θεὸς
2843 3689 3034 3743 ἐαυτὸν
3065 3687 3279 3756 κινήσει
3330 3682 3467 3754 πρὸς
3499 3680 3743 3749 ἄμυναν·

2167 3768 2350 3849 καθὼς
2377 3785 2471 3838 καὶ
2517 3785 2574 3836 ἐν
2609 3781 2771 3852 σαρκὶ
2805 3778 2991 3848 φανεὶς
3017 3774 3285 3845 πεποίηκε
3307 3788 3320 3801 ·
3357 3771 3436 3841 τῷ
3481 3771 3613 3840 γὰρ,
3648 3768 3749 3821 ὲν-

2164 3879 2522 3950 εϐριμήσατο
2539 3874 2619 3942 τῷ
2635 3875 2946 3944 πνεύματι,
2984 3867 3336 3941 σημειοῦνται
3372 3867 3421 3918 οί
3464 3860 3752 3930 εὐαγγελι-

2169 3974 2327 4040 σταὶ,
2352 3969 2638 4044 δηλοῦντες
2669 3967 2729 4021 τὸ
2775 3964 3020 4020 ἐκούσιον
3066 3965 3163 4031 τῆς
3208 3959 3468 4030 γνώμης·
3506 3956 3746 4027 δάκρυον

2166 4065 2275 4137 γάρ
2323 4062 2525 4135 ἐξέχεε,
2579 4061 2670 4114 καὶ
2701 4059 2942 4130 κάματον
2992 4055 3230 4126 ὑπέμενε
3288 4049 3631 4122 σωματικὸν,
3677 4046 3747 4099 τά

2168 4155 2315 4226 πάθη
2344 4156 2444 4207 οὐκ
2484 4151 2754 4213 ἀκουσίως
2788 4145 3095 4218 ὑπομένων,
3123 4145 3237 4198 ἀλλ’
3269 4145 3355 4196 ἐπ’
3386 4139 3632 4206 ἐξουσίας
3666 4137 3742 4207 τῷ

2169 4245 2720 4321 σώματιὲπιτάττων.
2761 4241 2885 4293 Ἐπὶ
2943 4238 3051 4308 γάρ
3082 4236 3238 4307 ἡμῶν
3287 4234 3396 4288 τῶν
3439 4229 3737 4302 ἀνθρώπων

2167 4342 2377 4412 δάκρυα
2409 4339 2507 4409 μὲν
2546 4337 2809 4405 ἐκχεῖται,
2843 4332 2944 4402 οὐχ
2975 4331 3051 4382 ὅτ’
3087 4328 3153 4383 ἂν
3195 4327 3462 4397 θέλωμεν,
3499 4325 3742 4412 σώματος

2167 4433 2224 4485 δὲ
2268 4411 2394 4483 ὅντα
2424 4426 2626 4498 φυσικά
2669 4423 2838 4494 πάθη,
2875 4424 2970 4477 καὶ
3015 4417 3284 4480 ἀκουσίως
3315 4415 3491 4469 ταῦτα
3531 4411 3741 4483 ὑπομέ-

491 4525 706 4592 valent,
763 4528 858 4583 sed
893 4529 1010 4600 ipse
1063 4530 1128 4583 ad
1184 4503 1376 4586 nutum
1427 4538 1627 4586 cuncta
1665 4531 1844 4602 gerit,
1897 4538 1952 4587 et
2005 4532 2060 4587 in

2171 4535 2360 4590 νομεν·
2395 4518 2424 4567 ὁ
2451 4515 2507 4568 δὲ
2537 4514 2671 4577 Θεὸς
2691 4512 2788 4581 οὺχ
2813 4511 3008 4573 οὓτως,
3035 4507 3147 4561 ἀλλ’
3185 4506 3270 4558 ἐπ’
3296 4505 3542 4572 ἐξουσίας
3571 4503 3748 4556 πάντα

489 4617 679 4674 hostes
713 4619 901 4675 eadem
945 4628 1218 4691 potestate
1249 4621 1472 4692 gaudet.

560 4825 727 4883 Vens.
768 4828 854 4882 l7.
904 4827 1242 4885 Confusione
1300 4828 1434 4883 dicit
1489 4843 1584 4883 eos
1637 4827 2071 4882 conl‘undendos.

494 4935 598 4992 pro
627 4921 870 4990 peccatis
903 4921 1120 4988 merito,
1147 4929 1202 4976 et
1226 4921 1364 4977 tales
1395 4921 1631 4986 futuros,
1663 4920 1844 4990 qualia
1888 4919 2062 4973 simu-

488 5028 642 5069 .acra
695 5027 908 5077 eorum,
977 5013 1058 5068 uti
1131 5013 1395 5083 scriptum
1439 5021 1555 5069 est:
1599 5032 1617 5064 ‹
1675 5011 1891 5067 Similes
1954 5011 2080 5066 illis.

490 5104 625 5159 liant
658 5104 752 5174 qui
788 5103 998 5158 faciunt
1027 5118 1089 5159 ea
1124 5105 1189 5158 ’⁸.
1226 5124 1244 5156 ›
1279 5102 1435 5170 Quod
1473 5105 1520 5158 si
1551 5102 1936 5157 contumeliam
1965 5101 2066 5156 du—

490 5196 617 5251 citis
642 5179 851 5252 similes
878 5195 996 5252 ﬁeri
1027 5195 1189 5251 idolis
1213 5197 1437 5260 vestris,
1459 5193 1825 5249 recordemini
1860 5191 2061 5262 potius,

489 5296 695 5355 quanto
734 5287 1051 5359 vosmetipsi
1087 5287 1398 5358 deprimitis
1450 5300 1548 5356 pro
1603 5283 1840 5338 dominis
1881 5296 1976 5336 eos
2011 5291 2065 5334 et

490 5381 599 5437 diis
631 5380 922 5438 habentes.

569 5560 734 5616 Vens.
769 5564 854 5617 18.
899 5561 1106 5620 Sensus
1140 5577 1260 5627 eum
1299 5560 1569 5624 habeatis,
1613 5559 1911 5629 recogitate
1949 5572 2067 5628 quae

566 5719 606 5748 “
627 5714 784 5772 Joan.
815 5734 891 5783 ιι,
926 5719 1014 5774 55.

1098 5719 1137 5751 ¹⁷
1163 5719 1292 5775 ibid.
1319 5718 1416 5784 3o;
1448 5731 1577 5772 Luc.
1612 5731 1726 5782 xu,
1760 5713 1849 5783 ll;
1884 5711 2039 5770 Joan.
2071 5708 2215 5778 tv,6.

2173 4610 2362 4676 ποιῶν,
2402 4609 2496 4662 καὶ
2527 4605 2669 4660 κατὰ
2693 4603 2802 4656 τῶν
2831 4600 3042 4672 ἐχθρῶν
3075 4602 3142 4670 τῇ
3175 4599 3312 4670 αύτῇ
3347 4597 3572 4668 δυνάμει
3610 4595 3748 4666 χρή⁹

2173 4721 2340 4758 σεται.

2240 4814 2352 4885 Τῆς
2375 4813 2493 4866 κατ’
2529 4809 2686 4875 ἀξίαν
2709 4809 2815 4862 τῶν
2848 4804 3260 4878 ἁμαρτημάτων
3283 4799 3541 4870 αἰσχύνης
3562 4795 3750 4862 ἀξίους

2171 4904 2308 4961 εἶναι
2334 4905 2531 4968 αὐτοὺς
2555 4904 2788 4974 φάσκει·
2819 4901 2912 4954 καὶ
2939 4897 3214 4960 τοιούτους
3245 4893 3483 4958 ἔσεσθαι,
3515 4885 3604 4943 οἷά
3641 4905 3751 4958 περ

2170 5001 2265 5056 καὶ
2321 4997 2389 5052 τὰ
2427 4997 2747 5066 σεϐάσματα
2788 4993 3000 5055 αὐτῶν,
3034 4989 3177 5044 κατά
3222 4989 3283 5040 τὸ
3328 4981 3752 5056 γεγραμμένον·
3826 4991 3832 4995 ·

2178 5114 2193 5143 ι
2226 5093 2443 5162 Ὅμοιοι
2474 5090 2656 5152 αὐτοῖς
2681 5088 2921 5156 γένοιντο
2949 5085 2999 5136 οἱ
3032 5081 3313 5142 ποιοῦντες
3354 5077 3525 5130 αὐτά·
3555 5095 3572 5127 ι
3610 5075 3659 5126 εἰ
3690 5072 3752 5125 δὲ

2174 5183 2330 5255 ὕϐριν
2359 5180 2579 5253 ἡγεῖσθε
2616 5180 2678 5233 τὸ
2709 5173 3088 5248 ἐξομοιοῦσθαι
3118 5175 3228 5233 τοῖς
3258 5169 3590 5238 σεθάσμασιν
3615 5167 3749 5217 ἐαυ-

2171 5278 2302 5341 τῶν,
2331 5277 2466 5330 πολὺ
2498 5275 2758 5347 πρότερον
2802 5269 2944 5325 κατά
2993 5266 3116 5320 νοῦν
3161 5263 3376 5325 λάϐετε,
3403 5262 3479 5324 ὡς
3523 5257 3752 5322 ἑαυτοὺς

2172 5367 2506 5440 ἀτιμάζετε,
2555 5364 2818 5425 δεσπότας
2868 5360 3066 5423 αὐτοὺς
3115 5357 3208 5412 καὶ
3250 5355 3402 5418 θεοὺς
3446 5351 3753 5423 ἐπιγραφό-

2175 5478 2349 5532 μενοι.

2243 5553 2433 5605 Τοίνυν
2467 5549 2535 5601 τὰ
2569 5546 2900 5619 αἰσθητήρια
2933 5543 3274 5616 κεκτημένοι,
3302 5538 3392 5593 τὸν
3427 5535 3628 5591 σκοπὸν
3653 5530 3750 5589 τοῦ

2297 5704 2496 5762 ¹⁸Ρειι1.
2528 5717 2678 5771 cxm,
2713 5705 2771 5761 8.
