4116 6332
340 369 468 424 1557

1704 374 1770 429 IN
1810 375 2062 430 lelAM.

3434 370 3570 424 1558

328 486 616 549 καλοῦντος
662 486 805 557 ὑμᾶς
845 487 1168 557 ἐννοήσατεε
1200 488 1274 552 ὡς
1325 490 1401 552 εἰς
1444 487 1692 559 οὐράνιον
1746 491 1884 542 πολι-

2002 490 2073 544 sit
2104 504 2254 544 mens
2294 488 2562 543 vocantis.
2608 486 2688 541 Ad
2739 486 3020 540 cmlestem
3067 483 3344 539 civitatem
3390 486 3570 539 vocati

327 577 474 630 τείαν
500 576 788 646 κέκλησθε,
819 578 913 630 καὶ
950 580 1029 640 εἰς
1062 578 1325 646 ἀγγέλους
1350 579 1522 632 τελεῖν
1554 581 1895 651 παρεσκεύα-

329 665 453 718 σθε·
494 664 643 717 οὐδὲν
690 665 874 736 ἕτερον
924 668 1052 737 παρ’
1105 666 1255 736 ὑμῶν
1295 667 1575 731 ἀπαιτῶν,
1612 668 1643 738 ἢ
1685 666 1781 738 τὴν
1836 666 1896 730 ἐξ

328 756 539 819 εὐνοίας
591 757 820 809 αῖνεσιν·
867 757 1044 828 ἤνπερ
1101 757 1523 829 παραλιπόντες,
1564 758 1893 812 ἐκδεδώκατε

328 848 549 909 ἑαυτοὺς
601 847 675 914 τῷ
722 848 959 919 πονηρῷ,
1014 849 1108 902 καὶ
1154 851 1411 917 γεγόνατε
1458 850 1663 903 ἐκείνου
1696 852 1893 922 αἰχμά·

328 938 513 1004 λωτοι,
545 940 926 1008 παγιδεύοντες
958 942 1154 1004 αὐτοὺς
1180 943 1237 994 ἐν
1269 941 1592 1012 συνειδήσει,
1621 944 1712 995 καὶ
1744 944 1894 995 εἰδω-

328 1030 667 1094 λοποιοῦντες
716 1034 772 1085 ἐν
815 1035 925 1096 τοῖς
958 1032 1123 1097 οἴκοις
1169 1032 1349 1103 ὑμῶν·
1405 1034 1512 1087 ἀπὸ
1559 1034 1667 1105 γὰρ
1710 1033 1892 1087 κακῶν

328 1122 547 1175 ἐννοιῶν
579 1124 656 1185 εἰς
702 1123 857 1195 ἔργον
889 1123 1308 1195 προκεχώρηκεν
1338 1125 1464 1194 ὑμῖν
1502 1124 1569 1177 τὰ
1610 1124 1891 1195 ἐπιτηδεύ-

332 1232 473 1285 ματα
491 1233 503 1245 ⁸
526 1215 731 1285 διόπερ,
756 1215 1099 1285 αἰχμαλωσίᾳ
1126 1219 1191 1286 τῇ
1219 1233 1274 1269 τε
1300 1215 1439 1269 κατά
1463 1216 1618 1285 σῶμα
1636 1218 1728 1268 καὶ
1748 1217 1889 1286 ψυχῇ

329 1305 736 1376 ὑποϐληθέντες,
754 1308 850 1376 οὐχ
879 1306 1026 1371 ἕξετε
1046 1306 1135 1359 τὸν
1162 1305 1684 1377 ἀντιλαμϐανόμενον
1704 1306 1852 1376 ὑμῶν
1874 1323 1886 1335 ’

326 1398 432 1450 τῶν
461 1397 568 1466 γὰρ
602 1396 871 1467 πολεμίων
904 1398 1257 1460 ἐπελθόντων,
1290 1400 1339 1451 οἱ
1385 1398 1726 1468 νομισθέντες
1764 1399 1890 1469 παρ’

329 1490 453 1559 ὑμῖν
482 1486 619 1542 εἶναι
648 1489 757 1542 θεοὶ
779 1492 839 1542 ού
872 1490 943 1561 μὴ
965 1490 1251 1557 ἐξέλωνται
1287 1492 1449 1561 ὑμᾶς,
1484 1492 1602 1545 οὐδὲ
1643 1492 1710 1544 τά
1742 1492 1892 1561 παρά

325 1578 431 1630 τῶν
460 1577 730 1648 πολεμίων
767 1578 1137 1650 διαρπαγέντα
1179 1580 1715 1650 ἀποκαταστήσουσιν
1740 1581 1887 1650 ὑμῖν.

398 1670 506 1741 Τῆς
545 1671 603 1735 ἐξ
636 1671 908 1739 Αἰγύπτου
960 1671 1269 1743 ἐλευθερίας
1308 1673 1747 1742 ὑπομιμνήσκει·
1779 1672 1891 1724 δει-

326 1762 477 1825 κνῦς,
509 1763 605 1831 ᾡς,
640 1761 772 1814 Ὀλα
800 1761 925 1832 ἔθνη
954 1763 1426 1833 τιμωρησάμενος,
1452 1761 1603 1831 ὑμῶν
1638 1762 1891 1814 ἀντικατ-

1998 580 2151 642 estis,
2188 588 2240 633 et
2278 580 2331 633 in
2377 580 2692 650 angelorum
2727 576 3065 631 consortium
3103 573 3400 639 destinati;
3436 575 3572 629 nihil

1999 688 2028 725 a
2061 674 2217 727 vobis
2252 673 2500 741 deposcit
2546 670 2690 725 Deus
2711 712 2725 734 ,
2764 680 2956 740 praeter
2989 669 3126 739 grati
3158 666 3323 720 animi
3364 666 3567 721 laudes.

1997 763 2142 829 Quas
2198 772 2376 818 autem
2411 764 2758 831 denegantes,
2801 762 2945 815 malo
2991 775 3087 814 vos
3132 759 3279 827 ipsos
3320 757 3567 821 dedistis,

1998 855 2144 911 illius
2197 855 2393 925 captivi
2446 854 2572 908 facti
2642 855 2776 908 estis
2809 892 2823 916 ,
2895 850 3290 908 conscientiam
3335 849 3571 903 obdure-

1996 954 2231 1011 scentes,
2289 955 2342 1000 et
2394 947 2534 999 idola
2588 945 2641 997 in
2697 944 2949 998 domibus
2993 942 3188 997 vestris
3232 943 3571 996 constituen-

1995 1049 2122 1104 tes;
2159 1046 2282 1091 actu
2311 1038 2454 1091 enim
2490 1034 2818 1105 pet-fecistis,
2867 1048 2987 1103 quae
3035 1032 3188 1102 prius
3234 1040 3415 1087 mente
3448 1040 3564 1087 stu—

1994 1126 2255 1180 dueratis.
2309 1126 2647 1193 Quapropter
2694 1133 2997 1192 eteorporc
3027 1130 3080 1176 et
3110 1122 3290 1175 animo
3346 1123 3400 1175 in
3466 1137 3559 1175 ca-

1995 1217 2291 1288 ptivitatem
2332 1214 2558 1277 redacti,
2597 1230 2704 1267 non
2754 1214 3022 1268 habebitis
3059 1214 3151 1283 qui
3195 1229 3293 1267 vos
3345 1214 3562 1269 liberet.

1992 1307 2127 1361 Nam
2162 1307 2407 1361 hostibus
2438 1321 2533 1358 vos
2572 1304 2971 1366 invadentibus.
3006 1320 3111 1358 non
3144 1313 3426 1375 protegent
3474 1320 3567 1360 vos

1998 1400 2100 1462 illi,
2130 1401 2223 1469 qui
2254 1399 2328 1451 dii
2360 1414 2482 1454 esse
2515 1406 2859 1467 reputantur,
2894 1414 2995 1451 nec
3022 1406 3177 1467 rapta
3208 1396 3277 1452 ab
3320 1398 3565 1453 hostibus

1991 1492 2146 1546 vobis
2176 1492 2485 1545 restituent.

2063 1668 2196 1724 CAP.
2256 1665 2440 1731 XLIII,
2476 1664 2643 1721 Vens.
2688 1666 2740 1720 5.
2784 1663 3183 1719 Liberationem
3228 1680 3292 1717 ex
3332 1663 3565 1734 [Egypto

1992 1765 2404 1813 commemorat.
2431 1755 2634 1810 Gentes
2660 1762 2889 1810 cunctas
2912 1753 3089 1823 pomis
3111 1752 3396 1807 afﬁciendo
3416 1768 3565 1806 com-

324 1854 669 1925 ηλλαξάμήν,
724 1854 963 1917 ἐκείνους
1028 1855 1125 1925 μὲν
1172 1852 1429 1916 κακώσας
1494 1853 1587 1907 καὶ
1641 1852 1884 1924 ἀπωλείᾳ

1990 1849 2355 1904 mutationem
2389 1854 2626 1902 vestram
2656 1846 2779 1910 feci,
2815 1845 3009 1914 inquit,
3036 1843 3155 1897 illos
3173 1843 3387 1913 quidem
3420 1845 3565 1897 cala-

325 1947 618 2018 παραδοῦς,
652 1947 679 1998 ὑ
690 1949 778 2017 μῖν
806 1947 861 1999 δὲ
887 1946 1135 2016 βοήθειαν
1160 1945 1371 2016 νείμας.

394 2138 560 2191 Πάλιν
594 2135 827 2191 ἐνταῦθα
861 2137 1281 2207 ὑπομιμνήσκει,
1316 2137 1396 2191 ὅτι
1442 2133 1539 2208 οὐχ
1570 2138 1644 2201 ὡς
1670 2140 1887 2201 οἰκείοις

322 2230 502 2290 πόνοις
529 2229 685 2293 δόξαν
719 2230 928 2290 ἑαυτοῖς
958 2230 1428 2299 περιεποιήσαντο,
1457 2231 1575 2283 ούδέ
1600 2231 1705 2301 ίδίᾳ
1729 2231 1887 2284 δυνάο

325 2337 414 2390 μει
458 2318 563 2372 τῶν
594 2318 759 2371 ἐθνῶν
804 2319 1202 2390 περιεγένοντο,
1246 2319 1380 2373 ἀλλά
1412 2320 1504 2373 τοῦ
1534 2322 1667 2374 Θεοῦ
1716 2324 1887 2375 ἀπαν-

320 2412 483 2483 ταχοῦ
510 2412 603 2465 καὶ
632 2410 834 2464 τούτων
868 2411 1213 2482 ἐρημούντων
1243 2412 1585 2483 ἐνεργοῦντος
1610 2412 1747 2466 κατά
1777 2413 1885 2466 τῶν

322 2502 609 2556 ἐναντίων’
656 2502 910 2573 ἐλομένου
956 2502 1062 2573 γάρ
1099 2520 1199 2572 μου
1236 2504 1503 2558 συντελεῖν
1547 2522 1605 2558 σε
1649 2507 1727 2568 είς
1760 2505 1885 2559 λαὸν

322 2593 472 2663 ἐμὸν,
502 2592 833 2662 ἀπρονόητος
858 2592 918 2643 οὐ
953 2591 1289 2662 μεμένηκας.

392 2706 511 2758 ὀτι
546 2707 578 2774 ἡ
630 2703 834 2775 ἔρημος
894 2704 1110 2757 νοτίδων
1159 2702 1318 2757 θείων
1365 2702 1705 2773 τυγχάνουσα
1740 2703 1883 2775 ψυχὴ

325 2797 459 2867 μετά
482 2798 581 2867 τὴν
627 2796 927 2867 παρουσίαν
968 2793 1061 2845 τοῦ
1106 2793 1353 2863 Σωτῆρος
1381 2794 1700 2865 πλημμυρεῖ
1729 2794 1885 2848 θείων

320 2889 659 2960 διδαγμάτων
681 2929 695 2954 ,
730 2888 787 2950 ὃς
831 2887 927 2957 τὴν
974 2886 1096 2939 καθ’
1129 2885 1355 2938 ἕκαστον
1384 2886 1554 2956 ἄνδρα
1586 2887 1678 2939 καὶ
1731 2891 1882 2959 κοινῇ

318 2983 416 3053 τὴν
452 2979 773 3049 Ἐκκλησίαν
810 2980 899 3031 ἴσα
933 2980 1195 3047 ποταμοῖς
1224 2976 1553 3045 ἐπαρδεύετο
1583 2981 1693 3041 τοῖς
1722 2978 1884 3041 θείοις

319 3074 670 3142 διδάγμασιν·
707 3072 905 3141 ὁμοίως
937 3070 993 3122 δέ
1029 3070 1241 3139 νοήσεις
1292 3069 1385 3120 καὶ
1427 3069 1495 3120 τὰ
1534 3069 1679 3139 ἑξῆς,
1715 3071 1885 3141 ἁρμό-

1988 1939 2273 1995 mitatibus
2303 1951 2357 1993 et
2383 1940 2552 1993 exitio
2576 1938 2843 2009 afﬂigens,
2874 1951 2973 1991 vos
2997 1943 3177 1989 autem
3217 1935 3417 1988 auxilio
3444 1950 3564 1989 meo

1987 2029 2199 2084 fovens.

2065 2143 2224 2198 Vens.
2257 2144 2311 2198 4.
2367 2143 2569 2197 lterum
2607 2142 2696 2197 hic
2729 2142 2993 2206 declarat,
3028 2142 3174 2211 ipsos
3212 2156 3318 2195 non
3362 2140 3562 2194 labori-

1987 2237 2089 2291 bus
2116 2238 2234 2291 suis
2262 2235 2489 2306 gloriam
2536 2236 2765 2303 adeptos
2795 2249 2941 2298 esse,
2987 2249 3088 2287 nec
3115 2247 3213 2287 sua
3249 2234 3448 2287 virtute
3478 2232 3562 2285 fu-

1991 2330 2206 2398 gavisse
2240 2329 2451 2390 hostes,
2486 2327 2579 2381 sed
2612 2325 2779 2379 Deum
2812 2325 3034 2395 ubique,
3071 2331 3125 2378 et
3158 2339 3254 2393 per
3284 2338 3344 2377 se
3369 2322 3562 2376 adver-

1989 2420 2166 2473 sarios
2197 2433 2446 2488 quosque
2480 2418 2764 2487 repulisse.
2801 2416 2912 2488 Ego
2944 2417 3087 2471 enim
3132 2424 3183 2469 te
3224 2416 3474 2485 eligerem
3501 2425 3562 2467 ut

1986 2520 2038 2566 te
2093 2511 2351 2581 populum
2380 2525 2558 2564 meum
2609 2509 2864 2573 facerem,
2906 2508 3224 2578 imprudens
3284 2519 3412 2560 vero
3452 2520 3561 2559 non

1987 2600 2373 2672 perseverasti.

2055 2710 2223 2765 Vens.
2258 2710 2346 2763 19.
2397 2709 2618 2765 Deserta
2663 2708 2805 2763 facta
2854 2707 3092 2762 hominis
3126 2706 3346 2770 anima,
3383 2712 3436 2758 et
3469 2703 3559 2757 di—

1985 2804 2129 2858 vinis
2154 2802 2579 2871 cogitationibus
2610 2815 2777 2853 vaeua
2799 2838 2814 2862 ,
2860 2808 2983 2867 post
3017 2797 3312 2850 Salvatoris
3343 2796 3550 2849 adven-

1984 2903 2099 2948 tum
2137 2892 2335 2947 divinis
2382 2892 2651 2945 doctrinis
2701 2889 3017 2959 replebitur,
3056 2887 3149 2957 qui
3185 2886 3428 2955 singulos
3460 2885 3559 2939 ho-

1985 2985 2161 3039 mines
2212 2991 2267 3038 et
2320 2982 2631 3037 universam
2680 2979 2978 3034 Ecelesiam
3025 2978 3181 3047 quasi
3235 2976 3555 3031 fluminibus

1986 3076 2301 3132 caelestibus
2348 3075 2613 3129 doctrinis
2651 3072 2932 3142 irrigavit;
2970 3072 3225 3127 similiter
3264 3078 3316 3124 et
3362 3078 3557 3123 caetera

320 3166 426 3229 ζων
459 3165 684 3218 ἕκαστον
716 3163 825 3216 τῶν
854 3161 1149 3232 λεχθέντων
1188 3161 1266 3223 είς
1309 3157 1408 3212 τὴν
1442 3159 1502 3215 ἐν
1526 3160 1723 3231 ψυχαῖς
1752 3162 1884 3216 θεω-

1990 3167 2456 3236 interpretaberis,
2476 3165 2638 3219 verba
2656 3163 2869 3233 singula
2886 3164 2952 3217 ad
2971 3162 3274 3216 animarum
3308 3174 3556 3214 naturam

323 3257 467 3328 ρίαν.

388 3370 498 3439 Τήν
550 3368 753 3422 ἄνωθεν
786 3369 880 3423 καὶ
922 3372 985 3422 ἐκ
1032 3370 1273 3425 παλαιῶν
1326 3373 1530 3444 χρόνων
1585 3373 1882 3445 γενομένην

317 3461 495 3514 αὐτῶν
533 3462 786 3533 πρόνοιαν
844 3461 995 3532 παρὰ
1035 3461 1129 3514 τοῦ
1168 3462 1301 3516 Θεοῦ
1361 3463 1765 3517 ὑποδείκνυσινυ
1820 3466 1881 3519 οὐ

317 3552 426 3623 γάρ
473 3550 565 3605 νῦν
609 3550 863 3621 ἠρξάμην
894 3554 1141 3623 προνοεῖν
1184 3552 1363 3623 ὑμῶν·
1413 3553 1532 3605 οὐδὲ
1578 3552 1737 3623 ἡνίκα
1786 3553 1882 3625 τήν

316 3644 412 3696 ἀπ’
448 3642 720 3711 Αἰγύπτου
765 3642 940 3707 ἔξοδον
987 3643 1288 3709 ἐποιεῖσθε,
1353 3643 1542 3706 θυσίας
1595 3645 1737 3714 ὑμᾶς
1779 3645 1883 3697 ἀπ-

313 3732 508 3805 ῄτησα·
531 3735 651 3788 οὐδὲ
674 3735 811 3805 μετά
839 3734 1096 3805 καμάτων
1116 3736 1245 3799 τοὺς
1272 3735 1545 3798 ἐναντίους
1569 3734 1880 3806 χειροῦσθαι

319 3826 668 3898 συνεχώρησα
686 3844 701 3859 ο
719 3828 855 3880 ἀλλά
876 3828 971 3881 καὶ
992 3826 1160 3880 ταῦτα
1190 3829 1518 3899 προσφέρειν
1555 3828 1691 3897 μετά
1712 3828 1879 3881 ταῦτα

318 3919 578 3984 ἐνέδωκα,
612 3921 914 3991 ἀποστῆσαι
951 3920 1268 3992 βουλόμενος
1312 3920 1543 3973 εἰδώλων
1565 3960 1578 3984 ,
1610 3922 1705 3973 καὶ
1753 3923 1880 3992 ὑμῖν

316 4012 612 4083 προφάσεις
638 4012 782 4083 δωρη
792 4012 971 4083 μάτων
1001 4012 1408 4085 παρασχέσθαι·
1428 4012 1487 4065 οὐ
1510 4012 1618 4084 γὰρ
1638 4014 1697 4067 ἐν
1722 4015 1880 4087 χρείᾳ

314 4103 518 4158 τούτων
551 4105 884 4176 καθέστηκα.

396 4197 846 4268 ’Υπομιμνήσκει,
869 4197 944 4261 ώς
981 4199 1075 4251 καὶ
1108 4201 1258 4268 κοινῇ
1289 4196 1382 4251 τοῦ
1412 4197 1601 4267 γένους
1634 4197 1729 4250 καὶ
1773 4196 1877 4267 ἰδία

315 4288 543 4343 ἑκάστου
586 4291 816 4361 ποιητὴς
849 4291 1182 4361 καθέστηκεν
1203 4309 1215 4322 ·
1249 4291 1385 4345 ἀλλά
1413 4292 1507 4344 καὶ
1551 4289 1639 4343 διά
1673 4289 1879 4353 κοιλίας

319 4380 586 4451 μέμνηται
632 4381 920 4452 διήκουσαν
961 4381 1246 4453 πρόνοιαν,
1282 4380 1751 4445 ζωοπλαστοῦντος
1788 4381 1879 4432 αύ-

313 4470 405 4523 τοῦ
437 4473 640 4536 πάντας
671 4475 821 4543 ἡμᾶς
866 4475 923 4526 ἐν
976 4476 1042 4544 τῇ
1082 4472 1235 4545 νηδύϊ
1280 4473 1380 4544 τῆς
1412 4471 1648 4545 μητρὸς,
1694 4472 1877 4525 καὶτὸ

313 4558 451 4615 εἶναι
477 4566 609 4633 ἡμῖν
633 4564 884 4629 διδόντος.

382 4674 711 4728 Ἐνταῦθατὸ
738 4695 756 4725 ι
782 4678 881 4729 οὐκ
903 4671 1042 4747 ἦσαν
1067 4676 1141 4747 (9)
1167 4679 1214 4730 οί
1242 4676 1586 4742 πλάττοντες,
1618 4696 1635 4728 ι
1652 4678 1713 4729 οῦ
1730 4675 1879 4747 παρά

313 4765 372 4818 τὸ
401 4765 474 4837 μὴ
506 4764 645 4819 εἶναι
674 4768 799 4831 τοὺς
829 4768 1001 4822 ταῦτα
1027 4768 1447 4841 ἐργαζομένους,
1480 4768 1613 4822 ἀλλά
1642 4769 1791 4840 παρὰ
1821 4769 1881 4821 τὸ

317 4859 390 4928 μὴ
418 4858 673 4913 δύνασθαι
705 4859 915 4929 βοηθεῖν
943 4865 1053 4923 τοῖς
1081 4860 1472 4932 θεραπεύουσιν
1498 4860 1657 4926 αὐτὰ,
1697 4861 1771 4923 ὡς
1805 4860 1879 4931 μὴ

310 4948 490 5012 ὄντες⁶
522 4951 617 5004 καί¹
646 4949 755 5020 γὰρ
788 4952 881 5003 καὶ
922 4952 1080 5022 ήνίκα
1120 4954 1152 5023 ή
1185 4950 1337 5024 χώρα
1369 4954 1481 5014 τοῖς
1520 4951 1880 5023 Ἰσραηλίταις

313 5040 743 5111 ἐκληροδοτεῖτο,
806 5041 1013 5095 πολλῶν
1059 5044 1226 5097 ὅντων
1279 5045 1667 5115 σεϐασμάτων,
1710 5046 1881 5108 οὓτως

312 5131 608 5202 ἀνῃροῦντο
640 5132 731 5184 καὶ
772 5130 1095 5196 ἐξεωθοῦντο
1145 5135 1253 5188 τῶν
1284 5137 1465 5189 τόπων
1499 5136 1567 5190 τὰ
1610 5136 1768 5206 ἔθνη,
1804 5137 1880 5199 ώς

312 5221 410 5290 τὴν
449 5223 545 5291 μὲν
591 5222 809 5276 ἐκείνων
861 5224 1163 5295 ἀδυναμίαν
1212 5228 1307 5280 καὶ
1343 5228 1620 5281 οὐθένειαν
1668 5228 1877 5281 δείκνυ-

313 5310 456 5376 σθαι,
486 5313 843 5384 φανεροῦσθαι
875 5316 931 5369 δὲ
959 5317 1057 5387 τὴν
1086 5318 1180 5370 τοῦ
1207 5319 1341 5372 Θεοῦ
1375 5321 1713 5375 δεσποτείαν.

384 5488 649 5541 Ἀὅυσσον
682 5492 932 5562 εἰρήκασι
973 5494 1071 5563 τὴν
1106 5493 1371 5565 Ἐρυθρὰν
1408 5495 1700 5561 θάλασσαν,
1742 5498 1871 5567 ἐρή-

312 5578 581 5650 μωθεῖσαν
616 5583 916 5635 παοιόντων
950 5584 1057 5635 τῶν
1092 5586 1436 5655 Ἰσραηλιτῶν
1456 5600 1470 5615 ⁶
1501 5589 1775 5656 ποταμοὺς
1815 5587 1871 5641 δὲ

1989 3260 2254 3316 referens.

2059 3371 2229 3427 Vens.
2265 3370 2357 3424 22.
2395 3368 2439 3423 A
2472 3368 2742 3440 principio
2776 3374 2828 3421 et
2861 3366 2928 3421 ab
2958 3366 3199 3437 antiquis
3225 3364 3558 3436 temporibus

1989 3482 2048 3521 se
2078 3464 2337 3535 peculiari
2369 3477 2464 3517 eos
2488 3461 2832 3531 providentia
2866 3460 3084 3523 fovisse,
3110 3459 3353 3514 declarat
3375 3460 3517 3513 Deus
3539 3476 3553 3488 ·

1988 3557 2106 3612 Non
2160 3572 2307 3611 nunc
2349 3555 2584 3620 primum
2614 3554 2782 3608 vestri
2815 3568 3003 3607 curam
3044 3553 3213 3623 gessi,
3262 3567 3363 3606 nec
3396 3552 3557 3606 dece-

1987 3650 2245 3705 dentibus
2267 3649 2421 3703 vobis
2453 3663 2519 3702 ex
2562 3645 2820 3717 Egypto,
2854 3646 3106 3700 victimas
3144 3662 3174 3699 a
3202 3646 3353 3700 vobis
3377 3646 3553 3715 exegi,

1988 3759 2093 3798 nec
2122 3743 2309 3797 hostes
2342 3740 2498 3795 vobis
2538 3754 2661 3793 cum
2704 3739 2986 3793 laboribus
3014 3738 3310 3793 vincendos
3334 3738 3551 3793 tradidi.

1989 3832 2094 3889 Sed
2122 3842 2310 3903 postea
2341 3832 2599 3885 victimas
2627 3830 2750 3885 ideo
2778 3831 2990 3899 excepi,
3022 3838 3081 3882 ut
3101 3830 3169 3884 ab
3198 3831 3356 3885 idolis
3386 3831 3555 3886 absti-

1987 3928 2194 3989 neatis,
2222 3934 2275 3980 et
2306 3924 2575 3979 beneficia
2601 3923 2866 3992 largiendi
2890 3923 3209 3978 occasiones
3246 3922 3380 3975 mihi
3416 3939 3554 3993 pra:-

1986 4018 2160 4073 beatis
2190 4036 2202 4071 :
2241 4017 2362 4070 istis
2394 4015 2536 4069 enim
2572 4028 2681 4066 non
2718 4012 2950 4083 indigeo.

1985 4198 2003 4219 '
2056 4193 2186 4249 CAP.
2235 4191 2418 4259 XLIV,
2468 4189 2634 4245 Vens.
2679 4190 2734 4245 2.
2790 4188 3050 4243 Memorat
3100 4186 3244 4243 Deus
3288 4202 3346 4242 se
3381 4188 3552 4242 totius

1985 4288 2183 4358 gentis,
2210 4294 2261 4340 et
2293 4286 2634 4355 singulorum
2668 4283 2949 4338 hominum
2975 4290 3275 4336 creatorem
3303 4289 3548 4346 exstare;

1982 4387 2036 4433 et
2060 4393 2328 4448 quemque
2359 4386 2607 4432 nostrum
2639 4376 2721 4428 vel
2743 4380 2796 4428 in
2832 4382 2987 4427 utero
3017 4374 3333 4442 matrisjam
3370 4374 3551 4443 provi-

1981 4469 2163 4523 dentia
2194 4468 2463 4531 coluisse,
2496 4481 2619 4520 cum
2661 4480 2851 4522 omnes
2877 4480 2981 4520 nos
3011 4464 3067 4517 in
3094 4473 3281 4519 ventre
3315 4464 3551 4534 plasma-

1906 4545 1950 4603 ί)
1979 4561 2135 4623 verit,
2170 4566 2223 4612 et
2256 4560 2364 4611 vita
2396 4555 2697 4611 donaverit.

2067 4670 2227 4726 Vens.
2268 4670 2320 4724 9.
2363 4666 2462 4724 llic
2501 4668 2664 4723 verba
2708 4669 2811 4724 ista
2847 4687 2860 4723 :
2904 4686 2921 4719 ι
2951 4667 3069 4722 Νοη
3107 4678 3261 4723 erant
3299 4667 3389 4737 qui
3442 4666 3552 4722 for-

1982 4765 2225 4826 mabant,
2252 4783 2272 4814 ›
2307 4777 2415 4816 non
2442 4761 2723 4815 declarant
2754 4775 2849 4816 eos
2879 4775 3076 4831 reapse
3102 4775 3213 4814 non
3247 4759 3549 4822 exstitisse,

1982 4853 2075 4924 qui
2110 4853 2254 4907 idola
2278 4851 2623 4921 sculpebant,
2658 4850 2754 4904 sed
2784 4865 2878 4905 eos
2908 4849 3054 4904 idola
3083 4850 3393 4903 colentibus
3421 4863 3553 4917 pro-

1982 4945 2139 5000 desse
2172 4960 2282 4998 non
2317 4943 2582 5011 potuisse,
2621 4942 2779 5011 quasi
2823 4957 2931 4997 non
2976 4940 3224 4996 fuissent.
3270 4938 3403 4992 Nam
3439 4946 3551 4992 ter-

1982 5048 2099 5087 ram
2145 5032 2405 5088 Israelitis
2449 5033 2864 5103 usurpantibus,
2916 5046 3027 5085 non
3075 5030 3368 5084 defuerunt
3418 5043 3557 5082 sane

1982 5125 2145 5190 idola,
2179 5125 2527 5194 possessione
2547 5134 2731 5181 tamen
2756 5140 2853 5180 sua
2898 5133 3086 5195 gentes
3123 5123 3373 5193 spoliatae
3421 5128 3554 5176 sunt

1980 5227 2033 5272 et
2060 5218 2335 5286 expulsa}:
2369 5217 2569 5287 quibus
2600 5218 2765 5273 simul
2796 5225 2849 5271 et
2892 5216 3163 5269 idolorum
3202 5212 3553 5266 imbecillitas

1978 5310 2388 5364 demonstratur
2421 5316 2475 5365 et
2501 5309 2849 5379 impotentia,
2886 5306 2982 5361 Dei
3022 5321 3152 5362 vero
3185 5311 3407 5375 apparet
3445 5303 3546 5356 im-

1980 5402 2210 5471 perium.

2054 5492 2217 5547 Vsus.
2250 5493 2339 5547 27.
2372 5492 2617 5563 Abyssus
2650 5506 2799 5545 mare
2846 5488 3214 5561 Erythrzeum
3260 5484 3547 5556 designat,

1979 5586 2393 5643 transeuntibus
2450 5586 2711 5643 lsraelitis
2756 5584 3097 5652 desolatum;
3152 5579 3373 5635 ﬂumina
3415 5592 3556 5633 vero.

380 5737 453 5803 (9)
483 5736 837 5793 Communius
864 5739 1046 5808 legunt
1073 5756 1082 5791 :
1120 5740 1231 5794 Οὐκ
1255 5740 1511 5805 ἥκουσαν·
1545 5741 1639 5798 sed
1668 5743 1820 5799 Alex.
1850 5744 1884 5797 Α

1994 5742 2052 5798 C.
2085 5737 2241 5811 ἦσαν.
