4116 6332
580 351 602 404 l
613 349 717 405 339

1741 344 2088 402 TilEODORI
2130 347 2648 405 HEEACLEENSIS

3713 349 3841 402 I540

579 466 819 521 arefacta
848 458 1139 515 Iordanem
1184 451 1826 516 nsdem'transéuntibus
1850 463 2014 533 jussu
2053 462 2152 518 Dei

2265 466 2624 538 Ξηρανθέντας
2661 469 2752 518 τὸν
2787 464 3057 535 Ἰορδάνην
3085 459 3388 532 εἰρήκασιν,
3423 457 3845 529 ἀναχαιτίσαντα

580 555 977 611 dehiscentem.

665 646 796 702 Car.
833 641 999 710 XLV,
1036 642 1206 700 Vens.
1240 643 1294 698 9.
1342 645 1446 700 Per
1475 661 1538 701 ea
1567 663 1688 718 quae
1730 648 1847 704 ﬁeri
1888 664 1997 705 non
2030 666 2156 722 pos-

579 745 708 795 sunt
733 736 999 791 informat
1022 751 1118 792 eos
1152 737 1220 790 ad
1252 738 1572 808 sapientiam
1594 781 1608 806 ,
1638 740 1877 798 suadens
1910 749 1970 796 ut
1999 758 2154 813 aequo

579 833 762 888 animo
801 830 1076 900 excipiant
1109 825 1450 902 quacunque
1500 830 1723 888 fuerunt
1747 849 1776 887 a
1815 834 1926 888 Deo
1953 835 2020 889 ad
2047 836 2155 889 sal-

577 927 786 982 vandas
824 932 1013 997 gentes
1041 924 1348 979 destinata:
1400 941 1510 996 quo
1562 926 1710 982 enim
1759 927 1923 982 modo
1971 928 2150 983 lutum

583 1001 808 1089 ﬁgulum
850 1032 960 1072 non
1013 1015 1327 1086 redarguet,
1377 1031 1480 1073 nec
1528 1018 1828 1089 impedient
1859 1019 1973 1074 nati
2013 1036 2154 1091 quo-

578 1112 760 1166 minus
798 1119 852 1165 et
885 1109 1022 1164 alios
1048 1117 1269 1180 generet
1302 1119 1456 1180 pater
1483 1110 1683 1166 ardens
1717 1127 1939 1182 pueros,
1969 1121 2024 1168 et
2052 1113 2155 1168 im-

580 1204 655 1276 pii
705 1211 851 1260 esset
880 1203 1117 1260 hominis
1147 1205 1542 1276 parturientem
1583 1206 1812 1259 matrem
1860 1205 2155 1276 reprehen-

579 1298 743 1352 dere:
780 1298 851 1351 ita
881 1313 982 1353 nec
1015 1313 1132 1361 vos,
1158 1298 1356 1368 inquit,
1380 1297 1521 1352 hanc
1546 1297 1719 1367 legem
1741 1296 1853 1353 Deo
1876 1299 2152 1364 statuatis,

585 1396 644 1441 ut
671 1389 723 1440 in
755 1403 850 1442 vos
879 1397 1088 1441 tantum
1122 1389 1351 1459 gratiam
1384 1403 1537 1443 suam
1575 1387 1836 1444 effundat.

665 1477 833 1533 Vens.
881 1481 967 1534 ll.
1000 1479 1338 1535 Committite
1378 1480 1511 1534 mihi
1543 1495 1765 1536 causam
1799 1490 2060 1544 vestram,
2096 1489 2150 1537 et

583 1586 612 1624 a
638 1574 814 1628 salute
843 1589 952 1627 non
993 1573 1280 1629 aberretis.
1327 1572 1447 1627 Non
1486 1573 1619 1627 mihi
1650 1589 1787 1644 opus
1818 1576 1926 1630 erit
1951 1575 2152 1631 exhor-

583 1663 883 1719 tationibus
909 1673 962 1719 et
991 1664 1576 1719 commendationibus
1605 1666 1827 1730 vestris,
1854 1674 1914 1720 ut
1943 1682 2076 1720 cura
2103 1674 2156 1720 et

583 1755 918 1824 providentia
953 1765 1232 1810 creaturas
1259 1771 1411 1812 meas
1441 1755 1650 1812 foveam
1671 1796 1686 1822 ,
1733 1772 1854 1827 quae
1884 1773 1984 1828 pro
2025 1756 2154 1811 ﬁliis

2259 557 2352 609 ἐπὶ
2373 560 2440 627 τῇ
2465 556 2644 610 αὑτῶν
2671 553 2892 625 παρόδῳ
2927 549 3218 624 προστάξει
3239 547 3398 602 Θεοῦ.

2341 649 2473 702 Ἀπὸ
2518 647 2627 701 τῶν
2693 646 2770 718 μὴ
2815 642 3178 715 ἐνδεχομένων
3223 639 3469 710 γίνεσθαι
3521 640 3847 712 σωφρονίζει

2258 741 2487 806 αὐτοὺς,
2524 739 2798 794 παιδεύων
2851 737 3020 791 εῐκειν
3066 737 3178 799 τοῖς
3232 732 3382 803 παρὰ
3420 731 3516 786 τοῦ
3564 731 3705 785 Θεοῦ
3759 733 3848 785 ἐπὶ

2260 834 2504 906 σωτηρίᾳ
2530 832 2638 886 τῶν
2679 831 2848 885 ἐθνῶν
2887 830 3138 903 μέλλουσι
3178 826 3643 899 χαρισθήσεσθαν
3682 827 3846 897 ὅνπερ

2258 927 2366 998 γάρ
2397 927 2597 998 τρόπον
2646 923 2770 978 οῦτε
2817 922 2989 995 πηλὸς
3044 920 3448 986 ἐπιδιατάξεται
3496 917 3576 989 τῷ
3606 917 3843 988 πλάστῃ,

2258 1018 2381 1072 οὔτε
2429 1018 2595 1071 τέκνα
2635 1016 2870 1070 κωλύσει
2897 1014 3113 1085 πατέρα
3157 1011 3455 1066 σπεύδοντα
3495 1012 3592 1064 καὶ
3643 1010 3846 1081 ἐτέρων

2257 1110 2466 1164 τέκνων
2502 1109 2755 1179 γενέσθαι
2811 1107 3044 1179 πατέρα,
3088 1105 3182 1160 καί
3229 1105 3439 1176 μητέοδα
3471 1102 3847 1175 κυοφοροῦσαν

2259 1203 2556 1268 αἰτιᾶσθαι,
2607 1201 2782 1265 οὕτως
2824 1199 3055 1264 ἀσεϐοῦς
3091 1199 3243 1261 ὄντος
3266 1213 3282 1228 ·
3311 1197 3419 1250 οὐδ’
3451 1197 3611 1267 ὑμεῖς
3631 1237 3647 1259 ,
3690 1196 3848 1266 φησὶ,

2258 1295 2334 1366 τῷ
2367 1293 2486 1364 Θεῷ
2524 1291 2935 1360 ἐπιδιατάξεσθε
2982 1292 3062 1355 εἰς
3110 1291 3253 1361 ὑμᾶς
3288 1288 3483 1357 μόνους
3520 1288 3851 1359 περιστῆναι

2263 1386 2329 1439 τὰ
2357 1389 2457 1458 τῆς
2488 1386 2654 1440 αὐτοῦ
2687 1386 2931 1458 χάριτος.

2332 1480 2487 1549 Ἐμοὶ
2511 1479 2850 1550 ἐπιγράψατε
2888 1476 2985 1550 τὴν
3019 1475 3290 1548 ὑμετέραν
3325 1473 3580 1546 φροντίδα
3605 1512 3621 1536 ,
3653 1473 3758 1525 καῖ’
3789 1473 3850 1525 οὐ

2264 1570 2337 1640 μὴ
2364 1569 2702 1641 διαμάρτητε
2727 1569 2997 1640 σωτηρίας
3019 1583 3034 1597 ⁸
3059 1567 3183 1620 οὕτε
3213 1565 3322 1638 γὰρ
3342 1565 3442 1636 τῆς
3469 1564 3622 1636 ὑμῶν
3650 1563 3855 1636 δετιθὴο

2263 1677 2426 1731 σομαι
2453 1660 2815 1732 ὑπομνήσεως
2850 1660 2884 1731 ἢ
2920 1658 3351 1730 παρακλήσεως,
3375 1657 3515 1710 ῶστε
3548 1656 3661 1728 ἐμὰ
3684 1658 3858 1726 ποιή-

2264 1769 2409 1823 ματα
2441 1752 2476 1805 ἂ
2508 1751 2566 1805 ἐν
2595 1753 2732 1815 υἱοῖς
2763 1753 2858 1805 καὶ
2882 1749 3187 1822 θυγατράσι
3209 1747 3600 1819 κατειλεγμένα
3635 1749 3857 1816 τυγχά-

587 1854 642 1900 et
676 1845 892 1902 ﬁliabus
928 1847 1236 1901 habuerim.
1270 1845 1381 1902 Nec
1417 1846 1520 1902 feci
1548 1847 1748 1902 caelum
1779 1854 1834 1902 et
1867 1855 2069 1902 terram
2099 1854 2158 1900 ut

2265 1860 2375 1909 νει,
2413 1843 2729 1915 ἐπιμελείας
2759 1843 2854 1897 καὶ
2894 1842 3175 1916 φροντίδος
3209 1840 3541 1911 ἀξιωθῆναιο
3585 1840 3710 1894 οὑδέ
3737 1841 3859 1911 γάρ

590 1940 717 1993 usui
750 1939 881 1994 mihi
913 1948 1120 2002 essent,
1157 1946 1216 1992 ut
1242 1940 1441 1995 caelum
1486 1954 1586 2010 pro
1621 1939 1840 1999 throno.
1865 1945 1920 1993 et
1957 1947 2160 1994 terram

581 2043 682 2100 pro
749 2031 986 2087 scabello
1053 2030 1343 2093 haberem,
1416 2038 1477 2085 ut
1523 2030 1632 2086 illis
1687 2030 1991 2086 involverer
2044 2045 2164 2101 qua:

583 2123 864 2177 voluntate
917 2138 1036 2178 mea
1087 2124 1204 2193 ipsa
1261 2123 1644 2190 continentur;
1697 2124 1791 2179 sed
1827 2123 1880 2176 in
1917 2131 2159 2178 vestram

583 2216 873 2270 utilitatem
905 2221 1104 2269 cuncta
1147 2213 1416 2285 disposui.
1457 2213 1770 2270 Praesertim
1807 2231 1938 2270 vero
1980 2214 2164 2268 stella-

585 2322 709 2360 rum
739 2323 940 2362 cursus
971 2315 1025 2362 et
1057 2306 1328 2361 stationes
1358 2306 1544 2376 dirigit
1575 2307 1831 2361 voluntas
1871 2323 1990 2360 mea
2020 2321 2032 2356 :
2064 2321 2164 2360 nec

585 2398 793 2466 angelis
818 2398 964 2462 licet,
986 2397 1116 2451 dum
1147 2399 1262 2452 hzec
1287 2399 1359 2452 ita
1391 2407 1676 2468 reguntur,
1709 2399 1822 2452 otio
1853 2412 1910 2452 se
1942 2397 2160 2462 dedere,

589 2487 687 2542 sed
715 2487 905 2542 laudes
935 2489 1069 2542 mihi
1089 2489 1482 2543 tribueruntab
1503 2489 1638 2558 ipsis
1659 2488 1872 2542 debitas
1897 2505 1910 2552 ;
1947 2488 2162 2543 cunctis

586 2579 752 2650 igitur
782 2595 811 2632 a
861 2596 946 2634 me
992 2579 1284 2643 ordinatis,
1322 2595 1420 2634 nec
1461 2587 1690 2634 terrena:
1739 2594 1824 2632 me
1867 2579 2158 2650 elfugiunt.

589 2668 681 2724 Sic
710 2669 994 2739 apparebit
1015 2667 1193 2740 Cyrus
1232 2684 1326 2724 rex
1365 2676 1419 2724 et
1444 2670 1644 2739 pietate
1687 2669 1752 2724 in
1795 2684 1882 2724 me
1930 2669 2162 2740 insignis

586 2768 639 2816 et
678 2770 822 2816 recta
880 2761 1184 2832 professus.
1233 2760 1353 2814 Non
1403 2761 1611 2833 latebit
1643 2761 1930 2817 scientiam
1985 2777 2162 2817 meam

587 2859 836 2923 tempore
866 2868 968 2908 suo
997 2861 1184 2920 natus,
1218 2869 1328 2908 non
1359 2853 1588 2908 arbitrio
1623 2870 1742 2921 suo,
1767 2854 1860 2910 sed
1883 2862 2018 2909 nutu
2041 2872 2162 2911 meo

587 2945 753 3003 vitam
779 2946 1055 3016 disponet,
1080 2945 1316 3002 reditum
1350 2946 1508 3001 vobis
1528 2963 1592 3001 ex
1617 2947 1937 3016 captivitate
1965 2962 2161 3003 conce-

587 3038 700 3103 det,
742 3047 797 3092 et
840 3037 1148 3095 Jerusalem
1177 3039 1358 3094 denuo
1397 3039 1711 3102 aediﬁcabit,
1757 3055 1867 3094 non
1918 3042 2092 3111 pretio
2129 3056 2160 3095 a

589 3131 743 3185 vobis
774 3131 925 3195 dato,
953 3131 1048 3186 sed
1081 3130 1312 3201 jubente
1344 3133 1630 3187 voluntate
1663 3147 1805 3187 mea.

585 3227 702 3280 οδον
731 3227 859 3296 ὑμῖν
909 3227 1007 3297 τὴν
1045 3227 1153 3280 άπὸ
1209 3228 1310 3298 τῆς
1369 3228 1742 3300 αἰχμαλωσίας
1782 3227 2086 3294 ἀποδώσει,
2149 3229 2243 3282 καὶ
2278 3227 2375 3300 τὴν
2442 3226 2796 3300 Ἰερουσαλὴμ
2831 3228 3174 3298 οἰκοδομήσει

586 3321 739 3393 ὑμῶν
768 3321 1127 3392 κομιζόμενος
1154 3361 1168 3386 ,
1208 3323 1343 3386 ἀλλὰ
1371 3323 1449 3395 τῷ
1492 3323 1612 3396 ἐμῷ
1641 3324 1870 3397 νεύματι
1909 3325 2091 3379 εἴκων.

2265 1937 2489 2007 οὐρανὸν
2517 1937 2612 1991 καὶ
2638 1937 2740 2008 γῆν
2773 1934 3193 1999 κατασκευάζων
3217 1933 3293 1998 ὡς
3333 1933 3456 2004 ἐμοὶ
3486 1933 3677 2004 χρείαν
3721 1949 3858 1985 συν-

2261 2030 2546 2084 τελέσοντα
2577 2030 2790 2083 ἐποίουν
2815 2069 2829 2094 ,
2870 2029 2956 2082 ἵνα
3067 2044 3157 2098 μοι
3208 2024 3397 2097 θρόνος
3426 2027 3454 2078 ὁ
3480 2017 3741 2096 οὐρανὸς,
3781 2025 3860 2094 γῆ

2262 2122 2318 2175 δὲ
2345 2121 2634 2176 ὑποπόδιον
2656 2163 2671 2188 ,
2704 2122 2798 2176 καί⁹
2833 2122 2892 2174 ἐν
2922 2119 3134 2182 τούτοις
3168 2117 3543 2190 περιέχωμαι,
3567 2117 3732 2169 ὁπότε
3773 2117 3860 2188 τῷ

2263 2213 2380 2284 ἐμῷ
2427 2213 2687 2286 θελήματι
2717 2212 2888 2266 ταῦτα
2923 2211 3202 2282 συνέχεται
3237 2250 3253 2273 ,
3309 2210 3422 2263 ἀλλ’
3461 2211 3540 2273 εἰς
3573 2209 3860 2281 ὑμετέραν

2263 2305 2451 2375 χρείαν
2479 2305 2752 2375 ὑφιστῶνο
2779 2305 2840 2358 ού
2875 2303 2978 2375 μὴν
3012 2303 3146 2356 ἀλλὰ
3179 2302 3274 2357 καὶ
3323 2301 3571 2373 ἀστέρων
3614 2301 3858 2372 δρόμους

2264 2398 2357 2451 καὶ
2393 2398 2610 2462 στάσεις
2655 2398 2716 2450 τὸ
2758 2397 2889 2468 ἐμὸν
2926 2396 3171 2467 βούλημα
3205 2394 3403 2448 ἰθύνειο
3445 2393 3677 2463 καὶγὰρ
3706 2411 3858 2461 γινο-

2267 2491 2443 2561 μένων
2499 2491 2712 2553 αὑτῶν,
2764 2489 2984 2558 ἄγγελοι
3037 2487 3327 2560 ἡσυχάζειν
3382 2487 3483 2540 ούκ
3532 2486 3854 2556 ἠνέσχοντο,

2263 2581 2398 2634 ἀλλά
2431 2583 2522 2636 τὸν
2553 2584 2639 2634 ἐπ’
2675 2583 2858 2646 αὐτοῖς
2889 2577 3037 2635 αἶνον
3077 2580 3423 2651 ὀφειλόμενόν
3455 2596 3549 2650 μοι
3583 2578 3855 2632 ἀποδεδώ-

2263 2690 2410 2726 κασι.
2450 2675 2674 2728 Πάντων
2711 2674 2888 2726 τοίνυν
2931 2674 3020 2726 ὑπ’
3051 2673 3186 2743 ἐμοῦ
3220 2671 3684 2744 κυϐερνωμένων,
3727 2672 3858 2724 οὐδὲ

2262 2763 2330 2816 τά
2367 2763 2460 2816 ἐπὶ
2492 2763 2592 2832 τῆς
2616 2761 2720 2831 γῆς
2747 2763 3089 2833 ἐκπέφευγον
3115 2779 3130 2794 ο
3170 2763 3306 2817 ἀλλὰ
3333 2763 3427 2816 καὶ
3454 2762 3639 2834 Κῦρος
3670 2763 3700 2815 ὁ
3745 2762 3856 2832 βα-

2265 2859 2442 2922 σιλεὺς
2478 2857 2716 2910 εύσεὸῶν
2744 2857 2812 2910 τὰ
2857 2858 2994 2930 πρὸς
3028 2859 3127 2930 ἐμὲ
3157 2860 3250 2912 καὶ
3279 2854 3338 2912 εὗ
3389 2859 3638 2930 πράσσων
3668 2858 3855 2926 ἔγνω-

2266 2964 2414 3002 σται·
2471 2949 2564 3002 καὶ
2613 2948 2810 3003 ούποτε
2841 2949 3064 3020 λήσεται
3115 2950 3215 3020 τὴν
3265 2950 3404 3021 ἐμὴν
3458 2949 3648 3019 γνῶσιν
3696 2951 3854 3003 κατὰ

2263 3041 2485 3113 χρόνους
2519 3041 2682 3104 ἰδίους
2711 3039 3084 3112 γεννώμενος,
3116 3043 3209 3094 καὶ
3241 3043 3340 3095 οὑκ
3373 3042 3551 3112 οἰκεία
3588 3042 3853 3113 προαιρέ-

2265 3151 2347 3186 σει
2379 3129 2438 3186 εὖ
2465 3131 2702 3202 βιώσων,
2735 3131 2870 3185 ἀλλὰ
2901 3133 2980 3203 τῷ
3003 3132 3122 3204 ἐμῷ
3153 3133 3380 3204 νεύματι
3399 3173 3414 3197 ,
3463 3134 3557 3188 καὶ
3590 3133 3688 3205 τὴν
3716 3132 3855 3186 κάθ-

3215 3267 3230 3292 .
3282 3228 3343 3280 οὐ
3400 3229 3656 3299 χρήματα
3715 3231 3853 3297 παρ’

667 3412 834 3469 Vens.
880 3414 967 3468 14.
1002 3415 1217 3472 Rursus
1253 3415 1320 3470 ad
1353 3417 1772 3474 confundendos
1805 3434 1901 3476 eos
1948 3435 2156 3476 memo-

2327 3409 2495 3464 Πάλιν
2511 3409 2619 3463 τῶν
2649 3410 2708 3464 ἐν
2720 3410 2979 3482 Αἰγύπτῳ
2995 3411 3257 3466 ἐπονειδεῖ
3273 3410 3401 3483 [σίζε
3411 3410 3450 3482 ι]
3465 3411 3561 3482 τὴν
3588 3413 3694 3484 μνή
3705 3431 3818 3486 μην
3832 3457 3852 3482 ,

592 3500 732 3560 riam
767 3522 950 3561 rerum
983 3515 1205 3563 revocat
1234 3509 1288 3563 in
1316 3508 1554 3580 Egypto
1587 3519 1868 3582 gestarum
1906 3525 1960 3569 et
1999 3516 2167 3570 mira-

588 3600 836 3654 culorum
895 3615 926 3654 a
978 3599 1088 3656 Deo
1143 3613 1336 3655 contra
1383 3601 1668 3673 Egyptios
1729 3618 1830 3673 pro
1883 3604 2166 3662 liberanda

591 3689 789 3758 populo
845 3689 1134 3746 editorum.
1194 3690 1276 3746 Illi
1345 3693 1565 3763 quidem
1624 3693 2012 3750 laboraverunt
2068 3700 2166 3754 ob-

591 3778 879 3848 Stupefacti
907 3797 922 3844 ;
957 3795 1054 3835 vos
1078 3795 1208 3837 vero
1237 3797 1268 3835 a
1302 3783 1540 3852 peccatis
1581 3798 1691 3838 non
1718 3787 2045 3853 recessistis,
2069 3789 2166 3844 sed

590 3876 748 3924 vanis
773 3873 973 3928 vestris
988 3874 1456 3943 negotiationibus
1485 3876 1884 3946 defatigamini.
1917 3878 1985 3933 Et
2003 3882 2164 3949 paulo

589 3969 706 4029 post
726 3975 744 4013 :
769 3959 1181 4032 Negligentibus
1203 3974 1384 4020 autem
1407 3965 1563 4020 vobis
1587 3964 1756 4022 Deum
1785 3975 1839 4023 et
1859 3983 2046 4024 curam
2069 3969 2163 4027 Dei

588 4049 980 4117 abnuentibus,
1015 4055 1299 4124 apparebit
1348 4054 1520 4111 Filius
1556 4057 1892 4127 unigenitus,
1937 4061 2030 4130 qui
2068 4077 2166 4117 vo-

588 4140 857 4196 luntatem
889 4158 1062 4197 meam
1115 4145 1387 4214 perﬁciet,
1432 4156 1487 4202 et
1519 4149 1777 4204 omnibus
1807 4147 1976 4206 Israel
2015 4153 2160 4224 erit;

589 4237 826 4288 maxime
861 4249 991 4288 vero
1018 4233 1188 4291 Judas
1238 4237 1498 4303 erit-ille,
1533 4239 1589 4292 in
1620 4255 1730 4308 quo
1775 4250 1900 4296 vota
1935 4242 2161 4311 faciant,

589 4337 687 4392 per
728 4339 889 4394 quem
939 4325 1206 4380 beneﬁcia
1255 4342 1378 4382 mea
1440 4331 1780 4398 sortiantur,
1826 4343 1882 4388 et
1929 4335 2160 4390 salutem

590 4426 1022 4486 consequantur.
1073 4418 1192 4485 Qua
1241 4421 1387 4476 enim
1434 4423 1648 4480 ratione
1697 4427 2059 4496 complebitur
2098 4431 2162 4484 il-

595 4507 686 4562 lud
711 4528 722 4563 :
749 4529 767 4560 ι
798 4509 872 4563 Ex
899 4510 1135 4582 {Egypto
1163 4515 1351 4568 vocavi
1391 4513 1587 4570 Filium
1624 4533 1804 4572 meum
1832 4519 1894 4574 ι’,
1930 4537 1948 4570 ι
1986 4517 2160 4576 Judaei

590 4601 735 4655 enim
766 4601 1113 4657 nomen'Filii
1138 4604 1546 4672 fastidiverunt,
1584 4614 1638 4663 et
1673 4609 2025 4667 multitudine
2067 4613 2163 4668 be-

592 4691 909 4746 neficiorum
954 4710 1199 4750 meorum
1251 4699 1494 4753 converti
1542 4700 1869 4768 noluerunt;
1911 4704 2161 4775 unigeni-

593 4792 681 4838 tus
706 4800 834 4840 vero
859 4785 1030 4842 Filius
1056 4796 1402 4858 praestantem
1433 4791 1580 4846 illam
1603 4809 1792 4850 vocem
1825 4795 2164 4866 sibi-Optime

593 4873 919 4941 vindicavit;
948 4893 1072 4931 nam
1108 4893 1234 4932 cum
1285 4887 1408 4948 post
1437 4880 1756 4937 defunctum
1795 4883 2065 4939 IIerodem
2097 4901 2164 4940 ex

593 4964 830 5038 Egypto
862 4968 1085 5032 rediret,
1130 4971 1436 5026 rectissime
1471 4972 1806 5028 intellectum
1837 4982 1921 5029 est
1952 4976 2018 5030 de
2043 4975 2165 5046 ipso

594 5059 725 5114 illud
757 5058 974 5113 effatum
1005 5079 1017 5114 :
1055 5080 1072 5112 ι
1103 5060 1179 5115 Ex
1197 5061 1432 5133 Egypto
1461 5067 1649 5119 vocavi
1677 5063 1872 5120 Filium
1905 5082 2108 5122 meum.
2140 5087 2160 5122 ι

666 5235 829 5292 Vsus.
866 5237 952 5292 16.
995 5237 1326 5298 Referuntur
1365 5242 1480 5298 haec
1508 5244 1562 5299 in
1592 5244 1792 5317 Cyrum
1821 5263 2038 5318 regem;
2069 5250 2165 5320 qui

592 5327 737 5381 enim
771 5329 1047 5385 voluerint
1079 5333 1128 5387 ei
1160 5333 1452 5399 resistere,
1493 5336 1629 5391 nihil
1672 5337 1820 5391 aliud
1856 5339 2164 5408 proﬁcient,

594 5418 689 5474 sed
735 5419 1179 5487 confundentur;
1231 5423 1523 5482 intendunt
1567 5429 1734 5484 etiam
1784 5429 1974 5499 Israel,
2005 5433 2167 5503 cujus

596 5508 654 5564 in
695 5525 892 5565 manus
941 5527 1130 5570 omnes
1186 5516 1572 5573 tradentur.—
1606 5518 1818 5580 Insulas
1873 5521 1960 5577 hic
2009 5531 2168 5579 vocat

599 5597 747 5666 ipsas
792 5600 1092 5658 insularum
1147 5608 1417 5676 regiones.
1474 5609 1655 5666 Insula
1699 5613 1904 5669 dicitur
1947 5622 2000 5670 et
2049 5616 2166 5688 ipsa

675 5755 716 5787 ¹⁹
739 5753 861 5812 Osc.
902 5775 974 5820 xr,
1011 5761 1070 5820 l;
1106 5761 1289 5817 Matth.
1324 5781 1379 5826 It,
1413 5765 1475 5818 15

2269 3501 2362 3554 καὶ
2387 3501 2494 3554 τῶν
2517 3504 2633 3554 ἐκεῖ
2661 3501 3259 3575 θαυματουργηθέντων
3294 3502 3400 3558 ὑπὸ
3422 3502 3516 3555 τοῦ
3540 3502 3680 3558 Θεοῦ
3708 3508 3853 3561 κατά

2267 3593 2376 3647 τῶν
2410 3593 2721 3661 Αἰγυπτίων
2761 3594 2853 3647 ἐπὶ
2887 3597 2954 3666 τῇ
2988 3593 3080 3648 τοῦ
3111 3593 3242 3648 λαοῦ
3287 3593 3569 3666 ἐλευθερία
3600 3596 3851 3669 ὑπόμνη-

2271 3703 2386 3748 σις·
2422 3685 2497 3748 ὼς
2523 3687 2721 3738 ἐκεῖνοι
2753 3686 2850 3757 μὲν
2882 3686 3241 3756 πληττόμενοι
3273 3687 3616 3757 κεκμήκασιν
3639 3728 3654 3751 ,
3693 3689 3854 3760 ὑμεῖς

2267 3778 2324 3831 δὲ
2363 3778 2772 3849 ἁμαρτάνοντες
2824 3777 2924 3831 οὑκ
2979 3777 3338 3832 ἐνδεδώκατεο
3389 3779 3526 3832 ἀλλὰ
3575 3781 3673 3834 καὶ
3727 3785 3850 3846 ταῖς

2267 3868 2472 3922 ἐαυτῶν
2513 3868 2803 3941 ἐμπορίαις
2836 3870 3305 3940 ἐματαιοπονεῖτε.
3340 3873 3447 3925 Καὶ
3477 3873 3606 3941 μετ’
3634 3874 3808 3944 ὀλίγα
3830 3891 3846 3904 ·

2279 3960 2464 4030 ’Υμῶν
2493 3961 2549 4014 δέ
2577 3960 2924 4032 ἀμελούντων
2945 4002 2959 4024 ,
2987 3962 3080 4016 καὶ
3108 3961 3207 4033 τὴν
3230 3962 3381 4034 παρὰ
3401 3963 3496 4016 τοῦ
3523 3964 3660 4018 Θεοῦ
3695 3966 3849 4036 κηδε-

2269 4053 2460 4123 μονίαν
2489 4053 2984 4125 ἀποστρεφομένων
3001 4094 3016 4119 ,
3044 4055 3314 4126 παρέσται
3339 4059 3367 4110 ὁ
3397 4058 3696 4130 μονογενὴς
3723 4057 3846 4120 Tib;

2265 4145 2569 4216 πληρώσων
2611 4147 2670 4199 τὸ
2706 4132 2838 4216 ἐμδν
2875 4146 3118 4218 θέλημα,
3157 4149 3252 4202 καὶ
3283 4151 3396 4212 τοῖς
3426 4151 3594 4203 πᾶσιν
3632 4150 3847 4220 Ἰσραὴλ

2263 4237 2542 4308 γινόμενος
2567 4254 2583 4269 ⁶
2624 4239 2684 4291 ού
2729 4237 2834 4310 μὴν
2863 4239 3000 4292 ἀλλὰ
3027 4241 3122 4293 καὶ
3154 4240 3384 4306 Ἰούδας,
3412 4244 3470 4294 ἐν
3494 4237 3637 4315 ᾧπερ
3671 4260 3848 4314 προσ-

2263 4330 2540 4395 εύξονται·
2585 4331 2654 4384 δι’
2711 4327 2772 4386 οῦ
2808 4334 2903 4387 καὶ
2943 4334 3050 4387 τῶν
3095 4334 3246 4405 ἐμῶν
3275 4334 3661 4388 ἀπολαύσουσιν
3698 4336 3848 4404 ἁγα-

2265 4422 2373 4475 θῶν
2395 4463 2411 4487 ,
2443 4423 2538 4476 καὶ
2577 4425 2852 4497 σωτηρίας
2884 4425 3161 4491 τεύξονται
3187 4443 3202 4458 ο
3247 4429 3343 4481 καὶ
3381 4428 3492 4500 γὰρ
3522 4429 3613 4495 τὸ,
3658 4445 3678 4479 ι
3722 4429 3852 4483 Ἀπ’

2263 4515 2535 4582 Αἰγύπτου
2570 4515 2808 4571 ἐκάλεσα
2843 4519 2933 4571 τὸν
2972 4519 3100 4573 Υἰόν
3137 4536 3268 4590 μου,
3317 4538 3334 4571 ι
3378 4521 3564 4574 τοῦτον
3595 4521 3684 4574 τὸν
3725 4521 3856 4591 τρό-

2265 4623 2363 4659 πον
2395 4607 2698 4680 ἐπληροῦτο
2723 4626 2735 4639 °
2781 4610 3052 4664 Ἰουδαίων
3077 4612 3175 4681 μὲν
3197 4611 3259 4664 τὸ
3290 4611 3422 4665 Υἰοῦ
3448 4612 3622 4684 ὄνομα
3655 4612 3856 4684 ἁθετη-

2270 4699 2478 4753 σάντων
2505 4741 2519 4765 ,
2563 4701 2657 4755 καὶ
2693 4703 2826 4774 μηδέ
2873 4702 2950 4773 τῷ
3002 4703 3194 4774 πλήθει
3234 4703 3342 4757 τῶν
3393 4705 3856 4776 παρασχεθέντων

2271 4791 2452 4856 αὐτοῖς
2497 4791 2987 4864 ἐκδυσωπηθέντων
3020 4811 3032 4822 ·
3083 4793 3176 4847 τοῦ
3225 4795 3282 4848 δὲ
3341 4795 3662 4866 μονογενοῦς
3719 4797 3854 4849 Υἰοῦ

2271 4884 2695 4954 οἰκειωσαμένου
2730 4885 2932 4957 κυρίως
2967 4887 3317 4958 ρωννυμένην
3355 4890 3540 4960 φωνήν
3565 4906 3580 4918 ·
3618 4889 3708 4941 ὅτε
3742 4889 3856 4960 γάρ

2272 4975 2365 5028 ἀπ’
2395 4976 2670 5044 Αἰγύπτου
2722 4977 2857 5049 μετὰ
2901 4978 2992 5032 τὸν
3051 4977 3290 5050 Ἡρώδου
3329 4979 3556 5034 θάνατον
3600 4982 3855 5052 ἐπανῄει,

2273 5066 2541 5138 ἡρμόζετο
2569 5070 2772 5140 κυρίως
2787 5072 2880 5125 ἐπὶ
2905 5071 3067 5125 αὑτοῦ
3095 5073 3158 5126 τὸ
3178 5071 3365 5143 λεχθέν
3385 5090 3397 5103 ·
3423 5092 3441 5124 ι
3466 5071 3854 5142 ἘξΑἰγύπτου

2273 5159 2506 5212 ἐκάλεσα
2540 5161 2630 5213 τὸν
2660 5161 2785 5214 Υἰόν
2821 5179 2946 5232 μου.
2985 5183 3003 5213 ι

2341 5250 2690 5321 Λαμὸάνεται
2721 5253 2818 5322 μέν
2857 5253 2918 5306 τὸ
2949 5255 3110 5326 ῥητὸν
3140 5256 3234 5309 καὶ
3262 5255 3342 5318 εἰς
3393 5255 3573 5328 Κῦρον
3625 5256 3718 5311 τὸν
3751 5257 3853 5328 βα-

2271 5343 2458 5406 σιλέα.
2499 5347 2582 5398 ὅτι
2629 5347 2678 5398 οἱ
2715 5345 2890 5418 τούτῳ
2939 5348 3248 5420 βουλόμενοι
3279 5351 3618 5403 άντιστατεῖν
3640 5389 3656 5413 ,
3698 5351 3853 5403 οὐδὲν

2269 5435 2455 5507 ἕτερον
2480 5438 2763 5510 όνήσουσιν
2783 5479 2797 5501 ,
2830 5439 2864 5511 ἢ
2897 5441 3157 5512 αἰσχύνην
3181 5442 3572 5510 ἀπενέγκονται
3596 5459 3611 5472 °
3647 5447 3852 5497 νοεῖται

2270 5525 2327 5577 δὲ
2379 5527 2470 5580 καί¹
2521 5530 2600 5591 εἰς
2654 5529 2746 5583 τὸν
2817 5533 3032 5605 Ἰσραὴλ
3058 5572 3073 5596 ,
3113 5535 3190 5598 ὡς
3238 5535 3445 5598 πάντας
3502 5536 3850 5607 ὑποχειρίους

2271 5617 2468 5683 τέξουσι.
2513 5651 2572 5661 -
2600 5623 2815 5694 Νήσους
2851 5626 3082 5680 ἐνταῦθα
3132 5627 3288 5682 καλεῖ
3336 5631 3430 5683 καὶ
3472 5629 3667 5693 αὐτοὺς
3722 5628 3849 5691 τοὺς
