4116 6332
318 399 444 457 55M

1732 400 1797 454 IN
1833 377 2084 461 ιεΑιΑΜζ

3398 389 3537 447 1542

315 515 509 576 τόπους
548 513 655 567 τῶν
685 515 889 584 νήσων·
923 513 1082 585 νῆσος
1120 514 1176 568 δὲ
1210 516 1302 567 καὶ
1332 516 1364 585 ἡ
1410 515 1761 586 Ἰερουσαλὴμ
1788 517 1876 569 λέ-

1979 514 2301 578 Jerusalem,
2351 522 2537 586 utpote
2580 528 2702 582 quae
2729 511 2979 582 gentibus
3025 508 3264 577 undique
3299 507 3535 561 circum-

312 623 500 675 τεται,
553 608 881 678 συνεχομένη
927 608 1023 678 μὲν
1067 607 1400 676 πανταχόθεν
1438 609 1541 660 ὑπὸ
1585 606 1692 660 τῶν
1721 625 1875 680 περι-

313 697 650 753 κυκλοῦντων
701 700 868 771 αὐτὴν
915 699 1082 752 ὲθνῶν
1120 739 1135 763 ,
1193 699 1620 770 περικλυζομένη
1669 700 1725 752 δὲ
1782 700 1876 752 καὶ

314 790 418 844 ὕπὸ
445 791 551 845 τῶν
579 790 670 844 τοῦ
701 790 829 845 λαοῦ
875 791 1154 863 ἁμαρτιῶν
1195 783 1269 843 ὧν
1313 791 1624 861 ἡμάρτανον
1645 830 1660 853 ,
1695 793 1775 854 εἰς
1810 791 1878 844 τά

314 880 410 951 ἔθη
442 882 549 934 τῶν
569 881 735 935 ἐθνῶν
767 883 1119 945 ἐκπίπτοντες
1143 922 1158 946 ,
1202 881 1295 934 καὶ
1332 883 1410 944 εἰς
1439 880 1876 951 εἰδωλολατρείαν

314 974 724 1038 ὀλισθαίνοντες.
777 974 1241 1038 Ἀνακαινίζεσθαι
1266 974 1442 1028 τοίνυν
1468 974 1830 1046 προτρέπεται
1856 989 1872 1005 ο

315 1066 550 1138 μάλιστα
593 1067 690 1137 μὲν
739 1066 1104 1137 πρωτοτύπως
1145 1068 1312 1139 αὐτὴν
1350 1068 1448 1139 τὴν
1500 1066 1870 1138 Ἰερουσαλὴμ,

313 1157 375 1210 οὐ
404 1157 507 1228 μὴν
546 1157 680 1211 ἀλλὰ
728 1158 822 1212 καὶ
868 1159 1044 1213 πάντα
1073 1161 1233 1213 τόπον
1264 1161 1370 1214 τῶν
1419 1161 1584 1215 ἐθνῶν
1618 1162 1710 1214 καὶ
1743 1162 1873 1214 ἀνα-

1978 611 2275 667 ﬂuentibus
2297 607 2707 673 circumdatur;
2743 604 3134 660 circumluetur
3155 601 3318 655 etiam
3352 597 3532 668 pepuli

1977 704 2218 774 peccatis
2246 703 2445 773 quibus
2479 716 2509 755 a
2556 701 2668 755 Deo
2700 698 3032 761 defecerunt,
3080 693 3146 748 ad
3185 706 3364 747 mores
3403 705 3535 758 gen-

1977 797 2114 849 tium
2164 795 2394 866 delapsi,
2447 804 2499 848 et
2538 791 2605 845 ad
2649 793 2826 860 ipsum
2880 789 3146 843 idolorum
3194 784 3420 838 cultum.
3471 776 3539 833 Ut

1977 888 2306 942 innoventur
2338 885 2459 940 ideo
2503 888 2698 935 monet
2722 895 2856 946 eos;
2889 876 3203 949 praesertim
3231 887 3358 926 vero
3383 868 3540 923 Jeru-

1981 979 2149 1033 salem
2182 987 2236 1032 et
2264 981 2560 1048 quamlibet
2585 978 2824 1050 gentium
2870 972 3146 1040 regionem
3178 967 3445 1026 hortatur,
3480 968 3540 1013 ut

1980 1072 2253 1142 excipiant
2289 1088 2472 1127 veram
2507 1071 2572 1126 de
2613 1070 2724 1125 Deo
2757 1066 3084 1126 doctrinam,
3115 1069 3168 1115 et
3200 1058 3307 1112 Deo
3335 1053 3538 1125 gratias

1981 1163 2317 1228 exhibentes,
2353 1165 2582 1219 salutem
2610 1162 2714 1218 sibi
2746 1165 3058 1230 operentur.

315 1250 607 1321 λαμϐάνειν
680 1252 900 1315 ἑαυτοὺς
956 1254 1034 1316 είς
1091 1253 1417 1322 θεογνωσίαν
1448 1297 1463 1320 ,
1520 1255 1612 1308 καὶ
1676 1254 2158 1326 πραγματεύεσθαι
2227 1259 2436 1319 ἑαυτοῖς
2484 1254 2756 1326 σωτηρίαν
2794 1249 3041 1312 αἰώνιον,
3111 1241 3540 1316 προστρέχοντας

316 1348 378 1415 τῇ
411 1344 504 1398 τοῦ
531 1344 665 1398 Θεοῦ
695 1345 894 1416 χάριτι.

385 1440 526 1512 Πρὸς
554 1441 650 1512 τὴν
673 1441 814 1494 οὕτω
848 1442 1088 1514 μεγάλην
1113 1445 1464 1513 ἐπαγγελίαν,
1488 1446 1580 1499 καὶ
1608 1445 1702 1517 τὴν
1730 1448 1870 1514 ἐγει-

319 1536 547 1608 ρομένην
572 1539 681 1600 τοῖς
714 1538 998 1591 ἀκούουσιν
1041 1539 1445 1609 ἀμφισϐήτησιν
1467 1578 1480 1598 ,
1523 1539 1630 1592 ἀπὸ
1671 1538 1878 1603 ἀξιοπί-

319 1645 455 1680 στων
485 1627 592 1681 τῶν
619 1628 711 1682 τοῦ
735 1629 868 1683 Θεοῦ
902 1630 1076 1701 ἔργων
1104 1629 1371 1684 νουθετεῖν
1417 1629 1587 1684 ἔοικεν
1629 1632 1656 1683 ὁ
1681 1630 1833 1698 λόγος
1864 1645 1878 1660 ο

317 1715 481 1783 Οὗτος
529 1721 676 1790 γὰρ,
727 1720 928 1791 φησὶν,
977 1724 1006 1774 ό
1060 1721 1209 1774 ταῦτ’
1250 1721 1710 1793 ἐπαγγελλόμενος
1747 1719 1878 1784 Θεός

316 1813 462 1864 ἐστιν
481 1851 494 1874 ,
523 1813 549 1863 ὁ
582 1814 674 1864 καὶ
698 1813 922 1884 οὐρανὸν
950 1815 1179 1884 ποιήσας
1201 1854 1214 1878 ,
1251 1814 1340 1866 καὶ
1370 1816 1471 1884 γῆν
1504 1813 1682 1879 δείξας
1718 1811 1876 1882 ἔργον
1909 1859 1948 1913 Β

313 1903 606 1972 γενομένην
631 1905 728 1974 τῆς
756 1905 945 1957 ἑαυτοῦ
970 1905 1342 1977 προλαϐούσης
1366 1905 1568 1968 ἑννοίας
1588 1921 1602 1935 ο
1631 1904 1724 1956 καί
1744 1903 1872 1956 ταύ-

313 2010 412 2064 την
441 1995 678 2066 χωρίσας
708 1997 813 2048 άπὸ
847 1996 953 2049 τῶν
989 1997 1196 2050 ὑδάτων
1235 1997 1605 2068 συναχθέντων
1640 1997 1720 2058 εἰς
1747 2013 1873 2048 συν-

314 2085 552 2157 αγωγάς.
613 2087 671 2138 '0
726 2088 901 2141 τοίνυν
951 2087 1057 2140 τῶν
1113 2087 1326 2158 φύσεων
1398 2088 1601 2141 τούτων
1649 2087 1876 2158 ποιητὴς

313 2176 504 2228 οὔποτε
532 2177 796 2231 παύσεται
827 2178 1396 2250 φιλανθρωπευόμενος
1424 2195 1436 2207 ·
1478 2178 1598 2231 οὐδὲ
1633 2175 1741 2248 γὰρ
1779 2178 1874 2229 ἁν-

315 2267 563 2347 θρὼπους
586 2272 666 2334 εἰς
693 2271 751 2322 τὸ
783 2264 920 2323 εἶναι
950 2272 1268 2342 παρήγαγεν
1295 2309 1309 2332 ,
1343 2269 1407 2322 ἶν’
1442 2268 1538 2342 ἔχῃ
1575 2266 1666 2331 οὓς
1707 2285 1877 2338 τιμω-

318 2364 575 2434 ρήσηται,
605 2363 698 2415 καὶ
730 2360 932 2433 ἔρημον
962 2361 1164 2414 τούτων
1189 2359 1284 2432 τὴν
1315 2361 1416 2432 γῆν
1446 2362 1695 2432 ἀποφήνῃ
1717 2400 1730 2424 ,
1762 2359 1874 2412 ἀλλ’

314 2453 399 2505 ἴνα
427 2452 704 2515 οἰκοῦντας
720 2453 978 2523 εὐεργετῇ
1002 2493 1015 2515 ,
1045 2453 1136 2505 καὶ
1163 2452 1553 2523 μετανοοῦντας
1579 2451 1726 2523 σώζῃ
1746 2492 1759 2516 ,
1784 2450 1889 2504 καὶλ-

314 2544 773 2612 ὲπιγινώσκοντας
806 2544 966 2597 αὐτὸν
995 2542 1197 2614 διδάξῃ.

384 2638 444 2689 υἱ
472 2636 649 2688 τοίνυν
678 2637 743 2688 ἐκ
768 2635 874 2688 τῶν
908 2635 1075 2688 ἐθνῶν
1102 2635 1231 2688 Θεὸν
1257 2636 1626 2704 ἐπεγνωκότες
1652 2634 1744 2688 καὶ
1774 2651 1880 2688 σω-

313 2727 504 2797 τηρίας
530 2726 667 2791 ἄξιοι
705 2725 1144 2796 ἀναδειχθέντες,
1187 2727 1582 2797 συστρέψαντες
1632 2727 1875 2792 ἑαυτοὺς,

315 2818 408 2870 καὶ
435 2817 576 2869 κατὰ
602 2816 724 2870 νοῦν
759 2817 1231 2886 συσκοπησάμενοι
1251 2857 1264 2879 ,
1299 2818 1360 2870 τὸ
1393 2819 1590 2871 ἄτοπον
1619 2817 1876 2879 συνίδετε,

315 2908 394 2960 ὃτι
441 2910 488 2960 οἱ
542 2909 627 2959 ἐπ’
659 2905 824 2976 ὤμων
863 2906 1118 2977 φέροντες
1163 2907 1229 2959 τὰ
1279 2909 1484 2960 ἑαυτῶν
1539 2908 1877 2977 σεϐάσματα,

317 3001 410 3053 καὶ
466 2999 714 3069 βοήθειαν
768 2997 978 3060 τούτοις
1025 2997 1310 3067 νέμοντες,
1367 2999 1427 3050 ού
1487 3001 1602 3068 μετ’
1639 3000 1699 3050 οὑ
1745 2998 1876 3050 πολὺ

316 3092 466 3143 πλεῖν
494 3089 796 3161 μέλλοντες,
834 3089 928 3142 καὶ
959 3088 1174 3159 μακρὰν
1207 3087 1323 3141 ὁδὸν
1359 3087 1718 3158 στελλόμενοι,
1749 3089 1878 3158 παρ’

315 3182 537 3236 ἐκείνων
584 3181 836 3235 ἐπάνοδον
889 3179 1202 3252 ἐπιζητοῦσι
1226 3220 1240 3241 ,
1276 3181 1368 3232 καὶ
1399 3179 1666 3250 σωτηρίαν
1699 3181 1878 3245 αὐτοῖς
1903 3210 1944 3266 c

315 3271 665 3344 χορηγεῖσθαι
697 3272 988 3342 ὴλπίκασι·
1035 3268 1151 3323 δέον
1182 3269 1242 3322 τὸ
1272 3269 1468 3322 ἄτοπον
1506 3268 1762 3336 συνιδεῖν,
1796 3271 1876 3324 ὅτι

315 3364 604 3434 ὁὲμψυχος
641 3365 732 3418 καὶ
770 3362 945 3433 ἐαυτῷ
997 3361 1297 3433 ἐπαμύνειν
1351 3361 1678 3432 δυνάμενος,
1730 3363 1880 3434 παρὰ

315 3454 408 3506 τοῦ
443 3454 674 3526 άϐοήθου
719 3455 809 3506 καὶ
847 3453 1170 3524 ἀναισθήτου
1203 3452 1352 3506 οὐδὲν
1382 3451 1493 3506 τῶν
1556 3452 1736 3505 καλῶν
1780 3454 1882 3508 ἀπ-

315 3543 550 3598 ὠνασθαι
579 3544 796 3596 δύναται
824 3543 957 3614 (10).

387 3636 458 3688 Τὸ
497 3635 855 3708 ἀκοινώνητον
892 3635 994 3705 τῆς
1024 3634 1118 3687 τοῦ
1150 3634 1285 3687 Θεοῦ
1328 3633 1542 3703 φύσεως
1580 3634 1673 3687 καὶ
1714 3632 1881 3702 ἀσύγ-

317 3744 499 3801 κριτον
529 3729 630 3782 κὰν
661 3727 835 3797 τούτῳ
870 3726 1220 3799 σημαίνεταιο
1272 3725 1494 3798 μηδενὸς
1540 3725 1696 3780 ἄλλου
1739 3724 1880 3778 οὕτω

314 3817 544 3882 τῤοῖναι
572 3820 905 3889 κεκτημένου
930 3859 943 3882 ,
978 3817 1138 3888 μόνου
1179 3817 1237 3870 δὲ
1275 3817 1426 3880 ὄντος
1464 3819 1754 3889 άγενήτου,
1788 3819 1880 3872 καὶ

315 3913 376 3964 τὸ
401 3912 602 3966 δίκαιον
637 3910 851 3979 ἑκάστῳ
892 3909 1165 3979 νέμοντος.
1195 3940 1264 3949 —
1299 3909 1504 3979 Ἰησοῦς
1534 3910 1592 3962 δέ
1628 3913 1743 3964 ἐστι
1779 3929 1883 3964 σω-

314 4005 477 4076 τηρία
503 4003 636 4057 Θεοῦ
655 4044 670 4066 ,
707 4004 825 4055 κατ’
855 4001 985 4054 αὐτὸ
1015 4001 1075 4054 τὸ
1109 4001 1277 4070 ὄνομα
1296 4015 1312 4032 ’
1340 4001 1432 4054 καὶ
1460 4002 1488 4052 ό
1524 3982 1716 4072 Σωτὴρ
1749 4002 1880 4065 Θεὸς

316 4101 373 4152 ὲν
408 4095 554 4168 αὐτῷ
577 4139 590 4160 ,
628 4095 720 4149 καὶ
765 4095 925 4157 αὐτὸς
952 4095 1009 4146 έν
1035 4093 1151 4164 Θεῷ
1180 4111 1192 4123 ·
1239 4095 1297 4146 οὐ
1333 4093 1396 4164 δὴ
1427 4094 1516 4146 τὸν
1547 4094 1722 4164 ἐαυτῷ
1751 4094 1880 4157 Θεὸς

316 4188 562 4261 ἀφορίζει
600 4187 790 4241 ἑαυτοῦ
819 4187 911 4240 καὶ
939 4184 1030 4238 τοῦ
1063 4180 1199 4238 εἶναι
1220 4225 1234 4247 ,
1267 4184 1402 4238 ἀλλὰ
1433 4185 1524 4237 τὸν
1552 4184 1655 4251 ἔξω
1692 4185 1784 4237 καὶ
1822 4185 1881 4237 ὲν

318 4283 478 4354 ἑτέρᾳ
524 4268 750 4352 δυνάμει,
790 4277 1132 4349 δικαιοσύνης
1167 4278 1258 4329 καὶ
1315 4277 1587 4349 σωτηρίας
1617 4293 1631 4306 ·
1666 4277 1724 4330 οὺ
1773 4277 1882 4348 γάρ

318 4376 464 4426 ἐστιν
497 4374 646 4427 οὐδὲν
677 4371 914 4434 τοιοῦτον
944 4368 1218 4439 ἀλλότριον
1252 4368 1346 4421 τοῦ
1379 4367 1694 4440 μονογενοῦς
1723 4367 1878 4432 Θεοῦ,

317 4466 415 4535 τῆς
467 4467 630 4537 μόνης
671 4465 851 4535 πηγῆς
891 4461 999 4516 τῶν
1043 4459 1263 4528 ἀγαθῶν
1289 4475 1301 4488 ·
1358 4460 1416 4514 ἓν
1441 4461 1548 4531 γὰρ
1577 4461 1638 4513 τὸ
1681 4460 1882 4529 ἀγαθὸν

2056 1440 2226 1496 Vens.
2276 1440 2362 1494 18.
2401 1438 2483 1494 Ad
2552 1433 2976 1493 conﬁrmandam
3032 1435 3304 1483 tantarum
3356 1440 3539 1479 rerum

1980 1533 2449 1606 praedicationem,
2493 1540 2545 1586 et
2575 1529 2848 1586 tollendas
2881 1522 3210 1578 audientium
3246 1517 3540 1573 dubitatio-

1984 1642 2105 1691 nes,
2155 1624 2606 1695 prazstantissima
2650 1621 2743 1676 Dei
2791 1615 3381 1688 operaZcommemorat
3416 1624 3541 1679 pro-

1978 1719 2162 1789 pheta.
2195 1718 2297 1784 Qui
2331 1719 2433 1773 ista
2475 1715 2756 1771 denuntiat
2789 1712 2928 1766 idem
2972 1713 3075 1768 est,
3110 1703 3304 1772 inquit,
3355 1717 3417 1755 ac
3450 1702 3541 1756 ille

1982 1813 2073 1883 qui
2123 1813 2322 1868 coelum
2371 1811 2518 1874 fecit,
2566 1817 2620 1864 et
2665 1816 2867 1861 terram
2914 1801 3257 1858 extrinsecus
3302 1796 3540 1850 ostendit

1978 1911 2156 1959 mente
2195 1905 2346 1974 prius
2390 1903 2574 1957 divina
2606 1902 2964 1971 excogitatam
2992 1939 3006 1963 ,
3044 1906 3096 1952 et
3127 1907 3246 1954 eam
3286 1891 3354 1944 ab
3383 1891 3538 1960 aquis

1976 1996 2294 2051 distinxitin
2325 1994 2776 2066 congregationes
2802 2007 2932 2046 suas
2962 1992 3166 2046 coactis
3216 1991 3412 2045 Rerum
3443 2000 3537 2037 au-

1976 2095 2084 2141 tem
2116 2088 2344 2142 istarum
2382 2085 2655 2148 conditor,
2689 2099 2863 2154 usque
2895 2081 3267 2154 perseverabit
3291 2077 3544 2134 homines

1977 2177 2158 2234 studio
2195 2193 2294 2233 suo
2327 2185 2750 2247 persecuturus;
2782 2190 2890 2229 non
2920 2175 3064 2230 enim
3096 2174 3203 2228 vita
3244 2188 3337 2227 eos
3370 2170 3540 2224 dona-

1977 2268 2051 2323 vit
2084 2279 2141 2323 ut
2170 2269 2396 2322 haberet
2441 2283 2579 2338 quos
2620 2267 2859 2336 puniret,
2888 2274 2982 2318 aut
3022 2271 3224 2318 terram
3275 2262 3540 2331 praeberet

1976 2364 2045 2416 ab
2076 2363 2196 2417 istis
2241 2376 2490 2424 vacuam,
2544 2359 2642 2414 sed
2685 2367 2743 2412 ut
2789 2364 2974 2427 posset
3019 2363 3288 2410 terrarum
3333 2353 3544 2408 insulas

1978 2453 2183 2518 fovere,
2236 2460 2289 2506 et
2321 2449 2698 2521 paenitentiam
2742 2456 2962 2518 agentes
2997 2461 3240 2511 servare,
3269 2451 3322 2498 et
3371 2457 3542 2513 agno-

1978 2555 2193 2600 scentes
2224 2559 2346 2599 eum
2378 2543 2596 2597 docere.

2050 2635 2214 2690 Vens.
2258 2633 2346 2688 20.
2394 2632 2562 2704 Igitur
2621 2648 2687 2687 ex
2730 2633 2983 2703 gentibus
3023 2631 3113 2700 qui
3173 2629 3340 2685 Deum
3387 2627 3544 2683 novi-

1978 2730 2100 2793 stis,
2138 2738 2192 2783 et
2243 2727 2420 2781 salute
2464 2725 2616 2795 digni
2660 2725 2922 2780 declarati
2973 2725 3130 2788 estis,
3183 2721 3437 2776 conversi
3488 2727 3544 2775 et

1978 2820 2162 2874 animo
2189 2817 2468 2873 vobiscum
2493 2824 2807 2886 reputantes
2830 2816 3222 2871 absurditatem
3248 2815 3393 2867 illam
3419 2828 3545 2882 per-

1979 2912 2196 2982 pendite
2227 2929 2239 2964 :
2275 2909 2419 2979 quod
2452 2910 2486 2962 ii
2517 2909 2610 2977 qui
2641 2909 2934 2962 simulacra
2973 2909 3041 2962 ab
3071 2923 3130 2962 se
3172 2907 3318 2960 culta
3346 2907 3541 2959 Imme—

1979 3003 2056 3055 ris
2105 3010 2321 3071 gestant
2358 3001 2602 3071 ipsisque
2657 3015 2812 3070 opem
2861 2999 3058 3057 ferunt.
3096 2997 3241 3051 haud
3280 2997 3375 3051 diu
3416 3005 3541 3066 post

1979 3092 2311 3161 navigaturi,
2357 3099 2410 3147 et
2439 3092 2658 3162 longum
2695 3091 2800 3146 iter
2840 3089 3151 3155 emensuri;
3187 3088 3255 3142 ah
3300 3089 3366 3142 iis
3403 3088 3542 3142 salu-

1979 3192 2084 3238 tem
2132 3184 2237 3239 sibi
2275 3190 2327 3238 et
2362 3183 2596 3238 reditum
2625 3197 2950 3238 concessum
2997 3182 3063 3236 iri
3111 3187 3368 3253 sperent;
3414 3195 3540 3234 cum

1979 3283 2255 3345 Oporteret
2290 3276 2370 3331 rei
2396 3275 2791 3331 absurditatem
2828 3274 3148 3342 intelligere,
3178 3271 3398 3344 quando
3421 3275 3542 3344 qui-

1978 3367 2098 3420 dem
2136 3367 2227 3435 qui
2259 3367 2532 3422 animatus
2558 3374 2640 3422 est
2678 3375 2730 3421 et
2764 3382 2920 3439 opem
2954 3366 3058 3420 sibi
3101 3364 3239 3420 ferre
3266 3365 3430 3428 valet,
3474 3366 3543 3420 ab

1978 3472 2042 3512 eo
2071 3458 2162 3527 qui
2197 3457 2331 3510 nihil
2361 3457 2554 3526 juvare
2584 3465 2764 3528 potest
2791 3465 2844 3513 et
2875 3472 3041 3512 sensu
3067 3467 3218 3511 caret
3249 3456 3384 3510 nihil
3411 3456 3540 3510 boni

1979 3550 2261 3619 percipere
2294 3551 2456 3604 valet.

2051 3639 2216 3695 Vsus.
2264 3641 2355 3696 2L
2397 3640 2491 3696 Dei
2542 3650 2792 3696 naturam
2849 3656 2973 3695 cum
3031 3641 3135 3694 alia
3183 3639 3438 3694 contendi
3487 3648 3542 3694 et

1978 3733 2282 3802 comparari
2312 3746 2418 3785 non
2451 3747 2612 3801 posse
2633 3732 2943 3786 declaratur
2967 3730 3078 3794 hic,
3111 3745 3235 3784 eum
3271 3746 3379 3783 non
3403 3729 3542 3783 alius

1979 3821 2165 3876 eodem
2213 3822 2373 3876 modo
2402 3822 2465 3874 τὸ
2497 3838 2619 3878 esse
2651 3823 2946 3892 possideat,
2994 3838 3116 3877 cum
3164 3837 3305 3876 unus
3337 3821 3542 3892 ingeni—

1979 3921 2068 3968 tus
2132 3913 2224 3975 sit,
2265 3924 2319 3969 et
2357 3929 2515 3968 suum
2556 3915 2752 3984 cuique
2807 3915 3086 3984 largiatur.
3134 3913 3292 3969 Jesus
3359 3921 3537 3967 autem

1978 4013 2062 4059 est
2124 4005 2273 4060 salus
2327 4004 2458 4070 Dei,
2503 4005 2648 4074 quod
2708 4019 2902 4058 nomen
2961 4005 3139 4074 ipsum
3179 4009 3442 4066 testatur;
3487 4010 3542 4054 et

1981 4095 2232 4152 Salvator
2263 4096 2408 4153 Deus
2444 4097 2501 4151 in
2531 4097 2676 4166 ipso,
2712 4105 2764 4151 et
2796 4097 2912 4166 ipse
2953 4096 3007 4150 iu
3039 4095 3168 4158 Deo,
3201 4110 3359 4165 quem
3393 4092 3540 4147 enim

1978 4190 2036 4244 in
2067 4205 2125 4245 se
2157 4206 2264 4244 non
2297 4204 2327 4242 a
2367 4205 2426 4244 se
2447 4197 2499 4244 et
2528 4190 2596 4242 ab
2626 4205 2749 4245 esse
2779 4189 3044 4252 excludit,
3083 4187 3178 4242 sed
3217 4187 3454 4240 alienum
3489 4191 3544 4238 et

1980 4282 2034 4336 in
2059 4283 2165 4337 alio
2191 4283 2418 4352 justitiae
2449 4291 2502 4338 et
2536 4285 2730 4338 salutis
2773 4283 2963 4337 ordine
3002 4281 3396 4344 constitutum;
3433 4292 3543 4331 non

1977 4383 2061 4429 est
2107 4375 2249 4428 enim
2298 4375 2485 4440 justus
2532 4383 2586 4430 et
2643 4375 2895 4429 Salvator
2953 4379 3146 4443 prmter
3205 4371 3543 4440 unigenitum

1981 4465 2170 4529 Deum,
2226 4483 2393 4520 unum
2450 4466 2572 4520 boni
2630 4467 2898 4536 cujusque
2954 4465 3190 4529 fontem;
3242 4479 3410 4520 unum
3460 4472 3545 4517 est

318 4558 500 4610 καὶτὸ
540 4557 597 4624 ἐξ
635 4557 796 4611 αὐτοῦ
845 4555 1040 4620 ταὺτὸ,
1088 4554 1164 4618 ὡς
1213 4550 1374 4606 εἰκὼν
1423 4551 1648 4623 ἀληθινή
1691 4570 1750 4606 τε
1790 4554 1880 4606 καὶ

1983 4561 2128 4615 enim
2158 4560 2385 4623 bonum,
2419 4567 2473 4613 et
2501 4558 2649 4629 quod
2683 4575 2745 4615 ex
2778 4573 2843 4614 eo
2875 4557 3082 4622 itidem,
3113 4565 3173 4611 ut
3203 4571 3329 4612 vera
3361 4564 3416 4612 et
3447 4572 3544 4610 na-

320 4650 539 4720 φυσική.

399 4742 455 4794 '0
495 4742 764 4812 σωτηρίας
797 4741 1024 4812 χορηγὸς
1079 4739 1171 4792 καὶ
1211 4739 1356 4809 ζωῆς
1396 4737 1567 4800 αἴτιος
1613 4736 1858 4802 σώζεσθα

317 4833 520 4896 πάντας
551 4832 912 4904 προτρέπεται
932 4873 950 4896 ,ς
978 4833 1071 4885 καὶ
1101 4833 1158 4885 ἐν
1189 4832 1388 4903 βεϐαίῳ
1419 4830 1662 4902 δεδέχθαι
1687 4831 1754 4884 τά
1783 4832 1876 4898 τῆς

315 4926 395 4986 εἰς
437 4924 631 4985 αὐτοὺς
674 4921 966 4992 γενομένης
1011 4921 1358 4990 ἐπαγγελίας.
1421 4922 1634 4993 Ἐπειδὴ
1687 4923 1795 4992 γὰρ
1844 4923 1876 4990 ἡ

316 5016 506 5086 κλῆσις
545 5015 640 5068 καὶ
698 5015 966 5078 Ἰουδαίοις
1017 5018 1286 5088 σωτηρίαν
1336 5016 1734 5087 ἐμνηστεύετο,
1785 5013 1877 5067 καλ⁵

317 5107 443 5176 ἔθνη
491 5107 590 5176 τῆς
641 5107 809 5176 αὐτῆς
855 5105 1062 5176 δωρεᾶς
1106 5106 1255 5177 ἠξίου
1286 5108 1378 5160 καὶ
1413 5107 1617 5169 πάντας
1646 5106 1880 5162 ἅπαντα·

315 5199 473 5269 χόθεν
523 5201 586 5268 τῇ
632 5198 724 5250 τοῦ
771 5197 902 5251 Θεοῦ
927 5199 1358 5270 προστρέχοντας
1394 5199 1570 5268 δωρεᾷ
1613 5197 1878 5274 σώζεσθαι

314 5290 731 5365 εὐηγγελίζετοο
781 5292 828 5342 εί
875 5290 982 5361 γὰρ
1014 5292 1042 5343 ὁ
1101 5291 1312 5362 Ἰσραὴλ
1363 5290 1499 5360 μετὰ
1543 5289 1603 5343 τὸ
1644 5288 1878 5343 τοσαῦτα

314 5384 632 5459 ἀμαρτῆσαι
661 5383 882 5455 χάριτος
917 5383 1108 5456 ἐδεήθη
1131 5421 1147 5447 ,
1179 5383 1356 5454 πολλῷ
1402 5383 1601 5454 μᾶλλον
1647 5382 1786 5454 μέγα
1819 5381 1877 5435 ὃν

311 5479 688 5549 τὸλεγόμενον
709 5479 1007 5544 ἡπιστεῖτο,
1035 5477 1110 5540 ῶς
1137 5477 1291 5548 μόνον
1315 5477 1418 5540 ἕως
1441 5476 1697 5547 ῥημάτων
1723 5474 1878 5528 τοῦτο

313 5571 737 5642 δεχθησόμενον,
772 5567 892 5637 οὐχὶ
939 5567 995 5619 δὲ
1026 5566 1121 5620 καὶ
1163 5567 1240 5630 είς
1288 5566 1444 5636 ἔργον
1492 5564 1874 5635 προχωρῆσαν.

314 5663 502 5716 Πᾶσαν
543 5661 716 5715 τοίνυν
773 5660 1176 5731 ἀμφισϐήτησιν
1226 5661 1336 5720 τοῖς
1386 5657 1739 5726 καλουμένοις
1787 5655 1880 5708 ἐπὶ

1982 4655 2174 4709 turalis
2208 4655 2407 4723 imago.

2051 4744 2217 4800 Vsus.
2271 4745 2361 4800 22.
2419 4744 2625 4799 Salutis
2672 4745 2925 4814 princeps
2971 4751 3024 4798 et
3070 4745 3193 4798 vitae
3244 4749 3436 4797 auctor
3484 4749 3544 4795 ut

1980 4854 2170 4894 omnes
2215 4838 2348 4893 salvi
2401 4838 2533 4892 ﬁant
2563 4837 2836 4900 hortatur,
2872 4846 2926 4893 et
2970 4851 3276 4893 sermonem
3325 4833 3442 4904 ejus
3477 4834 3542 4887 ad

1977 4929 2128 4998 ipsos
2173 4927 2410 4984 delatum
2450 4928 2632 4983 studio
2687 4929 3014 4998 suscipiant.
3057 4927 3352 4981 Vocatione
3396 4924 3542 4980 enim

1981 5019 2210 5074 salutem
2242 5017 2446 5073 Judazis
2473 5018 2864 5088 despondebat,
2898 5031 2951 5074 et
2975 5026 3167 5090 gentes
3203 5018 3391 5072 eodem
3423 5031 3544 5069 mu-

1982 5127 2112 5166 nere
2135 5111 2326 5181 dignas
2353 5111 2683 5174 declarabat,
2730 5121 2784 5166 et
2819 5127 3009 5167 omnes
3037 5110 3394 5166 denuntiabat
3433 5107 3545 5162 sal-4

1981 5201 2211 5268 vandos,
2252 5211 2437 5272 utpote
2477 5203 2568 5272 qui
2602 5219 2668 5258 ex
2703 5204 2956 5260 erunibus
2987 5212 3254 5258 terrarum
3295 5201 3543 5271 partibus

1986 5293 2078 5348 Dei
2107 5295 2280 5363 gratia
2333 5295 2724 5350 excitarentur.
2769 5295 2924 5361 Quod
2972 5303 3152 5349 autem
3183 5292 3387 5349 Judaeis
3417 5301 3543 5362 post

1985 5395 2061 5439 tot
2102 5401 2166 5440 ac
2209 5393 2360 5439 tanta
2406 5394 2627 5456 peccata
2659 5387 2816 5440 venia
2873 5404 3008 5458 opus
3056 5397 3192 5450 erat,
3244 5401 3308 5441 eo
3369 5385 3544 5454 magis

1985 5479 2154 5533 tantis
2203 5479 2491 5548 promissis
2540 5478 2872 5544 diﬂidebant,
2907 5480 3062 5549 quasi
3106 5479 3286 5533 verbis
3331 5484 3542 5530 tantum

1985 5567 2288 5636 profitenda
2333 5576 2540 5630 essent,
2591 5582 2650 5621 re
2693 5582 2822 5622 vero
2869 5581 3146 5637 nunquam
3189 5559 3537 5634 perﬁcienda.

1986 5658 2100 5723 Qua
2125 5658 2191 5712 de
2223 5672 2412 5720 causa,
2450 5665 2509 5711 ut
2541 5658 2908 5713 dubitationes
2939 5673 3183 5728 quasque
3208 5656 3445 5727 gentium
3475 5649 3541 5705 ad

385 5776 496 5844 (10)
529 5775 912 5849 Fragmentum
959 5773 1058 5828 hoc
1089 5772 1415 5828 lleracleota:
1447 5769 1650 5827 editum
1696 5769 1891 5838 legitur
1934 5771 2093 5824 ctiam
2147 5771 2286 5840 apud
2331 5770 2790 5826 llontlauconium
2836 5772 2887 5826 in
2935 5771 3115 5827 (ἔνατα
3154 5770 3541 5840 palmograplu'a

316 5863 432 5912 pag.
474 5848 590 5901 517.
