4116 6332
628 339 766 394 1545

1767 331 2111 388 TIIL‘ODORI
2149 330 2660 386 HISRACLEENSIS

3712 334 3854 387 ιδιι

628 457 856 511 salutem
885 459 1196 506 vocatarum
1234 452 1449 506 tolleret
1493 451 1655 514 Deus,
1682 453 2054 520 juramentum
2086 450 2174 504 ad-

2288 451 2513 520 τωτηρία
2541 449 2682 501 λύων
2705 489 2718 511 ,
2750 449 2909 518 ὅρκον
2941 447 3136 516 ἐπάγει
3162 487 3174 511 ,
3213 448 3307 500 καὶ
3335 447 3506 517 τούτῳ
3538 449 3856 518 συγκέχρη-

627 549 820 607 liibuit,
850 555 901 599 et
937 561 999 598 eo
1027 545 1245 614 quidem
1291 545 1460 597 utitur
1495 559 1617 598 cum
1648 544 1962 598 hominibus
2001 543 2180 597 disce-

626 647 806 706 ptans,
841 651 948 704 quo
977 650 1138 704 quam
1188 635 1556 690 ﬁrmissimam
1603 633 1707 688 sibi
1751 633 1894 703 apud
1928 633 2176 688 homines

627 727 783 780 ﬁdem
819 727 1039 780 faceret.

695 817 862 872 Vens.
905 818 995 872 23.
1035 816 1358 885 Quicunque
1401 817 1454 869 in
1512 817 1613 871 hac
1663 819 1772 870 vita
1827 817 1893 870 de
1941 815 2178 886 peccatis

628 914 744 965 suis
775 910 1151 978 pmnitentiam
1181 923 1286 960 non
1323 914 1501 974 agent,
1527 916 1601 970 et,
1635 908 1846 976 ingrato
1875 908 2055 960 animo
2084 909 2180 962 de-

627 1001 792 1070 cepti,
849 999 1125 1054 Christum
1191 998 1435 1054 conﬁteri
1491 999 1761 1052 noluerint
1818 998 2177 1067 (confunden-

629 1094 758 1159 tur).

699 1183 863 1236 Vens.
894 1182 982 1236 96.
1025 1179 1476 1234 Justiﬁcabuntur
1499 1196 1626 1234 vero
1660 1188 1713 1236 et
1734 1179 2180 1250 gloriﬁcabuntnr

628 1291 724 1345 per
761 1291 974 1328 onmem
1009 1275 1165 1327 vitam
1200 1289 1352 1327 suam
1402 1275 1493 1342 qui
1538 1274 1814 1327 Christum
1861 1288 2177 1343 agnoscere,

624 1367 888 1436 justitiam
927 1365 1139 1435 operari
1181 1377 1232 1419 et
1259 1381 1442 1419 verum
1475 1381 1658 1420 semen
1692 1365 1856 1420 Israel
1889 1363 2022 1419 eﬁici
2059 1375 2176 1421 stu-

628 1458 866 1512 duci-int.

699 1549 826 1603 Car.
863 1547 1042 1613 XLVI,
1081 1546 1239 1602 Vens.
1271 1549 1319 1602 l.
1363 1547 1461 1602 llic
1508 1556 1771 1602 memorat
1815 1546 1956 1602 Deus
1999 1547 2179 1601 omnia

629 1651 778 1694 certo
821 1642 1026 1709 perﬁci,
1077 1656 1413 1710 quaecunque
1471 1641 1537 1692 ab
1588 1655 1652 1693 eo
1693 1639 1909 1694 fuerunt
1934 1638 2176 1705 decreta;

631 1731 696 1785 de
727 1733 884 1785 idolis
913 1747 1038 1785 vero
1071 1748 1177 1784 non
1210 1731 1349 1783 idem
1376 1730 1576 1795 valere,
1610 1729 1701 1784 sed
1725 1746 1787 1784 ea
1816 1730 2057 1784 omnium
2087 1745 2180 1784 co-

2277 558 2408 605 ται,
2462 541 2536 604 ὡς
2592 539 2898 610 ἀνθρώποις
2959 539 3367 610 διαλεγόμενος,
3422 533 3464 606 ᾧ
3507 539 3750 609 μάλιστα
3795 542 3858 593 τὸ

2280 633 2644 702 συμπέρασμα
2680 633 2859 703 πάσης
2891 632 3350 704 ἀμφισϐητήσεως
3374 632 3547 686 αἴτιον
3567 632 3855 686 ἐπιλύεται

2275 726 2385 786 τοῖς
2411 722 2737 794 ἀνθρώποις.

2347 817 2407 868 Οί
2443 815 2516 886 μὴ
2553 817 2611 868 ἐν
2661 815 2738 885 τῷ
2787 815 2886 886 βίῳ
2930 832 3104 885 τούτῳ
3153 818 3585 885 μετανοήσαντες
3625 831 3730 884 μεν
3773 816 3856 882 ἐφ’

2276 903 2356 968 οἶς
2384 906 2664 976 ἥμαρτον,
2709 905 3147 976 ἀγνωμονοῦντες
3195 905 3282 968 δὲ,
3330 906 3421 958 καὶ
3461 906 3598 976 πρὸς
3633 904 3740 975 τὴν
3767 905 3852 958 τοῦ

2277 997 2512 1070 Χριστοῦ
2542 997 2854 1069 ὁμολογίαν.

2346 1175 2511 1245 Δόξης
2541 1176 2597 1228 δὲ
2630 1176 2724 1229 καὶ
2749 1175 3122 1246 εὑθυμοσύνης
3159 1175 3607 1247 πληρωθήσονται
3634 1175 3855 1229 ἅπαντα

2277 1265 2366 1319 τὸν
2395 1264 2598 1318 ἑαυτῶν
2633 1264 2774 1333 βίον
2810 1264 3178 1332 ἐπεγνωκότες
3220 1264 3318 1333 μὲν
3349 1264 3438 1316 τὸν
3472 1265 3707 1334 Χριστὸν
3731 1305 3748 1327 ,
3787 1264 3856 1316 δι-

2278 1355 2568 1425 καιοσύνης
2614 1355 2671 1408 δέ
2728 1355 2953 1426 ἐργάται
3007 1355 3407 1420 καταστάντες,
3452 1356 3545 1407 καὶ
3595 1354 3856 1425 ἀληθινὸν

2280 1447 2500 1516 σπέρμα
2529 1445 2623 1498 τοῦ
2669 1445 2884 1516 Ἰσραὴλ
2909 1445 3362 1516 χρηματίσαντες.

2357 1535 2620 1589 Ἐνταῦθα
2670 1537 3075 1607 ὑπομιμνήσκει
3121 1535 3319 1598 αὑτοὺς
3366 1537 3394 1587 ὁ
3439 1534 3568 1598 Θεὸς
3595 1575 3612 1598 ,
3661 1535 3742 1598 ὡς
3790 1537 3860 1588 τά

2281 1625 2375 1694 μὲν
2421 1624 2583 1678 αὑτοῦ
2619 1625 2793 1679 πάντα
2833 1626 3192 1690 ἀδιαλείπτως
3226 1626 3522 1698 τελούμενα
3563 1628 3717 1698 μένει
3740 1644 3756 1658 ⁶
3792 1645 3856 1681 τα

2276 1716 2332 1768 δὲ
2361 1715 2468 1769 τῶν
2515 1716 2746 1770 εἰδώλων
2786 1717 2883 1788 οὑχ
2928 1717 3128 1786 οὕτως,
3160 1717 3296 1772 ἀλλά
3331 1719 3658 1772 πεπτωκότα
3690 1719 3860 1788 ὀφθή-

632 1836 746 1874 ram
794 1822 965 1876 oculis
997 1821 1316 1890 prostranda
1347 1836 1484 1875 esse.
1521 1821 1789 1890 Agnoscat
1817 1821 2048 1890 quisque
2085 1835 2178 1874 ve-

2288 1823 2454 1862 σεται.
2485 1807 2593 1860 Καὶ
2624 1808 2745 1879 ἐμοὶ
2785 1809 3012 1872 ἕκαστος
3045 1810 3380 1863 συσκοπείτω
3404 1850 3419 1875 ,
3455 1810 3530 1873 ὡς
3554 1811 3614 1862 οὑ
3641 1810 3858 1880 κόμπος

629 1925 802 1970 Strum
838 1914 1000 1967 verba
1029 1928 1146 1966 mea
1181 1927 1288 1966 non
1325 1927 1515 1965 vanam
1543 1927 1661 1965 esse
1683 1911 2058 1981 jactationem,
2084 1911 2180 1967 sed

628 2013 833 2059 certam
880 2020 1060 2058 rerum
1112 2019 1235 2057 mox
1282 2012 1662 2057 eventurarum
1704 2002 2107 2072 praedictionem
2151 2016 2181 2055 a

630 2095 739 2148 Deo
770 2095 1003 2159 factatn;
1061 2109 1182 2146 nam
1230 2108 1350 2146 cum
1391 2093 1668 2146 nuutiaret
1719 2091 1860 2147 Deus
1907 2091 2182 2144 Abraham

631 2202 815 2241 semen
841 2204 903 2241 CX
937 2203 1002 2241 ΘΟ
1031 2199 1406 2256 egressurum,
1437 2193 1490 2236 ΕΙ.
1521 2194 1723 2236 terram
1763 2192 2180 2252 occupaturum,

628 2278 840 2333 dicente
886 2277 990 2332 isto
1038 2294 1052 2330 :
1121 2293 1138 2324 ι
1191 2271 1498 2326 Secundum
1544 2274 1671 2342 quid
1720 2273 1927 2327 sciam?
1956 2292 1974 2324 ι
2031 2280 2182 2327 ratus

628 2369 1017 2440 patriarcham,
1068 2367 1270 2422 auditis
1317 2365 1722 2420 calamitatibus
1765 2364 1831 2418 ad
1861 2364 2182 2433 sapientiam

631 2459 1010 2514 instruendum
1038 2473 1180 2520 esse,
1223 2455 1471 2524 prmdixit
1509 2457 1723 2525 generis
1755 2456 2091 2520 servitutem,
2132 2462 2185 2510 et

632 2558 752 2618 post
781 2547 1139 2616 quadraginta
1179 2552 1233 2599 et
1263 2545 1656 2614 quinquaginta
1707 2558 1882 2598 annos
1916 2543 2188 2599 liberatio-

632 2654 753 2692 nem
777 2639 822 2669 ¹⁰
851 2657 863 2692 :
893 2654 1013 2708 qua:
1059 2637 1239 2691 omnia
1295 2647 1490 2691 eventu
1521 2634 1838 2689 conﬁrmata
1873 2643 2020 2696 sunt,
2059 2634 2184 2689 licet

631 2746 738 2785 non
771 2729 930 2784 fuerit
973 2729 1476 2800 quiiprwdictorum
1510 2727 1910 2783 exsecutionem
1945 2734 2181 2798 urgeret.

702 2906 864 2962 Vens.
896 2907 950 2960 2.
990 2906 1180 2963 Vestra
1225 2907 1405 2962 omnia
1443 2907 1502 2978 in
1554 2907 1923 2976 captivitatem
1962 2905 2182 2971 tradita,

631 3013 769 3052 onus
799 3005 958 3051 erunt
989 2997 1354 3067 elephantium
1381 3003 1433 3049 et
1459 2995 1828 3063 jumentorum
1863 2994 2063 3064 quibus
2086 2993 2187 3048 ab-

630 3089 878 3145 ducenda
911 3090 1276 3158 imponentur.
1311 3086 1423 3140 lmo
1451 3085 1820 3156 fatigabuntur
1841 3094 1894 3139 et
1921 3085 2019 3138 viri
2040 3084 2185 3139 scul-

632 3181 784 3250 ptilia
826 3189 1128 3251 portantes.
1186 3179 1262 3233 Eo
1310 3194 1524 3248 quoque
1573 3177 1802 3232 istorum
1848 3176 2188 3230 imbecillita-

634 3283 742 3328 tem
789 3275 1212 3338 conlltehuntur,
1273 3287 1396 3326 cum
1443 3286 1504 3325 ea
1553 3279 1829 3340 portantes
1868 3269 2185 3338 fatigantur,

632 3377 686 3421 et
732 3367 862 3421 deos
908 3365 1142 3420 ferentes
1195 3364 1485 3426 deﬁciunt,
1542 3378 1571 3415 a
1625 3363 1827 3433 quibus
1877 3362 2061 3430 potius
2102 3376 2190 3416 re-

635 3456 852 3513 creandi
875 3463 1052 3521 erant,
1085 3457 1130 3510 si
1155 3456 1248 3525 qui
1277 3454 1352 3509 dii
1381 3454 1632 3509 fuissent.

709 3631 870 3686 Vens.
929 3634 980 3687 5.
1037 3631 1266 3687 Deducit
1332 3645 1428 3687 eos
1486 3633 1554 3686 ad
1620 3632 1966 3701 intelligenda
2019 3633 2190 3700 lpsms

631 3725 819 3786 verba,
857 3723 1250 3777 commendatis
1281 3723 1587 3792 patriarcha
1616 3732 1671 3779 et
1704 3723 1873 3794 gloria
1903 3722 2060 3792 ejus;
2093 3737 2191 3775 cu-

633 3816 724 3884 jus
752 3830 922 3885 genus
945 3831 1065 3868 esse
1093 3815 1416 3884 gloriantur,
1453 3815 1731 3868 imitentur
1752 3821 1806 3868 et
1829 3829 2008 3868 mores
2034 3827 2194 3882 opor-

636 3917 734 3962 tet.
772 3909 905 3962 Cnm
951 3909 1196 3978 reliquiae
1234 3907 1400 3964 Israel
1445 3909 1586 3974 sitis,
1620 3907 1836 3964 .relictae
1869 3907 2046 3961 tribus
2076 3916 2194 3959 tan-

636 4010 750 4056 tum
779 4002 918 4067 dum,
956 4002 1168 4056 caeteris
1193 3999 1380 4054 decem
1428 4000 1484 4052 in
1512 3998 1882 4068 captivitatem
1917 3995 2190 4060 abductis,

639 4105 747 4144 non
771 4104 867 4144 vos
899 4090 1169 4154 deseram,
1201 4090 1246 4142 si
1272 4087 1648 4158 paenitentiam
1683 4086 1928 4157 egeritis.

715 4265 875 4320 Vens.
930 4264 982 4319 ὅ.
1029 4263 1170 4329 ‘Quis
1221 4264 1290 4317 sit
1338 4264 1426 4318 ille
1473 4278 1625 4318 error
1676 4261 1881 4316 indicat
1933 4263 2195 4319 orationis

639 4364 949 4414 contextus.
999 4355 1133 4409 Nam
1181 4356 1403 4409 insitam
1459 4355 1614 4410 vobis
1664 4355 1947 4419 habentes,
1995 4356 2192 4425 inquit,

640 4449 929 4516 imaginem
975 4461 1169 4508 meam,
1230 4446 1295 4500 ad
1343 4445 1588 4499 facienda
1623 4445 1766 4498 idola
1793 4443 2193 4510 ‘descendistis,

641 4539 796 4608 quasi
825 4553 918 4606 per
951 4553 1014 4592 ea
1050 4553 1134 4591 me
1160 4538 1492 4599 veneraturi,
1528 4543 1586 4588 ut
1625 4536 1822 4590 animis
1853 4536 2049 4590 vestris
2093 4536 2196 4589 itu-

643 4643 882 4696 pressam
917 4628 1148 4697 speciem
1178 4627 1290 4696 jam
1332 4643 1427 4697 per
1453 4626 1677 4695 efﬁgiem
1722 4641 2033 4696 expressam
2065 4641 2196 4681 ocu-

641 4720 709 4773 Iis
742 4719 936 4772 intueri
967 4718 1210 4788 possitis.

709 4807 871 4864 Vens.
906 4809 959 4864 6.
1000 4808 1066 4863 Ut
1119 4823 1228 4864 tere
1255 4809 1386 4864 dato
1423 4809 1583 4864 deum
1631 4810 1786 4865 vobis
1820 4808 2052 4876 faciant;
2095 4823 2195 4878 ego

640 4917 769 4956 vero
817 4901 1124 4956 mercedem
1177 4917 1208 4955 a
1269 4901 1420 4956 vobis
1466 4902 1668 4955 nullam
1712 4901 1967 4970 deposco,
2022 4903 2194 4972 gratia

638 4999 832 5046 contra
875 5001 930 5046 et
984 4993 1360 5046 misericordia
1408 4993 1562 5048 vobis
1605 5008 1832 5062 quaeque
1873 4993 2096 5064 largior,
2143 4999 2198 5048 et

641 5096 762 5152 qua:
785 5096 892 5136 non
921 5090 1077 5136 erant
1098 5083 1207 5135 vita
1236 5081 1400 5136 dono.

719 5173 880 5229 Vens.
923 5175 974 5229 8.
1017 5174 1358 5230 Omnimodis
1397 5175 1700 5230 rationibus
1743 5183 1961 5228 revocat
1997 5191 2092 5230 eos
2132 5175 2199 5229 ad

645 5268 966 5336 sapientiam
1007 5276 1060 5322 et
1106 5268 1173 5321 ad
1223 5268 1648 5324 recordationem
1691 5274 1807 5320 tum
1855 5275 2200 5336 peccatorum

646 5374 768 5427 qua:
796 5359 898 5427 ipsi
927 5357 1267 5422 admiserint,
1300 5369 1415 5412 tum
1443 5358 1844 5412 benefactorum
1871 5357 2069 5427 quibus
2109 5372 2204 5413 eos

649 5449 794 5504 Deus
823 5450 1086 5504 continuo
1131 5453 1436 5515 exornavit,
1473 5459 1528 5502 nt
1557 5451 1623 5505 de
1661 5449 1877 5504 delictis
1924 5450 2042 5504 suis
2073 5464 2204 5503 con-

651 5541 752 5594 scii
781 5541 930 5605 facti,
963 5552 1015 5597 et
1051 5543 1282 5613 seipsos,
1318 5552 1570 5613 tanquam
1611 5541 1725 5598 suis
1761 5540 2018 5611 operibus
2053 5555 2200 5597 mor-

741 5696 938 5753 “Gcn.
975 5716 1060 5762 xv,
1097 5700 1149 5764 8,
1191 5701 1270 5752 l3.

2281 1897 2348 1952 τά
2375 1899 2630 1969 ῥήματα,
2679 1899 2816 1953 ἀλλὰ
2870 1901 3290 1972 προαγορεύσεις
3325 1902 3645 1970 γιγνόμεναι
3698 1903 3855 1972 παρά

2280 1987 2414 2041 Θεοῦ
2442 1988 2867 2043 ἀκολουθούντων
2897 1992 3265 2061 πραγμάτωνσ
3300 1993 3392 2044 καὶ
3428 1992 3536 2063 γὰρ
3577 1991 3672 2044 τοῦ
3707 1993 3849 2045 Θεοῦ

2282 2076 2747 2147 ἐπαγγελλομένου
2779 2077 2856 2148 τῷ
2895 2078 3143 2149 Ἀϐραάμ
3180 2080 3363 2151 ζήσειν
3395 2079 3558 2132 αὑτοῦ
3582 2080 3642 2131 τὸ
3676 2081 3855 2151 σπέρ-

2285 2183 2361 2236 μα
2385 2207 2398 2230 ,
2427 2168 2518 2218 καὶ
2551 2166 2974 2239 κληρονομήσειν
3014 2167 3110 2238 τὴν
3146 2169 3278 2239 γῆν,
3321 2170 3569 2222 κάκείνου
3601 2170 3858 2220 ἐπειπόν-

2281 2256 2588 2318 τος,‹Κατά
2615 2259 2669 2311 τί
2695 2257 2991 2330 γνώσομαι,
3014 2278 3032 2311 ι
3059 2260 3139 2314 ὅτι
3169 2260 3338 2313 ταῦτα
3370 2260 3519 2325 ἐστις
3556 2260 3856 2328 ἐγνωκότος

2281 2347 2346 2416 τῇ
2374 2346 2509 2417 ἀκοῇ
2542 2348 2648 2400 τῶν
2687 2348 2944 2420 λυπηρῶν
2979 2351 3336 2421 σωφρονίσθαι
3371 2353 3460 2406 τὸν
3503 2355 3851 2424 προπάτορα.

2284 2440 2505 2506 προεῖπε
2537 2439 2629 2491 καὶ
2657 2439 2754 2510 τὴν
2793 2440 2883 2494 τοῦ
2930 2442 3122 2510 γένους
3151 2442 3392 2498 δουλείαν
3428 2447 3520 2498 καὶ
3561 2447 3664 2518 τὴν
3716 2448 3855 2517 μετὰ

2281 2528 2598 2598 τετρακόσια
2627 2532 2958 2603 πεντήκοντα
2990 2534 3082 2604 ἐτη
3116 2535 3380 2606 ἐσομένην
3409 2537 3725 2610 ἐλευθερίαν
3753 2541 3853 2593 αύ-

2282 2617 2388 2670 τῶν
2407 2633 2422 2648 ο
2463 2618 2606 2690 ἀπερ
2630 2621 2803 2675 πάντα
2823 2663 2837 2687 ,
2873 2624 3096 2696 μηδενὸς
3133 2627 3284 2690 ὄντος
3313 2627 3402 2680 τοῦ
3443 2629 3507 2682 ἐκ
3536 2633 3641 2700 τῆς
3680 2635 3858 2704 προρτ

2286 2708 2493 2779 ρήσεως
2530 2711 2886 2777 ἀπαιτοῦντος
2944 2715 3042 2787 τὴν
3092 2716 3314 2772 ἔκϐασιν
3361 2718 3466 2772 τῶν
3491 2724 3854 2794 πραγμάτων,

2285 2799 2603 2872 ἐπληροῦτο.

2355 2889 2533 2945 Ἀπαν
2589 2893 2743 2964 ὑμῶν
2806 2896 3148 2968 αίχμαλωσία
3219 2899 3640 2970 παραδεδομένον
3690 2902 3853 2958 ἔσται

2287 2982 2479 3052 φορτία
2505 2984 2807 3049 ἐλεφάντων
2838 2987 2931 3040 καὶ
2964 2987 3272 3058 ὑποζυγίων
3297 3029 3312 3053 ,
3353 2992 3410 3044 ἐν
3443 2991 3517 3050 τῷ
3541 2994 3830 3051 ἀπάγεσθα

2287 3079 2467 3141 αὑτοῖς
2504 3080 2848 3152 ἐπιτιθέμενα
2868 3097 2880 3110 ·
2917 3083 2976 3135 οὑ
3008 3082 3112 3155 μὴν
3138 3084 3273 3139 ἀλλά
3294 3085 3389 3139 καὶ
3415 3087 3567 3142 αὑτοὶ
3590 3106 3638 3142 οι
3664 3091 3856 3161 ἀνδρες

2287 3171 2334 3223 οἱ
2369 3170 2537 3223 ταῦτα
2569 3171 2882 3243 κομίζοντες
2924 3174 3332 3245 κοπωθήσονται
3355 3192 3370 3206 ·
3406 3177 3508 3230 κᾶν
3551 3179 3724 3249 τούτῳ
3754 3183 3854 3251 τὴν

2288 3263 2567 3317 ἀσθένειαν
2612 3264 2813 3318 τούτων
2848 3265 3265 3336 ὁμολογοῦντες,
3311 3269 3393 3321 ὅτι
3423 3269 3598 3322 ταῦτα
3651 3270 3854 3339 βαστά-

2289 3355 2468 3418 ζοντες
2515 3355 2840 3419 κοποῦνται,
2893 3357 2985 3409 καὶ
3035 3357 3165 3410 Θεὸν
3220 3360 3469 3430 φέροντες
3508 3361 3854 3424 ἀσθενοῦσιν,

2288 3442 2422 3495 ὅπου
2451 3443 2515 3511 γε
2545 3445 2650 3498 ἔδει
2689 3445 3135 3516 ἐπικουφίζεσθαι
3168 3447 3275 3502 τῶν
3310 3449 3514 3515 πόνων,
3551 3452 3602 3505 al
3636 3470 3705 3520 γε
3742 3453 3856 3507 θεοί

2289 3549 2429 3594 τινες
2455 3532 2718 3602 ὑπῆρχον.

2372 3623 2660 3692 Ἐπανάγει
2707 3625 2902 3687 αὑτοὺς
2943 3624 3081 3696 πρὸς
3129 3627 3476 3698 συναίσθησιν
3506 3629 3614 3682 τῶν
3645 3631 3856 3701 λεχθέν-

2289 3729 2430 3776 των,
2461 3713 2554 3766 τοῦ
2599 3715 2940 3787 προπάτορος
2981 3718 3330 3788 μνημονεύων
3371 3723 3467 3774 καὶ
3502 3723 3603 3793 τῆς
3646 3725 3856 3778 ἐκείνου

2289 3804 2477 3874 δόξηςο
2510 3804 2604 3858 καὶ
2636 3807 2716 3858 ὅτι
2738 3846 2751 3869 ,
2793 3806 3001 3860 ἐκείνου
3033 3807 3322 3877 αὐχοῦντες
3355 3802 3496 3865 εἶναι
3549 3813 3707 3881 γένος
3727 3855 3741 3877 ,
3769 3816 3857 3868 τὸν

2295 3895 2498 3948 ἐκείνου
2553 3894 2746 3966 ζηλοῦν
2783 3898 2980 3969 τρόπον
3016 3898 3338 3969 ὀφείλουσιν.
3404 3905 3467 3954 El
3501 3904 3611 3976 γάρ
3654 3905 3853 3978 λεῖμμα

2294 3986 2387 4040 τοῦ
2443 3987 2655 4058 Ἰσραὴλ
2685 3988 3013 4058 τυγχάνετε,
3056 3987 3149 4043 δύο
3199 3991 3629 4062 περιλειφθεῖσαι
3675 3997 3850 4064 φυλαὶ,

2292 4078 2400 4130 τῶν
2429 4077 2600 4132 ἄλλων
2627 4078 2757 4132 δέκα
2787 4081 2866 4143 είς
2893 4080 3264 4150 αἰχμαλωσίαν
3289 4083 3660 4156 ἀπαχθεισῶν,
3687 4089 3742 4139 ού
3775 4088 3850 4157 μὴ

2296 4169 2620 4240 περιόψομαι
2654 4171 2797 4239 ὑμᾶς
2829 4173 3284 4242 μετανοήσαντας.

2366 4263 2474 4332 Τὴν
2518 4261 2936 4335 πεπλανημένην
2975 4263 3153 4318 αὐτῶν
3188 4265 3344 4330 δόξαν
3378 4269 3443 4338 τῇ
3481 4267 3719 4338 διατριϐῇ
3759 4268 3856 4321 τοῦ

2295 4351 2452 4420 λόγου
2485 4350 2842 4403 ἐπιδείκνυσιν
2865 4367 2880 4382 θ
2919 4351 3006 4414 Ὣς
3033 4350 3244 4422 ἔχοντες
3302 4355 3432 4427 γάρ,
3478 4356 3632 4426 φησὶν
3659 4394 3674 4418 ,
3717 4357 3860 4427 ἐμὴν

2299 4442 2742 4514 ὑποϐεϐλημένην
2781 4443 2909 4514 ὑμῖν
2952 4445 3133 4497 είκόνα
3157 4485 3171 4509 ,
3216 4445 3309 4498 ἐπὶ
3340 4447 3401 4501 τὸ
3455 4451 3622 4502 ποιεῖν
3666 4449 3860 4505 εἴδωλα

2297 4535 2483 4606 ἤλθετε
2507 4576 2521 4600 ,
2556 4535 2632 4600 ὡς
2679 4535 2766 4589 διὰ
2813 4537 3016 4592 τούτων
3047 4537 3508 4610 θεραπεύσοντες·
3555 4543 3640 4595 ἵνα
3672 4543 3770 4613 τὴν
3807 4545 3860 4596 ἐν

2294 4630 2549 4694 διανοίαις
2599 4633 2961 4707 ἐγγενομένην
3002 4635 3131 4704 ὑμῖν
3179 4637 3478 4703 φαντασίαν
3530 4639 3590 4690 ἐν
3655 4637 3862 4708 ὁρωμέ-

2297 4741 2405 4787 νοις
2436 4724 2594 4794 ἕχητε
2619 4727 2806 4796 τιμᾷν.

2365 4813 2482 4865 ’Ὶνα
2511 4812 2642 4864 Θεὸν
2673 4814 2800 4883 ὑμῖν
2831 4812 3115 4887 ἀναπλάσῃ
3160 4813 3251 4866 ἐπὶ
3298 4815 3509 4885 μισθοῖς
3537 4816 3858 4886 γενόμενον·

2296 4902 2428 4974 ἐμοῦ
2461 4903 2534 4974 μὴ
2565 4903 2788 4974 μισθοὺς
2818 4904 3191 4968 ἀπαιτοῦντος,
3229 4907 3407 4978 χάριτι
3431 4907 3486 4960 δὲ
3515 4909 3694 4961 πάντα
3725 4925 3862 4980 παρ-

2301 4995 2510 5065 έχοντος
2541 4997 2635 5048 καὶ
2663 4995 2975 5067 άγαθότητι,
3018 4997 3112 5049 κα)⁴
3151 4999 3215 5050 ἐκ
3258 4998 3349 5051 τοῦ
3386 4999 3458 5070 μὴ
3500 4999 3650 5062 ὄντος
3698 5001 3778 5063 εἰς
3811 4997 3867 5053 τὸ

2301 5083 2439 5142 εἶναι
2469 5088 2647 5141 πάντα
2678 5087 3038 5158 δωρουμένου.

2383 5175 2780 5247 Ἀπανταχόθεν
2820 5179 3109 5248 συγκροτεῖ
3147 5178 3342 5240 αὐτοὺς
3372 5179 3451 5240 είς
3483 5179 3644 5248 νῆψιν
3670 5179 3764 5232 καὶ
3795 5180 3866 5242 είς

2305 5271 2624 5340 κατανόησιν
2653 5263 2802 5322 ὧντε
2821 5269 2974 5320 αὐτοὶ
2994 5269 3279 5340 μετῄεσαν,
3313 5270 3406 5321 καὶ
3429 5263 3503 5322 ὧν
3530 5269 3664 5333 Θεὸς
3699 5270 3866 5324 ἀπαύο

2312 5378 2447 5423 στως
2480 5361 2673 5423 αὑτοὺς
2718 5360 3026 5430 εὐεργετεῖ-
3060 5361 3164 5420 ἵνα,
3224 5362 3282 5413 ἐν
3329 5360 3675 5432 συναισθήσει
3726 5362 3866 5428 γινό-

2313 5468 2461 5521 μενοι
2501 5451 2591 5503 ἐπὶ
2639 5454 2751 5516 τοῖς
2806 5450 3358 5525 πεπλημμελημένοις
3411 5452 3613 5517 αὐτοῖς,
3661 5454 3754 5507 καὶ
3798 5454 3870 5516 ὡς

2311 5543 2400 5594 ἐπὶ
2433 5543 2608 5613 νεκρῷ
2636 5545 2746 5606 τοῖς
2790 5543 2937 5607 ἰδίοις
2980 5544 3158 5614 ἔργοις
3207 5543 3528 5613 κατάγοντες
3555 5544 3784 5618 δάκρυα,
3812 5546 3868 5599 οὑ
