4116 6332
318 281 454 336 1545

1694 281 1758 334 ΙΝ
1792 278 2044 333 ISMAM.

3402 290 3536 344 1546

311 398 579 470 τιμωρίας
617 398 993 458 ἀπολαύσωσι,
1052 398 1403 462 στενάξαντες
1426 398 1498 450 οδὲ
1533 399 1709 468 μόνον,
1740 399 1875 449 ἴασιν

1982 404 2105 449 tuos
2124 435 2138 457 ,
2164 398 2424 465 lugentes,
2457 414 2561 451 non
2603 414 2793 467 poenas
2818 402 2967 466 dent,
3000 403 3091 457 sed
3115 404 3218 472 piis
3247 405 3535 472 gemitibus

312 490 586 556 δέξωνται,
610 490 756 543 οὐδὲν
789 488 1132 552 ἐπαιτοῦντας
1168 489 1261 542 τοῦ
1296 489 1429 542 θεοῦ
1459 490 1491 559 ἢ
1531 489 1874 559 συναίσθησιν

318 582 495 652 μόνον.

383 695 447 747 Τί
480 694 587 766 γάρ
637 695 769 765 ἐμοῦ
813 694 1097 759 καλοῦντος
1140 696 1198 748 ού
1243 696 1489 767 πάρεστι,
1543 696 1758 750 πάντων
1797 704 1873 767 τῷ

315 784 432 856 ἐμῷ
456 784 680 854 νεύματι
713 785 1136 856 ἡνιοχουμένωνς
1178 785 1272 837 καὶ
1320 786 1425 857 γάρ
1455 787 1546 839 καὶ
1576 786 1750 857 πτηνά
1778 787 1873 839 ἀπ’

314 876 543 946 ἐσχάτου
574 876 672 945 τῆς
700 876 801 945 γῆς
833 876 1135 946 καλούμενα
1172 875 1430 948 πάρεστι’
1464 878 1557 930 καὶ
1588 878 1769 949 Κῦρον
1818 878 1873 931 δὲ

312 969 403 1020 τὸν
456 967 677 1037 βασιλέα
719 970 752 1038 ἡ
804 967 909 1038 ἐμὴ
952 968 1164 1033 ἐξουσία
1211 970 1351 1037 ἄγει,
1382 968 1458 1039 τῷ
1492 970 1607 1040 ὲμῷ
1647 970 1871 1039 νεύματι

311 1055 528 1110 εἴκοντα
548 1073 559 1085 ·
597 1057 655 1109 οὐ
686 1056 791 1128 μὴν
822 1056 956 1110 ἀλλά
1006 1057 1099 1110 καὶ
1131 1058 1303 1111 πάντα
1334 1059 1613 1129 ἄνθρωπον
1657 1060 1724 1112 τὰ
1766 1059 1873 1129 ἐμὰ

292 1147 628 1220 φρονοῦντα,
665 1150 763 1218 ἐμὲ
789 1149 899 1213 ἕξει
931 1148 1026 1202 καὶ
1069 1150 1355 1205 εὐθύνοντα
1384 1152 1527 1222 αύτῴ
1560 1152 1655 1215 τάς
1686 1152 1836 1214 ὁδούς
1855 1168 1868 1181 ⁶

312 1242 360 1294 εἰ
389 1241 446 1293 δὲ
478 1240 570 1293 καὶ
611 1240 907 1312 ἀνθρώπων
934 1241 1121 1311 μηδεὶς
1147 1244 1392 1314 εὑρεθείη
1419 1244 1478 1296 τὸ
1505 1244 1634 1313 ἐμὸν
1665 1243 1870 1313 θέλημα

313 1331 531 1402 μετιὼν,
556 1330 615 1384 τὸ
640 1330 932 1402 τηνικαῦτα
962 1332 1052 1385 τὸν
1081 1334 1211 1403 ἐμὸν
1246 1335 1370 1388 Υίὸν
1393 1335 1692 1401 ἀποστελῶ,
1717 1353 1869 1387 τουτ-

310 1426 425 1477 ὲστι
468 1423 558 1476 τὸν
604 1422 854 1494 Χριστὸν,
906 1426 1083 1477 πᾶσαν
1119 1425 1219 1496 τὴν
1262 1428 1526 1497 πατρικὴν
1566 1427 1871 1498 πληροῦντα

310 1516 535 1578 ἔννοιαν,
567 1516 660 1568 καὶ
708 1516 765 1568 ὲν
803 1517 869 1587 τῇ
906 1514 1011 1587 ἰδίᾳ
1043 1517 1206 1571 αὐτοῦ
1259 1518 1551 1591 αὐτουργία
1592 1520 1870 1573 δεικνύντα

310 1608 447 1678 ἐμὰς
481 1607 708 1671 ἐννοίας.

376 1699 624 1750 Αἰτιᾶται
656 1697 852 1763 αὐτοῖς,
898 1699 995 1769 οὐχ
1038 1699 1111 1763 ὡς
1156 1698 1214 1751 τὸ
1258 1699 1439 1770 μόριον
1483 1698 1575 1752 τοῦ
1623 1698 1869 1769 σώματος

308 1787 702 1859 ἀποὸεὸληκόσι
870 1754 1110 1860 καρδίαν,
1144 1754 1269 1843 ἀλλ’.
1299 1754 1373 1855 ως
1417 1790 1475 1843 τὺ
1518 1754 1758 1862 κριτικόν
1786 1754 1869 1843 at:
1902 1754 1943 1809 Β

310 1880 597 1952 σθητήριον
627 1882 803 1934 ἑκοντὶ
839 1881 1296 1953 ὲπικρυψαμένοις
1316 1899 1328 1911 ·
1364 1882 1392 1934 ὃ
1421 1882 1513 1935 καὶ.
1546 1882 1714 1935 αἴτιον
1746 1883 1873 1952 ὑμῖν

308 1971 496 2041 γέγονε
552 1972 878 2043 ἀπῳκίσθαι.
928 1973 1088 2026 Ὅθεν
1150 1974 1332 2040 ἐπάξω
1390 1974 1486 2044 τὴν
1556 1974 1709 2045 δίκην
1756 1975 1873 2044 μετ’

310 2062 583 2135 ἀληθείας,
638 2063 905 2135 σωτηρίαν
952 2065 1078 2135 ύμῖν
1133 2067 1597 2136 μνηστευομένην·
1631 2067 1725 2119 καὶ
1765 2067 1873 2137 γὰρ

309 2157 455 2209 πᾶσα
496 2156 715 2217 κόλασις
760 2156 898 2210 κατά
923 2156 1011 2210 τὸν
1044 2155 1137 2209 τοῦ
1169 2154 1481 2221 κολάζοντος
1521 2158 1717 2210 σκοπὸν
1750 2158 1873 2227 ὄνη-

311 2262 393 2300 σιν
430 2247 582 2318 φέρει
629 2250 741 2310 τοῖς
789 2246 1205 2319 κολαζομένοις,
1259 2248 1411 2320 δίκην
1470 2246 1652 2317 ἰατροῦ
1705 2264 1874 2319 προσ-

308 2340 529 2406 άγοντος
563 2338 811 2411 βοήθημα
844 2340 1101 2407 κάμνοντι
1125 2358 1138 2370 ο
1185 2341 1285 2394 κᾶν
1336 2341 1528 2412 πικρὸν
1644 2339 1704 2394 τὸ
1745 2339 1881 2394 διδό-

312 2448 469 2500 μενον
515 2431 665 2503 παρά
717 2431 809 2485 τοῦ
849 2431 1053 2503 ἰατροῦ,
1105 2432 1220 2485 ἀλλ’
1278 2433 1425 2503 ὅμως
1472 2434 1660 2501 ὑγείας
1711 2435 1880 2487 αἴτιον

309 2521 459 2575 ἔσται
504 2522 581 2594 τῷ
619 2524 889 2595 δεχομένῳ
922 2524 1051 2577 αὐτό
1072 2540 1084 2553 ·
1119 2523 1291 2595 τούτῳ
1332 2524 1439 2595 γὰρ
1467 2523 1542 2595 τῷ
1575 2523 1758 2595 σκοπῴ
1787 2525 1880 2578 καὶ

1981 497 2259 543 sanentur.
2286 488 2418 542 Nam
2454 490 2526 543 nil
2559 490 2704 543 aliud
2742 500 2944 561 repetet
2994 508 3022 547 a
3072 493 3227 547 vobis
3260 493 3400 549 Deus
3430 496 3535 550 nisi

1981 579 2145 632 animi
2177 581 2608 637 conversionem.

2061 692 2226 748 Vens.
2260 693 2345 749 Η.
2384 692 2523 759 Quid
2570 694 2715 748 enim
2768 710 2877 750 non
2912 694 3105 759 aderit,
3156 702 3385 748 vocante
3427 709 3532 759 me,

1980 803 2102 842 cum
2153 788 2334 841 omnia
2368 787 2521 841 nutui
2567 803 2686 841 meo
2729 788 3066 842 inserviant?
3098 786 3251 852 Quod
3297 787 3341 841 si
3383 802 3532 840 avem

1981 881 2049 935 ab
2081 881 2345 936 extremis
2370 880 2534 935 terris
2573 896 2862 944 vocavero,
2905 882 3097 935 aderit.
3119 881 3295 950 Cyrus
3323 894 3537 948 quoque

1979 990 2075 1028 rex
2116 973 2343 1042 imperio
2385 987 2504 1026 meo
2551 972 2773 1042 regitur,
2820 982 2973 1042 paret
3007 972 3178 1041 jussis
3223 971 3379 1025 meis.
3427 968 3538 1022 imo

1978 1066 2157 1119 omnis
2198 1064 2359 1118 homo
2390 1064 2483 1133 qui
2530 1080 2648 1117 mea
2698 1065 2885 1130 sentit,
2935 1079 3021 1117 me
3068 1063 3287 1116 habebit
3326 1062 3535 1115 viarum

1978 1156 2189 1211 ducem.
2228 1156 2457 1221 Quando
2490 1170 2616 1209 vero
2640 1154 2751 1223 jam
2781 1170 2885 1208 non
2915 1155 3075 1207 homo
3111 1154 3409 1223 reperietur
3443 1150 3536 1221 qui

1978 1245 2141 1300 faciat
2173 1247 2505 1301 voluntatem
2559 1263 2754 1310 meam,
2792 1256 2918 1300 tune
2957 1245 3151 1299 Filium
3192 1260 3369 1299 meum
3408 1244 3535 1296 mit-

1978 1345 2109 1402 tam,
2160 1338 2262 1392 hoc
2302 1347 2388 1393 est
2434 1340 2710 1394 Christum
2751 1339 2843 1408 qui
2891 1346 3123 1392 mentem
3159 1338 3389 1406 patriam
3435 1348 3531 1404 per

1975 1433 2156 1485 omnia
2189 1432 2452 1501 perﬁciat,
2492 1440 2545 1485 et
2594 1432 2851 1503 operibus
2885 1430 3023 1498 suis,
3053 1431 3183 1499 quid
3226 1430 3343 1500 ipse
3388 1428 3535 1484 desi-

1954 1508 2157 1576 ‘Iderein
2190 1523 2509 1577 declarabit.

2004 1678 2013 1685 ’
2046 1697 2215 1755 Vens.
2251 1698 2337 1752 ιε.
2387 1697 2577 1770 Arguit
2609 1714 2705 1753 eos
2749 1713 2856 1753 non
2891 1698 3035 1769 quod
3080 1713 3175 1752 eor
3204 1698 3535 1769 perdiderint

1978 1805 2299 1861 corporeum
2325 1830 2339 1854 ,
2374 1790 2467 1844 sed
2502 1790 2646 1860 quod
2683 1798 2874 1861 sponte
2902 1791 3069 1844 animi
3117 1792 3296 1845 lumen
3326 1794 3537 1847 exstin-

1979 1884 2189 1949 xerint;
2234 1899 2359 1937 nam
2392 1892 2675 1953 propterea
2713 1898 2743 1936 a
2785 1899 2869 1937 me
2892 1883 3187 1937 defecistis.
3212 1882 3535 1950 ldeojustas

1979 1990 2009 2028 a
2042 1975 2194 2029 vobis
2223 1989 2412 2044 pinnas
2442 1984 2699 2045 repetam,
2737 1976 2899 2030 saluti
2942 1975 3094 2029 vobis
3128 1974 3377 2041 futuras;
3409 1990 3533 2027 nam

1978 2069 2124 2122 omni
2167 2083 2326 2137 pmna
2360 2068 2503 2123 Deus
2538 2070 2763 2122 utilitati
2806 2080 3005 2122 nostrae
3036 2069 3307 2131 consulit,
3338 2067 3532 2121 medici

1979 2151 2046 2204 ad
2082 2153 2357 2223 exemplar
2404 2156 2650 2207 morbum
2695 2154 2957 2207 curantis.
3010 2152 3160 2206 Licet
3204 2168 3385 2206 amara
3427 2155 3535 2205 sint

1980 2258 2098 2313 qum
2119 2257 2145 2295 a
2169 2246 2376 2299 medico
2408 2244 2737 2313 prazbentur,
2758 2258 2931 2314 aegros
2954 2252 3130 2296 tamen
3163 2243 3216 2295 in
3249 2246 3531 2298 sanitatem

1975 2335 2271 2390 restituunt
2309 2354 2323 2389 :
2354 2334 2542 2390 eadem
2577 2336 2786 2389 ratione
2824 2334 3107 2403 regebatur
3135 2334 3322 2403 legalis
3345 2348 3530 2387 eorum

1976 2426 2197 2491 civitas,
2229 2435 2280 2481 et
2309 2427 2560 2481 instituta
2584 2424 2677 2480 Dei
2717 2426 2943 2496 gloriam
2978 2426 3312 2496 praestabant
3341 2424 3532 2478 obser-

1974 2520 2228 2575 vantibus
2258 2535 2343 2575 ea.

308 2614 340 2684 ἠ
375 2616 567 2687 νομικὴ
601 2616 779 2680 αὐτοῖς
805 2616 955 2678 πόλις
986 2616 1304 2688 ἀφωρίζετο,
1340 2617 1435 2670 καὶ
1466 2617 1534 2671 τὰ
1559 2616 1709 2689 ποιρά
1738 2617 1829 2670 τοῦ
1855 2616 1989 2671 Θεοῦ
2019 2616 2226 2687 νόμιμα
2257 2614 2413 2678 δόξαν
2441 2616 2695 2685 παρεῖχεν
2726 2612 2905 2676 αὐτοῖς
2937 2610 3193 2683 τηροῦσιν
3220 2610 3378 2665 αὐτά.

376 2727 544 2781 Πάλιν
578 2728 711 2799 πρὸς
738 2728 860 2791 τοὺς
884 2727 1177 2791 Χαλδαίους
1208 2727 1429 2799 μετάγει
1453 2729 1543 2783 τὸν
1572 2730 1747 2799 λόγον,
1779 2730 1874 2784 καὶ

306 2836 401 2872 τττν
431 2820 877 2890 καταληψομένην
912 2820 1105 2882 αὐτοὺς
1134 2820 1288 2891 δίκην
1325 2820 1724 2892 προαγορεύειν

379 3026 521 3096 Πρὸς
554 3025 643 3076 τὸν
693 3023 907 3095 Ἰσραὴλ
940 3027 1167 3077 ποιεῖται
1199 3024 1323 3087 τοὺς
1377 3023 1599 3093 λόγους*
1646 3026 1726 3078 ὅτι
1772 3025 1871 3077 Το-

312 3117 498 3170 σοῦτον
528 3115 745 3184 ἀφέξεις
777 3115 867 3169 τοῦ
897 3116 985 3169 τὸν
1020 3115 1298 3185 Ἀσσύριον
1330 3115 1723 3188 φοϐηθήσεσθαι
1753 3119 1873 3188 ἐμοὶ

310 3208 643 3278 πειθόμενος,
673 3208 746 3271 ὼς
778 3210 913 3280 μήτε
951 3206 1154 3270 τούτοις
1192 3211 1327 3279 μήτε
1357 3207 1534 3272 ἄλλοις
1564 3210 1672 3263 τισὶ
1701 3228 1874 3282 παρα-

310 3300 491 3354 δοῦναι
532 3300 693 3369 ὑμᾶς.

390 3391 728 3461 Ἀπανταχοῦ
787 3391 853 3445 τὰ
905 3392 1001 3462 τῆς
1052 3392 1242 3445 ἑαυτου
1294 3392 1655 3464 χρηστότητος
1712 3393 1873 3447 ἐνδει-

311 3485 574 3556 κνύμενος
607 3486 634 3536 ὁ
670 3484 820 3549 Θεὸς,
855 3484 928 3555 μὴ
959 3482 1348 3555 σεσιωπηκέναι
1377 3486 1590 3553 φάσκει,
1621 3485 1749 3556 μηδὲ
1782 3485 1874 3537 ἐπὶ

310 3584 421 3643 τοῖς
444 3578 642 3633 τούτων
675 3584 859 3640 κακοῖς
888 3576 1323 3647 ἀδιηφορηκέναι,
1366 3576 1475 3629 ἀλλ’
1507 3576 1593 3629 ἀεὶ
1630 3576 1875 3648 ἁμαρτά-

310 3689 498 3735 νοντας
521 3670 774 3741 ἐλέγχων,
800 3671 894 3722 καὶ
911 3668 982 3737 ςτά
1002 3668 1321 3739 ὀφειλόμενα
1349 3670 1466 3732 ταῖς
1488 3666 1665 3721 αὐτῶν
1696 3670 1874 3739 ἀμαρ-

310 3764 453 3826 τίαις
498 3764 742 3833 ἐπιτίμια
779 3761 1075 3833 προλέγων,
1118 3762 1213 3830 οὐχ
1260 3762 1346 3813 ’ίνα
1398 3762 1769 3831 τιμωρήσηται
1815 3761 1869 3831 (ἢ

312 3853 421 3923 γὰρ
474 3854 537 3907 ἂν
565 3855 658 3907 καὶ
702 3854 917 3908 σιωπῶν
952 3854 1120 3923 ὲπῆγε
1152 3854 1249 3923 τὴν
1280 3853 1491 3924 ὀργὴν),
1521 3852 1632 3906 ἀλλ’
1659 3854 1745 3908 ἵνα
1776 3871 1872 3923 φο-

314 3944 484 4013 ϐήσας
513 3945 605 3996 κα)⁵
634 3943 968 4013 σωφρονίσας
998 3946 1063 4014 τῇ
1097 3942 1313 4013 ἀπειλῇ,
1348 3941 1457 4005 ἕξει
1488 3940 1873 4011 μετανοοῦντας

314 4038 407 4090 καὶ
442 4034 788 4103 πειθομένους
825 4032 989 4104 αὐτῷ.
1024 4062 1095 4073 -
1127 4031 1295 4086 Πάλιν
1341 4032 1697 4102 προπατόρων
1740 4033 1875 4104 μνή-

316 4144 391 4195 μη
438 4127 532 4180 καὶ
575 4126 830 4195 ὀνόματος
874 4124 1154 4195 προκοπῆς
1199 4123 1337 4177 κατά
1376 4122 1571 4194 ψυχὴν,
1605 4125 1740 4194 ὅπερ
1776 4140 1875 4195 ση-

317 4219 491 4289 μαίνει
522 4220 550 4271 ό
593 4217 835 4289 Ἰσραήλ’
880 4218 948 4270 ἵν’
988 4218 1037 4270 οί
1076 4215 1364 4286 αὐχοῦντες
1409 4216 1584 4284 γένος,
1623 4217 1716 4269 καὶ
1750 4216 1875 4288 τρό⁴

313 4328 411 4363 πον
453 4312 658 4373 ἑαυτοῖς
710 4308 1050 4374 οίκειώσωσι,
1105 4308 1197 4361 καὶ
1247 4307 1455 4361 εὔνοιαν
1509 4307 1607 4376 τὴν
1654 4308 1873 4361 ἐκείνων

2047 2726 2176 2782 CAP.
2249 2726 2468 2790 XLVII,
2515 2726 2679 2781 Vens.
2742 2727 2794 2780 1.
2858 2722 3068 2780 Rursus
3128 2724 3194 2777 ad
3249 2722 3535 2778 Chaldaeos

1974 2821 2139 2876 verba
2173 2820 2334 2884 facit,
2380 2829 2433 2875 et
2477 2819 2847 2873 imminentem
2893 2818 3027 2887 ipsis
3056 2817 3350 2871 vindictam
3398 2830 3532 2885 pra:-

1975 2912 2210 2966 nuntiat.

2050 3024 2217 3080 Vens.
2240 3024 2291 3077 3.
2312 3020 2477 3077 Israel
2498 3021 2793 3092 alloquitur
2820 3038 2832 3074 :
2856 3018 3008 3085 Quod
3036 3020 3079 3074 si
3102 3017 3233 3072 mihi
3258 3016 3529 3072 conﬁdea-

1978 3120 2088 3185 ris,
2134 3119 2247 3187 jam
2283 3132 2391 3171 non
2432 3115 2536 3171 erit
2582 3129 2680 3168 cur
2724 3112 2976 3183 Assyrios
3020 3110 3369 3176 reformides,
3406 3125 3529 3164 nam

1976 3226 2075 3281 ego
2111 3218 2161 3263 te
2197 3207 2339 3261 ultra
2375 3221 2475 3261 nec
2506 3205 2635 3269 illis,
2661 3219 2761 3259 nec
2795 3203 2917 3258 aliis
2947 3201 3178 3256 tradam.

2044 3391 2175 3446 CAP.
2224 3384 2437 3441 XLVIII
2458 3425 2472 3449 ,
2500 3382 2667 3438 VEBS.
2701 3383 2749 3437 1.
2776 3381 3098 3437 Omnimoda
3135 3381 3389 3436 bonitatis
3420 3397 3533 3436 sua:

1974 3485 2298 3539 documenta
2349 3480 2595 3550 praebens
2648 3477 2822 3541 Deus,
2875 3491 2934 3530 se
2975 3490 3250 3545 nunquam
3294 3476 3531 3530 tacuisse

1974 3576 2279 3647 proﬁtetur,
2316 3590 2417 3627 nec
2443 3571 2639 3625 delicta
2695 3584 2882 3622 eorum
2922 3582 3077 3637 azquo
3108 3566 3288 3620 animo
3318 3566 3531 3627 tulisse.

1976 3667 2071 3723 sed
2103 3680 2273 3735 usque
2327 3670 2621 3733 peccantes
2677 3660 2943 3729 arguisse,
2998 3667 3052 3713 et
3084 3658 3293 3713 debitas
3338 3673 3529 3727 pecca-

1977 3759 2046 3813 tis
2067 3770 2256 3811 eorum
2286 3752 2640 3809 denuntiasse
2687 3766 2907 3822 poenas,
2942 3765 3049 3803 non
3080 3757 3141 3803 ut
3182 3764 3274 3804 eos
3313 3749 3532 3819 puniret

1976 3849 2249 3920 (alioquin
2299 3846 2501 3901 tacitus
2556 3860 2651 3900 eos
2714 3846 2793 3899 ira
2842 3842 3270 3913 oppressisset),
3324 3841 3418 3897 sed
3469 3850 3533 3896 ut

1974 3940 2137 3995 minis
2171 3953 2263 3993 eos
2292 3936 2571 3991 deterrens
2601 3942 2654 3990 et
2683 3934 2749 3989 ad
2782 3934 2999 3988 saniora
3028 3948 3287 3987 revocans
3307 3974 3321 3997 ,
3355 3948 3527 4003 popu—

1974 4032 2084 4089 lum
2113 4031 2335 4086 haberet
2364 4028 2528 4084 corde
2555 4031 2846 4081 contritum
2875 4036 2928 4082 et
2956 4026 3186 4081 ﬁdelem.
3213 4024 3423 4080 Rursus
3444 4041 3535 4096 pa-

1977 4126 2245 4180 triarchas
2266 4122 2609 4179 commendat
2630 4128 2684 4176 et
2707 4124 2959 4175 virtutem
2982 4119 3339 4189 spiritualem,
3366 4133 3531 4189 quam

1974 4218 2221 4288 designat
2250 4231 2449 4270 nomen
2480 4215 2677 4278 Israel,
2712 4222 2772 4267 ut
2790 4228 2959 4283 genus
2988 4213 3257 4281 jactantes
3284 4210 3527 4274 Patrum,

1975 4328 2153 4366 mores
2201 4324 2421 4381 quoque
2466 4309 2748 4363 imitentur
2794 4322 3013 4369 eorum,
3047 4312 3100 4359 et
3128 4305 3315 4360 eodem
3347 4304 3535 4359 studio

319 4400 704 4471 μιμησάμενοι,
745 4399 993 4453 ὲθίσωσιν
1042 4399 1265 4461 ἑαυτοὺς
1306 4398 1383 4460 είς
1425 4396 1485 4449 τὸ
1522 4396 1735 4450 ἀκούειν
1779 4397 1870 4449 τοῦ

1977 4403 2293 4471 flagrantes,
2330 4400 2425 4456 Dei
2456 4400 2512 4455 in
2556 4401 2779 4455 servitio
2814 4399 2915 4467 ipsi
2943 4412 3157 4467 quoque
3189 4403 3526 4451 assuescant.

316 4490 469 4544 Θεοῦ.

386 4581 630 4645 Τοιοῦτος
685 4582 975 4653 ἐτύγχανες
1024 4582 1116 4634 καὶ
1169 4581 1394 4643 ἀνωθεν,
1450 4579 1739 4648 ἀπολείψας
1776 4579 1872 4649 μὲν

317 4674 436 4737 τοὺς
470 4675 525 4725 ἐν
545 4676 610 4745 τῇ
637 4673 792 4742 φύσει
820 4691 899 4726 σοι
930 4671 1363 4743 καταϐληθέντας
1386 4670 1597 4739 νόμους,
1628 4672 1685 4722 ὲν
1713 4669 1873 4735 πλαξὶ

318 4765 373 4818 δὲ
412 4764 635 4828 λιθίναις
678 4765 990 4833 ἀναγκάσας
1018 4764 1220 4836 γράψαι
1254 4762 1442 4826 ταῦτα,
1473 4763 1548 4825 ὡς
1590 4763 1680 4816 καὶ
1712 4763 1874 4815 Μωῦ-

322 4859 417 4927 σῆς
447 4860 572 4929 ὑμῖν
594 4857 852 4920 ὠνείδιζε,
876 4859 967 4910 καὶ
1015 4858 1074 4909 τὸ
1114 4856 1325 4917 ἀναιδὲς
1352 4854 1502 4926 ὑμῶν
1530 4855 1871 4925 ἀπέσκωψεν.

389 5064 555 5117 Πάλιν
578 5062 674 5133 τὴν
702 5063 1059 5133 προσποίητον
1088 5064 1265 5115 αὐτων
1307 5062 1535 5132 ἐλέγχων
1568 5063 1873 5133 ὁμολογιαν,

324 5154 760 5225 ὲπαναλαμόἀνει
803 5152 872 5205 τὰ
920 5154 1046 5223 παρ’
1097 5154 1316 5207 ἐκείνων
1366 5153 1627 5225 λεγόμενα
1664 5154 1871 5222 λέγων⁸

327 5263 343 5295 ι
383 5245 473 5314 Μὴ
508 5243 825 5317 stunc-Nai,
856 5243 1103 5312 γινώσκω
1140 5245 1302 5298 αὑτά·
1344 5264 1361 5295 ι
1398 5244 1497 5296 κᾶν
1545 5246 1651 5315 γὰρ
1697 5245 1771 5307 ὡς
1803 5246 1877 5295 εξ-

322 5335 468 5399 ὂότες
499 5335 895 5407 προσποιεῖσθε,
928 5334 1063 5387 ἀλλὰ
1094 5335 1219 5402 γοῦν
1250 5338 1335 5388 ἐπ’
1367 5334 1544 5389 αὐτῶν
1582 5335 1687 5388 τῶν
1722 5336 1875 5407 πρά-

324 5426 454 5491 ξεων
510 5426 916 5499 φωραθήσεσοε,
977 5428 1110 5499 μήτε
1158 5428 1524 5498 ἐπιστάμενοι,
1576 5428 1877 5491 ἀκολούθως

320 5517 398 5588 τῷ
420 5520 784 5590 γεγραμμένῳ
828 5521 882 5571 ὲν
925 5519 999 5589 τῷ
1049 5519 1379 5589 Εὑαγγελίῳ,
1410 5520 1489 5583 τὸ,
1529 5539 1546 5569 ι
1587 5520 1658 5571 Οὐ
1708 5521 1808 5582 πᾶς
1849 5520 1876 5570 ό

324 5612 493 5681 λέγων
530 5630 637 5683 μοι,
667 5613 833 5683 Κύριε
852 5656 865 5678 ,
890 5612 1079 5684 Κύριε,
1114 5611 1469 5665 εἰσελεύσεται
1504 5614 1581 5675 εἰς
1604 5613 1697 5681 τὴν
1725 5612 1877 5681 βασι-

399 5758 437 5789 "
465 5756 646 5810 Matth.
683 5775 777 5824 vti,
811 5757 895 5813 21.

2041 4582 2208 4636 Vens.
2260 4582 2312 4634 5.
2362 4578 2546 4632 Talem
2606 4587 2657 4632 te
2711 4576 2987 4646 praebuisti
3028 4578 3107 4630 vel
3160 4591 3189 4628 a
3224 4576 3532 4644 principio;

1975 4673 2253 4729 derelictis
2284 4671 2515 4741 legibus,
2545 4685 2665 4738 qua:
2691 4676 2883 4721 natura
2913 4668 3065 4721 vobis
3092 4667 3307 4720 fuerant
3333 4667 3528 4731 insitae,

1978 4765 2123 4831 leges
2160 4778 2190 4815 a
2241 4778 2325 4815 me
2356 4762 2665 4815 extorsistis
2697 4759 2926 4830 lapideis
2962 4758 3161 4814 tabulis
3199 4759 3529 4829 inscriptas;

1976 4855 2119 4925 quod
2148 4855 2258 4924 jam
2288 4853 2500 4925 Moyses
2528 4853 2681 4906 vobis
2710 4852 3077 4915 exprobravit,
3110 4859 3163 4906 et
3191 4853 3535 4906 contumelia:

1978 4949 2153 5001 vertit.

1982 5020 2061 5038 Α.»

2053 5061 2215 5116 Vens.
2239 5061 2289 5115 7.
2312 5062 2520 5115 Rursus
2535 5060 2712 5113 ﬁctam
2730 5075 2916 5114 eorum
2939 5058 3092 5113 ﬁdem
3112 5058 3531 5127 reprehendens,

1984 5155 2130 5208 dicta
2185 5170 2373 5207 eorum
2440 5153 2607 5208 refert
2646 5169 2658 5204 :
2696 5150 2778 5206 Ne
2826 5153 3005 5212 dicas,
3061 5150 3241 5219 inquit
3287 5170 3301 5205 :
3356 5149 3533 5203 Etiam

1983 5249 2206 5301 norica.
2266 5244 2414 5298 Licet
2448 5260 2507 5298 ea
2557 5245 2774 5298 novisse
2818 5242 3182 5305 contendatis,
3220 5242 3335 5311 ipsa
3374 5256 3537 5310 Opera

1981 5349 2162 5395 vestra
2220 5353 2315 5392 vos
2370 5352 2431 5390 ea
2497 5337 2834 5405 ignoravisse
2882 5335 3308 5395 conﬁrmabunt,
3376 5324 3534 5387 sicuti

1981 5432 2244 5500 scriptum
2279 5436 2363 5482 est
2419 5429 2471 5480 in
2533 5426 2825 5497 Evangelia
2861 5445 2873 5481 :
2932 5424 3050 5479 Non
3084 5427 3249 5479 omnis
3278 5426 3368 5494 qui
3410 5425 3535 5476 dicit

1982 5523 2131 5587 mihi,
2170 5521 2425 5581 Domine.
2465 5520 2711 5583 Domine,
2764 5518 2982 5571 intrabit
3014 5519 3066 5571 in
3123 5534 3335 5587 regnum
3383 5516 3537 5569 cwlo-

1986 5633 2097 5668 runt
2131 5616 2206 5680 ²¹;
2248 5629 2339 5669 ore
2369 5611 2584 5682 quidem
2614 5619 2665 5665 et
2708 5610 2886 5681 lingua
2921 5626 3005 5665 me
3040 5608 3393 5675 conﬁtemini,
3430 5622 3536 5662 non
