4116 6332
600 261 739 317 1547

599 381 782 428 autem
848 369 960 422 haec
1024 365 1217 423 aﬂ‘ectu
1281 369 1336 418 et
1389 359 1556 414 animi
1623 359 1807 412 studio
1849 355 2083 411 sentitis.

1785 243 2133 297 THhUlwlﬂ
2167 239 2683 291 HISKAULLL‘NSIS

2183 353 2230 410 Α
2255 349 2402 406 λείαν
2429 352 2536 405 τῶν
2567 351 2809 423 οὐρανῶν
2829 367 2841 380 ·
2871 368 2895 400 θ
2931 348 3071 403 κατὰ
3117 345 3394 419 προφορὰν
3429 344 3528 415 μὲν
3571 342 3652 397 τῶ
3695 342 3845 414 λόγῳ

3701 230 3844 285 ὶῖοέὃ

599 460 1016 534 ὁμολογοῦντων,
1052 455 1126 528 μὴ
1158 453 1263 526 μὴν
1288 451 1522 506 διαθέσει
1551 449 1645 502 καὶ
1675 449 1862 519 ἀγάπῃ
1893 446 2070 518 ψυχῆς
2095 441 2262 495 ταῦτα
2290 443 2645 515 φρονούντων.

675 597 835 653 Vens.
869 593 956 649 10.
991 590 1110 645 Noli
1128 589 1314 647 dicere
1337 597 1391 642 te
1415 592 1637 664 propter
1667 589 1950 654 argentum
1975 586 2030 632 et
2059 591 2163 632 mre
2205 613 2207 617 ι

602 691 732 745 dato
762 703 794 742 a
829 701 916 741 me
949 685 1117 740 fuisse
1146 680 1458 745 venditum;
1499 691 1625 732 nam
1660 674 1842 746 potius
1871 679 1930 726 tu
1974 677 2159 724 temet-

601 784 717 854 ipse
746 775 1060 840 vendidisti,
1091 789 1200 829 non
1223 781 1444 843 propter
1474 769 1763 840 pecuniam
1792 765 2033 837 quidem,
2067 761 2162 818 sed

597 881 824 947 prepter
849 870 1090 925 admissa
1119 873 1211 920 tua
1241 873 1484 936 peccata.
1515 861 1623 917 Nec
1651 856 2048 947 imbecillitatis
2076 870 2163 910 me

599 946 820 1022 incuses
847 959 1221 1034 prodigiorum
1251 970 1482 1020 memor,
1522 969 1643 1024 qua:
1673 951 1895 1007 fuerunt
1916 949 1971 1004 in
1995 946 2161 1019 Egy-

597 1046 883 1128 pto‘edita,
913 1062 967 1109 et
992 1051 1274 1108 servitutis
1299 1056 1492 1104 vestrae
1513 1045 1654 1117 apud
1681 1043 1985 1115 IEgyptios.
2006 1040 2164 1095 Nunc

598 1158 779 1203 tamen
831 1161 1018 1201 eruam
1077 1151 1132 1198 te
1189 1159 1255 1198 ex
1324 1140 1637 1211 captivitate
1690 1144 1912 1209 prepter
1962 1149 2162 1190 nomen

598 1255 815 1304 meum,
857 1254 924 1292 ne
956 1237 1152 1290 tradito
1181 1244 1232 1289 te
1273 1239 1621 1304 peccatorum
1663 1243 1862 1292 causa,
1906 1234 1960 1282 et
2013 1228 2161 1282 omni

599 1345 697 1400 spe
728 1330 1022 1392 destituto,
1062 1325 1205 1379 idola
1239 1323 1468 1394 gloriam
1504 1335 1679 1376 meam
1716 1328 2014 1389 usurpent,
2051 1317 2160 1371 im-

598 1422 859 1496 potentia:
888 1435 974 1473 me
1002 1417 1304 1488 arguentia,
1329 1414 1495 1485 quasi
1534 1413 1688 1468 vobis
1717 1411 2022 1466 libertatem
2058 1409 2165 1463 lar-

600 1515 706 1586 giri
733 1528 840 1567 non
869 1526 1107 1580 possem.

673 1623 839 1679 Vens.
888 1623 973 1677 ιε.
1017 1622 1146 1689 Quae
1189 1621 1407 1693 quidem
1453 1619 1520 1675 ad
1567 1618 1828 1690 populum
1859 1616 2160 1681 dicuntur;

601 1717 696 1772 sed
748 1716 814 1770 ad
877 1717 1152 1772 hominem
1207 1715 1504 1786 quemlibet
1555 1721 1702 1768 recte
1760 1723 1824 1766 ea
1886 1707 2160 1766 tetuleris.
2194 1729 2238 1784 Β

601 1808 860 1863 llortatur
902 1809 1064 1881 igitur
1111 1807 1254 1864 Deus
1306 1808 1710 1870 audientes,ut
1761 1803 1910 1859 dicta
1952 1801 2161 1856 intelli-

601 1911 761 1974 gant,
806 1910 860 1958 et
883 1903 1182 1974 condignos
1212 1902 1406 1957 exinde
1437 1902 1711 1969 excipiant
1746 1896 1980 1950 fructus.
2016 1893 2162 1948 Idem

599 1996 744 2049 enim
779 2011 896 2050 sum
919 1995 1164 2050 moribus
1184 1994 1278 2064 qui
1305 2002 1530 2060 natura;
1556 1999 1615 2044 ut
1649 1988 1924 2044 immutari
1956 1995 2165 2041 naturae

600 2103 734 2142 meae
768 2103 875 2142 non
909 2097 1010 2155 est,
1039 2088 1110 2141 ita
1141 2102 1241 2142 nec
1268 2086 1465 2142 mentis
1499 2101 1600 2140 nec
1631 2099 1874 2148 morum;
1901 2081 1995 2138 sed
2023 2081 2163 2136 idem

598 2194 858 2235 remaneo
871 2189 923 2235 et
949 2181 1205 2234 immotus
1224 2179 1278 2232 in
1291 2179 1682 2247 sempiternum
1697 2176 1939 2230 bonitate
1953 2189 2069 2230 mea
2089 2174 2166 2226 in-

600 2271 856 2342 signitus,
871 2288 975 2342 qua
992 2279 1044 2326 et
1062 2287 1090 2324 a
1107 2270 1376 2340 principio
1408 2276 1605 2324 cuncta
1631 2268 1819 2332 edens,
1848 2283 1945 2337 per
1965 2265 2162 2320 Filium

597 2375 665 2414 ea
698 2362 753 2414 in
795 2362 968 2415 lucem
1015 2360 1254 2432 protuli,
1283 2367 1336 2415 et
1367 2375 1463 2429 per
1503 2360 1682 2430 ipsum
1730 2373 2015 2413 conservo.
2050 2357 2165 2411 Ma—

599 2467 706 2506 nus
761 2452 905 2506 enim
962 2458 1018 2505 et.
1073 2451 1296 2505 dextera
1336 2450 1536 2505 dicitur
1590 2450 1904 2522 unigenitus
1953 2448 2160 2513 Filius,

602 2543 792 2613 patriae
851 2543 1049 2596 mentis
1101 2542 1382 2609 minister;
1411 2541 1556 2597 unde
1600 2557 1729 2596 vere
1761 2541 2027 2610 sapientia
2068 2540 2164 2595 Dei

600 2643 776 2690 erstat
816 2636 1124 2706 unigenitus
1162 2633 1336 2690 Filius
1365 2643 1418 2690 et
1444 2635 1676 2706 patriam
1717 2643 1952 2692 mentem
1985 2637 2166 2707 operi—

602 2726 702 2781 bus
727 2726 841 2780 suis
873 2726 1133 2781 declarat.

673 2925 837 2980 Vsus.
871 2926 954 2981 14.
992 2926 1203 2982 Rursus
1241 2927 1490 2984 homines
1516 2930 1782 2999 superbos
1815 2929 2005 3000 jubet,
2034 2947 2165 2986 con-

595 3017 834 3088 gregatis
863 3019 1114 3087 gentibus
1144 3020 1404 3074 accedere
1429 3059 1444 3085 ,
1475 3029 1529 3074 et
1563 3023 1835 3078 recordari
1865 3039 1923 3078 se
1962 3024 2029 3078 ab
2055 3026 2163 3079 alio

598 3128 707 3169 non
741 3113 1018 3184 accepisse
1051 3113 1188 3169 istas
1219 3114 1635 3184 praedictiones,
1680 3131 1779 3170 nec
1805 3117 1971 3171 alium
2021 3134 2161 3188 prte-

480 3249 494 3264 .
598 3206 939 3262 nuntiavisse
967 3222 1086 3276 qua:
1127 3207 1344 3278 longum
1377 3216 1500 3277 post
1527 3209 1788 3278 temporis
1817 3209 2163 3266 intervallum

597 3299 882 3364 evenient,
937 3300 1042 3355 nisi
1095 3300 1270 3370 ipsum
1325 3301 1489 3357 totius
1531 3301 1774 3357 universi
1819 3302 2023 3370 Deum,
2070 3307 2163 3375 qui

600 3394 946 3449 imminentes
994 3393 1101 3450 illis
1133 3395 1472 3450 calamitates
1503 3395 1819 3466 denuntiat,
1856 3407 1911 3454 et
1959 3401 2024 3455 ad
2072 3416 2164 3457 sa.-

600 3485 756 3539 niora
788 3500 1084 3541 conversos
1119 3485 1296 3540 denuo
1326 3487 1557 3543 solatur.

670 3618 1192 3675 Vens.l5.Memorat
1213 3621 1299 3677 hic
1322 3621 1463 3678 Deus
1482 3623 1752 3680 lsraelitas
1765 3635 2015 3682 votorum
2037 3643 2165 3685 suo-

599 3726 719 3764 rum
755 3710 926 3767 factos
965 3727 1087 3768 esse
1131 3723 1430 3784 compotes.
1463 3716 1672 3788 Quippe
1709 3719 1803 3790 qui
1835 3735 1864 3772 a
1895 3720 2163 3778 Chaldaeis

600 3801 762 3856 toties
800 3803 1048 3872 oppressi
1089 3812 1140 3858 et
1181 3806 1365 3875 praelio
1422 3806 1525 3862 l‘usi
1575 3825 1735 3878 quam
1777 3811 2164 3870 ardentissime

599 3893 807 3948 cladem
843 3910 1029 3950 eorum
1063 3896 1174 3951 lieri
1202 3897 1605 3954 desiderabant.
1639 3902 1737 3956 Cui
1769 3903 2048 3960 desiderio
2074 3922 2162 3962 re-

599 3982 875 4053 spondens
930 3987 1161 4057 benigne
1214 3987 1390 4054 Deus,
1447 3989 1688 4046 declarat
1741 4008 1801 4048 se
1850 4010 1957 4049 non
2012 3997 2162 4066 justa

602 4088 819 4150 agentes
865 4079 1196 4144 defendisse,
1225 4081 1317 4136 sed
1357 4090 1578 4152 propter
1601 4099 1774 4154 genus
1805 4095 2016 4144 amatos
2047 4105 2164 4146 ser-

599 4173 812 4227 vavisse
841 4179 1032 4227 contra
1059 4171 1431 4227 Chaldaeorum
1461 4174 1738 4232 incursus.

2334 576 2728 651 Παραδεδόσθαι
2782 575 2838 628 δὲ
2886 576 2946 628 ού
2999 575 3192 646 φήσεις
3241 573 3318 636 ὡς
3364 573 3487 642 ἐμοὶ⁸
3543 573 3849 628 ἐκτιννύων

2264 669 2442 742 χρέος,
2474 669 2581 722 οὐδ’
2624 669 2699 730 ὡς
2732 666 2992 738 ἀργύριον
3027 667 3128 737 μοῦ
3177 664 3563 735 κομιζομένουο
3607 667 3849 738 ἐπιγρά-

2264 760 2383 830 ψεις
2410 761 2466 814 δὲ
2496 758 2672 830 ἐαυτῷ
2703 758 2894 812 σαυτὸν
2921 755 3239 828 πεπρακὼς,
3281 756 3403 810 ἀντὶ
3445 757 3719 828 ἀργυρίου
3749 759 3848 822 τὰς

2267 850 2460 905 σαυτοῦ
2492 850 2762 920 ἁμαρτίας
2793 849 3090 920 προέμενος
3112 864 3125 877 ·
3161 848 3222 900 ού
3248 846 3356 918 γὰρ
3387 848 3526 918 ἐμῆς
3556 849 3847 912 ἀσθενεω

2269 945 2634 1016 καταδραμεῖς
2669 942 2776 996 τῶν
2821 944 2879 996 ἐν
2920 942 3175 1014 Αἰγύπτῳ
3213 939 3592 1013 μνημονεύσας
3624 941 3728 995 καὶ
3753 943 3846 1012 τῆς

2268 1035 2643 1106 Αἰγυπτιακῆς
2677 1035 2917 1098 δουλείας
2965 1034 3222 1107 μνησθείς
3245 1052 3258 1066 ’
3314 1033 3445 1090 ἀλλὰ
3491 1036 3587 1088 καὶ
3633 1034 3738 1088 νῦν
3785 1036 3846 1088 δι’

2267 1127 2499 1199 ἐμαυτὸν
2527 1127 2626 1198 τὴν
2659 1127 2914 1182 ἐπάνοδόν
2958 1145 3038 1180 σοι
3084 1127 3182 1199 τήν
3226 1128 3291 1182 ἐκ
3326 1129 3421 1199 τῆς
3463 1127 3848 1199 αἰχμαλωσίας

2267 1221 2580 1292 χαριοῦμαι,
2610 1221 2696 1273 ἵνα
2727 1221 2822 1292 μὴ,
2851 1220 3278 1292 παραδεδομένου
3302 1238 3394 1274 σου
3421 1221 3507 1274 διὰ
3534 1221 3638 1284 τὰς
3670 1223 3846 1292 ἁμαρ-

2266 1310 2406 1374 τίας,
2465 1311 2881 1383 σφετερίσωνται
2934 1311 3033 1384 τήν
3088 1313 3226 1382 ἐμὴν
3279 1311 3436 1377 δόξαν
3495 1312 3562 1365 τὰ
3623 1310 3847 1374 εἴδωλα,

2265 1401 2568 1474 ἀδυναμίας
2632 1420 2732 1474 μου
2789 1402 3202 1476 καταδραμόντα
3227 1443 3241 1468 ,
3286 1402 3361 1467 ὡς
3419 1403 3492 1474 μὴ
3543 1402 3848 1473 δυνηθέντα

2265 1495 2392 1566 ὑμῖν
2426 1494 2735 1568 ἐλευθερίαν
2759 1494 3105 1568 χαρίσασθαι.

2335 1606 2415 1660 Τὰ
2450 1607 2547 1678 μὲν
2583 1607 2847 1679 λεγόμενα
2873 1607 3007 1679 πρὸς
3036 1608 3124 1662 τὸν
3151 1607 3298 1671 λαὸν,
3333 1595 3626 1679 μετάγεται
3655 1608 3717 1662 δὲ
3756 1607 3851 1662 καὶ

2265 1699 2344 1762 εἰς
2395 1698 2569 1752 πάντα
2623 1697 2923 1771 ἄνθρωπον.
2961 1701 3017 1753 '0
3056 1701 3234 1753 τοίνυν
3285 1699 3416 1763 Θεὸς
3459 1702 3721 1772 παραινεῖ
3769 1701 3851 1761 είς

2269 1791 2613 1863 συναίσθησιν
2654 1791 2763 1845 τῶν
2804 1791 3107 1863 λεγομένων
3152 1792 3403 1865 ἔρχεσθαι
3451 1795 3576 1856 τοὺς
3617 1792 3851 1846 ἀκούον-

2264 1901 2380 1948 τας,
2428 1884 2520 1938 καὶ
2571 1885 2669 1956 τὴν
2716 1884 2773 1952 ἐξ
2811 1884 2988 1938 αὐτῶν
3030 1885 3294 1955 ὠφέλειαν
3348 1885 3728 1957 καρποῦσθαι⁸
3793 1885 3849 1935 '0

2264 1977 2422 2040 αὐτὸς
2455 1976 2561 2046 γάρ
2590 1979 2703 2048 εἰμι
2733 1977 2793 2031 τὸ
2834 1972 2984 2048 ἦθος,
3032 1977 3219 2050 ὥσπερ
3255 1973 3347 2031 οῦν
3387 1979 3481 2031 καὶ
3523 1978 3622 2048 τὴν
3648 1976 3846 2045 φύσινο

2265 2069 2358 2121 καὶ
2380 2067 2455 2132 ὡς
2481 2069 2580 2121 οὐκ
2605 2067 2808 2122 ἔνεστιν
2838 2071 2894 2122 ἐν
2921 2071 2986 2140 τῇ
3020 2069 3176 2139 φύσει
3204 2068 3299 2141 τὴν
3327 2067 3530 2140 τροπὴν
3561 2067 3847 2132 δέξασθαι,

2264 2160 2435 2224 οῦτως
2466 2161 2584 2214 ούδέ
2627 2163 2683 2214 ἐν
2715 2163 2780 2232 τῇ
2812 2159 3002 2233 γνώμῃ
3026 2179 3085 2214 τε
3125 2160 3219 2215 καὶ
3258 2160 3335 2231 τῷ
3363 2160 3504 2231 ἤθει,
3537 2160 3648 2214 ἀλλ’
3683 2161 3716 2213 6
3757 2163 3852 2215 αύ-

2263 2253 2352 2316 τὸς
2391 2254 2469 2317 εἰς
2510 2252 2596 2305 ἀεὶ
2636 2251 2732 2317 ὢν,
2765 2253 2872 2307 ἀπὸ
2901 2252 3236 2324 ἀγαθότητος
3268 2252 3629 2324 γνωρίζομαι,
3657 2253 3754 2322 ἀφ’
3781 2249 3849 2324 ἧς

2265 2346 2357 2399 καὶ
2387 2344 2482 2417 τὴν
2507 2346 2676 2417 ἀρχὴν
2696 2344 2768 2398 τὰ
2799 2345 2974 2400 πάντα
3006 2347 3406 2418 ἐτεκτηνάμην,
3446 2348 3503 2398 ἐν
3534 2345 3650 2416 Υίῷ
3674 2346 3846 2399 ταῦτα

2263 2437 2460 2505 δείξας,
2491 2439 2583 2493 καὶ
2622 2439 2687 2492 δι’
2728 2438 2889 2492 αὐτοῦ
2925 2440 3386 2511 ὑποστησάμενος.
3422 2439 3561 2512 Χεὶρ
3605 2440 3718 2511 γάρ
3752 2441 3846 2493 καὶ

2264 2530 2458 2595 δεξιὰὸ
2498 2531 2787 2603 μονογενὴς
2827 2531 2951 2595 Υἱὸς
2992 2531 3261 2596 λέλεκται,
3303 2531 3595 2603 πληρωτὴς
3626 2531 3702 2585 ὣν
3736 2531 3846 2584 τῶν

2264 2622 2542 2696 πατρικῶν
2579 2623 2815 2687 ἐννοιῶν,
2850 2624 2925 2687 ὡς
2953 2619 3088 2677 εἶναι
3121 2623 3324 2697 κυρίως
3355 2623 3543 2693 σοφίαν
3576 2626 3678 2679 τοῦ
3705 2621 3846 2679 Θεοῦ

2265 2715 2354 2770 τὸν
2391 2715 2648 2786 μονογενῆ
2689 2715 2837 2778 Υἱὸν,
2874 2715 3274 2786 σαφηνίζουσαν
3310 2715 3405 2779 τὰς
3439 2717 3718 2788 πατρικὰς
3758 2718 3846 2771 ἐν·

2265 2805 2412 2870 νοίας
2443 2807 2499 2860 ἐν
2526 2809 2639 2870 τοῖς
2667 2807 2757 2859 ὑπ’
2787 2805 2949 2860 αὑτοῦ
2977 2807 3280 2878 γινομένοις
3305 2806 3507 2878 ἔργοις.

2337 2942 2504 2995 Πάλιν
2535 2941 2660 3006 τοὺς
2697 2942 2835 3014 μέγα
2875 2940 3202 3014 φρονοῦντας
3223 2943 3280 2995 ἐν
3311 2942 3509 3012 γνώσει
3537 2941 3639 2996 τῶν
3662 2942 3842 2996 ἐθνῶν

2268 3037 2518 3106 παρεῖναι
2565 3035 2946 3106 προτρέπεται,
2983 3031 3075 3088 καὶ
3113 3036 3251 3088 κατά
3299 3033 3424 3088 νοῦν
3457 3035 3839 3105 ἐκλαμϐάνειν,

2263 3128 2338 3191 ὡς
2365 3128 2422 3180 ού
2456 3128 2582 3198 παρ’
2612 3127 2796 3199 ἐτέρου
2819 3124 3019 3192 ταύτας
3048 3127 3144 3192 τὰς
3174 3127 3594 3199 προαγορεύσεις
3633 3124 3846 3199 ἐξειλή-

2264 3235 2456 3290 φεσαν,
2496 3218 2614 3272 οὐδέ
2657 3236 2740 3282 τις
2785 3217 2851 3273 τὰ
2901 3219 3038 3290 μετὰ
3088 3219 3315 3284 πολλοὺς
3361 3219 3587 3292 χρόνους
3615 3221 3843 3292 γενησόο

2267 3329 2401 3383 μενοι
2434 3310 2748 3384 προύλεγεν,
2773 3311 2888 3364 ἀλλ’
2931 3311 3092 3375 αὐτὸς
3119 3307 3187 3383 ἦν
3215 3313 3244 3365 6
3271 3311 3377 3365 τῶν
3401 3313 3538 3366 ὅλων
3579 3313 3715 3379 Θεὸς
3751 3315 3845 3389 καὶ

2265 3403 2542 3475 προλέγων
2595 3404 2663 3458 τά
2712 3398 3130 3474 καταληψόμενα
3189 3403 3383 3468 αὐτοὺς
3425 3404 3701 3476 δυσχερῆ,
3753 3407 3847 3460 καὶ

2267 3496 2426 3551 πάλιν
2463 3495 2894 3568 μετατιθεμένων
2919 3493 3372 3566 ἀνακαλούμενος.

2351 3629 2782 3700 Ὑπομιμνήσκει
2813 3626 3010 3690 αὐτοὺς
3043 3627 3272 3681 ἐνταῦθα
3297 3629 3394 3700 τῆς
3421 3628 3630 3693 οἰκείας
3664 3631 3844 3684 αὐτῶν

2269 3724 2559 3794 ἐπιθυμίας
2596 3722 2675 3784 είς
2723 3720 2882 3792 ἔργον
2922 3722 3373 3793 προχωρησάσης,
3403 3722 3526 3774 Τῶν
3552 3722 3664 3794 γὰρ
3688 3724 3846 3776 Χαλ-

2269 3815 2431 3869 δαίων
2481 3812 2766 3867 θλιϐόντων
2801 3812 2888 3865 ἀεὶ
2931 3813 3020 3866 τὸν
3057 3814 3271 3886 Ἰσραήλ
3315 3815 3408 3867 καὶ
3450 3815 3844 3886 ἐπιτιθεμένων

2269 3908 2447 3969 αὐτοῖς
2474 3907 2530 3958 ἐν
2559 3904 2943 3976 παρατάξεσιν,
2973 3905 3236 3977 ἐπιθυμία
3263 3902 3330 3977 ἦν
3353 3905 3447 3959 τοῦ
3483 3907 3702 3980 Ἰσραὴλ
3729 3907 3843 3960 τού-

2269 4017 2394 4062 τους
2424 3999 2574 4070 παρὰ
2597 3997 2690 4051 τοῦ
2719 3997 2852 4051 Θεοῦ
2885 3998 3269 4071 διαφθαρῆναι·
3291 4003 3319 4054 6
3341 4000 3522 4054 τοίνυν
3550 4001 3704 4064 Θεὸς,
3734 4001 3842 4054 ἀπὸ

2270 4093 2600 4164 ἀγαθότητος
2624 4089 2896 4146 καὶτοῦτο
2917 4093 2996 4155 είς
3019 4091 3176 4164 ἔργον
3205 4093 3428 4162 ἐκϐῆναι
3457 4095 3833 4166 συγχωρήσας,

2271 4186 2676 4256 ὑπομιμνήσκει
2721 4182 2934 4247 αὐτοὺς,
2972 4182 3052 4248 ὡς.
3087 4185 3147 4236 οὐ
3191 4185 3710 4257 δικαιοπραγούντων
3733 4184 3835 4235 αύ-

598 4262 704 4315 τῶν
739 4261 1076 4327 ἀντελάϐετο,
1105 4263 1218 4317 ἀλλ’
1243 4265 1430 4335 ἀγάπῃ
1459 4269 1525 4338 τῇ
1565 4269 1691 4339 περὶ
1717 4269 1777 4322 τὸ
1803 4271 1973 4340 γένος,
2007 4277 2132 4342 τοὺς
2152 4278 2450 4341 Χαλδαίους
2477 4275 2570 4330 τοῦ
2601 4274 2852 4347 πολεμεῖν
2881 4274 3166 4330 ἐκώλυσεν.

675 4396 833 4502 l'sns.
875 4397 960 4503 lii.
995 4397 1093 4452 Hic
1132 4397 1393 4503 describit
1428 4402 1704 4472 propheta:
1737 4419 1916 4462 sermo
1949 4407 2163 4465 Domini
2199 4445 2245 4503 υ

599 4489 846 4546 allectus.
896 4489 1026 4557 Quae
1075 4493 1220 4545 enim
1273 4491 1341 4545 ad
1386 4494 1650 4563 populum
1701 4510 1812 4550 non
1861 4497 1914 4553 in
1951 4501 2166 4570 angulis

599 4581 745 4637 dicta
785 4591 911 4638 sunt
950 4591 1041 4637 aut
1082 4584 1135 4637 in
1166 4585 1506 4649 abscondito,
1555 4586 1650 4641 sed
1685 4603 1868 4642 coram
1913 4592 2167 4650 omnibus

598 4683 654 4730 et
710 4676 888 4744 palam
943 4676 1153 4744 prolata
1200 4676 1445 4732 fuerunt.
1505 4676 1638 4731 Nam
1703 4688 1906 4734 certam
1961 4683 2167 4740 habens

601 4768 716 4838 ipse
751 4768 945 4822 horum
989 4769 1236 4822 notitiam
1269 4769 1336 4823 ad
1389 4785 1487 4824 vos
1532 4771 1752 4826 locutus
1782 4788 1905 4827 sum
1936 4782 1990 4830 et
2020 4792 2167 4832 nunc

600 4876 711 4917 non
742 4877 898 4916 cesso
931 4861 1074 4917 idem
1130 4861 1340 4918 faciens
1380 4879 1479 4932 pro
1515 4871 1694 4919 vestra
1729 4866 1937 4930 salute;
1975 4867 2165 4924 Domi-

601 4970 706 5011 nus
735 4954 879 5010 enim
903 4954 1052 5010 misit
1073 4969 1158 5009 me
1177 4996 1191 5021 ,
1221 4963 1274 5010 et
1305 4955 1445 5009 aﬂlat
1475 4955 1712 5026 Spiritus
1743 4965 1990 5014 sanctus.

667 5152 833 5209 Vens.
867 5153 952 5208 17.
983 5153 1227 5224 Ingratos
1264 5153 1482 5208 illorum
1510 5155 1722 5211 animos
1757 5172 1954 5212 rursus
1980 5159 2162 5213 incre-

599 5262 736 5317 pans
767 5246 1047 5301 servitutis
1077 5245 1451 5317 depulsionem
1477 5258 1762 5304 memorat.
1787 5249 1898 5320 Age
1917 5292 1931 5314 ,
1960 5251 2162 5322 inquit,

598 5339 948 5394 Conditorem
993 5347 1144 5394 tuum
1185 5356 1292 5395 non
1321 5342 1626 5412 agnovisti,
1667 5343 1924 5414 dirigenti
1952 5353 2005 5401 et
2048 5346 2165 5416 pla-

599 5433 799 5486 smanti
828 5439 884 5486 te
908 5447 1016 5486 non
1049 5440 1228 5487 mente
1251 5434 1548 5500 inservisti,
1570 5451 1699 5490 num
1721 5445 1775 5491 et
1802 5450 2080 5493 eruentem
2114 5449 2165 5495 te

599 5539 666 5579 ex
703 5522 939 5595 Egypto
985 5524 1269 5582 lastidies?
1309 5527 1420 5597 Ego
1445 5544 1572 5584 vero
1625 5530 1718 5600 qui
1776 5529 1922 5584 istud
1977 5531 2160 5597 ell‘eci,

604 5614 742 5668 idem
783 5617 960 5670 adhuc
996 5632 1116 5671 sum
1158 5638 1170 5672 :
1206 5619 1411 5674 nullam
1451 5621 1775 5690 przetermisi
1815 5623 2162 5676 occasionem

603 5703 700 5758 tibi
734 5719 796 5760 ea
847 5707 1262 5765 commendandi
1295 5725 1413 5778 quae
1461 5710 1649 5784 saluti‘
1678 5725 1800 5768 esse
1842 5711 2154 5779 potuerint,

2353 4416 2611 4470 Ἐνταῦθα
2639 4416 2730 4470 τοῦ
2778 4417 3052 4489 προφήτου
3099 4417 3148 4470 οἱ
3195 4416 3341 4486 λόγοι
3375 4415 3685 4470 Δεσποτικὸν
3712 4414 3840 4480 ἔθος

2273 4510 2626 4582 μιμούμενοιο
2682 4509 2926 4580 λελέχθαι
2984 4510 3093 4582 γὰρ
3141 4510 3313 4564 ταῦτα
3373 4510 3516 4578 λέγει
3560 4507 3696 4578 πρὸς
3746 4507 3842 4560 τὸν

2268 4603 2392 4656 λαὸν
2418 4604 2478 4656 ού
2507 4603 2645 4656 κατὰ
2683 4604 2885 4671 γωνίας
2913 4603 3034 4656 ούδέ
3069 4605 3126 4656 ἐν
3157 4603 3511 4673 παραϐύστῳ,
3547 4600 3682 4654 ἀλλὰ
3705 4599 3843 4674 πρὸς

2269 4701 2472 4759 πάντας
2501 4697 2593 4749 καὶ
2630 4697 2686 4748 ἐν
2719 4695 2794 4766 τῷ
2822 4694 3058 4768 φανερῷ.
3090 4696 3198 4748 Καὶ
3228 4694 3337 4765 γὰρ
3363 4694 3523 4758 αὐτὸς
3548 4694 3679 4763 ἐγὼ,
3706 4693 3842 4763 ἁλή-

2270 4804 2429 4858 ρητον
2453 4786 2587 4857 ἔχων
2615 4786 2710 4858 τὴν
2735 4787 2940 4840 τούτων
2967 4786 3187 4856 γνῶσιν,
3214 4785 3509 4856 ἐποιούμην
3541 4787 3664 4848 τοὺς
3706 4785 3843 4856 πρὸς

2269 4880 2410 4950 ὑμᾶς
2434 4879 2650 4948 λόγους·
2685 4879 2746 4932 τὸ
2775 4879 2818 4932 δ’
2847 4878 2976 4932 αὐτὸ
3015 4879 3109 4930 καὶ
3158 4877 3253 4930 νῦν
3294 4876 3461 4930 ποιῶν
3501 4877 3562 4929 οὑ
3597 4876 3842 4946 παύομαι

2269 4971 2403 5042 πρὸς
2435 4971 2706 5042 ὑμετέραν
2737 4968 3030 5038 ὠφέλειαν·
3072 4967 3204 5030 Θεὸς
3243 4967 3351 5038 γάρ
3399 4968 3548 5020 ἐστιν
3603 4969 3633 5020 ὀ
3684 4967 3843 5038 πέμ-

2268 5081 2402 5129 πων,
2433 5060 2768 5133 ὐπηχοῦντος
2805 5059 2899 5114 τοῦ
2939 5058 3252 5130 Πνεύματος
3277 5059 3371 5112 τοῦ
3396 5059 3577 5128 ἁγίου.

2336 5155 2504 5210 Πάλιν
2540 5154 2814 5225 ἐντρέπων
2843 5153 3038 5215 αὐτοὺς
3069 5152 3156 5206 διὰ
3189 5150 3285 5223 τὴν
3315 5151 3622 5222 προσοῦσαν
3659 5151 3844 5216 αὑτοζ

2267 5249 2674 5320 ἀγνωμοσύνην,
2689 5245 3005 5318 λυτρώσεως
3023 5245 3497 5317 μέμνηται.Ἐστω
3511 5245 3640 5316 γὰρ,
3656 5247 3841 5315 φησὶν,

2265 5336 2309 5394 ὦ
2352 5341 2583 5412 Ἰσραὴλ,
2623 5337 2876 5391 ποιοῦντα
2919 5337 3018 5391 οὐκ
3061 5338 3386 5406 ἐγίνωσκες,
3425 5337 3843 5408 δημιουργοῦντι

2266 5437 2359 5488 καὶ
2398 5430 2681 5486 πλάττοντί
2727 5447 2785 5483 σε
2825 5430 2884 5483 ού
2917 5429 3339 5502 παρηκολούθεις
3370 5431 3435 5500 τῇ
3467 5428 3689 5496 γνώσει,
3710 5429 3843 5499 μηδὲ

2264 5524 2623 5597 λυτρουμένου
2660 5539 2753 5576 σου
2793 5521 2852 5589 ἐξ
2886 5522 3160 5591 Αἰγύπτου
3191 5523 3288 5576 οὐκ
3328 5521 3598 5593 ᾐσθάνου;
3641 5522 3702 5574 Ὀ
3732 5521 3846 5573 τοί-

2263 5636 2354 5673 νυν
2401 5618 2462 5670 τὸ
2511 5616 2713 5671 τέλειον
2766 5617 3126 5687 εὐεργετήσας
3167 5616 3282 5686 εἰμὶ
3332 5617 3360 5668 ὀ
3398 5615 3592 5677 αύτός·
3638 5614 3844 5685 μηδένα

2264 5709 2451 5778 καιρὸν
2503 5707 2914 5779 παραλελοιπὼς
2957 5706 3236 5772 νουθεσίας
3287 5707 3393 5762 τῶν
3448 5705 3845 5764 συντελούντων
