4116 6332
337 245 358 298 1
373 246 476 301 349

1721 251 1791 306 ἸΝ
1829 249 2082 307 ISAIAM.

3440 256 3574 313 1530

330 376 414 412 σοι
465 358 598 428 πρὸς
631 357 921 429 σωτηρίαν,
968 358 1084 413 ἀλλ’
1113 357 1456 425 αὐτεξούσιόν
1497 377 1555 413 σε
1595 361 1904 431 πεποιηκὼς

2012 360 2107 416 sed
2139 360 2371 415 liberum
2413 366 2468 414 te
2497 359 2794 424 constitui,
2833 374 2915 414 me
2954 377 3124 426 ouce,
3157 377 3242 416 me
3280 379 3450 434 usque
3480 367 3571 422 de-

329 446 712 519 ὑιρηγησάμην,
756 449 847 501 καὶ
887 449 954 502 τά
1001 449 1248 520 πρακτέα
1292 449 1387 502 καὶ
1438 448 1507 502 τά
1553 450 1898 520 συμφέροντά

329 556 410 592 σοι
445 537 696 602 ὑπέδειξα
719 555 732 567 ·
767 539 862 592 καὶ
905 539 1110 610 ταύτην
1136 539 1430 593 όδεύσαντά
1461 557 1520 592 σε
1562 539 1658 612 τὴν
1690 541 1895 612 τρίϐον,

327 630 578 692 ἐκκλίνας
609 629 716 682 ἀπὸ
738 630 836 699 τῆς
861 629 1107 694 ἐναντίας
1137 630 1501 703 προξενούσης
1534 649 1614 685 σοι
1650 631 1894 688 θάνατον.

397 721 508 774 Καὶ
548 720 710 773 τόπον
755 721 847 774 καλ¹
886 720 1084 792 τρόπον
1137 722 1386 791 ἀμείϐειν
1429 724 1624 786 αὐτοὺς
1667 724 1900 794 συμϐου-

326 809 494 876 λεύει,
518 810 675 864 τούτο
707 811 803 881 μὲν
841 811 1334 882 μετανισταμένους
1360 815 1424 867 ἐκ
1465 815 1563 885 τῆς
1583 813 1900 880 Βαϐυλῶνος

329 904 424 956 καὶ
475 903 983 973 καταλαμϐάνοντας
1037 904 1136 974 τὴν
1197 904 1549 978 Ἰερουσαλὴμ
1573 947 1589 972 ,
1639 907 1796 960 τοῦτο
1843 908 1899 960 δὲ

333 995 498 1064 μηδὲν
562 995 856 1064 ἐπάγεσθαι
918 996 1114 1059 αὐτοὺς
1176 995 1384 1050 τοιοῦτο
1433 998 1554 1061 ἔθος
1606 999 1900 1054 Χαλδαῖκὸν

333 1086 731 1155 συμϐουλεύων,
774 1086 1201 1158 προσανέχοντας
1238 1088 1641 1162 είδωλολατρείᾳ
1684 1092 1774 1144 καὶ
1811 1093 1903 1144 οἱ-

331 1179 584 1246 ωνισμοῖς
630 1178 724 1230 καὶ
762 1181 882 1241 ταῖς
911 1177 1096 1241 ἄλλαις
1141 1178 1471 1243 Χαλδαῖκαῖς
1512 1179 1759 1244 πλάναις.
1794 1181 1902 1236 Καὶ

328 1273 454 1340 μετ’
501 1271 692 1340 ὀλίγα·
737 1273 801 1324 Ὃ
850 1270 912 1341 δὴ
967 1271 1195 1342 ἁρμόσει
1247 1273 1340 1327 καὶ
1387 1273 1478 1326 ἐπὶ
1536 1273 1750 1327 πάντων
1799 1274 1904 1328 τῶν

335 1361 502 1416 ἐθνῶν
537 1361 644 1414 τῶν
679 1361 986 1432 ἅπανταχοῦ
1025 1363 1128 1434 γῆς
1174 1363 1362 1426 ὄντων,
1403 1365 1496 1417 καὶ
1525 1365 1594 1418 τὰ
1630 1367 1774 1436 ἄκρα
1805 1367 1906 1435 τῆς

333 1457 436 1526 γῆς
471 1454 890 1525 κατειληφότων,
933 1454 1417 1527 εὐαγγελιζομένου
1453 1457 1632 1520 αὐτοῖς
1667 1455 1760 1509 τοῦ
1803 1475 1906 1510 σω-

333 1548 518 1619 τηρίου
557 1547 713 1615 λόγου
764 1548 858 1601 καὶ
907 1547 1003 1618 τῆς
1046 1546 1284 1617 ψυχικῆς
1330 1546 1637 1620 ἐλευθερίας
1677 1548 1777 1619 τὴν
1816 1547 1908 1600 λύ-

333 1655 534 1711 τρωσιν
567 1640 632 1708 ἠν
669 1637 1010 1709 ὲλυτρώσατο
1052 1639 1247 1704 αὐτοὺς
1268 1641 1296 1692 ό
1326 1638 1621 1711 μονογενὴς
1653 1639 1781 1704 Υἱὸς
1811 1640 1904 1693 τοῦ

334 1728 468 1781 Θεοῦ
498 1731 555 1782 ἐν
588 1729 926 1800 αἰχμαλωσίᾳ
954 1729 1308 1802 πράττοντας,
1339 1731 1433 1784 καὶ
1465 1730 1570 1784 ὐπὸ
1595 1729 1694 1802 τὴν
1716 1748 1908 1802 τυραν-

335 1818 452 1873 νίδα
476 1818 569 1872 τοῦ
599 1818 843 1872 διαϐόλου
869 1820 1048 1884 ὄντας.

369 1943 374 1950 ’
403 1933 565 2001 Λέγει
587 1933 664 1995 δὲ,
694 1935 796 1997 ὅτι,
827 1934 889 1986 Ei
920 1936 1012 1988 καὶ
1042 1928 1186 1989 οὗτοι
1210 1936 1466 2006 οὐδεμίαν
1490 1935 1754 2005 ὠφέλειαν
1783 1936 1907 1990 ἐδέ-

337 2024 514 2090 ξαντο,
549 2023 661 2077 ἀλλ’
704 2020 797 2078 οὖν
842 2026 952 2094 ἐγὼ
989 2026 1051 2079 τὸ
1101 2029 1298 2082 οἰκεῖον
1343 2027 1500 2100 ἔργον
1541 2028 1900 2100 πεπλήρωκα·

336 2118 429 2170 καὶ
453 2114 607 2170 τοῦτο
638 2115 792 2170 δίλόν
813 2119 928 2171 ἐστι
952 2117 1030 2172 τῶ
1061 2117 1198 2174 Θεῶ.

410 2302 550 2374 Πρὸς
580 2304 642 2356 τὺ
666 2303 815 2376 παρά
855 2305 955 2377 τῆς
988 2304 1338 2376 Ἰερουσαλήμ
1385 2305 1572 2369 κακῶς
1599 2303 1906 2376 γυμνασθέν

337 2393 475 2446 κατά
522 2393 616 2446 τοῦ
657 2393 791 2447 Θεοῦ
835 2394 910 2458 ὡς
957 2394 1346 2466 ἐπιλαθομένου
1395 2395 1495 2466 τῆς
1556 2393 1907 2466 Ἰερουσαλὴμ

337 2485 431 2538 καὶ
465 2484 620 2538 τοῦτο
661 2485 906 2557 ἁρμόζει,
949 2486 1355 2559 διδασκομένης,
1397 2486 1473 2550 ὡς
1507 2487 1566 2539 οὐ
1605 2485 1742 2558 λήθῃ
1787 2486 1908 2539 δου-

337 2575 480 2630 λεύει
510 2577 572 2631 τὸ
613 2577 788 2642 Θεῖον,
813 2578 931 2632 οὐδέ
972 2578 1211 2652 ῥᾳθυμίᾳ
1245 2577 1574 2651 προσανέχον
1601 2578 1909 2650 ἀπρονόητα

338 2668 735 2739 καταλιμπάνει
775 2668 845 2722 τά
868 2669 1058 2722 ἐαυτοῦ
1087 2671 1363 2741 ποιήματα
1383 2687 1396 2700 ·
1429 2671 1478 2722 εἰ
1505 2669 1616 2741 γὰρ
1645 2669 1909 2724 παύσεται

336 2759 467 2823 Θεὸς
498 2759 869 2830 διανοούμενος
909 2762 1035 2832 περὶ
1064 2760 1242 2832 ήμῶν,
1283 2763 1375 2815 καὶ
1411 2761 1778 2830 ἀποπέσοιμεν
1809 2759 1908 2829 τῆς

337 2851 499 2904 αὐτοῦ
529 2851 764 2922 μνήμης,
805 2850 1070 2904 παύσεται
1090 2853 1123 2922 ή
1134 2850 1250 2922 μῶν
1274 2852 1367 2904 καὶ¹
1402 2851 1462 2904 τὸ
1489 2847 1655 2905 εἶναι·
1684 2851 1780 2918 τῆς
1803 2850 1908 2919 γάρ

337 2945 543 3007 ἐννοίας
575 2945 670 3014 τῆς
706 2945 790 3012 ἐφ’
814 2946 946 3014 ήμῖν
975 2945 1350 3015 παυσαμένης,
1375 2945 1467 3013 ἀφ’
1498 2941 1566 3015 ἦς
1608 2945 1702 2996 καὶ
1738 2959 1906 3013 προσ-

1998 454 2243 508 clarante
2291 453 2420 523 quid
2469 453 2568 506 tibi
2623 453 2929 523 agendum,
2982 454 3111 523 quid
3160 455 3256 508 tibi
3299 457 3573 525 profectu-

1999 559 2148 610 rum;
2192 553 2245 600 et
2283 545 2410 599 dum
2452 545 2552 598 hac
2597 545 2651 598 in
2696 545 2783 599 via
2819 545 3118 601 ambularis
3142 586 3155 610 ,
3187 547 3255 601 ab
3285 548 3456 602 altera
3486 565 3571 606 re-

1999 636 2212 691 cessisti
2243 651 2346 706 qua
2378 646 2604 690 mortem
2638 648 3068 706 consequuntur.

2076 726 2236 783 Vsus.
2278 728 2368 785 20.
2422 728 2492 782 Ut
2547 730 2723 784 locum
2772 730 2934 784 simul
2974 738 3026 784 ct
3066 745 3244 784 mores
3283 731 3571 787 immutent

2001 823 2267 886 consulit;
2295 822 2430 876 alios
2459 823 2676 892 quidem
2722 822 2848 876 dum
2909 824 3096 880 relicta
3145 822 3450 895 Babylone,
3484 825 3573 880 Je-

2001 914 2240 967 rusalem
2288 921 2567 982 repetant;
2603 913 2742 970 alios
2776 929 2938 976 vero,
2972 914 3098 966 dum
3129 914 3384 970 devitatis
3413 916 3572 970 Chala

2003 997 2240 1052 datorum
2273 998 2515 1051 moribus
2536 1036 2550 1061 ,
2576 997 2646 1050 ab
2670 997 2831 1050 idolis
2857 998 3189 1062 abstineant,
3222 1007 3275 1052 et
3303 1000 3370 1052 ab
3399 1014 3572 1068 augu-

2003 1089 2099 1143 riis
2123 1098 2176 1143 et
2203 1090 2414 1143 caeteris
2438 1089 2664 1158 hujusce
2691 1091 2905 1159 generis
2929 1091 3193 1146 moribus.
3216 1089 3388 1144 Paulo
3415 1101 3530 1160 post
3551 1105 3572 1143 :

2005 1179 2135 1245 Quae
2163 1180 2326 1235 etiam
2355 1189 2476 1249 apte
2504 1180 2571 1234 ad
2601 1195 2790 1236 omnes
2817 1189 3007 1251 gentes
3035 1181 3342 1238 referentur
3372 1184 3575 1253 ubique

2005 1282 2274 1326 terrarum
2297 1271 2577 1343 degentes,
2601 1273 2685 1327 vel
2707 1281 2977 1328 extremas
3008 1284 3185 1331 terras
3213 1286 3571 1346 occupantes,

2005 1377 2130 1418 cum
2177 1363 2314 1433 ipsis
2357 1365 2586 1419 verbum
2649 1366 2842 1420 salutis
2900 1367 3248 1435 praedicatur,
3307 1375 3362 1422 et
3414 1369 3574 1438 spiri-

2009 1452 2170 1506 tualis
2207 1451 2462 1516 libertas,
2507 1453 2757 1508 liberatio
2803 1454 3144 1526 scilicetqua
3188 1473 3288 1511 nos
3321 1458 3575 1512 liberavit

2007 1544 2322 1614 unigenitus
2354 1543 2448 1599 Dei
2465 1543 2639 1601 Filius
2670 1545 2725 1599 in
2749 1547 3065 1617 captivitate
3094 1557 3148 1603 et
3172 1549 3274 1604 sub
3307 1557 3575 1619 potestate

2008 1637 2211 1692 diaboli
2238 1652 2546 1708 oppressos.

2003 1930 2041 2002 ᾖ
2076 1933 2206 1988 Car.
2235 1932 2430 2002 XLlX,
2465 1932 2626 1989 Vens.
2649 1935 2704 1991 4.
2765 1934 2988 1991 Etiamsi
3033 1935 3171 1990 nihil
3200 1939 3448 1994 utilitatis
3507 1955 3575 1995 ex

2006 2027 2188 2081 verbis
2223 2029 2362 2082 meis
2412 2027 2810 2097 perceperitis,
2857 2028 3036 2098 inquit
3085 2030 3386 2100 propheta,
3437 2047 3576 2102 opus

2006 2131 2185 2171 meum
2239 2132 2527 2189 peregero;
2584 2119 2740 2174 labor
2798 2134 2956 2174 meus
3013 2135 3201 2174 coram
3255 2120 3366 2176 Deo
3414 2122 3574 2179 innod

2006 2215 2197 2263 teseet.

2079 2296 2245 2353 Vens.
2279 2301 2367 2354 15.
2408 2299 2716 2356 Jerusalem
2751 2302 3022 2358 immerito
3064 2301 3234 2358 Deum
3281 2312 3572 2374 arguente,

2006 2391 2164 2460 quasi
2215 2391 2412 2447 fuisset
2450 2391 2570 2462 ejus
2619 2393 2856 2456 oblitus,
2908 2394 3193 2464 aptissime
3250 2394 3572 2466 respondet,

2007 2481 2251 2537 divinum
2282 2498 2483 2538 numen
2514 2500 2624 2538 non
2649 2500 2772 2540 esse
2803 2484 3068 2539 oblivioni
3097 2485 3396 2540 obnoxium
3424 2526 3440 2552 ,
3473 2501 3575 2541 nec

2009 2573 2240 2644 segnitie
2287 2575 2494 2630 victum
2551 2584 2835 2632 creaturas
2893 2591 3024 2632 suas
3077 2578 3422 2647 providentia
3476 2593 3578 2635 sua

2007 2664 2321 2721 destituere.
2341 2666 2495 2734 Quod
2521 2668 2567 2722 si
2597 2668 2742 2722 enim
2769 2670 2927 2724 nobis
2969 2669 3066 2724 Dei
3105 2671 3449 2740 providentia
3478 2672 3578 2728 de-

2013 2757 2119 2811 seri
2160 2757 2454 2822 aecideret,
2485 2767 2538 2813 et
2576 2757 2645 2814 de
2684 2761 2943 2815 memoria
2972 2761 3091 2829 ejus
3129 2763 3380 2818 excidere
3402 2802 3417 2827 ,
3447 2778 3580 2818 cono

2011 2851 2166 2905 tinuo
2203 2857 2555 2904 evanesceret
2601 2850 2708 2904 vita
2752 2860 2962 2907 nostra.
2999 2852 3132 2906 Nam
3164 2855 3452 2910 recedente
3486 2855 3576 2910 illa

2011 2949 2187 2996 mente
2216 2955 2321 3010 qua
2353 2940 2410 2994 in
2443 2941 2619 2994 lucem
2657 2941 2787 2995 editi
2820 2957 3032 3007 sumus,
3063 2951 3118 2998 et
3150 2945 3311 2999 nobis
3347 2960 3578 3014 pereun-

335 3035 690 3106 εληλύθαμεν,
741 3035 1023 3090 ἀκολουθεί
1069 3034 1471 3088 ωνανελεῖσθαι
1520 3033 1678 3104 ἡμῶν
1715 3033 1808 3086 καὶ
1847 3033 1907 3085 τὸ
1936 3044 1978 3105 ς
2011 3033 2138 3086 dum
2169 3039 2334 3086 esset.

336 3120 498 3180 εἶναι.

417 3235 752 3307 Ἀπανταχοῦ
788 3237 1026 3290 ἀναίτιον
1066 3235 1255 3291 ἑαυτὸν
1297 3235 1396 3305 τῆς
1427 3233 1629 3288 τούτων
1659 3234 1910 3288 ἀποστα-

338 3325 457 3388 σίας
484 3326 754 3380 δείκνυσιν
782 3327 810 3379 ὁ
836 3327 984 3391 Θεὸς,
1007 3326 1266 3379 ἑλκόντων
1298 3326 1401 3396 μὲν
1420 3326 1512 3378 καὶ
1542 3323 1910 3378 ἀποσπώντων

336 3416 559 3480 ἐαυτούς
600 3417 694 3471 καὶ
735 3418 966 3482 ἀναξίων
1014 3417 1336 3472 δεικνύντων
1376 3417 1475 3488 τῆς
1513 3415 1679 3470 αὐτοῦ
1735 3416 1910 3486 κηδε-

343 3507 534 3576 μονίας
553 3524 567 3539 ·
596 3511 659 3562 ἐκ
683 3509 738 3561 δὲ
774 3509 866 3562 τοῦ
902 3509 1142 3563 ἐναντίου
1170 3509 1257 3563 τὸν
1289 3508 1420 3562 Θεὸν
1440 3508 1616 3577 ἀγαθά
1645 3509 1730 3561 ἐπ’
1762 3509 1910 3576 ἀγα-
1947 3578 1958 3590 _

327 3599 469 3665 ’θοῖς,
500 3601 593 3654 καὶ
618 3601 822 3673 δωρεὰς
859 3604 950 3656 ἐπὶ
973 3604 1202 3675 δωρεαῖς
1230 3602 1625 3673 προστιθέντος.

416 3715 579 3788 Ἐμοῦ
611 3718 706 3788 μὲν
729 3718 794 3770 δι’
820 3718 1056 3788 ἐλέγχων
1077 3735 1136 3771 τε
1166 3717 1260 3772 καὶ
1287 3718 1678 3788 ἐπιτιμήσεων,
1706 3718 1766 3770 οὐ
1802 3716 1908 3788 μὴν

334 3805 467 3859 ἀλλά
510 3809 602 3860 καὶ
645 3809 1038 3881 παρακλήσεων
1094 3809 1458 3878 ὲπανάγοντος
1504 3808 1640 3880 πρὸς
1695 3807 1905 3868 ἑαυτὸν,

335 3897 488 3966 ὑμῶν
524 3899 656 3970 μηδὲ
697 3901 771 3964 ὼς
813 3902 977 3972 ἀκοῆς
1022 3903 1516 3974 ἐπιστρεφομένων·
1560 3903 1620 3954 οὐ
1662 3903 1811 3973 παρὰ
1851 3902 1909 3954 τὸ

338 3989 412 4059 μὴ
433 3990 729 4060 κεκτῆσθαι
753 3992 922 4056 ἀκοὰς
940 4032 955 4056 ,
987 3993 1120 4046 ἀλλὰ
1151 3994 1300 4064 παρὰ
1330 3993 1390 4046 τὸ
1426 3991 1790 4062 ἐθελοκωιρίαν
1819 4010 1906 4045 νο-

335 4098 471 4138 σειν.

412 4175 880 4269 ςΑλλίάδυναμιςις
901 4215 999 4268 μου
1020 4197 1452 4265 καταγνωσεσθε,
1489 4197 1652 4266 φησὶν
1675 4237 1689 4260 ,
1725 4195 1800 4258 ὼς
1830 4197 1904 4265 μὴ

332 4289 696 4361 ἐπαρκοῦντος
726 4291 804 4352 είς
823 4290 920 4360 τὴν
948 4289 1098 4360 ὑμῶν
1133 4288 1410 4360 βοήθειαν,
1450 4287 1582 4358 μηδὲ
1606 4287 1903 4358 δυναμένου

2078 3229 2204 3284 Cap.
2236 3229 2299 3292 L,
2334 3229 2499 3286 Vens.
2528 3231 2579 3283 1.
2613 3229 2862 3286 Declarat
2908 3230 3049 3288 Deus
3105 3249 3163 3289 se
3195 3234 3342 3289 nulla
3371 3235 3577 3292 ratione

2009 3321 2373 3376 defectionem
2406 3322 2623 3376 illorum
2663 3322 2897 3389 fovisse,
2927 3339 3052 3379 cum
3089 3325 3193 3396 ipsi
3241 3342 3297 3381 se
3335 3328 3577 3381 tradide-

2009 3415 2152 3479 rint,
2183 3423 2236 3469 et
2270 3415 2636 3484 perdiderint,
2669 3423 2723 3469 et
2769 3431 2902 3470 cura
2927 3417 3048 3486 ejus
3082 3417 3333 3487 indignos
3369 3419 3579 3488 praesti-

2009 3508 2208 3572 terint,
2250 3507 2360 3562 Deo
2383 3508 2525 3562 bona
2579 3522 2746 3578 super
2776 3508 2922 3563 bona
2969 3509 3292 3579 adjiciente,
3339 3519 3393 3565 et
3434 3510 3576 3564 dona

2009 3615 2174 3670 super
2206 3599 2368 3655 dona.

2081 3712 2243 3768 Vens.
2277 3713 2332 3767 2.
2392 3713 2506 3785 Ego
2560 3728 2689 3769 vero
2728 3713 3244 3785 reprehensionibus
3277 3723 3330 3770 et
3362 3716 3537 3785 poenis
3559 3755 3574 3780 ,

2009 3807 2309 3878 praesertim
2341 3822 2468 3862 vero
2499 3807 2972 3863 exhortationibus
2997 3807 3065 3861 ad
3098 3824 3182 3863 me
3212 3809 3536 3864 revocabam
3557 3848 3572 3872 ,

2008 3913 2105 3952 vos
2141 3913 2267 3953 vero
2304 3913 2415 3951 non
2462 3897 2727 3965 audistis;
2785 3912 2893 3952 non
2932 3899 3075 3968 quod
3111 3899 3386 3956 defuerint
3419 3900 3576 3958 vobis

2008 4006 2168 4045 aures
2188 4031 2203 4057 ,
2233 3990 2328 4045 sed
2367 3989 2512 4061 quod
2546 3999 2738 4061 sponte
2764 4005 2857 4046 eas
2881 3990 3259 4047 obstruxistis.

2077 4187 2465 4244 lmbecillitatis
2499 4204 2584 4244 me
2624 4189 2890 4261 arguitis,
2928 4189 3125 4260 inquit,
3167 4189 3323 4260 quasi
3360 4205 3458 4246 vos
3491 4190 3578 4261 ju-

2007 4299 2172 4348 vare,
2237 4290 2331 4336 aut
2392 4283 2462 4338 ab
2516 4283 2761 4339 hostium
2818 4284 3106 4354 tyrannide
3169 4283 3404 4339 liberare
3464 4301 3572 4339 non

333 4379 606 4446 ἐξελέσθαι
635 4380 776 4449 ὑμᾶς
799 4378 899 4448 τῆς
919 4378 1024 4432 τῶν
1053 4377 1536 4450 ἐπικρατησάντων
1567 4377 1900 4448 τυραννίδος·

2007 4370 2270 4434 valerem;
2301 4370 2468 4424 nolite
2496 4369 2568 4422 ita
2617 4369 2802 4440 loqui,
2840 4371 3001 4425 toties
3034 4384 3212 4424 meam
3253 4378 3572 4440 potestatem

331 4469 444 4523 ἀλλ’
468 4471 566 4523 οὐκ
596 4469 660 4523 ἂν
689 4470 890 4523 εἴποιτε
920 4468 1098 4530 τοῦτο,
1122 4471 1313 4540 πεῖραν
1335 4468 1489 4522 αὐτοὶ
1519 4469 1616 4540 τῆς
1650 4469 1788 4539 ἐμῆς
1810 4467 1868 4519 δυ
1885 4497 1904 4507 -

338 4560 545 4632 σάμεως
578 4561 884 4633 ἐσχηκότες·
924 4559 1081 4614 τοῦτο
1119 4561 1216 4631 μὲν
1246 4559 1591 4631 ξηραίνοντος
1631 4559 1902 4612 θάλασσαν

325 4653 426 4707 οιαὶ
448 4654 574 4724 ὑμῖν
596 4653 760 4724 βατὴν
791 4654 961 4725 αὐτὴν
981 4652 1490 4724 παρασκευάζοντος
1507 4651 1781 4720 γενέσθαι,
1812 4652 1904 4703 καὶ

329 4743 400 4796 τὰ
434 4742 788 4813 παραπλήσια
813 4743 1023 4797 τούτου.

392 4833 576 4887 Ταῦτα
605 4834 662 4887 δὲ
683 4834 773 4886 καὶ
799 4833 969 4900 ἔσται,
1001 4835 1095 4889 ἐάν
1126 4852 1231 4906 περ
1265 4832 1558 4905 βούλωμαι·
1591 4835 1685 4888 καὶ
1715 4835 1901 4900 σκότος

324 4929 506 4981 ἐκεῖνο
548 4927 608 4980 τὸ
647 4928 882 4995 ἀφεγγὲς
925 4929 1166 4983 ἐπιϐαλῶ
1209 4927 1439 5001 οὐρανῷ,
1485 4928 1582 4999 τὴν
1617 4929 1724 4981 τῶν
1765 4929 1903 4982 ὅλων

335 5018 551 5090 μηνύων
591 5019 916 5081 συντέλειαν,
950 5023 1005 5073 ἐν
1103 5023 1197 5075 καὶ
1223 5021 1283 5074 τὸ
1316 5023 1422 5074 πᾶν
1453 5020 1899 5091 ἀφανισθήσεται,

333 5111 428 5163 καὶ
449 5112 500 5163 οἱ
525 5109 627 5180 βίοι
653 5109 1088 5180 εὐθυνθήσονται,
1116 5113 1208 5167 καὶ
1238 5112 1296 5164 τὸ
1321 5112 1456 5183 πρὸς
1485 5111 1642 5177 ἀξίαν
1671 5111 1903 5175 ἕκαστος

333 5201 798 5272 ἀποληφθήσεται.

407 5293 553 5363 Σῆτα
581 5291 810 5346 ἐνταῦθα
840 5293 938 5356 τὰς
972 5295 1243 5365 ἁμαρτίας
1266 5296 1412 5365 λέγει
1442 5296 1539 5359 τάς
1569 5296 1697 5366 παρ’
1725 5293 1901 5346 αὐτῶν

333 5381 648 5452 γινομένας·
681 5382 880 5444 αἵτινες
900 5422 914 5444 ,
951 5385 1081 5454 παρ’
1116 5385 1293 5436 αὐτῶν
1325 5385 1606 5455 ἐσχηκυῖαι
1638 5383 1697 5434 τὸ
1727 5376 1897 5445 εἶναι,

332 5473 431 5544 οὐχ
468 5473 684 5545 ἐτέρους
716 5475 1092 5547 ἀδικήσουσιν,
1128 5474 1240 5526 ἀλλ’
1276 5477 1469 5539 αὐτοὺς
1504 5474 1742 5538 ἐκείνους
1773 5475 1900 5536 τούς

331 5567 501 5620 ταῦτα
522 5567 941 5637 ἐργασαμένους·
963 5565 1150 5638 ὥσπερ
1177 5566 1284 5637 γὰρ
1313 5567 1374 5619 τὸ
1405 5568 1617 5638 ἱμάτιον
1651 5566 1778 5619 αὐτὸ
1809 5566 1898 5617 τὸν

335 5658 586 5731 σκώληκα
619 5659 796 5729 γεννᾷ,
829 5659 920 5710 καὶ
957 5657 1113 5711 πάλιν
1147 5658 1317 5729 τροφὴ
1352 5659 1513 5712 αὐτοῦ
1549 5660 1775 5728 γίνεται,
1807 5655 1898 5709 οὐ·

2005 4462 2235 4530 cxperti.
2264 4459 2456 4517 Nonne
2482 4477 2634 4516 mare
2666 4463 2941 4518 desertum
2971 4462 3076 4516 feci
3119 4470 3173 4518 et
3212 4463 3353 4518 inter
3379 4462 3574 4517 ﬂuctus

2007 4553 2162 4607 vobis
2212 4555 2314 4607 iter
2371 4553 2589 4623 paravi,
2639 4561 2690 4606 et
2738 4553 3024 4607 innumera
3077 4553 3184 4607 alia
3236 4552 3381 4608 edidi
3419 4554 3575 4608 mira-

2007 4647 2167 4700 cuia?

2078 4823 2246 4880 Vsas.
2276 4824 2328 4878 5.
2368 4823 2500 4890 Quae
2538 4824 2736 4880 faciam
2771 4825 2820 4880 si
2869 4824 3114 4879 libuerit.
3148 4821 3413 4878 Obscuris
3458 4837 3567 4878 caa-

2005 4917 2116 4972 lum
2147 4917 2369 4972 induam
2399 4919 2658 4982 tenebris,
2676 4920 2778 4973 hoc
2803 4926 2886 4973 est
2907 4933 3088 4972 rerum
3113 4917 3354 4971 omnium
3383 4915 3571 4973 modos

2006 5011 2296 5076 definiam,
2339 5020 2392 5068 et
2433 5020 2561 5066 tunc
2591 5011 2773 5066 omnia
2823 5017 3178 5074 evanescent,
3212 5019 3265 5064 et
3320 5008 3426 5062 vita
3475 5024 3565 5061 cu-

2000 5106 2200 5173 jusque
2229 5106 2569 5175 pcnsabitur,
2594 5116 2646 5159 et
2678 5105 2909 5175 quisque
2937 5103 3166 5172 accipiet
3200 5117 3298 5172 pro
3335 5100 3562 5155 meritis.

2079 5281 2240 5338 νεεδ.
2273 5282 2324 5336 9.
2361 5281 2584 5337 Tincam
2623 5289 2779 5336 vocat
2810 5281 2896 5336 hic
2943 5287 3166 5350 peccata
3191 5279 3258 5333 ab
3304 5279 3436 5348 ipsis
3463 5275 3562 5332 ad-

2004 5376 2189 5430 missa.
2227 5374 2435 5444 Quippe
2477 5391 2595 5444 qua:
2629 5374 2698 5428 ab
2733 5375 2799 5427 iis
2836 5383 2987 5442 parta
3024 5388 3130 5425 non
3170 5371 3306 5425 alios
3336 5370 3558 5430 laedent.

2005 5467 2109 5520 nisi
2140 5468 2288 5534 ipsos
2329 5473 2581 5534 parentes
2625 5481 2774 5520 suos.
2832 5463 2901 5518 Ut
2949 5462 3331 5518 vestimentum
3365 5461 3556 5514 tineam

2003 5557 2171 5628 gignit
2198 5557 2342 5611 etab
2385 5571 2450 5610 eo
2491 5556 2687 5611 deinde
2735 5557 3076 5618 corrodetur,
3110 5554 3182 5607 ita
3236 5562 3284 5607 et
3343 5559 3560 5623 peccata

1984 5651 2162 5705 nobis
2195 5648 2458 5715 officiunt,
2489 5664 2554 5704 ex
2591 5649 2748 5707 nobis
2777 5656 2916 5704 orta.
2957 5646 3086 5713 Quae
3121 5654 3295 5701 autem
3344 5643 3557 5715 patina—-
