4116 6332
597 162 728 267 issi
808 170 841 229 ⁵

1709 220 2053 277 THEODORI
2096 218 2609 278 HERACLEENSlb

3550 249 3585 295 ,ν
3697 232 3840 285 1352

598 344 708 399 tur.
742 337 832 407 qui
861 352 921 392 se
973 336 1234 392 indociles
1262 336 1319 392 in
1381 336 1550 393 DOum
1618 347 1672 393 et
1742 339 1986 410 ingratos
2027 353 2166 408 prac-

2270 350 2385 401 τως·
2404 340 2498 393 καὶ
2529 342 2583 394 αἰ
2620 322 2914 413 ἁμαρτίαι,
2959 342 3088 413 παρ’
3124 342 3283 421 ημῶν
3327 341 3649 413 γενόμεναι,
3691 343 3845 415 ἡμᾶς

482 498 495 515 ⁸
599 428 751 487 bent.

665 607 794 665 Car.
826 605 925 671 Ll,
969 606 1130 662 Vens.
1186 607 1240 661 2.
1285 606 1509 663 Mitiore'
1567 623 1714 667 nunc
1761 621 2014 664 sermone
2071 622 2167 663 eos

599 697 879 766 increpat,
911 705 965 751 et
1002 699 1147 753 velut
1177 699 1364 768 procul
1394 715 1423 752 a
1468 699 1683 769 justitia
1714 709 1986 763 remotos,
2027 700 2169 753 allo~

597 791 804 861 quitur,
855 802 909 846 et
950 806 980 844 a
1018 791 1242 863 Domino
1286 792 1639 857 abalienatos,
1695 799 1753 845 ut
1781 807 1876 847 eos
1903 791 1971 846 ad
2002 791 2165 847 ﬁdem

598 883 851 939 deducat.
898 883 966 937 Et
997 885 1155 953 paulo
1188 896 1305 954 post
1340 883 1487 950 :Qui
1523 883 1687 955 igitur
1720 900 1890 954 genus
1922 891 2167 939 vestrum

596 976 698 1032 ista
729 975 887 1032 docui
917 977 1011 1047 qui
1045 993 1110 1032 ex
1140 992 1306 1047 parvo
1324 984 1547 1032 -tantum
1577 976 1756 1042 elfeci,
1784 986 1839 1032 et
1874 976 2039 1033 tantis
2060 991 2159 1031 vos

596 1068 858 1121 exornavi
892 1067 1073 1132 donis,
1100 1082 1207 1138 qua
1252 1068 1462 1123 ratione
1513 1082 1660 1122 nunc
1715 1083 1823 1122 non
1876 1069 2169 1123 clementer

597 1158 866 1228 excipiam
915 1158 1289 1229 paenitentiam
1322 1168 1543 1231 agentes
1572 1167 1626 1215 et
1658 1175 1743 1214 me
1769 1158 2166 1231 agnoscentes?

667 1343 834 1399 Vens.
865 1345 918 1400 5.
954 1342 1074 1400 Νοιι
1118 1344 1378 1401 dicuntur
1416 1346 1533 1403 haec
1575 1348 1936 1420 eraggerandi
1970 1348 2166 1420 gratia.

599 1432 703 1500 Qui
745 1435 888 1488 enim
939 1450 1050 1490 nou
1101 1434 1288 1490 laetitia
1335 1442 1391 1491 et
1435 1436 1800 1492 exsultatione
1857 1436 2168 1493 omnimoda

600 1528 939 1597 replerentur
975 1527 1139 1583 animi
1181 1527 1279 1597 illi,
1332 1529 1426 1599 qui
1469 1530 1658 1584 intima
1700 1545 1832 1600 pace
1873 1528 2165 1595 fruuntur,

599 1633 697 1688 spe
729 1618 1034 1675 caelestium
1060 1618 1254 1675 llorent
1278 1659 1294 1685 ,
1331 1627 1384 1675 et
1423 1636 1546 1676 cum
1580 1618 1690 1675 Deo
1721 1618 2169 1692 conjudguntur?

674 1798 837 1857 Vens.
865 1801 920 1854 4.
957 1800 1125 1872 Opem
1159 1817 1303 1857 nunc
1331 1802 1583 1857 omnibus
1624 1801 1799 1868 affert,
1828 1800 2167 1873 principibus

599 1907 750 1963 aeque
780 1908 845 1947 ac
883 1894 1104 1965 populo.
1156 1893 1274 1950 Non
1306 1894 1452 1949 enim
1487 1895 1767 1966 anteponit
1801 1909 1896 1949 eos
1922 1894 2015 1964 qui
2064 1895 2169 1948 im-

602 1985 753 2055 perio
794 1994 1067 2056 praesunt,
1105 2003 1206 2042 nec
1237 1988 1470 2059 denegat
1516 1988 1778 2043 auxilium
1810 1986 1955 2043 inter
1980 2002 2171 2058 grega-

601 2077 712 2133 rios
763 2070 1165 2143 militanlihus:
1203 2080 1298 2135 sed
1328 2095 1520 2136 omnes
1548 2080 1763 2135 animas
1819 2080 2008 2134 eadem
2039 2094 2172 2148 pen-

601 2184 730 2224 sans
765 2171 988 2235 trutina,
1017 2171 1328 2225 communia
1383 2170 1509 2226 facit
1556 2170 1877 2226 obedientiaa
1925 2168 2168 2240 praemia.

600 2259 801 2315 Omnes
831 2259 954 2315 ideo
980 2276 1133 2330 teque
1156 2259 1408 2313 hortatur
1446 2268 1504 2312 ut
1530 2260 1758 2314 auribus
1798 2258 2104 2313 attendant.

669 2440 839 2497 Vsns.
870 2441 921 2495 5.
959 2440 1293 2496 llluminabit
1336 2449 1567 2496 cunctas
1597 2447 1821 2511 gentes,
1851 2454 2043 2495 omnes
2068 2453 2170 2508 po-

600 2533 760 2605 pulos
789 2532 884 2589 Dei
915 2534 1109 2589 notitia
1155 2534 1473 2597 illustrabit,
1506 2541 1566 2587 ut
1591 2532 1645 2586 in
1669 2547 1793 2587 eum
1826 2539 2049 2613 sperent
2077 2531 2171 2601 qui

598 2632 685 2680 est
715 2624 996 2679 brachium
1020 2640 1222 2680 meum.
1252 2623 1464 2680 Insulas
1492 2623 1581 2678 hic
1609 2631 1769 2679 vocat
1802 2624 1952 2695 ipsos
1996 2623 2170 2695 locos,

601 2719 900 2788 praesertim
930 2734 1060 2773 vero
1085 2716 1390 2787 Ecelesias;
1421 2734 1522 2776 nec
1553 2717 1825 2773 immerito
1857 2732 1921 2772 ea
1952 2716 2021 2771 ad
2055 2718 2173 2773 ani-

601 2828 720 2868 mos
748 2810 1004 2867 retuleris
1035 2812 1405 2882 voluptatibus
1433 2814 1579 2868 velut
1620 2813 1735 2867 sale
1772 2811 2130 2868 circumlutos
2152 2852 2170 2881 ,

600 2910 655 2958 et
680 2904 834 2959 vanis
866 2903 921 2956 in
951 2902 1053 2957 hac
1086 2904 1194 2957 vita
1221 2904 1574 2974 Opinionibus
1602 2904 1861 2975 agitatos.

674 3084 835 3140 Vsns.
857 3084 910 3139 6.
932 3083 1063 3139 Fide
1082 3085 1246 3157 digna
1274 3085 1603 3141 documenta
1627 3085 1854 3155 praebet,
1880 3085 2081 3157 quibus
2106 3086 2173 3142 de

595 3183 871 3248 potestate
912 3177 1097 3233 divina
1143 3176 1447 3234 dillidentes
1486 3179 1816 3244 convincat,
1872 3179 2069 3238 cozlum
2119 3186 2173 3234 et

602 3276 825 3323 terram.
880 3266 950 3321 Et
997 3268 1157 3337 paulo
1194 3278 1310 3337 post
1341 3284 1359 3323 :
1393 3268 1650 3324 Adhibita
1692 3283 1841 3324 nunc
1891 3269 2173 3348 praestanti

602 3360 909 3414 animorum
937 3361 1024 3425 vi,
1061 3368 1296 3432 pennata
1324 3368 1524 3426 mente,
1545 3360 1613 3415 ad
1645 3362 1845 3416 coelum
1867 3362 2093 3419 evoletis
2120 3372 2174 3418 et

602 3450 825 3507 discatis
867 3467 1029 3522 quam
1063 3454 1291 3509 ﬁrmiter
1319 3454 1391 3508 sit
1435 3454 1795 3509 constitutum
1820 3494 1836 3521 ,
1871 3453 1999 3510 licet
2028 3454 2173 3511 sicut

604 3544 788 3601 {unius
844 3562 967 3602 esse
1024 3544 1291 3600 videatur.
1342 3544 1405 3598 Et
1475 3554 1676 3600 terram
1730 3560 1893 3616 quam
1943 3546 2215 3602 solidam'

602 3639 927 3693 existimatis
968 3638 1271 3709 perditione
1330 3638 1550 3708 perdam
1577 3679 1591 3703 ,
1649 3645 1704 3695 et
1748 3639 1931 3695 omnia
1964 3647 2174 3696 vetera.

604 3739 758 3785 scent
792 3748 806 3784 :
842 3731 1179 3801 permanebit
1238 3736 1418 3784 autem
1458 3730 1697 3787 salutare
1738 3746 1920 3786 meum
1947 3731 2172 3786 verbum

606 3819 662 3872 in
718 3820 1145 3889 sempiternum,
1215 3826 1269 3875 et
1339 3820 1374 3873 ii
1427 3828 1634 3875 tantum
1684 3821 1883 3891 quibus
1934 3836 2059 3877 cum
2108 3835 2174 3877 eo

605 3924 923 3981 permanere
950 3920 1001 3966 et
1026 3911 1079 3965 in
1104 3913 1301 3967 saecula
1335 3912 1414 3967 ire
1451 3911 1693 3967 libuerit.

683 4090 842 4147 Vens.
875 4093 925 4146 7.
981 4091 1191 4148 Timete
1232 4094 1414 4163 potius
1444 4096 1795 4166 approbrium
1844 4104 1899 4152 et
1927 4105 2174 4155 contem-

606 4188 758 4252 ptum
791 4181 899 4235 Dei.
933 4183 1064 4246 Qua:
1092 4182 1236 4235 enim
1261 4197 1327 4236 ex
1363 4183 1678 4239 hominibus
1706 4195 1854 4251 sunt,
1885 4188 2006 4244 istis
2042 4205 2173 4259 quo-

606 4275 737 4330 tidie
764 4275 1134 4345 pereuntibus.
1160 4276 1277 4346 ipsa
1304 4277 1464 4331 simul
1500 4278 1789 4347 peribunt;
1833 4281 1948 4335 sola
1986 4291 2171 4339 manet

2270 428 2611 497 βλάπτουσιν·
2650 432 2783 486 ἀλλὰ
2819 431 2991 485 ταῦτα
3024 433 3306 503 πάσχομεν
3341 432 3406 487 δι’
3442 433 3706 504 ἀνηκοΐαν
3746 434 3845 487 καὶ

2266 522 2614 577 ἀνευλάϐειαν
2640 526 2740 597 τὴν
2772 526 2907 597 πρὸς
2939 525 3032 579 τὸν
3060 525 3215 579 θεόν.

2348 615 2707 688 Ἠθικὼτερον
2765 615 2862 670 νῦν
2918 615 3017 688 τὴν
3075 616 3393 687 ἐπιτίμησιν
3453 616 3587 687 πρὸς
3645 617 3848 682 αὐτοὺς

2266 707 2518 769 ποιεῖται,
2551 704 2646 757 καί
2673 704 2749 768 ὡς
2783 708 3000 777 μακράν
3024 704 3119 758 τοῦ
3143 704 3353 759 δικαίου
3386 705 3719 776 ἀφεστηκόσι
3748 708 3847 759 καί

2263 794 2357 849 τοῦ
2398 796 2600 867 Κυρίου
2634 795 3099 867 ἀλλοτριωθεϊσιν,
3139 797 3425 867 ὑφηγεῖται
3458 799 3585 861 τοὺς
3627 798 3844 866 λόγους,

2265 874 2470 954 ἐνάγων
2504 887 2700 950 αὐτοὺς
2730 887 2867 968 πρὸς
2893 886 3095 941 πίστιν.
3126 888 3235 941 Καὶ
3264 887 3391 957 μετ’
3422 888 3595 958 ὀλίγα
3616 887 3711 941 "0
3737 888 3850 940 τοί-

2264 992 2358 1030 νυν
2393 976 2472 1048 τῷ
2511 977 2658 1046 γένει
2693 977 2771 1049 τῷ
2811 978 3060 1049 ὑμετέρῳ
3097 977 3270 1032 ταῦτα
3313 977 3705 1049 ἐνδειξάμενος,
3750 980 3849 1031 καί

2265 1070 2331 1123 ἐκ
2365 1071 2565 1141 μικρᾶς
2596 1071 2918 1142 προφάσεως
2960 1069 3223 1142 αὐξήσας,
3269 1070 3364 1124 καὶ
3401 1066 3648 1139 ὲὺλογίαν
3694 1069 3845 1141 πλή-

2267 1158 2466 1232 ρώσας,
2496 1161 2613 1225 πῶς
2635 1161 2753 1233 οὑχί
2786 1160 2883 1216 νῦν
2916 1160 3145 1233 εὑπορος
3173 1161 3365 1233 ἔσομαι
3391 1161 3469 1233 τῷ
3492 1161 3847 1232 μετανοοῦντι

2264 1254 2360 1306 καί
2388 1252 2801 1322 ἐπιγινώσκοντί
2833 1271 2901 1325 με
2923 1270 2938 1321 ;

2336 1345 2447 1415 Οὑχ
2487 1343 2860 1416 ὑπερϐολικῶς
2897 1342 3068 1398 ταῦτα
3102 1342 3406 1416 [εἰρηται]·
3440 1342 3557 1406 πῶς
3590 1341 3699 1414 γὰρ
3737 1343 3847 1396 οὐκ

2266 1435 2600 1509 εὐφροσύνης
2625 1436 2721 1489 καὶ
2748 1436 2928 1507 πάσης
2953 1437 3127 1509 χαρᾶς
3159 1436 3603 1507 πληρωθήσονται
3629 1436 3842 1489 ἐκεῖναι

2264 1528 2323 1581 αἰ
2344 1527 2532 1599 ψυχαὶ,
2556 1529 2614 1582 αἰ
2641 1527 2714 1600 μὴ
2740 1528 3120 1593 στασιάζουσαι
3153 1527 3288 1602 πρρς
3313 1527 3531 1590 ἑαυτάς,
3558 1527 3673 1581 ἀλλ’
3696 1529 3759 1580 αἰ
3782 1530 3845 1580 ἐν

2266 1621 2387 1684 ταῖς
2418 1618 2597 1675 ἐλπίσι
2623 1620 2717 1673 τοῦ
2743 1618 2881 1674 Θεοῦ
2911 1617 3299 1691 εὑθηνούμεναι
3321 1619 3413 1672 καὶ
3442 1618 3589 1687 αὑτῷ
3618 1617 3844 1673 ἀνακεί-

2274 1728 2433 1783 μεναι

2338 1803 2448 1858 Καὶ
2471 1802 2565 1857 νῦν
2595 1804 2705 1867 τοῖς
2733 1805 2870 1858 πᾶσι
2895 1802 2994 1875 τὴν
3022 1801 3342 1874 ἐπικουρίαν
3368 1802 3603 1873 κομίζει,
3638 1802 3713 1873 μὴ
3745 1818 3841 1871 quo

2267 1894 2528 1968 λοκρινῶν
2550 1896 2813 1967 ἄρχοντας
2838 1895 2948 1949 τῶν
2975 1893 3308 1966 ἀρχομένων·
3336 1894 3457 1947 οὐδὲ
3476 1893 3585 1965 γάρ
3610 1893 3841 1965 προκρί-

2268 2002 2348 2039 νει
2367 1984 2474 2039 τῶν
2488 1985 2546 2037 ἐν
2561 1986 2816 2056 ὑπηκόοις
2836 1984 3199 2055 τεταγμένων,
3216 1984 3338 2038 οὑδέ
3355 1985 3841 2055 ἀποκλεισθησεται

2267 2074 2365 2143 τῆς
2393 2074 2656 2143 ὠφελείας
2680 2076 2709 2127 ὁ
2729 2077 2785 2128 ἐν
2818 2074 3113 2146 ὑπηρέταις
3131 2074 3319 2142 τελῶν,
3346 2075 3528 2139 κοινὰς
3555 2076 3613 2128 δέ
3637 2092 3842 2146 κεκτη.

2272 2166 2430 2236 μένος
2456 2167 2565 2221 τῶν
2587 2166 2773 2237 ψυχῶν
2805 2167 2904 2230 τὰς
2925 2166 3199 2237 δυνάμεις,
3232 2166 3407 2220 κοινὸν
3434 2167 3497 2229 ,δέ
3523 2168 3617 2222 τὸν
3646 2167 3844 2239 ἔρανον

2268 2261 2364 2331 τῆς
2409 2260 2655 2331 ὑπακοῆς
2705 2260 2930 2331 νομίζει·
2980 2260 3038 2328 ἐξ
3090 2259 3206 2314 ῐσου
3253 2259 3583 2331 παρακαλῶν
3634 2261 3845 2324 πάντας

2271 2354 2558 2426 προσέχειν
2580 2354 2671 2408 τὸν
2698 2353 2842 2409 νοῦν.

2339 2449 2536 2501 Φωτιεί
2574 2447 2672 2518 μὲν
2720 2446 2896 2502 πάντα
2944 2446 3013 2501 τὰ
3060 2444 3187 2518 ἔθνη
3211 2485 3227 2512 ,
3275 2445 3609 2515 καταυγάσει
3658 2446 3715 2500 δὲ
3764 2448 3846 2510 εἰς

2269 2535 2597 2606 θεογνωσίαν
2636 2538 2844 2602 πάντας
2883 2537 3075 2602 λαοὺς,
3115 2536 3192 2599 ὡς
3232 2536 3314 2599 εἰς
3344 2535 3503 2590 αὑτὸν
3542 2534 3847 2606 κεκτῆσθαι

2269 2630 2370 2694 τάς
2409 2627 2634 2692 ἐλπίδας
2658 2629 2787 2683 ὄντα
2818 2628 3076 2700 βραχίονά
3110 2645 3234 2699 μου.
3278 2628 3489 2700 Nigaea;
3516 2626 3571 2679 δέ
3601 2626 3845 2680 ἐνταῦθα

2269 2722 2426 2778 καλεῖ
2447 2723 2540 2776 καὶ
2568 2723 2765 2785 αὑτοὺς
2793 2723 2918 2784 τοὺς
2949 2721 3148 2785 τόπους
3168 2761 3185 2786 ,
3218 2721 3277 2776 οὑ
3320 2720 3424 2791 μὴν
3449 2717 3581 2772 ἀλλὰ
3608 2718 3706 2773 καὶ
3738 2718 3845 2783 τὰς

2282 2814 2621 2884 Ἐκκλησίας·
2664 2812 2915 2877 ἐκλάϐοις
2947 2812 3004 2867 δέ
3039 2813 3132 2867 καὶ
3172 2815 3252 2877 εἰς
3291 2808 3389 2876 τᾶς
3431 2812 3637 2882 ψυχὰς,
3677 2812 3841 2883 δίκην

2271 2901 2514 2973 ἁλμυροῦ
2545 2900 2811 2973 ῥεύματος
2843 2899 3308 2972 περικλυζομένας
3338 2900 3445 2954 ὑπὸ
3487 2901 3591 2955 τῶν
3636 2900 3842 2971 ἡδονῶν

2196 3021 2243 3084 c
2272 2994 2366 3048 καὶ
2392 2993 2498 3046 τῶν
2518 2994 2575 3046 ἐν
2602 2991 2680 3062 τῷ
2704 2991 2803 3063 βίῳ
2822 2992 2996 3064 τούτῳ
3019 2991 3230 3063 ψευδῶν
3257 2990 3425 3059 δοξῶν
3453 2992 3837 3063 κυμαινοὺσας.

2355 3084 2664 3149 Ἀξιὸπιστα
2687 3084 2905 3156 δυσωπή
2914 3101 3059 3155 ματα
3080 3084 3435 3157 προϐάλλεται
3468 3088 3550 3149 εἰς
3579 3085 3842 3139 πίστωσιν

2274 3177 2375 3249 τῆς
2413 3175 2576 3231 αὑτοῦ
2617 3176 2898 3246 δυνάμεως
2936 3180 3047 3253 τοῖς
3088 3177 3430 3242 ἀπιστοῦσιν,
3474 3178 3703 3250 οὐρανὸν
3751 3178 3844 3231 καὶ

2272 3268 2395 3339 γῆν.
2435 3266 2546 3321 Καὶ
2579 3264 2706 3336 μετ’
2738 3266 2912 3343 όδίγα
2936 3282 2949 3295 ·
2974 3265 3089 3321 Νῦν
3126 3266 3255 3336 γοῦν
3290 3284 3420 3321 ποτε
3461 3270 3581 3331 ταῖς
3619 3267 3843 3330 οἰκείαις

2271 3358 2379 3412 τῶν
2423 3357 2609 3430 ψυχῶν
2648 3357 2952 3430 ἐνεργείαις
2988 3357 3352 3430 χρησάμενοι,
3389 3357 3704 3428 πτερὼθητε
3746 3358 3843 3428 τὴν

2272 3451 2541 3517 διάνοιαν,
2568 3453 2662 3506 καὶ
2692 3449 2904 3524 οὐρανῷ
2935 3451 3423 3523 προσεγγίσαντες,
3458 3449 3616 3504 αὑτὸν
3638 3450 3844 3503 ἐκεῖνον
3878 3501 3887 3509 ,

2273 3543 2744 3614 καταμανθάνετε,
2777 3542 2853 3605 ὡς
2893 3543 2957 3596 ὲκ
2992 3542 3198 3596 καπνοῦ
3236 3543 3357 3595 ὅσον
3397 3535 3531 3612 ἧκεν
3576 3543 3656 3604 εἰς
3699 3541 3842 3611 δψιν,

2272 3635 2479 3706 ἀκμητί
2523 3632 2965 3704 συνεστησάμην·
3010 3633 3103 3686 καὶ
3135 3632 3239 3702 γῆν
3274 3631 3474 3703 ταύτην
3508 3630 3607 3702 τὴν
3648 3631 3844 3699 πάγιον

2273 3725 2400 3796 ὑμῖν
2440 3720 2579 3779 εἶναι
2622 3722 2882 3779 δοκοῦσαν
2935 3722 3108 3795 φθορᾷ
3156 3721 3479 3795 παραδώσω,
3524 3722 3621 3776 καὶ
3668 3720 3738 3774 τά
3778 3723 3843 3775 ἐν

2273 3818 2461 3889 κόσμῳ
2501 3816 2787 3890 παρελθεῖν
2820 3817 3045 3888 ποιήσω·
3085 3816 3227 3887 μόνῳ
3264 3814 3477 3885 ἑκάστῳ
3513 3813 3688 3868 ἀϊδίου
3723 3815 3839 3867 δια-

2276 3911 2523 3982 μένοντος
2539 3909 2632 3963 τοῦ
2657 3909 2920 3982 σωτηρίου
2947 3908 3336 3978 θεσπίσματος·
3430 3908 3525 3962 καὶ
3551 3923 3842 3978 συμπαρα-

2276 4005 2455 4077 μένειν
2486 4006 2579 4060 καὶ
2602 4003 3018 4069 συνδιαιωνίζειν
3049 4003 3246 4061 ἔοικεν.

2340 4095 2614 4168 Φοϐήθητε
2662 4095 2718 4148 δέ
2775 4094 2972 4167 μᾶλλον
3024 4095 3323 4167 φαυλισμὺν
3381 4096 3477 4151 καὶ
3532 4095 3836 4166 ὀνειδισμὸν

2274 4187 2424 4261 παρά
2467 4187 2603 4242 Θεοῦ
2648 4187 2775 4259 ὑμῖν
2804 4181 3103 4260 γινδμενον·
3136 4188 3167 4241 ὁ
3194 4188 3303 4261 γὰρ
3346 4188 3498 4261 παρά
3539 4188 3835 4258 ἀνθρώπων

2274 4277 2555 4348 γινόμενος
2597 4277 2825 4341 ἐκείνοις
2870 4277 3245 4333 συναπολεῖται
3264 4319 3281 4345 ,
3310 4279 3488 4333 αὐτῶν
3512 4279 3599 4348 ὑφ’
3626 4278 3835 4332 ἑαυτῶν

606 4382 733 4436 spes
761 4367 815 4422 in
846 4366 1146 4435 Christum,
1177 4367 1481 4437 perdurans
1528 4385 1651 4426 cum
1697 4371 1778 4428 eis
1808 4373 1902 4442 qui
1934 4374 2171 4433 salutare

2277 4368 2659 4442 φθειρομένων·
2696 4369 2828 4442 μόνη
2855 4369 2910 4423 δὲ
2945 4369 3148 4441 μένειή
3182 4371 3263 4434 είς
3291 4370 3383 4424 τὺν
3413 4369 3633 4442 Χριστὸν
3653 4368 3837 4431 ἐλπὶς,

605 4467 736 4514 sunt
765 4460 1071 4516 consecuti.

688 4634 845 4693 Vsus.
876 4637 932 4693 9.
971 4636 1270 4694 Jerusalem
1328 4646 1387 4693 ut
1440 4638 1666 4710 recipiat
1694 4639 1886 4695 suadet
1917 4656 2176 4711 quascun-

604 4747 713 4805 que
760 4732 1086 4803 negligentia
1144 4731 1470 4802 perdiderit;
1525 4739 1610 4787 est
1667 4733 1811 4787 enim
1866 4733 1963 4789 tibi
2020 4734 2174 4789 forti-

606 4824 758 4890 tudo,
807 4839 914 4894 qua
967 4823 1189 4879 indutus
1257 4822 1433 4877 valida
1484 4824 1656 4879 videri
1705 4827 1940 4895 poteris;
1988 4842 2174 4883 recor-

605 4917 738 4973 dare
762 4925 815 4971 te
840 4932 954 4971 non
984 4915 1147 4976 aliam
1179 4931 1303 4970 esse
1329 4916 1398 4970 ab
1435 4916 1526 4969 illa
1562 4914 1890 4986 Jerusalem,
1919 4919 2077 4990 cujus
2105 4921 2171 4977 ad

605 5018 796 5065 nutum
827 5008 1172 5064 dehiscentes
1217 5007 1360 5062 inter
1404 5005 1604 5064 [luctus
1655 5008 1760 5063 iter
1792 5026 1940 5067 mare
1972 5013 2177 5083 permi-

603 5101 697 5165 sit,
730 5107 789 5154 ut
820 5115 887 5154 ex
912 5097 1148 5169 Egypto
1187 5098 1400 5154 liberati
1433 5100 1723 5155 transitum
1754 5101 2047 5171 baberent;
2085 5105 2173 5159 cui

603 5191 972 5247 inservierunt
1001 5191 1301 5255 elementa;
1354 5207 1476 5263 quae
1526 5193 1612 5247 vel
1653 5193 1709 5248 in
1740 5193 1957 5251 deserto
1990 5213 2171 5252 rerum

599 5284 848 5339 omnium
899 5282 1055 5353 copia
1102 5283 1421 5339 abundavit.
1479 5283 1600 5340 Noli
1655 5286 1821 5357 igitur
1870 5288 2016 5343 vires
2050 5298 2172 5344 tuas

602 5373 851 5443 prodere,
876 5389 979 5430 nec
1009 5376 1176 5429 animi
1199 5376 1387 5430 virtuti
1421 5385 1694 5449 torporem
1737 5379 1995 5435 inducere
2015 5421 2031 5446 ,
2074 5381 2171 5435 sed

602 5481 835 5538 exsurge
861 5466 930 5523 ad
967 5468 1221 5525 cmlestes
1253 5484 1400 5540 spes.
1420 5480 1728 5543 et,recepta
1761 5472 1979 5541 ﬁducia,
2011 5476 2169 5531 bonis

604 5565 658 5613 te
694 5559 948 5629 operibus
974 5575 1227 5619 exornes.
1762 5547 1770 5552 ’

2284 4458 2756 4522 συνδιαιωνίζουσα
2795 4463 2909 4525 τοῖς
2943 4460 3002 4515 τὸ
3044 4462 3309 4533 σωτήριον
3348 4461 3502 4515 τοῦτο
3536 4459 3839 4525 παραδεξα-

2284 4552 2486 4624 μένοις.
3582 4600 3593 4609 .

2360 4642 2780 4714 Ἀναλαμϐάνειν
2811 4642 2909 4713 τὴν
2946 4641 3295 4714 Ἰερουσαλὴμ
3320 4643 3747 4715 παρακελεύεται
3763 4682 3779 4706 ,
3806 4643 3840 4696 ἃ

2279 4733 2509 4806 ἀμελείᾳ
2548 4733 2849 4806 προῦδωκε·
2891 4734 3148 4807 πρόσεστι
3167 4735 3274 4806 γάρ
3301 4753 3383 4789 σοι
3419 4736 3592 4806 ἰσχὺς,
3626 4734 3745 4789 καθ’
3774 4736 3839 4805 ἢν

2279 4823 2501 4897 δυνήσῃ,
2541 4824 2770 4897 σεαυτὴν
2805 4824 3213 4894 συναγαγοῦσα,
3249 4825 3444 4897 ἰσχυρά
3475 4843 3558 4890 τις
3585 4825 3834 4898 ὀφθῆναι·

2279 4914 2435 4969 τοῦτο
2479 4915 2839 4989 λογισαμένη,
2881 4916 2963 4969 ὅτι
3006 4916 3105 4969 οὐκ
3148 4916 3279 4989 ἄλλη
3324 4935 3408 4981 τις
3453 4920 3583 4990 παρ’
3625 4917 3839 4984 ἐκείνην

2278 5007 2564 5080 τυγχάνεις
2598 5008 2697 5079 τὴν
2732 5009 3111 5081 Ἰερουσαλὴμ,
3218 5009 3403 5074 ὑπεῖξε
3444 5008 3685 5064 θάλασσα
3724 5010 3840 5063 ὀδόν

2282 5117 2362 5154 σοι
2392 5101 2787 5171 ἀνατέμνουσα,
2818 5101 2883 5154 ἶν’
2908 5101 2957 5153 οἱ
2985 5102 3079 5155 ἀπ’
3096 5101 3366 5170 Αἰγύπτου
3388 5099 3839 5172 ἐλευθερωθέντες

2278 5191 2571 5248 διαϐαίνειν
2602 5191 2813 5263 ἔχωσιν·
2916 5192 3225 5266 ἐδορυφόρει
3261 5192 3333 5246 τὰ
3365 5195 3620 5263 στοιχεῖα,
3655 5191 3749 5245 καί
3774 5192 3840 5261 ῆν

2277 5285 2538 5355 διεδέχετο
2565 5286 2597 5356 ἡ
2634 5286 2694 5337 ἐν
2725 5286 2916 5357 ἐρήμῳ
2953 5287 3202 5357 ἀνενδεὴς
3242 5285 3494 5357 χορηγία.
3528 5284 3620 5355 Μὴ
3654 5283 3839 5337 τοίνυν

2276 5377 2374 5440 τὰς
2396 5377 2593 5447 ἑαυτῆς
2614 5374 2872 5448 δυνάμεις
2899 5378 3108 5452 προδῷς
3126 5419 3140 5442 ,
3166 5377 3301 5449 μηδέ
3330 5376 3582 5450 κοιμίσῃς
3610 5374 3714 5438 τὰς
3737 5374 3836 5443 ψυ-

2277 5469 2433 5541 χικάς
2453 5470 2747 5540 ἐνεργείας·
2778 5470 2891 5524 ἀλλ’
2919 5469 3239 5541 ἐξανάστηθι
3276 5468 3411 5539 πρὸς
3440 5467 3724 5540 οὐρανίους
3751 5465 3836 5518 ἐλ-

2278 5562 2454 5625 πίδας·
2487 5562 2580 5616 καί
2611 5562 2953 5617 ἀναλαϐοῦσα
2978 5563 3037 5617 τὸ
3067 5562 3305 5634 θαρρεῖν,
3327 5558 3558 5629 ἀγαθαῖς
3578 5556 3834 5634 πράξεσιν

2279 5649 2476 5716 ἑαυτὴν
2505 5651 2819 5715 κατακόσμη
2830 5669 2935 5709 σον.
