4116 6332
345 328 481 385 i355

1695 314 1758 359 IN
1799 314 2050 359 lelAM.

3430 312 3566 362 1354

409 448 469 498 Εἰ
490 443 596 522 γᾲρ
611 440 703 495 καὶ
721 437 902 509 πατὴρ
918 435 1009 490 καί
1030 434 1207 506 μήτηρ
1242 430 1509 522 ὑπηρέται
1529 428 1625 498 τῆς
1644 425 1905 522 γενέσεως

2082 422 2245 479 Vens.
2280 423 2365 477 15.
2402 422 2575 493 Opera
2607 423 2821 494 quidem
2872 433 2926 481 et
2958 426 3130 496 patris
3158 434 3211 481 et
3253 429 3443 485 matris
3477 445 3570 500 ge-

342 517 648 606 γεγόνασιν,
680 532 757 594 ὡς
783 529 959 599 φιλίας
1002 542 1082 580 σοι
1122 526 1214 579 καί⁸
1249 521 1564 605 συγγενείας
1602 517 1901 590 προφάσεις

344 629 691 700 παρέχοντες,
709 622 820 676 ἀλλ’
841 623 987 692 ὅμως
1010 619 1107 672 οὐκ
1125 617 1311 687 ἀτονία
1329 616 1425 685 τῆς
1447 612 1725 683 δυνάμεως
1744 609 1902 663 τοῦτο

343 718 711 791 συνεχώρησα·
734 714 855 769 οὐτε
886 712 993 783 γὰρ
1022 710 1117 780 τὴν
1144 709 1315 779 ἀρχὴν
1344 707 1588 760 πλάττων
1615 704 1705 756 τὸν
1732 701 1898 772 Ἀδὰμ

341 814 542 867 τούτων
579 808 832 880 ἐδεήθην,
867 805 1001 859 ἀλλὰ
1026 803 1239 871 θελήσει
1271 796 1659 868 ὑπεστησάμην
1684 794 1777 848 καὶ
1812 792 1901 845 δυ-

341 906 501 978 νάμει
528 908 592 974 τῇ
622 904 747 973 ἐμῇ.

413 976 522 1051 Καὶ
552 994 659 1048 τῶν
693 989 1097 1065 προγεγονότων
1140 987 1221 1050 εἰς
1259 983 1478 1056 μνήμην
1518 979 1713 1042 αὐτοὺς
1755 976 1897 1045 ἄγει,

339 1090 435 1143 καὶ
468 1090 546 1151 εἰς
586 1086 647 1139 τὸ
676 1081 829 1147 αὖθις
861 1083 1077 1153 θαρρεῖν
1110 1077 1306 1139 αὐτοὺς
1346 1072 1725 1145 προτρέπεται·
1764 1068 1899 1121 Οὔτε

339 1181 468 1251 γὰρ,
512 1178 694 1248 φησὶν,
736 1176 785 1228 oi
823 1170 1187 1235 ἀπειλοῦντες,
1224 1168 1319 1222 καί
1354 1164 1495 1220 κατά
1525 1162 1616 1216 σοῦ
1661 1158 1900 1232 μαιμάσ-

343 1289 544 1335 σοντες,
561 1267 898 1340 ἠδυνήθησαν
914 1259 1224 1333 ἀντιστῆναί
1243 1278 1344 1323 σοι,
1364 1257 1494 1327 ἐμοῦ
1512 1253 1897 1325 ἐπαμύνοντος·

339 1365 605 1434 οὐδέτεροι
636 1360 971 1431 ἰσχύσουσιν,
997 1355 1131 1428 ἐμοῦ
1160 1353 1355 1426 ῥαδίως
1383 1349 1601 1411 τούτους
1622 1348 1701 1408 εἰς
1727 1342 1901 1414 φυγὴν

338 1476 368 1510 τ
374 1458 649 1528 ρέποντος.

411 1541 786 1614 Διδασκόμεθα
811 1540 867 1595 δὲ
894 1541 958 1593 ἐκ
980 1535 1201 1602 τούτου,
1230 1534 1304 1598 ὡς
1328 1532 1420 1587 καὶ
1442 1532 1491 1586 οἱ
1520 1532 1777 1602 τάραχοι,
1809 1528 1904 1583 καὶ

338 1640 393 1693 αἰ
442 1634 834 1694 ἐπαναστάσεις
871 1629 978 1682 τῶν
1031 1627 1219 1690 ἐθνῶν,
1260 1624 1353 1677 καὶ
1400 1620 1469 1675 τὰ
1516 1618 1751 1690 δυσχερῆ
1797 1617 1904 1670 τῶν

337 1727 699 1799 πραγμάτων,
736 1722 827 1776 καί
847 1723 895 1774 οί
924 1718 1218 1793 πειρασμοὶ
1236 1756 1249 1780 ,
1277 1713 1418 1769 κατά
1445 1711 1786 1781 συγχώρησιν
1808 1707 1899 1761 τοῦ

2004 515 2149 569 nitus
2182 530 2275 581 es,
2312 524 2372 569 ut
2395 515 2634 569 amicitia
2671 522 2848 570 tecum
2883 523 2936 569 et
2969 516 3289 585 cognatione
3336 520 3568 588 conjuno

2002 615 2257 677 gerentur
2278 647 2292 671 ,
2333 622 2441 661 non
2487 608 2645 677 quasi
2692 607 2965 662 deﬁcienti
2994 622 3128 661 meae
3156 609 3408 676 potestati
3439 626 3569 679 sup-

2002 699 2232 768 plerent.
2289 697 2409 753 Non
2454 700 2596 753 enim
2647 699 2779 752 mihi
2834 699 2942 754 illis
2991 698 3045 752 in
3104 699 3376 770 principio
3430 716 3567 770 opus

2002 788 2119 852 fuit,
2154 806 2277 844 cum
2305 790 2672 860 plasmabatur
2718 789 2908 857 Adam,
2936 790 3030 846 sed
3056 791 3339 849 voluntate
3368 806 3432 845 ac
3461 792 3570 846 vir-

2002 888 2114 935 tute
2140 897 2257 936 mea
2289 882 2404 951 ipse
2440 897 2562 935 eum
2592 881 2742 936 eﬁ‘eci

2070 970 2237 1027 Vens.
2270 974 2353 1026 Η.
2374 972 2481 1027 Res
2500 975 2802 1043 przeteritas
2837 973 2891 1028 in
2920 974 3237 1028 memoriam
3262 990 3449 1030 eorum
3479 989 3566 1028 re-

2000 1071 2177 1126 vocat,
2212 1074 2267 1117 et
2298 1064 2371 1117 ita
2410 1063 2614 1119 fractos
2646 1065 2859 1119 animos
2903 1063 3120 1131 reﬁcit;
3171 1080 3296 1119 nam
3346 1081 3563 1121 causam

2002 1164 2147 1207 tuam
2181 1162 2373 1224 agente
2416 1171 2501 1210 me
2525 1197 2539 1221 ,
2576 1170 2684 1209 non
2715 1155 3044 1219 valuerunt,
3072 1155 3266 1225 inquit,
3301 1156 3394 1209 tibi
3430 1157 3568 1210 resi-

2002 1252 2168 1310 stere,
2198 1247 2291 1315 qui
2336 1247 2498 1300 minis
2526 1254 2577 1301 te
2610 1254 2663 1300 et
2694 1245 2878 1301 furore
2913 1248 3211 1317 urgebant;
3270 1264 3445 1318 neque
3473 1249 3565 1302 alii

2002 1338 2174 1407 magis
2203 1338 2508 1407 proﬁcient,
2537 1336 2695 1393 facile
2714 1354 2806 1393 eos
2832 1340 2889 1393 in
2918 1338 3100 1411 fugam
3132 1349 3360 1393 vertam.

2076 1518 2243 1574 Vens.
2273 1519 2359 1576 15.
2390 1517 2660 1574 Docetbic
2676 1535 2776 1575 nos
2798 1518 3566 1584 turbamenta,etrcbelliones

2003 1611 2267 1681 gentium,
2295 1618 2348 1665 et
2382 1626 2563 1665 rerum
2596 1612 2897 1681 angustias,
2946 1618 3001 1665 et
3048 1610 3459 1666 sollicitationes
3498 1610 3565 1663 ad

2005 1703 2227 1763 malum,
2254 1718 2362 1755 non
2394 1703 2512 1757 sine
2541 1703 2636 1756 Dei
2670 1701 2895 1756 numine
2935 1701 3082 1767 ﬁeri;
3122 1702 3318 1770 quibus
3363 1702 3567 1757 instan-

496 1778 751 1888 γίνονται·
780 1807 853 1867 ὧν
887 1778 1266 1883 ἐνεργούντων,
1293 1806 1398 1878 χρὴ
1436 1778 1786 1874 τὸννήιροντα
1810 1800 1901 1852 ἐπὶ

2006 1796 2167 1857 tibus,
2224 1796 2516 1865 prudenter
2575 1803 2627 1849 te
2674 1794 2739 1847 ad
2784 1794 2875 1849 Dei
2927 1795 3184 1847 auxilium
3210 1793 3474 1863 recipies,
3505 1803 3568 1847 ut

331 1912 433 1981 τὴν
463 1908 556 1963 τοῦ
580 1906 714 1960 Θεοῦ
744 1903 1104 1971 καταφεύγειν
1134 1899 1379 1970 βοήθειαν
1398 1937 1413 1961 ,
1453 1894 1547 1948 καί
1589 1892 1717 1962 παρ’
1760 1890 1902 1943 ἐκεί⁴

332 2022 427 2057 νου
465 1999 730 2055 αἰτεῖσθαι
756 1997 853 2067 τὴν
874 1994 1076 2057 τούτων
1104 1991 1443 2060 ἀπαλλαγήν.
1496 2026 1503 2075 ξ

404 2092 577 2147 Πάλιν
612 2090 698 2143 διὰ
738 2090 835 2159 τῆς
878 2085 1272 2156 παρακλήσεως
1317 2082 1414 2152 τὴν
1453 2079 1694 2132 ἐκούσισν
1736 2075 1903 2145 αὐτῆς

329 2185 544 2239 πτῶσιν
575 2182 846 2253 σημαίνει·
870 2180 966 2233 οὐκ
987 2179 1051 2232 ἂν
1074 2177 1180 2247 γάρ
1210 2174 1330 2229 οὑδέ
1358 2171 1703 2241 διαναστῆναι
1735 2168 1902 2238 αὐτὴν

326 2273 701 2349 προετρέπετο
736 2272 826 2323 ὑπ’
860 2269 1017 2323 ἄλλου
1053 2264 1420 2336 κατεχομένην
1445 2302 1459 2326 ,
1495 2261 1628 2314 ἀλλὰ
1664 2260 1741 2330 τῷ
1774 2275 1903 2312 κατ-

325 2348 784 2438 έχοντιέπετίμα·
818 2361 931 2415 ἀλλ’
954 2358 1138 2429 ἐπειδὴ
1174 2356 1417 2409 ἑκούσιον
1457 2353 1662 2408 πτῶσιν
1700 2352 1904 2421 ὑπομε-

328 2457 582 2528 μενήκει,
604 2452 949 2523 διαναστῆναι
980 2450 1145 2522 αὐτὴν
1176 2446 1620 2519 παρακελεύεται.

432 2637 619 2704 Ωσπερ
642 2632 760 2687 τινὰ
800 2631 925 2703 χοῦν
955 2631 1012 2684 ὃν
1043 2628 1286 2693 συνέλεξο
1330 2627 1436 2682 ἀπὸ
1467 2627 1559 2680 τοῦ
1594 2623 1901 2693 πτώματος,

322 2732 572 2786 ἔκτεινον
597 2730 690 2782 καὶ
719 2727 1040 2799 ἀπόρριψον·
1069 2725 1162 2777 καί
1188 2725 1312 2787 τοὺς
1344 2721 1608 2793 δεσμοὺς,
1640 2714 1719 2781 οἷς
1748 2732 1925 2795 σεαυοι

323 2825 429 2897 τὴν
466 2820 931 2889 κατεδέσμευσας,
967 2815 1127 2868 λῦσον
1170 2814 1534 2867 ἀποσπάσασα
1575 2810 1772 2878 ἑαυτὴν
1810 2803 1905 2858 τοῦ

326 2912 502 2982 ζυγοῦ
535 2912 635 2980 τῆς
671 2909 913 2971 ἀδικίας,
945 2900 990 2973 ᾧ
1030 2904 1228 2958 ἐκοῦσα
1266 2904 1356 2957 τὸν
1397 2903 1598 2971 σαυτῆς
1638 2897 1907 2969 τράχηλον

326 3002 619 3063 ὑπέϐαλες·
658 3000 752 3052 καὶ
784 3000 937 3066 ἀξίαν
964 2998 1159 3067 ἑαυτὴν
1196 2995 1480 3065 ἀπέφηνας
1510 2990 1901 3062 αἰχμαλωσίας,

324 3100 425 3168 ἀφ’
452 3093 517 3168 ἦς
539 3086 780 3165 ausam
806 3089 1158 3162 μετανοοῦσα·
1181 3089 1300 3141 οὐδὲ
1321 3088 1427 3158 γὰρ
1451 3087 1547 3156 τὴν
1568 3084 1739 3156 ἀρχὴν
1766 3098 1903 3153 παρ·
1927 3102 1974 3166 c

326 3190 523 3260 εδόθης
560 3188 650 3239 ὑπ’
685 3183 818 3255 ἐμοῦ
860 3182 935 3246 ὡς
969 3180 1229 3253 ἀργύριον
1267 3179 1575 3249 εἰληφότος,
1610 3175 1743 3228 ἀλλά
1783 3176 1901 3237 ταῖς

327 3281 560 3342 οἰκείαις
577 3279 773 3347 ἑαυτῆς
796 3274 1087 3347 ἁμαρτίαις
1107 3272 1370 3345 ἐπράθης·
1396 3271 1536 3341 ἅπερ
1568 3266 1903 3337 συγχωρήσω

330 3390 414 3426 σοι
449 3368 799 3442 μετανοούσῃ,
834 3367 929 3420 καὶ
952 3364 1353 3432 ἀνακαλέσομαι
1383 3362 1478 3431 τῆς
1512 3357 1898 3430 αἰχμαλωσίας.

408 3463 482 3517 Τὸ
512 3462 569 3515 δέ
591 3463 669 3524 εἰς
696 3457 1009 3530 Ἀσσυρίους
1034 3457 1263 3518 ἄκοντας
1290 3452 1600 3523 ἀπαχθῆναι
1628 3449 1763 3521 ἐμὴν
1791 3450 1903 3519 ἔχει

327 3556 701 3629 συγχώρησιν,
740 3554 918 3607 αἰτίαν
962 3552 1017 3606 δὲ
1062 3550 1349 3622 ὑμετέραν·
1396 3549 1494 3600 οὐκ
1535 3547 1599 3600 ἂν
1638 3546 1745 3615 γάρ
1784 3543 1903 3596 οὐδὲ

322 3651 544 3712 τούτοις
572 3648 881 3719 παρέδωκα,
915 3644 989 3715 μὴ
1016 3643 1122 3695 τῶν
1157 3641 1564 3713 ἁμαρτημάτων
1588 3638 1739 3708 ὑμῶν
1772 3654 1905 3709 προ-

322 3741 641 3798 δεδωκότων
665 3740 829 3810 ὑμᾶς·
864 3739 945 3791 ὅτι
968 3736 1025 3789 δὲ
1049 3735 1203 3805 ῥᾳδία
1230 3733 1379 3785 ἔσται
1404 3732 1496 3785 καὶ
1516 3733 1547 3789 ἡ
1572 3730 1680 3784 ἀπὸ
1702 3729 1903 3783 τούτων

321 3832 647 3902 ἀπαλλαγὴ,
676 3827 945 3899 γνώσεσθε
976 3826 1447 3898 μετανενοηκότες.

408 4009 484 4060 Ἦ
508 4007 615 4077 γὰρ
650 4005 768 4074 οὐχὶ
792 4005 885 4057 καὶ
912 4004 1187 4071 Ῥαψάκης
1222 3999 1550 4070 ἀτονώτερόν
1581 4019 1647 4071 με
1680 3997 1787 4052 τῶν
1819 3996 1904 4052 λε-

319 4097 583 4173 γομένων
609 4094 737 4166 παρ’
766 4094 946 4154 αὐτοῖς
974 4091 1109 4146 θεῶν
1145 4086 1282 4145 εἶναι
1316 4090 1564 4160 νενόμικε
1596 4088 1785 4157 λέγων·
1812 4087 1903 4160 Μὴ

321 4192 481 4264 ὑμᾶς
513 4186 774 4242 ἀπατάτω
801 4184 1066 4247 Ἐζεκίας·
1109 4200 1127 4233 ι
1161 4180 1251 4251 Μὴ
1284 4183 1312 4235 ό
1344 4180 1475 4242 Θεὸς
1497 4179 1648 4251 ὑμῶν
1684 4178 1903 4252 ῥύσεται

319 4285 517 4356 ὑμᾶς
554 4277 627 4350 μὴ
658 4275 953 4349 ἐρῤύσαντο
981 4276 1029 4326 οί
1059 4272 1171 4326 θεοὶ
1202 4272 1309 4325 τῶν
1344 4271 1513 4325 ἐθνῶν
1552 4271 1778 4334 ἕκαστος
1809 4270 1904 4341 τὴν

316 4372 534 4433 ἑαυτοῦ
586 4370 801 4443 χώραν;
854 4388 873 4421 ›
918 4368 1131 4437 Ταύτης
1178 4364 1356 4419 τοίνυν
1406 4365 1506 4435 τῆς
1562 4364 1919 4435 βλασφημίας,

2004 1888 2374 1942 liberationem
2408 1887 2474 1941 ab
2503 1888 2582 1944 eis
2604 1887 2933 1957 depreceris.

2080 2062 2208 2115 CAP.
2242 2060 2347 2126 ιιι,
2385 2059 2551 2116 Vens.
2574 2061 2622 2114 1.
2651 2061 2862 2116 Rursus
2887 2062 3149 2127 declarat,
3185 2061 3313 2116 dum
3352 2077 3450 2118 eos
3483 2076 3552 2117 ex

2002 2151 2272 2215 hortatur,
2302 2150 2531 2206 libenter
2556 2151 2706 2222 ipsos
2726 2152 2778 2204 in
2797 2152 3129 2206 calamitates
3151 2168 3268 2207 esse
3288 2151 3561 2223 delapsos.

2003 2242 2157 2307 Quod
2188 2242 2233 2297 si
2266 2243 2407 2297 enim
2431 2241 2501 2296 ab
2522 2242 2628 2296 alio
2643 2242 2835 2312 quovis
2861 2243 3315 2312 opprimerentur,
3334 2260 3441 2299 non
3471 2260 3566 2299 eos

2002 2349 2297 2404 exsurgere
2365 2333 2618 2403 iuberet,
2678 2334 2773 2388 sed
2831 2342 3081 2404 argueret
3135 2336 3563 2404 opprimentem;

2006 2441 2151 2481 nunc
2177 2441 2305 2481 vero
2340 2442 2463 2481 cum
2498 2427 2778 2481 voluntate
2805 2442 2901 2482 sua
2928 2426 2982 2480 in
3019 2427 3176 2482 malis
3204 2429 3565 2496 detineantur,

2005 2528 2064 2574 ut
2104 2531 2399 2591 exsurgant
2435 2522 2799 2601 apte‘suadet.

2078 2612 2244 2669 Vens.
2276 2614 2331 2668 2.
2368 2612 2651 2667 Pulverem
2685 2622 2899 2680 excute,
2927 2624 2980 2670 et
3015 2615 3189 2685 abjice
3211 2655 3226 2679 ,
3274 2632 3432 2687 quem
3481 2633 3573 2672 ca-

2006 2704 2140 2757 dens
2187 2704 2484 2772 collegisti;
2534 2713 2587 2757 et
2637 2705 2838 2774 quibus
2911 2707 3192 2776 temetipse
3234 2708 3568 2773 devinxisti,

2008 2796 2155 2849 solve
2181 2794 2430 2858 vincula,
2470 2803 2634 2849 exuto
2677 2797 2812 2867 jugo
2839 2798 2927 2851 cui
2974 2799 3176 2852 collum
3207 2805 3361 2854 tuum
3396 2802 3571 2856 liben-

2006 2895 2089 2940 ter
2115 2885 2463 2955 subjeceras;
2492 2886 2565 2938 ita
2593 2901 2753 2955 quam
2782 2888 2879 2942 tibi
2926 2903 3308 2958 promerueras
3343 2892 3571 2962 captivi-

2008 2988 2173 3034 tatem
2196 2995 2291 3049 per
2321 2980 2689 3049 paenitentiam
2721 2980 2920 3035 solves.
2954 2979 3072 3035 Non
3098 2983 3239 3035 enim
3275 2984 3427 3049 olim,
3466 2999 3573 3039 aere

2008 3080 2253 3143 accepto,
2284 3086 2315 3125 a
2346 3086 2433 3125 me
2475 3071 2773 3125 venundati
2815 3071 2949 3125 estis
2974 3115 2989 3139 ,
3031 3072 3127 3127 sed
3164 3081 3385 3143 propter
3426 3076 3572 3143 ipso-

2008 3177 2127 3215 rum
2157 3171 2335 3217 vestra
2367 3170 2584 3232 peccata
2609 3179 2624 3222 ;
2655 3178 2775 3232 quae
2801 3170 2979 3217 tamen
3014 3163 3391 3233 pmnitentiam
3420 3179 3575 3236 agen-

2008 3255 2155 3309 tibus
2181 3254 2481 3325 ignoscam,
2506 3263 2558 3309 et
2586 3270 2684 3310 vos
2715 3254 2783 3310 de
2812 3255 3126 3326 captivitate
3154 3257 3441 3312 revocabo.

2077 3437 2244 3493 Vens.
2302 3439 2354 3492 4.
2408 3437 2517 3493 Vos
2571 3439 2836 3495 violenter
2890 3440 2943 3494 in
3000 3440 3257 3511 Assyrios
3308 3440 3573 3497 abductos

2012 3531 2182 3585 fuisse
2214 3546 2334 3585 meo
2378 3531 2595 3602 quidem
2635 3533 2924 3602 permisso,
2953 3541 3131 3588 vestra
3183 3541 3364 3589 autem
3416 3535 3575 3606 culpa

2010 3625 2212 3679 factum
2242 3634 2360 3691 est;
2393 3641 2502 3679 non
2528 3626 2672 3680 enim
2697 3642 2794 3681 vos
2820 3627 2927 3681 illis
2961 3627 3455 3693 tradidissem,nisi
3479 3645 3575 3687 vos

2009 3719 2161 3789 prius
2212 3726 2436 3787 peccata
2483 3725 2664 3773 vestra
2720 3719 3125 3790 prodidissent;
3178 3738 3339 3792 quam
3398 3723 3574 3780 facilis

2008 3822 2185 3865 autem
2214 3810 2285 3865 sit
2311 3810 2379 3864 ab
2410 3810 2531 3865 istis
2571 3811 2821 3866 liberatio
2843 3852 2858 3877 ,
2896 3814 3179 3869 conversis
3224 3815 3442 3885 animis,
3471 3832 3568 3872 ex-

2008 3902 2309 3972 pcricmini.

2007 4001 2041 4065 ζ
2082 3994 2251 4050 Vians.
2284 3996 2334 4049 5.
2378 3994 2571 4050 Nonne
2598 4010 2684 4050 me
2711 3993 3025 4065 Rhapsaces
3048 3996 3363 4053 debiliorem
3385 4000 3577 4053 existi.

2009 4088 2175 4142 mavit
2210 4087 2404 4152 idolis,
2437 4103 2557 4157 qua:
2608 4087 2750 4157 apud
2800 4096 2986 4159 gentes
3035 4089 3111 4143 dii
3160 4089 3464 4144 habentur?
3499 4092 3577 4149 Ne

2011 4196 2107 4235 vos
2151 4180 2389 4249 decipiat
2434 4179 2675 4267 Ezeclas,
2721 4182 2930 4235 aiebat:
2968 4199 2987 4232 ι
3016 4180 3271 4252 Nunquid
3300 4199 3397 4239 vos
3435 4182 3578 4240 Deus

2011 4280 2189 4329 vester
2246 4272 2507 4328 erueret?
2568 4270 2825 4341 Nunquid
2876 4283 3137 4328 erueruut
3184 4275 3258 4328 dii
3311 4280 3572 4346 gentium,

2013 4367 2389 4437 unusquisque
2424 4382 2576 4422 suam
2621 4367 2899 4435 regionem
2933 4368 3021 4418 ’³2
3059 4385 3077 4418 ›
3108 4366 3336 4437 Pr0pter
3368 4384 3464 4424 vos
3501 4368 3577 4423 ita

315 4471 492 4540 ὑμεῖς
521 4464 683 4519 αἴτιοι
709 4460 1004 4532 γεγένησθε
1022 4502 1037 4526 ,
1074 4458 1365 4531 μοχθηροῖς
1390 4458 1542 4527 ἤθεσι
1568 4456 1905 4518 κωλύσαντές

2010 4459 2286 4515 deridetur
2320 4464 2373 4511 et
2402 4475 2421 4507 ι
2469 4456 2873 4525 blaSpbematur
2922 4472 3116 4512 nomen
3152 4473 3331 4512 meum
3356 4499 3373 4523 ,
3431 4477 3449 4510 ι
3481 4460 3576 4530 qui

316 4580 393 4634 με
437 4554 804 4625 εὐεργετῆσαι
835 4553 999 4621 ὑμᾶς.

2011 4552 2195 4623 pravis
2224 4549 2469 4605 moribus
2499 4547 2757 4603 beneﬁcia
2791 4563 2911 4603 mea
2937 4565 2967 4603 a
2994 4549 3147 4605 vobis
3187 4550 3478 4620 depellitis.

396 4650 526 4720 Τὴν
559 4648 616 4698 ἐν
636 4648 749 4706 τοῖς
790 4642 927 4715 μετά
960 4641 1131 4696 ταῦτα
1163 4636 1449 4707 ἐπίσκεψιν
1478 4636 1572 4689 τοῦ
1602 4636 1730 4690 λαοῦ
1765 4636 1905 4706 δηλοὶ

2080 4645 2247 4699 Vens.
2285 4644 2335 4699 6.
2368 4643 2576 4710 Quibus
2627 4643 2808 4698 verbis
2847 4643 3050 4699 indicat
3098 4644 3242 4701 Deus
3280 4661 3339 4701 se
3390 4645 3575 4717 pOpuli

308 4742 409 4799 διὰ
430 4735 555 4792 τῶν
580 4734 906 4804 λεγομένων·
929 4733 1051 4803 ἥτις
1074 4730 1166 4784 καὶ
1195 4727 1464 4799 παρουσία
1485 4726 1708 4789 δικαίως
1732 4725 1796 4778 ἂν
1823 4725 1905 4777 λέ-

2011 4752 2198 4792 curam
2234 4743 2420 4806 postea
2451 4750 2773 4805 gessurum;
2818 4736 2961 4805 quod
3006 4736 3169 4792 etiam
3204 4737 3395 4793 adesse
3430 4737 3574 4809 opti-

310 4849 504 4905 γοιτο·
538 4828 598 4881 οὑ
622 4828 719 4897 τῆς
743 4825 928 4888 οὐσίας
953 4823 1114 4878 αὑτοῦ
1138 4822 1302 4875 τόπον
1320 4822 1385 4874 ἐκ
1404 4821 1569 4873 τόπου
1597 4819 1905 4890 μετιούσης,

2012 4845 2097 4884 me
2129 4829 2346 4892 dicitur,
2372 4844 2479 4883 non
2504 4836 2821 4883 transeunte
2841 4843 2971 4884 sane
3002 4840 3194 4883 natura
3218 4829 3286 4883 ab
3314 4845 3427 4884 uno
3454 4830 3575 4885 loco

312 4925 467 4982 ἀλλὰ
497 4920 604 4989 τῆς
635 4916 913 4987 ἐνεργείας
950 4915 1248 4986 καταδήλου
1287 4912 1596 4981 γινομένης·
1638 4910 1758 4961 τότε
1802 4909 1905 4980 γὰρ

2012 4920 2067 4975 in
2106 4920 2270 4973 alium
2306 4920 2505 4982 locum,
2548 4918 2642 4975 sed
2677 4923 2783 4975 vim
2834 4936 2986 4976 suam
3018 4921 3360 4976 manifestius
3404 4922 3578 4976 decla-

314 5019 426 5073 καὶ
473 5014 731 5083 παρεῖναι
780 5010 910 5079 ἡμῖν
952 5007 1166 5075 λέγεται
1210 5008 1237 5059 ό
1282 5005 1432 5069 Θεὸς,
1475 5004 1550 5057 ὅτ’
1585 5001 1650 5055 ἂν
1688 5002 1905 5065 ἐαυτοὺς

2010 5021 2185 5068 rante.
2218 5012 2349 5066 Nam
2399 5021 2530 5066 tunc
2570 5027 2787 5082 quoque
2831 5012 2988 5067 nobis
3034 5013 3225 5069 adesse
3259 5012 3401 5069 Deus
3438 5013 3578 5067 dici-

318 5110 474 5183 πρὸς
519 5104 581 5155 τὸ
614 5098 967 5164 ὑποδέξασθαι
998 5096 1157 5150 αὐτὸν
1186 5096 1368 5161 ἀξίους
1402 5095 1764 5165 ἀποφήνωμεν
1802 5093 1905 5155 τοῖς

2014 5110 2122 5165 tur,
2161 5103 2379 5172 quando
2418 5102 2576 5157 bonis
2633 5102 2874 5157 moribus
2936 5118 3036 5157 nos
3070 5103 3417 5171 suscipiendo
3467 5101 3579 5157 Deo

317 5198 527 5259 καλοῖς
565 5194 767 5265 ῆθεσιν·
802 5190 985 5261 ὥσπερ
1023 5186 1113 5242 οὖν
1148 5192 1386 5255 ἀπεῖναι,
1430 5184 1905 5259 μεταϐαλλομένων

2011 5194 2204 5264 dignos
2231 5194 2575 5263 praebemus;
2616 5193 2690 5247 ita
2728 5201 2780 5248 et
2830 5194 3055 5258 abesse,
3095 5195 3314 5265 quando
3359 5211 3389 5247 a
3429 5203 3577 5248 recta

320 5297 411 5355 εἰς
461 5287 557 5354 τὸ]
573 5282 846 5346 ἐναντίον,
892 5281 965 5353 μὴ
1009 5272 1418 5351 εὐδοκιμοῦντος
1462 5276 1905 5332 ἐπαναπαύεσθαι

2009 5288 2097 5342 via
2120 5287 2529 5342 deﬁectentibus
2561 5286 2741 5350 nobis,
2772 5296 2991 5358 propter
3010 5288 3334 5358 depravatos
3370 5301 3571 5353 mores,

321 5384 468 5453 ὑμῖν
507 5375 594 5428 διὰ
615 5375 681 5428 τὰ
708 5373 953 5445 μοχθηρά
988 5372 1140 5441 ὑμῶν
1170 5373 1296 5442 ἢθη.

2010 5379 2356 5447 acquiescere
2383 5393 2492 5431 non
2531 5376 2803 5447 dignatur.

408 5471 507 5529 Ὦς
533 5468 641 5537 γὰρ
676 5466 971 5535 κατάδηλον
996 5466 1107 5526 τοῖς
1144 5465 1307 5516 πᾶσιν
1340 5464 1373 5533 ἡ
1406 5461 1523 5534 ὥρα
1549 5461 1648 5532 τῆς
1674 5459 1905 5532 ἡμέρας,

2008 5516 2011 5521 .
2082 5466 2248 5523 Vens.
2279 5468 2329 5522 7.
2356 5467 2821 5534 Quemadmodum
2875 5470 2964 5523 lux
3020 5470 3124 5525 diei
3157 5469 3409 5524 omnibus
3441 5481 3574 5525 con-

315 5562 455 5624 καο’
482 5560 553 5627 ἦν
574 5557 851 5628 ἐκλάμψας
878 5560 905 5610 ό
936 5556 1083 5625 ἥλιος
1110 5554 1451 5625 καταλάμψει
1484 5555 1660 5609 πάντα
1690 5553 1758 5607 τά
1784 5551 1905 5623 ὅρη·

2012 5558 2258 5630 spicitur,
2278 5572 2384 5628 qua
2414 5558 2495 5613 sol
2526 5557 2787 5628 eﬁulgens
2820 5566 3032 5615 montes
3057 5567 3285 5616 cunctos
3309 5560 3570 5627 illustrat,

390 5749 440 5779 "
465 5742 538 5798 ιν
574 5742 702 5811 Reg.
736 5755 850 5803 ιιι,
887 5737 974 5799 52,
1015 5737 1101 5789 5⁸5.

738 5838 1007 5896 Pnnoe.
1040 5829 1155 5889 Gn.
1190 5827 1411 5890 XVIII.
3187 5822 3260 5881 1ι3
