4116 6332
584 281 722 338 1555

1737 282 2082 340 TllEODOltl
2117 278 2636 339 IIERACLEENSIS

3692 275 3826 332 1556

584 401 656 453 ita
698 398 1149 469 splendidus‘erit
1185 409 1241 455 et
1274 382 1506 458 illustris
1546 416 1701 457 meus
1732 402 1798 457 ad
1826 416 1928 458 vos
1952 401 2144 458 adven-

2254 399 2425 463 οὕτως
2479 398 2688 470 φανερὰ
2731 400 2821 451 καί
2854 397 3096 462 ἐπίδοξος
3139 394 3294 451 ἔσται
3345 395 3380 467 ἠ
3415 394 3541 466 παρ’
3570 392 3707 465 ἐμοῦ
3749 396 3825 459 είς

582 500 703 558 tus,
749 499 899 546 tanta
930 508 1027 548 vos
1084 494 1266 548 laetitia
1328 503 1382 550 et
1412 494 1802 551 “exsultatione
1832 493 2155 550 eﬂ'eremini.

582 582 702 650 Quo
735 584 918 639 studio
947 586 1191 640 auditum
1216 586 1368 656 pacis
1400 594 1451 640 et
1474 585 1753 642 felicitatis
1783 588 2155 658 accepissetis,

582 691 649 731 eo
676 677 906 733 salutem
936 678 1091 734 vobis
1126 679 1564 748 evangelizantes
1595 679 1939 750 suscipietis,
1975 680 2049 734 ita
2075 690 2154 745 ut,

580 767 695 824 vita
710 776 890 823 vestra
919 766 1218 839 sapiattius
1233 772 1476 826 instituta
1495 812 1509 834 ,
1542 786 1636 826 rex
1665 778 1845 827 vester
1871 773 2052 826 vocari
2074 772 2157 827 di-

581 874 735 929 gner.
770 858 868 913 llic
899 859 1130 915 miratur
1178 876 1396 934 quoque
1427 863 1653 933 spiritus
1681 863 2033 933 propheticus
2063 878 2143 934 pe

582 879 735 929 gner.
770 879 868 913 mc
899 879 1130 915 miratur
1178 879 1286 931 quo
1328 879 1396 917 ue
1427 879 1653 933 spiritus
1681 879 2033 933 propheticus
2063 879 2143 934 pe

582 946 679 1005 des
722 965 1034 1019 praeconum
1084 879 1437 1023 Evangeqium
1488 953 1921 1023 pmdicantium,
1957 954 2154 1023 quibus

581 1049 769 1112 gentes
808 1050 1035 1098 cunctas
1067 1045 1401 1114 perlustrati,
1450 1044 1732 1100 deﬁnitum
1771 1046 1875 1101 sibi
1906 1046 2156 1101 curricu-

579 1131 695 1187 lum
719 1134 1093 1191 conl‘ecerunt.
1133 1134 1323 1191 Lucidi
1346 1145 1502 1192 erant
1528 1138 1692 1207 pedes
1724 1154 1935 1206 eorum,
1970 1147 2157 1209 utpote

579 1224 677 1294 qui
716 1226 932 1281 l'uerant
960 1227 1028 1282 ab
1060 1228 1178 1299 ipso
1217 1228 1501 1285 Salvatore
1548 1230 1664 1284 loti.
1726 1228 1902 1300 Super
1938 1239 2150 1287 montes

580 1314 709 1372 ferri
738 1316 1017 1384 dicuntur,
1041 1327 1262 1390 propter
1284 1321 1654 1391 praastantiam
1686 1328 1739 1375 et
1766 1322 2153 1380 sublimitatem

579 1409 908 1479 evangelicae
937 1410 1221 1465 doctrinas.
1250 1410 1445 1467 Pacem
1485 1412 1946 1483 evangelizabant.
1967 1428 2153 1484 pacem

578 1500 786 1555 scilicet
825 1516 949 1556 cum
1003 1500 1114 1557 Deo
1153 1503 1543 1573 praedicantes,
1597 1504 1666 1559 ab
1725 1506 1981 1562 omnibus
2039 1514 2152 1562 tum

579 1600 777 1657 prope,
822 1595 936 1642 tum
985 1591 1177 1659 procul
1228 1591 1296 1646 de
1349 1593 1602 1663 gentibus
1650 1594 2063 1665 excipiendam;
2098 1604 2153 1651 et

579 1678 856 1736 Christum
896 1681 991 1738 Dei
1016 1685 1484 1753 commendantes,
1516 1688 1609 1756 qui
1638 1685 1815 1742 divisa
1869 1690 1927 1742 in
1979 1705 2150 1743 unum

580 1774 902 1845 conjunxit,
939 1786 994 1833 et
1026 1794 1244 1833 murum
1278 1781 1593 1836 medianum
1627 1776 2009 1854 separationis,
2045 1784 2153 1840 ini-
2181 1759 2223 1815 Β

578 1868 817 1925 micitias
847 1884 1040 1940 nempe
1079 1887 1292 1941 omnes,
1339 1877 1395 1928 in
1435 1888 1601 1930 carne
1631 1888 1730 1930 sua
1759 1875 1941 1930 solvit.

653 2044 815 2102 Vens.
854 2047 938 2101 ll.
971 2046 1042 2104 Ut
1070 2049 1271 2106 animis
1301 2052 1417 2106 suis
1438 2060 1729 2109 consutant
1762 2053 2011 2110 hortatur
2031 2069 2149 2121 eos,

578 2136 862 2196 aﬂ'ectibus
917 2143 1101 2211 pravis
1148 2153 1203 2198 et
1258 2143 1569 2200 Chaldaicis
1619 2145 1939 2213 immutatis,
1966 2149 2149 2219 potius

580 2245 743 2300 quam
773 2231 945 2299 locis;
978 2248 1046 2288 ne
1078 2233 1272 2289 iisdem
1318 2235 1566 2291 moribus
1614 2236 1973 2292 immorentur
2022 2254 2150 2294 sua-

576 2317 687 2387 det,
706 2320 908 2391 quibus
937 2322 1112 2376 donec
1140 2322 1486 2391 indulserint,
1510 2324 1779 2379 immundi
1799 2327 2145 2384 videbuntur.

644 2517 813 2573 Vens.
876 2518 963 2573 15.
1022 2516 1197 2589 Reges
1250 2517 1464 2588 placido
1519 2518 1797 2590 tacitoque
1851 2536 1946 2576 ore
1978 2519 2149 2578 Deum

575 2610 896 2667 adorabunt.
933 2610 1073 2665 Caeci
1106 2609 1327 2680 quidem
1360 2610 1721 2666 remanebunt
1759 2619 1813 2667 et
1861 2612 2147 2681 indociles,

572 2704 665 2775 qui
696 2704 865 2774 legem
907 2710 1267 2774 acceperant,
1306 2710 1360 2758 et
1398 2702 1655 2758 vaticinia
1702 2704 1990 2761 audierant
2021 2722 2149 2777 pro—

570 2796 883 2865 phetarum,
926 2803 979 2849 et
1009 2795 1326 2865 prophetias
1356 2804 1726 2866 cognoverant
1768 2797 1837 2853 de
1867 2797 2149 2858 Salvatore

569 2885 843 2956 prolatas;
884 2892 1073 2956 gentes
1109 2896 1324 2951 contra,
1365 2888 1566 2957 quibus
1596 2889 1731 2943 nihil
1762 2892 2146 2949 annuntiatum

570 2978 673 3032 fuit
706 2993 807 3034 nec
854 2978 1172 3044 revelatum,
1203 2980 1333 3035 Esola
1368 2979 1470 3036 ﬁde
1502 2980 1595 3036 Dei
1626 2983 1913 3038 scientiam
1952 2998 2148 3042 conse-

2259 492 2403 561 ὑμᾶς
2425 493 2584 563 ῥοπή·
2620 493 2793 563 χαρᾶς
2823 506 2883 542 τε
2919 490 3013 543 καὶ
3042 487 3411 558 ἀγαλλιάσεως
3439 485 3580 541 οὕτω
3613 486 3827 559 πληρω-

2257 582 2506 653 θήσεσθε·
2538 582 2789 653 καθάπερ
2817 580 2915 653 τὴν
2947 578 3115 651 ἀκοὴν
3137 579 3420 652 είρηνικήν
3438 595 3498 630 τε
3526 578 3623 631 καὶ
3644 577 3827 659 ἡδεῖαν

2254 674 2578 747 δεχομένοις,
2611 674 2753 728 οὕτω
2784 690 2845 727 τε
2883 672 3207 740 ἐξάκουστος
3237 671 3391 725 ἔσται
3418 669 3712 742 ήύμετέρα
3736 662 3829 722 λύ-

2254 784 2474 840 τρωσις,
2507 768 2599 822 καὶ
2634 768 2859 829 ἑαυτοὺς
2894 764 3190 820 ἐπιδώσετε
3232 763 3367 835 πρὸς
3405 761 3714 833 διόρθωσιν,
3754 760 3829 823 ὡς

2255 860 2349 912 καὶ
2375 860 2474 930 ἐμὲ
2499 858 2662 912 αὐτὸν
2694 857 2915 928 βασιλέα
2944 857 3097 928 ὐμῶν
3128 856 3261 923 ἀξιῶ
3301 852 3602 909 καλεῖσθαι.
3632 881 3705 894 ——
3742 851 3827 905 Ἐν

2254 952 2464 1015 τούτοις
2492 950 2553 1003 τὸ
2582 949 2799 1020 πνεῦμα
2831 948 2892 1003 τὺ
2916 947 3279 1022 προφητικὸν,
3303 946 3412 1001 τῶν
3446 945 3708 1017 κηρύκων
3737 944 3825 997 τοῦ

2255 1043 2584 1113 Εὐαγγελίου
2607 1045 2730 1107 τοὺς
2761 1042 2925 1107 πόδας
2953 1040 3347 1113 ἀποθαυμάζει,
3372 1040 3438 1092 δι’
3466 1033 3541 1093 ὧν
3569 1038 3816 1108 πεποίην

2252 1159 2344 1196 ται
2365 1141 2562 1213 δρόμον
2584 1139 3022 1213 ἐκπεριελθόντες
3046 1138 3143 1210 τὴν
3167 1139 3248 1201 είς
3272 1135 3447 1190 πάντα
3484 1135 3552 1190 τά
3578 1134 3708 1205 ἔθνη
3736 1151 3831 1186 πε-

2257 1234 2448 1307 ρίοδον·
2488 1233 2678 1304 ὡραῖοί
2712 1248 2774 1285 τε
2816 1231 2993 1285 αὐτῶν
3021 1227 3159 1302 ἦσαν
3180 1230 3229 1281 οἱ
3270 1228 3429 1291 πόδες
3457 1226 3546 1280 διὰ
3571 1226 3634 1280 τὸ
3665 1243 3829 1279 κεκα-

2255 1326 2470 1399 θάρθαι,
2494 1326 2568 1390 ὡς
2600 1326 2665 1379 ἂν
2690 1323 2784 1378 τοῦ
2811 1322 3063 1394 Σωτῆρος
3090 1322 3288 1387 αὐτοὺς
3325 1320 3706 1390 ἀπονίιικαντος⁸
3737 1322 3830 1376 ἐπὶ

2252 1416 2309 1472 δὲ
2344 1416 2513 1488 όρέων
2547 1415 2787 1487 ἔτρεχον,
2828 1413 2919 1468 διὰ
2953 1401 3016 1466 τὸ
3054 1412 3327 1484 μετέωρον
3364 1412 3457 1466 καὶ
3491 1411 3695 1482 ὐψηλδν
3732 1412 3826 1467 τοῦ

2253 1509 2605 1579 εὐαγγελικοῦ
2662 1507 3034 1581 κηρύγματος’
3080 1506 3305 1579 εἰρήνην
3350 1506 3407 1559 δὲ
3454 1504 3827 1579 κατήγγελλον

2252 1599 2577 1673 ἀνθρώποις,
2603 1599 3082 1670 εὐαγγελιζόμενοι
3123 1597 3220 1669 τὴν
3248 1598 3383 1670 πρὸς
3407 1597 3539 1651 Θεὸν
3569 1599 3825 1669 εἰρήνην,

2252 1692 2320 1765 ἥν
2360 1696 2472 1759 τοῖς
2515 1692 2730 1765 μακρὰν
2773 1692 2868 1746 καὶ
2907 1694 3020 1755 τοῖς
3057 1692 3223 1759 ἐγγὺς
3264 1690 3699 1761 εὐηγγελίζοντο,
3735 1691 3830 1760 δη-

2250 1782 2468 1847 λοῦντες
2487 1783 2577 1837 τὸν
2608 1782 2843 1853 Χριστὸν
2870 1781 2965 1835 τοῦ
2995 1780 3128 1833 Θεοῦ
3157 1780 3250 1834 τὸν
3284 1781 3583 1850 ποιήσαντα
3617 1778 3690 1833 τά
3718 1780 3827 1851 ἀμ-

2252 1881 2453 1952 φότερα
2479 1879 2556 1945 ἒν,
2587 1880 2681 1933 καὶ
2710 1878 2771 1932 τὸ
2804 1876 3116 1950 μεσότοιχον
3146 1875 3241 1928 τοῦ
3274 1872 3531 1946 φραγμοῦ
3565 1872 3826 1940 λύσαντα,

2251 1973 2351 2040 τὴν
2376 1971 2594 2049 ἔχθραν,
2628 1973 2686 2024 ἐν
2709 1972 2776 2040 τῇ
2801 1969 2965 2041 σαρκὶ
2992 1967 3177 2023 αὐτοῦ.

2320 2064 2568 2137 Ψυχικὴν
2599 2064 2795 2126 αὐτοὺς
2823 2061 3139 2132 ἐπιμέλειαν
3176 2058 3384 2113 ἑαυτῶν
3419 2058 3693 2113 ποιεῖσθαι
3720 2077 3827 2115 πα-

2256 2156 2625 2229 ρακελεύεται,
2662 2157 2753 2210 καὶ
2783 2155 2889 2227 πρὸ
2916 2154 3024 2208 τῶν
3055 2153 3235 2208 τόπων
3263 2153 3690 2224 μετανίστασθαι
3720 2154 3828 2206 τῶν

2254 2250 2543 2322 μοχθηρῶν
2558 2248 2741 2322 ίδεῖν(1
2755 2249 2803 2317 ί)
2823 2249 2913 2302 καὶ
2935 2246 3274 2310 Χαλδαϊκῶν,
3294 2247 3386 2299 καὶ
3406 2246 3481 2317 μὴ
3505 2245 3828 2316 μολύνεσθαι

2250 2344 2309 2397 ἐν
2342 2342 2568 2406 ἐκείνοις
2599 2345 2714 2405 τοῖς
2740 2340 2946 2412 ἤθεσιν,
2982 2341 3040 2394 ἐν
3072 2335 3152 2402 οἷς
3193 2340 3418 2402 ἑαυτοὺς
3451 2338 3827 2404 ἐνδεδωκότες,

2250 2432 2546 2503 ἀκάθαρτοι
2574 2430 2919 2501 όφθὴσονται.

2320 2525 2388 2579 Οί
2421 2541 2481 2578 τε
2507 2523 2741 2593 βασιλεῖς
2781 2521 2899 2594 μεθ’
2927 2522 3158 2593 ἡσυχίας
3185 2522 3279 2575 καὶ
3326 2522 3535 2591 σιωπῆς
3578 2538 3831 2590 προσκυ-

2250 2617 2485 2681 νοῦντες,
2523 2615 2939 2685 τυφλωττόντων
2982 2615 3075 2669 καὶ
3108 2613 3355 2685 ἀνηκόων
3404 2614 3670 2684 μενόντων
3713 2615 3832 2668 τῶν

2250 2707 2344 2762 καὶ
2386 2707 2548 2779 νόμον
2579 2705 2888 2775 δεξαμένων
2935 2707 3027 2760 καὶ
3069 2706 3363 2777 προφητῶν
3396 2708 3831 2779 προαγορεύσεις

2249 2797 2690 2862 ἐπακουσὰντων,
2726 2797 2819 2850 καὶ
2852 2796 2949 2859 τὰς
2982 2797 3109 2866 περὶ
3154 2794 3247 2847 τοῦ
3299 2794 3551 2865 Σωτῆρος
3606 2811 3826 2867 προφη-

2248 2891 2396 2955 τείας
2442 2890 2758 2959 ἐγνωκότων
2784 2903 2797 2918 ⁸
2851 2887 2959 2941 τῶν
3005 2887 3062 2940 δὲ
3106 2885 3272 2940 ἐθνῶν
3317 2886 3427 2939 τῶν
3470 2887 3633 2957 μηδὲν
3682 2890 3824 2958 μήτε

2248 2984 2573 3058 ἑωρακότων
2612 2984 2749 3053 μήτε
2778 2980 3112 3052 ἀκηκοότων,
3149 2978 3309 3048 μόνον
3341 2978 3398 3031 δὲ
3438 2980 3619 3031 πίστει
3650 2995 3825 3049 προσ-

569 3079 837 3142 quentur,
876 3079 930 3127 et
958 3085 1149 3126 eorum
1198 3086 1320 3143 quin
1358 3071 1503 3130 Deus
1557 3074 1626 3131 de
1674 3076 1956 3149 unigenito
2007 3076 2144 3134 Filio

2246 3075 2660 3148 δεδραμηκότων
2705 3075 2784 3136 εἰς
2818 3072 2914 3143 τὴν
2946 3070 3297 3141 θεογνωσίαν,
3330 3071 3426 3124 καὶ
3452 3071 3534 3133 είς
3565 3071 3665 3142 τὴν
3697 3071 3825 3141 περὶ

568 3179 671 3220 suo
695 3164 985 3236 disposuit.

640 3254 769 3311 Car.
802 3255 938 3321 Llll,
965 3254 1133 3312 Vens.
1174 3256 1224 3324 l,
1251 3254 1319 3321 2,
1377 3256 1430 3312 '5.
1488 3257 1625 3325 Quis
1682 3260 1912 3316 credat?
1963 3264 2145 3319 innuit

565 3347 851 3419 prapheta.
897 3348 997 3404 Cui
1056 3349 1389 3405 revelabitur
1437 3350 1687 3407 doctrina
1741 3354 1808 3409 de
1862 3356 2142 3427 unigenito

564 3438 662 3493 Dei
709 3438 889 3495 Filio?
912 3439 1170 3496 Eamdem
1217 3455 1318 3496 nos
1352 3443 1508 3512 quasi
1542 3444 1830 3515 parvulum
1878 3446 2138 3504 humilem

565 3530 997 3602 descripsimus,
1061 3532 1219 3603 quasi
1282 3532 1523 3589 radicem
1581 3536 1867 3594 dclieiente
1912 3538 2141 3597 humore

566 3631 923 3680 attenuatam.
980 3622 1113 3679 Tam
1144 3624 1369 3683 humilis
1407 3626 1655 3696 profecto
1705 3630 1755 3682 ei
1802 3631 2045 3700 species,
2078 3640 2139 3686 ut

565 3732 691 3772 cum
719 3718 869 3771 nulla
899 3717 1003 3772 alia
1035 3717 1274 3774 conferri
1313 3719 1510 3790 possit,
1542 3728 1601 3774 ut
1631 3720 1855 3777 minime
1882 3722 2136 3778 virtutem

563 3809 714 3865 illam
747 3809 941 3865 decere
988 3810 1259 3877 videatur,
1290 3827 1399 3882 qua
1458 3819 1539 3867 tot
1576 3827 1643 3868 ac
1692 3820 1842 3867 tanta
1888 3816 2135 3887 prodigia

562 3899 709 3959 edita
748 3900 988 3957 fuerunt.

638 3990 801 4050 Vens.
827 3994 879 4049 5.
909 3992 1325 4066 Ingravescente
1344 3996 1401 4050 in
1423 3996 1541 4051 dies
1563 3996 1843 4051 hominum
1868 3997 2133 4068 nequitia,

562 4094 618 4143 et
676 4085 813 4143 nihil
863 4088 1189 4149 intentatum
1222 4086 1711 4157 intemeratumque
1755 4089 2131 4160 relinquente.

561 4192 724 4249 paena
756 4193 855 4234 nos
906 4185 962 4233 et
1001 4176 1234 4233 vindicta
1281 4178 1555 4234 manebat.
1608 4177 1741 4244 Qua:
1786 4196 1916 4236 vero
1971 4181 2134 4241 nobis

561 4271 760 4326 merita
812 4271 1072 4340 supplicia
1151 4268 1487 4340 unigenitum
1534 4266 1773 4325 Verbum
1833 4271 1888 4326 in
1930 4282 2131 4329 terram

559 4372 807 4419 nostram
834 4362 1139 4434 delapsum,
1162 4361 1332 4433 legem
1362 4376 1579 4418 omnem
1615 4368 1670 4418 ct
1702 4362 1973 4434 justitiam
2008 4382 2131 4436 per-

2250 3166 2343 3222 τοῦ
2376 3163 2695 3239 μονογενοῦς
2727 3161 2857 3216 Υίοῦ
2887 3161 2982 3216 τοῦ
3012 3161 3147 3215 Θεοῦ
3178 3160 3500 3232 κατάληψιν.

2332 3260 2479 3314 ’Δντὶ
2509 3258 2624 3320 τοῦ,
2658 3257 2753 3320 Τίς
2787 3254 3065 3309 πιστεύσει
3092 3254 3188 3308 καὶ
3226 3254 3331 3306 τίνι
3365 3252 3820 3325 ἀποκαλυφθήσε-

2246 3368 2338 3407 ται
2369 3352 2397 3404 ὁ
2425 3350 2551 3421 περὶ
2580 3348 2673 3402 τοῦ
2708 3345 3025 3419 μονογενοῦς
3053 3344 3183 3398 Υίοῦ
3218 3344 3311 3399 τοῦ
3352 3343 3486 3397 Θεοῦ
3519 3344 3679 3412 λόγος
3706 3361 3723 3409 ;
3756 3346 3819 3397 Oi

2247 3445 2356 3517 γὰρ
2385 3445 2641 3516 ἡμέτεροι
2673 3442 2819 3511 λόγοι
2846 3440 2982 3513 πρὸς
3003 3439 3093 3493 τὸν
3115 3439 3276 3493 αὐτὸν
3303 3439 3573 3509 γινόμενοι
3598 3438 3822 3510 ὠσπερ-

2247 3542 2298 3593 εὶ
2336 3537 2547 3592 παιδίου
2588 3534 2840 3598 εὐτελοῦς
2879 3530 3045 3603 εἶχον,
3075 3533 3171 3587 καὶ
3202 3531 3358 3603 ριζης
3384 3530 3555 3595 οὕτως
3581 3531 3776 3585 ἀτόνου
3798 3571 3816 3596 ,

2244 3632 2319 3697 ὡς
2348 3635 2403 3685 ἐν
2441 3630 2634 3685 σπάνει
2662 3628 2865 3691 νοτίδος
2894 3626 3297 3700 ἀποκειμένης*
3332 3624 3465 3680 αὐτὸ
3496 3624 3553 3677 δὲ
3591 3624 3655 3677 τδ
3679 3621 3819 3687 εἶδος

2244 3723 2408 3779 αὐτοῦ
2434 3723 2605 3786 οὕτως
2637 3720 2870 3783 εὐτελὲς,
2897 3719 2971 3782 ὡς
3001 3719 3135 3773 πολὺ
3163 3716 3561 3789 ὐποὸεὸηκέναι
3583 3716 3685 3780 τὰς
3707 3716 3818 3770 τῶν

2244 3815 2444 3870 λοιπῶν
2488 3813 2657 3883 ὄψεις,
2687 3814 2748 3867 οὐ
2778 3801 2885 3884 μὴν
2918 3810 3054 3864 ἀλλὰ
3104 3812 3199 3864 καὶ
3241 3810 3339 3882 τὴν
3388 3810 3672 3882 ἐνέργειαν
3718 3810 3817 3880 τῆς

2241 3909 2540 3980 δυνάμεως,
2565 3906 2632 3960 δι’
2659 3902 2726 3979 ἦς
2758 3905 2826 3960 τά
2860 3906 3058 3977 σημεῖα
3087 3903 3316 3957 ἐτελεῖτο

2327 3998 2677 4072 Ἀκμασάσης
2704 3998 2800 4069 τῆς
2839 3995 2947 4050 τῶν
2980 3994 3279 4068 ἀνθρώπων
3317 3996 3549 4059 κακίας,
3578 3995 3675 4048 καὶ
3707 3996 3814 4048 πᾶν

2240 4084 2379 4152 εἶδος
2431 4082 2913 4157 παρανομημάτων
2969 4083 3385 4154 ἐργασαμένης,
3431 4082 3669 4154 τιμωρία
3718 4083 3811 4135 καὶ

2241 4180 2461 4244 κόλασις
2518 4178 2826 4251 ἐπήρτητοο
2887 4178 3078 4248 ἥντινα
3131 4175 3289 4248 δίκην
3353 4172 3806 4246 χρεωστουμένην

2240 4273 2392 4343 ἡμῖν,
2439 4272 2468 4324 ό
2511 4268 2805 4341 μονογενὴς
2848 4266 2941 4321 τοῦ
2993 4265 3129 4320 Θεοῦ
3161 4266 3353 4335 Λόγος,
3390 4264 3554 4318 ἐλθὼν
3580 4264 3659 4325 είς
3707 4263 3809 4316 τὸν

2204 4382 2211 4389 ·
2239 4359 2360 4415 καθ’
2387 4360 2533 4431 ἡμᾶς
2566 4359 2790 4430 κόσμον,
2820 4358 2914 4411 καὶ
2943 4358 3122 4411 πάντα
3173 4356 3362 4428 νόμον,
3396 4357 3483 4411 καὶ
3517 4356 3693 4407 πᾶσαν
3721 4352 3812 4407 δι-

560 4451 772 4517 ﬁcieus,
797 4466 1020 4524 peccato
1048 4466 1173 4506 vero
1192 4451 1331 4508 nulli
1351 4452 1669 4512 obnoxium.
1699 4464 1894 4524 sponte
1920 4454 2128 4525 subiit;

2246 4452 2523 4523 κσιοσύνην
2568 4449 2882 4522 πληρώσας,
2940 4450 3181 4521 ἁμαρτίᾳ
3239 4464 3299 4501 τε
3364 4448 3438 4519 μὴ
3487 4443 3807 4508 ὐποπεσὼν,

557 4561 626 4604 ea
662 4546 974 4607 voluntate.
1010 4553 1070 4597 ut
1109 4542 1176 4600 ὁὶ
1216 4544 1445 4616 ingratis
1497 4562 1597 4602 nos
1629 4554 1815 4618 gratos
1849 4547 1958 4604 Deo
2000 4548 2125 4605 red-

560 4634 714 4692 deret
733 4645 786 4691 et
814 4643 1031 4689 amicos.
1070 4632 1186 4704 Ipse
1231 4634 1454 4705 quidem
1489 4650 1679 4706 pmnas
1730 4653 1923 4695 omnes
1949 4648 2003 4695 ct
2027 4656 2128 4711 op.

557 4726 782 4800 probria
820 4743 919 4797 pro
966 4727 1123 4783 nobis
1156 4726 1407 4796 pertulit;
1448 4743 1549 4783 nos
1580 4737 1761 4783 autem
1812 4743 1908 4799 per
1970 4730 2127 4785 [idem

557 4834 687 4875 cum
711 4834 777 4876 eo
806 4819 1189 4890 compatiinur,
1219 4834 1315 4890 per
1350 4802 1579 4891 gratiam
1608 4834 1733 4875 cum
1760 4835 1826 4876 eo
1847 4823 2132 4877 commori-

557 4926 682 4967 mur
707 4921 762 4967 et
796 4910 1088 4967 salvamur.

631 5003 796 5062 Vsus.
824 5006 879 5062 θ.
911 5004 1159 5060 Tradidit
1185 5021 1308 5061 eum
1336 5004 1500 5069 Deus,
1521 5012 1715 5075 sponte
1738 5005 1948 5062 scilicet
1973 5006 2126 5062 obla-

554 5105 693 5163 tum,
718 5111 831 5153 non
858 5098 909 5153 vi
940 5104 1211 5152 coactum.
1242 5093 1375 5151 Nam
1424 5095 1719 5167 Apostolus
1775 5111 1992 5167 quoque
2031 5109 2121 5152 ea-

2231 4546 2412 4602 ἐκοντὶ
2451 4544 2692 4615 δέχεται·
2726 4543 2793 4597 ἵν’
2833 4544 2964 4614 ἡμῖν
2997 4540 3274 4613 μεταϐάλῃ
3321 4542 3424 4613 τὴν
3470 4537 3693 4593 κόλασιν
3724 4538 3808 4601 εἰς

2231 4637 2452 4710 εἰρήνην
2476 4652 2535 4689 τε
2574 4636 2666 4690 καὶ
2693 4632 3007 4705 εὐμένειαν·
3034 4631 3199 4686 αὐτοῦ
3236 4632 3334 4701 μὲν
3356 4635 3419 4704 τῇ
3451 4632 3619 4703 πείρᾳ
3649 4629 3812 4684 ὐπελ-

2233 4729 2415 4792 θόντος
2451 4727 2550 4791 τὰς
2578 4725 2763 4800 ὕϐρεις
2796 4726 2887 4779 καὶ
2926 4725 3027 4789 τὰς
3054 4724 3323 4790 κολάσεις,
3348 4726 3380 4795 ἡ
3391 4722 3509 4795 μῶν
3534 4721 3591 4775 δὲ
3623 4721 3807 4775 πίστει

2230 4819 2615 4892 οἰκειουμένων
2639 4818 2707 4873 τά
2732 4817 2898 4888 πάθη,
2924 4816 3016 4871 καὶ
3038 4815 3590 4887 συναποθνησκόντων
3619 4814 3808 4885 χάριτι

2232 4915 2325 4967 καὶ
2361 4912 2702 4982 σωζομένων.
3124 4972 3127 4975 η

2300 5002 2699 5078 Παραδεδόσθαι
2729 5002 2786 5063 δὲ
2816 5002 2978 5056 αὐτὸν
3006 5000 3242 5068 ἀκούων,
3277 5004 3350 5073 μὴ
3382 5001 3628 5070 ἀνάγκην
3662 4999 3803 5053 καθ-

2229 5098 2520 5163 υπόπτευε,
2553 5096 2612 5149 τὸ
2652 5096 2710 5149 δὲ
2749 5095 2993 5149 ἑκούσιον
3026 5095 3152 5151 νόει.
3180 5095 3291 5149 Καὶ
3324 5093 3433 5166 γάρ
3469 5095 3499 5147 ό
3542 5093 3803 5146 Ἀπόστο-

552 5190 678 5247 dem
704 5204 840 5246 voce
878 5190 1048 5245 utitur
1079 5188 1146 5242 ad
1175 5189 1478 5246 libertatem
1501 5199 1555 5246 et
1578 5191 1912 5247 voluntatem
1942 5188 2119 5246 Patris

2246 5206 2314 5254 .0;
2352 5187 2430 5260 τῷ
2457 5189 2676 5260 ὀνόματι
2704 5187 2876 5259 τούτῳ
2905 5188 3188 5260 κέχρηται,
3222 5187 3509 5242 αὐθεντίαν
3537 5185 3633 5239 καὶ
3668 5184 3798 5255 βού-

551 5282 939 5339 declarandam
964 5324 980 5339 .
1017 5302 1037 5336 ι
1097 5281 1189 5338 Sic
1218 5282 1364 5339 enim
1401 5282 1545 5339 Deus
1602 5283 1796 5338 dilexit
1831 5283 2114 5351 mundum,

2222 5280 2377 5353 λησιν
2409 5281 2622 5355 Πατρὸς
2652 5281 2898 5353 μηνύων·
2941 5301 2961 5334 ι
2998 5280 3152 5337 Οὕτω
3179 5279 3288 5352 γάρ
3315 5281 3344 5333 ὁ
3381 5278 3512 5343 Θεὸς
3538 5277 3797 5349 ἠγάπησε

553 5386 611 5432 ιιι
649 5374 846 5434 Filium
874 5392 1035 5434 suum
1057 5378 1392 5449 unigenitum
1427 5377 1659 5436 traderet
1687 5391 1789 5451 pro
1819 5377 2061 5435 nobis".
2088 5395 2107 5429 ι

2246 5375 2310 5429 ῖὸν
2343 5374 2563 5446 κόσμον,
2598 5374 2737 5431 ὥστε
2764 5375 2855 5429 τὸν
2884 5373 3143 5446 μονογενῆ
3172 5373 3299 5428 Υἰδν
3328 5370 3490 5427 αὐτοῦ
3523 5367 3798 5443 παραδοῦὲ

518 5571 525 5596 ς
620 5533 667 5565 ’³
684 5532 841 5590 Joan.
873 5550 955 5600 tn,
983 5534 1070 5589 16.

625 5687 647 5750 ί
655 5688 738 5753 ll)
767 5686 928 5746 Forte
956 5689 1105 5744 ἰδεῶν
1134 5690 1215 5745 vel
1243 5689 1402 5746 ἰδίων.
