4116 6332
352 360 476 413 1557

1777 349 1841 404 ιΝ
1883 348 2137 404 lSAlAM.
2226 326 2231 329 ’

3443 343 3577 413 1358

347 492 424 528 δαι
458 474 597 543 ὑπὲρ
633 471 809 542 ἡμῶν.
846 488 865 521 ο
915 468 1127 523 Ἐκοντῖ.
1154 440 1331 521 τοίνυν
1361 465 1655 536 ὑπομείνας
1688 464 1757 517 τὰ
1803 468 1910 517 πά-

2013 467 2304 522 Cruciatus
2340 474 2518 521 autem
2573 474 2763 537 sponte
2804 474 3053 537 acceptos
3100 474 3278 525 metus
3321 474 3580 541 pertulit,

343 565 427 635 θη,
485 564 695 635 σιωπὴν
747 562 920 634 φέρει,
978 560 1141 631 νόμον
1195 560 1327 630 ἡμῖν
1383 558 1660 628 ὑπομονῆς
1716 556 1905 609 ἑαυτὸν

340 657 733 728 παρεχόμενος.
1595 728 1600 733 _

409 749 482 803 Τὸ
513 747 757 801 ἑκούσιον
786 744 881 798 τοῦ
923 744 1174 814 Σωτῆρος
1218 745 1275 795 ὲν
1320 745 1386 813 τῇ
1430 741 1596 811 πείρᾳ
1624 740 1733 791 τῶν
1768 740 1910 789 οἰκο-

337 839 685 911 νομουμένων
718 837 1065 907 σημαίνεται·
1102 836 1177 898 ὡς
1208 834 1315 904 γὰρ
1347 832 1615 904 πρόϐατον
1646 831 1909 900 ἀγόμενον

340 936 419 996 εἰς
454 930 664 993 Θυσίαν,
713 929 746 999 ἢ
793 929 962 998 ἀμνὸς
996 926 1237 981 ἐναντίον
1267 923 1359 977 τοῦ
1407 924 1680 992 κείροντος
1728 921 1907 987 αὑτὸν,

338 1023 552 1091 ἀνάγκη
606 1036 665 1072 τε
714 1018 1069 1089 δαμαζόμενα
1136 1018 1255 1071 οὑδὲ
1309 1016 1606 1088 βληχᾶσθαι
1656 1016 1716 1067 τὸ
1767 1014 1910 1067 ἐνδό-

338 1130 496 1183 σιμον
550 1110 663 1180 ἔχει
697 1125 711 1139 ⁸
771 1108 944 1173 οὕτως
1001 1110 1160 1172 αὑτὸς
1234 1106 1373 1161 ἑκὼν
1432 1110 1489 1160 ὲν
1545 1106 1624 1177 τῷ
1682 1105 1909 1175 πάσχειν

337 1199 649 1254 ἀπεσιώπαι

408 1291 518 1362 Τὴν
550 1289 864 1360 παράνομον
900 1288 995 1342 καὶ
1024 1289 1205 1343 ἄδικον
1238 1287 1415 1359 κρίσιν
1445 1286 1615 1358 δηλοῖ,
1648 1287 1745 1356 τῆς
1776 1286 1909 1356 άλη-

340 1383 487 1446 θείας
512 1381 831 1453 κρυϐείσης.
860 1382 970 1452 Τὴν
999 1380 1137 1451 μετὰ
1164 1381 1260 1452 τὴν
1288 1380 1580 1434 ἀνάστασιν
1609 1380 1907 1451 γενομένην

339 1473 514 1540 δόξαν,
546 1474 640 1527 καὶ
671 1473 769 1544 τὴν
797 1474 991 1544 ἐγγενῆ
1018 1474 1181 1527 αὑτοῦ
1207 1473 1383 1539 ἀξίαν,
1412 1475 1480 1545 ἢν
1506 1477 1539 1546 ἡ
1569 1474 1676 1528 τῶν
1709 1477 1911 1529 οἰκονο-

343 1567 622 1640 μηθέντων
672 1566 916 1631 ὑπέδειξε
970 1569 1155 1638 πεῖρα,
1203 1568 1287 1631 τίς
1336 1567 1487 1621 ἔσται
1539 1568 1724 1631 ἱκανὸς
1767 1568 1913 1638 λόγῳ

340 1660 572 1733 φράσαι;
603 1657 765 1712 αὑτοῦ
801 1658 897 1729 μὲν
931 1648 1145 1729 θανάτιρ
1185 1658 1652 1730 ὑποϐαλλομένου,
1696 1659 1911 1712 πάντων

338 1752 394 1806 δὲ
435 1753 514 1814 είς
562 1751 869 1822 ἀφθαρσίαν
898 1750 1079 1823 χάριτι
1126 1749 1289 1804 αὑτοῦ
1319 1750 1788 1821 ζωοποιουμένων,
1818 1750 1911 1803 καὶ

342 1847 523 1899 πίστει
556 1843 958 1915 λυτρουμένων.
995 1843 1194 1906 Διττῶς
1223 1844 1452 1896 νοεῖται⁸
1491 1840 1647 1895 τοῦτο
1682 1842 1798 1912 μὲν,
1827 1842 1908 1894 ὅτι
1940 1822 1984 1881 Β

340 1938 559 2008 ἐδέησεν
590 1936 902 2004 ἀναγκαίως
926 1934 1180 2004 γενέσθαι
1212 1935 1310 2004 τὴν
1334 1935 1637 2004 παρουσίαν
1665 1932 1758 1987 τοῦ
1794 1934 1907 1986 Σω-

338 2032 503 2103 τῆρος
540 2031 627 2083 διὰ
660 2029 728 2082 τὰ
763 2029 1004 2100 ἡμέτερα
1048 2028 1516 2097 παρανομήματαο
1549 2027 1648 2080 οὑκ
1690 2026 1756 2080 ἂν
1802 2025 1910 2097 γὰρ

342 2120 523 2192 χώραν
562 2119 716 2190 ἔσχεν
748 2121 782 2190 ἡ
814 2118 909 2171 τοῦ
951 2118 1197 2187 Σωτῆρος
1238 2116 1486 2188 ὲνδημία,
1522 2115 1681 2187 ἡμῶν
1734 2115 1807 2185 μὴ
1852 2117 1909 2167 ὲν

342 2195 703 2283 παρανομίαις
730 2208 1123 2274 ὲξετασθέντων
1148 2225 1161 2238 ·
1202 2206 1359 2262 τοῦτο
1389 2209 1465 2272 δὲ,
1500 2208 1582 2261 ὄτι
1609 2207 1699 2260 ὑπ’
1732 2204 1911 2260 αὐτῶν

340 2304 447 2354 τῶν
477 2302 716 2372 ἀνομιῶν
746 2302 825 2364 είς
853 2300 943 2353 τὸν
980 2299 1206 2353 θάνατον
1233 2298 1393 2369 ἤχθη.

438 2395 575 2447 Οσον
600 2392 698 2463 μὲν
719 2386 854 2463 ἦκεν
884 2394 963 2455 εἰς
1003 2391 1200 2461 ἑαυτὴν
1226 2391 1323 2461 τὴν
1344 2392 1524 2461 φωνὴν
1543 2391 1910 2457 ἀνεξετάστως

337 2483 776 2554 λαμϐανομένην,
804 2483 1044 2552 κατάρας
1077 2482 1171 2534 καὶ
1203 2483 1300 2534 οὑκ
1324 2482 1569 2549 εὐλογίας
1602 2477 1739 2534 εἶναι
1768 2482 1911 2535 δοκεί

339 2576 605 2646 ἔμφασιςο
660 2576 728 2647 ἢν
786 2574 845 2626 δέ
906 2591 990 2637 τις
1037 2573 1125 2625 τὸν
1173 2574 1593 2643 ὲναποκείμενον
1645 2571 1769 2625 νοῦν
1816 2574 1910 2626 άν-

342 2668 570 2739 ιχνεύειν
624 2668 874 2739 ἐθελήσῃ.
921 2668 1143 2737 εὑρήσει
1212 2666 1451 2734 πέλαγος
1503 2664 1911 2736 φιλανθρωπίας

341 2761 788 2831 ὲναποκείμενον*
826 2762 951 2822 τοὺς
1000 2762 1108 2829 γὰρ
1158 2762 1425 2831 πονηροὺς
1475 2763 1569 2813 καὶ
1602 2762 1659 2812 ὲν
1698 2760 1909 2827 πλούτῳ

341 2853 636 2924 αὐχοῦντας
657 2853 749 2905 καὶ
770 2851 1320 2921 καταδεδικασμένους
1349 2850 1581 2922 Θανάτῳ,
1607 2853 1729 2904 ὅσον
1753 2846 1906 2922 ἧκεν,

344 2949 407 2998 ὲκ
456 2945 563 2997 τῶν
612 2946 792 3005 αὑτοῖς
841 2943 1215 3013 εἰργασμένων
1271 2943 1513 3014 ῥύσεται,
1564 2942 1906 3006 πιστεύοντας

342 3038 434 3088 καί
478 3034 949 3105 παραδεχομένους
999 3033 1090 3086 τὸν
1120 3033 1343 3088 θάνατον
1393 3033 1485 3086 τοῦ
1537 3033 1804 3105 Σωτῆρος,
1851 3033 1911 3097 ὃς

343 3124 492 3178 ἔσται
545 3125 725 3186 αὑτοῖς
793 3122 1272 3194 ἀντικατάλλαγμα
1339 3122 1740 3195 καρπουμένοις
1791 3123 1911 3176 ἀντὶ

342 3218 518 3287 ταφῆς
541 3217 633 3270 καὶ
667 3214 894 3269 Θανάτου
931 3214 1073 3287 ζωὴν
1097 3214 1310 3268 αίώνιον
1339 3215 1433 3267 καὶ
1465 3213 1739 3286 ἄφθαρτον
1780 3214 1912 3269 άθα-

343 3310 551 3364 νασίαν.

415 3400 488 3452 Τὸ
522 3399 724 3463 ⁴ἄδικον
785 3397 1140 3470 ὲμπαροινίαν
1190 3393 1285 3450 τοῦ
1333 3396 1577 3451 διαϐόλου
1624 3397 1793 3469 δηλοῖ,
1846 3397 1912 3469 ἢν

346 3491 438 3544 ἐπὶ
483 3490 576 3544 τοῦ
630 3491 884 3562 Σωτῆρος
920 3489 1076 3561 ἡμῶν
1114 3489 1451 3553 ἐπεδείξατο·
1490 3489 1757 3560 μηδεμιᾶς
1805 3487 1914 3561 γὰρ

348 3584 617 3656 ἁμαρτίας
644 3564 959 3655 εὑρεθείσης
988 3586 1045 3636 ὲν
1076 3586 1142 3654 τῇ
1176 3582 1315 3635 κατὰ
1349 3582 1525 3653 σάρκα
1557 3581 1721 3634 αὑτοῦ
1760 3580 1912 3633 πολι-

344 3677 483 3746 τεία,
516 3675 629 3729 ἀλλ’
662 3676 1040 3746 άναμαρτήτου
1072 3674 1331 3745 μεινάσης
1358 3676 1457 3744 τῆς
1491 3673 1710 3745 σαρκὸς,
1744 3672 1915 3736 οὕτως

345 3767 420 3831 ὡς
452 3768 592 3822 κατά
624 3769 809 3838 ὲνόχου
838 3767 1108 3839 ἁμαρτίας
1136 3766 1432 3837 γενομένης
1465 3767 1641 3837 ἐπῆγε
1680 3766 1772 3820 τὸν
1821 3764 1916 3818 θά-

347 3876 526 3925 νατον,
556 3860 769 3922 δεικνὺς
813 3860 912 3930 τὴν
946 3857 1140 3911 ἑαυτοῦ
1187 3858 1492 3928 ἀρχέκακον
1531 3857 1763 3910 κακίαν’
1797 3858 1913 3911 ἀνθ’

346 3944 421 4005 ὧν
478 3950 695 4020 εὔλογος
744 3951 1010 4022 λύτρωσις
1064 3950 1271 4019 γίνεται
1321 3953 1431 4013 τοῖς
1483 3950 1588 4002 ὑπὸ
1638 3949 1913 4020 ἁμαρτίαν

348 4044 657 4096 πίπτουσιν.
1762 4042 1769 4049 ’

419 4137 627 4208 Ὠσπερ
669 4135 738 4189 τὰ
788 4137 918 4206 ἡμῖν
962 4135 1377 4208 χρεωστούμενα
1414 4134 1713 4205 παθήματα
1753 4135 1916 4199 αὐτὸς

346 4227 738 4298 ἀναδεξάμενπ
781 4226 1113 4299 ᾠκειώσατο,
1148 4227 1289 4281 οὕτω
1331 4229 1425 4283 καὶ
1456 4227 1552 4298 τὴν
1584 4228 1650 4281 ἐκ
1681 4225 1915 4292 πίστεως

347 4321 634 4391 γινομένην
664 4322 795 4391 ἡμῖν
832 4320 1101 4391 κάθαρσιν
1132 4320 1293 4375 αὑτὸν
1322 4320 1564 4390 δεδέχθαι
1591 4320 1810 4388 φάσκει.
1846 4350 1918 4361 ~—

360 4409 619 4465 Ἐνταῦθα
645 4410 787 4465 δόσιν
831 4412 892 4464 οὑ
933 4412 1031 4482 τὴν
1065 4412 1122 4463 ἐν
1151 4411 1363 4474 θυσίαις
1405 4410 1622 4479 φάσκει,
1653 4410 1789 4465 ἀλλά
1818 4411 1915 4484 τὴν

2013 567 2070 612 ut
2102 575 2160 613 se
2189 560 2346 613 nobis
2387 560 2531 613 velut
2560 560 2729 630 legem
2773 560 3051 629 patientia:
3080 561 3367 632 praeberet.

2082 735 2248 791 Vens.
2281 737 2333 788 7.
2368 736 2575 802 Quanta
2600 738 2878 793 voluntate
2907 737 3155 795 Salvator
3187 742 3576 812 redemptionis

2009 843 2149 898 opus
2190 826 2511 897 perfecerit,
2570 828 2794 884 indicat.
2859 828 3323 894 Quemadmodum
3358 833 3475 888 ovis
3508 834 3575 887 ad

2010 919 2285 973 victimam
2314 921 2513 976 ductus
2534 959 2549 984 ,
2585 928 2678 974 aut
2715 936 2888 991 agnus
2910 937 3095 977 coram
3127 925 3387 980 tondente
3407 926 3452 958 “
3480 942 3551 981 ne

2010 1014 2269 1069 cessitate
2300 1013 2460 1077 victi,
2520 1015 2739 1069 halandi
2783 1015 3126 1071 occasionem
3174 1032 3282 1072 non
3334 1017 3573 1085 habent,

2010 1106 2085 1160 ita
2111 1106 2226 1176 ipse
2256 1104 2452 1160 mediis
2480 1106 2534 1159 in
2557 1108 2889 1162 cruciatibus
2923 1117 3116 1179 sponte
3148 1110 3290 1167 silet.

2086 1282 2254 1339 Vens.
2286 1284 2338 1339 8.
2373 1284 2620 1355 Iniquum
2652 1294 2706 1341 et
2751 1286 3014 1357 iujustum
3044 1290 3160 1345 fore
3182 1290 3450 1360 judicium
3481 1292 3575 1347 de:-

2010 1376 2217 1441 clarat,
2264 1378 2493 1432 veritate
2539 1394 2818 1448 oppressa.
2862 1379 3100 1435 Gloriam
3152 1390 3276 1452 post
3322 1398 3576 1439 resurre-

1976 1468 1981 1471 ⁴
2019 1470 2256 1524 ctionem
2285 1484 2316 1522 a
2342 1468 2560 1525 Christo
2583 1471 2827 1541 adeptam
2848 1509 2864 1537 ,
2896 1480 2948 1526 et
2982 1474 3218 1528 nativam
3249 1474 3368 1545 ejus
3396 1475 3575 1546 digni-s

2010 1568 2215 1627 tatem,
2258 1578 2381 1633 quae
2407 1564 2462 1617 in
2507 1564 2889 1620 lncarnatione
2926 1565 3159 1629 eﬂ‘ulsit,
3205 1569 3329 1637 quis
3374 1572 3576 1639 poterit

2012 1668 2264 1707 sermone
2292 1655 2619 1723 complecti?
2654 1655 2866 1728 Quippe
2896 1661 3023 1728 qui,
3053 1668 3228 1716 morte
3253 1676 3571 1731 oppressus,

2012 1732 2267 1802 omnibus
2294 1748 2467 1817 gratia
2506 1763 2604 1802 sua
2634 1750 2803 1804 vitam
2847 1753 3206 1807 immortalem
3252 1754 3482 1824 largitur
3520 1774 3571 1810 ε.

2012 1839 2262 1893 salutem.
2308 1838 2516 1910 Duplici
2548 1840 2615 1895 de
2656 1856 2821 1898 causa
2854 1842 2963 1897 bmc
2994 1844 3251 1899 dicuntur
3284 1865 3298 1899 :
3331 1844 3573 1902 Primum

2013 1931 2233 2000 quidem
2264 1931 2391 2002 quia
2419 1942 2640 2003 propter
2664 1944 2882 2011 peccata
2912 1945 3099 1991 nostra
3131 1936 3412 1992 Salvatore
3440 1939 3576 1992 indi-

2016 2039 2205 2094 gemus
2229 2064 2245 2088 ,
2279 2038 2380 2079 nec
2413 2023 2607 2080 {uisset
2640 2042 2737 2081 cur
2761 2028 2969 2083 veniret
2996 2028 3267 2095 Salvator,
3302 2029 3409 2085 nisi
3441 2045 3575 2100 pec-

2014 2116 2151 2171 catis
2177 2116 2471 2172 fuissemus
2493 2119 2703 2184 obruti;
2733 2120 2927 2176 deinde
2955 2120 3081 2191 quia
3118 2121 3186 2176 ab
3209 2121 3345 2193 ipsis
3371 2124 3574 2194 iniquis

2014 2208 2219 2263 tatibus
2249 2208 2316 2263 ad
2342 2218 2570 2265 mortem
2601 2212 2800 2267 ductus
2825 2223 2927 2268 est.
2938 2240 2949 2283 ι

2087 2386 2253 2443 Vens.
2283 2389 2335 2443 9.
2390 2388 2520 2455 Quae
2568 2391 2633 2444 ad
2686 2394 2910 2447 verbum
2976 2396 3385 2455 inconsiderate
3433 2396 3579 2455 acci-

2014 2481 2181 2549 pienti
2237 2482 2652 2539 maledictiones
2696 2500 2820 2541 esse
2866 2486 3214 2555 videbuntur,
3264 2506 3374 2546 non
3413 2492 3579 2548 bene—

2013 2574 2297 2631 dictiones.
2322 2575 2477 2643 Quod
2504 2576 2550 2631 si
2571 2593 2699 2633 vero
2720 2580 2975 2636 latentem
2998 2590 3232 2638 mentem
3255 2586 3581 2657 investigare

2013 2670 2288 2735 volueris,
2343 2668 2587 2741 reperies
2637 2672 2691 2724 in
2743 2673 2845 2727 hoc
2889 2688 3141 2731 sermone
3190 2679 3582 2735 misericordiae

2014 2776 2299 2815 oceanum.
2341 2762 2474 2816 Nam
2514 2765 2782 2833 pessimos
2820 2774 2873 2820 et
2915 2766 3120 2822 divitiis
3152 2769 3483 2838 gloriantes,
3513 2788 3580 2827 ac

2014 2860 2188 2907 morte
2217 2854 2503 2909 damnatos
2527 2896 2541 2919 ,
2577 2866 2838 2924 quantum
2874 2857 3023 2913 ineo
3056 2859 3159 2911 erit
3179 2899 3194 2921 ,
3224 2861 3293 2915 ab
3322 2865 3579 2931 operibus

2016 2962 2205 3002 eorum
2265 2948 2553 3012 liberabit,
2585 2950 2880 3005 dummodo
2926 2953 2979 3005 in
3023 2954 3489 3023 ipsumcredant,
3525 2967 3579 3011 et

2018 3039 2317 3095 Salvatoris
2343 3048 2569 3094 mortem
2593 3041 2887 3112 excipiant,
2917 3059 3038 3114 qum
3065 3046 3173 3101 illis
3195 3050 3415 3116 praemio
3436 3049 3575 3118 erit;

2015 3150 2115 3205 pro
2148 3135 2427 3205 sepultura
2464 3150 2529 3190 ac
2576 3144 2753 3191 morte
2786 3140 2953 3191 vitam
3005 3148 3264 3195 aeternam
3295 3150 3350 3197 et
3393 3144 3576 3198 incoc-

2013 3228 2326 3298 ruptibilem
2358 3230 2823 3286 immortalitatem
2856 3232 3138 3303 largietur.

2082 3405 2291 3463 lndicat
2353 3408 2444 3464 hic
2514 3422 2676 3479 quam
2746 3411 3135 3469 contumeliose
3214 3413 3488 3489 diabolus}
3521 3436 3576 3474 In

2016 3498 2346 3557 Salvatorem
2402 3503 2766 3559 debacchatus
2826 3505 2915 3560 sit.
2972 3504 3140 3570 Nam,
3198 3506 3325 3564 licet
3367 3512 3573 3566 nullum

2013 3603 2287 3664 repertum
2320 3595 2394 3651 sit
2423 3598 2476 3651 in
2500 3598 2707 3651 carnali
2733 3598 2854 3667 ejus
2886 3600 2994 3653 vita
3022 3611 3327 3671 peccatum,
3358 3612 3413 3660 et
3439 3622 3576 3676 pura

2012 3688 2370 3744 remansisset
2397 3691 2519 3759 ejus
2563 3704 2690 3745 caro
2726 3701 2889 3761 atque
2936 3694 3179 3764 integra,
3215 3695 3461 3753 diabolus
3488 3708 3578 3753 ta-

2012 3796 2137 3835 men
2172 3797 2297 3836 eum
2318 3822 2333 3846 ,
2371 3784 2519 3836 velut
2550 3793 2889 3853 peccatorem
2916 3828 2930 3853 ,
2964 3796 3138 3843 morte
3175 3787 3388 3856 aﬂ‘ecit,
3422 3806 3576 3846 sum-

2014 3890 2156 3928 mam
2208 3890 2361 3937 suam
2391 3878 2686 3946 nequitiam
2734 3878 3040 3934 declarans.
3078 3879 3194 3946 Qua
3237 3883 3447 3939 ratione
3488 3883 3578 3953 ju-

2014 3982 2139 4038 gum
2166 3967 2397 4025 feliciter
2425 3970 2663 4025 solutum
2693 3979 2777 4027 est
2806 3982 3029 4042 peccato
3064 3974 3509 4032 inservientihus.

2087 4150 2251 4207 Vens.
2288 4151 2375 4206 10.
2418 4150 2488 4206 Ut
2514 4152 2736 4208 meritas
2762 4153 2923 4209 nobis
2960 4170 3154 4225 poenas
3184 4154 3289 4211 iste
3323 4154 3576 4211 Christus

2014 4245 2322 4317 suscipiens
2349 4262 2448 4318 pro
2477 4246 2637 4302 nobis
2671 4249 2913 4318 pertulit,
2946 4248 3020 4302 ita
3053 4249 3253 4304 dicitur
3276 4257 3330 4306 et
3361 4251 3577 4305 mundi-

2014 4338 2145 4391 tiam
2167 4377 2182 4402 ,
2217 4336 2378 4393 nobis
2407 4353 2503 4408 per
2534 4338 2690 4393 ﬁdem
2730 4340 2975 4409 adeptam
2996 4380 3011 4403 ,
3049 4339 3157 4395 Deo
3190 4342 3575 4412 acceptabilem

2017 4427 2152 4483 fore.
2181 4459 2251 4469 —
2281 4427 2381 4484 Hic
2408 4429 2524 4483 dari
2557 4429 2661 4483 sibi
2691 4428 2845 4499 jubet
2883 4446 2989 4485 non
3016 4432 3264 4486 victimas
3284 4471 3299 4495 ,
3336 4432 3431 4488 sed
3458 4434 3578 4486 cula

350 4501 448 4555 σὺν
489 4502 737 4574 αἰσθήσει
785 4504 879 4557 καὶ
919 4504 1173 4575 μετανοίᾳ
1198 4520 1211 4534 ’
1246 4504 1313 4573 ῆν
1344 4505 1402 4556 ὲν
1450 4505 1571 4566 ταῖς
1618 4502 1912 4573 ἁμαρτίαις

2019 4530 2131 4574 tum
2160 4521 2328 4575 animi
2354 4522 2558 4577 conscii
2600 4529 2654 4577 et
2698 4522 2957 4587 contriti,
2988 4538 3096 4592 quo
3129 4534 3447 4593 peccatores
3466 4541 3577 4579 non

347 4593 677 4663 ποιούμενοι,
732 4594 873 4648 ῐασιν
917 4595 1159 4667 ἐδέχοντο
1203 4593 1457 4665 ψυχικὴν,
1510 4596 1571 4647 οὑ
1622 4595 1780 4665 μόνον
1814 4594 1912 4666 τὴν

348 4685 580 4741 ἐνταῦθα⁸
608 4684 751 4758 ζωὴν
780 4688 991 4749 ἑαυτοῖς
1019 4686 1547 4757 πραγματευόμενοι.

429 4776 645 4848 Ἐπειδὴ
674 4777 751 4830 ἔτι
782 4778 970 4849 κέρδος
1015 4780 1216 4833 οἰκεῖον
1259 4780 1288 4831 ό
1331 4777 1626 4850 μονογενὴς
1667 4777 1794 4841 Υίδς
1820 4777 1912 4830 τοῦ

346 4866 481 4920 θεοῦ
532 4867 740 4921 τίθεται
783 4868 883 4937 τὴν
931 4868 1204 4939 ἡμετέραν
1255 4868 1551 4939 σωτηρίαν,
1598 4868 1784 4939 διόπερ
1824 4869 1917 4920 καὶ

349 4959 508 5029 σῶμα
538 4958 788 5021 ἀνέλαϐε,
843 4959 938 5012 καὶ
988 4958 1060 5013 τά
1095 4960 1237 5031 ὑπὲρ
1297 4960 1453 5031 ἡμῶν
1476 4959 1682 5030 ὑπέστη
1718 4959 1862 5029 πάθη
1899 4976 1911 4989 ’

347 5051 660 5118 ἀναγκαίως
698 5050 791 5102 καὶ
842 5050 999 5103 πόνον
1038 5051 1200 5103 αὑτοῦ
1254 5049 1597 5122 ἀφαιρεῖσθαι
1645 5050 1841 5119 φάσκει
1888 5051 1917 5104 ὀ

347 5140 510 5192 αὑτοῦ
539 5139 728 5209 Πατὴρ
770 5139 867 5209 τὴν
901 5140 1175 5209 ἡμετέραν
1208 5140 1351 5193 ἴασίν
1396 5157 1454 5193 τε
1490 5140 1581 5193 καὶ
1615 5139 1876 5213 κάθαρσιν
1898 5155 1912 5170 ⁸

350 5230 444 5282 καὶ
478 5230 592 5298 φῶς
634 5229 782 5299 αὑτῷ
813 5229 982 5293 δεῖξαι
1027 5230 1118 5282 τόν
1158 5230 1420 5302 ἡμέτερον
1465 5230 1765 5300 φωτισμὸν,
1794 5230 1915 5283 καθ’

348 5322 410 5373 ὃν
454 5322 908 5392 κατηυγαζόμεθα
940 5322 1071 5391 πρὸς
1102 5322 1427 5391 θεογνωσίαν
1475 5325 1568 5376 καὶ
1600 5321 1913 5391 ἐπίγνωσιν,

348 5414 722 5484 ἀμειϐομένων
768 5414 873 5469 τῶν
919 5414 1064 5485 ἠθῶν
1112 5416 1204 5467 ἐπὶ
1243 5415 1304 5467 τὸ
1342 5415 1568 5485 βέλτιον,
1619 5417 1712 5469 καὶ
1756 5432 1916 5486 μεταο

352 5507 728 5577 πλαττομένων
772 5511 835 5578 τῇ
886 5508 978 5560 τοῦ
1008 5506 1143 5559 Θεοῦ
1184 5507 1412 5560 συνέσει.
1452 5507 1559 5560 Τοῦ
1598 5505 1917 5579 μονογενοῦς

350 5597 481 5651 Υἱοῦ
496 5597 590 5651 τοῦ
618 5598 748 5650 Θεοῦ
774 5598 892 5651 κατ’
917 5599 1133 5669 ἐντολὴν
1162 5599 1431 5671 πατρικὴν
1455 5602 1631 5654 πάντα
1659 5601 1917 5672 πράττονο

418 5800 464 5832 ’⁸
489 5796 591 5855 Isa.
626 5815 742 5867 Lm,
777 5792 829 5856 7.

2015 4621 2334 4683 carpaream
2362 4622 2571 4667 tantum
2597 4614 2783 4678 vitam,
2811 4614 2903 4669 sed
2926 4623 2980 4669 et
3003 4614 3343 4683 spiritualem
3372 4617 3581 4672 sanitaa

2016 4711 2123 4758 tem
2151 4713 2628 4773 consequerentur.

2086 4794 2252 4851 Vens.
2283 4797 2368 4853 11.
2399 4796 2533 4852 Cum
2562 4798 2791 4852 salutem
2821 4806 3063 4854 nostram
3098 4815 3239 4855 onus
3270 4815 3392 4855 esse
3417 4812 3577 4854 suum

2016 4888 2347 4957 reputaverit
2377 4888 2691 4958 unigenitus
2739 4888 2834 4943 Dei
2886 4887 3057 4943 Filius
3078 4929 3092 4951 ,
3125 4895 3181 4942 et
3208 4888 3331 4942 ideo
3356 4902 3577 4942 carnem

2016 4980 2321 5048 susceperit
2368 4993 2431 5032 ac
2479 4994 2577 5048 pro
2627 4979 2785 5033 nobis
2841 4979 2914 5033 sit
2962 4995 3198 5049 passus,
3246 4986 3393 5035 recte
3444 4980 3580 5033 dicit

2014 5072 2176 5125 Pater
2199 5087 2257 5126 se
2285 5072 2399 5125 nali
2427 5071 2642 5125 dolores
2673 5072 2907 5135 auferre,
2940 5086 3041 5127 nos
3060 5072 3304 5127 sanando
3336 5080 3389 5126 et
3423 5086 3582 5124 mun-

2015 5163 2229 5230 dando;
2265 5162 2451 5231 adjicit
2481 5178 2539 5217 se
2568 5163 2856 5218 ostendere
2887 5165 2935 5217 ei
2963 5164 3164 5226 lucem,
3191 5163 3338 5216 illam
3370 5161 3579 5215 scilicet

2015 5272 2121 5327 qua
2157 5257 2444 5311 illuminati
2494 5256 2559 5308 ad
2612 5257 2893 5311 scientiam
2934 5264 2987 5311 et
3033 5254 3443 5325 intelligentiam
3484 5251 3575 5306 Dei

2015 5348 2375 5412 illustrantur,
2422 5349 2663 5402 moribus
2696 5348 2749 5401 in
2799 5349 2993 5403 melius
3024 5346 3302 5401 conversis
3342 5354 3396 5400 et
3422 5345 3572 5413 juxta

2014 5438 2111 5495 Dei
2140 5448 2408 5510 prmecpta
2443 5440 2769 5495 informatis.
2820 5440 3109 5509 Unigenito
3136 5438 3228 5491 Dei
3259 5434 3422 5499 Filio,
3454 5450 3576 5489 cum

2016 5527 2192 5583 Patris
2227 5529 2480 5583 mandata
2528 5529 2852 5599 perlicienda
2897 5537 3115 5591 essent,
3157 5536 3211 5582 et
3240 5528 3421 5582 omnis
3459 5526 3580 5595 ejus

2017 5634 2171 5676 mens
2205 5619 2431 5675 ﬁdeliter
2464 5621 2733 5692 implenda
2754 5663 2769 5687 ,
2801 5638 3023 5679 necesse
3064 5631 3181 5676 erat
3225 5629 3283 5675 ut
3331 5620 3583 5675 Salvator
