4116 6332
575 325 712 390 4359
1729 297 2073 380 reeonOm
2111 316 2154 372 ι]

2258 318 2629 375 ACLEENSIS
2654 380 2662 390 ,
3691 318 3837 376 ιδδο

573 447 786 504 mantili
814 461 871 503 se
899 446 1174 515 cingeret,
1218 449 1274 498 et
1315 456 1513 512 aquam
1545 439 1856 495 infunderet
1886 438 1942 493 in
1973 435 2141 491 label-

2258 451 2353 498 τος,
2405 435 2500 489 καὶ
2555 437 2622 505 τῇ
2662 434 2877 504 ὑπακοῇ
2935 429 3270 504 πληροῦντας
3336 432 3519 486 πᾶσαν
3594 432 3832 490 ἔννοιαν.

577 543 725 603 lum,
769 547 1073 608 cunctaque
1124 537 1406 593 servorum
1461 547 1689 590 munera
1737 533 1964 587 subiret.
2010 531 2143 596 Quae

2258 525 2534 579 Ξκόλουθον
2573 526 2668 579 καὶ
2708 524 2770 579 τὸ
2807 525 3168 596 περιεζῶσθαι
3199 526 3406 579 λέντιον
3437 526 3530 580 τὸν
3565 526 3828 598 Σωτῆρα..

576 631 760 688 omnia
806 630 978 686 Filius
1017 629 1200 685 studio
1250 628 1540 699 praestitit,
1590 626 1775 681 cibum
1817 639 1976 680 suum
2024 638 2145 678 esse

2258 618 2336 670 καὶ
2388 616 2530 686 ὓδωρ
2579 616 2759 686 βαλεῖν
2814 619 2893 680 είς
2938 617 3029 670 τὸν
3081 619 3355 688 νιπτῆρα,
3403 617 3501 670 καὶ
3547 617 3641 688 τὴν
3682 619 3832 688 πρὸς

577 740 851 782 asserens.
888 733 947 777 ut
978 724 1139 778 faciat
1169 723 1499 788 voluntatem
1527 718 1706 773 Patris
1728 720 1794 774 ⁸⁸.

653 993 817 1050 Vens.
851 995 936 1049 12.
979 992 1265 1048 Posscssin
1298 990 1420 1046 Filii
1447 1000 1713 1045 vocantur
1749 989 2062 1061 quicunque
2090 987 2144 1042 in

578 1104 700 1146 eum
731 1089 991 1154 credunt,
1039 1103 1139 1142 nec
1173 1086 1444 1140 immerito
1485 1084 1705 1139 eosdem
1754 1090 1912 1138 antea
1947 1082 2142 1137 diaboli

580 1184 754 1253 spolia
799 1183 971 1236 fuisse
1021 1181 1249 1234 dixeris.
1293 1178 1428 1232 Cum
1477 1177 1794 1247 unigenitus
1842 1175 1936 1230 Dei
1972 1175 2146 1230 Filius

579 1275 817 1330 mirabili
849 1274 1225 1330 incarnatione
1255 1287 1354 1326 sua
1384 1286 1578 1326 omnes
1611 1268 1679 1324 ad
1724 1269 1902 1322 Patris
1943 1275 1996 1322 et
2023 1266 2143 1322 Filii

581 1371 909 1440 agnitionem
973 1366 1295 1430 deduxerit,
1348 1366 1416 1418 ab
1466 1364 1750 1420 erroribus
1805 1371 1858 1418 et
1917 1363 2148 1433 imperio

581 1461 778 1516 diaboli
805 1461 1063 1515 liberatos
1085 1499 1101 1524 ,
1134 1474 1294 1526 quem
1329 1456 1521 1512 fortem
1552 1471 1676 1512 esse
1713 1463 1966 1511 errantes
1993 1454 2146 1526 prius

582 1552 1009 1615 existimabant,
1054 1559 1204 1606 recte
1233 1567 1334 1605 nos
1386 1552 1454 1605 ab
1487 1565 1553 1605 eo
1600 1550 1871 1619 possideri
1913 1549 2149 1602 dicimur

583 1647 875 1719 participes
913 1647 1032 1715 ejus
1060 1645 1234 1701 etl‘ccti
1259 1685 1274 1710 ,
1308 1645 1542 1713 spoliato
1574 1643 1812 1710 diabolo,
1853 1643 1943 1696 cui
1975 1643 2150 1696 inser-

585 1741 696 1797 vire
723 1741 1063 1796 videbamur.

654 1900 784 1956 Car.
820 1899 956 1963 LIV,
990 1899 1153 1955 Vens.
1193 1902 1242 1954 l.
1294 1899 1424 1965 Qure
1450 1915 1546 1969 per
1578 1912 1896 1970 anagogtam
1925 1898 1992 1953 de
2035 1897 2151 1952 sin-

585 1995 723 2064 gulis
747 1994 943 2048 animis
989 1995 1170 2048 valent
1212 1993 1295 2048 sui
1328 1993 1656 2057 incuriosis;
1689 1991 1992 2062 pmsertim
2023 2005 2150 2046 vero

585 2087 652 2141 de
684 2087 964 2142 vocatione
989 2088 1228 2157 gentium
1273 2102 1392 2157 quae
1415 2125 1430 2150 ,
1482 2084 1764 2140 Salvatore
1793 2083 2113 2140 adveniente
2133 2125 2148 2150 ,

585 2179 844 2248 augendae
870 2189 923 2234 et
953 2178 1383 2250 multiplicandae
1411 2187 1594 2236 erant.

655 2272 820 2327 Vens.
849 2272 903 2327 2.
941 2270 1071 2336 Quae
1100 2271 1318 2341 quidem
1352 2271 1418 2324 ad
1455 2272 1627 2340 ipsam
1670 2268 1971 2324 Jerusalem
2011 2267 2150 2323 refc-

585 2363 789 2428 rcnda,
835 2371 957 2433 post
1001 2363 1366 2431 captivitatem
1417 2362 1755 2431 augendam;
1795 2362 1994 2416 rectius
2021 2377 2151 2416 vero

587 2456 655 2510 ad
705 2456 852 2524 ipsas
901 2455 1164 2509 ecclesias
1219 2439 1765 2523 quotidie-dilatatas
1810 2460 1864 2508 et
1922 2453 2123 2523 ampliﬁ

587 2555 759 2609 catas,
804 2546 1188 2602 accedentibus
1214 2560 1567 2616 quoscunque
1597 2545 1769 2616 gratia
1801 2544 1896 2600 Dei
1941 2561 2138 2616 permo-

585 2638 760 2701 verit;
811 2638 1078 2709 intelliges
1122 2639 1287 2692 etiam
1345 2653 1410 2693 ea
1471 2639 1540 2693 de
1597 2652 1922 2708 quacunque
1973 2637 2152 2690 anima

588 2731 801 2801 egregie
827 2730 1079 2784 mandata
1106 2728 1197 2784 Dei
1229 2731 1560 2801 perﬁciente.

659 2914 828 2972 Vens.
859 2918 911 2971 5.
955 2915 1220 2986 Loquitur
1254 2917 1345 2971 hic
1375 2931 1540 2973 sensu
1585 2916 1886 2988 anagOgico
1927 2914 1996 2972 de
2028 2931 2155 2987 gen-

589 3010 766 3076 tibus,
811 3011 880 3066 ab
911 3010 1081 3066 Israel
1122 3025 1233 3065 non
1265 3018 1322 3064 ut
1352 3018 1577 3080 pereant
1615 3009 1835 3080 quidem
1870 3010 2156 3080 possiden-

2246 707 2421 762 πάντα
2455 708 2697 762 δουλείαν
2733 707 3124 772 ἀναδέξασθαι·
3151 703 3232 772 οἷς
3263 709 3398 762 πᾶσι
3421 709 3729 780 γενομένοις
3761 713 3832 762 ὲκ

2247 800 2552 872 προθυμίας
2601 801 2810 864 παιδὸς,
2862 800 3063 872 βρῶσιν
3117 801 3173 854 δὲ
3220 801 3570 872 λογιζομένου
3623 801 3836 871 ὑπηρε-

2243 894 2453 948 τεῖσθαι
2479 897 2592 958 τοῖς
2622 893 2714 947 τοῦ
2742 893 2955 964 Πατρὸς
2986 893 3111 964 θελή
3121 910 3276 964 μασι.

2315 989 2662 1061 Κληρονομία
2701 987 2830 1040 Υίοῦ
2868 987 3112 1056 λέγονται
3149 985 3349 1049 πάντες
3378 989 3427 1040 οἱ
3469 987 3834 1051 πιστεύοντες

2245 1084 2326 1145 είς
2361 1081 2540 1144 αὐτὸν,
2572 1081 2759 1152 ῶσπερ
2787 1079 2881 1132 καὶ
2907 1077 3338 1149 προγεγενῆσθαι
3373 1079 3543 1132 σκῦλα
3576 1078 3830 1144 δικαίως,

2246 1169 2310 1223 ἄν
2343 1187 2426 1232 τις
2455 1170 2597 1221 εἴποι
2623 1168 2715 1221 τοῦ
2754 1167 3030 1222 διαϐόλου.
3083 1169 3298 1238 Ἐπειδὴ
3331 1169 3507 1222 τοίνυν
3536 1172 3566 1223 ό
3598 1188 3833 1241 μονογε-

2245 1261 2342 1334 νὴς
2376 1261 2502 1324 Υἱὸς
2541 1259 2634 1313 τοῦ
2671 1259 2804 1312 Θεοῦ
2841 1263 2905 1331 τῇ
2957 1259 3243 1331 θαυμαστῇ
3290 1261 3573 1333 οἰκονομίᾳ
3616 1265 3834 1326 πάντας

2245 1353 2557 1424 ᾠκειώσατο
2591 1355 2671 1417 είς
2697 1352 2795 1425 τὴν
2824 1353 3036 1424 Πατρὸς
3060 1354 3153 1407 καὶ
3179 1351 3310 1406 Υἱοῦ
3331 1353 3550 1422 γνῶσιν,
3583 1355 3836 1409 amasti-

2250 1464 2347 1510 σας
2376 1445 2476 1515 τῆς
2505 1445 2713 1516 πλάνης
2739 1445 2830 1497 καὶ
2856 1445 2955 1515 τῆς
2981 1446 3292 1516 τυραννίδος
3323 1446 3416 1499 τοῦ
3446 1446 3698 1500 διαϐόλου
3723 1490 3738 1510 ,
3771 1448 3836 1500 ὃν

2252 1537 2469 1610 ἰσχυρὸν
2497 1537 2727 1609 ἡγοῦντο
2757 1532 2893 1589 εἶναι
2926 1539 2976 1588 οἱ
3003 1535 3062 1589 τὸ
3092 1537 3222 1607 πρὶν
3249 1536 3621 1607 πλανώμενοι·
3659 1540 3838 1606 ἀναγο

2249 1631 2421 1693 καίως
2451 1629 2674 1693 τούτους
2705 1627 3211 1700 κεκληρονομῆσθαι
3245 1630 3441 1697 φάσκει
3486 1629 3683 1701 μερίδα
3730 1634 3834 1684 αὑ-

2250 1722 2342 1776 τοῦ
2375 1722 2726 1793 γεγενῆσθαι,
2774 1721 3160 1784 πυλευθέντος
3191 1721 3283 1774 τοῦ
3313 1721 3594 1787 δοκοῦντος
3630 1724 3834 1786 αὐτοὺς

2251 1818 2472 1886 κρατεῖν
2499 1813 2767 1868 διαϐόλου.

2321 1905 2507 1958 Ταῦτα
2554 1905 2694 1959 κατά
2747 1907 3038 1976 ἀναγωγην
3088 1906 3183 1958 καὶ
3233 1908 3316 1969 είς
3367 1907 3603 1978 ἑκάστην
3649 1907 3832 1979 ψυχὴν

2250 1996 2567 2068 ὲκληπτέον,
2599 1996 2951 2069 ἀμελήσασαν
2979 2000 3177 2070 ἑαυτῆς
3195 2013 3210 2028 ·
3237 1997 3299 2051 οὐ
3326 1997 3433 2068 μὴν
3463 1998 3597 2052 ἀλλά
3629 2000 3724 2052 καὶ
3751 2003 3833 2063 εἰς

2250 2088 2346 2158 τὴν
2377 2088 2566 2159 κλῆσιν
2592 2088 2700 2142 τῶν
2731 2088 2900 2142 ἐθνῶν
2928 2088 3270 2160 αὐξηθέντων
3300 2092 3396 2142 καὶ
3428 2089 3831 2161 πληρωθέντων

2251 2183 2356 2236 ἀπὸ
2388 2185 2485 2256 τῆς
2511 2183 2602 2238 τοῦ
2633 2185 2881 2255 Σωτῆρος
2910 2184 3210 2256 παρουσίας

2322 2275 2429 2329 Καὶ
2456 2275 2629 2331 ταῦτα
2658 2276 2744 2328 ἐπ’
2781 2277 2949 2347 αὐτῆς
2975 2276 3074 2346 τῆς
3113 2276 3464 2348 Ἰερουσαλὴμ
3492 2277 3826 2349 ὲκληπτέον,

2252 2365 2554 2438 αὐξομένης
2617 2367 2752 2438 μετά
2803 2369 2900 2440 τὴν
2944 2367 3348 2438 αἰχμαλωσίανο
3398 2369 3737 2441 κυριώτερον
3772 2370 3830 2423 δὲ

2252 2458 2336 2511 ἐπ’
2363 2458 2540 2513 αὐτῶν
2567 2459 2676 2513 τῶν
2713 2459 3045 2530 Ἐκκλησιῶν
3085 2455 3360 2532 ὁσημέραι
3408 2461 3832 2532 πλατυνομένων

2253 2552 2345 2605 καὶ
2371 2552 2609 2604 ἐπίδοσιν
2649 2552 3041 2623 λαμϐανουσῶν
3097 2552 3184 2606 διὰ
3238 2552 3346 2604 τῶν
3386 2552 3832 2623 προστιθεμένων

2251 2644 2317 2712 τῇ
2362 2642 2541 2712 χάριτι
2613 2641 2706 2694 τοῦ
2777 2641 2945 2694 Θεοῦο
3020 2645 3218 2694 νοεῖται
3282 2641 3340 2694 δὲ
3403 2642 3494 2694 καὶ
3560 2642 3638 2704 εἰς
3689 2643 3831 2694 ἑκά-

2255 2748 2387 2803 στην
2429 2732 2604 2804 ψυχὴν
2645 2733 3004 2788 συντελοῦσαν
3051 2735 3132 2796 εἴς
3175 2752 3226 2787 τι
3273 2733 3380 2787 τῶν
3425 2733 3523 2804 τῆς
3565 2733 3831 2804 ἀληθείας

2255 2826 2454 2880 καλῶν.

2325 2920 2485 2989 Λέγει
2514 2919 2571 2972 δὲ
2599 2918 2693 2973 καὶ
2721 2917 2862 2972 κατά
2898 2917 3190 2990 ἀναγωγὴν
3221 2918 3347 2990 τερ).
3370 2918 3480 2971 τῶν
3516 2917 3683 2972 ἐθνῶν
3714 2915 3827 2970 τῶν

2261 3009 2561 3083 μελλόντων
2606 3010 2680 3080 μὴ
2720 3011 2798 3073 είς
2847 3009 3075 3062 θάνατον
3107 3007 3564 3080 κληρονομεῖσθαι
3607 3008 3694 3062 ὑπ’
3733 3008 3829 3061 αὐ-

589 3104 698 3170 dis,
732 3105 827 3158 sed
861 3112 918 3157 ut
949 3119 1056 3157 una
1088 3102 1192 3158 ﬁde
1222 3102 1509 3158 credentes
1537 3118 1663 3156 cum
1699 3104 1821 3172 ipso
1853 3103 2154 3158 salventur.

2258 3105 2388 3171 τῶν,
2434 3103 2550 3157 ἀλλ’
2616 3105 2694 3166 είς
2766 3102 3112 3174 περιποίησιν
3169 3102 3264 3154 καὶ
3339 3099 3616 3172 σωτηρίαν
3677 3102 3826 3172 κοινῇ

668 3283 830 3338 Vens.
865 3284 914 3337 7.
952 3284 1162 3338 Cuncta
1224 3298 1284 3339 se
1329 3284 1471 3338 mala
1513 3284 1775 3342 oblivioni
1823 3285 2152 3339 traditurum

593 3379 814 3434 indicat.
853 3379 943 3433 Sic
980 3379 1126 3433 enim
1176 3378 1353 3448 inquit
1389 3396 1402 3432 :
1439 3377 1772 3433 (londonabo
1801 3378 2158 3449 negligentiae

593 3481 737 3532 tuas.
761 3481 820 3524 ut
844 3474 953 3540 jam
975 3484 1084 3524 non
1103 3470 1336 3540 amplius
1367 3468 1467 3523 tibi
1497 3483 1680 3523 earum
1715 3469 2032 3523 memoriam
2061 3483 2125 3522 ex

594 3563 869 3632 probrem,
923 3561 1069 3631 quod
1123 3560 1303 3615 facere
1337 3559 1513 3616 solent
1541 3560 1634 3630 qui
1675 3560 1858 3628 lapsas
1901 3558 2159 3615 mulieres

595 3653 662 3705 ad
691 3660 902 3722 tempus
934 3650 1209 3720 rejiciunt.

668 3743 830 3797 Vens.
854 3744 940 3798 ll.
972 3742 1372 3799 lnclementiam
1399 3743 1488 3799 hic
1507 3743 1747 3799 declarat
1763 3742 2156 3800 Chaldaeorum.

596 3837 808 3906 Quippe
843 3836 957 3906 qui,
982 3851 1180 3891 munus
1208 3850 1332 3890 cum
1368 3835 1708 3906 accepissent
1741 3848 1772 3887 a
1808 3833 1916 3888 Deo
1943 3834 2158 3888 Israeli-

596 3934 678 3982 tas
713 3936 930 3997 propter
978 3934 1200 3996 peccata
1254 3925 1545 3995 punlente,
1595 3939 1693 3980 sua
1726 3923 1889 3979 etiam
1937 3923 2161 3980 nnidine

595 4021 870 4088 graviores
922 4021 978 4074 in
1030 4034 1124 4074 eos
1172 4032 1362 4088 pinnas
1398 4018 1842 4088 excogitaverunt
1894 4025 1948 4072 et
1985 4017 2161 4072 inten-

596 4114 813 4169 derunt.

673 4204 834 4259 Vens.
864 4203 946 4257 l7.
978 4201 1063 4256 Nil
1082 4201 1425 4272 profecturos
1454 4202 1693 4259 hostium
1724 4201 1980 4256 incursus
2003 4200 2158 4266 dicit,

595 4295 716 4365 ipso
754 4295 1047 4350 Jerusalem
1075 4301 1424 4363 protegente;
1453 4307 1562 4348 non
1599 4291 1745 4346 enim
1769 4291 1970 4346 valebit
2000 4307 2162 4346 omne

597 4402 694 4442 vas
725 4386 922 4442 hostile
950 4387 1005 4440 in
1037 4401 1169 4451 vos;
1204 4384 1517 4455 vosmetipsi
1551 4383 1900 4456 superabitis.

671 4565 799 4621 Cu.
831 4564 941 4631 LV,
977 4564 1143 4621 Vens.
1176 4566 1230 4619 ἓ.
1279 4565 1510 4622 Paratus
1543 4575 1626 4622 cst
1658 4565 1922 4623 Dominus
1952 4567 2022 4624 ad
2062 4568 2164 4623 du-

601 4659 806 4714 cendos
831 4658 1102 4721 homines,
1138 4660 1204 4714 ad
1237 4675 1332 4715 eos
1354 4660 1510 4716 bonis
1538 4659 1822 4718 donandos
1853 4663 2164 4718 misericors

601 4750 780 4819 Deus;
826 4766 927 4808 nec
963 4751 1108 4806 dona
1161 4754 1495 4824 temporaria
1544 4754 1705 4810 modo
1757 4755 1847 4810 hic
1895 4770 1955 4811 se
2005 4755 2166 4810 nobis

601 4843 924 4913 largiturum
981 4844 1301 4910 annuntiat,
1359 4845 1452 4901 sed
1505 4853 1559 4900 et
1613 4854 1814 4902 aeterna
1873 4847 1928 4902 in
1978 4850 2160 4915 coelo;

602 4936 739 4991 nihil
763 4935 910 4991 aliud
939 4953 970 4990 a
1012 4937 1168 4992 nobis
1207 4937 1503 5007 deposcet,
1547 4939 1654 4993 nisi
1685 4939 1927 4994 animum
1953 4948 2167 5012 gratum

602 5037 656 5083 et
683 5027 914 5084 docilem
937 5068 953 5094 ,
985 5029 1199 5086 docenti
1227 5031 1658 5087 consentientem
1677 5073 1691 5098 ,
1717 5039 1771 5087 et
1798 5033 2017 5087 vocanti
2045 5048 2166 5086 cum

605 5121 789 5176 studio
819 5125 1261 5193 respondentem.

679 5210 841 5270 Vens.
874 5214 928 5270 5.
963 5215 1199 5271 Auribus
1229 5216 1507 5273 attendere
1531 5216 1658 5272 dum
1684 5217 1870 5288 jubet,
1908 5233 2016 5273 non
2050 5234 2175 5274 seu-

607 5322 702 5362 sus
730 5308 976 5378 corporis
1010 5309 1292 5365 intendere
1329 5309 1567 5367 videtur.
1601 5309 1738 5366 Nam
1773 5311 1950 5368 oculis
1998 5321 2175 5370 atten-

608 5398 831 5468 dentes,
864 5399 1056 5458 iisdem
1099 5403 1290 5458 audirc
1326 5419 1436 5458 non
1481 5405 1767 5472 valemus;
1807 5422 1910 5463 nec
1947 5407 2174 5465 auribus

611 5493 949 5561 attendenti,
987 5496 1177 5552 iisdem
1220 5497 1404 5553 videre
1456 5499 1601 5553 licet.
1674 5499 1829 5566 Quod
1888 5501 2052 5556 etiam
2110 5501 2175 5556 de

613 5589 821 5642 caeteris
878 5591 1126 5660 corporis
1155 5593 1408 5648 sensibus
1451 5593 1614 5647 valet.
1649 5591 1767 5659 Quo
1805 5603 2022 5650 constat
2051 5610 2174 5650 eum

689 5749 733 5782 "
751 5747 906 5804 Joan.
953 5765 1024 5816 lli,
1050 5751 1136 5806 54.

2261 3196 2664 3250 πιστευσάντων
2695 3194 2803 3247 τῶν
2833 3194 3020 3247 ἐθνῶν.

2328 3287 2402 3341 Τὸ
2433 3286 2808 3356 ἀμνησίκακον
2833 3282 2924 3336 τοῦ
2953 3281 3088 3336 Θεοῦ
3118 3281 3212 3336 καὶ
3244 3283 3299 3335 ἐν
3333 3280 3507 3352 τούτῳ
3534 3280 3789 3353 δηλοῦται
3811 3298 3826 3310 ⁸

2257 3379 2398 3433 οὔτω
2435 3378 2544 3450 γάρ
2574 3393 2726 3448 φησισ
2763 3376 3110 3447 Συγχωρήσω
3136 3374 3206 3428 τὰ
3242 3373 3690 3444 πλημμελήματά
3722 3391 3825 3438 σοι,

2257 3471 2332 3536 ὡς
2367 3470 2498 3543 μηδὲ
2542 3471 2623 3532 είς
2666 3469 2968 3539 ὑπόμνησιν
3002 3467 3182 3520 αὐτῶν
3214 3483 3344 3520 ποτε
3384 3467 3600 3520 ἐλθόντα
3635 3466 3828 3518 ὀνειδί-

2261 3581 2351 3617 σαι
2370 3579 2385 3592 ·
2417 3561 2669 3633 καθάπερ
2697 3558 2942 3614 ποιοῦσιν
2969 3561 3015 3613 οί
3049 3561 3313 3629 γυναῖκας
3345 3557 3698 3629 ἀμαρτούσας
3721 3556 3830 3610 δλί·

2260 3674 2354 3726 γον
2392 3655 2815 3728 ἀπορρίψαντες.

2330 3748 2442 3818 Τῆς
2472 3746 2860 3817 ἀπανθρωπίας
2886 3744 3115 3798 ἐνταῦθα
3139 3748 3522 3818 κατηγορεῖται
3547 3745 3656 3798 τῶν
3689 3745 3831 3798 Χαλ-

2259 3841 2443 3906 δαίων,
2471 3839 2743 3893 λαϐόντων
2785 3838 2884 3909 μὲν
2931 3835 3082 3910 παρὰ
3129 3837 3224 3891 τοῦ
3265 3838 3398 3891 Θεοῦ
3445 3837 3508 3891 τὸ
3549 3837 3834 3908 ἐνδόσιμον

2259 3935 2352 3990 τοῦ
2378 3932 2796 4006 τιμωρήσασθαι
2832 3931 2957 3997 τοὺς
2998 3931 3336 4005 Ἰσραηλίτας
3361 3931 3450 3986 διὰ
3476 3931 3545 3984 τὰ
3576 3931 3832 4001 πλημμε-

2259 4027 2489 4098 ληθέντα
2517 4027 2715 4088 αὐτοῖς,
2751 4024 2892 4095 ἰσχύϊ
2925 4024 2982 4076 δὲ
3025 4023 3129 4095 ἰδίᾳ
3171 4023 3542 4095 λογισαμένων
3584 4034 3678 4077 καὶ
3720 4026 3834 4076 ἔπιέ

2261 4119 2542 4173 τεινόντων
2573 4118 2754 4180 αὐτοῖς
2787 4115 2857 4169 τὰ
2887 4115 3054 4171 δεινά.

2331 4213 2442 4284 Τὴν
2468 4211 2616 4284 παρά
2642 4209 2748 4263 τῶν
2775 4209 3048 4281 πολεμίων
3087 4208 3273 4280 ἔφοδον
3311 4209 3412 4280 τῆς
3441 4208 3603 4262 αὐτοῦ
3646 4205 3824 4277 ῥοπῆς

2265 4302 2541 4374 παρούσης
2572 4301 2755 4364 αὐτοῖς
2795 4299 3146 4370 ἀδυνατήσειν
3192 4298 3375 4368 λέγει·
3411 4297 3526 4350 οὐδὲ
3563 4294 3665 4365 γὰρ
3709 4297 3829 4347 πᾶν

2267 4396 2456 4459 σκεῦος
2481 4393 2774 4464 πολεμικὸν
2808 4391 3014 4464 ἰσχύσει
3054 4391 3175 4445 καθ’
3205 4389 3362 4461 ὑμῶν
3381 4405 3396 4419 ·
3424 4391 3573 4459 ὑμεῖς
3600 4403 3830 4458 περιγεο

2194 4463 2240 4520 Ῑ)
2267 4485 2494 4540 νῇσεσθε
2524 4484 2698 4555 ὑμῶν.

2335 4580 2589 4650 Ἐτοιμος
2626 4576 2700 4630 ὢν
2754 4575 2891 4648 πρὸς
2931 4573 3032 4638 τὰς
3067 4572 3331 4645 χορηγίας
3353 4573 3382 4625 ὁ
3412 4569 3707 4639 Δεσπότης,
3740 4569 3833 4622 καὶ

2264 4671 2441 4744 βρύων
2475 4673 2586 4733 τοῖς
2624 4667 2847 4738 ἀγαθοῖς
2896 4669 2924 4720 ὁ
2973 4665 3350 4736 φιλάνθρωπος
3387 4663 3549 4726 Θεός·
3580 4663 3642 4715 οὐ
3674 4660 3834 4731 μόνον

2262 4765 2372 4837 γὰρ
2409 4763 2477 4817 τά
2509 4760 2740 4817 ἐνταῦθα
2786 4757 2967 4828 ἀγαθά
3002 4755 3401 4826 ἐπαγγέλλεται
3438 4753 3652 4816 δώσειν,
3699 4750 3836 4805 ἀλλά

2263 4858 2357 4910 καὶ
2395 4854 2503 4908 τῶν
2533 4852 2825 4926 μετέπειτα
2857 4851 3088 4904 αἰωνίων
3111 4847 3332 4920 δωρεῶν
3361 4847 3459 4918 τὴν
3494 4845 3795 4898 ἀπόλαυσιν
3817 4859 3832 4873 ·

2266 4949 2416 5003 οὐδὲν
2441 4947 2528 5000 ἓτε
2538 4963 2627 5020 ρον
2652 4945 2873 4999 ἀπαιτεῖ
2902 4943 2934 5014 ἢ
2971 4940 3289 5012 εὐγνώμονα
3315 4937 3611 5010 ἀκροατὴν,
3638 4936 3841 4989 συνιένο

2267 5059 2336 5095 τα
2373 5040 2466 5111 μὲν
2511 5038 2580 5092 τά
2621 5037 2907 5107 λεγόμενα,
2941 5033 3345 5104 προστρέχοντα
3384 5031 3442 5085 δὲ
3478 5029 3558 5102 τῷ
3585 5029 3840 5084 καλοῦντι

2273 5131 2389 5203 μετ’
2417 5130 2648 5193 εὐνοίας.

2297 5262 2306 5264 -η
2341 5224 2414 5276 Τὸ
2448 5223 2736 5295 προσέχειν
2763 5217 2897 5271 ὠσὶν
2925 5218 3001 5282 ὡς
3027 5211 3159 5288 ἧκεν
3187 5217 3268 5278 εἰς
3314 5213 3413 5276 τὰς
3445 5212 3541 5265 τοῦ
3585 5209 3840 5279 σώματος

2274 5317 2561 5388 αἰσθήσεις
2599 5311 2953 5368 ἀνακόλουθον
2985 5306 3122 5363 εἶναι
3166 5308 3343 5360 δοκεῖ’
3390 5304 3688 5374 ὀφθαλμοῖς
3732 5301 3841 5371 γὰρ

2274 5408 2648 5482 προσέχοντες,
2692 5406 2804 5469 τοῖς
2844 5404 3028 5466 αὐτοῖς
3061 5401 3155 5455 καὶ
3195 5399 3412 5454 ἀκούειν
3441 5398 3502 5450 οὐ
3532 5393 3838 5466 δυνάμεθα*

2274 5480 2366 5553 καὶ
2416 5498 2548 5551 ὠσὶν
2595 5494 2902 5561 ἀκούοντες,
2947 5491 3153 5555 τούτοις
3210 5488 3425 5560 βλέπειν
3485 5487 3582 5556 οὐχ
3642 5480 3744 5538 οἷοί
3780 5482 3847 5535 τέ

2274 5594 2438 5662 ἐσμεν
2462 5607 2476 5622 ·
2509 5587 2707 5659 ὁμοίως
2738 5586 2794 5639 δὲ
2837 5585 2932 5639 καὶ
2979 5583 3070 5636 ἐπὶ
3109 5580 3218 5634 τῶν
3248 5578 3419 5634 ἄλλων
3447 5575 3556 5629 τῶν
3592 5573 3732 5628 κατὰ
3779 5571 3848 5625 τὸ
