4116 6332
358 263 481 320 1361

1779 279 1844 333 IN
1886 280 2136 336 ISAIAM.

3466 297 3602 352 1563

359 383 514 453 σῶμα
572 380 911 452 αίσθήσεων·
962 386 1038 450 ὡς
1090 387 1153 440 ἐκ
1212 390 1399 444 τούτου
1445 392 1749 450 δείκνυσθαι
1806 415 1932 469 συμ-

2037 402 2194 457 nobis
2224 403 2544 468 consulere,
2579 411 2635 460 ut
2671 404 2846 476 oculis
2879 405 3044 458 animi
3074 414 3448 474 attendamus,
3481 410 3600 480 qui-

358 471 629 542 βουλεύειν
675 475 858 540 αὐτοῖς
900 477 1186 548 προσέχειν
1217 481 1354 534 κατὰ
1385 485 1509 547 τοὺς
1556 486 1654 554 τῆς
1694 486 1929 552 διανοίας

354 564 688 652 ὀφθαλμοὺς,
722 566 843 618 καθ’
875 567 968 631 οὓς
999 571 1090 622 καὶ
1117 572 1338 625 ἀκούειν
1360 574 1581 629 δυνατόν
1601 594 1614 607 ·
1645 578 1790 648 ἁπλῆ
1817 580 1929 652 γάρ

352 673 434 718 τις
457 651 593 709 οὖσα
625 657 658 727 ή
696 656 840 728 ψυχὴ
871 660 964 714 καὶ
997 663 1270 734 μονοειδὴς
1297 664 1394 736 τὴν
1425 666 1605 736 φύσιν,
1643 672 1740 740 μιᾷ
1774 671 1930 726 δυνά-

357 764 446 816 μει
478 747 541 800 τό
566 765 624 799 τε
651 749 866 802 ἀκούειν
901 753 992 804 καὶ
1027 755 1158 825 ὁρᾷν
1188 756 1467 829 κέκτηται.

435 839 575 892 Ἀλλ’
622 841 751 904 τσως
797 848 1118 915 στενοχωρεῖ
1166 847 1330 918 ὑμᾶς,
1385 852 1478 904 καὶ
1529 853 1726 907 κωλύει
1779 855 1928 927 αὐτῷ

354 935 690 1001 προσφυγεῖν
726 933 785 986 τὸ
820 933 1020 1006 πλῆθος
1044 937 1151 990 τῶν
1183 941 1463 1012 ἁμαρτιῶν
1495 944 1587 997 καλ⁴
1622 945 1681 997 τὸ
1719 946 1798 1009 εἰς
1835 947 1929 999 αύ-

353 1023 444 1077 τὸν
487 1025 848 1095 ἠσεϐηκέναι·
882 1029 998 1082 ἀλλ’
1047 1032 1167 1084 οὐδέ
1203 1052 1305 1087 που
1349 1036 1489 1105 μέγα
1538 1037 1766 1109 κώλυμα
1802 1043 1928 1111 ὑμῖν

355 1119 624 1182 φανεῖται,
662 1119 710 1169 εἰ
739 1119 830 1170 τὸν
875 1119 1036 1172 αὐτοῦ
1079 1121 1225 1176 ἔλεον
1268 1125 1472 1192 ἄξαι-ιον
1521 1129 1648 1181 ὄντα
1696 1128 1929 1201 ἐνθυμη-

356 1209 504 1280 θῆτε.
535 1210 610 1262 Οὐ
639 1209 744 1280 γάρ
770 1211 1005 1265 τοσαῦτα
1042 1213 1194 1267 ἕσται
1222 1215 1373 1285 ὑμῶν
1402 1219 1465 1271 τὰ
1493 1221 1658 1282 κακὰ,
1685 1220 1759 1284 ὡς
1785 1223 1930 1292 νικῆ-

357 1321 447 1356 σαι
474 1302 568 1355 καὶ
595 1305 919 1374 ὑπερϐαλεῖν
941 1305 1037 1377 τὴν
1070 1308 1234 1360 αὑτοῦ
1271 1309 1676 1381 φιλανθρωπίαν
1701 1329 1714 1343 ·
1763 1314 1929 1378 πολὺς

355 1396 461 1466 γὰρ
502 1396 577 1448 ὢν
613 1399 670 1450 ἐν
713 1400 1034 1469 οἰκτιρμοῖς,
1069 1400 1264 1472 πολλὴν
1309 1403 1401 1456 καὶ
1441 1405 1538 1475 τὴν
1587 1405 1778 1475 ἄφεσιν
1820 1407 1928 1460 τῶν

355 1489 639 1559 ἁμαρτιῶν
664 1491 816 1560 ὑμῶν
842 1493 1156 1562 ποιήσεται·
1183 1494 1273 1546 καὶ
1295 1494 1467 1560 οῦτως
1493 1498 1634 1567 ὑμᾶς
1658 1498 1930 1571 καθαροὺς

355 1579 647 1646 ἀποδείξει,
694 1581 769 1644 ὡς
819 1581 950 1652 μηδέ
999 1581 1144 1652 ἴχνος
1189 1583 1457 1648 σώζεσθαι
1498 1586 1608 1640 τῶν
1651 1589 1928 1660 προτέρων

355 1672 508 1742 ὑμῶν
536 1674 751 1745 άμαρτη
761 1673 963 1744 μάτων.

422 1766 465 1818 Τ
468 1764 536 1836 ὴν
561 1767 651 1818 ἐπὶ
673 1769 792 1829 ταῖς
829 1768 1070 1832 ἐντολαῖς
1100 1769 1193 1822 τοῦ
1228 1770 1394 1841 νόμου
1425 1771 1631 1826 εὐοδίαν
1667 1772 1925 1844 παρέξειν
1960 1751 2000 1807 Β

349 1857 538 1920 αὐτοῖς
567 1859 957 1927 ἐπαγγέλλεται
981 1861 1132 1925 Θεὸς,
1175 1862 1333 1932 μόνον
1359 1864 1407 1914 εί
1439 1865 1662 1927 ἑαυτοὺς
1695 1867 1929 1936 ἐργάτας

349 1947 535 2001 αὐτῶν
573 1947 742 2013 δεῖξαι
779 1949 1148 2020 ἐθελήσουσιν,
1179 1951 1341 2005 αὑτοῦ
1369 1954 1730 2025 χορηγοῦντος
1778 1956 1928 2025 ἰσχὺν

348 2041 488 2108 πρὸς
513 2039 575 2093 τὺ
606 2041 910 2094 ἐπιτελέσαι
952 2041 1171 2106 ταύτας.
1204 2045 1277 2096 Ού
1319 2044 1424 2114 μὴν
1458 2044 1592 2098 ἀλλὰ
1627 2046 1719 2098 κοιλ⁹
1749 2044 1843 2116 τὴν
1866 2048 1930 2100 ἐκ

346 2135 448 2204 τῆς
483 2133 873 2206 αἰχμαλωσίας
918 2134 1103 2189 ἄνοδον
1143 2134 1314 2200 οὕτως
1350 2136 1528 2201 ἔδοξεν
1563 2138 1757 2200 αὐτοὺς
1805 2139 1930 2202 τοὺς

347 2224 616 2292 ἀφιέντας
647 2226 917 2294 τοσαύτην
949 2225 1238 2279 ἀναλαϐεῖν
1266 2227 1572 2298 προθυμίαν
1601 2229 1697 2298 τῆς
1728 2228 1930 2282 τούτων

345 2316 663 2386 ἐκπομπῆς,
695 2316 770 2380 ὡς
803 2316 942 2387 μετά
973 2317 1296 2389 δορυφορίας
1327 2319 1418 2370 καὶ
1442 2319 1732 2390 ὁδηγήσειν
1752 2335 1763 2346 ·
1794 2320 1930 2392 ὅπερ

345 2407 440 2460 ἐπὶ
465 2406 654 2478 Κύρου
679 2407 771 2460 τοῦ
821 2406 1080 2476 βασιλέως
1102 2408 1328 2480 Περσῶν
1358 2410 1678 2482 ἐπληροῦτο,
1713 2428 1934 2482 τρανου-

351 2497 527 2567 μένης
556 2497 655 2567 τῆς
683 2497 777 2549 τοῦ
810 2497 944 2549 Θεοῦ
962 2500 1131 2568 ῥοπῆς
1151 2515 1163 2528 ·
1189 2499 1280 2552 καὶ
1304 2500 1388 2551 ἐπ’
1417 2500 1594 2553 αὐτῶν
1628 2501 1733 2552 τῶν
1759 2501 1930 2572 ὀρέων

345 2591 404 2641 ὲν
460 2591 532 2658 τῇ
586 2589 791 2641 τούτων
838 2591 1047 2660 κινήσει
1087 2589 1183 2660 τὴν
1237 2591 1554 2658 ἀγαλλίασιν
1586 2592 1929 2656 δεικνύντων,

346 2682 427 2734 ἑτι
476 2681 585 2752 μὴν
653 2681 748 2734 καὶ
820 2681 993 2734 ἄλλων
1041 2683 1281 2752 σημείων
1341 2684 1927 2755 παρακολουθούντων·

348 2773 543 2843 ὥσπερ
603 2771 711 2840 γὰρ
760 2772 852 2823 ἐπὶ
900 2771 998 2841 τὴν
1041 2771 1245 2844 ἔρημον
1297 2773 1536 2827 διιόντων
1592 2772 1930 2845 ὑπεχώρειή

363 2863 603 2935 Ἐρυθρὰ
622 2861 885 2924 θάλασσα,
933 2863 1125 2926 οὕτως,
1175 2862 1422 2926 ἐξιόντων
1455 2865 1560 2916 ἀπὸ
1592 2866 1688 2933 τῆς
1731 2865 1931 2934 αἰχμα-

350 2957 576 3018 λωσίας,
620 2957 908 3025 ἱστορεῖται
946 2954 1036 3007 τὸν
1070 2956 1260 3026 Τίγριν
1296 2957 1536 3026 ποταμὸν
1576 2957 1694 3010 ποδὶ
1734 2959 1930 3020 αὐτοὺς

350 3044 756 3112 διαϐεϐηκέναι,
807 3044 948 3097 καθὰ
1006 3045 1097 3097 καὶ
1137 3048 1166 3098 ὁ
1207 3045 1495 3116 Ἰορδάνης·
1533 3047 1625 3098 καὶ
1660 3047 1928 3116 τοσαύτην

357 3135 661 3204 μεταϐολήν
714 3134 784 3188 τά
829 3135 929 3204 ὄρη
972 3135 1174 3200 λαϐεῖν,
1219 3137 1339 3188 ἀντὶ
1378 3137 1476 3204 τῆς
1516 3137 1927 3204 καταλαϐούσης

2031 3062 2060 3099 a
2085 3045 2194 3101 Deo
2221 3044 2392 3099 fuisse
2427 3045 2502 3098 ita
2555 3046 2907 3107 immutatos,
2944 3055 3002 3099 ut
3056 3061 3164 3100 non
3213 3047 3327 3102 suis
3357 3055 3592 3110 tantum,

2032 3138 2126 3192 sed
2160 3144 2215 3190 et
2244 3136 2473 3191 exoticis
2505 3136 2798 3193 arboribus
2840 3136 3120 3194 florerent.
3175 3138 3292 3204 Qua
3328 3140 3592 3193 montium

357 3135 661 3209 μεταϐολήν
714 3134 784 3188 τά
829 3135 929 3207 ὄρη
972 3135 1174 3200 λαϐεῖν,
1219 3137 1339 3188 ἀντὶ
1378 3137 1476 3206 τῆς
1516 3137 1927 3206 καταλαϐούσης

355 3231 423 3284 ἐκ
475 3227 582 3282 τῶν
626 3227 898 3300 πολεμίων
957 3228 1212 3299 ἐρημίας,
1254 3228 1328 3292 ὠς
1381 3230 1473 3281 καὶ
1492 3228 1724 3301 δένδρων
1762 3229 1926 3293 ξένων

353 3320 510 3393 παρά
559 3320 627 3374 τά
654 3321 782 3374 ὄντα
813 3319 1056 3375 ἐκδοῦναι
1100 3320 1333 3391 βλάστην
1354 3337 1366 3350 ·
1399 3322 1491 3373 καὶ
1523 3321 1619 3393 τὴν
1651 3320 1743 3374 τοῦ
1790 3321 1924 3374 Θεοῦ

2031 494 2133 548 bus
2157 500 2210 547 et
2233 494 2421 548 audire
2448 493 2532 548 fas
2561 503 2640 548 est
2670 515 2684 560 ;
2721 495 2947 564 simplex
2977 496 3123 550 enim
3152 512 3272 551 cum
3303 500 3372 553 sit
3404 509 3600 556 natura

2031 587 2247 640 animus
2284 595 2337 639 et
2383 585 2782 656 incompositus
2808 629 2822 654 ,
2855 602 2959 644 una
3002 588 3300 660 eademque
3344 590 3598 651 facultate

2031 679 2184 732 audit
2215 694 2277 732 ac
2311 679 2474 734 videt.

2101 848 2266 904 Vens.
2297 849 2345 904 7.
2381 847 2687 920 Impediunt
2718 857 2770 903 te
2805 850 3037 904 fortasse
3065 859 3284 919 peccata
3317 859 3407 905 tua
3437 859 3600 922 atque

2029 940 2085 994 in
2107 938 2272 994 Deum
2297 940 2572 1009 impietas,
2607 949 2658 995 et
2687 949 2870 995 vetant
2897 956 2966 995 ne
2990 941 3055 994 ad
3084 941 3260 1010 ipsum
3289 941 3597 1012 confugias.

2030 1032 2184 1098 Quod
2239 1033 2284 1086 si
2344 1041 2526 1086 autem
2583 1031 3012 1086 misericordiam
3058 1031 3178 1101 ejus
3226 1032 3596 1104 perpenderis,

2026 1125 2136 1194 jam
2167 1123 2302 1176 nihil
2336 1131 2388 1178 te
2430 1121 2697 1192 impedire
2731 1122 2972 1189 valebit;
3011 1139 3120 1176 non
3164 1123 3308 1177 enim
3342 1139 3404 1178 ea
3439 1133 3600 1179 erunt

2031 1223 2252 1286 peccata
2287 1224 2400 1280 tua,
2428 1230 2548 1284 qua:
2590 1214 2979 1285 benignitatem
3007 1215 3125 1284 ejus
3157 1216 3377 1269 vincere
3405 1225 3459 1270 et
3507 1232 3600 1271 su-

2030 1323 2220 1377 perare
2249 1307 2499 1378 possint;
2547 1307 2748 1360 multus
2779 1308 2894 1376 ipse
2930 1307 2980 1360 in
3034 1308 3430 1373 misericordia,
3463 1310 3599 1362 mul-

2030 1410 2082 1452 ta
2137 1415 2354 1471 quoque
2400 1408 2622 1470 peccata
2668 1399 2943 1463 dimittet,
2991 1409 3043 1455 et
3096 1401 3168 1455 ita
3220 1416 3314 1454 vos
3364 1402 3596 1457 mundos

2028 1494 2219 1548 elliciet
2251 1534 2264 1555 .
2298 1501 2359 1547 ut
2391 1508 2458 1546 ne
2488 1492 2774 1562 vestigium
2823 1492 3038 1560 quidem
3089 1494 3329 1562 priorum
3367 1492 3595 1548 delicto-

2030 1601 2152 1639 rum
2184 1592 2483 1639 remaneat.

2103 1763 2267 1817 Vnus.
2307 1764 2395 1817 ll.
2432 1763 2728 1829 Prosperas
2755 1764 2868 1818 vias
2893 1764 3312 1818 observantibus
3342 1765 3509 1834 legem
3540 1780 3598 1821 se

2029 1857 2282 1909 daturum
2335 1856 2622 1910 denuntiat
2643 1897 2656 1918 .
2690 1857 2836 1910 vires
2879 1857 2946 1908 ad
2979 1855 3310 1924 perficienda
3344 1857 3596 1910 mandata

2028 1956 2296 2017 prtestaus
2319 1989 2332 2012 ,
2365 1947 2665 2003 dummodo
2700 1947 2834 2018 legis
2867 1946 3101 2002 factores
3144 1964 3202 2002 se
3234 1948 3473 2017 praebere
3502 1964 3595 2003 ve-

2030 2042 2149 2094 lint.
2180 2038 2489 2094 Praesertim
2527 2055 2655 2094 vero
2681 2039 2783 2093 hoc
2817 2038 2926 2092 Deo
2955 2039 3158 2108 placuit
3199 2046 3256 2092 ut
3288 2041 3380 2109 qui
3417 2040 3595 2110 capti-

2028 2133 2244 2187 vitatem
2297 2148 2362 2188 ex
2396 2131 2629 2203 Egypto
2662 2131 2896 2186 soluturi
2935 2138 3091 2185 erant
3119 2170 3133 2195 ,
3172 2147 3387 2184 summo
3416 2124 3598 2186 studio

2027 2241 2164 2294 opus
2195 2240 2352 2279 suum
2379 2224 2732 2292 perficerent,
2785 2222 2888 2292 ipsi
2930 2223 3300 2277 lsraelitarum
3331 2224 3434 2279 iter
3464 2223 3598 2278 diri—

2030 2324 2218 2385 gerent
2269 2324 2323 2370 et
2359 2313 2614 2384 przesidio
2647 2323 2948 2368 tuerentur.
2995 2313 3150 2379 Quod
3193 2315 3452 2385 quidem,
3486 2313 3597 2370 Deo

2023 2405 2278 2474 jubente,
2309 2403 2437 2475 Cyri
2465 2403 2756 2459 Persarum
2787 2403 2932 2473 regis
2957 2419 3058 2472 ope
3092 2404 3296 2459 factum
3317 2416 3431 2473 est;
3459 2405 3596 2476 ipsis

2029 2498 2307 2552 montibus
2337 2499 2404 2552 de
2428 2497 2532 2551 hac
2556 2497 2880 2566 migratione
2907 2498 3342 2562 exsultantibus,
3372 2481 3425 2553 et
3475 2498 3597 2553 aliis

2029 2604 2246 2658 quoque
2282 2587 2676 2659 apparentibus
2718 2587 2912 2656 signis.
2961 2584 3096 2640 Nam
3133 2588 3276 2643 sicut
3319 2587 3594 2643 desertum

2029 2681 2414 2736 accedentibus
2447 2694 2596 2732 mare
2629 2677 2962 2748 Erythraeum
2997 2680 3232 2734 transire
3263 2679 3436 2742 licuit,
3467 2681 3539 2734 ita
3569 2697 3598 2735 e

2029 2773 2343 2841 captivitate
2380 2771 2584 2841 egressi
2632 2770 2796 2824 siccis
2858 2771 3088 2840 pedibus
3138 2773 3339 2829 flumen
3389 2773 3594 2844 Tigrim

2029 2864 2311 2932 trajecisse
2355 2871 2680 2927 narrantur,
2731 2873 2790 2917 ut
2835 2865 2964 2918 olim
3006 2863 3330 2929 Jordauem,
3365 2866 3598 2922 refertur

2028 2970 2245 3024 quoque
2284 2962 2526 3017 montes,
2561 2955 2626 3008 ab
2657 2956 2908 3010 hostibus
2943 2964 3101 3010 antea
3147 2966 3389 3011 vastatos
3420 2997 3434 3021 ,
3468 2967 3596 3012 tun'.

2031 3062 2060 3099 a
2085 3045 2194 3101 Deo
2221 3044 2392 3099 fuisse
2427 3045 2502 3098 ita
2555 3046 2907 3107 immutatos,
2944 3055 3002 3099 ut
3056 3061 3164 3100 non
3213 3047 3327 3102 suis
3357 3055 3594 3110 tantum,

2033 3227 2409 3282 immutatione
2468 3228 2698 3298 benigne
2763 3228 3140 3299 comprobavit
3197 3229 3340 3284 Deus
3400 3238 3598 3284 cuncta

2033 3320 2202 3389 ipsius
2237 3321 2293 3374 in
2327 3321 2578 3376 manibus
2609 3321 2904 3389 contineri,
2943 3330 2995 3376 et
3035 3329 3217 3376 mente
3247 3320 3430 3391 dirigi.

351 3414 640 3483 εὐμένειαν
678 3415 741 3467 ἐκ
783 3414 882 3485 τῆς
923 3415 1030 3468 τῶν
1064 3414 1232 3485 ὀρέων
1277 3413 1578 3486 μεταϐολῆς
1608 3416 1914 3486 δειχθῆναι·
1956 3411 2029 3477 ὡς
2063 3415 2236 3468 πάντα
2264 3414 2503 3468 συντελεῖ
2530 3417 2608 3479 εἰς
2625 3418 2724 3486 τὴν
2752 3416 2843 3468 τοῦ
2866 3414 3000 3468 Θεοῦ
3043 3415 3292 3487 δύναμιν.
3353 3417 3445 3470 καὶ
3503 3415 3601 3487 τὴν

353 3508 566 3561 ἐκείνου
603 3510 850 3579 μήνυσιν.

430 3601 504 3653 Ού
536 3601 713 3654 τοίνυν
758 3601 939 3670 ὠνητὰ
979 3602 1048 3654 τά
1077 3602 1226 3671 παρὰ
1262 3602 1418 3668 Θεοῦ,
1461 3601 1597 3656 ἀλλὰ
1633 3602 1833 3673 προῖκά
1871 3618 1929 3653 τε

353 3695 454 3749 καὶ
486 3694 651 3766 χωρὶς
683 3694 946 3766 ἀργυρίου
977 3694 1148 3746 ταῦτα
1197 3693 1429 3764 λήψεσθε
1450 3712 1462 3724 ·
1494 3693 1615 3746 ούδέ
1648 3693 1756 3765 γάρ
1789 3693 1929 3746 οἴνου

354 3785 518 3856 χρεία
576 3787 655 3848 είς
708 3785 958 3856 σπονδὴν,
1003 3786 1097 3838 καὶ
1141 3786 1356 3850 στέατος
1404 3788 1483 3849 είς
1518 3787 1736 3841 θυσίαν·
1775 3786 1810 3840 ἃ
1840 3788 1932 3840 καὶ

307 3929 317 3940 ,
353 3875 532 3930 ταῦτα
570 3876 833 3947 ἀργυρίου
879 3876 1194 3946 ὠνούμενοι,
1229 3877 1378 3929 οὐδὲν
1405 3877 1565 3930 πλέον
1589 3877 1930 3948 ἀποφέρεσθε

351 3971 438 4031 είς
465 3966 647 4038 ὄνησιν
671 3967 956 4038 ἢκόπον,ἢ
988 3967 1205 4039 μόχθον,
1227 3967 1300 4038 μὴ
1331 3967 1498 4022 ὅντων
1530 3967 1726 4021 ίκανῶν
1749 3967 1929 4021 δυσω-

354 4078 434 4130 πη
447 4049 650 4129 μάτων.

441 4148 651 4220 Ὑμεῖς,
695 4150 879 4220 φησὶν,
914 4151 961 4202 οἱ
1009 4150 1332 4219 ἀλλογενεῖς,
1367 4151 1416 4202 oi
1454 4149 1534 4221 τῷ
1566 4150 1683 4220 Θεῷ
1715 4150 1933 4204 ἀνακείο

358 4255 538 4311 μενοι,
595 4238 689 4292 καὶ
742 4239 881 4291 κατά
936 4240 1035 4302 τὰς
1082 4239 1300 4304 ἐντολὰς
1344 4239 1508 4294 αὑτοῦ
1559 4239 1817 4310 βιοῦντες,
1857 4241 1931 4310 μὴ

353 4328 649 4398 λογίσησθε
700 4331 921 4394 ἑαυτοὺς
975 4332 1372 4402 μακαριότητος
1414 4331 1789 4398 ἐπιτεύξεσθαι
1838 4333 1932 4386 καὶ

2100 3597 2267 3652 Vens.
2313 3597 2395 3651 l5.
2437 3595 2554 3650 Non
2603 3596 2772 3667 igitur
2817 3612 2926 3651 aere
2961 3597 3129 3661 dato,
3179 3598 3273 3653 sed
3329 3599 3499 3668 gratis
3546 3603 3602 3654 et

2029 3690 2148 3746 sine
2200 3691 2433 3760 pecunia
2486 3688 2626 3745 dona
2685 3687 2780 3743 Dei
2821 3690 3279 3759 consequemini;
3340 3704 3450 3744 non
3489 3691 3600 3746 vini

2029 3783 2381 3839 libaminibus
2405 3821 2420 3847 ,
2447 3790 2541 3836 aut
2571 3781 2918 3836 victimarum
2941 3779 3100 3850 adipe
3129 3780 3385 3851 indigetis
3414 3799 3428 3848 ;
3475 3783 3600 3852 qui-

2028 3877 2130 3930 bus
2161 3874 2344 3938 enim,
2401 3884 2454 3929 et
2480 3874 2604 3927 aliis
2637 3871 2812 3941 pretio
2845 3871 3079 3941 emptis,
3120 3887 3228 3926 non
3269 3873 3392 3943 plus
3439 3873 3603 3944 profl-

2031 3968 2188 4021 cietis
2213 4007 2227 4030 ,
2256 3981 2417 4036 quam
2455 3965 2735 4020 laboribus
2769 3971 2822 4017 et
2853 3962 3281 4034 defatigatione;
3315 3965 3428 4018 haec
3456 3963 3601 4019 enim

2031 4075 2139 4114 non
2174 4057 2449 4114 sufﬁciunt
2491 4055 2558 4110 ad
2593 4055 2919 4110 flectendum
2955 4053 3124 4108 Deum

2105 4149 2232 4204 CAP.
2264 4148 2398 4210 LVl,
2438 4148 2604 4202 Vens.
2637 4149 2690 4202 5.
2725 4145 2854 4211 Vos,
2893 4145 3092 4216 inquit,
3121 4145 3436 4214 alienigena:
3463 4185 3478 4210 ,
3509 4144 3602 4215 qui

2037 4241 2144 4293 Deo
2207 4241 2436 4310 appositi
2492 4238 2668 4302 estis,
2722 4244 2776 4292 et
2827 4237 2892 4292 ad
2945 4243 3214 4306 praecepta
3273 4235 3392 4306 ejus
3437 4235 3603 4290 vitam

2033 4335 2326 4398 instruitis,
2357 4349 2424 4388 ne
2441 4333 2644 4403 putetis
2675 4348 2770 4386 vos
2799 4330 3188 4384 beatitudinem
3213 4339 3604 4384 consecuturos

353 4422 454 4473 τοῦ
491 4419 692 4490 κλήρου
731 4419 837 4472 τῶν
887 4421 1085 4487 ἁγίων·
1115 4420 1229 4473 ἀλλ’
1252 4422 1622 4493 ἐπιστάμενοι,
1644 4423 1720 4486 ὡς
1741 4422 1932 4492 τρόπος

2037 4437 2091 4480 et
2152 4424 2521 4480 haareditatem
2576 4429 2938 4487 sanctorum;
2991 4421 3086 4475 sed
3143 4420 3245 4475 hoc
3309 4420 3602 4485 recordati,

358 4510 513 4580 ὑμᾶς
563 4509 817 4564 συνάπτει
868 4510 944 4581 τῷ
992 4511 1257 4584 Ἀϐραὰμ,
1303 4514 1396 4566 καὶ
1429 4515 1488 4567 ού
1539 4515 1729 4582 γένους
1775 4515 1934 4584 ἀγχι-

357 4599 540 4661 στεία,
579 4599 723 4668 ὴθῶν
761 4602 1072 4672 ἐπιμέλειαν
1104 4603 1365 4668 ποιεῖσθε,
1397 4607 1490 4658 καὶ
1516 4604 1633 4676 Θεῷ
1667 4605 1936 4658 δουλεύειν

358 4691 646 4756 σπεύδετε,
697 4693 791 4747 καὶ
820 4696 878 4748 οὐ
941 4695 1466 4768 φυλοκρινηθήσεσθε
1495 4697 1587 4749 τοῦ
1622 4697 1810 4766 γένους
1829 4697 1936 4752 τῶν

359 4782 609 4836 δικαίων.

451 4875 677 4943 Ἐπάγει
723 4877 920 4939 αὐτοὺς
970 4880 1049 4941 εἰς
1099 4880 1423 4948 κατανόησιν
1480 4878 1567 4931 διὰ
1601 4880 1801 4932 τούτων
1829 4880 1937 4933 τῶν

360 4967 479 5026 τοῖς
506 4963 731 5028 δικαίοις
762 4966 1126 5037 ὀφειλομένων
1147 4969 1411 5040 ἀμοιϐὦν.

441 5055 608 5110 Πάλιν
638 5059 701 5108 ἐκ
746 5060 1108 5130 προσαγωγῆς
1140 5062 1219 5124 εἰς
1243 5060 1586 5131 συναίσθησιν
1610 5061 1805 5125 αὑτοὺς
1828 5062 1937 5114 τῶν

370 5149 518 5203 ἰδίων
546 5149 1026 5220 πλημμελημάτων
1070 5153 1296 5221 ἀγαγεῖν
1344 5153 1609 5224 βούλεται,
1633 5153 1940 5225 φθεγγομέ-

364 5259 493 5304 νους
526 5243 622 5313 μὲν
651 5243 819 5306 ἀδεῶς
840 5244 978 5295 κατά
1001 5243 1090 5295 τοῦ
1125 5244 1350 5308 δικαίου,
1383 5246 1729 5316 ἀπρονοήτως
1761 5245 1816 5297 δὲ
1844 5245 1938 5299 τοῦ

371 5332 490 5402 βίου
534 5333 723 5386 τούτου
775 5333 1087 5403 νομίζοντας
1127 5336 1594 5391 ἀπαλλάττεσθαι·
1622 5336 1939 5400 ὑποδεικνὺς

369 5423 554 5486 αὐτοῖς
608 5424 682 5489 ὡς
739 5426 1051 5496 ἠρνήθησαν
1083 5426 1181 5496 μὲν
1206 5427 1265 5480 τὸ
1303 5429 1613 5498 σωματικὸν
1647 5425 1785 5493 εἶδος
1830 5429 1939 5482 τῶν

372 5515 545 5582 ἁγίων
567 5533 581 5547 ·
615 5519 681 5587 τῇ
724 5518 778 5570 δὲ
817 5517 924 5571 τῶν
952 5518 1167 5589 τρόπων
1210 5520 1480 5592 μοχθηρίᾳ
1506 5522 1789 5592 ᾠκείωσαν
1815 5524 1940 5576 ἐαυ-

367 5608 498 5671 τους
534 5611 740 5678 μοιχοῖς
763 5627 820 5661 τε
849 5609 940 5661 καὶ
970 5609 1184 5681 πόρνοις
1205 5627 1218 5641 ·
1255 5611 1328 5682 μὴ
1352 5613 1816 5684 ἀναλογισάμενοι,
1841 5614 1936 5677 ὡς,

369 5701 526 5756 αὐτοὶ
585 5703 734 5767 ὅντες
782 5705 1054 5770 ἀπωλείας
1085 5706 1244 5774 ἄξιοι,
1289 5707 1532 5772 κακίζειν
1573 5709 1938 5782 ἐπειράθησαν

2033 4517 2181 4587 quod
2213 4517 2456 4571 moribus
2507 4530 2630 4569 cum
2682 4515 2952 4570 Abraham
3009 4512 3447 4583 conjungimini,
3498 4528 3604 4570 non

2033 4609 2248 4681 generis
2286 4607 2647 4678 cognatione,
2702 4622 2916 4661 morum
2969 4621 3155 4660 curam
3198 4606 3399 4675 geratis
3427 4644 3442 4670 ,
3489 4615 3608 4660 stu.-

2035 4703 2186 4757 diose
2221 4699 2332 4756 Deo
2367 4700 2712 4765 inserviatis,
2741 4709 2795 4755 et
2838 4716 2946 4753 non
2981 4699 3308 4768 separemini
3343 4715 3371 4752 a
3414 4714 3607 4769 genere

2034 4791 2331 4861 iustorum.

2106 4883 2233 4937 CAP.
2265 4882 2424 4947 LVII,
2458 4881 2624 4936 Vens.
2660 4883 2710 4935 l.
2753 4881 2982 4937 Deducit
3011 4898 3105 4938 eos
3139 4881 3205 4936 ad
3235 4881 3611 4952 pmniteutiam

2038 4978 2301 5031 memoria
2338 4977 2608 5031 bonorum
2638 4976 2805 5045 justis
2843 4975 3275 5030 destinatorum.

2111 5067 2275 5122 Vens.
2327 5070 2378 5122 5.
2438 5065 2682 5123 Ulterius
2732 5083 3062 5138 progressus
3122 5069 3320 5122 iterum
3383 5081 3480 5121 eos
3542 5064 3610 5121 ad

2037 5159 2378 5230 agnoscenda
2443 5170 2664 5230 peccata
2734 5161 3004 5216 alduzere
3085 5158 3267 5215 studet
3306 5199 3322 5220 ,
3401 5159 3610 5227 justum

2039 5251 2344 5322 procaciter
2369 5250 2715 5321 increpantes
2735 5295 2748 5314 ,
2780 5262 2833 5307 et
2861 5267 2985 5306 eum
3040 5251 3352 5306 inconsulte
3400 5251 3467 5305 de
3499 5250 3612 5304 vita

2040 5341 2280 5394 ahlatum
2372 5340 2768 5396 existimantes.
2862 5339 3070 5396 lndicat
3134 5355 3228 5396 eos
3295 5354 3612 5410 corpoream

2042 5434 2279 5502 speciem
2314 5441 2630 5487 sanctorum
2665 5436 2970 5504 negavisse,
3010 5444 3064 5490 et
3095 5450 3306 5490 morum
3344 5435 3614 5504 pravitate

2042 5541 2102 5580 se
2133 5525 2281 5594 ipsos
2331 5524 2740 5580 consociavisse
2785 5541 2909 5580 cum
2959 5525 3221 5581 adulteris
3267 5539 3318 5579 et
3371 5524 3616 5579 meretri-

2042 5618 2217 5670 cibus.
2273 5615 2586 5673 Perditione
2624 5617 2774 5686 digni
2806 5633 2927 5672 cum
2968 5626 3192 5683 essent,
3226 5626 3428 5672 temere
3468 5617 3612 5671 viros

2044 5711 2312 5768 lacessere
2369 5711 2550 5766 conati
2591 5719 2718 5766 sunt
2763 5707 2856 5782 qui
2903 5711 2969 5766 de
3003 5719 3152 5769 recto
3181 5724 3373 5766 curare
3411 5717 3464 5766 et
3510 5709 3616 5763 Des
