4116 6332
334 265 352 316 1
363 263 461 319 3G5

1747 263 1810 318 IN
1842 263 2091 320 ISAIAM.

3409 264 3551 321 1566

330 374 891 448 τούτωνοδικαιοσύνην
915 389 928 402 ⁸
965 374 1023 425 οὒ
1057 373 1160 445 μὴν
1179 374 1312 428 ἀλλά
1344 376 1434 428 καὶ
1459 374 1646 445 ὥσπερ
1669 391 1720 427 τι
1753 375 1884 447 κρά-
1910 418 1919 434 ε

2020 376 2245 432 istiuam
2278 378 2522 433 induere.
2546 376 2659 432 lmo
2688 379 2845 448 quasi
2868 380 3033 434 lorica
3058 390 3110 435 et
3129 395 3277 451 ganea
3297 421 3311 445 ,
3336 384 3510 451 inquit
3528 421 3545 450 ,

333 485 417 532 νος
445 467 537 520 καὶ
598 464 822 534 θώρακα
863 465 1232 537 περιτίθεσθαι
1259 467 1456 536 φάσκει
1485 467 1575 520 τὸν
1595 467 1747 532 Θεὸν,
1783 468 1880 532 τὰς

332 559 435 614 τῶν
457 556 758 646 ἀνθρώπων
798 557 1352 630 δικαιοπραγματείας
1379 576 1391 589 ⁸
1433 560 1502 615 τὰ
1543 560 1600 613 δὲ
1635 560 1728 613 ἐπὶ
1747 559 1880 613 Θεοῦ

1989 467 2419 522 circumdabitur
2441 467 2586 524 Deus
2608 468 2769 524 bonis
2794 469 3075 524 hominum
3104 471 3379 539 operibus.
3415 472 3547 539 Quae

1988 556 2205 626 quidem
2231 556 2298 612 de
2330 556 2441 613 Deo
2466 557 2802 627 referuntur,
2826 566 2884 614 ut
2909 559 3191 617 audientes
3210 562 3471 630 excitent,
3496 575 3549 621 et

332 651 579 722 εἴληπται
624 649 973 722 παραμυθίαν
1010 649 1239 722 φέροντα
1277 653 1389 714 τοῖς
1421 652 1715 722 ἀκροαταῖς
1737 668 1752 682 ’
1791 651 1884 704 καὶ

2020 657 2197 727 mutes
2225 664 2414 705 eorum
2445 650 2686 727 erigant,
2738 650 3143 709 recordantium
3180 667 3243 711 se
3280 652 3548 712 iustitiam

333 833 506 886 αὐτῶν
558 831 652 885 καὶ
681 832 880 903 ἔνδυμα
922 832 1057 890 Θεοῦ
1083 832 1354 903 γενέσθαι,
1387 832 1732 904 δικαιοσύνην
1759 851 1885 905 μετ-

337 925 543 978 ιόντων.

409 1013 718 1086 Προειδέναι
751 1016 857 1087 χρὴ
887 1016 947 1069 τὸ
979 1011 1110 1088 ἦθος
1140 1017 1198 1070 τὸ
1241 1017 1580 1082 δεσποτικὸν,
1610 1018 1690 1072 ὅτι
1713 1018 1891 1072 πάντα

337 1107 400 1159 δι’
425 1105 733 1177 ἀγαθότητα
776 1106 1061 1176 προλέγει·
1108 1109 1204 1173 ὡς,
1236 1110 1364 1162 ὅταν
1400 1109 1595 1180 ἀπειλῇ
1631 1110 1748 1179 μὲν,
1783 1108 1889 1171 ἵνα,

341 1197 664 1268 φοϐηθέντες
701 1198 771 1252 τὰ
803 1198 1119 1270 σκυθρωπὰ,
1152 1200 1575 1271 ἐπιστρέψαντες
1600 1200 1693 1254 καὶ
1727 1217 1894 1271 μετα-

340 1288 628 1358 νοήσαντες
682 1288 1034 1359 άπαλλαγῶσι
1080 1291 1180 1362 τῆς
1216 1292 1409 1364 πείρας
1466 1292 1575 1345 τῶν
1602 1292 1817 1346 δεινῶν⁸
1859 1292 1893 1363 ἦ

344 1377 500 1432 πάλιν
531 1380 920 1449 ἐπαγγέλλεται
948 1380 1017 1435 τὰ
1050 1382 1249 1450 ἀγαθὰ,
1273 1384 1360 1436 ἵνα
1385 1386 1505 1448 ταῖς
1545 1383 1894 1453 ἐπαγγελίαις

231 756 235 761 '
333 742 603 811 ἐπεγείρει
667 739 843 794 αὐτῶν
903 740 973 795 τὰ
1020 742 1379 813 φρονήματα,
1440 742 1514 807 ὡς
1574 742 1886 814 δυναμένων

2022 739 2218 796 olendo
2245 740 2341 797 Dei
2371 741 2743 798 indumentum
2771 759 2932 816 posse
2966 743 3097 800 ﬁeri.

2132 1018 2261 1074 CAP.
2303 1018 2431 1087 LX,
2479 1018 2636 1077 Vens.
2679 1022 2731 1076 8.
2771 1020 2890 1077 Prae
2932 1022 3106 1078 oculis
3149 1023 3428 1080 habendus
3471 1035 3555 1081 est

1996 1109 2091 1163 Dei
2124 1123 2244 1165 mos
2272 1117 2492 1180 propter
2521 1110 2910 1181 benignitatem
2937 1121 3163 1166 ventura
3191 1112 3553 1182 praedicentis.

1996 1198 2151 1255 Nunc
2190 1201 2366 1255 minas
2397 1200 2662 1266 intendit,
2714 1210 2776 1257 ut
2803 1201 2939 1256 diris
2966 1204 3275 1272 perterriti,
3310 1218 3408 1275 per
3440 1218 3556 1274 po:-

2000 1293 2287 1347 nitentiam
2318 1301 2372 1348 et
2415 1294 2720 1348 animorum
2764 1295 3174 1350 conversionem
3220 1295 3557 1351 imminentia

2001 1384 2103 1438 sibi
2137 1384 2278 1465 maia
2303 1392 2590 1452 avertant;
2622 1400 2767 1439 nunc
2790 1395 2967 1440 autem
2998 1386 3137 1443 bona
3167 1387 3466 1457 promittit,
3496 1392 3558 1439 ut

344 1468 625 1542 δπιῤῥώσῃ
644 1470 750 1525 τῶν
772 1471 1300 1545 δικαιοπραγούντων
1319 1472 1417 1536 τὰς
1450 1473 1645 1544 ψυχὰς,
1678 1472 1813 1544 πρὸς
1838 1471 1898 1525 τὸ

2025 1483 2270 1531 nstorum
2303 1477 2513 1532 animos
2555 1477 2838 1546 promissis
2881 1477 3195 1544 conﬁrmet,
3241 1485 3295 1534 ct
3329 1478 3561 1549 ﬂagran-

344 1560 548 1635 μᾶλλον
610 1562 826 1634 ἔχεσθαι
876 1564 975 1636 τῆς
1018 1565 1153 1637 πρὸς
1186 1565 1276 1619 τὸν
1314 1565 1449 1621 Θεὸν
1476 1566 1706 1629 ἐλπίδος.
1759 1564 1897 1619 Ἀλλ’

340 1654 460 1709 οὐδὲ
493 1672 594 1709 που
650 1655 742 1710 καὶ
796 1656 1038 1728 ἀνάγκην
1061 1656 1173 1727 ἔχει
1208 1656 1340 1722 Θεὸς
1370 1656 1609 1730 πληροῦν
1629 1658 1832 1712 ταῦτα’
1863 1656 1898 1728 ἢ

340 1745 448 1818 γὰρ
478 1748 925 1818 μετανοησάντων
962 1749 1131 1820 ἀνῆκε
1164 1748 1252 1802 τὸν
1280 1748 1471 1820 θυμὸν,
1511 1749 1568 1819 ἥ,
1611 1747 1685 1821 μὴ
1713 1750 1905 1820 ἐμμει-
1936 1729 1981 1788 Β

2002 1565 2127 1620 tiori
2156 1565 2211 1619 in
2242 1564 2411 1620 Deum
2455 1567 2637 1621 studio
2690 1567 2962 1625 incendat,
3005 1568 3075 1623 At
3121 1569 3268 1626 nulla
3324 1585 3557 1640 unquam

2004 1657 2119 1728 lege
2147 1657 2213 1713 ad
2241 1657 2356 1715 haec
2380 1658 2706 1729 perﬁcienda
2735 1660 2966 1730 cogitur.
2998 1658 3132 1714 Nam
3158 1660 3265 1715 illis
3294 1662 3571 1731 pmnitem

2006 1747 2135 1801 tiam
2166 1748 2451 1818 agentibus
2470 1789 2485 1815 ,
2522 1749 2658 1805 iram
2702 1749 2855 1819 ponit
2882 1754 2981 1814 ;_et
3012 1747 3097 1802 his
3119 1761 3150 1801 a
3179 1757 3327 1803 recta
3353 1750 3439 1804 via
3467 1749 3563 1805 der

341 1837 551 1892 νάντων
593 1842 705 1903 τοῖς
749 1839 955 1905 καλοῖς,
990 1840 1050 1893 οὐ
1097 1838 1369 1893 τελειώσει
1402 1841 1471 1895 τὰ
1504 1839 1905 1909 ἐπαγγελθέντα

2020 1836 2380 1904 lectentibus,
2413 1838 2670 1911 praedicta
2697 1838 2837 1893 bona
2866 1852 2973 1891 non
3008 1836 3236 1909 largitur
3263 1858 3276 1893 :
3314 1838 3416 1909 ipsi
3461 1853 3575 1895 nos

339 1927 506 1992 καλὰ,
532 1926 686 1998 ἡμῶν
705 1930 1047 1999 παρεχόντων
1079 1930 1175 1995 τὰς
1200 1930 1377 1993 αίτίας
1404 1927 1481 2000 τῷ
1507 1927 1627 1999 Θεῷ
1648 1926 1741 1980 τοῦ
1773 1927 1908 1996 πληο

340 2015 470 2088 ροῦν
502 2017 571 2069 τὰ
598 2017 1005 2087 ἐπαγγελθέντα
1031 2018 1198 2073 κακά.

409 2109 527 2161 Καὶ
550 2108 716 2161 ταῦτα
738 2109 928 2162 δὲκαθ’
960 2109 1199 2181 ἱστορίαν
1222 2107 1468 2179 ζητοῦντι
1485 2108 1689 2161 ἔνεστιν
1706 2107 1904 2178 εύρεῖν’

338 2198 506 2251 τοῦτο
533 2199 630 2269 μὲν
664 2198 845 2271 Κύρου
883 2198 1357 2270 ἀνοικοδομοῦντος
1389 2199 1488 2269 τὴν
1535 2196 1906 2269 Ἰερουσαλὴμ,

339 2290 434 2342 καὶ
482 2293 601 2361 μετ’
626 2290 787 2344 αὐτὸν
824 2293 1054 2363 Δαρείου
1081 2309 1097 2325 ·
1133 2293 1194 2344 οὐ
1232 2292 1339 2362 μὴν
1367 2291 1501 2345 ἀλλὰ
1534 2292 1627 2347 καὶ
1665 2290 1910 2356 Ἀλεξάν-

338 2380 468 2452 δρου
500 2381 590 2434 τὸν
630 2383 899 2455 ἱερατικὸν
928 2384 1108 2436 στόλον
1133 2382 1492 2452 θεασαμένου,
1526 2381 1617 2436 καὶ
1646 2379 1912 2453 μεταϐαλ-

340 2470 573 2541 λομένου
597 2470 687 2524 τὸν
717 2470 886 2541 θυμὸν
912 2474 991 2535 εἰς
1013 2470 1402 2543 προσκύνησιν.

413 2563 597 2634 Ὅπερ
624 2557 710 2633 ἦν,
736 2563 829 2616 καὶ
851 2563 942 2614 ἐπὶ
964 2563 1064 2633 τῆς
1091 2562 1207 2616 νυνὶ
1234 2562 1617 2624 καταστάσεως
1640 2560 1747 2614 τῶν
1792 2560 1913 2614 Ἐκ-

342 2651 586 2726 κλησιῶν
614 2652 863 2723 δηλοῦται
882 2672 895 2684 ·
923 2653 1119 2717 πάντες
1151 2652 1262 2723 γὰρ
1298 2652 1665 2723 ἁπανταχόθεν
1690 2650 1911 2713 ταύταις

346 2743 698 2816 προσοίσουσι
725 2744 824 2806 τὰς
849 2744 1122 2814 ἀπαρχάς.

430 2833 791 2895 Ἐπισκόπους
840 2833 983 2901 λέγει
1013 2834 1140 2897 τοὺς
1173 2831 1599 2895 ἐπιστατοῦντας
1627 2832 1719 2885 τοῦ
1762 2832 1910 2895 λαοῦ,

349 2924 446 2987 οὓς
470 2925 564 2977 καὶ
597 2921 937 2994 δικαιοσύνης
972 2922 1207 2994 ἐραστὰς
1242 2923 1453 2994 μέλλειν
1495 2921 1708 2975 ἔσεσθαι
1743 2922 1913 2993 προῦ-

351 3031 531 3081 Λεγεν.

426 3104 587 3168 Ἔθος
614 3108 726 3169 τοῖς
754 3106 1078 3179 προφήταις,
1111 3104 1584 3178 προαναθεωροῦσι
1613 3104 1672 3157 τὸ
1704 3104 1910 3175 μέλλον,

352 3196 451 3250 ἐπὶ
481 3196 576 3267 μὲν
601 3196 706 3249 τῶν
757 3196 1095 3266 σκυθρωπῶν
1147 3196 1398 3250 ἀνιᾶσθαι
1435 3197 1527 3250 καὶ
1565 3194 1796 3261 πενθεῖν,
1826 3195 1917 3248 ἐπὶ

351 3291 413 3343 δὲ
457 3293 523 3362 τῇ
576 3290 682 3344 τῶν
742 3290 960 3359 ἀγαθῶν
1016 3288 1217 3361 θεωρίᾳ
1249 3290 1315 3361 ἥν
1359 3289 1795 3359 εὐαγγελίζονται
1840 3287 1917 3359 τῷ

354 3382 491 3455 λαῷ,
531 3382 630 3438 κᾶν
644 3383 1036 3454 άναισθητῶσιν
1050 3385 1096 3437 οἱ
1125 3382 1410 3446 ἀκούοντες
1448 3382 1663 3447 αὐτοὺς,
1687 3396 1918 3453 προεορ-

353 3478 544 3543 στάζειν
611 3478 705 3531 καὶ
738 3476 1123 3549 προεστιᾶσθαι
1180 3476 1322 3530 κατὰ
1365 3474 1561 3546 ψυχὴν,
1590 3478 1797 3544 πεῖσμα
1830 3472 1919 3543 βέ-

356 3570 512 3623 ϐαιον
543 3569 911 3639 κεκτημένους
940 3569 1038 3638 τῆς
1087 3567 1193 3622 τῶν
1219 3567 1535 3638 δειχθέντων
1578 3567 1828 3638 θεωρίας.
1852 3595 1922 3608 —-

355 3661 583 3716 Βλέπων
630 3661 808 3714 τοίνυν
869 3663 897 3714 ὀ
954 3662 1235 3732 προφήτης
1284 3660 1420 3731 πρὸς
1446 3658 1535 3712 τὸν
1566 3658 1819 3730 Χριστὸν,
1846 3657 1921 3723 ὡς

358 3753 572 3825 ἔνδυμα
598 3752 762 3806 αὐτοῦ
788 3753 1045 3821 ἐγεγόνει·
1078 3754 1183 3815 πᾶς
1217 3750 1325 3823 γάρ
1354 3753 1382 3804 ὁ
1407 3750 1758 3822 ἐνδυσάμενος
1785 3752 1921 3823 Χρι-

361 3843 510 3910 στὸν,
550 3844 761 3915 ίμάτιον
829 3843 1099 3914 σωτηρίας
1144 3842 1448 3907 ἐνεδύσατο,
1488 3842 1608 3895 καθ’
1638 3841 1666 3895 ὃ
1711 3844 1803 3896 καὶ
1826 3841 1923 3914 τὴν

358 3937 526 4006 ἁγίαν
568 3937 732 3991 αὑτοῦ
774 3936 1101 4008 Ἐκκλησίαν
1142 3937 1497 4006 κατακοσμεῖ.
1528 3934 1802 4005 Κάκείνην
1826 3932 1923 4004 τὴν

359 4027 602 4083 διάθεσιν
654 4027 897 4098 πληρῶν,
951 4029 1017 4099 ἣν
1070 4027 1135 4081 ἂν
1176 4025 1440 4101 πληρώση
1459 4025 1740 4090 νεανίσκος
1790 4025 1927 4097 πρὸς

361 4118 656 4192 παρθένον,
697 4119 883 4194 ἔχαιρε
932 4119 1024 4172 καὶ
1052 4120 1305 4190 εὐωχεῖτο
1341 4118 1480 4172 κατά
1509 4118 1707 4189 ψυχὴν,
1749 4116 1822 4182 ὡς
1850 4116 1928 4187 τῷ

354 4208 589 4281 Χριστῷ
644 4207 838 4274 συνὼν,
887 4211 1138 4263 κάκεῖνον
1206 4208 1571 4279 ἐνδεδυμένος,
1614 4208 1706 4261 καὶ
1729 4208 1928 4277 χιτῶνα

349 4302 531 4357 αὐτὸν
555 4301 691 4373 ἔχων
715 4300 1069 4373 εὐφροσύνης.

2005 1936 2258 1985 auctores
2295 1944 2485 1985 sumus
2511 1927 2621 1984 Deo
2654 1929 3015 1999 praenuntiata
3044 1928 3184 1984 mala
3216 1929 3560 1984 immittendi.

2076 2105 2239 2161 Vnns.
2264 2107 2349 2162 I0.
2373 2106 2503 2173 Quae
2525 2123 2594 2162 an
2619 2122 2807 2178 reapse
2829 2109 3065 2177 perlecta
3086 2108 3196 2163 sint
3216 2116 3564 2177 qumrentcm,

2009 2199 2236 2253 historia
2266 2200 2607 2270 apertissime
2653 2200 2911 2256 docebit:
2955 2200 3188 2270 primum
3232 2216 3354 2254 cum
3394 2198 3567 2271 Cyrus

2007 2300 2060 2346 et
2088 2300 2213 2362 post
2244 2292 2388 2346 hunc
2416 2292 2610 2349 Darius
2649 2291 2952 2349 Jerusalem
3000 2292 3333 2358 aedificaret;
3376 2290 3569 2346 deinde

2008 2382 2169 2436 etiam
2204 2398 2327 2437 cum
2371 2383 2696 2450 Alexander,
2742 2400 2951 2440 sacram
3003 2399 3254 2455 pompam
3303 2383 3567 2450 miratus,

2011 2487 2107 2540 pro
2137 2471 2277 2526 irato
2308 2473 2698 2528 amicissimum
2730 2489 2787 2529 se
2817 2473 3097 2544 praeberet.

2081 2561 2247 2622 Vens.
2289 2565 2374 2618 15.
2417 2564 2570 2630 Quod
2599 2565 2725 2619 olim
2754 2565 2967 2629 evenit,
3003 2571 3056 2618 et
3084 2576 3231 2618 nunc
3259 2575 3476 2633 quoque
3507 2559 3575 2615 de

2011 2654 2270 2711 Ecclesiis
2310 2657 2706 2713 constituendis
2750 2657 2893 2711 valet
2920 2674 2935 2722 ;
2964 2656 3165 2726 quibus
3209 2655 3354 2711 enim
3399 2653 3573 2710 unde-

2011 2765 2224 2821 quaque
2252 2761 2438 2819 gentes
2468 2752 2735 2821 primitias
2758 2751 3010 2807 afferunt.

2083 2841 2246 2895 Vens.
2283 2840 2364 2893 17.
2402 2839 2701 2909 Episcopos
2725 2849 2883 2893 vocat
2907 2837 3188 2909 principes
3208 2834 3413 2905 populi,
3440 2846 3583 2904 quos

2012 2937 2065 2984 et
2087 2928 2310 3000 iustitiae
2339 2929 2697 2983 inservituros
2729 2926 3075 2998 praedicebat.

2085 3106 2213 3161 CAP.
2256 3104 2404 3171 LXI,
2447 3103 2612 3161 Vens.
2663 3104 2746 3159 I0.
2788 3102 2904 3158 Mos
2931 3108 3015 3157 est
3047 3099 3323 3171 prophetis
3352 3104 3577 3154 ventura

2017 3197 2472 3270 prospicientibus
2492 3237 2506 3262 ,
2537 3196 2603 3253 de
2638 3195 2874 3251 miseriis
2909 3193 3126 3266 quidem
3154 3193 3339 3264 lugere
3365 3201 3421 3247 et
3451 3205 3571 3246 con-

2017 3291 2256 3356 tristari,
2287 3291 2354 3346 de
2388 3290 2652 3345 bonorum
2700 3295 2879 3343 autem
2925 3284 3414 3356 contemplatione,
3463 3297 3585 3353 qua:

2018 3384 2218 3456 popqu
2250 3383 2533 3448 nuntiant,
2576 3380 2792 3438 etiamsi
2838 3379 3122 3434 audientes
3154 3376 3313 3432 tidem
3347 3376 3584 3446 denega-

2019 3478 2216 3541 verint,
2252 3476 2422 3530 lmtari
2450 3482 2504 3529 et
2534 3474 2726 3546 spiritu
2754 3473 3060 3535 exsultare,
3094 3477 3299 3524 certam
3324 3467 3584 3523 habentes

2020 3571 2125 3641 ipsi
2151 3584 2331 3625 rerum
2354 3568 2778 3638 signiticatarum
2803 3564 3075 3620 ﬁduciam.
3094 3560 3585 3635 —Prospectatum

2022 3664 2187 3735 igitur
2209 3661 2483 3717 Christum
2514 3658 2774 3731 propheta
2795 3697 2810 3723 ,
2840 3666 2899 3712 ut
2922 3656 3308 3712 vestimentum
3327 3694 3341 3717 ,
3370 3652 3546 3707 induit
3570 3667 3584 3716 ;

2022 3756 2335 3828 quicunque
2381 3755 2523 3809 enim
2575 3754 2854 3809 Christum
2922 3748 3207 3813 induerit,
3256 3745 3586 3802 vestimento

2024 3846 2215 3900 salutis
2240 3844 2470 3898 vestitus
2497 3850 2611 3907 est,
2640 3856 2748 3912 quo
2784 3840 2947 3894 etiam
2993 3845 3237 3894 sanctam
3288 3850 3441 3892 suam
3486 3832 3589 3887 Ec—

2025 3937 2249 3991 clesiam
2298 3941 2548 3992 exornat.
2607 3935 2684 3988 Ac
2730 3932 2924 3987 iisdem
2978 3928 3264 3984 atl‘ectibus
3308 3933 3589 3997 permotus

2025 4028 2225 4097 quibus
2266 4042 2502 4098 sponsus
2551 4026 2606 4079 in
2654 4037 2912 4094 sponsam
2962 4030 3231 4082 movetur,
3270 4016 3466 4087 spiritu
3501 4015 3591 4069 ιω-

2029 4128 2173 4175 tatur
2200 4126 2255 4175 et
2304 4118 2573 4184 exsultat,
2623 4113 2768 4169 haud
2808 4128 2967 4168 secus
3007 4125 3071 4166 ac
3111 4110 3157 4166 si
3207 4123 3331 4163 cum
3371 4105 3594 4161 Christo

2028 4211 2466 4281 conjungeretur,
2490 4204 3056 4276 Christum_induisset
3075 4242 3090 4268 ,
3119 4210 3172 4256 et
3199 4199 3439 4253 tunicam
3469 4208 3592 4250 eum

2031 4302 2308 4357 habuisset
2335 4300 2553 4354 lmtitizc.

443 4372 1017 4465 Τοὺςγσπερματικοὺς
1057 4391 1247 4461 λόγους
1283 4392 1555 4463 σημαίνει,
1587 4409 1712 4455 τους
1745 4392 1919 4462 ὥσπερ

2106 4393 2275 4449 Vens.
2316 4393 2403 4447 11.
2447 4388 2750 4445 Seminales
2794 4397 3075 4440 sermones
3119 4378 3355 4434 intendit
3398 4372 3599 4430 animis

353 4492 431 4544 ἐν
453 4491 522 4559 γῇ
554 4491 618 4559 τῇ
637 4488 781 4558 ψυχῇ
808 4485 1282 4556 ἐναποκειμένους,
1302 4487 1393 4539 καὶ
1408 4485 1484 4549 ὡς
1507 4485 1681 4555 κῆπον
1706 4484 1934 4548 αὔξοντα

354 4600 391 4634 τ
411 4581 443 4633 ἀ
467 4581 524 4633 ἐν
552 4579 697 4651 αὐτῷ
728 4579 1037 4651 σπέρματα,
1062 4578 1157 4651 καὶ
1184 4580 1283 4631 οὐκ
1319 4576 1518 4642 ἔξωθεν
1554 4577 1674 4629 οὐδὲ
1704 4575 1934 4646 ἀλλαχό-

360 4676 468 4729 θεν
500 4672 890 4745 ἐπεισφέροντα
913 4671 1223 4743 σπέρματα,
1254 4670 1368 4723 ἀλλ’
1402 4669 1541 4731 ὥστε
1578 4669 1682 4738 γῆν
1711 4668 1935 4738 ἔχουσαν

361 4766 531 4835 λόγον
561 4764 654 4818 καὶ
666 4764 1011 4820 ὀδοποιοῦσαν
1035 4766 1115 4828 είς
1139 4763 1368 4834 Χριστόν
1388 4776 1400 4789 ·
1423 4761 1610 4831 ὥσπερ
1632 4763 1690 4813 ἐν
1725 4760 1935 4830 σώματι

365 4858 640 4928 ὀφθαλμοὶ
679 4856 993 4925 συγγένειαν
1030 4856 1209 4927 έχουσι
1242 4854 1378 4926 πρὸς
1419 4853 1480 4925 τὸ
1519 4851 1653 4921 φῶς,
1686 4852 1780 4904 καὶ
1806 4851 1935 4904 ἀνα-

367 4952 649 5014 τείλαντος
702 4947 855 5019 ἡλίου
884 4948 1083 5010 εὐθέως
1115 4946 1176 5000 τὸ
1221 4945 1476 5015 συγγενὲς
1499 4942 1736 5015 ὁρῶμεν,
1773 4940 1934 5008 οὕτω,

372 5042 471 5097 τοῦ
498 5042 746 5113 Σωτῆρος
775 5038 932 5109 ἡμῶν
963 5038 1384 5109 ἐπιλάμψαντος,
1417 5036 1515 5108 τὴν
1551 5032 1940 5107 κεκρυμμένην

378 5139 439 5191 ὲν
458 5140 588 5207 ἡμῖν
611 5134 1021 5205 ἐπιτηδειότητα
1040 5133 1173 5204 πρὸς
1187 5131 1527 5202 δικαιοσύνην
1550 5128 1937 5200 ἐκλάμψωμεν,

379 5228 444 5282 τὸ
477 5226 748 5282 σκοτεινὸν
795 5223 1120 5294 ἀποθέμενοι
1189 5225 1289 5295 τῆς
1326 5224 1501 5294 ψυχῆς
1547 5217 1697 5293 ἦθος.
1758 5219 1943 5289 Ἀγαλο

381 5316 558 5370 λίασιν
594 5317 651 5370 δέ
690 5314 838 5383 λέγει
874 5312 1101 5368 ἐνώπιον
1157 5313 1264 5368 τῶν
1302 5314 1478 5377 ,ἐθνῶν
1522 5312 1937 5382 ἐξαπλούμενος.

454 5407 561 5463 Τοῦ
592 5408 867 5480 προφήτου
898 5406 1037 5460 κατὰ
1065 5405 1239 5477 ψυχὴν
1282 5405 1617 5467 ἐστιαθέντος
1657 5403 1742 5456 διά
1775 5402 1841 5456 τὰ
1866 5402 1944 5472 τῷ

382 5501 497 5574 λαῷ
536 5498 967 5570 ἐπαγγελθέντα·
1024 5501 1085 5553 οὐ
1135 5498 1239 5569 μὴν
1273 5498 1407 5552 άλλά
1450 5497 1541 5552 καὶ
1576 5497 1778 5552 τούτων
1812 5496 1946 5566 ἁμε-

381 5596 616 5653 λούντων
657 5593 753 5666 τὴν
780 5594 858 5657 είς
884 5592 952 5647 τά
977 5590 1105 5661 ἔθνη
1155 5590 1457 5659 φθάνουσαν
1500 5592 1657 5663 χάριν
1713 5606 1947 5661 προανα-

390 5690 753 5766 ιῖιωνήσαντος,
790 5684 1093 5748 ἀκολούθως
1126 5683 1242 5737 ούδέ
1279 5684 1374 5754 τῆς
1403 5683 1539 5738 Σιὼν
1574 5682 1945 5754 ἐπιμελεῖσθαί

2037 4482 2182 4538 velut
2210 4489 2370 4536 terra:
2398 4477 2764 4539 commissos;
2792 4484 2847 4528 et
2884 4487 3008 4527 cum
3052 4470 3212 4524 horto
3254 4467 3483 4521 collatos
3513 4477 3599 4518 se-

2035 4575 2178 4629 mina
2207 4587 2306 4628 sua
2339 4570 2631 4639 eli'erente,
2665 4582 2776 4622 non
2824 4564 3038 4621 exotica
3081 4569 3174 4615 aut
3216 4559 3390 4613 aliena
3436 4553 3597 4611 indu-

2034 4674 2193 4723 cente
2217 4682 2232 4732 ;
2266 4680 2389 4719 cum
2417 4671 2562 4718 terra
2589 4659 2804 4715 ratione
2831 4656 3054 4728 praedita
3083 4661 3137 4709 et
3171 4652 3312 4707 viam
3343 4648 3410 4703 ad
3439 4646 3597 4703 Chri-

2036 4769 2179 4816 stum
2226 4755 2603 4829 patel‘aciente.
2652 4750 2771 4818 Quo
2819 4749 2961 4802 enim
3013 4743 3171 4799 modo
3216 4741 3362 4796 oculi
3409 4737 3600 4829 intima

2038 4850 2362 4920 cognatione
2403 4861 2526 4900 cum
2570 4845 2690 4897 luce
2730 4839 3158 4910 coniunguntur,
3191 4841 3248 4889 et
3299 4839 3423 4886 orto
3451 4828 3625 4891 sole,

2038 4941 2221 4998 statim
2264 4940 2380 4993 haec
2410 4935 2663 5006 cognatio
2708 4937 2962 5002 apparet,
3006 4929 3081 4984 ita
3122 4926 3461 4981 illuminante
3500 4934 3627 4974 nos-

2040 5034 2355 5098 Salvatore,
2408 5027 2713 5085 tenebrosis
2754 5025 2949 5079 anima:
2983 5021 3227 5076 moribus
3277 5013 3601 5080 iilustratis,

2042 5124 2348 5197 splendebit
2393 5122 2447 5176 in
2488 5118 2648 5174 nobis
2676 5118 2851 5171 latens
2896 5113 2964 5167 ad
3011 5110 3296 5197 justitiam
3329 5104 3600 5197 habilitas.

2043 5190 2472 5271 Exsultationem
2498 5207 2631 5262 dicit
2660 5222 2718 5260 se
2750 5204 2805 5259 in
2833 5207 3137 5269 conspectu
3156 5194 3396 5267 gentium
3427 5190 3612 5246 multi-

2042 5310 2384 5381 plicaturum.

2112 5402 2242 5456 Cu).
2293 5393 2427 5451 LXII
2459 5432 2474 5457 ,
2502 5391 2667 5447 Vens.
2706 5390 2755 5442 l.
2800 5386 3004 5457 Spiritu
3051 5380 3293 5439 exsultat
3343 5374 3606 5446 propheta

2044 5499 2263 5565 propter
2293 5490 2437 5543 bona
2466 5483 2666 5555 populo
2717 5477 3082 5541 denuntiata;
3118 5468 3369 5565 praedicit
3421 5464 3604 5565 pro-fe.-

2046 5555 2237 5653 clo-vel
2267 5581 2453 5637 invitis
2470 5575 2728 5632 lsraelitis
2756 5571 2982 5643 gratiam
3013 5583 3043 5621 a
3069 5566 3181 5623 Deo
3200 5563 3253 5617 in
3277 5565 3467 5632 gentes
3503 5555 3607 5611 dif-

2052 5652 2405 5740 Iundendam,
2437 5668 2696 5744 non_ideo
2720 5676 2898 5721 tamen
2925 5661 3057 5718 Sion
3083 5652 3482 5728 negligendam,
3514 5654 3629 5702 auL
