4116 6332
574 288 715 346 {367

1734 256 2095 346 resonent
2118 285 2636 345 nenacwensm

3683 283 3822 339 i568

572 402 1061 472 derelinquendam
1121 399 1474 471 Jerusalem;
1542 418 1657 459 nec
1709 412 1892 459 autem
1939 403 2133 458 illumi-

2246 420 2429 476 φησιν,
2459 403 2581 458 οὐδὲ
2627 404 2726 476 τὴν
2784 364 3139 475 Ἰερουσαλὴμ
3188 400 3406 455 saxove.
3456 397 3629 469 λέγει,
3679 398 3820 453 ἀλλά

571 496 754 553 nanda
799 502 919 550 erat
950 494 1019 549 ab
1046 508 1114 549 eo
1138 494 1377 566 [propter
1397 493 1583 549 divina
1623 495 1692 551 de
1743 497 1861 568 ipsa
1888 497 2141 563 consilia,

568 598 625 646 et
669 589 812 644 dona
859 586 964 657 ipsi
1018 582 1232 658 largita.
1274 585 1488 642 Etenim
1539 591 1960 660 properantibus
2000 604 2141 660 apo-

570 678 726 734 Stolis
772 676 1134 748 Evangelium
1175 679 1431 749 gentibus
1472 679 1774 750 praedicare
1816 682 1984 751 jussit
2019 682 2141 743 Sd-

496 744 519 771 ⁸
569 777 746 835 vator,
765 777 825 824 ut
854 769 921 824 ad
949 784 1081 825 oves
1116 772 1273 842 prius
1304 771 1466 838 irent,
1493 754 1615 836 quae
1644 773 1925 843 perierunt
1946 775 2141 833 domus

453 899 467 916 .
570 859 739 918 Israel
768 862 835 916 “.

639 1039 806 1097 Vens.
834 1041 888 1095 2.
942 1039 1149 1097 Nomen
1183 1054 1383 1096 novum
1415 1041 1618 1097 dicitur
1646 1058 1843 1099 nomen
1874 1044 2142 1103 Christia-

569 1150 816 1200 norum;
862 1133 1064 1204 smpins
1113 1133 1255 1189 idem
1315 1135 1517 1192 innuit.
1572 1134 1783 1191 Etenim
1834 1137 2140 1209 baptizatus

567 1227 843 1298 baptismo
872 1226 1092 1290 salutis,
1139 1234 1398 1281 renovata
1450 1234 1562 1283 tota
1602 1229 1778 1299 ipsius
1802 1229 2137 1300 conditione,

567 1334 713 1374 novo
761 1335 980 1389 quoque
1016 1320 1239 1375 nomine
1271 1328 1503 1375 vocatur
1538 1321 1733 1377 ﬁdelis.
1787 1321 2011 1379 Iudaeus
2040 1339 2141 1379 no-

567 1431 695 1471 vum
740 1414 876 1469 illud
925 1429 1122 1469 nomen
1177 1414 1481 1487 impugnat.
1542 1415 1695 1470 Dicat
1743 1417 1949 1487 igitur,
1982 1418 2140 1489 juxta

565 1507 720 1563 Isaia:
746 1507 1085 1578 prophetiam
1110 1547 1125 1572 ,
1179 1524 1381 1563 novum
1418 1525 1616 1566 nomen
1645 1512 1808 1582 quale
1840 1511 1944 1567 sibi
1974 1511 2141 1568 fuerit

567 1598 904 1668 impositum.
940 1598 1009 1653 At
1036 1615 1144 1653 non
1190 1599 1354 1656 habet
1387 1602 1533 1671 quod
1562 1601 1786 1658 indicet.
1822 1602 2012 1660 Restat
2037 1604 2140 1675 igi-

564 1697 657 1743 tur
695 1697 756 1745 ut
810 1705 1007 1746 nomen
1068 1691 1203 1746 illud
1249 1691 1689 1750 Christianorum
1726 1711 1923 1751 nomen
1977 1697 2066 1761 sit,
2105 1711 2136 1750 a

562 1780 785 1838 Christo
818 1782 1192 1854 desumptum,
1220 1785 1365 1855 quod
1390 1785 1509 1856 ipse
1539 1786 1699 1843 nobis
1734 1785 1998 1843 Dominus
2031 1759 2136 1843 im-
2168 1759 2210 1815 Β

564 1873 777 1943 posuit,
819 1884 1008 1945 gentes
1040 1879 1261 1932 nomine
1295 1893 1397 1933 suo
1425 1878 1743 1935 nobilitans.

641 1962 799 2023 Vens.
833 1967 886 2023 5.
921 1967 1000 2023 Ex
1031 1970 1199 2027 variis
1229 1970 1457 2028 ﬁoribus
1513 1982 1658 2030 serta
1690 1990 1894 2031 corona
1921 1983 1975 2032 et
2015 1976 2133 2031 dia-

562 2056 717 2112 dema
753 2061 905 2130 regni
977 2069 1178 2117 emtum
1231 2065 1602 2133 apostolorum
1667 2068 1989 2139 designant,
2036 2068 2129 2141 qui

560 2146 928 2206 Ecclesiarum
977 2153 1256 2225 principes
1296 2154 1521 2212 fuerunt
1550 2167 1604 2213 et
1631 2159 1793 2215 simul
1823 2174 2022 2227 genere
2051 2158 2129 2213 ls-

561 2242 1033 2315 raelitze;quibus
1083 2262 1284 2302 novum
1317 2266 1517 2306 nomen
1574 2260 1699 2322 apte
1745 2254 2126 2319 conveniebat,

561 2350 686 2389 cum
740 2350 1030 2393 commune
1060 2354 1233 2409 genus
1274 2356 1398 2395 cum
1428 2343 1497 2398 iis
1528 2343 1813 2400 haberent.

629 2425 797 2482 Vens.
829 2428 883 2483 ὁ.
921 2428 1187 2487 Voluntas
1215 2444 1483 2489 vocantur
1536 2438 1628 2505 qui
1663 2435 1758 2491 Dei
1790 2437 2127 2493 voluntatem
2220 2492 2224 2496 .

559 2517 804 2585 faciunt;
840 2535 937 2575 vos
993 2528 1048 2576 et
1092 2523 1320 2593 diligere
1376 2524 1617 2592 dicitur,
1674 2527 1818 2583 sicut
1873 2528 2128 2585 habitans

555 2611 773 2679 juvenis
806 2626 929 2665 cum
984 2613 1215 2685 virgine.
1264 2615 1379 2671 Hoc
1415 2633 1544 2673 vero
1598 2635 1704 2674 non
1750 2630 2126 2688 marcentem,

560 2703 655 2757 sed
705 2702 987 2759 ﬂorentem
1014 2706 1385 2763 conditionem
1435 2710 1757 2782 designans;
1791 2729 1916 2768 nam
1970 2731 2131 2787 spon-

559 2811 656 2850 sus
678 2811 935 2866 sponsam
968 2798 1380 2856 cohabitatione
1412 2806 1670 2874 protegit.

628 2887 795 2944 Vens.
831 2887 882 2944 6.
914 2887 1244 2945 Hodiernam
1283 2891 1651 2949 Ecclesiarum
1682 2900 2127 2958 constitutionem

558 2981 987 3052 indicat;populo
1008 2990 1122 3037 tota
1137 2982 1227 3039 die
1245 2993 1299 3041 et
1323 2994 1432 3041 tota
1450 2997 1612 3044 nocte
1641 2992 1895 3048 mandata
1923 2993 2016 3050 Dei
2031 3010 2098 3050 cu
2112 3025 2129 3039 -

557 3074 857 3143 stodiente;
892 3082 1007 3133 tota
1034 3085 1193 3134 nocte
1224 3078 1546 3138 docentibus
1574 3084 1906 3155 presbyteris
1943 3104 2126 3145 veram
2157 3116 2200 3171 ο

555 3167 625 3223 de
654 3166 765 3223 Deo
786 3168 1093 3225 doctrinam
1109 3211 1126 3238 ,
1158 3186 1222 3227 ac
1245 3170 1337 3228 Dei
1365 3173 1554 3232 laudes
1574 3185 1629 3232 et
1652 3180 1970 3237 memoriam
1992 3184 2133 3239 cele-

557 3259 870 3314 brantibus.

625 3351 756 3407 CAP.
778 3350 963 3417 LXIII,
987 3351 1155 3409 Vsus.
1195 3354 1246 3410 ί.
1278 3353 1445 3409 Edom
1470 3364 1629 3410 vocat
1670 3356 1808 3416 ﬁlios
1833 3358 1996 3429 Esau;
2028 3360 2133 3418 Bo-

558 3457 652 3498 soz
675 3442 759 3497 vel
791 3441 959 3498 Bosra
994 3443 1194 3498 dicitur
1225 3459 1354 3499 caro
1379 3444 1512 3518 (I3).
1538 3445 1635 3502 Vir
1669 3449 1835 3519 igitur
1862 3451 1967 3507 iste
2005 3468 2127 3509 cum

556 3533 875 3591 fortitudine
927 3547 982 3591 et
1045 3536 1306 3592 violentia
1380 3539 1666 3595 vobiscum
1712 3540 1865 3611 justo
1917 3544 2128 3600 calculo

556 3626 810 3699 Iitigabit,
862 3644 1056 3700 pmnas
1109 3644 1136 3682 a
1198 3629 1355 3685 vobis
1414 3641 1688 3702 repetens.
1730 3632 1932 3705 Litigat
1984 3635 2129 3694 Dens

556 3717 701 3771 enim
731 3732 856 3771 cum
903 3717 1240 3782 hominibus,
1296 3720 1518 3790 quando
1551 3734 1711 3778 vocat
1749 3738 1846 3780 eos
1874 3724 1929 3779 iu
1974 3724 2127 3796 judi-

557 3808 725 3869 cium,
761 3816 820 3861 ut
868 3807 1063 3864 doceat
1093 3808 1153 3866 se
1192 3811 1432 3882 legitima
1478 3815 1718 3871 vindicta
1751 3818 1852 3882 uti,
1897 3833 2001 3874 nos
2029 3833 2128 3873 au-

553 3906 663 3954 tem
698 3899 802 3970 ipsi
850 3909 1106 3959 auctores
1138 3919 1264 3959 esse
1309 3906 1579 3976 supplicia
1609 3908 1664 3961 in
1704 3923 1804 3964 nos
1836 3908 2123 3966 inferendi.

551 3988 687 4045 Nam
715 4032 730 4057 ,
765 3992 849 4047 vel
898 3993 1195 4050 vindictam
1230 3996 1455 4068 exigens
1487 4039 1502 4063 ,
1561 4000 1745 4054 omnia
1793 4002 1861 4056 ad
1893 4003 2125 4058 salutem

551 4084 715 4140 nobis
748 4087 1150 4157 procurandam
1196 4089 1367 4158 facit,
1401 4099 1514 4145 uta
1548 4094 1792 4162 peccatis
1824 4110 2124 4162 cessemus,

553 4185 613 4230 at
648 4177 1026 4247 paenitentiam
1057 4188 1282 4249 agentes
1329 4180 1628 4247 salvemur,
1665 4193 1762 4238 aut
1796 4185 2126 4242 mundemur

549 4285 837 4341 pmnarum
867 4271 1096 4342 judicio.
1126 4272 1195 4326 Et
1219 4274 1377 4341 paulo
1408 4286 1524 4343 post
1545 4292 1564 4330 :
1597 4276 1736 4333 Vere
1764 4279 2126 4338 admiratione

551 4364 851 4432 stupebunt
873 4364 1190 4436 spirituales
1213 4366 1446 4424 virtutes
1468 4409 1483 4433 ,
1506 4384 1631 4424 cum
1661 4371 1923 4427 videbunt
1950 4372 2121 4430 Deum

2244 497 2339 551 καὶ
2368 495 2571 566 ταύτην
2598 490 3146 564 καταυγασθήσεσθαι
3184 492 3276 544 ὑπ’
3310 487 3472 543 αὐτοῦ
3500 489 3590 543 διά
3625 505 3686 542 τε
3712 490 3818 559 τὴν

2243 582 2382 654 πρὸς
2410 580 2578 652 αὐτὴν
2614 579 2819 634 ἀνωθεν
2850 577 3034 649 σχέσιν
3058 576 3152 630 καὶ
3191 575 3276 629 διὰ
3316 575 3385 627 τὰ
3414 573 3633 627 δοθέντα
3669 575 3809 647 αὐτῇ

2226 671 2450 743 κσεμνά·
2482 671 2576 723 καὶ
2620 667 2730 741 γὰρ
2760 667 2871 721 τῶν
2899 666 3210 720 ἀποστόλων
3249 664 3587 718 σπευδόντων
3616 665 3694 727 εἰς
3734 663 3811 717 τά

2240 763 2367 835 ἔθνη
2401 763 2463 816 τὸ
2495 762 2754 833 κήρυγμα
2786 760 3095 829 ἐξαγαγεῖν,
3123 761 3152 813 ὁ
3199 758 3389 829 Σωτὴρ
3425 758 3688 828 πρότερον
3714 758 3812 809 αύ-

2238 856 2367 920 τοὺς
2409 854 2679 908 ποιεῖσθαι
2720 852 2782 906 τὸ
2824 852 3087 925 κηρυγμα
3126 849 3523 924 παρεκελεύετο
3561 849 3701 921 πρὸς
3742 849 3811 903 τά

2239 947 2489 1019 πρόϐατα
2520 946 2589 999 τὰ
2618 945 2928 1001 ἀπολωλότα
2955 945 3103 998 οἴκου
3146 943 3382 1015 Ἰσραήλ.

2313 1042 2520 1110 Ὅνομα
2554 1039 2734 1093 καινὸν
2777 1037 2994 1107 λέγεται
3028 1037 3088 1090 τὸ
3114 1035 3270 1108 ἡμῶν
3297 1034 3405 1089 τῶν
3432 1034 3807 1107 Χριστιανῶν*

2240 1131 2523 1203 πολλαχῶς
2566 1131 2623 1185 δὲ
2651 1130 2809 1184 τοῦτο
2854 1133 3086 1184 νοεῖται·
3134 1127 3231 1182 καὶ
3271 1127 3379 1199 γὰρ
3421 1129 3451 1181 6
3490 1127 3813 1198 βαπτισθεὶς

2240 1226 2522 1298 βάπτισμα
2568 1225 2831 1296 σωτήριον
2872 1223 3042 1294 ὃνομα
3103 1222 3289 1293 ἕτερον
3336 1219 3662 1293 ὀνομάζεται
3688 1261 3703 1287 ,
3782 1225 3811 1275 ὁ

2239 1322 2448 1385 πιστὸς,
2481 1317 2820 1375 ἀνακαίνισιν
2847 1317 3134 1388 δεχόμενος
3161 1316 3260 1387 τῆς
3282 1315 3410 1386 ὅλης
3439 1313 3605 1368 αὐτοῦ
3638 1332 3810 1369 κατα-

2239 1416 2502 1477 στάσεως.
2549 1411 2690 1466 Ἀλλ⁹
2719 1411 2747 1463 ὁ
2788 1408 3037 1472 Ἰουδαῖος
3076 1407 3305 1480 μάχεται
3355 1407 3492 1479 πρὸς
3521 1407 3583 1460 τὸ
3621 1406 3808 1461 καινὸν

2237 1509 2395 1563 τοῦτο
2430 1508 2601 1581 ὄνομα
2623 1526 2635 1539 ·
2686 1509 2894 1564 εἰπάτω
2929 1508 3129 1571 τοίνυν,
3175 1504 3315 1559 κατά
3342 1503 3561 1556 Ἡσαΐου
3590 1520 3806 1574 προφη-

2236 1603 2406 1667 τείαν,
2451 1602 2622 1673 ὄνομα
2655 1600 2839 1656 καινὸν
2873 1597 3120 1653 ὲπιτεθὲν
3151 1595 3334 1669 αὐτῷ’
3387 1594 3500 1649 ἀλλ’
3546 1595 3648 1648 οὐκ
3692 1595 3804 1665 ἔχει

2237 1693 2437 1758 δεῖξαιο
2480 1693 2588 1765 ἄρα
2626 1693 2805 1747 τοίνυν
2850 1691 2910 1745 τὸ
2955 1688 3296 1763 Χριστιανῶν
3334 1689 3513 1751 ἐστιν,
3557 1685 3667 1742 ἀπὸ
3710 1686 3804 1740 τοῦ

2238 1786 2473 1859 Χριστοῦ
2503 1785 2924 1858 γνωριζόμενον,
2975 1784 3005 1838 ὃ
3054 1786 3083 1837 6
3124 1782 3329 1853 Κύριος
3370 1782 3500 1853 ἡμῖν
3539 1779 3806 1843 τέθεικεν,

2236 1877 2345 1932 ἀπὸ
2371 1876 2464 1932 τοῦ
2492 1878 2691 1931 οἰκείου
2725 1878 2989 1948 ὀνόματος
3014 1876 3291 1948 σεμνύνων
3313 1873 3384 1928 τά
3410 1874 3557 1945 ἔθνη.

2319 1972 2413 2025 Ἐκ
2459 1971 2729 2043 διαφόρων
2762 1968 2940 2025 ἀνθῶν
2989 1968 3233 2035 πλακεὶς,
3264 1967 3357 2021 καὶ
3380 1966 3617 2037 διάδημα
3656 1964 3797 2034 βασι.

2236 2064 2384 2129 λείας
2411 2063 2473 2117 τὸ
2493 2065 2677 2134 τάγμα
2707 2062 2815 2117 τῶν
2844 2062 3156 2117 ἀποστόλων
3186 2061 3461 2132 τυγχάνει,
3492 2059 3543 2112 οἰ
3572 2057 3667 2112 καὶ
3697 2059 3807 2111 τῶν

2250 2158 2581 2231 Ἐκκλησιῶν
2608 2156 2980 2229 προήχθησαν,
3012 2155 3164 2220 ὄντες
3190 2154 3330 2208 κατά
3353 2153 3508 2223 γένος
3545 2152 3807 2223 Ἰσραηλῖ-

2235 2266 2347 2315 ται,
2379 2245 2460 2312 οἷς
2505 2248 2599 2302 καί
2627 2248 2836 2320 ἥρμοσε
2881 2247 2944 2301 τὸ
2971 2245 3143 2319 ὄνομα
3186 2244 3248 2298 τὸ
3284 2243 3492 2307 καινὸν,
3522 2242 3807 2297 κοινωνίαν

2235 2340 2417 2412 ἔχουσι
2448 2340 2584 2412 πρὸς
2614 2339 2676 2392 τὸ
2709 2338 2884 2409 γένος.

2303 2429 2526 2502 Θέλημα
2554 2430 2734 2484 τοίνυν
2768 2428 3054 2483 καλοῦνται
3086 2428 3135 2480 οἰ
3168 2426 3228 2480 τὸ
3258 2425 3470 2498 θέλημα
3511 2423 3686 2477 αὑτοῦ
3713 2440 3808 2476 πε-

2236 2524 2541 2595 ποιηκότες,
2570 2522 2664 2587 οὓς
2702 2524 2794 2576 καί⁵
2824 2523 3040 2593 ἀγαπᾷν
3067 2520 3236 2590 λέγει,
3276 2519 3351 2584 ὡς
3387 2518 3650 2572 συνοικῶν
3683 2534 3808 2571 νεα-

2234 2615 2416 2678 νίσκος
2441 2614 2710 2686 παρθένῳ.
2742 2613 2912 2668 Τοῦτο
2937 2614 2993 2668 δὲ
3022 2615 3083 2668 οὐ
3131 2613 3336 2685 φθορὰν
3372 2612 3648 2684 σημαίνει,
3687 2610 3802 2664 ἀλγ

2234 2707 2582 2778 ἀκμάζουσαν
2610 2707 2793 2778 σχέσιν
2812 2723 2825 2737 ·
2858 2707 2954 2760 καὶ
2985 2707 3093 2779 γὰρ
3113 2710 3270 2779 τηρεῖ
3296 2706 3354 2760 ὲν
3377 2705 3456 2777 τῷ
3486 2705 3805 2777 συνοικεσίῳ

2232 2799 2330 2872 τὴν
2360 2799 2646 2872 παρθένον.

2303 2892 2414 2963 Τὴν
2439 2892 2556 2945 νυνί
2598 2891 2930 2946 κατάστασιν
2977 2890 3085 2943 τῶν
3130 2889 3465 2962 Ἐκκλησιῶν
3512 2887 3798 2958 ἐμφαίνειυ

2236 2983 2352 3054 μεθ’
2383 2981 2598 3054 ἡμέραν
2622 2999 2677 3035 τε
2703 2982 2797 3036 καὶ
2819 2980 3035 3053 νύκτωρ
3063 2979 3392 3051 μελετῶντος
3420 2976 3512 3031 τοῦ
3539 2975 3665 3029 λαοῦ
3695 2977 3801 3040 τὰς

2234 3074 2450 3138 ἐντολὰς
2481 3073 2574 3128 τοῦ
2601 3072 2734 3127 Θεοῦ
2757 3090 2772 3104 ο
2804 3072 3226 3128 ὲκδιδασκόντων
3258 3087 3316 3124 τε
3351 3070 3542 3137 ἰερέων
3574 3068 3645 3122 τά
3674 3083 3805 3139 περι

2232 3168 2365 3222 Θεοῦ
2395 3168 2461 3221 δι’
2494 3167 2621 3239 ὅλης
2659 3167 2871 3233 νυκτὸς,
2902 3164 3194 3221 αἰνούντων
3223 3164 3315 3218 τὸν
3348 3163 3552 3235 Κύριον
3577 3167 3674 3217 καὶ
3703 3164 3806 3217 αύο

2231 3260 2325 3314 τοῦ
2358 3259 2818 3332 μνημονευόντων.

2314 3351 2491 3423 Ἐδὼμ
2517 3351 2665 3421 λέγει
2696 3352 2823 3416 τοὺς
2847 3352 2997 3416 υἰοὺς
3039 3351 3233 3405 Ἡσαῦ.
3271 3349 3437 3421 Βοσὸρ
3457 3348 3512 3402 δὲ
3555 3350 3674 3420 ἦτοι
3701 3348 3806 3421 τὴν

2231 3447 2469 3520 Βόστραν
2507 3446 2654 3516 λέγει
2689 3446 2810 3499 καθ’
2858 3447 3138 3525 Ἐϐραίους
3181 3447 3377 3519 σάρκα.
3410 3439 3575 3509 Οὗτος
3615 3446 3803 3499 τοίνυν

2230 3540 2258 3592 ὁ
2294 3540 2466 3610 μέγας
2510 3542 2567 3593 ἐν
2617 3539 2761 3611 ἰσχύϊ
2791 3541 2885 3594 καί.
2925 3539 3253 3611 ἀσύγκριτος
3300 3538 3618 3611 κριθήσεται
3661 3538 3804 3611 πρὸς

2230 3631 2426 3694 αὐτοὺς
2466 3629 2650 3701 δικαία
2691 3630 2877 3702 ψήφῳ,
2910 3631 3009 3702 τὴν
3044 3631 3163 3684 κατ’
3196 3630 3391 3694 αὐτοὺς
3433 3627 3801 3700 ποιησάμενο-

2230 3721 2497 3775 ὲκδικίαν·
2551 3722 2788 3794 καὶγὰρ
2832 3722 2963 3785 Θεὸς
3007 3721 3141 3793 πρὸς
3187 3720 3507 3792 ἀνθρώπους
3557 3720 3801 3791 κρίνεται

2229 3813 2407 3867 καλῶν
2433 3815 2581 3886 ἡμᾶς
2613 3816 2694 3877 εἰς
2738 3814 2938 3887 κρίσιν,
2990 3815 3077 3868 ἵνα
3126 3813 3333 3886 διδάξῃ,
3380 3814 3465 3868 ὅτι
3497 3812 3659 3868 αὐτοῦ
3700 3813 3802 3883 μὲν

2226 3905 2410 3961 δικαία
2439 3908 2472 3977 ἡ
2502 3906 2705 3978 ἄμυνα,
2746 3909 2904 3978 ἡμεῖς
2932 3906 2989 3960 δὲ
3017 3905 3196 3960 αὐτῶν
3234 3905 3394 3960 αἴτιοι
3434 3904 3556 3959 καθ’
3588 3904 3801 3957 ἑαυτῶν

2226 3998 2594 4070 ἐπισπώμενοι
2620 3999 2718 4071 τὴν
2760 3999 2915 4069 δίκην
2940 4015 2953 4028 ”
3011 3998 3171 4062 αὐτὸς
3227 3997 3336 4069 γὰρ
3367 3999 3459 4052 καὶ
3492 3997 3648 4069 δίκην
3699 4000 3798 4050 ἐπ·

2224 4096 2393 4165 ἀγων,
2427 4095 2567 4167 ὑπὲρ
2609 4095 2879 4167 σωτηρίας
2908 4094 3064 4167 ἡμῶν
3097 4093 3272 4148 πάντα
3312 4097 3473 4159 ποιεῖ,
3516 4092 3658 4166 ὑπὲρ
3700 4091 3796 4146 τοῦ

2225 4189 2317 4242 καί
2350 4187 2560 4242 παῦλαν
2599 4190 2745 4260 ἡμᾶς
2771 4186 2954 4242 λαϐεῖν
2982 4187 3073 4242 τοῦ
3127 4188 3484 4261 ἁμαρτάνειν,
3534 4188 3567 4260 ἢ
3623 4204 3785 4258 μεταο

2225 4281 2520 4352 νοήσαντας
2548 4278 2805 4350 σωθῆναι,
2843 4280 2875 4353 ἢ
2904 4279 3259 4352 κουφισθῆναι
3305 4282 3362 4334 ἐν
3392 4283 3454 4351 τῇ
3489 4280 3658 4352 κρίσει
3684 4280 3786 4349 τῆς

2225 4370 2510 4443 τιμωρίας.
2550 4370 2661 4423 Καὶ
2694 4372 2822 4441 μετ’
2859 4371 3051 4442 ὀλίγα·
3103 4370 3344 4442 Ἀληθῶς
3373 4371 3479 4444 γὰρ
3512 4369 3789 4439 θαύματος

550 4472 734 4519 suum,
770 4470 894 4511 cum
926 4472 1159 4529 corpore
1194 4459 1251 4513 in
1277 4461 1456 4535 ccelos
1485 4463 1909 4529 ascendentem,
1949 4474 2004 4521 et
2026 4484 2120 4521 ru-

2231 4463 2610 4536 ὲπεπλήρωντο
2652 4463 2747 4517 καὶ
2794 4464 2849 4518 αἰ
2894 4462 3083 4534 νοηταὶ
3120 4463 3415 4534 δυνάμεις,
3455 4462 3651 4534 ὁρῶσαι
3694 4462 3795 4515 τὸν

546 4547 765 4604 bentem
794 4549 1080 4620 sanguine,
1104 4557 1158 4605 et
1186 4553 1368 4607 crucis
1406 4552 1750 4624 stigmatibus
1775 4556 2119 4626 transfixum;

547 4648 604 4694 et
635 4639 925 4695 victoriam
968 4641 1033 4696 de
1069 4649 1244 4697 morte
1273 4644 1539 4713 relatam;
1574 4653 1628 4701 et
1670 4649 1899 4717 gratiam
1943 4650 2120 4706 homi-

547 4734 710 4789 nibus
741 4734 1028 4805 largitam;
1060 4743 1116 4790 et
1150 4746 1496 4806 peccatorum
1542 4738 1942 4797 remissionem.
1983 4741 2116 4797 Nam

545 4827 860 4884 hominibus
921 4837 1143 4900 propter
1176 4841 1399 4900 peccata
1455 4848 1553 4887 sua
1597 4841 1773 4890 morte
1805 4835 2114 4902 damnatis,

547 4916 800 4974 Salvator
828 4931 1017 4976 noster
1046 4922 1163 4990 ipse
1208 4937 1309 4993 pro
1342 4923 1499 4980 nobis
1543 4935 1771 4981 mortem
1814 4927 1982 4982 subiit
2008 4966 2023 4990 ,
2053 4935 2115 4982 ut

544 5010 705 5067 nobis
761 5012 1226 5068 immortalitatem
1288 5022 1628 5083 operaretur.
1667 5013 1735 5068 Et
1769 5015 1929 5085 paulo
1957 5029 2113 5085 post:

543 5100 697 5168 Quod
731 5103 779 5160 si
820 5103 1042 5174 angelos
1078 5105 1442 5161 exsultavisse
1491 5105 1732 5162 audieris
1756 5147 1770 5171 ,
1824 5107 1932 5161 noli
1989 5107 2113 5162 illos

542 5194 867 5263 ignorantiae
898 5210 1154 5266 arguere;
1191 5206 1456 5251 noverant
1488 5195 1632 5251 enim
1660 5195 1960 5253 Salvatoris
1979 5212 2114 5253 con-

542 5283 666 5339 sitia
688 5300 755 5341 ex
783 5300 895 5357 quo
924 5287 979 5341 in
1020 5294 1221 5342 terram
1264 5287 1522 5359 delapsus
1570 5301 1789 5343 carnem
1823 5288 2063 5359 suscepit
2093 5307 2108 5356 ;

581 5441 627 5472 “
645 5440 835 5498 Matth.
868 5460 903 5497 Χ
954 5444 1003 5498 6.

2226 4554 2432 4609 ἑαυτῶν
2474 4555 2604 4609 Θεὸν
2639 4558 2695 4608 ἐν
2736 4554 2946 4626 σώματι
2994 4558 3073 4619 εἰς
3118 4556 3378 4628 οὐρανοὺς
3431 4556 3646 4610 ἀνιόντα
3698 4557 3796 4610 καὶ

2225 4646 2460 4717 φέροντα
2502 4645 2563 4699 τὸ
2612 4644 2862 4717 ἐρύθημα
2910 4645 3004 4700 τοῦ
3059 4646 3288 4716 αἵματος
3318 4645 3411 4700 καὶ
3438 4644 3507 4699 τά
3550 4644 3797 4717 σύμϐολα

2221 4736 2315 4791 τοῦ
2346 4737 2601 4809 σταυροῦ.
2635 4744 2736 4809 τήν
2780 4756 2840 4792 τε
2887 4738 3026 4792 κατά
3063 4738 3156 4792 τοῦ
3198 4737 3428 4793 θανάτου
3475 4737 3654 4811 νίκην,
3701 4755 3799 4792 και

2219 4829 2318 4902 τὴν
2358 4829 2665 4903 ἀνθρώποις
2695 4830 3047 4903 χαρισθεῖσαν
3074 4831 3233 4904 χάριν
3271 4832 3365 4886 καί⁸
3393 4831 3587 4902 ἄφεσιν
3614 4831 3797 4902 ἀμαρ-

2220 4924 2370 4979 τιῶν.
2405 4925 2527 4978 Τῶν
2553 4924 2662 4998 γὰρ
2697 4923 2997 4998 ἀνθρώπων
3042 4924 3184 4997 ὑπὲρ
3221 4926 3329 4979 τῶν
3357 4925 3573 4978 οἰκείων
3608 4925 3795 4995 ἀμαρ-

2218 5016 2480 5087 τημάτων
2531 5017 2760 5072 θάνατον
2808 5016 3260 5089 χρεωστούντων,
3309 5019 3338 5071 ό
3387 5017 3580 5087 Σωτὴρ
3635 5016 3796 5088 ἡμῶν

2220 5108 2457 5180 ὑπῆλθεν
2506 5110 2667 5173 αὐτὸς
2712 5110 2804 5163 τὸν
2858 5110 3081 5164 Θάνατον
3129 5109 3269 5181 ὑπὲρ
3316 5106 3499 5178 ἡμῶν,
3535 5106 3603 5160 ἶν’
3658 5109 3795 5178 ἡμῖν

2218 5200 2516 5255 ἀθανασίαν
2551 5202 3059 5274 πραγματεύσηται.
3096 5202 3206 5255 Καὶ
3235 5201 3360 5271 μετ’
3391 5201 3564 5271 ὀλίγα
3595 5214 3608 5230 ⁸
3642 5200 3709 5254 Εἰ
3734 5201 3795 5254 δὲ

2218 5291 2310 5344 ἐπὶ
2354 5291 2599 5361 ἀγγέλων
2643 5292 2861 5357 ἀκούοις
2923 5292 2999 5357 ὡς
3042 5291 3483 5364 ὲπαπορούντων,
3538 5290 3614 5362 μὴ
3645 5289 3795 5344 ὲκεί-

616 5597 911 5677 (33)__i_ianc
946 5619 1134 5660 vocem
1171 5619 1280 5660 non
1309 5620 1516 5659 carnem
1536 5601 1861 5674 signiﬁcare,
1898 5604 1991 5662 sed
2010 5604 2220 5674 ﬁrmam
2253 5614 2414 5676 atque
2452 5607 2730 5672 munitam,
2766 5604 2889 5662 luce
2918 5605 3111 5677 probat
3129 5604 3335 5661 clarius
3363 5601 3421 5659 S.
3449 5600 3599 5661 Hier.
3632 5613 3785 5660 com.

543 5665 602 5723 in
625 5665 826 5726 IsJiIt.
860 5687 993 5727 xvu.
