4116 6332
377 277 512 336 1369
1801 271 1864 326 ΙΝ
1905 271 2166 326 ιδΑιΑΜ.
3488 272 3624 330 1570

376 414 484 461 νοις
512 399 734 465 ἄγνοιαν
746 393 1047 467 “προσάγῃς
1067 409 1081 422 ·
1133 393 1350 464 ᾔδεισαν
1382 392 1491 464 γάρ
1523 395 1590 449 τὰ
1629 394 1939 466 οἰκονομού-

2047 394 2139 450 sed
2163 375 2221 449 te
2253 387 2538 448 erudiendi
2579 395 2755 465 gratia
2789 406 2851 446 ac
2887 391 3120 447 docendi
3164 391 3281 447 haec
3305 393 3448 448 dicta
3473 403 3621 458 sunt,

376 505 513 559 μενα
561 487 667 541 ὑπὸ
697 485 791 539 τοῦ
826 484 1097 555 Σωτῆρος,
1134 483 1226 552 ἀφ’
1264 481 1324 538 οῦ
1376 487 1456 548 εἰς
1503 484 1707 554 κόσμον
1757 485 1939 557 ἐπιδη-

2040 495 2103 542 ut
2130 486 2316 541 discas
2346 483 2570 555 angelos
2595 498 2815 554 quoque
2839 483 2907 538 de
2939 483 3120 538 salute
3150 492 3337 538 nostra
3365 486 3622 555 gaudere,

374 581 551 649 μήσας
582 576 760 648 σάρκα
793 574 1108 646 ἀνειλήφει·
1155 573 1291 630 ἀλλά
1318 575 1417 646 τὴν
1442 574 1580 631 εἶναι
1620 576 1939 646 όμμάτωσιν

2040 593 2103 633 ac
2137 576 2370 633 Domino
2409 577 2804 648 congratulari,
2831 583 2884 630 et
2911 576 3100 630 mirari
3136 576 3282 646 quod
3315 576 3459 634 Deus
3504 595 3626 649 pm-

372 670 464 722 καὶ
489 666 835 722 διδασκαλίαν
868 666 928 719 τὸ
957 665 1206 737 πρᾶγμα,
1233 666 1327 720 «ἵνα
1376 666 1573 739 μάθῃς,
1601 668 1681 721 ὅτι
1714 667 1807 720 καὶ⁵
1836 668 1938 736 ἀγ-

2040 685 2145 730 nas
2182 670 2424 740 peccatis
2454 668 2664 724 nostris
2694 667 2910 724 debitas
2932 707 2948 733 ,
2981 668 3048 722 ad
3082 668 3257 722 salute
3286 682 3387 722 nos
3437 678 3489 723 et
3523 671 3626 724 im-

369 761 516 829 γελοι
567 759 817 832 χαίρουσι
873 759 965 811 ἐπὶ
1024 758 1300 832 σωτηρίᾳ,
1351 761 1444 813 καὶ
1494 759 1813 833 γεραίρουσι
1854 758 1939 812 τόν

2040 762 2371 816 mortalitate
2447 760 2752 825 donandos,
2816 774 2917 830 pro
2948 761 3106 816 nobis
3130 761 3316 816 subire
3345 760 3594 816 voluerit.

368 851 669 922 Δεσπότην,
712 850 807 904 καὶ
845 850 1234 921 θαυμάζουσιν,
1279 851 1360 904 ὅτι
1386 853 1414 904 6
1440 851 1572 914 Θεὸς
1602 851 1859 922 ἠνέσχετο
1893 851 1954 904 τὸ
1990 854 2430 923 χρεωστοὺμενον
2482 851 2793 924 ἀνθρώποις
2845 854 2934 907 διά
3003 853 3102 920 τὰς
3155 853 3335 908 αὑτῶν
3383 870 3624 924 παρανο-

374 941 502 1012 μίας
535 941 785 994 ὑπελθεῖν
817 941 954 1012 ὑπὲρ
985 941 1187 1006 αὐτῶν,
1217 944 1266 996 ἵν
1320 942 1505 1004 αὑτοῖς
1534 942 1811 1012 σωτηρίαν
1857 943 2169 1015 χαρίσηται,
2206 945 2508 1000 ἀθανασίαν
2538 946 2719 1009 αὑτοῖς
2747 946 3134 1018 χαρισάμενος.

441 1035 607 1088 Πάλιν
651 1033 885 1088 ἐνταῦθα
926 1033 988 1088 τὸ
1035 1035 1241 1105 ἄφατον
1288 1036 1383 1106 τῆς
1433 1034 1528 1088 τοῦ
1575 1035 1709 1088 Θεοῦ
1755 1035 1944 1104 φιλαν-

371 1127 614 1198 θρωπίας
664 1127 1016 1198 σημαίνεταιο
1053 1127 1175 1181 καθ’
1227 1127 1256 1181 ὃ
1299 1127 1572 1181 δείκνυται
1606 1127 1764 1192 αὑτὸς
1812 1130 1941 1199 ἡμῖν

371 1218 734 1290 παρεσχηκὼς
787 1221 880 1274 καὶ
936 1220 998 1273 τὸ
1036 1216 1174 1274 εἶναι
1222 1219 1290 1273 δι’
1338 1219 1684 1290 ἀγαθότητα,
1739 1219 1833 1273 καὶ
1881 1219 1942 1272 τὸ

369 1311 636 1363 ἐλεεῖσθαι
685 1311 774 1365 διὰ
823 1311 1250 1383 φιλανθρωπίας,
1301 1311 1378 1375 ὼς
1434 1312 1578 1366 ἰδίων
1623 1312 1940 1383 ποιημάτων

370 1399 848 1471 ἀντιποιούμενοςο
903 1400 999 1454 καὶ
1051 1402 1172 1471 οὐχὶ
1219 1402 1347 1472 παρ’
1381 1400 1540 1455 ἄλλου
1594 1403 1740 1473 ἡμᾶς
1783 1401 1939 1466 δεξάο

373 1509 531 1563 μενος
558 1493 761 1561 ἔλεγεν,
793 1513 810 1545 ι
843 1495 954 1564 Οὑχ
1002 1495 1030 1547 6
1069 1493 1197 1558 λαός
1243 1493 1344 1566 μού
1393 1496 1507 1548 ἐστι
1543 1493 1709 1547 τέκνα
1743 1511 1878 1564 μου,
1926 1514 1946 1548 ι

367 1583 660 1651 τουτέστιν,
677 1586 816 1656 Ἐμά
828 1586 1082 1652 δντες,εἰς
1097 1585 1260 1640 τέκνα
1277 1603 1376 1656 μου
1390 1585 1771 1657 λογιώήσεσθε
1791 1602 1804 1614 ·
1818 1585 1950 1656 ἐμοῦ

367 1675 467 1746 τὴν
487 1675 724 1729 διάθεσιν
745 1676 842 1748 τὴν
873 1678 948 1740 ὠς
975 1677 1184 1740 τέκνοις
1205 1677 1558 1749 ὀφειλομένην
1589 1678 1662 1749 μὴ
1693 1675 1952 1732 ἀθετοῦν-

371 1784 482 1830 τος,
508 1770 556 1821 εί
582 1768 673 1821 καὶ
704 1768 858 1838 ὑμεῖς
887 1768 1201 1839 ἀγνώμονες
1228 1769 1357 1839 περὶ
1386 1769 1476 1821 τὸν
1509 1768 1717 1822 ἑαυτῶν
1741 1769 1950 1840 πατέρα

371 1860 684 1931 γεγένησθε.
703 1861 886 1915 Ταῦτα.
910 1863 964 1914 δέ
978 1861 1180 1933 ἥρμοζε
1199 1863 1324 1932 παρ’
1354 1861 1528 1916 αὑτῶν
1543 1861 1794 1931 λέγεσθαι
1815 1862 1952 1933 πρὸς

368 1952 460 2004 τὸν
475 1953 626 2017 Θεὸν,
645 1952 1026 2007 οἰκειωθέντων
1054 1956 1132 2016 εἰς
1159 1953 1250 2007 τὸν
1271 1952 1380 2006 τῶν
1397 1953 1600 2006 τέκνων
1633 1953 1950 2020 κατάλογον.

2116 1039 2284 1094 Vens.
2304 1039 2356 1093 8.
2380 1038 2594 1094 Rursus
2608 1039 2699 1093 hic
2718 1039 3138 1107 declaratquam
3160 1037 3540 1092 inenarrabilis
3554 1037 3626 1091 sit

2046 1133 2138 1188 Dei
2155 1131 2486 1204 benignitas.
2511 1130 2775 1185 Memorat
2789 1129 2934 1185 enim
2952 1145 3010 1185 se
3031 1129 3160 1184 olim
3181 1130 3346 1184 vitam
3362 1129 3521 1184 nobis
3537 1129 3622 1184 be-

2043 1221 2207 1289 nigne
2235 1229 2288 1274 et
2311 1219 2436 1275 dein
2472 1220 2690 1275 veniam
2727 1218 3160 1274 misericorditer
3195 1220 3481 1282 tribuisse,
3519 1235 3620 1276 nos

2043 1313 2199 1382 quasi
2223 1320 2506 1367 creaturas
2535 1326 2664 1365 suas
2699 1310 2802 1366 sibi
2824 1310 3130 1366 vindicans.
3171 1309 3282 1366 Nec
3302 1311 3368 1364 ab
3397 1311 3504 1364 alio
3521 1325 3621 1365 nos

2049 1403 2326 1472 accepisse
2363 1401 2728 1457 contendebat
2763 1419 2818 1455 ει
2844 1402 3035 1458 Nonne
3071 1404 3305 1473 papulus
3337 1419 3490 1458 meus
3526 1402 3618 1457 ﬁlii

2048 1495 2210 1549 mei?»
2245 1493 2358 1548 Hoc
2377 1493 2592 1560 est,Mei
2612 1509 2738 1548 cum
2759 1495 3007 1564 sitis,pro
3026 1495 3151 1551 filiis
3168 1496 3524 1562 babebimini;
3547 1492 3624 1549 af-

2049 1586 2192 1643 fectu
2222 1603 2320 1643 vos
2349 1589 2700 1658 complectar,
2725 1604 2834 1658 quo
2867 1590 2962 1643 lilii
2995 1590 3250 1659 diligendi
3279 1599 3426 1655 sunt,
3459 1591 3618 1644 dum-

2047 1681 2210 1735 modo
2226 1697 2322 1736 vos
2349 1682 2402 1735 in
2428 1688 2637 1751 patrem
2666 1689 2906 1737 vestrum
2931 1691 3116 1753 gratos
3130 1683 3454 1738 exhibeatis.
3490 1684 3620 1749 Qua:

2049 1780 2230 1827 autem
2255 1773 2322 1827 ab
2339 1773 2420 1828 eis
2437 1773 2547 1828 Deo
2567 1773 2796 1828 dicenda
2813 1775 3232 1838 erant,filiorum
3257 1775 3309 1829 iu
3332 1790 3618 1830 numerum

2053 1867 2309 1935 receptis.

442 2065 609 2118 Πάλιν
628 2066 655 2118 6
691 2066 974 2136 προφήτης
1002 2065 1098 2134 τῆς
1126 2064 1358 2135 σχέσεως
1405 2065 1504 2136 τῆς
1538 2065 1674 2136 πρὸς
1705 2067 1796 2120 τὸν
1818 2066 1939 2119 λαὸν

2119 2045 2285 2102 Vens.
2320 2047 2405 2102 11.
2442 2047 2657 2102 Rursus
2695 2046 3044 2102 commendat
3096 2045 3361 2118 prapheta
3392 2044 3617 2102 affectus

368 2153 464 2208 τοῦ
503 2155 637 2209 Θεοῦ
665 2156 961 2227 γενομένης
990 2156 1415 2228 ὑπομιμνήσκει,
1451 2157 1802 2228 μνημονεύων
1829 2157 1937 2210 τῶν

370 2245 432 2312 ἐξ
462 2247 656 2318 ἀρχῆς,
703 2249 795 2300 καὶ
832 2245 1020 2318 ῶσπερ
1052 2247 1247 2317 ῦποψιν
1295 2248 1476 2312 αὑτοῖς
1506 2249 1628 2317 ἄγει
1667 2246 1745 2319 τῷ
1775 2247 1937 2318 λόγῳ,

370 2338 439 2390 τὰ
471 2340 550 2402 εἰς
581 2339 706 2401 τοὺς
733 2339 1073 2409 πατριάρχας
1103 2338 1392 2408 γενόμενα.

453 2451 716 2505 Ἐνταῦθα
743 2453 770 2504 ὁ
819 2452 1102 2524 προφήτης
1141 2452 1221 2515 εἰς
1267 2451 1366 2523 τὴν
1411 2452 1578 2523 εὐχὴν
1622 2450 1938 2522 μετατίθησι

367 2543 458 2596 τὸν
499 2543 674 2612 λόγον,
707 2544 799 2595 καὶ
847 2544 943 2596 ἀπ’
979 2541 1208 2613 οὐρανοῦ
1253 2543 1705 2616 γνωρίζειν-Θεὸν
1753 2542 1934 2606 ἀξιοῖ-

366 2640 464 2707 οὑχ
494 2638 568 2701 ὡς
597 2637 692 2690 τοῦ
721 2637 854 2691 Θεοῦ
883 2640 938 2691 ἐν
967 2639 1218 2709 οὑρανοις
1238 2637 1676 2708 ἀποκλειομένου,
1714 2636 1808 2689 καὶ
1834 2636 1938 2698 ἕως

367 2733 472 2799 γῆς
506 2728 703 2798 φθάσαι
736 2729 810 2799 μὴ
849 2728 1170 2798 δυναμένου,
1200 2728 1313 2781 ἀλλ’
1343 2729 1419 2791 ὡς
1463 2729 1766 2799 ἐγείροντος
1806 2742 1939 2795 φρο-

367 2821 586 2890 νήματα
619 2819 1105 2882 καταπεπτωκότα,
1135 2819 1229 2871 καὶ
1256 2819 1336 2882 εἰς
1381 2819 1485 2887 γῆν
1522 2819 1760 2886 ἓρποντα
1785 2856 1799 2880 ,
1849 2818 1934 2869 ἀν·

369 2912 591 2980 ἄγοντος
607 2913 684 2973 εἰς
700 2910 978 2980 οὐρανοὺς,
998 2910 1092 2963 καὶ
1118 2908 1520 2971 ἐκδιδάσκοντος
1543 2908 1705 2978 μηδὲν
1729 2911 1936 2977 γήϊνον,

372 2999 536 3071 μηδὲν
569 2999 822 3051 ταπεινὸν
859 3000 996 3050 νοεῖν
1029 2997 1156 3066 περὶ
1196 2994 1329 3048 Θεοῦ
1350 3013 1362 3026 ο
1395 2994 1510 3048 ἀλλ’
1538 2994 1754 3059 εἰδέναι,
1787 2994 1862 3058 ὼς
1909 2997 1938 3048 ό

373 3091 545 3162 μέγας
598 3090 744 3153 νοῦς,
791 3091 819 3141 6
866 3089 935 3142 τὰ
990 3089 1165 3143 πάντα
1212 3087 1448 3159 συνέχων
1495 3088 1587 3140 καὶ
1636 3085 1934 3157 κυϐερνῶν,

365 3183 534 3238 τᾶλλα
560 3182 773 3246 οἰκείως
805 3182 1127 3253 γνωρίζεται
1159 3181 1251 3234 ἀπ’
1284 3179 1535 3252 οὐρανοῦ.

444 3274 576 3328 Οὑδέ
609 3273 719 3344 γὰρ
761 3272 852 3326 τὸν
911 3271 1157 3343 Ἀϐραὰμ
1194 3273 1403 3342 εἴποιμι
1455 3270 1522 3324 τά
1567 3268 1662 3325 νῦν
1703 3269 1933 3341 πατέρα,

2040 2138 2258 2194 Domini
2296 2140 2351 2194 in
2387 2141 2644 2210 populum
2677 2142 2962 2210 probatos,
3006 2154 3093 2194 res
3126 2138 3435 2208 praeteritas
3497 2152 3617 2191 rne-

2041 2246 2292 2296 morans,
2319 2241 2371 2287 et
2398 2232 2556 2287 fidem
2603 2241 2663 2287 ut
2698 2233 2803 2287 sibi
2860 2232 3070 2300 faciat,
3127 2232 3284 2302 signa
3317 2228 3486 2286 refert
3519 2245 3618 2299 pa-

2039 2323 2412 2377 triarcharum
2449 2324 2626 2394 gratia
2653 2324 2820 2380 edita.

2107 2435 2268 2492 Vens.
2287 2437 2367 2491 l5.
2401 2436 2498 2490 llic
2528 2437 2786 2508 prOpheta
2807 2437 2873 2492 ad
2900 2452 3088 2507 preces
3105 2435 3427 2506 confugit,et
3448 2433 3615 2487 Deum

2037 2536 2231 2583 oratut
2260 2527 2326 2582 de
2355 2529 2495 2583 caelo
2527 2529 2843 2599 prospiciat.
2867 2528 2982 2583 Non
3014 2528 3262 2600 profecto
3291 2528 3445 2598 quasi
3477 2525 3620 2580 Deus

2039 2621 2094 2674 in
2161 2621 2316 2675 caelis
2377 2621 2776 2686 includeretur,
2815 2629 2869 2677 et
2927 2630 3129 2676 terram
3194 2635 3465 2689 occupare
3501 2632 3616 2671 non

2039 2719 2243 2779 posset,
2279 2709 2374 2763 sed
2410 2722 2471 2763 ut
2505 2711 2778 2766 demissas
2834 2720 3045 2766 mentes
3099 2713 3389 2777 relevaret,
3447 2717 3500 2764 et
3549 2709 3618 2763 ad
3679 2721 3690 2730 ‘

2039 2809 2244 2854 terram
2272 2801 2559 2870 depressas
2587 2802 2655 2856 ad
2708 2803 2955 2857 caelestia
2990 2804 3243 2872 erigeret,
3277 2819 3341 2856 ac
3397 2803 3619 2857 doceret

2039 2905 2133 2945 eos
2163 2891 2238 2944 nil
2270 2890 2494 2954 humile,
2539 2893 2616 2944 nil
2649 2892 2929 2963 indignum
2959 2895 3025 2947 dc
3065 2893 3173 2949 Deo
3215 2910 3340 2949 esse
3376 2895 3618 2948 sentien-

2037 2981 2189 3046 dum,
2227 2980 2537 3035 habendum
2573 2997 2700 3036 vero
2733 2999 2844 3052 prae
2895 2983 3071 3037 oculis
3096 3023 3109 3044 ,
3163 2984 3309 3053 quod
3347 2991 3615 3052 praestans

2037 3071 2128 3125 illa
2153 3086 2307 3125 mens
2328 3087 2446 3141 qua:
2470 3079 2668 3126 cuncta
2705 3072 2947 3127 continet
2980 3080 3032 3127 et
3076 3075 3235 3142 regit,
3269 3073 3450 3125 omnia
3479 3085 3615 3140 quo-

2037 3180 2142 3235 que
2174 3181 2280 3219 uno
2315 3166 2510 3220 intuitu
2538 3166 2604 3220 de
2636 3167 2776 3221 ccelo
2801 3167 3114 3236 perSpiciat.

2105 3257 2272 3312 Vens.
2304 3257 2390 3313 16.
2445 3260 2726 3313 Abraham
2777 3267 2988 3329 patrem
3031 3274 3181 3314 nunc
3235 3274 3344 3313 non
3381 3258 3610 3313 vocabo.

368 3369 466 3421 οὑκ
489 3366 814 3439 ἀρνούμενος
840 3367 930 3418 τὸν
959 3366 1324 3436 πατριάρχην,
1359 3363 1472 3418 ἀλλ’
1521 3364 1596 3428 ὡς
1629 3363 1825 3434 μᾶλλον
1857 3363 1935 3435 τῷ

2040 3367 2149 3406 non
2195 3350 2342 3421 quod
2378 3351 2748 3422 patriarcham
2808 3369 3022 3424 negem,
3067 3353 3161 3408 sed
3202 3352 3352 3423 quod
3415 3367 3612 3406 nomen

368 3459 484 3531 Θεῷ
511 3458 604 3512 τοῦ
640 3457 842 3528 πατρὸς
864 3457 1028 3526 ὀνομα
1050 3455 1399 3527 ἁρμόζοντος.

448 3575 506 3626 σο
552 3572 836 3644 προφήτης
881 3571 1054 3624 πάντα
1098 3570 1190 3622 ἐπὶ
1222 3569 1314 3622 τὸν
1353 3568 1484 3622 Θεὸν
1513 3569 1789 3640 ἀναφέρει,
1833 3569 1931 3640 οὑχ

367 3665 444 3728 ὡς
465 3664 556 3718 τοῦ
593 3663 726 3716 Θεοῦ
761 3663 933 3716 αἰτίου
963 3664 1090 3732 ήμίν
1118 3660 1400 3730 γινομένου
1451 3660 1542 3714 τοῦ
1575 3661 1929 3732 ἁμαρτάνειν,

367 3755 484 3810 ἀλλ’
515 3754 802 3818 ἐνδιδόντος
842 3754 936 3807 καὶ
977 3752 1385 3824 συγχωροῦντος
1418 3753 1600 3806 ἐκεῖνα
1646 3751 1930 3823 πράττειν,

366 3847 403 3900 ἃ
432 3848 495 3902 ἀν
525 3864 611 3910 τις
643 3845 892 3916 αἱρῆταγ
929 3844 1005 3908 ὡς
1031 3844 1128 3914 τὴν
1182 3843 1280 3914 μὲν
1314 3845 1492 3897 αἰτίαν
1518 3843 1662 3914 ἔχειν
1695 3844 1756 3908 ἐξ
1779 3844 1932 3915 ἡμῶν

370 3938 462 3990 καὶ
497 3939 625 4009 παρ’
669 3936 846 4007 ἡμῶν,
881 3937 980 4007 τὴν
1023 3936 1080 3989 δὲ
1125 3936 1400 4009 ἀναφορὰν
1429 3937 1522 3988 ἐπὶ
1549 3936 1640 3990 τὸν
1680 3936 1831 3990 Θεόν.
1865 3967 1935 3977 ~—

379 4030 468 4092 Ὠς
511 4027 1041 4097 ἐγκαταλειφθέντων
1071 4029 1272 4094 αὑτῶν,
1309 4029 1399 4083 καὶ
1431 4029 1504 4100 μὴ
1539 4028 1933 4099 ἀναστελλομέ-

367 4138 474 4174 νων
505 4119 594 4173 διὰ
624 4118 845 4186 πληγῶν
876 4116 981 4170 τῶν
1012 4117 1335 4173 κωλυουσῶν
1368 4119 1441 4189 μὴ
1471 4119 1822 4189 ἁμαρτάνειν.

438 4319 556 4373 Τῶν
600 4318 706 4391 γὰρ
751 4318 1049 4390 Ἀσσυρίων
1093 4317 1440 4388 ἀφελομένων
1476 4317 1576 4381 τάς
1609 4318 1793 4381 πόλεις
1836 4318 1935 4371 αὑ-

365 4411 474 4465 τῶν
507 4412 602 4464 καὶ
649 4409 1060 4483 περικοψάντων
1093 4410 1190 4474 τὰς
1220 4411 1476 4474 πλείστας
1519 4410 1722 4475 πόλεις,
1757 4411 1940 4464 ἀντοι-

336 4503 341 4508 ”
369 4505 651 4572 κησάντων
681 4503 736 4556 δὲ
763 4504 889 4566 τοὺς
911 4503 949 4554 Γ
952 4502 1218 4567 οτθαίους,
1242 4504 1290 4555 οἳ
1320 4503 1411 4556 καὶ
1445 4504 1780 4574 Σαμαρεῖται
1811 4504 1941 4556 ἐκα-

368 4595 575 4658 λοῦντο,
611 4598 672 4648 ἐκ
719 4595 812 4648 τοῦ
856 4595 1020 4648 τόπου
1047 4595 1144 4665 τὴν
1179 4594 1560 4667 προσωνυμίαν
1603 4595 1937 4664 εἰληφότωνο

374 4687 533 4756 μόνον
577 4686 632 4736 δὲ
685 4685 776 4738 δύο
826 4687 999 4755 ἥμισυ
1056 4685 1236 4755 φυλῶν
1284 4685 1733 4758 περιλειφθεισῶν
1777 4686 1939 4756 μέρος

369 4775 704 4845 κατεχόντων
757 4780 966 4848 μικρὸν,
1017 4780 1044 4830 6
1095 4776 1380 4848 προφήτης
1426 4777 1598 4847 ἠξίου,
1654 4778 1795 4830 ὥστε
1846 4781 1939 4832 καὶ

2045 4768 2308 4837 propheta
2343 4785 2565 4839 parvam
2600 4771 2758 4826 istam
2781 4750 2792 4752 ⁷
2816 4780 3025 4842 partem
3054 4812 3069 4837 ,

367 4868 522 4920 τοῦτο
548 4867 576 4919 ὅ
605 4867 818 4919 ἐδόκουν
851 4869 1101 4938 κατέχειν
1131 4867 1543 4939 περιλειφθῆναι
1580 4869 1762 4932 αὐτοῖς
1807 4870 1941 4941 πρὸς

373 4959 592 5029 μνήμην
623 4959 719 5027 τῆς
747 4959 805 5021 ἐξ
830 4960 1000 5029 ἀρχῆς
1032 4976 1124 5012 σου
1155 4961 1234 5021 εἰς
1259 4959 1319 5011 τὸ
1343 4960 1498 5028 γένος
1528 4961 1824 5033 γενομένης
1853 4962 1942 5014 εὑ-

373 5050 623 5118 μενείαςο
663 5050 736 5119 μή
781 5066 854 5118 πη
891 5049 984 5100 καὶ
1019 5051 1207 5104 τούτου
1255 5051 1512 5122 ἀρθέντος
1545 5053 1834 5124 γενοίμεθα
1865 5055 1940 5117 ὡς

373 5141 445 5213 μὴ
479 5141 603 5204 λαός
637 5159 753 5205 σου,
789 5141 920 5212 μηδὲ
950 5144 1381 5213 χρηματίσαντες
1417 5144 1574 5215 μερίς
1614 5162 1726 5198 σου.

443 5341 606 5396 Πάλιν
636 5341 911 5412 ἐμφαίνων
953 5342 980 5393 6
1013 5346 1312 5416 προφήτης,
1347 5346 1421 5410 ὡς
1463 5348 1521 5399 οὑ
1562 5347 1630 5400 δι’
1660 5346 1936 5400 ἀσθένειαν

370 5433 462 5484 τοῦ
493 5433 626 5489 Θεοῦ
665 5427 808 5487 οὗτοι
838 5435 1332 5506 ἐγκατελείφθησαν
1360 5439 1581 5492 τοιαῦτα
1611 5438 1934 5509 ὑποστῆναι,

372 5525 522 5596 παρά
553 5528 651 5597 τήν
687 5527 868 5581 αὑτῶν
917 5527 1219 5599 μοχθηρίαν
1250 5532 1599 5603 ἁμαρτόντων
1629 5530 1723 5584 καὶ
1757 5548 1934 5602 παρα-

369 5617 680 5688 ϐεϐηκότων
713 5621 814 5683 τὰς
842 5621 1080 5684 ἐντολάς,
1115 5619 1384 5692 ἐξηγεῖται
1415 5624 1511 5694 τὴν
1548 5623 1938 5693 μεγαλειότητα

369 5709 456 5761 τοῦ
520 5709 686 5780 Θεοῦ,
739 5711 814 5777 ὡς
869 5714 960 5765 καὶ
1023 5710 1346 5783 βουλομένου
1394 5715 1556 5768 αὑτοῦ
1614 5718 1661 5768 οἱ
1719 5717 1935 5789 οὐρανοὶ

2035 3442 2213 3498 Patris
2245 3445 2450 3499 rectius
2473 3445 2580 3500 Deo
2609 3445 2892 3502 convenit.

2100 3557 2266 3614 Vens.
2298 3560 2385 3614 l7.
2433 3560 2646 3615 Cuncta
2687 3561 2753 3615 ad
2808 3559 3097 3623 Dominum
3146 3559 3418 3614 referente
3476 3574 3640 3630 pro-.

2031 3648 2215 3720 pheta,
2253 3666 2321 3706 ne
2357 3659 2516 3721 putes
2545 3651 2710 3706 Deum
2737 3653 2898 3708 nobis
2939 3661 3220 3706 auctorem
3264 3663 3611 3720 peccatorum

2033 3759 2199 3810 esse;
2251 3742 2570 3798 facultatem
2601 3753 2814 3797 tantum
2853 3743 3119 3815 permittit
3157 3756 3210 3798 et
3244 3746 3495 3799 concedit
3525 3743 3604 3798 fa-

2033 3834 2236 3901 ciendi,
2273 3850 2392 3905 quae
2437 3835 2634 3907 cuique
2675 3837 2938 3892 libuerint
2972 3854 2985 3887 :
3019 3851 3185 3890 causa
3259 3837 3428 3908 igitur
3485 3853 3612 3908 pec-

2035 3925 2141 3980 cati
2172 3926 2228 3980 in
2260 3928 2420 3983 nobis
2451 3935 2503 3982 et
2535 3943 2563 3980 a
2593 3929 2773 3993 nobis,
2804 3929 2873 3984 ad
2905 3927 3074 3984 Deum
3106 3937 3287 3983 autem
3320 3929 3603 3984 referenda

2036 4020 2295 4088 peccandi
2381 4019 2634 4076 facultas.
2669 4051 2739 4061 —-
2792 4021 2957 4087 Quasi
3021 4021 3605 4091 comprehenderentur

2035 4111 2162 4181 ipsi,
2195 4119 2249 4166 et
2278 4111 2684 4168 calamitatibus
2715 4115 3176 4184 opprimerentur,
3216 4129 3285 4168 ne
3314 4120 3607 4182 peccarcnt

2038 4199 2489 4271 impedientibus.

2107 4310 2274 4368 Vens.
2325 4315 2408 4370 l9.
2470 4317 2713 4387 Assyriis
2756 4317 2970 4372 scilicet
2997 4317 3160 4371 urbes
3199 4323 3420 4371 nostras
3471 4312 3596 4368 diri-

2040 4403 2314 4471 pientibus
2343 4447 2358 4472 ,
2407 4413 2458 4459 et
2505 4406 2798 4476 plerasque
2840 4422 3029 4462 earum
3063 4407 3432 4462 evertentibus
3459 4445 3474 4468 ,
3511 4421 3608 4459 au-

2040 4491 2450 4564 ferentibusque
2485 4496 2552 4550 de
2583 4497 2758 4566 patria
2797 4496 3074 4562 Gothaaos,
3124 4498 3216 4568 qui
3249 4504 3303 4553 et
3363 4497 3608 4554 Samari-

2040 4585 2153 4638 tani
2204 4594 2490 4651 vocantur,
2535 4589 2640 4643 loci
2701 4590 2921 4644 nomine
2950 4591 3247 4661 appellati;
3279 4605 3344 4644 ac
3395 4590 3608 4645 duabus

2045 4684 2254 4730 tantum
2307 4678 2558 4734 tribubus
2612 4680 2667 4734 in
2700 4681 2900 4752 angulo
2948 4682 3378 4747 remanentibus,
3434 4684 3600 4737 sentit

3132 4787 3294 4842 quam
3328 4772 3610 4842 possidere

2039 4861 2392 4928 videbantur,
2433 4863 2501 4919 iis
2532 4879 2641 4918 non
2682 4864 2790 4918 nisi
2837 4881 2900 4921 ea
2931 4865 3000 4920 de
3058 4878 3226 4920 causa
3272 4864 3444 4920 fuisse
3475 4865 3606 4919 reli-

2037 4960 2202 5018 ctam,
2246 4965 2304 5010 ut
2344 4956 2664 5010 memoriam
2702 4957 3058 5028 benignitatis
3095 4965 3420 5022 servarent,
3473 4957 3602 5012 olim

2037 5059 2067 5097 a
2105 5044 2214 5100 Deo
2251 5049 2500 5116 patrihus
2529 5049 2935 5119 comprobatae;
2992 5066 3061 5105 ne
3094 5051 3142 5104 si
3171 5051 3278 5104 ista
3308 5050 3474 5105 etiam
3515 5064 3608 5102 au-

2037 5133 2271 5190 ferretur
2299 5154 2329 5191 a
2361 5140 2541 5202 nobis,
2573 5141 2730 5208 quasi
2762 5143 2996 5211 p0pulus
3027 5142 3125 5195 tibi
3153 5141 3386 5209 alienus,
3407 5149 3462 5196 et
3490 5156 3610 5195 mu—

2045 5243 2237 5281 nerum
2288 5235 2506 5284 tuorum
2537 5246 2734 5300 expers
2771 5232 3043 5286 fieremus.

2115 5341 2240 5396 CAP.
2285 5341 2469 5408 LXIV,
2503 5343 2668 5400 Vens.
2698 5346 2747 5398 l.
2780 5344 2995 5399 Rursus
3027 5344 3313 5399 declarans
3349 5343 3607 5413 propheta

2044 5449 2151 5488 non
2203 5446 2428 5505 propter
2480 5436 2908 5492 imbecillitatem
2946 5436 3037 5491 Dei
3091 5437 3238 5506 ipsos
3301 5436 3471 5490 fuisse
3510 5451 3606 5504 op-

2045 5542 2285 5597 pressos,
2329 5528 2422 5583 sed
2461 5538 2684 5599 propter
2717 5529 3020 5598 nequitiam
3068 5530 3408 5597 peccantium
3443 5535 3495 5582 et
3525 5527 3604 5578 le—

2043 5635 2136 5690 ges
2167 5620 2382 5677 divinas
2430 5623 2770 5686 violantium,
2823 5621 2983 5676 effert
3011 5621 3409 5688 jsublimitatem
3459 5617 3549 5672 Dci
3589 5638 3602 5682 ;

2044 5715 2246 5786 quippe
2272 5714 2362 5786 qui
2396 5723 2578 5773 tantus
2613 5726 2717 5786 est,
2753 5725 2830 5783 ut,
2867 5716 2986 5786 ipso
3020 5714 3253 5780 iubente,
3279 5715 3460 5768 calum
3493 5729 3604 5766 ave-

2543 5959 2699 6047 ,Γ
