4116 6332
513 283 648 342 1571

1698 284 2053 342 THEODORI
2086 284 2605 341 HEBACLEENSIS

3617 280 3759 336 137!

514 405 691 458 riatur
722 411 774 457 et
802 408 1000 456 cuncta
1033 408 1089 453 ut
1116 415 1235 453 cera
1270 399 1583 470 liquescant.
1616 398 1913 457 Hic.Deum
1951 416 2077 455 cum

2191 399 2639 471 ἀνεῳχθήσονται,
2677 399 2769 451 καὶ
2805 397 2875 450 τά
2904 352 3237 468 ὐπϐκείμενα
3275 398 3430 468 δίκην
3458 394 3634 468 κηροῦ
3663 413 3761 449 τα-

515 494 641 549 aliis
668 491 974 555 conferens,
1022 489 1116 559 qui
1146 487 1223 543 dii
1262 497 1547 556 vocantur,
1572 506 1697 546 cum
1722 491 1899 545 oculis
1925 492 2076 546 cerni

514 594 697 657 negat,
743 594 837 640 aut
869 583 1297 640 auribuSaudiri
1324 602 1339 649 ;
1368 583 1465 640 sed
1496 584 1591 655 qui
1616 584 1672 638 in
1699 584 1881 639 omnia
1908 585 2079 655 impe-

515 670 657 731 rium
687 685 937 732 exerceat
964 716 981 742 ,
1015 676 1164 732 solus
1190 683 1275 733 est
1308 691 1409 732 nec
1433 684 1518 732 est
1539 676 1679 732 alius
1703 677 1797 748 qui
1834 691 1958 733 eum
1988 692 2079 735 ει·

516 782 709 839 perare
738 768 936 823 valeat.

592 940 758 998 Vsus.
785 941 838 998 5.
892 941 1023 1008 Quae
1052 942 1223 997 hocce
1258 942 1422 997 modo
1458 942 1807 1013 intelligenda
1853 960 1867 997 :
1904 943 2081 1000 bonus

515 1035 780 1107 Magister
828 1049 952 1088 cum
992 1049 1217 1104 pravum
1256 1034 1509 1089 habuerit
1538 1034 1891 1104 discipulum,
1921 1050 2081 1105 quem

519 1144 550 1184 a
583 1125 827 1195 nequitia
871 1139 1133 1181 rovocare
1188 1125 1465 1188 voluerit,
1513 1123 1821 1180 hortabitur
1870 1139 1994 1180 eum
2031 1134 2087 1180 ut

518 1221 713 1277 melior
761 1218 889 1285 ﬁat;
934 1219 1081 1289 quod
1136 1219 1181 1272 si
1231 1226 1412 1274 autem
1460 1218 1550 1275 hic
1578 1218 1817 1273 deterior
1863 1221 1923 1273 in
1968 1216 2086 1274 dies

518 1311 752 1376 evadat,
805 1310 1003 1367 nedum
1052 1324 1082 1363 a
1140 1309 1284 1364 malo
1331 1309 1641 1375 abstineat,
1692 1317 1822 1363 tunc
1857 1307 2088 1379 depellet

520 1419 645 1459 eum
676 1402 931 1473 Magister
955 1411 1008 1457 et
1035 1400 1353 1457 derelictum
1384 1401 1634 1472 pluribus
1658 1403 1821 1457 etiam
1850 1402 2086 1472 peccatis

522 1495 721 1551 tradet.
754 1495 831 1549 lta
856 1493 923 1549 de
955 1494 1112 1549 nobis
1153 1492 1353 1548 factum
1386 1503 1492 1551 est.
1515 1492 1650 1549 Cum
1681 1508 1713 1548 a
1755 1494 1938 1565 pravis
1970 1509 2088 1550 mo-

522 1585 681 1640 ribus
722 1584 891 1639 averti
929 1584 1303 1648 uoluerimus,
1341 1592 1401 1638 tu
1450 1583 1623 1639 iratus
1651 1598 1734 1647 es,
1762 1591 1816 1636 et
1844 1598 1945 1639 nos
1984 1598 2086 1653 ope

523 1694 618 1735 tua
690 1680 935 1736 destituti
963 1718 978 1745 ,
1010 1679 1255 1735 omnium
1282 1678 1536 1734 vitiorum
1565 1678 1687 1734 labe
1723 1678 2012 1733 trahimur.

2184 491 2458 562 κήσονται.
2497 491 2615 544 Κάν
2643 488 2818 559 τούτῳ
2849 488 3022 558 δηλῶν
3063 490 3093 542 6
3124 489 3426 560 προφήτης,
3468 486 3591 540 οὔτε
3631 488 3757 556 ὄψει

2184 581 2555 636 ὑποϐάλλεσθα
2576 582 2737 637 αὐτὸν
2768 582 2985 650 φάσκει,
3020 580 3143 635 οὔτε
3173 582 3306 634 ὠσὶν
3338 579 3586 645 ἀκοῦσαι,
3623 580 3757 649 σύγ-

2183 691 2363 746 κρισιν
2372 674 2535 728 αὑτοῦ
2558 675 2693 747 πρὸς
2710 673 2901 736 ἄλλους
2923 673 3246 744 λεγομένους
3263 672 3419 737 θεοὺς
3440 673 3718 741 γεγονέναι
3736 691 3750 702 ·

2184 765 2319 819 ἀλλά
2333 765 2475 821 κατά
2494 766 2710 820 πάντων
2725 764 2863 835 έχων
2881 763 2944 816 τὸ
2961 763 3148 835 κῦρος,
3183 762 3345 834 μόνος
3363 763 3481 815 ἐστὶ
3494 762 3757 827 τοιοῦτος,

2184 857 2346 912 ἄλλου
2377 856 2513 928 πρὸς
2556 855 2717 909 αὑτὸν
2754 852 3195 927 παραϐάλλεσθαι
3233 853 3307 924 μὴ
3344 851 3668 922 δυναμένου.

2256 946 2506 1001 Τοιοῦτόν
2535 962 2656 999 τινα
2686 944 2811 1000 νοῦν
2840 943 2989 1015 ἔχει’
3029 943 3138 1006 Ὦς,
3172 942 3250 996 ὅτ’
3288 941 3355 996 ἂν
3385 941 3705 1003 διδάσκαλος
3733 943 3763 994 6

2187 1039 2389 1111 ἀγαθὸς
2431 1038 2544 1108 ἐχοι
2592 1037 2826 1110 πονηρὸν
2881 1035 3125 1108 μαθητὴν
3147 1074 3161 1100 ,
3212 1036 3294 1098 εί,
3357 1032 3763 1105 μεταϐαλέσθαι

2188 1130 2351 1185 αὑτὸν
2381 1128 2704 1200 βουλόμενος
2727 1127 2835 1183 ἀπὸ
2867 1128 2969 1198 τῆς
2996 1125 3263 1196 πονηρίας
3297 1123 3484 1188 αὑτοῦ,
3517 1124 3766 1179 νουθετεῖ

2191 1222 2352 1278 αὑτὸν
2394 1222 2678 1294 κρείττονα
2712 1219 2905 1275 ἐαυτοῦ
2952 1217 3243 1288 γενέσθαι·
3299 1220 3328 1272 6
3374 1217 3431 1271 δέ
3469 1217 3543 1289 μὴ
3596 1217 3764 1287 μόνον

2191 1313 2579 1369 ἀπαλλάττοιτο
2617 1311 2728 1369 τῶν
2775 1311 2983 1376 κακῶν,
3027 1311 3164 1365 ἀλλά
3194 1309 3290 1365 καὶ
3332 1308 3651 1381 προσθήκην
3699 1309 3763 1361 ἐν

2190 1406 2425 1478 πονηρία
2476 1404 2721 1470 δέξαιτο·
2780 1403 3069 1458 ἀκόλουθον
3122 1400 3537 1474 ἀποστραφῆναι
3594 1399 3763 1453 αὐτὸν

2187 1497 2278 1551 τὸν
2310 1495 2647 1559 διδάσκαλον,
2669 1495 2917 1549 κάκεῖνον
2954 1491 3446 1564 ἐγκαταλειφθέντα
3464 1492 3545 1554 είς
3573 1490 3761 1543 πλείο-

2186 1605 2282 1652 νας
2329 1586 2557 1652 ἀταξίας
2604 1586 2795 1640 ἐαυτὸν
2835 1585 3083 1640 ἐκδοῦναι
3102 1603 3116 1617 ’
3157 1584 3299 1639 οὓτω
3342 1583 3475 1655 φησὶ
3521 1581 3617 1636 καὶ
3668 1581 3760 1650 ἐφ’

2113 1677 2156 1732 Β
2183 1681 2363 1752 ἡμῶν,
2399 1681 2473 1751 μὴ
2512 1676 2855 1749 ἀνεχομένων
2887 1678 3044 1750 ἡμῶν
3085 1675 3413 1751 μεταθέσθαι
3454 1673 3550 1729 τοῦ
3585 1690 3760 1744 πονη-

528 1771 623 1842 ροῦ
667 1771 823 1844 ἡμῶν
856 1771 1077 1843 τρόπου,
1113 1770 1275 1833 αὐτὸς
1320 1768 1617 1841 ὠργίσθης,
1666 1770 1759 1823 καὶ
1789 1771 1949 1841 ἡμεῖς
1995 1787 2088 1824 σου
2125 1771 2226 1841 τῆς
2262 1771 2559 1835 ἐποπτείας
2626 1770 3010 1842 ἀποτυχόντες,
3079 1770 3220 1826 κατά
3260 1771 3386 1824 ὁοῦν
3424 1767 3533 1823 τῶν
3574 1766 3762 1836 ἀμαο-

522 1867 780 1939 τημὰτων
816 1866 1015 1937 ἠνέχθη
1024 1882 1140 1936 μεν.

595 1958 761 2014 Vsus.
794 1958 848 2013 6.
897 1957 973 2011 Ea
996 1957 1212 2028 quidem
1245 1957 1456 2012 ratione
1492 1957 1747 2013 mandata
1777 1957 2091 2028 observabi-

524 2066 671 2115 mus,
701 2050 795 2105 ubi
829 2048 1043 2119 justitia
1069 2050 1181 2119 jam
1212 2064 1321 2105 non
1371 2048 1667 2103 amicitiam
1698 2026 1941 2103 nostram
1963 2063 2090 2103 cum

525 2140 637 2197 Deo
665 2141 933 2197 defendet.
971 2140 1124 2195 Tunc
1148 2141 1294 2196 enim
1336 2140 1406 2196 ab
1441 2155 1507 2195 eo
1537 2138 1890 2203 deﬂciemus,
1934 2141 2091 2210 quasi

525 2231 658 2286 folia
713 2231 782 2285 ab
836 2231 1123 2286 arboribus
1174 2237 1228 2284 et
1280 2245 1310 2283 a
1368 2231 1540 2301 stirpe
1581 2245 1680 2287 sua
1735 2229 2091 2301 decidentiaj;

528 2323 672 2393 quod
703 2322 997 2377 maximum
1029 2322 1238 2376 crimen
1277 2322 1335 2376 in
1362 2336 1465 2378 nos
1492 2322 1675 2377 habet.

600 2496 765 2553 Vens.
799 2498 848 2552 7.
895 2493 1548 2565 Quotiescunque.Deus,
1591 2494 1678 2550 vel
1704 2495 1873 2548 multa
1912 2494 2096 2549 horta—

527 2596 639 2653 tus,
679 2602 789 2642 non
836 2587 1036 2657 poterit
1083 2585 1269 2639 ﬁdeles
1311 2600 1442 2640 suos
1477 2599 1510 2640 a
1540 2585 1777 2655 peccatis
1809 2599 2086 2648 revocare,

527 2688 659 2735 tunc
688 2680 804 2749 ipse
833 2677 1048 2732 tandem
1079 2678 1364 2742 irascetur,
1401 2683 1454 2732 et
1480 2676 1653 2748 ipsius
1679 2690 1809 2731 cura
1843 2676 2089 2732 desertos

528 2772 885 2829 dcrelinouet.

598 2945 728 3000 CAP.
784 2941 944 3007 LXV,
1001 2940 1168 2999 Vens.
1211 2944 1262 2997 1.
1319 2942 1403 2998 Ad
1453 2940 1791 2998 Salvatorem
1843 2921 2160 3013 spectantc

527 3035 693 3090 etiam
724 3034 858 3089 haec.
903 3032 1112 3104 Quippe
1140 3034 1232 3103 qui
1264 3033 1441 3103 patria
1488 3031 1823 3101 benignitate
1866 3032 2089 3096 missus,

527 3132 583 3179 et
615 3139 715 3179 sua
774 3123 1151 3179 misericordia
1209 3132 1408 3190 motus,
1470 3122 1724 3178 omnibus
1780 3120 2093 3177 hominibus

531 3211 853 3268 manifestus
886 3212 1066 3267 factus
1096 3222 1200 3277 est,
1235 3212 1549 3269 hominibus
1606 3226 1729 3267 eum
1763 3226 1866 3267 nec
1891 3226 2091 3266 vocan-

531 3307 698 3372 tibus,
732 3321 834 3361 nec
862 3306 1289 3361 arcessentibus.

601 3396 766 3454 Vens.
798 3398 851 3453 5.
888 3397 1065 3453 Ultrix
1099 3398 1309 3453 scilicet
1334 3396 1437 3450 vis.

599 3488 764 3546 Vens.
797 3491 850 3546 6.
887 3491 1116 3557 Quando
1144 3490 1296 3554 dicit,
1338 3489 1604 3559 scriptum
1652 3495 1737 3543 est
1761 3526 1776 3551 ,
1832 3486 2092 3558 ignoran-

488 3614 497 3621 -
530 3582 662 3636 tiam
695 3592 937 3637 nostram
968 3583 1038 3636 ab
1059 3596 1125 3637 eo
1150 3580 1337 3636 doceri
1366 3578 1580 3635 credas.
1607 3577 1742 3633 Cum
1781 3578 1926 3633 enim
1956 3578 2095 3633 scri-

530 3682 623 3744 pta
643 3673 800 3730 nobis
829 3673 1227 3742 praeteritarum
1241 3686 1424 3729 rerum
1454 3670 1772 3742 memoriam
1799 3668 2091 3733 retineant,

529 3774 585 3820 et
606 3765 675 3819 ad
715 3764 1176 3820 reminiscentiam
1222 3780 1323 3820 nos
1346 3763 1653 3826 deducant,
1685 3768 1740 3816 et
1778 3760 1939 3832 quasi
1969 3768 2095 3816 ante

529 3857 723 3914 oculos
767 3873 857 3913 res
896 3864 1079 3927 gestas
1109 3865 1412 3927 exponant,
1448 3855 1639 3912 eodem
1670 3852 1834 3910 modo
1860 3868 1960 3909 nos
1998 3853 2095 3908 do-

531 3957 619 4006 cet
647 3949 811 4006 Deus.
861 3950 1074 4005 Cuncta
1105 3957 1286 4005 autem
1319 3947 1429 4005 Deo
1468 3955 1619 4015 nota,
1679 3953 1736 4002 et
1800 3952 2092 4016 antequam

531 4043 744 4109 ﬂerent,
771 4043 884 4113 jam
907 4043 1057 4097 novit
1082 4058 1167 4098 ea.
1475 4088 1482 4095 .

602 4132 769 4189 Vens.
821 4134 876 4188 8.
904 4132 1118 4188 Rursus
1144 4133 1235 4189 hic
1259 4130 1479 4188 divitias
1522 4130 1811 4186 cbaritatis
1838 4144 1950 4185 suae
1982 4143 2096 4182 ma-

531 4223 890 4281 nifestissime
919 4224 1161 4279 declarat
1195 4221 1846 4292 singularidocumento;
1874 4235 1999 4274 nam
2034 4227 2094 4273 ut
2119 4256 2172 4316 Β

531 4334 658 4374 cum
708 4319 992 4374 inventum
1052 4325 1139 4373 est
1191 4316 1406 4372 acinum
1459 4316 1517 4371 in
1560 4316 1760 4392 botro.
1793 4322 2090 4380 maturum,

530 4416 756 4483 propter
797 4409 1022 4465 unicum
1062 4409 1196 4464 illud
1227 4424 1330 4465 uva
1375 4410 1493 4481 ipsa
1543 4415 1813 4473 servatur,
1852 4417 1906 4464 et
1944 4409 2094 4463 aasti-

531 4513 712 4557 matur
743 4502 949 4574 magni,
978 4510 1032 4558 et
1054 4516 1084 4557 a
1118 4502 1335 4558 nemine
1358 4501 1629 4574 carpitur,
1652 4501 1726 4554 ita
1755 4513 1854 4570 ego
1879 4513 2095 4569 quoque

531 4594 579 4648 si
603 4608 774 4647 unum
804 4592 1083 4662 reperiero
1113 4592 1444 4647 servientem
1467 4591 1623 4654 mihi,
1678 4588 1935 4645 omnibus
1970 4603 2095 4659 par—

531 4698 677 4748 cam,
699 4683 856 4754 juxta
886 4699 949 4740 ea
972 4699 1092 4754 quas
1118 4682 1393 4739 Abraham
1425 4683 1645 4739 fuerunt
1673 4681 1842 4745 dicta,
1876 4681 2095 4753 quando

535 4789 731 4846 poenas
762 4790 793 4828 a
826 4774 1065 4829 Sodoma
1096 4775 1433 4846 repetebam,
1475 4784 1528 4829 et
1549 4774 1637 4830 vel
1666 4774 1958 4844 quinquies
1995 4774 2097 4827 mi-

536 4864 895 4920 scricordiam
926 4882 1103 4922 meam
1140 4867 1491 4938 comprobari
1516 4885 1533 4934 ;
1566 4866 1709 4922 idem
1750 4876 1804 4922 et
1835 4882 1983 4922 nunc
2009 4881 2096 4922 re-

529 4959 637 5014 fert
675 4957 743 5013 ad
770 4958 1113 5014 indicandam
1143 4960 1529 5030 benignitatem
1559 4974 1735 5015 suam.

606 5049 771 5108 Vsus.
806 5051 893 5107 10.
952 5050 1084 5117 Quae
1107 5052 1275 5121 igitur
1299 5051 1435 5122 ipsis
1467 5052 1672 5123 largior
1701 5059 1924 5122 propter
1959 5067 2096 5123 pau-

529 5155 627 5197 cos
655 5140 1017 5197 inservientes
1045 5141 1177 5196 mihi
1197 5158 1211 5201 ι
1231 5156 1330 5196 vos
1358 5155 1513 5209 vero,
1539 5143 1631 5212 qui
1655 5142 1786 5196 mihi
1823 5141 2097 5197 contradi-

530 5236 658 5291 citis
701 5238 828 5291 vitte
859 5237 1014 5292 vobis
1050 5236 1286 5300 auctori,
1323 5235 1418 5307 qui
1468 5235 1806 5292 daemonibus
1853 5236 2095 5306 indulge-

532 5330 627 5395 tis,
655 5338 710 5387 et
733 5338 916 5386 mente
950 5329 1271 5386 carentibus
1307 5345 1551 5386 mensam
1582 5328 1789 5400 paratis
1829 5343 1893 5383 ac
1914 5329 2094 5398 potio-

529 5437 652 5491 nes,
692 5435 865 5480 morte
884 5423 1210 5498 moriemini.
1235 5420 1367 5479 Jure
1394 5432 1576 5478 autem
1613 5439 1708 5479 eos
1735 5429 1911 5478 morte
1948 5422 2098 5477 dam-

530 5523 659 5580 nat;
717 5517 917 5587 quippe
958 5516 1054 5586 qui
1103 5524 1229 5586 post
1279 5516 1612 5585 impietatem
1662 5526 1717 5571 et
1774 5523 1999 5585 peccata
2037 5516 2093 5572 in

542 5604 732 5670 Deum,
758 5589 1060 5662 vocantem’
1090 5623 1198 5662 non
1242 5608 1550 5672 audierunt,
1594 5614 1648 5662 et
1696 5607 1872 5661 locum
1917 5606 2121 5677 poeni—.

532 5691 718 5757 tentia
773 5698 1054 5765 praestanti
1107 5712 1216 5752 nou
1251 5698 1577 5767 paruerunt,
1633 5695 1728 5753 sed
1775 5696 2092 5768 iniquitates

2262 1948 2500 2003 Τοιαῦτα
2545 1948 2698 2021 ἡμῶν
2736 1948 2888 2002 ἔσται
2923 1945 2993 2000 τά
3035 1946 3138 2017 τῆς
3169 1946 3603 2017 παρατηρήσεως
3650 1950 3764 2005 τῶν

2190 2039 2439 2107 ἐντολῶν,
2472 2039 2709 2094 διάθεσιν
2760 2038 2897 2110 πρὸς
2925 2036 3057 2091 Θεὸν
3106 2036 3180 2108 μὴ
3229 2034 3509 2107 σωζούσης
3546 2039 3648 2110 τῆς
3677 2040 3761 2095 δι-

2191 2133 2511 2202 καιοσύνης·
2568 2133 2601 2202 ἥ
2646 2131 2738 2185 καὶ
2789 2130 3037 2202 ἔκρευσιν
3078 2131 3210 2200 ἡμῖν
3257 2127 3639 2201 προεξένησεν,
3680 2132 3760 2199 ὡς

2193 2220 2409 2290 φύλλοις
2467 2220 2755 2276 πίπτουσιν
2795 2211 2904 2274 ἀπὸ
2933 2219 3040 2272 τῶν
3089 2218 3319 2288 δένδρων
3366 2220 3461 2272 καὶ
3508 2221 3617 2274 ἀπὸ
3664 2224 3763 2294 τῆς

2193 2312 2399 2366 ἐαυτῶν
2429 2312 2581 2383 ῥίζης
2602 2329 2615 2343 ·
2654 2313 2791 2383 ὅπερ
2819 2311 2916 2383 τὴν
2947 2311 3179 2382 ἐσχάτην
3212 2309 3391 2364 αὐτῶν
3425 2315 3763 2386 κατηγορίαν

2194 2403 2325 2473 ἔχει.

2267 2494 2384 2547 Ὅτ’
2436 2493 2502 2548 ἂν
2541 2494 2650 2567 γάρ
2699 2494 2831 2557 Θεὸς
2884 2494 2975 2546 ἐπὶ
3033 2492 3162 2547 πολὺ
3200 2493 3465 2547 νουθετῶν
3500 2495 3571 2566 μὴ
3603 2497 3761 2570 σχοίη

2194 2584 2319 2648 τοὺς
2372 2584 2724 2656 πειθομένους
2752 2584 2897 2654 αὐτῷ
2934 2583 3257 2654 μεταθέσθαι
3300 2584 3405 2637 τῶν
3438 2602 3764 2659 παρανομηο

2198 2676 2380 2747 μάτων
2404 2675 2600 2741 αὐτῶν,
2628 2675 2747 2728 τότε
2780 2676 2872 2727 καὶ
2901 2674 3061 2737 αὐτὸς
3089 2673 3269 2728 τέλεον
3296 2676 3565 2747 ὀργισθεὶς
3587 2677 3761 2744 ἐγκαυ-

2191 2766 2517 2838 ταλιμπάνει
2562 2767 2759 2829 αὐτοὺς
2804 2767 2879 2829 ὡς
2918 2767 3153 2837 ἐρήμους
3195 2767 3394 2831 αὐτοὺς
3440 2767 3764 2838 γενομένους

2192 2859 2291 2929 τῆς
2332 2856 2494 2912 αὐτοῦ
2539 2857 2881 2928 κηδεμονίας.

2276 2948 2601 3019 Ἐκληπτέον
2619 2948 2676 3002 δὲ
2704 2949 2796 3001 καὶ
2819 2950 2898 3011 είς
2920 2947 3149 3019 Σωτῆρα
3180 2947 3372 3011 ταῦτα,
3405 2948 3484 3015 ὃς,
3516 2956 3757 3024 πατρικῇ

2192 3040 2487 3112 ἀγαθότητι
2513 3039 2833 3102 ἀποσταλεὶς
2860 3039 2952 3092 καὶ
2971 3038 3145 3111 οἰκείᾳ
3170 3038 3549 3114 φιλανθρωπίᾳ
3564 3041 3763 3111 ἐλθὼν,

2190 3131 2440 3204 ἐμφανὴς
2461 3134 2624 3186 πᾶσιν
2648 3130 2952 3202 ἀνθρώποις
2989 3128 3210 3199 γέγονεν
3242 3132 3271 3183 6
3305 3131 3515 3204 Σωτὴρ,
3554 3132 3769 3205 ἀνθρὼ-

2191 3241 2310 3280 πων
2343 3226 2478 3297 μήτε
2508 3223 3000 3297 πρεσϐευσαμένων
3032 3223 3166 3295 πρὸς
3197 3222 3378 3289 αὑτὸν,
3415 3226 3553 3295 μήτε
3588 3242 3764 3297 παρα-

2191 3313 2556 3370 καλεσάντων.

2275 3402 2338 3457 Ἦ
2375 3402 2722 3475 τιμωρητικὴ
2754 3402 2952 3475 δηλαδὴ
2974 3402 3218 3473 δύναμις.

2261 3494 2337 3549 Τό
2372 3494 2450 3560 δὲ,
2488 3494 2816 3565 γέγραπται,
2846 3493 3079 3559 ἀκούων,
3112 3495 3219 3548 νόει
3244 3494 3320 3559 ὡς
3340 3496 3613 3567 ἡμετέραν
3651 3513 3763 3551 πα-

2196 3586 2519 3661 ραμυθεῖται
2547 3585 2787 3654 ἄγνοιαν.
2833 3585 3049 3657 Ἐπειδὴ
3077 3585 3183 3658 γὰρ
3218 3589 3350 3658 ἡμῖν
3379 3588 3438 3654 ἐξ
3469 3588 3764 3659 ἐγγράφων

2194 3681 2227 3751 ἡ
2258 3679 2445 3751 μνήμη
2476 3680 2851 3749 συγκροτεῖται
2884 3677 2990 3732 τῶν
3016 3678 3386 3753 παρελθόντων
3415 3680 3763 3751 πραγμάτων

2193 3772 2273 3835 είς
2308 3771 2614 3842 ὑπόμνησιν
2665 3771 2810 3840 ἡμᾶς
2860 3770 3087 3839 ἄγουσα,
3138 3770 3233 3825 καὶ
3280 3770 3468 3842 ὥσπερ
3519 3771 3761 3842 ὑπ”ϐψιν

2193 3863 2316 3932 ἄγει
2343 3862 2411 3917 τά
2456 3862 2793 3934 παρελθόντα
2840 3862 3159 3934 πράγματα,
3197 3860 3368 3926 οὕτως
3419 3863 3759 3917 ἐκδιδάσκειο

2194 3951 2378 4005 Πάντα
2423 3950 2666 4022 ἐγνώσθη
2719 3949 2797 4021 τῷ
2845 3950 2984 4022 Θεῷ,
3036 3951 3131 4006 καὶ
3171 3952 3300 4021 πρὶν
3341 3951 3374 4022 ἢ
3426 3952 3647 4024 γένηται
3691 3954 3762 4008 τὰ

2194 4042 2461 4113 γενόμενα
2494 4043 2799 4098 ἐπίσταται.

2276 4132 2537 4187 Ἐνταῦθα
2583 4132 2743 4186 πάλιν
2781 4132 2809 4184 6
2856 4129 3082 4195 πλοῦτος
3130 4133 3233 4201 τῆς
3277 4131 3612 4205 ἀγαθότητος
3664 4133 3756 4186 τοῦ

2195 4224 2329 4279 Θεοῦ
2396 4222 2750 4295 φανερώτατα
2804 4221 3057 4294 δηλοῦται
3105 4221 3288 4293 οἰκείῳ
3367 4222 3749 4292 ὑποδείγματν

2201 4318 2411 4389 Ὠσπερ
2450 4315 2580 4387 γὰρ,
2617 4316 2692 4370 ὅτ’
2736 4314 2801 4370 ἂν
2841 4313 3037 4387 εὑρεθῇ
3101 4313 3159 4367 ἐν
3198 4313 3279 4384 τῷ
3322 4312 3505 4385 βότρυῖ
3565 4315 3592 4365 6
3640 4309 3754 4383 ρὼξ

2200 4409 2479 4480 πέπειρος,
2524 4407 2591 4460 δι’
2631 4409 2836 4461 ἐκεῖνον
2904 4407 2996 4461 τὸν
3041 4406 3138 4460 ἕνα
3182 4407 3290 4469 πᾶς
3342 4405 3598 4470 σώζεται,
3656 4404 3756 4457 καὶ

2199 4500 2327 4571 περὶ
2377 4495 2575 4551 πολλοῦ
2620 4499 2884 4563 ποιεῖται,
2944 4497 3169 4569 μηδενὸς
3211 4496 3376 4550 αὐτοῦ
3420 4495 3721 4566 ἁπτομένου
3741 4512 3754 4524 ·

2198 4594 2361 4659 οὕτω,
2384 4592 2538 4663 φησὶ,
2566 4589 2742 4659 κάγὼ,
2779 4588 2896 4654 ἐνὸς
2933 4587 3245 4660 εὑρεθέντος
3276 4587 3615 4651 δουλεύοντάς
3650 4604 3762 4658 μοι,

2199 4682 2408 4747 πάντας
2455 4681 2900 4761 περιποιήσομαι,
2931 4677 3074 4731 κατά
3114 4677 3175 4730 τὸ
3204 4676 3282 4748 τῷ
3333 4677 3583 4748 ’Δϐραάμ
3619 4677 3764 4730 λελε.

2198 4773 2426 4846 γμένον,
2455 4773 2619 4843 ἡνίκα
2661 4772 2694 4840 ἡ
2727 4767 2869 4823 κατὰ
2912 4768 3161 4838 Σοδόμων
3202 4766 3322 4839 δίκη
3356 4768 3758 4839 κατεπέμπετο,

2198 4867 2304 4930 ἓως
2329 4866 2489 4920 πέντε
2514 4862 2631 4941 τὴν⁸
2651 4861 3057 4934 φιλανθρωπίαν
3096 4859 3496 4933 ἐνδειξαμένου.
3524 4862 3599 4915 Τὸ
3632 4863 3761 4917 αὐτὸ

2197 4958 2378 5014 τοίνυν
2407 4957 2500 5012 καὶ
2523 4953 2618 5011 νῦν
2644 4954 2839 5025 φάσκει
2869 4953 2987 5007 κατ’
3017 4952 3265 5006 ἐπίτασιν
3299 4952 3655 5023 ἀγαθότητος.

2270 5049 2455 5104 Ταῦτα
2480 5048 2657 5103 τοίνυν
2680 5046 2902 5117 παρέχω
2926 5045 3111 5108 αὐτοῖς
3138 5044 3203 5097 δι’
3235 5044 3449 5113 ὀλίγους
3473 5046 3600 5108 τοὺς
3641 5044 3759 5097 6co-

2198 5142 2451 5206 λεύοντάς
2479 5159 2587 5212 μοι.
2619 5140 2807 5211 Ὑμεῖς
2825 5139 2903 5203 δὲ,
2925 5136 3447 5207 οἱάνταλλαξάμενοι
3475 5137 3595 5189 ἀντὶ
3626 5135 3759 5204 ἐμοῦ

2198 5234 2290 5288 τοῦ
2333 5234 2392 5287 τὸ
2437 5229 2573 5287 εἶναι
2607 5232 2735 5302 ὑμῖν
2775 5227 3210 5299 παρεσχηκότος.
3250 5229 3344 5281 καὶ
3383 5226 3761 5289 δουλεύσαντες

2199 5325 2516 5397 δαιμονίοις,
2545 5324 2637 5377 καὶ
2665 5321 2892 5392 ἀψύχοις
2933 5314 3318 5389 παρατιθέντες
3349 5317 3624 5388 τράπεζαν
3668 5318 3763 5371 καὶ

2201 5421 2539 5490 κεράσματα,
2570 5413 2784 5481 θανάτῳ
2816 5409 3195 5465 ὑποπεσεῖσθε.
3223 5409 3461 5463 Θάνατον
3484 5409 3542 5463 δέ
3583 5407 3762 5463 αὐτῶν

2199 5510 2419 5573 δικαίως
2441 5506 2875 5577 καταψηφίζεται
2898 5520 2913 5536 ο
2944 5505 3024 5558 ὅτι
3058 5504 3152 5558 καὶ
3183 5501 3321 5574 μετά
3355 5502 3452 5573 τὴν
3482 5501 3758 5565 ἀσέϐειαν,

2202 5601 2296 5654 καὶ
2339 5599 2400 5652 τὸ
2440 5599 2763 5670 ἐξαμαρτεῖν
2801 5596 2996 5660 αὐτοὺς
3032 5596 3113 5658 είς
3163 5594 3257 5647 τὸν
3304 5592 3435 5648 Θεὸν
3460 5635 3474 5660 ,
3511 5593 3757 5648 καλοῦντι

2198 5695 2296 5763 οὑχ
2332 5693 2670 5764 ὑπήκουσαν;
2695 5691 2787 5744 καὶ
2819 5691 2981 5743 τόπον
3015 5686 3303 5759 μετανοίας
3336 5686 3517 5752 αὐτοῖς
3544 5684 3756 5751 διδόντι,
