4116 6332
368 280 503 336 1375

1801 291 1867 346 ΙΝ
1904 292 2153 349 ISAIAM.

3442 308 3575 364 1374

364 406 459 456 οὐκ
488 396 636 470 εἶξαν
658 418 673 433 ⁸
713 403 827 457 ἀλλ’
859 404 1168 458 έπετείνατε
1206 406 1324 459 καθ’
1357 408 1564 462 ἑαυτῶν
1604 410 1671 463 τὰ
1692 412 1920 483 πονηρὰ,

2027 430 2156 470 suas
2189 423 2354 470 etiam
2384 428 2672 483 auxerunt,
2706 435 2878 489 eaque
2902 420 3142 476 fecerunt
3170 438 3288 492 quae
3302 425 3571 483 nolebam.

366 495 456 550 καὶ
482 495 517 549 ἃ
548 496 648 548 οὐκ
680 496 879 565 ἤρεσκέ
912 514 999 567 μοι
1021 498 1336 568 ἐπράττετε.

446 585 660 655 Ἐπειδὴ
680 587 809 657 γὰρ,
839 588 966 656 περί
994 590 1233 660 γαστέρα
1274 592 1676 663 ἀσχολούμενοι,
1708 598 1787 660 εἰς
1826 597 1924 669 τὴν

364 676 471 729 τῶν
508 676 732 747 καρπῶν
768 678 1060 735 ἀπόλαυσιν
1090 680 1150 734 τὸ
1179 683 1287 734 πᾶν
1310 683 1409 751 τῆς
1444 684 1779 756 εὐφροσύνης
1812 690 1922 741 ect-

368 765 540 830 θεντο,
594 768 688 822 καὶ
750 768 1069 838 εὐδαίμονας
1113 770 1358 842 ἐνόμιζον
1388 773 1513 836 τοὺς
1542 775 1745 830 τούτων
1786 778 1922 832 άπο-

364 856 645 920 λαύοντας,
694 857 934 927 λυπῆσαι
973 860 1169 923 αὐτοὺς
1213 860 1529 932 βουλόμενος
1578 868 1634 918 ὲν
1665 870 1730 938 τῇ
1765 868 1921 939 ἀκοῇ,

367 945 434 996 ῐν*
466 944 886 1016 ἐπιστρέψαντες
926 948 1173 1017 σωθῶσι,
1207 951 1306 1021 τὴν
1346 951 1549 1005 τούτων
1592 955 1773 1020 αὐτοῖς
1805 958 1924 1012 στέ-

369 1051 524 1105 ρησιν
552 1039 928 1108 προαγορεύει.

438 1127 846 1197 Προκαταλέξας
899 1130 935 1183 ἃ
962 1132 1236 1187 πείσονται
1282 1136 1332 1187 οἰ
1364 1135 1438 1206 μὴ
1480 1135 1797 1206 φοϐούμενοι
1838 1138 1927 1191 τὸν

368 1216 591 1289 Κύριον,
618 1218 750 1287 μηδὲ
775 1221 1190 1292 ἐπιστρέφοντες
1223 1224 1359 1297 πρὸς
1394 1225 1574 1291 αὑτὸν,
1606 1228 1820 1296 ἐπάγει,
1847 1230 1927 1282 ὅτι

380 1308 725 1372 Ἀπεναντίας
770 1310 970 1364 τούτων
1017 1314 1067 1365 οἱ
1125 1314 1463 1380 δουλεύοντες
1518 1335 1607 1387 μοι
1664 1320 1723 1371 οὐ
1769 1320 1927 1390 μόνον

367 1399 662 1467 τεύξονται,
691 1401 826 1454 ἀλλὰ
856 1404 947 1456 καί
977 1403 1275 1475 ὀνομάτων,
1300 1407 1547 1481 καθάπερ
1577 1413 1625 1464 οἰ
1659 1413 1927 1484 πατριάρ-

367 1510 478 1563 χαι,
510 1493 558 1546 οἳ
585 1493 719 1564 πρὸς
744 1496 855 1557 τοῖς
884 1496 1103 1566 τρόποις
1132 1499 1223 1552 καὶ
1245 1499 1521 1571 ὀνομάτων
1542 1503 1741 1556 καινῶν
1767 1504 1927 1573 ἐτύγ-

367 1600 549 1655 χανον.
586 1584 800 1639 Τούτων
826 1585 881 1639 δὲ
915 1586 990 1657 μὴ
1027 1590 1445 1658 μετανοούντων,
1476 1594 1634 1648 τοῦτο
1664 1594 1725 1648 τὸ
1760 1596 1929 1668 ὄνομα

365 1671 646 1743 δοθήσεται
674 1675 787 1738 τοῖς
816 1674 1014 1741 ἔθνεσι,
1036 1677 1096 1729 τὸ
1124 1679 1223 1749 μὲν
1266 1682 1346 1744 εἰς
1388 1682 1493 1748 ἀεὶ,
1530 1684 1666 1755 ὅπερ
1708 1685 1825 1739 ἐστί
1858 1685 1926 1739 τὸ

2091 588 2260 646 Vens.
2294 592 2382 647 15.
2425 590 2654 656 Quando
2688 595 2862 647 ventri
2894 596 3052 649 unice
3090 594 3309 663 deditis,
3361 598 3415 651 in
3446 614 3573 668 pos-

2023 680 2269 735 sudendis
2301 680 2551 751 frugibus
2601 699 2870 737 summam
2919 684 3232 740 felicitatem
3277 688 3576 744 consistere

2022 770 2322 835 videretur,
2372 788 2436 826 ac
2487 788 2582 827 eos
2637 781 2850 828 tantum
2902 776 3093 830 beatos
3141 792 3263 831 esse
3314 779 3407 847 qui
3456 779 3577 835 istis

2024 859 2326 926 abundant,
2362 870 2567 917 terrere
2600 877 2694 917 eos
2719 878 2969 920 sermone
3008 866 3213 931 volens,
3247 874 3307 921 ut
3329 868 3574 923 conversi

2024 952 2325 1018 salventur,
2362 951 2579 1022 frugum
2604 954 2845 1024 inopiam
2868 954 3171 1009 denuntiat.

2107 1126 2267 1185 Vens.
2325 1130 2411 1183 15.
2457 1128 2743 1187 Praedictis
2776 1146 2898 1200 quae
2927 1130 3241 1186 hominibus
3273 1131 3575 1197 imminent,

2023 1235 2124 1274 nec
2148 1218 2317 1274 Deum
2349 1220 2687 1287 timentibus,
2744 1238 2843 1277 nec
2881 1224 2947 1281 ad
2988 1225 3165 1293 ipsum
3214 1238 3273 1277 se
3314 1224 3579 1293 recipien-

2024 1310 2194 1371 tibus,
2221 1310 2407 1379 adjicit
2437 1310 2617 1368 Deus:
2650 1311 2769 1366 Non
2813 1314 2986 1367 modo
3022 1315 3179 1383 longe
3216 1314 3432 1366 diversa
3459 1328 3579 1367 sor-

2025 1401 2234 1455 tientur
2263 1401 2355 1470 qui
2386 1402 2516 1455 mihi
2546 1402 2871 1467 inserviunt,
2895 1403 2989 1460 sed
3008 1404 3226 1459 nomine
3250 1405 3414 1459 etiam
3439 1419 3579 1459 novo

2026 1491 2387 1557 vocabuntur,
2422 1492 2563 1547 sicut
2594 1494 2936 1562 patriarchae,
2974 1495 3067 1565 qui
3092 1511 3189 1569 pro
3214 1497 3457 1551 moribus
3481 1510 3580 1549 no-

2025 1580 2110 1635 vis
2168 1597 2382 1651 quoque
2439 1582 2752 1637 hominibus
2816 1583 3267 1654 insigniebantur.
3317 1583 3577 1641 lsraelitis

2028 1679 2207 1725 autem
2248 1673 2624 1741 paenitentiam
2657 1674 3045 1737 renuentibus,
3074 1675 3327 1745 gentibus
3362 1675 3579 1733 dabitur

365 1761 471 1815 τῶν
495 1764 834 1835 Χριστιανῶν
852 1783 865 1796 ⁸
896 1768 1088 1839 μηκέτι
1113 1768 1221 1841 γὰρ
1243 1771 1471 1826 εἰδώλων
1499 1776 1713 1845 μνήμην
1742 1776 1922 1829 ποιού-

2027 1760 2128 1815 hoc
2159 1776 2375 1826 nomen,
2417 1764 2643 1831 quodin
2673 1773 2933 1818 aeternum
2980 1766 3240 1828 manebit,
3288 1780 3387 1820 nec
3430 1763 3577 1819 aliud

370 1871 537 1925 μενοι,
568 1857 689 1928 μηδ’
716 1858 790 1922 ὼς
827 1860 907 1923 εἰς
935 1860 1089 1925 θεοὺς
1134 1862 1418 1933 ὀμνύοντες
1442 1904 1456 1930 ,
1488 1865 1601 1919 ἀλλ’
1636 1869 1714 1930 εἰς
1762 1870 1922 1923 αὑτὸν

366 1946 457 1999 τὸν
491 1947 621 2002 Θεὸν
652 1949 746 2003 καὶ
790 1950 1115 2023 δημιουργὸν
1150 1954 1349 2019 αὐτῶν,
1386 1958 1515 2025 παρ’
1562 1959 1924 2025 αύτοῦὲξουσι

366 2038 465 2109 τὴν
495 2039 600 2094 τῶν
627 2040 846 2110 ἀγαθῶν
874 2043 1189 2099 ἀπόλαυσιν.

436 2305 816 2377 ιῙακροῦίωο-ιν
869 2308 925 2359 δὲ
982 2308 1161 2372 αὐτοῖς
1219 2309 1310 2361 ἐπὶ
1343 2309 1511 2375 πολὺ,
1582 2308 1775 2376 ἀώρως
1827 2327 1924 2381 μεν

370 2394 593 2465 μηδενὸς
634 2396 1113 2467 μεταλλάττοντος,
1161 2400 1240 2463 εἰς
1287 2400 1466 2471 γῆρας
1520 2399 1747 2471 λιπαρὸν
1790 2401 1926 2470 φθά-

368 2501 576 2548 νοντος
617 2488 709 2538 καὶ
740 2486 847 2558 γὰρ
881 2486 1069 2539 ἑκατὸν
1104 2489 1238 2540 ἑτῶν
1274 2491 1301 2540 6
1327 2490 1654 2560 τελευτήσας
1694 2492 1751 2542 ὲν
1786 2490 1927 2542 ὲκεί-

368 2591 477 2637 νοις
510 2574 678 2654 ἔσται,
709 2575 782 2639 ὡς
826 2577 930 2645 πρὸ
968 2576 1115 2648 ὥρας
1165 2578 1282 2641 νέος
1308 2578 1618 2643 ἀπαλλάξας
1662 2579 1807 2632 τόνδε
1835 2579 1925 2631 τὸν

369 2662 514 2731 βίον*
562 2665 589 2716 6
632 2663 688 2716 δὲ
734 2662 876 2716 οὕτω
926 2664 1299 2734 μεταλλάττων
1354 2668 1411 2721 ὲν
1470 2667 1713 2737 κατάρας
1771 2668 1924 2739 μέρει

368 2755 604 2811 κείσεται
636 2756 956 2827 ἁμαρτωλὸς
989 2758 1401 2830 συγκρινόμενος
1426 2759 1502 2829 τῷ
1528 2759 1718 2831 μακρῷ
1749 2758 1868 2829 βίῳ.

440 2846 520 2898 Τὰ
546 2845 653 2916 γὰρ
682 2846 905 2915 ἀειθαλῆ
942 2846 1081 2916 φυτὰ
1118 2848 1173 2899 ἐν
1205 2847 1280 2917 τῷ
1316 2848 1625 2917 παραδείσῳ
1667 2848 1924 2912 ἁειζὼους

368 2941 608 3009 καρποὺς
642 2939 793 3010 φέρει
813 2957 825 2969 ·
852 2939 1041 3001 οἵτινες
1064 2942 1119 2990 ὸν
1147 2940 1243 3009 μὲν
1272 2938 1347 3008 τῷ
1376 2936 1511 2991 εἶναι
1534 2941 1621 2991 τὸν
1646 2940 1923 3010 ἄνθρωπον

370 3033 426 3082 ἐν
453 3028 529 3098 τῷ
558 3029 886 3099 παραδείσῳ,
907 3029 1051 3081 ἄλλοι
1079 3029 1164 3081 ἐπ’
1197 3029 1376 3092 ἀλλοις
1400 3029 1668 3098 γινόμενοι
1700 3031 1918 3100 καρποὶ,

2025 1858 2109 1905 est
2142 1860 2340 1920 prmter
2364 1868 2563 1906 nomen
2590 1851 3051 1907 Christianorum.
3071 1851 3191 1907 Jam
3218 1868 3325 1907 non
3347 1854 3578 1923 amplius

2024 1940 2291 1995 idolorum
2343 1942 2662 1996 memoriam
2722 1943 2942 2009 facient,
2990 1959 3165 2014 neque
3208 1959 3269 2000 ea
3319 1952 3577 2012 tanquam

2024 2036 2157 2091 deos
2183 2037 2537 2101 invocabunt,
2590 2037 2685 2092 sed
2722 2054 2891 2092 unum
2929 2037 3098 2092 Deum
3147 2046 3201 2092 et
3242 2037 3575 2091 conditorem

2025 2140 2183 2179 suum
2218 2126 2420 2194 colent,
2448 2134 2501 2181 et
2531 2127 2600 2181 ab
2648 2128 2766 2197 ipso
2826 2128 3095 2181 bonorum
3140 2128 3353 2195 copiam
3408 2128 3578 2196 impe-

2025 2214 2263 2268 trabunt.

2100 2300 2267 2359 Vens.
2306 2306 2395 2360 20.
2439 2305 2639 2363 Multos
2668 2322 2841 2362 annos
2873 2306 3100 2377 perfecit
3131 2308 3223 2375 qui
3256 2320 3362 2359 non
3388 2304 3578 2357 imma-

2024 2402 2148 2450 tura
2181 2406 2356 2451 morte
2401 2400 2612 2467 rapitur
2665 2407 2719 2453 et
2768 2400 2992 2454 viridem
3033 2399 3388 2467 consequitur
3424 2410 3581 2451 sene-

2027 2494 2250 2541 ctutem.
2288 2486 2479 2543 Justus
2508 2490 2651 2542 enim
2688 2491 3033 2544 centenarius
3075 2490 3180 2544 erit
3203 2488 3359 2558 quasi
3400 2486 3583 2540 adole-

2027 2594 2188 2634 scens
2219 2587 2345 2634 ante
2381 2588 2596 2649 tempus
2621 2582 2890 2645 moriens;
2941 2590 3195 2651 peccator
3232 2594 3361 2634 vero
3407 2588 3582 2633 cente-

2026 2671 2218 2724 narius
2270 2671 2595 2724 maledictus
2655 2672 2781 2735 erit,
2832 2679 3054 2741 propter
3102 2671 3276 2741 ipsam
3322 2668 3579 2740 grandem

2025 2768 2239 2813 aetatem
2273 2759 2586 2812 damnatus.

2101 2850 2262 2903 Vens.
2304 2850 2393 2903 22.
2440 2848 2715 2902 Continuo
2770 2849 3027 2903 florentes
3090 2848 3329 2918 paradisi
3385 2848 3581 2917 planta:

2024 2948 2257 2994 aeternos
2283 2940 2492 2993 fructus
2525 2938 2721 2993 ferunt.
2752 2938 2961 3008 Quippe
2998 2938 3124 3007 qui,
3161 2938 3287 2990 dum
3323 2936 3486 2988 homo
3526 2936 3579 2986 in

2028 3031 2281 3100 paradiso
2308 3040 2469 3095 esset,
2506 3031 2560 3083 in
2590 3028 2706 3083 dies
2725 3029 2893 3098 magis
2926 3042 2988 3081 ac
3002 3030 3169 3094 magis
3192 3027 3357 3089 aucti,
3380 3034 3579 3079 aeterna

369 3122 623 3191 παρεῖχον
671 3119 748 3190 τῷ
791 3118 1060 3191 ἀνθρώπῳ
1093 3119 1152 3171 τὸ
1201 3121 1287 3173 ἀεὶ
1350 3119 1675 3173 ἀπολαύειν’
1722 3122 1809 3174 ὅτε
1866 3122 1921 3174 δὲ

2028 3098 2231 3174 bomini
2261 3119 2453 3189 gaudia
2494 3118 2841 3188 praebebant;
2872 3118 3098 3185 expulso
3124 3125 3317 3169 .autem
3365 3115 3582 3168 homine

370 3210 574 3281 ἐξώσθη
606 3212 635 3263 6
675 3210 979 3281 ἄνθρωπος,
1009 3212 1057 3263 οἱ
1094 3211 1294 3282 καρποὶ
1327 3211 1572 3281 μένουσιν
1602 3208 1689 3277 ἐἰς
1747 3214 1807 3265 τὸ
1845 3214 1921 3267 δι-

367 3305 558 3372 ηνεκὲς
583 3300 866 3371 ἄφθαρτοι.

438 3390 621 3446 Ταῦτα
652 3393 747 3463 μὲν
785 3388 877 3444 οῦν
921 3394 947 3444 6
971 3391 1102 3455 Θεὸς
1144 3390 1239 3445 τοῦ
1279 3393 1492 3464 Ἰσραὴλ
1534 3394 1922 3463 ἐπαγγέλλεται

376 3484 739 3540 ,ιετανοοῦντιο
776 3484 960 3554 ἐπειδὴ
1005 3484 1060 3536 δὲ
1102 3484 1344 3547 ἀπειθεῖς
1393 3487 1761 3557 μεμενήκασι,
1799 3504 1921 3557 μετ-

369 3580 487 3643 άγει
508 3576 605 3639 τὰς
624 3575 871 3642 εὐλογίας
895 3577 972 3637 εἰς
1001 3574 1067 3627 τὰ
1095 3574 1220 3645 ἔθνη
1238 3592 1251 3605 ·
1276 3575 1350 3639 ὡς
1374 3577 1464 3629 καὶ
1485 3578 1564 3639 εἰς
1586 3576 1682 3647 τὴν
1699 3578 1923 3648 Ἐκκληο

372 3668 491 3720 σίαν
520 3666 690 3719 ταῦτα
718 3666 858 3719 κατά
884 3665 1138 3736 ἀλήθειαν
1169 3666 1620 3737 ἐκλαμϐἀνεσθαι.

438 3756 559 3810 Τῶν
596 3757 687 3810 δύο
733 3758 902 3828 ἣμισυ
938 3756 1117 3826 φυλῶν
1157 3757 1237 3809 ἔτι
1270 3759 1326 3810 ὲν
1369 3761 1480 3821 τοῖς
1508 3757 1691 3822 τόποις
1732 3759 1918 3825 ὄντων,

371 3850 461 3902 καὶ
486 3850 740 3919 οἰομένων
777 3851 849 3921 μὴ
877 3850 1183 3919 ἀπάγεσθαι
1215 3851 1293 3913 εἰς
1321 3850 1420 3919 τὴν
1440 3851 1808 3920 αἰχμαλωσίαν
1837 3852 1924 3905 διὰ

371 3944 467 4018 τὴν
500 3945 634 4014 πρὸς
662 3944 751 3997 τὸν
778 3944 901 3996 ναὸν
933 3945 1113 4015 σχέσιν
1143 3924 1242 3997 τοῦ
1263 3943 1419 4010 Θεοῦ,
1460 3946 1578 4014 οὐχὶ
1604 3945 1660 3997 δὲ
1689 3945 1775 3998 διὰ
1803 3946 1925 4017 τρό-

373 4053 487 4088 πων
512 4036 707 4108 ἀρετὴν
741 4038 832 4089 καὶ
864 4035 960 4106 τὴν
991 4037 1125 4105 πρὸς
1156 4037 1247 4089 τὸν
1273 4035 1403 4089 Θεὸν
1442 4035 1673 4102 εὔνοιαν,
1714 4036 1924 4089 υποδεί-

326 4143 331 4152 ·
373 4144 558 4181 κνυσιν
582 4130 610 4181 ὁ
635 4128 785 4191 Θεὸς,
824 4128 899 4191 ὡς
926 4129 986 4180 ού
1015 4127 1183 4180 τόπου
1221 4128 1379 4198 χάριν
1405 4128 1438 4199 ἢ
1468 4127 1595 4181 ναοῦ
1633 4129 1925 4200 ρυσθήσον-

370 4235 460 4275 ται
501 4219 599 4291 τῆς
630 4218 998 4289 αἰχμαλωσίας
1040 4219 1462 4290 προηγουμένως
1489 4220 1538 4272 οἰ
1577 4220 1747 4273 ταῦτα
1779 4220 1927 4290 ἕχον-

372 4326 461 4372 τες
479 4325 491 4338 ·
520 4308 719 4362 τούτων
738 4309 845 4379 γὰρ
877 4308 1207 4378 ἀντέχοντες,
1237 4309 1366 4372 Θεὸς
1389 4310 1554 4378 λέγει,
1586 4310 1673 4363 διὰ
1698 4310 1792 4382 τὴν
1821 4311 1926 4363 τῶν

372 4402 659 4462 οἰκούντων
691 4402 816 4472 περί
846 4400 913 4454 τὰ
946 4401 1150 4470 νόμιμα
1198 4400 1439 4471 φυλακὴν
1464 4440 1479 4464 ,
1527 4400 1619 4463 οὓς
1670 4403 1762 4455 καὶ
1805 4403 1926 4455 ναὸν

377 4493 618 4561 βούλεται
651 4493 815 4565 ἔχειν,
858 4494 951 4546 καὶ
991 4492 1172 4559 ἀξίους
1195 4488 1331 4544 εἶναι
1360 4491 1451 4544 τοῦ
1492 4494 1716 4546 ἐνοικεῖν
1749 4495 1805 4545 ὲν
1835 4496 1930 4547 αὑ-

375 4588 504 4648 τοῖς.

447 4676 627 4732 Πάντα
673 4677 781 4749 γὰρ
840 4677 1170 4748 πανταχόθεν
1221 4676 1317 4748 βοᾷ
1361 4678 1457 4748 τὴν
1506 4678 1716 4733 δικαίαν
1756 4681 1931 4753 κρίσιν

377 4768 469 4821 τοῦ
502 4767 657 4832 Θεοῦ,
690 4768 957 4839 πολεμίων
987 4762 1084 4839 μὲν
1120 4769 1658 4840 καταστρεφομένων,
1695 4771 1929 4835 Ἐζεκίου

376 4862 431 4913 δὲ
460 4861 522 4913 ὲκ
544 4859 637 4913 τοῦ
664 4860 792 4913 ναοῦ
815 4862 1125 4924 ἐπανιόντος
1150 4861 1243 4914 καὶ
1264 4860 1620 4932 κηρύττοντος
1641 4863 1735 4934 τὴν
1766 4881 1933 4933 μεγαο

378 4951 629 5023 λειότητα
654 4951 747 5003 τοῦ
773 4951 928 5006 Θεοῦ,

340 5036 343 5041 ”
448 5042 723 5109 Τουτέστι,
763 5041 875 5111 Πρὸ
915 5042 1009 5096 τοῦ
1045 5042 1285 5096 κινδύνου
1327 5044 1436 5114 (14)
1486 5043 1668 5096 ἔτεκεν
1698 5044 1878 5115 ἄρσεν,
1905 5047 1933 5098 ὃ

380 5139 493 5189 ἐστι
522 5135 711 5205 κύημα
736 5134 897 5187 καλὸν
922 5136 1014 5188 καὶ
1039 5135 1536 5206 τριπόθητονχταῖς
1577 5135 1685 5206 γὰρ
1720 5137 1929 5189 τικτού-

382 5243 502 5287 σαις
552 5223 901 5306 ἀρρενοτοκία
947 5224 1142 5294 μᾶλλον
1194 5226 1418 5295 θατέρου
1472 5225 1858 5295 προτέτακται⁸
1898 5226 1929 5296 ἢ

379 5319 517 5388 τάχα
561 5334 665 5370 που
700 5317 792 5369 καὶ
826 5317 990 5387 ἄρσεν
1030 5316 1091 5367 τὸ
1132 5316 1353 5387 τεχθέν·
1393 5316 1451 5368 οὐ
1499 5315 1604 5385 γὰρ
1650 5316 1930 5387 θηλύνεται

380 5410 513 5482 πρὸς
550 5408 925 5479 μακαρισμοὺς
950 5410 977 5460 6
1011 5408 1068 5458 ἐν
1106 5408 1324 5479 Χριστῷ
1355 5408 1511 5469 λαός·
1542 5408 1792 5478 φρόνημα
1821 5409 1926 5479 γάρ

381 5507 525 5557 ἐστιν
557 5504 615 5556 ὲν
640 5500 787 5572 αὐτῷ
820 5500 1520 5554 νεανικόν.’--Ἐκδιδάσκει
1550 5499 1833 5571 προλαϐεῖν
1865 5504 1929 5571 τῇ

385 5595 640 5680 μετανοίᾳ
664 5593 755 5646 τὸν
786 5592 975 5662 καιρὸν
1004 5592 1114 5644 τῶν
1154 5591 1376 5657 ὠδίνων,
1409 5594 1498 5645 καὶ
1529 5592 1714 5665 ῶσπερ
1748 5593 1933 5646 παιδία

450 5709 561 5783 (14)
596 5707 754 5771 Forte
791 5706 1066 5776 κυητικοῦ.

2027 3227 2093 3266 ex
2122 3211 2397 3281 paradiso,
2444 3217 2725 3264 remanent
2756 3206 2963 3262 fructus
3000 3208 3054 3260 in
3092 3217 3352 3261 aeternum
3402 3205 3583 3258 incoro

2027 3304 2333 3373 ruptibilcs.

2100 3395 2265 3450 Vens.
2306 3396 2396 3450 25.
2438 3394 2567 3461 Quae
2622 3392 2837 3462 quidem
2895 3392 3177 3446 denuntiat
3231 3386 3581 3455 Deusnlsrael

2028 3486 2406 3556 ptenitentiam
2436 3485 2650 3555 agenti;
2686 3485 2812 3553 quia
2854 3491 3030 3537 autem
3066 3481 3331 3535 indociles
3362 3492 3582 3533 reman-

2029 3585 2239 3641 serunt,
2304 3576 2712 3631 benedictioncs
2759 3590 2888 3629 suas
2943 3572 3196 3644 gentibus
3252 3570 3578 3639 impertitur,

2029 3679 2086 3722 ιιι
2116 3668 2170 3721 in
2205 3666 2503 3721 Ecclesiam
2532 3667 2684 3735 juxta
2723 3668 3005 3719 veritatem
3048 3661 3439 3731 suscipiantur.

2100 3755 2229 3812 CAP.
2286 3755 2469 3820 LXVI,
2505 3754 2669 3810 Vens.
2703 3756 2754 3809 l.
2797 3753 3071 3807 Ambabus
3108 3751 3355 3805 tribubus
3405 3748 3581 3802 adhuc

2029 3857 2230 3905 terram
2264 3863 2413 3903 suam
2446 3846 2860 3916 occupantibus,
2905 3860 3071 3914 seque
3117 3844 3174 3897 in
3212 3843 3582 3912 captivitatem

2030 3949 2249 4011 pr0pter
2279 3940 2517 3993 studium
2555 3938 2647 3992 Dei
2698 3937 2752 3990 in
2792 3937 3051 4007 templum
3086 3950 3195 3989 non
3245 3935 3437 3988 abduci
3481 3949 3582 4002 pu-

2030 4032 2293 4095 tantibus,
2323 4047 2430 4084 non
2464 4045 2590 4084 vero
2617 4036 2836 4098 prapter
2867 4028 3165 4081 bonitatem
3204 4040 3415 4078 morum
3452 4038 3582 4077 suo-

2031 4139 2151 4176 rum
2179 4132 2272 4176 aut
2330 4138 2482 4177 suam
2542 4124 2596 4175 in
2659 4120 2948 4175 Dominum
3014 4120 3291 4191 pietatem,
3344 4116 3586 4171 declarat

2032 4214 2174 4269 Deus
2211 4232 2223 4268 :
2256 4214 2505 4271 illosnon
2538 4214 2642 4267 loci
2664 4225 2755 4267 aut
2794 4213 2982 4283 templi
3035 4212 3208 4282 gratia
3258 4205 3585 4279 captivitatis

2033 4306 2305 4361 immunes
2346 4306 2583 4370 futuros,
2615 4306 2710 4376 qui
2742 4305 2856 4359 haec
2902 4306 3169 4375 praecipue
3213 4303 3416 4356 colunt.
3449 4297 3585 4351 Nam

2033 4398 2147 4453 lizec
2186 4399 2515 4461 retinebunt,
2571 4399 2645 4450 ait
2684 4397 2849 4461 Deus,
2899 4406 3116 4465 prOptel‘
3162 4390 3584 4448 inhabitantium

2030 4490 2176 4544 circa
2207 4489 2397 4557 legalia
2427 4488 2723 4555 pietatem;
2765 4501 2903 4556 quos
2928 4486 3071 4541 enim
3106 4484 3363 4554 templum
3403 4478 3587 4551 possi-

2028 4580 2155 4635 dere
2185 4580 2327 4640 volo,
2362 4578 2471 4631 sint
2505 4577 2653 4646 digni
2681 4578 2775 4646 qui
2809 4577 2942 4631 illud
2975 4575 3299 4629 inhabitent.

2098 4669 2260 4723 Vens.
2303 4668 2355 4721 6.
2396 4668 2756 4722 Conclamant
2793 4676 2989 4723 cuncta
3030 4666 3294 4735 judicium
3334 4661 3429 4716 Dei
3464 4674 3588 4715 esse

2024 4762 2254 4832 justum,
2311 4759 2450 4813 fusis
2495 4760 2770 4823 hostibus,
2810 4758 3037 4814 Ezechia
3089 4758 3155 4810 de
3198 4753 3400 4824 templo
3436 4767 3590 4820 egre-

2028 4852 2209 4907 diente
2240 4860 2293 4906 et
2317 4848 2750 4919 magnidccntias
2784 4850 2875 4906 Dei
2909 4849 3255 4921 przedicante.

2098 5024 2257 5080 Vens.
2301 5026 2350 5079 7.
2396 5023 2510 5079 Hoc
2537 5032 2659 5079 est:
2693 5024 2858 5079 Partu
2900 5023 3141 5077 nondum
3174 5031 3392 5074 maturo
3428 5033 3591 5087 pepe-

2029 5119 2101 5174 rit
2161 5119 2486 5181 masculum,
2543 5126 2892 5188 praestantem
2940 5114 3150 5169 scilicet
3189 5110 3358 5165 fetum
3404 5116 3457 5161 et
3506 5115 3591 5161 ter

2029 5216 2307 5278 Optatum;
2364 5209 2632 5263 matribus
2688 5207 2833 5262 enim
2888 5203 3257 5258 masculorum
3315 5198 3591 5268 generatio.

2031 5301 2253 5372 gratior.
2292 5300 2355 5354 Et
2389 5300 2633 5369 profecto
2677 5297 2981 5352 masculum
3023 5293 3267 5363 genitum
3301 5289 3438 5351 fuit;
3482 5286 3591 5340 dici

2032 5394 2175 5448 enim
2207 5391 2550 5446 effeminatus
2584 5407 2689 5444 non
2722 5397 2899 5459 potest
2929 5386 3165 5457 populus
3207 5383 3429 5436 Christo
3461 5378 3591 5433 fide-

2031 5485 2138 5550 lis;
2176 5498 2299 5536 nam
2330 5499 2526 5539 sensus
2567 5483 2640 5535 illi
2676 5481 2872 5535 virilis.
2913 5509 2983 5518 ——
3018 5477 3187 5531 Docet
3233 5481 3293 5527 ut
3325 5474 3593 5541 poeniten-t

2035 5578 2107 5630 tia
2140 5576 2280 5630 diem
2316 5582 2502 5645 partus
2545 5587 3008 5649 praeoccupemus,
3061 5580 3116 5626 et
3158 5569 3307 5624 velut
3343 5563 3597 5638 parvuloq

2440 5950 2619 6039 Γ
