4116 6332
555 265 695 328 1575

1664 220 1687 247 ’
1738 254 2083 314 Τηεουυιιι
2120 250 2632 316 llEBACLEENSlS

3640 234 3783 320 1:76

556 384 787 441 salutem
814 346 1086 437 .nostram
1143 379 1442 450 pariamus.
1498 377 1596 434 Est
1633 377 1854 448 quidem
1892 378 2106 432 omnino

2215 378 2520 448 ἀποκυῆσαι
2559 379 2658 450 τὴν
2688 369 2893 432 ἑαυτῶν
2928 379 3231 450 σωτηρίαν·
3264 381 3401 452 ὅπερ
3444 382 3592 434 ἐστὶν
3635 382 3777 453 ὑπὲρ

557 490 723 544 super
753 472 1033 526 hominum
1070 485 1276 535 mores,
1309 468 1456 540 quod
1489 469 1766 540 paulisper
1793 468 2116 523 brevissima

557 564 873 628 tolerantes,
904 562 1062 632 quasi
1098 560 1357 615 diuturna
1403 558 1841 630 pertulissemus,
1885 559 2116 614 salutem

554 667 973 723 consequamur.
1006 653 1137 719 Quae
1169 668 1299 711 vero
1335 650 1665 722 perﬁcienda
1697 665 1820 706 esse
1855 649 1922 705 de
1958 647 2117 705 Jeru-

554 745 723 800 salem
751 744 1060 809 nuntiabat,
1110 744 1177 799 ad
1216 759 1382 815 quam
1428 744 1591 815 paulo
1620 752 1744 813 post
1784 741 2115 797 habitatores

553 837 795 891 redirent
823 850 888 890 ac
922 845 1034 890 tota
1063 850 1217 906 gens.

627 926 788 982 Vsus.
824 927 878 982 8.
911 927 1043 981 Nam
1090 928 1137 982 si
1194 926 1263 980 ad
1318 924 1487 981 Deum
1519 924 1932 988 convertemini,
1983 937 2117 978 con-

552 1016 735 1073 festim
760 1034 859 1074 vos
880 1018 1147 1088 excipiet;
1196 1034 1297 1073 nec
1324 1033 1439 1073 rem
1473 1018 1594 1087 ipso
1624 1017 1691 1070 ad
1730 1016 1949 1086 longum
1979 1021 2115 1069 tem-

551 1110 701 1181 poris
764 1110 999 1181 spatium
1055 1109 1339 1165 dill‘erente
1368 1148 1385 1174 ,
1440 1110 1559 1164 sine
1590 1108 1697 1162 ulla
1730 1122 1884 1161 mora
1928 1105 2113 1160 statim

550 1216 741 1256 omnes
776 1202 832 1255 in
869 1199 1169 1257 Jerusalem
1229 1200 1727 1270 congregahuntur.
1788 1195 1908 1251 Non
1952 1204 2114 1252 erunt

549 1295 642 1366 qui
678 1295 835 1350 fidem
884 1303 978 1349 aut
1010 1310 1228 1365 operam
1275 1294 1641 1364 denegantes,
1698 1290 1956 1361 praedicta
1999 1289 2115 1344 dis-

549 1385 792 1440 turbant.
870 1385 1300 1456 Complehuntur
1354 1400 1488 1440 sane
1568 1397 1689 1453 quae
1738 1381 1804 1436 de
1862 1380 2112 1451 gentibus

549 1474 693 1531 dicta
748 1485 904 1541 sunt;
960 1478 1159 1547 quippe
1216 1490 1374 1546 quae,
1430 1474 1547 1531 suis
1593 1472 1892 1535 derelictis,
1938 1469 2107 1525 Deum

549 1584 707 1624 suum
737 1576 791 1623 et
814 1567 1142 1623 Salvatorem
1169 1577 1545 1638 agnoscentes,
1569 1563 1637 1619 de
1659 1563 1933 1634 prioribus
1960 1576 2112 1618 erro-

550 1661 701 1715 ribus
729 1660 1100 1731 poenitentiam
1161 1667 1408 1731 agentes,
1462 1657 1529 1712 ad
1579 1654 2110 1712 coelestcherusa-

2217 469 2393 522 πᾶσαν
2432 468 2774 540 ἀνθρωπίνην
2800 469 3105 541 συνήθειαν,
3144 471 3201 524 ἐν
3241 470 3514 542 ἀκαριαίῳ
3555 471 3775 544 διαστήο

2216 574 2348 628 ματι
2379 557 2564 632 ῶσπερ
2592 560 2685 613 ἐπὶ
2723 559 2889 614 πολὺν
2916 561 3105 632 χρόνον
3142 562 3462 633 κάμνοντες,
3505 562 3773 632 σωτηρίαν

2215 649 2626 721 καρπώσασθαι.
2662 651 3094 723 Τελεσθήσεσθαι
3137 653 3195 706 δὲ
3230 651 3369 706 αὐτὰ
3410 652 3777 723 ἐπηγγέλλετο

2212 740 2305 792 ἐπὶ
2336 741 2437 811 τῆς
2462 740 2834 813 Ἰερουσαλὴμ,
2864 745 2921 796 ἐν
2945 743 3110 814 ὀλίγῳ
3135 742 3631 815 ἀπολαμϐανούσης
3654 744 3777 806 τους

2212 832 2503 904 οίκίμορας
2534 833 2629 886 καὶ
2667 832 2815 887 ἅπαν
2843 834 2904 887 τὸ
2935 833 3106 898 ἔθνος.

2286 923 2360 974 Οὐ
2411 922 2569 993 μόνον
2610 923 2737 994 γὰρ,
2782 926 2875 978 ἐὰν
2918 926 3286 996 ἐπιστραφῆτε
3339 925 3433 978 ἐπὶ
3471 926 3565 979 τὸν
3607 924 3781 993 Θεὸν,

2214 1013 2440 1085 ταχίστη
2484 1014 2634 1068 ἐσται
2680 1014 2833 1085 ὑμῶν
2886 1016 3272 1095 ήάντίληψις,
3313 1017 3413 1069 οὐκ
3440 1019 3521 1080 είς
3567 1018 3783 1087 χρόνων

2212 1104 2459 1174 περίοδον
2505 1106 2928 1178 ὑπερτιθεμένου
2960 1107 3055 1162 τοῦ
3108 1107 3280 1173 Θεοῦ,
3329 1109 3443 1161 ἀλλ’
3497 1107 3630 1162 εὐθὺ
3688 1108 3783 1162 καὶ

2212 1198 2550 1269 παραχρῆμα
2606 1198 2821 1252 πάντων
2872 1199 3242 1270 ἁπανταχόθεν
3298 1199 3783 1271 ἐπισυναγομένων

2212 1287 2304 1341 ἐπὶ
2342 1287 2438 1359 τὴν
2465 1289 2848 1361 Ἰερουσαλήμ’
2890 1292 2950 1344 οὐ
2996 1292 3525 1364 στενοχωρηθήσεται
3569 1292 3643 1345 τά
3679 1291 3780 1361 τῆς

2210 1380 2541 1449 ἐπαγγελίας
2597 1382 2672 1454 μὴ
2721 1381 3075 1453 βουλομένων,
3131 1384 3267 1456 μηδέ
3317 1385 3776 1438 ὑπακουσάντωνο

2211 1470 2623 1544 πληρωθήσεται
2650 1474 2707 1528 δέ
2737 1476 2817 1538 εἰς
2842 1476 2912 1528 τά
2938 1475 3086 1547 ἔθνη,
3109 1476 3315 1530 τούτων
3347 1478 3444 1548 μὲν
3473 1475 3780 1529 ἀποϐαλλο-

2213 1564 2389 1634 μένων
2416 1566 2515 1636 τῆς
2545 1566 2890 1639 οἰκειότητος,
2920 1568 3346 1639 εἰσποιουμένων
3388 1566 3446 1620 δὲ
3470 1566 3582 1620 τῶν
3602 1564 3778 1618 ἐθνῶν

2211 1658 2290 1721 είς
2322 1657 2420 1729 τὴν
2465 1659 2782 1730 ἐπουράνιον
2818 1659 3202 1733 Ἰερουσαλὴμ,
3246 1660 3639 1729 ἐπεγνωκότων
3684 1658 3779 1713 τὸν

548 1754 654 1809 lem
684 1753 963 1808 accedent.
1006 1752 1172 1809 Israel
1206 1768 1335 1808 vero
1375 1767 1546 1821 usque
1576 1751 1850 1821 ingratum
1879 1764 1937 1804 se
1971 1762 2106 1818 prm-

2211 1716 2418 1803 éat'urui'v
2449 1749 2580 1804 Θεόν
2602 1716 2669 1805 ’τε
2697 1752 2791 1806 κα)⁸
2812 1716 3059 1826 Σωιτῆρα,
3216 1716 3663 1824 μετανοησάντων
3684 1753 3777 1804 ἐπι

547 1845 733 1900 behit:
774 1843 885 1899 Deo
932 1845 1018 1899 vel
1065 1844 1516 1915 praestantissima
1545 1842 1915 1912 promittente,
1954 1840 2112 1894 indo-

547 1936 681 1991 ciles
711 1936 1088 2001 remanebunt,
1125 1952 1193 1990 ne
1229 1934 1360 1989 illud
1403 1935 1620 2005 quidem
1673 1933 1938 1989 recordati
1966 1932 2112 2003 quod

556 2043 657 2082 ana
687 2029 973 2083 mulierum
1019 2028 1272 2093 fecunda,
1314 2028 1487 2081 altera
1535 2042 1663 2082 vero
1714 2026 1917 2082 sterilis
1974 2039 2113 2096 prte-

548 2119 866 2188 nuntiatur;
902 2119 1128 2175 Domino
1166 2131 1486 2174 naturarum
1530 2127 1820 2188 utramque
1857 2125 2111 2171 naturam

546 2211 616 2266 ad
637 2220 830 2266 nutum
862 2226 1021 2267 suum
1070 2218 1472 2283 componente;
1508 2211 1669 2264 aliam
1709 2209 1927 2279 quidem
1966 2210 2112 2263 velut

547 2317 736 2370 agrum
770 2300 1125 2372 frugiferum;
1157 2302 1319 2355 aliam
1344 2316 1473 2356 vero
1504 2302 1649 2356 velut
1676 2308 1874 2355 terram
1904 2300 2111 2353 aridam

546 2401 599 2446 et
632 2390 997 2447 infecundam.

618 2567 781 2624 Vens.
832 2569 919 2625 12.
967 2571 1233 2626 Omnibus
1279 2569 1347 2624 ad
1404 2584 1523 2626 eam
1570 2564 1930 2641 undequaque
1978 2583 2112 2623 con-

548 2656 867 2714 ﬂuentibus.
909 2657 1042 2712 Nam
1090 2659 1317 2729 gloriam
1353 2662 1596 2731 gentium
1635 2661 1895 2731 largietur
1924 2660 2005 2714 eis
2041 2660 2109 2713 ad

543 2748 843 2805 Jerusalem
881 2748 1273 2816 feStinantium,
1308 2752 1465 2822 quasi
1512 2751 1652 2807 ﬁlios
1708 2766 1839 2807 suos
1872 2762 1926 2807 et
1970 2751 2109 2805 tilias

546 2853 675 2893 suas
721 2839 777 2893 in
822 2839 1062 2895 humeris
1103 2841 1457 2911 portantium,
1506 2849 1558 2896 et
1601 2840 1890 2897 ferentium
1944 2854 2110 2910 super

541 2945 750 3004 genua,
805 2939 864 2987 ut
910 2948 1032 2987 cum
1076 2934 1143 2989 iis
1191 2933 1616 2989 communicent.
1698 2934 1909 2989 Cuncta
1960 2935 2106 2989 enim

2209 1844 2274 1912 τῇ
2307 1842 2548 1915 προτέρᾳ
2596 1842 2793 1917 πλάνῃ.
2835 1845 2891 1899 '0
2929 1845 2985 1898 δὲ
3028 1845 3239 1918 Ἰσραὴλ
3289 1846 3561 1917 ἀγνώμων
3602 1847 3776 1899 ἀπαν-

2208 1933 2372 2004 ταχοῦ
2388 1950 2401 1963 ·
2430 1935 2523 1989 καὶ
2550 1935 2659 2007 γὰρ
2682 1937 2901 2001 ἐλπίδας
2930 1938 3110 2002 αὐτοῖς
3131 1938 3341 2007 ἀγαθὰς
3363 1939 3775 2008 ὑπογράψαντος

2208 2022 2302 2076 τοῦ
2327 2022 2685 2095 Θεοῦ,ἐμενον
2722 2025 3068 2098 ἀντίστροφοι
3087 2043 3101 2057 ·
3136 2029 3273 2098 μήτε
3308 2027 3465 2081 τοῦτο
3485 2026 3628 2081 κατὰ
3651 2026 3772 2080 νοῦν

2209 2113 2478 2179 λαϐόντες,
2511 2117 2592 2168 ὅτι
2622 2118 2655 2187 ἠ
2690 2117 2787 2187 μέν
2807 2134 2890 2181 τις
2911 2119 3046 2189 γυνὴ
3076 2117 3344 2183 πολῦπαις
3375 2119 3767 2183 ἀναδείκνυται,

2208 2210 2241 2289 η
2269 2208 2326 2261 δέ
2351 2225 2433 2271 τις
2479 2208 2681 2279 ἔρημος
2711 2210 2914 2266 παίδων
2935 2229 2947 2242 ’
2974 2211 3070 2264 τοῦ
3114 2212 3381 2264 Δεσπότου
3410 2210 3519 2263 τῶν
3559 2210 3769 2280 φύσεων

2210 2300 2345 2370 πρὸς
2371 2300 2430 2352 τὸ
2473 2301 2663 2354 ἑαυτοῦ
2706 2302 2880 2374 νεῦμα
2928 2303 3153 2372 ἄγοντος
3196 2304 3432 2375 ἑκάστην
3461 2305 3650 2373 φύσινο
3677 2304 3768 2356 καὶ

2206 2380 2305 2459 τῆν
2337 2388 2437 2459 μέν
2460 2408 2579 2444 τινα
2603 2390 2791 2464 ὥσπερ
2812 2394 2913 2465 γῆν
2936 2393 3205 2467 εὔκαρπον
3235 2395 3643 2465 ἀποφαίνοντος,
3672 2396 3767 2465 τὴν

2207 2477 2263 2532 δὲ
2293 2481 2486 2548 ἄγονον
2518 2483 2611 2536 καὶ
2639 2485 2875 2556 στείραν.

2277 2570 2399 2623 Τῶν
2447 2574 2527 2635 είς
2566 2574 2734 2646 αὐτὴν
2776 2577 3109 2647 πανταχόθεν
3138 2577 3495 2650 συρρεόντων’
3526 2575 3621 2647 τὴν
3648 2577 3755 2648 γὰρ

2205 2663 2360 2731 δόξαν
2401 2665 2509 2718 τῶν
2553 2666 2717 2719 ἐθνῶν
2752 2672 3018 2739 χαριεῖται
3060 2670 3240 2734 αὐτοῖς
3276 2671 3354 2734 εἰς
3400 2670 3560 2740 αὐτὴν
3590 2685 3754 2721 σπευ-

2204 2755 2428 2820 δόντων,
2479 2756 2554 2820 ὠς
2592 2759 2714 2821 τοὺς
2754 2761 2903 2822 υἱοὺς
2955 2759 3122 2831 αὐτῆς
3170 2762 3263 2815 καὶ
3318 2760 3416 2823 τὰς
3459 2759 3758 2832 θυγατέρας

2206 2847 2292 2898 ἐπ’
2316 2845 2481 2918 ὤμων
2510 2848 2691 2919 φέρειν
2719 2850 2799 2912 εἰς
2833 2849 3331 2922 τὴνδιερουσαλὴμ,
3358 2838 3453 2904 καὶ
3483 2851 3572 2903 ἐπὶ
3602 2849 3771 2918 γονάν

2204 2955 2312 2993 των
2349 2940 2533 3011 φέρειν
2561 2941 2778 3006 αὐτοὺς,
2824 2942 3252 3012 μεταδιώκοντας
3280 2944 3378 3015 τὴν
3412 2943 3549 3013 πρὸς
3574 2943 3756 3005 αὐτοὺς

545 3026 801 3096 ριέεὺεὺίι
827 3026 908 3082 eis
934 3025 1077 3082 Deus
1113 3026 1353 3096 adjutor,
1396 3027 1589 3083 matris
1626 3028 1692 3082 ad
1722 3041 1973 3082 normam
2008 3026 2106 3082 bo-

2207 3031 2486 3084 κοινωνίαν
2507 3050 2520 3062 ·
2556 3034 2588 3104 ἡ
2626 3033 2735 3105 γὰρ
2767 3035 2845 3097 είς
2872 3034 3067 3099 αὐτοὺς
3097 3037 3237 3107 ῥοπὴ
3266 3034 3358 3087 τοῦ
3384 3033 3520 3087 Θεοῦ
3545 3034 3763 3105 παρέξει

543 3133 626 3173 ua:
655 3118 722 3175 de
752 3120 894 3175 natis
918 3121 1033 3175 suis
1059 3134 1245 3174 curam
1270 3119 1527 3190 gerentis.

619 3302 779 3356 Vsus.
830 3300 917 3355 l5.
961 3299 1092 3365 Quae
1120 3300 1360 3369 reperies
1410 3298 1656 3354 historiis
1706 3297 2101 3367 comprobata;

543 3390 845 3465 praesertim
884 3405 1014 3443 vero
1049 3390 1367 3444 narratione
1394 3404 1575 3444 rerum
1626 3404 1772 3443 nunc
1814 3387 1959 3459 apud
2001 3404 2102 3444 nos

543 3490 666 3554 post
697 3482 985 3538 adventum
1025 3478 1319 3535 Salvatoris
1362 3481 1534 3535 nostri
1556 3488 1851 3551 gestarum.
1899 3479 2104 3536 Idcirco

543 3576 611 3631 ad
648 3589 828 3631 veram
872 3572 1172 3629 Jerusalem
1217 3571 1520 3639 tendimus,
1571 3579 1625 3628 et
1671 3587 1827 3628 veros
1869 3571 2101 3629 Judazos

539 3676 821 3739 portamus
851 3683 1015 3737 super
1049 3667 1306 3721 humeros
1338 3680 1403 3721 ac
1437 3681 1614 3736 genua
1660 3666 1931 3733 ferentes;
1976 3680 2100 3720 cum

540 3760 686 3816 enim
731 3760 785 3816 in
836 3760 1088 3817 manibus
1142 3759 1333 3814 beatos
1384 3759 1678 3829 prophetas
1724 3758 2009 3822 habemus,
2048 3764 2103 3812 et

541 3852 762 3905 illorum
811 3851 967 3906 libris
1009 3850 1376 3915 occurrimus,
1421 3850 1524 3920 ipsi
1578 3866 1798 3921 quoque
1844 3850 1900 3904 in
1934 3848 2101 3904 Deum

539 3943 815 3999 Abraham
868 3950 920 3999 et
967 3951 1285 3997 creterorum
1342 3951 1557 4013 patrum
1613 3957 1951 4012 speramus;
1992 3956 2105 4012 pra:

539 4035 733 4105 primis
754 4049 883 4089 vero
914 4035 1084 4089 libros
1117 4034 1379 4088 habentes
1417 4048 1447 4086 a
1480 4033 1652 4088 beatis
1680 4031 1944 4102 apostolis
1979 4038 2102 4102 post

540 4129 875 4182 Salvatorem
917 4135 1163 4182 nostrum
1207 4125 1548 4195 conscriptos
1591 4135 1645 4179 et
1676 4140 1772 4180 eos
1818 4126 1873 4180 in
1912 4124 2104 4180 hume-

541 4220 617 4275 ris
669 4226 979 4289 portantes,
1016 4231 1081 4271 ac
1125 4215 1193 4271 de
1227 4217 1335 4272 illis
1372 4217 1616 4287 symbola
1659 4216 1850 4272 salutis
1900 4226 2101 4271 nostra:

539 4311 875 4377 haurientes,
900 4324 1010 4379 quo
1046 4316 1207 4379 pacto
1234 4324 1343 4362 non
1394 4324 1518 4363 vere
1568 4324 1725 4363 veros
1760 4308 1901 4363 filios
1959 4324 2100 4363 vera:

2208 3120 2392 3183 αὐτοῖς
2420 3121 2654 3185 ἃπαντα,
2696 3122 2849 3192 δίκην
2887 3124 3092 3195 μητρὸς
3123 3124 3361 3195 χρηστῆς
3392 3125 3520 3194 περὶ
3552 3124 3613 3177 τὸ
3639 3124 3763 3177 ἴδιον

2205 3211 2393 3264 τέκνον
2420 3212 2833 3286 ἐνδεικνυμένης
2858 3215 2956 3285 τὴν
2986 3217 3183 3285 ἑαυτῆς
3212 3215 3535 3286 κηδεμονίαν

2274 3304 2383 3356 Καὶ
2412 3303 2583 3358 ταῦτα
2633 3306 2880 3377 εὑρήσεις
2909 3305 3080 3371 οὕτως
3122 3306 3312 3377 ἔχοντα
3352 3309 3443 3359 ἐπὶ
3488 3308 3586 3377 τῆς
3628 3309 3765 3360 ίστο-

2206 3395 2361 3468 ρίας·
2396 3397 2457 3450 οὑ
2488 3398 2593 3468 μὴν
2629 3397 2764 3452 ἀλλά
2802 3400 2893 3453 καὶ
2918 3399 3022 3463 ἓως
3052 3399 3149 3470 τῆς
3174 3397 3331 3470 δεῦρο
3362 3400 3529 3462 οὕτως
3573 3398 3761 3469 ἔχοντα

2204 3485 2438 3540 τελεῖται
2459 3487 2587 3559 παρ’
2611 3489 2767 3560 ἡμῶν
2790 3490 2925 3560 μετά
2946 3492 3042 3562 τὴν
3075 3492 3375 3563 παρουσίαν
3394 3489 3487 3543 τοῦ
3516 3490 3762 3560 Σωτῆρος

2203 3576 2398 3649 ἡμῶν·
2441 3579 2521 3633 διὸ
2564 3580 2660 3634 καὶ¹
2702 3581 2801 3652 τὴν
2847 3582 3061 3652 ἀληθῶς
3096 3583 3448 3655 Ἰερουσαλὴμ
3502 3581 3762 3653 μεταδιώ-

2205 3688 2392 3742 κομεν,
2425 3673 2518 3725 καὶ
2550 3674 2673 3736 τοὺς
2718 3672 2929 3746 ἀληθῶς
2966 3674 3249 3739 Ἰουδαίους
3290 3672 3630 3745 βαστάζομεν
3670 3675 3764 3742 φέ-

2206 3778 2387 3832 ροντες
2416 3762 2503 3814 ἐπ’
2533 3761 2696 3834 ὤμων
2727 3764 2818 3817 καὶ
2841 3766 3099 3833 γονάτων.
3117 3767 3232 3819 Ὅτ”
3253 3764 3317 3819 ἂν
3335 3766 3390 3817 δὲ
3421 3766 3557 3836 μετά
3579 3768 3764 3835 χεῖρας

2204 3852 2413 3925 ἔχωμεν
2443 3854 2567 3917 τοὺς
2593 3855 2891 3926 μακαρίους
2918 3858 3217 3927 προφήτας,
3234 3858 3327 3909 καὶ
3353 3856 3762 3925 ἐντυγχάνωμεν

2202 3949 2320 4010 ταῖς
2355 3947 2577 4001 ἐκείνων
2605 3947 2827 4017 βίϐλοις,
2860 3948 2953 4002 καὶ
2985 3950 3076 4002 ἐπὶ
3096 3950 3187 4002 τὸν
3217 3949 3347 4003 Θεὸν
3384 3949 3479 4002 τοῦ
3516 3949 3763 4019 Ἀϐραὰμ

2203 4039 2298 4091 καὶ
2337 4038 2444 4092 τῶν
2497 4039 2727 4112 καθεξῆς
2758 4039 3006 4111 πατέρων
3043 4041 3362 4113 ἐλπίζομεν·
3418 4042 3496 4095 ἔτι
3532 4042 3638 4113 μὴν
3672 4059 3748 4095 κα

2200 4129 2327 4193 τοὺς
2354 4130 2653 4203 μακαρίους
2687 4131 3012 4197 ἀποστόλους
3047 4133 3183 4203 μετὰ
3215 4135 3306 4187 τὸν
3347 4133 3571 4205 Σωτῆρα
3606 4136 3636 4203 ἡ
3646 4134 3758 4201 μῶν

2203 4223 2626 4294 ἐπιφερομένους
2664 4223 2763 4288 τὰς
2808 4225 2986 4279 αὐτῶν
3019 4225 3232 4296 βίϐλους
3279 4225 3507 4295 ἔχοντες,
3547 4229 3636 4277 καὶ
3668 4226 3752 4277 ἐπ’

2202 4313 2366 4384 ῶμων
2394 4314 2561 4378 αὑτὰς
2598 4315 2971 4386 βαστάζοντες,
2997 4319 3091 4370 καὶ
3116 4320 3173 4370 ἐν
3206 4318 3395 4382 αὑταῖς
3424 4319 3489 4371 τά
3515 4316 3754 4388 σύμϐολα

535 4400 836 4458 Jerusalem
889 4417 1052 4471 super
1084 4402 1338 4459 humeros
1370 4404 1630 4473 gerimus,
1680 4402 1993 4474 quicunque
2034 4404 2100 4460 de

2206 4405 2301 4474 τῆς
2335 4406 2602 4478 σωτηρίας
2632 4408 2787 4479 ἡμῶν
2822 4408 3100 4481 μαθόντες,
3119 4409 3235 4473 πῶς
3265 4411 3385 4481 οὐχὶ
3405 4410 3604 4481 ἀληθῶς
3628 4410 3758 4473 τοῦς

538 4494 789 4562 gentibus
823 4493 1183 4563 undequaque
1205 4508 1328 4547 cum
1366 4494 1454 4547 illa
1481 4494 1737 4565 conjungi
1770 4494 2009 4549 student.

2202 4495 2486 4566 ἀληθινοὺς
2520 4498 2667 4561 υἱοὺς
2698 4499 2795 4569 τῆς
2828 4499 3041 4572 ἀληθῶς
3078 4499 3453 4572 Ἰερουσαλὴμ,
3480 4500 3561 4553 ἐπ’
3592 4499 3761 4570 ῶμων

539 4582 917 4655 βαστάζοντες,
944 4587 992 4638 oi
1032 4587 1139 4639 ἀπὸ
1184 4586 1293 4638 τῶν
1325 4586 1491 4639 ἐθνῶν
1521 4587 1723 4649 πάντες
1760 4584 2097 4657 πανταχόθεν
2125 4585 2442 4642 σπεύδουσιν
2468 4588 2553 4640 ἐπ’
2584 4587 2752 4659 αὐτὴν
2785 4588 3142 4661 συναχθῆναι;

613 4675 773 4732 Vens.
822 4677 907 4732 l4.
955 4676 1092 4733 Ossa
1131 4679 1540 4748 germinahunt,
1581 4679 1867 4750 pristinam
1928 4682 2100 4734 virtu-

535 4775 643 4822 tem
691 4769 1000 4838 recipientia
1047 4769 1202 4840 juxta
1251 4767 1597 4825 Dominicani
1665 4771 2094 4842 praedictionem;

534 4859 677 4929 quod
709 4861 872 4915 etiam
904 4861 970 4915 de
992 4861 1150 4916 beato
1181 4861 1429 4917 Ezechiel
1476 4862 1705 4918 historia
1738 4864 1924 4927 refert,
1956 4865 2096 4920 ossi~

534 4953 639 5010 bus
689 4953 861 5009 aridis
901 4953 1152 5010 excitatis
1195 4960 1249 5009 et
1304 4954 1447 5010 inter
1497 4970 1557 5011 se
1606 4964 1732 5028 apte
1777 4956 2098 5013 cohaerenti-

532 5045 634 5102 bus
667 5046 733 5100 ".

606 5139 766 5194 Vens.
804 5138 891 5195 15.
928 5137 1054 5194 Ηιεο
1086 5139 1292 5210 profert
1338 5147 1397 5194 ut
1417 5139 1641 5204 indicet,
1694 5138 1858 5211 quam
1905 5143 2096 5213 rapide

531 5229 793 5301 judicium
828 5230 1100 5287 facturum
1145 5231 1218 5288 sit
1258 5246 1381 5287 cum
1412 5231 1555 5288 Deus
1602 5248 1704 5288 nec
1733 5240 1974 5304 tempore
2011 5235 2096 5288 in-

532 5321 735 5392 digeat,
768 5337 869 5377 nec
903 5337 1053 5377 mora
1078 5342 1091 5378 :
1118 5338 1226 5377 non
1268 5322 1413 5378 enim
1457 5333 1713 5379 externos
1743 5333 2093 5381 accusatores

531 5422 832 5484 exspectat,
864 5413 957 5485 qui
988 5415 1105 5485 ipse
1129 5424 1326 5471 cuncta
1358 5416 1510 5470 novit
1557 5424 1848 5487 antequam
1880 5417 2090 5486 fierent,

533 5503 608 5563 uti
657 5504 860 5561 dictum
912 5515 996 5561 est
1045 5524 1059 5559 :
1114 5524 1144 5557 ,ι
1190 5505 1534 5575 lnoperatum
1605 5523 1780 5564 meum
1845 5509 2094 5566 viderunt

609 5673 865 5732 "Ezecb.
894 5693 1098 5749 xxxv",
1130 5679 1197 5734 12
1234 5695 1353 5752 sqq.

2272 4680 2381 4751 Τὴν
2423 4679 2553 4732 ἰδίαν
2585 4682 2735 4751 ἰσχὺν
2770 4681 3105 4735 ἀναλαϐόντα
3132 4682 3272 4735 κατά
3313 4682 3412 4753 τὴν
3441 4682 3763 4751 δεσποτικὴν

2203 4770 2552 4840 ἐπαγγελίαν,
2575 4770 2753 4835 καθὼς
2784 4771 2929 4843 καὶὴ
2959 4772 3165 4843 ἱστορία
3184 4770 3275 4825 τοῦ
3312 4772 3581 4843 μακαρίου
3607 4769 3770 4834 Ἰεζε-

2203 4863 2326 4935 κιὴλ
2351 4865 2611 4936 περιέχει,
2644 4864 3067 4935 ἀνεγειρομένων
3094 4863 3201 4916 τῶν
3224 4863 3403 4934 ξηρῶν
3430 4864 3651 4927 ὀστέων,
3669 4866 3769 4917 καὶ

2201 4955 2688 5027 ἀπολαμϐανόντων
2714 4957 2812 5028 τὴν
2838 4955 3111 5028 σύμπηξιν
3141 4956 3235 5009 καὶ
3265 4954 3548 5027 ἁρμονίαν.

2272 5134 2456 5188 Ταῦτα
2487 5136 3111 5209 παραλαμϐάνει,δηλῶν
3138 5137 3198 5190 τὸ
3227 5137 3361 5207 ταχὺ
3383 5135 3485 5207 τῆς
3505 5135 3763 5204 κρίσεως,

2200 5226 2261 5279 οὐ
2310 5226 2523 5298 χρόνου,
2555 5228 2615 5280 οὐ
2657 5227 2935 5298 διατριϐῆς
2976 5227 3230 5299 δεομένου
3281 5225 3414 5298 πρὸς
3473 5225 3629 5278 τοῦτο
3662 5224 3767 5278 τοῦ

2200 5318 2333 5373 Θεοῦ
2354 5337 2367 5351 ⁸
2395 5318 2519 5374 οὔτε
2559 5320 2668 5391 γὰρ
2701 5319 2894 5387 ἔξωθεν
2933 5322 3270 5393 κατηγόρους
3318 5321 3617 5392 περιμένει,
3648 5322 3771 5374 ἐπι-

2203 5407 2465 5478 στάμενος
2485 5410 2611 5481 πρὶν
2636 5408 2667 5479 ἢ
2692 5409 2785 5461 καὶ
2818 5410 2916 5481 τὴν
2946 5411 3144 5483 πρᾶξιν
3172 5414 3252 5476 είς
3280 5411 3437 5483 ἔργον
3475 5411 3602 5484 παρ’
3626 5409 3768 5482 ἐμοῦ

2202 5502 2552 5571 προχωρῆσαι
2578 5500 2718 5554 κατά
2748 5501 2809 5555 τὸ
2847 5504 3133 5576 εἰρημένον
3158 5521 3171 5534 ·
3207 5521 3226 5555 ι
3253 5504 3326 5558 Τὸ
3353 5502 3766 5573 ἀκατέργαστόν
