4116 6332
394 305 530 359 ίδῖΊ

1825 292 1889 346 ΙΝ
1920 292 2174 347 ΙΒᾹΙΑΜ.

3490 285 3624 339 15⁸78
3696 264 3701 275 ’

390 438 487 492 μου
522 415 657 472 εἶδον
703 418 752 469 οί
788 412 1052 485 ὀφθαλμοί
1088 428 1201 465 σου.
1226 430 1244 462 ι
1271 408 1607 479 Ἀναγκαίως
1637 407 1836 470 τοίνυν,
1862 413 1954 461 εκ.-

2074 407 2204 463 )ευιὶ
2256 404 2335 461 tui
2364 404 2431 458 ’⁸.
2477 421 2494 454 ι
2530 401 2722 457 Merito
2787 400 2955 470 igitur
3005 376 3329 454 rescindens'
3365 400 3628 469 peccandi

387 511 598 566 κόπτων
639 506 731 560 τὸν
779 506 935 572 λόγον
986 500 1078 556 τοῦ
1122 500 1493 572 ἁμαρτάνειν,
1542 496 1958 569 παραλαμϐάνει

387 602 497 674 πῦρ
520 601 615 655 καὶ
649 598 960 665 καταιγίδα,
991 595 1019 648 ὃ
1068 592 1231 657 αὐτὸς
1282 593 1512 646 ἀνάπτει
1541 593 1599 645 ὲν
1628 591 1749 654 ταῖς
1794 606 1963 644 συνειο

388 697 606 767 δήσεσιν
635 690 814 761 ἡμῶν.

457 786 534 836 Δι’
571 777 638 854 ἦς
664 779 917 851 ἐμφαίνει
948 775 1182 846 ψυχικὴν
1212 774 1452 838 κόλασιν,
1493 775 1585 828 καὶ
1623 773 1961 847 τραυματίας

389 874 605 928 ἔσεσθαι.
652 872 876 932 πολλοὺς
916 868 1096 935 λέγει·
1132 866 1236 930 ἵνα,
1275 865 1361 917 διὰ
1392 866 1489 935 τῆς
1520 866 1689 935 ἀκοῆς
1734 865 1844 919 τῶν
1876 865 1961 917 δο-

320 991 331 1006 ·
392 967 628 1021 κούντων
654 962 801 1033 αὐτῷ
833 961 960 1030 cpon
972 960 1078 1031 ρῶν
1103 954 1240 1010 εἶναι
1273 958 1566 1021 παιδεύσας
1590 959 1809 1025 αὐτοὺς,
1834 958 1963 1010 ἀνα-

392 1062 609 1129 χαιτξσῃ
634 1054 740 1110 τῶν
765 1051 1199 1124 ἁμαρτημάτων.

461 1148 643 1201 Ταῦτα
684 1146 739 1198 δὲ
788 1144 1137 1217 προστίθησιν
1186 1146 1243 1197 ἐν
1303 1142 1490 1214 μέσῳ,
1521 1142 1582 1194 οὐ
1632 1141 1963 1213 κατηγορίαν

395 1239 571 1292 αὐτῶν
605 1239 762 1309 μόνον
804 1236 1169 1306 ἐνιστάμενος,
1195 1235 1326 1289 άλλά
1354 1236 1445 1288 καὶ
1479 1234 1751 1305 σωτηρίαν
1784 1235 1964 1295 αὐτοῖς

395 1329 667 1402 προξενῶν
696 1329 782 1382 διὰ
811 1327 904 1381 τοῦ
936 1329 1179 1398 ἐλέγχου,
1203 1328 1295 1380 ἐὰν
1323 1328 1655 1397 ἐπιστήσωσι
1685 1326 1775 1378 τὸν
1805 1324 1928 1377 νοῦν
1947 1337 1961 1351 ⁸

394 1423 487 1476 καὶ
525 1422 633 1493 γάρ
682 1420 772 1473 τὸν
828 1419 929 1490 μῦν
979 1418 1275 1490 παρέλαϐε,
1320 1418 1427 1481 ἵνα,
1464 1416 1569 1471 κᾶν
1608 1415 1738 1484 γοῦν
1795 1413 1966 1477 οὕτως

395 1513 727 1575 αἰδεσθέντες
776 1511 837 1564 τὸ
890 1512 1129 1582 μυσαρὸν
1177 1510 1285 1563 τῶν
1343 1509 1624 1580 πράξεων,
1675 1505 1962 1577 άνακωχὴν

394 1606 605 1659 δώσωσι
637 1607 749 1667 τοῖς
773 1606 983 1666 κακοῖς.

468 1697 541 1749 Ού
581 1697 736 1766 μόνον
764 1695 818 1747 δὲ
845 1694 951 1746 τῶν
985 1694 1232 1764 φανερῶν
1265 1691 1517 1764 πράξεων
1549 1690 1728 1746 αὐτῶν
1747 1690 1965 1759 ἔλεγχον

399 1790 649 1851 ἐποιεῖτο,
674 1787 808 1841 ἀλλά
837 1788 927 1841 καὶ
961 1786 1138 1839 αὐτῶν
1167 1784 1273 1838 τῶν
1310 1787 1492 1848 αὐτοῖς
1523 1782 1964 1854 κινηθησομένων

398 1879 583 1933 κακῶν
612 1879 886 1949 λογισμῶν
908 1896 920 1908 ⁸
956 1881 1090 1951 ὅπερ
1112 1878 1419 1946 ἀναγκαίως
1450 1878 1542 1930 καὶ
1563 1876 1844 1949 χρησίμως
1878 1872 1967 1925 ἐπὶ

397 1971 496 2038 τῆς
529 1967 705 2019 αὐτῶν
737 1965 1068 2028 λυσιτελείας
1098 1966 1290 2019 ἐποίει.
1311 1965 1591 2018 -Ούκέτι
1634 1964 1730 2036 τὴν
1762 1961 1851 2016 διὰ
1881 1961 1967 2014 λό-

398 2074 509 2125 γων
535 2056 760 2127 ἀπειλὴν
796 2055 1135 2126 ποιούμενος,
1160 2056 1295 2109 άλλά
1315 2055 1409 2108 καὶ
1434 2054 1731 2126 παρουσίαν
1763 2052 1968 2105 οἰκείαν

400 2146 861 2217 ἐπαγγελλόμενος
878 2162 891 2174 ·
916 2145 1247 2216 πανταχόθεν
1271 2146 1379 2217 γάρ
1400 2144 1477 2216 τῷ
1500 2146 1746 2215 Δεσπότῃ
1769 2142 1969 2206 σκοπὸς

402 2239 573 2291 σῶσαι
608 2239 698 2293 τὸν
721 2239 870 2299 λαὸν,
899 2238 994 2291 καὶ
1029 2238 1219 2307 στῆσαι
1246 2238 1336 2290 τὸν
1369 2238 1525 2305 λόγον
1554 2235 1642 2290 τθν
1668 2235 1804 2308 πρὸς
1843 2236 1968 2298 τοὺς

402 2331 645 2402 πατέρας
674 2330 1036 2401 γεγενημένον
1058 2348 1071 2361 ·
1105 2330 1226 2384 ὅθεν
1254 2328 1348 2383 καὶ
1379 2329 1466 2391 διὰ
1504 2328 1843 2399 σκυθρωπῶν
1875 2327 1971 2381 καὶ

400 2423 651 2495 χρηστῶν
670 2423 843 2493 ὄψεων
873 2423 1142 2493 σωτηρίαν
1163 2423 1343 2485 αὐτοῖς
1370 2418 1835 2492 πραγματεύεται.
1859 2405 1972 2473 Καὶ

394 2516 523 2584 μετ’
562 2516 735 2585 ὀλίγα
763 2533 775 2544 ·
808 2516 908 2568 Τὸν
943 2515 1103 2569 αὑτὸν
1132 2513 1330 2584 τρόπον
1361 2514 1452 2565 καὶ
1496 2511 1725 2565 ἐνταῦθα
1764 2512 1862 2581 τὴν
1892 2512 1971 2575 είς

400 2610 593 2673 αὐτοὺς
625 2608 912 2679 ἐπίσκεψιν
943 2607 1105 2661 αὐτοῦ
1140 2608 1274 2661 ἰδίαν
1312 2608 1612 2679 παρουσίαν
1653 2604 1817 2659 αὐτοῦ
1845 2623 1975 2658 κατ-

401 2699 684 2768 αγγέλλει,
732 2699 940 2768 δηλῶν,
966 2699 1039 2760 ώς
1071 2696 1377 2760 ἐπισυνάξει
1418 2696 1616 2757 αὐτοὺς
1643 2696 1709 2746 ὲκ
1758 2694 1972 2747 πάντων

401 2791 508 2843 τῶν
541 2789 704 2843 ἐθνῶν
724 2792 778 2841 ἐν
804 2784 884 2851 οἷς
910 2788 1346 2858 ἀνεστράφησαν,
1371 2788 1489 2838 ἐκεῖ
1512 2784 1843 2854 ἐκμαθόντες
1879 2784 1972 2835 καὶ

403 2882 501 2943 τὰς
525 2881 772 2948 γλώσσας
798 2878 995 2933 αὐτῶν.

487 2971 722 3025 Ἐκεῖθεν
754 2972 809 3023 δὲ
856 2971 947 3023 καὶ
986 2970 1110 3032 τοὺς
1145 2966 1443 3040 μακαρίους
1478 2966 1805 3030 ἀποστόλους
1840 2965 1976 3019 ἀπέ-

407 3064 580 3117 στειλε
632 3065 873 3134 κήρυκας
920 3061 1039 3115 καθ’
1074 3062 1200 3131 ὅλης
1228 3061 1549 3131 οἰκουμένης
1582 3060 1977 3131 γενησομένους

406 3159 500 3210 ἀπ’
529 3157 709 3229 ἄκρων
734 3155 837 3218 ἕως
870 3156 1073 3225 ἄκρων.

477 3250 688 3302 Ἵππων
717 3247 809 3299 καὶ
832 3249 1067 3318 ἡμιόνων
1109 3247 1201 3299 καὶ
1230 3245 1513 3316 λαμπίνων
1551 3244 1850 3317 μέμνηται,
1881 3242 1980 3313 δη-

407 3342 514 3395 λῶν
553 3341 651 3413 τὴν
694 3340 803 3393 τῶν
853 3339 1019 3393 ἐθνῶν
1069 3338 1352 3410 εὐθυμίαν,
1386 3338 1508 3407 ἥτις
1538 3336 1768 3409 πρώτως
1815 3335 1980 3407 ἐπλη-

414 3436 569 3507 ροῦτο
593 3434 803 3488 ἐπὶ-τοῦ
824 3432 1076 3503 εὐνούχου
1105 3433 1205 3502 τῆς
1243 3432 1527 3503 Κανδάκης
1557 3430 1893 3502 βασιλίσσης,
1921 3428 1979 3493 ὃς

408 3528 500 3582 τὸν
527 3526 787 3580 Φίλιππον
810 3525 1003 3595 ἔφερεν
1034 3525 1126 3577 ἐπὶ
1157 3524 1249 3577 τοῦ
1286 3526 1529 3595 ἅρματος
1563 3523 1753 3576 αὑτοῦ.

482 3620 675 3674 Οὐκέτι
718 3618 824 3690 γάρ
867 3620 945 3681 είς
1004 3616 1193 3670 τοῦτον
1240 3617 1705 3688 ἀπατηθήσονται,
1738 3616 1859 3669 οὐδὲ
1902 3614 1980 3687 τῷ

413 3713 600 3783 κόσμῳ
636 3709 808 3781 τούτῳ
851 3708 1315 3781 δελεασθήσονται,
1348 3710 1441 3762 καὶ
1479 3710 1553 3773 ὡς
1580 3708 1697 3780 Θεῷ
1749 3726 1982 3780 προσκυ-

411 3810 689 3881 νήσουσιν·
734 3805 869 3858 ἀλλὰ
904 3804 1470 3876 προσκολληθήσονται
1515 3802 1703 3874 Κυρίῳ
1734 3803 1811 3873 τῷ
1841 3802 1977 3871 Θεῷ,

412 3902 508 3964 τὰς
539 3899 828 3969 ἐνδελεχεῖς
854 3896 1042 3959 θυσίας
1065 3895 1448 3966 προσάγοντες,
1474 3895 1659 3949 οὐκέτι
1688 3895 1865 3967 τρίτον
1886 3895 1979 3949 τοῦ

412 3988 655 4044 ἐνιαυτοῦ
685 3987 862 4058 μόνον,
896 3985 1031 4038 ἀλλὰ
1066 3983 1186 4037 καθ’
1227 3984 1493 4055 ἑϐδομάδα
1540 3986 1632 4038 καὶ⁹
1672 3987 1816 4057 μῆνα
1856 4003 1979 4039 συν-

413 4080 785 4154 αθροιξόμενοι
818 4078 907 4131 ἐπὶ
938 4076 1046 4130 τῶν
1077 4076 1246 4145 ἁγίων
1285 4076 1616 4149 ἐκκλησιῶν*
1649 4078 1707 4130 οὐ
1742 4078 1899 4148 μόνον
1926 4078 1981 4131 δὲ

412 4176 517 4239 ἕως
546 4175 734 4229 τούτου
768 4175 1074 4244 στήσονται,
1104 4171 1241 4225 άλλά
1268 4172 1482 4244 νύκτωρ
1504 4174 1599 4227 καὶ
1627 4173 1743 4245 μεθ’
1772 4175 1981 4245 ἡμέραν

412 4268 472 4321 οὐ
496 4266 789 4322 παύσονται
808 4263 905 4335 τὴν
933 4262 1298 4335 προσκύνησιν
1323 4263 1634 4335 ποιούμενοι
1654 4267 1732 4329 είς
1747 4264 1837 4319 τὸν
1861 4266 1985 4336 άλη-

416 4361 559 4416 θινὸν
590 4360 741 4415 Θεόν.

488 4454 607 4506 Τῶν
633 4449 1099 4522 ὲπισυναχθέντων
1124 4448 1293 4503 ἐθνῶν
1317 4450 1410 4504 ἐπὶ
1451 4451 1690 4517 Ἐζεκίου
1717 4450 1981 4521 βασιλέως
2015 4446 2056 4500 D

419 4545 534 4613 ἅμα
563 4543 640 4613 τῷ
687 4542 1049 4614 Σεναχηρείμ.
1082 4570 1153 4583 ——
1180 4540 1365 4594 Ταῦτα
1402 4542 1459 4595 δὲ
1489 4542 1666 4596 πάντα
1707 4542 1985 4615 τρανωθή-

419 4649 570 4686 σεται
598 4634 655 4687 ὲν
680 4636 746 4704 τῇ
776 4631 1048 4705 παρουσίᾳ
1070 4631 1163 4684 τοῦ
1195 4632 1398 4703 Κυρίου
1425 4636 1490 4703 τῇ
1525 4633 1731 4704 φοϐερᾷ
1771 4634 1863 4687 καὶ
1903 4634 1986 4686 ὲν-

418 4722 552 4794 δόξῳ
570 4740 583 4753 ·
618 4725 705 4776 ὅτε
729 4722 789 4777 τὸ
811 4725 1184 4794 οἱκουμενικὸν
1208 4722 1431 4794 θέατρον
1462 4728 1837 4796 συγκροτεῖται
1858 4739 1871 4752 °
1898 4726 1985 4779 ὅτε

420 4817 617 4879 πάντες
647 4816 979 4885 πανταχόθεν
1019 4815 1469 4887 συναχθήσονταιθ
1499 4816 1587 4870 ὅτε
1633 4818 1861 4881 ἕκαστος
1895 4834 1987 4871 κο-

423 4908 624 4977 μιεῖται
652 4905 786 4975 πρὸς
814 4905 849 4958 ἃ
876 4906 1107 4977 ἔπραξεν
1127 4924 1141 4937 °
1170 4908 1258 4959 ὅτε
1289 4909 1316 4959 ὁ
1345 4906 1575 4960 ἑκάστου
1606 4906 1803 4979 κλῆρος
1826 4924 1987 4975 φανε-

423 4998 608 5069 ροῦται
627 5014 640 5028 ο
676 4999 763 5050 ὅτε
801 4997 1018 5067 ὅψονται
1047 4998 1261 5069 άληθῶς
1288 4998 1393 5052 τῶν
1417 4999 1881 5071 παραϐεϐηκότων
1908 5001 1986 5073 τῷ

423 5089 540 5160 Θεῷ
593 5089 685 5142 τὸν
729 5086 985 5159 σκώληκα
1018 5091 1195 5145 αὐτῶν
1236 5091 1608 5161 ἀτελεύτητον,
1644 5093 1739 5145 καὶ
1785 5093 1845 5145 τὸ
1877 5093 1987 5164 πῦρ

422 5181 599 5235 αὐτῶν
634 5180 923 5233 ἄσϐεστον·
950 5182 1194 5236 τουτέστι
1238 5183 1299 5235 τὸ
1338 5186 1617 5256 κριτήριον
1644 5188 1743 5256 τῆς
1784 5186 1987 5250 οἰκείας

424 5272 602 5325 αὐτῶν
649 5272 1021 5341 συνειδήσεως,
1057 5272 1084 5325 ὃ
1112 5273 1265 5343 δίκην
1309 5274 1587 5345 σκώληκος
1636 5275 1986 5348 ἀτελευτήτου

422 5362 482 5416 ὲν
515 5362 696 5426 αὐτοῖς
749 5362 1066 5415 ένειλεῖταιο
1111 5366 1204 5417 καὶ
1258 5366 1583 5436 καταφλέξει
1631 5368 1825 5431 αὐτοὺς
1877 5368 1987 5439 πῦρ

424 5453 669 5524 πηγάζον
695 5456 752 5507 ὲν
772 5456 950 5517 αὐτοῖς
967 5471 979 5483 ·
1013 5455 1105 5508 καὶ
1130 5454 1339 5510 ἔσονται
1371 5459 1592 5530 φανεροὶ
1610 5461 1740 5512 πᾶσι
1762 5463 1872 5523 τοῖς
1894 5462 1990 5513 έπ-

425 5547 687 5615 εγνωκόσι
715 5549 805 5600 τὸν
835 5546 1041 5601 ἑαυτῶν
1069 5548 1331 5620 δεσπότην
1362 5568 1421 5604 τε
1452 5552 1542 5606 καὶ
1562 5554 1808 5625 ποιητήν.

498 5700 544 5733 ⁸⁸
563 5699 707 5756 Psal.
740 5716 1000 5769 cum",
1037 5704 1119 5758 16.

2059 499 2349 560 rationem,
2390 494 2683 566 procellam
2727 499 2780 547 et
2820 493 2997 563 ignem
3031 490 3282 561 suscipit,
3316 505 3477 561 quem
3514 492 3631 561 ipse

2059 592 2114 647 in
2140 588 2491 646 conscientiis
2520 585 2725 641 nostris
2757 582 3036 639 accendet.

2129 771 2294 829 Vttns.
2334 772 2414 827 l6.
2452 769 2556 826 Per
2603 768 2840 840 gladium
2874 768 3147 838 signiﬁcat
3182 769 3459 838 spirituale
3484 766 3631 837 judi-

2060 865 2206 919 cium
2238 873 2291 919 et
2320 864 2524 918 multos
2555 861 2689 915 dicit
2737 876 2862 915 esse
2888 861 3278 925 vulnerandos,
3332 868 3393 914 ut
3432 859 3635 930 gravis-

2060 957 2213 1012 simis
2244 956 2405 1011 minis
2436 954 2705 1020 deterriti,
2740 968 2769 1007 a
2797 953 3039 1022 peccatis
3068 952 3349 1007 recedant.

2137 1131 2298 1186 Vens.
2328 1130 2411 1182 l7.
2447 1127 2579 1194 Quae
2606 1128 2661 1182 in
2695 1127 2931 1182 medium
2968 1125 3145 1192 ali‘ert,
3200 1142 3307 1181 non
3337 1132 3546 1179 tantum
3574 1132 3636 1180 ut

2064 1238 2158 1278 eos
2221 1221 2624 1284 incriminetur,
2679 1218 2774 1274 sed
2826 1219 2988 1273 etiam
3047 1226 3104 1272 ut
3143 1218 3223 1273 eis
3282 1218 3511 1273 salutem
3549 1231 3634 1271 re-

2063 1313 2523 1385 prehensionibus
2548 1318 2835 1381 praeparet,
2870 1312 2915 1365 si
2944 1310 3084 1366 forte
3111 1318 3348 1365 mentem
3380 1307 3631 1364 intende-

2068 1412 2208 1459 rent.
2231 1402 2306 1458 De
2337 1418 2492 1457 mure
2527 1402 2614 1455 hic
2643 1401 2906 1468 loquitur,
2947 1407 3005 1452 ut
3034 1399 3117 1453 vel
3157 1398 3229 1451 ita
3259 1397 3328 1451 de
3357 1396 3634 1451 detestan-

2065 1495 2150 1551 dis
2170 1494 2429 1567 operibus
2462 1492 2577 1549 suis
2614 1491 3026 1557 erubescentes,
3056 1505 3082 1542 a
3107 1488 3263 1543 malis
3289 1494 3630 1543 revocentur.

2137 1652 2304 1708 Vens.
2346 1650 2434 1706 18.
2479 1648 2597 1704 Non
2634 1662 2799 1717 opera
2854 1644 3017 1699 modo
3058 1643 3239 1710 arguit
3287 1640 3634 1696 extrinsecus

1997 1756 2040 1814 Β
2069 1744 2410 1818 apparentia,
2449 1742 2544 1798 sed
2580 1741 2728 1811 ipsas
2769 1753 2985 1809 quoque
3023 1750 3221 1805 pravas
3253 1734 3451 1788 mentis
3481 1732 3631 1801 cogi-

2066 1842 2299 1894 tationes
2332 1858 2344 1893 :
2378 1835 2521 1908 quod
2572 1834 2766 1889 merito
2810 1842 2864 1888 et
2906 1832 3200 1887 salubriter
3238 1829 3304 1883 ad
3344 1828 3633 1883 utilitatem

2067 1939 2311 1987 nostram
2347 1932 2589 1998 prastat.
2620 1953 2692 1965 ——
2718 1922 2838 1977 Jam
2882 1937 2991 1975 non
3024 1920 3204 1976 verbis
3247 1919 3421 1973 minas
3455 1918 3635 1973 inten-

2068 2023 2166 2089 dit,
2210 2037 2365 2077 suam
2391 2032 2607 2089 quoque
2648 2017 2994 2086 praesentiam
3032 2011 3342 2066 annuntiat.
3383 2009 3485 2064 Per
3517 2024 3636 2064 om-

2069 2113 2160 2167 nia
2216 2111 2362 2165 enim
2405 2106 2586 2163 studet
2627 2105 2890 2160 Dominus
2948 2110 3008 2157 ut
3055 2103 3228 2157 salvet
3275 2100 3529 2170 populum
3583 2110 3637 2154 et

2072 2216 2377 2259 sermonem
2447 2197 2694 2269 perficiat
2743 2196 2809 2251 ad
2864 2202 3046 2265 patres
3110 2192 3377 2264 prolatum
3434 2208 3449 2247 :
3508 2190 3631 2245 ideo

2071 2303 2183 2349 tum
2218 2292 2381 2347 minis
2413 2306 2537 2346 cum
2571 2288 2859 2359 promissis
2904 2287 3133 2341 salutem
3174 2285 3309 2355 ipsis
3358 2292 3635 2354 operatur.

2070 2384 2141 2441 Et
2169 2384 2329 2455 paulo
2354 2392 2470 2453 post
2497 2399 2514 2435 :
2549 2380 2749 2434 Eadem
2789 2379 3000 2434 ratione
3018 2378 3106 2430 hic
3139 2390 3355 2446 quoque
3385 2390 3538 2428 suam
3581 2374 3637 2427 in

2070 2493 2166 2532 eos
2197 2475 2613 2545 inspectionem,
2660 2473 2951 2525 adventum
2983 2483 3141 2523 suum
3186 2466 3499 2532 denuntiat;
3542 2464 3640 2520 de-

2071 2566 2290 2621 clarans
2334 2579 2394 2619 se
2437 2577 2532 2618 eos
2573 2560 2639 2616 de
2672 2560 2926 2615 omnibus
2969 2558 3223 2629 gentibus
3277 2562 3642 2628 congregatu-

2071 2671 2218 2719 rum,
2262 2656 2403 2709 inter
2430 2666 2568 2724 quas
2621 2650 2905 2723 degebant,
2940 2666 3168 2721 quarum
3216 2650 3380 2706 etiam
3426 2650 3642 2720 linguas

2074 2747 2365 2805 edisceban
2378 2782 2391 2800 .

2149 2939 2316 2997 Vens.
2342 2933 2616 2995 1971mm
2643 2948 2806 2993 etiam
2841 2944 3031 2992 beatos
3062 2938 3335 3007 apostolos
3377 2950 3556 2996 emisit
3580 2948 3641 2994 in

2079 3045 2255 3093 totum
2318 3041 2590 3089 terrarum
2640 3030 2826 3085 orbem
2896 3030 3244 3099 perlustrati,
3292 3027 3639 3101 Evangelium

2078 3129 2161 3184 vel
2194 3127 2249 3180 in
2278 3122 2537 3181 extremis
2566 3121 2884 3193 regionibus
2916 3121 3295 3190 praedicarent.

2148 3218 2315 3273 Vens.
2365 3215 2457 3270 20.
2516 3213 2614 3269 llic
2668 3228 2839 3284 equos
2892 3213 3208 3284 mulosque,
3258 3220 3312 3269 et
3368 3214 3644 3285 lampenas

2076 3320 2361 3375 memorat,
2399 3307 2651 3363 indicans
2705 3305 3159 3376 prmstantissimo
3208 3306 3389 3361 animo
3433 3305 3644 3363 futuras

2077 3411 2302 3477 gentes,
2352 3416 2511 3472 quem
2568 3400 2778 3469 primus
2818 3397 3063 3453 exhibuit
3115 3399 3403 3455 eunuchus
3446 3400 3645 3469 regina:

2076 3496 2375 3557 Candaces,
2408 3492 2499 3563 qui
2530 3491 2837 3561 Philippum
2869 3505 3036 3543 curru
3065 3505 3165 3545 suo
3194 3491 3362 3545 vexit.

2146 3587 2312 3643 Vens.
2344 3586 2437 3641 2'5.
2462 3586 2579 3639 Jam
2608 3599 2714 3637 non
2734 3583 2968 3652 amplius
2999 3583 3258 3639 errabunt
3287 3584 3432 3639 circa
3452 3584 3644 3641 Deum.

2078 3695 2179 3737 nec
2209 3678 2395 3732 mundi
2426 3677 2699 3732 illecebris
2743 3675 2910 3729 illecti
2977 3676 3080 3744 ipsi
3118 3686 3376 3745 tanquam
3412 3676 3523 3732 Deo
3562 3677 3647 3731 in-

2080 3770 2351 3836 servient;
2403 3769 2496 3825 sed
2542 3784 2664 3821 cum
2699 3765 2929 3822 Domino
2963 3765 3072 3821 Deo
3102 3768 3482 3839 conglutinati,
3515 3783 3647 3824 con-

2082 3866 2235 3920 tinuo
2262 3863 2313 3919 ei
2349 3861 2618 3918 sacriﬁcia
2655 3860 2919 3926 onerent;
2955 3859 3068 3929 jam
3108 3874 3219 3914 non
3271 3869 3355 3916 ter
3396 3861 3557 3917 modo
3589 3862 3645 3916 in

2081 3970 2313 4019 annum,
2353 3952 2449 4008 sed
2482 3952 2539 4007 in
2588 3951 2831 4021 singulos
2872 3966 3128 4017 menses,
3187 3952 3352 4021 inque
3403 3953 3649 4023 singulas

2081 4042 2444 4100 hebdomadas
2476 4041 2954 4112 cougregabuntur
2988 4041 3045 4095 in
3092 4049 3310 4097 sanctas
3355 4043 3641 4099 ecclesias.

2082 4135 2236 4201 Quin
2286 4133 2417 4197 imo,
2452 4132 2686 4187 ulterius
2729 4131 2891 4186 etiam
2936 4132 3236 4202 progressi,
3289 4148 3391 4188 nec
3422 4133 3511 4189 die
3546 4150 3647 4190 nec

2082 4235 2244 4283 nocte
2277 4241 2306 4279 a
2340 4225 2491 4280 cultu
2520 4224 2637 4280 veri
2659 4222 2754 4280 Dei
2784 4225 3100 4281 cessabunt.

2154 4396 2321 4454 Vens.
2375 4398 2465 4450 24.
2531 4395 2812 4451 Cadavera
2885 4396 3145 4452 videbunt
3214 4399 3455 4470 gentium
3521 4417 3645 4457 cum

2088 4488 2460 4544 Sennacberib
2506 4487 2768 4543 adversus
2816 4503 2997 4558 regem
3034 4488 3318 4545 Ezecliiam
3352 4507 3649 4565 congrega-

2088 4587 2286 4633 tarum.
2328 4610 2397 4618 —
2441 4578 2572 4642 Quae
2622 4585 2802 4632 autem
2846 4580 3026 4633 omnia
3056 4580 3554 4639 manifestabuntur
3591 4585 3646 4639 in

2085 4669 2360 4724 horrendo
2394 4675 2447 4724 et
2508 4669 2708 4723 illustri
2746 4667 2840 4723 Dei
2873 4669 3129 4735 adventu,
3172 4686 3314 4735 cum,
3348 4683 3651 4729 convocato

2086 4767 2459 4814 creaturarum
2502 4757 2748 4812 omnium
2792 4766 2959 4823 coetu,
3000 4758 3254 4813 omnibus
3289 4760 3651 4834 undequaque

2087 4851 2352 4912 collectis,
2390 4850 2625 4921 quisque
2666 4864 2765 4920 pro
2827 4850 3040 4904 meritis
3104 4852 3218 4905 suis
3295 4853 3543 4923 accipiet,
3584 4870 3651 4909 ac

2088 4955 2208 4997 sors
2240 4940 2506 5009 cujusque
2543 4939 2844 5009 apparebit,
2872 4949 2924 4994 et
2959 4939 3218 4995 videbunt
3250 4958 3374 4997 vere
3408 4959 3646 4999 vermem

2086 5041 2434 5104 peccatorum
2452 5032 2834 5096 immortalem,
2861 5031 3144 5101 ignemque
3175 5047 3360 5087 eorum
3386 5034 3650 5091 inexstin-

2086 5122 2378 5194 guibilem;
2443 5122 2548 5175 hoc
2599 5128 2705 5184 est,
2761 5120 3024 5192 judicium
3084 5122 3470 5190 conscientiae,
3529 5140 3649 5195 qua

2088 5211 2233 5263 velut
2262 5208 2461 5264 vermis
2494 5209 2819 5264 immortalis
2852 5210 2906 5264 in
2929 5225 3119 5264 eorum
3154 5213 3338 5266 animo
3369 5222 3646 5284 vertetur;

2086 5300 2383 5356 ettorrebit
2412 5300 2575 5354 etiam
2603 5317 2698 5360 eos
2726 5302 2865 5374 ignis
2884 5318 2950 5357 ex
2973 5302 3107 5373 ipsis
3122 5304 3358 5371 elicitus,
3388 5314 3444 5361 et
3474 5311 3648 5364 omni-

2087 5394 2189 5449 bus
2246 5393 2652 5464 conspicientur
2716 5394 2807 5466 qui
2867 5394 3156 5453 Dominum
3207 5401 3648 5474 conditoremque

2089 5501 2246 5541 suum
2280 5493 2605 5558 agnoscunt.
