4090 6318
1129 255 1141 284 ἐ

714 326 774 378 tl
1630 327 1690 382 s.
1728 325 2138 404 usrnooius
2175 325 2268 381 se)

2370 324 2562 385 LOPUS
2600 325 2689 384 ET
2737 327 3054 389 MARTYB.
3853 388 3860 394 .
3891 334 3942 387 Η

708 453 815 497 tem
865 441 952 516 (i),
1007 443 1181 500 secuti
1220 451 1348 499 sunt
1399 443 1504 499 viri
1557 442 1893 510 doctissimi,
1951 459 2094 520 quos
2146 447 2288 503 inter
2315 456 2363 511 Α
2387 445 2672 502 hominum
2700 449 2935 518 desidia,
2960 451 3174 521 reliqua
3201 448 3650 514 bometeeerunt.
3679 451 3786 509 Sed
3819 467 3941 524 qua-

707 530 1020 592 Bolstenius
1041 527 1140 608 ο),
1170 535 1403 592 Allatius
1432 535 1778 610 (lt),Vossius
1809 537 1897 611 (ιι,
1937 532 2104 610 atque
2128 537 2297 597 Pear-

704 625 1012 704 soniuum)
1025 667 1038 680 .

771 717 841 791 ll“.
865 721 999 789 Quae
1019 734 1145 775 cum
1175 720 1252 774 ita
1280 719 1412 786 sint,
1442 720 1732 778 desinente
1761 721 1930 794 igitur
1959 723 2164 780 saeculo
2204 739 2290 789 ιιι.

698 807 964 884 Nam“
1030 823 1258 876 sanctus
1322 811 1670 883 letbodius,
1757 812 1899 888 ἀνὴρ
1970 814 2151 884 λόγιος
2198 818 2295 871 καὶ

701 889 909 978 eadem
927 905 1061 979 resp}.
1086 905 1189 977 τῆς
1210 901 1471 976 ἀληθείας
1489 905 1924 978 crumenam,
1954 905 2134 980 inquit
2163 907 2296 980 Epi-

699 996 936 1068 phanius
967 996 1072 1070 (κ),
1218 995 1453 1066 apprime
1472 1005 1661 1052 coctus
1689 999 2081 1071 acerrimusqu
2101 1001 2298 1056 serita-

697 1090 768 1143 tis
794 1097 1084 1158 patronus;
1113 1088 1249 1162 quin
1301 1095 1355 1145 et
1385 1087 1776 1145 disertissimus
1831 1102 2061 1163 martyr,
2105 1092 2293 1164 judice

695 1178 1034 1254 Hieronymo
1075 1182 1174 1254 (0),
1229 1181 1325 1253 qui
1376 1181 1638 1238 nimirum
1698 1183 1862 1238 nitidi
1915 1185 2293 1258 compositique

695 1272 955 1327 sermonis
1003 1271 1166 1327 libros
1191 1271 1418 1343 confecit
1447 1272 1545 1343 (ρ).
1585 1289 1606 1325 ι
1639 1272 1818 1345 Atque
1845 1273 1938 1329 illa
1972 1275 2278 1344 enimvero,

694 1362 774 1419 ait
806 1361 897 1419 vir
919 1361 1117 1420 doctus
1147 1364 1247 1437 (ιι),
1277 1363 1504 1437 prepria
1527 1360 1790 1419 Methodii
1820 1365 2153 1436 praedicatur
2172 1368 2291 1438 κιο.

692 1455 798 1524 ria,
837 1455 986 1527 quod
1033 1455 1092 1510 in
1141 1455 1420 1528 neminem
1467 1454 1591 1527 ejus
1645 1456 1940 1526 aequalium
1999 1457 2289 1515 liberalius

691 1553 1097 1604 concurrerunt
1125 1560 1205 1603 eas
1256 1545 1438 1616 dotes,
1465 1562 1591 1619 qua:
1630 1549 2157 1620 prastantissimum
2187 1566 2282 1608 sa-

689 1654 798 1696 cras
822 1638 1092 1696 doctrina
1119 1639 1447 1712 magistrum
1473 1640 1734 1698 omnibus
1784 1643 2000 1713 possint
2027 1644 2279 1720 numeris

696 1731 1007 1790 absolvere.
1037 1730 1254 1804 lagnis
1303 1732 1451 1789 enim
1481 1733 1606 1803 ejus
1637 1740 1812 1805 parta
1854 1734 2162 1807 infusasque
2193 1751 2284 1793 sa-

2395 551 2614 609 cuuque
2635 539 2855 595 demum
2881 549 3167 613 superant,
3196 557 3227 597 a
3258 550 3413 599 tanto
3440 541 3703 600 Ecclesia
3747 545 3941 602 doctore

2394 643 2458 684 ac
2501 640 2740 702 martyre
2791 637 3068 689 memoria:
3117 634 3402 701 mandata,
3449 635 3682 691 collecta
3737 637 3942 707 prium

2393 735 2643 792 magnam
2683 731 2895 793 partem
2927 739 2960 778 a
2997 724 3348 791 Combellsio,
3373 742 3519 782 nunc
3539 743 3670 784 vero
3718 727 3944 784 adunum

2391 821 2554 869 aucta
2583 817 2768 870 omnia
2793 823 2848 871 et
2878 818 3151 875 recensita
3172 817 3262 874 hic
3291 816 3653 889 proferentes,
3683 819 3752 876 de
3787 821 3942 892 siru—

2392 903 2484 970 lis,
2505 920 2608 975 pro
2631 907 2866 963 rationis
2895 908 3091 964 ordine
3112 925 3224 982 quo
3245 910 3340 966 illa
3357 909 3707 982 digessimus,
3741 911 3944 970 breviter

2391 995 2751 1054 disseremus.

2463 1087 2521 1143 ln
2555 1089 2746 1146 limine
2766 1091 2951 1163 itaque
2979 1099 3187 1148 nostra
3236 1091 3581 1151 collectionis
3614 1092 3948 1150 llethodiane

2391 1183 2670 1253 comparet
2684 1182 2992 1238 Cominium
3006 1183 3185 1239 decem
3201 1184 3483 1255 uirginum,
3511 1204 3530 1235 ι
3554 1186 3868 1256 primarium
3897 1199 3947 1238 ac

2390 1271 2551 1343 plane
2603 1274 2862 1345 princeps
2910 1275 3165 1333 letbodii
3197 1289 3446 1347 cperum,
3510 1284 3572 1332 ut
3618 1278 3802 1334 verbis
3845 1285 3946 1332 utar

2387 1361 2626 1420 Possinii
2669 1365 2758 1438 (t),
2820 1367 2965 1437 quod
2996 1357 3301 1426 victoriae
3353 1367 3671 1424 Christiana
3723 1369 3944 1440 philoso-

2385 1456 2516 1528 phia
2547 1456 2616 1512 de
2640 1446 2830 1513 Grieca
2863 1460 3165 1531 gentilique
3192 1467 3486 1532 reportatae
3520 1461 3736 1517 illustre
3779 1476 3947 1517 monu-

2387 1554 2638 1603 mentum
2673 1553 2739 1602 ac
2767 1549 2938 1602 veluti
2971 1557 3236 1622 tropaeum
3283 1559 3388 1606 est.
3415 1549 3518 1607 Cui
3565 1550 3717 1605 enim
3746 1551 3801 1606 in
3822 1550 3946 1607 litte-

2385 1639 2466 1695 ris
2498 1638 2920 1696 Atheniensium
2953 1649 3203 1697 veterum
3259 1650 3485 1699 versato
3513 1657 3626 1698 non
3659 1643 3944 1701 statimoo-

2383 1733 2581 1797 currit,
2639 1735 2960 1790 aemulatum
3000 1733 3106 1789 hoc
3162 1750 3328 1804 opere
3386 1735 3724 1793 Methodium
3755 1738 3948 1794 celebre

687 1823 909 1896 pientis:
935 1821 1146 1879 divitiis
1186 1822 1474 1895 respondit
1523 1821 1741 1882 dicendi
1776 1825 1938 1896 copia
1965 1827 2279 1883 scribendi-
2312 1809 2356 1866 Β
2385 1821 2523 1878 illud
2551 1821 2876 1880 Convivium
2911 1819 3158 1880 Platonis
3179 1823 3203 1878 ἳ
3227 1825 3547 1880 simulatum
3607 1833 3822 1896 autem;
3852 1844 3945 1883 non

686 1930 793 1986 que
825 1913 963 1972 uber
992 1914 1287 1987 elegantia,
1327 1914 1488 1985 citius
1513 1913 1782 1971 beneﬁcio
1810 1917 1868 1972 in
1899 1932 2077 1973 seram
2104 1933 2280 1990 usque

684 2007 1059 2079 posteritatem
1087 2021 1251 2063 sensa
1284 2007 1406 2078 ejus
1434 2008 1697 2078 praeclara
1718 2018 2126 2080 permanarent.
2155 2009 2278 2068 Uno

684 2099 860 2155 verbo
889 2118 902 2155 :
940 2106 1003 2153 ut
1035 2114 1200 2155 nemo
1239 2100 1335 2156 illo
1361 2099 1692 2172 profundius
1720 2101 1926 2174 sapuit,
1957 2103 2032 2158 ita
2055 2118 2168 2158 non
2194 2103 2278 2160 la-

681 2191 792 2249 cile
846 2192 1158 2264 reperietur
1208 2193 1304 2264 qui
1351 2191 1611 2260 uberius,
1675 2194 1974 2259 disertius,
2026 2197 2276 2253 ornatius

678 2281 984 2354 scripserit.
1024 2301 1045 2336 s
1113 2281 1354 2338 Tantum
1413 2283 1602 2354 itaque
1638 2281 1855 2338 Patrem
1906 2285 2277 2356 eximiamque

678 2373 947 2430 Ecclesia
997 2372 1351 2445 scriptorem,
1382 2374 1583 2430 merito
1615 2388 1750 2430 sane
1800 2374 1946 2430 inter
1972 2390 2104 2431 suos
2133 2377 2274 2432 viros

675 2465 915 2523 illustres
985 2465 1269 2523 recensuit
1320 2463 1525 2522 Doctor
1577 2466 1876 2530 maximus,
1937 2466 2064 2522 licet
2119 2465 2274 2522 illum

677 2557 1008 2629 praeterierit
1035 2553 1330 2614 Eusebius.
1371 2557 1538 2630 Atqui
1577 2565 1725 2614 recte
1777 2559 2066 2615 censuisse
2119 2559 2274 2616 vide-

676 2659 768 2705 tur
805 2649 876 2706 cl.
905 2648 1182 2714 Valesius,
1215 2647 1346 2703 dum
1399 2651 1477 2704 ait
1504 2648 1573 2722 (r)
1624 2647 1927 2707 Eusebium
1981 2661 2271 2724 propterea

673 2742 730 2795 in
758 2757 858 2796 sua
895 2739 1136 2795 Historia
1166 2741 1370 2795 nullam
1392 2739 1651 2797 Methodii
1680 2743 2015 2800 mentionem
2043 2743 2265 2812 fecisse,

671 2849 799 2888 cum
847 2840 1031 2889 tamen
1083 2834 1271 2905 plures
1332 2834 1472 2890 alios
1500 2834 1918 2893 ecclesiasticos
1967 2837 2268 2910 scriptores

671 2933 1087 2989 commemoret,
1118 2925 1214 2997 qui
1241 2923 1536 2982 Iethodio
1583 2926 1759 2982 multo
1816 2927 2114 2986 inferiores
2147 2931 2268 2986 lue-

671 3025 832 3080 runt;
865 3018 1011 3088 quod
1035 3018 1297 3073 nimirum
1333 3026 1560 3075 sanctus
1587 3020 1678 3074 ille
1713 3018 1914 3090 Tyrius
1930 3045 1946 3078 .’
1971 3024 2266 3096 episcopus

670 3108 802 3178 styli
831 3109 1006 3162 aciem
1060 3109 1380 3164 strinxisset
1433 3109 1700 3165 adversus
1740 3109 2058 3181 Origenem,
2103 3117 2264 3184 cujus

671 3200 1118 3255 studiosissimus
1174 3208 1294 3255 erat
1328 3200 1471 3256 idem
1530 3203 1826 3273 episcopus
1875 3203 2259 3264 Caesariensis.

668 3289 814 3346 Hinc
845 3292 1010 3345 etiam
1035 3297 1140 3356 est,
1179 3292 1366 3348 subdit
1404 3290 1682 3358 Valesius,
1712 3294 1859 3365 quod
1895 3305 2088 3351 contra
2119 3296 2258 3354 Por-

667 3383 850 3455 phyrii
906 3383 1079 3440 libros
1139 3391 1266 3455 post
1313 3385 1568 3441 eumdem
1617 3384 1956 3442 Methodium
2013 3389 2257 3460 scripsit,

663 3479 826 3551 quasi
860 3477 1210 3533 simulatione
1244 3477 1480 3548 quadam
1504 3484 1558 3534 et
1592 3478 1720 3534 odio
1749 3479 2017 3536 adversus
2050 3479 2259 3536 Metho-

662 3577 816 3633 dium
864 3575 1147 3632 incitatus.
1189 3574 1464 3632 Eusebius
1501 3577 1784 3635 enimvero
1836 3579 1892 3632 in
1928 3578 2072 3633 libro
2102 3586 2258 3635 sexto

662 3668 932 3738 Apologia:
959 3682 1072 3723 suae
1101 3682 1202 3738 pro
1260 3666 1507 3736 Origene,
1562 3666 1823 3722 Methodii
1851 3669 2256 3738 objectionibus

660 3758 1030 3834 respondebat
1062 3777 1072 3811 :
1139 3756 1438 3830 Quomodo,
1492 3758 1693 3828 inquit,
1741 3776 1905 3814 ausus
1937 3770 2015 3815 est
2045 3759 2248 3816 Met/io-

660 3858 783 3910 dius
814 3869 952 3910 nunc
982 3861 1172 3906 contra
1208 3849 1487 3921 Origenem
1515 3851 1762 3917 scribere,
1795 3855 1886 3923 qui
1929 3854 2040 3909 lucc
2074 3865 2123 3909 et
2144 3856 2255 3910 huic

659 3947 724 4002 de
759 3943 1001 4018 Origenis
1068 3942 1275 3996 locutus
1303 3951 1382 3997 est
1426 3941 1805 4013 dogmatibus?
1852 3944 2108 3999 Citantur
2139 3946 2255 4000 hac

660 4038 826 4094 verba
884 4036 953 4092 ab
1019 4032 1354 4105 Hieronymo
1405 4035 1683 4090 scribente
1760 4034 2026 4093 adversus
2090 4034 2255 4090 Ruﬁ-

657 4145 793 4187 num
823 4128 916 4202 (s).

732 4222 822 4279 lll.
853 4220 1057 4278 Verum
1115 4216 1377 4278 Methodii
1425 4219 1742 4275 auctoritati
1791 4225 1957 4290 atque
1989 4219 2253 4275 doctrinae

658 4316 801 4373 nihil
828 4313 1070 4370 detrahit
1102 4311 1327 4369 Eusebii
1351 4310 1654 4376 silentium,
1690 4311 1826 4365 nihil
1859 4312 1980 4382 ejus
2021 4311 2246 4366 invidia.

659 4407 795 4464 Nam
826 4421 950 4479 quae
997 4415 1229 4462 sanctus
1279 4402 1444 4460 Pater
1504 4403 1814 4460 litterarum
1874 4405 2250 4460 monumentis

2383 1921 2496 1965 tam
2527 1919 2587 1966 ut
2649 1913 3148 1986 ejus-elegantiam,
3190 1915 3338 1985 quod
3379 1916 3776 1973 venustissime
3814 1916 3947 1986 fecit,

2380 2004 2717 2074 exprimeret
2749 2004 3041 2070 imitando,
3076 2017 3244 2077 quam
3297 2015 3379 2072 ut,
3433 2007 3581 2077 quod
3615 2008 3949 2078 potissimum

2379 2094 2616 2163 studuit,
2655 2095 2794 2167 ejus
2848 2094 3157 2167 nequitiam
3215 2096 3542 2168 castigando
3601 2099 3947 2170 abstergeret.

2376 2181 2726 2259 Praecipuum
2783 2194 2967 2243 autem
3022 2187 3400 2243 laudationum
3453 2199 3840 2261 argumentum
3904 2191 3950 2246 iu

2377 2275 2484 2331 hoc
2526 2274 2876 2332 Iethodiano
2920 2277 3210 2344 Convivia,
3255 2277 3442 2335 divina
3488 2282 3786 2353 virginitas
3835 2290 3947 2339 est:

2375 2367 2467 2421 cui
2488 2382 2653 2423 omne
2676 2367 3002 2441 choragium
3035 2383 3348 2441 congruens
3378 2385 3411 2425 e
3465 2373 3718 2427 sacrario
3747 2374 3950 2429 caelesti

2378 2457 2764 2531 depromptum
2797 2468 3048 2532 apparet.
3090 2480 3108 2514 ι
3135 2461 3218 2517 Ad
3257 2461 3374 2518 haec
3399 2463 3507 2517 alia
3546 2466 3833 2536 complura
3863 2481 3949 2521 oc-

2376 2557 2634 2614 currunt,
2686 2564 2809 2620 quae
2845 2566 3082 2614 summa
3131 2552 3464 2608 Christiane
3530 2555 3656 2611 lidei
3704 2557 3951 2629 capitain

2374 2641 2572 2713 primis
2605 2641 2885 2714 attlngunt
2917 2662 2931 2699 :
2967 2645 3062 2699 ubi
3086 2652 3271 2702 tamen
3305 2647 3354 2701 si
3390 2660 3500 2716 qua
3547 2648 3828 2708 interdum
3867 2657 3954 2704 aut

2371 2737 2567 2795 durius
2595 2737 2902 2802 enuntiata,
2927 2743 3022 2790 aut
3053 2735 3289 2792 fortasse
3316 2738 3501 2794 minus
3520 2750 3713 2794 exacte
3742 2744 3950 2814 piata

2371 2829 2441 2886 de
2470 2829 2642 2886 rebus
2661 2828 3032 2884 divinioribus
3065 2828 3376 2896 videantur,
3424 2846 3488 2887 ea
3522 2833 3744 2888 demum
3774 2836 3950 2889 omnia

2369 2922 2660 2992 diligenter
2690 2935 2926 2976 excussa
2956 2929 3012 2975 et
3039 2919 3282 2976 dilucide
3303 2924 3554 2993 exposita
3584 2933 3799 2996 repetat
3829 2943 3953 2998 pru-

2368 3011 2505 3067 dens
2534 3012 2707 3067 lector
2741 3027 2772 3066 a
2793 3013 2915 3068 viro
2949 3013 3293 3078 doctissimo,
3329 3017 3424 3086 qui
3455 3017 3600 3072 haud
3631 3019 3709 3072 ita
3743 3020 3945 3090 pridem

2369 3104 2424 3159 in
2449 3119 2614 3175 opere
2647 3104 2743 3160 illo
2779 3105 3002 3178 egregio
3030 3107 3119 3160 cui
3149 3106 3342 3162 titulus
3375 3127 3387 3163 :
3431 3107 3701 3165 Divinitas
3741 3113 3954 3167 Domini

2369 3196 2542 3250 nostri
2563 3193 2696 3250 Jesu
2715 3196 2920 3251 Christi
2945 3197 3233 3265 manifesta
3270 3199 3324 3252 in
3357 3197 3649 3269 Scripturis
3687 3211 3739 3257 et
3781 3205 3950 3257 tradi-

2365 3290 2526 3355 tione,
2557 3287 2784 3344 Patrum
2836 3290 3304 3345 antenicaenorum
3359 3293 3670 3350 doctrinam
3727 3311 3954 3353 accuraa-

2362 3384 2475 3438 tius
2495 3385 2779 3454 expendit,
2805 3394 2971 3454 atque
2987 3383 3306 3439 obscuriora
3326 3402 3554 3458 quaeque
3577 3389 3697 3444 loca
3722 3392 3957 3463 explica-

2361 3469 2439 3530 vit
2469 3475 2875 3546 illustravitque
2915 3474 3016 3547 (ιι).

2430 3566 2547 3623 Hoc
2587 3577 2769 3625 autem
2801 3571 3125 3642 praeclarum
3152 3569 3416 3628 Methodii
3449 3584 3769 3647 syntagma,
3806 3577 3951 3648 quod

2360 3676 2530 3715 unum
2559 3662 2835 3734 integrum
2871 3665 3034 3722 nobis
3067 3667 3305 3722 servavit
3354 3667 3686 3736 antiquitas,
3738 3669 3955 3738 primus

2360 3755 2627 3817 omnium,
2661 3771 2692 3810 e
2730 3770 2833 3811 ms.
2871 3757 3063 3813 codice
3095 3756 3359 3814 Vaticano
3401 3757 3614 3822 Romae,
3645 3761 3953 3831 evulgavit,

2359 3862 2504 3902 anno
2537 3848 2696 3918 1656,
2753 3847 2864 3903 Leo
2910 3849 3191 3919 Allatius;
3247 3852 3418 3921 quiet
3448 3855 3594 3907 notis
3657 3853 3782 3908 suis
3821 3852 3956 3907 illud

2357 3940 2610 3994 evincere
2667 3955 2964 4011 aggressus
3023 3953 3132 4009 est,
3167 3945 3304 3998 nihil
3335 3946 3388 3998 in
3419 3961 3484 4000 eo
3541 3947 3777 4015 reperiri
3807 3945 3956 4016 quod

2364 4031 2635 4086 catholice
2660 4035 2953 4090 catholicis
2983 4037 3210 4091 auribus
3241 4038 3440 4108 exponi
3478 4054 3586 4093 non
3640 4042 3825 4109 possit
3864 4061 3876 4095 :
3912 4042 3957 4096 si

2355 4138 2463 4192 qua
2498 4140 2627 4180 vero
2651 4125 2968 4182 duriuscula
3007 4139 3324 4195 occurrant,
3357 4131 3449 4185 illa
3495 4134 3754 4188 emollire
3803 4136 3956 4189 omni

2357 4215 2542 4271 studio
2598 4219 2902 4274 contendit.
2938 4221 3099 4277 Anno
3147 4223 3345 4278 deinde
3404 4225 3732 4295 insequente
3788 4226 3956 4290 1657,

2355 4304 2584 4363 Parisiis
2604 4308 2808 4379 prodiit
2839 4311 3166 4366 Convivium
3210 4312 3622 4368 Methodianum
3668 4329 3741 4368 ex
3775 4316 3956 4371 inter-

2356 4400 2662 4467 pretatione
2690 4400 2839 4457 Petri
2887 4403 3128 4458 Possinii
3166 4423 3178 4458 :
3213 4407 3303 4458 cui
3366 4414 3724 4461 accesserunt
3781 4408 3957 4463 varia:

657 4497 1090 4562 commendavit,
1122 4505 1242 4552 tum
1271 4494 1538 4553 adversus
1588 4496 1835 4552 veritatis
1891 4497 2101 4562 hostes,
2132 4506 2248 4552 tum
2285 4507 2327 4561 ι)
2358 4492 2624 4548 lectiones
2646 4496 2877 4550 ecodice
2930 4495 3322 4562 Mazariniano,
3373 4513 3500 4551 cum
3532 4500 3827 4557 nonnullis
3859 4505 3957 4558 ob-

658 4591 728 4645 ad
761 4604 920 4646 sacra
956 4589 1216 4661 dogmata
1262 4589 1606 4659 exponenda,
1630 4596 1753 4642 tum
1803 4590 1965 4643 etiam
2023 4590 2091 4644 ad
2124 4591 2252 4645 reli-

663 4683 887 4756 gionem
909 4672 1277 4754 pietatemque
1307 4680 1596 4738 fovendam
1613 4691 1951 4753 comparata,
1972 4684 2249 4739 veteribus

671 4773 756 4844 qui
813 4788 877 4830 ea
930 4773 1315 4846 perlegerunt,
1369 4777 1600 4831 summis
1657 4776 1915 4830 laudibus
1974 4777 2249 4833 celebrata

656 4861 831 4925 iuisse
858 4873 1188 4919 noscuntur.
1218 4864 1396 4934 Atque
1421 4865 1630 4919 utinam
1676 4865 1771 4919 illa
1811 4877 2093 4922 exstarent
2125 4883 2246 4922 om-

657 4955 784 5011 nial
819 4955 1018 5026 exigua
1042 4957 1188 5011 enim
1224 4963 1353 5011 sunt
1386 4971 1450 5010 ac
1499 4955 1708 5021 tenuia,
1741 4958 1785 5011 si
1821 4973 1988 5011 unum
2039 4958 2122 5012 vel
2163 4960 2244 5012 al-

657 5051 838 5101 terum
863 5046 1129 5116 excipias,
1190 5061 1331 5116 quae,
1373 5045 1488 5102 sive
1516 5056 1822 5117 temporum
1869 5047 2093 5117 injuria,
2121 5047 2237 5101 sive

734 5223 797 5295 (i)
833 5222 1036 5295 B_aron.
1061 5223 1132 5295 ad
1183 5239 1314 5278 ann.
1348 5222 1476 5289 502,
1513 5221 1540 5294 §
1573 5225 1643 5277 62
1670 5233 1723 5280 et
1755 5225 1809 5280 in
1842 5233 1956 5282 not.
1989 5227 2057 5280 ad
2091 5225 2246 5281 Mar-

660 5293 826 5365 tyrol.
847 5293 1004 5365 illam.
1038 5294 1094 5350 d.
1120 5295 1186 5349 l8
1215 5305 1335 5365 sept

732 5364 1070 5489 (ﬁglolsten.
1128 5363 1354 5421 Dissert.
1405 5363 1469 5417 de
1502 5364 1597 5419 uit.
1631 5375 1680 5418 et
1721 5367 1905 5436 script.
1944 5365 2238 5440 Porri/ign,

732 5452 778 5489 ι).
844 5475 858 5489 .

659 5451 778 5489 can.
806 5451 858 5489 ο.

725 5452 997 5578 malum.
1027 5505 1206 5561 Diatr.
1237 5506 1301 5562 de
1326 5507 1585 5578 Method.,
1611 5524 1662 5576 p.
1688 5507 1811 5578 su.

733 5575 988 5650 (l)_Voss.
1017 5578 1094 5630 De
1127 5578 1270 5632 Hist.
1309 5577 1399 5633 Gr.
1443 5579 1536 5633 lib.
1567 5575 1634 5640 π,
1664 5575 1919 5650 capue,
1949 5593 2073 5650 pag.
2105 5579 2231 5634 245,

731 5646 1109 5720 (ηδ-Ρεὲὶτᾲεῖχ
1145 5663 1270 5717 Opp.
1304 5650 1481 5718 posth.
1516 5646 1747 5714 chron;
1772 5646 1992 5706 dissert.
2020 5646 2082 5715 it,
2112 5667 2230 5720 cap.

663 5715 753 5776 49,
791 5715 895 5783 §3,
924 5732 974 5783 p.
1008 5717 1132 5770 565.

731 5797 808 5847 tn}
846 5785 1035 5848 Empli.
1081 5789 1224 5843 Har.
1255 5803 1401 5855 an',
1440 5788 1468 5856 §
1502 5788 1590 5843 05.

2357 4585 2765 4640 servationibus
2795 4584 2854 4640 V.
2880 4586 2942 4644 C.
2975 4586 3200 4643 chrici
3242 4587 3468 4644 Valesii.
3497 4590 3744 4659 Denique
3769 4591 3958 4648 Fran-

2354 4677 2536 4732 ciscus
2562 4673 3013 4736 Combeiisius’ex
3049 4681 3254 4738 Graecis
3292 4682 3572 4739 Vaticanis
3601 4691 3656 4739 et
3707 4685 3956 4742 Mazari-

2351 4771 2553 4836 nianis,
2592 4789 2803 4827 necnon
2831 4773 3116 4830 Photianis
3166 4777 3462 4847 excerptis,
3497 4777 3715 4834 collatis
3781 4782 3956 4836 etiam

2349 4862 2530 4917 Allatii
2564 4873 2616 4919 et
2649 4865 2886 4921 Possinii
2925 4869 3296 4932 versionibus,
3326 4869 3477 4923 idem
3525 4884 3665 4939 opus
3711 4886 3955 4930 rursum

2350 4955 2521 5009 edidit
2550 4955 2778 5011 Parisiis
2811 4974 2958 5011 anno
2986 4959 3150 5024 1672,
3214 4969 3379 5030 atque
3433 4966 3585 5015 tomo
3619 4962 3636 5015 |
3683 4963 3960 5022 Auctarii

2350 5050 2619 5102 novissimi
2637 5049 2961 5105 bibliotheca:
2991 5052 3213 5105 Patrum
3231 5051 3484 5108 intexuit.

2418 5224 2491 5294 (ο)
2521 5223 2740 5298 liieron.
2765 5227 3057 5282 Comment.
3101 5229 3153 5280 in
3186 5226 3347 5296 Dan.,
3374 5243 3494 5298 cap.
3523 5245 3643 5287 xm.

2417 5292 2488 5364 (p)
2524 5292 2602 5368 id.
2635 5299 2706 5349 De
2737 5300 2832 5351 vir.
2861 5300 2966 5364 ill.,
2990 5315 3111 5368 cap.
3143 5301 3231 5353 85.

2422 5370 2493 5434 (ᾳ)
2520 5364 2739 5438 Possin.
2779 5371 2990 5438 prs-fat.
3020 5364 3087 5423 ad
3122 5369 3356 5424 Method.
3385 5369 3601 5427 Convie.

2341 5443 2485 5526 __(r)
2518 5437 2696 5493 Vales.
2731 5437 2796 5493 ad
2827 5440 3027 5494 Euseb.
3058 5440 3201 5494 Hist.
3234 5443 3362 5498 eccl.
3396 5443 3490 5499 lib.
3521 5460 3597 5509 γι,
3621 5459 3752 5515 cap.
3789 5447 3868 5502 ει
3901 5461 3953 5501 ct

2341 5527 2430 5563 ΘΟ.

2413 5582 2482 5658 (εἴ)
2510 5576 2869 5658 ilieron._lib.
2892 5599 2907 5637 l
2931 5581 3118 5638 Contr.
3149 5581 3406 5658 Ruﬁn.,§
3444 5587 3532 5644 ll.

2410 5652 2472 5716 (ι)
2508 5647 2721 5704 Possin.
2757 5653 2792 5705 l.
2827 5666 2874 5706 c.

2410 5724 2484 5789 (ιι)
2514 5720 2721 5778 Muran.
2747 5723 2922 5777 Dicin.
2955 5725 3018 5779 D.
3059 5723 3133 5780 Ν.
3163 5726 3315 5786 J.-C.
3342 5728 3438 5786 lib.
3475 5745 3548 5798 tv,
3575 5743 3697 5797 cap.
3751 5727 3859 5799 21,
3892 5748 3949 5802 p.

2338 5791 2594 5845 525-551.

2335 5805 2541 5846 520-00
2552 5805 2594 5846 iv.
