  <div class='ocr_page' id='page_1' title='image "/cluster/home/n/w/nwhite01/storage/ocr_20150623/18/pst.000005712038/014.png"; bbox 0 0 4090 6318; ppageno 0'>
   <div class='ocr_carea' id='block_1_1' title="bbox 199 270 3456 332">
    <p class='ocr_par' dir='ltr' id='par_1_1' title="bbox 199 270 3456 332">
     <span class='ocr_line' id='line_1_1' title="bbox 199 270 3456 332; baseline 0.002 -5"><span class='ocrx_word' id='word_1_1' title='bbox 199 271 264 328; x_wconf 70' lang='grc'><strong>15</strong></span> <span class='ocrx_word' id='word_1_2' title='bbox 1189 310 1196 314; x_wconf 93' lang='grc'><strong>-</strong></span> <span class='ocrx_word' id='word_1_3' title='bbox 1692 270 1987 332; x_wconf 75' lang='lat' dir='ltr'><strong>NOTITIA.</strong></span> <span class='ocrx_word' id='word_1_4' title='bbox 3389 277 3410 324; x_wconf 69' lang='grc' dir='ltr'>ί</span> <span class='ocrx_word' id='word_1_5' title='bbox 3433 281 3456 324; x_wconf 72' lang='grc' dir='ltr'>δ</span> 
     </span>
    </p>
   </div>
   <div class='ocr_carea' id='block_1_2' title="bbox 270 380 3458 463">
    <p class='ocr_par' dir='ltr' id='par_1_2' title="bbox 270 380 3458 463">
     <span class='ocr_line' id='line_1_2' title="bbox 270 380 3458 463; baseline 0.002 -25"><span class='ocrx_word' id='word_1_6' title='bbox 270 380 334 438; x_wconf 74' lang='grc' dir='ltr'><strong>ει</strong></span> <span class='ocrx_word' id='word_1_7' title='bbox 379 381 526 439; x_wconf 85' lang='lat' dir='ltr'><strong>hanc</strong></span> <span class='ocrx_word' id='word_1_8' title='bbox 576 383 810 455; x_wconf 82' lang='lat' dir='ltr'><strong>quidem</strong></span> <span class='ocrx_word' id='word_1_9' title='bbox 874 384 1342 442; x_wconf 82' lang='lat' dir='ltr'><strong>Comheﬁaianam</strong></span> <span class='ocrx_word' id='word_1_10' title='bbox 1372 385 1588 444; x_wconf 63' lang='grc' dir='ltr'><strong>ἔκδοσιν</strong></span> <span class='ocrx_word' id='word_1_11' title='bbox 1637 391 1786 461; x_wconf 78' lang='lat' dir='ltr'><strong>typis</strong></span> <span class='ocrx_word' id='word_1_12' title='bbox 1816 394 1860 450; x_wconf 81' lang='grc' dir='ltr'><strong>Δ</strong></span> <span class='ocrx_word' id='word_1_13' title='bbox 1889 389 1997 459; x_wconf 79' lang='lat' dir='ltr'><strong>logi</strong></span> <span class='ocrx_word' id='word_1_14' title='bbox 2050 389 2363 459; x_wconf 71' lang='lat' dir='ltr'><strong>composuit</strong></span> <span class='ocrx_word' id='word_1_15' title='bbox 2415 400 2638 448; x_wconf 79' lang='lat' dir='ltr'><strong>sanctus</strong></span> <span class='ocrx_word' id='word_1_16' title='bbox 2694 389 2878 456; x_wconf 86' lang='lat' dir='ltr'><strong>Pater,</strong></span> <span class='ocrx_word' id='word_1_17' title='bbox 2935 391 3346 463; x_wconf 79' lang='lat' dir='ltr'><strong>inscripsitque,</strong></span> <span class='ocrx_word' id='word_1_18' title='bbox 3398 399 3458 444; x_wconf 87' lang='lat' dir='ltr'><strong>ut</strong></span> 
     </span>
    </p>
   </div>
   <div class='ocr_carea' id='block_1_3' title="bbox 205 472 1781 551">
    <p class='ocr_par' dir='ltr' id='par_1_3' title="bbox 205 472 1781 551">
     <span class='ocr_line' id='line_1_3' title="bbox 205 472 1781 551; baseline 0.004 -21"><span class='ocrx_word' id='word_1_19' title='bbox 205 472 565 531; x_wconf 75' lang='lat' dir='ltr'><strong>excutiendam</strong></span> <span class='ocrx_word' id='word_1_20' title='bbox 589 477 938 532; x_wconf 76' lang='lat' dir='ltr'><strong>curavimus.</strong></span> <span class='ocrx_word' id='word_1_21' title='bbox 967 475 1157 548; x_wconf 85' lang='lat' dir='ltr'><strong>Neque</strong></span> <span class='ocrx_word' id='word_1_22' title='bbox 1207 478 1351 533; x_wconf 90' lang='lat' dir='ltr'><strong>enim</strong></span> <span class='ocrx_word' id='word_1_23' title='bbox 1382 488 1571 534; x_wconf 84' lang='lat' dir='ltr'><strong>actum</strong></span> <span class='ocrx_word' id='word_1_24' title='bbox 1600 481 1781 551; x_wconf 82' lang='lat' dir='ltr'><strong>egisse</strong></span> 
     </span>
    </p>
   </div>
   <div class='ocr_carea' id='block_1_4' title="bbox 207 567 1780 642">
    <p class='ocr_par' dir='ltr' id='par_1_4' title="bbox 207 567 1780 642">
     <span class='ocr_line' id='line_1_4' title="bbox 207 567 1780 642; baseline 0.003 -22"><span class='ocrx_word' id='word_1_25' title='bbox 207 567 416 623; x_wconf 83' lang='lat' dir='ltr'><strong>videtur</strong></span> <span class='ocrx_word' id='word_1_26' title='bbox 437 567 521 622; x_wconf 86' lang='lat' dir='ltr'><strong>vir</strong></span> <span class='ocrx_word' id='word_1_27' title='bbox 543 567 772 633; x_wconf 85' lang='lat' dir='ltr'><strong>doctus,</strong></span> <span class='ocrx_word' id='word_1_28' title='bbox 797 567 893 639; x_wconf 90' lang='lat' dir='ltr'><strong>qui</strong></span> <span class='ocrx_word' id='word_1_29' title='bbox 935 570 1106 625; x_wconf 83' lang='lat' dir='ltr'><strong>semel</strong></span> <span class='ocrx_word' id='word_1_30' title='bbox 1156 570 1463 640; x_wconf 89' lang='lat' dir='ltr'><strong>iterumque</strong></span> <span class='ocrx_word' id='word_1_31' title='bbox 1501 569 1780 642; x_wconf 80' lang='lat' dir='ltr'><strong>vulgatum</strong></span> 
     </span>
    </p>
   </div>
   <div class='ocr_carea' id='block_1_5' title="bbox 205 660 1782 733">
    <p class='ocr_par' dir='ltr' id='par_1_5' title="bbox 205 660 1782 733">
     <span class='ocr_line' id='line_1_5' title="bbox 205 660 1782 733; baseline 0.001 -16"><span class='ocrx_word' id='word_1_32' title='bbox 205 661 468 726; x_wconf 85' lang='lat' dir='ltr'><strong>libellum,</strong></span> <span class='ocrx_word' id='word_1_33' title='bbox 498 676 644 716; x_wconf 91' lang='lat' dir='ltr'><strong>novo</strong></span> <span class='ocrx_word' id='word_1_34' title='bbox 675 663 833 717; x_wconf 86' lang='lat' dir='ltr'><strong>cultu</strong></span> <span class='ocrx_word' id='word_1_35' title='bbox 856 662 1153 733; x_wconf 81' lang='lat' dir='ltr'><strong>expolitum</strong></span> <span class='ocrx_word' id='word_1_36' title='bbox 1184 664 1620 733; x_wconf 67' lang='lat' dir='ltr'><strong>repraesentavit.</strong></span> <span class='ocrx_word' id='word_1_37' title='bbox 1649 660 1782 731; x_wconf 85' lang='lat' dir='ltr'><strong>Ejus</strong></span> 
     </span>
    </p>
   </div>
   <div class='ocr_carea' id='block_1_6' title="bbox 205 752 1782 824">
    <p class='ocr_par' dir='ltr' id='par_1_6' title="bbox 205 752 1782 824">
     <span class='ocr_line' id='line_1_6' title="bbox 205 752 1782 824; baseline 0 -16"><span class='ocrx_word' id='word_1_38' title='bbox 205 758 386 809; x_wconf 80' lang='lat' dir='ltr'><strong>autem</strong></span> <span class='ocrx_word' id='word_1_39' title='bbox 415 752 827 818; x_wconf 85' lang='lat' dir='ltr'><strong>adnotationes,</strong></span> <span class='ocrx_word' id='word_1_40' title='bbox 859 769 980 824; x_wconf 68' lang='lat' dir='ltr'><strong>quae</strong></span> <span class='ocrx_word' id='word_1_41' title='bbox 999 753 1067 808; x_wconf 89' lang='lat' dir='ltr'><strong>ad</strong></span> <span class='ocrx_word' id='word_1_42' title='bbox 1101 756 1286 824; x_wconf 87' lang='lat' dir='ltr'><strong>operis</strong></span> <span class='ocrx_word' id='word_1_43' title='bbox 1331 755 1536 811; x_wconf 79' lang='lat' dir='ltr'><strong>calcem</strong></span> <span class='ocrx_word' id='word_1_44' title='bbox 1571 755 1782 810; x_wconf 91' lang='lat' dir='ltr'><strong>incom-</strong></span> 
     </span>
    </p>
   </div>
   <div class='ocr_carea' id='block_1_7' title="bbox 205 844 1780 918">
    <p class='ocr_par' dir='ltr' id='par_1_7' title="bbox 205 844 1780 918">
     <span class='ocr_line' id='line_1_7' title="bbox 205 844 1780 918; baseline -0.001 -17"><span class='ocrx_word' id='word_1_45' title='bbox 205 845 361 901; x_wconf 85' lang='lat' dir='ltr'><strong>mode</strong></span> <span class='ocrx_word' id='word_1_46' title='bbox 391 844 735 918; x_wconf 82' lang='lat' dir='ltr'><strong>legebantur,</strong></span> <span class='ocrx_word' id='word_1_47' title='bbox 772 846 944 900; x_wconf 81' lang='lat' dir='ltr'><strong>textui</strong></span> <span class='ocrx_word' id='word_1_48' title='bbox 973 846 1309 914; x_wconf 71' lang='lat' dir='ltr'><strong>subiecimus</strong></span> <span class='ocrx_word' id='word_1_49' title='bbox 1351 862 1456 900; x_wconf 88' lang='lat' dir='ltr'><strong>una</strong></span> <span class='ocrx_word' id='word_1_50' title='bbox 1493 858 1616 902; x_wconf 91' lang='lat' dir='ltr'><strong>cum</strong></span> <span class='ocrx_word' id='word_1_51' title='bbox 1640 847 1780 902; x_wconf 90' lang='lat' dir='ltr'><strong>sele-</strong></span> 
     </span>
    </p>
   </div>
   <div class='ocr_carea' id='block_1_8' title="bbox 203 938 1779 997">
    <p class='ocr_par' dir='ltr' id='par_1_8' title="bbox 203 938 1779 997">
     <span class='ocr_line' id='line_1_8' title="bbox 203 938 1779 997; baseline -0.001 -2"><span class='ocrx_word' id='word_1_52' title='bbox 203 940 471 996; x_wconf 85' lang='lat' dir='ltr'><strong>ctioribus</strong></span> <span class='ocrx_word' id='word_1_53' title='bbox 519 938 832 995; x_wconf 75' lang='lat' dir='ltr'><strong>Valesianis</strong></span> <span class='ocrx_word' id='word_1_54' title='bbox 875 959 891 996; x_wconf 88' lang='lat'><strong>:</strong></span> <span class='ocrx_word' id='word_1_55' title='bbox 945 941 1012 996; x_wconf 86' lang='lat' dir='ltr'><strong>ad</strong></span> <span class='ocrx_word' id='word_1_56' title='bbox 1065 944 1225 997; x_wconf 90' lang='lat' dir='ltr'><strong>ﬁnem</strong></span> <span class='ocrx_word' id='word_1_57' title='bbox 1282 956 1412 995; x_wconf 87' lang='lat' dir='ltr'><strong>vero</strong></span> <span class='ocrx_word' id='word_1_58' title='bbox 1445 940 1779 996; x_wconf 89' lang='lat' dir='ltr'><strong>attexuimus</strong></span> 
     </span>
    </p>
   </div>
   <div class='ocr_carea' id='block_1_9' title="bbox 201 1032 1778 1104">
    <p class='ocr_par' dir='ltr' id='par_1_9' title="bbox 201 1032 1778 1104">
     <span class='ocr_line' id='line_1_9' title="bbox 201 1032 1778 1104; baseline 0.001 -18"><span class='ocrx_word' id='word_1_59' title='bbox 201 1047 336 1103; x_wconf 88' lang='lat' dir='ltr'><strong>quas</strong></span> <span class='ocrx_word' id='word_1_60' title='bbox 359 1032 652 1086; x_wconf 81' lang='lat' dir='ltr'><strong>adornavit</strong></span> <span class='ocrx_word' id='word_1_61' title='bbox 674 1033 927 1096; x_wconf 79' lang='lat' dir='ltr'><strong>Allatius,</strong></span> <span class='ocrx_word' id='word_1_62' title='bbox 957 1047 1052 1089; x_wconf 90' lang='lat' dir='ltr'><strong>eas</strong></span> <span class='ocrx_word' id='word_1_63' title='bbox 1080 1033 1137 1087; x_wconf 91' lang='lat' dir='ltr'><strong>in</strong></span> <span class='ocrx_word' id='word_1_64' title='bbox 1169 1039 1451 1098; x_wconf 87' lang='lat' dir='ltr'><strong>contextu,</strong></span> <span class='ocrx_word' id='word_1_65' title='bbox 1488 1033 1739 1104; x_wconf 86' lang='lat' dir='ltr'><strong>apposito</strong></span> <span class='ocrx_word' id='word_1_66' title='bbox 1759 1034 1778 1053; x_wconf 81' lang='lat'><strong><em>‘</em></strong></span> 
     </span>
    </p>
   </div>
   <div class='ocr_carea' id='block_1_10' title="bbox 200 1122 1779 1194">
    <p class='ocr_par' dir='ltr' id='par_1_10' title="bbox 200 1122 1779 1194">
     <span class='ocr_line' id='line_1_10' title="bbox 200 1122 1779 1194; baseline 0.001 -18"><span class='ocrx_word' id='word_1_67' title='bbox 200 1122 529 1178; x_wconf 81' lang='lat' dir='ltr'><strong>Indicautes.</strong></span> <span class='ocrx_word' id='word_1_68' title='bbox 583 1122 831 1193; x_wconf 84' lang='lat' dir='ltr'><strong>Denique</strong></span> <span class='ocrx_word' id='word_1_69' title='bbox 883 1137 995 1194; x_wconf 92' lang='lat' dir='ltr'><strong>quo</strong></span> <span class='ocrx_word' id='word_1_70' title='bbox 1043 1122 1257 1177; x_wconf 81' lang='lat' dir='ltr'><strong>facilior</strong></span> <span class='ocrx_word' id='word_1_71' title='bbox 1286 1124 1471 1193; x_wconf 87' lang='lat' dir='ltr'><strong>operis</strong></span> <span class='ocrx_word' id='word_1_72' title='bbox 1518 1123 1679 1179; x_wconf 90' lang='lat' dir='ltr'><strong>lectio</strong></span> <span class='ocrx_word' id='word_1_73' title='bbox 1723 1129 1779 1178; x_wconf 87' lang='lat' dir='ltr'><strong>et</strong></span> 
     </span>
    </p>
   </div>
   <div class='ocr_carea' id='block_1_11' title="bbox 199 1213 1781 1286">
    <p class='ocr_par' dir='ltr' id='par_1_11' title="bbox 199 1213 1781 1286">
     <span class='ocr_line' id='line_1_11' title="bbox 199 1213 1781 1286; baseline 0.001 -19"><span class='ocrx_word' id='word_1_74' title='bbox 199 1228 333 1269; x_wconf 84' lang='lat' dir='ltr'><strong>usus</strong></span> <span class='ocrx_word' id='word_1_75' title='bbox 363 1213 644 1276; x_wconf 77' lang='lat' dir='ltr'><strong>evaderet.</strong></span> <span class='ocrx_word' id='word_1_76' title='bbox 678 1229 1126 1286; x_wconf 81' lang='lat' dir='ltr'><strong>unamquamque</strong></span> <span class='ocrx_word' id='word_1_77' title='bbox 1147 1215 1450 1270; x_wconf 85' lang='lat' dir='ltr'><strong>orationem</strong></span> <span class='ocrx_word' id='word_1_78' title='bbox 1484 1214 1781 1271; x_wconf 64' lang='lat' dir='ltr'><strong>Methodiao</strong></span> 
     </span>
    </p>
   </div>
   <div class='ocr_carea' id='block_1_12' title="bbox 199 1306 1779 1377">
    <p class='ocr_par' dir='ltr' id='par_1_12' title="bbox 199 1306 1779 1377">
     <span class='ocr_line' id='line_1_12' title="bbox 199 1306 1779 1377; baseline 0.002 -18"><span class='ocrx_word' id='word_1_79' title='bbox 199 1320 320 1359; x_wconf 85' lang='lat' dir='ltr'><strong>nam</strong></span> <span class='ocrx_word' id='word_1_80' title='bbox 359 1321 556 1360; x_wconf 90' lang='lat' dir='ltr'><strong>sumus</strong></span> <span class='ocrx_word' id='word_1_81' title='bbox 578 1306 632 1360; x_wconf 89' lang='lat' dir='ltr'><strong>in</strong></span> <span class='ocrx_word' id='word_1_82' title='bbox 666 1307 846 1360; x_wconf 87' lang='lat' dir='ltr'><strong>varias</strong></span> <span class='ocrx_word' id='word_1_83' title='bbox 869 1307 1142 1362; x_wconf 87' lang='lat' dir='ltr'><strong>sectiones</strong></span> <span class='ocrx_word' id='word_1_84' title='bbox 1170 1308 1379 1377; x_wconf 77' lang='lat' dir='ltr'><strong>partiti,</strong></span> <span class='ocrx_word' id='word_1_85' title='bbox 1411 1322 1646 1377; x_wconf 88' lang='lat' dir='ltr'><strong>quarum</strong></span> <span class='ocrx_word' id='word_1_86' title='bbox 1693 1309 1779 1362; x_wconf 83' lang='lat' dir='ltr'><strong>in-</strong></span> 
     </span>
    </p>
   </div>
   <div class='ocr_carea' id='block_1_13' title="bbox 197 1399 1770 1470">
    <p class='ocr_par' dir='ltr' id='par_1_13' title="bbox 197 1399 1770 1470">
     <span class='ocr_line' id='line_1_13' title="bbox 197 1399 1770 1470; baseline 0.001 -19"><span class='ocrx_word' id='word_1_87' title='bbox 197 1404 412 1467; x_wconf 68' lang='lat' dir='ltr'><strong>tegi-um</strong></span> <span class='ocrx_word' id='word_1_88' title='bbox 474 1406 835 1468; x_wconf 89' lang='lat' dir='ltr'><strong>conspectum</strong></span> <span class='ocrx_word' id='word_1_89' title='bbox 897 1413 1000 1470; x_wconf 92' lang='lat' dir='ltr'><strong>pro</strong></span> <span class='ocrx_word' id='word_1_90' title='bbox 1042 1414 1195 1455; x_wconf 87' lang='lat' dir='ltr'><strong>more</strong></span> <span class='ocrx_word' id='word_1_91' title='bbox 1257 1407 1450 1454; x_wconf 91' lang='lat' dir='ltr'><strong>nostro</strong></span> <span class='ocrx_word' id='word_1_92' title='bbox 1515 1399 1770 1455; x_wconf 86' lang='lat' dir='ltr'><strong>subdidi-</strong></span> 
     </span>
    </p>
   </div>
   <div class='ocr_carea' id='block_1_14' title="bbox 196 1503 336 1542">
    <p class='ocr_par' dir='ltr' id='par_1_14' title="bbox 196 1503 336 1542">
     <span class='ocr_line' id='line_1_14' title="bbox 196 1503 336 1542; baseline -0.014 0"><span class='ocrx_word' id='word_1_93' title='bbox 196 1503 336 1542; x_wconf 86' lang='lat' dir='ltr'><strong>mus.</strong></span> 
     </span>
    </p>
   </div>
   <div class='ocr_carea' id='block_1_15' title="bbox 265 1577 1781 1655">
    <p class='ocr_par' dir='ltr' id='par_1_15' title="bbox 265 1577 1781 1655">
     <span class='ocr_line' id='line_1_15' title="bbox 265 1577 1781 1655; baseline 0.003 -23"><span class='ocrx_word' id='word_1_94' title='bbox 265 1577 355 1632; x_wconf 74' lang='grc' dir='ltr'><strong>ιν.</strong></span> <span class='ocrx_word' id='word_1_95' title='bbox 381 1579 506 1635; x_wconf 81' lang='lat' dir='ltr'><strong>Jam</strong></span> <span class='ocrx_word' id='word_1_96' title='bbox 533 1597 666 1638; x_wconf 89' lang='lat' dir='ltr'><strong>vero</strong></span> <span class='ocrx_word' id='word_1_97' title='bbox 699 1582 913 1653; x_wconf 89' lang='lat' dir='ltr'><strong>reliqua</strong></span> <span class='ocrx_word' id='word_1_98' title='bbox 953 1581 1302 1638; x_wconf 74' lang='lat' dir='ltr'><strong>Methodiana</strong></span> <span class='ocrx_word' id='word_1_99' title='bbox 1335 1599 1628 1640; x_wconf 87' lang='lat' dir='ltr'><strong>recensere</strong></span> <span class='ocrx_word' id='word_1_100' title='bbox 1659 1599 1781 1655; x_wconf 83' lang='lat' dir='ltr'><strong>pro-</strong></span> 
     </span>
    </p>
   </div>
   <div class='ocr_carea' id='block_1_16' title="bbox 195 1674 1778 1742">
    <p class='ocr_par' dir='ltr' id='par_1_16' title="bbox 195 1674 1778 1742">
     <span class='ocr_line' id='line_1_16' title="bbox 195 1674 1778 1742; baseline 0.002 -15"><span class='ocrx_word' id='word_1_101' title='bbox 195 1686 516 1742; x_wconf 84' lang='lat' dir='ltr'><strong>sequamur,</strong></span> <span class='ocrx_word' id='word_1_102' title='bbox 541 1690 606 1729; x_wconf 78' lang='lat' dir='ltr'><strong>ex</strong></span> <span class='ocrx_word' id='word_1_103' title='bbox 652 1674 802 1729; x_wconf 92' lang='lat' dir='ltr'><strong>edito</strong></span> <span class='ocrx_word' id='word_1_104' title='bbox 856 1675 1256 1734; x_wconf 84' lang='lat' dir='ltr'><strong>Combeﬁsiano</strong></span> <span class='ocrx_word' id='word_1_105' title='bbox 1305 1675 1536 1732; x_wconf 85' lang='lat' dir='ltr'><strong>Parisiis</strong></span> <span class='ocrx_word' id='word_1_106' title='bbox 1572 1678 1628 1732; x_wconf 91' lang='lat' dir='ltr'><strong>in</strong></span> <span class='ocrx_word' id='word_1_107' title='bbox 1657 1676 1778 1731; x_wconf 85' lang='lat' dir='ltr'><strong>vul-</strong></span> 
     </span>
    </p>
   </div>
   <div class='ocr_carea' id='block_1_17' title="bbox 1884 479 3456 556">
    <p class='ocr_par' dir='ltr' id='par_1_17' title="bbox 1884 479 3456 556">
     <span class='ocr_line' id='line_1_17' title="bbox 1884 479 3456 556; baseline 0.001 -21"><span class='ocrx_word' id='word_1_108' title='bbox 1884 480 2119 545; x_wconf 79' lang='lat' dir='ltr'><strong>videtur,</strong></span> <span class='ocrx_word' id='word_1_109' title='bbox 2151 479 2454 553; x_wconf 74' lang='lat' dir='ltr'><strong>Theophila</strong></span> <span class='ocrx_word' id='word_1_110' title='bbox 2484 484 2725 547; x_wconf 89' lang='lat' dir='ltr'><strong>cuidam,</strong></span> <span class='ocrx_word' id='word_1_111' title='bbox 2756 500 2918 554; x_wconf 84' lang='lat' dir='ltr'><strong>quem</strong></span> <span class='ocrx_word' id='word_1_112' title='bbox 2948 485 3238 556; x_wconf 81' lang='grc' dir='ltr'><strong>κράτιστον</strong></span> <span class='ocrx_word' id='word_1_113' title='bbox 3268 483 3456 555; x_wconf 87' lang='lat' dir='ltr'><strong>appel-</strong></span> 
     </span>
    </p>
   </div>
   <div class='ocr_carea' id='block_1_18' title="bbox 1883 571 3458 642">
    <p class='ocr_par' dir='ltr' id='par_1_18' title="bbox 1883 571 3458 642">
     <span class='ocr_line' id='line_1_18' title="bbox 1883 571 3458 642; baseline 0.004 -18"><span class='ocrx_word' id='word_1_114' title='bbox 1883 571 1961 625; x_wconf 94' lang='lat' dir='ltr'><strong>lat</strong></span> <span class='ocrx_word' id='word_1_115' title='bbox 2023 572 2102 642; x_wconf 72' lang='grc' dir='ltr'><strong>(τι)</strong></span> <span class='ocrx_word' id='word_1_116' title='bbox 2182 571 2239 626; x_wconf 87' lang='lat' dir='ltr'><strong>In</strong></span> <span class='ocrx_word' id='word_1_117' title='bbox 2289 589 2356 629; x_wconf 90' lang='lat' dir='ltr'><strong>eo</strong></span> <span class='ocrx_word' id='word_1_118' title='bbox 2403 585 2582 632; x_wconf 76' lang='lat' dir='ltr'><strong>autem</strong></span> <span class='ocrx_word' id='word_1_119' title='bbox 2652 576 2986 630; x_wconf 87' lang='lat' dir='ltr'><strong>inducuntur</strong></span> <span class='ocrx_word' id='word_1_120' title='bbox 3039 574 3349 633; x_wconf 76' lang='lat' dir='ltr'><strong>Methodius</strong></span> <span class='ocrx_word' id='word_1_121' title='bbox 3401 585 3458 631; x_wconf 87' lang='lat' dir='ltr'><strong>et</strong></span> 
     </span>
    </p>
   </div>
   <div class='ocr_carea' id='block_1_19' title="bbox 1883 661 3458 739">
    <p class='ocr_par' dir='ltr' id='par_1_19' title="bbox 1883 661 3458 739">
     <span class='ocr_line' id='line_1_19' title="bbox 1883 661 3458 739; baseline 0.004 -23"><span class='ocrx_word' id='word_1_122' title='bbox 1883 661 2188 718; x_wconf 82' lang='lat' dir='ltr'><strong>Auxentius</strong></span> <span class='ocrx_word' id='word_1_123' title='bbox 2222 679 2346 718; x_wconf 83' lang='lat' dir='ltr'><strong>cum</strong></span> <span class='ocrx_word' id='word_1_124' title='bbox 2384 665 2711 736; x_wconf 79' lang='lat' dir='ltr'><strong>Origenistis</strong></span> <span class='ocrx_word' id='word_1_125' title='bbox 2752 665 2945 723; x_wconf 84' lang='lat' dir='ltr'><strong>Proclo</strong></span> <span class='ocrx_word' id='word_1_126' title='bbox 2987 676 3041 722; x_wconf 91' lang='lat' dir='ltr'><strong>et</strong></span> <span class='ocrx_word' id='word_1_127' title='bbox 3079 668 3458 739; x_wconf 80' lang='lat' dir='ltr'><strong>Aglaophonte</strong></span> 
     </span>
    </p>
   </div>
   <div class='ocr_carea' id='block_1_20' title="bbox 1882 754 3460 831">
    <p class='ocr_par' dir='ltr' id='par_1_20' title="bbox 1882 754 3460 831">
     <span class='ocr_line' id='line_1_20' title="bbox 1882 754 3460 831; baseline 0.006 -25"><span class='ocrx_word' id='word_1_128' title='bbox 1882 754 2254 824; x_wconf 81' lang='lat' dir='ltr'><strong>colloquentes</strong></span> <span class='ocrx_word' id='word_1_129' title='bbox 2287 771 2382 812; x_wconf 90' lang='lat' dir='ltr'><strong>seu</strong></span> <span class='ocrx_word' id='word_1_130' title='bbox 2413 757 2775 828; x_wconf 79' lang='lat' dir='ltr'><strong>disputantes.</strong></span> <span class='ocrx_word' id='word_1_131' title='bbox 2801 756 2921 814; x_wconf 77' lang='lat' dir='ltr'><strong>1am</strong></span> <span class='ocrx_word' id='word_1_132' title='bbox 2945 758 3036 813; x_wconf 88' lang='lat' dir='ltr'><strong>diu</strong></span> <span class='ocrx_word' id='word_1_133' title='bbox 3059 774 3309 830; x_wconf 80' lang='lat' dir='ltr'><strong>magnam</strong></span> <span class='ocrx_word' id='word_1_134' title='bbox 3329 774 3460 831; x_wconf 89' lang='lat' dir='ltr'><strong>par-</strong></span> 
     </span>
    </p>
   </div>
   <div class='ocr_carea' id='block_1_21' title="bbox 1882 845 3458 921">
    <p class='ocr_par' dir='ltr' id='par_1_21' title="bbox 1882 845 3458 921">
     <span class='ocr_line' id='line_1_21' title="bbox 1882 845 3458 921; baseline 0.006 -23"><span class='ocrx_word' id='word_1_135' title='bbox 1882 852 1990 898; x_wconf 87' lang='lat' dir='ltr'><strong>tem</strong></span> <span class='ocrx_word' id='word_1_136' title='bbox 2022 845 2342 916; x_wconf 86' lang='lat' dir='ltr'><strong>deperditus</strong></span> <span class='ocrx_word' id='word_1_137' title='bbox 2361 846 2610 920; x_wconf 73' lang='lat' dir='ltr'><strong>dialogus</strong></span> <span class='ocrx_word' id='word_1_138' title='bbox 2634 849 2759 904; x_wconf 87' lang='lat' dir='ltr'><strong>iste.</strong></span> <span class='ocrx_word' id='word_1_139' title='bbox 2787 849 2918 920; x_wconf 86' lang='lat' dir='ltr'><strong>Ejus</strong></span> <span class='ocrx_word' id='word_1_140' title='bbox 2947 859 3125 906; x_wconf 87' lang='lat' dir='ltr'><strong>tamen</strong></span> <span class='ocrx_word' id='word_1_141' title='bbox 3148 850 3458 921; x_wconf 79' lang='lat' dir='ltr'><strong>fragmenta</strong></span> 
     </span>
    </p>
   </div>
   <div class='ocr_carea' id='block_1_22' title="bbox 1881 938 3458 1014">
    <p class='ocr_par' dir='ltr' id='par_1_22' title="bbox 1881 938 3458 1014">
     <span class='ocr_line' id='line_1_22' title="bbox 1881 938 3458 1014; baseline 0.004 -23"><span class='ocrx_word' id='word_1_142' title='bbox 1881 938 2022 992; x_wconf 84' lang='lat' dir='ltr'><strong>satis</strong></span> <span class='ocrx_word' id='word_1_143' title='bbox 2055 938 2234 1008; x_wconf 87' lang='lat' dir='ltr'><strong>ampla</strong></span> <span class='ocrx_word' id='word_1_144' title='bbox 2257 945 2478 994; x_wconf 82' lang='lat' dir='ltr'><strong>exstant</strong></span> <span class='ocrx_word' id='word_1_145' title='bbox 2503 950 2616 994; x_wconf 85' lang='lat' dir='ltr'><strong>tum</strong></span> <span class='ocrx_word' id='word_1_146' title='bbox 2648 941 2792 1012; x_wconf 90' lang='lat' dir='ltr'><strong>apud</strong></span> <span class='ocrx_word' id='word_1_147' title='bbox 2810 941 3170 1013; x_wconf 87' lang='lat' dir='ltr'><strong>Epiphanium</strong></span> <span class='ocrx_word' id='word_1_148' title='bbox 3202 942 3301 1014; x_wconf 84' lang='lat' dir='ltr'><strong>(b),</strong></span> <span class='ocrx_word' id='word_1_149' title='bbox 3341 952 3458 997; x_wconf 91' lang='lat' dir='ltr'><strong>tum</strong></span> 
     </span>
    </p>
   </div>
   <div class='ocr_carea' id='block_1_23' title="bbox 1879 1026 3460 1105">
    <p class='ocr_par' dir='ltr' id='par_1_23' title="bbox 1879 1026 3460 1105">
     <span class='ocr_line' id='line_1_23' title="bbox 1879 1026 3460 1105; baseline 0.005 -23"><span class='ocrx_word' id='word_1_150' title='bbox 1879 1027 2022 1098; x_wconf 89' lang='lat' dir='ltr'><strong>apud</strong></span> <span class='ocrx_word' id='word_1_151' title='bbox 2052 1026 2306 1083; x_wconf 81' lang='lat' dir='ltr'><strong>Photium</strong></span> <span class='ocrx_word' id='word_1_152' title='bbox 2344 1029 2439 1102; x_wconf 77' lang='grc' dir='ltr'><strong>(ε),</strong></span> <span class='ocrx_word' id='word_1_153' title='bbox 2476 1032 2569 1100; x_wconf 90' lang='lat' dir='ltr'><strong>qui</strong></span> <span class='ocrx_word' id='word_1_154' title='bbox 2603 1041 2657 1088; x_wconf 90' lang='lat' dir='ltr'><strong>et</strong></span> <span class='ocrx_word' id='word_1_155' title='bbox 2704 1048 2770 1088; x_wconf 90' lang='lat' dir='ltr'><strong>ex</strong></span> <span class='ocrx_word' id='word_1_156' title='bbox 2805 1034 2997 1088; x_wconf 89' lang='lat' dir='ltr'><strong>eodem</strong></span> <span class='ocrx_word' id='word_1_157' title='bbox 3029 1049 3195 1105; x_wconf 87' lang='lat' dir='ltr'><strong>opere</strong></span> <span class='ocrx_word' id='word_1_158' title='bbox 3219 1051 3460 1104; x_wconf 81' lang='lat' dir='ltr'><strong>compen-</strong></span> 
     </span>
    </p>
   </div>
   <div class='ocr_carea' id='block_1_24' title="bbox 1880 1120 3455 1197">
    <p class='ocr_par' dir='ltr' id='par_1_24' title="bbox 1880 1120 3455 1197">
     <span class='ocr_line' id='line_1_24' title="bbox 1880 1120 3455 1197; baseline 0.006 -24"><span class='ocrx_word' id='word_1_159' title='bbox 1880 1120 2089 1178; x_wconf 62' lang='lat' dir='ltr'><strong>diosas:</strong></span> <span class='ocrx_word' id='word_1_160' title='bbox 2117 1122 2497 1190; x_wconf 67' lang='lat' dir='ltr'><strong>expositionem</strong></span> <span class='ocrx_word' id='word_1_161' title='bbox 2527 1125 2792 1179; x_wconf 84' lang='lat' dir='ltr'><strong>dictorum</strong></span> <span class='ocrx_word' id='word_1_162' title='bbox 2823 1131 3174 1196; x_wconf 68' lang='lat' dir='ltr'><strong>quorumdam</strong></span> <span class='ocrx_word' id='word_1_163' title='bbox 3198 1128 3455 1197; x_wconf 59' lang='lat' dir='ltr'><strong>apostoli.</strong></span> 
     </span>
    </p>
   </div>
   <div class='ocr_carea' id='block_1_25' title="bbox 1881 1212 3454 1288">
    <p class='ocr_par' dir='ltr' id='par_1_25' title="bbox 1881 1212 3454 1288">
     <span class='ocr_line' id='line_1_25' title="bbox 1881 1212 3454 1288; baseline 0.007 -22"><span class='ocrx_word' id='word_1_164' title='bbox 1881 1229 2083 1277; x_wconf 80' lang='lat' dir='ltr'><strong>eorum,</strong></span> <span class='ocrx_word' id='word_1_165' title='bbox 2149 1212 2424 1270; x_wconf 75' lang='lat' dir='ltr'><strong>Methodio</strong></span> <span class='ocrx_word' id='word_1_166' title='bbox 2480 1231 2608 1270; x_wconf 87' lang='lat' dir='ltr'><strong>vere</strong></span> <span class='ocrx_word' id='word_1_167' title='bbox 2674 1217 2917 1288; x_wconf 83' lang='lat' dir='ltr'><strong>dignam,</strong></span> <span class='ocrx_word' id='word_1_168' title='bbox 2989 1222 3151 1276; x_wconf 89' lang='lat' dir='ltr'><strong>nobis</strong></span> <span class='ocrx_word' id='word_1_169' title='bbox 3197 1222 3454 1277; x_wconf 82' lang='lat' dir='ltr'><strong>servavit.</strong></span> 
     </span>
    </p>
   </div>
   <div class='ocr_carea' id='block_1_26' title="bbox 1880 1304 3456 1385">
    <p class='ocr_par' dir='ltr' id='par_1_26' title="bbox 1880 1304 3456 1385">
     <span class='ocr_line' id='line_1_26' title="bbox 1880 1304 3456 1385; baseline 0.004 -25"><span class='ocrx_word' id='word_1_170' title='bbox 1880 1304 2151 1360; x_wconf 78' lang='lat' dir='ltr'><strong>Nonnulla</strong></span> <span class='ocrx_word' id='word_1_171' title='bbox 2185 1305 2315 1359; x_wconf 85' lang='lat' dir='ltr'><strong>item</strong></span> <span class='ocrx_word' id='word_1_172' title='bbox 2352 1307 2497 1376; x_wconf 87' lang='lat' dir='ltr'><strong>apud</strong></span> <span class='ocrx_word' id='word_1_173' title='bbox 2525 1306 2792 1363; x_wconf 80' lang='lat' dir='ltr'><strong>Joannem</strong></span> <span class='ocrx_word' id='word_1_174' title='bbox 2828 1309 3225 1366; x_wconf 88' lang='lat' dir='ltr'><strong>Damascenum</strong></span> <span class='ocrx_word' id='word_1_175' title='bbox 3259 1311 3337 1385; x_wconf 80' lang='grc' dir='ltr'><strong>(ά)</strong></span> <span class='ocrx_word' id='word_1_176' title='bbox 3361 1328 3456 1368; x_wconf 86' lang='lat' dir='ltr'><strong>oc-</strong></span> 
     </span>
    </p>
   </div>
   <div class='ocr_carea' id='block_1_27' title="bbox 1879 1395 3459 1470">
    <p class='ocr_par' dir='ltr' id='par_1_27' title="bbox 1879 1395 3459 1470">
     <span class='ocr_line' id='line_1_27' title="bbox 1879 1395 3459 1470; baseline 0.005 -18"><span class='ocrx_word' id='word_1_177' title='bbox 1879 1405 2128 1452; x_wconf 89' lang='lat' dir='ltr'><strong>currunt.</strong></span> <span class='ocrx_word' id='word_1_178' title='bbox 2159 1395 2324 1451; x_wconf 85' lang='lat' dir='ltr'><strong>Plura</strong></span> <span class='ocrx_word' id='word_1_179' title='bbox 2351 1397 2418 1454; x_wconf 88' lang='lat' dir='ltr'><strong>de</strong></span> <span class='ocrx_word' id='word_1_180' title='bbox 2442 1398 2542 1454; x_wconf 88' lang='lat' dir='ltr'><strong>hoc</strong></span> <span class='ocrx_word' id='word_1_181' title='bbox 2575 1415 2737 1470; x_wconf 87' lang='lat' dir='ltr'><strong>opere</strong></span> <span class='ocrx_word' id='word_1_182' title='bbox 2775 1404 2987 1456; x_wconf 84' lang='lat' dir='ltr'><strong>erudite</strong></span> <span class='ocrx_word' id='word_1_183' title='bbox 3020 1403 3277 1460; x_wconf 73' lang='lat' dir='ltr'><strong>observat</strong></span> <span class='ocrx_word' id='word_1_184' title='bbox 3309 1407 3459 1460; x_wconf 82' lang='lat' dir='ltr'><strong>Alla-</strong></span> 
     </span>
    </p>
   </div>
   <div class='ocr_carea' id='block_1_28' title="bbox 1881 1488 2115 1561">
    <p class='ocr_par' dir='ltr' id='par_1_28' title="bbox 1881 1488 2115 1561">
     <span class='ocr_line' id='line_1_28' title="bbox 1881 1488 2115 1561; baseline 0 -18"><span class='ocrx_word' id='word_1_185' title='bbox 1881 1490 1990 1546; x_wconf 87' lang='lat' dir='ltr'><strong>tius</strong></span> <span class='ocrx_word' id='word_1_186' title='bbox 2023 1488 2115 1561; x_wconf 87' lang='lat' dir='ltr'><strong>(e).</strong></span> 
     </span>
    </p>
   </div>
   <div class='ocr_carea' id='block_1_29' title="bbox 1950 1582 3457 1655">
    <p class='ocr_par' dir='ltr' id='par_1_29' title="bbox 1950 1582 3457 1655">
     <span class='ocr_line' id='line_1_29' title="bbox 1950 1582 3457 1655; baseline 0.008 -20"><span class='ocrx_word' id='word_1_187' title='bbox 1950 1582 2175 1637; x_wconf 82' lang='lat' dir='ltr'><strong>Interim</strong></span> <span class='ocrx_word' id='word_1_188' title='bbox 2227 1597 2360 1638; x_wconf 84' lang='lat' dir='ltr'><strong>vero</strong></span> <span class='ocrx_word' id='word_1_189' title='bbox 2411 1593 2571 1654; x_wconf 67' lang='lat' dir='ltr'><strong>Quem</strong></span> <span class='ocrx_word' id='word_1_190' title='bbox 2629 1584 2908 1655; x_wconf 87' lang='lat' dir='ltr'><strong>sequimur</strong></span> <span class='ocrx_word' id='word_1_191' title='bbox 2963 1587 3227 1644; x_wconf 79' lang='lat' dir='ltr'><strong>editorum</strong></span> <span class='ocrx_word' id='word_1_192' title='bbox 3265 1591 3457 1647; x_wconf 84' lang='lat' dir='ltr'><strong>audia-</strong></span> 
     </span>
    </p>
   </div>
   <div class='ocr_carea' id='block_1_30' title="bbox 1881 1673 3454 1746">
    <p class='ocr_par' dir='ltr' id='par_1_30' title="bbox 1881 1673 3454 1746">
     <span class='ocr_line' id='line_1_30' title="bbox 1881 1673 3454 1746; baseline 0.008 -19"><span class='ocrx_word' id='word_1_193' title='bbox 1881 1689 2005 1728; x_wconf 89' lang='lat' dir='ltr'><strong>mus</strong></span> <span class='ocrx_word' id='word_1_194' title='bbox 2045 1673 2134 1744; x_wconf 78' lang='lat' dir='ltr'><strong>(f).</strong></span> <span class='ocrx_word' id='word_1_195' title='bbox 2174 1693 2196 1727; x_wconf 86' lang='grc'><em>‹</em></span> <span class='ocrx_word' id='word_1_196' title='bbox 2235 1674 2582 1746; x_wconf 85' lang='lat' dir='ltr'><strong>Quanquam,</strong></span> <span class='ocrx_word' id='word_1_197' title='bbox 2625 1677 2823 1746; x_wconf 88' lang='lat' dir='ltr'><strong>inquit,</strong></span> <span class='ocrx_word' id='word_1_198' title='bbox 2874 1678 3144 1734; x_wconf 82' lang='lat' dir='ltr'><strong>insidebat</strong></span> <span class='ocrx_word' id='word_1_199' title='bbox 3211 1681 3454 1746; x_wconf 81' lang='lat' dir='ltr'><strong>animus,</strong></span> 
     </span>
    </p>
   </div>
   <div class='ocr_carea' id='block_1_31' title="bbox 194 1750 3454 1844">
    <p class='ocr_par' dir='ltr' id='par_1_31' title="bbox 194 1750 3454 1844">
     <span class='ocr_line' id='line_1_31' title="bbox 194 1750 3454 1844; baseline 0.003 -24"><span class='ocrx_word' id='word_1_200' title='bbox 194 1779 293 1835; x_wconf 82' lang='lat' dir='ltr'><strong>gus</strong></span> <span class='ocrx_word' id='word_1_201' title='bbox 338 1766 549 1822; x_wconf 77' lang='lat' dir='ltr'><strong>emisso</strong></span> <span class='ocrx_word' id='word_1_202' title='bbox 589 1782 735 1821; x_wconf 87' lang='lat' dir='ltr'><strong>anno</strong></span> <span class='ocrx_word' id='word_1_203' title='bbox 761 1766 902 1823; x_wconf 68' lang='lat' dir='ltr'><strong>16M</strong></span> <span class='ocrx_word' id='word_1_204' title='bbox 954 1769 1203 1839; x_wconf 87' lang='lat' dir='ltr'><strong>repetita.</strong></span> <span class='ocrx_word' id='word_1_205' title='bbox 1253 1768 1564 1823; x_wconf 75' lang='lat' dir='ltr'><strong>Cmioivium</strong></span> <span class='ocrx_word' id='word_1_206' title='bbox 1592 1770 1776 1838; x_wconf 84' lang='lat' dir='ltr'><strong>itaque</strong></span> <span class='ocrx_word' id='word_1_207' title='bbox 1807 1750 1849 1805; x_wconf 78' lang='grc' dir='ltr'><strong>Β</strong></span> <span class='ocrx_word' id='word_1_208' title='bbox 1880 1774 1940 1819; x_wconf 91' lang='lat' dir='ltr'><strong>ut</strong></span> <span class='ocrx_word' id='word_1_209' title='bbox 1972 1765 2318 1822; x_wconf 78' lang='lat' dir='ltr'><strong>Methodiana</strong></span> <span class='ocrx_word' id='word_1_210' title='bbox 2347 1769 2531 1823; x_wconf 91' lang='lat' dir='ltr'><strong>omnia</strong></span> <span class='ocrx_word' id='word_1_211' title='bbox 2565 1769 2874 1840; x_wconf 85' lang='lat' dir='ltr'><strong>Epiphanii,</strong></span> <span class='ocrx_word' id='word_1_212' title='bbox 2905 1788 3027 1826; x_wconf 91' lang='lat' dir='ltr'><strong>cum</strong></span> <span class='ocrx_word' id='word_1_213' title='bbox 3071 1774 3192 1828; x_wconf 86' lang='lat' dir='ltr'><strong>aliis</strong></span> <span class='ocrx_word' id='word_1_214' title='bbox 3223 1791 3344 1844; x_wconf 71' lang='lat' dir='ltr'><strong>qua:</strong></span> <span class='ocrx_word' id='word_1_215' title='bbox 3368 1791 3454 1831; x_wconf 58' lang='lat' dir='ltr'><strong>ocv</strong></span> 
     </span>
    </p>
   </div>
   <div class='ocr_carea' id='block_1_32' title="bbox 193 1856 1773 1933">
    <p class='ocr_par' dir='ltr' id='par_1_32' title="bbox 193 1856 1773 1933">
     <span class='ocr_line' id='line_1_32' title="bbox 193 1856 1773 1933; baseline 0.002 -21"><span class='ocrx_word' id='word_1_216' title='bbox 193 1856 370 1912; x_wconf 78' lang='lat' dir='ltr'><strong>decens</strong></span> <span class='ocrx_word' id='word_1_217' title='bbox 399 1859 665 1930; x_wconf 72' lang='lat' dir='ltr'><strong>virginum</strong></span> <span class='ocrx_word' id='word_1_218' title='bbox 692 1863 896 1933; x_wconf 74' lang='lat' dir='ltr'><strong>exeipit</strong></span> <span class='ocrx_word' id='word_1_219' title='bbox 918 1863 1056 1919; x_wconf 90' lang='lat' dir='ltr'><strong>liber</strong></span> <span class='ocrx_word' id='word_1_220' title='bbox 1081 1861 1159 1917; x_wconf 77' lang='lat' dir='ltr'><strong>De</strong></span> <span class='ocrx_word' id='word_1_221' title='bbox 1213 1861 1380 1917; x_wconf 70' lang='lat' dir='ltr'><strong>libero</strong></span> <span class='ocrx_word' id='word_1_222' title='bbox 1418 1861 1648 1915; x_wconf 83' lang='lat' dir='ltr'><strong>arbitrio</strong></span> <span class='ocrx_word' id='word_1_223' title='bbox 1673 1861 1773 1915; x_wconf 89' lang='lat' dir='ltr'><strong>ad-</strong></span> 
     </span>
    </p>
   </div>
   <div class='ocr_carea' id='block_1_33' title="bbox 192 1949 1775 2025">
    <p class='ocr_par' dir='ltr' id='par_1_33' title="bbox 192 1949 1775 2025">
     <span class='ocr_line' id='line_1_33' title="bbox 192 1949 1775 2025; baseline 0.001 -21"><span class='ocrx_word' id='word_1_224' title='bbox 192 1965 385 2005; x_wconf 76' lang='lat' dir='ltr'><strong>versus</strong></span> <span class='ocrx_word' id='word_1_225' title='bbox 443 1949 865 2010; x_wconf 71' lang='lat' dir='ltr'><strong>Valeminianos</strong></span> <span class='ocrx_word' id='word_1_226' title='bbox 922 1955 979 2009; x_wconf 90' lang='lat' dir='ltr'><strong>in</strong></span> <span class='ocrx_word' id='word_1_227' title='bbox 1039 1953 1231 2025; x_wconf 89' lang='lat' dir='ltr'><strong>primis</strong></span> <span class='ocrx_word' id='word_1_228' title='bbox 1255 1961 1311 2009; x_wconf 91' lang='lat' dir='ltr'><strong>et</strong></span> <span class='ocrx_word' id='word_1_229' title='bbox 1351 1951 1642 2023; x_wconf 87' lang='lat' dir='ltr'><strong>Origenem</strong></span> <span class='ocrx_word' id='word_1_230' title='bbox 1660 1969 1680 2019; x_wconf 91' lang='lat'><strong>;-</strong></span> <span class='ocrx_word' id='word_1_231' title='bbox 1707 1950 1775 2005; x_wconf 92' lang='lat' dir='ltr'><strong>ad</strong></span> 
     </span>
    </p>
   </div>
   <div class='ocr_carea' id='block_1_34' title="bbox 190 2042 1774 2117">
    <p class='ocr_par' dir='ltr' id='par_1_34' title="bbox 190 2042 1774 2117">
     <span class='ocr_line' id='line_1_34' title="bbox 190 2042 1774 2117; baseline -0.004 -15"><span class='ocrx_word' id='word_1_232' title='bbox 190 2054 350 2117; x_wconf 79' lang='lat' dir='ltr'><strong>quem</strong></span> <span class='ocrx_word' id='word_1_233' title='bbox 376 2044 578 2101; x_wconf 87' lang='lat' dir='ltr'><strong>doctus</strong></span> <span class='ocrx_word' id='word_1_234' title='bbox 609 2044 789 2100; x_wconf 88' lang='lat' dir='ltr'><strong>editor</strong></span> <span class='ocrx_word' id='word_1_235' title='bbox 818 2045 923 2099; x_wconf 89' lang='lat' dir='ltr'><strong>ista</strong></span> <span class='ocrx_word' id='word_1_236' title='bbox 955 2045 1214 2114; x_wconf 66' lang='lat' dir='ltr'><strong>praefatur</strong></span> <span class='ocrx_word' id='word_1_237' title='bbox 1249 2043 1325 2115; x_wconf 80' lang='grc' dir='ltr'><strong>(υ)</strong></span> <span class='ocrx_word' id='word_1_238' title='bbox 1356 2061 1370 2098; x_wconf 91' lang='lat'><strong>:</strong></span> <span class='ocrx_word' id='word_1_239' title='bbox 1397 2063 1416 2095; x_wconf 74' lang='grc' dir='ltr'>ι</span> <span class='ocrx_word' id='word_1_240' title='bbox 1443 2042 1670 2106; x_wconf 89' lang='lat' dir='ltr'><strong>Damus,</strong></span> <span class='ocrx_word' id='word_1_241' title='bbox 1689 2044 1774 2096; x_wconf 89' lang='lat' dir='ltr'><strong>in-</strong></span> 
     </span>
    </p>
   </div>
   <div class='ocr_carea' id='block_1_35' title="bbox 190 2132 1774 2209">
    <p class='ocr_par' dir='ltr' id='par_1_35' title="bbox 190 2132 1774 2209">
     <span class='ocr_line' id='line_1_35' title="bbox 190 2132 1774 2209; baseline -0.006 -16"><span class='ocrx_word' id='word_1_242' title='bbox 190 2139 326 2209; x_wconf 79' lang='lat' dir='ltr'><strong>quit.</strong></span> <span class='ocrx_word' id='word_1_243' title='bbox 359 2137 468 2194; x_wconf 86' lang='lat' dir='ltr'><strong>hoc</strong></span> <span class='ocrx_word' id='word_1_244' title='bbox 499 2154 641 2205; x_wconf 88' lang='lat' dir='ltr'><strong>opus</strong></span> <span class='ocrx_word' id='word_1_245' title='bbox 670 2153 809 2207; x_wconf 89' lang='lat' dir='ltr'><strong>pene</strong></span> <span class='ocrx_word' id='word_1_246' title='bbox 848 2139 1140 2207; x_wconf 83' lang='lat' dir='ltr'><strong>integrum,</strong></span> <span class='ocrx_word' id='word_1_247' title='bbox 1176 2136 1358 2189; x_wconf 86' lang='lat' dir='ltr'><strong>tribus</strong></span> <span class='ocrx_word' id='word_1_248' title='bbox 1390 2149 1486 2190; x_wconf 84' lang='lat' dir='ltr'><strong>seu</strong></span> <span class='ocrx_word' id='word_1_249' title='bbox 1523 2132 1774 2206; x_wconf 83' lang='lat' dir='ltr'><strong>partibus</strong></span> 
     </span>
    </p>
   </div>
   <div class='ocr_carea' id='block_1_36' title="bbox 190 2227 1776 2300">
    <p class='ocr_par' dir='ltr' id='par_1_36' title="bbox 190 2227 1776 2300">
     <span class='ocr_line' id='line_1_36' title="bbox 190 2227 1776 2300; baseline -0.003 -14"><span class='ocrx_word' id='word_1_250' title='bbox 190 2246 286 2286; x_wconf 83' lang='lat' dir='ltr'><strong>seu</strong></span> <span class='ocrx_word' id='word_1_251' title='bbox 315 2232 599 2300; x_wconf 83' lang='lat' dir='ltr'><strong>excerptis</strong></span> <span class='ocrx_word' id='word_1_252' title='bbox 618 2239 965 2300; x_wconf 85' lang='lat' dir='ltr'><strong>congestum.</strong></span> <span class='ocrx_word' id='word_1_253' title='bbox 999 2227 1297 2283; x_wconf 87' lang='lat' dir='ltr'><strong>Exordium</strong></span> <span class='ocrx_word' id='word_1_254' title='bbox 1344 2228 1776 2296; x_wconf 86' lang='lat' dir='ltr'><strong>nonnullamque</strong></span> 
     </span>
    </p>
   </div>
   <div class='ocr_carea' id='block_1_37' title="bbox 188 2319 1772 2393">
    <p class='ocr_par' dir='ltr' id='par_1_37' title="bbox 188 2319 1772 2393">
     <span class='ocr_line' id='line_1_37' title="bbox 188 2319 1772 2393; baseline 0 -19"><span class='ocrx_word' id='word_1_255' title='bbox 188 2329 398 2391; x_wconf 75' lang='lat' dir='ltr'><strong>partem</strong></span> <span class='ocrx_word' id='word_1_256' title='bbox 431 2324 684 2393; x_wconf 88' lang='lat' dir='ltr'><strong>corporis</strong></span> <span class='ocrx_word' id='word_1_257' title='bbox 715 2321 962 2377; x_wconf 85' lang='lat' dir='ltr'><strong>ediderat</strong></span> <span class='ocrx_word' id='word_1_258' title='bbox 985 2320 1224 2376; x_wconf 81' lang='lat' dir='ltr'><strong>Joannes</strong></span> <span class='ocrx_word' id='word_1_259' title='bbox 1249 2319 1520 2375; x_wconf 68' lang='lat' dir='ltr'><strong>Meursius</strong></span> <span class='ocrx_word' id='word_1_260' title='bbox 1543 2319 1644 2389; x_wconf 66' lang='grc' dir='ltr'><strong>(ε),</strong></span> <span class='ocrx_word' id='word_1_261' title='bbox 1672 2332 1772 2374; x_wconf 81' lang='lat' dir='ltr'><strong>ceu</strong></span> 
     </span>
    </p>
   </div>
   <div class='ocr_carea' id='block_1_38' title="bbox 189 2409 1774 2485">
    <p class='ocr_par' dir='ltr' id='par_1_38' title="bbox 189 2409 1774 2485">
     <span class='ocr_line' id='line_1_38' title="bbox 189 2409 1774 2485; baseline -0.002 -17"><span class='ocrx_word' id='word_1_262' title='bbox 189 2413 389 2469; x_wconf 79' lang='lat' dir='ltr'><strong>librum</strong></span> <span class='ocrx_word' id='word_1_263' title='bbox 423 2416 725 2485; x_wconf 80' lang='lat' dir='ltr'><strong>integrum,</strong></span> <span class='ocrx_word' id='word_1_264' title='bbox 758 2429 828 2468; x_wconf 90' lang='lat' dir='ltr'><strong>ne</strong></span> <span class='ocrx_word' id='word_1_265' title='bbox 860 2414 1051 2468; x_wconf 83' lang='lat' dir='ltr'><strong>leviter</strong></span> <span class='ocrx_word' id='word_1_266' title='bbox 1107 2412 1328 2482; x_wconf 85' lang='lat' dir='ltr'><strong>quidem</strong></span> <span class='ocrx_word' id='word_1_267' title='bbox 1367 2411 1651 2467; x_wconf 73' lang='lat' dir='ltr'><strong>insinuata</strong></span> <span class='ocrx_word' id='word_1_268' title='bbox 1677 2409 1774 2465; x_wconf 83' lang='lat' dir='ltr'><strong>de-</strong></span> 
     </span>
    </p>
   </div>
   <div class='ocr_carea' id='block_1_39' title="bbox 188 2502 1774 2577">
    <p class='ocr_par' dir='ltr' id='par_1_39' title="bbox 188 2502 1774 2577">
     <span class='ocr_line' id='line_1_39' title="bbox 188 2502 1774 2577; baseline -0.003 -16"><span class='ocrx_word' id='word_1_269' title='bbox 188 2504 354 2572; x_wconf 73' lang='lat' dir='ltr'><strong>Iectu,</strong></span> <span class='ocrx_word' id='word_1_270' title='bbox 385 2521 556 2577; x_wconf 89' lang='lat' dir='ltr'><strong>quem</strong></span> <span class='ocrx_word' id='word_1_271' title='bbox 580 2507 777 2562; x_wconf 83' lang='lat' dir='ltr'><strong>titulus</strong></span> <span class='ocrx_word' id='word_1_272' title='bbox 806 2507 944 2561; x_wconf 85' lang='lat' dir='ltr'><strong>satis</strong></span> <span class='ocrx_word' id='word_1_273' title='bbox 969 2506 1254 2576; x_wconf 74' lang='lat' dir='ltr'><strong>arguebat.</strong></span> <span class='ocrx_word' id='word_1_274' title='bbox 1308 2502 1446 2558; x_wconf 84' lang='lat' dir='ltr'><strong>Nam</strong></span> <span class='ocrx_word' id='word_1_275' title='bbox 1475 2502 1615 2558; x_wconf 88' lang='lat' dir='ltr'><strong>nihil</strong></span> <span class='ocrx_word' id='word_1_276' title='bbox 1654 2510 1774 2559; x_wconf 88' lang='lat' dir='ltr'><strong>erat</strong></span> 
     </span>
    </p>
   </div>
   <div class='ocr_carea' id='block_1_40' title="bbox 188 2597 1774 2665">
    <p class='ocr_par' dir='ltr' id='par_1_40' title="bbox 188 2597 1774 2665">
     <span class='ocr_line' id='line_1_40' title="bbox 188 2597 1774 2665; baseline -0.003 -12"><span class='ocrx_word' id='word_1_277' title='bbox 188 2607 299 2654; x_wconf 82' lang='lat' dir='ltr'><strong>tota</strong></span> <span class='ocrx_word' id='word_1_278' title='bbox 338 2601 598 2656; x_wconf 89' lang='lat' dir='ltr'><strong>oratione</strong></span> <span class='ocrx_word' id='word_1_279' title='bbox 635 2599 704 2655; x_wconf 92' lang='lat' dir='ltr'><strong>de</strong></span> <span class='ocrx_word' id='word_1_280' title='bbox 736 2598 911 2653; x_wconf 89' lang='lat' dir='ltr'><strong>libero</strong></span> <span class='ocrx_word' id='word_1_281' title='bbox 957 2597 1209 2660; x_wconf 88' lang='lat' dir='ltr'><strong>arbitrio,</strong></span> <span class='ocrx_word' id='word_1_282' title='bbox 1241 2597 1403 2665; x_wconf 84' lang='lat' dir='ltr'><strong>cujus</strong></span> <span class='ocrx_word' id='word_1_283' title='bbox 1438 2597 1528 2652; x_wconf 92' lang='lat' dir='ltr'><strong>ille</strong></span> <span class='ocrx_word' id='word_1_284' title='bbox 1569 2605 1774 2654; x_wconf 88' lang='lat' dir='ltr'><strong>tracta-</strong></span> 
     </span>
    </p>
   </div>
   <div class='ocr_carea' id='block_1_41' title="bbox 190 2686 1772 2760">
    <p class='ocr_par' dir='ltr' id='par_1_41' title="bbox 190 2686 1772 2760">
     <span class='ocr_line' id='line_1_41' title="bbox 190 2686 1772 2760; baseline -0.004 -14"><span class='ocrx_word' id='word_1_285' title='bbox 190 2691 723 2751; x_wconf 73' lang='lat' dir='ltr'><strong>tione-indicabat.</strong></span> <span class='ocrx_word' id='word_1_286' title='bbox 752 2687 984 2760; x_wconf 84' lang='lat' dir='ltr'><strong>Reliqua</strong></span> <span class='ocrx_word' id='word_1_287' title='bbox 1023 2688 1482 2747; x_wconf 79' lang='lat' dir='ltr'><strong>mutuati.sumus</strong></span> <span class='ocrx_word' id='word_1_288' title='bbox 1521 2702 1589 2744; x_wconf 89' lang='lat' dir='ltr'><strong>ex</strong></span> <span class='ocrx_word' id='word_1_289' title='bbox 1626 2686 1772 2742; x_wconf 85' lang='lat' dir='ltr'><strong>Pho-</strong></span> 
     </span>
    </p>
   </div>
   <div class='ocr_carea' id='block_1_42' title="bbox 191 2773 1767 2853">
    <p class='ocr_par' dir='ltr' id='par_1_42' title="bbox 191 2773 1767 2853">
     <span class='ocr_line' id='line_1_42' title="bbox 191 2773 1767 2853; baseline -0.004 -18"><span class='ocrx_word' id='word_1_290' title='bbox 191 2773 350 2837; x_wconf 84' lang='lat' dir='ltr'><strong>tianis</strong></span> <span class='ocrx_word' id='word_1_291' title='bbox 381 2781 483 2853; x_wconf 62' lang='grc' dir='ltr'><strong>(ῃ).</strong></span> <span class='ocrx_word' id='word_1_292' title='bbox 517 2787 752 2851; x_wconf 89' lang='lat' dir='ltr'><strong>excepto</strong></span> <span class='ocrx_word' id='word_1_293' title='bbox 780 2779 998 2849; x_wconf 82' lang='lat' dir='ltr'><strong>egregio</strong></span> <span class='ocrx_word' id='word_1_294' title='bbox 1020 2778 1133 2842; x_wconf 89' lang='lat' dir='ltr'><strong>illo,</strong></span> <span class='ocrx_word' id='word_1_295' title='bbox 1166 2777 1234 2832; x_wconf 90' lang='lat' dir='ltr'><strong>ad</strong></span> <span class='ocrx_word' id='word_1_296' title='bbox 1261 2776 1445 2840; x_wconf 85' lang='lat' dir='ltr'><strong>linem,</strong></span> <span class='ocrx_word' id='word_1_297' title='bbox 1485 2783 1767 2846; x_wconf 82' lang='lat' dir='ltr'><strong>excerpta,</strong></span> 
     </span>
    </p>
   </div>
   <div class='ocr_carea' id='block_1_43' title="bbox 195 2865 1770 2943">
    <p class='ocr_par' dir='ltr' id='par_1_43' title="bbox 195 2865 1770 2943">
     <span class='ocr_line' id='line_1_43' title="bbox 195 2865 1770 2943; baseline -0.003 -19"><span class='ocrx_word' id='word_1_298' title='bbox 195 2871 258 2926; x_wconf 90' lang='lat' dir='ltr'><strong>de</strong></span> <span class='ocrx_word' id='word_1_299' title='bbox 278 2871 401 2943; x_wconf 88' lang='lat' dir='ltr'><strong>ipso</strong></span> <span class='ocrx_word' id='word_1_300' title='bbox 438 2885 639 2926; x_wconf 78' lang='lat' dir='ltr'><strong>revera</strong></span> <span class='ocrx_word' id='word_1_301' title='bbox 689 2870 863 2925; x_wconf 91' lang='lat' dir='ltr'><strong>libero</strong></span> <span class='ocrx_word' id='word_1_302' title='bbox 887 2869 1134 2934; x_wconf 89' lang='lat' dir='ltr'><strong>arbitrio,</strong></span> <span class='ocrx_word' id='word_1_303' title='bbox 1166 2869 1310 2938; x_wconf 89' lang='lat' dir='ltr'><strong>quod</strong></span> <span class='ocrx_word' id='word_1_304' title='bbox 1341 2867 1408 2921; x_wconf 74' lang='grc' dir='ltr'><strong>Β.</strong></span> <span class='ocrx_word' id='word_1_305' title='bbox 1437 2866 1501 2921; x_wconf 84' lang='grc' dir='ltr'><strong>Ρ.</strong></span> <span class='ocrx_word' id='word_1_306' title='bbox 1531 2865 1770 2922; x_wconf 65' lang='lat' dir='ltr'><strong>Iacobus</strong></span> 
     </span>
    </p>
   </div>
   <div class='ocr_carea' id='block_1_44' title="bbox 193 2959 1769 3024">
    <p class='ocr_par' dir='ltr' id='par_1_44' title="bbox 193 2959 1769 3024">
     <span class='ocr_line' id='line_1_44' title="bbox 193 2959 1769 3024; baseline -0.003 -7"><span class='ocrx_word' id='word_1_307' title='bbox 193 2961 518 3019; x_wconf 74' lang='lat' dir='ltr'><strong>Simondus</strong></span> <span class='ocrx_word' id='word_1_308' title='bbox 555 2965 613 3017; x_wconf 91' lang='lat' dir='ltr'><strong>S.</strong></span> <span class='ocrx_word' id='word_1_309' title='bbox 646 2961 695 3016; x_wconf 83' lang='lat' dir='ltr'><strong>J.</strong></span> <span class='ocrx_word' id='word_1_310' title='bbox 731 2963 1128 3017; x_wconf 83' lang='lat' dir='ltr'><strong>humanissime</strong></span> <span class='ocrx_word' id='word_1_311' title='bbox 1176 2960 1439 3017; x_wconf 89' lang='lat' dir='ltr'><strong>utendum</strong></span> <span class='ocrx_word' id='word_1_312' title='bbox 1469 2959 1640 3024; x_wconf 86' lang='lat' dir='ltr'><strong>dedit,</strong></span> <span class='ocrx_word' id='word_1_313' title='bbox 1671 2973 1769 3013; x_wconf 84' lang='lat' dir='ltr'><strong>cu-</strong></span> 
     </span>
    </p>
   </div>
   <div class='ocr_carea' id='block_1_45' title="bbox 1879 1859 3453 1938">
    <p class='ocr_par' dir='ltr' id='par_1_45' title="bbox 1879 1859 3453 1938">
     <span class='ocr_line' id='line_1_45' title="bbox 1879 1859 3453 1938; baseline 0.008 -28"><span class='ocrx_word' id='word_1_314' title='bbox 1879 1859 2187 1914; x_wconf 87' lang='lat' dir='ltr'><strong>currissent</strong></span> <span class='ocrx_word' id='word_1_315' title='bbox 2207 1861 2452 1928; x_wconf 87' lang='lat' dir='ltr'><strong>ejusdem</strong></span> <span class='ocrx_word' id='word_1_316' title='bbox 2497 1862 2776 1928; x_wconf 80' lang='lat' dir='ltr'><strong>Methodii,</strong></span> <span class='ocrx_word' id='word_1_317' title='bbox 2821 1865 2873 1918; x_wconf 86' lang='lat' dir='ltr'><strong>in</strong></span> <span class='ocrx_word' id='word_1_318' title='bbox 2915 1883 3084 1920; x_wconf 88' lang='lat' dir='ltr'><strong>unum</strong></span> <span class='ocrx_word' id='word_1_319' title='bbox 3144 1877 3453 1938; x_wconf 80' lang='lat' dir='ltr'><strong>comporta-</strong></span> 
     </span>
    </p>
   </div>
   <div class='ocr_carea' id='block_1_46' title="bbox 1876 1951 3453 2031">
    <p class='ocr_par' dir='ltr' id='par_1_46' title="bbox 1876 1951 3453 2031">
     <span class='ocr_line' id='line_1_46' title="bbox 1876 1951 3453 2031; baseline 0.008 -28"><span class='ocrx_word' id='word_1_320' title='bbox 1876 1964 2014 2014; x_wconf 88' lang='lat' dir='ltr'><strong>rem,</strong></span> <span class='ocrx_word' id='word_1_321' title='bbox 2044 1951 2478 2021; x_wconf 89' lang='lat' dir='ltr'><strong>nonnullamque</strong></span> <span class='ocrx_word' id='word_1_322' title='bbox 2508 1954 2562 2006; x_wconf 92' lang='lat' dir='ltr'><strong>in</strong></span> <span class='ocrx_word' id='word_1_323' title='bbox 2591 1957 2674 2010; x_wconf 89' lang='lat' dir='ltr'><strong>eis</strong></span> <span class='ocrx_word' id='word_1_324' title='bbox 2709 1959 3051 2026; x_wconf 80' lang='lat' dir='ltr'><strong>corrigendis</strong></span> <span class='ocrx_word' id='word_1_325' title='bbox 3085 1976 3204 2029; x_wconf 66' lang='lat' dir='ltr'><strong>quae</strong></span> <span class='ocrx_word' id='word_1_326' title='bbox 3259 1962 3453 2031; x_wconf 77' lang='lat' dir='ltr'><strong>depra-</strong></span> 
     </span>
    </p>
   </div>
   <div class='ocr_carea' id='block_1_47' title="bbox 1876 2038 3454 2116">
    <p class='ocr_par' dir='ltr' id='par_1_47' title="bbox 1876 2038 3454 2116">
     <span class='ocr_line' id='line_1_47' title="bbox 1876 2038 3454 2116; baseline 0.008 -26"><span class='ocrx_word' id='word_1_327' title='bbox 1876 2045 2001 2090; x_wconf 88' lang='lat' dir='ltr'><strong>vata</strong></span> <span class='ocrx_word' id='word_1_328' title='bbox 2033 2038 2326 2093; x_wconf 88' lang='lat' dir='ltr'><strong>admodum</strong></span> <span class='ocrx_word' id='word_1_329' title='bbox 2387 2038 2654 2105; x_wconf 84' lang='lat' dir='ltr'><strong>viderem,</strong></span> <span class='ocrx_word' id='word_1_330' title='bbox 2687 2058 2908 2112; x_wconf 88' lang='lat' dir='ltr'><strong>operam</strong></span> <span class='ocrx_word' id='word_1_331' title='bbox 2966 2062 3249 2116; x_wconf 82' lang='lat' dir='ltr'><strong>ponerem,</strong></span> <span class='ocrx_word' id='word_1_332' title='bbox 3288 2048 3454 2104; x_wconf 60' lang='grc' dir='ltr'><strong>ἰτὼ-εδ</strong></span> 
     </span>
    </p>
   </div>
   <div class='ocr_carea' id='block_1_48' title="bbox 1876 2131 3453 2211">
    <p class='ocr_par' dir='ltr' id='par_1_48' title="bbox 1876 2131 3453 2211">
     <span class='ocr_line' id='line_1_48' title="bbox 1876 2131 3453 2211; baseline 0.008 -29"><span class='ocrx_word' id='word_1_333' title='bbox 1876 2131 1954 2199; x_wconf 83' lang='lat' dir='ltr'><strong>git</strong></span> <span class='ocrx_word' id='word_1_334' title='bbox 1981 2137 2164 2186; x_wconf 86' lang='lat' dir='ltr'><strong>tamen</strong></span> <span class='ocrx_word' id='word_1_335' title='bbox 2188 2141 2442 2186; x_wconf 86' lang='lat' dir='ltr'><strong>conatum</strong></span> <span class='ocrx_word' id='word_1_336' title='bbox 2465 2132 2647 2202; x_wconf 86' lang='lat' dir='ltr'><strong>inopia</strong></span> <span class='ocrx_word' id='word_1_337' title='bbox 2665 2134 2952 2189; x_wconf 90' lang='lat' dir='ltr'><strong>meliorum</strong></span> <span class='ocrx_word' id='word_1_338' title='bbox 2981 2138 3255 2202; x_wconf 86' lang='lat' dir='ltr'><strong>codicum,</strong></span> <span class='ocrx_word' id='word_1_339' title='bbox 3289 2156 3453 2211; x_wconf 89' lang='lat' dir='ltr'><strong>quam</strong></span> 
     </span>
    </p>
   </div>
   <div class='ocr_carea' id='block_1_49' title="bbox 1875 2222 3455 2301">
    <p class='ocr_par' dir='ltr' id='par_1_49' title="bbox 1875 2222 3455 2301">
     <span class='ocr_line' id='line_1_49' title="bbox 1875 2222 3455 2301; baseline 0.008 -25"><span class='ocrx_word' id='word_1_340' title='bbox 1875 2222 2082 2292; x_wconf 87' lang='lat' dir='ltr'><strong>quibus</strong></span> <span class='ocrx_word' id='word_1_341' title='bbox 2119 2232 2268 2279; x_wconf 90' lang='lat' dir='ltr'><strong>esset</strong></span> <span class='ocrx_word' id='word_1_342' title='bbox 2300 2239 2435 2280; x_wconf 76' lang='lat' dir='ltr'><strong>usus</strong></span> <span class='ocrx_word' id='word_1_343' title='bbox 2463 2225 2824 2296; x_wconf 80' lang='lat' dir='ltr'><strong>politissimus</strong></span> <span class='ocrx_word' id='word_1_344' title='bbox 2867 2227 3140 2298; x_wconf 84' lang='lat' dir='ltr'><strong>interpres</strong></span> <span class='ocrx_word' id='word_1_345' title='bbox 3165 2231 3455 2301; x_wconf 87' lang='lat' dir='ltr'><strong>Epiphanii</strong></span> 
     </span>
    </p>
   </div>
   <div class='ocr_carea' id='block_1_50' title="bbox 1875 2307 3453 2388">
    <p class='ocr_par' dir='ltr' id='par_1_50' title="bbox 1875 2307 3453 2388">
     <span class='ocr_line' id='line_1_50' title="bbox 1875 2307 3453 2388; baseline 0.006 -18"><span class='ocrx_word' id='word_1_346' title='bbox 1875 2307 2134 2373; x_wconf 80' lang='lat' dir='ltr'><strong>Petavius</strong></span> <span class='ocrx_word' id='word_1_347' title='bbox 2154 2316 2212 2371; x_wconf 92' lang='lat' dir='ltr'><strong>S.</strong></span> <span class='ocrx_word' id='word_1_348' title='bbox 2237 2315 2314 2382; x_wconf 75' lang='grc'><strong>«1.,</strong></span> <span class='ocrx_word' id='word_1_349' title='bbox 2347 2333 2524 2388; x_wconf 91' lang='lat' dir='ltr'><strong>eoque</strong></span> <span class='ocrx_word' id='word_1_350' title='bbox 2545 2318 2682 2374; x_wconf 87' lang='lat' dir='ltr'><strong>satis</strong></span> <span class='ocrx_word' id='word_1_351' title='bbox 2708 2335 2738 2375; x_wconf 92' lang='lat' dir='ltr'><strong>e</strong></span> <span class='ocrx_word' id='word_1_352' title='bbox 2762 2335 2820 2375; x_wconf 91' lang='lat' dir='ltr'><strong>re</strong></span> <span class='ocrx_word' id='word_1_353' title='bbox 2847 2319 3117 2375; x_wconf 80' lang='lat' dir='ltr'><strong>facturum</strong></span> <span class='ocrx_word' id='word_1_354' title='bbox 3162 2322 3315 2387; x_wconf 89' lang='lat' dir='ltr'><strong>duxi,</strong></span> <span class='ocrx_word' id='word_1_355' title='bbox 3341 2341 3453 2380; x_wconf 87' lang='lat' dir='ltr'><strong>mo-</strong></span> 
     </span>
    </p>
   </div>
   <div class='ocr_carea' id='block_1_51' title="bbox 1875 2406 3451 2482">
    <p class='ocr_par' dir='ltr' id='par_1_51' title="bbox 1875 2406 3451 2482">
     <span class='ocr_line' id='line_1_51' title="bbox 1875 2406 3451 2482; baseline 0.002 -20"><span class='ocrx_word' id='word_1_356' title='bbox 1875 2406 1948 2462; x_wconf 90' lang='lat' dir='ltr'><strong>do</strong></span> <span class='ocrx_word' id='word_1_357' title='bbox 1980 2422 2043 2463; x_wconf 90' lang='lat' dir='ltr'><strong>ea</strong></span> <span class='ocrx_word' id='word_1_358' title='bbox 2079 2416 2292 2463; x_wconf 89' lang='lat' dir='ltr'><strong>tantum</strong></span> <span class='ocrx_word' id='word_1_359' title='bbox 2322 2423 2388 2464; x_wconf 89' lang='lat' dir='ltr'><strong>ex</strong></span> <span class='ocrx_word' id='word_1_360' title='bbox 2431 2406 2572 2462; x_wconf 89' lang='lat' dir='ltr'><strong>libro</strong></span> <span class='ocrx_word' id='word_1_361' title='bbox 2599 2407 2692 2463; x_wconf 91' lang='lat' dir='ltr'><strong>illo</strong></span> <span class='ocrx_word' id='word_1_362' title='bbox 2744 2407 2822 2463; x_wconf 83' lang='lat' dir='ltr'><strong>De</strong></span> <span class='ocrx_word' id='word_1_363' title='bbox 2857 2411 3261 2475; x_wconf 72' lang='lat' dir='ltr'><strong>resurrectione,</strong></span> <span class='ocrx_word' id='word_1_364' title='bbox 3288 2427 3451 2482; x_wconf 89' lang='lat' dir='ltr'><strong>quem</strong></span> 
     </span>
    </p>
   </div>
   <div class='ocr_carea' id='block_1_52' title="bbox 1876 2490 3541 2574">
    <p class='ocr_par' dir='ltr' id='par_1_52' title="bbox 1876 2490 3541 2574">
     <span class='ocr_line' id='line_1_52' title="bbox 1876 2490 3541 2574; baseline 0 -18"><span class='ocrx_word' id='word_1_365' title='bbox 1876 2501 2098 2556; x_wconf 87' lang='lat' dir='ltr'><strong>circiter</strong></span> <span class='ocrx_word' id='word_1_366' title='bbox 2122 2500 2361 2555; x_wconf 87' lang='lat' dir='ltr'><strong>medium</strong></span> <span class='ocrx_word' id='word_1_367' title='bbox 2399 2500 2764 2571; x_wconf 88' lang='lat' dir='ltr'><strong>exscripsisse</strong></span> <span class='ocrx_word' id='word_1_368' title='bbox 2785 2516 2844 2557; x_wconf 88' lang='lat' dir='ltr'><strong>se</strong></span> <span class='ocrx_word' id='word_1_369' title='bbox 2882 2502 3000 2572; x_wconf 89' lang='lat' dir='ltr'><strong>ipse</strong></span> <span class='ocrx_word' id='word_1_370' title='bbox 3031 2503 3302 2574; x_wconf 78' lang='lat' dir='ltr'><strong>signiﬁcat</strong></span> <span class='ocrx_word' id='word_1_371' title='bbox 3325 2503 3453 2574; x_wconf 76' lang='lat' dir='ltr'><strong>Epi-</strong></span> <span class='ocrx_word' id='word_1_372' title='bbox 3538 2490 3541 2494; x_wconf 67' lang='grc'><em>’</em></span> 
     </span>
    </p>
   </div>
   <div class='ocr_carea' id='block_1_53' title="bbox 1873 2591 3454 2665">
    <p class='ocr_par' dir='ltr' id='par_1_53' title="bbox 1873 2591 3454 2665">
     <span class='ocr_line' id='line_1_53' title="bbox 1873 2591 3454 2665; baseline 0.003 -18"><span class='ocrx_word' id='word_1_373' title='bbox 1873 2593 2112 2665; x_wconf 89' lang='lat' dir='ltr'><strong>phanius</strong></span> <span class='ocrx_word' id='word_1_374' title='bbox 2167 2591 2236 2647; x_wconf 88' lang='lat' dir='ltr'><strong>ad</strong></span> <span class='ocrx_word' id='word_1_375' title='bbox 2288 2591 2471 2656; x_wconf 87' lang='lat' dir='ltr'><strong>ﬁnem,</strong></span> <span class='ocrx_word' id='word_1_376' title='bbox 2508 2591 2577 2649; x_wconf 74' lang='lat' dir='ltr'><strong>de</strong></span> <span class='ocrx_word' id='word_1_377' title='bbox 2609 2607 2751 2647; x_wconf 78' lang='lat' dir='ltr'><strong>novo</strong></span> <span class='ocrx_word' id='word_1_378' title='bbox 2805 2594 3044 2657; x_wconf 90' lang='lat' dir='ltr'><strong>ederem,</strong></span> <span class='ocrx_word' id='word_1_379' title='bbox 3078 2612 3199 2665; x_wconf 75' lang='lat' dir='ltr'><strong>qnaa</strong></span> <span class='ocrx_word' id='word_1_380' title='bbox 3259 2599 3342 2651; x_wconf 80' lang='lat' dir='ltr'><strong>vel</strong></span> <span class='ocrx_word' id='word_1_381' title='bbox 3371 2611 3454 2652; x_wconf 80' lang='lat' dir='ltr'><strong>es-</strong></span> 
     </span>
    </p>
   </div>
   <div class='ocr_carea' id='block_1_54' title="bbox 1874 2681 3455 2750">
    <p class='ocr_par' dir='ltr' id='par_1_54' title="bbox 1874 2681 3455 2750">
     <span class='ocr_line' id='line_1_54' title="bbox 1874 2681 3455 2750; baseline 0.003 -12"><span class='ocrx_word' id='word_1_382' title='bbox 1874 2692 1997 2738; x_wconf 84' lang='lat' dir='ltr'><strong>sent</strong></span> <span class='ocrx_word' id='word_1_383' title='bbox 2027 2697 2169 2737; x_wconf 89' lang='lat' dir='ltr'><strong>nova</strong></span> <span class='ocrx_word' id='word_1_384' title='bbox 2205 2690 2260 2738; x_wconf 90' lang='lat' dir='ltr'><strong>et</strong></span> <span class='ocrx_word' id='word_1_385' title='bbox 2307 2681 2592 2745; x_wconf 67' lang='grc' dir='ltr'><strong>ἀνέκδοτα,</strong></span> <span class='ocrx_word' id='word_1_386' title='bbox 2620 2683 2707 2736; x_wconf 92' lang='lat' dir='ltr'><strong>vel</strong></span> <span class='ocrx_word' id='word_1_387' title='bbox 2766 2690 2827 2736; x_wconf 92' lang='lat' dir='ltr'><strong>ut</strong></span> <span class='ocrx_word' id='word_1_388' title='bbox 2866 2699 3032 2750; x_wconf 86' lang='lat' dir='ltr'><strong>nova,</strong></span> <span class='ocrx_word' id='word_1_389' title='bbox 3070 2687 3455 2742; x_wconf 76' lang='lat' dir='ltr'><strong>emendatione</strong></span> 
     </span>
    </p>
   </div>
   <div class='ocr_carea' id='block_1_55' title="bbox 1872 2771 3453 2846">
    <p class='ocr_par' dir='ltr' id='par_1_55' title="bbox 1872 2771 3453 2846">
     <span class='ocr_line' id='line_1_55' title="bbox 1872 2771 3453 2846; baseline 0 -18"><span class='ocrx_word' id='word_1_390' title='bbox 1872 2779 2057 2828; x_wconf 85' lang='lat' dir='ltr'><strong>textus</strong></span> <span class='ocrx_word' id='word_1_391' title='bbox 2086 2786 2190 2841; x_wconf 91' lang='lat' dir='ltr'><strong>ope</strong></span> <span class='ocrx_word' id='word_1_392' title='bbox 2220 2771 2475 2826; x_wconf 76' lang='lat' dir='ltr'><strong>codicum</strong></span> <span class='ocrx_word' id='word_1_393' title='bbox 2526 2771 2838 2836; x_wconf 87' lang='lat' dir='ltr'><strong>meliorum,</strong></span> <span class='ocrx_word' id='word_1_394' title='bbox 2892 2787 3143 2843; x_wconf 84' lang='lat' dir='ltr'><strong>novaque</strong></span> <span class='ocrx_word' id='word_1_395' title='bbox 3184 2777 3453 2846; x_wconf 75' lang='lat' dir='ltr'><strong>quodam-</strong></span> 
     </span>
    </p>
   </div>
   <div class='ocr_carea' id='block_1_56' title="bbox 1871 2859 3451 2931">
    <p class='ocr_par' dir='ltr' id='par_1_56' title="bbox 1871 2859 3451 2931">
     <span class='ocr_line' id='line_1_56' title="bbox 1871 2859 3451 2931; baseline 0.001 -15"><span class='ocrx_word' id='word_1_396' title='bbox 1871 2863 2058 2924; x_wconf 90' lang='lat' dir='ltr'><strong>modo,</strong></span> <span class='ocrx_word' id='word_1_397' title='bbox 2110 2860 2562 2930; x_wconf 84' lang='lat' dir='ltr'><strong>interpretatione</strong></span> <span class='ocrx_word' id='word_1_398' title='bbox 2584 2869 2798 2924; x_wconf 83' lang='lat' dir='ltr'><strong>nostra,</strong></span> <span class='ocrx_word' id='word_1_399' title='bbox 2833 2859 3008 2916; x_wconf 85' lang='lat' dir='ltr'><strong>videri</strong></span> <span class='ocrx_word' id='word_1_400' title='bbox 3051 2873 3296 2931; x_wconf 89' lang='lat' dir='ltr'><strong>possent.</strong></span> <span class='ocrx_word' id='word_1_401' title='bbox 3338 2864 3451 2919; x_wconf 78' lang='lat' dir='ltr'><strong>Du-</strong></span> 
     </span>
    </p>
   </div>
   <div class='ocr_carea' id='block_1_57' title="bbox 1870 2953 3449 3026">
    <p class='ocr_par' dir='ltr' id='par_1_57' title="bbox 1870 2953 3449 3026">
     <span class='ocr_line' id='line_1_57' title="bbox 1870 2953 3449 3026; baseline 0.004 -18"><span class='ocrx_word' id='word_1_402' title='bbox 1870 2955 2000 3026; x_wconf 86' lang='lat' dir='ltr'><strong>plici</strong></span> <span class='ocrx_word' id='word_1_403' title='bbox 2031 2953 2098 3008; x_wconf 90' lang='lat' dir='ltr'><strong>ad</strong></span> <span class='ocrx_word' id='word_1_404' title='bbox 2129 2953 2234 3010; x_wconf 88' lang='lat' dir='ltr'><strong>hoc</strong></span> <span class='ocrx_word' id='word_1_405' title='bbox 2260 2953 2449 3010; x_wconf 81' lang='lat' dir='ltr'><strong>codice</strong></span> <span class='ocrx_word' id='word_1_406' title='bbox 2465 2954 2551 3008; x_wconf 85' lang='lat' dir='ltr'><strong>usi</strong></span> <span class='ocrx_word' id='word_1_407' title='bbox 2581 2969 2796 3020; x_wconf 82' lang='lat' dir='ltr'><strong>sumus,</strong></span> <span class='ocrx_word' id='word_1_408' title='bbox 2825 2954 2998 3010; x_wconf 89' lang='lat' dir='ltr'><strong>altero</strong></span> <span class='ocrx_word' id='word_1_409' title='bbox 3029 2957 3449 3014; x_wconf 84' lang='lat' dir='ltr'><strong>eminentissimi</strong></span> 
     </span>
    </p>
   </div>
   <div class='ocr_carea' id='block_1_58' title="bbox 193 3045 3452 3141">
    <p class='ocr_par' dir='ltr' id='par_1_58' title="bbox 193 3045 3452 3141">
     <span class='ocr_line' id='line_1_58' title="bbox 193 3045 3452 3141; baseline -0.001 -33"><span class='ocrx_word' id='word_1_410' title='bbox 193 3054 275 3124; x_wconf 81' lang='lat' dir='ltr'><strong>ius</strong></span> <span class='ocrx_word' id='word_1_411' title='bbox 317 3055 486 3110; x_wconf 90' lang='lat' dir='ltr'><strong>etiam</strong></span> <span class='ocrx_word' id='word_1_412' title='bbox 539 3051 770 3108; x_wconf 83' lang='lat' dir='ltr'><strong>Photius</strong></span> <span class='ocrx_word' id='word_1_413' title='bbox 825 3053 1058 3123; x_wconf 89' lang='lat' dir='ltr'><strong>paucula</strong></span> <span class='ocrx_word' id='word_1_414' title='bbox 1102 3052 1493 3126; x_wconf 71' lang='lat' dir='ltr'><strong>exscripserat,</strong></span> <span class='ocrx_word' id='word_1_415' title='bbox 1554 3060 1609 3104; x_wconf 90' lang='lat' dir='ltr'><strong>et</strong></span> <span class='ocrx_word' id='word_1_416' title='bbox 1657 3064 1768 3118; x_wconf 86' lang='lat' dir='ltr'><strong>quo</strong></span> <span class='ocrx_word' id='word_1_417' title='bbox 1795 3085 1838 3141; x_wconf 63' lang='grc' dir='ltr'>ο</span> <span class='ocrx_word' id='word_1_418' title='bbox 1873 3047 2173 3102; x_wconf 89' lang='lat' dir='ltr'><strong>cardinalis</strong></span> <span class='ocrx_word' id='word_1_419' title='bbox 2227 3045 2619 3117; x_wconf 82' lang='lat' dir='ltr'><strong>Rupifucaldii,</strong></span> <span class='ocrx_word' id='word_1_420' title='bbox 2659 3062 2768 3117; x_wconf 89' lang='lat' dir='ltr'><strong>quo</strong></span> <span class='ocrx_word' id='word_1_421' title='bbox 2827 3047 3019 3118; x_wconf 78' lang='lat' dir='ltr'><strong>grandi</strong></span> <span class='ocrx_word' id='word_1_422' title='bbox 3053 3049 3330 3104; x_wconf 88' lang='lat' dir='ltr'><strong>volumine</strong></span> <span class='ocrx_word' id='word_1_423' title='bbox 3384 3066 3452 3106; x_wconf 89' lang='lat' dir='ltr'><strong>ac</strong></span> 
     </span>
    </p>
   </div>
   <div class='ocr_carea' id='block_1_59' title="bbox 193 3140 1766 3207">
    <p class='ocr_par' dir='ltr' id='par_1_59' title="bbox 193 3140 1766 3207">
     <span class='ocr_line' id='line_1_59' title="bbox 193 3140 1766 3207; baseline -0.002 -11"><span class='ocrx_word' id='word_1_424' title='bbox 193 3143 399 3198; x_wconf 77' lang='lat' dir='ltr'><strong>videtur</strong></span> <span class='ocrx_word' id='word_1_425' title='bbox 451 3140 764 3197; x_wconf 69' lang='lat' dir='ltr'><strong>Hethodius</strong></span> <span class='ocrx_word' id='word_1_426' title='bbox 816 3141 1084 3196; x_wconf 87' lang='lat' dir='ltr'><strong>clausisse</strong></span> <span class='ocrx_word' id='word_1_427' title='bbox 1138 3141 1338 3196; x_wconf 89' lang='lat' dir='ltr'><strong>librum</strong></span> <span class='ocrx_word' id='word_1_428' title='bbox 1394 3141 1600 3207; x_wconf 86' lang='lat' dir='ltr'><strong>istum;</strong></span> <span class='ocrx_word' id='word_1_429' title='bbox 1657 3141 1766 3194; x_wconf 89' lang='lat' dir='ltr'><strong>nisi</strong></span> 
     </span>
    </p>
   </div>
   <div class='ocr_carea' id='block_1_60' title="bbox 194 3231 1766 3304">
    <p class='ocr_par' dir='ltr' id='par_1_60' title="bbox 194 3231 1766 3304">
     <span class='ocr_line' id='line_1_60' title="bbox 194 3231 1766 3304; baseline 0.002 -19"><span class='ocrx_word' id='word_1_430' title='bbox 194 3232 323 3288; x_wconf 77' lang='lat' dir='ltr'><strong>forte</strong></span> <span class='ocrx_word' id='word_1_431' title='bbox 377 3233 660 3303; x_wconf 86' lang='lat' dir='ltr'><strong>aliquibus</strong></span> <span class='ocrx_word' id='word_1_432' title='bbox 686 3233 886 3288; x_wconf 86' lang='lat' dir='ltr'><strong>additis</strong></span> <span class='ocrx_word' id='word_1_433' title='bbox 937 3235 1002 3288; x_wconf 90' lang='lat' dir='ltr'><strong>ad</strong></span> <span class='ocrx_word' id='word_1_434' title='bbox 1036 3244 1318 3297; x_wconf 91' lang='lat' dir='ltr'><strong>.ornatum,</strong></span> <span class='ocrx_word' id='word_1_435' title='bbox 1361 3249 1484 3304; x_wconf 76' lang='lat' dir='ltr'><strong>qua:</strong></span> <span class='ocrx_word' id='word_1_436' title='bbox 1514 3231 1766 3297; x_wconf 87' lang='lat' dir='ltr'><strong>Photius,</strong></span> 
     </span>
    </p>
   </div>
   <div class='ocr_carea' id='block_1_61' title="bbox 193 3323 1768 3388">
    <p class='ocr_par' dir='ltr' id='par_1_61' title="bbox 193 3323 1768 3388">
     <span class='ocr_line' id='line_1_61' title="bbox 193 3323 1768 3388; baseline 0.001 -12"><span class='ocrx_word' id='word_1_437' title='bbox 193 3325 288 3376; x_wconf 89' lang='lat' dir='ltr'><strong>soli</strong></span> <span class='ocrx_word' id='word_1_438' title='bbox 317 3323 591 3379; x_wconf 66' lang='lat' dir='ltr'><strong>doctrinas</strong></span> <span class='ocrx_word' id='word_1_439' title='bbox 637 3325 883 3388; x_wconf 89' lang='lat' dir='ltr'><strong>studens,</strong></span> <span class='ocrx_word' id='word_1_440' title='bbox 937 3341 1046 3380; x_wconf 89' lang='lat' dir='ltr'><strong>non</strong></span> <span class='ocrx_word' id='word_1_441' title='bbox 1097 3326 1446 3382; x_wconf 79' lang='lat' dir='ltr'><strong>delibaverit.</strong></span> <span class='ocrx_word' id='word_1_442' title='bbox 1494 3323 1768 3380; x_wconf 84' lang='lat' dir='ltr'><strong>Nonnulla</strong></span> 
     </span>
    </p>
   </div>
   <div class='ocr_carea' id='block_1_62' title="bbox 192 3412 1767 3486">
    <p class='ocr_par' dir='ltr' id='par_1_62' title="bbox 192 3412 1767 3486">
     <span class='ocr_line' id='line_1_62' title="bbox 192 3412 1767 3486; baseline 0.001 -15"><span class='ocrx_word' id='word_1_443' title='bbox 192 3412 533 3471; x_wconf 61' lang='lat' dir='ltr'><strong>oﬂeaderunt</strong></span> <span class='ocrx_word' id='word_1_444' title='bbox 563 3417 620 3470; x_wconf 79' lang='lat' dir='ltr'><strong>in</strong></span> <span class='ocrx_word' id='word_1_445' title='bbox 657 3417 953 3486; x_wconf 63' lang='lat' dir='ltr'><strong>interprete</strong></span> <span class='ocrx_word' id='word_1_446' title='bbox 1006 3416 1222 3484; x_wconf 86' lang='lat' dir='ltr'><strong>Photii;</strong></span> <span class='ocrx_word' id='word_1_447' title='bbox 1272 3426 1330 3472; x_wconf 89' lang='lat' dir='ltr'><strong>ut</strong></span> <span class='ocrx_word' id='word_1_448' title='bbox 1377 3419 1582 3473; x_wconf 81' lang='lat' dir='ltr'><strong>fuerint</strong></span> <span class='ocrx_word' id='word_1_449' title='bbox 1601 3418 1767 3472; x_wconf 86' lang='lat' dir='ltr'><strong>etiam</strong></span> 
     </span>
    </p>
   </div>
   <div class='ocr_carea' id='block_1_63' title="bbox 192 3506 1766 3579">
    <p class='ocr_par' dir='ltr' id='par_1_63' title="bbox 192 3506 1766 3579">
     <span class='ocr_line' id='line_1_63' title="bbox 192 3506 1766 3579; baseline 0.001 -17"><span class='ocrx_word' id='word_1_450' title='bbox 192 3506 310 3578; x_wconf 70' lang='lat' dir='ltr'><strong>ejus</strong></span> <span class='ocrx_word' id='word_1_451' title='bbox 355 3507 426 3563; x_wconf 89' lang='lat' dir='ltr'><strong>de</strong></span> <span class='ocrx_word' id='word_1_452' title='bbox 483 3508 701 3578; x_wconf 82' lang='lat' dir='ltr'><strong>integro</strong></span> <span class='ocrx_word' id='word_1_453' title='bbox 754 3508 1064 3575; x_wconf 88' lang='lat' dir='ltr'><strong>reddenda;</strong></span> <span class='ocrx_word' id='word_1_454' title='bbox 1114 3516 1171 3563; x_wconf 91' lang='lat' dir='ltr'><strong>et</strong></span> <span class='ocrx_word' id='word_1_455' title='bbox 1222 3525 1334 3579; x_wconf 91' lang='lat' dir='ltr'><strong>quo</strong></span> <span class='ocrx_word' id='word_1_456' title='bbox 1385 3510 1550 3564; x_wconf 90' lang='lat' dir='ltr'><strong>etiam</strong></span> <span class='ocrx_word' id='word_1_457' title='bbox 1574 3509 1766 3565; x_wconf 87' lang='lat' dir='ltr'><strong>eodem</strong></span> 
     </span>
    </p>
   </div>
   <div class='ocr_carea' id='block_1_64' title="bbox 192 3598 1766 3672">
    <p class='ocr_par' dir='ltr' id='par_1_64' title="bbox 192 3598 1766 3672">
     <span class='ocr_line' id='line_1_64' title="bbox 192 3598 1766 3672; baseline 0 -17"><span class='ocrx_word' id='word_1_458' title='bbox 192 3600 323 3672; x_wconf 76' lang='lat' dir='ltr'><strong>style</strong></span> <span class='ocrx_word' id='word_1_459' title='bbox 353 3600 678 3670; x_wconf 85' lang='lat' dir='ltr'><strong>interpretis</strong></span> <span class='ocrx_word' id='word_1_460' title='bbox 704 3598 1023 3654; x_wconf 89' lang='lat' dir='ltr'><strong>decurreret</strong></span> <span class='ocrx_word' id='word_1_461' title='bbox 1044 3607 1154 3653; x_wconf 91' lang='lat' dir='ltr'><strong>tota</strong></span> <span class='ocrx_word' id='word_1_462' title='bbox 1183 3601 1382 3656; x_wconf 87' lang='lat' dir='ltr'><strong>oratio.</strong></span> <span class='ocrx_word' id='word_1_463' title='bbox 1425 3619 1446 3652; x_wconf 72' lang='grc' dir='ltr'><strong>ι</strong></span> <span class='ocrx_word' id='word_1_464' title='bbox 1488 3598 1766 3655; x_wconf 78' lang='lat' dir='ltr'><strong>Hactenus</strong></span> 
     </span>
    </p>
   </div>
   <div class='ocr_carea' id='block_1_65' title="bbox 193 3691 1763 3763">
    <p class='ocr_par' dir='ltr' id='par_1_65' title="bbox 193 3691 1763 3763">
     <span class='ocr_line' id='line_1_65' title="bbox 193 3691 1763 3763; baseline -0.003 -13"><span class='ocrx_word' id='word_1_465' title='bbox 193 3693 297 3750; x_wconf 88' lang='lat' dir='ltr'><strong>ille.</strong></span> <span class='ocrx_word' id='word_1_466' title='bbox 328 3692 426 3749; x_wconf 79' lang='lat' dir='ltr'><strong>Est</strong></span> <span class='ocrx_word' id='word_1_467' title='bbox 450 3701 637 3749; x_wconf 90' lang='lat' dir='ltr'><strong>autem</strong></span> <span class='ocrx_word' id='word_1_468' title='bbox 663 3692 805 3748; x_wconf 89' lang='lat' dir='ltr'><strong>liber</strong></span> <span class='ocrx_word' id='word_1_469' title='bbox 833 3692 1150 3762; x_wconf 74' lang='lat' dir='ltr'><strong>huiusmodi</strong></span> <span class='ocrx_word' id='word_1_470' title='bbox 1176 3692 1243 3746; x_wconf 89' lang='lat' dir='ltr'><strong>ad</strong></span> <span class='ocrx_word' id='word_1_471' title='bbox 1301 3691 1534 3747; x_wconf 76' lang='lat' dir='ltr'><strong>formam</strong></span> <span class='ocrx_word' id='word_1_472' title='bbox 1561 3692 1763 3763; x_wconf 77' lang='lat' dir='ltr'><strong>dialogi</strong></span> 
     </span>
    </p>
   </div>
   <div class='ocr_carea' id='block_1_66' title="bbox 190 3783 1760 3858">
    <p class='ocr_par' dir='ltr' id='par_1_66' title="bbox 190 3783 1760 3858">
     <span class='ocr_line' id='line_1_66' title="bbox 190 3783 1760 3858; baseline -0.003 -16"><span class='ocrx_word' id='word_1_473' title='bbox 190 3788 537 3858; x_wconf 74' lang='lat' dir='ltr'><strong>conscriptus</strong></span> <span class='ocrx_word' id='word_1_474' title='bbox 585 3787 732 3842; x_wconf 84' lang='lat' dir='ltr'><strong>inter</strong></span> <span class='ocrx_word' id='word_1_475' title='bbox 779 3784 1223 3841; x_wconf 72' lang='lat' dir='ltr'><strong>Valentinianum</strong></span> <span class='ocrx_word' id='word_1_476' title='bbox 1254 3793 1310 3841; x_wconf 92' lang='lat' dir='ltr'><strong>et</strong></span> <span class='ocrx_word' id='word_1_477' title='bbox 1363 3783 1760 3848; x_wconf 83' lang='lat' dir='ltr'><strong>Orthodoxum,</strong></span> 
     </span>
    </p>
   </div>
   <div class='ocr_carea' id='block_1_67' title="bbox 189 3879 1764 3953">
    <p class='ocr_par' dir='ltr' id='par_1_67' title="bbox 189 3879 1764 3953">
     <span class='ocr_line' id='line_1_67' title="bbox 189 3879 1764 3953; baseline -0.003 -17"><span class='ocrx_word' id='word_1_478' title='bbox 189 3893 345 3953; x_wconf 81' lang='lat' dir='ltr'><strong>super</strong></span> <span class='ocrx_word' id='word_1_479' title='bbox 372 3880 731 3937; x_wconf 81' lang='lat' dir='ltr'><strong>vexatissima</strong></span> <span class='ocrx_word' id='word_1_480' title='bbox 761 3882 1065 3950; x_wconf 65' lang='lat' dir='ltr'><strong>quaestione</strong></span> <span class='ocrx_word' id='word_1_481' title='bbox 1096 3883 1159 3934; x_wconf 83' lang='lat' dir='ltr'><strong>de</strong></span> <span class='ocrx_word' id='word_1_482' title='bbox 1185 3880 1386 3950; x_wconf 80' lang='lat' dir='ltr'><strong>origine</strong></span> <span class='ocrx_word' id='word_1_483' title='bbox 1408 3880 1566 3933; x_wconf 86' lang='lat' dir='ltr'><strong>mali:</strong></span> <span class='ocrx_word' id='word_1_484' title='bbox 1598 3879 1764 3933; x_wconf 85' lang='lat' dir='ltr'><strong>adeo-</strong></span> 
     </span>
    </p>
   </div>
   <div class='ocr_carea' id='block_1_68' title="bbox 189 3971 1764 4046">
    <p class='ocr_par' dir='ltr' id='par_1_68' title="bbox 189 3971 1764 4046">
     <span class='ocr_line' id='line_1_68' title="bbox 189 3971 1764 4046; baseline -0.004 -16"><span class='ocrx_word' id='word_1_485' title='bbox 189 3989 313 4046; x_wconf 78' lang='lat' dir='ltr'><strong>que,</strong></span> <span class='ocrx_word' id='word_1_486' title='bbox 339 3988 454 4045; x_wconf 83' lang='lat' dir='ltr'><strong>quo</strong></span> <span class='ocrx_word' id='word_1_487' title='bbox 493 3973 703 4030; x_wconf 86' lang='lat' dir='ltr'><strong>clarius</strong></span> <span class='ocrx_word' id='word_1_488' title='bbox 747 3973 1016 4028; x_wconf 87' lang='lat' dir='ltr'><strong>orationis</strong></span> <span class='ocrx_word' id='word_1_489' title='bbox 1076 3981 1368 4029; x_wconf 80' lang='lat' dir='ltr'><strong>contextus</strong></span> <span class='ocrx_word' id='word_1_490' title='bbox 1401 3971 1677 4043; x_wconf 82' lang='lat' dir='ltr'><strong>procedat,</strong></span> <span class='ocrx_word' id='word_1_491' title='bbox 1708 3971 1764 4025; x_wconf 91' lang='lat' dir='ltr'><strong>in</strong></span> 
     </span>
    </p>
   </div>
   <div class='ocr_carea' id='block_1_69' title="bbox 186 4064 1759 4136">
    <p class='ocr_par' dir='ltr' id='par_1_69' title="bbox 186 4064 1759 4136">
     <span class='ocr_line' id='line_1_69' title="bbox 186 4064 1759 4136; baseline -0.003 -14"><span class='ocrx_word' id='word_1_492' title='bbox 186 4066 418 4122; x_wconf 81' lang='lat' dir='ltr'><strong>editione</strong></span> <span class='ocrx_word' id='word_1_493' title='bbox 445 4074 640 4121; x_wconf 80' lang='lat' dir='ltr'><strong>nostra</strong></span> <span class='ocrx_word' id='word_1_494' title='bbox 663 4080 928 4136; x_wconf 89' lang='lat' dir='ltr'><strong>personas</strong></span> <span class='ocrx_word' id='word_1_495' title='bbox 958 4065 1334 4134; x_wconf 85' lang='lat' dir='ltr'><strong>colloquentes</strong></span> <span class='ocrx_word' id='word_1_496' title='bbox 1353 4064 1711 4119; x_wconf 79' lang='lat' dir='ltr'><strong>distinximus</strong></span> <span class='ocrx_word' id='word_1_497' title='bbox 1745 4081 1759 4117; x_wconf 90' lang='lat'><strong>:</strong></span> 
     </span>
    </p>
   </div>
   <div class='ocr_carea' id='block_1_70' title="bbox 186 4155 1764 4227">
    <p class='ocr_par' dir='ltr' id='par_1_70' title="bbox 186 4155 1764 4227">
     <span class='ocr_line' id='line_1_70' title="bbox 186 4155 1764 4227; baseline -0.004 -14"><span class='ocrx_word' id='word_1_498' title='bbox 186 4155 494 4213; x_wconf 80' lang='lat' dir='ltr'><strong>Combeﬁsii</strong></span> <span class='ocrx_word' id='word_1_499' title='bbox 515 4159 952 4221; x_wconf 78' lang='lat' dir='ltr'><strong>observationes,</strong></span> <span class='ocrx_word' id='word_1_500' title='bbox 970 4173 1088 4227; x_wconf 74' lang='lat' dir='ltr'><strong>quae</strong></span> <span class='ocrx_word' id='word_1_501' title='bbox 1114 4157 1349 4226; x_wconf 90' lang='lat' dir='ltr'><strong>primum</strong></span> <span class='ocrx_word' id='word_1_502' title='bbox 1379 4156 1585 4225; x_wconf 86' lang='lat' dir='ltr'><strong>longea</strong></span> <span class='ocrx_word' id='word_1_503' title='bbox 1610 4161 1764 4209; x_wconf 87' lang='lat' dir='ltr'><strong>textu</strong></span> 
     </span>
    </p>
   </div>
   <div class='ocr_carea' id='block_1_71' title="bbox 186 4241 1763 4314">
    <p class='ocr_par' dir='ltr' id='par_1_71' title="bbox 186 4241 1763 4314">
     <span class='ocr_line' id='line_1_71' title="bbox 186 4241 1763 4314; baseline -0.001 -17"><span class='ocrx_word' id='word_1_504' title='bbox 186 4241 483 4306; x_wconf 84' lang='lat' dir='ltr'><strong>distabant,</strong></span> <span class='ocrx_word' id='word_1_505' title='bbox 517 4245 639 4298; x_wconf 90' lang='lat' dir='ltr'><strong>suis</strong></span> <span class='ocrx_word' id='word_1_506' title='bbox 693 4259 944 4314; x_wconf 86' lang='lat' dir='ltr'><strong>quasque</strong></span> <span class='ocrx_word' id='word_1_507' title='bbox 990 4244 1128 4299; x_wconf 90' lang='lat' dir='ltr'><strong>locis</strong></span> <span class='ocrx_word' id='word_1_508' title='bbox 1152 4245 1522 4307; x_wconf 84' lang='lat' dir='ltr'><strong>restituimus,</strong></span> <span class='ocrx_word' id='word_1_509' title='bbox 1551 4244 1763 4298; x_wconf 85' lang='lat' dir='ltr'><strong>notulis</strong></span> 
     </span>
    </p>
   </div>
   <div class='ocr_carea' id='block_1_72' title="bbox 185 4334 1752 4405">
    <p class='ocr_par' dir='ltr' id='par_1_72' title="bbox 185 4334 1752 4405">
     <span class='ocr_line' id='line_1_72' title="bbox 185 4334 1752 4405; baseline 0.001 -17"><span class='ocrx_word' id='word_1_510' title='bbox 185 4336 460 4390; x_wconf 88' lang='lat' dir='ltr'><strong>nonnullis</strong></span> <span class='ocrx_word' id='word_1_511' title='bbox 486 4334 692 4388; x_wconf 87' lang='lat' dir='ltr'><strong>alicubi</strong></span> <span class='ocrx_word' id='word_1_512' title='bbox 721 4335 1011 4404; x_wconf 87' lang='lat' dir='ltr'><strong>inspersis.</strong></span> <span class='ocrx_word' id='word_1_513' title='bbox 1049 4335 1204 4404; x_wconf 89' lang='lat' dir='ltr'><strong>Quod</strong></span> <span class='ocrx_word' id='word_1_514' title='bbox 1251 4336 1468 4405; x_wconf 89' lang='lat' dir='ltr'><strong>quidem</strong></span> <span class='ocrx_word' id='word_1_515' title='bbox 1503 4343 1557 4389; x_wconf 92' lang='lat' dir='ltr'><strong>et</strong></span> <span class='ocrx_word' id='word_1_516' title='bbox 1588 4335 1644 4388; x_wconf 93' lang='lat' dir='ltr'><strong>in</strong></span> <span class='ocrx_word' id='word_1_517' title='bbox 1672 4349 1752 4389; x_wconf 87' lang='lat' dir='ltr'><strong>re-</strong></span> 
     </span>
    </p>
   </div>
   <div class='ocr_carea' id='block_1_73' title="bbox 1873 3138 3451 3210">
    <p class='ocr_par' dir='ltr' id='par_1_73' title="bbox 1873 3138 3451 3210">
     <span class='ocr_line' id='line_1_73' title="bbox 1873 3138 3451 3210; baseline 0.003 -18"><span class='ocrx_word' id='word_1_518' title='bbox 1873 3140 2197 3210; x_wconf 84' lang='lat' dir='ltr'><strong>perantiquo</strong></span> <span class='ocrx_word' id='word_1_519' title='bbox 2229 3140 2498 3194; x_wconf 86' lang='lat' dir='ltr'><strong>habentur</strong></span> <span class='ocrx_word' id='word_1_520' title='bbox 2550 3138 2827 3193; x_wconf 78' lang='lat' dir='ltr'><strong>Etementa</strong></span> <span class='ocrx_word' id='word_1_521' title='bbox 2882 3138 3241 3207; x_wconf 85' lang='lat' dir='ltr'><strong>Damasceni;</strong></span> <span class='ocrx_word' id='word_1_522' title='bbox 3277 3143 3451 3196; x_wconf 87' lang='lat' dir='ltr'><strong>altero</strong></span> 
     </span>
    </p>
   </div>
   <div class='ocr_carea' id='block_1_74' title="bbox 1873 3227 3451 3303">
    <p class='ocr_par' dir='ltr' id='par_1_74' title="bbox 1873 3227 3451 3303">
     <span class='ocr_line' id='line_1_74' title="bbox 1873 3227 3451 3303; baseline 0.003 -18"><span class='ocrx_word' id='word_1_523' title='bbox 1873 3232 1938 3286; x_wconf 77' lang='lat' dir='ltr'><strong>It.</strong></span> <span class='ocrx_word' id='word_1_524' title='bbox 1973 3229 2036 3285; x_wconf 90' lang='lat' dir='ltr'><strong>P.</strong></span> <span class='ocrx_word' id='word_1_525' title='bbox 2074 3229 2353 3286; x_wconf 88' lang='lat' dir='ltr'><strong>Sirmondi</strong></span> <span class='ocrx_word' id='word_1_526' title='bbox 2407 3229 2464 3285; x_wconf 87' lang='lat' dir='ltr'><strong>S.</strong></span> <span class='ocrx_word' id='word_1_527' title='bbox 2491 3227 2540 3284; x_wconf 72' lang='grc' dir='ltr'><strong>Ι.</strong></span> <span class='ocrx_word' id='word_1_528' title='bbox 2576 3241 2629 3285; x_wconf 89' lang='lat' dir='ltr'><strong>et</strong></span> <span class='ocrx_word' id='word_1_529' title='bbox 2675 3231 2795 3301; x_wconf 90' lang='lat' dir='ltr'><strong>ipso</strong></span> <span class='ocrx_word' id='word_1_530' title='bbox 2844 3233 3089 3303; x_wconf 91' lang='lat' dir='ltr'><strong>antiquo,</strong></span> <span class='ocrx_word' id='word_1_531' title='bbox 3156 3235 3451 3290; x_wconf 86' lang='lat' dir='ltr'><strong>collectore</strong></span> 
     </span>
    </p>
   </div>
   <div class='ocr_carea' id='block_1_75' title="bbox 1872 3321 3450 3394">
    <p class='ocr_par' dir='ltr' id='par_1_75' title="bbox 1872 3321 3450 3394">
     <span class='ocr_line' id='line_1_75' title="bbox 1872 3321 3450 3394; baseline 0.004 -18"><span class='ocrx_word' id='word_1_532' title='bbox 1872 3338 2147 3394; x_wconf 82' lang='lat' dir='ltr'><strong>anonymo</strong></span> <span class='ocrx_word' id='word_1_533' title='bbox 2200 3322 2467 3377; x_wconf 87' lang='lat' dir='ltr'><strong>adversus</strong></span> <span class='ocrx_word' id='word_1_534' title='bbox 2514 3321 2908 3392; x_wconf 86' lang='lat' dir='ltr'><strong>Eutychianos,</strong></span> <span class='ocrx_word' id='word_1_535' title='bbox 2960 3339 3060 3380; x_wconf 87' lang='lat' dir='ltr'><strong>sua</strong></span> <span class='ocrx_word' id='word_1_536' title='bbox 3110 3325 3232 3394; x_wconf 88' lang='lat' dir='ltr'><strong>ipso</strong></span> <span class='ocrx_word' id='word_1_537' title='bbox 3283 3342 3450 3382; x_wconf 89' lang='lat' dir='ltr'><strong>manu</strong></span> 
     </span>
    </p>
   </div>
   <div class='ocr_carea' id='block_1_76' title="bbox 1868 3413 3448 3491">
    <p class='ocr_par' dir='ltr' id='par_1_76' title="bbox 1868 3413 3448 3491">
     <span class='ocr_line' id='line_1_76' title="bbox 1868 3413 3448 3491; baseline 0.001 -21"><span class='ocrx_word' id='word_1_538' title='bbox 1868 3415 2218 3471; x_wconf 87' lang='lat' dir='ltr'><strong>exscribente</strong></span> <span class='ocrx_word' id='word_1_539' title='bbox 2245 3413 2651 3482; x_wconf 80' lang='lat' dir='ltr'><strong>humaniusque</strong></span> <span class='ocrx_word' id='word_1_540' title='bbox 2681 3422 3025 3491; x_wconf 70' lang='lat' dir='ltr'><strong>suggerente,</strong></span> <span class='ocrx_word' id='word_1_541' title='bbox 3055 3430 3157 3488; x_wconf 88' lang='lat' dir='ltr'><strong>pro</strong></span> <span class='ocrx_word' id='word_1_542' title='bbox 3189 3430 3286 3470; x_wconf 84' lang='lat' dir='ltr'><strong>sua</strong></span> <span class='ocrx_word' id='word_1_543' title='bbox 3332 3418 3448 3485; x_wconf 88' lang='lat' dir='ltr'><strong>illa,</strong></span> 
     </span>
    </p>
   </div>
   <div class='ocr_carea' id='block_1_77' title="bbox 1869 3505 3448 3580">
    <p class='ocr_par' dir='ltr' id='par_1_77' title="bbox 1869 3505 3448 3580">
     <span class='ocr_line' id='line_1_77' title="bbox 1869 3505 3448 3580; baseline 0.003 -18"><span class='ocrx_word' id='word_1_544' title='bbox 1869 3507 2018 3562; x_wconf 90' lang='lat' dir='ltr'><strong>omni</strong></span> <span class='ocrx_word' id='word_1_545' title='bbox 2056 3506 2221 3562; x_wconf 91' lang='lat' dir='ltr'><strong>modo</strong></span> <span class='ocrx_word' id='word_1_546' title='bbox 2246 3505 2586 3560; x_wconf 66' lang='lat' dir='ltr'><strong>illustrandae</strong></span> <span class='ocrx_word' id='word_1_547' title='bbox 2617 3507 2962 3576; x_wconf 76' lang='lat' dir='ltr'><strong>antiquitatis</strong></span> <span class='ocrx_word' id='word_1_548' title='bbox 3014 3522 3116 3562; x_wconf 89' lang='lat' dir='ltr'><strong>suo</strong></span> <span class='ocrx_word' id='word_1_549' title='bbox 3157 3509 3448 3580; x_wconf 89' lang='lat' dir='ltr'><strong>alienoque</strong></span> 
     </span>
    </p>
   </div>
   <div class='ocr_carea' id='block_1_78' title="bbox 1866 3598 3446 3670">
    <p class='ocr_par' dir='ltr' id='par_1_78' title="bbox 1866 3598 3446 3670">
     <span class='ocr_line' id='line_1_78' title="bbox 1866 3598 3446 3670; baseline 0.004 -19"><span class='ocrx_word' id='word_1_550' title='bbox 1866 3599 2080 3654; x_wconf 89' lang='lat' dir='ltr'><strong>calamo</strong></span> <span class='ocrx_word' id='word_1_551' title='bbox 2109 3637 2127 3666; x_wconf 89' lang='lat'><strong>,</strong></span> <span class='ocrx_word' id='word_1_552' title='bbox 2173 3608 2365 3668; x_wconf 81' lang='lat' dir='ltr'><strong>vegeta</strong></span> <span class='ocrx_word' id='word_1_553' title='bbox 2424 3598 2480 3653; x_wconf 86' lang='lat' dir='ltr'><strong>in</strong></span> <span class='ocrx_word' id='word_1_554' title='bbox 2537 3598 2694 3654; x_wconf 89' lang='lat' dir='ltr'><strong>senili</strong></span> <span class='ocrx_word' id='word_1_555' title='bbox 2727 3613 2958 3668; x_wconf 89' lang='lat' dir='ltr'><strong>corpore</strong></span> <span class='ocrx_word' id='word_1_556' title='bbox 2993 3604 3382 3670; x_wconf 77' lang='lat' dir='ltr'><strong>propensione.</strong></span> <span class='ocrx_word' id='word_1_557' title='bbox 3421 3621 3446 3657; x_wconf 72' lang='grc' dir='ltr'>ι</span> 
     </span>
    </p>
   </div>
   <div class='ocr_carea' id='block_1_79' title="bbox 1865 3687 3450 3764">
    <p class='ocr_par' dir='ltr' id='par_1_79' title="bbox 1865 3687 3450 3764">
     <span class='ocr_line' id='line_1_79' title="bbox 1865 3687 3450 3764; baseline 0.004 -22"><span class='ocrx_word' id='word_1_558' title='bbox 1865 3687 2038 3744; x_wconf 86' lang='lat' dir='ltr'><strong>Porro</strong></span> <span class='ocrx_word' id='word_1_559' title='bbox 2084 3689 2229 3744; x_wconf 85' lang='lat' dir='ltr'><strong>idem</strong></span> <span class='ocrx_word' id='word_1_560' title='bbox 2259 3689 2458 3752; x_wconf 75' lang='lat' dir='ltr'><strong>editor,</strong></span> <span class='ocrx_word' id='word_1_561' title='bbox 2489 3688 2554 3744; x_wconf 91' lang='lat' dir='ltr'><strong>ad</strong></span> <span class='ocrx_word' id='word_1_562' title='bbox 2587 3698 2846 3760; x_wconf 88' lang='lat' dir='ltr'><strong>excerpta</strong></span> <span class='ocrx_word' id='word_1_563' title='bbox 2886 3689 3150 3746; x_wconf 82' lang='lat' dir='ltr'><strong>Photiana</strong></span> <span class='ocrx_word' id='word_1_564' title='bbox 3177 3695 3326 3764; x_wconf 92' lang='lat' dir='ltr'><strong>quod</strong></span> <span class='ocrx_word' id='word_1_565' title='bbox 3365 3703 3450 3749; x_wconf 89' lang='lat' dir='ltr'><strong>at-</strong></span> 
     </span>
    </p>
   </div>
   <div class='ocr_carea' id='block_1_80' title="bbox 1864 3780 3446 3852">
    <p class='ocr_par' dir='ltr' id='par_1_80' title="bbox 1864 3780 3446 3852">
     <span class='ocr_line' id='line_1_80' title="bbox 1864 3780 3446 3852; baseline 0.004 -17"><span class='ocrx_word' id='word_1_566' title='bbox 1864 3782 2025 3849; x_wconf 86' lang='lat' dir='ltr'><strong>tinet,</strong></span> <span class='ocrx_word' id='word_1_567' title='bbox 2091 3781 2208 3836; x_wconf 72' lang='lat' dir='ltr'><strong>haec</strong></span> <span class='ocrx_word' id='word_1_568' title='bbox 2261 3781 2445 3836; x_wconf 83' lang='lat' dir='ltr'><strong>subdit</strong></span> <span class='ocrx_word' id='word_1_569' title='bbox 2475 3781 2588 3852; x_wconf 75' lang='lat'><strong>(9):</strong></span> <span class='ocrx_word' id='word_1_570' title='bbox 2645 3801 2664 3834; x_wconf 84' lang='grc'><strong>‹</strong></span> <span class='ocrx_word' id='word_1_571' title='bbox 2719 3780 3016 3838; x_wconf 75' lang='lat' dir='ltr'><strong>Videamur</strong></span> <span class='ocrx_word' id='word_1_572' title='bbox 3070 3783 3212 3841; x_wconf 80' lang='lat' dir='ltr'><strong>forte</strong></span> <span class='ocrx_word' id='word_1_573' title='bbox 3261 3794 3446 3842; x_wconf 82' lang='lat' dir='ltr'><strong>actum</strong></span> 
     </span>
    </p>
   </div>
   <div class='ocr_carea' id='block_1_81' title="bbox 1865 3869 3446 3942">
    <p class='ocr_par' dir='ltr' id='par_1_81' title="bbox 1865 3869 3446 3942">
     <span class='ocr_line' id='line_1_81' title="bbox 1865 3869 3446 3942; baseline 0.004 -18"><span class='ocrx_word' id='word_1_574' title='bbox 1865 3885 2048 3942; x_wconf 85' lang='lat' dir='ltr'><strong>agere,</strong></span> <span class='ocrx_word' id='word_1_575' title='bbox 2072 3872 2165 3940; x_wconf 89' lang='lat' dir='ltr'><strong>qui</strong></span> <span class='ocrx_word' id='word_1_576' title='bbox 2192 3869 2540 3926; x_wconf 74' lang='lat' dir='ltr'><strong>Methodiana</strong></span> <span class='ocrx_word' id='word_1_577' title='bbox 2572 3870 2687 3925; x_wconf 61' lang='lat' dir='ltr'><strong>hac</strong></span> <span class='ocrx_word' id='word_1_578' title='bbox 2717 3870 2831 3940; x_wconf 82' lang='lat' dir='ltr'><strong>jam</strong></span> <span class='ocrx_word' id='word_1_579' title='bbox 2887 3873 3034 3937; x_wconf 88' lang='lat' dir='ltr'><strong>data,</strong></span> <span class='ocrx_word' id='word_1_580' title='bbox 3065 3873 3197 3929; x_wconf 88' lang='lat' dir='ltr'><strong>dare</strong></span> <span class='ocrx_word' id='word_1_581' title='bbox 3241 3877 3446 3930; x_wconf 89' lang='lat' dir='ltr'><strong>iterum</strong></span> 
     </span>
    </p>
   </div>
   <div class='ocr_carea' id='block_1_82' title="bbox 1863 3962 3445 4034">
    <p class='ocr_par' dir='ltr' id='par_1_82' title="bbox 1863 3962 3445 4034">
     <span class='ocr_line' id='line_1_82' title="bbox 1863 3962 3445 4034; baseline 0.007 -18"><span class='ocrx_word' id='word_1_582' title='bbox 1863 3977 2246 4034; x_wconf 86' lang='lat' dir='ltr'><strong>procuramus.</strong></span> <span class='ocrx_word' id='word_1_583' title='bbox 2307 3962 2496 4019; x_wconf 90' lang='lat' dir='ltr'><strong>Fuerit</strong></span> <span class='ocrx_word' id='word_1_584' title='bbox 2553 3967 2946 4032; x_wconf 90' lang='lat' dir='ltr'><strong>nihilominus,</strong></span> <span class='ocrx_word' id='word_1_585' title='bbox 2998 3977 3061 4023; x_wconf 84' lang='lat' dir='ltr'><strong>ut</strong></span> <span class='ocrx_word' id='word_1_586' title='bbox 3110 3973 3445 4029; x_wconf 87' lang='lat' dir='ltr'><strong>accuratiori</strong></span> 
     </span>
    </p>
   </div>
   <div class='ocr_carea' id='block_1_83' title="bbox 1863 4055 3440 4130">
    <p class='ocr_par' dir='ltr' id='par_1_83' title="bbox 1863 4055 3440 4130">
     <span class='ocr_line' id='line_1_83' title="bbox 1863 4055 3440 4130; baseline 0.006 -21"><span class='ocrx_word' id='word_1_587' title='bbox 1863 4056 2287 4125; x_wconf 38' lang='lat' dir='ltr'><strong>opera,.qualis</strong></span> <span class='ocrx_word' id='word_1_588' title='bbox 2319 4055 2433 4110; x_wconf 78' lang='lat' dir='ltr'><strong>fere</strong></span> <span class='ocrx_word' id='word_1_589' title='bbox 2471 4066 2556 4112; x_wconf 89' lang='lat' dir='ltr'><strong>est</strong></span> <span class='ocrx_word' id='word_1_590' title='bbox 2616 4060 2867 4128; x_wconf 78' lang='lat' dir='ltr'><strong>angustis</strong></span> <span class='ocrx_word' id='word_1_591' title='bbox 2924 4062 3172 4118; x_wconf 83' lang='lat' dir='ltr'><strong>terminis</strong></span> <span class='ocrx_word' id='word_1_592' title='bbox 3193 4063 3440 4130; x_wconf 87' lang='lat' dir='ltr'><strong>delinita,</strong></span> 
     </span>
    </p>
   </div>
   <div class='ocr_carea' id='block_1_84' title="bbox 1863 4148 3441 4219">
    <p class='ocr_par' dir='ltr' id='par_1_84' title="bbox 1863 4148 3441 4219">
     <span class='ocr_line' id='line_1_84' title="bbox 1863 4148 3441 4219; baseline 0.007 -18"><span class='ocrx_word' id='word_1_593' title='bbox 1863 4148 1988 4202; x_wconf 89' lang='lat' dir='ltr'><strong>novi</strong></span> <span class='ocrx_word' id='word_1_594' title='bbox 2012 4148 2216 4217; x_wconf 80' lang='lat' dir='ltr'><strong>aliquid</strong></span> <span class='ocrx_word' id='word_1_595' title='bbox 2249 4149 2574 4203; x_wconf 88' lang='lat' dir='ltr'><strong>illustrando</strong></span> <span class='ocrx_word' id='word_1_596' title='bbox 2624 4149 2899 4207; x_wconf 81' lang='lat' dir='ltr'><strong>Metliodio</strong></span> <span class='ocrx_word' id='word_1_597' title='bbox 2931 4162 3145 4219; x_wconf 83' lang='lat' dir='ltr'><strong>nostro,</strong></span> <span class='ocrx_word' id='word_1_598' title='bbox 3209 4157 3331 4212; x_wconf 89' lang='lat' dir='ltr'><strong>aliis</strong></span> <span class='ocrx_word' id='word_1_599' title='bbox 3357 4159 3441 4212; x_wconf 87' lang='lat' dir='ltr'><strong>vel</strong></span> 
     </span>
    </p>
   </div>
   <div class='ocr_carea' id='block_1_85' title="bbox 1861 4239 3440 4312">
    <p class='ocr_par' dir='ltr' id='par_1_85' title="bbox 1861 4239 3440 4312">
     <span class='ocr_line' id='line_1_85' title="bbox 1861 4239 3440 4312; baseline 0.009 -22"><span class='ocrx_word' id='word_1_600' title='bbox 1861 4239 2106 4308; x_wconf 82' lang='lat' dir='ltr'><strong>neglecta</strong></span> <span class='ocrx_word' id='word_1_601' title='bbox 2159 4240 2244 4294; x_wconf 92' lang='lat' dir='ltr'><strong>vel</strong></span> <span class='ocrx_word' id='word_1_602' title='bbox 2291 4241 2475 4294; x_wconf 89' lang='lat' dir='ltr'><strong>minus</strong></span> <span class='ocrx_word' id='word_1_603' title='bbox 2524 4252 2831 4312; x_wconf 85' lang='lat' dir='ltr'><strong>perspecta,</strong></span> <span class='ocrx_word' id='word_1_604' title='bbox 2887 4245 2995 4299; x_wconf 90' lang='lat' dir='ltr'><strong>alio</strong></span> <span class='ocrx_word' id='word_1_605' title='bbox 3051 4245 3440 4304; x_wconf 78' lang='lat' dir='ltr'><strong>festinantibus</strong></span> 
     </span>
    </p>
   </div>
   <div class='ocr_carea' id='block_1_86' title="bbox 1863 4328 3442 4408">
    <p class='ocr_par' dir='ltr' id='par_1_86' title="bbox 1863 4328 3442 4408">
     <span class='ocr_line' id='line_1_86' title="bbox 1863 4328 3442 4408; baseline 0.008 -28"><span class='ocrx_word' id='word_1_606' title='bbox 1863 4328 2239 4398; x_wconf 81' lang='lat' dir='ltr'><strong>grandiusque</strong></span> <span class='ocrx_word' id='word_1_607' title='bbox 2271 4331 2626 4387; x_wconf 86' lang='lat' dir='ltr'><strong>molientibus</strong></span> <span class='ocrx_word' id='word_1_608' title='bbox 2653 4348 2812 4403; x_wconf 88' lang='lat' dir='ltr'><strong>opus.</strong></span> <span class='ocrx_word' id='word_1_609' title='bbox 2849 4335 3216 4391; x_wconf 87' lang='lat' dir='ltr'><strong>inveniamus.</strong></span> <span class='ocrx_word' id='word_1_610' title='bbox 3252 4339 3442 4408; x_wconf 86' lang='lat' dir='ltr'><strong>Itaque</strong></span> 
     </span>
    </p>
   </div>
   <div class='ocr_carea' id='block_1_87' title="bbox 187 4422 3439 4495">
    <p class='ocr_par' dir='ltr' id='par_1_87' title="bbox 187 4422 3439 4495">
     <span class='ocr_line' id='line_1_87' title="bbox 187 4422 3439 4495; baseline 0.004 -17"><span class='ocrx_word' id='word_1_611' title='bbox 187 4425 343 4495; x_wconf 89' lang='lat' dir='ltr'><strong>liquis</strong></span> <span class='ocrx_word' id='word_1_612' title='bbox 359 4441 464 4480; x_wconf 89' lang='lat' dir='ltr'><strong>nos</strong></span> <span class='ocrx_word' id='word_1_613' title='bbox 492 4424 839 4494; x_wconf 64' lang='lat' dir='ltr'><strong>praestitisse,</strong></span> <span class='ocrx_word' id='word_1_614' title='bbox 876 4425 966 4480; x_wconf 91' lang='lat' dir='ltr'><strong>hic</strong></span> <span class='ocrx_word' id='word_1_615' title='bbox 995 4428 1164 4481; x_wconf 89' lang='lat' dir='ltr'><strong>semel</strong></span> <span class='ocrx_word' id='word_1_616' title='bbox 1190 4427 1466 4481; x_wconf 86' lang='lat' dir='ltr'><strong>indicasse</strong></span> <span class='ocrx_word' id='word_1_617' title='bbox 1504 4425 1754 4480; x_wconf 81' lang='lat' dir='ltr'><strong>sulliciat.</strong></span> <span class='ocrx_word' id='word_1_618' title='bbox 1791 4436 1834 4489; x_wconf 79' lang='grc' dir='ltr'><strong>ι)</strong></span> <span class='ocrx_word' id='word_1_619' title='bbox 1864 4435 2058 4473; x_wconf 75' lang='lat' dir='ltr'><strong>novam</strong></span> <span class='ocrx_word' id='word_1_620' title='bbox 2115 4423 2426 4478; x_wconf 74' lang='lat' dir='ltr'><strong>versionem</strong></span> <span class='ocrx_word' id='word_1_621' title='bbox 2479 4422 2631 4494; x_wconf 80' lang='lat' dir='ltr'><strong>(num</strong></span> <span class='ocrx_word' id='word_1_622' title='bbox 2658 4438 2778 4478; x_wconf 73' lang='lat' dir='ltr'><strong>eam</strong></span> <span class='ocrx_word' id='word_1_623' title='bbox 2815 4425 3086 4491; x_wconf 72' lang='grc' dir='ltr'><strong>ίηυῑίιθωι</strong></span> <span class='ocrx_word' id='word_1_624' title='bbox 3138 4427 3230 4482; x_wconf 71' lang='lat' dir='ltr'><strong>alii</strong></span> <span class='ocrx_word' id='word_1_625' title='bbox 3264 4444 3322 4483; x_wconf 72' lang='lat' dir='ltr'><strong>re</strong></span> <span class='ocrx_word' id='word_1_626' title='bbox 3351 4430 3439 4483; x_wconf 80' lang='lat' dir='ltr'><strong>in-</strong></span> 
     </span>
    </p>
   </div>
   <div class='ocr_carea' id='block_1_88' title="bbox 251 4515 1754 4587">
    <p class='ocr_par' dir='ltr' id='par_1_88' title="bbox 251 4515 1754 4587">
     <span class='ocr_line' id='line_1_88' title="bbox 251 4515 1754 4587; baseline 0.001 -19"><span class='ocrx_word' id='word_1_627' title='bbox 251 4515 314 4570; x_wconf 72' lang='grc' dir='ltr'><strong>ν.</strong></span> <span class='ocrx_word' id='word_1_628' title='bbox 340 4516 667 4587; x_wconf 87' lang='lat' dir='ltr'><strong>Sequuntur</strong></span> <span class='ocrx_word' id='word_1_629' title='bbox 694 4527 952 4586; x_wconf 83' lang='lat' dir='ltr'><strong>excerpta</strong></span> <span class='ocrx_word' id='word_1_630' title='bbox 979 4533 1046 4572; x_wconf 87' lang='lat' dir='ltr'><strong>ex</strong></span> <span class='ocrx_word' id='word_1_631' title='bbox 1085 4518 1227 4572; x_wconf 86' lang='lat' dir='ltr'><strong>libro</strong></span> <span class='ocrx_word' id='word_1_632' title='bbox 1264 4518 1340 4571; x_wconf 87' lang='lat' dir='ltr'><strong>De</strong></span> <span class='ocrx_word' id='word_1_633' title='bbox 1372 4517 1754 4571; x_wconf 77' lang='lat' dir='ltr'><strong>resurrectione</strong></span> 
     </span>
    </p>
   </div>
   <div class='ocr_carea' id='block_1_89' title="bbox 188 4608 1752 4680">
    <p class='ocr_par' dir='ltr' id='par_1_89' title="bbox 188 4608 1752 4680">
     <span class='ocr_line' id='line_1_89' title="bbox 188 4608 1752 4680; baseline -0.002 -17"><span class='ocrx_word' id='word_1_634' title='bbox 188 4616 367 4663; x_wconf 83' lang='lat' dir='ltr'><strong>contra</strong></span> <span class='ocrx_word' id='word_1_635' title='bbox 399 4608 714 4680; x_wconf 85' lang='lat' dir='ltr'><strong>Origenem,</strong></span> <span class='ocrx_word' id='word_1_636' title='bbox 752 4624 914 4679; x_wconf 90' lang='lat' dir='ltr'><strong>quem</strong></span> <span class='ocrx_word' id='word_1_637' title='bbox 955 4618 1184 4664; x_wconf 87' lang='lat' dir='ltr'><strong>sanctus</strong></span> <span class='ocrx_word' id='word_1_638' title='bbox 1227 4608 1590 4680; x_wconf 85' lang='lat' dir='ltr'><strong>Hieronymus</strong></span> <span class='ocrx_word' id='word_1_639' title='bbox 1626 4622 1752 4674; x_wconf 78' lang='lat' dir='ltr'><strong>opus</strong></span> 
     </span>
    </p>
   </div>
   <div class='ocr_carea' id='block_1_90' title="bbox 189 4697 1753 4772">
    <p class='ocr_par' dir='ltr' id='par_1_90' title="bbox 189 4697 1753 4772">
     <span class='ocr_line' id='line_1_90' title="bbox 189 4697 1753 4772; baseline 0.001 -20"><span class='ocrx_word' id='word_1_640' title='bbox 189 4702 439 4768; x_wconf 65' lang='lat' dir='ltr'><strong>«regiam</strong></span> <span class='ocrx_word' id='word_1_641' title='bbox 473 4698 732 4772; x_wconf 82' lang='lat' dir='ltr'><strong>appellat.</strong></span> <span class='ocrx_word' id='word_1_642' title='bbox 763 4697 1044 4755; x_wconf 85' lang='lat' dir='ltr'><strong>Laudatur</strong></span> <span class='ocrx_word' id='word_1_643' title='bbox 1068 4709 1122 4754; x_wconf 90' lang='lat' dir='ltr'><strong>et</strong></span> <span class='ocrx_word' id='word_1_644' title='bbox 1138 4701 1206 4755; x_wconf 85' lang='lat' dir='ltr'><strong>ab</strong></span> <span class='ocrx_word' id='word_1_645' title='bbox 1233 4700 1521 4755; x_wconf 87' lang='lat' dir='ltr'><strong>Eustathio</strong></span> <span class='ocrx_word' id='word_1_646' title='bbox 1568 4700 1753 4754; x_wconf 84' lang='lat' dir='ltr'><strong>Antio-</strong></span> 
     </span>
    </p>
   </div>
   <div class='ocr_carea' id='block_1_91' title="bbox 188 4789 1752 4862">
    <p class='ocr_par' dir='ltr' id='par_1_91' title="bbox 188 4789 1752 4862">
     <span class='ocr_line' id='line_1_91' title="bbox 188 4789 1752 4862; baseline -0.003 -17"><span class='ocrx_word' id='word_1_647' title='bbox 188 4790 351 4847; x_wconf 83' lang='lat' dir='ltr'><strong>cheno</strong></span> <span class='ocrx_word' id='word_1_648' title='bbox 393 4794 483 4847; x_wconf 89' lang='lat' dir='ltr'><strong>his</strong></span> <span class='ocrx_word' id='word_1_649' title='bbox 534 4792 713 4846; x_wconf 78' lang='lat' dir='ltr'><strong>verbis</strong></span> <span class='ocrx_word' id='word_1_650' title='bbox 738 4789 812 4861; x_wconf 69' lang='grc' dir='ltr'><strong>(ι)</strong></span> <span class='ocrx_word' id='word_1_651' title='bbox 845 4808 860 4845; x_wconf 92' lang='lat'><strong>:</strong></span> <span class='ocrx_word' id='word_1_652' title='bbox 911 4791 1173 4854; x_wconf 83' lang='grc' dir='ltr'><strong>Μεθόδιος</strong></span> <span class='ocrx_word' id='word_1_653' title='bbox 1205 4793 1233 4842; x_wconf 87' lang='grc' dir='ltr'>ὁ</span> <span class='ocrx_word' id='word_1_654' title='bbox 1260 4794 1360 4862; x_wconf 78' lang='grc' dir='ltr'><strong>τῆς</strong></span> <span class='ocrx_word' id='word_1_655' title='bbox 1405 4790 1564 4858; x_wconf 77' lang='grc' dir='ltr'><strong>ἁγίας</strong></span> <span class='ocrx_word' id='word_1_656' title='bbox 1604 4790 1752 4853; x_wconf 73' lang='grc' dir='ltr'><strong>ἄξιος</strong></span> 
     </span>
    </p>
   </div>
   <div class='ocr_carea' id='block_1_92' title="bbox 192 4879 1746 4954">
    <p class='ocr_par' dir='ltr' id='par_1_92' title="bbox 192 4879 1746 4954">
     <span class='ocr_line' id='line_1_92' title="bbox 192 4879 1746 4954; baseline -0.001 -18"><span class='ocrx_word' id='word_1_657' title='bbox 192 4884 416 4954; x_wconf 80' lang='grc' dir='ltr'><strong>μνήμης,</strong></span> <span class='ocrx_word' id='word_1_658' title='bbox 446 4884 685 4954; x_wconf 70' lang='grc' dir='ltr'>ἔγραψεν</span> <span class='ocrx_word' id='word_1_659' title='bbox 707 4879 1074 4952; x_wconf 79' lang='grc' dir='ltr'><strong>ἀποχρώντως</strong></span> <span class='ocrx_word' id='word_1_660' title='bbox 1098 4885 1180 4946; x_wconf 77' lang='grc' dir='ltr'><strong>εἰς</strong></span> <span class='ocrx_word' id='word_1_661' title='bbox 1204 4883 1322 4936; x_wconf 84' lang='grc' dir='ltr'><strong>τόδε</strong></span> <span class='ocrx_word' id='word_1_662' title='bbox 1360 4881 1420 4934; x_wconf 81' lang='grc' dir='ltr'>τὸ</span> <span class='ocrx_word' id='word_1_663' title='bbox 1445 4881 1706 4954; x_wconf 80' lang='grc' dir='ltr'><strong>θεώρημα</strong></span> <span class='ocrx_word' id='word_1_664' title='bbox 1731 4920 1746 4946; x_wconf 87' lang='grc'>,</span> 
     </span>
    </p>
   </div>
   <div class='ocr_carea' id='block_1_93' title="bbox 189 4973 1746 5044">
    <p class='ocr_par' dir='ltr' id='par_1_93' title="bbox 189 4973 1746 5044">
     <span class='ocr_line' id='line_1_93' title="bbox 189 4973 1746 5044; baseline -0.001 -16"><span class='ocrx_word' id='word_1_665' title='bbox 189 4990 238 5028; x_wconf 81' lang='grc' dir='ltr'><strong>ι.</strong></span> <span class='ocrx_word' id='word_1_666' title='bbox 260 4991 308 5028; x_wconf 84' lang='grc' dir='ltr'><strong>τ.</strong></span> <span class='ocrx_word' id='word_1_667' title='bbox 334 4975 384 5029; x_wconf 88' lang='grc' dir='ltr'><strong>λ.</strong></span> <span class='ocrx_word' id='word_1_668' title='bbox 416 4976 476 5030; x_wconf 84' lang='lat' dir='ltr'><strong>Id</strong></span> <span class='ocrx_word' id='word_1_669' title='bbox 500 4985 608 5039; x_wconf 89' lang='lat' dir='ltr'><strong>est,</strong></span> <span class='ocrx_word' id='word_1_670' title='bbox 648 4974 844 5027; x_wconf 81' lang='lat' dir='ltr'><strong>Allatio</strong></span> <span class='ocrx_word' id='word_1_671' title='bbox 863 4975 1155 5044; x_wconf 89' lang='lat' dir='ltr'><strong>interprete</strong></span> <span class='ocrx_word' id='word_1_672' title='bbox 1194 4993 1211 5025; x_wconf 78' lang='grc' dir='ltr'>ι</span> <span class='ocrx_word' id='word_1_673' title='bbox 1243 4994 1256 5027; x_wconf 88' lang='lat'><strong>:</strong></span> <span class='ocrx_word' id='word_1_674' title='bbox 1287 4973 1591 5028; x_wconf 80' lang='lat' dir='ltr'><strong>Methodius</strong></span> <span class='ocrx_word' id='word_1_675' title='bbox 1618 4989 1746 5028; x_wconf 89' lang='lat' dir='ltr'><strong>san-</strong></span> 
     </span>
    </p>
   </div>
   <div class='ocr_carea' id='block_1_94' title="bbox 189 5062 1744 5132">
    <p class='ocr_par' dir='ltr' id='par_1_94' title="bbox 189 5062 1744 5132">
     <span class='ocr_line' id='line_1_94' title="bbox 189 5062 1744 5132; baseline -0.001 -15"><span class='ocrx_word' id='word_1_676' title='bbox 189 5069 279 5117; x_wconf 69' lang='lat' dir='ltr'><strong>cta</strong></span> <span class='ocrx_word' id='word_1_677' title='bbox 313 5065 592 5119; x_wconf 70' lang='lat' dir='ltr'><strong>memoria:</strong></span> <span class='ocrx_word' id='word_1_678' title='bbox 628 5064 685 5118; x_wconf 87' lang='lat' dir='ltr'><strong>in</strong></span> <span class='ocrx_word' id='word_1_679' title='bbox 715 5062 847 5118; x_wconf 91' lang='lat' dir='ltr'><strong>illud</strong></span> <span class='ocrx_word' id='word_1_680' title='bbox 869 5065 1158 5132; x_wconf 69' lang='lat' dir='ltr'><strong>quaesitum</strong></span> <span class='ocrx_word' id='word_1_681' title='bbox 1192 5065 1328 5119; x_wconf 85' lang='lat' dir='ltr'><strong>satis</strong></span> <span class='ocrx_word' id='word_1_682' title='bbox 1359 5065 1576 5119; x_wconf 89' lang='lat' dir='ltr'><strong>abunde</strong></span> <span class='ocrx_word' id='word_1_683' title='bbox 1605 5065 1744 5118; x_wconf 89' lang='lat' dir='ltr'><strong>scri-</strong></span> 
     </span>
    </p>
   </div>
   <div class='ocr_carea' id='block_1_95' title="bbox 189 5141 1746 5227">
    <p class='ocr_par' dir='ltr' id='par_1_95' title="bbox 189 5141 1746 5227">
     <span class='ocr_line' id='line_1_95' title="bbox 189 5141 1746 5227; baseline -0.001 -17"><span class='ocrx_word' id='word_1_684' title='bbox 189 5155 306 5225; x_wconf 82' lang='lat' dir='ltr'><strong>psit,</strong></span> <span class='ocrx_word' id='word_1_685' title='bbox 343 5174 362 5207; x_wconf 76' lang='lat' dir='ltr'><strong>r</strong></span> <span class='ocrx_word' id='word_1_686' title='bbox 397 5163 507 5210; x_wconf 88' lang='lat' dir='ltr'><strong>etc.</strong></span> <span class='ocrx_word' id='word_1_687' title='bbox 542 5155 610 5210; x_wconf 64' lang='lat' dir='ltr'><strong>Et</strong></span> <span class='ocrx_word' id='word_1_688' title='bbox 638 5156 786 5212; x_wconf 92' lang='lat' dir='ltr'><strong>hunc</strong></span> <span class='ocrx_word' id='word_1_689' title='bbox 801 5141 1020 5227; x_wconf 81' lang='lat' dir='ltr'><strong>quooue</strong></span> <span class='ocrx_word' id='word_1_690' title='bbox 1056 5155 1255 5212; x_wconf 88' lang='lat' dir='ltr'><strong>librum</strong></span> <span class='ocrx_word' id='word_1_691' title='bbox 1282 5155 1352 5211; x_wconf 90' lang='lat' dir='ltr'><strong>ad</strong></span> <span class='ocrx_word' id='word_1_692' title='bbox 1377 5155 1609 5212; x_wconf 80' lang='lat' dir='ltr'><strong>formam</strong></span> <span class='ocrx_word' id='word_1_693' title='bbox 1636 5155 1746 5210; x_wconf 90' lang='lat' dir='ltr'><strong>dia-</strong></span> 
     </span>
    </p>
   </div>
   <div class='ocr_carea' id='block_1_96' title="bbox 272 5289 1418 5364">
    <p class='ocr_par' dir='ltr' id='par_1_96' title="bbox 272 5289 1418 5364">
     <span class='ocr_line' id='line_1_96' title="bbox 272 5289 1418 5364; baseline 0.001 -19"><span class='ocrx_word' id='word_1_694' title='bbox 272 5292 316 5364; x_wconf 73' lang='lat' dir='ltr'><strong>s)</strong></span> <span class='ocrx_word' id='word_1_695' title='bbox 337 5289 663 5364; x_wconf 60' lang='lat' dir='ltr'><strong>Combel’Jn</strong></span> <span class='ocrx_word' id='word_1_696' title='bbox 678 5298 809 5364; x_wconf 11' lang='lat' dir='ltr'><strong>gnat.</strong></span> <span class='ocrx_word' id='word_1_697' title='bbox 836 5291 900 5345; x_wconf 87' lang='lat' dir='ltr'><strong>ad</strong></span> <span class='ocrx_word' id='word_1_698' title='bbox 922 5289 1183 5364; x_wconf 73' lang='lat' dir='ltr'><strong>Method_.,</strong></span> <span class='ocrx_word' id='word_1_699' title='bbox 1209 5305 1265 5360; x_wconf 89' lang='lat' dir='ltr'><strong>p.</strong></span> <span class='ocrx_word' id='word_1_700' title='bbox 1293 5290 1418 5346; x_wconf 70' lang='grc'><strong>462.</strong></span> 
     </span>
    </p>
   </div>
   <div class='ocr_carea' id='block_1_97' title="bbox 249 5290 1269 5434">
    <p class='ocr_par' dir='ltr' id='par_1_97' title="bbox 249 5290 1269 5434">
     <span class='ocr_line' id='line_1_97' title="bbox 249 5290 1265 5434; baseline 0.003 -89"><span class='ocrx_word' id='word_1_701' title='bbox 249 5290 316 5434; x_wconf 46' lang='grc' dir='ltr'><strong>ἓν)</strong></span> <span class='ocrx_word' id='word_1_702' title='bbox 337 5290 585 5347; x_wconf 80' lang='lat' dir='ltr'><strong>Combel’.</strong></span> <span class='ocrx_word' id='word_1_703' title='bbox 605 5290 663 5346; x_wconf 90' lang='lat' dir='ltr'><strong>in</strong></span> <span class='ocrx_word' id='word_1_704' title='bbox 693 5298 809 5347; x_wconf 88' lang='lat' dir='ltr'><strong>not.</strong></span> <span class='ocrx_word' id='word_1_705' title='bbox 836 5291 900 5345; x_wconf 86' lang='lat' dir='ltr'><strong>ad</strong></span> <span class='ocrx_word' id='word_1_706' title='bbox 922 5290 1183 5354; x_wconf 76' lang='lat' dir='ltr'><strong>Method.,</strong></span> <span class='ocrx_word' id='word_1_707' title='bbox 1209 5305 1265 5360; x_wconf 91' lang='lat' dir='ltr'><strong>p.</strong></span> 
     </span>
     <span class='ocr_line' id='line_1_98' title="bbox 270 5359 1269 5434; baseline 0 -18"><span class='ocrx_word' id='word_1_708' title='bbox 270 5365 324 5434; x_wconf 8' lang='lat' dir='ltr'><strong>sy)</strong></span> <span class='ocrx_word' id='word_1_709' title='bbox 355 5361 566 5434; x_wconf 50' lang='lat' dir='ltr'><strong>hiems:</strong></span> <span class='ocrx_word' id='word_1_710' title='bbox 584 5363 649 5434; x_wconf 89' lang='lat' dir='ltr'><strong>i_n_</strong></span> <span class='ocrx_word' id='word_1_711' title='bbox 678 5359 890 5434; x_wconf 81' lang='lat' dir='ltr'><strong>Varior.</strong></span> <span class='ocrx_word' id='word_1_712' title='bbox 920 5363 1078 5416; x_wconf 82' lang='lat' dir='ltr'><strong>divin.</strong></span> <span class='ocrx_word' id='word_1_713' title='bbox 1111 5362 1269 5416; x_wconf 89' lang='lat' dir='ltr'><strong>libro.</strong></span> 
     </span>
    </p>
   </div>
   <div class='ocr_carea' id='block_1_98' title="bbox 248 5365 1111 5502">
    <p class='ocr_par' dir='ltr' id='par_1_98' title="bbox 248 5365 1111 5502">
     <span class='ocr_line' id='line_1_99' title="bbox 249 5365 1078 5434; baseline -0.001 -17"><span class='ocrx_word' id='word_1_714' title='bbox 249 5365 324 5434; x_wconf 68' lang='grc' dir='ltr'><strong>(κ)</strong></span> <span class='ocrx_word' id='word_1_715' title='bbox 357 5365 556 5417; x_wconf 70' lang='lat' dir='ltr'><strong>leurs.</strong></span> <span class='ocrx_word' id='word_1_716' title='bbox 584 5365 639 5416; x_wconf 87' lang='lat' dir='ltr'><strong>in</strong></span> <span class='ocrx_word' id='word_1_717' title='bbox 678 5365 890 5417; x_wconf 82' lang='lat' dir='ltr'><strong>Varior.</strong></span> <span class='ocrx_word' id='word_1_718' title='bbox 920 5365 1078 5416; x_wconf 82' lang='lat' dir='ltr'><strong>divin.</strong></span> 
     </span>
     <span class='ocr_line' id='line_1_100' title="bbox 248 5430 1111 5502; baseline -0.02 1"><span class='ocrx_word' id='word_1_719' title='bbox 248 5433 322 5502; x_wconf 72' lang='grc' dir='ltr'><strong>(Ξ)</strong></span> <span class='ocrx_word' id='word_1_720' title='bbox 351 5432 505 5502; x_wconf 60' lang='grc' dir='ltr'><strong>Πισι-</strong></span> <span class='ocrx_word' id='word_1_721' title='bbox 525 5430 667 5502; x_wconf 47' lang='lat' dir='ltr'><strong>Bibl;</strong></span> <span class='ocrx_word' id='word_1_722' title='bbox 701 5433 827 5488; x_wconf 85' lang='lat' dir='ltr'><strong>cod.</strong></span> <span class='ocrx_word' id='word_1_723' title='bbox 859 5447 1111 5486; x_wconf 80' lang='lat' dir='ltr'><strong>ccxxxvt.</strong></span> 
     </span>
    </p>
   </div>
   <div class='ocr_carea' id='block_1_99' title="bbox 252 5433 1226 5642">
    <p class='ocr_par' dir='ltr' id='par_1_99' title="bbox 252 5433 1226 5642">
     <span class='ocr_line' id='line_1_101' title="bbox 252 5433 1111 5502; baseline 0 -16"><span class='ocrx_word' id='word_1_724' title='bbox 252 5433 301 5502; x_wconf 70' lang='grc' dir='ltr'><strong>[ς</strong></span> <span class='ocrx_word' id='word_1_725' title='bbox 351 5433 505 5487; x_wconf 82' lang='lat' dir='ltr'><strong>Phot.</strong></span> <span class='ocrx_word' id='word_1_726' title='bbox 525 5433 667 5486; x_wconf 82' lang='lat' dir='ltr'><strong>Bibl.</strong></span> <span class='ocrx_word' id='word_1_727' title='bbox 701 5433 827 5488; x_wconf 88' lang='lat' dir='ltr'><strong>cod.</strong></span> <span class='ocrx_word' id='word_1_728' title='bbox 859 5447 1111 5486; x_wconf 82' lang='lat' dir='ltr'><strong>ccxxxvt.</strong></span> 
     </span>
     <span class='ocr_line' id='line_1_102' title="bbox 252 5433 1226 5642; baseline 0.004 -88"><span class='ocrx_word' id='word_1_729' title='bbox 252 5433 322 5642; x_wconf 46' lang='lat' dir='ltr'><strong>(si</strong></span> <span class='ocrx_word' id='word_1_730' title='bbox 350 5501 598 5557; x_wconf 76' lang='lat' dir='ltr'><strong>Eustatb.</strong></span> <span class='ocrx_word' id='word_1_731' title='bbox 625 5500 705 5556; x_wconf 72' lang='lat' dir='ltr'><strong>De</strong></span> <span class='ocrx_word' id='word_1_732' title='bbox 731 5513 988 5623; x_wconf 52' lang='lat' dir='ltr'><strong>ageam,</strong></span> <span class='ocrx_word' id='word_1_733' title='bbox 1019 5518 1072 5572; x_wconf 91' lang='lat' dir='ltr'><strong>p.</strong></span> <span class='ocrx_word' id='word_1_734' title='bbox 1103 5503 1226 5558; x_wconf 66' lang='lat'><strong>594.</strong></span> 
     </span>
     <span class='ocr_line' id='line_1_103' title="bbox 252 5571 1226 5642; baseline 0.007 -20"><span class='ocrx_word' id='word_1_735' title='bbox 252 5571 300 5642; x_wconf 73' lang='grc' dir='ltr'><strong>(ο</strong></span> <span class='ocrx_word' id='word_1_736' title='bbox 343 5571 576 5628; x_wconf 76' lang='lat' dir='ltr'><strong>Iethod.</strong></span> <span class='ocrx_word' id='word_1_737' title='bbox 605 5573 749 5642; x_wconf 89' lang='lat' dir='ltr'><strong>apud</strong></span> <span class='ocrx_word' id='word_1_738' title='bbox 817 5573 1133 5642; x_wconf 79' lang='lat' dir='ltr'><strong>pipb.,opp.</strong></span> <span class='ocrx_word' id='word_1_739' title='bbox 1159 5581 1226 5630; x_wconf 71' lang='lat' dir='ltr'><strong>to:</strong></span> 
     </span>
    </p>
   </div>
   <div class='ocr_carea' id='block_1_100' title="bbox 271 5571 1738 5645">
    <p class='ocr_par' dir='ltr' id='par_1_100' title="bbox 271 5571 1738 5645">
     <span class='ocr_line' id='line_1_104' title="bbox 271 5571 1738 5645; baseline 0.004 -23"><span class='ocrx_word' id='word_1_740' title='bbox 271 5571 322 5642; x_wconf 73' lang='grc' dir='ltr'><strong>ο)</strong></span> <span class='ocrx_word' id='word_1_741' title='bbox 343 5571 576 5628; x_wconf 76' lang='lat' dir='ltr'><strong>Iethod.</strong></span> <span class='ocrx_word' id='word_1_742' title='bbox 605 5573 749 5642; x_wconf 87' lang='lat' dir='ltr'><strong>apud</strong></span> <span class='ocrx_word' id='word_1_743' title='bbox 768 5571 1133 5644; x_wconf 80' lang='lat' dir='ltr'><strong>Epipb.,opp.</strong></span> <span class='ocrx_word' id='word_1_744' title='bbox 1159 5581 1291 5630; x_wconf 84' lang='lat' dir='ltr'><strong>tom.</strong></span> <span class='ocrx_word' id='word_1_745' title='bbox 1318 5572 1359 5639; x_wconf 96' lang='lat' dir='ltr'><strong>l,</strong></span> <span class='ocrx_word' id='word_1_746' title='bbox 1390 5589 1442 5645; x_wconf 91' lang='lat' dir='ltr'><strong>p.</strong></span> <span class='ocrx_word' id='word_1_747' title='bbox 1462 5571 1587 5636; x_wconf 76' lang='grc'><strong>540,</strong></span> <span class='ocrx_word' id='word_1_748' title='bbox 1613 5571 1738 5638; x_wconf 77' lang='lat'><strong>56&quot;,</strong></span> 
     </span>
    </p>
   </div>
   <div class='ocr_carea' id='block_1_101' title="bbox 252 5679 887 5778">
    <p class='ocr_par' dir='ltr' id='par_1_101' title="bbox 252 5679 887 5778">
     <span class='ocr_line' id='line_1_105' title="bbox 252 5679 887 5778; baseline -0.002 -11"><span class='ocrx_word' id='word_1_749' title='bbox 252 5679 321 5774; x_wconf 67' lang='grc' dir='ltr'><strong>ἷέ)</strong></span> <span class='ocrx_word' id='word_1_750' title='bbox 347 5709 534 5778; x_wconf 83' lang='lat' dir='ltr'><strong>Epiph.</strong></span> <span class='ocrx_word' id='word_1_751' title='bbox 561 5711 712 5769; x_wconf 68' lang='lat' dir='ltr'><strong>Her.</strong></span> <span class='ocrx_word' id='word_1_752' title='bbox 743 5726 887 5766; x_wconf 77' lang='lat' dir='ltr'><strong>inv.</strong></span> 
     </span>
    </p>
   </div>
   <div class='ocr_carea' id='block_1_102' title="bbox 1863 4514 3434 4590">
    <p class='ocr_par' dir='ltr' id='par_1_102' title="bbox 1863 4514 3434 4590">
     <span class='ocr_line' id='line_1_106' title="bbox 1863 4514 3434 4590; baseline 0.006 -26"><span class='ocrx_word' id='word_1_753' title='bbox 1863 4519 2049 4579; x_wconf 84' lang='lat' dir='ltr'><strong>specta</strong></span> <span class='ocrx_word' id='word_1_754' title='bbox 2106 4514 2427 4585; x_wconf 82' lang='lat' dir='ltr'><strong>collatisque</strong></span> <span class='ocrx_word' id='word_1_755' title='bbox 2471 4515 2727 4571; x_wconf 89' lang='lat' dir='ltr'><strong>omnibus</strong></span> <span class='ocrx_word' id='word_1_756' title='bbox 2759 4518 3100 4590; x_wconf 87' lang='lat' dir='ltr'><strong>censuerint)</strong></span> <span class='ocrx_word' id='word_1_757' title='bbox 3127 4519 3194 4573; x_wconf 89' lang='lat' dir='ltr'><strong>ad</strong></span> <span class='ocrx_word' id='word_1_758' title='bbox 3245 4521 3434 4575; x_wconf 69' lang='lat' dir='ltr'><strong>Graeca</strong></span> 
     </span>
    </p>
   </div>
   <div class='ocr_carea' id='block_1_103' title="bbox 1860 4593 3434 4681">
    <p class='ocr_par' dir='ltr' id='par_1_103' title="bbox 1860 4593 3434 4681">
     <span class='ocr_line' id='line_1_107' title="bbox 1860 4593 3434 4681; baseline 0.009 -24"><span class='ocrx_word' id='word_1_759' title='bbox 1860 4593 2275 4673; x_wconf 67' lang='lat' dir='ltr'><strong>componemus,</strong></span> <span class='ocrx_word' id='word_1_760' title='bbox 2336 4607 2673 4677; x_wconf 90' lang='lat' dir='ltr'><strong>subindeque</strong></span> <span class='ocrx_word' id='word_1_761' title='bbox 2727 4609 3060 4674; x_wconf 81' lang='lat' dir='ltr'><strong>notabimus,</strong></span> <span class='ocrx_word' id='word_1_762' title='bbox 3087 4612 3132 4665; x_wconf 93' lang='lat' dir='ltr'><strong>si</strong></span> <span class='ocrx_word' id='word_1_763' title='bbox 3190 4613 3320 4681; x_wconf 91' lang='lat' dir='ltr'><strong>quid</strong></span> <span class='ocrx_word' id='word_1_764' title='bbox 3369 4629 3434 4672; x_wconf 76' lang='lat' dir='ltr'><strong>ex</strong></span> 
     </span>
    </p>
   </div>
   <div class='ocr_carea' id='block_1_104' title="bbox 1860 4696 3434 4772">
    <p class='ocr_par' dir='ltr' id='par_1_104' title="bbox 1860 4696 3434 4772">
     <span class='ocr_line' id='line_1_108' title="bbox 1860 4696 3434 4772; baseline 0.008 -25"><span class='ocrx_word' id='word_1_765' title='bbox 1860 4696 2004 4758; x_wconf 82' lang='lat' dir='ltr'><strong>aliis,</strong></span> <span class='ocrx_word' id='word_1_766' title='bbox 2033 4698 2338 4766; x_wconf 73' lang='lat' dir='ltr'><strong>pmsertim</strong></span> <span class='ocrx_word' id='word_1_767' title='bbox 2368 4699 2907 4766; x_wconf 79' lang='lat' dir='ltr'><strong>Methodianis,lucis</strong></span> <span class='ocrx_word' id='word_1_768' title='bbox 2933 4703 3139 4772; x_wconf 90' lang='lat' dir='ltr'><strong>aliquid</strong></span> <span class='ocrx_word' id='word_1_769' title='bbox 3166 4719 3233 4758; x_wconf 82' lang='lat' dir='ltr'><strong>ex</strong></span> <span class='ocrx_word' id='word_1_770' title='bbox 3263 4705 3434 4759; x_wconf 81' lang='lat' dir='ltr'><strong>colla-</strong></span> 
     </span>
    </p>
   </div>
   <div class='ocr_carea' id='block_1_105' title="bbox 1857 4786 3437 4864">
    <p class='ocr_par' dir='ltr' id='par_1_105' title="bbox 1857 4786 3437 4864">
     <span class='ocr_line' id='line_1_109' title="bbox 1857 4786 3437 4864; baseline 0.009 -27"><span class='ocrx_word' id='word_1_771' title='bbox 1857 4786 2008 4841; x_wconf 91' lang='lat' dir='ltr'><strong>tione</strong></span> <span class='ocrx_word' id='word_1_772' title='bbox 2041 4786 2232 4843; x_wconf 81' lang='lat' dir='ltr'><strong>aﬁ&#39;erre</strong></span> <span class='ocrx_word' id='word_1_773' title='bbox 2254 4789 2444 4857; x_wconf 90' lang='lat' dir='ltr'><strong>possit.</strong></span> <span class='ocrx_word' id='word_1_774' title='bbox 2481 4789 2754 4847; x_wconf 85' lang='lat' dir='ltr'><strong>Habemus</strong></span> <span class='ocrx_word' id='word_1_775' title='bbox 2780 4795 3261 4864; x_wconf 63' lang='lat' dir='ltr'><strong>prseterimpressa</strong></span> <span class='ocrx_word' id='word_1_776' title='bbox 3292 4796 3437 4851; x_wconf 88' lang='lat' dir='ltr'><strong>Pho-</strong></span> 
     </span>
    </p>
   </div>
   <div class='ocr_carea' id='block_1_106' title="bbox 1856 4878 3433 4959">
    <p class='ocr_par' dir='ltr' id='par_1_106' title="bbox 1856 4878 3433 4959">
     <span class='ocr_line' id='line_1_110' title="bbox 1856 4878 3433 4959; baseline 0.008 -28"><span class='ocrx_word' id='word_1_777' title='bbox 1856 4878 1942 4940; x_wconf 88' lang='lat' dir='ltr'><strong>tii,</strong></span> <span class='ocrx_word' id='word_1_778' title='bbox 1994 4879 2159 4932; x_wconf 90' lang='lat' dir='ltr'><strong>etiam</strong></span> <span class='ocrx_word' id='word_1_779' title='bbox 2218 4883 2493 4951; x_wconf 89' lang='lat' dir='ltr'><strong>exscripta</strong></span> <span class='ocrx_word' id='word_1_780' title='bbox 2538 4885 2668 4938; x_wconf 91' lang='lat' dir='ltr'><strong>olim</strong></span> <span class='ocrx_word' id='word_1_781' title='bbox 2699 4883 2817 4938; x_wconf 82' lang='lat' dir='ltr'><strong>aR.</strong></span> <span class='ocrx_word' id='word_1_782' title='bbox 2852 4883 2913 4940; x_wconf 85' lang='lat' dir='ltr'><strong>P.</strong></span> <span class='ocrx_word' id='word_1_783' title='bbox 2958 4884 3272 4950; x_wconf 85' lang='lat' dir='ltr'><strong>Sirmondo,</strong></span> <span class='ocrx_word' id='word_1_784' title='bbox 3311 4905 3433 4959; x_wconf 69' lang='lat' dir='ltr'><strong>qua:</strong></span> 
     </span>
    </p>
   </div>
   <div class='ocr_carea' id='block_1_107' title="bbox 1854 4970 2456 5039">
    <p class='ocr_par' dir='ltr' id='par_1_107' title="bbox 1854 4970 2456 5039">
     <span class='ocr_line' id='line_1_111' title="bbox 1854 4970 2456 5039; baseline 0.005 -17"><span class='ocrx_word' id='word_1_785' title='bbox 1854 4970 2069 5039; x_wconf 90' lang='lat' dir='ltr'><strong>possint</strong></span> <span class='ocrx_word' id='word_1_786' title='bbox 2102 4972 2226 5024; x_wconf 85' lang='lat' dir='ltr'><strong>usui</strong></span> <span class='ocrx_word' id='word_1_787' title='bbox 2256 4987 2398 5027; x_wconf 91' lang='lat' dir='ltr'><strong>esse.</strong></span> <span class='ocrx_word' id='word_1_788' title='bbox 2435 4991 2456 5025; x_wconf 77' lang='grc' dir='ltr'><strong><em>ι</em></strong></span> 
     </span>
    </p>
   </div>
   <div class='ocr_carea' id='block_1_108' title="bbox 1928 5061 3430 5139">
    <p class='ocr_par' dir='ltr' id='par_1_108' title="bbox 1928 5061 3430 5139">
     <span class='ocr_line' id='line_1_112' title="bbox 1928 5061 3430 5139; baseline 0.009 -25"><span class='ocrx_word' id='word_1_789' title='bbox 1928 5061 2043 5115; x_wconf 88' lang='lat' dir='ltr'><strong>Huc</strong></span> <span class='ocrx_word' id='word_1_790' title='bbox 2071 5079 2243 5133; x_wconf 90' lang='lat' dir='ltr'><strong>usque</strong></span> <span class='ocrx_word' id='word_1_791' title='bbox 2269 5064 2634 5120; x_wconf 82' lang='lat' dir='ltr'><strong>Combeﬁsius</strong></span> <span class='ocrx_word' id='word_1_792' title='bbox 2660 5086 2672 5121; x_wconf 90' lang='lat'><strong>:</strong></span> <span class='ocrx_word' id='word_1_793' title='bbox 2707 5068 2798 5137; x_wconf 90' lang='lat' dir='ltr'><strong>qui</strong></span> <span class='ocrx_word' id='word_1_794' title='bbox 2833 5068 3091 5139; x_wconf 85' lang='lat' dir='ltr'><strong>deinceps</strong></span> <span class='ocrx_word' id='word_1_795' title='bbox 3123 5073 3305 5127; x_wconf 87' lang='lat' dir='ltr'><strong>nobile</strong></span> <span class='ocrx_word' id='word_1_796' title='bbox 3335 5089 3430 5128; x_wconf 86' lang='lat' dir='ltr'><strong>ex-</strong></span> 
     </span>
    </p>
   </div>
   <div class='ocr_carea' id='block_1_109' title="bbox 1852 5155 3428 5233">
    <p class='ocr_par' dir='ltr' id='par_1_109' title="bbox 1852 5155 3428 5233">
     <span class='ocr_line' id='line_1_113' title="bbox 1852 5155 3428 5233; baseline 0.008 -27"><span class='ocrx_word' id='word_1_797' title='bbox 1852 5161 2099 5222; x_wconf 83' lang='lat' dir='ltr'><strong>cerptum</strong></span> <span class='ocrx_word' id='word_1_798' title='bbox 2130 5171 2196 5209; x_wconf 89' lang='lat' dir='ltr'><strong>ex</strong></span> <span class='ocrx_word' id='word_1_799' title='bbox 2222 5155 2414 5210; x_wconf 91' lang='lat' dir='ltr'><strong>eodem</strong></span> <span class='ocrx_word' id='word_1_800' title='bbox 2447 5157 2587 5211; x_wconf 89' lang='lat' dir='ltr'><strong>libro</strong></span> <span class='ocrx_word' id='word_1_801' title='bbox 2616 5157 2693 5211; x_wconf 84' lang='lat' dir='ltr'><strong>De</strong></span> <span class='ocrx_word' id='word_1_802' title='bbox 2725 5164 3124 5222; x_wconf 82' lang='lat' dir='ltr'><strong>resurrectione,</strong></span> <span class='ocrx_word' id='word_1_803' title='bbox 3168 5163 3428 5233; x_wconf 82' lang='lat' dir='ltr'><strong>deprom-</strong></span> 
     </span>
    </p>
   </div>
   <div class='ocr_carea' id='block_1_110' title="bbox 1950 5290 2823 5351">
    <p class='ocr_par' dir='ltr' id='par_1_110' title="bbox 1950 5290 2823 5351">
     <span class='ocr_line' id='line_1_114' title="bbox 1950 5290 2823 5351; baseline 0.008 -9"><span class='ocrx_word' id='word_1_804' title='bbox 1950 5292 1997 5351; x_wconf 86' lang='lat' dir='ltr'><strong>c)</strong></span> <span class='ocrx_word' id='word_1_805' title='bbox 2033 5290 2190 5345; x_wconf 87' lang='lat' dir='ltr'><strong>Phot.</strong></span> <span class='ocrx_word' id='word_1_806' title='bbox 2236 5292 2374 5345; x_wconf 82' lang='lat' dir='ltr'><strong>Bibl.</strong></span> <span class='ocrx_word' id='word_1_807' title='bbox 2417 5294 2538 5348; x_wconf 90' lang='lat' dir='ltr'><strong>cod.</strong></span> <span class='ocrx_word' id='word_1_808' title='bbox 2575 5309 2823 5350; x_wconf 81' lang='lat' dir='ltr'><strong>ccxxxw.</strong></span> 
     </span>
    </p>
   </div>
   <div class='ocr_carea' id='block_1_111' title="bbox 1924 5295 3419 5484">
    <p class='ocr_par' dir='ltr' id='par_1_111' title="bbox 1924 5295 3419 5484">
     <span class='ocr_line' id='line_1_115' title="bbox 1950 5295 2823 5351; baseline 0.008 -9"><span class='ocrx_word' id='word_1_809' title='bbox 1950 5295 1997 5351; x_wconf 82' lang='grc' dir='ltr'><strong>ε)</strong></span> <span class='ocrx_word' id='word_1_810' title='bbox 2034 5295 2190 5345; x_wconf 88' lang='lat' dir='ltr'><strong>Phot.</strong></span> <span class='ocrx_word' id='word_1_811' title='bbox 2236 5295 2374 5345; x_wconf 83' lang='lat' dir='ltr'><strong>Bibl.</strong></span> <span class='ocrx_word' id='word_1_812' title='bbox 2417 5295 2538 5348; x_wconf 90' lang='lat' dir='ltr'><strong>cod.</strong></span> <span class='ocrx_word' id='word_1_813' title='bbox 2575 5309 2823 5350; x_wconf 81' lang='lat' dir='ltr'><strong>ccxxxw.</strong></span> 
     </span>
     <span class='ocr_line' id='line_1_116' title="bbox 1924 5295 3419 5484; baseline 0.008 -71"><span class='ocrx_word' id='word_1_814' title='bbox 1924 5295 2182 5484; x_wconf 53' lang='grc' dir='ltr'><strong>ξίἐριοεη.</strong></span> <span class='ocrx_word' id='word_1_815' title='bbox 2218 5362 2466 5419; x_wconf 88' lang='lat' dir='ltr'><strong>Damasc.</strong></span> <span class='ocrx_word' id='word_1_816' title='bbox 2515 5378 2655 5418; x_wconf 85' lang='lat' dir='ltr'><strong>orat.</strong></span> <span class='ocrx_word' id='word_1_817' title='bbox 2686 5366 2720 5419; x_wconf 77' lang='grc' dir='ltr'>ὖ</span> <span class='ocrx_word' id='word_1_818' title='bbox 2753 5366 2829 5418; x_wconf 86' lang='lat' dir='ltr'><strong>De</strong></span> <span class='ocrx_word' id='word_1_819' title='bbox 2855 5368 3097 5437; x_wconf 76' lang='lat' dir='ltr'><strong>imagin,</strong></span> <span class='ocrx_word' id='word_1_820' title='bbox 3125 5385 3250 5439; x_wconf 88' lang='lat' dir='ltr'><strong>opp.</strong></span> <span class='ocrx_word' id='word_1_821' title='bbox 3286 5381 3325 5426; x_wconf 88' lang='lat' dir='ltr'><strong>t.</strong></span> <span class='ocrx_word' id='word_1_822' title='bbox 3354 5368 3419 5433; x_wconf 82' lang='lat' dir='ltr'><strong>V,</strong></span> 
     </span>
    </p>
   </div>
   <div class='ocr_carea' id='block_1_112' title="bbox 1849 5437 3418 5581">
    <p class='ocr_par' dir='ltr' id='par_1_112' title="bbox 1849 5437 3418 5581">
     <span class='ocr_line' id='line_1_117' title="bbox 2009 5437 3213 5464; baseline 0.007 -34"><span class='ocrx_word' id='word_1_823' title='bbox 2009 5437 2026 5464; x_wconf 48' lang='grc' dir='ltr'>ι</span> <span class='ocrx_word' id='word_1_824' title='bbox 3163 5437 3213 5439; x_wconf 57' lang='lat'><strong>,_</strong></span> 
     </span>
     <span class='ocr_line' id='line_1_118' title="bbox 1849 5437 3418 5581; baseline 0.009 -30"><span class='ocrx_word' id='word_1_825' title='bbox 1849 5437 2178 5570; x_wconf 41' lang='grc' dir='ltr'><strong>β’(ῗῒιιεη.</strong></span> <span class='ocrx_word' id='word_1_826' title='bbox 2226 5500 2399 5556; x_wconf 83' lang='lat' dir='ltr'><strong>Diatr.</strong></span> <span class='ocrx_word' id='word_1_827' title='bbox 2446 5505 2511 5558; x_wconf 77' lang='lat' dir='ltr'><strong>de</strong></span> <span class='ocrx_word' id='word_1_828' title='bbox 2566 5505 2798 5561; x_wconf 72' lang='lat' dir='ltr'><strong>Met/rod.</strong></span> <span class='ocrx_word' id='word_1_829' title='bbox 2871 5509 3052 5574; x_wconf 78' lang='lat' dir='ltr'><strong>script.</strong></span> <span class='ocrx_word' id='word_1_830' title='bbox 3093 5525 3215 5581; x_wconf 74' lang='lat' dir='ltr'><strong>pag.</strong></span> <span class='ocrx_word' id='word_1_831' title='bbox 3275 5509 3418 5574; x_wconf 74' lang='grc'><strong>554,</strong></span> 
     </span>
    </p>
   </div>
   <div class='ocr_carea' id='block_1_113' title="bbox 1845 5585 3098 5716">
    <p class='ocr_par' dir='ltr' id='par_1_113' title="bbox 1845 5585 3098 5716">
     <span class='ocr_line' id='line_1_119' title="bbox 1845 5585 3098 5716; baseline 0.005 -22"><span class='ocrx_word' id='word_1_832' title='bbox 1845 5585 2258 5716; x_wconf 48' lang='grc' dir='ltr'><strong>εεῗὸᾯρέιῴρΐ.</strong></span> <span class='ocrx_word' id='word_1_833' title='bbox 2298 5643 2492 5716; x_wconf 83' lang='lat' dir='ltr'><strong>in_not.</strong></span> <span class='ocrx_word' id='word_1_834' title='bbox 2533 5647 2597 5700; x_wconf 91' lang='lat' dir='ltr'><strong>ad</strong></span> <span class='ocrx_word' id='word_1_835' title='bbox 2621 5645 2856 5701; x_wconf 78' lang='lat' dir='ltr'><strong>Method.</strong></span> <span class='ocrx_word' id='word_1_836' title='bbox 2887 5664 2938 5716; x_wconf 91' lang='lat' dir='ltr'><strong>p.</strong></span> <span class='ocrx_word' id='word_1_837' title='bbox 2973 5648 3098 5702; x_wconf 71' lang='grc'><strong>449.</strong></span> 
     </span>
    </p>
   </div>
   <div class='ocr_carea' id='block_1_114' title="bbox 1919 5710 2473 5785">
    <p class='ocr_par' dir='ltr' id='par_1_114' title="bbox 1919 5710 2473 5785">
     <span class='ocr_line' id='line_1_120' title="bbox 1919 5710 2473 5785; baseline 0.007 -21"><span class='ocrx_word' id='word_1_838' title='bbox 1919 5714 1990 5782; x_wconf 77' lang='lat' dir='ltr'><strong>(g)</strong></span> <span class='ocrx_word' id='word_1_839' title='bbox 2028 5710 2162 5767; x_wconf 78' lang='lat' dir='ltr'><strong>ibid.</strong></span> <span class='ocrx_word' id='word_1_840' title='bbox 2198 5727 2318 5785; x_wconf 86' lang='lat' dir='ltr'><strong>pag.</strong></span> <span class='ocrx_word' id='word_1_841' title='bbox 2350 5713 2473 5768; x_wconf 61' lang='grc' dir='ltr'><strong>ω.</strong></span> 
     </span>
    </p>
   </div>
  </div>
