4090 6318
714 367 788 423 ιδ
1680 364 1736 420 s.
1782 320 2114 420 ιιιε-ἑιιοοιι
2152 362 2273 418 nm:

2380 362 2465 421 lPl
2504 363 2594 421 ET
2633 365 2991 424 MARTYRIS
3895 373 3952 429 υ

711 486 895 555 prius,
949 493 998 539 et
1038 481 1341 553 jucundare
1366 497 1485 535 eum
1517 496 1711 544 uxore,
1734 497 1859 551 qua:
1890 480 1985 533 tibi
2012 480 2235 535 adhazsit
2265 500 2273 533 ι

2403 482 2522 535 ιδία
2544 481 2679 554 (21),
2734 483 2835 537 καὶ
2874 484 3324 553 συνευφραινου
3364 484 3514 553 μετὰ
3554 486 3838 556 γυναικὸς
3861 485 3954 556 τῆς

709 575 982 640 iuventute
1006 584 1099 626 tua
1130 574 1206 640 “;
1242 570 1765 642 rcpudiatascilicet
1790 569 2030 639 plurium
2062 584 2273 623 ποι-ιιι]

2395 573 2465 627 ἐκ
2495 574 2776 643 νεότητός
2804 591 2921 630 σου
2943 592 2958 606 ο
2985 575 3231 647 δηλονότι
3254 577 3689 648 παραιτούμενος
3724 576 3822 641 τὰς
3846 576 3954 631 πολ-

712 666 955 722 licentia.
985 662 1429 730 Jeremiasvero,
1462 660 1642 733 Equos
1666 670 1932 715 amatores
1948 670 1996 715 et
2018 661 2273 715 emissore.

2394 662 2510 727 λάς.
2552 664 2693 718 Ὅδὲ
2729 664 3018 738 Ἱερεμίας,
3054 665 3301 733 Ἵππους
3342 665 3698 733 θηλυμανεῖς
3741 666 3955 736 ἀναφανο

710 778 807 820 eos
840 762 1129 817 manifeste
1159 759 1402 821 vocat“.
1431 758 1523 829 qui
1556 773 1617 812 se
1645 758 1700 812 in
1734 756 2076 811 diversarum
2104 755 2273 811 mulie

2393 752 2482 807 δὸν
2507 753 2633 816 τοὺς
2689 754 2771 817 εις
2820 753 3112 827 διαφόρους
3157 753 3484 826 μαργῶντας
3510 758 3775 824 γυναῖκας
3801 755 3951 811 καλεῖ.

711 870 833 909 rum
869 868 1081 908 amores
1129 849 1418 908 effundunt
1448 868 1460 905 :
1504 848 1802 919 Multigena
1833 848 1981 902 enim
2011 848 2273 917 impiorun

2392 846 2744 915 Πολύγονον
2809 845 2919 918 (22)
2959 846 3098 919 γὰρ,
3122 848 3309 918 φησὶν,
3353 845 3591 902 ἀσεϐῶν
3632 846 3862 916 πλῆθος
3892 853 3955 905 οὐ

710 944 999 1000 multitudo
1043 959 1149 998 non
1177 942 1278 997 erit
1308 941 1478 1004 utilis,
1511 950 1562 995 et
1590 940 1917 994 adulterina.
1936 936 2292 1009 plantationes

709 1054 812 1093 non
840 1034 1042 1091 dabunt
1068 1032 1271 1089 radices
1302 1033 1441 1087 altas
1462 1032 1532 1065 "-

780 1127 890 1184 Sed
912 1143 983 1183 ne
1002 1127 1201 1199 prolixi
1229 1125 1405 1181 simus
1433 1121 1760 1195 colligendis
1782 1120 2119 1193 propheticis
2144 1119 2293 1175 voci—

705 1219 814 1279 bus
837 1259 856 1287 ,
909 1236 1008 1292 age
1033 1260 1050 1285 ,
1088 1230 1404 1277 astruamus
1435 1232 1656 1272 rursum
1684 1215 1960 1287 quomodo
1983 1212 2301 1285 voluntaria,

707 1314 938 1370 castitas
958 1313 1205 1384 legitimo
1225 1313 1394 1367 etiam
1418 1311 1543 1365 usui
1565 1307 1861 1380 singularis
1875 1320 2000 1362 eum
2022 1318 2133 1360 una
2155 1318 2290 1359 con-

700 1408 841 1482 jugii
862 1408 1222 1464 successerit:
1248 1407 1519 1477 tantisper
1537 1405 1751 1461 scilicet
1810 1400 2147 1457 subtrahens
2168 1413 2293 1455 car-

705 1504 795 1557 nis
822 1499 1081 1555 libidines
1099 1541 1115 1565 ,
1151 1498 1282 1554 dum
1306 1496 1548 1568 perfecte
1572 1495 1871 1569 proclivem
1896 1508 1963 1547 ex
1989 1496 2291 1547 consuetu-

705 1593 833 1649 dine
863 1593 921 1647 in
952 1591 1207 1662 cepulam
1239 1591 1503 1661 impetum
1531 1603 1597 1643 ac
1625 1602 1765 1658 pene
1797 1585 2056 1643 eﬂ‘renem
2079 1598 2293 1654 repres-

704 1682 859 1737 serit.
914 1679 1109 1735 Statim
1164 1694 1301 1735 sane
1331 1677 1621 1735 manifeste
1668 1675 1972 1739 inducitur,
2002 1676 2097 1746 qui
2146 1673 2289 1730 hanc

702 1770 962 1841 deinceps
1006 1770 1431 1840 occupationem
1479 1784 1511 1823 a
1554 1783 1616 1825 se
1646 1767 1960 1832 amoliatur,
1994 1767 2123 1822 dum
2162 1767 2282 1822 ait:

2391 939 2804 1008 χρησιμεύσει,
2822 940 2921 995 καὶ
2940 940 3010 995 ὲκ
3037 941 3230 994 νόθων
3252 938 3691 1010 μοσχευμάτων
3706 942 3780 995 οὐ
3798 939 3957 997 δώσει

2384 1027 2557 1095 ῥίζαν
2582 1032 2671 1096 είς
2687 1028 2902 1097 βάθος.

2475 1119 2635 1173 Ἀλλὰ
2700 1119 2809 1192 γὰρ
2858 1120 2945 1175 ἵνα
2992 1120 3069 1192 μὴ
3116 1120 3552 1193 μακρηγορῶμεν
3588 1121 3680 1175 ἐπὶ
3712 1119 3845 1174 πολὺ
3870 1118 3959 1185 τὰς

2393 1213 2735 1283 προφητικὰς
2784 1212 3171 1284 ἀναλεγόμενοι
3212 1212 3415 1283 φωνὰς,
3451 1214 3584 1285 φέρε
3610 1213 3674 1287 δὴ
3696 1214 3959 1285 συστήσω-

2395 1317 2493 1371 μεν
2540 1301 2724 1367 πάλιν,
2774 1305 2925 1367 ὅπως
2971 1302 3274 1374 διαδέχεται
3328 1303 3427 1376 τὴν
3484 1304 3579 1358 ἐπὶ
3614 1306 3713 1377 μιᾷ
3755 1303 3959 1373 γυναικὶ

2392 1393 2730 1465 συναλλαγὴν
2760 1396 2793 1465 ἡ
2826 1397 3172 1470 σωφροσύνη,
3206 1396 3395 1468 μέχρις
3430 1394 3729 1467 ἃν-ὲκλύσῃ
3753 1393 3959 1459 τελείως

2390 1484 2489 1556 τὴν
2517 1487 2584 1539 ὲκ
2604 1485 2699 1540 τοῦ
2723 1486 2878 1552 ἔθους
2899 1489 2992 1542 ἐπὶ
3018 1487 3118 1560 τὴν
3156 1476 3443 1543 σύνουσίαν
3466 1487 3811 1559 καταφορὰν,
3835 1488 3961 1559 πρὸς

2390 1577 2570 1647 ὀλίγον
2638 1580 3015 1651 ἀφαιρουμένη
3066 1580 3165 1645 τὰς
3210 1580 3310 1652 τῆς
3360 1578 3563 1651 σαρκὸς
3618 1577 3959 1651 ἡδυπαθείας.

2388 1668 2598 1722 Λύτίκα
2620 1668 2750 1737 γοῦν
2778 1668 3055 1738 εἰσάγεταί
3076 1687 3163 1735 τις
3175 1669 3442 1741 ἐμφανῶς
3467 1668 3566 1742 ήδη
3596 1668 3786 1724 λοιπὸν
3821 1686 3960 1740 παρ-

2389 1760 2707 1832 αιτούμενος
2749 1762 2959 1815 τουτονὶ
2992 1762 3081 1815 τὸν
3123 1761 3528 1834 περισπασμδν,
3558 1761 3753 1830 Κύριε,
3775 1759 3958 1829 λέγων,

701 1861 948 1927 Domine,
965 1859 1128 1915 Pater
1146 1871 1196 1915 et
1217 1860 1524 1914 dominator
1539 1860 1660 1913 riter
1684 1875 1831 1925 meas,
1859 1876 1924 1913 ne
1950 1857 2273 1930 derelinquat

2387 1852 2581 1922 Πάτερ
2628 1854 2729 1909 καὶ
2768 1853 3040 1908 δέσποτα
3074 1851 3184 1921 τῆς
3218 1851 3363 1922 ζωῆς
3382 1870 3523 1923 μου,
3544 1852 3631 1923 μὴ
3658 1853 3961 1922 ἐγκαταλί-

700 1968 783 2005 me
815 1952 869 2005 in
898 1952 1120 2005 consilio
1158 1968 1362 2006 eorum.
1397 1949 1781 2004 Extollentiam
1803 1950 2078 2004 oculorum
2103 1965 2273 2004 amovt

2387 1958 2508 2015 πῃς
2534 1963 2611 2016 με
2635 1946 2706 2000 ὲν
2728 1945 2935 2015 ,βουλῇ
2963 1944 3180 2001 αὐτῶν.
3210 1945 3627 2016 Μετειορισμὸν
3648 1945 3964 2017 ὀφθαλμῶν

698 2060 734 2096 α
767 2059 865 2097 πιε-
897 2042 1087 2098 Cordis
1115 2042 1538 2111 concupiscentia
1564 2051 1613 2096 et
1634 2042 1940 2096 concubitus
1969 2058 2076 2096 non
2104 2058 2273 2111 appre-

2386 2036 2573 2108 ἄφελε
2600 2039 2704 2092 ἀπ’
2733 2037 2912 2108 ἐμοῦ·
2954 2036 3203 2106 καρδίας
3226 2036 3338 2109 (25)
3367 2037 3560 2105 ὄρεξις
3592 2036 3693 2091 καὶ
3740 2052 3961 2093 συνου-

697 2132 929 2190 Ilendant
956 2152 1035 2190 me
1054 2135 1129 2191 ³⁸.
1161 2134 1221 2189 in
1250 2135 1393 2191 libro
1417 2142 1598 2189 autem
1626 2134 1939 2205 Sapientia,
1972 2148 2080 2205 quo
2102 2133 2273 2191 omnil

2385 2131 2646 2199 σιασμὸς
2671 2133 2759 2200 μὴ
2790 2128 3291 2183 καταιαόέτωσὰν
3332 2146 3427 2199 με.
3457 2130 3569 2183 Kal.
3589 2131 3649 2184 ὲν
3679 2131 3748 2200 τῇ
3799 2145 3961 2183 πανσ-

695 2222 917 2280 virtutis
965 2226 1260 2281 traduntur
1306 2225 1668 2290 documenta,
1720 2227 1900 2296 palam
1927 2226 2040 2296 jam
2068 2237 2124 2281 et
2161 2226 2273 2282 sine

2387 2222 2529 2295 ρέτῳ
2546 2222 2602 2275 δὲ
2622 2223 2815 2293 Σοφίᾳ,
2836 2222 3061 2294 γυμνῶς
3088 2222 3191 2294 ἠδη
3202 2222 3328 2286 τοὺς
3357 2221 3633 2295 ἀκροατὰς
3655 2223 3737 2287 εἰς
3758 2223 3961 2296 ἐγκρά-

666 2334 667 2337 η
695 2314 1237 2387 ambageauditores
1264 2316 1332 2371 ad
1358 2316 1759 2373 continentiam
1784 2325 1839 2372 et
1859 2318 2171 2372 castitatem
2198 2324 2284 2371 at-

692 2407 920 2463 trahens
947 2407 1187 2478 Spiritus
1218 2418 1468 2473 sanctus,
1503 2411 1634 2464 talia
1674 2409 1991 2465 modulatur
2032 2428 2045 2463 :
2088 2407 2284 2464 Melior

690 2508 771 2555 est
809 2498 1098 2556 liberorum
1144 2501 1500 2556 orbitas-cum
1538 2503 1763 2566 uirtute,
1813 2502 2153 2566 inclamans;
2184 2501 2286 2553 im-

691 2592 997 2647 mortalitas
1046 2593 1185 2648 enim
1218 2602 1297 2648 est
1341 2593 1397 2646 in
1437 2594 1691 2675 memoria
1740 2593 1917 2658 illius,
1953 2594 2201 2663 quoniam
2235 2600 2287 2646 et

690 2686 834 2754 apud
864 2683 1032 2738 Deum
1061 2697 1191 2740 nota
1222 2694 1320 2749 est,
1354 2694 1404 2739 et
1434 2684 1574 2753 apud
1595 2684 1855 2740 homines.
1878 2684 2013 2740 Cum
2045 2701 2278 2755 praesens

686 2785 791 2841 est,
820 2776 998 2831 colunt
1029 2776 1202 2841 illam,
1234 2786 1285 2833 et
1316 2776 1623 2832 desiderant
1656 2795 1772 2833 eam
1798 2795 1918 2832 cum
1958 2792 2017 2833 se
2038 2776 2277 2831 abduxe-

687 2865 802 2921 rit:
842 2876 895 2921 et
938 2868 996 2923 in
1038 2876 1342 2937 perpetuum
1380 2877 1638 2922 coronata
1685 2867 2010 2939 triumphat,
2077 2867 2278 2922 incoinc

691 2960 1026 3029 quinatorum
1053 2960 1401 3013 certaminum
1426 2976 1588 3030 agone
1620 2970 1870 3029 superato
1904 2961 1970 3014 ".

2377 2334 2529 2371 τειαν
2582 2315 2943 2387 ἐφελκόμενον
2983 2315 3079 2369 καὶ
3130 2314 3483 2387 σωφροσύνην
3545 2314 3605 2369 τὸ
3642 2314 3870 2388 Πνεῦμα
3904 2315 3961 2369 τὸ

2380 2410 2557 2479 ἅγιον,
2617 2407 2844 2464 τοιαῦτα
2899 2408 3163 2480 μελῳδεῖ·
3220 2408 3520 2478 Κρεῖσσον
3563 2406 3676 2480 (24)
3722 2409 3965 2464 ἀτεχνία

2380 2501 2502 2573 μετ’
2550 2499 2785 2571 ἀρετῆς,
2824 2500 3097 2573 κεκραγός
3115 2516 3129 2529 ⁸
3174 2500 3477 2555 ἀθανασία
3523 2499 3635 2570 γάρ
3678 2501 3857 2555 ἐστιν
3899 2501 3963 2554 ἐν

2379 2589 2586 2659 μνήμῃ
2612 2589 2826 2658 αὐτῆς,
2862 2589 2953 2643 ὅτι
2996 2591 3093 2643 καὶ
3139 2588 3299 2658 παρὰ
3330 2589 3453 2656 Θεῷ
3476 2588 3837 2659 γινώσκεται
3868 2590 3961 2643 καὶ

2386 2678 2546 2748 παρὰ
2560 2679 2913 2747 ἀνθρώποις.
2932 2679 3260 2747 Παροῦσάν
3276 2697 3339 2734 τε
3358 2680 3612 2751 τιμῶσιν
3620 2682 3845 2751 αὐτὴν,
3865 2684 3964 2736 καί

2381 2766 2677 2821 ποθοῦσιν
2706 2766 3129 2823 ἀπελθοῦσανο
3172 2768 3271 2823 καὶ
3310 2770 3382 2824 ἐν
3413 2769 3493 2835 τῷ
3536 2772 3705 2827 αἰῶνι
3744 2788 3969 2844 στεφαν-

2379 2859 2734 2929 νηεροροῦσα
2779 2860 3101 2941 ιπομπεύει,
3158 2860 3269 2914 τὸν
3298 2860 3416 2916 τῶν
3442 2862 3968 2933 ἀμιάντωνμᾶθλω

2378 2952 2582 3025 ἀγῶνα
2604 2950 2931 3019 νικήσασα.

688 3076 815 3133 Cn.
855 3076 943 3133 Ν.
974 3075 1121 3131 Unus
1147 3076 1393 3133 Christus
1417 3079 1775 3149 virginitatem
1804 3076 2059 3161 edocuit,
2078 3085 2261 3200 apertle
2287 3072 2597 3216 prtedifians
2625 3086 2848 3196 5691mm
2879 3072 3151 3128 caelorum.
3184 3071 3283 3130 Dei
3312 3074 3633 3143 ιίῖηίιίῑιιάο,
3663 3076 3968 3133 divinarum

1938 3158 2194 3203 uirtutum
2246 3164 2341 3202 uce
2370 3161 2463 3215 per
2506 3161 2621 3199 cten
2664 3161 2718 3199 a.

1938 3158 2194 3203 uirtutum
2224 3158 2341 3202 tuce
2370 3158 2718 3215 per/terenda.

756 3266 832 3322 De
863 3266 1103 3323 humano
1131 3268 1317 3339 itaque
1350 3284 1548 3340 genere
1596 3246 1804 3325 dictum
1855 3278 1962 3339 est,
1990 3269 2268 3342 quomodo

2439 3266 2575 3338 Περὶ
2625 3264 2724 3336 μὲν
2778 3260 2871 3320 οὖν
2925 3265 3131 3337 καιρῶν
3178 3265 3280 3336 τῆς
3328 3265 3773 3339 ἀνθρωπότητος,
3821 3270 3967 3334 ὅπως

686 3374 715 3412 a
742 3374 995 3414 sororum
1017 3361 1289 3432 conjugiis
1310 3362 1383 3439 ad
1418 3362 1810 3417 continentiam
1842 3378 2039 3434 usque,
2070 3363 2274 3419 sensim

686 3470 781 3523 per
809 3462 1027 3509 aetatem
1049 3457 1253 3528 gradus
1276 3454 1604 3527 profecerit;
1633 3464 1884 3526 superest
1907 3466 1966 3510 ut
1992 3465 2046 3511 et
2065 3456 2134 3511 de
2163 3456 2273 3511 vir-

684 3548 912 3617 ginitate
942 3548 1215 3607 dicamus.
1245 3548 1357 3603 Hoc
1390 3549 1555 3619 igitur
1582 3559 1789 3621 quanta
1817 3548 1982 3605 fuerit
2013 3549 2269 3615 facultas,

684 3641 843 3697 nobis
874 3642 1290 3698 connitendum,
1329 3642 1506 3713 Atque
1548 3643 1603 3697 id
1651 3643 1707 3697 in
1760 3642 1961 3709 primis
1993 3642 2272 3712 disquira-

683 3748 805 3787 mus
834 3747 1061 3801 necesse
1090 3743 1196 3797 est,
1228 3733 1357 3803 quid
1383 3734 1600 3789 tandem
1632 3750 1813 3791 causae
1833 3734 1926 3799 sit,
1958 3749 2083 3789 cum
2112 3731 2271 3788 multi

683 3824 961 3895 propheta
988 3833 1041 3879 et
1065 3824 1199 3893 justi
1227 3825 1396 3878 multa
1428 3839 1491 3877 ac
1526 3827 1789 3893 praeclara
1822 3834 1937 3880 tum
1958 3825 2267 3893 docuerint,

682 3924 795 3966 tum
832 3913 939 3982 ipsi
995 3913 1383 3983 praestiterint,
1443 3914 1630 3969 nullus
1680 3924 1863 3970 tamen
1899 3916 2268 3987 virginitatem

678 4013 776 4061 aut
800 4005 1057 4061 laudibus
1080 4006 1396 4071 celebrarit,
1427 4014 1522 4059 aut
1542 4009 1881 4078 propositum
1909 4008 2031 4079 ejus
2052 4024 2269 4064 assum—

678 4095 1029 4171 pseritYScli
1067 4100 1327 4153 nimirum
1364 4099 1596 4153 Domino
1625 4101 1920 4171 disciplina
1974 4100 2091 4157 haec
2138 4118 2269 4157 san-

675 4190 872 4245 cienda
903 4190 1251 4252 servabatur,
1286 4189 1381 4260 qui
1424 4200 1479 4245 et
1518 4190 1669 4245 solus
1700 4192 1754 4244 in
1800 4189 2066 4244 mundum
2096 4188 2263 4244 adve-

678 4282 858 4345 niens,
890 4281 1143 4336 homines
1177 4282 1365 4336 docuit
1408 4282 1463 4335 in
1526 4268 1701 4337 Deum
1729 4284 1989 4338 transire.
2030 4281 2266 4338 Decebat

676 4372 822 4427 enim
853 4374 945 4443 qui
992 4374 1248 4445 princeps
1304 4372 1649 4429 sacerdotum
1703 4382 1849 4429 esset
1896 4374 2263 4445 princepsque

675 4469 1067 4537 prophetarum
1099 4474 1152 4521 et
1170 4468 1426 4537 princeps
1449 4468 1793 4537 angelorum,
1820 4466 2073 4521 eumdem
2098 4467 2263 4522 etiam

675 4560 951 4630 virginum
986 4562 1290 4630 principem
1316 4553 1528 4614 audire.
1552 4557 1874 4628 Antiquitus
1906 4565 2085 4612 autem
2132 4572 2262 4613 nec-

2378 3358 2659 3431 ἁρξαμένη
2693 3358 2800 3412 ἀπὸ
2832 3358 2931 3429 τῆς
2978 3357 3383 3430 ἀδελφομιξίας,
3430 3357 3667 3413 ὥδευσεν
3720 3362 3819 3415 ἐπὶ
3871 3364 3971 3431 τὴν

2377 3453 2725 3525 ἐγκράτειαν,
2758 3452 2970 3523 εἴρηται
2992 3467 3005 3481 ο
3042 3450 3171 3520 περὶ
3225 3450 3281 3503 δὲ
3325 3449 3626 3521 παρθενίας
3666 3451 3929 3507 γλεῖπεται
3952 3470 3970 3487 ⁸

2375 3543 2500 3596 ὅσον
2532 3538 2623 3596 οὖν
2654 3542 2899 3605 δυνατὸν,
2948 3539 3237 3609 πειρατέον
3268 3538 3473 3612 φράσαι
3501 3538 3634 3609 (25).
3665 3540 3783 3594 Καὶ
3815 3540 3973 3613 πρῶ-

2374 3651 2465 3688 τον
2496 3632 2830 3699 ἐξεταστέον,
2863 3632 2927 3685 δι’
2954 3632 3023 3703 ἥν
3067 3631 3244 3685 αἰτίαν
3292 3630 3501 3685 πολλῶν
3541 3614 3851 3703 προφητῶν
3879 3633 3976 3687 καὶ

2373 3726 2599 3781 δικαίων
2618 3724 2789 3779 πολλὰ
2814 3725 2908 3779 καὶ
2926 3724 3065 3778 καλὰ
3080 3722 3408 3788 διδαξάντων
3433 3722 3527 3777 καὶ
3544 3724 3973 3799 ἐργασαμένων,
4048 3752 4049 3759 ι

2374 3818 2675 3887 παρθενίαν
2723 3818 2898 3880 οὐδεὶς
2941 3816 3065 3869 οὗτε
3114 3814 3543 3886 ὲνεγκωμίασεν,
3590 3815 3715 3868 οὔτε
3769 3817 3971 3873 εἰλετο.

2372 3913 2535 3983 Μόνῳ
2562 3910 2667 3982 γὰρ
2689 3912 2798 3982 ἄρα
2822 3909 3157 3979 ἐφυλάσσετο
3190 3908 3349 3962 τοῦτο
3390 3900 3729 3979 πρεσϐεῦσαι
3767 3912 3836 3965 τὸ
3873 3914 3979 3984 μά-

2372 4003 2523 4075 Θημα
2565 4004 2643 4075 τῷ
2676 4004 2889 4076 Κυρίῳ,
2924 4004 3047 4056 ἐπεὶ
3092 4003 3187 4056 καὶ
3223 4002 3383 4073 μόνος
3425 4002 3711 4073 παρελθὼν
3751 4005 3975 4077 ἄνθρω-

2370 4110 2469 4146 πον
2499 4093 2702 4158 ἐδίδαξε
2740 4096 2937 4165 χωρεῖν
2967 4096 3047 4157 είς
3080 4093 3489 4165 Θεόν.Ἔπρεπε
3512 4092 3623 4165 γὰρ
3653 4094 3734 4166 τῷ
3777 4099 3977 4169 ἀρχιε-

2370 4188 2456 4258 ρεῖ
2482 4187 2575 4239 καὶ
2601 4187 2990 4258 ἀρχιπροφήτῃ
3023 4186 3116 4239 καί¹
3161 4184 3507 4257 ἀρχαγγέλῳ,
3534 4184 3709 4257 τούτῳ
3744 4190 3849 4242 καὶ
3883 4192 3976 4261 ἁρ-

2367 4279 2681 4351 χιπαροένῳ
2727 4277 3258 4351 προσαγορευθῆναι.
3285 4277 3359 4330 Τὸ
3407 4278 3462 4331 δὲ
3492 4279 3720 4334 παλαιὸν
3747 4282 3977 4337 οὐδέπω

2366 4371 2569 4435 τέλειος
2602 4370 2891 4443 ἄνθρωπος
2920 4367 2987 4443 ἦν
3013 4388 3027 4401 ·
3062 4370 3156 4423 καὶ
3185 4368 3275 4423 διὰ
3300 4368 3457 4422 τοῦτο
3484 4369 3543 4423 τὺ
3573 4370 3786 4425 τέλειον
3826 4372 3979 4426 οὑδὲο

2366 4481 2453 4518 πω
2499 4466 2745 4536 χωρῆσαι
2767 4464 2866 4536 τὴν
2900 4463 3200 4533 παρθενίαν
3231 4462 3564 4533 ἵσχυεν.Ἐτι
3588 4462 3697 4534 γὰρ
3732 4463 3975 4539 ἔχρῃζε,

2365 4558 2482 4611 κατ’
2516 4558 2699 4612 εἰκόνα
2725 4558 2860 4611 Θεοῦ
2882 4556 3146 4627 γεγονὼς,
3176 4555 3271 4610 καὶ
3301 4556 3362 4609 τὸ
3385 4555 3507 4610 καθ’
3529 4556 3801 4628 ὁμοίωσιν
3835 4560 3976 4611 ἀπο-

674 4649 805 4704 dum
854 4650 1020 4705 homo
1074 4650 1352 4720 perfectus
1396 4658 1514 4705 erat
1562 4668 1575 4703 :
1618 4664 1684 4703 ac
1724 4648 1847 4704 ideo
1889 4648 2260 4720 virginitatem

2380 4650 2553 4705 λαϐεῖν
2579 4668 2591 4679 '
2629 4651 2765 4723 ὅπερ
2789 4649 3237 4723 τελεσιουργῆσαι
3277 4648 3692 4719 καταπεμφθεὶς
3726 4650 3760 4701 ὁ
3792 4651 3977 4725 Λόγρς

676 4745 815 4809 (rem
859 4742 1050 4813 utique
1097 4738 1437 4812 perfectam)
1481 4754 1677 4809 capere
1726 4739 1961 4795 necdum
2021 4748 2255 4810 poterat.

674 4834 869 4888 Adhuc
899 4836 1046 4888 enim
1078 4834 1169 4904 qui
1219 4832 1286 4887 ad
1324 4833 1421 4887 Dei
1468 4832 1760 4901 imaginem
1799 4831 2073 4886 formatus
2119 4838 2257 4897 erat,

676 4924 733 4978 id
758 4942 977 4997 quoque
1016 4926 1164 4997 quod
1218 4933 1303 4982 est
1332 4926 1397 4980 ad
1430 4924 1849 4981 similitudinem
1877 4926 2127 4995 recipere
2166 4924 2263 4979 de—

674 5017 857 5075 bebat.
909 5021 1063 5087 Quod
1097 5028 1179 5074 «ut
1231 5019 1536 5089 perﬁceret,
1585 5016 1827 5073 Verbum
1879 5017 1936 5071 in
1992 5016 2259 5071 mundum

674 5110 927 5174 missum,
960 5122 1207 5167 nostram
1237 5111 1391 5182 prius
1422 5108 1655 5163 formam
1680 5107 1870 5163 multis
1899 5117 2258 5179 peccatorum

2367 4744 2448 4805 εἰς
2475 4742 2567 4795 τὸν
2600 4742 2825 4814 κόσμον,
2854 4742 2956 4816 τὴν
2987 4740 3263 4814 ἡμετέραν
3300 4741 3511 4811 μορφὴν
3536 4740 3813 4812 πρότερον
3848 4744 3979 4798 ἀνέ-

2366 4834 2518 4900 λαὸε,
2546 4835 2760 4899 πολλοῖς
2791 4836 3152 4907 ἁμαρτήμασι
3182 4833 3633 4903 κατεστιγμένην,
3660 4832 3756 4888 ἵνα
3782 4834 3855 4907 δὴ
3872 4835 3977 4908 τὴν

2370 4927 2523 4981 Θείαν
2555 4921 2737 5000 ἡμεῖς,
2773 4929 2840 4981 δι’
2874 4928 2968 4991 οὓς
3015 4926 3176 4991 αὐτὸς
3220 4924 3470 4994 ὲφόρεσε,
3496 4923 3659 4979 πάλιν
3702 4929 3979 5001 χωρῆσαι

2366 5020 2703 5092 δυνηθῶμεν.
2768 5021 2905 5075 Καθ’
2934 5019 3196 5090 ὁμοίωσιν
3249 5016 3357 5087 γὰρ
3412 5015 3795 5089 ἀκριδωθῆναι
3846 5022 3978 5075 τότε

2368 5111 2601 5183 πάρεστι
2632 5111 2791 5175 Θεοῦ,
2826 5110 2989 5163 ὁπότε
3016 5109 3081 5180 δὴ
3112 5109 3235 5171 τοὺς
3266 5105 3433 5161 αὑτοῦ
3467 5109 3839 5182 χαρακτῆρας
3872 5114 3980 5185 τῆς

748 5252 788 5283 ³³
832 5248 992 5303 Prov.
1024 5266 1080 5313 ν,
1117 5249 1203 5314 15,
1243 5249 1329 5305 i8.
1404 5249 1446 5280 ¹¹
1480 5245 1613 5316 Cap.
1650 5263 1705 5314 v,
1741 5263 1853 5301 vers
1884 5246 1938 5301 8.
2023 5245 2067 5278 “
2090 5244 2220 5301 Son.
2247 5262 2273 5300 ιε

2380 5248 2405 5299 i.
2484 5248 2529 5279 “
2558 5247 2725 5303 Eccli.
2762 5263 2917 5313 χχιιι,
2951 5247 3003 5310 1,
3036 5246 3089 5314 5,
3114 5244 3168 5300 6.
3250 5246 3296 5277 “
3318 5243 3447 5315 Sap.
3478 5262 3557 5314 tv,
3592 5248 3643 5315 1,
3676 5247 3736 5306 2.

747 5390 859 5459 (21)
902 5387 1066 5445 Ἰδιίι.
1100 5387 1218 5443 Non
1246 5388 1383 5443 bene
1411 5385 1717 5459 Possinius,
1746 5386 1860 5459 sive
1889 5386 1982 5456 qui
2004 5385 2052 5441 ei
2091 5386 2266 5459 impo-

676 5456 817 5523 suit,
838 5456 1140 5530 imperitus
1175 5460 1355 5515 scriba
1377 5499 1391 5521 ,
1424 5456 1960 5530 ﬁ6ei’a,dulcis;rqua
1984 5471 2117 5511 voce
2145 5457 2261 5530 haec

2372 5386 2597 5451 Christ,
2632 5388 2725 5442 lib.
2761 5403 2821 5450 ιι,
2850 5400 2972 5451 cap.
3006 5383 3093 5445 12,
3127 5399 3183 5437 n.
3210 5382 3297 5436 ts;
3332 5382 3409 5440 in.

2433 5459 2545 5531 (23)
2587 5459 2872 5529 Καρδίας.
2912 5453 3077 5522 Sixt.,
3103 5453 3333 5520 κοιλίας,
3353 5458 3567 5512 ventris.
3588 5455 3684 5512 Sic
3701 5466 3761 5512 et
3795 5456 3975 5533 Vulg.

674 5527 975 5589 auctoritas
1007 5530 1143 5584 nihil
1173 5531 1239 5584 ad
1264 5527 1532 5585 intentum
1587 5528 1844 5584 Methodii
1896 5529 2131 5591 laceret,
2192 5527 2261 5582 de
2358 5528 2437 5586 in.

676 5603 1059 5674 singularitate
1087 5600 1330 5674 conjugii
1350 5640 1364 5665 ,
1419 5615 1529 5674 non
1560 5599 1629 5674 de
1657 5600 1935 5674 illius__seu
1982 5597 2059 5651 rei
2090 5598 2259 5652 mari-

676 5668 801 5731 talis
850 5674 1159 5729 dulcedine.
1192 5668 1369 5726 'Adde
1396 5672 1532 5725 nihil
1575 5668 1846 5739 ejusmodi
1886 5683 2106 5725 sacrum
2141 5676 2259 5722 tex-

679 5757 791 5801 tum
822 5746 899 5798 sic
932 5744 1179 5813 pervium
1210 5742 1433 5813 habere.
1471 5742 1763 5798 COIBEFIS.

746 5814 859 5871 122)
914 5807 1291 5875 Πολύγονον.
1334 5811 1471 5870 Vide
1528 5814 1899 5876 Augustinum
1949 5807 2026 5866 De
2080 5812 2253 5864 doctr.

2432 5601 2545 5671 (24)
2601 5596 3126 5671 Κρεῖσσον.ίΡοιιΙο
3162 5599 3321 5655 aliter
3356 5597 3542 5671 Vulg.,
3573 5598 3679 5657 etsi
3720 5601 3976 5661 totidem

2359 5673 2545 5729 verbis
2574 5672 2753 5726 reddit
2781 5670 3089 5726 Possinius.
3125 5671 3203 5724 In.

2431 5744 2543 5817 (25)
2580 5742 2831 5811 Φράσαι.
2867 5741 3006 5799 Cod.
3044 5738 3193 5811 νει,
3223 5741 3407 5813 φάναι.
3442 5740 3519 5798 In.
