4090 6318
666 375 730 433 81
1618 390 1676 447 S.
1722 392 2056 452 METHODII
2092 398 2228 457 ΕΡῙΕ

2330 401 2404 458 ῬΙ
2442 403 2531 460 ΕΤ
2569 403 2930 462 MARTYRIS
3843 400 3902 457 δι’·

662 499 756 547 cto
780 494 974 562 possit.
1006 494 1083 554 De
1113 499 1179 554 iis
1203 502 1297 571 qui
1348 518 1412 559 ex
1463 505 1734 561 adulterio
1758 509 2027 580 illigitime
2076 526 2228 583 gene-

2345 533 2481 587 σμον
2524 516 2807 591 ἀμήχανον
2857 519 2994 573 εἶναι
3028 519 3123 575 καὶ
3154 521 3432 589 ἀδύνατον,
3466 524 3540 595 μὴ
3585 542 3905 600 χειραγωγη-

664 591 882 650 rantur,
916 586 1050 643 heus
1085 600 1138 643 tu
1163 592 1295 661 quid
1327 593 1503 652 dicis?
1532 598 1865 653 tioncessisti
1912 602 2059 656 enim
2090 603 2243 658 nulla

664 689 828 745 posse
862 678 1070 735 ratione
1100 683 1218 739 tleri
1238 694 1297 738 ut
1320 687 1446 756 quis
1474 690 1733 745 veniatin
1772 692 2061 758 mundum,
2106 695 2241 765 quin

580 836 593 853 _
662 767 864 823 divinae
890 770 940 824 ei
974 771 1278 842 majestatis
1304 787 1471 834 nutus
1501 779 1700 835 ductor
1720 784 2014 851 exstiterit,
2050 798 2243 857 parato

660 860 709 915 ei
738 862 831 932 qui
862 864 933 917 sit
963 867 1304 932 nasciturus,
1334 884 1365 922 a
1404 868 1515 927 Deo
1535 877 1885 944 corpusculo.
1915 874 1980 930 Et
2008 893 2077 933 ne
2102 892 2238 933 con-

659 949 840 1024 fugias
866 956 1013 1011 velut
1046 959 1100 1012 in
1133 973 1315 1015 arcem
1365 978 1641 1029 securam,
1682 967 1895 1038 prolato
1924 968 2241 1026 testimonio

657 1041 994 1117 Scriptura},
1054 1047 1290 1107 dicentis
1344 1072 1357 1103 .-
1428 1052 1564 1110 Filii
1637 1068 1813 1113 autem
1873 1060 2239 1117 adulterorum

654 1140 1025 1193 maturitatem
1055 1157 1158 1196 non
1190 1157 1572 1217 consequentur
1596 1150 1677 1215 ¹⁶;
1710 1150 1920 1208 refellet
1941 1161 1995 1209 te
2019 1154 2239 1222 leniter,

652 1226 847 1287 dicens
885 1250 899 1286 :
930 1233 1096 1305 Atqui
1129 1235 1379 1293 videmus
1405 1240 1549 1297 haud
1576 1258 1705 1300 raro
1724 1244 2019 1317 illegitimis
2042 1262 2241 1305 conce-

653 1331 782 1392 ptos
812 1328 1029 1396 copulis
1052 1337 1426 1391 maturescere
1453 1335 1508 1389 in
1536 1345 1729 1408 partus
1761 1338 1951 1397 vitales
1964 1342 2240 1417 yalentes-

650 1433 761 1488 que
792 1419 1130 1479 adolescere.

726 1506 784 1564 Si
815 1518 1000 1567 autem
1066 1523 1260 1585 argute
1287 1515 1487 1573 iterum
1521 1518 1869 1595 distinguens
1898 1521 2077 1590 dicas,
2124 1523 2239 1596 Ego

647 1617 809 1667 vero,
837 1602 974 1659 heus
1000 1610 1081 1671 tu,
1112 1609 1449 1667 maturitatis
1480 1613 1703 1670 nomine
1745 1630 1910 1685 quam
1967 1631 2079 1672 non
2113 1632 2242 1673 con-

646 1702 977 1764 sequantur,
1003 1697 1275 1767 justitiam
1315 1699 1689 1758 Christianam
1759 1705 2022 1778 intelligo,
2079 1710 2239 1779 cujus

650 1786 732 1841 illi
760 1797 1045 1861 compotes
1088 1807 1198 1846 non
1240 1801 1389 1859 sunt,
1419 1804 1648 1866 reponet
1697 1798 1925 1855 statim:
1981 1799 2171 1870 Atqui,
2202 1816 2237 1856 ο

2343 607 2505 661 θέντα
2525 608 2605 679 τῷ
2632 608 2895 681 θελήματι
2918 612 3018 683 τῆς
3048 612 3421 685 μεγαλοσύνης
3445 615 3575 685 (50),
3607 634 3899 672 κατασκευ-

2342 700 2603 765 ασθέντος
2631 702 2793 756 αὑτοῦ
2826 703 2921 756 τοῦ
2960 703 3315 775 σκηνώματος
3342 706 3477 778 πρὸς
3504 707 3599 759 τοῦ
3627 707 3782 763 Θεοῦ.
3804 710 3902 765 Καὶ

2342 792 2429 846 ῐνα
2460 792 2535 865 μὴ
2577 793 2895 868 καταφύγῃς
2922 794 3109 858 ὥσπερ
3132 798 3212 860 εἰς
3236 798 3435 869 τειχίον
3467 800 3748 869 ἐχέγγυον,
3777 820 3900 874 προι-

2342 886 2686 960 χειριζομένη
2716 888 2817 959 τὴν
2842 889 3105 958 λέγουσαν
3130 890 3373 963 Γραφὴν,
3403 892 3587 947 Τέκνα
3607 893 3675 947 δὲ
3688 896 3903 963 μοιχῶν

2340 978 2814 1047 ἀτελεσφόρητα,
2848 978 3248 1051 ἀποκρούσεταί
3276 999 3335 1035 σε
3372 983 3561 1053 πράως
3589 984 3779 1049 εἰπὼν,
3806 987 3897 1043 ὅτι·

2339 1069 2454 1122 Καὶ
2487 1069 2594 1141 μὴν
2632 1070 2977 1142 τελεσφόροις
3010 1071 3290 1143 πολλαχῶς
3320 1074 3504 1128 ὠδῖσιν
3543 1075 3753 1148 ὥριμον
3779 1094 3904 1149 καρ-

2340 1158 2443 1213 πὸν
2466 1162 2592 1225 τοὺς
2627 1162 2692 1215 ὲκ
2721 1161 3055 1234 παρανόμων
3099 1163 3497 1235 συλληφθέντας
3522 1160 3628 1223 ὦδε
3652 1169 3905 1225 συναλλα·

2340 1250 2450 1319 τῶν
2476 1250 2694 1322 δρῶμεν
2731 1255 3051 1325 φυομένους.

2409 1518 2473 1572 Εἰ
2500 1518 2544 1571 δ⁴
2579 1513 2645 1574 αὖ
2676 1517 2838 1572 πάλιν
2866 1518 3191 1590 σοφιζομένη
3229 1514 3491 1591 φαίης,Ὦ
3517 1537 3691 1585 ουτος,
3722 1519 3831 1587 ἐγὼ
3849 1522 3907 1577 τι

2320 1610 2769 1692 ,ἀτελεσφόρητον
2818 1610 2910 1664 ἐπὶ
2955 1610 3062 1663 τῶν
3100 1611 3489 1682 τελειουμένων
3524 1612 3766 1684 ἡγοῦμαι
3792 1612 3907 1668 τάσ-

2336 1699 2526 1753 σεσθαι
2554 1703 2620 1771 τῇ
2661 1698 3097 1772 Χριστοδιδάκτῳ
3124 1700 3458 1775 δικαιοσύνῃ,
3483 1702 3778 1769 λελέξεται·
3806 1703 3908 1759 Καὶ

2340 1790 2468 1861 μὴν,
2495 1784 2541 1844 ὧ
2579 1790 2845 1862 μακαρία,
2881 1791 3123 1847 πλεῖστοι
3157 1792 3437 1866 τεχθέντες
3469 1793 3528 1861 ἐξ
3548 1795 3755 1847 .ἀδίκου
3794 1811 3909 1849 σπο

645 1879 830 1947 beata,
862 1883 1019 1937 multi
1044 1899 1110 1939 ex
1136 1884 1325 1956 iniquo
1372 1888 1477 1942 sati
1513 1890 1744 1959 semine,
1805 1889 1977 1946 nihilo
2027 1892 2228 1957 secius,

2338 1885 2442 1955 ρᾶς
2472 1882 2623 1937 οὐδὲν
2656 1877 2817 1953 ἦττον
2840 1884 2901 1936 ού
2934 1883 3094 1955 μόνον
3129 1888 3198 1957 τῇ
3224 1884 3426 1960 ποίμνῃ
3458 1887 3909 1955 συναγελάζεσθαι

646 1985 759 2026 non
796 1971 974 2026 solum
998 1974 1151 2061 gregi
1179 1974 1420 2031 fidelium
1452 1977 1701 2046 adunati,
1740 1996 1930 2036 verum
1960 1980 2127 2038 etiam
2174 1992 2236 2040 ut

644 2060 758 2117 illis
786 2072 1088 2132 praeessent
1126 2060 1271 2122 haud
1312 2084 1440 2125 raro
1486 2072 1667 2125 sortiti
1697 2081 1846 2128 sunt.
1881 2072 2062 2140 Quare
2105 2089 2231 2130 cum

644 2155 928 2209 communi
950 2156 1193 2211 omnium
1229 2174 1394 2215 sensu
1433 2167 1488 2216 et
1518 2163 1857 2233 experientia
1880 2163 2233 2219 notissimum

643 2245 740 2309 sit,
770 2254 923 2303 ortos
952 2264 1047 2321 eg
1072 2248 1345 2307 adulterio
1410 2254 1621 2311 utrovis
1671 2256 1836 2311 modo
1873 2254 2022 2327 quod
2050 2256 2233 2329 perfe-

641 2343 793 2392 ctum
829 2348 915 2395 est
946 2342 1199 2413 adipisci,
1234 2360 1344 2401 non
1377 2355 1463 2402 est
1506 2348 1807 2417 putandum
1854 2348 1922 2403 de
1950 2350 2233 2421 concepti-

640 2428 747 2487 hus
777 2440 872 2487 aut
930 2439 1203 2506 partubus
1233 2438 1617 2509 propheticum
1651 2442 1785 2495 illud
1827 2439 2066 2512 Spiritus
2100 2456 2231 2497 san-

639 2526 717 2580 cti
746 2528 1034 2583 oraculum
1090 2544 1215 2586 esse
1248 2530 1661 2604 intelligendum
1688 2551 1706 2601 ;
1756 2534 1851 2589 sal
1877 2534 2017 2589 forte
2047 2535 2230 2605 potius

638 2616 709 2672 de
739 2617 848 2674 il'lis
871 2620 965 2689 qui
999 2620 1312 2677 adulterant
1340 2625 1625 2695 veritatem
1664 2644 1677 2679 :
1704 2626 1797 2696 qui
1849 2626 2108 2680 nimirum
2139 2640 2227 2682 so-

639 2708 896 2780 phisticis
931 2710 1171 2768 decretis
1192 2723 1614 2785 corrumpentes
1645 2713 1989 2785 Scripturas,
2038 2716 2230 2770 imma-

636 2808 821 2855 turam
876 2804 1106 2875 gignunt
1138 2807 1499 2877 sapientiam,
1548 2807 1695 2877 quod
1742 2809 1928 2877 pietati
1979 2823 2225 2863 errorem

638 2896 1061 2952 commisceant.
1100 2896 1310 2970 Itaque,
1345 2900 1450 2955 hoc
1483 2916 1705 2972 quoque
1731 2900 1831 2955 tibi
1862 2900 2064 2971 effugio
2086 2916 2229 2971 prae-

638 2987 821 3053 cluso,
858 2989 1085 3055 imodo,
1120 3001 1176 3046 et
1224 3007 1291 3048 ex
1327 2994 1602 3049 adulterio
1658 3008 1879 3063 quoque
1926 3002 2225 3062 conceptos

640 3078 808 3146 fetus,
847 3085 1142 3154 responde,
1178 3084 1290 3140 Deo
1335 3086 1475 3141 bene
1510 3087 1727 3142 volente
1769 3085 2040 3157 generari.
2077 3083 2228 3139 Dixi-

2336 1976 2802 2048 καταριθμοῦνται
2833 1976 2941 2031 τῶν
2978 1977 3243 2047 ἀδελφῶν,
3278 1978 3413 2033 ἀλλὰ
3445 1980 3538 2033 καὶ
3560 1980 3912 2053 καθηγεῖσθαι

2333 2068 2541 2124 τούτων
2570 2068 2903 2141 κληροῦνται
2926 2068 3227 2140 πολλαχῶς.
3245 2071 3454 2125 Οὕκοῦν
3479 2072 3630 2136 ὄντος
3654 2072 3909 2145 φανεροῦ,

2334 2160 2429 2213 καὶ
2459 2161 2678 2216 πάντων
2713 2161 3086 2232 ἱστορούντων,
3118 2162 3214 2215 καὶ
3232 2162 3300 2216 τὰ
3319 2165 3383 2216 ὲκ
3402 2162 3647 2234 μοιχείας
3671 2165 3913 2233 φυόμενα

2331 2252 2853 2325 τελεσιουργεῖσθαι,
2894 2254 2956 2306 ού
2984 2254 3099 2334 χρὴ
3146 2255 3388 2327 νομίζειν
3436 2256 3564 2327 περί
3601 2254 3916 2325 συλλήψεων

2332 2346 2427 2400 καί
2455 2347 2631 2400 τόκων
2673 2347 2734 2400 τὸ
2781 2345 3003 2419 Πνεῦμα
3049 2346 3590 2418 προπεφητευκέναι·
3639 2345 3757 2399 ἀλλ’
3790 2344 3915 2410 ἴσως

2333 2439 2464 2510 περὶ
2492 2438 2599 2491 τῶν
2633 2437 2732 2510 τὴν
2754 2436 3015 2511 ἀλήθειαν
3043 2440 3418 2510 μοιχωμένων,
3451 2439 3648 2501 οἵτινες
3674 2435 3915 2508 κλεψιώ

2334 2547 2454 2600 φοις
2481 2529 2791 2594 νοθεύοντες
2819 2530 3055 2602 δόγμασι
3083 2532 3182 2595 τὰς
3208 2531 3451 2603 Γραφὰς,
3486 2530 3916 2602 ἀτελεσφόρητον

2331 2622 2561 2692 γεννῶσι
2594 2623 2804 2692 σοφίαν,
2830 2626 2894 2695 τῇ
2932 2624 3212 2695 θεοσεϐείᾳ
3238 2624 3619 2696 συγκρίνοντες
3645 2624 3747 2695 τὴν
3780 2622 3917 2678 πλά-

2331 2727 2450 2780 νην.
2485 2708 2574 2761 Διὸ
2606 2711 2701 2763 καὶ
2724 2709 2927 2780 ταύτης
2954 2728 3045 2762 σου
3074 2710 3174 2781 τῆς
3197 2714 3521 2783 προφάσεως
3550 2712 3915 2786 ἐξῃρημένης,

2333 2799 2449 2853 ἰσθι
2470 2800 2555 2872 δὴ,
2590 2802 2640 2853 εἰ
2673 2800 2769 2853 καὶ
2807 2800 2876 2854 τὰ
2910 2802 2974 2852 ὲκ
3010 2799 3255 2870 μοιχείας
3297 2800 3663 2875 εὐδοκοῦντος,
3692 2803 3922 2875 ἀπόκρι-

2331 2912 2441 2959 ναι,
2477 2891 2775 2962 γεννῶνται
2802 2892 2896 2945 τοῦ
2933 2891 3278 2965 Θεοῦ.Ἔφης
3306 2891 3434 2965 γὰρ,
3466 2888 3606 2947 εἶναι
3633 2893 3915 2959 ἀδύνατον,

2330 2984 2620 3056 ἀνθρώπου
2666 2982 3126 3055 πλεσφορηθῆναι
3176 2984 3363 3055 γονὴν,
3399 2985 3475 3057 μὴ
3527 2983 3915 3057 μορφώσαντος

2331 3077 2502 3149 αὐτὴν
2530 3076 2626 3129 καί
2657 3073 3012 3145 ψυχώσαντος
3046 3074 3139 3127 τοῦ
3176 3075 3405 3148 Κυρίου.

638 3179 710 3234 sti
735 3180 907 3245 enim,
936 3183 1051 3238 lteri
1074 3198 1183 3237 non
1208 3198 1370 3252 posse
1395 3191 1453 3236 ut
1503 3183 1571 3237 ad
1597 3184 1972 3238 maturitatem
2003 3189 2058 3237 et
2112 3178 2643 3237 consummationem
2702 3172 2987 3243 perveniat
3030 3173 3306 3229 humanus
3358 3172 3527 3239 fetus,
3570 3173 3681 3229 nisi
3732 3169 3921 3229 Domi-

640 3289 751 3330 nus
772 3272 1004 3329 formam
1035 3274 1391 3347 animumque
1410 3276 1689 3331 indiderit.

1380 3393 1505 3449 CAP.
1544 3393 1635 3450 1V.
1668 3393 1922 3448 Humana
1954 3392 2242 3465 generatio,
2267 3387 2467 3456 Deique
2499 3384 2552 3435 in
2576 3397 2641 3435 ea
2673 3395 2803 3448 opus
2836 3376 3187 3431 declaratum.

710 3509 811 3566 Hic
834 3510 1163 3584 Theophila.
1199 3514 1348 3569 velut
1393 3515 1607 3570 robusti
1669 3514 1891 3569 lacertis
1922 3512 2223 3567 adversarii

2399 3504 2511 3558 Καὶ
2540 3506 2573 3573 ἠ
2604 3499 2860 3569 Θεοφίλα,
2886 3498 2996 3553 ἀπὸ
3030 3496 3277 3566 γενναίου
3302 3496 3491 3572 ῶσπερ
3516 3498 3787 3571 ληφθεῖσα
3813 3502 3923 3559 τῶν

636 3600 817 3654 media
846 3611 1124 3672 correpta,
1158 3604 1425 3674 vertigine
1448 3612 1656 3659 tentata
1686 3606 1923 3675 quadam
1954 3611 2072 3669 est;
2110 3610 2223 3656 tum

636 3693 1017 3763 :egretandcm
1042 3696 1237 3764 spiritu
1274 3704 1583 3766 resumpto,
1618 3695 1774 3760 Rem,
1802 3695 2000 3766 inquit,
2033 3710 2067 3749 o
2097 3695 2225 3749 bea-

634 3791 714 3848 ta,
746 3786 970 3853 quaeris,
1004 3786 1077 3841 ad
1116 3788 1201 3842 sui
1253 3789 1469 3857 plenam
1506 3790 1936 3844 declarationem
1968 3788 2225 3857 exemplo

636 3878 878 3948 quodam
909 3880 1263 3949 indigentem,
1303 3882 1462 3949 cuius
1494 3882 1757 3937 beneﬁcio
1780 3883 1978 3937 melius
2020 3870 2225 3935 intelli-

634 3986 755 4042 gas,
789 3969 885 4026 Dei
916 3972 1024 4025 vim
1055 3972 1376 4027 creatricem
1407 3989 1505 4043 per
1525 3975 1708 4027 omnia
1741 3972 1963 4043 quidem
2010 3974 2224 4042 pertin~

633 4072 878 4137 gentem,
936 4068 1211 4136 praecipue
1269 4074 1451 4121 tamen
1499 4067 1673 4136 ipsam
1734 4080 1765 4118 a
1812 4081 1870 4119 se
1924 4065 2221 4119 humanam

634 4164 901 4226 praestare
934 4159 1369 4228 generationem,
1395 4160 1647 4227 augendo
1679 4173 1800 4227 quae
1826 4159 1882 4211 in
1930 4158 2222 4228 genitalem

635 4256 767 4302 sunt
802 4250 1070 4304 seminata
1105 4258 1330 4305 terram.
1366 4249 1556 4321 Neque
1588 4252 1734 4305 enim
1770 4250 1822 4304 id
1876 4250 2023 4320 quod
2060 4249 2224 4304 semi-

632 4345 802 4391 natur
831 4338 1166 4408 culpandum
1197 4351 1282 4396 est
1310 4359 1322 4394 :
1351 4341 1446 4395 sed
1482 4342 1537 4393 in
1571 4356 1636 4395 eo
1683 4342 1864 4394 omnis
1898 4341 2061 4409 culpa
2090 4339 2224 4394 resi-

631 4430 747 4495 det,
770 4432 863 4501 qui
895 4432 949 4486 in
984 4434 1221 4487 alienum
1250 4448 1463 4503 agrum,
1512 4432 1732 4488 furtivis
1769 4432 2067 4497 cubilibus,
2103 4435 2221 4488 vel-

632 4524 717 4577 uti
781 4525 1034 4579 mercede
1065 4525 1247 4579 brevis
1271 4526 1588 4594 voluptatis,
1624 4527 1897 4597 propriam
1930 4524 2220 4596 impuden—

633 4623 719 4669 ter
754 4623 1055 4670 sementem
1090 4616 1299 4670 vendit.
1333 4615 1573 4671 lnl'orma
1597 4617 1765 4679 enim,
1785 4631 1990 4685 quaeso,
2012 4618 2217 4681 animo,

634 4708 798 4763 talem
832 4708 1125 4778 quamdam
1161 4709 1457 4779 imaginem
1486 4708 1663 4763 nostri
1697 4709 1751 4761 in
1786 4712 1955 4761 vitam
1977 4716 2131 4763 ortus
2156 4702 2222 4763 ac

633 4802 1023 4872 generationis.
1065 4800 1259 4871 Cogita
1288 4803 1532 4867 domum,
1564 4800 1725 4870 cujus
1754 4802 2037 4855 altissimis
2064 4818 2220 4856 mon-

2332 3600 2511 3672 μέσων
2540 3593 2966 3664 ἀνταγωνιστοῦ,
3002 3592 3424 3656 ἐσκοτοδινίασε,
3448 3596 3549 3647 καὶ
3583 3595 3730 3665 μάλα
3767 3597 3922 3667 μόλις

2328 3691 2733 3754 ἀναπνεύσασα,
2761 3690 2896 3761 ἔφη·
2937 3688 3177 3759 Ἑρωτᾷς
3221 3687 3480 3758 ἐρώτημα
3521 3688 3608 3740 διὰ
3655 3690 3923 3761 παραδεί-

2326 3804 2557 3858 γματος,
2606 3764 2651 3836 ὦ
2701 3782 2966 3854 μακαρία,
3023 3778 3223 3852 χρῇζον
3271 3779 3681 3849 ἀποδειχθῆναι,
3741 3782 3811 3835 ἶν’
3843 3782 3922 3836 ἔτι

2329 3878 2529 3949 μᾶλλον
2554 3876 2721 3946 εἰδῇς,
2750 3875 2825 3938 ὡς
2848 3874 2937 3927 διὰ
2967 3873 3185 3927 πάντων
3208 3874 3242 3942 ἡ
3270 3872 3525 3942 ποιητικὴ
3552 3872 3784 3942 δύναμις
3812 3875 3923 3945 διή-

2326 3988 2498 4024 κουσα
2529 3969 2624 4022 τοῦ
2654 3966 2813 4031 Θεοῦ,
2846 3966 3006 4019 πλέον
3050 3967 3131 4029 εἰς
3167 3964 3266 4034 τὴν
3295 3963 3404 4016 τῶν
3433 3963 3739 4036 ἀνθρώπων
3771 3965 3924 4034 γένεα

2328 4081 2411 4116 σιν
2454 4062 2766 4132 αὑτουργεῖ,
2801 4058 3039 4125 αὔξουσα
3083 4058 3153 4110 τὰ
3192 4058 3273 4119 εἰς
3314 4056 3539 4126 γόνιμον
3576 4058 3922 4129 φυτευόμενα

2326 4156 2451 4225 γῆν,
2481 4154 2554 4207 οὐ
2582 4152 2692 4223 γὰρ
2722 4152 2783 4205 τὸ
2806 4151 3163 4222 σπειρόμενον
3201 4148 3493 4215 αἰτιατέον,
3536 4148 3672 4202 ἀλλὰ
3697 4150 3798 4204 τὸν
3841 4152 3922 4217 εἰς
3958 4226 3975 4240 Γ
4018 4218 4049 4253 Ἰ

2325 4246 2608 4315 ἀλλοτρίαν
2638 4244 2878 4316 ἄρουραν
2910 4242 3269 4312 κλεψιγάμοις
3306 4240 3509 4307 εὐναῖς,
3531 4236 3619 4296 οἷα
3645 4243 3921 4314 μισθωτὸν

2325 4340 2511 4409 ὀλίγης
2556 4336 2768 4407 ἡδονῆς,
2796 4334 2893 4405 τὴν
2940 4334 3075 4387 ἰδίαν
3116 4333 3485 4402 ἀναισχύντως
3535 4335 3924 4405 πιπράσκοντα

2326 4426 2899 4501 σποράν.’Λπείκασον
2940 4422 3049 4494 γὰρ
3092 4413 3317 4491 τοιούτῴ
3357 4422 3462 4475 τινὶ
3504 4422 3602 4493 τὴν
3639 4423 3924 4495 ἡμετέραν

2324 4523 2538 4592 γένεσιν
2578 4522 2659 4585 εἰς
2698 4518 2791 4571 τὸν
2832 4518 2966 4588 βίον,
2990 4511 3101 4567 οἷον
3132 4514 3267 4585 οἴκῳ
3294 4519 3705 4585 παρακειμένη-ν
3742 4516 3923 4587 ἔχοντι

2323 4616 2421 4685 τὴν
2452 4612 2654 4666 εἴσοδον
2697 4611 2879 4682 ὄρεσιν
2906 4607 3159 4678 ὑψηλοῖςν
3186 4606 3393 4678 διήκειν
3435 4608 3491 4660 δὲ
3533 4608 3623 4661 τὸν
3649 4604 3804 4662 οἷκον
3828 4612 3921 4664 ἐπὶ

2324 4708 2458 4760 πολὺ
2486 4706 2655 4769 κάτω,
2692 4703 2884 4775 μέχρις
2911 4701 3095 4771 ἄκρων
3118 4699 3216 4769 τῆς
3256 4698 3458 4755 εἰσόδου
3497 4700 3688 4770 ἔχοντα
3712 4702 3919 4766 πολλὰς

2324 4800 2461 4863 ὀπὰς
2490 4800 2553 4850 ἐκ
2580 4795 2687 4849 τῶν
2713 4795 2909 4857 ὀπίσω,
2935 4790 3030 4844 καὶ
3071 4792 3342 4861 περιφερῆ
3384 4790 3526 4844 κατὰ
3550 4790 3709 4845 τοῦτο
3742 4792 3807 4847 τὸ
3831 4796 3921 4864 μέ·

636 4891 787 4947 tibus
814 4898 1100 4963 ingressus
1125 4894 1395 4963 adjaceat,
1436 4895 1663 4963 ipsaque
1705 4895 1861 4964 longe
1892 4896 1946 4947 in
1980 4895 2208 4946 multam

2330 4910 2413 4963 ρος
2438 4889 2713 4957 γεγονότα.
2737 4916 2807 4926 -
2822 4882 3151 4945 Ἀπεικάζω,
3175 4880 3278 4951 ἔφη
3301 4884 3334 4952 ὴ
3357 4883 3749 4955 Μαρκέλλα.-
3770 4888 3914 4941 Ούκ-

633 4989 688 5033 ct
708 4979 921 5035 inferne
950 4998 1208 5051 capacem
1237 4983 1477 5039 demissa
1502 4986 1572 5037 sit
1600 4982 2061 5053 profunditatem;
2097 4998 2217 5052 qua:

634 5073 869 5141 denique
895 5091 923 5126 a
956 5090 1171 5129 summo
1226 5077 1403 5145 capite
1436 5076 1505 5130 ab
1560 5078 1809 5146 ingressu
1847 5078 2016 5129 multa
2070 5086 2218 5129 retro

634 5166 904 5223 foramina
941 5170 1157 5235 habeat,
1192 5185 1251 5224 ac
1290 5171 1451 5236 cujus
1508 5169 1677 5240 figura
1731 5188 1793 5223 ea
1820 5178 1972 5240 parte
1998 5170 2217 5223 orbicu-

634 5257 769 5312 laris
795 5260 1043 5312 exsistat.
1070 5290 1141 5299 --
1182 5260 1445 5323 lnformo,
1482 5261 1659 5330 inquit
1714 5260 1991 5324 Marcella,
2051 5276 2215 5329 quam

629 5352 792 5421 jubes
827 5352 1143 5421 imaginem.
1172 5385 1241 5394 —
1268 5353 1387 5408 Jam
1423 5353 1727 5422 imaginare
1759 5355 2037 5408 sedentem
2068 5356 2216 5406 intus

632 5444 850 5514 operari
880 5446 1094 5515 plaslen
1122 5455 1336 5502 statuas
1366 5448 1655 5517 plurimas,
1688 5463 1754 5501 ex
1808 5447 1939 5499 limo
1968 5463 2129 5515 quem
2166 5446 2215 5499 ei

633 5551 731 5605 per
755 5552 818 5591 ea
842 5554 963 5607 qua:
1006 5537 1119 5591 dixi
1177 5538 1471 5604 foramina,
1506 5538 1661 5593 multi
1711 5538 1935 5593 assidue
1965 5538 2215 5595 homines

706 5694 750 5723 "
782 5694 909 5764 ϐαρ.
943 5712 1023 5759 m,
1062 5695 1145 5751 16.

2320 4984 2414 5037 οῦν
2464 4979 2703 5035 ἀπόλοι’δε
2744 4978 2890 5031 ἔνδον
2922 4974 3283 5043 καθεζόμενον
3310 4975 3635 5045 ἐργάζεσθαι
3662 4976 3913 5050 πλάστην

2324 5074 2553 5135 πολλοὺς
2585 5072 2909 5144 ἀνδριάντας
2936 5086 2948 5099 ·
2970 5067 3143 5137 τούτῳ
3166 5066 3211 5119 δ’
3234 5063 3301 5120 αὖ
3328 5068 3429 5137 τὴν
3458 5066 3590 5139 ὕλην
3610 5069 3703 5123 τοῦ
3733 5073 3914 5144 πηλοῦ

2321 5169 2412 5220 διὰ
2451 5168 2561 5219 τῶν
2597 5164 2744 5217 ὀπῶν
2781 5162 2979 5227 ἔξωθεν
3006 5160 3195 5229 νόησον
3234 5160 3339 5212 ὑπὸ
3381 5159 3583 5214 πολλῶν
3606 5162 3921 5234 ἀνθρώπων

2325 5259 2588 5321 ἀνενδεῶς
2613 5255 2983 5328 χορηγεῖσθαι,
3009 5252 3223 5314 οὐδενὸς
3248 5251 3408 5304 αὐτὸν
3436 5252 3671 5323 ὁρῶντος
3704 5258 3801 5311 τὸν
3840 5275 3923 5311 τε.

2327 5354 2534 5423 χνίτην.
2561 5352 2659 5413 Δὸς
2678 5350 2733 5402 δὲ
2758 5345 3094 5415 κεκαλύφθαι
3116 5346 3206 5398 τὸν
3226 5341 3370 5398 οἷκον
3394 5347 3591 5420 ὁμίχλῃ
3628 5349 3727 5402 καὶ
3768 5350 3924 5418 νεφέ-

2327 5445 2468 5507 λαις,
2497 5443 2590 5496 καὶ
2616 5441 2781 5512 μηδὲν
2803 5441 2988 5501 αὐτοῖς
3013 5436 3210 5502 ἔξωθεν
3248 5432 3387 5491 εἶναι
3420 5453 3729 5509 καταφανες
3754 5437 3789 5507 ἢ
3820 5440 3917 5509 μόε-

2328 5554 2425 5601 νας
2448 5537 2545 5600 τὰς
2565 5535 2722 5599 ὀπάς.
2748 5530 3010 5595 Δεδόσθω,
3034 5530 3160 5603 ἔφη,
3186 5532 3278 5585 καὶ
3314 5530 3690 5605 τοῦτο.Ἕχειν
3716 5531 3770 5584 δὲ
3797 5531 3920 5584 Exar-

710 5816 821 5880 (50)
853 5820 1312 5888 Μεγαλοσύνης.
1346 5820 1446 5876 Ms.
1483 5819 1618 5876 Maz.
1653 5829 1704 5877 et
1729 5820 1911 5885 Allat.,
1946 5817 2227 5889 δυνάμεως

2332 5833 2574 5873 OHBEFiS‘.
