4090 6318
628 377 699 435 [9
1577 379 1634 435 S.
1678 375 2013 435 METRODII
2050 375 2363 435 EPISCOPI
2402 377 2490 432 ET
2527 376 2891 434 δίΑῆτῖωὸ
3811 383 3883 440 60

623 506 839 553 ratione
876 497 1084 553 homini
1131 498 1409 565 accidunt,
1448 500 1948 555 considerationem
1996 506 2183 554 natura

2295 516 2361 553 αν
2413 500 2523 572 γάρ
2569 517 2653 563 τις
2694 497 2795 570 τὴν
2845 495 3077 570 θεωρίαν
3122 496 3229 552 τῶν
3277 514 3422 554 κατα
3463 499 3556 554 τὸν
3595 500 3885 576 ἄνθρωπον

620 588 763 645 duce
796 589 1086 661 diligenter
1107 590 1384 656 didicerit,
1404 606 1537 647 sane
1573 592 1787 646 noverit
1816 590 1961 646 haud
1994 590 2201 646 abomi-

617 682 859 738 nandam
882 682 1179 738 liberorum
1212 685 1669 753 procreationem,
1706 699 1833 739 cum
1892 691 2077 737 tamen
2106 697 2199 737 ca-

616 773 881 829 stimonia
911 774 1109 843 majori
1141 774 1302 829 laude
1329 783 1493 845 atque
1516 775 1724 831 honore
1755 774 2067 829 coronanda
2101 776 2200 830 sit.

614 858 806 931 Neque
843 863 991 917 enim
1040 877 1106 917 eo
1134 862 1282 934 quod
1334 866 1443 920 mel
1488 866 1711 920 caeteris
1746 865 1965 921 dulcius
1995 871 2080 920 est
2129 878 2197 919 ac

614 952 863 1017 suavius,
885 953 1151 1009 continuo
1180 954 1388 1025 reliqua
1417 971 1603 1010 amara
1623 966 1884 1027 reputare
1906 955 2191 1021 convenit,

611 1059 957 1115 quaecunque
985 1046 1039 1098 in
1066 1044 1335 1103 fructibus
1358 1047 1591 1115 jucundi
1623 1049 1837 1119 saporis
1851 1056 2063 1118 partem
2092 1047 2195 1102 ali-

611 1151 777 1206 quam
838 1150 870 1190 a
919 1144 1119 1191 natura
1164 1137 1360 1191 sortita
1404 1145 1553 1191 sunt.
1605 1137 1673 1192 Et
1728 1138 1926 1193 horum
1970 1138 2192 1207 quidem

612 1227 869 1282 idoneum
910 1237 1106 1285 testem
1160 1229 1529 1300 producemus
1580 1230 1839 1295 Paulum,
1900 1231 2061 1301 cujus
2099 1230 2191 1285 illa

611 1328 743 1375 sunt
771 1338 785 1374 :
818 1319 925 1387 Qui
955 1322 1295 1376 matrimonio
1324 1322 1505 1392 jungit
1537 1324 1789 1396 virginem
1836 1339 2016 1388 suam,
2063 1323 2191 1378 bene

609 1411 778 1481 facit;
807 1422 856 1467 et
873 1414 962 1483 qui
980 1430 1084 1467 non
1098 1414 1300 1484 jungit,
1327 1416 1515 1469 melius
1540 1415 1668 1484 facit
1690 1418 1755 1471 ἰ.
1779 1415 1899 1471 Non
1918 1417 2066 1471 enim
2088 1415 2195 1471 sci-

608 1503 736 1558 licet
776 1503 831 1556 id
867 1504 1225 1575 proponendo
1266 1504 1415 1575 quod
1456 1507 1656 1562 melius
1706 1522 1771 1562 ac
1812 1507 2036 1563 dulcius
2079 1514 2187 1572 est,

609 1597 755 1651 aliud
788 1598 1015 1653 omnino
1049 1596 1338 1668 Scriptura
1366 1599 1646 1654 sublatum
1688 1599 1889 1665 voluit;
1935 1600 2033 1655 sed
2062 1601 2192 1655 nni-

607 1686 811 1755 cuique
837 1686 985 1754 quod
1017 1690 1299 1758 proprium
1325 1697 1411 1745 est
1441 1704 1506 1744 ac
1533 1688 1687 1751 utile,
1713 1688 2063 1744 tribuendum
2090 1690 2190 1747 de—

606 1776 808 1832 cernit.
846 1775 985 1831 Sunt
1005 1779 1206 1848 quibus
1240 1781 1484 1833 nondum
1517 1777 1795 1834 concessit
1827 1782 1991 1849 potiri
2022 1782 2189 1853 virgi-

2302 592 2707 665 συμϐαινόντων
2750 591 2891 646 κατά
2934 590 3098 661 φύσιν
3132 590 3378 663 ἀκριϐῶς
3406 594 3643 667 ἐκμάθῃ,
3676 595 3882 654 εἴσεται

2302 683 2377 756 μὴ
2414 682 2795 756 βδελύσσεσθαι
2834 683 3209 739 παιδοποιίαν·
3242 684 3484 738 ἐπαινεῖν
3520 684 3577 738 δὲ
3617 687 3712 740 καὶ
3744 705 3883 760 προ-

2296 775 2463 844 τιμᾲν
2495 774 2739 843 ἁγνείαν.
2771 773 2907 828 Οὐδὲ
2949 773 3079 846 γὰρ,
3118 773 3307 847 ἐπειδὴ
3344 775 3455 829 τῶν
3491 775 3667 830 ἄλλων
3692 777 3885 848 ἡδύτα-

2297 864 2393 937 ρόν
2429 866 2546 919 ἐστι
2596 866 2689 919 καὶ
2738 850 3168 939 προσηνέστερον
3214 867 3278 921 τὸ
3324 867 3468 939 μέλι,
3495 868 3565 921 τά
3607 868 3776 924 λοιπά
3814 870 3883 945 δὴ

2293 952 2467 1026 ταύτῃ
2496 953 2811 1026 νομίζεσθαι
2842 956 3110 1027 προσήκει
3144 956 3339 1028 πικρὰ,
3379 957 3556 1010 ὁπόσα
3592 956 3657 1029 δὴ
3688 961 3756 1030 τῇ
3786 960 3882 1030 ἑμ-

2297 1044 2451 1116 φύτῳ
2477 1045 2749 1117 γλυκασίᾳ
2774 1045 3106 1118 κεκέρασται
3144 1045 3253 1101 τῶν
3272 1047 3733 1120 ἀκροδρύων.ἰίαὶ
3759 1048 3883 1102 τού-

2291 1154 2401 1190 των
2453 1138 2553 1209 μὲν
2599 1138 2859 1207 ἐχέγγυον
2904 1140 3160 1212 μάρτυρα
3188 1138 3498 1212 παρέξομαι
3524 1138 3879 1205 τὸνηΠαῦλον,

2297 1227 2474 1282 Ὥστε
2496 1227 2595 1281 καί
2623 1230 2657 1282 ό
2682 1227 2956 1297 γαμίζων,
2979 1228 3228 1298 λέγοντα,
3257 1228 3373 1299 τὴν
3408 1228 3629 1283 ἑαυτοῦ
3664 1228 3898 1298 rapat-

2290 1336 2423 1384 νον,
2443 1317 2641 1385 καλῶς
2657 1318 2839 1374 ποιεῖ·
2859 1310 2959 1375 καί
2980 1320 3107 1389 ὁμὴ
3128 1318 3382 1391 γαμίζων
3395 1319 3686 1389 κρεῖσσον
3699 1320 3879 1378 ποιεῖ.

2292 1412 2369 1464 οὐ
2401 1410 2510 1483 γὰρ
2544 1411 2609 1482 δὴ
2639 1413 2708 1482 τῇ
2731 1409 2827 1465 τοῦ
2855 1414 3164 1484 κρείττονος
3192 1413 3288 1467 καὶ
3322 1411 3659 1485 γλυκυτέρου
3699 1429 3881 1485 παρα-

2290 1499 2437 1555 θέσει
2482 1502 2544 1555 τὸ
2592 1502 2776 1573 ἕτερον
2808 1494 3028 1557 ,ἀνεῖλεν
3057 1502 3434 1575 ἀπαγορεῦσαι
3474 1505 3504 1557 ὁ
3526 1502 3683 1570 λόγος
3709 1520 3725 1533 ο
3756 1502 3875 1557 ἀλλ’

2289 1590 2506 1662 ἑκάστῳ
2526 1591 2588 1645 τὸ
2614 1594 2809 1646 οίκεῖον
2836 1593 2931 1647 καὶ⁸
2959 1591 3234 1655 λυσιτελὲς
3262 1590 3559 1662 ἀπονέμειν
3583 1590 3880 1664 διαθεσμο-

2288 1681 2452 1737 θετεῖ.
2486 1682 2611 1747 Τοῖς
2659 1685 2759 1755 μὲν
2805 1666 3171 1757 γὰρόὑδὲπω
3200 1682 3547 1755 συνεχώρησε
3578 1681 3880 1754 παρθενίας

2287 1778 2471 1845 τυχεῖν
2492 1792 2505 1806 ν
2536 1776 2663 1839 τοὺς
2707 1775 2765 1829 δὲ
2809 1776 2993 1830 οὐκέτι
3025 1774 3275 1844 βούλεται
3303 1773 3622 1847 χραίνεσθαι
3667 1790 3881 1843 φοινισ-

606 1870 779 1925 nitate
816 1879 992 1926 :sunt
1032 1886 1177 1941 quos
1216 1886 1332 1926 non
1363 1873 1600 1941 amplius
1624 1872 2027 1931 titillationibus
2059 1890 2183 1931 eru-

2290 1865 2550 1937 σομένους
2573 1865 2902 1938 ἐρεθισμοῖς,
2947 1866 3082 1920 ἀλλά
3114 1865 3343 1937 μελετᾷν
3393 1862 3721 1919 ἀπεντεῦθεν
3769 1862 3875 1934 ἤδη

605 1960 895 2018 bescentes
918 1963 1193 2033 inquinari
1216 1965 1501 2033 permittit,
1530 1963 1745 2033 sedjam
1765 1966 1890 2023 inde
1906 1969 2180 2035 meditari,

602 2056 977 2127 deincepsque
1003 2057 1248 2128 cogitare
1274 2059 1412 2125 vult,
1445 2060 1703 2131 angelicae
1738 2063 1993 2131 puritatis
2013 2078 2183 2118 aemu-

603 2147 714 2202 lam
748 2162 1041 2217 corporum
1086 2148 1659 2217 transformationem;
1695 2152 1786 2206 ubi
1820 2151 1976 2222 jux‘ta
2014 2169 2183 2209 verax

603 2234 819 2291 Domini
853 2238 1138 2293 oraculum
1167 2255 1180 2293 :
1216 2237 1340 2292 Non
1366 2238 1589 2305 nubunt,
1627 2256 1786 2311 neque
1807 2241 2077 2296 nubuntur
2109 2243 2177 2298 ³³.

600 2326 1056 2399 Quandoquidem
1102 2346 1213 2385 non
1259 2331 1517 2386 omnibus
1567 2332 2036 2389 incontaminatus
2063 2333 2177 2399 ille,

598 2427 655 2475 et
686 2436 796 2490 quo
818 2437 1044 2492 regnum
1078 2423 1342 2477 caelorum
1370 2423 1678 2491 praebeatur
1699 2422 1765 2485 ³³,
1784 2425 2181 2482 eunuchismus

598 2514 846 2565 creditur
880 2530 893 2565 :
927 2510 1025 2565 sed
1055 2510 1165 2565 illis
1193 2509 1483 2575 duntaxat,
1526 2512 1620 2580 qui
1676 2518 1730 2565 et
1760 2526 1975 2583 semper
2005 2515 2183 2570 viren-

596 2612 708 2658 tem
759 2611 815 2658 et
861 2604 1352 2661 incontaminatum
1406 2606 1741 2675 virginitatis
1772 2606 1961 2661 liorem
1998 2607 2182 2662 valent

598 2710 838 2749 servare.
867 2694 1287 2753 Florentissimo
1325 2699 1472 2763 enim
1516 2707 1571 2752 et
1618 2698 1857 2753 maxime
1899 2698 2181 2768 variegato

596 2792 754 2857 prato
781 2787 1088 2856 comparari
1109 2788 1411 2845 Ecclesiam
1458 2789 1623 2845 habet
1661 2789 2015 2860 propheticus
2061 2805 2181 2846 ser-

593 2888 707 2937 mo,
741 2889 849 2930 non
873 2877 1036 2931 modo
1069 2879 1398 2949 virginitatis
1417 2881 1743 2935 distinctam
1770 2888 1824 2936 et
1856 2888 2176 2935 coronatam

595 2962 845 3031 ﬂoribus,
870 2962 967 3025 sed
994 2978 1049 3025 et
1075 2970 1319 3043 coniugii
1352 2978 1407 3027 ct
1430 2958 1807 3046 continentiae.
1859 2970 1927 3026 In
1950 2972 2176 3041 ﬁmbriis

591 3060 743 3115 enim
773 3061 950 3116 aureis
992 3065 1263 3133 variegata
1316 3072 1461 3117 astat
1494 3064 1689 3134 regina.
1711 3080 1743 3116 a
1775 3064 1977 3116 dextris
2009 3079 2177 3133 spon-

593 3152 642 3207 si
674 3152 740 3206 “.

660 3242 789 3299 Haec
834 3246 932 3301 tibi
981 3262 1083 3317 pro
1122 3246 1330 3302 viribus
1358 3262 1460 3318 ego
1493 3246 1650 3310 meis,
1680 3261 1714 3299 o
1736 3246 1919 3311 Arete,
1951 3246 2176 3304 confero

592 3332 663 3387 ad
713 3342 1030 3406 susceptum
1089 3352 1190 3407 pro
1240 3337 1471 3391 veritate
1515 3352 1935 3392 sermonem.—
1966 3334 2180 3401 Quibus

588 3440 623 3479 a
656 3425 960 3497 Theophila
990 3427 1176 3497 dictis,
1208 3430 1325 3485 lene
1358 3447 1387 3484 a
1422 3430 1640 3503 cunctis
1676 3428 1987 3507 virginibus
2009 3429 2181 3485 exsti-

590 3518 727 3573 tisse
759 3534 1009 3574 murmur
1039 3523 1299 3577 narrabat
1340 3521 1671 3592 Theopatra,
1714 3522 1823 3575 illis
1871 3536 2180 3577 sermonem

589 3608 963 3669 laudantibus.
999 3612 1101 3669 Ubi
1132 3622 1316 3669 autem
1348 3630 1616 3670 susurrus
1648 3614 1874 3683 quievit,
1906 3620 2031 3683 post
2060 3613 2183 3666 lon-

585 3717 718 3773 gum
760 3706 1062 3770 silentium,
1116 3707 1493 3762 assurrexisse
1541 3705 1795 3761 Thaliam
1851 3706 1922 3776 (ei
1978 3706 2178 3775 quippe

588 3796 755 3851 tertio
803 3797 925 3852 loco
978 3799 1295 3851 mandatum
1338 3805 1457 3852 erat
1500 3804 1625 3869 past
1654 3796 2013 3868 Theophilam
2046 3811 2180 3851 con-

588 3888 849 3960 certare).
902 3888 976 3944 Ea
1035 3890 1203 3960 igitur
1234 3906 1471 3947 seuuens
1524 3890 1653 3943 hinc
1693 3896 1749 3945 et
1812 3894 1931 3960 ipsa
1980 3904 2177 3945 exorsa

586 3984 693 4035 est.

1023 4204 1481 4297 ORATIO
1559 4207 1747 4293 Ill.

1240 4356 1516 4411 THALiA.

2202 3180 2249 3242 C

2198 4120 2266 4135 α

2287 1958 2381 2012 καί
2406 1956 2772 2027 φαντάζεσθαι
2804 1958 2905 2028 τὴν
2944 1956 3229 2026 ίσάγγελον
3262 1954 3738 2026 μεταστοιχείωσιν
3763 1954 3879 2010 τῶν

2287 2051 2556 2122 σωμάτων
2578 2067 2592 2081 ο
2618 2049 2747 2103 ἔνθα
2768 2050 2912 2103 οὔτε
2941 2048 3263 2118 γαμοῦσιν,
3285 2048 3425 2101 οὔτε
3449 2049 3874 2116 γαμίσκονται,

2283 2142 2423 2196 κατά
2454 2142 2584 2207 τοὺς
2622 2140 2871 2211 ἀψευδεῖς
2897 2140 2994 2194 τοῦ
3032 2138 3237 2211 Κυρίου
3266 2137 3575 2211 χρησμούς*
3608 2140 3729 2191 ἐπεὶ
3770 2155 3881 2209 μη-

2281 2234 2339 2288 δὲ
2366 2234 2532 2288 πᾶσιν
2558 2234 2590 2286 ὅ
2614 2232 2916 2304 ἀμόλυντος
2946 2232 3045 2286 καὶ
3068 2230 3399 2302 παρεκτικὸς
3448 2231 3548 2301 τῆς
3596 2228 3889 2299 βασιλείας

2280 2325 2389 2379 τῶν
2420 2324 2664 2397 οὐρανῶν
2691 2323 3041 2395 εὐνουχισμδς
3069 2321 3454 2393 ὲμπιστεύεται
3474 2338 3487 2350 ·
3518 2320 3654 2374 ἀλλὰ
3689 2322 3878 2391 μόνοις

2281 2416 2524 2486 δηλονότι
2556 2418 2669 2480 τοῖς
2712 2416 2807 2470 καὶ
2832 2415 3152 2487 δυναμένοις
3184 2415 3247 2468 τὸ
3284 2413 3532 2477 ἀειθαλὲς
3561 2413 3742 2477 ἄνθος,
3774 2413 3873 2467 καὶ

2281 2506 2548 2577 ἄχραντον
2591 2506 2693 2577 τῆς
2737 2506 3033 2577 παρθενίας
3063 2499 3319 2577 τηρῆσαι.
3340 2502 3714 2574 ’Δνθηροτάτῳ
3758 2502 3879 2575 γὰρ

2281 2598 2376 2650 καὶ
2408 2595 2786 2667 ποικιλωτάτῳ
2828 2596 3055 2667 λειμῶνι
3104 2593 3498 2661 ἀπεικάξεσθαι
3542 2594 3698 2664 λόγος
3753 2594 3875 2665 εχει
3914 2596 3917 2597 ⁷

2282 2685 2619 2758 προφητικὺς
2646 2686 2748 2756 τὴν
2774 2687 3119 2755 Ἐκκλησίαν,
3135 2688 3193 2738 οὐ
3219 2686 3377 2758 μόνον
3396 2688 3510 2746 τοῖς
3523 2686 3622 2757 τῆς
3645 2683 3877 2753 ἁγνείας

2281 2774 2711 2848 πεποικιλμένην
2745 2777 2838 2831 καὶ
2867 2776 3313 2847 κατεστεμμένην
3341 2775 3579 2839 ἄνθεσιν,
3610 2774 3746 2829 ἀλλά
3776 2776 3873 2831 καὶ

2278 2872 2391 2934 τοῖς
2418 2870 2521 2941 τῆς
2548 2868 2893 2938 τεκνογονίας
2923 2868 3017 2921 καὶ
3058 2870 3172 2931 τοῖς
3203 2866 3552 2938 ἐγκρατείας.
3571 2868 3666 2919 Ἐν
3685 2880 3875 2934 xped-

2277 2960 2495 3028 σωτοῒς
2517 2960 2628 3034 γὰρ
2656 2960 2910 3030 χρυσοῖς
2944 2957 3376 3028 πεποικιλμένη
3418 2957 3535 3012 ἀπὸ
3579 2955 3794 3021 δεξιῶν
3829 2957 3873 3026 ἡ

2273 3053 2622 3117 βασίλισσα
2650 3052 3009 3120 παρίσταται
3036 3048 3130 3103 τοῦ
3159 3050 3417 3121 νυμφίου.

2357 3237 2545 3294 Ταῦτά
2586 3255 2670 3293 σοι
2712 3239 2851 3293 κατὰ
2894 3237 3123 3310 δύναμιν
3164 3238 3321 3307 κάγὼ
3350 3237 3442 3291 τὸν
3495 3238 3772 3309 ἐμαυτῆς,
3824 3230 3874 3291 ὦ

2298 3331 2514 3402 Ἀρετὴ,
2550 3332 2631 3394 είς
2662 3331 2753 3383 τὸν
2783 3330 2910 3400 περὶ
2943 3331 3041 3400 τῆς
3074 3328 3329 3401 ἀληθείας
3374 3330 3750 3402 συμϐάλλομαι
3784 3328 3893 3382 16-

2284 3440 2401 3493 γον.
2436 3421 2803 3490 -Ῑῧξπούσης
2852 3420 2909 3473 δὲ
2943 3420 3118 3474 ταῦτα
3162 3421 3262 3491 τῆς
3299 3419 3592 3489 Θεοφὶλας,
3638 3417 3877 3491 θόρυϐον

2282 3517 2413 3588 ἡδὺν
2446 3516 2510 3569 ἐκ
2546 3513 2734 3569 πασῶν
2766 3514 2801 3584 ἡ
2832 3511 3119 3583 Θεοπάτρα
3138 3512 3243 3583 εφη
3276 3513 3557 3581 γεγονέναι
3587 3511 3695 3565 τῶν
3726 3529 3873 3581 παρ-

2283 3608 2471 3671 θένων,
2499 3603 2835 3660 ὲπαινουσῶν
2866 3604 2958 3657 τὸν
2987 3603 3162 3673 λόγον.
3202 3604 3288 3667 Ὧς
3315 3604 3373 3657 δὲ
3406 3604 3703 3675 ἡσύχασεν,
3740 3619 3873 3656 σιω-⁵

2282 3701 2391 3771 πῆς
2424 3702 2516 3755 ἐπὶ
2559 3698 2693 3753 πολὺ
2735 3696 3067 3767 γενομένης,
3105 3698 3403 3767 ἀναστῆναι
3445 3696 3547 3766 τὴν
3593 3694 3827 3749 Θάλειαν
3851 3711 3867 3725 ·

2284 3794 2457 3866 ταύτῃ
2489 3792 2597 3863 γὰρ
2637 3793 2909 3862 ὲκ’τρὲτου
2942 3788 3317 3865 ὲπετὲτραπτο
3349 3787 3485 3857 μετά
3530 3786 3631 3857 τὴν
3669 3786 3870 3854 Θεοφί-

2284 3884 2382 3937 λαν
2429 3878 2815 3950 ἀγωνίζεσθαιι
2871 3875 3251 3931 ’Υπολασοῦσα
3316 3872 3408 3929 οὖν
3468 3873 3750 3939 ἐντεῦθεν,
3789 3875 3871 3940 ὡς

2282 3973 2455 4047 οἶμαι,
2483 3974 2587 4045 ἤδη
2613 3972 2705 4025 καὶ
2738 3970 2896 4041 αὐτή.

2804 4193 3167 4281 ΛΟΓΟΣ
3242 4193 3352 4281 Γ.

2928 4344 3196 4397 ΘΑΛΕΙΑ.

972 4470 1105 4526 αλιι.
1137 4468 1179 4527 ι.
1205 4470 1379 4524 Locus
1408 4468 1663 4523 Ceueseos
1696 4484 1756 4533 ll,
1784 4468 1873 4532 23,
1910 4468 2001 4532 ΞΔ,
2033 4482 2151 4520 cum
2193 4472 2341 4516 textu
2377 4459 2609 4513 Paulino
2653 4459 2844 4526 Ephes.
2878 4476 2931 4522 v,
2966 4458 3163 4523 23-52,
3196 4457 3448 4511 collatus.

653 4585 783 4642 Mihi
832 4586 1062 4651 videris,
1115 4602 1149 4640 o
1186 4585 1510 4657 TheOphila,
1562 4593 1617 4641 et
1650 4586 1866 4640 actione
1900 4592 1952 4638 et
1984 4583 2169 4637 erudi—
2200 4588 2245 4642 D

584 4679 734 4734 tione
782 4680 1001 4734 cunctis
1056 4679 1391 4748 praecellere,
1446 4695 1546 4733 nec
1593 4677 1849 4746 cuiquam
1888 4675 2171 4744 sapientiae

584 4770 745 4824 laude
768 4770 981 4823 cedere.
1010 4768 1129 4824 Non
1161 4770 1305 4823 enim
1335 4780 1417 4824 est
1449 4770 1541 4838 qui
1575 4767 1973 4838 reprehendere
1998 4767 2172 4834 possit

584 4860 888 4916 orationem
915 4867 1088 4925 tuam,
1121 4863 1207 4915 vel
1237 4863 1283 4917 si
1312 4862 1692 4915 contentiosus
1714 4867 1769 4912 et
1789 4859 2043 4928 pervicax
2075 4858 2166 4912 sit.

590 4954 769 5010 Unum
793 4965 973 5011 tamen
1000 4956 1053 5008 in
1074 4969 1135 5008 ea
1158 4969 1263 5015 me,
1290 4953 1411 5007 aliis
1438 4953 1699 5022 praeclare
1724 4950 1908 5013 dictis,
1930 4965 1963 5003 ο
1983 4951 2163 5012 beata,

586 5049 805 5102 videtur
840 5047 1085 5108 turbare,
1118 5060 1182 5098 ac
1210 5044 1367 5113 quasi
1403 5043 1606 5112 injecto
1644 5040 1905 5110 scrupulo
1938 5040 2166 5095 moleste

588 5137 811 5201 habere,
870 5136 999 5189 dum
1048 5150 1262 5189 mecum
1316 5142 1532 5203 reputo,
1592 5131 1737 5185 haud
1798 5130 2001 5185 frustra
2055 5131 2167 5200 spi-

586 5230 693 5283 ritu
750 5228 1129 5298 plenissimum
1183 5241 1248 5279 ac
1305 5226 1604 5293 sapientem
1660 5224 1876 5285 virum,
1934 5221 2162 5275 Paulum

468 5336 473 5341 '
586 5319 731 5381 dico,
777 5318 833 5371 in
871 5317 1152 5373 Christum
1182 5325 1235 5371 et
1270 5315 1567 5369 Ecclesiam
1601 5313 1901 5369 relaturum
1934 5314 2168 5381 conjun-

2345 4577 2415 4630 Σύ
2452 4597 2539 4648 μοι
2573 4577 2770 4639 δοκεῖς,
2798 4569 2843 4628 ὦ
2873 4575 3131 4643 Θεοφίλα,
3159 4575 3282 4646 ἔφη,
3315 4576 3409 4629 καὶ
3440 4579 3505 4648 τῇ
3542 4575 3739 4647 πράξει
3764 4577 3869 4631 καὶ

2272 4670 2349 4740 τῷ
2377 4670 2520 4741 λόγῳ
2547 4668 2734 4723 πασῶν
2762 4668 3159 4736 κρατιστεύειν,
3188 4670 3283 4723 καὶ
3314 4670 3501 4739 σοφίας
3536 4668 3602 4721 τὰ
3629 4669 3865 4742 δεύτερα

2273 4762 2535 4833 φέρεσθαι
2566 4761 2797 4823 οὐδενός.
2825 4759 2901 4811 Οὐ
2932 4759 3040 4831 γάρ
3071 4762 3218 4818 ἐστιν
3247 4761 3397 4823 ὅστις
3425 4760 3732 4833 αἰτιάσεταί
3757 4779 3859 4815 σου

2278 4856 2370 4907 τὸν
2410 4855 2585 4923 λόγον,
2616 4853 2721 4905 οὐδ’
2762 4853 2809 4903 εἰ
2839 4852 3153 4903 παντάπασι
3189 4852 3489 4920 φιλόνεικος
3524 4850 3606 4921 εἴη
3640 4853 3733 4905 καὶ
3762 4855 3867 4915 ἀνᾴ

2271 4946 2561 5014 τιλογικός.
2596 4946 2742 5013 Πλὴν
2770 4944 2941 4996 ἐκεῖνό
2986 4961 3052 5013 με
3081 4944 3239 5013 μόνον
3263 4985 3280 5008 ,
3320 4942 3426 4996 τῶν
3462 4943 3635 4997 ἄλλων
3679 4944 3861 5015 ὀρθῶς

2274 5038 2603 5109 εἰρημένων,
2628 5030 2671 5088 ὦ
2707 5036 2971 5105 μακαρία,
2998 5037 3144 5087 δοκεῖ
3163 5034 3447 5105 ταράττειν
3475 5050 3532 5085 τε
3560 5036 3651 5088 καὶ
3670 5035 3857 5107 ἁνιᾷν,

2273 5130 2760 5199 ἀναλογιζομένῳ,
2792 5127 2866 5189 ὡς
2902 5128 3001 5179 οὐκ
3041 5126 3107 5179 ἂν
3131 5127 3158 5177 ὁ
3200 5122 3716 5193 πνευματικώτατος
3757 5145 3855 5182 cro—

2275 5224 2374 5289 φὸς
2404 5224 2562 5291 ἀνὴρ,
2607 5221 2699 5273 τὸν
2740 5219 2951 5271 Παῦλον
2988 5217 3131 5284 λέγω
3151 5257 3166 5280 ,
3192 5216 3434 5289 ματαίως
3474 5218 3737 5287 ἀνέφερεν
3768 5221 3859 5284 είς

2272 5314 2505 5384 Χριστὸν
2538 5312 2631 5366 καὶ
2665 5311 2761 5381 τὴν
2792 5309 3140 5380 Ἐκκλησίαν,
3193 5308 3291 5378 τὴν
3333 5307 3581 5380 σύνερξιν
3608 5310 3717 5380 (58)
3753 5311 3855 5367 τού

651 5457 693 5488 ⁸⁸
734 5457 766 5511 1
804 5455 932 5513 Cor.
972 5473 1070 5519 vn,
1110 5457 1199 5512 58.
1242 5457 1288 5487 ”
1328 5455 1522 5510 Manli.
1565 5473 1697 5522 xxu,
1732 5457 1823 5513 '50.
1900 5458 1945 5490 ³³
1976 5456 2172 5511 Matth.

2283 5473 2333 5521 ι,
2391 5457 2480 5511 12.
2558 5454 2604 5486 ³⁸⁵
2645 5454 2796 5510 Ρδοί.
2838 5469 2988 5516 xuv,
3028 5453 3113 5508 10.

657 5590 769 5663 (38)
804 5591 923 5659 Τὴν
960 5594 1266 5662 σύνερξιν.
1306 5594 1467 5648 Malui
1510 5598 1747 5663 retinere
1790 5595 1915 5651 Vat.
1941 5612 2155 5658 vocem,

2266 5597 2515 5651 muniore
2563 5602 2860 5676 exponant.
2903 5594 2980 5676 Ea
3023 5592 3390 5675 utitur-Plato
3430 5590 3849 5676 in_eam_ipsam

584 5662 920 5737 quodetiam
951 5664 1004 5717 in
1030 5665 1252 5733 reliquis
1275 5667 1617 5737 postmodum
1650 5662 1945 5737 repetatur,
1978 5676 2157 5737 utap-
2264 5682 2404 5731 rem,
2450 5682 2550 5737 pro
2590 5662 2693 5721 viri
2736 5666 3015 5737 et‘uxoris
3056 5664 3299 5737 quasiin
3338 5668 3571 5720 secreto,
3621 5662 3856 5737 copula-

627 5734 1069 5803 areatglossema
1096 5749 1219 5789 esse
1242 5736 1385 5803 quod
1416 5734 1578 5788 Allat.
1609 5744 1663 5790 et
1693 5736 1826 5790 Μαι.
1858 5736 1949 5790 hic
1975 5734 2159 5800 σύζευ-

627 5747 773 5785 areat
798 5747 1069 5801 glossema
1096 5749 1219 5789 esse
1242 5747 1385 5803 quod
1416 5747 1578 5788 Allat.
1609 5747 1663 5790 et
1693 5747 1826 5790 Maz.
1858 5747 1949 5790 hic
1975 5747 2158 5800 σῠςευ-

584 5747 664 5867 Eu
694 5801 937 5857 habent:
968 5804 1126 5875 quasi
1155 5805 1415 5861 rariorem
1457 5820 1667 5875 vocem,
1711 5813 1769 5862 ut
1802 5807 1960 5875 solet,
2004 5822 2158 5864 cos:-

2268 5730 2609 5805 tione.'_quze
2654 5735 2991 5805 nuptiarum
3019 5730 3337 5805 mysterium
3380 5737 3486 5805 est.
3522 5730 3667 5805 qugd
3696 5730 3852 5798 Apo-

2268 5806 2444 5865 stolus
2473 5798 2527 5860 in
2556 5798 2833 5861 Christum
2869 5812 2922 5862 et
2953 5798 3249 5861 Eccleslam
3281 5800 3560 5856 translert.
3602 5798 3845 5857 (low.
