4090 6318
552 364 555 366 ν
590 342 667 399 03
1576 340 1637 398 8.
1679 338 2021 398 moon
2054 337 2212 399 ΕΡῙὸ

2299 340 2374 398 ’1³1
2406 338 2499 398 ΕΤ
2538 337 2903 397 ωτιιιιε
3801 339 3878 398 64

590 464 747 520 ducit
780 480 795 517 :
830 460 928 517 sed
964 466 1164 518 cuncta
1211 460 1451 517 mirabili
1492 460 1731 532 quadam
1774 459 2186 519 necessitudine

2299 461 2439 535 κύτῷ
2476 461 2705 533 σκέμμα
2731 461 2833 534 τῆς
2865 458 3180 525 ἀποθέσεως
3213 460 3605 533 ἀπεργάζεται.
3628 458 3750 532 Χρὴ
3778 454 3882 515 οὖν

589 570 659 612 ac
684 571 829 612 nexu
857 556 1177 626 complexus
1197 592 1214 620 ,
1268 555 1535 613 instituta
1567 569 1600 610 ι
1630 570 1695 612 se
1718 553 2185 611 considerationis

589 664 765 707 unum
789 649 1179 720 argumentum
1207 649 1464 705 absolvit.
1511 647 1703 721 Opera
1741 651 1978 721 pretium
2014 649 2186 720 igitur

589 743 808 803 factura
833 744 1047 810 videar,
1092 744 1140 801 si
1171 744 2026 817 apostolicam-sententiarum
2054 758 2185 802 sen-

2294 572 2364 628 μι
2383 552 2781 625 ἀκριϐέστερον
2810 552 3155 618 ἀνακαλύψαι
3185 552 3277 609 τὸν
3306 550 3431 606 νοῦν
3467 552 3578 606 τῶν
3609 551 3752 606 κατά
3785 551 3882 607 τὺν

2303 644 2630 702 ’Δπύστολον
2672 645 3141 717 ἐπιχειρημάτων,
3199 644 3355 699 οὐδὲν
3408 643 3537 700 τῶνλ
3568 641 3881 719 ἔμπροσθα

2290 738 2601 811 εἰρημένων
2631 735 3099 809 ἀνακρουομένην.
3452 748 3475 761 ’

590 853 716 897 sum
760 841 926 911 paulo
970 839 1288 895 accuratius
1329 839 1718 910 explicavero;
1764 837 1841 897 ita
1884 843 2095 902 tamen,
2153 843 2216 891 ut
2268 847 2466 891 earum
2500 843 2627 903 quae
2657 829 2774 901 iam
2813 828 2870 885 in
2916 828 3299 901 superioribus
3344 828 3493 885 dicta
3532 835 3687 895 sunt,
3742 824 3882 882 nihil

590 948 858 1004 nimiam.

661 1050 896 1107 Abunde
920 1051 1069 1107 enim
1102 1060 1267 1122 atque
1299 1051 1565 1123 praeiere
1590 1051 1686 1107 illa
1720 1065 1945 1125 quoque
1976 1048 2187 1106 videris

590 1145 973 1211 edisseruisse,
999 1146 1240 1205 cautius.
1271 1159 1304 1198 υ
1326 1143 1651 1215 Theophila,
1674 1144 1794 1217 ipsa
1814 1156 1981 1217 prout
1999 1145 2190 1215 iacent

589 1236 892 1310 Scriptum
920 1238 1085 1292 verba
1117 1253 1419 1308 exponens.
1454 1236 1591 1293 Nam
1616 1252 1793 1309 neque
1824 1238 2070 1309 periculo
2091 1254 2189 1293 va-

587 1339 704 1392 cat,
736 1330 971 1399 subjeCti
1005 1336 1190 1385 textus
1230 1329 1419 1393 verba,
1471 1329 1549 1385 uti
1580 1330 1795 1386 dictum
1823 1338 1932 1396 est,
1958 1332 2188 1388 omnino

588 1434 874 1494 spernere,
900 1424 1202 1489 praesertim
1236 1421 1537 1489 Geneseos,
1570 1422 1666 1476 ubi
1694 1423 1983 1479 condenda
2003 1438 2189 1480 rerum

591 1511 762 1581 hujus
802 1512 1182 1568 universitatis
1232 1513 1376 1568 mole
1419 1526 1484 1567 ac
1527 1512 1839 1579 statuenda,
1887 1514 2191 1570 immobilia

589 1602 689 1661 Dei
721 1604 977 1660 feruntur
1024 1605 1247 1660 oracula
1279 1619 1345 1659 ac
1391 1604 1612 1659 decreta
1647 1623 1660 1659 :
1690 1605 1894 1675 quibus
1939 1606 1997 1660 in
2041 1607 2191 1662 hunc

590 1713 770 1768 usque
798 1697 943 1753 diem
973 1704 1196 1766 aptatus
1240 1698 1503 1760 mundus,
1544 1697 1663 1752 suis
1695 1698 1903 1754 sensim
1936 1699 2189 1771 partibus

2376 1040 2603 1105 Ἱκανῶς
2629 1039 2740 1113 γὰρ
2781 1040 3010 1094 κάκεῖνά
3026 1057 3126 1111 μοι
3152 1038 3582 1113 δωεεπηλυθέναι
3612 1042 3709 1095 καὶ
3739 1042 3885 1115 λαμ-

2293 1134 2451 1207 πρῶς
2479 1132 2678 1200 δοκεῖς,
2713 1132 3159 1206 ἀκινδυνότερον,
3194 1127 3241 1187 ὧ
3277 1133 3533 1204 Θεοφίλα,
3555 1134 3624 1187 τά
3661 1136 3887 1207 ῥήματα

2292 1225 2397 1297 τῆς
2439 1224 2687 1297 Γραφῆς.
2726 1225 2804 1290 ὡς
2846 1220 3014 1297 εἶχεν,
3053 1226 3559 1300 ἐπεξεργασαμένη,
3607 1228 3885 1301 Σφαλερδν

2294 1318 2406 1392 τάρ
2438 1320 2617 1390 πάντη
2650 1323 3014 1393 καταφρονεῖν
3055 1320 3165 1376 τῶν
3203 1321 3495 1392 κειμένων,
3527 1322 3605 1385 ὡς
3638 1324 3882 1394 εἴρηται,

2296 1410 2541 1485 μάλιστα
2556 1412 2656 1483 τῆς
2677 1413 2970 1488 Γεγέσςως,
2991 1412 3123 1468 ἔνθα
3148 1414 3451 1487 ἀποφάσεις
3470 1415 3887 1487 ἀπαράλλακτος

2292 1502 2549 1576 φέρονται
2580 1502 2677 1557 τοῦ
2700 1502 2843 1558 Θεοῦ
2868 1506 2952 1570 τίς
2986 1504 3088 1578 τὴν
3127 1504 3383 1559 σύστασιν
3414 1504 3510 1558 τοῦ
3539 1504 3761 1568 παντὸς,
3791 1498 3887 1569 αἷς

2290 1596 2659 1669 ἡρμοσμένως
2696 1596 2866 1651 είσέτι
2910 1598 3007 1651 καὶ
3052 1596 3147 1651 νῦν
3195 1597 3455 1653 κάλλιστα
3484 1598 3632 1653 κατὰ
3682 1598 3889 1671 μέτρον

2291 1674 2477 1741 τέλεον
2504 1685 2868 1745 ἀπυθύνεται
2903 1688 3127 1754 τελείως
3157 1690 3188 1743 ὸ
3218 1690 3444 1762 κόσμος,
3471 1690 3581 1744 ἔστ’
3613 1688 3679 1743 ἂν
3717 1690 3888 1744 αὐτὸν

593 1790 837 1861 perfecte
859 1790 1118 1862 dirigitur
1139 1832 1155 1856 ,
1192 1790 1371 1847 donec
1401 1807 1599 1847 rursus
1629 1793 1746 1861 ipse
1771 1794 1868 1864 qui
1896 1796 2196 1850 concinna—

2299 1777 2460 1832 πάλιν
2479 1777 2644 1844 αύτδς
2664 1782 2693 1833 ὁ
2707 1780 3082 1853 διακοσμήσας
3099 1781 3416 1853 νομοθέτης,
3429 1780 3891 1855 ἀναστοιχειιῖισαι

592 1883 674 1936 vit
716 1882 1016 1952 legislator,
1065 1898 1206 1952 opus
1230 1897 1391 1937 suum
1414 1882 1713 1939 reformare
1736 1884 1946 1951 volens,
1979 1887 2189 1956 primas

591 1986 807 2029 natura:
849 1973 997 2045 leges
1045 1975 1152 2029 alia
1201 1974 1595 2032 constitutione
1640 1977 2029 2050 antiquaverit.
2079 1975 2189 2034 Sed

585 2065 855 2136 quoniam
899 2080 1010 2120 non
1039 2066 1198 2121 decet
1234 2066 1633 2137 inexploratam
1661 2083 1727 2124 ac
1768 2069 1919 2126 velut
1958 2070 2190 2127 dimidia

588 2170 691 2212 sua
719 2165 874 2227 parte
900 2156 1304 2214 claudicantem
1343 2159 1770 2231 explicationem
1803 2161 2073 2219 doctrinae
2102 2180 2193 2221 re-

589 2248 874 2319 linquere;
907 2263 1027 2321 age,
1052 2250 1413 2321 anagogicum
1436 2265 1657 2322 quoque
1686 2252 1910 2325 litterati
1940 2269 2189 2320 sensum,

588 2341 741 2398 velut
763 2342 997 2397 alterum
1034 2340 1175 2413 biga
1225 2341 1429 2395 animal
1490 2342 1808 2410 reddamus,
1864 2345 2194 2415 profundius

590 2432 737 2491 hanc
786 2435 1133 2505 scripturam
1181 2426 1541 2504 speculando.
1582 2433 1704 2491 Non
1730 2436 1877 2490 enim
1913 2437 1959 2493 is
1987 2446 2073 2494 est
2098 2439 2194 2510 qui

590 2524 873 2582 contemni
900 2524 1326 2597 possitPaulus,
1364 2540 1528 2596 quem
1554 2525 1717 2582 modo
1742 2526 2001 2594 vidimus,
2040 2534 2196 2583 tran-

588 2632 790 2674 scenso
821 2604 957 2673 dicti
996 2616 1165 2687 hujus
1211 2618 1427 2688 vulgari
1473 2632 1666 2680 sensu.
1721 2618 1791 2674 ad
1824 2619 2031 2676 Christi
2061 2619 2196 2676 illud

590 2710 919 2783 mysterium
948 2707 1321 2781 Ecclesiteque
1356 2708 1691 2766 traduxisse.

2295 1870 2599 1943 βουληθεὶς,
2637 1872 2809 1944 ἑτέρῳ
2837 1871 3169 1944 διατάγματι
3196 1874 3325 1938 τοὺς
3358 1872 3609 1945 πρώτως
3640 1874 3743 1944 τῆς
3777 1871 3893 1942 φύ-

2296 1978 2437 2027 σεως
2486 1963 2733 2039 ἀναλύσῃ
2776 1964 3035 2037 θεσμούς.
3077 1966 3217 2020 Ἀλλ’
3268 1968 3393 2020 ἐπεὶ
3435 1968 3495 2020 οὐ
3542 1967 3651 2040 χρὴ
3700 1964 3895 2033 ἀνεξέ-

2294 2052 2547 2123 λεγκτον,
2578 2057 2673 2111 καὶ
2699 2056 2890 2130 ὥσπερ
2914 2057 2973 2125 ἐξ
3002 2059 3262 2131 ἡμισείας
3287 2058 3467 2131 χωλὴν
3488 2059 3587 2132 τὴν
3613 2057 3896 2123 ἀπόδειξιν

2294 2147 2393 2202 τοῦ
2443 2148 2605 2218 λόγου
2651 2150 2977 2222 καταλεϊψαι
2995 2168 3010 2183 °
3062 2152 3196 2223 φέρε
3227 2151 3293 2224 δὴ
3325 2152 3420 2207 καὶ
3449 2151 3549 2223 τὴν
3591 2153 3714 2205 κατ’
3758 2152 3901 2205 ἀνα-

2296 2239 2486 2311 γωγὴν
2516 2240 2654 2311 αὐτῇ
2683 2237 2948 2311 συζυγίαν
3002 2240 3292 2313 ἀποδῶμεν
3336 2243 3533 2313 ἡμεῖς,
3590 2240 3900 2312 βαθύτερον

2294 2330 2739 2403 ὲπισκεψάμεναι
2790 2332 2892 2404 τὴν
2936 2333 3181 2406 Γραφήν.
3232 2333 3310 2387 υύ
3365 2332 3474 2407 γὰρ
3528 2332 3622 2388 τοῦ
3674 2333 3901 2391 Παύλου

2296 2424 2759 2495 καταφρονητέον,
2788 2422 2885 2479 τοῦ
2918 2424 3451 2497 ύπεραναδαίνοντος
3479 2425 3543 2480 τὸ
3573 2427 3763 2498 ῥητὸν,
3798 2425 3903 2479 καὶ

2295 2516 2377 2577 εἰς
2402 2514 2495 2568 τδν
2526 2514 2763 2587 Χριστὸν
2794 2516 2928 2572 αὐτὸ
2956 2517 3253 2573 συντείνειν
3293 2518 3388 2574 καὶ
3415 2519 3518 2589 τὴν
3556 2518 3902 2591 Ἐκκλησίαν

2305 2606 2755 2684 ἀποφηναμένου.
2838 2604 2839 2607 “

1383 2828 1517 2884 ΟΜ).
1553 2826 1643 2883 lll.
1684 2827 1858 2884 Primi
1885 2829 2058 2888 Adam
2081 2834 2376 2891 διησκηάὶ
2400 2837 2740 2913 comparatio
2770 2837 3050 2896 instituta.

660 2944 839 3017 Atque
867 2946 955 3003 hic
989 2948 1230 3019 primum
1262 2946 1683 3019 disquirendum
1714 2964 1786 3003 an
1829 2948 2004 3005 Adam
2030 2966 2192 3007 com-

2377 2958 2488 3016 Kal
2532 2957 2753 3030 πρῶτον
2798 2956 3152 3025 ἐξεταστέον,
3195 2962 3245 3015 εί
3296 2960 3470 3033 ’Δδάμ
3507 2960 3621 3035 (40)
3661 2962 3910 3019 ἀπεικάο

588 3041 783 3112 parari
804 3041 980 3112 possit
1012 3040 1153 3096 Filio
1185 3041 1316 3095 Dei:
1349 3041 1462 3105 ille,
1491 3040 1742 3111 inquam,
1769 3040 1947 3097 Adam
2003 3044 2061 3099 in
2108 3045 2191 3099 la-

2301 3047 2492 3113 ζεσθαι
2522 3048 2747 3103 δύναται
2791 3049 2871 3122 τῷ
2918 3050 3027 3123 rte
3056 3050 3150 3105 τοῦ
3176 3051 3337 3120 Θεοῦ,
3369 3054 3428 3106 ὲν
3466 3051 3546 3124 τῷ
3588 3053 3905 3127 παραπτώ-

588 3146 695 3205 psu
745 3133 1213 3204 pmvaricationis
1237 3132 1616 3203 deprehensus
1641 3172 1656 3197 ,
1688 3135 1895 3205 quique
1939 3134 2150 3192 audivit
2178 3154 2198 3192 :

597 3228 765 3283 Terra
792 3244 869 3292 ea,
896 3235 945 3281 et
982 3227 1037 3281 in
1072 3236 1272 3280 terram
1313 3229 1590 3283 reverteris
1626 3227 1692 3282 ⁸⁸.
1746 3226 2037 3293 Quomodo
2064 3244 2200 3287 vero

591 3321 761 3377 etiam
818 3319 1213 3391 Primogenitus
1250 3321 1424 3375 omnis
1468 3329 1732 3377 creatura!
1770 3321 1816 3353 "
1859 3321 2145 3393 putabitur
2172 3360 2191 3390 ,

591 3412 688 3483 qui
723 3419 847 3482 post
878 3422 1079 3467 terram
1123 3420 1177 3466 et
1212 3411 1617 3467 ﬁrmamentum
1642 3408 1645 3409 ⁷
1668 3429 1703 3469 e
1752 3412 1870 3468 luto
1927 3412 2199 3472 formatus

592 3505 719 3562 est?
748 3503 961 3561 Rursus
988 3520 1097 3576 qua
1126 3506 1342 3563 ratione
1392 3506 1600 3577 lignum
1629 3506 1756 3561 vitm
1795 3506 1843 3539 “
1892 3520 2019 3562 eum
2073 3521 2201 3565 esse

591 3599 945 3664 concedetur,
964 3603 1059 3670 qui
1099 3600 1319 3669 eiicitur
1342 3608 1565 3673 propter
1594 3601 2099 3674 praevaricationem
2116 3603 2195 3673 “,

586 3705 665 3750 ne
702 3709 899 3750 rursus
930 3693 1193 3748 extendat
1222 3708 1448 3749 manum
1490 3703 1546 3750 et
1580 3694 1844 3751 comedat
1871 3711 1939 3750 ex
1969 3696 2110 3766 ipso,
2143 3701 2200 3752 et

591 3784 740 3841 vivat
764 3785 823 3839 iu
852 3783 1159 3839 aeternum?
1186 3781 1345 3851 Quod
1397 3783 1546 3839 enim
1592 3792 1950 3856 comparatur
1998 3786 2195 3853 alteri,

594 3876 677 3963 illi
701 3877 956 3955 pluribus
982 3877 1177 3933 simile.
1203 3872 1437 3933 exsistat
1470 3892 1699 3933 necesse
1742 3879 1818 3933 sit
1874 3893 1941 3933 ac
1996 3878 2157 3935 aliine
2177 3920 2195 3945 ,

595 3980 710 4022 non
739 3966 1018 4022 contrario
1072 3966 1233 4035 plane
1278 3965 1441 4020 modo
1498 3980 1564 4020 ac
1607 3966 1960 4024 dissentanee
1989 3983 2050 4024 se
2096 3967 2200 4022 ha-

596 4059 747 4120 beat,
780 4066 835 4115 et
854 4059 1013 4130 quasi
1042 4074 1110 4115 ex
1135 4059 1404 4131 oppositis
1424 4060 1713 4117 consistat.
1746 4059 1918 4118 Nemo
1938 4062 2084 4118 enim
2101 4063 2198 4135 qui

592 4153 772 4225 impar
800 4154 951 4223 pari,
998 4161 1053 4209 et
1081 4153 1463 4210 harmonicum
1488 4164 1820 4211 concentum
1845 4171 1954 4211 non
1979 4155 2199 4211 harmo-

595 4247 722 4304 nico
778 4247 1248 4318 dissentaneoque
1293 4263 1619 4320 comparare
1669 4249 1890 4316 audeat,
1927 4249 2197 4321 sapientis

596 4339 816 4396 laudem
847 4341 1226 4413 consequitur.
1273 4342 1382 4398 Sed
1413 4357 1513 4414 par
1539 4352 1737 4397 natura
1766 4343 1885 4413 pari
1914 4342 2063 4398 haud
2090 4343 2193 4396 im-

2304 3158 2436 3213 ματι
2463 3142 2566 3213 τῆς
2597 3142 2966 3215 παρασάσεως
2996 3144 3262 3218 εὑρεθεὶς,
3292 3146 3387 3199 καὶ
3419 3145 3660 3210 ἀκούσας
3687 3149 3775 3209 τὸ,
3801 3144 3906 3218 Γῆ

2299 3228 2374 3298 εἴ,
2405 3233 2505 3287 καὶ
2530 3236 2619 3301 εις
2642 3233 2764 3303 γῆν
2787 3235 3128 3306 ἀπελεύσῃ.
3153 3233 3281 3300 Πῶς
3305 3235 3361 3289 δὲ
3389 3236 3485 3289 καὶ
3510 3236 3911 3305 Πρωτότοκος

2298 3312 2506 3395 ἐάσῃς
2539 3325 2650 3396 τῆς
2684 3329 2941 3394 κτίσεως
2965 3328 3379 3401 νομισθήσεται,
3409 3329 3439 3381 ὁ
3470 3328 3608 3399 μετὰ
3650 3329 3751 3401 τὴν
3789 3328 3911 3400 γῆν

2299 3419 2396 3472 καὶ
2425 3419 2489 3473 τὸ
2525 3418 2814 3493 στερέωμα
2841 3420 3427 3492 πηλοπλαστούμενος;
3453 3420 3579 3485 Πῶς
3603 3421 3663 3474 δὲ
3705 3422 3803 3476 καὶ
3838 3420 3913 3477 τδ

2302 3506 2460 3575 ξύλον
2489 3511 2592 3581 τῆς
2634 3511 2781 3582 ζωῆς
2806 3511 2976 3574 αὐτὸς
3012 3506 3167 3567 εῖναι.
3192 3502 3701 3583 συγχωρηθήσεται,
3742 3511 3774 3563 ὁ
3805 3510 3913 3565 ὲκ-

2300 3600 2632 3673 εαλλόμενος
2666 3602 2757 3658 διὰ
2790 3604 2892 3675 τὴν
2927 3601 3274 3675 παράϐασιν,
3319 3603 3408 3656 ἴνα
3448 3600 3556 3673 μὴ,
3594 3600 3759 3655 ⁴ιιάλιν
3796 3602 3911 3655 ὲκ-

2300 3693 2482 3759 τείνας
2510 3694 2612 3759 τὴν
2651 3698 2810 3767 χεῖρα
2842 3697 2941 3750 καὶ⁸
2971 3693 3165 3766 φαγὼν
3196 3696 3293 3748 ἀπ’
3324 3692 3510 3758 αὑτοῦ,
3556 3693 3784 3765 ζήσεται
3816 3696 3913 3759 είς

2300 3784 2395 3839 τὸν
2435 3784 2646 3852 αἰῶνας
2677 3792 2698 3810 “
2724 3786 2801 3840 Τὸ
2838 3786 2949 3859 γὰρ
2980 3785 3417 3858 ἀπεικαζόμενον
3448 3785 3641 3858 ἐκείνῳ
3660 3779 3723 3840 οὗ
3750 3789 3914 3842 ἐστιν

2298 3878 2623 3950 ἀπείκασμα
2647 3916 2662 3942 ,
2724 3878 3046 3951 ὁμοιοῦσθαι
3104 3879 3201 3934 atat
3253 3877 3699 3950 παραϐάλλεσθαι
3752 3877 3914 3937 κατὰ

2300 3970 2473 4025 πολλά
2491 3972 2622 4043 χρὴ,
2652 3970 2789 4026 ἀλλά
2822 3973 2901 4045 μὴ
2943 3975 3009 4027 ὲκ
3039 3972 3150 4027 τῶν
3188 3971 3452 4027 ιναντίων
3484 3974 3582 4028 καὶ
3612 3973 3913 4029 ἀνοικείων

2298 4064 2401 4137 τὴν
2430 4064 2692 4119 σύστασιν
2723 4062 2889 4137 ἔχειν.
2923 4064 2999 4118 Οὐ
3036 4062 3149 4135 γὰρ
3179 4062 3247 4117 ἂν
3275 4063 3337 4117 τὺ
3363 4062 3550 4117 ἄνισον
3578 4061 3660 4134 τῷ
3698 4062 3911 4135 ἀρτίῳ,

2299 4156 2334 4228 ἢ
2357 4157 2457 4229 τὴν
2487 4156 2756 4229 ἁρμονίαν
2780 4159 2848 4229 τῇ
2880 4154 3230 4229 ἀναρμοστία
3258 4172 3343 4220 τις
3376 4153 3623 4220 ὲξισάσαι
3657 4152 3910 4226 τολμῶν,

2299 4249 2376 4312 ὡς
2408 4249 2634 4322 ἔμφρων
2671 4248 3131 4321 ἀποδεχθήσεταιο
3179 4245 3317 4301 ἀλλά
3353 4246 3417 4300 τδ
3455 4246 3571 4301 ἴσον
3612 4245 3692 4319 τῶ
3732 4246 3912 4317 φύσει.

2303 4340 2424 4411 ἴσῳ,
2456 4340 2560 4395 κᾶν
2592 4338 2654 4406 ἐξ
2695 4341 2879 4410 ὀλίγου
2924 4339 3039 4394 τσον
3068 4338 3126 4411 ᾖ,
3148 4339 3244 4394 καὶ
3286 4339 3349 4393 τὺ
3389 4338 3586 4393 λευκὸν
3612 4337 3695 4410 τῷ
3735 4339 3913 4410 φύσει

595 4433 795 4486 merito
828 4441 1180 4503 comparetur
1204 4472 1219 4497 ,
1280 4432 1385 4489 etsi
1427 4432 1607 4489 solum
1642 4433 1860 4489 modico
1913 4447 2013 4505 par
2040 4433 2194 4488 exsi-

2299 4432 2497 4503 λευκῷ,
2530 4432 2633 4487 κᾶν
2664 4433 2798 4489 αὐτὸ
2839 4432 3179 4505 βραχύτατον
3221 4427 3257 4505 ᾗ
3289 4430 3386 4485 καὶ
3422 4432 3660 4503 μετρίως
3693 4432 3913 4503 φαντά-

595 4528 740 4589 stat;
777 4523 1074 4593 albumque
1102 4523 1230 4579 albo
1259 4532 1478 4588 natura,
1498 4525 1604 4580 etsi
1627 4524 2064 4579 minutissimum
2097 4524 2193 4590 sit,

597 4613 856 4684 illiusque
882 4614 1156 4670 albedinis
1194 4631 1417 4672 sensum
1476 4617 1692 4673 modice
1724 4615 1961 4680 referat,
1996 4622 2192 4686 quate-

595 4720 705 4765 nus
730 4707 909 4773 ipsum
950 4720 1171 4776 quoque
1198 4707 1383 4764 album
1428 4701 1649 4767 audiat;
1694 4706 1816 4764 Iam
1849 4723 1948 4779 par
1977 4715 2033 4771 et
2059 4708 2192 4762 har-

597 4799 877 4859 monicum
906 4806 963 4855 et
994 4798 1239 4856 candore
1272 4802 1622 4873 splendidum
1672 4803 1889 4859 cunctis
1916 4802 2079 4875 plane
2106 4802 2192 4858 ci-

2302 4524 2453 4591 ζοιτο
2484 4524 2585 4596 τὴν
2634 4524 2939 4595 λευκότητα
2994 4524 3244 4586 ἐκείνου,
3279 4522 3348 4576 δι’
3403 4522 3472 4595 ην
3510 4522 3580 4597 δὴ
3621 4524 3716 4579 καὶ
3764 4523 3918 4583 αὐτὸ

2303 4620 2524 4686 λέγεται
2554 4618 2769 4673 λευκόν.
2807 4620 2951 4671 Ἴσον
2976 4616 3032 4671 δὲ
3069 4617 3164 4670 καὶ
3200 4615 3463 4687 ἁρμόνιον
3498 4617 3593 4671 καὶ
3622 4616 3912 4691 λαμπρὸν,

2300 4710 2365 4763 τὸ
2390 4709 2783 4782 ἀναμάρτητον
2829 4704 2973 4763 εἶναι
3008 4706 3106 4761 καὶ
3145 4706 3474 4779 ἀδιάφθορον
3504 4708 3915 4778 ἀνενδοιάστως

2302 4802 2467 4857 παντί
2500 4819 2603 4855 που
2645 4802 2839 4872 σαφὲς,
2865 4799 2966 4873 τὴν
3006 4798 3199 4868 σοφίαν
3221 4797 3368 4871 (δυο
3412 4798 3671 4872 ἀνάρτιον
3708 4800 3769 4855 δὲ
3808 4802 3912 4857 καὶ

671 4951 716 4984 ⁸³
757 4949 885 5007 Gen.
916 4970 999 5021 ιιι,
1025 4954 1113 5011 l9.
1188 4955 1233 4987 ³’
1253 4955 1465 5012 Colon.
1501 4972 1541 5023 I,
1581 4956 1672 5014 l5.
1738 4958 1785 4991 ⁵⁸
1818 4956 1984 5029 Apoc.
2030 4972 2091 5024 ιι,
2134 4957 2185 5012 7.

2299 4961 2304 4990 ί
2345 4956 2477 5015 Gen.
2521 4972 2607 5025 ιιι,
2645 4955 2739 5012 22.

674 5123 787 5200 (40)
820 5126 890 5200 Εἰ
944 5126 1137 5200 ᾎδάμ.
1187 5124 1422 5200 Allatius
1467 5129 1839 5199 parenthesim
1870 5129 2195 5200 interponit.

598 5196 899 5269 Είκὸςᾼγὰρ
941 5197 1389 5269 ἀντιπαραθεῖναί
1430 5196 1582 5264 τινας
1620 5200 1807 5254 ἄλλοτε
1841 5196 2044 5265 ἄλλωςῖ
2081 5201 2199 5265 πῶς

595 5268 626 5319 ὁ
670 5266 875 5336 Ἀδάμ,
908 5283 1030 5339 quae
1062 5266 1185 5324 aliis
1221 5270 1685 5339 desiderantibus,
1739 5286 1849 5325 non
1896 5272 2199 5327 admodum

598 5339 913 5413 necessaria
932 5338 1069 5413 mihi
1094 5342 1211 5394 visa
1235 5349 1357 5413 est;
1378 5348 1442 5413 et
1472 5339 1610 5396 forte
1640 5341 1889 5397 scholion
1922 5344 2015 5405 sit,
2050 5342 2197 5413 quod

598 5407 655 5484 in
691 5410 1212 5484 textuurirrepserit
1243 5430 1256 5465 :
1294 5412 1385 5465 ubi
1419 5413 1653 5484 Allatius
1682 5407 2093 5484 ἀντιπροθείναί
2123 5414 2201 5467 le-

598 5480 696 5547 git.
738 5480 1103 5551 reddiditquc,
1139 5479 1263 5535 Non
1290 5484 1431 5536 enim
1460 5482 1670 5537 dedecet
1705 5479 1863 5538 alias"
1891 5484 1998 5538 alio
2042 5484 2200 5539 modo

596 5557 650 5623 e_t
677 5557 905 5617 tempore
927 5552 1379 5608 considerationes
1408 5557 1757 5623 interponere.
1785 5554 1965 5609 Malim
1990 5564 2196 5619 tamen,

599 5616 715 5671 Par
748 5616 888 5674 enim
914 5637 992 5677 est
1023 5624 1286 5694 quosdam
1330 5626 1468 5679 alias
1514 5616 1672 5680 aliter
1716 5627 1858 5680 inter
1891 5643 1947 5681 se
1986 5616 2202 5694 compa;

599 5704 743 5768 uere.
792 5709 895 5768 seu
938 5709 1295 5764 comparare;
1332 5696 1389 5749 id
1430 5706 1535 5763 est,
1590 5698 1896 5753 secundum
1947 5698 2111 5751 aliam
2147 5704 2201 5752 et

602 5761 767 5812 aliam
802 5761 1198 5838 rationein—pro
1228 5768 1349 5821 loco
1378 5777 1433 5821 et.
1459 5761 1719 5837 tempore,
1752 5768 2028 5838 quomodo
2056 5768 2201 5823 idem

607 5844 754 5901 smpc
797 5836 1094 5891 contrariis
1134 5847 1505 5909 comparatur,
1556 5836 1616 5894 ut
1658 5836 1806 5911 quod
1847 5849 1902 5896 et
1942 5840 2200 5897 Christus

2304 5130 2394 5185 leo
2434 5128 2658 5193 dicitur,
2706 5134 2764 5183 et
2801 5125 3099 5183 diabolus:
3132 5123 3324 5195 sicque
3367 5122 3529 5197 fuerit
3576 5122 3720 5197 istud
3764 5138 3912 5197 ττρο-

2305 5199 2595 5272 διόρθωσις
2639 5198 2707 5272 ad
2757 5196 3587 5272 sequentem_comparationem
3634 5195 3824 5272 primi
3849 5202 3914 5251 et

2308 5264 2536 5327 secundi
2571 5271 2765 5332 Adam,
2811 5264 2867 5323 in
2912 5281 3020 5338 qua
3062 5264 3369 5322 Methodius
3410 5282 3521 5321 non
3552 5264 3781 5321 omnino
3815 5281 3913 5321 re.-

2308 5352 2457 5397 ctum
2486 5340 2746 5397 servavit.
2775 5339 3068 5395 COIBEFIS.

2382 5414 2495 5485 (41)
2531 5412 2650 5481 Τὴν
2695 5412 2941 5485 σοφίαν.
2971 5407 3240 5485 _Hiulcam
3288 5406 3392 5463 sibi
3452 5408 3702 5485 litteram
3745 5406 3915 5479 tingit

2310 5479 2604 5539 Po'ssi'nius
2628 5479 2935 5549 redditque,
2963 5482 3020 5535 in
3041 5479 3285 5549 confesso
3305 5489 3385 5533 est
3418 5484 3557 5549 apud
3584 5480 3851 5549 sapientes
3884 5493 3910 5534 :

2309 5571 2434 5609 cum
2463 5555 2592 5609 velit
2625 5549 2958 5633 Methodius,
2992 5551 3168 5633 ipsam
3199 5550 3619 5633 sapientiam‘cb
3647 5549 3911 5633 ἀναμάρ-

2306 5643 2470 5696 τητον
2496 5641 2641 5687 esse,
2666 5624 2813 5695 quod
2847 5623 2912 5677 ab
2945 5623 3088 5676 omni
3114 5623 3345 5677 immune
3370 5630 3581 5691 peccato
3605 5632 3704 5687 est,
3736 5623 3911 5690 cujus

2309 5706 2441 5752 sunt
2471 5704 2526 5771 et
2558 5696 2677 5749 aliae
2706 5695 2863 5749 dotes
2896 5694 2967 5748 ibi
2982 5693 3305 5771 assignatas,
3336 5693 3626 5771 contrariae
3650 5690 3735 5771 illi
3751 5692 3909 5762 quod

2310 5768 2543 5822 mortale
2580 5775 2635 5821 et
2678 5773 2904 5834 peccato
2945 5762 3242 5834 obnoxium
3287 5774 3391 5828 est,
3432 5762 3739 5833 cuiusmodi
3768 5771 3913 5819 sunt

2312 5840 2525 5911 primus
2555 5844 2608 5894 et
2633 5833 2912 5894 secundus
2940 5833 3135 5906 Adam,
3167 5838 3311 5896 inter
3331 5850 3471 5907 quos
3497 5834 3726 5904 proinda
3751 5837 3911 5891 nullo
