4090 6318
664 383 739 442 67
1046 380 1053 386 ’
1152 436 1169 442 ,
1636 381 1696 438 S.
1735 377 2068 439 HETHODII
2108 376 2232 434 EPI!

2333 376 2419 435 nu
2457 377 2546 434 ετ
2586 375 2950 434 νλιιτγιιιε
3522 344 3523 347 γ
3853 376 3926 434 ss

662 498 813 553 etaim
845 495 1271 567 Primogenitum
1319 492 1439 559 Dei,
1470 506 1535 547 ac
1587 494 1928 563 unigenitum
1970 507 2192 563 germen
2218 532 2232 556 ,

2341 507 2525 563 στημα
2547 509 2643 546 και
2674 470 2979 563 μονδγενὶς,
3014 490 3114 564 τὴν
3143 491 3359 562 σοφίαν,
3396 491 3474 565 τῷ
3517 494 3927 570 προηοπλάσιιψ

664 589 723 644 id
784 594 869 644 est
932 584 1265 657 Sapientiam
1297 624 1311 647 .
1374 585 1610 655 primum
1668 583 1902 638 formato
1960 584 2232 654 primoqui

2341 584 2437 636 zeal.
2464 580 2668 654 πρώτῳ
2696 584 2793 637 καὶ
2822 583 3153 653 πρωτογόνῳ
3183 583 3294 637 τῶν
3321 583 3622 658 ἀνθρώπων

665 693 732 733 ac
792 678 1154 749 primogenito
1197 676 1475 731 hominum
1533 676 1751 745 generis
1804 675 2013 730 homini
2068 674 2232 729 admi-

2342 672 2703 743 κερασθείσαν
2766 674 3262 745 ἑνηνθρωπηκέναι.
3302 675 3473 729 Τοῦτο
3512 676 3621 749 γὰρ
3650 673 3793 733 εἶναι
3832 678 3927 735 τὸν

663 778 851 835 stum,
908 768 1183 824 hominem
1241 766 1379 822 lieri.
1447 764 1503 820 Id
1552 767 1696 821 enim
1746 764 2031 822 Christum
2078 781 2242 834 esse,

662 859 936 915 hominem
962 874 1099 930 pura
1129 856 1480 929 perfectaque
1511 856 1714 913 deitate
1735 857 1975 927 plenum,
1999 866 2052 913 et
2070 855 2241 913 Deum

661 952 756 1023 qui
789 951 846 1006 in
877 950 1097 1005 homine
1125 949 1394 1019 capiatur.
1429 948 1995 1020 Congruentissimum
2042 949 2243 1020 quippe

659 1051 781 1099 erat
810 1041 1255 1113 antiquissimum
1307 1055 1523 1096 agonum
1573 1049 1629 1095 et
1676 1043 1915 1112 primum
1948 1040 2244 1112 archange—

659 1133 841 1189 iorum
869 1147 995 1187 cum
1026 1126 1337 1188 hominibus
1373 1140 1741 1199 versaturum,
1771 1134 1825 1187 in
1858 1133 2243 1204 antiquissimo

660 1224 947 1294 primoque
985 1221 1267 1277 hominum
1293 1224 1625 1279 inhabitare.
1670 1222 1724 1277 id
1756 1230 1842 1279 est
1869 1223 2098 1279 Adamo.
2149 1222 2243 1278 Sic

659 1315 808 1370 enim
845 1329 970 1371 eum
994 1314 1144 1385 quia
1170 1314 1447 1387 principio
1495 1323 1651 1381 erat,
1703 1329 2011 1381 renovans,
2065 1330 2243 1385 exque

657 1402 883 1477 Virgine
908 1421 974 1460 ac
1004 1404 1211 1475 Spiritu
1238 1406 1419 1476 ipsum
1470 1422 1666 1462 rursus
1698 1404 2007 1461 reformans
2028 1446 2043 1472 ,
2087 1419 2243 1460 eum-

657 1498 780 1554 dem
815 1497 1158 1554 fabricatur:
1200 1496 1645 1569 quandoquidem
1680 1496 1933 1553 similiter
1965 1509 1996 1549 a
2036 1494 2245 1565 princi-

655 1590 783 1660 pio,
820 1596 962 1642 terra
990 1587 1200 1657 virgine
1222 1586 1459 1642 necdum
1494 1594 1740 1640 aratrum
1785 1598 1983 1654 passa,
2017 1592 2242 1653 accepto

656 1679 787 1736 inde
817 1680 952 1746 luto,
979 1694 1049 1733 ex
1089 1678 1183 1732 illo
1234 1676 1380 1732 Dens
1433 1676 1647 1733 ratione
1694 1675 1982 1748 praeditum
2038 1676 2241 1731 animal

656 1773 777 1829 sine
799 1779 1041 1828 semente
1073 1768 1429 1825 formaverat.

2340 764 2599 836 Χριστὸν,
2621 764 2909 836 ἄνθρωπον
2956 764 3185 836 ἀκράτῳ
3219 763 3433 836 θεότητι
3469 767 3565 821 καὶ
3599 767 3785 841 τελείᾳ
3829 786 3925 821 n-

2342 856 2723 928 πληρωμένον,
2745 856 2841 910 καὶ
2866 854 3001 912 Θεὸν
3023 858 3082 909 ὸν
3109 853 3383 927 ἀνθρώπῳ
3406 859 3795 930 κεχωρημένον
3814 876 3827 891 '
3852 855 3921 933 ἦν

2340 948 2452 1021 γὰρ
2510 946 2993 1020 πρεπωδέστατον,
3041 945 3135 1000 τὸν
3179 946 3554 1016 πρεσϐύτατον
3611 948 3724 1003 τῶν
3789 948 3919 1004 alti)-

2337 1055 2443 1096 νων
2465 1038 2576 1111 (44)
2589 1038 2685 1093 καὶ
2701 1039 2919 1110 πρῶτον
2931 1037 3041 1091 τῶν
3063 1038 3440 1110 ἀρχαγγὲλων,
3463 1038 3773 1112 ἀνθρώποις
3798 1042 3923 1111 μὲλ-

2338 1133 2495 1186 λοντα
2523 1130 2854 1203 συνομιλεῖν,
2896 1132 2977 1195 είς
3011 1130 3104 1185 τὸν
3144 1130 3517 1205 πρεσϐύτατον
3562 1134 3659 1187 καὶ
3705 1135 3923 1207 πρῶτον

2339 1223 2445 1278 τῶν
2479 1221 2784 1294 ἀνθρώπων
2811 1221 3203 1294 είσοικισθῆναι
3240 1222 3333 1277 τὸν
3365 1223 3557 1295 ’Δδάμ.
3596 1225 3787 1299 Ταύτῃ
3815 1226 3922 1300 γὰρ

2340 1313 2755 1386 ἀναζωγραφᾶη
2780 1314 2850 1369 τὰ
2874 1313 2934 1381 ἐξ
2961 1308 3238 1387 ὑπαρχῆς,
3261 1316 3355 1371 καὶ
3375 1317 3744 1372 ἀναπλάσσων
3766 1316 3922 1384 αὖθις

2341 1410 2406 1461 ὲκ
2442 1408 2723 1481 Παρθένου
2749 1410 2845 1462 καὶ
2871 1408 3213 1480 Πνεύματος,
3239 1409 3581 1465 τεκταίνεται
3606 1411 3699 1466 τὸν
3726 1412 3918 1466 αὐτὸν·

2339 1500 2529 1571 ἐπειδὴ
2563 1501 2660 1553 καὶ
2684 1502 2804 1554 κατ’
2831 1501 3030 1573 ἀρχὰς,
3062 1500 3229 1571 οὔσης
3256 1501 3528 1573 παρθένου
3564 1502 3671 1574 γῆς
3710 1503 3791 1556 ἔτι
3830 1504 3925 1558 καὶ

2336 1591 2601 1663 ἀνηρότου
2627 1631 2641 1655 ,
2691 1592 2873 1646 λαϐὼν
2917 1592 3047 1664 χοῦν
3070 1632 3087 1659 ,
3137 1592 3199 1646 τὸ
3239 1591 3603 1662 λογικώτατον
3646 1594 3926 1652 ἐπλάσατο

2338 1681 2479 1747 ζῶον
2514 1684 2608 1737 ἀπ’
2631 1683 2805 1754 αὐτῆς
2829 1687 2859 1739 ὁ
2886 1684 3023 1749 Θεὸς
3049 1686 3179 1741 ἄνευ
3206 1687 3436 1758 σπορᾶς.

1792 1885 1924 1942 CAP.
1957 1887 2021 1943 V.
2056 1884 2305 1941 Ieremia
2340 1886 2491 1941 locus
2518 1901 2796 1955 expensus.

727 2004 885 2061 Adsit
914 2005 1049 2060 mihi
1075 2002 1243 2074 hujus
1293 2002 1371 2058 rei
1416 2002 1575 2057 testis
1607 2001 1838 2058 idoneus
1869 2011 1923 2058 et
1952 2003 2192 2059 disertus
2214 2043 2229 2065 ,

2403 2002 2513 2056 Kal
2546 2020 2635 2074 μοι
2664 2002 2925 2073 ἐχέγγυος
2962 2001 3175 2074 μάρτυς
3218 2005 3314 2059 καὶ
3358 2004 3535 2077 σαφὴς
3562 2007 3592 2060 ὁ
3632 2008 3925 2082 προφήτης

655 2098 920 2169 propheta
940 2093 1207 2151 Jeremias
1232 2115 1245 2151 :
1286 2094 1351 2150 Et
1374 2095 1640 2160 descendi,
1666 2096 1840 2167 inquit
1857 2094 1992 2161 “,t'n
2016 2093 2230 2150 domum

656 2188 847 2259 ﬁguli;
898 2195 948 2241 et
980 2202 1096 2241 ecce
1123 2186 1230 2255 ipse
1268 2185 1499 2255 faciebat
1532 2202 1661 2254 opus
1694 2199 1849 2254 super
1881 2184 2101 2253 lapides.
2161 2182 2231 2237 Et

654 2276 841 2333 cecidit
873 2266 986 2339 υαὲ,
1013 2278 1149 2347 quod
1189 2277 1302 2343 ipse
1335 2275 1565 2343 faciebat
1611 2277 1665 2329 in
1696 2281 1806 2328 suis
1833 2274 2099 2329 manibus.
2164 2272 2233 2327 Et

654 2388 841 2426 rursus
870 2370 993 2440 fecit
1034 2385 1124 2423 vas
1157 2366 1292 2421 illud
1341 2368 1569 2422 alterum
1596 2407 1613 2430 ,
1668 2368 1805 2420 sicut
1854 2366 2127 2435 placuerat
2177 2366 2231 2418 in

654 2469 933 2529 conspectu
962 2474 1059 2513 suo
1100 2456 1290 2525 facere.
1347 2455 1536 2509 Adhuc
1570 2454 1717 2509 enim
1748 2454 1877 2507 dum
1911 2469 1978 2507 ex
2008 2455 2143 2519 Iulo,
2176 2462 2233 2509 ut

654 2554 738 2610 sic
781 2552 1068 2611 dicamus,
1128 2549 1373 2602 Adamus
1430 2546 1757 2600 formaretur
1791 2562 1914 2600 cum
1948 2546 2126 2602 mollis
2178 2554 2233 2602 et

652 2640 799 2697 udus
828 2648 993 2703 esset,
1016 2652 1080 2692 ac
1111 2638 1341 2692 necdum
1363 2636 1519 2707 quasi
1542 2651 1643 2705 pro
1666 2643 1818 2690 testa:
1846 2636 1977 2702 ritu,
2008 2635 2234 2692 immor-

650 2734 866 2789 talitate
913 2738 1172 2787 excoctus
1210 2736 1265 2783 et
1294 2728 1526 2803 duratus
1554 2726 1767 2793 fuisset,
1801 2736 2024 2797 peccato
2069 2736 2234 2797 gutta:

652 2822 831 2875 instar
854 2819 1152 2873 distillantc
1176 2833 1239 2873 ac
1263 2816 1533 2872 deﬂuente
1551 2857 1566 2881 ,
1594 2817 1898 2873 dissolutus
1920 2826 2026 2873 est.
2050 2817 2234 2884 Quare

653 2928 779 2968 eum
811 2929 1001 2967 rursus
1036 2912 1103 2966 ab
1131 2912 1341 2981 integro
1367 2910 1757 2975 madefaciens,
1788 2925 1967 2981 exque
1993 2911 2106 2965 luto
2135 2927 2232 2967 vas

652 3007 707 3061 in
739 3006 1003 3061 honorem
1033 3006 1099 3069 υ,
1131 3004 1384 3059 eumdem
1415 3002 1558 3059 Deus
1596 3005 1858 3069 formans,
1899 3004 1954 3057 in
1978 3002 2232 3073 virginali

650 3099 888 3167 primum
941 3097 1147 3150 durans
1188 3104 1244 3150 et
1293 3095 1647 3163 compingens
1704 3104 1895 3157 utero,
1961 3095 2233 3163 simulque

652 3188 847 3245 uniens
876 3203 939 3242 ac
971 3188 1206 3241 miscens
1238 3183 1439 3250 Verbo,
1472 3184 1705 3239 solidum
1744 3184 2148 3254 infractumque
2176 3186 2232 3239 in

650 3284 817 3336 vitam
849 3280 1057 3342 eduxit,
1091 3294 1156 3332 ne
1188 3293 1381 3331 rursus
1425 3276 1820 3331 inundantibus
1850 3277 2101 3345 corporis
2130 3275 2231 3328 llu-

2347 2093 2615 2164 Ἱερεμίας
2640 2095 2897 2165 παρήτω,
2932 2093 3040 2149 Kal
3079 2094 3338 2162 κατέϐην
3372 2098 3465 2160 είς
3480 2094 3589 2149 τὸν
3612 2093 3784 2152 οἶκον
3816 2098 3925 2152 τοῦ

2334 2186 2631 2254 κεραμέως
2652 2223 2669 2247 ,
2717 2185 2921 2253 λέγων,
2958 2185 3056 2239 καὶ
3114 2184 3243 2238 ἰδοὺ
3292 2186 3475 2252 αὐτὸς
3508 2188 3696 2242 ἐποίει
3742 2189 3927 2259 ἔργον

2333 2276 2434 2330 ἐπὶ
2471 2274 2590 2329 τῶν
2627 2273 2833 2353 λίθων,
2857 2274 2967 2329 Kal
3008 2274 3253 2328 διέπεσε
3292 2275 3360 2329 τὸ
3388 2276 3649 2345 ἀγγεῖον,
3675 2277 3709 2330 δ
3737 2280 3925 2347 αὐτὸς

2333 2367 2521 2420 ἐποίει
2553 2365 2623 2419 ἐν
2654 2364 2787 2431 ταῖς
2810 2364 3025 2433 χερσίν
3044 2362 3252 2417 αὑτοῦ.
3282 2365 3390 2418 Καὶ
3414 2363 3601 2418 πάλιν
3627 2366 3929 2432 ἐποίησεν

2334 2454 2480 2511 αὐτὸ
2537 2454 2779 2524 ἀγγεῖον
2836 2454 3045 2523 ἕτερον
3072 2493 3087 2518 ,
3157 2453 3350 2521 καθὼς
3400 2455 3624 2523 ἤρεσεν
3661 2457 3929 2513 ἐνώπιον

2334 2547 2521 2602 αὐτοῦ
2556 2548 2663 2611 τοῦ
2699 2546 2972 2615 ποιῆσαι.
2999 2548 3124 2600 Ἔτι
3162 2548 3271 2620 γὰρ
3313 2548 3788 2621 πηλουργούμενον
3828 2549 3927 2605 τὸν

2348 2636 2539 2705 Ἀδὰμ,
2566 2637 2643 2699 ὡς
2687 2637 2837 2689 ἐστιν
2866 2638 3063 2699 είπετν,
3092 2639 3187 2691 καὶ
3209 2639 3408 2709 τηκτὸν
3434 2640 3564 2693 ὅντα
3598 2642 3694 2694 καὶ
3720 2641 3923 2712 ὑδαρῆ.

2334 2728 2430 2782 καὶ
2464 2728 2689 2800 μηδέπω
2716 2726 3020 2797 φθάσαντα,
3047 2729 3203 2800 δίκην
3228 2730 3516 2801 ὀστράκου,
3541 2735 3607 2803 τῇ
3642 2733 3929 2807 ἀφθαρσίᾳ

2335 2819 2764 2893 κραταιωθῆναι,
2793 2816 2938 2889 ὕδωρ
2963 2817 3153 2890 ὥσπερ
3174 2820 3600 2893 καταλειϐομένη
3624 2826 3717 2877 καὶ
3742 2842 3924 2880 κατα-

2336 2911 2625 2976 στάζουσα,
2665 2911 2908 2964 διέλυσεν
2943 2910 3104 2963 αὑτὸν
3149 2911 3182 2981 ή
3216 2912 3478 2983 ἁμαρτία.
3520 2914 3611 2966 Διὸ
3652 2913 3717 2985 δὴ
3753 2914 3927 2969 πάλιν

2334 3003 2539 3058 ἄνωθεν
2573 3003 2848 3057 ἀναδεύων
2892 3002 3005 3074 (45)
3050 3002 3146 3056 καὶ
3190 3003 3581 3075 πηλοπλαστῶν
3622 3008 3713 3060 τὸν
3754 3008 3927 3063 αὐτὸν

2334 3098 2415 3161 είς
2436 3114 2487 3149 τι
2496 3096 2602 3167 μὴν
2623 3098 2652 3148 ὸ
2677 3095 2832 3158 Θεὸς,
2865 3097 2923 3149 ὲν
2955 3097 3020 3166 τῇ
3057 3094 3357 3168 παρθενικῇ
3376 3138 3379 3142 -
3396 3098 3744 3171 κραταιώσας
3764 3100 3927 3171 πρῶ-

2332 3205 2424 3241 τον
2450 3188 2543 3240 καὶ
2571 3186 2748 3257 πήξας
2776 3187 2980 3257 μήτρᾳ,
3010 3187 3104 3240 καὶ
3123 3188 3426 3251 πνενώσας
3451 3192 3545 3242 καὶ
3568 3193 3927 3262 συγκεράσας

2334 3280 2413 3348 τῷ
2438 3278 2615 3348 Λόγῳ,
2654 3277 2889 3348 ἄτηκτον
2927 3277 3022 3329 καὶ
3053 3276 3359 3348 ἄθραυστον
3394 3279 3663 3351 ἐξήγαγεν
3709 3284 3792 3345 εις
3823 3283 3927 3338 τὸν

645 3373 835 3437 nibus,
867 3378 1148 3425 contracta
1194 3370 1320 3422 tabe
1346 3368 1641 3423 decideret.
1680 3365 1769 3421 Uti
1801 3368 1964 3421 etiam
1994 3367 2048 3420 in
2077 3381 2231 3436 para-

2336 3370 2478 3440 βίονο
2520 3372 2606 3425 ἵνα
2649 3369 2723 3441 μὴ
2752 3370 2913 3423 πάλιν
2948 3373 3059 3434 τοῖς
3089 3362 3199 3441 τῆς
3226 3372 3428 3443 φθορᾶς
3454 3373 3653 3439 ἔξωθεν
3694 3376 3927 3429 ἐπικλυ-

649 3464 773 3518 hola
803 3464 1035 3517 inventae
1061 3462 1178 3516 uvis
1210 3463 1452 3515 cernitur
1482 3460 1745 3516 Dominus
1769 3459 1987 3522 docere,
2020 3459 2111 3513 ubi
2162 3459 2227 3514 ad

648 3562 892 3610 astantes
920 3554 995 3608 ait
1020 3553 1281 3608 Dominus
1313 3568 1468 3609 meus
1516 3571 1529 3607 :
1568 3553 1699 3619 Quis
1746 3568 1813 3605 ex
1860 3553 2001 3606 vobis
2052 3554 2226 3619 homo,

644 3646 1122 3717 quihabetcenlum
1160 3661 1275 3699 oves
1298 3660 1315 3697 :
1342 3654 1391 3698 et
1424 3646 1471 3698 si
1490 3644 1777 3712 perdiderit
1804 3660 1965 3696 unam
1983 3659 2048 3697 ea:
2071 3643 2181 3695 illis
2209 3683 2224 3706 ,

646 3752 817 3790 nonne
842 3737 1086 3805 relinquit
1122 3737 1411 3804 nonaginta
1445 3752 1623 3789 novem
1653 3737 1706 3787 in
1736 3736 1964 3798 deserto,
1993 3746 2043 3789 et
2084 3733 2227 3789 vadit

646 3828 717 3883 ad
745 3827 897 3880 illam
924 3843 1042 3897 quae
1088 3827 1337 3894 perierat,
1372 3825 1532 3879 donec
1566 3827 1795 3879 inueniat
1823 3830 1977 3880 eam?
2011 3826 2078 3879 Et
2108 3842 2227 3879 cum

644 3920 898 3977 inuenerit
945 3935 1083 3983 eam,
1112 3918 1335 3987 imponit
1369 3919 1423 3971 in
1474 3918 1716 3971 humeros
1750 3933 1873 3971 suos
1894 3956 1908 3979 ,
1954 3918 2225 3987 gaudens;

642 4024 694 4068 et
727 4014 932 4069 veniens
953 4012 1189 4074 domum,
1224 4019 1472 4063 convocat
1500 4010 1697 4063 amicos
1729 4018 1777 4061 et
1806 4008 2025 4071 vicinos,
2048 4006 2226 4060 dicens

642 4106 795 4161 illis:
824 4104 1282 4177 Congratulamini
1308 4101 1476 4168 mihi,
1515 4103 1640 4172 quia
1677 4102 1845 4155 inveni
1879 4116 2021 4153 ovem
2055 4114 2223 4152 meam

642 4214 761 4269 qua:
798 4198 1024 4265 perierat
1056 4194 1124 4252 δ”.

641 4293 830 4347 defeat
856 4292 999 4358 τοὺς
1026 4292 1245 4360 φίλους
1284 4290 1381 4344 καὶ
1410 4290 1703 4359 γείτονας,
1764 4288 1959 4360 λέγων
1998 4303 2011 4317 ·

643 4389 861 4451 λωλός.

2333 3462 2482 3526 σθεὶς
2511 3462 2746 3534 ῥεύμασι
2792 3462 3056 3533 τηκεδόνα
3090 3464 3360 3535 γεννήσας
3410 3464 3673 3538 διαπέσῃο
3714 3468 3793 3532 ὡς
3820 3469 3927 3523 καὶ

2330 3552 2389 3603 ὲν
2422 3556 2488 3623 τῇ
2527 3552 2655 3624 περὶ
2694 3552 2793 3623 τῆς
2820 3552 3162 3624 ἀνευρέσεως
3194 3553 3598 3627 τοῦ’προ6ἀτου
3637 3556 3924 3625 φαίνεται,

2327 3643 2595 3698 διδάσκων
2630 3646 2657 3696 ὁ
2706 3642 2908 3715 Κύριος
2941 3642 3222 3715 παραϐολῇ
3244 3661 3258 3674 ·
3294 3644 3424 3698 ἔνθα
3452 3648 3615 3717 φησὶν
3650 3650 3679 3698 ὁ
3710 3646 3929 3718 Κύριός

2332 3754 2434 3806 μου
2488 3736 2623 3808 πρὸς
2666 3736 2792 3799 τοὺς
2828 3736 3277 3807 παρεστηκότας’
3314 3738 3409 3802 Τίς
3437 3737 3609 3791 ἐστιν
3636 3737 3707 3801 ἐξ
3743 3737 3927 3807 ὑμῶν

2329 3826 2661 3893 ἅνθρωπος,
2691 3826 2759 3891 ὃς
2786 3826 2910 3894 ἔχει
2938 3826 3156 3879 ἑκατὸν
3183 3827 3465 3893 πρόϐατα,
3494 3826 3612 3881 κᾶν
3630 3828 3923 3899 ἀπολέσῃ

2328 3916 2397 3970 ἓν
2426 3917 2496 3981 ἐξ
2529 3916 2747 3979 αὐτῶν,
2778 3920 2889 3970 οὐκ
2936 3918 3153 3985 ἀφίησι
3183 3919 3257 3971 τὰ
3289 3916 3693 3984 ἐννενήκοντα
3729 3919 3922 3975 ἐννέα

2328 4007 2427 4061 ἐπὶ
2458 4008 2581 4073 τοῖς
2621 4008 2807 4075 ὄρεσι,
2847 4008 2949 4061 καί
3000 4012 3312 4079 πορευθείς
3333 4011 3431 4065 ἐπὶ
3467 4014 3533 4066 τὸ
3564 4014 3917 4083 ἀπολωλὸς,

2330 4098 2489 4165 ζητεῖ
2525 4101 2671 4153 αὐτὸ
2691 4099 2802 4165 ἕως
2842 4100 2985 4167 εὒρη
3003 4115 3021 4162 ;
3060 4102 3171 4154 Καὶ
3203 4102 3396 4171 εὑρὼν
3433 4104 3778 4175 ἐπιτίθησιν
3810 4108 3916 4161 ἐπὶ

2329 4191 2471 4257 τοὺς
2500 4190 2697 4259 ὤμους
2731 4191 2916 4245 αὑτοῦ
2936 4207 2948 4220 ·
2978 4191 3076 4244 καὶ
3110 4192 3303 4247 ἐλθὼν
3329 4196 3417 4260 εὶς
3461 4191 3629 4250 οἷκον
3674 4213 3919 4267 cum-

2077 4285 2426 4356 Συγχάρητέ
2458 4305 2593 4357 μοι,
2666 4287 2757 4341 ὅτι
2806 4286 3017 4357 εὑρέθη
3058 4287 3124 4341 τὸ
3172 4292 3467 4357 πρόϐατόν
3488 4309 3607 4361 μου
3640 4293 3706 4346 τὸ
3754 4294 3919 4349 ἀπο-

641 4494 775 4554 ΟΔΡ.
800 4494 888 4550 Vl.
926 4493 1261 4564 Spirilalium
1288 4494 1461 4547 ovium
1495 4493 1695 4563 integer
1726 4507 1997 4545 numerus.
2036 4490 2231 4613 Hegiol,
2258 4493 2395 4543 alter
2424 4491 2490 4612 al:
2518 4492 2716 4562 angelis
2758 4492 2814 4546 in
2860 4492 2960 4548 Dei
2992 4493 3201 4549 laudem
3245 4496 3455 4551 chorus.
3507 4497 3630 4553 Ovis
3682 4500 3917 4567 perdita

1991 4578 2123 4613 nara
2164 4580 2191 4613 υ
2220 4579 2251 4613 a
2282 4577 2460 4613 emas:
2489 4579 2542 4613 ιι.

1991 4577 2251 4629 paraoota
2282 4577 2542 4629 exposita.

714 4680 985 4749 Quoniam
1015 4681 1160 4736 enim
1201 4680 1317 4750 ipse
1345 4680 1630 4736 verissime
1647 4688 1769 4741 erat
1800 4690 1960 4748 atque
1990 4686 2095 4743 est,
2122 4678 2215 4748 qui

2403 4682 2623 4752 Ἐπειδὴ
2647 4682 2758 4754 γὰρ
2783 4683 2947 4747 αὐτὸς
2976 4683 3051 4747 ὡς
3074 4683 3291 4755 ἀληθῶς
3318 4680 3386 4755 ἦν
3419 4702 3479 4738 τε
3523 4688 3616 4739 καὶ
3644 4685 3916 4753 Ecl-rw,“

642 4786 675 4828 θ
708 4773 977 4843 principio
1015 4783 1133 4827 erat
1170 4773 1312 4843 apud
1354 4772 1525 4827 Deum
1573 4784 1628 4827 et
1668 4772 1813 4828 Deus
1843 4781 1959 4828 erat
1984 4773 2029 4804 “
2054 4812 2069 4837 ,
2105 4773 2222 4842 ipse

2333 4772 2465 4845 ἀρχῇ
2493 4773 2568 4827 ὢν
2609 4776 2745 4846 πρὸς
2787 4776 2878 4828 τὸν
2918 4776 3068 4841 Θεὸν,
3095 4777 3189 4827 καὶ
3229 4775 3361 4839 Θεὸς
3399 4774 3494 4839 ὢν,
3531 4778 3560 4828 ὁ
3601 4778 3915 4851 ἀρχιστρά-

643 4863 941 4933 imperator
962 4872 1256 4933 pastorque
1285 4863 1590 4919 cmlestium
1615 4904 1632 4927 ,
1692 4866 1780 4918 cui
1831 4878 2021 4920 omnes
2053 4864 2221 4917 animi

2333 4880 2488 4934 τηγος
2516 4868 2610 4919 καὶ
2662 4866 2864 4938 ποιμὴν
2907 4867 3015 4920 τῶν
3042 4868 3162 4921 κατ’
3191 4868 3419 4939 οὐρανὸν
3438 4906 3453 4931 ,
3485 4862 3529 4935 ᾧ
3562 4870 3739 4923 πάντα
3784 4868 3912 4927 πει-

642 4954 1019 5024 obtemperant
1039 4970 1103 5009 ac
1131 4970 1291 5024 quem
1333 4964 1664 5025 sequuntur,
1687 4958 1993 5026 composito
2024 4970 2219 5025 regens

2333 4955 2505 5009 θονται
2549 4960 2644 5011 καὶ
2696 4958 2995 5029 ὀμαρτοῦσι
3046 4962 3114 5013 τὰ
3173 4960 3403 5027 λογικὰ,
3451 4960 3547 5012 καὶ
3595 4964 3912 5031 ποιμαίνων

640 5042 835 5099 ordine
856 5051 1018 5114 atque
1050 5060 1343 5101 numerans
1358 5047 1637 5101 beatorum
1670 5058 1845 5103 canus
1876 5049 2212 5119 angelorum.

2333 5050 2595 5113 εὐτάκτως
2646 5052 2740 5103 καὶ
2798 5050 3049 5122 ἀριθμῶν
3098 5052 3165 5105 τὰ
3224 5051 3403 5123 πλήθη
3456 5050 3564 5103 τῶν
3612 5058 3912 5126 μακαρίων

641 5131 745 5189 Hic
778 5134 924 5188 enim
976 5135 1068 5190 ille
1104 5150 1204 5206 par
1252 5144 1337 5192 est
1387 5144 1442 5192 et
1491 5137 1767 5207 perfectus
1819 5139 2218 5193 immortalium.

2333 5142 2584 5209 ὶγγὲλων.
2611 5136 2777 5205 Οὗτος
2804 5141 2913 5213 γὰρ
2943 5143 3055 5207 ῐσος
3081 5145 3175 5196 καὶ
3202 5142 3407 5206 τέλειος
3438 5141 3668 5215 ἀριθμὸς
3697 5145 3911 5203 ἀθανά-

749 5287 796 5319 ⁵²
833 5286 967 5358 Cap.
1008 5303 1166 5353 xvm,
1196 5304 1329 5343 rers.
1359 5289 1413 5355 ὅ,
1453 5289 1507 5345 4.
1580 5289 1625 5321 ⁵⁸
1666 5288 1731 5343 ΙΙ
1768 5289 1905 5346 Tim.
1946 5307 2009 5356 il,
2050 5290 2141 5358 20,
2182 5290 2232 5344 21

2347 5294 2395 5324 ⁸⁸
2431 5292 2561 5347 Luc.
2604 5310 2695 5359 xv,
2735 5296 2788 5359 4,
2830 5295 2883 5350 6.
2960 5297 3006 5330 ⁸⁸
3042 5296 3204 5352 Joan.
3249 5313 3289 5362 I,
3331 5298 3383 5352 1.

2393 5448 2507 5525 (45)
2550 5449 2893 5525 Ἁναδεύων.
2931 5450 3254 5525 _Infundens,
3305 5452 3647 5525 subigenqu
3684 5471 3705 5509 :
3742 5460 3905 5525 quos!

2327 5516 2444 5570 Vat.
2467 5520 2824 5599 ᾁναμοριρῶν,
2859 5516 3156 5599 reformdns
3184 5531 3347 5592 atque
3388 5516 3715 5599 instaurans.
3742 5516 3903 5599 illud

2320 5591 2549 5664 Qropius
2589 5591 2813 5664 modum
2863 5591 3114 5664 attingit,
3156 5591 3269 5659 quo
3304 5609 3371 5648 ex
3406 5595 3519 5650 luto
3552 5595 3759 5664 aliquid
3803 5613 3902 5656 re-

2323 5657 2586 5739 ﬁngitur;
2609 5662 2719 5743 etsi
2773 5676 2883 5741 non
2931 5657 3189 5743 videtur,
3223 5664 3369 5743 quod
3409 5664 3520 5743 jam
3547 5657 3711 5743 ἰδέω
3762 5666 3897 5731 Ibit.

2320 5727 2513 5805 quavis
2544 5728 2819 5805 inlusione
2844 5732 2899 5783 in
2931 5730 3028 5805 lu_ti
3063 5727 3345 5789 materiam
3385 5727 3561 5805 subigi
3604 5749 3791 5804 posse,
3832 5727 3904 5797 ui

2315 5797 2441 5853 inde
2462 5812 2559 5854 vas
2585 5800 2941 5855 instauretur.
2965 5800 3253 5858 Εοιιιιιιῖιε.

639 5454 771 5513 caro
800 5456 864 5496 ex
887 5440 1095 5496 Adamo
1125 5449 1440 5512 pr0pagata,
1462 5450 1517 5498 et
1539 5458 1659 5513 qua:
1680 5451 1833 5513 parte
1862 5444 1944 5497 sui
1978 5444 2211 5513 quadam

640 5510 699 5566 in
722 5511 839 5579 ipso
867 5510 1158 5572 exstiterit,
1191 5510 1470 5581 assumpta
1494 5510 1656 5567 fuerit
1682 5510 1714 5565 ξι
1744 5512 1922 5568 Verbo
1949 5510 2008 5569 se
2031 5516 2211 5569 incar-

642 5583 1030 5653 nante._Atque
1057 5582 1190 5653 ideo
1204 5582 1453 5653 Adamusi
1469 5582 1584 5652 ipse
1603 5582 2003 5653 quodammodo
2023 5600 2214 5641 secun-

640 5649 1001 5721 dumialiquid
1035 5651 1119 5704 sui
1152 5650 1405 5721 Christus
1435 5649 1855 5711 fuerinl‘ossm.
2148 5716 2151 5719 _

712 5719 823 5791 (44)
855 5719 1270 5789 Πρεσὼἆτατον
1306 5720 1424 5774 τῶν
1462 5721 1706 5775 αἰώνων.
1746 5723 1935 5787 Allat.,
1985 5727 2211 5782 saculo-

640 5806 761 5845 rsms
786 5792 1230 5860 antiquissimum,
1260 5792 1405 5863 quod
1436 5792 1608 5864 magis
1639 5793 1833 5865 placet.
1857 5791 2025 5849 GALL.
