4090 6318
205 376 262 432 ﬁ
1231 371 1622 430 CON‘JIVIUM
1659 371 1892 430 DECEM
1931 371 2295 430 VlRGlNUM.
3359 382 3433 440 70

189 461 299 546 ’συν
316 487 468 554 ζώων,
496 490 638 544 κατὰ
669 492 869 560 γενεὰς
896 495 990 546 καὶ
1013 494 1195 562 ’φυλὰς
1222 494 1592 568 διῃρημένων,
1622 511 1737 566 συμ·

1858 495 2173 550 animalium
2201 510 2486 559 numerus,
2518 510 2616 566 per
2638 498 2993 567 cognationes
3027 500 3312 572 tribusque
3341 501 3431 560 di-

216 579 613 650 ταραληφθέντος
661 580 902 635 ἐνταῦθα
931 585 998 653 τῇ
1044 584 1252 658 ποίμνῃ
1289 585 1384 638 καὶ
1413 584 1507 638 τοῦ
1540 584 1751 656 ἀνθρώ-

208 692 308 731 που.
342 675 777 746 Δεδημιούργητο
801 677 912 748 γὰρ
939 678 1036 731 καὶ
1065 679 1228 741 αὐτὸς
1271 678 1377 744 ἔξω
1399 679 1623 752 φθορᾶς,
1663 681 1749 732 ἵνα

205 767 281 820 τὸν
319 766 520 836 βασιλέα
567 757 829 840 γεραίρῃ
858 769 1075 823 πάντων
1129 771 1225 824 καὶ
1263 771 1491 844 ποιητήν
1516 812 1530 836 ,
1600 772 1748 826 ἁντῖ-

202 855 386 925 φθογτα
417 855 670 927 μελῳδῶν
699 863 820 923 ταῖς
850 859 958 912 τῶν
1001 859 1248 930 ἀγγέλων
1275 862 1335 930 ἐξ
1387 862 1616 932 οὐρανοῦ
1653 881 1749 933 φε-

201 947 428 1018 ρομέναις
452 947 626 1015 βοαῖς.
662 949 802 1001 Ἀλλ’
828 950 951 1002 ἐπεὶ
975 950 1174 1021 ωνέὸη
1205 951 1618 1022 παρεληλυθότα
1649 953 1748 1025 τήν

202 1039 395 1111 ἐντολὴν
415 1082 428 1104 ,
457 1039 703 1111 ὀλέθρων
737 1040 937 1112 πτῶμα
975 1043 1072 1096 καὶ
1097 1042 1268 1098 δεινὸν
1313 1046 1498 1098 πεσεῖν
1542 1046 1620 1108 είς
1653 1044 1748 1098 θά-

192 1151 329 1188 νατον
365 1135 882 1206 ἀναστοιχιιωθέντα
902 1153 916 1168 ο
945 1135 1034 1190 διὰ
1069 1136 1228 1192 τοῦτό
1259 1153 1422 1209 φησιν
1459 1139 1489 1192 ὁ
1521 1137 1744 1210 Κύριος,

191 1227 358 1282 intwa
403 1231 481 1292 εἰς
523 1230 622 1283 τὸν
663 1229 786 1300 βίον
828 1233 893 1284 ὲκ
950 1230 1060 1284 τῶν
1106 1231 1351 1304 οὐρανῶν
1396 1231 1744 1302 ἐληλυθέναι,

191 1320 592 1375 καταλελοιπύτα
643 1321 743 1385 τὰς
790 1323 972 1388 τάξεις
1014 1323 1204 1378 καὶτὰ
1255 1323 1590 1393 στρατόπεδα
1636 1321 1746 1375 τῶν

189 1411 432 1479 ἀγγέλων,
469 1413 904 1467 Ἀπεικονιστέον
929 1413 1038 1485 γὰρ
1064 1413 1131 1467 τά
1164 1414 1260 1484 μὲν
1304 1413 1404 1484 ὄρη
1441 1416 1551 1477 τοῖς
1585 1413 1748 1483 οὐρα-

189 1505 309 1564 νοῖς·
337 1503 402 1555 τὰ
445 1503 502 1554 δὲ
535 1504 891 1570 ἐννενήκοντα
932 1504 1090 1558 ἐννέα
1121 1502 1370 1574 πρόϐατα
1414 1500 1535 1566 ταῖς
1589 1501 1746 1556 δυνά-

187 1610 295 1664 μεσι
324 1594 416 1648 καὶ
438 1597 556 1656 ταῖς
604 1595 804 1666 ἀρχατς
829 1597 929 1649 καὶ
971 1597 1094 1659 ταῖς
1134 1595 1424 1662 ἐξουσίαις,
1466 1594 1533 1660 εις
1575 1611 1745 1650 κατα-

184 1687 436 1753 λέλοιπεν,
483 1687 829 1759 ἀναζητῆσαι
870 1686 1144 1741 κατελθὼν
1173 1689 1236 1740 τὸ
1288 1685 1565 1750 ἀπολωλὸς
1613 1685 1746 1759 πρό-

183 1778 342 1845 ϐατον,
371 1783 399 1835 ὁ
433 1779 745 1851 στρατηγδς
774 1780 869 1834 καὶ
895 1781 1123 1850 ποιμήν.
1149 1781 1372 1834 Ἔλειπε
1402 1779 1511 1852 γὰρ
1533 1779 1744 1852 ἄνθρωυ

1856 588 2119 648 visorum,
2149 596 2438 658 aggregato
2484 588 2574 642 hic
2621 589 2714 643 tali
2763 591 2910 662 gregi
2961 593 3126 647 etiam
3188 593 3428 653 homine.

1853 677 1987 733 Nam
2016 689 2070 730 et
2102 680 2217 747 ipse
2247 679 2616 748 corruptionis
2647 695 2840 738 exsors
2868 693 3090 741 creatus
3119 692 3225 753 est,
3253 694 3311 744 ut
3339 702 3432 743 re-

1854 782 1972 836 gem
1999 766 2381 822 universorum
2407 774 2461 822 et
2497 777 2820 835 creatorem,
2851 773 3025 829 altero
3048 775 3194 831 velut
3222 777 3428 842 choro,

1855 863 2171 933 angelorum
2195 878 2226 917 e
2249 863 2389 917 caelo
2419 863 2754 922 clamoribus
2786 870 3147 937 respondente
3171 911 3186 937 ,
3239 873 3432 929 lauda-

1853 962 1936 1009 ret
1964 971 2027 1009 ac
2048 956 2371 1010 celebraret.
2403 954 2508 1010 Sed
2547 957 2674 1026 quia
2698 960 3035 1031 contingeret
3056 979 3201 1031 eum,
3224 966 3431 1022 violato

1853 1047 1947 1102 Dei
1982 1047 2264 1110 mandato,
2297 1045 2448 1117 gravi
2501 1062 2566 1102 ac
2607 1049 2839 1105 exitioso
2870 1052 3027 1122 lapsu
3082 1071 3343 1113 corruere
3370 1059 3429 1113 in

1852 1149 2082 1195 mortem
2109 1142 2433 1204 resolutum,
2475 1148 2765 1210 propterea
2790 1144 2921 1199 dicit
2963 1145 3250 1214 Dominus,
3282 1165 3341 1204 se
3368 1150 3429 1206 in

1852 1230 2138 1295 mundum,
2169 1233 2379 1289 relictis
2439 1235 2702 1302 angelicis
2744 1236 3030 1294 ordinibus
3067 1254 3132 1294 ac
3185 1241 3430 1296 cohorti-

1851 1323 1976 1385 bus,
2004 1337 2034 1377 e
2062 1324 2218 1378 caelis
2248 1326 2482 1381 venisse.
2520 1325 2731 1383 Montes
2760 1329 2906 1384 enim
2935 1331 3105 1387 ctelos
3139 1331 3430 1405 designare

1852 1413 2154 1485 putandum
2183 1423 2300 1478 est;
2343 1431 2440 1486 per
2487 1431 2618 1471 oves
2655 1432 2785 1472 vero
2843 1420 3140 1490 nonaginta
3188 1438 3425 1491 novem.

1849 1507 2085 1561 virtutes
2113 1514 2168 1561 et
2205 1507 2545 1579 principatus
2578 1519 2631 1564 et
2677 1518 2971 1582 potestates
2994 1529 3130 1583 quas
3158 1516 3383 1588 reliquit
3405 1557 3423 1584 ,

1851 1595 2188 1652 descendens
2221 1597 2337 1666 ipse
2363 1597 2662 1667 imperator
2683 1606 2737 1653 et
2773 1609 2960 1669 pastor
2983 1597 3050 1653 ad
3075 1601 3424 1671 quaerendam

1849 1703 2005 1743 ovem
2031 1704 2152 1759 quae
2202 1689 2457 1758 perierat.
2508 1687 2769 1745 Restabat
2816 1691 2960 1746 enim
3006 1699 3063 1745 ut
3091 1702 3144 1747 et
3178 1693 3342 1748 homo
3367 1694 3425 1751 in

1850 1779 1992 1834 hanc
2033 1781 2375 1835 matriculam
2405 1791 2458 1836 et
2499 1781 2805 1850 catalogum
2853 1781 3218 1850 adjiceretur,
3263 1799 3425 1854 quem

182 1888 266 1924 πον
301 1874 374 1934 είς
408 1870 505 1942 τὴν
557 1870 746 1942 βίϐλον
789 1871 1256 1942 έγκαταλεχθῆναι
1274 1872 1478 1941 ταύτην
1519 1871 1599 1925 ἔτι
1648 1871 1737 1924 καὶ

1845 1872 1963 1941 ipse
1987 1870 2247 1926 Dominus
2280 1881 2517 1942 gestaret
2554 1887 2619 1927 ac
2648 1872 2916 1928 induisset
2946 1893 2960 1930 :
2995 1891 3062 1930 ne
3092 1892 3319 1941 rursus,
3347 1879 3422 1932 uti

179 1963 256 2015 τὸν
309 1963 572 2035 ἀριθμὸν,
636 1963 1006 2034 βαστάσαντος
1039 1965 1202 2018 αὑτὸν
1252 1963 1347 2018 τοῦ
1396 1963 1603 2033 Κυρίου
1649 1964 1743 2016 καὶ

180 2056 609 2126 ἀμφιεσαμένουο
662 2056 749 2109 ἵνα
785 2054 862 2127 μὴ
917 2055 1012 2111 καὶ
1063 2055 1260 2121 πάλιν,
1300 2054 1375 2118 ὡς
1421 2054 1578 2126 ἔφην.
1624 2056 1742 2118 ταῖς

177 2148 464 2218 τρικυμίαις
514 2147 617 2200 καὶ
674 2151 798 2212 ταῖς
850 2145 1087 2211 ἀπάταις
1136 2145 1519 2220 περικλυσθεὶς
1575 2163 1744 2200 κατα⁸

178 2241 421 2312 πονωθῇ.
476 2240 670 2312 Ταύτῃ
722 2240 834 2311 γὰρ
891 2241 984 2296 τὸν
1038 2240 1324 2312 ἄνθρωπον
1377 2239 1666 2309 ἀνείληφεν
1713 2241 1744 2292 ὁ

176 2329 344 2397 Λόγος,
373 2331 522 2395 ὅπως
560 2331 630 2401 δὴ
658 2331 725 2384 δι’
769 2331 938 2385 αὑτοῦ
974 2331 1256 2404 καταλύσῃ
1282 2331 1381 2402 τήν
1417 2332 1501 2382 ἐπ’
1535 2326 1743 2400 ὀλέθρῳ

176 2423 433 2487 γεγονυῖαν
485 2420 829 2492 καταδίκην,
881 2422 1119 2491 ἡττήσας
1155 2421 1247 2475 τὸν
1303 2420 1446 2488 ὅφιν.
1495 2417 1740 2490 Ἤρμοζε

175 2510 266 2580 γὰρ
294 2511 362 2582 μή
394 2511 461 2563 δι’
507 2512 705 2583 ἑτέρου
748 2511 1036 2582 νικηθῆναι
1065 2513 1158 2566 τὸν
1195 2511 1452 2584 πονηρὸν,
1496 2510 1632 2564 ἀλλὰ
1673 2510 1741 2564 δι’

175 2602 378 2667 ἐκείνου,
409 2603 468 2655 δν
501 2603 568 2674 δὴ
603 2602 701 2656 καὶ
726 2603 1040 2673 ἐκόμπαζεν
1077 2605 1365 2675 ἀπατήσας
1399 2603 1561 2657 αὑτὸν
1587 2620 1741 2657 τετυ-

179 2692 476 2762 ραννηκέναι
499 2709 511 2722 ·
546 2693 634 2744 ὅτι
672 2692 943 2762 μὴ-ᾰλλως
965 2693 1066 2766 τὴν
1092 2695 1368 2766 ἁμαρτίαν
1391 2693 1617 2764 λυθῆναι
1644 2694 1740 2748 καὶ

175 2785 258 2853 τὴν
301 2786 630 2857 κατάκρισιν
677 2783 905 2837 δυνατὸν
953 2781 1044 2856 ἦν,
1097 2788 1146 2838 εί
1182 2786 1257 2857 μὴ
1298 2785 1458 2839 πάλιν
1500 2788 1529 2839 ὁ
1577 2785 1740 2849 αὐτὸς

176 2875 354 2939 ἐκεῖνος
384 2877 696 2949 ἄνθρωπος,
728 2877 796 2930 δι’
843 2877 902 2931 ὃν
944 2878 1130 2950 εῖρητο
1163 2879 1224 2932 τὸ
1265 2878 1356 2947 Γῆ
1404 2875 1477 2943 εἷ,
1511 2877 1611 2932 καὶ
1650 2879 1738 2943 εὶς

175 2966 274 3035 γῆν
300 2971 637 3038 ἀπελεύσῃ,
669 2969 1039 3032 ἀναπλασθεὶς
1064 2969 1172 3041 (46)
1208 2969 1433 3023 ἀνέλυσε
1475 2969 1571 3041 τὴν
1601 2967 1737 3023 ἀπό-

175 3073 335 3123 φασιν,
355 3060 452 3129 τὴν
473 3059 540 3112 δι’
565 3059 734 3112 αὑτὸν
753 3060 834 3124 είς
861 3061 1068 3123 πάντας
1089 3058 1512 3131 ἐξενηνεγμένην
1527 3077 1541 3090 ’
1561 3059 1731 3124 ὅπως.

175 3148 331 3213 καθὼς
355 3153 411 3204 ἐν
435 3150 515 3221 τῷ
554 3151 734 3221 Ἀδὰμ
760 3151 1025 3223 πρότερον
1050 3151 1252 3214 πάντες
1281 3149 1731 3221 ἀποθνήσκουσιν,

1849 1960 2095 2015 dicebam
2117 2001 2132 2026 ,
2183 1963 2506 2016 tricumanis
2534 1960 2790 2018 ﬂuctibus
2831 1962 3227 2036 Fraudibusque
3255 1967 3425 2021 obru-

1847 2059 1958 2115 tus,
1987 2051 2101 2106 imo
2133 2051 2324 2122 pelago
2367 2062 2725 2120 mergeretur.
2778 2052 2855 2108 Eo
2905 2067 3142 2124 namque
3191 2059 3425 2114 consilio

1847 2151 2138 2214 susceptus
2169 2157 2197 2194 a
2224 2141 2404 2197 Verbo
2443 2143 2607 2196 homo
2643 2151 2748 2208 est,
2779 2152 2860 2206 ut,
2885 2146 3099 2201 devicto
3126 2158 3378 2217 serpente
3403 2188 3423 2215 ,

1849 2251 1950 2292 suo
1981 2251 2206 2291 munere
2231 2243 2395 2306 atque
2427 2251 2614 2306 opera,
2635 2237 2871 2294 hominis
2895 2241 3064 2294 exitio
3093 2242 3256 2295 latam
3289 2257 3425 2297 con-

1847 2328 2247 2385 demnationem
2281 2329 2533 2388 dilueret.
2592 2329 3036 2386 Consentaneum
3085 2334 3286 2404 quippe
3320 2333 3425 2389 fuit

1844 2436 1956 2475 non
1987 2421 2058 2475 ab
2082 2420 2191 2473 alio
2218 2420 2361 2474 vinci
2392 2420 2670 2475 diabolum
2700 2436 2864 2490 quam
2891 2422 2958 2476 ab
2998 2423 3091 2476 illo
3120 2424 3238 2493 ipso
3260 2440 3426 2494 quem

1846 2528 1875 2566 a
1900 2527 1958 2567 se
1983 2510 2270 2566 seductum
2309 2525 2421 2565 sure
2454 2525 2515 2565 se
2557 2512 2830 2581 tyrannidi
2874 2512 3178 2580 subjecisse
3225 2515 3426 2586 gloria-

1845 2605 2025 2658 batur.
2054 2601 2188 2656 Nam
2219 2616 2394 2671 neque
2426 2601 2584 2656 aliter
2616 2603 2750 2656 solvi
2787 2612 3067 2672 peccatum
3121 2616 3172 2658 et
3195 2605 3427 2661 damna.

1849 2696 2052 2750 tionem
2087 2693 2293 2749 aboleri
2321 2693 2582 2764 possibile
2604 2702 2742 2758 erat,
2778 2695 2884 2749 nisi
2926 2711 3122 2751 rursus
3167 2696 3258 2750 ille
3309 2697 3426 2766 ipse

1847 2789 2011 2844 homo
2031 2787 2103 2842 ob
2131 2802 2292 2856 quem
2324 2785 2529 2839 dictum
2570 2792 2708 2850 erat,
2761 2787 2926 2840 Terra
2982 2805 3059 2852 es,
3112 2798 3164 2842 et
3213 2791 3267 2844 in
3316 2799 3424 2846 ter-

1845 2899 1962 2936 ram
1979 2881 2250 2936 reverteris
2270 2880 2335 2943 “,
2354 2879 2703 2944 reformatus,
2722 2895 2844 2950 quae
2857 2889 2978 2950 ejus
2993 2888 3146 2936 reatu
3164 2882 3217 2935 iu
3232 2897 3425 2938 omnes

1844 2979 2181 3043 pervaserat,
2222 2969 2547 3024 sententiam
2582 2970 2961 3041 antiquasset:
2996 2980 3054 3025 ut
3086 2973 3228 3027 sicut
3267 2974 3424 3042 prius

1843 3064 1900 3118 in
1919 3064 2092 3118 Adam
2124 3078 2315 3118 omnes
2345 3062 2739 3124 moriebantur,
2763 3064 2844 3117 sic
2870 3073 2922 3118 et
2962 3064 3018 3117 in
3055 3063 3277 3120 Christo
3299 3080 3422 3119 rur-

1845 3173 1939 3212 sus
1985 3156 2078 3226 qui
2127 3156 2396 3211 Adamum
2443 3154 2873 3225 assumpsisset,
2929 3169 3118 3210 omnes
3179 3155 3422 3211 viviﬁca-

173 3242 293 3294 οὕτω
325 3243 386 3314 δὴ
431 3244 600 3298 πάλιν
633 3242 734 3296 καὶ
782 3244 842 3296 ὲν
891 3243 970 3316 τῷ
1011 3243 1324 3317 ἀνειληφότι
1377 3241 1598 3314 Χριστῷ
1645 3242 1735 3294 τὸν
1763 3257 1804 3314 C
1840 3259 2028 3304 rentur
2061 3249 2128 3303 ⁵⁷.

183 3333 329 3406 Ἀδὰμ
358 3337 561 3400 πάντες
591 3336 1001 3408 ζωοποιηθῶσι.

643 3478 778 3533 CAP.
810 3476 923 3534 VII.
955 3478 1158 3535 Christi
1189 3496 1368 3549 opera,
1403 3479 1501 3533 Dei
1534 3488 1584 3532 et
1614 3476 1840 3532 hominis
1866 3478 2105 3556 propria.
2134 3478 2247 3546 ejus
2293 3478 2482 3546 ipsius,
2513 3479 2602 3546 qui
2632 3494 2767 3531 unus
2793 3478 2882 3531 sit.

228 3617 327 3670 Καὶ
350 3618 475 3689 περὶ
507 3618 610 3690 μὲν
638 3616 735 3670 τοῦ
769 3617 862 3669 τὸν
887 3617 1190 3689 ἄνθρωπον,
1215 3617 1443 3688 ὄργανον
1471 3617 1732 3686 γεγονότα

170 3709 248 3762 καὶ
271 3711 461 3781 ἔνδυμα
507 3713 605 3766 τοῦ
659 3710 1035 3780 Μονογενοῦς,
1071 3710 1229 3764 τοῦτο
1273 3711 1729 3782 ἀπεργάσασθαι,

170 3803 284 3874 ὅπερ
315 3806 402 3857 καὶ
428 3805 594 3868 αὐτὸς
637 3807 666 3858 ὁ
704 3807 784 3868 είς
826 3804 987 3857 αὑτὸν
1016 3803 1382 3866 είσοικισθεὶς,
1416 3803 1600 3874 σχεδὸν
1629 3804 1738 3874 ἥδη.

172 3909 244 3958 μοι
270 3892 412 3947 δοκεῖ
456 3896 614 3958 τέλος
661 3894 837 3965 ἔχειν·
869 3893 930 3947 τὸ
959 3892 1017 3945 δὲ
1044 3893 1125 3946 ὅτι
1171 3893 1308 3964 μήτε
1352 3894 1456 3964 μὴν
1491 3894 1731 3964 ἀναρμο-

171 3979 290 4041 στία,
323 3982 479 4035 πάλιν
515 3983 578 4046 ἐξ
620 3983 802 4055 ἀρχῆς
835 3981 921 4036 διὰ
955 3981 1197 4052 βραχέων
1245 3983 1624 4037 ἐπισκεπτέον.
1658 3984 1730 4036 Τὸ

167 4069 257 4143 γὰρ
310 4073 606 4142 αὑτοφύσει
664 4073 830 4127 καλὸν
882 4075 977 4127 καὶ
1024 4074 1319 4143 αὑτοφύσει
1375 4074 1581 4129 δίκαιον
1637 4075 1758 4128 καὶ-

166 4162 306 4223 ὀσιον,
337 4158 396 4217 οὗ
427 4165 497 4217 τὰ
548 4165 693 4219 ἄλλα
725 4162 867 4218 κατὰ
914 4165 1146 4237 μετοχὴν
1185 4165 1392 4234 γίνεται
1433 4166 1601 4231 καλὰ,
1631 4167 1731 4237 τὴν

168 4256 332 4323 σοφίαν
359 4259 384 4309 ὁ
408 4257 588 4326 λέγων
636 4257 933 4327 τυγχάνειν
965 4257 1105 4328 μετὰ
1144 4259 1234 4311 τὸν
1281 4257 1412 4310 Θεὸν
1438 4257 1546 4328 (47)
1579 4257 1733 4329 ὀρθό-

167 4360 279 4399 τατα
309 4347 484 4415 λέγει·
508 4349 574 4402 τὸ
595 4349 657 4401 δὲ
693 4345 759 4402 αὖ
790 4349 1004 4402 ἀνόσιον
1034 4351 1128 4403 καὶ
1167 4351 1348 4404 ἄδικον
1373 4352 1466 4402 καὶ
1497 4350 1731 4422 πονηρὸν

164 4439 242 4507 τὴν
275 4442 564 4512 ἁμαρτίαν.
602 4442 716 4495 Δύο
747 4442 856 4514 γὰρ
888 4442 957 4495 τὰ
997 4445 1077 4506 εἱς
1111 4442 1278 4513 ἀκρον
1308 4442 1555 4513 ἀλλήλοις
1578 4447 1731 4497 ἐναν-

164 4531 253 4594 sic,
282 4532 388 4606 ζωὴ
426 4537 522 4588 καὶ
559 4535 821 4601 Θάνατος,
855 4535 1133 4606 ἀφθαρσία
1163 4537 1257 4589 καὶ
1294 4536 1486 4608 φθορά.
1528 4536 1730 4607 ’ἰσότης

217 4693 254 4723 ⁸⁸
284 4691 408 4751 Gen.
460 4709 544 4760 ιιι,
605 4694 702 4750 19.
775 4693 820 4726 ⁸⁷
874 4692 907 4748 Ι
941 4693 1069 4750 Cor.
1110 4709 1201 4758 xv,
1249 4691 1340 4747 22.

1910 3615 2184 3668 Hactenus
2212 3611 2347 3667 satis
2388 3612 2707 3682 exposuisse
2739 3610 2869 3664 mihi
2911 3611 3115 3673 videor,
3149 3612 3416 3682 quemad-

1837 3705 2058 3759 modum
2087 3705 2249 3757 homo
2278 3703 2698 3757 instrumentum
2729 3703 2904 3757 factus
2950 3710 3003 3757 et
3037 3703 3419 3760 indumentum

1838 3795 2114 3867 Unigeuiti
2147 3798 2249 3850 hoc
2275 3797 2388 3866 ipse
2414 3796 2750 3867 praestiterit,
2784 3796 2928 3867 quod
2962 3807 3014 3851 et
3037 3797 3128 3851 ille
3149 3797 3242 3866 qui
3275 3799 3418 3853 ineo

1837 3892 2122 3945 habitavit.
2155 3890 2310 3956 Quod
2339 3899 2518 3944 autem
2551 3905 2727 3959 neque
2754 3889 3045 3960 imparitas
3072 3891 3162 3944 illa
3198 3891 3288 3954 sit,
3315 3905 3419 3948 nec

1834 3985 2237 4040 inconcinnitas
2263 3982 2735 4050 dissonantiaque,
2765 3996 2963 4035 rursus
2997 3997 3028 4034 a
3061 3983 3241 4051 capite
3292 3983 3419 4038 bre-

1831 4079 1969 4133 viter
1998 4076 2479 4132 considerandum.
2531 4073 2712 4143 Ipsum
2752 4076 2896 4128 enim
2938 4081 3132 4126 natura
3167 4076 3369 4129 bouum
3399 4115 3415 4139 ,

1829 4169 2006 4239 ipsum
2036 4178 2232 4224 natura
2271 4170 2481 4238 justum
2516 4176 2878 4236 sanctumque
2905 4211 2918 4231 ,
2987 4168 3145 4236 cujus
3202 4169 3414 4239 reliqua

1832 4263 2252 4332 participatione
2289 4263 2421 4316 ﬂant
2449 4261 2625 4326 bona;
2659 4261 2750 4329 qui
2778 4259 3079 4315 secundum
3120 4260 3287 4315 Deum
3315 4261 3416 4316 Sa-

1834 4355 2090 4424 pientiam
2129 4369 2261 4409 esse
2299 4354 2520 4416 dixerit,
2556 4353 2861 4408 rectissime
2909 4354 3184 4407 senserit:
3222 4361 3415 4408 contra

1832 4460 1964 4500 vero
1995 4445 2320 4501 sceleratum
2359 4453 2412 4499 et
2445 4445 2693 4515 impium,
2727 4443 3101 4512 injustumque
3170 4459 3234 4496 ac
3290 4458 3416 4513 pra-

1833 4552 1998 4601 vum,
2035 4552 2159 4592 esse
2211 4544 2518 4607 peccatum.
2574 4533 2692 4588 Duo
2740 4549 2976 4605 namque
3027 4541 3155 4589 sunt
3199 4547 3416 4589 summe

221 4851 318 4924 με)
361 4851 826 4918 Ἆγαπλασθείς.
882 4850 973 4906 Sic
1021 4849 1182 4924 Yat.;
1228 4851 1443 4924 iMazar.
1500 4864 1632 4924 vero
1677 4855 1731 4905 et

1842 4864 2026 4924 στασιν
2068 4845 2322 4924 prapria;
2358 4830 2482 4899 non
2507 4844 2723 4899 videtur
2760 4853 2880 4915 post
2912 4842 3078 4924 Deum
3111 4853 3301 4924 auctor
3326 4845 3412 4924 di_-

165 4916 323 4997 _Allat.',
357 4916 985 4997 ἀναπαλαίσαςίθιιαεί-
1015 4916 1196 4997 denuo
1216 4923 1362 4976 lucta
1394 4922 1727 4997 perfunctus,

164 4991 545 5066 instauratoque
590 4991 918 5066 certamine.
967 4992 1298 5066 Proberhaec
1329 4991 1727 5066 ecclesiastica,

164 5062 331 5136 quibus
359 5082 421 5120 ea
450 5062 578 5136 qua-
610 5071 749 5120 sunt
775 5063 982 5136 Christi
1018 5064 1257 5136 hominis
1294 5073 1353 5116 ut
1384 5063 1606 5136 capitis,
1643 5070 1731 5115 to-

164 5134 253 5208 tius
272 5134 509 5206 corporis
542 5150 678 5193 esse
703 5134 1091 5208 perhibentur,
1106 5144 1171 5208 ut
1198 5135 1320 5204 ejus
1346 5134 1729 5208 victoria,_cu-

161 5203 327 5276 jusque
360 5203 626 5263 nostrum
667 5205 905 5260 victoria
946 5205 1302 5276 intelligatur,
1342 5203 1432 5272 qui
1466 5204 1727 5258 membris

164 5272 283 5327 illius
303 5279 672 5342 associamur,
706 5290 1010 5346 omnesque
1029 5272 1155 5329 cum
1182 5276 1277 5329 illo
1301 5291 1469 5328 unum
1499 5275 1729 5346 mystice

163 5357 332 5417 corpus
372 5363 630 5417 sumus:
674 5346 842 5414 cujus
882 5344 1105 5417 perinde
1144 5346 1448 5417 membrum
1483 5344 1726 5417 Agamus

165 5412 262 5487 fuit,
303 5417 413 5486 ipse
459 5419 515 5471 iu
567 5412 805 5473 Chrisio
847 5412 1291 5487 praedestinatum
1330 5423 1384 5470 et
1417 5415 1471 5468 in
1503 5413 1726 5487 Christo

162 5485 337 5547 victor,
380 5490 697 5544 instaurata
747 5487 828 5541 illi
850 5485 1067 5542 Christi
1101 5487 1297 5556 gratia,
1319 5501 1414 5556 per
1450 5485 1721 5555 paeniten-

163 5556 267 5630 tiam
299 5560 457 5623 lucta,
493 5561 591 5630 qui
626 5560 686 5612 in
725 5572 787 5613 se
818 5559 996 5630 victus
1026 5559 1318 5630 ceciderat.
1358 5556 1650 5630 Colossis.

167 5692 174 5700 ,
218 5628 312 5699 (ιη
341 5631 458 5699 Τὴν
497 5626 742 5698 Σοφίαν
789 5629 939 5700 μετὰ
984 5631 1167 5700 Geor.
1203 5627 1341 5700 Cum
1373 5626 1723 5700 ASapientiam

166 5697 310 5774 ξρςυφ
335 5697 503 5774 Λόγον
543 5697 743 5756 dicere
779 5699 1045 5774 videatur,
1080 5698 1329 5774 cujusin
1363 5697 1586 5753 Christo
1607 5697 1724 5751 vult

165 5769 257 5845 ipsa
279 5769 506 5845 hominis
534 5787 737 5845 opera,
773 5769 919 5840 quod
956 5786 1121 5826 sensu
1154 5770 1423 5845 Optimum
1461 5782 1693 5845 νεεδ-ρο

167 5843 260 5897 im.
288 5847 350 5899 de
371 5835 662 5902 Verbo-ut
693 5843 750 5897 in
785 5835 982 5896 natura
1011 5856 1110 5914 per
1137 5835 1396 5897 unionem
1433 5838 1557 5894 καθ’
1588 5835 1721 5892 ὑπό-

1835 4916 2085 4974 vinoruni
2115 4916 2180 4970 ιιι
2199 4918 2355 4972 nobis
2378 4931 2687 4979 munerum,
2718 4926 2770 4970 et
2801 4916 2957 4983 quasi
2994 4916 3293 4970 secundum
3323 4917 3412 4969 ατ-

1833 5007 1967 5053 τιον,
2005 4989 2152 5058 quod
2189 4987 2380 5058 Ariani
2407 4988 2682 5057 ponebant
2714 4985 2973 5049 Verbum,
3006 5001 3128 5039 cum
3166 4987 3239 5039 sit
3267 5003 3412 5042 unus

1833 5076 1956 5115 cum
1989 5057 2100 5113 Deo
2127 5066 2180 5114 et
2209 5057 2371 5111 Patre
2401 5067 2594 5112 auctor
2623 5065 2676 5110 et
2702 5072 2886 5118 causa,
2923 5063 2981 5109 ut
3013 5065 3096 5110 est
3135 5071 3242 5109 una
3273 5058 3411 5111 divi-

1831 5131 1974 5186 nitas
2007 5137 2060 5184 et
2092 5129 2284 5183 virtus.
2325 5126 2419 5180 Sin
2457 5136 2636 5180 autem
2671 5127 2803 5188 haec,
2835 5127 3048 5181 divinas
3080 5127 3209 5180 velit
3243 5128 3414 5195 parti-

1831 5201 2155 5270 cipationes,
2182 5213 2246 5252 ac
2276 5199 2433 5270 quasi
2463 5199 2668 5270 primos
2709 5195 2801 5250 Dei
2829 5195 3076 5270 effectus,
3110 5213 3176 5251 ex
3208 5198 3411 5270 quibus

1831 5267 2057 5340 reliquis
2087 5276 2173 5340 est
2202 5277 2260 5322 ut
2288 5268 2399 5340 sint
2425 5267 2683 5340 talia,_sic
2706 5281 2830 5320 vera
2851 5267 3102 5340 doctrina
3130 5275 3234 5332 est,
3271 5269 3414 5340 ipsa-

1834 5336 2126 5413 que—toties
2156 5338 2416 5413 Dionysio
2448 5336 2750 5413 inculcata,
2791 5345 2846 5391 et
2885 5352 2990 5413 qua
3013 5336 3197 5413 Deum
3230 5338 3411 5393 omni-

1832 5405 1936 5467 bus
1971 5410 2251 5479 anteponit
2283 5405 2403 5479 quae
2430 5407 2623 5479 de‘i‘llo
2647 5405 2753 5460 dici
2779 5418 2869 5461 aut
2897 5405 3121 5478 intelligi
3153 5416 3407 5478 possunt.

1833 5483 2068 5551 huicque
2090 5477 2226 5535 adeo
2249 5477 2518 5551 ip’siquod
2546 5477 3057 5551 Detlsnominatttr;
3080 5477 3203 5551 cum
3230 5485 3280 5532 et
3305 5478 3409 5533 hoc

1832 5547 2121 5622 cujusdam
2154 5553 2226 5605 sit
2261 5547 2493 5622 actionis
2534 5547 2854 5622 et__eil‘ectus
2902 5549 3217 5622 counotatio
3252 5565 3263 5600 :
3294 5563 3410 5622 non

1831 5618 2228 5685 ut'Palamitaa,
2268 5621 2444 5675 virtus
2487 5626 2540 5672 et
2588 5618 2844 5672 divinitas
2891 5635 3016 5673 vere
3055 5621 3123 5673 ah
3168 5620 3409 5675 essentia

1830 5696 2107 5750 distincta.
2137 5693 2324 5761 illique
2350 5690 2496 5744 velut
2523 5689 2773 5761 quaedam
2801 5689 3074 5743 emanatio
3105 5690 3174 5761 ab
3204 5697 3412 5761 aeterno

1705 5795 1723 5806 -
1828 5765 2143 5835 conjuncta,
2172 5758 2458 5831 utbptime
2475 5758 2663 5835 noster
2683 5758 2931 5827 Calecas,
2976 5780 3041 5821 ac
3074 5759 3410 5831 reliquiejus

1824 5832 2050 5892 haeresis
2082 5834 2510 5906 impugnatores.
2544 5832 2616 5885 In.
