4090 6318
171 397 259 454 109
1269 399 1658 458 CONVIV2UM
1703 399 1762 453 Dl

1867 398 1930 454 ΞΜ
1973 396 2332 453 VIRGINUM.

3341 397 3443 452 HO

165 513 298 583 μετό
331 512 397 566 τὸ
425 514 897 584 θυσιαστήριον
938 516 1008 571 τὸ
1047 519 1648 588 περικεχαλκωμένον
1684 519 1762 582 ει(

1875 517 2151 572 balantem
2181 517 2411 572 Domino
2441 537 2452 572 :
2492 515 2678 570 Facies
2701 516 2866 577 enim.
2895 517 3070 588 inquit
3089 518 3155 584 ὀ,
3179 518 3301 570 mihi
3332 528 3446 585 post

167 604 234 658 τὰ
260 605 759 674 ὁλοκαυτώματα,
787 601 838 674 ᾧ
868 607 1285 678 ἀνεκομίζοπο
1315 615 1375 665 al
1404 610 1762 678 προσφοραὶ,

170 696 312 751 ιιιιο
333 699 788 767 θυσιαστήριον
813 701 888 767 ἐξ
914 700 1205 768 ἁσήπτων
1228 701 1452 765 ξύλων,
1477 701 1576 753 καὶ
1596 716 1768 753 κατα-

170 787 496 854 )’.ρυσὼσεις
535 789 692 842 αὐτὸ
740 793 1000 859 χρυσίῳ,
1031 791 1131 845 καὶ
1172 791 1388 857 δώσεις
1425 790 1571 845 αὐτὸ
1617 789 1764 844 ἀπέ-

170 895 336 932 ναντι
365 881 470 933 τοῦ
500 883 1068 953 καταπετάσματος,
1104 884 1211 938 τοῦ
1235 884 1333 937 ἐπὶ
1365 882 1477 951 τῆς
1511 881 1759 936 κιϐωτοῦ

171 973 274 1025 τοῦ
305 976 635 1042 μαρτυρίου
672 975 829 1030 κατὰ
875 979 1200 1044 πρόσωπον
1237 975 1345 1030 τοῦ
1388 975 1763 1042 ἱλιιστηρίου,

171 1063 204 1115 δ
228 1064 399 1118 ἐστιν
426 1066 525 1118 ἐπὶ
563 1066 684 1120 τῶν
712 1068 1077 1138 μαρτιφίων,
1109 1068 1180 1121 ἐν
1215 1064 1308 1134 οἷς
1339 1065 1768 1138 τνωσθήσομαί

1875 610 2045 664 altare
2072 612 2469 664 circumiectum
2498 627 2622 672 a’re,
2650 610 2716 663 ad
2740 609 3052 663 holocausta
3072 627 3174 679 quo
3199 611 3448 679 deferun-

1875 712 1963 757 tur
2002 703 2318 767 oblationes,
2345 704 2495 757 aliud
2524 705 2698 757 altare
2735 719 2798 757 ex
2828 703 3246 772 imputribilibus
3269 705 3447 773 lignis,

1871 804 1920 849 et
1948 794 2235 849 deaurabis
2259 795 2394 848 illud
2425 813 2579 858 auro,
2611 805 2660 848 et
2694 796 2845 848 dabis
2877 793 3012 847 illud
3064 795 3118 847 in
3172 805 3452 863 conspectu

1873 885 1990 952 veli,
2022 886 2160 956 quod
2190 897 2269 941 est
2307 905 2466 957 super
2520 905 2701 941 arcam
2745 888 3048 950 testimonii,
3102 896 3224 941 ante
3260 888 3452 957 faciem

1867 980 2254 1048 propitiatorii,
2293 981 2431 1049 quod
2461 989 2537 1033 est
2581 996 2742 1049 supra
2783 981 3108 1042 testimonia,
3156 981 3211 1034 in
3257 983 3449 1050 quibus

1871 1070 2255 1138 manifestabor
2287 1072 2377 1124 tibi
2412 1071 2546 1126 illic.
2571 1071 2640 1125 Et
2665 1072 2893 1126 adolebit
2927 1089 3082 1142 super
3111 1073 3245 1126 illud
3266 1073 3450 1128 Aaron

167 1173 265 1210 σοι
297 1159 439 1214 ἐκεῖ.
466 1160 576 1214 Καὶ
609 1160 889 1229 θυμιάσει
917 1161 1008 1214 ἐπ’
1033 1161 1220 1216 αὑτοῦ
1258 1160 1483 1229 Ἀαρὼν
1507 1161 1762 1230 θυμίαμα

1868 1164 2140 1216 incensum
2188 1174 2488 1216 aromatum
2521 1181 2694 1226 mane,
2746 1165 2957 1236 quando
3003 1164 3332 1219 conci‘nnabit
3366 1165 3453 1219 lu-

168 1249 495 1318 ἀρωμάτων
525 1251 597 1304 ἐν
627 1252 797 1319 πρωῒ,
837 1251 936 1306 ὅτε
961 1252 1229 1323 ἀγαθύνῃ
1263 1252 1407 1319 τοὺς
1453 1253 1726 1321 λύχνους
1751 1270 1764 1282 ·

171 1342 451 1410 ΰυμιάσει
496 1346 589 1397 ἐπ’
632 1344 822 1399 αὑτοῦ
859 1346 1122 1415 θυμίαμα
1176 1345 1504 1412 διαπαντὸς
1560 1346 1766 1400 ἔναντι

170 1437 394 1502 Κιιοίου
421 1439 510 1502 εὶς
537 1436 646 1504 τὰς
675 1437 884 1508 γενεὰς
927 1436 1094 1508 ὑμῶν
1116 1455 1129 1468 ·
1175 1440 1290 1492 οὐκ
1319 1438 1627 1493 ἀνοίσεται
1668 1439 1762 1490 ἐπ’

169 1526 355 1581 αὐτοῦ
386 1529 652 1598 θυμίαμα
673 1531 996 1598 ἀλλότριον
1039 1529 1139 1584 καὶ
1186 1531 1593 1599 όλοκαύτωμα.
1651 1532 1762 1584 Θυ-

171 1618 319 1671 σίαν
343 1617 448 1672 καὶ
475 1619 761 1689 σπονδὴν
785 1622 858 1675 οὐ
885 1621 1200 1675 σπείσεται
1228 1622 1324 1676 ἐπ’
1353 1622 1562 1678 αὑτοῦ.

1869 1271 2056 1309 cernas
2095 1271 2114 1308 :
2162 1255 2395 1310 adolebit
2449 1273 2606 1325 super
2647 1257 2783 1310 illud
2826 1259 3098 1312 incensum
3140 1274 3339 1325 semper
3393 1259 3450 1312 in

1872 1357 2149 1416 conspectu
2174 1346 2389 1401 Domini
2420 1349 2472 1400 in
2493 1351 2852 1417 generationes
2889 1359 3089 1403 vestras
3133 1365 3149 1402 :
3181 1366 3282 1402 non
3318 1349 3449 1415 infe-

1873 1451 1950 1494 ret
1989 1456 2144 1508 super
2170 1440 2302 1494 illud
2325 1441 2594 1494 incensum
2619 1441 2850 1495 alienum
2873 1452 2922 1497 et
2949 1443 3332 1499 holocaustum.
3353 1439 3450 1498 Sa-

1873 1534 2134 1603 Criﬁcium
2157 1543 2205 1587 et
2229 1533 2454 1586 libamen
2487 1550 2590 1587 non
2624 1532 2806 1586 libabit
2841 1549 2994 1601 super
3018 1536 3210 1602 ipsum.

844 1759 974 1815 CAP.
1007 1759 1118 1816 Vll.
1155 1760 1420 1828 Ecclesia,
1453 1761 1627 1817 media
1653 1764 1792 1816 inter
1823 1761 2014 1831 legales
2044 1760 2262 1815 umbras
2291 1770 2340 1814 et
2369 1759 2485 1813 cali
2509 1761 2772 1814 veritates.

240 1899 306 1953 Εἰ
337 1900 368 1951 ὁ
397 1898 569 1966 νόμος
605 1899 744 1962 ἐστὶ,
778 1898 922 1952 κατὰ
966 1899 1057 1953 τὸν
1095 1899 1438 1965 ’Δπὸστολον,
1463 1917 1756 1972 πνευματμ

1933 1897 2072 1952 Cum
2131 1898 2237 1959 lex,
2274 1897 2433 1965 juxta
2493 1897 2817 1966 Apostolum
2873 1897 2937 1960 “,
2983 1898 3287 1967 spiritualis
3350 1902 3445 1965 sit,

174 1989 290 2054 ιὼς,
319 1991 432 2055 τὰς
452 1990 694 2056 εἰκόνας
722 1989 1091 2059 ἐμπεριέχων
1113 1988 1233 2044 τῶν
1244 1993 1597 2060 μελλόντων
1622 1992 1767 2060 ἀγα-

174 2081 312 2146 θῶν,
357 2083 492 2153 φέρε
525 2083 611 2154 δὴ,
646 2083 1075 2153 ἀπαμφιᾶσασαι
1117 2084 1177 2137 τὸ
1204 2083 1291 2137 ἐπ’
1320 2082 1470 2154 αὐτῷ
1504 2082 1766 2154 κάλυμμα

173 2174 266 2228 τοῦ
325 2177 678 2246 γράμματος,
727 2175 1130 2246 ὲφηπλωμένην
1179 2175 1294 2247 (8‘2)
1343 2173 1767 2245 ἐπισκεψώμεθα

175 2270 401 2340 τυμνῶς
458 2269 559 2340 τὴν
620 2270 930 2343 ἀκρίϐειαν.
992 2269 1233 2342 Μίμημα
1289 2269 1388 2339 τῆς
1436 2269 1766 2338 Ἐκκλησὶας

178 2361 490 2414 ἐκελεύοντο
518 2361 788 2416 δαιδάλειν
836 2360 1076 2433 Ἑϐραῖοι
1101 2362 1200 2432 τὴν
1235 2359 1464 2431 σκηνὴν,
1492 2360 1560 2413 ἵν’
1592 2359 1766 2430 ἔχοιεν

178 2451 262 2504 διὰ
291 2452 398 2505 τῶν
430 2451 708 2522 αἰσθητῶν
734 2453 918 2506 εἰκόνα
940 2451 1048 2504 τῶν
1075 2451 1239 2506 θείων
1271 2452 1766 2524 προκαταγγέλλειν

185 2544 542 2613 πραγμάτων.
608 2543 682 2597 Τὸ
703 2543 810 2616 γὰρ
847 2545 907 2597 ἐν
947 2544 1026 2614 τῷ
1057 2545 1172 2615 ὄρει
1208 2545 1562 2616 παράδειγμα
1593 2562 1768 2616 παρε-

185 2635 387 2705 νεχθὲν,
438 2636 575 2703 πρὸς
617 2635 646 2689 ὃ
703 2636 916 2706 βλέπων
969 2637 1297 2708 ἐτεκτήνατο
1338 2637 1438 2708 τὴν
1489 2638 1696 2709 σκηνὴν
1738 2639 1767 2690 ὁ

185 2728 437 2797 Μωῦσῆς,
467 2729 585 2782 ἰδέα
611 2747 696 2792 τις
733 2725 802 2801 ἦν
827 2730 930 2800 τῆς
953 2729 1095 2784 κατὰ
1125 2728 1217 2784 τὸν
1244 2728 1472 2800 οὐρανὸν
1500 2731 1767 2800 οἰκήσεως

184 2821 430 2893 ἀκριϐὴς,
457 2825 524 2895 ἦν
549 2826 710 2893 ἡμεῖς
741 2824 1067 2896 τρανότερον
1093 2823 1190 2895 μὲν
1213 2823 1321 2876 τῶν
1350 2823 1559 2888 τύπων,
1583 2825 1767 2892 ἀμαυ-

189 2914 401 2986 ρότερον
435 2915 492 2970 δὲ
549 2917 649 2988 τῆς
680 2915 940 2988 ἀληθείας
990 2915 1369 2988 θεραπεύομεν
1428 2915 1543 2969 νῦν.
1592 2911 1765 2969 Ἦλθε

188 3008 288 3081 γὰρ
337 3011 634 3081 ἀκραιφνὲς
689 3012 771 3073 εἰς
811 3008 1162 3082 ἀνθρώπους,
1207 3009 1282 3072 ὼς
1314 3009 1578 3078 πέφυκεν,
1614 3007 1766 3061 οὔπω

186 3101 426 3171 τάληθὲς,
463 3104 514 3156 οἳ
553 3102 686 3174 μηδὲ
710 3101 978 3172 βαστάσαι
1005 3102 1244 3173 φέρομεν
1271 3100 1508 3173 ἄκρατον
1531 3099 1764 3154 ἐνταῦθα

188 3193 470 3247 θεάσασθαι
523 3194 622 3264 τὴν
653 3191 983 3265 ἀφθαρσίαν,
1026 3191 1190 3244 ὁπότε
1234 3191 1371 3262 μηδὲ
1399 3191 1496 3255 τὰς
1529 3191 1763 3261 ἡλιακὰς

1868 1988 2127 2056 imagines
2158 1989 2433 2040 continens
2472 1987 2774 2055 futurorum
2833 1988 3111 2054 bonorum,
3143 2006 3264 2061 age,
3288 1993 3452 2047 redu-

1867 2087 1956 2133 cto
1982 2079 2127 2149 quod
2155 2079 2230 2132 illi
2261 2079 2522 2147 injectum
2559 2087 2642 2134 est
2684 2080 2804 2134 velo
2853 2081 3067 2145 lilterm,
3105 2084 3449 2139 enucleatatn

1867 2172 2178 2225 intueamur
2245 2170 2312 2223 ad
2369 2169 2577 2224 nudum
2639 2173 2940 2226 veritatem.
3016 2172 3451 2232 Tabernaculunt

1867 2265 2013 2334 quod
2035 2264 2187 2318 vario
2211 2263 2362 2318 cultu
2390 2261 2596 2316 all'abre
2627 2277 2828 2317 ornare
2878 2262 3095 2319 Hebraei
3129 2267 3268 2335 jussi
3297 2277 3450 2335 sunt,

1868 2357 2128 2412 Ecclesia:
2157 2356 2404 2427 quaedam
2445 2356 2726 2424 expressio
2747 2355 2870 2419 fuit,
2907 2364 2965 2410 ut
2993 2359 3157 2414 rebus
3186 2361 3452 2417 informa.

1866 2458 1982 2506 tum
2015 2451 2372 2507 sensibilibus
2404 2449 2668 2504 baberent
2695 2449 3074 2516 simulacrum,
3109 2466 3216 2522 quo
3263 2454 3450 2508 divina

1868 2544 2002 2600 olim
2029 2554 2294 2600 eventura
2324 2543 2585 2614 mysteria
2610 2543 3060 2612 praenuntiarent.
3086 2543 3220 2596 Nam
3244 2545 3285 2575 η
3302 2547 3449 2614 quod

1867 2645 2153 2693 ostensum
2191 2638 2245 2691 in
2275 2647 2459 2691 monte
2487 2636 2768 2704 exemplar
2800 2645 2903 2700 est,
2933 2637 3000 2690 ad
3037 2636 3180 2706 quod
3230 2637 3450 2693 intuens

1870 2730 2084 2802 Moyses
2112 2729 2524 2785 tabernaculum
2579 2727 2880 2783 fabricatus
2937 2736 3043 2790 est,
3077 2738 3266 2783 exacta
3298 2746 3449 2800 quae-

1868 2824 1993 2878 dam
2028 2823 2152 2878 idea
2199 2832 2319 2877 erat
2370 2821 2637 2876 domicilii
2672 2821 2932 2882 cmlestis,
2960 2823 3046 2875 cui
3080 2839 3181 2877 nos
3231 2841 3451 2893 quoque

1870 2917 2153 2987 limpidius
2171 2915 2470 2978 servimus,
2527 2928 2690 2983 quam
2721 2914 2767 2968 si
2793 2914 2973 2966 adhuc
3008 2915 3062 2967 in
3103 2915 3291 2985 ﬁguris
3322 2934 3448 2971 ver-

1871 3023 2156 3072 saremur;
2213 3007 2507 3061 obscurius
2541 3014 2746 3069 tamen,
2778 3022 2940 3076 quam
2978 3007 3022 3060 si
3051 3009 3167 3076 ipsa
3202 3010 3449 3064 veritatis

1871 3101 1991 3155 luce
2020 3100 2340 3169 potiremur.
2368 3098 2612 3153 Necdum
2660 3098 2806 3152 enim
2837 3097 2953 3167 ipsa
2982 3115 3116 3168 pura
3139 3110 3191 3153 et
3225 3100 3444 3155 sincera

1868 3195 2090 3258 veritas,
2123 3194 2200 3247 uti
2226 3193 2302 3247 illi
2335 3199 2709 3262 comparatum
2738 3199 2840 3254 est,
2876 3191 2942 3248 ad
2998 3191 3249 3247 homines
3277 3196 3447 3260 venit,

193 3286 415 3357 φέρομεν
444 3286 574 3340 ἰδεῖν
588 3286 831 3348 ἀκτῖνας.
869 3284 1034 3338 Ἀλλὰ
1072 3282 1313 3338 Ἰουδαῖοι
1351 3284 1448 3354 μὲν
1475 3283 1573 3353 τὴν
1608 3282 1762 3335 σκιὰν

1867 3288 2056 3357 quine
2105 3287 2250 3342 ferre
2279 3286 2500 3356 quidem
2551 3286 2831 3339 valeamus
2887 3284 3128 3353 quandiu
3191 3286 3307 3340 vita
3341 3287 3447 3340 hac

192 3379 280 3448 τῆς
307 3380 507 3442 εἰκόνος
537 3378 731 3449 τρίτην
753 3376 863 3430 ἀπὸ
891 3376 989 3446 τῆς
1002 3375 1260 3447 ἀληθείας
1290 3374 1726 3445 κατηγγέλκασιν
1747 3391 1761 3404 ·

193 3470 340 3540 ἡμεῖς
383 3472 439 3524 δὲ
487 3471 590 3540 τὴν
643 3469 828 3523 εἰκόνα
882 3469 981 3539 τῆς
1016 3470 1136 3521 κατ’
1177 3467 1404 3540 οὐρανὸν
1446 3466 1767 3536 διοικήσεως

193 3561 421 3633 ἐναργῶς
476 3560 854 3630 ἐκθειάζομεν.
887 3560 962 3614 Τὸ
999 3560 1108 3631 γὰρ
1135 3558 1334 3629 ἀληθὲς
1368 3557 1611 3629 ἀκριϐῶς
1646 3559 1763 3628 μετ’

193 3655 470 3710 ἀνάστασιν
527 3654 637 3725 (85)
680 3653 1072 3725 δηλωθήσεται,
1106 3653 1270 3706 ὁπότε
1303 3651 1592 3722 πρόσωπον
1622 3650 1763 3703 κατὰ

192 3749 465 3819 πρόσωπον
509 3748 610 3820 τὴν
657 3747 819 3816 ἁγίαν
867 3747 1072 3818 σκηνὴν
1125 3744 1274 3818 (τὴν
1323 3746 1508 3798 πόλιν
1555 3743 1655 3815 τὴν
1699 3747 1758 3797 ἐν

186 3841 440 3912 οὐρανοῖς,
497 3837 576 3912 ἧς
638 3843 917 3911 τεχνίτης
979 3841 1077 3896 καὶ
1130 3838 1486 3911 δημιουργὸς
1538 3839 1750 3908 Θεὸς),

248 4019 295 4052 ¹⁶
331 4019 508 4074 Exod.
540 4034 670 4084 xxx,
702 4018 820 4074 1-9.
897 4019 938 4052 ¹¹
981 4017 1145 4074 Hebr.
1185 4036 1237 4086 x,
1275 4020 1323 4072 l.

239 4185 355 4254 (82)
398 4182 896 4254 Ἐφηπλωμένην.
927 4183 1107 4238 Codex
1151 4183 1314 4249 Maz.,
1348 4180 1761 4252 ἐφηπλωμένον,

178 4258 318 4326 zuod
344 4259 524 4327 magis
557 4255 897 4327 probandum
921 4255 1158 4318 videtur,
1195 4265 1254 4327 ut
1280 4255 1551 4327 referatur
1577 4262 1642 4309 ad
1663 4256 1761 4308 κά-

169 4327 360 4400 λυμμα
400 4343 415 4355 ·
445 4326 644 4400 quare
673 4326 915 4400 tollenda
948 4336 1031 4400 est
1087 4326 1299 4400 virgula
1347 4326 1682 4400 praecedens,
1706 4334 1759 4379 et

171 4396 562 4471 interpretatio
623 4396 814 4450 Latina
865 4398 945 4471 sic
974 4396 1197 4454 Grecis.
1223 4399 1297 4450 ita
1349 4398 1636 4471 correctis,
1669 4413 1760 4450 ac-

168 4466 574 4525 commodanda
606 4487 619 4521 :
647 4471 770 4536 Age,
795 4466 1094 4521 reducentes
1117 4484 1408 4537 oppansum
1441 4469 1540 4534 ipsi
1571 4468 1762 4520 littera:

1870 3379 2090 3433 mortali
2118 3378 2352 3449 agimus,
2377 3385 2437 3430 ut
2456 3391 2648 3446 puram
2687 3377 3156 3446 incorruptionem
3186 3389 3449 3434 contuea—

1868 3487 2012 3536 mur,
2046 3471 2126 3526 uti
2156 3486 2334 3540 neque
2359 3480 2417 3522 ut
2448 3469 2714 3522 micantes
2745 3468 2875 3522 solis
2900 3469 3083 3523 radios
3116 3471 3289 3525 oculis
3321 3487 3448 3541 por-

1870 3561 2271 3620 tem-usJudaai
2331 3576 2495 3631 porro
2550 3560 2796 3614 umbram
2835 3560 3110 3629 imaginis,
3161 3564 3376 3616 tertiam
3415 3581 3446 3617 a

1867 3652 2118 3716 veritate,
2154 3649 2615 3704 annuntiavcrunt
2652 3667 2665 3702 :
2693 3665 2794 3703 nos
2829 3665 2959 3703 vero
2983 3652 3218 3706 cwlestis
3249 3655 3448 3723 guber-

1866 3746 2106 3802 nationis
2134 3743 2425 3814 imaginem
2457 3744 2607 3798 clare
2642 3743 3011 3801 celebramus.
3041 3743 3254 3801 Veritas
3291 3763 3447 3802 nam-

1862 3853 1968 3908 que
1998 3839 2117 3909 ipsa
2139 3844 2329 3892 exacte
2356 3843 2477 3905 post
2498 3837 2955 3893 resurrectionem
2983 3837 3442 3908 manifestabitur,

1406 4019 1447 4051 "
1487 4016 1664 4072 Exod.
1697 4033 1824 4084 xxv,
1854 4019 1945 4073 40.

1865 4185 2163 4256 rectionem
2223 4184 2402 4239 dili‘ert
2436 4183 2729 4254 perfectam
2779 4185 3069 4249 visionem,
3129 4195 3182 4241 et
3213 4202 3330 4256 quae
3359 4198 3444 4244 est

1867 4255 2005 4309 facie
2036 4257 2102 4311 ad
2129 4255 2320 4310 faciem
2347 4257 2464 4327 sine
2490 4256 2887 4324 eenigrnatilms,
2915 4265 2966 4309 et
2995 4275 3102 4310 non
3120 4274 3182 4311 ex
3205 4255 3354 4327 parte
3378 4278 3438 4313 :a

1870 4342 1974 4395 qua
2005 4329 2331 4381 immensum
2368 4325 2593 4390 distant,
2619 4342 2738 4393 qua:
2765 4328 2955 4379 tribuit
2985 4325 3268 4382 animabus
3295 4341 3436 4383 orat.

1869 4414 1924 4460 ι,
1956 4397 2102 4464 quod
2135 4399 2330 4467 visura:
2361 4396 2651 4466 θαυμαστά
2678 4413 2796 4448 τινα
2831 4400 2922 4450 καὶ
2961 4399 3307 4467 ἐκλάμποντα
3343 4403 3439 4454 καὶ

1874 4469 2118 4539 μακάρια
2151 4466 2344 4539 κάλλη,
2379 4468 2471 4539 καὶ
2516 4469 2677 4521 ὁποῖα
2719 4468 2951 4533 ἐξειπεῖν
2992 4471 3069 4530 εἰς
3095 4469 3441 4539 ,ἀνθρώπους

169 4541 432 4601 velamen,
470 4538 670 4592 nudam
692 4534 878 4591 coram
905 4547 955 4592 et
978 4534 1216 4592 cominus
1247 4540 1521 4609 veritatem
1554 4540 1762 4591 intuea—
1792 4534 1839 4592 Β
1867 4534 2147 4609 δυσχερές,
2189 4534 2528 4609 admirabilia
2556 4540 2796 4609 quredam
2837 4548 2886 4591 et
2919 4538 3192 4605 splendida
3212 4534 3259 4592 et
3285 4539 3443 4595 beata

172 4628 308 4679 titur.
324 4610 427 4664 Eo.
445 4609 652 4664 Lucan.
674 4639 743 4650 —-
770 4610 1257 4679 Ὲφηπλωμένην.
1276 4607 1590 4662 Lectioneni
1618 4609 1761 4662 lianc

172 4678 298 4735 Vat.
332 4681 530 4736 multis
560 4683 799 4750 exagitat
853 4680 1030 4734 editor
1047 4678 1255 4750 Lupar.
1305 4679 1762 4750 amplectiturque

170 4753 399 4832 alterum
434 4751 575 4806 Max.
596 4759 652 4804 et
673 4748 1303 4832 Ἀμειιηειξηπλωμένον,
1339 4748 1483 4832 quod
1539 4749 1758 4832 referat,

171 4820 228 4872 τὸ
262 4822 558 4892 κάλυμμα,
593 4821 736 4890 quod
777 4821 851 4873 ita
877 4823 964 4892 ἐπ’
989 4819 1161 4890 αὐτῷ,
1193 4836 1355 4888 supra
1379 4819 1558 4892 legem
1589 4821 1763 4892 expli-

170 4901 356 4945 catum
403 4889 570 4961 atijue
601 4889 901 4962 expansum
930 4889 1263 4961 intelligatur
1281 4904 1346 4943 ac
1361 4889 1596 4962 dicatur.
1635 4890 1760 4942 Mihi

173 4967 367 5032 tamen,
399 4960 522 5017 Vat.
557 4960 717 5017 lectio
752 4963 924 5032 magis
967 4960 1250 5032 probatur.
1282 4960 1428 5032 quod
1454 4975 1517 5013 ea
1537 4976 1650 5032 vox
1673 4975 1760 5013 re-

173 5030 279 5101 lata
304 5031 374 5084 ad
402 5034 651 5088 velamen
685 5029 1242 5101 superﬂua'sit,rcum
1273 5031 1334 5082 τὸ
1364 5032 1452 5082 ἐπ’
1488 5029 1656 5099 αὐτῷ,
1679 5033 1759 5101 vel

174 5100 459 5173 ῖιθέμενον
522 5105 608 5158 vel
641 5099 917 5173 κείμενον,
947 5111 1018 5173 ut
1078 5100 1374 5173 Apostolus
1439 5101 1681 5170 loquitur
1717 5099 1759 5152 ll

177 5169 305 5226 Cor.
339 5187 424 5234 ιιι,
451 5187 569 5226 rem
595 5169 813 5228 aliunde
838 5172 1076 5227 declaret
1102 5169 1243 5227 {nec
1272 5172 1408 5225 alias
1439 5169 1601 5225 voces
1629 5173 1759 5226 sub-

179 5243 482 5313 intellectas
532 5245 715 5313 exigat
774 5243 994 5313 phrasis
1032 5243 1125 5296 illa
1173 5241 1454 5313 Methodii.
1482 5240 1762 5310 Ἐξηπλω-

187 5314 345 5383 μὲν-ην
387 5312 530 5366 forte
553 5310 862 5384 scripserit,
901 5328 1020 5383 quae
1055 5327 1158 5367 vox
1197 5311 1368 5384 magis
1402 5310 1609 5384 Graeca,
1631 5328 1761 5384 nam

186 5380 401 5439 alterius
436 5383 527 5438 vix
560 5380 744 5438 exstat
795 5380 1146 5451 exemplum;
1200 5380 1578 5451 ἐφαπλώματα
1637 5382 1763 5435 Ari-

189 5399 401 5439 attenus
436 5399 527 5438 Vix
560 5399 744 5438 exstat
795 5400 949 5439 exetn
996 5399 1146 5449 tum;
1200 5399 1578 5451 εφαπλωματα.
1637 5399 1756 5435 AI‘I-

189 5456 356 5526 stoph.
384 5451 438 5508 in
466 5453 728 5526 Acharn.,
757 5463 899 5510 teste
955 5399 1146 5526 guida,
1175 5461 1335 5507 vocat
1363 5450 1708 5526 πεπλώματα
1743 5470 1756 5483 ο

194 5523 511 5595 redduntque
544 5523 826 5587 culcitras,
883 5523 1153 5594 stragulas
1192 5531 1397 5577 vestes:
1435 5524 1759 5577 tenuissima

199 5596 303 5652 item
324 5598 660 5653 indumenta.
700 5596 775 5649 De
800 5597 922 5650 velo
939 5595 1082 5663 quod
1116 5595 1452 5656 obtenditur,
1473 5595 1653 5663 ponus
1681 5596 1762 5646 ὲκ-

197 5670 393 5725 πετάσαι
415 5669 640 5725 dicitur.
673 5663 900 5720 Veritas
929 5663 1313 5730 ὲξαπλοῦσθαι,
1343 5679 1469 5717 cum
1507 5665 1622 5733 ipsa
1665 5680 1762 5717 ex-

197 5741 355 5814 plicata
381 5742 646 5814 nudaque
704 5735 982 5792 cernitur.
1017 5734 1130 5791 Etsi
1185 5747 1316 5792 sunt
1345 5735 1461 5789 base
1499 5735 1761 5788 minutio-

191 5813 911 5956 Μίεὲἵῗὲέῖξνάσωσιν.
930 5874 999 5932 Et
1014 5877 1103 5933 hic
1119 5873 1423 5934 Hetboaius
1439 5884 1561 5946 post
1579 5888 1765 5931 resur-

1863 4607 2074 4668 decbrn,
2115 4617 2165 4663 et
2219 4625 2335 4678 qua:
2362 4607 2662 4660 hominibus
2700 4625 2834 4674 aegre
2865 4609 3030 4661 verbis
3064 4611 3218 4662 liceat
3274 4612 3442 4675 expli-

1865 4697 2006 4735 care.
2046 4679 2179 4734 Esse
2209 4693 2403 4746 nempe
2454 4678 2523 4731 ibi
2551 4679 2724 4746 ipsam
2747 4680 3040 4746 justitiam,
3067 4680 3239 4747 ipsam
3274 4684 3441 4732 casti-

1866 4760 2049 4812 tatem,
2113 4750 2456 4807 charitatem,
2509 4747 2793 4818 veritatem
2845 4756 2899 4802 et
2943 4751 3181 4818 reliquos
3233 4751 3444 4817 pariter

1864 4820 2186 4874 manifestos
2213 4819 2494 4888 sapientiae
2528 4817 2688 4872 liores
2745 4826 2799 4871 et
2830 4817 3314 4889 stirpes,’quaruni
3351 4819 3441 4873 hic

1865 4899 2074 4943 tantum
2105 4890 2329 4942 umbras
2357 4889 2642 4949 habemus,
2664 4898 2797 4951 etc.,
2829 4888 2953 4943 nam
2985 4898 3038 4942 et
3069 4889 3201 4944 hlBC.
3239 4888 3316 4940 uti
3345 4904 3439 4940 eo-

1864 4976 1984 5013 rum
2021 4960 2108 5013 hic
2160 4959 2374 5020 umbra,
2429 4967 2612 5012 creata
2663 4970 2812 5021 sunt,
2847 4959 3116 5029 primique
3173 4957 3265 5012 Dei
3310 4957 3440 5014 clie-

1863 5030 2226 5100 ctus,purius
2281 5030 2355 5083 ibi
2388 5031 2669 5091 intellecti,
2725 5039 2778 5084 et
2834 5039 2892 5083 ut
2925 5032 3188 5090 rationes,
3234 5030 3436 5100 qnibns

1863 5098 2126 5168 non.ipsa
2160 5103 2214 5153 in
2244 5115 2304 5154 se
2344 5100 2435 5154 Dei
2463 5101 2701 5156 essentia
2729 5101 2963 5157 videtur,
2992 5113 3089 5152 nec
3113 5115 3240 5153 vero
3272 5098 3437 5153 Pala-

1864 5173 2118 5224 mitarum
2147 5186 2353 5234 errore,
2389 5170 2478 5225 Dei
2507 5173 2680 5225 virtus
2704 5172 2954 5225 essentia:
2978 5168 3268 5238 conjuncta
3292 5180 3345 5223 et
3368 5172 3438 5224 ab

1864 5243 1953 5295 illa
1985 5242 2268 5304 distincta,
2302 5257 2422 5311 quae
2452 5244 2523 5294 sit
2567 5242 2868 5310 multiplex,
2927 5255 3049 5293 cum
3091 5242 3329 5311 essentia
3366 5242 3441 5294 sit

1864 5328 1991 5366 una.
2049 5311 2253 5381 Nempe
2313 5310 2595 5381 multiplex
2637 5311 2918 5365 ellectibus
2950 5318 3055 5374 est,
3093 5310 3209 5380 ipsa
3244 5327 3348 5363 una
3380 5321 3437 5366 et

1865 5383 2304 5452 simplicissima;
2322 5390 2381 5436 ut
2409 5391 2463 5436 et
2483 5385 2744 5443 essentia,
2776 5396 2806 5434 a
2829 5397 2935 5451 qua
2968 5397 3134 5450 penes
3167 5381 3280 5435 sola
3303 5396 3439 5435 con.

1862 5462 2050 5508 notata
2075 5462 2130 5506 et
2179 5454 2487 5507 virtualiter
2525 5453 2830 5506 eminenter
2880 5453 3251 5520 distinguitur.
3299 5453 3439 5507 Aliis

1861 5541 1991 5593 ergo
2024 5524 2160 5578 locis
2187 5539 2346 5594 Opus,
2378 5535 2439 5578 ut
2470 5523 2775 5577 vindicetur
2810 5521 3135 5578 Metliodius.
3158 5530 3228 5594 iet
3249 5523 3438 5576 traba~

1863 5603 1952 5649 tur
1976 5596 2038 5664 in
2058 5593 2384 5649 sententiam
2407 5609 2568 5662 quam
2596 5594 2770 5664 longis
2793 5603 2914 5662 post
2942 5593 3278 5664 tempgribus
3311 5609 3437 5664 pro-

1866 5666 2010 5719 bavit
2032 5663 2275 5719 Ecclesia
2305 5685 2317 5719 :
2353 5663 2538 5719 videre
2567 5664 2678 5732 jam
2697 5662 2816 5717 tum
2842 5664 3056 5717 animas
3091 5662 3279 5722 Deum,
3315 5663 3438 5732 qui-

1863 5735 2133 5864 liusdnibil
2157 5751 2232 5859 lex
2272 5734 2576 5806 superioris
2615 5736 2737 5790 vitae
2785 5735 2842 5788 in
2867 5748 3096 5803 corpore
3127 5742 3277 5788 reatu
3308 5748 3435 5803 pur~

1863 5823 1964 5864 itan
2009 5823 2118 5861 uin.
2179 5821 2234 5861 ι).

1862 5821 2118 5878 ganautn.
2157 5821 2234 5861 ID.
