4090 6318
687 373 783 431 ili

1687 376 1745 432 Β.
1792 375 2125 433 METRODII
2164 375 2476 434 EPISCOPI
2514 377 2604 432 ΕΤ
2646 376 3008 435 MARTYRIS

683 493 903 563 quando
923 492 1037 563 jam
1066 492 1203 548 facie
1226 490 1292 547 ad
1321 490 1516 549 faciem
1556 493 1603 525 ¹⁸
1653 502 1909 549 sanctum
1932 496 2243 551 tabernacu

2366 496 2478 550 ἀλλ’
2503 496 2565 549 οὐ
2591 495 2658 549 δι’
2688 498 3027 568 αίνιγμὰτων
3064 499 3161 551 καὶ
3191 497 3256 551 ὲκ
3289 496 3486 567 μέρους
3514 492 3946 565 timenem

682 600 795 654 lum
848 595 1143 669 (ctelestem
1199 595 1457 650 nimirum
1500 595 1789 662 ciuitatem,
1838 597 1992 665 cujus
2041 594 2239 664 artifex
2290 606 2341 651 et
2390 596 2634 652 conditor
2679 595 2824 651 Deut
2854 605 2932 650 ut
2962 597 3027 666 “)
3078 611 3189 652 non
3217 605 3399 653 autem
3456 596 3693 668 amplius
3728 597 3788 652 in
3820 595 3950 652 ui-

680 700 861 765 gmate
887 702 942 747 et
963 706 1029 745 ex
1053 699 1207 761 parte
1239 689 1646 745 contuebimur.

1150 806 1284 864 Car.
1320 805 1681 877 Vlll.Duplea:
1720 809 1912 877 altare,
1938 811 2111 866 vidua
2147 818 2198 865 et
2229 810 2473 881 rirgines.
2516 805 2722 859 Aurum
2762 804 3085 875 virginitatis
3118 792 3435 877 symbolum.

750 924 953 997 Nempe
1003 925 1177 982 Judai
1228 941 1319 981 res
1341 933 1562 982 nostras
1604 936 2130 996 praenuntiaverunt,
2156 944 2259 986 nos

674 1033 807 1076 vero
835 1019 1079 1075 caelestia
1104 1020 1562 1089 praenuntiamus;
1599 1019 2043 1091 quandoquidem
2073 1021 2258 1077 taber-

677 1111 936 1166 naculum
965 1110 1183 1181 quidem
1211 1109 1469 1165 Ecclesiai
1503 1118 1691 1181 typum
1734 1112 1977 1184 gerebat,
2010 1110 2257 1168 Ecclesia

676 1217 808 1258 vero
829 1203 1003 1257 cmlos
1033 1210 1409 1273 repraesentat.
1434 1200 1571 1258 Cum
1602 1205 1787 1275 itaque
1821 1204 1936 1258 hac
1964 1204 2039 1258 ita
2062 1219 2123 1260 se
2155 1204 2255 1259 ba-

674 1295 858 1359 beant,
890 1302 945 1349 et
976 1295 1408 1360 tabernaculum,
1434 1298 1512 1351 uti
1538 1296 1814 1360 dicebam,
1846 1295 2106 1351 Ecclesiae
2128 1305 2257 1368 typo

675 1395 1010 1449 assumatur,
1039 1385 1333 1443 videndum
1381 1395 1555 1444 restat
1583 1388 1653 1443 ad
1675 1403 1842 1459 quam
1880 1390 2100 1459 pr0prie
2149 1388 2255 1443 Ec-

674 1478 856 1533 clesiae
888 1488 1094 1548 partem
1127 1488 1437 1550 spectarent
1466 1481 1576 1537 duo
1610 1482 1807 1535 altaria
1852 1497 2091 1553 quorum
2135 1496 2253 1536 me-

673 1566 955 1623 minimus.
988 1567 1097 1639 Ego
1128 1584 1260 1625 sane
1314 1572 1470 1641 prius
1499 1569 1720 1639 quidem
1754 1585 1861 1624 aere
1892 1578 2114 1636 tectum,
2165 1585 2252 1626 se-

672 1661 823 1715 natui
858 1670 1121 1733 septoque
1148 1662 1442 1718 viduarum
1475 1662 1653 1718 simile
1683 1660 1940 1718 dixerim.
1970 1661 2066 1718 Dei
2103 1665 2249 1718 enim

672 1752 889 1822 spirans
919 1767 1012 1805 ara
1035 1762 1185 1815 sunt,
1218 1752 1283 1806 ad
1312 1766 1475 1821 quam
1500 1751 1705 1820 passim
1739 1749 2043 1806 oll‘eruntur
2094 1751 2251 1807 vituli

2448 923 2695 977 Ἰουδαῖοι
2743 923 2844 992 μὲν
2894 921 3004 993 γὰρ
3046 922 3113 976 τὰ
3154 923 3402 995 ἡμέτερα
3442 926 3941 998 προανεφώνησαν.

2364 1016 2527 1086 ήμεῑς
2573 1014 2629 1067 δὲ
2671 1014 2741 1067 τὰ
2796 1012 3023 1084 οὐράνια
3053 1014 3497 1087 προαγγέλλομιν
3520 1032 3535 1045 ·
3585 1017 3881 1091 ἐπειδήπερ
3908 1021 3947 1092 ή

2366 1106 2467 1177 μὲν
2525 1104 2698 1176 σκηνὴ
2749 1102 3018 1175 σύμϐολον
3037 1099 3107 1175 ἦν
3154 1104 3252 1175 τῆς
3299 1104 3645 1176 Ἐκκλησίας,
3673 1108 3707 1181 ή
3738 1107 3797 1163 δὲ
3824 1110 3946 1163 Ἐκ-

2363 1195 2563 1265 κλησία
2610 1194 2718 1248 τῶν
2760 1192 3025 1267 οὐρανῶν.
3066 1193 3177 1260 Διὸ,
3219 1192 3422 1247 τούτων
3471 1193 3643 1260 οὕτως
3690 1197 3945 1267 ἑχόντων,

2363 1288 2459 1340 καὶ
2488 1286 2586 1357 τῆς
2611 1286 2820 1358 σκηνῆς
2863 1288 2921 1339 ὲν
2967 1284 3123 1354 τύπῳ
3151 1285 3250 1356 τῆς
3294 1286 3642 1359 Ἐκκλησίας,
3675 1288 3752 1352 ὡς
3784 1289 3945 1361 ἔφην,

2361 1376 2801 1448 λαμϐανομένης,
2834 1377 2943 1449 χρὴ
2985 1378 3081 1431 καὶ
3136 1377 3205 1434 τὰ
3234 1377 3595 1449 θυσιαστήρια
3621 1378 3877 1452 σύνθημά
3891 1397 3947 1434 τι

2360 1469 2468 1523 τῶν
2499 1469 2641 1522 κατὰ
2686 1468 2784 1541 τὴν
2835 1469 3163 1541 Ἐκκλησίαν
3204 1469 3546 1541 πραγμάτων
3580 1470 3787 1541 φέρειν.
3832 1473 3949 1526 Καὶ

2358 1560 2420 1613 τὸ
2446 1561 2544 1631 μὲν
2573 1560 3121 1632 περικεχαλκωμένον
3161 1562 3555 1628 ἁπεικάζεσθαι
3581 1566 3648 1635 τῇ
3682 1566 3950 1639 γερουσίᾳ

2358 1655 2451 1707 καὶ
2480 1652 2558 1724 τῷ
2578 1652 2852 1724 περιϐόλῳ
2876 1654 2984 1706 τῶν
3006 1654 3189 1727 χηρῶν
3206 1673 3218 1685 ·
3240 1654 3375 1709 Θεοῦ
3399 1657 3509 1727 γάρ
3535 1659 3673 1711 είσιν
3700 1657 3950 1730 ἔμψυχος

2359 1746 2563 1817 βωμὸς,
2588 1748 2669 1811 είς
2703 1746 2763 1799 δν
2813 1747 3240 1818 ἁνακομίζονται
3275 1748 3405 1812 τοὺς
3430 1750 3667 1821 μόσχους
3699 1752 3793 1806 καὶ
3840 1751 3948 1818 τὰς

670 1850 726 1900 et
759 1843 1002 1907 decimae,
1031 1852 1087 1899 et
1116 1842 1435 1898 voluntaria:
1464 1843 1680 1907 oblata,
1709 1859 1830 1913 qua:
1851 1844 1905 1897 in
1929 1844 2144 1899 Domini
2168 1859 2243 1899 sa-

2354 1840 2609 1905 δεκὰτας,
2640 1842 2736 1894 καὶ
2763 1839 2834 1893 τὰ
2884 1840 3105 1896 ἑκούσια
3161 1841 3352 1897 θυσίαν
3382 1843 3682 1915 τελούμενα
3714 1847 3943 1918 Κυριφο

670 1938 937 1992 criﬁcium
964 1937 1184 1990 cedunt.
1224 1934 1536 1989 lnauratum
1573 1946 1755 1991 autem
1810 1937 1983 1991 altare
2013 1937 2162 1991 intus
2194 1936 2252 1991 in

671 2029 890 2084 Sanctis
916 2036 1231 2085 sanctorum
1267 2029 1587 2097 repositum,
1624 2036 1750 2084 ante
1776 2027 1969 2083 faciem
1999 2029 2252 2084 testimo-

668 2123 768 2188 nii,
800 2123 855 2177 in
890 2136 998 2192 quo
1027 2120 1360 2192 prohibitum
1396 2128 1479 2175 est
1511 2119 1694 2175 oﬁ‘erri
1733 2119 2065 2176 sacriﬁcium
2098 2130 2152 2177 et
2178 2122 2249 2176 li-

668 2216 887 2279 bamen,
922 2214 989 2269 ad
1021 2229 1116 2270 eas
1144 2230 1266 2285 qua:
1295 2214 1348 2268 in
1377 2221 1524 2270 statu
1555 2214 1828 2284 virginum
1858 2222 2008 2278 sunt,
2033 2213 2250 2269 videtur

666 2305 1049 2375 referendum;
1084 2306 1406 2377 incorrupto
1465 2322 1626 2371 auro,
1684 2307 2119 2376 imputribilibus
2179 2309 2249 2363 ab

665 2400 812 2454 omni
837 2400 939 2453 viri
970 2413 1274 2469 congressu
1326 2399 1545 2452 illorum
1577 2402 1840 2467 protectis
1897 2399 2243 2469 corporibus.

664 2492 873 2545 Aurum
906 2492 1053 2544 enim
1086 2489 1301 2544 duabus
1328 2490 1530 2559 passim
1559 2489 1974 2545 commendatur
2003 2491 2245 2555 dotibus,

664 2594 780 2637 tum
811 2580 959 2651 quod
981 2580 1288 2650 rubiginem
1318 2596 1429 2635 non
1479 2579 1738 2644 admittit,
1795 2587 1910 2633 tum
1944 2581 2089 2651 quod
2141 2578 2250 2636 ful-

660 2690 794 2747 gore
850 2675 1039 2728 innato
1091 2671 1371 2728 radiorum
1421 2673 1553 2728 solis
1576 2673 1812 2743 speciem
1847 2688 2016 2743 prope
2039 2672 2249 2729 referre

662 2767 903 2822 videtur.
937 2765 1137 2836 Aptum
1163 2767 1216 2819 in
1246 2775 1481 2834 utroque
1530 2764 1860 2834 virginitatis
1916 2765 2244 2836 symbolum,

662 2860 843 2914 nullas
871 2859 1210 2913 admittentis
1241 2859 1433 2913 sordes
1462 2873 1526 2913 ac
1560 2860 1827 2923 maculas,
1871 2860 1967 2915 sed
2002 2866 2057 2915 et
2081 2857 2247 2914 Verbi

664 2966 881 3021 semper
945 2951 1066 3005 luce
1117 2950 1539 3021 reSplendentis.
1569 2950 1832 3023 lntusque
1870 2960 2159 3024 propterea
2187 2954 2245 3007 in

666 3042 881 3099 Sanctis
909 3051 1226 3098 sanctorum
1257 3044 1491 3099 vicinius
1543 3052 1673 3108 stat,
1707 3054 1761 3100 et
1795 3054 1921 3100 ante
1951 3048 2129 3101 velum
2159 3047 2246 3099 in-

659 3138 941 3195 temeratis
964 3136 1219 3191 manibus
1257 3136 1467 3189 incensi
1503 3136 1695 3199 instar,
1724 3145 1976 3208 acceptas
2012 3137 2245 3195 Domino

2351 1930 2412 1983 τὸ
2443 1930 2499 1983 δὲ
2527 1932 2856 2003 περίχρυσον
2896 1932 3295 2005 θυσιαστήριον,
3340 1934 3486 1988 ἔνδον
3507 1938 3564 1989 ὲν
3590 1940 3702 2002 τοῖς
3739 1937 3949 2009 ’Δγιοις

2350 2022 2459 2075 τῶν
2504 2024 2674 2091 ἁγίων
2723 2025 3083 2096 ἀνακείμενον
3109 2026 3250 2079 κατά
3292 2028 3581 2099 πρόσωπον
3607 2029 3703 2084 τοῦ
3735 2049 3950 2104 μαρτυ-

2354 2112 2493 2187 ρίου,
2528 2118 2608 2179 είς
2636 2116 2665 2169 δ
2696 2116 2989 2189 ἀπείρηται
3040 2118 3228 2173 θυσίαν
3269 2122 3363 2174 καὶ
3408 2122 3638 2196 σπονδὴν
3667 2126 3949 2199 ἀναφέρε-

2352 2205 2498 2272 σθαι,
2545 2211 2666 2274 ταῖς
2716 2210 2772 2262 ὲν
2830 2210 3098 2283 παρθενίᾳ
3129 2212 3530 2287 παραϐλητέον,
3569 2216 3649 2287 τῷ
3671 2218 3953 2292 ἁκηράτῳ

2349 2301 2538 2374 χρυσῷ
2590 2302 2659 2356 τὰ
2711 2304 2932 2374 ἄσηπτα
2983 2306 3269 2372 συνουσίας
3325 2307 3555 2381 σώματα
3605 2313 3952 2384 κατησφαλι-

2350 2394 2595 2464 σμέναις.
2628 2392 2732 2449 Δύο
2762 2398 2871 2471 γὰρ
2888 2398 2956 2451 τά
2981 2401 3061 2463 εἰς
3087 2398 3303 2455 ἔπαινον
3327 2399 3677 2476 θρυλλοῦνται
3706 2405 3947 2477 χρυσοῦ,

2348 2485 2430 2536 ὅτι
2455 2502 2514 2537 τε
2548 2486 2623 2541 ίὸν
2662 2486 2723 2539 οὐ
2754 2489 3141 2561 παραδέχεται,
3177 2492 3271 2544 καὶ
3296 2494 3395 2565 τὴν
3416 2495 3605 2566 χροιὰν
3635 2500 3756 2559 ταῖς
3779 2499 3947 2569 ἡλίου

2354 2576 2590 2646 μετρίως
2626 2580 3103 2652 παραπλησιάζειν
3160 2584 3490 2653 φαντάζεται
3528 2587 3737 2658 βολαῖεο
3792 2591 3946 2664 σύμ-

2349 2666 2503 2721 ϐολον
2535 2669 2591 2723 δὲ
2648 2672 2875 2735 εικότως
2929 2675 3038 2745 ἄρα
3079 2675 3241 2731 τοῦτο
3267 2678 3368 2749 τῆς
3430 2676 3659 2749 ἁγνείας
3698 2683 3801 2755 τῆς
3862 2686 3952 2759 μὴ

2347 2761 2717 2834 προσιεμένης
2758 2764 2877 2816 ἐστὶ
2918 2764 3110 2835 κηλίδα
3147 2769 3240 2821 καὶ
3274 2770 3482 2837 σπίλον,
3507 2772 3644 2828 ἀλλὰ
3668 2777 3765 2830 καὶ
3794 2780 3950 2846 φωτὶ

2348 2858 2911 2929 καταστραπτομένης
2954 2859 3041 2912 ἀεὶ
3086 2859 3177 2913 τοῦ
3207 2862 3404 2929 Λόγου.
3443 2864 3533 2917 Διὸ
3558 2867 3653 2920 καὶ
3682 2866 3833 2923 ἔνδον
3857 2872 3950 2934 εις

2345 2948 2415 3001 τὰ
2449 2948 2617 3014 Ἀγια
2641 2947 2751 3002 τῶν
2802 2948 2975 3017 ἁγίων
3037 2949 3233 3023 ἔστηκε
3272 2953 3679 3027 πλησιαίτερον,
3707 2961 3804 3012 καὶ
3836 2959 3949 3032 εμ-

2347 3040 2582 3112 προσθεν
2607 3041 2718 3112 (84)
2747 3043 2842 3095 τοῦ
2893 3046 3400 3117 παραπετάσματος
3429 3048 3722 3121 ἀκράντοις
3750 3054 3947 3123 χερσὶ,

2347 3132 2706 3204 θυμιαμάτων
2753 3134 2930 3205 δίκην,
2983 3136 3083 3202 τὰς
3124 3138 3433 3210 προσευχὰς
3464 3143 3947 3213 ἁναπεμπὰζουσα

658 3245 850 3301 preces
904 3230 959 3283 in
1000 3228 1225 3282 odorem
1286 3227 1573 3282 suavitatis
1636 3227 1927 3283 submittit.
1987 3229 2141 3285 Sicut
2188 3239 2243 3286 et

2349 3190 2561 3297 deiq},
2590 3226 2784 3291 δεκτὰς
2806 3190 2885 3293 είς
2911 3190 3085 3302 δσμὴν
3118 3190 3947 3299 sibisibi—ag

656 3322 897 3380 .‘oannes
934 3320 1261 3392 signiﬁcavit
1318 3321 1383 3387 ³⁵,
1418 3320 1703 3374 incensum
1753 3321 1899 3391 quod
1960 3323 2013 3375 in
2045 3324 2246 3392 phialis

656 3413 849 3483 viginti
873 3425 1106 3485 quatuor
1136 3416 1413 3469 seniorum
1447 3422 1586 3478 erat,
1618 3422 1933 3469 sanctorum
1966 3416 2243 3471 orationes

656 3520 777 3561 esse
802 3506 1011 3562 dicens.
1040 3505 1164 3560 Haec
1190 3506 1283 3560 tibi
1309 3507 1374 3560 de
1407 3506 1675 3569 castitate,
1710 3513 1872 3575 prout
1903 3507 1956 3559 in
1986 3515 2239 3577 promptu

657 3600 833 3667 licuit,
865 3608 919 3655 et
946 3616 1047 3671 ego
1069 3618 1166 3671 pro
1208 3602 1437 3665 viribus,
1467 3616 1499 3654 ο
1530 3601 1714 3666 Arete,
1745 3600 1990 3655 confero.

728 3690 853 3747 Haec
900 3694 1079 3748 locuta
1133 3691 1431 3757 Thallusa,
1490 3694 1669 3748 aiebat
1721 3693 2051 3764 Theopatra,
2109 3692 2239 3747 Are-

656 3790 747 3837 ten
790 3793 1007 3854 sceptro
1046 3783 1309 3853 Agatham
1347 3785 1613 3854 tetigisse,
1668 3784 1939 3853 hancque,
1982 3783 2145 3839 simul
2169 3797 2233 3838 ac

654 3876 848 3939 sensit,
877 3874 1277 3942 exsurrexisse,
1303 3881 1357 3929 et
1391 3874 1470 3928 sic
1498 3875 1866 3944 respondisse.

1088 4158 1548 4253 ORATIO
1620 4162 1789 4252 Vl.

1290 4311 1593 4367 AGATHA.

2344 3334 2443 3388 νης
2474 3319 2738 3389 ἐμήνυσε,
2769 3321 2837 3374 τὰ
2870 3320 3192 3394 θυμιάματα
3220 3324 3289 3379 τὰ
3319 3326 3379 3379 ἐν
3423 3329 3543 3391 ταῖς
3573 3328 3798 3398 φιάλαις
3824 3331 3949 3385 τῶν

2345 3411 2803 3481 εἰκοσιτεσσάρων
2822 3414 3230 3489 πρεσϐυτέρων,
3257 3420 3566 3490 προσευχὰς
3585 3422 3758 3490 ἁγίων
3790 3419 3951 3482 εἶναι

2344 3502 2579 3572 φράσας.
2617 3503 2802 3558 Ταῦτά
2825 3522 2906 3558 σοι
2933 3507 3009 3570 ὡς
3034 3509 3098 3561 ἐκ
3113 3507 3208 3561 τοῦ
3242 3512 3584 3584 παραχρῆμα
3612 3513 3770 3583 κάγὼ
3790 3517 3952 3573 κατὰ

2342 3589 2569 3661 δύναμιν
2603 3593 2741 3664 ὑπὲρ
2773 3596 3015 3663 ἁγνείας,
3046 3591 3091 3651 ὦ
3136 3597 3353 3671 Ἀρετὴ,
3387 3600 3788 3674 συμϐάλλομαι.

2416 3682 2691 3755 Εὶπούσης
2731 3685 2789 3739 δὲ
2826 3686 3001 3742 ταῦτα
3030 3689 3130 3759 τῆς
3182 3690 3510 3765 Θαλλούσης,
3566 3696 3606 3766 ή
3642 3694 3949 3771 Gcon

2342 3772 2445 3845 ἔφη
2475 3774 2553 3845 τῷ
2576 3778 2840 3849 σκήπτρῳ
2889 3779 2988 3850 τὴν
3046 3781 3273 3853 Ἀρετὴν
3307 3782 3512 3852 ψαῦσαι
3535 3786 3633 3857 τῆς
3668 3786 3943 3859 Ἀγαθῆς,

2338 3865 2436 3937 τὴν
2483 3867 2527 3919 δ’
2578 3868 2906 3945 αἰσθομένην
2952 3871 3156 3937 εὐθέως
3217 3874 3520 3949 ἀναστῆναι
3567 3877 3662 3932 καὶ
3707 3880 3950 3953 ἀποκρῦ

2875 4173 3235 4262 ΛΟΓΟΣ
3290 4185 3397 4261 εἶ’.

3005 4326 3253 4382 ΑΓΑΘΗ.

652 4426 778 4482 ευ.
815 4426 852 4481 ι.
891 4426 1123 4499 Virginis
1153 4429 1354 4485 decoris
1382 4429 1582 4484 tenacis
1604 4431 1943 4499 prastantia.
1971 4431 2167 4485 Anima
2197 4431 2267 4484 ad
2300 4432 2397 4487 Dei
2422 4435 2786 4506 imaginia,.id
2808 4448 2885 4494 est
2922 4438 3077 4506 Filii,
3104 4442 3409 4513 imaginem.
3438 4441 3705 4500 Diabolus
3728 4446 3944 4505 nim.

2148 4517 2358 4570 procus.

730 4612 866 4667 Cum
893 4612 1061 4666 multa
1096 4612 1289 4669 ﬁducia
1317 4623 1432 4669 tum
1466 4615 1828 4686 persuadendi
1862 4616 2007 4686 quod
2034 4616 2234 4685 dicam,
2272 4622 2315 4676 D

651 4710 768 4758 tum
795 4703 932 4758 bene
958 4719 1020 4756 ac
1054 4702 1285 4757 feliciter
1310 4706 1622 4773 perorandi,
1658 4721 1692 4760 ο
1721 4705 1903 4769 Arete,
1934 4707 2233 4776 suscipiam

723 4844 766 4875 ”
798 4842 825 4898 1
848 4841 977 4898 Cor.
1002 4856 1122 4909 xui,
1155 4840 1242 4895 12.
1325 4842 1369 4872 ιδ
1399 4841 1563 4898 Hebr.
1591 4858 1669 4909 xx,
1697 4842 1784 4896 10.
1868 4843 1910 4874 ¹⁵
1938 4842 2102 4912 Apoc.
2129 4861 2181 4909 v,
2210 4844 2263 4900 8.

724 4986 836 5057 (84)
898 4988 1298 5055 Ἐμπροσθεν.
1330 4984 1486 5051 Quod
1535 4987 1698 5056 paulo
1737 4988 1992 5056 superius
2035 5004 2228 5043 recen-

649 5058 819 5110 sendo
846 5059 1021 5125 ipsum
1059 5066 1267 5112 textum
1306 5072 1524 5111 sacrum
1552 5060 1868 5126 scripserat,
1911 5059 2006 5111 καὶ
2033 5059 2227 5123 δώσεις

649 5126 783 5179 αὐτὸ
816 5128 1069 5180 ἀπέναντι
1104 5129 1199 5181 τοῦ
1234 5127 1745 5197 καταπετάσματος,
1774 5132 2055 5183 constitues
2092 5131 2227 5183 illud

648 5202 1051 5271 contrngvetum,
1078 5200 1201 5271 sive
1257 5208 1383 5252 ante
1425 5214 1489 5251 ac
1531 5199 1685 5271 juxta
1716 5200 1871 5266 illud,
1908 5200 1995 5254 hic
2020 5200 2229 5271 ἔμπρο-

651 5268 774 5340 σθεν
802 5268 974 5340 dicit;
1002 5270 1091 5340 ubi
1126 5286 1224 5338 pro
1274 5270 1784 5340 καταπετάσματος,
1849 5271 1994 5325 findo
2042 5268 2229 5326 errore

648 5338 904 5400 Allatius,
930 5338 1266 5409 Πνεύματος,
1302 5339 1502 5407 Lupar.
1546 5338 1759 5410 Πατρός
1795 5358 1806 5370 ·
1866 5342 2014 5394 nulla
2057 5342 2222 5409 hujus

648 5413 784 5463 tanti
819 5412 900 5462 vel
934 5412 1100 5462 errati
1130 5413 1210 5463 vel
1240 5410 1575 5465 discriminis
1616 5412 1910 5477 mentione,
1942 5413 2045 5466 etsi
2070 5420 2223 5465 tanta

648 5480 706 5537 in
736 5482 983 5550 singulas
1014 5480 1240 5549 paginas
1268 5483 1594 5536 variantium
1640 5482 1930 5535 lectionum
1965 5486 2225 5536 adnotata

648 5565 822 5619 seges,
856 5566 975 5619 quae
1025 5550 1223 5618 sarpius
1280 5553 1582 5606 scribarum
1617 5552 1797 5622 potius
1849 5553 2045 5607 menda
2092 5561 2222 5608 sunt

648 5630 740 5671 aut
775 5622 946 5690 plagia
972 5636 1135 5690 quam
1160 5637 1245 5675 res
1275 5626 1408 5677 satis
1466 5624 1745 5677 momenti.
1775 5623 1873 5677 llic
1912 5626 2046 5678 satis
2080 5623 2222 5677 indi-

646 5703 807 5745 casse
831 5696 1116 5763 :Al'avetque
1167 5707 1299 5745 mea:
1343 5693 1709 5748 emendationi
1751 5698 2003 5763 superius
2048 5696 2221 5763 adno-

646 5761 859 5835 talahad
895 5762 921 5832 §
949 5761 1173 5835 iliujlm
1196 5771 1361 5825 orat.,
1388 5765 1487 5835 ubi
1516 5780 1741 5835 prorsus
1792 5761 2083 5835 scripsisse
2103 5762 2218 5818 lle-

646 5830 1103 5901 tliodium'Aéyov
1124 5833 1339 5903 Πατρός
1368 5830 1731 5905 conjiciebam
1749 5852 1764 5906 ;
1798 5830 2055 5893 inscitum
2087 5850 2221 5891 vero

2418 4619 2539 4674 Ὀτι
2584 4622 2723 4692 μετὰ
2762 4623 2960 4696 πολλῆς
2992 4625 3283 4697 εὐτολμίας
3320 4630 3411 4683 καὶ
3432 4629 3674 4694 πειθοῦς,
3705 4633 3944 4707 καὶτῆς

2341 4710 2434 4764 τοῦ
2470 4713 2649 4778 καλῶς
2688 4717 2860 4771 εἰπεῖν
2893 4719 3231 4791 ὑπολήψεως,
3258 4715 3303 4777 ὦ
3346 4724 3560 4793 Ἀρετὴ,
3599 4723 3693 4777 σοῦ
3748 4743 3939 4801 παρο-

2332 4990 2568 5045 scribam
2597 4995 2962 5065 exscripsisse
2988 4995 3325 5067 Πνεύματος.
3357 4993 3624 5067 Nimirum
3648 5006 3844 5055 contra
3867 5010 3937 5058 et

2330 5071 2573 5135 propeet
2604 5073 2732 5119 ante
2778 5067 2959 5120 velum
3014 5066 3160 5135 quod
3191 5082 3374 5120 arcam
3438 5066 3664 5124 t‘tnderis
3694 5078 3748 5125 et
3783 5086 3931 5127 san-

2331 5134 2605 5185 ctuariuiu
2655 5136 2965 5205 obtegebat,
3000 5134 3313 5191 constitutae
3367 5136 3629 5207 virgines,
3670 5142 3935 5197 velutal-

2332 5212 2449 5281 tare
2471 5217 2731 5281 aureum,
2752 5208 2910 5276 quasi
2946 5211 3001 5281 in
3034 5208 3302 5281 vestibulo
3331 5208 3575 5277 ipsorum
3601 5209 3934 5281 adytorum,

2329 5272 2785 5349 iisquereliquis
2828 5278 3251 5347 propinquiores
3278 5295 3292 5343 ;
3323 5272 3623 5349 q'uahlaus
3668 5272 3930 5338 maximi

2328 5344 2682 5412 virginitatis.
2712 5347 2791 5400 Ac
2828 5344 2970 5401 'nur'n
3018 5344 3083 5402 ea
3110 5361 3280 5401 causa
3315 5344 3420 5403 mei
3452 5347 3718 5414 Nazareni,
3747 5351 3801 5406 id
3828 5360 3930 5406 est

2331 5414 2612 5486 monachi,
2647 5417 2799 5480 olim,
2826 5432 2951 5471 cum
2987 5417 3110 5471 laici
3142 5420 3319 5473 solum
3350 5432 3556 5486 essent,
3590 5423 3685 5478 sed
3726 5430 3929 5477 tamen

2331 5484 2549 5563 caelibes
2572 5494 2625 5540 et
2648 5487 3227 5563 cultores,__iidelisgue
3268 5489 3440 5557 plebis
3490 5484 3619 5563 pars
3644 5492 3923 5563 sanctior,

2330 5552 2399 5607 ad
2452 5555 2598 5610 fores
2640 5552 2943 5631 sanctuarii
2989 5574 3053 5612 ac
3109 5552 3595 5629 juxta—cancell'os,
3645 5563 3702 5616 in
3730 5552 3929 5631 capité

2330 5632 2507 5703 uetus
2558 5630 2741 5703 omnis
2790 5629 3053 5703 ﬁdelium,
3082 5640 3135 5703 et
3159 5633 3403 5703 proxime
3444 5642 3568 5703 post
3594 5629 3927 5703 τοὺςηίέρα-

2328 5696 2587 5760 τεύοντας
2618 5700 2905 5755 stationem
2937 5696 3211 5755 habebant
3232 5702 3255 5755 ?
3278 5696 3615 5760 Erant-certo
3639 5712 3694 5758 et
3719 5702 3801 5756 illi
3816 5696 3931 5757 ἰι-

2328 5776 2448 5820 tare
2491 5768 2626 5822 illud
2663 5784 2909 5846 aureum
2938 5770 3247 5843 ἔμπροσθεν
3295 5772 3392 5826 τοῦ
3465 5772 3927 5846 παραπετάσμα-

2328 5854 2439 5905 τος,
2472 5846 2637 5912 atque
2665 5856 2812 5899 nunc
2841 5841 3005 5899 etiam
3033 5841 3328 5912 exsistunt,
3353 5858 3480 5901 cum
3524 5841 3635 5921 jam
3668 5841 3786 5899 fere
3805 5841 3929 5901 au-
