4090 6318
160 386 253 442 H3
1238 387 1619 445 CONVIVIUH
1661 387 1748 441 DE

1853 385 1889 441 ll
1930 382 2289 443 VIRGINUH.
3314 382 3417 440 ιιι

165 505 489 581 μρτοῦσης,
531 509 875 582 πειράσομαι
931 513 998 581 δὴ
1032 513 1174 565 κατά
1223 511 1455 583 δύναμιν
1480 510 1634 580 κάγὼ
1667 512 1748 572 εἰς

1853 506 2188 577 provinciam
2208 519 2374 574 quam
2405 503 2664 574 imponis,
2695 502 2743 556 si
2794 507 2851 554 tu
2875 500 3012 555 mihi
3046 505 3247 570 prasto
3275 497 3422 553 fave-

164 600 222 654 τδ
248 601 611 671 προκείμενον
660 603 1077 671 εἰσενέγκασθαί
1104 621 1177 667 τι,
1201 606 1319 658 κατ’
1352 603 1596 674 ἐμαυτὴν
1620 603 1746 673 μέν·

1853 598 1945 652 ris.
1974 594 2181 666 Nempe
2208 594 2450 650 conabor
2473 601 2529 650 et
2549 606 2650 663 ego
2682 591 2747 645 ad
2781 590 3092 661 argumenti
3156 589 3420 659 propositi

168 708 262 754 τοι,
296 693 389 746 καὶ
416 694 483 747 ob
514 694 659 766 πρὸς
685 694 755 749 τά
789 696 1073 767 εἰρημένα.
1107 695 1183 749 υύ
1217 694 1326 767 γὰρ
1382 695 1447 749 ἂν
1479 694 1746 764 δυναίμην

1853 689 2229 745 tractationem
2259 685 2512 743 conferre
2532 682 2766 755 aliquid;
2798 680 3267 737 accommodatum
3294 682 3419 752 qui-

167 784 435 855 ιφάμιλλα
456 786 670 851 τούτοις
697 787 841 842 οὕτω
864 787 1118 852 ποικίλως
1148 790 1241 841 καὶ
1266 787 1530 859 λαμπρῶς
1561 788 1748 856 ἀπειρ-

1853 781 1971 835 dem
2008 779 2141 834 illud
2173 778 2358 848 potius
2387 776 2454 831 ad
2486 784 2705 847 captum
2758 772 3043 829 tenuitatis
3077 787 3230 835 mea,
3254 787 3420 843 quam

168 874 459 943 τισμινοις
511 875 842 945 φιλοσοφεῖν.
883 876 1029 941 Δὸξω
1053 877 1162 948 γὰρ
1192 875 1743 947 ἀτωφέρεσθαιψόγον

1853 874 2030 929 debita
2060 871 2417 943 proportione
2452 868 2787 941 respondens
2813 868 2880 923 iis
2908 881 3028 937 qua:
3054 866 3169 935 jam
3191 866 3262 920 ah
3293 866 3417 921 aliis

167 961 516 1036 ἀσελτηρίας,
562 970 613 1021 ιι
643 970 757 1031 τοῖς
805 967 949 1021 κατά
979 968 1170 1036 σοφίαν
1203 963 1547 1032 ὲξισάζεσθαι
1572 964 1748 1037 κρείτ-

1853 972 2099 1036 perorata
2130 971 2276 1018 sunt.
2305 961 2427 1018 Non
2445 962 2589 1018 enim
2615 961 2819 1031 possim
2855 960 3007 1031 paria
3028 958 3116 1015 his
3136 972 3259 1029 qua
3279 958 3415 1013 adeo

166 1070 282 1111 τοσι
329 1057 721 1131 προσπηδῴην.
769 1060 833 1113 Εἰ
876 1055 970 1114 οὖν
1011 1057 1266 1124 ἀνέξεσθε
1327 1059 1423 1113 καὶ
1448 1057 1560 1111 τῶν
1598 1058 1744 1120 ὅπως

1853 1059 2001 1113 varie
2054 1065 2108 1112 et
2164 1054 2451 1127 splendide
2502 1054 2784 1110 elaborata
2813 1063 2963 1118 sunt,
3014 1052 3313 1122 disputare.
3348 1048 3417 1105 Et

170 1146 235 1200 ιν
259 1146 405 1222 τύχῃ
452 1152 875 1223 ῥητορευόντων,
918 1151 1177 1224 ἐπιχειρῶ
1210 1151 1414 1220 λέγειν,
1436 1150 1589 1205 οὐδὲν
1610 1166 1744 1221 προ-

1853 1150 2093 1205 stultitia:
2124 1145 2372 1219 profecto
2410 1154 2595 1202 notam
2634 1147 2692 1202 in
2726 1161 2813 1201 me
2853 1144 3157 1200 transferre
3204 1143 3413 1206 videar,

166 1239 367 1309 θυμίας
399 1242 798 1317 καθυφειμένη.
840 1246 1095 1319 ’Δρκτέον
1118 1247 1174 1301 δὲ
1197 1244 1466 1299 ἐντεῦθεν.

1849 1241 1896 1295 si
1930 1239 1999 1295 ad
2024 1238 2079 1293 id
2111 1238 2363 1293 connitar
2394 1251 2568 1305 eoque
2597 1234 2935 1298 insiliam,ut
2981 1248 3166 1288 earum
3198 1230 3418 1287 dicendi

168 1332 327 1390 laude
391 1337 762 1407 aqualitatem
821 1340 955 1393 mihi
987 1340 1105 1409 ipsa
1150 1339 1384 1394 ambiam
1435 1352 1558 1409 quae
1609 1336 1877 1407 sapientia
1932 1339 2213 1404 praestant.
2278 1328 2336 1382 Si
2367 1330 2491 1400 quis
2524 1327 2691 1397 igitur
2732 1334 2819 1381 est
2872 1325 3017 1395 apud
3056 1340 3153 1380 vos
3204 1320 3422 1377 dicendi

168 1427 322 1481 locus
345 1426 419 1483 iis
446 1429 545 1496 qui
575 1430 841 1486 mediocri
895 1438 950 1487 et
978 1432 1187 1504 vulgari
1233 1431 1450 1489 dicendi
1486 1430 1748 1485 facultate
1776 1426 2033 1483 instructi
2068 1433 2222 1490 sunt,
2250 1423 2434 1479 dicere
2475 1418 2791 1494 aggredior;
2836 1418 2976 1473 nihil
3009 1416 3156 1489 quod
3186 1416 3252 1471 ad
3293 1429 3424 1470 cau-

165 1534 279 1575 sun
304 1520 453 1578 hanc
472 1524 642 1581 faciat
662 1526 829 1583 studii
859 1543 925 1584 ac
952 1527 1246 1600 diligentiae
1306 1527 1751 1599 praatermittens.
1781 1523 2044 1594 Incipiam
2068 1529 2249 1576 autem
2282 1520 2431 1574 hinc.

242 1617 578 1690 Ἀμήχανον,
618 1616 666 1677 ὦ
709 1623 993 1696 παρθένοι,
1021 1624 1237 1689 κάλλος,
1275 1626 1371 1679 καὶ
1392 1624 1653 1694 συγγενὲς
1679 1625 1745 1693 τῇ

168 1711 324 1781 aut;
352 1712 451 1765 καὶ
482 1714 810 1788 πρόσφορον,
837 1717 1074 1782 ἀπαντες
1104 1719 1184 1781 εἰς
1208 1718 1300 1772 τὸν
1330 1719 1533 1789 κόσμον
1558 1733 1749 1787 κεκτη-

1924 1614 2368 1687 lncomparahili,
2400 1628 2432 1669 ο
2460 1611 2727 1683 yirgines,
2767 1614 3112 1679 cognataque
3156 1612 3319 1675 atque
3342 1600 3424 1655 af-

1851 1710 1945 1764 ﬁni
1973 1707 2253 1779 sapientiae
2281 1704 2551 1775 insignitae
2577 1702 2771 1765 forma,
2798 1701 2854 1753 in
2886 1698 3151 1753 mundum
3173 1698 3423 1751 venimus

169 1801 316 1898 μένοι
364 1802 560 1898 τοῦτον
600 1787 993 1880 ἀφικνούμεθα.
1053 1787 1497 1883 ’Δπηκρίδωνται
1543 1809 1650 1881 γὰρ
1688 1810 1745 1863 αἱ

1853 1817 2063 1858 omnes.
2097 1798 2299 1853 Exacte
2319 1796 2487 1860 enim,
2520 1794 2640 1865 ejus
2674 1793 2768 1864 qui
2798 1790 2984 1862 genuit
3014 1798 3177 1858 atque
3216 1787 3422 1842 forma-

166 1892 327 1961 ψυχαὶ
358 1895 441 1965 τῷ
466 1899 789 1969 γεννήσαντι
826 1903 948 1955 τότε
985 1904 1220 1974 μάλιστα
1250 1903 1343 1957 καὶ
1394 1902 1743 1973 πλασαμένῳ,

164 1983 325 2038 ὁπότε
348 1986 453 2058 τὴν
474 1988 596 2041 καθ’
613 1992 875 2062 ὁμοίωσιν
898 1994 1038 2049 ἰδέαν
1061 1995 1326 2067 ἄχραντον
1346 1994 1744 2065 ὲκλάμπουσαι,

168 2078 258 2130 καὶ
312 2080 447 2144 τοὺς
483 2083 839 2155 χαρακτῆρας
886 2086 983 2157 τῆς
1010 2087 1184 2157 δψεως
1229 2088 1466 2158 ἐκείνης,
1516 2088 1654 2159 πρὸς
1681 2088 1746 2158 ἦν

170 2170 384 2241 ἀφορῶν
426 2175 456 2226 6
500 2173 653 2239 Θεὸς,
714 2175 983 2231 ἀθάνατον
1029 2180 1243 2250 μορφὴν
1290 2181 1384 2234 καὶ
1443 2179 1746 2252 ἀνώλεθρον

171 2263 396 2334 ἐχούσας
417 2267 589 2331 αὑτὰς
614 2267 999 2340 ἀπειργάζετο,
1026 2271 1273 2325 τοιαῦται
1304 2274 1638 2343 διαμένουσι.
1673 2275 1747 2328 Τὸ

172 2353 275 2423 γὰρ
302 2356 602 2426 ἀγέννητον
631 2358 830 2423 κάλλος
866 2363 957 2415 καὶ
993 2361 1304 2431 ἀσώματον,
1337 2366 1429 2418 καὶ
1459 2367 1597 2437 μήτε
1642 2367 1745 2437 ἀρ-

175 2445 396 2515 χόμενον
457 2449 597 2520 μήτε
648 2450 871 2520 φθίνον,
926 2452 1041 2507 ἀλλ’
1090 2455 1358 2527 ἄτρεπτον
1402 2457 1497 2510 καὶ
1556 2458 1749 2530 ἀγήρω

176 2538 262 2590 καὶ
316 2540 640 2611 ἀπροσδεὲς,
687 2543 855 2607 αὐτὸς
896 2547 955 2599 ὲν
995 2546 1173 2617 ἑαυτῷ
1206 2549 1299 2602 καὶ
1345 2550 1427 2611 εἰς
1465 2550 1599 2603 αὐτὸ
1631 2550 1749 2620 φῶς

173 2628 227 2681 ὲν
274 2629 581 2701 ἀφράστοις
657 2633 773 2705 (85)
810 2636 1264 2707 καίἀπροσίτοις
1310 2640 1747 2713 ἀναπαυόμενον,

176 2722 419 2787 Mc
459 2726 750 2798 περιουσίᾳ
830 2728 1010 2782 πάντα
1074 2731 1344 2802 περιέχων
1400 2734 1496 2787 καὶ
1551 2735 1750 2800 κτίζων

181 2811 270 2863 καὶ
323 2813 771 2883 μιτασκευάζων,
817 2819 1142 2890 ἐτεκτήνατο
1184 2821 1303 2875 κατ’
1337 2824 1519 2877 εἰκόνα
1552 2826 1649 2895 τῆς
1675 2827 1752 2877 εἰ-

172 2899 320 2965 κόνος
372 2902 570 2958 ἑαυτοῦ
618 2905 717 2977 τὴν
743 2905 941 2979 ψυχήν.
996 2910 1089 2964 Διὸ
1113 2913 1209 2965 καὶ
1242 2911 1433 2985 λογικὴ
1467 2916 1560 2971 καὶ
1615 2914 1753 2969 ἀθά-

171 2990 326 3054 νατός
373 2993 512 3047 ἔστι.
557 2997 576 3017 ⁶
608 2996 746 3050 Κατ’
775 3000 958 3054 εἰκόνα
995 3002 1103 3074 γὰρ
1146 3003 1609 3077 δημιουργηθεῖσα
1655 3004 1748 3060 τοῦ

171 3082 529 3153 Ιονοτενοῦς,
556 3086 635 3151 ὡς
664 3088 821 3162 ἔφην,
856 3092 1263 3164 ἀνυπέρϐλητον
1297 3095 1409 3167 ἔχει
1443 3095 1506 3148 τὸ
1531 3097 1746 3161 κάλλος.

1848 1896 1945 1960 vit,
1980 1895 2309 1948 lineamenta
2338 1889 2535 1944 animae
2567 1886 2833 1949 referunt,
2859 1891 2975 1937 tum
3026 1881 3262 1936 maxime
3295 1895 3421 1933 cum

1849 1984 2228 2041 similitudinis
2285 1982 2612 2036 intaminato
2665 1978 2985 2048 eﬂ‘ulgentcs
3037 1974 3254 2037 decore,
3302 1971 3423 2025 vul-

1847 2087 2047 2147 tusque
2078 2076 2226 2129 illius
2259 2088 2322 2127 ac
2352 2072 2681 2141 exemplaris
2716 2072 3064 2125 characteres
3096 2066 3304 2121 lucidos
3335 2080 3424 2120 re-

1850 2166 2107 2228 ferentes,
2136 2161 2205 2216 ad
2238 2160 2386 2232 quod
2422 2160 2641 2215 intuens
2672 2159 2835 2225 Deus,
2864 2159 3159 2217 immortali
3184 2173 3278 2213 eas
3310 2156 3423 2210 lor-

1847 2275 1939 2313 ma
1968 2267 2132 2329 atque
2166 2256 2233 2310 ab
2265 2254 2577 2310 interitione
2600 2252 2827 2307 immuni
2857 2252 3050 2315 edidit,
3096 2251 3173 2305 ita
3211 2264 3423 2321 perma-

1847 2358 1999 2406 nent.
2058 2349 2299 2421 lngenita
2342 2348 2486 2403 enim
2519 2354 2573 2403 et
2600 2342 3331 2414 incorporea‘pulchritudo,
3357 2355 3423 2396 ac

1848 2458 1970 2514 quae
1996 2457 2097 2498 nec
2128 2440 2377 2510 cmperit,
2408 2454 2511 2495 nec
2561 2438 2671 2493 ulla
2724 2450 2963 2507 unquam
2994 2434 3114 2488 labe
3166 2432 3420 2496 intereat,

1850 2536 1948 2592 sed
1978 2534 2337 2589 immutabilis
2368 2533 2441 2589 sit
2474 2532 2725 2601 seniique
2758 2544 2953 2600 expers
2984 2542 3047 2581 ac
3076 2524 3226 2581 nullo
3267 2524 3421 2578 labo-

1849 2644 1979 2684 rans
2002 2627 2247 2695 del‘ectu;
2274 2627 2392 2699 ipse
2425 2625 2480 2680 in
2509 2640 2568 2681 se
2588 2626 2707 2696 ipso
2727 2639 2792 2679 ac
2833 2636 2999 2693 penes
3020 2636 3079 2675 se
3104 2618 3329 2680 Lumen,
3363 2617 3421 2671 in

1852 2719 2222 2775 ineﬂ'abilibus
2248 2734 2313 2773 ac
2336 2716 2811 2773 inaccessibilibus
2860 2715 3231 2785 requiescens,
3268 2718 3419 2781 pote-

1852 2813 2009 2866 statis
2058 2810 2332 2865 allluentia
2374 2807 2559 2863 omnia
2607 2807 2936 2870 continens,
2999 2818 3299 2872 creansquc
3358 2814 3422 2855 ac

1853 2911 2093 2964 struens,
2131 2900 2197 2954 ad
2249 2900 2504 2969 imaginis
2558 2913 2668 2953 sua:
2709 2897 3020 2966 imaginem,
3056 2895 3297 2948 animam
3341 2892 3423 2945 fa-

1852 2992 2098 3047 bricatus
2124 2998 2230 3047 est.
2259 2988 2627 3056 Quamobrem
2650 2986 2813 3042 etiam
2845 2986 3059 3039 ratione
3094 2983 3316 3052 praedita
3338 2994 3423 3040 est

1852 3093 1906 3140 et
1939 3083 2285 3139 immortalis.
2319 3082 2396 3136 Ad
2422 3081 2711 3152 imaginem
2741 3080 2937 3149 quippe
2968 3075 3245 3146 Unigeniti
3289 3090 3424 3129 con-

171 3175 258 3228 Διὸ
299 3175 365 3248 δὴ
411 3180 507 3232 καὶ
550 3181 626 3235 τὰ
670 3187 1042 3254 πνευματικὰ
1084 3186 1195 3256 τῆς
1222 3190 1515 3257 πονηρίας
1549 3190 1747 3261 ἐρῶσιν

1854 3178 1987 3242 dita,
2051 3174 2489 3248 incomparabili,
2538 3175 2616 3228 uti
2651 3172 2919 3234 dicebam,
2976 3170 3138 3239 pollet
3200 3168 3419 3223 decore.

171 3265 359 3335 αὐτῆς,
390 3270 486 3321 καὶ
516 3271 869 3343 ἐφεδρεύουσι
890 3278 1088 3347 χρᾶναι
1120 3278 1418 3351 βιαζόμενα
1456 3282 1553 3353 τὴν
1588 3281 1749 3336 θεοεί-

174 3358 322 3411 ulmi
354 3361 531 3431 αὐτῆς
557 3364 773 3437 iuiqu
798 3368 894 3419 καὶ
921 3369 1219 3441 ἐπέραστον
1258 3372 1427 3428 ἰδέαν·
1463 3374 1652 3446 ὥσπερ
1684 3376 1748 3449 δὴ

173 3451 261 3502 καὶ
311 3452 343 3503 ό
391 3455 683 3525 προφήτης
757 3457 1025 3529 Ἱερεμίας
1074 3464 1422 3534 παρίστησιν,
1474 3467 1749 3531 ὀνειδίζων

185 3538 577 3612 Ἰερουσαλήμ’
627 3544 798 3612 ὀψις
824 3549 1053 3616 πόρνης
1075 3551 1313 3621 ἐγένετό
1351 3571 1482 3609 σοι’
1548 3558 1747 3624 ἀπην-

173 3632 588 3699 αισχύντησας
636 3634 925 3691 ἀπέναντι
970 3638 1088 3692 τῶν
1140 3640 1409 3708 ἐραστῶν
1462 3662 1579 3701 σου
1600 3664 1613 3676 ·
1647 3646 1747 3718 τὴν

178 3721 564 3792 παρασχοῦσαν
605 3724 805 3798 ἑαυτὴν
853 3730 972 3792 ταῖς
1020 3729 1423 3802 ἀντικειμέναις
1455 3734 1746 3805 δυνάμεσιν

178 3813 252 3876 εἰς
276 3811 585 3884 βιὸήλυσιν
608 3814 801 3884 λέγων.
857 3816 1114 3890 Ἔρασταί
1140 3818 1248 3891 γάρ
1274 3824 1412 3875 εἰσιν
1441 3824 1469 3875 ὁ
1499 3823 1747 3888 διάϐολος

178 3902 266 3955 ω
291 3903 343 3958 οι
362 3906 499 3977 περὶ
540 3905 703 3960 αὑτὸν
756 3907 998 3977 ἄγγελοι,
1050 3912 1100 3963 οἰ
1128 3912 1189 3965 τὸ
1223 3912 1437 3981 λογικὸν
1466 3915 1622 3985 ἡμῶν
1651 3916 1745 3969 καὶ

175 3990 476 4063 δημοτικὸν
498 3996 601 4067 τῆς
636 4003 948 4072 φρονήσεως
975 4002 1171 4069 κάλλος
1206 4007 1437 4075 μιαίνειν
1462 4009 1556 4062 καὶ
1584 4008 1746 4080 μολύ-

176 4103 283 4141 νειν
322 4092 394 4161 τῇ
443 4090 658 4145 ἑαυτῶν
703 4093 953 4167 ἐπιμιξίᾳ
987 4097 1388 4169 τεχναζόμενοι,
1430 4101 1523 4153 καὶ⁹
1570 4103 1750 4173 μοιχοὶ

178 4181 425 4250 γινέσθαι
470 4182 655 4254 πάσης
690 4185 791 4257 τῆς
818 4187 897 4258 τῷ
944 4189 1135 4262 Κυρίῳ
1167 4193 1610 4266 νενυμφευμένης
1634 4197 1753 4248 ἑπι-

180 4270 472 4345 ουμοῠπις
493 4272 692 4345 initiis-

1850 3271 2034 3339 Quare
2058 3271 2327 3341 spiritalia
2359 3270 2603 3341 nequitia:
2629 3269 2823 3321 “eam
2847 3264 3056 3336 perdite
3085 3268 3290 3325 amant,
3325 3276 3423 3315 ne-

1850 3371 2113 3434 ctuntque
2165 3363 2433 3427 insidias,
2486 3360 2724 3417 emictim
2784 3360 3126 3414 connitentes
3195 3362 3255 3408 ut
3303 3354 3421 3422 ejus

1851 3455 2173 3511 deil‘ormem
2200 3456 2347 3509 illam
2380 3453 2939 3520 amubilissimamque
2968 3448 3205 3519 speciem
3237 3447 3425 3502 detur-

1850 3557 1981 3617 pent
2011 3564 2075 3603 ac
2104 3549 2378 3618 polluant;
2410 3547 2489 3600 uti
2509 3553 2564 3601 et
2593 3545 2855 3615 prOpheta
2887 3542 3154 3597 Jeremias
3190 3540 3420 3602 indicat,

1850 3641 2188 3712 exprobrans
2228 3638 2531 3694 Jerusalem
2570 3658 2581 3693 :
2634 3635 2807 3691 Frons
2842 3635 3127 3689 meretricis
3173 3633 3318 3701 facta
3345 3642 3425 3686 ut

1852 3733 1948 3786 tibi
1973 3747 1991 3783 :
2022 3731 2237 3785 noluisti
2260 3730 2557 3785 erubescere
2580 3732 2633 3783 in
2661 3737 2937 3797 conspectu
2973 3736 3271 3780 amatorum
3300 3732 3422 3776 tuo-

1852 3841 1971 3877 rum
1995 3825 2059 3887 ",
2092 3823 2160 3878 de
2188 3838 2251 3879 ea
2274 3823 2506 3893 loquens
2535 3836 2657 3892 quae
2676 3837 2735 3876 se
2764 3819 3045 3890 prostituit
3088 3814 3421 3871 adversariis

1851 3915 2218 3985 potestatibus
2252 3915 2309 3969 in
2356 3914 2896 3970 contaminationem.
2952 3911 3239 3964 Amatores
3277 3908 3421 3962 enim

1853 4016 1981 4064 sunt
2004 4009 2256 4066 diabolus
2277 4018 2332 4065 et
2362 4009 2541 4080 angeli
2575 4008 2715 4077 ejus,
2745 4006 2838 4076 qui
2894 4014 3144 4059 nostrum
3175 4016 3298 4056 cum
3330 4015 3421 4052 ra-

1854 4102 2004 4157 tione
2030 4104 2340 4174 ingeniique
2371 4100 2786 4173 perspicacitate
2814 4096 3116 4167 prudentiae
3166 4094 3422 4149 decorem

1859 4194 2172 4263 polluereet
2200 4195 2489 4263 inquinare
2533 4192 2619 4246 sui
2671 4189 3049 4246 commistione
3102 4185 3425 4239 machinano

1857 4292 1961 4349 tes,
1993 4301 2211 4340 omnem
2235 4284 2347 4340 Deo
2375 4283 2759 4353 desponsatam
2794 4280 3034 4334 animam
3065 4284 3425 4347 constuprare

1851 4377 2193 4446 percupiunt.

1314 4483 1442 4540 Car.
1469 4486 1531 4543 ll.
1558 4488 1827 4543 Parabola
1853 4488 2025 4543 decem
2054 4491 2333 4561 virginum.

261 4568 385 4625 ἐὰν
426 4564 521 4624 οὖν
556 4568 853 4640 ἀμόλυντον
880 4571 1038 4627 τοῦτο
1069 4578 1293 4647 τηρήσει
1321 4594 1405 4642 τις
1450 4581 1511 4633 τὸ
1559 4582 1748 4647 κάλλος

1928 4582 1983 4637 Si
2005 4599 2135 4654 ergo
2165 4584 2477 4639 inviolatam
2511 4580 2783 4640 custodiat
2802 4580 2926 4652 quis
2953 4587 3007 4635 et
3030 4579 3251 4634 illaasam
3282 4578 3425 4631 hanc

189 4664 277 4717 ιιι
320 4664 526 4727 ἀσινὲς,
576 4663 673 4716 καὶ
709 4662 970 4728 τοιοῦτον,
1007 4667 1189 4721 ὁποῖον
1226 4669 1387 4733 αὐτὸς
1415 4673 1443 4724 ὁ
1480 4677 1749 4747 συστησά-

252 4778 297 4814 ι·
332 4777 626 4850 lpum",
663 4778 752 4834 i2.
830 4780 873 4811 "
914 4780 1213 4849 Jerem.ttt,
1241 4785 1293 4839 3.

191 4894 259 4948 αἱ
283 4896 617 4978 sacerdotio,
672 4911 773 4951 nec
798 4896 981 4951 minus
1013 4898 1164 4978 cl_er_o
1195 4900 1407 4969 reliquo
1445 4900 1752 4978 ἰερατεύον-

184 4980 293 5027 τις,
324 4967 658 5043 _in
689 4982 756 5043 eo
786 4978 971 5043 partes
1010 4970 1294 5043 _obtinent,
1318 4967 1474 5043 quod
1497 4967 1551 5025 et
1575 4973 1752 5043 ἀσκή-

190 5050 265 5113 σει
283 5036 546 5109 uultuque
566 5036 798 5113 ⁵ἁγνείας
830 5039 1023 5107 majori
1054 5048 1331 5109 praestant,
1345 5036 1360 5041 ⁷
1380 5042 1537 5113 ejus_
1558 5036 1753 5111 sponte

189 5107 260 5159 rei
291 5107 531 5185 votoque
566 5107 835 5185 labiorum
870 5107 1117 5185 suorum,
1150 5127 1273 5185 non
1315 5107 1747 5185 quod_Ecélesia

188 5178 561 5233 necessitatem
577 5178 1014 5233 ordinationibus
1030 5181 1144 5235 suis
1165 5178 1439 5235 indixerit.
1454 5181 1744 5237 ϐοωπις-ιδ.

251 5246 364 5315 (85)
635 5248 981 5328 ἁςξρᾴοντοις.
1007 5248 1231 5328 Praetuli
1263 5267 1424 5328 quam
1462 5252 1747 5328 lectionem

186 5326 531 5385 representat
548 5316 661 5373 Leo
680 5316 941 5380 ’Allatius,
966 5321 1069 5374 etsi
1100 5322 1146 5375 is
1170 5323 1223 5373 in
1248 5316 1498 5376 versione
1524 5324 1749 5376 alteram

187 5394 513 5468 secputusest,
532 5404 697 5468 quam
717 5391 987 5468 expressit
1003 5391 1170 5445 editio
1189 5391 1385 5468 Lupar.
1408 5400 1661 5468 tanquam
1686 5409 1751 5468 ex

190 5454 324 5519 νει..
358 5464 420 5509 ut
441 5454 701 5529 nimirum
722 5454 1137 5527 τδάφράστοις
1154 5462 1253 5515 καὶ
1268 5454 1631 5529 ἆπροσίτὸις,
1658 5464 1755 5515 ab-

188 5528 352 5607 I_olut¢
365 5535 620 5607 ponatur:
636 5528 822 5607 I_’ala_m
832 5532 987 5607 _eni_m
1010 5533 1245 5607 respexit
1264 5528 1567 5607 {lethodius
1590 5532 1755 5607 illudl

191 5595 313 5652 Tim.
348 5614 421 5659 Υι,
456 5598 523 5651 16
548 5618 562 5652 :
590 5600 711 5663 Φῶς
730 5600 896 5652 οἰκῶν
926 5595 1237 5669 ἀπρόσιτον,
1264 5602 1365 5666 Qui
1386 5602 1643 5656 inhabitat
1676 5604 1756 5654 lu-

189 5682 287 5742 ctu
315 5669 766 5742 inaccessibilem;
808 5686 967 5739 quem
1013 5674 1060 5724 is
1091 5681 1255 5742 recte,
1298 5673 1540 5725 eamdem
1581 5676 1751 5742 ipsam

380 5740 791 5821 interpretatur,
825 5737 905 5794 sic
935 5742 986 5793 in
1037 5740 1401 5821 ineﬂ'abilibus
1427 5750 1479 5795 et
1508 5737 1752 5821 inacces-

445 5807 854 5882 quiescentem;
891 5825 999 5865 non
1021 5812 1405 5881 potestatibus,
1432 5813 1526 5869 sed
1548 5815 1747 5869 divinis

1853 4679 2335 4749 pulchritudinem,
2381 4678 2607 4735 omnino
2666 4678 2832 4734 talem
2882 4674 3101 4745 qualem
3157 4674 3273 4745 ipse
3330 4672 3423 4743 qui

1857 4903 1972 4957 suis
1996 4904 2153 4959 bonis
2178 4919 2241 4958 ac
2271 4903 2489 4959 dotibus
2512 4903 2635 4971 ;qui
2671 4904 2957 4973 potestatis
2988 4902 3318 4957 abundantia
3336 4902 3423 4973 sic

1854 4974 2065 5028 animas
2096 4974 2161 5027 ad
2197 4975 2448 5043 imaginis
2495 4990 2607 5029 sua:
2642 4972 2927 5045 imaginem
2961 4973 3283 5045 condiderit.
3319 4972 3423 5037 Qui

1854 5060 1995 5097 unus
2048 5060 2241 5098 sensus
2283 5053 2545 5113 angustus
2602 5054 2705 5107 est,
2759 5043 2821 5099 ac
2859 5043 3131 5097 Methodio
3177 5043 3421 5110 dignus:

1854 5116 1991 5166 alter
2022 5114 2175 5167 valde
2205 5116 2475 5184 insipidus
2504 5124 2557 5169 et
2585 5116 2817 5168 alienus.
2842 5113 3015 5167 Porro
3050 5114 3207 5181 quod
3230 5113 3424 5181 imagi-

1853 5185 1939 5237 nis
1970 5185 2257 5252 imaginem
2290 5183 2423 5239 dicit
2473 5193 2685 5239 creatas
2707 5186 2939 5249 animas,
3003 5183 3425 5252 secundum_ap-

1857 5249 2278 5323 propriationem
2306 5257 2465 5309 debet
2495 5255 2741 5323 intelligi,
2776 5262 2828 5307 et
2875 5256 3017 5322 quod
3050 5254 3225 5321 imago
3287 5249 3423 5323 Filio

1857 5322 2129 5394 tribuatur
2155 5326 2470 5394 exispeciali
2492 5322 2699 5379 ratione
2721 5338 2830 5377 suae
2858 5325 3257 5394 processioﬁnis,
3279 5322 3423 5394 quod

1862 5395 1933 5448 sit
1988 5393 2165 5449 Patris
2226 5392 2486 5457 verbum,
2522 5402 2575 5447 et
2607 5392 2871 5462 expressa
2898 5394 3045 5447 illius
3098 5392 3421 5445 similitudo.

1866 5464 2130 5517 Czeternm
2195 5474 2253 5517 ut
2284 5481 2389 5519 non
2420 5472 2569 5518 creat
2617 5463 2775 5516 Pater
2814 5472 2871 5515 ut
2918 5462 3097 5521 Pater.
3156 5463 3248 5515 sed
3283 5475 3423 5514 unus

1864 5534 1978 5601 ipse
2005 5532 2169 5593 Deus,
2199 5545 2321 5587 enm
2356 5534 2494 5587 Filio
2526 5550 2588 5587 ac
2624 5534 2825 5601 Spiritu
2862 5541 3049 5588 sancto
3075 5531 3148 5603 (id
3174 5530 3425 5603 estbeata

1864 5603 2123 5672 Trinitas)
2162 5620 2267 5657 una
2325 5606 2518 5667 virtus,
2590 5600 2691 5657 una
2726 5612 3005 5671 potestas;
3041 5600 3119 5655 sic
3154 5614 3325 5669 neque
3358 5600 3424 5653 ad

1862 5675 2145 5743 imaginem
2181 5673 2339 5728 Verbi
2367 5682 2424 5727 ut
2458 5674 2687 5727 Verbum
2723 5682 2823 5734 est,
2847 5682 3017 5727 creat.
3049 5672 3139 5743 sed
3174 5672 3236 5723 ad
3269 5685 3421 5743 suam

1859 5740 2065 5809 ipse'ut
2100 5743 2239 5797 Deus
2271 5760 2413 5797 unus
2470 5754 2573 5804 est,
2612 5758 2859 5813 unusque
2898 5758 3021 5796 cum
3053 5740 3187 5795 Filio
3215 5750 3262 5793 vt
3292 5740 3423 5793 Ver-

1857 5814 1924 5869 bo
1945 5828 2004 5869 ac
2040 5814 2243 5879 Spiritu
2270 5825 2498 5871 creator.
2532 5815 2605 5867 In.
