4090 6318
644 375 750 432 M5

1636 375 1695 431 S.
1739 375 2071 433 METHODII
2110 376 2419 433 EPISCOPI
2461 376 2550 433 ΕΤ
2592 375 2955 431 ΜΑιιτῐΙιιε

3810 375 3916 429 H6

641 497 893 553 condidit
911 497 1214 569 pinxitque.
1233 511 1354 553 eam
1386 496 1593 553 emnxit
1622 512 1687 553 ac
1717 498 2208 567 efl‘ormavit,aeter-

2329 516 2489 571 μενος
2543 499 2677 554 αὐτὸ
2727 500 2825 554 καὶ
2856 498 3226 571 ζωγραφήσας
3272 497 3624 560 ἀπετύπωσε,
3657 493 3760 567 τὴν
3784 497 3916 549 αἰώ-

642 604 772 643 nam
834 590 1080 645 imitatus
1118 598 1372 645 naturam
1405 599 1460 645 et
1493 590 1892 662 intelligibilem
1923 632 1939 657 ,
1972 592 2134 663 cujus
2160 602 2219 648 et

640 679 808 735 homo
830 680 1114 734 character
1135 689 1219 735 est
1238 695 1608 750 expressaque
1628 678 1850 749 eﬂigies,
1870 679 2047 736 factus
2073 681 2219 735 velut

641 770 995 826 simulacrum
1019 772 1488 843 elegantissimum
1516 781 1571 826 et
1593 786 1814 827 sacrum
1837 790 1851 826 :
1877 773 2007 827 hinc
2035 781 2219 829 trans-

641 861 785 917 latus
815 861 870 916 in
904 864 1192 919 beatorum
1217 863 1521 928 civitatem,
1553 864 1607 919 in
1624 866 1790 919 caelos
1810 865 2042 930 scilicet,
2069 866 2219 920 velut

636 953 695 1006 in
723 956 928 1025 templo
958 955 1343 1010 collocabitur.
1370 955 1811 1012 lucontaminata
1837 972 2003 1029 porro
2024 966 2217 1015 nostra

635 1049 990 1117 pulchritudo
1014 1058 1148 1104 tunc
1191 1051 1397 1122 optime
1429 1060 1680 1109 servatur
1707 1062 1762 1109 et
1783 1069 1998 1120 secure,
2028 1068 2153 1108 cum
2183 1069 2214 1109 a

633 1140 950 1211 virginitate
978 1148 1245 1211 protecta,
1281 1143 1541 1199 exteriori
1574 1144 1946 1216 corruptionis
1976 1145 2215 1201 aestuin-

634 1229 850 1286 fuscata
878 1246 987 1286 non
1019 1231 1223 1300 fuerit;
1256 1234 1348 1289 sed
1380 1234 1498 1304 ipsa
1534 1234 1590 1289 in
1622 1250 1683 1291 se
1708 1235 2213 1307 ipsapermanens,

633 1332 834 1378 ornatu
851 1324 1080 1395 iustitia:
1108 1334 1346 1396 compta,
1376 1326 1433 1381 in
1462 1342 1721 1397 sponsam
1741 1326 1881 1381 Filio
1903 1326 1996 1382 Dei
2027 1343 2216 1383 acces-

632 1416 791 1480 serit,
814 1416 1273 1487 quemadmodum
1292 1419 1411 1490 ipse
1430 1420 1695 1486 insinuat,
1723 1419 2026 1474 admonens
2050 1435 2217 1490 opor-

629 1514 750 1563 tere
784 1509 841 1562 in
872 1511 1075 1567 nostris
1100 1512 1450 1582 corporibus,
1474 1512 1623 1567 velut
1649 1511 1705 1566 in
1729 1503 2098 1582 lampadibus,
2124 1512 2216 1567 lu-

630 1615 759 1655 men
776 1602 1051 1658 castitatis
1082 1605 1329 1659 accendi.
1362 1603 1646 1675 Siquidem
1674 1602 1720 1634 "
1736 1601 1924 1658 decem
1939 1604 2212 1674 virginum

631 1707 917 1759 numerus,
950 1695 1167 1752 animas
1199 1696 1370 1751 refert
1402 1694 1690 1751 credentes
1721 1694 1778 1749 in
1808 1694 2088 1751 Christum
2118 1695 2213 1751 Je-

628 1794 782 1843 sum;
824 1783 1033 1841 denarii
1062 1795 1214 1854 nota,
1250 1796 1455 1843 rectam
1491 1787 1546 1842 in
1598 1785 1759 1843 caelis
1780 1788 1923 1841 viam
1953 1803 2076 1858 qua:
2104 1804 2214 1842 una

2320 609 2432 645 νιον
2466 591 2962 664 ἅπομιμησὰμενος
2992 589 3153 659 φύσιν
3192 589 3287 642 καὶ
3321 588 3517 660 νοητὴν
3543 587 3678 659 (86),
3714 585 3787 660 ἧς
3814 591 3912 642 καὶ

2320 685 2606 755 χαρακτήρ
2631 684 2779 737 ἐστιν
2811 685 2841 737 ὁ
2870 682 3157 755 ἄνθρωπος
3195 682 3291 735 καὶ
3327 681 3713 751 ἀτπικόνισμα,
3749 698 3915 751 γεγο-

2318 775 2424 840 νὼς
2461 770 2573 830 οἷον
2617 776 2843 848 ἄγαλμά
2870 792 2922 829 τι
2960 773 3449 846 περικαλλέστατον
3483 774 3577 827 καὶ
3606 772 3780 844 ἱερόν·
3827 774 3911 826 ὲν-

2319 866 2510 921 τεῦθεν
2564 867 2908 940 μετενεχθεὶς
2949 870 3031 930 είς
3057 868 3157 938 τὴν
3196 867 3460 939 μακάρων
3493 865 3649 919 πόλιν
3675 865 3801 928 τοὺς
3826 865 3907 919 ού-

2318 959 2538 1031 ρανοὺς,
2598 959 2789 1033 ὥσπερ
2819 963 2878 1014 ὲν
2917 958 3033 1031 ναῷ
3069 958 3565 1031 κατοικισθήσεται.
3606 959 3912 1030 Ἀχραντον

2317 1052 2427 1124 γὰρ
2454 1053 2516 1107 τὸ
2532 1053 2728 1118 κάλλος
2780 1053 2938 1126 ἡμῶν
2957 1053 3157 1124 ἄριστα
3187 1054 3308 1107 τότε
3334 1056 3578 1124 τηρεῖται
3606 1051 3701 1105 καὶ
3732 1052 3915 1120 ἀσφα-

2314 1142 2442 1208 λῶς,
2467 1145 2670 1200 ὁπόταν
2701 1145 2766 1217 δὴ
2798 1146 3069 1217 παρθενίᾳ
3119 1146 3474 1216 σκεπόμενον,
3517 1143 3623 1198 ὑπὸ
3644 1142 3740 1197 τοῦ
3771 1141 3914 1197 καύ-

2319 1254 2489 1301 σωνος
2520 1236 2721 1303 ἔξωθεν
2750 1237 2828 1309 μὴ
2875 1236 3197 1309 μελαίνηται
3225 1236 3326 1308 τῆς
3359 1235 3599 1307 φθορᾶς·
3631 1234 3748 1288 ἀλλ’
3774 1232 3914 1287 αὐτὸ

2318 1330 2404 1400 ἐφ’
2450 1330 2630 1402 ἐαυτῷ
2692 1329 2853 1402 μένον
2896 1330 3215 1404 δικαιοσύνῃ
3264 1330 3561 1401 κοσμῆται,
3607 1346 3915 1400 νυμφαγω-

2315 1421 2582 1492 γούμενον
2606 1420 2687 1492 τῷ
2720 1421 2837 1492 Υίῷ
2885 1419 2981 1475 τοῦ
3020 1420 3155 1475 Θεοῦ
3180 1439 3193 1451 ·
3218 1421 3280 1476 δν
3314 1422 3515 1492 τρόπον
3533 1420 3596 1493 δὴ
3619 1420 3712 1475 καὶ
3744 1419 3915 1487 αὐτὸς

2315 1516 2641 1586 εἰσηγεῖται,
2692 1515 2890 1585 χρῆναι
2949 1514 3253 1588 παραινῶν,
3301 1513 3492 1586 ὥσπερ
3531 1516 3589 1567 ὲν
3631 1513 3914 1584 λαμπάσι,

2314 1606 2436 1667 ταῖς
2493 1603 2784 1674 σφετέραις
2846 1600 3041 1674 σαρξὶ,
3094 1602 3157 1657 τὸ
3219 1602 3336 1672 φῶς
3403 1598 3764 1657 ἀνακαίεσθαι
3807 1600 3915 1669 τῆς

2315 1695 2561 1765 ἁγνείας.
2622 1695 2953 1766 Ἐπειδήπερ
2985 1696 3015 1746 ὁ
3050 1693 3159 1747 τῶν
3186 1693 3321 1747 δέκα
3354 1692 3642 1763 παρθένων
3673 1689 3918 1761 ἀριθμὸς

2314 1786 2414 1848 τὰς
2442 1787 2523 1848 είς
2564 1784 2802 1856 Χριστὸν
2848 1782 3053 1853 Ἰησοῦν
3095 1781 3526 1844 πεπιπευκυίας
3558 1778 3918 1852 ἀριθμεῖσθαι

628 1877 808 1930 solum
830 1885 934 1943 est,
950 1886 1371 1949 repraesentans.
1398 1875 1602 1934 Verum
1620 1892 1809 1933 earum
1825 1878 2067 1950 quinque
2086 1896 2208 1949 pru-

2320 1877 2568 1949 βούλεται
2612 1876 2823 1948 ψυχάς·
2860 1874 2940 1946 τῷ
2987 1875 3119 1929 δέκα
3154 1876 3254 1947 τὴν
3295 1871 3704 1927 ἁπευθύνουσαν
3737 1871 3917 1941 μόνην

627 1968 825 2025 dentes
853 1970 1042 2040 utique
1070 1977 1125 2024 et
1154 1971 1431 2041 sapientes
1479 1979 1668 2038 erant;
1725 1971 1970 2042 quinque
2027 1980 2211 2027 autem

626 2058 795 2113 fatua:
820 2069 877 2114 et
908 2059 1261 2131 insipientes:
1302 2078 1412 2117 non
1445 2064 1591 2118 enim
1622 2063 1961 2134 diligentiam
1990 2079 2183 2119 curam

625 2167 736 2220 que
768 2152 1095 2220 habuerunt,
1130 2163 1190 2209 ut
1224 2170 1351 2210 vasa
1382 2170 1482 2211 sua
1505 2157 1626 2212 oleo
1648 2157 1809 2228 plena
1844 2157 2204 2222 instruerent,

620 2244 835 2312 justitia
864 2261 1049 2303 vacua:
1069 2256 1437 2305 remanentes.
1470 2247 1576 2305 Per
1602 2250 1703 2306 has
1732 2250 1879 2305 enim
1914 2250 2038 2305 illas
2055 2248 2205 2304 desi-

625 2347 755 2407 gnat
784 2354 906 2409 quae
941 2340 1008 2395 ad
1040 2341 1375 2412 virginitatis
1403 2340 1541 2396 ﬁnes
1570 2340 1806 2396 evadere
1835 2341 2203 2405 contendunt,

625 2440 935 2503 cunctaque
958 2434 1185 2489 honeste
1207 2443 1371 2503 atque
1398 2433 1582 2487 sobrie
1600 2440 1883 2502 praestant,
1906 2449 1972 2489 eo
1993 2434 2206 2489 condu-

624 2526 803 2580 centia
834 2534 893 2579 ut
922 2541 1163 2580 amorem
1204 2523 1351 2579 hunc
1398 2525 1654 2595 expleant
1690 2545 1704 2578 :
1734 2542 1965 2596 quaeque
1994 2527 2099 2581 hoc
2146 2543 2207 2583 se

623 2625 876 2687 spectare
904 2616 1283 2687 proﬁteantur,
1325 2624 1487 2686 atque
1505 2626 1563 2670 ut
1593 2618 1719 2671 hinc
1749 2618 2072 2688 glorientur,
2108 2633 2205 2672 ne-

626 2708 919 2780 gligentius
947 2716 1129 2763 tamen
1162 2715 1345 2779 agant,
1397 2717 1453 2764 et
1498 2704 1690 2763 mundi
1728 2710 2207 2765 vicissitudinibus

626 2804 919 2856 vincantur
952 2821 965 2856 :
997 2816 1115 2871 quae
1142 2800 1377 2871 denique
1396 2801 1544 2857 velut
1574 2804 1761 2872 potius
1802 2803 1963 2856 inane
1989 2802 2207 2856 virtutis

624 2894 980 2950 simulacrum
1012 2894 1132 2949 rudi
1166 2895 1484 2951 umbrarum
1526 2895 1696 2950 ductu
1733 2895 2011 2951 delineant
2039 2911 2204 2965 quam

624 2986 801 3055 ipsam
827 2988 1005 3041 vivam
1040 3002 1104 3041 ac
1142 2988 1438 3055 spirantem
1472 2986 1759 3042 veritatem
1790 2987 2046 3043 eﬂiciant.

2316 1972 2436 2025 ὁδὸν
2459 1972 2539 2034 είς
2563 1971 2691 2034 τοὺς
2716 1970 2983 2042 οὐρανοὺς
3028 1966 3499 2038 ἀποτυπούμενος.
3547 1963 3690 2017 Ἀλλ’
3716 1964 3775 2018 αἱ
3805 1962 3918 2033 μὲν

2316 2060 2480 2114 πέντε
2540 2059 2813 2131 ἔμφρονες
2854 2059 3155 2128 ἐτύγχανον
3202 2057 3314 2127 ἄρα
3360 2057 3456 2110 καὶ
3520 2053 3709 2125 σοφαί
3756 2055 3811 2106 αί
3854 2054 3919 2108 δὲ

2319 2153 2483 2205 πέντε
2516 2153 2701 2223 μωραὶ
2746 2151 2840 2204 καὶ
2888 2149 3082 2221 ἄσοφοί
3106 2167 3248 2213 τινες
3268 2167 3282 2179 ·
3334 2150 3393 2201 οὐ
3423 2148 3532 2220 γὰρ
3562 2146 3919 2221 ὲπρομηθεύ-

2313 2263 2475 2299 σαντο
2496 2245 2678 2299 ὲλαίου
2718 2243 2868 2315 σφῶν
2894 2244 2964 2299 τὰ
3003 2245 3201 2313 ἀγγεῖα
3237 2242 3421 2314 πλήρη
3462 2242 3917 2311 παρασκευάσαι,

2312 2337 2661 2409 δικαιοσύνης
2703 2337 3065 2408 ἁπομείνασαι
3112 2334 3288 2389 κεναί.
3333 2335 3642 2388 Αίνίσσεται
3677 2333 3791 2405 γὰρ
3822 2333 3921 2387 διὰ

2313 2433 2520 2487 τούτων
2551 2432 2652 2495 τὰς
2696 2431 2790 2485 ἐπὶ
2836 2430 3048 2501 πέρατα
3092 2428 3393 2501 παρθενίας
3431 2428 3921 2499 ὲπισπερχομέναδς

2315 2526 2510 2592 ἐλθεῖν,
2537 2526 2633 2579 καὶ
2650 2526 2830 2581 πάντα
2861 2527 2943 2588 εἰς
2968 2524 3028 2577 τὸ
3058 2522 3414 2595 πληρωθῆναι
3440 2522 3787 2577 συντείνοντα
3818 2522 3920 2575 τὸν

2315 2616 2491 2688 ἔρωτα
2539 2616 2728 2670 τοῦτον
2771 2616 3014 2685 κοσμίως
3046 2613 3261 2686 δρώσας
3314 2614 3408 2667 καὶ
3450 2615 3744 2686 σωφρόνως
3762 2630 3776 2644 ⁸
3815 2616 3920 2667 καὶ

2313 2708 2413 2770 τὰς
2460 2706 2937 2776 ὲπαγγελλομένας
2997 2706 3098 2775 μὲν
3145 2707 3236 2759 καὶ
3288 2706 3691 2777 σεμνυνομένας
3748 2706 3920 2760 τοῦτο

2316 2801 2562 2864 σκοπεῖν,
2610 2797 2980 2870 όλιγωρούσας
3003 2796 3060 2849 δὲ
3104 2796 3198 2849 καὶ
3224 2795 3543 2865 ἡττωμὲνας
3572 2798 3669 2848 τοῦ
3696 2797 3917 2867 κόσμου

2313 2894 2434 2956 ταῖς
2470 2890 2810 2959 ἐξαλλαγαῖς,
2848 2888 2946 2942 καὶ
2981 2886 3170 2957 ὥσπερ
3216 2886 3664 2956 σκιαγραφούσας
3701 2887 3918 2958 μᾶλλον

2312 2983 2533 3037 εἴδωλον
2588 2982 2791 3054 ἀρετῆς
2837 2982 2872 3052 ἢ
2918 2978 3086 3051 αὐτὴν
3122 2976 3495 3050 ὲργαζομένας
3533 2978 3775 3050 ἔμπνουν
3808 2981 3919 3053 τὴν

2315 3077 2597 3147 ἀλήθειαν.

1302 3197 1435 3253 CAP.
1458 3196 1546 3254 Ill.
1594 3197 1931 3269 Virginitatis
1956 3198 2095 3253 idem
2130 3208 2352 3254 conatus
2388 3207 2439 3252 et
2469 3197 2759 3269 aqgrcssio,
2787 3195 2993 3265 dispari
3023 3196 3193 3251 exitu.

694 3315 856 3382 Quod
885 3315 1030 3371 enim
1053 3315 1257 3371 dicitur
1290 3316 1354 3384 ‘9,
1390 3316 1578 3371 Simile
1604 3317 1809 3386 factum
1838 3334 1949 3373 esse
1976 3335 2195 3389 regnum

2370 3317 2447 3369 Τὸ
2485 3315 2596 3386 γὰρ
2641 3313 2954 3384 λεγόμενον,
3008 3311 3358 3381 Ὡμοιῶσθαι
3410 3311 3530 3380 τὴν
3564 3310 3917 3376 ,Βασιλείαν

621 3408 876 3463 calorum
905 3410 1081 3464 decem
1101 3410 1411 3481 virginibus,
1440 3427 1559 3482 quae
1588 3413 1902 3479 accipientes
1930 3413 2203 3483 lampades

622 3517 751 3555 suas
780 3502 1019 3557 exierunt
1043 3504 1248 3557 obviam
1278 3502 1504 3573 Sponsa,
1534 3504 1639 3558 hoc
1670 3504 1774 3559 sibi
1799 3492 1935 3569 vult,
1958 3507 2205 3563 eamdem

622 3595 983 3665 professionis
1004 3610 1067 3649 ac
1090 3596 1327 3651 instituti
1375 3596 1518 3649 viam
1550 3611 1741 3651 omnes
1771 3597 2026 3667 elegisse,
2058 3600 2203 3669 quod

622 3688 741 3755 ipsa
765 3687 1016 3757 designat
1044 3687 1298 3742 elementi
1326 3687 1448 3741 [vis
1476 3700 1543 3739 ac
1575 3687 1788 3741 denarii
1818 3696 1970 3743 nota.
2008 3687 2067 3745 ln
2084 3706 2205 3745 eam

622 3780 771 3834 enim
805 3795 864 3835 se
906 3780 1110 3848 pariter
1159 3795 1278 3833 rem
1313 3783 1691 3845 accinxerunt,
1740 3791 2024 3855 assumpta
2075 3781 2211 3854 pro;

622 3869 867 3925 fessione
889 3887 906 3937 ;
929 3884 1159 3939 eamque
1179 3869 1249 3923 ob
1279 3885 1394 3923 rem
1410 3880 1680 3924 vocantur
1709 3871 1921 3939 decem,
1945 3871 2092 3942 quod
2129 3873 2207 3925 ni-

622 3962 826 4013 mirum
848 3961 993 4015 idem
1020 3960 1361 4031 propositum
1384 3974 1447 4014 ac
1478 3961 1811 4025 institutum,
1838 3962 1915 4015 uti
1932 3961 2201 4025 dicebam,

622 4052 977 4122 arripuerunt
1014 4071 1027 4108 :
1064 4068 1167 4109 nec
1210 4062 1395 4108 tamen
1430 4054 1637 4125 pariter
1688 4054 1852 4107 etiam
1903 4068 2095 4107 omnes
2148 4053 2206 4105 in

620 4157 916 4198 occursum
932 4142 1416 4213 Sponsicxierunt.
1446 4142 1583 4197 Nam
1611 4158 1800 4197 earum
1815 4140 2037 4211 quidem
2060 4141 2201 4207 aliae,

618 4235 766 4308 quod
804 4243 858 4291 et
888 4236 942 4292 in
975 4242 1213 4299 futurum
1237 4235 1506 4293 sufﬁceret
1538 4235 1883 4306 lampadibus
1904 4234 2026 4289 oleo
2050 4233 2206 4288 ﬂam-

619 4345 768 4385 mam
800 4330 1095 4394 alentibus,
1134 4331 1532 4384 nutrimentum
1564 4330 1789 4399 copiose
1829 4330 2087 4399 largeque
2108 4343 2206 4399 pa-

618 4430 917 4489 raverant;
974 4423 1094 4476 alia:
1120 4436 1271 4485 vero,
1314 4422 1571 4491 praesenti
1621 4422 1884 4476 duntaxat
1932 4430 2205 4478 contentae

617 4530 776 4579 cura,
806 4515 1088 4585 segniores
1119 4515 1462 4571 exstiterant.
1500 4512 1683 4580 Quare
1729 4515 1894 4569 etiam
1930 4516 2049 4585 pari
2078 4515 2203 4586 qui-

2308 3408 2430 3461 τῶν
2458 3406 2731 3475 οὐρανῶν
2752 3406 2899 3459 δέκα
2929 3405 3267 3475 παρθένοις,
3303 3406 3526 3471 αἵτινες
3548 3406 3772 3458 ἔλαϐον
3797 3407 3920 3472 τὰς

2307 3499 2632 3571 λαμπάδας
2647 3497 2868 3562 αὐτῶν,
2902 3499 3001 3553 καί
3039 3497 3308 3568 ἐξῆλθον
3334 3498 3801 3566 ἀπαντήσουσαι
3825 3498 3920 3564 τῷ

2310 3594 2588 3664 Navigia),
2640 3592 2926 3662 σημαίνειν
2974 3592 3219 3662 βούλεται
3246 3592 3405 3665 (87),
3437 3592 3536 3663 τὴν
3580 3591 3751 3661 αὐτὴν
3783 3590 3918 3643 ὁδὸν

2312 3686 2407 3739 τοῦ
2466 3683 2899 3757 ἐπιτηδεύματος
2943 3685 3373 3758 ἐπανῃρημένην
3404 3685 3492 3738 διὰ
3524 3683 3619 3755 τὴν
3662 3683 3919 3752 ἔμφασιν

2312 3777 2405 3831 τοῦ
2425 3780 2458 3831 I’
2478 3778 2762 3849 στοιχείου.
2804 3778 3143 3832 Ἐστείλαντο
3169 3777 3392 3847 μὲνγὰρ
3419 3777 3475 3828 αἱ
3502 3774 3916 3845 παραπλησίως

2312 3871 2512 3933 ἑαυτὰς
2532 3873 2612 3934 είς
2642 3870 2802 3924 τοῦτο
2833 3870 3366 3940 καθομολογήσασαι,
3402 3869 3496 3922 καὶ
3522 3867 3694 3937 ταύτῃ
3718 3866 3920 3938 κικλή-

2314 3978 2534 4015 σκονται
2580 3962 2713 4015 δέκα
2736 4002 2750 4027 ,
2806 3960 2992 4031 ἐπειδὴ
3027 3961 3127 4031 τὴν
3160 3960 3349 4031 αὐτὴν,
3380 3959 3455 4023 ὡς
3488 3958 3646 4030 ἔφην,
3696 3957 3918 4013 ε’ἂοντο

2314 4053 2602 4124 πρόθεσιν
2652 4054 2835 4107 οὐκέτι
2889 4053 2947 4106 δὲ
2995 4054 3196 4123 ὁμοίως
3238 4052 3461 4123 ἐξῆλθον
3492 4051 3916 4123 ύπαντήσουσαι

2314 4146 2392 4217 τίς)
2416 4144 2675 4217 Νυμφίῳ.
2712 4147 2779 4197 Αἱ
2823 4144 2922 4216 μὲν
2953 4144 3061 4216 γὰρ
3088 4145 3294 4216 τροφὴν
3320 4143 3549 4213 ἄφθονον
3576 4144 3669 4197 καὶ
3714 4144 3914 4197 εἰσαῦ-

2315 4236 2400 4299 θις
2437 4234 2759 4306 ἐπορίσαντο
2811 4238 2931 4299 ταῖς
2972 4234 3377 4308 ὲλαιοθρέπτοις
3419 4234 3734 4306 λαμπάσιν·
3760 4235 3917 4288 αἰδὲ

2313 4327 2834 4400 κατερρᾳθύμησαν,
2858 4328 2951 4381 τοῦ
2972 4328 3238 4399 παρόντος
3269 4329 3427 4400 μόνον
3459 4326 3911 4398 ὲτιιμεληθεῖσαι.

2313 4423 2404 4475 Διὸ
2424 4422 2488 4493 δὴ
2506 4423 2602 4476 καὶ
2631 4421 2907 4495 ίσάριθμοι
2951 4424 3087 4494 πρὸς
3110 4423 3272 4476 πέντε
3298 4422 3653 4494 διαιροῦνται,
3680 4421 3917 4493 ἐπειδή-

2314 4532 2419 4587 περ
2442 4516 2541 4578 τὰς
2565 4515 2729 4569 πέντε
2762 4516 3067 4588 αἰσθήσεις,
3112 4519 3165 4569 αἱ
3220 4518 3320 4587 μὲν
3362 4516 3540 4570 αὐτῶν
3567 4513 3917 4584 ἐφυλάξαντο

616 4610 776 4664 nario
800 4608 989 4665 divisae
1024 4621 1175 4674 sunt,
1203 4625 1325 4681 quae
1348 4610 1533 4665 decem
1557 4617 1746 4664 erant:
1774 4609 1922 4679 quod
1951 4609 2208 4666 videlicet

2316 4608 2562 4680 καθαρὰς
2592 4609 2687 4662 καὶ
2737 4609 3041 4681 παρθένους
3096 4608 3531 4679 ἁμαρτημάτων,
3557 4607 3623 4669 ἃς
3655 4606 3705 4659 οἱ
3747 4607 3914 4663 πλεῖν-

615 4705 859 4775 quiuque
888 4719 1107 4769 sensus,
1140 4720 1279 4774 quos
1310 4703 1557 4775 plerique
1582 4702 1864 4773 sapientiae
1894 4710 2083 4773 portas
2109 4719 2205 4774 ap-

689 4859 734 4890 "
773 4856 1119 4916 Matt/3.x“.
1197 4862 1239 4893 ¹⁹
1280 4860 1408 4915 ibid.
1445 4863 1498 4919 1.

689 5020 804 5091 (86)
835 5020 946 5074 Kal
972 5022 1219 5089 νοητήν.
1255 5020 1641 5091 Propriissima
1674 5037 1776 5075 vox
1809 5022 1863 5074 in
1896 5018 2007 5075 Deo
2037 5039 2050 5074 :
2086 5019 2204 5090 ipse

615 5095 763 5148 enim
789 5092 1039 5147 absolute
1064 5093 1126 5146 τὸ
1155 5093 1365 5161 νοητόν,
1400 5094 1601 5162 quippe
1636 5092 1887 5160 superior
1922 5092 2201 5153 omnibus,

617 5178 891 5231 anumque
921 5163 1021 5216 sibi
1063 5171 1117 5216 et
1159 5164 1374 5218 cunctis
1406 5162 1633 5232 reliquis
1681 5162 2040 5230 intelligibile,
2094 5176 2205 5216 non

619 5235 712 5304 qui
745 5233 1030 5287 ordinetur
1057 5237 1122 5285 ad
1156 5235 1259 5287 alia
1296 5234 1667 5304 intelligenda,
1701 5248 1873 5299 caque
1907 5232 2206 5304 rationein

621 5302 865 5359 Secunda
888 5304 997 5357 τῶν
1028 5304 1231 5374 νοερῶν
1261 5303 1336 5366 (id
1366 5313 1450 5359 est
1486 5304 1961 5374 intisllcctualium,
1994 5318 2088 5356 seu
2122 5302 2209 5355 in-

619 5374 1003 5443 telligentium)
1036 5372 1211 5428 claSsc
1239 5382 1533 5429 statuatur.
1566 5372 1639 5426 De
1666 5389 1771 5442 qua
1797 5375 2209 5443 voceipraiclare

618 5442 914 5515 Dionysius
940 5444 1170 5515 ejusque
1205 5446 1532 5500 sclioliastcs
1567 5444 1870 5515 Maximus.
1903 5442 2083 5515 Valde,
2105 5446 2207 5496 im-

620 5513 922 5584 ‘u‘opi'ium,
975 5514 1120 5582 quod
1166 5515 1294 5569 boni
1334 5517 1499 5568 ctiam
1538 5525 1791 5567 auctores
1827 5513 1889 5565 τὸ
1930 5514 2120 5584 νοητόν
2154 5519 2207 5567 et

658 5586 799 5655 ἱερόν
848 5584 1214 5648 confundunt,
1259 5600 1383 5639 cum
1428 5587 1657 5637 alterum
1709 5585 1883 5653 ipsum
1933 5585 2204 5651 objectum

616 5658 782 5713 Jicat.
835 5656 1066 5709 alterum
1113 5658 1411 5725 potentiam
1454 5664 1509 5709 et
1561 5655 1893 5719 facultatem,
1942 5670 2064 5723 qme
2116 5655 2206 5706 illo

616 5727 773 5793 quasi
817 5726 1059 5794 pascitur
1092 5742 1155 5780 ac
1194 5728 1386 5780 beatur
1413 5744 1427 5778 :
1453 5741 1574 5796 qua:
1619 5726 1671 5778 iu
1715 5726 1822 5779 Deo
1864 5725 2207 5795 simplicissi—

619 5813 726 5863 ma,
764 5797 818 5850 in
855 5797 1079 5867 reliquis
1121 5797 1291 5854 divisa
1327 5805 1473 5853 sunt.
1502 5798 1795 5853 Canens.

2315 4718 2428 4755 στοι
2463 4702 2654 4770 σοφίας
2685 4702 3135 4775 προσηγόρευσαν
3173 4701 3349 4765 πύλας
3368 4717 3382 4731 ’
3414 4700 3470 4753 αἱ
3502 4700 3559 4753 δὲ
3591 4700 3917 4755 τούναντίον

2373 4998 2481 5088 (ἏἹ)
2506 5018 3149 5088 Σημαίνεινβούλεται.
3167 5015 3293 5088 Alia
3318 5016 3481 5088 lectio
3494 5012 3765 5088 Allatiana
3786 5016 3919 5085 ipsa

2301 5084 2411 5141 non
2436 5084 2812 5159 improbanda,
2851 5087 3128 5157 σημαίνει,
3158 5085 3599 5159 βουληθῆναιτῂν
3620 5084 3792 5159 αύτὴν
3808 5084 3915 5142 ἆν-

2302 5159 2455 5229 δρίαν
2482 5154 2800 5212 ἐνδύσασθαι
2833 5154 3034 5220 πάσας,
3080 5154 3167 5229 μῆ
3208 5154 3457 5229 μέντοίίἐ
3489 5154 3768 5229 ἐξισχῦσαι
3804 5160 3917 5221 τὰς

2305 5212 2488 5293 πέντε,
2526 5230 2754 5284 voluisse
2783 5245 2960 5283 omnes
2991 5212 3229 5280 eamdem
3254 5212 3471 5281 induere
3505 5212 3908 5294 [οτίῖιιιαὶηειηῖ

2307 5299 2397 5353 sed
2426 5303 2655 5369 quinque
2700 5310 2878 5353 tamen
2926 5300 3060 5352 vires
3103 5298 3391 5367 defecisse;
3440 5312 3636 5365 nempe
3667 5307 3916 5369 arrepto

2310 5368 2605 5426 sanctioris
2636 5370 2760 5423 vitae
2799 5370 3080 5433 instituto,
3117 5380 3403 5437 coeptaque
3441 5368 3711 5437 cassitatis
3741 5371 3915 5436 palae-

2312 5451 2446 5503 st-ra,
2476 5443 2596 5511 ejus
2626 5441 2846 5511 virtutis
2880 5441 3027 5493 cultu
3071 5436 3442 5511 obtorpuisse.
3485 5436 3754 5511 Videntur
3790 5439 3913 5511 haec

2312 5508 2588 5581 respicere
2628 5510 2763 5564 illud
2808 5510 2913 5581 lsa.
2944 5526 3017 5571 LI,
3063 5510 3137 5581 9:
3178 5509 3436 5563 Ἐνδυσαι
3475 5511 3572 5580 τὴν
3607 5508 3911 5581 laxavng

2315 5577 2599 5652 βραχίονός
2635 5597 2754 5640 σου,
2797 5579 3025 5634 Induere
3068 5580 3436 5648 fortitudinem
3468 5577 3670 5633 brachii
3704 5577 3913 5652 καίει

2311 5651 2461 5706 ecrte
2494 5656 2633 5706 l'nrte
2660 5660 2962 5716 certamen,
2995 5659 3273 5705 certamen
3304 5653 3579 5706 castitatis
3612 5659 3779 5717 atque
3806 5651 3916 5701 αν-

2310 5723 2484 5794 δρίας,
2506 5733 2561 5777 ιιι
2587 5724 2653 5794 in
2668 5736 2884 5794 omnem
2915 5723 3081 5794 vitam
3119 5722 3364 5776 accensis
3400 5720 3744 5794 lampadibus
3775 5735 3913 5778 sus-

2312 5789 2495 5862 pensm
2524 5792 2763 5864 virgines
2795 5792 2901 5846 sint
2935 5792 2989 5847 in
3017 5798 3426 5862 exspectatione
3458 5790 3680 5863 Sponsi.
3714 5789 3795 5847 lo.
