4090 6318
611 335 718 395 13⁸1

1612 341 1670 394 S.
1715 337 2049 395 ΜΕΤΗΟΜΙ
2084 340 2399 399 EPISCOPI
2443 342 2530 398 ΕΤ
2574 339 2936 398 ΙΙΔΚΠΒΙΞ

3785 344 3889 402 ηε

1603 477 1735 534 Cn.
1772 478 1839 533 ll.
1871 476 1999 533 Loci
2020 477 2180 535 Cant.
2221 496 2296 546 tv,
2321 480 2476 542 9-12.
2516 480 2901 549 interpretatio.

681 595 929 668 Cogitate
959 598 1127 661 enim.
1158 613 1191 653 o
1215 598 1491 670 virgines;
1530 599 1677 686 quod
1701 602 1774 655 ita
1821 616 2079 671 sponsam
2118 602 2199 655 al-

2386 602 2786 673 Ἐπισκέψασθε
2828 602 2959 673 γάρ,
2989 600 3072 656 δτι
3099 599 3597 669 τὸ,Ἐκαρδίωσσς
3634 602 3812 670 ἡμας,
3841 596 3887 655 ὦ

612 689 875 760 loquitur,
900 692 1186 747 Abstulisti
1209 691 1359 747 nobis
1398 708 1491 746 cor
1524 710 1629 747 una
1660 696 1935 749 oculorum
1962 704 2197 759 tuorum,

614 784 989 853 perspicacem
1058 786 1169 840 vim
1231 786 1430 841 mentis
1484 768 1856 857 intelligentiae
1906 787 2197 852 ostendit;

614 884 905 945 postquam
932 876 1145 931 scilicet
1174 875 1341 932 homo
1366 876 1591 932 interior
1617 892 1738 933 eam
1774 876 2066 934 deterserit
2092 879 2205 950 pla-

614 983 792 1037 neque
822 967 1193 1033 mundaverit,
1220 978 1277 1023 ut
1303 970 1563 1039 liquidius
1592 970 1876 1027 veritatem
1900 972 2198 1027 intueatur.

614 1043 897 1131 Duplicem
929 1061 1076 1115 enim
1111 1076 1234 1116 esse
1263 1062 1505 1125 oculum,
1541 1064 1775 1117 alterum
1807 1062 1999 1129 animi,
2038 1073 2203 1144 atque

614 1154 848 1207 alterum
904 1154 1173 1223 corporis,
1239 1154 1414 1211 cuivis
1476 1154 1828 1211 manifestum
1884 1164 1990 1213 est.
2046 1154 2202 1210 Haud

612 1244 897 1299 enimvero
927 1260 1051 1300 eum
1086 1248 1179 1317 qui
1210 1255 1296 1303 est
1330 1249 1599 1319 corporis,
1645 1263 1705 1303 se
1741 1262 1926 1303 amare
1961 1246 2201 1303 Verbum

614 1334 922 1404 proﬁtetur,
960 1338 1053 1392 sed
1089 1339 1357 1393 duntaxat
1398 1354 1525 1393 eum
1575 1340 1668 1410 qui
1696 1348 1780 1395 est
1809 1340 2030 1404 mentis,
2070 1340 2202 1395 dum

614 1430 693 1483 ait
717 1469 731 1492 .
774 1429 1061 1485 Δικταίηιὶ
1105 1433 1254 1487 nobis
1299 1450 1391 1487 cor
1430 1436 1486 1487 in
1520 1451 1623 1487 uno
1657 1434 1932 1487 oculorum
1963 1445 2199 1497 tuorum,

611 1530 665 1575 et
695 1522 750 1574 in
780 1538 884 1576 uno
909 1535 1221 1579 ornamento
1254 1526 1379 1579 colli
1404 1526 1502 1579 tui.
1534 1524 1701 1591 Quasi
1730 1510 1937 1581 diceret
1969 1545 1983 1581 :
2015 1526 2097 1581 Tu
2124 1526 2205 1581 ni~

614 1616 855 1681 mirum,
911 1617 1309 1673 amabilissimo
1362 1618 1666 1688 prudentia:
1723 1626 1831 1673 tua:
1890 1619 2086 1673 obtutu
2146 1619 2203 1673 in

614 1722 854 1762 amorem
882 1723 979 1766 cor
1008 1720 1261 1767 nostrum
1293 1711 1557 1774 incitasti,
1594 1726 1659 1766 ac
1687 1712 1845 1781 quasi
1887 1712 1953 1767 ad
1992 1719 2047 1767 te
2075 1727 2205 1768 avo-

614 1799 731 1855 iare
771 1799 973 1867 fecisti,
1025 1802 1290 1857 mundum
1338 1803 1409 1858 ab
1450 1803 1904 1875 intuscastitatis
1944 1806 2202 1862 evibrans

615 1893 1142 1965 splendidissimum.
1160 1893 1279 1949 1am
1298 1897 1440 1951 enim
1456 1897 1579 1950 colli
1594 1909 1914 1951 ornamenta
1939 1910 2205 1955 vocantur

2303 697 2586 769 παρθένοι,
2616 695 2907 766 λεγόμενον
2936 695 3073 767 πρὸς
3114 694 3278 749 αὐτοῦ
3306 695 3372 765 τῇ
3408 695 3617 766 νύμφῃ,
3646 694 3738 748 ἐνὶ
3766 694 3888 749 ἀπὸ

2303 788 2629 859 ὀφθαλμῶν
2700 803 2857 854 σου,
2906 790 2997 843 τὸν
3054 785 3359 860 διορατικὺν
3413 787 3515 854 τῆς
3577 788 3881 858 φρονήσεως

2303 879 2581 951 ὀφθαλμὸν
2624 880 2894 933 δείκνυσιν
2913 896 2927 910 ο
2972 880 3134 933 ὁπότε
3166 878 3231 950 δὴ
3258 877 3447 932 τοῦτον
3476 879 3506 930 6
3534 876 3642 932 ἔσω
3676 878 3882 949 σμήξας

2304 973 2591 1045 ἄνθρωπος
2632 972 2891 1043 καθαρῶς
2922 972 3247 1047 τρανότερον
3299 971 3398 1044 τὴν
3448 970 3710 1043 ἀλήθειαν
3757 972 3884 1025 ἑπο-

2305 1046 2513 1119 πτεύει.
2543 1064 2742 1137 Δισσὴν
2784 1064 2892 1137 γὰρ
3138 1060 3276 1117 εἶναι
3305 1062 3536 1134 δύναμιν
3581 1062 3742 1117 παντί
3782 1077 3886 1120 που

2304 1157 2645 1228 καταφανές·
2697 1157 2826 1228 μίαν
2875 1157 2977 1228 μὲν
3020 1156 3220 1228 ψυχῆς,
3267 1155 3497 1228 θατέραν
3526 1155 3582 1209 δὲ
3616 1154 3887 1227 σώματος.

2317 1249 2458 1302 Ἀλλ’
2492 1250 2614 1319 οὐχὶ
2642 1247 2742 1319 τῆς
2769 1247 2861 1301 τοῦ
2897 1246 3148 1318 σώματος
3177 1249 3307 1319 ὲρᾷν
3349 1248 3377 1299 6
3415 1248 3585 1316 Λόγος
3616 1247 3894 1318 όμολογεῐ,

2305 1341 2433 1398 ἀλλ.
2486 1343 2585 1413 τῆς
2636 1341 2775 1396 κατά
2817 1341 3056 1396 διάνοιαν
3112 1342 3295 1413 μόνον,
3336 1342 3433 1395 Ἐν
3472 1342 3585 1407 ἐνὶ,
3640 1341 3892 1411 φάσκων,

2304 1436 2673 1504 ὲκαρδίωσας
2698 1434 2858 1505 ἡμᾶς
2881 1435 3000 1489 ἀπὸ
3029 1433 3355 1505 ὀφθαλμῶν
3378 1450 3518 1498 σου,
3545 1435 3646 1488 καὶ
3687 1434 3759 1488 ἐν
3782 1432 3899 1505 μιᾷ

2304 1525 2581 1597 ἐγθέματι
2612 1528 2919 1599 τραχήλου
2962 1542 3101 1582 σου.
3124 1527 3299 1597 Ὅπερ
3330 1526 3498 1581 ἐστίν’
3523 1521 3595 1578 Ὦ
3623 1524 3785 1595 αὕτη,
3815 1525 3899 1597 τῷ

2306 1621 2595 1693 έπεράστῳ
2624 1638 2717 1674 σου
2763 1619 3037 1692 βλέμματι
3070 1618 3170 1688 τῆς
3203 1616 3473 1681 συνέσεως
3506 1617 3898 1689 ἀνεπτέρωσας

2306 1712 2463 1785 ἡμῶν
2507 1712 2607 1785 τὴν
2651 1712 2879 1785 καρδίαν
2928 1714 3008 1774 είς
3049 1710 3235 1775 πόθον,
3271 1708 3473 1763 ἰσωθεν
3503 1709 3597 1762 τὸν
3641 1707 3898 1781 ἀρίδηλον

2307 1808 2511 1879 κόσμον
2558 1807 3009 1878 ὲξαστράπτουσα
3050 1803 3149 1873 τῆς
3198 1800 3571 1873 σωφροσύνης.
3591 1800 3901 1871 Ἐνθέματα

2306 1902 2417 1971 γάρ
2447 1898 2721 1972 τραχήλου
2752 1897 2997 1952 καλεῖται
3024 1895 3094 1948 τὰ
3124 1894 3464 1969 περιδέραια.
3495 1892 3565 1946 τά
3603 1892 3668 1945 ὲκ
3711 1890 3899 1944 ποικί-

613 1992 842 2056 torques
870 1996 965 2041 aut
1001 1988 1247 2052 monilia,
1290 2003 1356 2043 ex
1387 1990 1558 2044 variis
1588 1998 1641 2043 et
1674 1991 1932 2059 pretiosis
1974 1993 2205 2063 gemmis

2311 1996 2418 2048 λων
2461 1993 2557 2047 καὶ
2587 1994 2787 2063 τιμίων
2819 1988 3177 2060 συντιθέμενα
3205 1988 3388 2041 λίθων.
3406 1986 3544 2040 Ἀλλ’
3575 1987 3634 2038 αἱ
3662 1985 3761 2055 μὲν
3791 2000 3901 2037 σω-

616 2085 897 2133 contesta.
940 2078 1212 2135 Cazterum
1261 2097 1381 2151 quae
1437 2082 1688 2152 corporis
1741 2083 1915 2137 cultui
1980 2084 2206 2138 student

611 2172 831 2235 animae,
876 2174 1189 2229 sensibilem
1221 2174 1368 2228 hunc
1408 2176 1697 2236 mundum.
1730 2176 1987 2229 exteriori
2020 2176 2207 2229 carnis

614 2264 817 2319 cervici
850 2266 914 2320 ad
948 2265 1193 2321 fraudem
1224 2268 1620 2321 contuentibus
1655 2266 1987 2330 faciendam,
2035 2259 2207 2337 appo-

614 2365 786 2424 nunt;
819 2366 1014 2413 contra
1047 2344 1191 2414 vero
1213 2375 1335 2429 qua:
1368 2358 1533 2411 vitam
1564 2367 1717 2415 caste
1756 2360 2074 2423 instituunt,
2119 2361 2207 2415 in-

614 2450 871 2505 teriorem
912 2450 1015 2505 sibi
1047 2451 1313 2505 mundum
1346 2452 1631 2516 adhibent,
1664 2468 1727 2507 ex
1766 2453 2027 2525 pretiosis
2051 2469 2207 2509 vere-

614 2556 722 2612 que
754 2541 922 2594 variis
960 2541 1158 2611 lapillis
1207 2543 1547 2612 gemmisque
1580 2542 1877 2609 (libertate,
1918 2545 2207 2615 magnani-

614 2633 825 2696 mitate,
870 2634 1158 2702 sapientia,
1186 2634 1479 2706 charitate)
1508 2637 1837 2705 conﬁatutn;
1880 2654 2071 2708 parum
2108 2653 2206 2692 cu-

615 2733 824 2789 rantes,
878 2725 1012 2781 istos
1048 2742 1148 2796 pro
1192 2728 1378 2783 saeculi
1413 2714 1518 2783 usu
1542 2731 1651 2785 cito
1694 2730 2004 2788 dilﬁuentes
2040 2746 2207 2787 orna-

616 2825 727 2879 tus,
763 2816 855 2885 qui
900 2816 1153 2872 foliorum
1179 2820 1288 2874 ritu
1320 2821 1387 2876 ad
1416 2830 1633 2894 tempus
1657 2821 1915 2879 ﬂorentes
1948 2823 2206 2876 mutatio-

616 2907 779 2964 nibus
803 2911 1050 2979 corporis
1078 2927 1175 2983 per
1204 2922 1375 2970 statas
1409 2916 1557 2972 vices
1601 2916 2046 2987 contingentibus
2079 2928 2209 2969 evao

616 3010 867 3057 nescunt.
896 3002 1101 3074 Duplex
1138 3007 1282 3060 enim
1316 3009 1368 3061 in
1402 3007 1625 3064 homine
1646 3008 1884 3063 mundus
1915 3007 2160 3062 cernitur
2190 3024 2205 3061 :

614 3106 848 3160 quorum
879 3092 1109 3146 alterum
1136 3095 1230 3163 qui
1264 3095 1493 3150 interior
1520 3104 1604 3152 est
1632 3112 1696 3150 ac
1724 3097 2074 3161 immortalis,
2101 3095 2208 3151 Do-

618 3180 801 3235 minus
838 3182 1062 3251 accipit,
1099 3199 1189 3237 cor
1219 3184 1319 3237 sibi
1351 3186 1611 3247 ablatum,
1643 3186 1856 3251 dicens,
1895 3186 1949 3240 in
1978 3202 2082 3241 uno
2119 3203 2209 3240 or-

621 3284 869 3326 namento
903 3274 1029 3327 cotli
1056 3290 1298 3343 sponsae;
1326 3278 1487 3345 quasi
1525 3279 1818 3348 pellectum
1859 3294 1919 3335 se
1953 3288 2117 3349 atque
2139 3278 2206 3333 ad

2317 2084 2624 2157 μασκοῦσαι
2656 2082 2828 2153 ψυχαὶ
2852 2081 2944 2133 τὸν
2975 2079 3230 2151 αἰσθητὸν
3275 2078 3483 2131 τουτονὶ
3525 2077 3729 2147 κόσμον
3752 2074 3907 2146 ἀμφὶ

2311 2177 2403 2230 τὸν
2430 2174 2700 2247 τράχηλον
2746 2174 2839 2226 τὸν
2886 2171 2991 2238 ἔξω
3031 2172 3129 2243 τῆς
3162 2170 3362 2240 σαρκὸς
3396 2166 3731 2240 περιτιθέασι
3760 2166 3908 2239 πρὸς

2313 2268 2532 2339 ἀπάτην
2580 2266 2690 2319 τῶν
2731 2264 3053 2335 θεωμένων·
3103 2264 3159 2316 αἱ
3210 2262 3267 2315 δὲ
3312 2260 3639 2329 ἀγνεύουσαι
3688 2256 3908 2312 ἔνδοθεν

2313 2360 2550 2433 ἔμπαλιν
2576 2359 2669 2414 τὸν
2701 2358 2904 2430 κόσμον
2930 2357 3271 2425 ὲξάπτονται,
3301 2355 3391 2409 τὸν
3421 2352 3530 2408 ἀπὺ
3559 2352 3670 2406 τῶν
3700 2350 3909 2424 τιμίων

2313 2454 2410 2507 καὶ
2453 2452 2715 2506 ποικίλων
2763 2451 2839 2516 ὠς
2886 2448 3102 2522 ἀληθῶς
3146 2446 3504 2519 συγκείμενον
3552 2443 3714 2498 λίθων
3735 2483 3752 2509 ,
3800 2441 3911 2515 τῆς

2313 2545 2649 2617 ἐλευθερίας,
2678 2544 2777 2615 τῆς
2832 2540 3336 2614 μεγαλοφροσύνης,
3389 2539 3489 2609 τῆς
3542 2536 3755 2607 σοφίας,
3798 2534 3910 2605 τῆς

2312 2636 2535 2708 ἀγάπης
2568 2635 2700 2705 (95)’
2734 2634 2889 2702 ὀλίγα
2928 2631 3285 2704 φροντίσασαι
3332 2631 3440 2684 τῶν
3472 2630 3599 2701 τῇδε
3634 2624 3908 2699 προσκαί-

2317 2746 2426 2802 ρων
2458 2726 2854 2797 ποικιλμάτων,
2884 2723 2920 2778 ἀ
2958 2723 3171 2792 φύλλων
3203 2724 3359 2793 δίκην
3402 2722 3541 2794 πρὸς
3582 2720 3731 2791 ὥραν
3766 2718 3908 2772 θάλε

2314 2822 2475 2876 λοντα
2523 2816 3007 2887 συναφαυαίνονται
3052 2814 3145 2869 τοῦ
3196 2814 3446 2885 σώματος
3489 2815 3611 2876 ταῖς
3649 2811 3908 2883 τροπαῖς.

2313 2912 2549 2975 Διπλοῦς
2572 2910 2680 2983 γὰρ
2729 2912 2759 2963 6
2805 2909 2933 2980 περὶ
2959 2909 3049 2961 τὸν
3074 2906 3358 2978 ἄνθρωπον
3387 2906 3634 2975 φαίνεται
3675 2903 3910 2973 κόσμος,

2315 2998 2391 3079 ὧν
2422 3004 2514 3058 τὸν
2559 3003 2707 3057 ινδον
2747 3004 2775 3056 6
2814 3000 3020 3073 Κύριος
3065 2999 3410 3069 ἀποδέχεται,
3458 2997 3554 3051 τὸν
3602 2996 3911 3079 ἀκήρατον,

2327 3078 2412 3151 τι
2464 3094 2594 3167 μιᾷ,
2626 3095 2821 3167 λέγων,
2855 3091 3175 3163 τραχήλων
3208 3090 3482 3157 eretum
3513 3088 3625 3158 τῆς
3660 3078 3914 3159 νύμφης

2315 3187 2750 3258 κεκαρδιῶσθαι
2767 3205 2781 3219 ·
2813 3188 2998 3250 οἱονεὶ,
3029 3184 3122 3247 τοῦ
3152 3184 3353 3239 ἔσωθεν
3376 3182 3663 3256 ἀνθρώπου
3681 3181 3780 3252 τῆς
3808 3196 3914 3237 κει-

2314 3279 2579 3352 ταστολῆς
2611 3280 2807 3351 αἴγλην
2848 3278 3282 3337 ἀποστίλϐοντος.
3315 3275 3555 3348 ὼρέχθαι
3587 3273 3910 3347 σημαίνων

619 3378 860 3419 amorem
886 3381 1181 3421 accensum
1210 3368 1547 3439 signiﬁcans,
1572 3370 1865 3441 splendore
1889 3371 1957 3425 ab
1983 3371 2207 3425 interio-

2314 3372 2390 3435 ὥς
2422 3389 2525 3424 που
2566 3372 2657 3425 καὶ
2700 3372 2730 3423 6
2758 3368 3045 3441 ψαλμῳδὸς
3075 3371 3365 3441 μαρτυρεῖ,
3399 3366 3594 3431 Πᾶσα,
3629 3366 3835 3435 λέγων,
3868 3364 3915 3437 ἡ

619 3454 699 3510 ris
730 3455 969 3510 hominis
1016 3458 1219 3513 vestitu
1259 3460 1549 3523 emicante,
1596 3460 1673 3514 uti
1708 3468 1768 3515 et
1796 3459 2089 3515 Psalmista
2123 3468 2209 3514 te—

618 3552 819 3610 statur,
848 3548 978 3602 dum
1003 3564 1207 3603 omnem
1228 3552 1455 3620 gloriam
1480 3551 1610 3621 ﬁlia:
1642 3552 1777 3622 regis
1812 3550 1877 3605 ab
1909 3553 2052 3605 intus
2074 3564 2187 3604 esse

620 3638 695 3692 ait
720 3637 789 3693 ⁸⁸.

2314 3462 2465 3528 δόξα
2488 3460 2598 3532 τῆς
2628 3462 2922 3533 θυγατρὸς
2947 3461 3054 3517 τοῦ
3069 3459 3379 3526 ,βασιλέως
3403 3459 3652 3515 ἔσωθεν.

1293 3754 1423 3809 οη).
1454 3754 1544 3831 ill.
1586 3755 1849 3825 Virgines,
1878 3757 2009 3824 ipsa:
2031 3764 2316 3825 martyres,
2356 3754 2495 3808 inter
2515 3752 2717 3809 Christi
2752 3750 2987 3815 sodales,
3021 3750 3235 3820 prima.

692 3858 871 3915 Nolim
893 3876 1024 3916 vero
1042 3862 1315 3934 quispiam
1337 3866 1615 3921 existimet
1638 3868 1939 3937 improbari
1967 3884 2032 3924 ac
2052 3870 2209 3940 rejici

620 3953 782 4007 aliam
830 3954 1233 4011 multitudinem
1282 3957 1641 4022 credentium,
1676 3967 1875 4029 putans
1920 3966 2022 4017 nos
2062 3946 2211 4017 solas

621 4044 859 4114 virgines
883 4046 1253 4101 introductum
1286 4049 1373 4113 iri,
1412 4050 1684 4118 potituras
1708 4051 1867 4107 bonis
1894 4054 2207 4122 promissis,

621 4152 733 4191 non
778 4137 1109 4207 intelligens,
1140 4140 1317 4194 tribus
1359 4157 1579 4212 quoque
1614 4151 1668 4197 et
1700 4146 2081 4214 cognationes,
2117 4161 2210 4200 or-

620 4230 887 4299 dinesque
927 4237 983 4285 et
1027 4232 1233 4287 classes
1282 4231 1519 4297 futuras,
1553 4249 1653 4304 pro
1682 4235 1953 4305 cujusque
1988 4236 2208 4289 illorum

624 4322 747 4376 ﬁdei
774 4323 1001 4377 ratione.
1026 4322 1080 4377 Id
1106 4324 1250 4392 quod
1271 4332 1323 4377 et
1347 4324 1546 4378 Paulus
1570 4324 1839 4394 signiﬁcat
1862 4326 1991 4379 dum
2016 4324 2099 4379 ait
2121 4326 2163 4356 ⁸⁷
2191 4343 2206 4379 :

622 4415 749 4468 Alia
779 4416 1001 4469 claritas
1046 4416 1197 4481 solis,
1229 4416 1343 4468 alia
1380 4417 1603 4470 claritas
1644 4417 1806 4480 lunae,
1839 4416 1953 4470 alia
1982 4418 2208 4471 claritas

624 4506 924 4560 stellarum.
956 4502 1125 4561 Stella
1153 4507 1334 4575 diﬂ'ert
1370 4524 1402 4560 a
1434 4507 1591 4561 stella
1620 4509 1674 4560 in
1705 4507 1955 4561 claritate
1988 4524 2007 4561 :
2047 4505 2123 4561 ita
2160 4518 2209 4563 et

2384 3870 2477 3941 Μὴ
2507 3865 2937 3937 ὑπολαμϐανέτω
2967 3862 3025 3915 δέ
3067 3878 3174 3925 τις,
3222 3858 3611 3931 ἀποκρίνεσθαι
3650 3859 3764 3931 (96)
3815 3862 3916 3918 τὸν

2314 3962 2501 4033 ῑτερον
2532 3958 2717 4031 ὅμιλον
2757 3956 2867 4010 τῶν
2916 3952 3380 4016 πεπιστευκότων,
3416 3951 3574 4019 δόξας
3614 3954 3763 4025 ἡμᾶς
3810 3955 3917 4021 τὰς

2317 4051 2621 4123 παρθένους
2667 4049 2833 4119 μόνας
2874 4042 3212 4115 εἰσηγεῖσθαι
3245 4042 3573 4114 τευξομένας
3603 4062 3700 4117 της
3729 4049 3915 4117 tm.

2317 4143 2501 4213 γελίας
2520 4159 2534 4172 ·
2568 4141 2630 4195 οὐ
2662 4141 2982 4211 συννοήσας,
3016 4140 3099 4192 ὅτι
3129 4138 3224 4191 καὶ
3254 4138 3415 4207 φυλαὶ
3438 4139 3533 4191 καὶ
3561 4139 3790 4208 πατριαὶ
3814 4140 3915 4194 καὶ

2316 4235 2575 4305 τάγματα
2631 4234 2751 4286 κατ’
2780 4230 3072 4299 ἀναλογίαν
3124 4230 3355 4285 ικάστου
3410 4229 3621 4284 ἔσονται
3658 4230 3764 4302 τῆς
3814 4235 3915 4287 αι-

2318 4342 2506 4389 στεως.
2534 4326 2645 4379 Καὶ
2670 4324 2827 4378 τοῦτο
2852 4324 2946 4378 καὶ
2978 4322 3189 4387 Παῦλος
3214 4322 3729 4397 διαγράφει,”Α.ι.ιη
3755 4321 3915 4390 δόξα

2317 4417 2519 4484 ἡλίου,
2554 4414 2651 4468 καὶ
2686 4413 2847 4481 ἄλλη
2876 4413 3027 4478 δόξα
3053 4412 3346 4481 σελήνης,
3392 4412 3586 4483 λέγων,
3616 4413 3712 4466 και
3741 4412 3912 4485 ἄλλη

2317 4508 2468 4573 δόξα
2512 4507 2801 4575 ἀστέρων.
2820 4506 3031 4573 Ἀστὴρ
3067 4506 3178 4575 γὰρ
3224 4504 3479 4573 ἀστέρος
3515 4503 3783 4574 διαφέροι
3838 4505 3916 4561 ἐν

624 4600 940 4653 resurrectio
992 4611 1344 4653 mortuorum.
1399 4600 1464 4655 Et
1516 4598 1781 4653 Dominus
1828 4614 1939 4654 non
1987 4601 2207 4656 eosdem

2318 4601 2466 4669 δόξῃ
2488 4618 2501 4631 ·
2534 4600 2688 4654 οὕτω
2734 4600 2835 4655 και
2862 4602 2900 4669 ἠ
2929 4599 3269 4675 ἀνάστασις
3308 4598 3427 4651 τῶν
3453 4594 3700 4666 νεκρῶν.
3734 4597 3852 4651 Καὶ
3881 4599 3914 4654 6

623 4694 881 4749 omnibus
908 4708 968 4747 se
1008 4694 1244 4749 honores
1292 4694 1548 4749 daturum
1591 4697 1902 4765 proﬁtetur,
1944 4695 2041 4749 sed
2072 4693 2207 4749 alios

2319 4694 2524 4765 Κύριος
2561 4693 2616 4746 δὲ
2647 4692 2707 4745 οὐ
2741 4695 2875 4747 πᾶσι
2894 4690 2993 4754 τὰς
3020 4689 3189 4754 αὑτὰς
3216 4689 3469 4761 ὁμολογεῖ
3486 4687 3687 4741 διδόναι
3708 4688 3909 4757 τιμὰς,

623 4787 886 4842 malorum
907 4804 1071 4859 regno
1103 4797 1447 4856 annumerat,
1478 4792 1598 4845 aliis
1616 4798 1775 4845 terrae
1805 4788 2207 4860 possessionem

2320 4786 2431 4840 ἀλλ’
2452 4786 2658 4857 ἑτέροις
2680 4786 2780 4857 μὲν
2797 4788 2855 4839 ὲν
2872 4783 3119 4856 βασιλείᾳ
3133 4782 3243 4853 (97)
3260 4778 3678 4850 καταριθμεῖται
3696 4778 3806 4834 τῶν
3822 4782 3915 4833 οό-

624 4880 933 4948 pollicetur,
965 4880 1102 4934 alios
1132 4882 1399 4949 promittit
1423 4883 1641 4937 visuros
1680 4882 1897 4936 Patrem
1927 4880 1994 4932 ³⁸.
2028 4879 2207 4945 Quare

2321 4876 2517 4947 ρανῶν,
2536 4876 2715 4939 ἀλλοις
2738 4874 3101 4946 κληρονομίαν
3119 4870 3510 4941 ἐπαγγέλλεται
3534 4869 3635 4941 γῆς
3694 4870 3912 4942 ἑτέροις

623 4979 679 5024 et
713 4970 800 5024 hic
835 4972 1068 5039 primum
1100 4972 1350 5027 ordinem
1387 4982 1441 5028 et
1488 4975 1715 5029 chorum
1761 4980 2208 5041 consecratarum

624 5064 729 5133 ipsi
783 5066 1054 5135 virginum
1107 5066 1161 5119 in
1219 5066 1464 5136 requiem
1534 5082 1798 5121 novorum
1858 5066 2208 5124 saeculorum,

624 5166 882 5227 tanquam
914 5158 969 5211 in
1005 5159 1323 5221 thalamum,
1360 5161 1415 5213 in
1449 5176 1548 5214 suo
1583 5163 1845 5213 comitatu
1882 5173 2069 5213 secum
2121 5158 2207 5209 in-

624 5250 1022 5305 troducendum
1044 5268 1111 5306 ex
1142 5254 1367 5305 oraculo
1398 5254 1614 5321 promit.
1649 5252 1869 5305 Puncta:
1896 5252 2042 5303 enim
2071 5264 2211 5302 mar-

624 5344 768 5415 tyrio
796 5352 946 5407 sunt,
982 5359 1089 5397 non
1125 5345 1191 5397 ad
1232 5346 1394 5399 breve
1420 5345 1681 5414 temporis
1714 5351 2049 5398 momentum
2082 5356 2208 5393 sus-

2312 4968 2539 5037 6ῲεσθαι
2565 4970 2656 5021 τὸν
2687 4968 2930 5039 Πατέρα.
2966 4968 3077 5020 Καὶ
3104 4966 3167 5036 δὴ
3193 4965 3289 5018 καὶ
3314 4960 3548 5015 ἐνταῦθα
3580 4957 3797 5035 πρῶτον
3846 4964 3913 5018 τὸ

2311 5062 2501 5131 τάγμα
2534 5060 2628 5113 καὶ
2656 5059 2746 5111 τὸν
2771 5060 2931 5129 χορὸν
2966 5058 3058 5111 τὸν
3088 5056 3243 5125 ἅγιον
3273 5052 3421 5123 αὑτῷ
3454 5052 3563 5106 τῶν
3590 5052 3908 5125 παρθένων,

2314 5152 2501 5223 ὥσπερ
2538 5155 2618 5215 είς
2645 5151 2931 5222 νυμφῶνα,
2959 5148 3055 5219 τὴν
3082 5149 3387 5201 ἀνάπαυσιν
3416 5145 3523 5198 τῶν
3551 5144 3754 5199 καινῶν
3776 5145 3912 5197 αίὼ-

2314 5263 2419 5297 νων
2501 5241 2911 5312 ἐτρομαρτοῦντα
2990 5234 3491 5291 συνεισελεύσεσθαι
3564 5233 3907 5306 χρησμῳδεῖ.

2326 5334 2746 5406 Ἐμαρτύρησαν
2778 5332 2889 5402 (98)
2918 5331 3047 5400 γὰρ,
3077 5331 3137 5383 οὑ
3161 5328 3302 5382 κατά
3322 5344 3374 5380 τι
3407 5327 3594 5399 μόριον
3619 5325 3817 5397 χρόνον
3847 5328 3910 5379 ιν

732 5440 777 5470 ³⁸
813 5438 968 5495 Psal.
1015 5456 1163 5505 XLIV,
1189 5442 1274 5494 14.
1352 5440 1394 5471 ³⁷
1438 5440 1467 5494 1
1502 5440 1625 5495 Cor.
1660 5457 1750 5505 xv,
1782 5440 1869 5493 41.
1951 5439 1995 5470 ⁸⁸
2036 5434 2229 5490 Matth.
2270 5451 2322 5487 ν.

696 5533 808 5599 (95)
842 5532 1117 5600 Ἀγάπης.
1159 5532 1231 5585 Ita
1263 5534 1434 5587 codex
1452 5532 1573 5587 Vat.
1611 5541 1664 5586 et
1700 5532 2007 5585 Possinius.
2051 5528 2201 5581 Alla-

624 5606 733 5657 tius
768 5620 893 5657 vero
920 5621 1043 5657 cum
1080 5621 1178 5657 IIIS.
1224 5604 1425 5660 Mazar.
1453 5645 1466 5666 ,
1506 5604 1878 5672 σωφροσύνης.
1907 5602 2200 5672 Qousens.

696 5674 807 5741 (9(5)
839 5675 1312 5741 Ἀποκρίνεσθαι.
1350 5674 1441 5727 Sic
1474 5670 1735 5741 All-alius;
1776 5670 1878 5729 ins.
1909 5670 2057 5735 νειμ,
2082 5682 2206 5722 cum

627 5745 892 5804 l‘ossinio,
928 5745 1346 5813 ἀποκρούεσθαι.
1380 5745 1455 5800 In.

697 5814 809 5881 (97)
853 5814 954 5867 Ἐν
992 5807 1277 5879 ,βασιλείᾳ
1336 5816 1785 5881 καταριθμεῖται.
1856 5813 2086 5869 Aliatius
2119 5807 2209 5864 ἐπὶ

2309 5524 2378 5576 τὰ
2430 5522 2695 5592 βασίλεια,
2755 5518 3068 5592 Lectionem
3106 5523 3360 5592 Bostram
3414 5532 3482 5571 ex
3575 5512 3695 5592 vat.
3727 5515 3905 5592 _cod.

2312 5583 2907 5675 expressitpossinius.
2928 5589 3001 5640 In.
3018 5618 3085 5627 -
3104 5586 3265 5642 Forte
3284 5589 3385 5657 leg.
3422 5583 3904 5655 καταριθμεῖσθαι,

2317 5665 3010 5805 ...ίθιθῧηξὲἷιὲρτύρησαη
3069 5728 3237 5794 Quasi
3300 5728 3613 5798 martyrium
3642 5724 3901 5795 (mat.
