4090 6318
606 411 704 468 151

1537 405 1594 461 S.
1641 401 1980 459 METHODII
2020 399 2329 457 EPISCOPI
2369 398 2457 453 ΕΤ
2499 393 2861 453 MARTVRIS

3772 397 3887 471 με

894 553 1025 612 CAP.
1056 552 1119 608 V.
1151 552 1441 625 Sexaginta
1470 552 1688 623 regine,
1721 567 1817 605 cur
1859 550 2159 621 sexaginta,
2187 559 2237 603 et
2266 565 2362 602 cur
2397 549 2610 619 regitur.
2646 544 2818 598 Primi
2844 544 2944 599 avi
2968 550 3267 598 sanctorum
3302 549 3635 614 prwstantia.

679 668 1042 737 Qumreudum
1094 685 1260 741 porro
1319 678 1578 740 praeterea
1640 668 1895 731 videtur,
1957 682 2026 723 ne
2061 665 2194 738 quid
2226 675 2271 730 Α

608 776 712 815 nos
742 761 892 815 dictu
923 761 1300 817 necessarium
1347 759 1553 830 fugiat,
1584 759 1714 829 quid
1756 774 1938 814 causa:
1983 758 2057 814 sit
2094 774 2196 813 cur

610 855 811 925 reginae
838 854 1060 924 quidem
1109 854 1391 924 sexaginta
1441 860 1829 916 numerentur,
1873 851 2197 907 concubinae

606 957 737 997 vero
792 942 1111 1013 octoginta,
1167 942 1592 998 adolescentuke
1651 950 1835 995 autem
1870 950 1977 996 tam
2012 941 2197 995 multae

607 1036 961 1100 inducantur,
996 1044 1057 1090 ut
1086 1050 1275 1091 earum
1321 1051 1585 1092 numerus
1625 1044 1846 1106 propter
1890 1034 2198 1089 multitudi-

606 1145 733 1185 nem
764 1129 894 1184 iniri
942 1137 1213 1199 nequeat;
1267 1144 1469 1200 sponsa
1512 1128 1748 1201 denique
1790 1136 2025 1199 ponatur
2063 1142 2191 1182 una.

607 1219 948 1291 Incipiamus
981 1234 1013 1274 a
1038 1221 1344 1292 sexaginta.
1386 1218 1704 1293 Sexaginta,
1730 1220 1949 1291 opinor,
1979 1220 2196 1291 reginas

607 1310 741 1366 hinc
773 1312 985 1366 vocavit
1006 1327 1101 1367 eos
1128 1312 1223 1382 qui
1270 1312 1339 1366 ab
1375 1312 1587 1368 Adamo
1617 1328 1792 1383 usque
1827 1312 1896 1367 ad
1926 1309 2039 1367 Noe
2062 1326 2196 1366 con-

606 1402 763 1454 tinua
792 1402 1145 1457 successione
1173 1410 1484 1473 temporum
1524 1401 1637 1457 Deo
1672 1404 2026 1473 placuerunt,
2058 1418 2197 1473 quo-

606 1492 757 1546 niam
786 1492 909 1548 aliis
937 1492 994 1547 bi
1026 1496 1309 1564 preceptis
1344 1508 1411 1549 ac
1446 1494 1659 1565 legibus
1692 1493 1758 1548 ad
1797 1495 2030 1549 salutem
2062 1510 2197 1549 con-

607 1582 945 1650 sequendam
974 1597 1115 1653 opus
1139 1598 1251 1639 non
1279 1584 1613 1646 habuerunt.
1643 1583 1946 1639 etiamnum
1975 1592 2197 1639 recente

607 1673 754 1744 apud
789 1688 886 1729 eos
916 1676 1179 1730 memoria
1225 1674 1522 1730 creatiouis
1569 1674 1797 1740 mundi,
1845 1691 1939 1730 sex
2000 1675 2195 1732 diebus

606 1768 836 1822 conditi.
870 1765 1353 1831 Recordabantur,
1390 1766 1635 1836 inquam,
1663 1780 1756 1821 sex
1787 1764 1997 1820 dierum
2022 1766 2196 1834 Spatio

592 1874 792 1915 rerum
827 1860 973 1913 hanc
1007 1856 1419 1913 universitatem
1452 1872 1483 1910 a
1509 1855 1620 1911 Deo
1644 1856 1819 1912 fuisse
1844 1855 2191 1921 fabricatam,

605 1966 908 2021 eorumque
929 1965 1051 2020 qua:
1074 1951 1129 2005 in
1160 1937 1420 2019 paradiso
1449 1949 1795 2019 contigerant
1829 1949 2053 2004 inﬁxam
2077 1964 2195 2005 sen-

607 2046 761 2099 sibus
812 2044 1101 2098 historiam
1154 2041 1428 2095 habebant
1484 2060 1495 2095 :

609 2137 774 2189 homo
802 2142 1029 2205 accepto
1059 2132 1318 2190 mandato
1344 2149 1452 2187 non
1470 2132 1756 2204 tangendze
1782 2132 2195 2188 arborisiscien-

608 2224 717 2288 tiae,
748 2225 1084 2294 impegisset,
1105 2223 1299 2278 fraude
1321 2222 1581 2277 inductus
1605 2222 1850 2277 auctoris
1880 2222 2105 2276 malitia:
2122 2221 2188 2275 δι.

605 2316 745 2372 Hinc
774 2333 866 2372 eas
889 2317 1101 2372 animas
1129 2332 1251 2388 quae
1289 2317 1473 2372 statim
1510 2330 1540 2369 a
1572 2314 1777 2369 mundo
1804 2315 2025 2369 condito
2056 2330 2193 2369 con-

602 2412 757 2465 tinua
789 2411 1145 2467 successione
1171 2408 1339 2463 Deum
1374 2407 1478 2463 sibi
1508 2408 1803 2461 amandum
1834 2406 2188 2477 delegerunt,

603 2502 870 2568 ferme,ut
894 2504 975 2557 sic
998 2502 1202 2567 dicam,
1241 2501 1400 2571 primi
1432 2499 1621 2554 saeculi
1645 2500 1881 2566 soboles,
1907 2508 1961 2555 et
1981 2499 2193 2554 vicinas

603 2596 788 2666 magni
821 2595 1027 2650 senarii
1050 2593 1286 2655 dierum,
1316 2593 1603 2663 sexaginta
1641 2592 1863 2663 reginas
1890 2592 2193 2665 symbolice

601 2696 786 2752 vocat,
811 2687 963 2758 quia,
996 2693 1056 2740 ut
1086 2686 1357 2750 dicebam,
1394 2700 1425 2740 a
1450 2700 1644 2742 senum
1673 2685 1887 2739 dierum
1911 2686 2193 2741 creatione

602 2778 793 2835 statim
824 2779 1179 2833 exstiterunt.
1224 2776 1423 2847 Magno
1467 2778 1669 2848 quippe
1722 2776 1928 2831 honore
1966 2776 2191 2847 praecel-

603 2872 848 2937 luerunt,
889 2869 1144 2924 familiari
1167 2869 1483 2939 angelorum
1518 2869 1757 2939 dignata:
1778 2868 2052 2937 colloquio
2075 2908 2092 2935 ,
2125 2883 2191 2922 ac

601 2976 725 3032 qua:
755 2959 923 3015 Deum
956 2962 1157 3032 palam,
1205 2977 1315 3015 non
1353 2976 1451 3031 per
1506 2962 1821 3026 somnium,
1879 2976 2022 3031 saepe
2078 2960 2190 3016 sint

601 3054 886 3108 contuitte.
914 3052 1275 3109 Considerate
1301 3056 1446 3109 cnim
1464 3063 1672 3123 quanta
1706 3053 1875 3109 Selho
1906 3054 2191 3109 familiari-

602 3158 687 3202 tas
727 3162 850 3201 cum
880 3144 993 3200 Deo
1024 3144 1332 3210 exstiterit,
1368 3153 1572 3214 quanta
1606 3160 1729 3200 cum
1758 3146 1948 3212 Abele,
1984 3153 2190 3217 quanta

598 3254 725 3293 eum
760 3238 963 3302 Enoso,
989 3244 1195 3306 quanta
1228 3251 1354 3291 cum
1387 3235 1613 3291 Enocho
1635 3277 1650 3302 ,
1681 3247 1884 3307 quanta
1925 3255 2051 3294 cum
2076 3238 2191 3293 Ma-

600 3329 842 3395 thusala,
875 3336 1081 3399 quanta
1111 3343 1238 3382 cum
1275 3328 1481 3384 Noemo
1507 3330 1883 3385 necessitudo.
1925 3328 2094 3384 Primi
2131 3330 2185 3384 hi

2382 661 2793 734 Ἐπαπορητέον
2810 660 2867 714 δὲ
2891 660 3159 715 καὶτοῦτο
3187 660 3323 733 πρὸς
3343 660 3573 727 τούτοις,
3598 663 3687 715 ἵνα
3718 663 3885 735 μηδὲν

2296 759 2444 830 ἡμᾶς
2493 756 2602 811 τῶν
2650 753 2964 825 ἀναγκαίων
3010 754 3308 826 ἀποδράναι
3337 753 3569 825 δυνηθῇ,
3602 755 3657 808 τί
3687 756 3885 827 δήποτε

2296 852 2395 914 τὰς
2429 850 2528 921 μὲν
2576 846 2894 918 βασιλίσσας
2926 844 3188 916 ἐξήκοντα
3214 844 3338 917 ἔφη,
3376 844 3474 908 τὰς
3504 845 3561 897 δὲ
3605 846 3886 911 παλλακὰς

2295 944 2657 1014 ὀγδοήκοντα’
2702 941 2802 1004 τὰς
2847 939 2904 992 δὲ
2951 937 3198 1001 νεάνιδας
3237 937 3543 1002 τοσαύτας,
3579 939 3701 995 ὅσον
3748 938 3889 1010 μηδὲ

2296 1033 2646 1105 ἀριθμεῖσθαι
2677 1031 2766 1085 διὰ
2812 1031 2910 1102 τὴν
2954 1028 3197 1101 πληθύν³
3232 1030 3331 1101 τὴν
3366 1028 3423 1081 δὲ
3465 1028 3683 1101 νύμφην
3732 1031 3884 1101 μίαν.

2296 1127 2409 1180 Καὶ
2436 1124 2649 1196 πρῶτον
2693 1124 2792 1194 μὲν
2826 1121 2955 1195 περὶ
2996 1120 3104 1176 τῶν
3137 1122 3402 1192 ἐξήκοντα
3440 1121 3677 1176 λεκτέον.
3732 1121 3890 1191 Ἐξή-

2296 1235 2463 1272 κοντα
2490 1214 2807 1287 βασιλίσσας
2850 1213 3103 1267 ἐντεῦθεν
3126 1254 3140 1277 ,
3171 1213 3247 1276 ὡς
3284 1209 3437 1283 οἶμαι
3479 1211 3574 1283 δή,
3602 1213 3728 1277 τοὺς
3774 1214 3889 1268 ἀπὸ

2296 1307 2389 1361 τοῦ
2415 1306 2844 1376 πρωτοπλὰστου
2875 1305 3036 1377 μέχρι
3064 1303 3187 1356 Νῶε
3230 1304 3370 1358 κατὰ
3412 1302 3659 1375 διαδοχὴν
3690 1305 3888 1377 εὐαρε-

2299 1401 2604 1473 στήσαντας
2630 1400 2859 1455 ἐκάλεσε
2892 1397 2971 1469 τῷ
2994 1396 3142 1467 eap-
3171 1396 3467 1468 ἐπειδήπερ
3493 1390 3636 1451 οὗτοι
3670 1414 3889 1470 παραγ-

2296 1495 2583 1567 γελμάτων
2620 1494 2716 1547 καὶ
2763 1492 2981 1564 Θεσμῶν
3026 1492 3106 1555 εἱς
3148 1490 3211 1543 τὸ
3264 1489 3504 1561 σωθῆναι
3547 1490 3738 1563 χρείαν
3782 1494 3889 1547 οὐκ

2295 1589 2615 1658 ἐσχήκασιν,
2641 1585 2730 1638 ’ἔτι
2778 1586 3093 1657 προσφάτου
3133 1584 3233 1656 τῆς
3270 1581 3413 1636 κατὰ
3444 1582 3542 1653 τὴν
3583 1581 3890 1655 ἑξαήμερον

2295 1674 2463 1747 οὔσης
2494 1677 2679 1738 αὐτοῖς
2706 1674 2798 1728 τοῦ
2826 1674 3032 1746 κόσμου
3058 1675 3387 1736 συστάσεως.
3420 1671 3755 1743 Ἐμέμνηντο
3774 1671 3889 1743 γὰρ

2297 1763 2460 1833 οὗτοι,
2483 1768 2558 1832 ὼς
2580 1769 2637 1821 ὲν
2662 1768 2719 1834 ἐξ
2749 1768 2984 1840 ἡμέραις
3006 1770 3034 1821 ὁ
3059 1765 3192 1831 Θεὸς
3212 1766 3538 1836 ἐτεκτήνατο
3561 1765 3660 1838 τὴν
3684 1764 3885 1829 κτίσιν,

2294 1862 2363 1916 τά
2394 1878 2453 1915 τε
2479 1863 2538 1914 ὲν
2565 1860 2643 1931 τῷ
2677 1860 2992 1932 παραδείσῳ
3013 1858 3307 1928 γεγονότα·
3334 1857 3429 1912 καὶ
3461 1856 3579 1921 πῶς
3611 1860 3640 1911 6
3671 1856 3886 1929 ἄνθρω-

2296 1971 2419 2018 πος,
2454 1952 2674 2025 ἐντολὴν
2708 1952 2848 2022 ἔχων
2882 1951 2955 2022 μή
2994 1949 3233 2023 ἅψασθαι
3270 1949 3367 2003 τοῦ
3402 1948 3571 2017 φυτοῦ
3614 1950 3714 2021 τῆς
3752 1966 3889 2021 φρο-

1574 2056 1685 2111 qua
1733 2054 1929 2109 nempe
1981 2043 2190 2095 ratione

2295 2048 2505 2118 νήσεως
2527 2045 2656 2114 (99),
2688 2044 2993 2109 ἐξώκειλεν,
3036 2042 3579 2113 ἀποδουκολήσαντος
3602 2042 3765 2096 αὐτὸν
3786 2040 3885 2096 τοῦ

2294 2139 2393 2209 τῆς
2440 2138 2641 2205 κακίας
2701 2135 2976 2205 σοφιστοῦ.
3038 2133 3317 2189 Ἐντεῦθεν
3363 2133 3427 2204 δὴ
3467 2132 3569 2198 τὰς
3627 2134 3736 2187 ἀπὸ
3782 2135 3887 2203 τῆς

2297 2230 2609 2294 συστάσεως
2658 2228 2862 2290 εὐθέως
2906 2226 3000 2280 τοῦ
3052 2226 3259 2298 κόσμου
3302 2226 3443 2280 κατὰ
3494 2226 3746 2299 διαδοχὴν
3790 2227 3888 2281 τὸν

2292 2323 2425 2378 Θεὸν
2461 2323 2644 2377 ποθεῖν
2694 2320 2955 2392 ἑλομένοις
3006 2318 3186 2391 ψυχὰς
3212 2362 3227 2387 ,
3272 2321 3366 2374 καὶ
3425 2319 3631 2390 σχεδὸν,
3678 2322 3728 2373 εί
3773 2320 3884 2394 χρὴ

2294 2418 2481 2486 φάναι,
2502 2415 2593 2469 τοῦ
2622 2414 2839 2486 πρώτου
2864 2413 3059 2476 αἰῶνος
3079 2412 3245 2477 οὔσας
3270 2412 3489 2481 ἔκγονα,
3513 2411 3609 2467 καὶ
3634 2412 3888 2482 γείτονας

2291 2509 2393 2577 τῆς
2441 2508 2682 2580 μεγάλης
2722 2505 3061 2578 ὲξαημέρου,
3109 2504 3374 2576 ἑξήκοντα
3417 2504 3733 2577 βασιλίσσας
3775 2502 3885 2575 ἔφη

2294 2596 2656 2667 συμϐολικῶς,
2687 2596 2776 2649 διὰ.
2806 2596 2867 2648 τὸ
2899 2595 3037 2666 μετὰ
3073 2598 3171 2669 τὴν
3203 2595 3507 2668 ὲξαήμερον
3540 2594 3764 2659 εὐθέως,
3797 2594 3885 2658 ὼς

2292 2688 2449 2759 ἔφην,
2484 2687 2789 2756 γεγονέναι.
2829 2688 3090 2758 Μεγάλην
3135 2688 3245 2760 γὰρ
3274 2688 3572 2759 ἐσχήκασιν
3608 2678 3757 2739 οὗτοι
3798 2701 3887 2738 τι-

2295 2781 2423 2851 μήν,
2472 2779 2723 2847 ἀγγέλοις
2766 2779 3377 2850 συνομιλήσαντεςπκαὶ
3406 2779 3498 2832 τὸν
3529 2777 3662 2831 Θεὸν
3708 2776 3883 2849 ῦπαρ,

2292 2874 2394 2926 οὐκ
2426 2871 2559 2944 ὅναρ
2581 2913 2595 2936 ,
2647 2871 2907 2935 πολλάκις
2945 2871 3289 2941 θεασάμενοι.
3342 2869 3738 2938 Ἐπισκέψασθε
3771 2870 3888 2941 γὰρ

2291 2966 2422 3037 ὅσην
2448 2964 2574 3035 ἔσχε
2608 2964 2921 3036 παρρησίαν
2954 2965 2982 3015 6
3032 2962 3137 3032 Σὴθ
3176 2962 3312 3033 πρὸς
3355 2961 3446 3015 τὸν
3494 2961 3646 3025 Θεὸν,
3678 2961 3814 3032 ὅσην
3854 2963 3887 3015 6

2294 3055 2462 3110 ’Δὸελ
2483 3057 2580 3127 (1),
2620 3056 2753 3127 ὅσην
2787 3057 2816 3110 6
2856 3053 3044 3120 Ἐνὼς,
3079 3055 3212 3125 ὅσην
3241 3054 3269 3106 6
3315 3052 3507 3124 Ἑνὼχ,
3541 3052 3673 3125 ὅσην
3703 3054 3732 3107 6
3760 3054 3887 3108 Ma-

2291 3148 2547 3213 θουσάλα,
2583 3148 2715 3219 ὅσην
2743 3148 2772 3201 6
2808 3147 2953 3212 Νῶε,
2985 3144 3191 3218 πρῶτοι
3217 3145 3565 3216 δικαιοσύνης
3594 3146 3886 3214 γεγονότες

2290 3243 2539 3316 ἐρασταὶ,
2566 3242 2662 3295 καὶ
2688 3242 2894 3313 πρῶτοι
2917 3240 3025 3294 τῶν
3058 3240 3420 3312 πρωτοτόκων
3443 3239 3648 3293 τέκνων
3677 3239 3888 3308 ἀπογε-

2291 3336 2632 3410 γραμμένων
2667 3337 2723 3389 ὲν
2764 3336 3033 3407 οὐρανοῖς,
3069 3336 3169 3408 τῆς
3202 3334 3481 3407 βασιλείας
3510 3332 3887 3400 καταξιωθέν-

599 3429 875 3478 amatores
904 3421 1164 3491 iustitiae,
1210 3420 1480 3491 primique
1514 3421 1657 3476 inter
1686 3422 2077 3492 primogenitos
2120 3423 2182 3476 li-

2292 3405 2603 3498 τες,ι’ὅσπερ
2620 3405 2843 3498 ἁπαρχή
2869 3444 2955 3492 τις
2980 3428 3087 3481 τῶν
3113 3405 3473 3499 (ρυτευμάτων
3498 3426 3579 3490 εἰς
3603 3427 3885 3498 σωτηρίαν

601 3516 762 3571 beros
799 3515 893 3587 qui
923 3515 1225 3585 conscripti
1260 3523 1385 3569 sunt
1428 3514 1483 3567 in
1516 3516 1676 3570 cmlis
1713 3508 2054 3585 ",‘regnum
2096 3530 2187 3569 as-
2214 3575 2232 3592 ,

601 3598 811 3667 secuti,
843 3621 946 3662 ceu
989 3605 1245 3676 primitiae
1284 3607 1532 3674 quzedam
1564 3605 1963 3676 plantationum
2011 3604 2066 3658 in
2095 3620 2186 3660 sa-

598 3698 791 3763 lutem,
830 3711 895 3751 ac
918 3696 1015 3766 qui
1043 3694 1153 3751 Deo
1177 3710 1390 3766 praecox
1436 3694 1650 3751 fructus
1692 3693 2065 3766 provenerint.
2106 3694 2186 3750 Ac

599 3787 669 3843 de
701 3788 790 3844 bis
821 3788 1044 3859 quidem
1075 3788 1233 3842 satis.

2294 3519 2544 3592 πρώῖμος
2589 3518 2668 3590 τῷ
2712 3518 2831 3590 Θεῷ
2864 3518 3265 3592 βλαστήσαντες
3315 3519 3547 3592 καρπός.
3588 3518 3701 3573 Καὶ
3747 3520 3882 3592 περὶ

2295 3612 2396 3683 μὲν
2423 3611 2628 3666 τούτων
2653 3611 2963 3694 αὐτάρκως.

1050 3904 1182 3962 CAP.
1223 3905 1313 3963 VI.
1349 3904 1635 3977 Octoginta
1657 3908 1987 3974 concubinae,-
2021 3922 2137 3977 qua:
2161 3907 2187 3961 1'
2218 3901 2408 3958 Facta:
2430 3901 2700 3973 prophetis
2736 3899 3135 3955 Incarnationis
3159 3900 3419 3955 notiones.

668 4023 749 4080 De
773 4022 1099 4079 concubinis
1128 4030 1303 4080 restat
1348 4023 1553 4079 dicere.
1592 4024 1751 4094 Apud
1796 4040 1893 4081 eos
1925 4024 2017 4095 qui
2059 4030 2185 4095 post

598 4117 873 4176 diluvium
922 4116 1181 4185 fuerunt,
1213 4118 1305 4172 illa
1332 4118 1447 4189 jam
1494 4117 1591 4174 Dei
1636 4118 1876 4189 cognitio
1921 4117 2185 4172 remotior

600 4212 769 4278 facta,
796 4226 935 4280 pene
966 4211 1310 4278 exoleverat;
1349 4209 1569 4283 aliaque
1614 4211 1695 4265 eis
1742 4226 1881 4281 opus
1927 4209 2180 4264 doctrina

596 4309 717 4355 erat
745 4317 869 4372 qua:
896 4299 1159 4356 adversus
1187 4307 1539 4355 enascentem
1574 4314 1639 4354 ac
1658 4298 1772 4368 jam
1797 4314 2019 4370 serpere
2044 4300 2187 4354 inci-

598 4393 837 4465 pientem
872 4390 1237 4446 idololatriam
1279 4392 1604 4449 mortalibus
1634 4391 1891 4463 praesidio
1932 4406 1998 4447 ac
2031 4391 2187 4447 auxi-

635 4547 683 4578 ’⁵⁸
723 4546 853 4601 Gen.
888 4561 973 4611 ιιι,
1002 4546 1057 4599 '5.
1132 4546 1178 4578 “
1222 4544 1386 4600 Hebr.
1413 4547 1633 4613 xu,23.

2361 4020 2500 4091 Περὶ
2545 4020 2602 4073 δὲ
2646 4019 2757 4072 τῶν
2802 4018 3095 4074 παλλακῶν
3139 4017 3302 4074 πάλιν
3346 4015 3588 4070 λεκτέον.
3621 4018 3747 4083 Τοῖς
3786 4036 3887 4092 με-

2287 4114 2360 4169 τὰ
2389 4114 2479 4168 τὸν
2513 4112 2898 4184 κατακλυσμὸν
2948 4112 3215 4185 ἁπω·.ἐρω
3260 4109 3333 4181 (2)
3381 4109 3565 4164 λοιπὸν
3603 4112 3637 4183 ή
3677 4111 3886 4181 γνῶσις

2285 4203 2357 4279 ἦν
2388 4204 2482 4259 τοῦ
2512 4204 2646 4258 Θεοῦ
2666 4222 2681 4236 ο
2722 4206 2819 4259 καὶ
2841 4205 3072 4277 ἔχρῃζον
3094 4203 3289 4275 ἐτέρας
3321 4201 3564 4272 Maxime
3600 4204 3886 4277 ἑρπούσης

2290 4300 2392 4372 ήδη
2422 4297 2524 4367 τῆς
2555 4297 3022 4370 εἰδωλολατρείας,
3066 4297 3187 4366 ήτις
3219 4295 3404 4358 αὐτοῖς
3437 4290 3593 4360 αὖθις
3621 4296 3883 4365 ἀλεξίκα-

2290 4409 2386 4456 κος
2416 4390 2593 4444 ἔσοιτο
2630 4393 2724 4446 καὶ
2759 4389 2983 4463 βοηθός.
3027 4388 3086 4442 '0
3110 4384 3203 4442 οὖν
3245 4386 3401 4454 Θεὸς,
3439 4387 3527 4443 ἵνα
3575 4387 3653 4460 μὴ
3697 4390 3885 4463 πάντη

679 4663 792 4745 (9_9)
939 4663 1233 4747 λᾶψᾳσραι
1260 4665 1368 4747 toi?
1422 4665 1775 4747 yvtodntﬁg
1816 4664 2185 4747 φροτςήσεως.

2296 4664 2636 4747 insipienti?)
2673 4682 2848 4747 quam.
2874 4667 3208 4747 φρονήσεως,
3241 4667 3553 4747 prudentite.
3587 4667 3699 4747 Leo
3731 4669 3887 4747 Alla-

599 4734 695 4789 lta'
717 4736 903 4805 junxit
936 4734 1221 4805 Possinius
1249 4751 1312 4789 ac
1353 4734 1489 4791 bene
1516 4738 1771 4798 reddidit,
1803 4734 2056 4790 mandato
2094 4753 2186 4789 ac-

600 4802 746 4873 cepto
792 4822 897 4859 non
930 4802 1203 4876 tangenda:
1246 4807 1452 4860 arboris
1493 4808 1756 4870 scientias;
1790 4808 1949 4875 cujus
1982 4823 2185 4876 praeva—

600 4876 870 4931 ricatione
908 4878 990 4930 sic
1030 4874 1305 4940 ἐξώκειλε,
1352 4879 1595 4947 impegit;
1638 4893 1736 4932 nec
1765 4874 1904 4947 opas
1933 4874 2059 4931 etim
2090 4877 2185 4930 illo

603 4947 883 5017 supplere,
909 4947 962 5000 in
993 4935 1214 4999 exitium
1258 4935 1439 5001 miser;
1468 4935 1729 5017 Sic'enim
1756 4935 1935 5002 Latini
1964 4962 2028 5002 ea
2052 4963 2185 5003 voce

605 5015 855 5072 absolute
891 5018 1225 5088 signiﬁcant,
1267 5018 1414 5087 quod
1450 5015 1625 5072 Graeci
1660 5019 1752 5072 illa
1792 5020 1983 5081 altera,
2015 5028 2187 5071 meta-

606 5090 779 5156 phora
806 5088 973 5142 ducta
1039 5104 1069 5141 a
1103 5088 1360 5151 navibus,
1391 5103 1513 5158 qua:
1544 5090 1625 5143 sic
1668 5090 1722 5142 in
1754 5096 1943 5142 cautes
1976 5094 2030 5143 et
2060 5088 2188 5142 bre-

602 5158 690 5209 via
714 5171 778 5210 ac
802 5161 920 5211 loca
948 5174 1143 5230 aspera
1177 5160 1478 5229 impingere
1501 5160 1759 5213 dicuntur
1782 5170 1836 5214 et
1856 5158 2028 5230 allidi,
2054 5158 2186 5230 dum

607 5234 826 5301 portum
891 5228 1177 5301 tutamque
1234 5228 1529 5301 stationem
1601 5233 1864 5301 cogitant.
1940 5228 2177 5301 Hesycb.

604 5296 831 5378 ἐξέπεσε
868 5296 1104 5369 exponit
1138 5320 1152 5355 :
1190 5300 1287 5355 sed
1311 5302 1426 5378 ipsa
1467 5296 1748 5378 exponens
1794 5316 1925 5378 vox_.
1979 5296 2183 5354 obscu-

603 5372 718 5421 rior
744 5382 810 5442 eo
838 5383 1003 5442 sensu
1031 5386 1164 5442 voce
1185 5374 1458 5442 exposita,
1486 5385 1551 5425 ac
1584 5372 2001 5441 iul'requentior,
2038 5380 2095 5424 ut
2123 5378 2179 5425 et

604 5453 756 5514 quas
777 5435 977 5493 Suidas
1007 5440 1227 5514 adhibet
1248 5435 1273 5505 ,’
1294 5443 1389 5512 qui
1418 5450 1472 5497 et
1502 5442 1618 5511 ipse
1640 5435 1759 5497 ἀπὸ
1772 5442 1918 5514 νηός,
1956 5442 2020 5495 de
2046 5458 2181 5514 nave

602 5509 711 5582 dici
745 5508 888 5582 hanc
904 5524 1107 5582 _vocem
1138 5508 1363 5567 adnotat
1390 5532 1404 5568 :
1442 5508 1544 5567 nec
1567 5530 1706 5582 opus
1739 5508 1909 5567 altera
1935 5512 2173 5582 explica-

604 5581 752 5634 tione
782 5577 875 5653 Fr.
902 5576 1098 5653 Portae.
1130 5582 1393 5653 Φρόνησις
1423 5598 1556 5653 ergo
1582 5576 1703 5637 ἆντὶ
1736 5583 1834 5653 τῆς
1866 5576 2180 5653 ἐπιστήμης

604 5657 711 5710 εει.
758 5649 875 5726 sive
919 5648 1194 5726 γνιὶξσεῳςζ
1239 5648 1340 5726 pro
1386 5648 1747 5726 intelligentia
1793 5648 1867 5707 ‘ac
1918 5648 2171 5716 scicntia,

604 5719 879 5800 quomodo
898 5721 1064 5776 vertit
1084 5719 1277 5800 Cicero
1302 5719 1830 5800 docetque'Budaaus
1850 5738 1993 5794 saepe
2018 5740 2182 5800 usur-

535 5812 549 5814 ν
609 5795 757 5866 pari;
793 5806 902 5866 non
938 5808 1034 5866 pro
1069 5795 1379 5866 prudentia,
1414 5811 1537 5866 quae
1560 5797 1735 5866 virtus
1766 5806 1871 5857 est,
1903 5796 2182 5864 quomodo

605 5861 788 5929 potius
818 5860 1130 5936 ἀφροσύνης
1165 5865 1329 5921 arbor
1370 5860 1601 5924 dicenda
1628 5865 1904 5924 videretur
1924 5860 2182 5936 '(summat

2297 4739 2407 4793 tius
2436 4737 2497 4790 τὸ
2527 4737 2638 4803 τῆς
2661 4737 3009 4805 φρονήσεως
3026 4737 3207 4809 jungit
3239 4737 3405 4795 Verbo
3436 4737 3712 4805 ἐξώκειλε,
3753 4743 3884 4797 red-

2291 4809 2500 4879 ditque,
2546 4821 2698 4862 extra
2734 4820 2956 4863 mentem
3000 4809 3090 4862 ille
3129 4811 3417 4879 delapsus;
3448 4813 3739 4879 attendens
3767 4813 3884 4866 sci-

2288 4878 2417 4933 licet
2435 4880 2830 4949 expositionem
2854 4879 2949 4932 τοῦ
2964 4879 3240 4943 ἐξέπεσε,
3255 4877 3610 4949 ἐξωλίσθησε.
3638 4881 3743 4937 Sed
3767 4899 3883 4938 non

2292 4951 2509 5023 videtur
2534 4951 2649 5023 haec
2678 4950 3147 5023 visrmetaphorae,
3176 4953 3334 5023 quasi
3366 4951 3577 5023 scilicet
3614 4968 3683 5007 ex
3716 4965 3885 5023 portu

2291 5020 2471 5073 delabi
2521 5020 2675 5075 navis
2722 5021 2972 5085 dicatur,
3025 5030 3082 5074 et
3134 5020 3240 5075 hoc
3288 5021 3361 5075 sit
3404 5020 3733 5087 ἐξοκέλλειν,
3765 5040 3882 5080 non

2290 5093 2410 5165 ejus
2445 5091 2942 5165 aberratione,__it_a
3008 5097 3073 5165 ut
3122 5088 3330 5165 dictum
3395 5101 3519 5157 est,
3573 5093 3886 5165 impingere

2288 5161 2577 5231 frangique
2601 5170 2765 5231 atque
2793 5162 2945 5214 allidi
2971 5160 3039 5231 ad
3063 5160 3245 5215 brevia
3267 5168 3321 5216 et
3342 5170 3551 5219 cautes.
3574 5160 3885 5223 Coinn'rts.

2358 5230 2433 5300 (1}
2471 5230 2721 5299 Ὅσηνῦ
2750 5234 2941 5286 Ἅϐελ.
2971 5230 3097 5285 Haec
3121 5232 3445 5288 exciderunt
3466 5249 3531 5289 ex
3554 5233 3704 5289 edito
3719 5235 3888 5291 Com-

2283 5302 2570 5363 betisiano,
2595 5319 2716 5373 quae
2740 5313 2923 5357 tamen
2948 5301 3211 5373 exhibent
3238 5302 3472 5360 Allatius
3495 5314 3550 5360 et
3566 5304 3886 5367 Possinius.

2283 5373 2440 5449 apud
2485 5372 2746 5449 Allatium
2795 5372 3044 5427 vicissim
3098 5372 3206 5449 ista
3236 5380 3623 5449 emittuntur,
3665 5377 3802 5449 691w
3851 5378 3888 5433 ὁ

2298 5442 2483 5507 Ἐνώς,
2516 5461 2638 5514 quae
2676 5446 2936 5514 leguntur
2980 5457 3047 5497 ex
3077 5443 3203 5497 cod.
3236 5441 3357 5500 Vat.
3397 5447 3456 5503 in
3494 5446 3661 5503 editis
3692 5441 3885 5504 Possi-

2287 5515 2362 5567 nii
2393 5526 2447 5567 et
2480 5513 2821 5569 coinbeﬁsii.
2850 5513 3022 5568 GALL.

2357 5584 2430 5654 (ἓ)
2484 5585 2801 5653 Ἀπωτέρω.
2868 5585 2960 5638 Sic
3002 5581 3259 5643 Allatius.
3305 5586 3591 5643 Possinius
3636 5602 3769 5642 vero
3809 5604 3884 5646 ex

2282 5657 2405 5709 cod.
2450 5654 2571 5709 Vat.
2613 5656 2985 5727 ἀνωτέρω.....
3040 5654 3219 5727 Atque
3264 5660 3403 5713 hanc
3436 5656 3555 5712 Vat.
3583 5658 3882 5715 lectiottem

2288 5728 2528 5797 retinere
2601 5724 2804 5782 maluit
2856 5724 3418 5797 editorfLupareus.
3490 5730 3708 5783 etiamsi
3765 5744 3885 5786 ms.

2288 5794 2495 5922 alantur.
2527 5804 2583 5852 et
2620 5807 2875 5869 excerpta
2917 5794 3201 5854 Photiana'
3220 5799 3487 5871 ἀπωτέρω
3528 5798 3877 5874 praeferrent.

2370 5883 2578 5922 IBLFIS.

2335 5881 2578 5924 δυβιαε.
