  <div class='ocr_page' id='page_1' title='image "/cluster/home/n/w/nwhite01/storage/ocr_20150623/18/pst.000005712038/075.png"; bbox 0 0 4090 6318; ppageno 0'>
   <div class='ocr_carea' id='block_1_1' title="bbox 671 363 776 423">
    <p class='ocr_par' dir='ltr' id='par_1_1' title="bbox 671 363 776 423">
     <span class='ocr_line' id='line_1_1' title="bbox 671 363 776 423; baseline 0.029 -3"><span class='ocrx_word' id='word_1_1' title='bbox 671 363 776 423; x_wconf 69' lang='grc'><strong>135</strong></span> 
     </span>
    </p>
   </div>
   <div class='ocr_carea' id='block_1_2' title="bbox 1554 352 2879 416">
    <p class='ocr_par' dir='ltr' id='par_1_2' title="bbox 1554 352 2879 416">
     <span class='ocr_line' id='line_1_2' title="bbox 1554 352 2879 416; baseline -0.005 -1"><span class='ocrx_word' id='word_1_2' title='bbox 1554 358 1613 415; x_wconf 86' lang='lat' dir='ltr'><strong>S.</strong></span> <span class='ocrx_word' id='word_1_3' title='bbox 1658 358 1989 416; x_wconf 69' lang='grc' dir='ltr'>ΜΕΤΗοοη</span> <span class='ocrx_word' id='word_1_4' title='bbox 2030 356 2342 415; x_wconf 79' lang='lat' dir='ltr'><strong>EPISCOPI</strong></span> <span class='ocrx_word' id='word_1_5' title='bbox 2383 354 2474 411; x_wconf 81' lang='grc' dir='ltr'><strong>ΕΤ</strong></span> <span class='ocrx_word' id='word_1_6' title='bbox 2514 352 2879 409; x_wconf 70' lang='lat' dir='ltr'><strong>HARTYRIS</strong></span> 
     </span>
    </p>
   </div>
   <div class='ocr_carea' id='block_1_3' title="bbox 1419 491 3170 562">
    <p class='ocr_par' dir='ltr' id='par_1_3' title="bbox 1419 491 3170 562">
     <span class='ocr_line' id='line_1_3' title="bbox 1419 491 3170 562; baseline -0.002 -12"><span class='ocrx_word' id='word_1_7' title='bbox 1419 494 1551 551; x_wconf 70' lang='lat' dir='ltr'><strong>Car.</strong></span> <span class='ocrx_word' id='word_1_8' title='bbox 1586 494 1721 552; x_wconf 76' lang='lat' dir='ltr'><strong>Vill.</strong></span> <span class='ocrx_word' id='word_1_9' title='bbox 1754 495 1956 553; x_wconf 75' lang='lat' dir='ltr'><strong>Christi</strong></span> <span class='ocrx_word' id='word_1_10' title='bbox 1992 507 2182 552; x_wconf 75' lang='lat' dir='ltr'><strong>natura</strong></span> <span class='ocrx_word' id='word_1_11' title='bbox 2215 498 2471 558; x_wconf 72' lang='lat' dir='ltr'><strong>humana,</strong></span> <span class='ocrx_word' id='word_1_12' title='bbox 2499 510 2608 549; x_wconf 73' lang='lat' dir='ltr'><strong>una</strong></span> <span class='ocrx_word' id='word_1_13' title='bbox 2636 493 2734 547; x_wconf 83' lang='lat' dir='ltr'><strong>illa</strong></span> <span class='ocrx_word' id='word_1_14' title='bbox 2762 494 2877 562; x_wconf 73' lang='lat' dir='ltr'><strong>ejus</strong></span> <span class='ocrx_word' id='word_1_15' title='bbox 2907 491 3170 546; x_wconf 71' lang='lat' dir='ltr'><strong>columba.</strong></span> 
     </span>
    </p>
   </div>
   <div class='ocr_carea' id='block_1_4' title="bbox 736 602 2266 685">
    <p class='ocr_par' dir='ltr' id='par_1_4' title="bbox 736 614 2251 685">
     <span class='ocr_line' id='line_1_4' title="bbox 736 614 2251 685; baseline -0.003 -13"><span class='ocrx_word' id='word_1_16' title='bbox 736 614 921 673; x_wconf 84' lang='lat' dir='ltr'><strong>Possit</strong></span> <span class='ocrx_word' id='word_1_17' title='bbox 973 630 1105 671; x_wconf 88' lang='lat' dir='ltr'><strong>vero</strong></span> <span class='ocrx_word' id='word_1_18' title='bbox 1153 614 1355 685; x_wconf 82' lang='lat' dir='ltr'><strong>aliquis</strong></span> <span class='ocrx_word' id='word_1_19' title='bbox 1405 615 1517 669; x_wconf 89' lang='lat' dir='ltr'><strong>alio</strong></span> <span class='ocrx_word' id='word_1_20' title='bbox 1544 630 1765 685; x_wconf 89' lang='lat' dir='ltr'><strong>quoque</strong></span> <span class='ocrx_word' id='word_1_21' title='bbox 1794 614 1957 670; x_wconf 89' lang='lat' dir='ltr'><strong>modo</strong></span> <span class='ocrx_word' id='word_1_22' title='bbox 1997 614 2251 670; x_wconf 82' lang='lat' dir='ltr'><strong>inconta-</strong></span> 
     </span>
    </p>
   </div>
   <div class='ocr_carea' id='block_1_5' title="bbox 2354 602 3931 685">
    <p class='ocr_par' dir='ltr' id='par_1_5' title="bbox 2428 602 3931 682">
     <span class='ocr_line' id='line_1_5' title="bbox 2428 602 3931 682; baseline -0.007 -17"><span class='ocrx_word' id='word_1_23' title='bbox 2428 613 2726 682; x_wconf 85' lang='grc' dir='ltr'>Δυνήσεται</span> <span class='ocrx_word' id='word_1_24' title='bbox 2760 610 2817 662; x_wconf 90' lang='grc' dir='ltr'><strong>δέ</strong></span> <span class='ocrx_word' id='word_1_25' title='bbox 2854 625 2939 671; x_wconf 91' lang='grc' dir='ltr'><strong>τις</strong></span> <span class='ocrx_word' id='word_1_26' title='bbox 2982 608 3182 678; x_wconf 80' lang='grc' dir='ltr'><strong>ἑτέρως</strong></span> <span class='ocrx_word' id='word_1_27' title='bbox 3211 606 3312 676; x_wconf 79' lang='grc' dir='ltr'>τὴν</span> <span class='ocrx_word' id='word_1_28' title='bbox 3367 602 3587 676; x_wconf 79' lang='grc' dir='ltr'><strong>νύμφην</strong></span> <span class='ocrx_word' id='word_1_29' title='bbox 3620 603 3784 673; x_wconf 80' lang='grc' dir='ltr'>φάναι</span> <span class='ocrx_word' id='word_1_30' title='bbox 3834 605 3931 675; x_wconf 75' lang='grc' dir='ltr'>τὴν</span> 
     </span>
    </p>
   </div>
   <div class='ocr_carea' id='block_1_6' title="bbox 665 706 2242 777">
    <p class='ocr_par' dir='ltr' id='par_1_6' title="bbox 665 706 2242 777">
     <span class='ocr_line' id='line_1_6' title="bbox 665 706 2242 777; baseline -0.003 -13"><span class='ocrx_word' id='word_1_31' title='bbox 665 709 929 764; x_wconf 87' lang='lat' dir='ltr'><strong>minatam</strong></span> <span class='ocrx_word' id='word_1_32' title='bbox 996 706 1211 762; x_wconf 85' lang='lat' dir='ltr'><strong>Domini</strong></span> <span class='ocrx_word' id='word_1_33' title='bbox 1266 720 1488 761; x_wconf 82' lang='lat' dir='ltr'><strong>carnem</strong></span> <span class='ocrx_word' id='word_1_34' title='bbox 1539 720 1794 776; x_wconf 79' lang='lat' dir='ltr'><strong>sponsam</strong></span> <span class='ocrx_word' id='word_1_35' title='bbox 1856 706 2242 777; x_wconf 86' lang='lat' dir='ltr'><strong>interpretari,</strong></span> 
     </span>
    </p>
   </div>
   <div class='ocr_carea' id='block_1_7' title="bbox 666 796 2246 871">
    <p class='ocr_par' dir='ltr' id='par_1_7' title="bbox 666 796 2246 871">
     <span class='ocr_line' id='line_1_7' title="bbox 666 796 2246 871; baseline -0.001 -14"><span class='ocrx_word' id='word_1_36' title='bbox 666 802 827 871; x_wconf 84' lang='lat' dir='ltr'><strong>cujus</strong></span> <span class='ocrx_word' id='word_1_37' title='bbox 864 802 1071 871; x_wconf 85' lang='lat' dir='ltr'><strong>gratia,</strong></span> <span class='ocrx_word' id='word_1_38' title='bbox 1119 799 1311 854; x_wconf 90' lang='lat' dir='ltr'><strong>relicto</strong></span> <span class='ocrx_word' id='word_1_39' title='bbox 1350 796 1548 863; x_wconf 85' lang='lat' dir='ltr'><strong>Patre,</strong></span> <span class='ocrx_word' id='word_1_40' title='bbox 1600 798 1709 853; x_wconf 92' lang='lat' dir='ltr'><strong>huc</strong></span> <span class='ocrx_word' id='word_1_41' title='bbox 1755 798 2041 855; x_wconf 75' lang='lat' dir='ltr'><strong>descendit</strong></span> <span class='ocrx_word' id='word_1_42' title='bbox 2085 801 2246 870; x_wconf 82' lang='lat' dir='ltr'><strong>eique</strong></span> 
     </span>
    </p>
   </div>
   <div class='ocr_carea' id='block_1_8' title="bbox 666 889 2248 959">
    <p class='ocr_par' dir='ltr' id='par_1_8' title="bbox 666 889 2248 959">
     <span class='ocr_line' id='line_1_8' title="bbox 666 889 2248 959; baseline -0.001 -10"><span class='ocrx_word' id='word_1_43' title='bbox 666 895 934 958; x_wconf 73' lang='lat' dir='ltr'><strong>adhaesit,</strong></span> <span class='ocrx_word' id='word_1_44' title='bbox 993 910 1057 948; x_wconf 92' lang='lat' dir='ltr'><strong>ac</strong></span> <span class='ocrx_word' id='word_1_45' title='bbox 1096 893 1263 946; x_wconf 89' lang='lat' dir='ltr'><strong>homo</strong></span> <span class='ocrx_word' id='word_1_46' title='bbox 1293 890 1474 945; x_wconf 82' lang='lat' dir='ltr'><strong>factus</strong></span> <span class='ocrx_word' id='word_1_47' title='bbox 1516 892 1571 945; x_wconf 93' lang='lat' dir='ltr'><strong>in</strong></span> <span class='ocrx_word' id='word_1_48' title='bbox 1613 905 1735 946; x_wconf 89' lang='lat' dir='ltr'><strong>eam</strong></span> <span class='ocrx_word' id='word_1_49' title='bbox 1782 891 2003 947; x_wconf 77' lang='lat' dir='ltr'><strong>invasit.</strong></span> <span class='ocrx_word' id='word_1_50' title='bbox 2064 889 2248 959; x_wconf 85' lang='lat' dir='ltr'><strong>Quare</strong></span> 
     </span>
    </p>
   </div>
   <div class='ocr_carea' id='block_1_9' title="bbox 662 980 2248 1058">
    <p class='ocr_par' dir='ltr' id='par_1_9' title="bbox 662 980 2248 1058">
     <span class='ocr_line' id='line_1_9' title="bbox 662 980 2248 1058; baseline -0.003 -16"><span class='ocrx_word' id='word_1_51' title='bbox 662 988 827 1043; x_wconf 88' lang='lat' dir='ltr'><strong>etiam</strong></span> <span class='ocrx_word' id='word_1_52' title='bbox 862 988 1090 1058; x_wconf 87' lang='lat' dir='ltr'><strong>ligurate</strong></span> <span class='ocrx_word' id='word_1_53' title='bbox 1120 983 1431 1040; x_wconf 86' lang='lat' dir='ltr'><strong>columbam</strong></span> <span class='ocrx_word' id='word_1_54' title='bbox 1459 984 1720 1038; x_wconf 89' lang='lat' dir='ltr'><strong>vocitavit</strong></span> <span class='ocrx_word' id='word_1_55' title='bbox 1742 1025 1757 1052; x_wconf 92' lang='lat'><strong>,</strong></span> <span class='ocrx_word' id='word_1_56' title='bbox 1802 985 1951 1055; x_wconf 93' lang='lat' dir='ltr'><strong>quod</strong></span> <span class='ocrx_word' id='word_1_57' title='bbox 1982 980 2095 1041; x_wconf 85' lang='lat' dir='ltr'><strong>hoc</strong></span> <span class='ocrx_word' id='word_1_58' title='bbox 2129 985 2248 1041; x_wconf 89' lang='lat' dir='ltr'><strong>ani-</strong></span> 
     </span>
    </p>
   </div>
   <div class='ocr_carea' id='block_1_10' title="bbox 664 1077 2245 1148">
    <p class='ocr_par' dir='ltr' id='par_1_10' title="bbox 664 1077 2245 1148">
     <span class='ocr_line' id='line_1_10' title="bbox 664 1077 2245 1148; baseline 0 -15"><span class='ocrx_word' id='word_1_59' title='bbox 664 1079 774 1133; x_wconf 90' lang='lat' dir='ltr'><strong>mal</strong></span> <span class='ocrx_word' id='word_1_60' title='bbox 799 1088 1143 1133; x_wconf 91' lang='lat' dir='ltr'><strong>mansuetum</strong></span> <span class='ocrx_word' id='word_1_61' title='bbox 1172 1078 1263 1141; x_wconf 89' lang='lat' dir='ltr'><strong>sit,</strong></span> <span class='ocrx_word' id='word_1_62' title='bbox 1290 1077 1395 1133; x_wconf 87' lang='lat' dir='ltr'><strong>sub</strong></span> <span class='ocrx_word' id='word_1_63' title='bbox 1421 1084 1569 1132; x_wconf 90' lang='lat' dir='ltr'><strong>tecto</strong></span> <span class='ocrx_word' id='word_1_64' title='bbox 1594 1077 1797 1148; x_wconf 88' lang='lat' dir='ltr'><strong>degens</strong></span> <span class='ocrx_word' id='word_1_65' title='bbox 1827 1092 2073 1147; x_wconf 91' lang='lat' dir='ltr'><strong>peneque</strong></span> <span class='ocrx_word' id='word_1_66' title='bbox 2086 1077 2245 1133; x_wconf 90' lang='lat' dir='ltr'><strong>nobis</strong></span> 
     </span>
    </p>
   </div>
   <div class='ocr_carea' id='block_1_11' title="bbox 665 1168 2242 1240">
    <p class='ocr_par' dir='ltr' id='par_1_11' title="bbox 665 1168 2242 1240">
     <span class='ocr_line' id='line_1_11' title="bbox 665 1168 2242 1240; baseline -0.001 -16"><span class='ocrx_word' id='word_1_67' title='bbox 665 1169 1083 1233; x_wconf 85' lang='lat' dir='ltr'><strong>contubernale,</strong></span> <span class='ocrx_word' id='word_1_68' title='bbox 1146 1177 1311 1240; x_wconf 92' lang='lat' dir='ltr'><strong>atque</strong></span> <span class='ocrx_word' id='word_1_69' title='bbox 1372 1169 1613 1223; x_wconf 87' lang='lat' dir='ltr'><strong>humano</strong></span> <span class='ocrx_word' id='word_1_70' title='bbox 1672 1170 1929 1224; x_wconf 90' lang='lat' dir='ltr'><strong>convictu</strong></span> <span class='ocrx_word' id='word_1_71' title='bbox 1978 1168 2242 1239; x_wconf 75' lang='lat' dir='ltr'><strong>gaudens.</strong></span> 
     </span>
    </p>
   </div>
   <div class='ocr_carea' id='block_1_12' title="bbox 666 1260 2259 1343">
    <p class='ocr_par' dir='ltr' id='par_1_12' title="bbox 666 1260 2259 1343">
     <span class='ocr_line' id='line_1_12' title="bbox 666 1260 2259 1343; baseline -0.002 -25"><span class='ocrx_word' id='word_1_72' title='bbox 666 1261 783 1318; x_wconf 88' lang='lat' dir='ltr'><strong>Una</strong></span> <span class='ocrx_word' id='word_1_73' title='bbox 814 1262 959 1319; x_wconf 89' lang='lat' dir='ltr'><strong>enim</strong></span> <span class='ocrx_word' id='word_1_74' title='bbox 986 1261 1248 1331; x_wconf 73' lang='lat' dir='ltr'><strong>profecto,</strong></span> <span class='ocrx_word' id='word_1_75' title='bbox 1279 1270 1339 1316; x_wconf 92' lang='lat' dir='ltr'><strong>ut</strong></span> <span class='ocrx_word' id='word_1_76' title='bbox 1367 1262 1535 1317; x_wconf 89' lang='lat' dir='ltr'><strong>verbo</strong></span> <span class='ocrx_word' id='word_1_77' title='bbox 1564 1260 1765 1327; x_wconf 87' lang='lat' dir='ltr'><strong>dicam,</strong></span> <span class='ocrx_word' id='word_1_78' title='bbox 1792 1260 1933 1315; x_wconf 82' lang='lat' dir='ltr'><strong>labis</strong></span> <span class='ocrx_word' id='word_1_79' title='bbox 1962 1275 2158 1331; x_wconf 79' lang='lat' dir='ltr'><strong>expers</strong></span> <span class='ocrx_word' id='word_1_80' title='bbox 2182 1274 2259 1343; x_wconf 23' lang='lat' dir='ltr'><strong>ac.</strong></span> 
     </span>
    </p>
   </div>
   <div class='ocr_carea' id='block_1_13' title="bbox 664 1352 2245 1425">
    <p class='ocr_par' dir='ltr' id='par_1_13' title="bbox 664 1352 2245 1425">
     <span class='ocr_line' id='line_1_13' title="bbox 664 1352 2245 1425; baseline -0.003 -16"><span class='ocrx_word' id='word_1_81' title='bbox 664 1354 947 1425; x_wconf 92' lang='lat' dir='ltr'><strong>impolluta</strong></span> <span class='ocrx_word' id='word_1_82' title='bbox 977 1354 1197 1408; x_wconf 90' lang='lat' dir='ltr'><strong>inventa</strong></span> <span class='ocrx_word' id='word_1_83' title='bbox 1219 1361 1324 1419; x_wconf 91' lang='lat' dir='ltr'><strong>est,</strong></span> <span class='ocrx_word' id='word_1_84' title='bbox 1382 1359 1707 1424; x_wconf 81' lang='lat' dir='ltr'><strong>cunctisque</strong></span> <span class='ocrx_word' id='word_1_85' title='bbox 1730 1353 2050 1423; x_wconf 73' lang='lat' dir='ltr'><strong>prtecellens</strong></span> <span class='ocrx_word' id='word_1_86' title='bbox 2076 1352 2245 1421; x_wconf 60' lang='lat' dir='ltr'><strong>justi;</strong></span> 
     </span>
    </p>
   </div>
   <div class='ocr_carea' id='block_1_14' title="bbox 664 1443 2245 1517">
    <p class='ocr_par' dir='ltr' id='par_1_14' title="bbox 664 1443 2245 1517">
     <span class='ocr_line' id='line_1_14' title="bbox 664 1443 2245 1517; baseline -0.001 -18"><span class='ocrx_word' id='word_1_87' title='bbox 664 1447 756 1501; x_wconf 77' lang='lat' dir='ltr'><strong>tia:</strong></span> <span class='ocrx_word' id='word_1_88' title='bbox 793 1447 994 1501; x_wconf 89' lang='lat' dir='ltr'><strong>mundo</strong></span> <span class='ocrx_word' id='word_1_89' title='bbox 1024 1453 1187 1515; x_wconf 91' lang='lat' dir='ltr'><strong>atque</strong></span> <span class='ocrx_word' id='word_1_90' title='bbox 1225 1446 1457 1509; x_wconf 87' lang='lat' dir='ltr'><strong>decore,</strong></span> <span class='ocrx_word' id='word_1_91' title='bbox 1502 1454 1563 1499; x_wconf 92' lang='lat' dir='ltr'><strong>ut</strong></span> <span class='ocrx_word' id='word_1_92' title='bbox 1602 1460 1764 1501; x_wconf 89' lang='lat' dir='ltr'><strong>nemo</strong></span> <span class='ocrx_word' id='word_1_93' title='bbox 1790 1458 1980 1499; x_wconf 89' lang='lat' dir='ltr'><strong>eorum</strong></span> <span class='ocrx_word' id='word_1_94' title='bbox 2019 1443 2111 1517; x_wconf 86' lang='lat' dir='ltr'><strong>qui</strong></span> <span class='ocrx_word' id='word_1_95' title='bbox 2160 1444 2245 1499; x_wconf 85' lang='lat' dir='ltr'><strong>vel</strong></span> 
     </span>
    </p>
   </div>
   <div class='ocr_carea' id='block_1_15' title="bbox 665 1534 2246 1606">
    <p class='ocr_par' dir='ltr' id='par_1_15' title="bbox 665 1534 2246 1606">
     <span class='ocr_line' id='line_1_15' title="bbox 665 1534 2246 1606; baseline -0.001 -16"><span class='ocrx_word' id='word_1_96' title='bbox 665 1551 877 1590; x_wconf 89' lang='lat' dir='ltr'><strong>summe</strong></span> <span class='ocrx_word' id='word_1_97' title='bbox 908 1534 1019 1591; x_wconf 83' lang='lat' dir='ltr'><strong>Deo</strong></span> <span class='ocrx_word' id='word_1_98' title='bbox 1045 1535 1404 1606; x_wconf 90' lang='lat' dir='ltr'><strong>placuerunt,</strong></span> <span class='ocrx_word' id='word_1_99' title='bbox 1447 1542 1619 1605; x_wconf 76' lang='lat' dir='ltr'><strong>prope</strong></span> <span class='ocrx_word' id='word_1_100' title='bbox 1663 1535 1730 1589; x_wconf 86' lang='lat' dir='ltr'><strong>ad</strong></span> <span class='ocrx_word' id='word_1_101' title='bbox 1761 1550 1915 1597; x_wconf 89' lang='lat' dir='ltr'><strong>eam,</strong></span> <span class='ocrx_word' id='word_1_102' title='bbox 1948 1534 1994 1589; x_wconf 88' lang='lat' dir='ltr'><strong>si</strong></span> <span class='ocrx_word' id='word_1_103' title='bbox 2026 1534 2246 1589; x_wconf 86' lang='lat' dir='ltr'><strong>virtutis</strong></span> 
     </span>
    </p>
   </div>
   <div class='ocr_carea' id='block_1_16' title="bbox 664 1624 2247 1693">
    <p class='ocr_par' dir='ltr' id='par_1_16' title="bbox 664 1624 2247 1693">
     <span class='ocr_line' id='line_1_16' title="bbox 664 1624 2247 1693; baseline -0.001 -11"><span class='ocrx_word' id='word_1_104' title='bbox 664 1629 806 1683; x_wconf 82' lang='lat' dir='ltr'><strong>ratio</strong></span> <span class='ocrx_word' id='word_1_105' title='bbox 836 1624 1073 1691; x_wconf 65' lang='lat' dir='ltr'><strong>ineatur,</strong></span> <span class='ocrx_word' id='word_1_106' title='bbox 1106 1628 1395 1684; x_wconf 89' lang='lat' dir='ltr'><strong>consistat.</strong></span> <span class='ocrx_word' id='word_1_107' title='bbox 1452 1628 1723 1693; x_wconf 80' lang='lat' dir='ltr'><strong>Quocirca</strong></span> <span class='ocrx_word' id='word_1_108' title='bbox 1768 1626 1965 1681; x_wconf 88' lang='lat' dir='ltr'><strong>merito</strong></span> <span class='ocrx_word' id='word_1_109' title='bbox 2012 1625 2069 1679; x_wconf 92' lang='lat' dir='ltr'><strong>in</strong></span> <span class='ocrx_word' id='word_1_110' title='bbox 2112 1641 2247 1681; x_wconf 87' lang='lat' dir='ltr'><strong>con-</strong></span> 
     </span>
    </p>
   </div>
   <div class='ocr_carea' id='block_1_17' title="bbox 664 1719 2247 1791">
    <p class='ocr_par' dir='ltr' id='par_1_17' title="bbox 664 1719 2247 1791">
     <span class='ocr_line' id='line_1_17' title="bbox 664 1719 2247 1791; baseline -0.002 -14"><span class='ocrx_word' id='word_1_111' title='bbox 664 1721 897 1777; x_wconf 73' lang='lat' dir='ltr'><strong>sortium</strong></span> <span class='ocrx_word' id='word_1_112' title='bbox 921 1722 1075 1791; x_wconf 88' lang='lat' dir='ltr'><strong>regni</strong></span> <span class='ocrx_word' id='word_1_113' title='bbox 1102 1719 1376 1790; x_wconf 84' lang='lat' dir='ltr'><strong>Unigeniti</strong></span> <span class='ocrx_word' id='word_1_114' title='bbox 1404 1721 1575 1776; x_wconf 89' lang='lat' dir='ltr'><strong>ascita</strong></span> <span class='ocrx_word' id='word_1_115' title='bbox 1601 1728 1704 1783; x_wconf 87' lang='lat' dir='ltr'><strong>est,</strong></span> <span class='ocrx_word' id='word_1_116' title='bbox 1724 1720 1818 1775; x_wconf 90' lang='lat' dir='ltr'><strong>illo</strong></span> <span class='ocrx_word' id='word_1_117' title='bbox 1838 1721 1942 1775; x_wconf 84' lang='lat' dir='ltr'><strong>sibi</strong></span> <span class='ocrx_word' id='word_1_118' title='bbox 1970 1735 2090 1775; x_wconf 90' lang='lat' dir='ltr'><strong>eam</strong></span> <span class='ocrx_word' id='word_1_119' title='bbox 2115 1719 2247 1774; x_wconf 82' lang='lat' dir='ltr'><strong>ada-</strong></span> 
     </span>
    </p>
   </div>
   <div class='ocr_carea' id='block_1_18' title="bbox 664 1812 2245 1884">
    <p class='ocr_par' dir='ltr' id='par_1_18' title="bbox 664 1812 2245 1884">
     <span class='ocr_line' id='line_1_18' title="bbox 664 1812 2245 1884; baseline 0.002 -19"><span class='ocrx_word' id='word_1_120' title='bbox 664 1820 853 1883; x_wconf 87' lang='lat' dir='ltr'><strong>ptante</strong></span> <span class='ocrx_word' id='word_1_121' title='bbox 875 1818 1039 1882; x_wconf 85' lang='lat' dir='ltr'><strong>atque</strong></span> <span class='ocrx_word' id='word_1_122' title='bbox 1070 1813 1311 1868; x_wconf 90' lang='lat' dir='ltr'><strong>uniente.</strong></span> <span class='ocrx_word' id='word_1_123' title='bbox 1346 1812 1535 1882; x_wconf 83' lang='lat' dir='ltr'><strong>Itaque</strong></span> <span class='ocrx_word' id='word_1_124' title='bbox 1560 1813 1615 1867; x_wconf 91' lang='lat' dir='ltr'><strong>in</strong></span> <span class='ocrx_word' id='word_1_125' title='bbox 1643 1814 1857 1883; x_wconf 84' lang='lat' dir='ltr'><strong>psalmo</strong></span> <span class='ocrx_word' id='word_1_126' title='bbox 1886 1812 2245 1884; x_wconf 81' lang='lat' dir='ltr'><strong>quadragesi-</strong></span> 
     </span>
    </p>
   </div>
   <div class='ocr_carea' id='block_1_19' title="bbox 2349 694 3934 776">
    <p class='ocr_par' dir='ltr' id='par_1_19' title="bbox 2349 694 3934 776">
     <span class='ocr_line' id='line_1_19' title="bbox 2349 694 3934 776; baseline -0.005 -18"><span class='ocrx_word' id='word_1_127' title='bbox 2349 705 2528 776; x_wconf 80' lang='grc' dir='ltr'>σάρκα</span> <span class='ocrx_word' id='word_1_128' title='bbox 2557 702 2658 774; x_wconf 78' lang='grc' dir='ltr'>τὴν</span> <span class='ocrx_word' id='word_1_129' title='bbox 2684 700 2981 773; x_wconf 84' lang='grc' dir='ltr'>ἀμόλυντον</span> <span class='ocrx_word' id='word_1_130' title='bbox 3013 700 3109 753; x_wconf 88' lang='grc' dir='ltr'><strong>τοῦ</strong></span> <span class='ocrx_word' id='word_1_131' title='bbox 3145 700 3375 771; x_wconf 81' lang='grc' dir='ltr'>Κυρίου,</span> <span class='ocrx_word' id='word_1_132' title='bbox 3400 694 3470 770; x_wconf 82' lang='grc' dir='ltr'>ἦς</span> <span class='ocrx_word' id='word_1_133' title='bbox 3502 698 3665 768; x_wconf 81' lang='grc' dir='ltr'>χάριν</span> <span class='ocrx_word' id='word_1_134' title='bbox 3694 697 3785 751; x_wconf 81' lang='grc' dir='ltr'>τὸν</span> <span class='ocrx_word' id='word_1_135' title='bbox 3824 698 3934 750; x_wconf 88' lang='grc' dir='ltr'>Πα-</span> 
     </span>
    </p>
   </div>
   <div class='ocr_carea' id='block_1_20' title="bbox 2345 788 3935 865">
    <p class='ocr_par' dir='ltr' id='par_1_20' title="bbox 2345 788 3935 865">
     <span class='ocr_line' id='line_1_20' title="bbox 2345 788 3935 865; baseline -0.008 -17"><span class='ocrx_word' id='word_1_136' title='bbox 2345 796 2484 865; x_wconf 82' lang='grc' dir='ltr'>τέρα</span> <span class='ocrx_word' id='word_1_137' title='bbox 2520 792 2874 862; x_wconf 77' lang='grc' dir='ltr'>καταλείψας,</span> <span class='ocrx_word' id='word_1_138' title='bbox 2917 790 3182 861; x_wconf 81' lang='grc' dir='ltr'>κατῆλθεν</span> <span class='ocrx_word' id='word_1_139' title='bbox 3212 788 3465 853; x_wconf 80' lang='grc' dir='ltr'>ἐνταῦθα,</span> <span class='ocrx_word' id='word_1_140' title='bbox 3516 788 3613 843; x_wconf 78' lang='grc' dir='ltr'>καὶ</span> <span class='ocrx_word' id='word_1_141' title='bbox 3646 788 3935 859; x_wconf 77' lang='grc' dir='ltr'>προσεκαλ-</span> 
     </span>
    </p>
   </div>
   <div class='ocr_carea' id='block_1_21' title="bbox 2345 878 3928 957">
    <p class='ocr_par' dir='ltr' id='par_1_21' title="bbox 2345 878 3928 957">
     <span class='ocr_line' id='line_1_21' title="bbox 2345 878 3928 957; baseline -0.004 -18"><span class='ocrx_word' id='word_1_142' title='bbox 2345 886 2505 957; x_wconf 85' lang='grc' dir='ltr'>λήθη,</span> <span class='ocrx_word' id='word_1_143' title='bbox 2530 885 2624 938; x_wconf 71' lang='grc' dir='ltr'><strong>καὶ</strong></span> <span class='ocrx_word' id='word_1_144' title='bbox 2650 882 3060 955; x_wconf 72' lang='grc' dir='ltr'><strong>ἐγκατέσκηψεν</strong></span> <span class='ocrx_word' id='word_1_145' title='bbox 3087 881 3160 951; x_wconf 87' lang='lat'><strong>(7)</strong></span> <span class='ocrx_word' id='word_1_146' title='bbox 3183 879 3610 951; x_wconf 69' lang='grc' dir='ltr'>ένανθρωπήσας</span> <span class='ocrx_word' id='word_1_147' title='bbox 3633 879 3713 941; x_wconf 87' lang='grc' dir='ltr'><strong>είς</strong></span> <span class='ocrx_word' id='word_1_148' title='bbox 3740 878 3928 949; x_wconf 75' lang='grc' dir='ltr'>αὑτήν.</span> 
     </span>
    </p>
   </div>
   <div class='ocr_carea' id='block_1_22' title="bbox 2346 969 3929 1047">
    <p class='ocr_par' dir='ltr' id='par_1_22' title="bbox 2346 969 3929 1047">
     <span class='ocr_line' id='line_1_22' title="bbox 2346 969 3929 1047; baseline -0.004 -19"><span class='ocrx_word' id='word_1_149' title='bbox 2346 974 2440 1028; x_wconf 85' lang='grc' dir='ltr'>Διδ</span> <span class='ocrx_word' id='word_1_150' title='bbox 2466 974 2532 1047; x_wconf 82' lang='grc' dir='ltr'>δὴ</span> <span class='ocrx_word' id='word_1_151' title='bbox 2576 976 2669 1029; x_wconf 74' lang='grc' dir='ltr'>καὶ</span> <span class='ocrx_word' id='word_1_152' title='bbox 2720 972 3050 1045; x_wconf 82' lang='grc' dir='ltr'>περιστεράν</span> <span class='ocrx_word' id='word_1_153' title='bbox 3092 971 3263 1043; x_wconf 79' lang='grc' dir='ltr'>αὐτὴν</span> <span class='ocrx_word' id='word_1_154' title='bbox 3312 969 3591 1043; x_wconf 77' lang='grc' dir='ltr'><strong>τροπικῶς</strong></span> <span class='ocrx_word' id='word_1_155' title='bbox 3641 969 3929 1023; x_wconf 70' lang='grc' dir='ltr'>ἐκάλεσεν·</span> 
     </span>
    </p>
   </div>
   <div class='ocr_carea' id='block_1_23' title="bbox 2347 1059 3933 1137">
    <p class='ocr_par' dir='ltr' id='par_1_23' title="bbox 2347 1059 3933 1137">
     <span class='ocr_line' id='line_1_23' title="bbox 2347 1059 3933 1137; baseline -0.004 -20"><span class='ocrx_word' id='word_1_156' title='bbox 2347 1065 2534 1137; x_wconf 73' lang='grc' dir='ltr'>ἐπειδὴ</span> <span class='ocrx_word' id='word_1_157' title='bbox 2568 1063 2824 1119; x_wconf 81' lang='grc' dir='ltr'>τιθασσδν</span> <span class='ocrx_word' id='word_1_158' title='bbox 2857 1064 2918 1117; x_wconf 89' lang='grc' dir='ltr'><strong>τὸ</strong></span> <span class='ocrx_word' id='word_1_159' title='bbox 2960 1062 3101 1128; x_wconf 80' lang='grc' dir='ltr'>ζῶον</span> <span class='ocrx_word' id='word_1_160' title='bbox 3133 1061 3228 1115; x_wconf 70' lang='grc' dir='ltr'>καὶ</span> <span class='ocrx_word' id='word_1_161' title='bbox 3261 1060 3596 1133; x_wconf 84' lang='grc' dir='ltr'><strong>ὑπωρόφιον,</strong></span> <span class='ocrx_word' id='word_1_162' title='bbox 3624 1060 3717 1112; x_wconf 79' lang='grc' dir='ltr'>καὶ</span> <span class='ocrx_word' id='word_1_163' title='bbox 3756 1059 3933 1131; x_wconf 78' lang='grc' dir='ltr'>διαίτῃ</span> 
     </span>
    </p>
   </div>
   <div class='ocr_carea' id='block_1_24' title="bbox 2345 1150 3935 1228">
    <p class='ocr_par' dir='ltr' id='par_1_24' title="bbox 2345 1150 3935 1228">
     <span class='ocr_line' id='line_1_24' title="bbox 2345 1150 3935 1228; baseline -0.004 -18"><span class='ocrx_word' id='word_1_164' title='bbox 2345 1160 2413 1228; x_wconf 77' lang='grc' dir='ltr'><strong>τῇ</strong></span> <span class='ocrx_word' id='word_1_165' title='bbox 2443 1157 2551 1210; x_wconf 86' lang='grc' dir='ltr'><strong>τῶν</strong></span> <span class='ocrx_word' id='word_1_166' title='bbox 2593 1154 2896 1228; x_wconf 84' lang='grc' dir='ltr'>ἀνθρώπων</span> <span class='ocrx_word' id='word_1_167' title='bbox 2929 1152 3301 1225; x_wconf 80' lang='grc' dir='ltr'>ὲνασμενίζον.</span> <span class='ocrx_word' id='word_1_168' title='bbox 3326 1152 3479 1221; x_wconf 79' lang='grc' dir='ltr'>Μόνη</span> <span class='ocrx_word' id='word_1_169' title='bbox 3516 1150 3647 1222; x_wconf 82' lang='grc' dir='ltr'>γὰρ,</span> <span class='ocrx_word' id='word_1_170' title='bbox 3691 1150 3766 1215; x_wconf 83' lang='grc' dir='ltr'><strong>ὡς</strong></span> <span class='ocrx_word' id='word_1_171' title='bbox 3805 1150 3935 1213; x_wconf 78' lang='grc' dir='ltr'>ἔπος</span> 
     </span>
    </p>
   </div>
   <div class='ocr_carea' id='block_1_25' title="bbox 2346 1242 3935 1317">
    <p class='ocr_par' dir='ltr' id='par_1_25' title="bbox 2346 1242 3935 1317">
     <span class='ocr_line' id='line_1_25' title="bbox 2346 1242 3935 1317; baseline -0.004 -16"><span class='ocrx_word' id='word_1_172' title='bbox 2346 1252 2544 1313; x_wconf 83' lang='grc' dir='ltr'>εἰπεῖν,</span> <span class='ocrx_word' id='word_1_173' title='bbox 2577 1248 2805 1311; x_wconf 83' lang='grc' dir='ltr'>άσπιλος</span> <span class='ocrx_word' id='word_1_174' title='bbox 2850 1247 2945 1301; x_wconf 77' lang='grc' dir='ltr'>καὶ</span> <span class='ocrx_word' id='word_1_175' title='bbox 2993 1246 3257 1317; x_wconf 82' lang='grc' dir='ltr'>ἀμίαντος</span> <span class='ocrx_word' id='word_1_176' title='bbox 3309 1243 3506 1315; x_wconf 86' lang='grc' dir='ltr'>εὑρέθη</span> <span class='ocrx_word' id='word_1_177' title='bbox 3531 1284 3547 1309; x_wconf 92' lang='grc'><strong>,</strong></span> <span class='ocrx_word' id='word_1_178' title='bbox 3593 1243 3687 1297; x_wconf 69' lang='grc' dir='ltr'>καὶ</span> <span class='ocrx_word' id='word_1_179' title='bbox 3729 1242 3935 1305; x_wconf 83' lang='grc' dir='ltr'>πάντας</span> 
     </span>
    </p>
   </div>
   <div class='ocr_carea' id='block_1_26' title="bbox 2348 1334 3932 1413">
    <p class='ocr_par' dir='ltr' id='par_1_26' title="bbox 2348 1334 3932 1413">
     <span class='ocr_line' id='line_1_26' title="bbox 2348 1334 3932 1413; baseline -0.004 -20"><span class='ocrx_word' id='word_1_180' title='bbox 2348 1341 2696 1413; x_wconf 79' lang='grc' dir='ltr'><strong>ὑπερέχουσα</strong></span> <span class='ocrx_word' id='word_1_181' title='bbox 2729 1340 2807 1411; x_wconf 85' lang='grc' dir='ltr'><strong>τῷ</strong></span> <span class='ocrx_word' id='word_1_182' title='bbox 2835 1340 2933 1411; x_wconf 86' lang='grc' dir='ltr'><strong>τῆς</strong></span> <span class='ocrx_word' id='word_1_183' title='bbox 2972 1338 3323 1407; x_wconf 81' lang='grc' dir='ltr'><strong>δικαιοσύνης</strong></span> <span class='ocrx_word' id='word_1_184' title='bbox 3359 1338 3549 1407; x_wconf 85' lang='grc' dir='ltr'>κόσμῳ</span> <span class='ocrx_word' id='word_1_185' title='bbox 3582 1336 3675 1389; x_wconf 77' lang='grc' dir='ltr'>καὶ</span> <span class='ocrx_word' id='word_1_186' title='bbox 3717 1334 3932 1388; x_wconf 80' lang='grc' dir='ltr'>κάλλει·</span> 
     </span>
    </p>
   </div>
   <div class='ocr_carea' id='block_1_27' title="bbox 2345 1424 3936 1503">
    <p class='ocr_par' dir='ltr' id='par_1_27' title="bbox 2345 1424 3936 1503">
     <span class='ocr_line' id='line_1_27' title="bbox 2345 1424 3936 1503; baseline -0.004 -18"><span class='ocrx_word' id='word_1_187' title='bbox 2345 1432 2487 1485; x_wconf 79' lang='grc' dir='ltr'>ὥστε</span> <span class='ocrx_word' id='word_1_188' title='bbox 2520 1432 2724 1503; x_wconf 79' lang='grc' dir='ltr'><strong>μηδένα</strong></span> <span class='ocrx_word' id='word_1_189' title='bbox 2751 1432 2846 1485; x_wconf 79' lang='grc' dir='ltr'>καὶ</span> <span class='ocrx_word' id='word_1_190' title='bbox 2882 1430 2992 1484; x_wconf 88' lang='grc' dir='ltr'><strong>τῶν</strong></span> <span class='ocrx_word' id='word_1_191' title='bbox 3022 1432 3100 1495; x_wconf 82' lang='grc' dir='ltr'><strong>είς</strong></span> <span class='ocrx_word' id='word_1_192' title='bbox 3130 1430 3300 1503; x_wconf 81' lang='grc' dir='ltr'>ἀκρον</span> <span class='ocrx_word' id='word_1_193' title='bbox 3342 1426 3828 1502; x_wconf 82' lang='grc' dir='ltr'>εύαρεστησάντων</span> <span class='ocrx_word' id='word_1_194' title='bbox 3860 1424 3936 1496; x_wconf 82' lang='grc' dir='ltr'>τῷ</span> 
     </span>
    </p>
   </div>
   <div class='ocr_carea' id='block_1_28' title="bbox 2346 1519 3939 1595">
    <p class='ocr_par' dir='ltr' id='par_1_28' title="bbox 2346 1519 3939 1595">
     <span class='ocr_line' id='line_1_28' title="bbox 2346 1519 3939 1595; baseline -0.004 -18"><span class='ocrx_word' id='word_1_195' title='bbox 2346 1524 2466 1595; x_wconf 88' lang='grc' dir='ltr'><strong>Θεῷ</strong></span> <span class='ocrx_word' id='word_1_196' title='bbox 2504 1524 2711 1594; x_wconf 80' lang='grc' dir='ltr'><strong>ταύτης</strong></span> <span class='ocrx_word' id='word_1_197' title='bbox 2766 1522 3059 1594; x_wconf 85' lang='grc' dir='ltr'>δυνηθῆναι</span> <span class='ocrx_word' id='word_1_198' title='bbox 3114 1522 3303 1586; x_wconf 82' lang='grc' dir='ltr'>πέλας,</span> <span class='ocrx_word' id='word_1_199' title='bbox 3337 1523 3413 1587; x_wconf 87' lang='grc' dir='ltr'>ὠς</span> <span class='ocrx_word' id='word_1_200' title='bbox 3461 1520 3599 1591; x_wconf 81' lang='grc' dir='ltr'>πρὸς</span> <span class='ocrx_word' id='word_1_201' title='bbox 3652 1519 3939 1590; x_wconf 76' lang='grc' dir='ltr'>σύγκρισιν</span> 
     </span>
    </p>
   </div>
   <div class='ocr_carea' id='block_1_29' title="bbox 2342 1612 3937 1690">
    <p class='ocr_par' dir='ltr' id='par_1_29' title="bbox 2342 1612 3937 1690">
     <span class='ocr_line' id='line_1_29' title="bbox 2342 1612 3937 1690; baseline -0.004 -18"><span class='ocrx_word' id='word_1_202' title='bbox 2342 1618 2568 1690; x_wconf 81' lang='grc' dir='ltr'>ἀρετῆς,</span> <span class='ocrx_word' id='word_1_203' title='bbox 2594 1617 2806 1688; x_wconf 80' lang='grc' dir='ltr'>στῆναι.</span> <span class='ocrx_word' id='word_1_204' title='bbox 2838 1615 2950 1669; x_wconf 71' lang='grc' dir='ltr'><strong>Καὶ</strong></span> <span class='ocrx_word' id='word_1_205' title='bbox 2980 1616 3069 1669; x_wconf 84' lang='grc' dir='ltr'>διὰ</span> <span class='ocrx_word' id='word_1_206' title='bbox 3092 1616 3249 1669; x_wconf 91' lang='grc' dir='ltr'>τοῦτο</span> <span class='ocrx_word' id='word_1_207' title='bbox 3274 1612 3647 1685; x_wconf 80' lang='grc' dir='ltr'>κατηξιῶσθαι</span> <span class='ocrx_word' id='word_1_208' title='bbox 3679 1612 3937 1665; x_wconf 77' lang='grc' dir='ltr'>κοινωνὸν</span> 
     </span>
    </p>
   </div>
   <div class='ocr_carea' id='block_1_30' title="bbox 2348 1700 3940 1780">
    <p class='ocr_par' dir='ltr' id='par_1_30' title="bbox 2348 1700 3940 1780">
     <span class='ocr_line' id='line_1_30' title="bbox 2348 1700 3940 1780; baseline -0.004 -18"><span class='ocrx_word' id='word_1_209' title='bbox 2348 1710 2520 1780; x_wconf 76' lang='grc' dir='ltr'>αὐτὴν</span> <span class='ocrx_word' id='word_1_210' title='bbox 2554 1706 2807 1777; x_wconf 81' lang='grc' dir='ltr'>γενέσθαι</span> <span class='ocrx_word' id='word_1_211' title='bbox 2840 1708 2939 1778; x_wconf 85' lang='grc' dir='ltr'><strong>τῆς</strong></span> <span class='ocrx_word' id='word_1_212' title='bbox 2970 1707 3244 1777; x_wconf 77' lang='grc' dir='ltr'>βασιλείας</span> <span class='ocrx_word' id='word_1_213' title='bbox 3269 1705 3365 1759; x_wconf 90' lang='grc' dir='ltr'><strong>τοῦ</strong></span> <span class='ocrx_word' id='word_1_214' title='bbox 3400 1702 3760 1773; x_wconf 82' lang='grc' dir='ltr'>Μονογενοῦς,</span> <span class='ocrx_word' id='word_1_215' title='bbox 3787 1700 3940 1772; x_wconf 79' lang='grc' dir='ltr'>αὐτῷ</span> 
     </span>
    </p>
   </div>
   <div class='ocr_carea' id='block_1_31' title="bbox 2346 1797 3939 1871">
    <p class='ocr_par' dir='ltr' id='par_1_31' title="bbox 2346 1797 3939 1871">
     <span class='ocr_line' id='line_1_31' title="bbox 2346 1797 3939 1871; baseline -0.004 -18"><span class='ocrx_word' id='word_1_216' title='bbox 2346 1798 2810 1871; x_wconf 88' lang='grc' dir='ltr'>καθηρμοσμένην</span> <span class='ocrx_word' id='word_1_217' title='bbox 2849 1815 2911 1851; x_wconf 84' lang='grc' dir='ltr'>τε</span> <span class='ocrx_word' id='word_1_218' title='bbox 2949 1798 3045 1851; x_wconf 72' lang='grc' dir='ltr'>καὶ</span> <span class='ocrx_word' id='word_1_219' title='bbox 3083 1797 3396 1851; x_wconf 84' lang='grc' dir='ltr'>ένωθείσαν.</span> <span class='ocrx_word' id='word_1_220' title='bbox 3430 1797 3539 1851; x_wconf 80' lang='grc' dir='ltr'><strong>Καὶ</strong></span> <span class='ocrx_word' id='word_1_221' title='bbox 3576 1797 3634 1848; x_wconf 91' lang='lat' dir='ltr'><strong>tv</strong></span> <span class='ocrx_word' id='word_1_222' title='bbox 3665 1810 3939 1864; x_wconf 84' lang='grc' dir='ltr'>τεσσαρα-</span> 
     </span>
    </p>
   </div>
   <div class='ocr_carea' id='block_1_32' title="bbox 664 1887 2266 1975">
    <p class='ocr_par' dir='ltr' id='par_1_32' title="bbox 664 1903 2244 1975">
     <span class='ocr_line' id='line_1_32' title="bbox 664 1903 2244 1975; baseline -0.002 -15"><span class='ocrx_word' id='word_1_223' title='bbox 664 1920 755 1960; x_wconf 91' lang='lat' dir='ltr'><strong>mo</strong></span> <span class='ocrx_word' id='word_1_224' title='bbox 782 1913 979 1975; x_wconf 84' lang='lat' dir='ltr'><strong>quarto</strong></span> <span class='ocrx_word' id='word_1_225' title='bbox 1000 1945 1013 1969; x_wconf 94' lang='lat'><strong>,</strong></span> <span class='ocrx_word' id='word_1_226' title='bbox 1048 1919 1173 1974; x_wconf 70' lang='lat' dir='ltr'><strong>qua:</strong></span> <span class='ocrx_word' id='word_1_227' title='bbox 1203 1905 1348 1959; x_wconf 91' lang='lat' dir='ltr'><strong>inter</strong></span> <span class='ocrx_word' id='word_1_228' title='bbox 1375 1906 1560 1975; x_wconf 84' lang='lat' dir='ltr'><strong>plures</strong></span> <span class='ocrx_word' id='word_1_229' title='bbox 1585 1920 1615 1957; x_wconf 94' lang='lat' dir='ltr'><strong>a</strong></span> <span class='ocrx_word' id='word_1_230' title='bbox 1648 1904 1857 1960; x_wconf 81' lang='lat' dir='ltr'><strong>dextris</strong></span> <span class='ocrx_word' id='word_1_231' title='bbox 1914 1903 2010 1960; x_wconf 88' lang='lat' dir='ltr'><strong>Dei</strong></span> <span class='ocrx_word' id='word_1_232' title='bbox 2055 1905 2244 1975; x_wconf 82' lang='lat' dir='ltr'><strong>regina</strong></span> 
     </span>
    </p>
   </div>
   <div class='ocr_carea' id='block_1_33' title="bbox 2354 1887 3941 1975">
    <p class='ocr_par' dir='ltr' id='par_1_33' title="bbox 2354 1887 3941 1963">
     <span class='ocr_line' id='line_1_33' title="bbox 2354 1887 3941 1963; baseline -0.004 -18"><span class='ocrx_word' id='word_1_233' title='bbox 2354 1892 2526 1963; x_wconf 78' lang='grc' dir='ltr'>κοστῷ</span> <span class='ocrx_word' id='word_1_234' title='bbox 2567 1891 2625 1945; x_wconf 85' lang='grc' dir='ltr'>δὲ</span> <span class='ocrx_word' id='word_1_235' title='bbox 2658 1892 2753 1945; x_wconf 74' lang='grc' dir='ltr'>καὶ</span> <span class='ocrx_word' id='word_1_236' title='bbox 2802 1890 3047 1962; x_wconf 79' lang='grc' dir='ltr'><strong>τετάρτῳ</strong></span> <span class='ocrx_word' id='word_1_237' title='bbox 3090 1889 3292 1961; x_wconf 84' lang='grc' dir='ltr'>ψαλμῷ</span> <span class='ocrx_word' id='word_1_238' title='bbox 3335 1890 3369 1959; x_wconf 77' lang='grc' dir='ltr'><strong>ἡ</strong></span> <span class='ocrx_word' id='word_1_239' title='bbox 3418 1890 3484 1941; x_wconf 84' lang='grc' dir='ltr'>ὲκ</span> <span class='ocrx_word' id='word_1_240' title='bbox 3514 1887 3624 1941; x_wconf 88' lang='grc' dir='ltr'><strong>τῶν</strong></span> <span class='ocrx_word' id='word_1_241' title='bbox 3677 1887 3941 1939; x_wconf 86' lang='grc' dir='ltr'>πλειόνων</span> 
     </span>
    </p>
   </div>
   <div class='ocr_carea' id='block_1_34' title="bbox 663 1967 2266 2082">
    <p class='ocr_par' dir='ltr' id='par_1_34' title="bbox 663 1995 2244 2082">
     <span class='ocr_line' id='line_1_34' title="bbox 663 1995 2244 2082; baseline 0 -33"><span class='ocrx_word' id='word_1_242' title='bbox 663 2004 829 2058; x_wconf 86' lang='lat' dir='ltr'><strong>astat,</strong></span> <span class='ocrx_word' id='word_1_243' title='bbox 863 2011 1027 2050; x_wconf 87' lang='lat' dir='ltr'><strong>aurea</strong></span> <span class='ocrx_word' id='word_1_244' title='bbox 1064 1997 1286 2050; x_wconf 90' lang='lat' dir='ltr'><strong>virtutis</strong></span> <span class='ocrx_word' id='word_1_245' title='bbox 1316 1997 1521 2051; x_wconf 90' lang='lat' dir='ltr'><strong>mundo</strong></span> <span class='ocrx_word' id='word_1_246' title='bbox 1550 2004 1743 2051; x_wconf 90' lang='lat' dir='ltr'><strong>ornata</strong></span> <span class='ocrx_word' id='word_1_247' title='bbox 1763 2037 1777 2061; x_wconf 97' lang='lat'><strong>,</strong></span> <span class='ocrx_word' id='word_1_248' title='bbox 1812 1996 2095 2082; x_wconf 43' lang='lat' dir='ltr'><strong>cujus&#39;rex</strong></span> <span class='ocrx_word' id='word_1_249' title='bbox 2122 1995 2244 2066; x_wconf 90' lang='lat' dir='ltr'><strong>pul-</strong></span> 
     </span>
    </p>
   </div>
   <div class='ocr_carea' id='block_1_35' title="bbox 2354 1967 3941 2082">
    <p class='ocr_par' dir='ltr' id='par_1_35' title="bbox 2354 1977 3941 2055">
     <span class='ocr_line' id='line_1_35' title="bbox 2354 1977 3941 2055; baseline -0.006 -18"><span class='ocrx_word' id='word_1_250' title='bbox 2354 1983 2732 2055; x_wconf 79' lang='grc' dir='ltr'><strong>παρισταμένη</strong></span> <span class='ocrx_word' id='word_1_251' title='bbox 2762 1982 2827 2036; x_wconf 77' lang='grc' dir='ltr'>ὲκ</span> <span class='ocrx_word' id='word_1_252' title='bbox 2862 1979 3051 2047; x_wconf 82' lang='grc' dir='ltr'>δεξιῶν</span> <span class='ocrx_word' id='word_1_253' title='bbox 3100 1980 3385 2051; x_wconf 85' lang='grc' dir='ltr'>βασίλισσα</span> <span class='ocrx_word' id='word_1_254' title='bbox 3418 1978 3511 2033; x_wconf 89' lang='grc' dir='ltr'><strong>τοῦ</strong></span> <span class='ocrx_word' id='word_1_255' title='bbox 3550 1977 3684 2032; x_wconf 84' lang='grc' dir='ltr'><strong>Θεοῦ</strong></span> <span class='ocrx_word' id='word_1_256' title='bbox 3729 1977 3941 2049; x_wconf 83' lang='grc' dir='ltr'>μερῶν,</span> 
     </span>
    </p>
   </div>
   <div class='ocr_carea' id='block_1_36' title="bbox 663 2086 2240 2159">
    <p class='ocr_par' dir='ltr' id='par_1_36' title="bbox 663 2086 2240 2159">
     <span class='ocr_line' id='line_1_36' title="bbox 663 2086 2240 2159; baseline -0.001 -18"><span class='ocrx_word' id='word_1_257' title='bbox 663 2086 1031 2142; x_wconf 84' lang='lat' dir='ltr'><strong>chritudinem</strong></span> <span class='ocrx_word' id='word_1_258' title='bbox 1061 2088 1376 2159; x_wconf 85' lang='lat' dir='ltr'><strong>concupivit</strong></span> <span class='ocrx_word' id='word_1_259' title='bbox 1407 2089 1483 2156; x_wconf 78' lang='lat'><strong>“,</strong></span> <span class='ocrx_word' id='word_1_260' title='bbox 1520 2105 1651 2144; x_wconf 89' lang='lat' dir='ltr'><strong>caro</strong></span> <span class='ocrx_word' id='word_1_261' title='bbox 1688 2099 1806 2154; x_wconf 88' lang='lat' dir='ltr'><strong>est,</strong></span> <span class='ocrx_word' id='word_1_262' title='bbox 1842 2090 1920 2143; x_wconf 91' lang='lat' dir='ltr'><strong>uti</strong></span> <span class='ocrx_word' id='word_1_263' title='bbox 1952 2089 2201 2144; x_wconf 83' lang='lat' dir='ltr'><strong>dicebam</strong></span> <span class='ocrx_word' id='word_1_264' title='bbox 2223 2127 2240 2153; x_wconf 91' lang='lat'><strong>,</strong></span> 
     </span>
    </p>
   </div>
   <div class='ocr_carea' id='block_1_37' title="bbox 664 2176 2242 2252">
    <p class='ocr_par' dir='ltr' id='par_1_37' title="bbox 664 2176 2242 2252">
     <span class='ocr_line' id='line_1_37' title="bbox 664 2176 2242 2252; baseline -0.001 -18"><span class='ocrx_word' id='word_1_265' title='bbox 664 2176 986 2237; x_wconf 79' lang='lat' dir='ltr'><strong>intemerata</strong></span> <span class='ocrx_word' id='word_1_266' title='bbox 1011 2180 1102 2234; x_wconf 90' lang='lat' dir='ltr'><strong>illa</strong></span> <span class='ocrx_word' id='word_1_267' title='bbox 1144 2190 1196 2236; x_wconf 92' lang='lat' dir='ltr'><strong>et</strong></span> <span class='ocrx_word' id='word_1_268' title='bbox 1229 2180 1382 2235; x_wconf 89' lang='lat' dir='ltr'><strong>beata</strong></span> <span class='ocrx_word' id='word_1_269' title='bbox 1410 2221 1425 2245; x_wconf 86' lang='lat'><strong>,</strong></span> <span class='ocrx_word' id='word_1_270' title='bbox 1469 2196 1635 2251; x_wconf 84' lang='lat' dir='ltr'><strong>quam</strong></span> <span class='ocrx_word' id='word_1_271' title='bbox 1670 2181 1787 2252; x_wconf 89' lang='lat' dir='ltr'><strong>ipse</strong></span> <span class='ocrx_word' id='word_1_272' title='bbox 1823 2178 1967 2236; x_wconf 85' lang='lat' dir='ltr'><strong>Dens</strong></span> <span class='ocrx_word' id='word_1_273' title='bbox 2000 2178 2242 2234; x_wconf 74' lang='lat' dir='ltr'><strong>Verbum</strong></span> 
     </span>
    </p>
   </div>
   <div class='ocr_carea' id='block_1_38' title="bbox 662 2270 2248 2327">
    <p class='ocr_par' dir='ltr' id='par_1_38' title="bbox 662 2270 2248 2327">
     <span class='ocr_line' id='line_1_38' title="bbox 662 2270 2248 2327; baseline 0.001 -4"><span class='ocrx_word' id='word_1_274' title='bbox 662 2270 820 2324; x_wconf 61' lang='lat' dir='ltr'><strong>caelis</strong></span> <span class='ocrx_word' id='word_1_275' title='bbox 849 2270 1120 2325; x_wconf 82' lang='lat' dir='ltr'><strong>invectam</strong></span> <span class='ocrx_word' id='word_1_276' title='bbox 1160 2287 1190 2325; x_wconf 93' lang='lat' dir='ltr'><strong>a</strong></span> <span class='ocrx_word' id='word_1_277' title='bbox 1233 2270 1445 2327; x_wconf 81' lang='lat' dir='ltr'><strong>dextris</strong></span> <span class='ocrx_word' id='word_1_278' title='bbox 1483 2271 1664 2327; x_wconf 82' lang='lat' dir='ltr'><strong>Patris</strong></span> <span class='ocrx_word' id='word_1_279' title='bbox 1710 2272 1999 2327; x_wconf 83' lang='lat' dir='ltr'><strong>collocavit</strong></span> <span class='ocrx_word' id='word_1_280' title='bbox 2039 2270 2248 2325; x_wconf 86' lang='lat' dir='ltr'><strong>auratis</strong></span> 
     </span>
    </p>
   </div>
   <div class='ocr_carea' id='block_1_39' title="bbox 660 2360 2246 2430">
    <p class='ocr_par' dir='ltr' id='par_1_39' title="bbox 660 2360 2246 2430">
     <span class='ocr_line' id='line_1_39' title="bbox 660 2360 2246 2430; baseline 0.001 -17"><span class='ocrx_word' id='word_1_281' title='bbox 660 2361 908 2415; x_wconf 77' lang='lat' dir='ltr'><strong>vestibus</strong></span> <span class='ocrx_word' id='word_1_282' title='bbox 937 2361 1216 2427; x_wconf 89' lang='lat' dir='ltr'><strong>decoram,</strong></span> <span class='ocrx_word' id='word_1_283' title='bbox 1247 2363 1304 2416; x_wconf 92' lang='lat' dir='ltr'><strong>in</strong></span> <span class='ocrx_word' id='word_1_284' title='bbox 1337 2360 1535 2416; x_wconf 91' lang='lat' dir='ltr'><strong>studiis</strong></span> <span class='ocrx_word' id='word_1_285' title='bbox 1560 2362 1770 2417; x_wconf 88' lang='lat' dir='ltr'><strong>scilicet</strong></span> <span class='ocrx_word' id='word_1_286' title='bbox 1794 2361 2246 2430; x_wconf 85' lang='lat' dir='ltr'><strong>incorruptionis,</strong></span> 
     </span>
    </p>
   </div>
   <div class='ocr_carea' id='block_1_40' title="bbox 661 2452 2247 2525">
    <p class='ocr_par' dir='ltr' id='par_1_40' title="bbox 661 2452 2247 2525">
     <span class='ocr_line' id='line_1_40' title="bbox 661 2452 2247 2525; baseline 0 -20"><span class='ocrx_word' id='word_1_287' title='bbox 661 2468 784 2525; x_wconf 72' lang='lat' dir='ltr'><strong>qua:</strong></span> <span class='ocrx_word' id='word_1_288' title='bbox 815 2453 1117 2522; x_wconf 86' lang='lat' dir='ltr'><strong>symbolice</strong></span> <span class='ocrx_word' id='word_1_289' title='bbox 1154 2453 1371 2507; x_wconf 90' lang='lat' dir='ltr'><strong>vocavit</strong></span> <span class='ocrx_word' id='word_1_290' title='bbox 1398 2452 1640 2521; x_wconf 77' lang='lat' dir='ltr'><strong>ﬁmbrias</strong></span> <span class='ocrx_word' id='word_1_291' title='bbox 1667 2468 1881 2516; x_wconf 76' lang='lat' dir='ltr'><strong>aureas,</strong></span> <span class='ocrx_word' id='word_1_292' title='bbox 1906 2452 2054 2522; x_wconf 91' lang='lat' dir='ltr'><strong>quod</strong></span> <span class='ocrx_word' id='word_1_293' title='bbox 2080 2452 2247 2507; x_wconf 83' lang='lat' dir='ltr'><strong>nimi-</strong></span> 
     </span>
    </p>
   </div>
   <div class='ocr_carea' id='block_1_41' title="bbox 660 2543 2251 2614">
    <p class='ocr_par' dir='ltr' id='par_1_41' title="bbox 660 2543 2251 2614">
     <span class='ocr_line' id='line_1_41' title="bbox 660 2543 2251 2614; baseline 0 -14"><span class='ocrx_word' id='word_1_294' title='bbox 660 2560 784 2600; x_wconf 85' lang='lat' dir='ltr'><strong>rum</strong></span> <span class='ocrx_word' id='word_1_295' title='bbox 812 2544 1192 2599; x_wconf 88' lang='lat' dir='ltr'><strong>indumentum</strong></span> <span class='ocrx_word' id='word_1_296' title='bbox 1232 2543 1372 2607; x_wconf 89' lang='lat' dir='ltr'><strong>hoc,</strong></span> <span class='ocrx_word' id='word_1_297' title='bbox 1422 2545 1591 2599; x_wconf 90' lang='lat' dir='ltr'><strong>variis</strong></span> <span class='ocrx_word' id='word_1_298' title='bbox 1637 2559 1706 2597; x_wconf 77' lang='lat' dir='ltr'><strong>ex</strong></span> <span class='ocrx_word' id='word_1_299' title='bbox 1749 2545 2081 2609; x_wconf 82' lang='lat' dir='ltr'><strong>virtutibus,</strong></span> <span class='ocrx_word' id='word_1_300' title='bbox 2119 2553 2251 2614; x_wconf 91' lang='lat' dir='ltr'><strong>puta</strong></span> 
     </span>
    </p>
   </div>
   <div class='ocr_carea' id='block_1_42' title="bbox 660 2634 2251 2706">
    <p class='ocr_par' dir='ltr' id='par_1_42' title="bbox 660 2634 2251 2706">
     <span class='ocr_line' id='line_1_42' title="bbox 660 2634 2251 2706; baseline -0.003 -11"><span class='ocrx_word' id='word_1_301' title='bbox 660 2638 942 2703; x_wconf 83' lang='lat' dir='ltr'><strong>castitate,</strong></span> <span class='ocrx_word' id='word_1_302' title='bbox 973 2634 1265 2706; x_wconf 85' lang='lat' dir='ltr'><strong>prudentia</strong></span> <span class='ocrx_word' id='word_1_303' title='bbox 1284 2676 1298 2700; x_wconf 93' lang='lat'><strong>,</strong></span> <span class='ocrx_word' id='word_1_304' title='bbox 1324 2635 1449 2699; x_wconf 87' lang='lat' dir='ltr'><strong>lide,</strong></span> <span class='ocrx_word' id='word_1_305' title='bbox 1481 2636 1750 2691; x_wconf 91' lang='lat' dir='ltr'><strong>cbaritate</strong></span> <span class='ocrx_word' id='word_1_306' title='bbox 1775 2675 1789 2699; x_wconf 91' lang='lat'><strong>,</strong></span> <span class='ocrx_word' id='word_1_307' title='bbox 1826 2637 2123 2705; x_wconf 87' lang='lat' dir='ltr'><strong>patientia,</strong></span> <span class='ocrx_word' id='word_1_308' title='bbox 2151 2637 2251 2691; x_wconf 85' lang='lat' dir='ltr'><strong>bo-</strong></span> 
     </span>
    </p>
   </div>
   <div class='ocr_carea' id='block_1_43' title="bbox 664 2728 2248 2799">
    <p class='ocr_par' dir='ltr' id='par_1_43' title="bbox 664 2728 2248 2799">
     <span class='ocr_line' id='line_1_43' title="bbox 664 2728 2248 2799; baseline -0.003 -15"><span class='ocrx_word' id='word_1_309' title='bbox 664 2729 863 2799; x_wconf 84' lang='lat' dir='ltr'><strong>nisque</strong></span> <span class='ocrx_word' id='word_1_310' title='bbox 906 2728 1136 2797; x_wconf 89' lang='lat' dir='ltr'><strong>reliquis</strong></span> <span class='ocrx_word' id='word_1_311' title='bbox 1165 2765 1180 2791; x_wconf 90' lang='lat'><strong>,</strong></span> <span class='ocrx_word' id='word_1_312' title='bbox 1231 2728 1543 2798; x_wconf 88' lang='lat' dir='ltr'><strong>variegatur</strong></span> <span class='ocrx_word' id='word_1_313' title='bbox 1592 2735 1646 2783; x_wconf 87' lang='lat' dir='ltr'><strong>et</strong></span> <span class='ocrx_word' id='word_1_314' title='bbox 1694 2728 1853 2797; x_wconf 91' lang='lat' dir='ltr'><strong>quasi</strong></span> <span class='ocrx_word' id='word_1_315' title='bbox 1902 2728 2248 2795; x_wconf 79' lang='lat' dir='ltr'><strong>contexitur;</strong></span> 
     </span>
    </p>
   </div>
   <div class='ocr_carea' id='block_1_44' title="bbox 662 2820 2247 2891">
    <p class='ocr_par' dir='ltr' id='par_1_44' title="bbox 662 2820 2247 2891">
     <span class='ocr_line' id='line_1_44' title="bbox 662 2820 2247 2891; baseline 0.003 -16"><span class='ocrx_word' id='word_1_316' title='bbox 662 2836 787 2891; x_wconf 73' lang='lat' dir='ltr'><strong>quae</strong></span> <span class='ocrx_word' id='word_1_317' title='bbox 815 2822 977 2891; x_wconf 88' lang='lat' dir='ltr'><strong>plane</strong></span> <span class='ocrx_word' id='word_1_318' title='bbox 1022 2820 1322 2891; x_wconf 83' lang='lat' dir='ltr'><strong>Operientia</strong></span> <span class='ocrx_word' id='word_1_319' title='bbox 1370 2821 1556 2877; x_wconf 88' lang='lat' dir='ltr'><strong>carnis</strong></span> <span class='ocrx_word' id='word_1_320' title='bbox 1586 2822 1982 2891; x_wconf 88' lang='lat' dir='ltr'><strong>turpitudinem</strong></span> <span class='ocrx_word' id='word_1_321' title='bbox 2007 2861 2023 2889; x_wconf 95' lang='lat'><strong>,</strong></span> <span class='ocrx_word' id='word_1_322' title='bbox 2076 2836 2247 2879; x_wconf 88' lang='lat' dir='ltr'><strong>aureo</strong></span> 
     </span>
    </p>
   </div>
   <div class='ocr_carea' id='block_1_45' title="bbox 665 2910 1869 2985">
    <p class='ocr_par' dir='ltr' id='par_1_45' title="bbox 665 2910 1869 2985">
     <span class='ocr_line' id='line_1_45' title="bbox 665 2910 1869 2985; baseline 0.002 -18"><span class='ocrx_word' id='word_1_323' title='bbox 665 2910 943 2969; x_wconf 67' lang='lat' dir='ltr'><strong>honrinem</strong></span> <span class='ocrx_word' id='word_1_324' title='bbox 978 2911 1185 2967; x_wconf 90' lang='lat' dir='ltr'><strong>mundo</strong></span> <span class='ocrx_word' id='word_1_325' title='bbox 1210 2912 1473 2985; x_wconf 89' lang='lat' dir='ltr'><strong>cultuque</strong></span> <span class='ocrx_word' id='word_1_326' title='bbox 1502 2916 1869 2969; x_wconf 89' lang='lat' dir='ltr'><strong>convestiunt.</strong></span> 
     </span>
    </p>
   </div>
   <div class='ocr_carea' id='block_1_46' title="bbox 2349 2067 3940 2146">
    <p class='ocr_par' dir='ltr' id='par_1_46' title="bbox 2349 2067 3940 2146">
     <span class='ocr_line' id='line_1_46' title="bbox 2349 2067 3940 2146; baseline -0.006 -17"><span class='ocrx_word' id='word_1_327' title='bbox 2349 2077 2382 2146; x_wconf 84' lang='grc' dir='ltr'>ἠ</span> <span class='ocrx_word' id='word_1_328' title='bbox 2416 2074 2493 2145; x_wconf 84' lang='grc' dir='ltr'><strong>τῷ</strong></span> <span class='ocrx_word' id='word_1_329' title='bbox 2517 2072 2795 2145; x_wconf 82' lang='grc' dir='ltr'>διαχρύσῳ</span> <span class='ocrx_word' id='word_1_330' title='bbox 2835 2073 2935 2145; x_wconf 82' lang='grc' dir='ltr'><strong>τῆς</strong></span> <span class='ocrx_word' id='word_1_331' title='bbox 2977 2070 3179 2144; x_wconf 84' lang='grc' dir='ltr'>ἀρετῆς</span> <span class='ocrx_word' id='word_1_332' title='bbox 3221 2072 3412 2143; x_wconf 85' lang='grc' dir='ltr'>κόσμῳ</span> <span class='ocrx_word' id='word_1_333' title='bbox 3450 2067 3940 2139; x_wconf 79' lang='grc' dir='ltr'>κατεστολισμένη,</span> 
     </span>
    </p>
   </div>
   <div class='ocr_carea' id='block_1_47' title="bbox 2348 2161 3943 2241">
    <p class='ocr_par' dir='ltr' id='par_1_47' title="bbox 2348 2161 3943 2241">
     <span class='ocr_line' id='line_1_47' title="bbox 2348 2161 3943 2241; baseline -0.007 -19"><span class='ocrx_word' id='word_1_334' title='bbox 2348 2166 2416 2241; x_wconf 79' lang='grc' dir='ltr'>ἧς</span> <span class='ocrx_word' id='word_1_335' title='bbox 2449 2166 2768 2238; x_wconf 74' lang='grc' dir='ltr'>ἐπεθύμησε</span> <span class='ocrx_word' id='word_1_336' title='bbox 2798 2164 2893 2217; x_wconf 88' lang='grc' dir='ltr'><strong>τοῦ</strong></span> <span class='ocrx_word' id='word_1_337' title='bbox 2925 2163 3156 2227; x_wconf 75' lang='grc' dir='ltr'><strong>κάλλους</strong></span> <span class='ocrx_word' id='word_1_338' title='bbox 3177 2165 3207 2216; x_wconf 85' lang='grc' dir='ltr'><strong>ό</strong></span> <span class='ocrx_word' id='word_1_339' title='bbox 3234 2163 3506 2233; x_wconf 78' lang='grc' dir='ltr'>βασιλεὺς,</span> <span class='ocrx_word' id='word_1_340' title='bbox 3535 2165 3567 2233; x_wconf 80' lang='grc' dir='ltr'><strong>ἠ</strong></span> <span class='ocrx_word' id='word_1_341' title='bbox 3596 2161 3734 2233; x_wconf 76' lang='grc' dir='ltr'>σάρξ</span> <span class='ocrx_word' id='word_1_342' title='bbox 3767 2163 3943 2227; x_wconf 73' lang='grc' dir='ltr'>εστιν,</span> 
     </span>
    </p>
   </div>
   <div class='ocr_carea' id='block_1_48' title="bbox 2348 2250 3945 2330">
    <p class='ocr_par' dir='ltr' id='par_1_48' title="bbox 2348 2250 3945 2330">
     <span class='ocr_line' id='line_1_48' title="bbox 2348 2250 3945 2330; baseline -0.005 -19"><span class='ocrx_word' id='word_1_343' title='bbox 2348 2259 2426 2323; x_wconf 83' lang='grc' dir='ltr'>ὡς</span> <span class='ocrx_word' id='word_1_344' title='bbox 2457 2258 2617 2330; x_wconf 73' lang='grc' dir='ltr'>ἔφην,</span> <span class='ocrx_word' id='word_1_345' title='bbox 2649 2258 2683 2326; x_wconf 82' lang='grc' dir='ltr'><strong>ὴ</strong></span> <span class='ocrx_word' id='word_1_346' title='bbox 2716 2256 2983 2328; x_wconf 78' lang='grc' dir='ltr'>ἄχραντος</span> <span class='ocrx_word' id='word_1_347' title='bbox 3021 2255 3207 2325; x_wconf 78' lang='grc' dir='ltr'>ἐκείνη</span> <span class='ocrx_word' id='word_1_348' title='bbox 3241 2255 3347 2307; x_wconf 63' lang='grc' dir='ltr'><strong>καῖ</strong></span> <span class='ocrx_word' id='word_1_349' title='bbox 3376 2254 3645 2324; x_wconf 72' lang='grc' dir='ltr'>μακαρία,</span> <span class='ocrx_word' id='word_1_350' title='bbox 3670 2253 3738 2321; x_wconf 77' lang='grc' dir='ltr'>ἠν</span> <span class='ocrx_word' id='word_1_351' title='bbox 3777 2250 3945 2316; x_wconf 75' lang='grc' dir='ltr'>αὐτὸς</span> 
     </span>
    </p>
   </div>
   <div class='ocr_carea' id='block_1_49' title="bbox 2349 2343 3945 2423">
    <p class='ocr_par' dir='ltr' id='par_1_49' title="bbox 2349 2343 3945 2423">
     <span class='ocr_line' id='line_1_49' title="bbox 2349 2343 3945 2423; baseline -0.008 -16"><span class='ocrx_word' id='word_1_352' title='bbox 2349 2352 2689 2423; x_wconf 85' lang='grc' dir='ltr'>ἀνακομίσας</span> <span class='ocrx_word' id='word_1_353' title='bbox 2715 2352 2745 2403; x_wconf 88' lang='grc' dir='ltr'><strong>ό</strong></span> <span class='ocrx_word' id='word_1_354' title='bbox 2785 2350 2957 2418; x_wconf 86' lang='grc' dir='ltr'>Λόγος</span> <span class='ocrx_word' id='word_1_355' title='bbox 2999 2350 3080 2414; x_wconf 87' lang='grc' dir='ltr'><strong>είς</strong></span> <span class='ocrx_word' id='word_1_356' title='bbox 3115 2348 3401 2420; x_wconf 80' lang='grc' dir='ltr'>οὐρανοὺς,</span> <span class='ocrx_word' id='word_1_357' title='bbox 3438 2348 3503 2399; x_wconf 81' lang='grc' dir='ltr'>ὲκ</span> <span class='ocrx_word' id='word_1_358' title='bbox 3542 2344 3731 2411; x_wconf 84' lang='grc' dir='ltr'>δεξιῶν</span> <span class='ocrx_word' id='word_1_359' title='bbox 3766 2343 3945 2417; x_wconf 71' lang='grc' dir='ltr'>παρι-</span> 
     </span>
    </p>
   </div>
   <div class='ocr_carea' id='block_1_50' title="bbox 2351 2436 3945 2515">
    <p class='ocr_par' dir='ltr' id='par_1_50' title="bbox 2351 2436 3945 2515">
     <span class='ocr_line' id='line_1_50' title="bbox 2351 2436 3945 2515; baseline -0.006 -18"><span class='ocrx_word' id='word_1_360' title='bbox 2351 2462 2517 2515; x_wconf 88' lang='grc' dir='ltr'>στησε</span> <span class='ocrx_word' id='word_1_361' title='bbox 2546 2443 2640 2497; x_wconf 92' lang='grc' dir='ltr'><strong>τοῦ</strong></span> <span class='ocrx_word' id='word_1_362' title='bbox 2675 2442 2907 2515; x_wconf 80' lang='grc' dir='ltr'>Πατρὸς,</span> <span class='ocrx_word' id='word_1_363' title='bbox 2940 2442 2998 2495; x_wconf 97' lang='lat' dir='ltr'><strong>tv</strong></span> <span class='ocrx_word' id='word_1_364' title='bbox 3038 2439 3322 2513; x_wconf 79' lang='grc' dir='ltr'>ἱματισμῷ</span> <span class='ocrx_word' id='word_1_365' title='bbox 3350 2436 3628 2509; x_wconf 83' lang='grc' dir='ltr'>διαχρύσῳ</span> <span class='ocrx_word' id='word_1_366' title='bbox 3659 2450 3945 2505; x_wconf 86' lang='grc' dir='ltr'>κεκοσμη-</span> 
     </span>
    </p>
   </div>
   <div class='ocr_carea' id='block_1_51' title="bbox 2354 2527 3945 2607">
    <p class='ocr_par' dir='ltr' id='par_1_51' title="bbox 2354 2527 3945 2607">
     <span class='ocr_line' id='line_1_51' title="bbox 2354 2527 3945 2607; baseline -0.007 -17"><span class='ocrx_word' id='word_1_367' title='bbox 2354 2538 2556 2607; x_wconf 80' lang='grc' dir='ltr'>μένην·</span> <span class='ocrx_word' id='word_1_368' title='bbox 2596 2536 2625 2589; x_wconf 72' lang='lat' dir='ltr'><strong>ii</strong></span> <span class='ocrx_word' id='word_1_369' title='bbox 2653 2536 2719 2607; x_wconf 86' lang='grc' dir='ltr'>δή</span> <span class='ocrx_word' id='word_1_370' title='bbox 2754 2536 2925 2599; x_wconf 76' lang='grc' dir='ltr'>ἐστιν,</span> <span class='ocrx_word' id='word_1_371' title='bbox 2968 2536 3025 2586; x_wconf 91' lang='lat' dir='ltr'><strong>tv</strong></span> <span class='ocrx_word' id='word_1_372' title='bbox 3058 2532 3453 2603; x_wconf 75' lang='grc' dir='ltr'>ἐπιτηδεύμασι</span> <span class='ocrx_word' id='word_1_373' title='bbox 3476 2531 3574 2601; x_wconf 82' lang='grc' dir='ltr'><strong>τῆς</strong></span> <span class='ocrx_word' id='word_1_374' title='bbox 3607 2527 3945 2599; x_wconf 83' lang='grc' dir='ltr'>ἀφθαρσίας,</span> 
     </span>
    </p>
   </div>
   <div class='ocr_carea' id='block_1_52' title="bbox 2346 2618 3947 2697">
    <p class='ocr_par' dir='ltr' id='par_1_52' title="bbox 2346 2618 3947 2697">
     <span class='ocr_line' id='line_1_52' title="bbox 2346 2618 3947 2697; baseline -0.006 -17"><span class='ocrx_word' id='word_1_375' title='bbox 2346 2626 2382 2680; x_wconf 81' lang='grc' dir='ltr'><strong>ἀ</strong></span> <span class='ocrx_word' id='word_1_376' title='bbox 2422 2626 2767 2697; x_wconf 72' lang='grc' dir='ltr'>συμϐολικῶς</span> <span class='ocrx_word' id='word_1_377' title='bbox 2793 2626 2962 2696; x_wconf 74' lang='grc' dir='ltr'>ἔφησε</span> <span class='ocrx_word' id='word_1_378' title='bbox 2994 2623 3196 2695; x_wconf 81' lang='grc' dir='ltr'><strong>χρυσᾶ</strong></span> <span class='ocrx_word' id='word_1_379' title='bbox 3225 2622 3560 2692; x_wconf 79' lang='grc' dir='ltr'>κροσσωτά.</span> <span class='ocrx_word' id='word_1_380' title='bbox 3593 2620 3809 2690; x_wconf 78' lang='grc' dir='ltr'>Ἐπειδὴ</span> <span class='ocrx_word' id='word_1_381' title='bbox 3835 2618 3947 2690; x_wconf 76' lang='grc' dir='ltr'>γὰρ</span> 
     </span>
    </p>
   </div>
   <div class='ocr_carea' id='block_1_53' title="bbox 2348 2711 3947 2782">
    <p class='ocr_par' dir='ltr' id='par_1_53' title="bbox 2348 2711 3947 2782">
     <span class='ocr_line' id='line_1_53' title="bbox 2348 2711 3947 2782; baseline -0.006 -10"><span class='ocrx_word' id='word_1_382' title='bbox 2348 2721 2413 2773; x_wconf 78' lang='grc' dir='ltr'>ἐκ</span> <span class='ocrx_word' id='word_1_383' title='bbox 2450 2717 2712 2771; x_wconf 81' lang='grc' dir='ltr'>ποικίλων</span> <span class='ocrx_word' id='word_1_384' title='bbox 2739 2717 3073 2770; x_wconf 81' lang='grc' dir='ltr'>ποικίλλεται</span> <span class='ocrx_word' id='word_1_385' title='bbox 3101 2715 3263 2768; x_wconf 85' lang='grc' dir='ltr'>τοῦτο</span> <span class='ocrx_word' id='word_1_386' title='bbox 3303 2714 3399 2768; x_wconf 76' lang='grc' dir='ltr'>καὶ</span> <span class='ocrx_word' id='word_1_387' title='bbox 3441 2711 3947 2782; x_wconf 80' lang='grc' dir='ltr'>συγκαθυφαίνεται</span> 
     </span>
    </p>
   </div>
   <div class='ocr_carea' id='block_1_54' title="bbox 2350 2803 3944 2882">
    <p class='ocr_par' dir='ltr' id='par_1_54' title="bbox 2350 2803 3944 2882">
     <span class='ocr_line' id='line_1_54' title="bbox 2350 2803 3944 2882; baseline -0.006 -17"><span class='ocrx_word' id='word_1_388' title='bbox 2350 2811 2792 2882; x_wconf 80' lang='grc' dir='ltr'><strong>κατορθωμάτων</strong></span> <span class='ocrx_word' id='word_1_389' title='bbox 2814 2810 2875 2863; x_wconf 84' lang='grc' dir='ltr'><strong>τὸ</strong></span> <span class='ocrx_word' id='word_1_390' title='bbox 2897 2810 3101 2880; x_wconf 77' lang='grc' dir='ltr'>ἔνδυμα</span> <span class='ocrx_word' id='word_1_391' title='bbox 3149 2803 3290 2873; x_wconf 75' lang='grc' dir='ltr'>(οἷον</span> <span class='ocrx_word' id='word_1_392' title='bbox 3327 2807 3571 2875; x_wconf 83' lang='grc' dir='ltr'>ἁγνείας,</span> <span class='ocrx_word' id='word_1_393' title='bbox 3602 2808 3944 2876; x_wconf 83' lang='grc' dir='ltr'>φρονήσεως,</span> 
     </span>
    </p>
   </div>
   <div class='ocr_carea' id='block_1_55' title="bbox 2352 2895 3949 2972">
    <p class='ocr_par' dir='ltr' id='par_1_55' title="bbox 2352 2895 3949 2972">
     <span class='ocr_line' id='line_1_55' title="bbox 2352 2895 3949 2972; baseline -0.005 -17"><span class='ocrx_word' id='word_1_394' title='bbox 2352 2903 2610 2965; x_wconf 85' lang='grc' dir='ltr'>πίστεως,</span> <span class='ocrx_word' id='word_1_395' title='bbox 2638 2901 2896 2972; x_wconf 86' lang='grc' dir='ltr'>ἀγάπης,</span> <span class='ocrx_word' id='word_1_396' title='bbox 2939 2899 3237 2969; x_wconf 82' lang='grc' dir='ltr'>ὑπομονῆς,</span> <span class='ocrx_word' id='word_1_397' title='bbox 3281 2898 3379 2951; x_wconf 79' lang='grc' dir='ltr'>καὶ</span> <span class='ocrx_word' id='word_1_398' title='bbox 3415 2897 3525 2951; x_wconf 87' lang='grc' dir='ltr'><strong>τῶν</strong></span> <span class='ocrx_word' id='word_1_399' title='bbox 3567 2895 3767 2949; x_wconf 79' lang='grc' dir='ltr'>λοιπῶν</span> <span class='ocrx_word' id='word_1_400' title='bbox 3809 2896 3949 2961; x_wconf 84' lang='grc' dir='ltr'>ἀγα-</span> 
     </span>
    </p>
   </div>
   <div class='ocr_carea' id='block_1_56' title="bbox 2347 2986 3947 3064">
    <p class='ocr_par' dir='ltr' id='par_1_56' title="bbox 2347 2986 3947 3064">
     <span class='ocr_line' id='line_1_56' title="bbox 2347 2986 3947 3064; baseline -0.004 -19"><span class='ocrx_word' id='word_1_401' title='bbox 2347 2992 2477 3064; x_wconf 88' lang='grc' dir='ltr'>θῶν)</span> <span class='ocrx_word' id='word_1_402' title='bbox 2500 3010 2513 3022; x_wconf 84' lang='grc'>·</span> <span class='ocrx_word' id='word_1_403' title='bbox 2560 2990 2598 3046; x_wconf 77' lang='grc' dir='ltr'><strong>ἀ</strong></span> <span class='ocrx_word' id='word_1_404' title='bbox 2639 2991 2726 3063; x_wconf 77' lang='grc' dir='ltr'>δὴ,</span> <span class='ocrx_word' id='word_1_405' title='bbox 2759 2990 3245 3043; x_wconf 86' lang='grc' dir='ltr'>κατακαλύπτοντα</span> <span class='ocrx_word' id='word_1_406' title='bbox 3288 2989 3387 3061; x_wconf 85' lang='grc' dir='ltr'><strong>τὴν</strong></span> <span class='ocrx_word' id='word_1_407' title='bbox 3425 2986 3812 3059; x_wconf 85' lang='grc' dir='ltr'>ἀσχημοσύνην</span> <span class='ocrx_word' id='word_1_408' title='bbox 3847 2987 3947 3057; x_wconf 82' lang='grc' dir='ltr'>τῆς</span> 
     </span>
    </p>
   </div>
   <div class='ocr_carea' id='block_1_57' title="bbox 2352 3080 3681 3159">
    <p class='ocr_par' dir='ltr' id='par_1_57' title="bbox 2352 3080 3681 3159">
     <span class='ocr_line' id='line_1_57' title="bbox 2352 3080 3681 3159; baseline -0.001 -19"><span class='ocrx_word' id='word_1_409' title='bbox 2352 3085 2576 3159; x_wconf 80' lang='grc' dir='ltr'>σαρκὸς,</span> <span class='ocrx_word' id='word_1_410' title='bbox 2600 3086 2798 3155; x_wconf 83' lang='grc' dir='ltr'>κοσμεῖ</span> <span class='ocrx_word' id='word_1_411' title='bbox 2824 3083 2915 3136; x_wconf 86' lang='grc' dir='ltr'><strong>τὸν</strong></span> <span class='ocrx_word' id='word_1_412' title='bbox 2944 3081 3230 3155; x_wconf 79' lang='grc' dir='ltr'>ἄνθρωπον</span> <span class='ocrx_word' id='word_1_413' title='bbox 3255 3082 3445 3153; x_wconf 85' lang='grc' dir='ltr'>κόσμῳ</span> <span class='ocrx_word' id='word_1_414' title='bbox 3474 3080 3681 3154; x_wconf 78' lang='grc' dir='ltr'>χρυσῷ.</span> 
     </span>
    </p>
   </div>
   <div class='ocr_carea' id='block_1_58' title="bbox 1472 3196 3054 3273">
    <p class='ocr_par' dir='ltr' id='par_1_58' title="bbox 1472 3196 3054 3273">
     <span class='ocr_line' id='line_1_58' title="bbox 1472 3196 3054 3273; baseline 0 -20"><span class='ocrx_word' id='word_1_415' title='bbox 1472 3196 1603 3253; x_wconf 66' lang='lat' dir='ltr'><strong>Car.</strong></span> <span class='ocrx_word' id='word_1_416' title='bbox 1636 3196 1727 3255; x_wconf 82' lang='lat' dir='ltr'><strong>IX.</strong></span> <span class='ocrx_word' id='word_1_417' title='bbox 1770 3197 2007 3270; x_wconf 79' lang='lat' dir='ltr'><strong>Virgines</strong></span> <span class='ocrx_word' id='word_1_418' title='bbox 2034 3201 2215 3254; x_wconf 79' lang='lat' dir='ltr'><strong>statim</strong></span> <span class='ocrx_word' id='word_1_419' title='bbox 2240 3212 2358 3272; x_wconf 81' lang='lat' dir='ltr'><strong>post</strong></span> <span class='ocrx_word' id='word_1_420' title='bbox 2392 3201 2647 3273; x_wconf 80' lang='lat' dir='ltr'><strong>Reginam</strong></span> <span class='ocrx_word' id='word_1_421' title='bbox 2676 3218 2739 3255; x_wconf 86' lang='lat' dir='ltr'><strong>ac</strong></span> <span class='ocrx_word' id='word_1_422' title='bbox 2765 3200 3054 3271; x_wconf 80' lang='lat' dir='ltr'><strong>Sponsam.</strong></span> 
     </span>
    </p>
   </div>
   <div class='ocr_carea' id='block_1_59' title="bbox 736 3311 2266 3388">
    <p class='ocr_par' dir='ltr' id='par_1_59' title="bbox 736 3311 2258 3385">
     <span class='ocr_line' id='line_1_59' title="bbox 736 3311 2258 3385; baseline 0 -15"><span class='ocrx_word' id='word_1_423' title='bbox 736 3311 925 3370; x_wconf 76' lang='lat' dir='ltr'><strong>Restat</strong></span> <span class='ocrx_word' id='word_1_424' title='bbox 946 3320 1007 3368; x_wconf 93' lang='lat' dir='ltr'><strong>ut</strong></span> <span class='ocrx_word' id='word_1_425' title='bbox 1027 3311 1159 3384; x_wconf 89' lang='lat' dir='ltr'><strong>quid</strong></span> <span class='ocrx_word' id='word_1_426' title='bbox 1185 3311 1240 3365; x_wconf 93' lang='lat' dir='ltr'><strong>in</strong></span> <span class='ocrx_word' id='word_1_427' title='bbox 1264 3313 1731 3381; x_wconf 90' lang='lat' dir='ltr'><strong>consequentibus</strong></span> <span class='ocrx_word' id='word_1_428' title='bbox 1753 3314 1945 3383; x_wconf 89' lang='lat' dir='ltr'><strong>psalmi</strong></span> <span class='ocrx_word' id='word_1_429' title='bbox 1970 3323 2093 3385; x_wconf 92' lang='lat' dir='ltr'><strong>post</strong></span> <span class='ocrx_word' id='word_1_430' title='bbox 2114 3330 2258 3370; x_wconf 91' lang='lat' dir='ltr'><strong>com-</strong></span> 
     </span>
    </p>
   </div>
   <div class='ocr_carea' id='block_1_60' title="bbox 2354 3311 3951 3388">
    <p class='ocr_par' dir='ltr' id='par_1_60' title="bbox 2433 3314 3951 3388">
     <span class='ocr_line' id='line_1_60' title="bbox 2433 3314 3951 3388; baseline -0.001 -18"><span class='ocrx_word' id='word_1_431' title='bbox 2433 3318 2666 3370; x_wconf 90' lang='grc' dir='ltr'>Ἔπειτα</span> <span class='ocrx_word' id='word_1_432' title='bbox 2693 3317 2745 3370; x_wconf 90' lang='grc' dir='ltr'>τί</span> <span class='ocrx_word' id='word_1_433' title='bbox 2778 3317 2841 3388; x_wconf 83' lang='grc' dir='ltr'>δὴ</span> <span class='ocrx_word' id='word_1_434' title='bbox 2869 3316 3032 3370; x_wconf 88' lang='grc' dir='ltr'>πάλιν</span> <span class='ocrx_word' id='word_1_435' title='bbox 3056 3316 3150 3370; x_wconf 76' lang='grc' dir='ltr'>καὶ</span> <span class='ocrx_word' id='word_1_436' title='bbox 3180 3316 3238 3369; x_wconf 84' lang='grc' dir='ltr'>ὲν</span> <span class='ocrx_word' id='word_1_437' title='bbox 3280 3316 3391 3378; x_wconf 77' lang='grc' dir='ltr'>τοϊς</span> <span class='ocrx_word' id='word_1_438' title='bbox 3429 3314 3555 3385; x_wconf 80' lang='grc' dir='ltr'><strong>ἑξῆς</strong></span> <span class='ocrx_word' id='word_1_439' title='bbox 3584 3314 3677 3369; x_wconf 87' lang='grc' dir='ltr'><strong>τοῦ</strong></span> <span class='ocrx_word' id='word_1_440' title='bbox 3703 3314 3951 3387; x_wconf 80' lang='grc' dir='ltr'>ψαλμοῦ,</span> 
     </span>
    </p>
   </div>
   <div class='ocr_carea' id='block_1_61' title="bbox 664 3401 2253 3474">
    <p class='ocr_par' dir='ltr' id='par_1_61' title="bbox 664 3401 2253 3474">
     <span class='ocr_line' id='line_1_61' title="bbox 664 3401 2253 3474; baseline 0 -14"><span class='ocrx_word' id='word_1_441' title='bbox 664 3415 1025 3460; x_wconf 89' lang='lat' dir='ltr'><strong>memoratum</strong></span> <span class='ocrx_word' id='word_1_442' title='bbox 1059 3403 1333 3458; x_wconf 86' lang='lat' dir='ltr'><strong>hominem</strong></span> <span class='ocrx_word' id='word_1_443' title='bbox 1357 3418 1387 3457; x_wconf 91' lang='lat' dir='ltr'><strong>a</strong></span> <span class='ocrx_word' id='word_1_444' title='bbox 1418 3401 1597 3457; x_wconf 78' lang='lat' dir='ltr'><strong>Verbo</strong></span> <span class='ocrx_word' id='word_1_445' title='bbox 1631 3412 1994 3474; x_wconf 88' lang='lat' dir='ltr'><strong>assumptum,</strong></span> <span class='ocrx_word' id='word_1_446' title='bbox 2020 3405 2083 3460; x_wconf 85' lang='lat' dir='ltr'><strong>ad</strong></span> <span class='ocrx_word' id='word_1_447' title='bbox 2123 3404 2253 3460; x_wconf 83' lang='lat' dir='ltr'><strong>Otu-</strong></span> 
     </span>
    </p>
   </div>
   <div class='ocr_carea' id='block_1_62' title="bbox 665 3498 2254 3569">
    <p class='ocr_par' dir='ltr' id='par_1_62' title="bbox 665 3498 2254 3569">
     <span class='ocr_line' id='line_1_62' title="bbox 665 3498 2254 3569; baseline -0.001 -16"><span class='ocrx_word' id='word_1_448' title='bbox 665 3499 966 3568; x_wconf 87' lang='lat' dir='ltr'><strong>nipotentis</strong></span> <span class='ocrx_word' id='word_1_449' title='bbox 983 3498 1262 3554; x_wconf 80' lang='lat' dir='ltr'><strong>dexteram</strong></span> <span class='ocrx_word' id='word_1_450' title='bbox 1284 3499 1633 3562; x_wconf 83' lang='lat' dir='ltr'><strong>collocatum,</strong></span> <span class='ocrx_word' id='word_1_451' title='bbox 1657 3498 1838 3552; x_wconf 86' lang='lat' dir='ltr'><strong>tradat</strong></span> <span class='ocrx_word' id='word_1_452' title='bbox 1865 3498 2102 3569; x_wconf 83' lang='lat' dir='ltr'><strong>Spiritus</strong></span> <span class='ocrx_word' id='word_1_453' title='bbox 2124 3514 2254 3553; x_wconf 87' lang='lat' dir='ltr'><strong>san-</strong></span> 
     </span>
    </p>
   </div>
   <div class='ocr_carea' id='block_1_63' title="bbox 667 3590 2251 3662">
    <p class='ocr_par' dir='ltr' id='par_1_63' title="bbox 667 3590 2251 3662">
     <span class='ocr_line' id='line_1_63' title="bbox 667 3590 2251 3662; baseline 0 -16"><span class='ocrx_word' id='word_1_454' title='bbox 667 3602 812 3656; x_wconf 89' lang='lat' dir='ltr'><strong>ctus,</strong></span> <span class='ocrx_word' id='word_1_455' title='bbox 834 3593 1264 3647; x_wconf 87' lang='lat' dir='ltr'><strong>consideremus.</strong></span> <span class='ocrx_word' id='word_1_456' title='bbox 1285 3590 1649 3657; x_wconf 78' lang='lat' dir='ltr'><strong>Adducentur,</strong></span> <span class='ocrx_word' id='word_1_457' title='bbox 1679 3592 1856 3662; x_wconf 90' lang='lat' dir='ltr'><strong>inquit</strong></span> <span class='ocrx_word' id='word_1_458' title='bbox 1880 3591 1945 3655; x_wconf 78' lang='lat'><strong>“,</strong></span> <span class='ocrx_word' id='word_1_459' title='bbox 1970 3592 2079 3661; x_wconf 87' lang='lat' dir='ltr'><strong>regi</strong></span> <span class='ocrx_word' id='word_1_460' title='bbox 2095 3592 2251 3661; x_wconf 81' lang='lat' dir='ltr'><strong>virgi-</strong></span> 
     </span>
    </p>
   </div>
   <div class='ocr_carea' id='block_1_64' title="bbox 667 3681 2249 3751">
    <p class='ocr_par' dir='ltr' id='par_1_64' title="bbox 667 3681 2249 3751">
     <span class='ocr_line' id='line_1_64' title="bbox 667 3681 2249 3751; baseline 0 -18"><span class='ocrx_word' id='word_1_461' title='bbox 667 3696 756 3733; x_wconf 80' lang='lat' dir='ltr'><strong>nes</strong></span> <span class='ocrx_word' id='word_1_462' title='bbox 782 3690 899 3750; x_wconf 78' lang='lat' dir='ltr'><strong>post</strong></span> <span class='ocrx_word' id='word_1_463' title='bbox 926 3697 1077 3745; x_wconf 85' lang='lat' dir='ltr'><strong>eam;</strong></span> <span class='ocrx_word' id='word_1_464' title='bbox 1112 3682 1371 3749; x_wconf 64' lang='lat' dir='ltr'><strong>proximi:</strong></span> <span class='ocrx_word' id='word_1_465' title='bbox 1400 3682 1513 3751; x_wconf 84' lang='lat' dir='ltr'><strong>ejus</strong></span> <span class='ocrx_word' id='word_1_466' title='bbox 1547 3682 1840 3750; x_wconf 66' lang='lat' dir='ltr'><strong>afferentur</strong></span> <span class='ocrx_word' id='word_1_467' title='bbox 1871 3681 1983 3737; x_wconf 87' lang='lat' dir='ltr'><strong>tibi.</strong></span> <span class='ocrx_word' id='word_1_468' title='bbox 2009 3682 2249 3750; x_wconf 62' lang='lat' dir='ltr'><strong>Aﬂ‘ereno</strong></span> 
     </span>
    </p>
   </div>
   <div class='ocr_carea' id='block_1_65' title="bbox 666 3768 2245 3841">
    <p class='ocr_par' dir='ltr' id='par_1_65' title="bbox 666 3768 2245 3841">
     <span class='ocr_line' id='line_1_65' title="bbox 666 3768 2245 3841; baseline 0.002 -18"><span class='ocrx_word' id='word_1_469' title='bbox 666 3778 755 3823; x_wconf 81' lang='lat' dir='ltr'><strong>tur</strong></span> <span class='ocrx_word' id='word_1_470' title='bbox 784 3768 837 3823; x_wconf 89' lang='lat' dir='ltr'><strong>in</strong></span> <span class='ocrx_word' id='word_1_471' title='bbox 868 3769 1058 3824; x_wconf 70' lang='lat' dir='ltr'><strong>twtitt&#39;t</strong></span> <span class='ocrx_word' id='word_1_472' title='bbox 1088 3781 1138 3824; x_wconf 88' lang='lat' dir='ltr'><strong>et</strong></span> <span class='ocrx_word' id='word_1_473' title='bbox 1158 3772 1543 3834; x_wconf 74' lang='lat' dir='ltr'><strong>exsultatione;</strong></span> <span class='ocrx_word' id='word_1_474' title='bbox 1571 3772 1971 3827; x_wconf 85' lang='lat' dir='ltr'><strong>adducenturin</strong></span> <span class='ocrx_word' id='word_1_475' title='bbox 1996 3774 2245 3841; x_wconf 86' lang='lat' dir='ltr'><strong>templum</strong></span> 
     </span>
    </p>
   </div>
   <div class='ocr_carea' id='block_1_66' title="bbox 644 3856 2245 3934">
    <p class='ocr_par' dir='ltr' id='par_1_66' title="bbox 644 3856 2245 3934">
     <span class='ocr_line' id='line_1_66' title="bbox 644 3856 2245 3934; baseline 0.004 -20"><span class='ocrx_word' id='word_1_476' title='bbox 644 3862 825 3928; x_wconf 61' lang='lat' dir='ltr'><strong>regis.</strong></span> <span class='ocrx_word' id='word_1_477' title='bbox 854 3856 1023 3915; x_wconf 70' lang='lat' dir='ltr'><strong>Valde</strong></span> <span class='ocrx_word' id='word_1_478' title='bbox 1046 3860 1333 3916; x_wconf 82' lang='lat' dir='ltr'><strong>manifeste</strong></span> <span class='ocrx_word' id='word_1_479' title='bbox 1370 3862 1587 3916; x_wconf 91' lang='lat' dir='ltr'><strong>videtur</strong></span> <span class='ocrx_word' id='word_1_480' title='bbox 1617 3863 1707 3917; x_wconf 87' lang='lat' dir='ltr'><strong>hic</strong></span> <span class='ocrx_word' id='word_1_481' title='bbox 1756 3863 1975 3919; x_wconf 90' lang='lat' dir='ltr'><strong>divinus</strong></span> <span class='ocrx_word' id='word_1_482' title='bbox 2005 3863 2245 3934; x_wconf 86' lang='lat' dir='ltr'><strong>Spiritus</strong></span> 
     </span>
    </p>
   </div>
   <div class='ocr_carea' id='block_1_67' title="bbox 666 3954 2247 4027">
    <p class='ocr_par' dir='ltr' id='par_1_67' title="bbox 666 3954 2247 4027">
     <span class='ocr_line' id='line_1_67' title="bbox 666 3954 2247 4027; baseline 0.006 -24"><span class='ocrx_word' id='word_1_483' title='bbox 666 3954 1031 4022; x_wconf 85' lang='lat' dir='ltr'><strong>virginitatem</strong></span> <span class='ocrx_word' id='word_1_484' title='bbox 1059 3954 1301 4020; x_wconf 86' lang='lat' dir='ltr'><strong>laudare,</strong></span> <span class='ocrx_word' id='word_1_485' title='bbox 1336 3969 1399 4008; x_wconf 91' lang='lat' dir='ltr'><strong>ac</strong></span> <span class='ocrx_word' id='word_1_486' title='bbox 1430 3954 1701 4025; x_wconf 91' lang='lat' dir='ltr'><strong>polliceri,</strong></span> <span class='ocrx_word' id='word_1_487' title='bbox 1733 3957 1972 4027; x_wconf 89' lang='lat' dir='ltr'><strong>virgines</strong></span> <span class='ocrx_word' id='word_1_488' title='bbox 2004 3959 2247 4013; x_wconf 90' lang='lat' dir='ltr'><strong>secundo</strong></span> 
     </span>
    </p>
   </div>
   <div class='ocr_carea' id='block_1_68' title="bbox 668 4044 2251 4119">
    <p class='ocr_par' dir='ltr' id='par_1_68' title="bbox 668 4044 2251 4119">
     <span class='ocr_line' id='line_1_68' title="bbox 668 4044 2251 4119; baseline 0.001 -17"><span class='ocrx_word' id='word_1_489' title='bbox 668 4055 799 4119; x_wconf 81' lang='lat' dir='ltr'><strong>post</strong></span> <span class='ocrx_word' id='word_1_490' title='bbox 843 4044 1052 4102; x_wconf 84' lang='lat' dir='ltr'><strong>Domini</strong></span> <span class='ocrx_word' id='word_1_491' title='bbox 1102 4061 1357 4118; x_wconf 82' lang='lat' dir='ltr'><strong>sponsam</strong></span> <span class='ocrx_word' id='word_1_492' title='bbox 1405 4046 1562 4113; x_wconf 81' lang='lat' dir='ltr'><strong>loco,</strong></span> <span class='ocrx_word' id='word_1_493' title='bbox 1618 4054 1678 4101; x_wconf 93' lang='lat' dir='ltr'><strong>ut</strong></span> <span class='ocrx_word' id='word_1_494' title='bbox 1732 4050 2123 4117; x_wconf 81' lang='lat' dir='ltr'><strong>exposuimus,</strong></span> <span class='ocrx_word' id='word_1_495' title='bbox 2180 4049 2251 4104; x_wconf 88' lang='lat' dir='ltr'><strong>ad</strong></span> 
     </span>
    </p>
   </div>
   <div class='ocr_carea' id='block_1_69' title="bbox 668 4138 2246 4210">
    <p class='ocr_par' dir='ltr' id='par_1_69' title="bbox 668 4138 2246 4210">
     <span class='ocr_line' id='line_1_69' title="bbox 668 4138 2246 4210; baseline 0.003 -17"><span class='ocrx_word' id='word_1_496' title='bbox 668 4138 1109 4210; x_wconf 87' lang='lat' dir='ltr'><strong>Omnipotentem</strong></span> <span class='ocrx_word' id='word_1_497' title='bbox 1138 4154 1459 4194; x_wconf 92' lang='lat' dir='ltr'><strong>accessuras</strong></span> <span class='ocrx_word' id='word_1_498' title='bbox 1489 4140 1543 4192; x_wconf 93' lang='lat' dir='ltr'><strong>in</strong></span> <span class='ocrx_word' id='word_1_499' title='bbox 1566 4139 1753 4193; x_wconf 67' lang='lat' dir='ltr'><strong>laetitia</strong></span> <span class='ocrx_word' id='word_1_500' title='bbox 1780 4149 1831 4195; x_wconf 86' lang='lat' dir='ltr'><strong>et</strong></span> <span class='ocrx_word' id='word_1_501' title='bbox 1862 4140 2246 4207; x_wconf 82' lang='lat' dir='ltr'><strong>exsultatione,</strong></span> 
     </span>
    </p>
   </div>
   <div class='ocr_carea' id='block_1_70' title="bbox 670 4230 2251 4301">
    <p class='ocr_par' dir='ltr' id='par_1_70' title="bbox 670 4230 2251 4301">
     <span class='ocr_line' id='line_1_70' title="bbox 670 4230 2251 4301; baseline 0.003 -20"><span class='ocrx_word' id='word_1_502' title='bbox 670 4230 963 4284; x_wconf 90' lang='lat' dir='ltr'><strong>ambitioso</strong></span> <span class='ocrx_word' id='word_1_503' title='bbox 993 4230 1143 4284; x_wconf 91' lang='lat' dir='ltr'><strong>cultu</strong></span> <span class='ocrx_word' id='word_1_504' title='bbox 1188 4230 1579 4285; x_wconf 89' lang='lat' dir='ltr'><strong>comitantibus</strong></span> <span class='ocrx_word' id='word_1_505' title='bbox 1626 4230 1838 4301; x_wconf 83' lang='lat' dir='ltr'><strong>angelis</strong></span> <span class='ocrx_word' id='word_1_506' title='bbox 1880 4246 1943 4285; x_wconf 90' lang='lat' dir='ltr'><strong>ac</strong></span> <span class='ocrx_word' id='word_1_507' title='bbox 1976 4231 2251 4287; x_wconf 86' lang='lat' dir='ltr'><strong>deducen-</strong></span> 
     </span>
    </p>
   </div>
   <div class='ocr_carea' id='block_1_71' title="bbox 671 4320 2251 4395">
    <p class='ocr_par' dir='ltr' id='par_1_71' title="bbox 671 4320 2251 4395">
     <span class='ocr_line' id='line_1_71' title="bbox 671 4320 2251 4395; baseline 0.005 -22"><span class='ocrx_word' id='word_1_508' title='bbox 671 4321 839 4375; x_wconf 90' lang='lat' dir='ltr'><strong>tibus.</strong></span> <span class='ocrx_word' id='word_1_509' title='bbox 872 4320 1019 4376; x_wconf 83' lang='lat' dir='ltr'><strong>Adeo</strong></span> <span class='ocrx_word' id='word_1_510' title='bbox 1052 4322 1197 4376; x_wconf 91' lang='lat' dir='ltr'><strong>enim</strong></span> <span class='ocrx_word' id='word_1_511' title='bbox 1236 4323 1467 4377; x_wconf 88' lang='lat' dir='ltr'><strong>amabile</strong></span> <span class='ocrx_word' id='word_1_512' title='bbox 1497 4331 1553 4377; x_wconf 91' lang='lat' dir='ltr'><strong>et</strong></span> <span class='ocrx_word' id='word_1_513' title='bbox 1609 4339 1773 4395; x_wconf 90' lang='lat' dir='ltr'><strong>supra</strong></span> <span class='ocrx_word' id='word_1_514' title='bbox 1806 4324 2028 4379; x_wconf 87' lang='lat' dir='ltr'><strong>modum</strong></span> <span class='ocrx_word' id='word_1_515' title='bbox 2060 4341 2251 4381; x_wconf 87' lang='lat' dir='ltr'><strong>revera</strong></span> 
     </span>
    </p>
   </div>
   <div class='ocr_carea' id='block_1_72' title="bbox 670 4412 2250 4489">
    <p class='ocr_par' dir='ltr' id='par_1_72' title="bbox 670 4412 2250 4489">
     <span class='ocr_line' id='line_1_72' title="bbox 670 4412 2250 4489; baseline 0.003 -23"><span class='ocrx_word' id='word_1_516' title='bbox 670 4412 1031 4468; x_wconf 87' lang='lat' dir='ltr'><strong>desiderabile</strong></span> <span class='ocrx_word' id='word_1_517' title='bbox 1076 4414 1411 4481; x_wconf 79' lang='lat' dir='ltr'><strong>virginitatis</strong></span> <span class='ocrx_word' id='word_1_518' title='bbox 1457 4414 1659 4479; x_wconf 84' lang='lat' dir='ltr'><strong>decus,</strong></span> <span class='ocrx_word' id='word_1_519' title='bbox 1720 4426 1778 4469; x_wconf 93' lang='lat' dir='ltr'><strong>ut</strong></span> <span class='ocrx_word' id='word_1_520' title='bbox 1830 4424 1953 4487; x_wconf 89' lang='lat' dir='ltr'><strong>post</strong></span> <span class='ocrx_word' id='word_1_521' title='bbox 2006 4420 2250 4489; x_wconf 80' lang='lat' dir='ltr'><strong>reginam</strong></span> 
     </span>
    </p>
   </div>
   <div class='ocr_carea' id='block_1_73' title="bbox 674 4503 2253 4578">
    <p class='ocr_par' dir='ltr' id='par_1_73' title="bbox 674 4503 2253 4578">
     <span class='ocr_line' id='line_1_73' title="bbox 674 4503 2253 4578; baseline 0.004 -21"><span class='ocrx_word' id='word_1_522' title='bbox 674 4519 837 4573; x_wconf 88' lang='lat' dir='ltr'><strong>quam</strong></span> <span class='ocrx_word' id='word_1_523' title='bbox 872 4504 1129 4559; x_wconf 79' lang='lat' dir='ltr'><strong>exaltavit</strong></span> <span class='ocrx_word' id='word_1_524' title='bbox 1176 4503 1477 4569; x_wconf 87' lang='lat' dir='ltr'><strong>Dominus,</strong></span> <span class='ocrx_word' id='word_1_525' title='bbox 1524 4513 1686 4575; x_wconf 91' lang='lat' dir='ltr'><strong>atque</strong></span> <span class='ocrx_word' id='word_1_526' title='bbox 1730 4509 1799 4561; x_wconf 92' lang='lat' dir='ltr'><strong>ab</strong></span> <span class='ocrx_word' id='word_1_527' title='bbox 1830 4510 1977 4563; x_wconf 91' lang='lat' dir='ltr'><strong>omni</strong></span> <span class='ocrx_word' id='word_1_528' title='bbox 2027 4518 2253 4578; x_wconf 83' lang='lat' dir='ltr'><strong>peccato</strong></span> 
     </span>
    </p>
   </div>
   <div class='ocr_carea' id='block_1_74' title="bbox 743 4657 1839 4725">
    <p class='ocr_par' dir='ltr' id='par_1_74' title="bbox 743 4657 1839 4725">
     <span class='ocr_line' id='line_1_74' title="bbox 743 4657 1839 4725; baseline 0.001 -13"><span class='ocrx_word' id='word_1_529' title='bbox 743 4658 789 4691; x_wconf 79' lang='lat'><strong>&quot;</strong></span> <span class='ocrx_word' id='word_1_530' title='bbox 834 4658 983 4712; x_wconf 82' lang='lat' dir='ltr'><strong>Psal.</strong></span> <span class='ocrx_word' id='word_1_531' title='bbox 1015 4674 1161 4723; x_wconf 78' lang='lat' dir='ltr'><strong>xuv,</strong></span> <span class='ocrx_word' id='word_1_532' title='bbox 1188 4657 1277 4715; x_wconf 83' lang='grc'><strong>10.</strong></span> <span class='ocrx_word' id='word_1_533' title='bbox 1361 4657 1407 4691; x_wconf 74' lang='grc'><strong>⁸⁸</strong></span> <span class='ocrx_word' id='word_1_534' title='bbox 1446 4658 1575 4715; x_wconf 81' lang='lat' dir='ltr'><strong>ibid.</strong></span> <span class='ocrx_word' id='word_1_535' title='bbox 1612 4659 1708 4725; x_wconf 74' lang='grc'><strong>15,</strong></span> <span class='ocrx_word' id='word_1_536' title='bbox 1755 4660 1839 4713; x_wconf 82' lang='grc'><strong>16.</strong></span> 
     </span>
    </p>
   </div>
   <div class='ocr_carea' id='block_1_75' title="bbox 2363 3403 3954 3478">
    <p class='ocr_par' dir='ltr' id='par_1_75' title="bbox 2363 3403 3954 3478">
     <span class='ocr_line' id='line_1_75' title="bbox 2363 3403 3954 3478; baseline -0.001 -17"><span class='ocrx_word' id='word_1_537' title='bbox 2363 3408 2501 3478; x_wconf 88' lang='grc' dir='ltr'>μετὰ</span> <span class='ocrx_word' id='word_1_538' title='bbox 2536 3409 2597 3461; x_wconf 86' lang='grc' dir='ltr'><strong>τὸ</strong></span> <span class='ocrx_word' id='word_1_539' title='bbox 2640 3408 2732 3460; x_wconf 82' lang='grc' dir='ltr'>τὸν</span> <span class='ocrx_word' id='word_1_540' title='bbox 2756 3407 3040 3478; x_wconf 81' lang='grc' dir='ltr'>ἄνθρωπον</span> <span class='ocrx_word' id='word_1_541' title='bbox 3067 3408 3131 3460; x_wconf 85' lang='grc' dir='ltr'>ὲκ</span> <span class='ocrx_word' id='word_1_542' title='bbox 3178 3404 3367 3471; x_wconf 80' lang='grc' dir='ltr'>δεξιῶν</span> <span class='ocrx_word' id='word_1_543' title='bbox 3414 3404 3825 3477; x_wconf 82' lang='grc' dir='ltr'>ὲνθρονισθῆναι</span> <span class='ocrx_word' id='word_1_544' title='bbox 3858 3403 3954 3459; x_wconf 87' lang='grc' dir='ltr'><strong>τοῦ</strong></span> 
     </span>
    </p>
   </div>
   <div class='ocr_carea' id='block_1_76' title="bbox 2361 3496 3953 3570">
    <p class='ocr_par' dir='ltr' id='par_1_76' title="bbox 2361 3496 3953 3570">
     <span class='ocr_line' id='line_1_76' title="bbox 2361 3496 3953 3570; baseline -0.002 -19"><span class='ocrx_word' id='word_1_545' title='bbox 2361 3499 2595 3570; x_wconf 87' lang='grc' dir='ltr'>Πατρὸς,</span> <span class='ocrx_word' id='word_1_546' title='bbox 2643 3498 2673 3551; x_wconf 83' lang='grc' dir='ltr'><strong>ὃ</strong></span> <span class='ocrx_word' id='word_1_547' title='bbox 2714 3500 3002 3570; x_wconf 85' lang='grc' dir='ltr'>ἀνείληφεν</span> <span class='ocrx_word' id='word_1_548' title='bbox 3044 3501 3073 3551; x_wconf 87' lang='grc' dir='ltr'><strong>ό</strong></span> <span class='ocrx_word' id='word_1_549' title='bbox 3104 3499 3309 3567; x_wconf 80' lang='grc' dir='ltr'>Λόγος,</span> <span class='ocrx_word' id='word_1_550' title='bbox 3349 3497 3411 3550; x_wconf 84' lang='grc' dir='ltr'><strong>τὸ</strong></span> <span class='ocrx_word' id='word_1_551' title='bbox 3440 3496 3667 3567; x_wconf 81' lang='grc' dir='ltr'>Πνεῦμα</span> <span class='ocrx_word' id='word_1_552' title='bbox 3710 3498 3953 3568; x_wconf 77' lang='grc' dir='ltr'>παραδί-</span> 
     </span>
    </p>
   </div>
   <div class='ocr_carea' id='block_1_77' title="bbox 2359 3588 3956 3660">
    <p class='ocr_par' dir='ltr' id='par_1_77' title="bbox 2359 3588 3956 3660">
     <span class='ocr_line' id='line_1_77' title="bbox 2359 3588 3956 3660; baseline -0.003 -16"><span class='ocrx_word' id='word_1_553' title='bbox 2359 3592 2546 3655; x_wconf 90' lang='grc' dir='ltr'>δωσιν,</span> <span class='ocrx_word' id='word_1_554' title='bbox 2577 3593 2958 3647; x_wconf 79' lang='grc' dir='ltr'>ἐπισκεπτέον.</span> <span class='ocrx_word' id='word_1_555' title='bbox 2979 3589 3532 3660; x_wconf 77' lang='grc' dir='ltr'>Ἀπενεχθήσονται,</span> <span class='ocrx_word' id='word_1_556' title='bbox 3562 3589 3715 3657; x_wconf 79' lang='grc' dir='ltr'>φησὶ,</span> <span class='ocrx_word' id='word_1_557' title='bbox 3744 3588 3956 3654; x_wconf 67' lang='grc' dir='ltr'>τῷβαρ</span> 
     </span>
    </p>
   </div>
   <div class='ocr_carea' id='block_1_78' title="bbox 2354 3679 3949 3753">
    <p class='ocr_par' dir='ltr' id='par_1_78' title="bbox 2354 3679 3949 3753">
     <span class='ocr_line' id='line_1_78' title="bbox 2354 3679 3949 3753; baseline -0.002 -13"><span class='ocrx_word' id='word_1_558' title='bbox 2354 3686 2521 3740; x_wconf 75' lang='grc' dir='ltr'>σιλεῖ</span> <span class='ocrx_word' id='word_1_559' title='bbox 2528 3685 2807 3753; x_wconf 77' lang='grc' dir='ltr'>παρθένοι</span> <span class='ocrx_word' id='word_1_560' title='bbox 2821 3685 3013 3738; x_wconf 78' lang='grc' dir='ltr'>ὀπίσω</span> <span class='ocrx_word' id='word_1_561' title='bbox 3030 3682 3239 3751; x_wconf 58' lang='grc' dir='ltr'>αὐτῆς</span> <span class='ocrx_word' id='word_1_562' title='bbox 3261 3686 3319 3735; x_wconf 75' lang='lat' dir='ltr'><strong>at</strong></span> <span class='ocrx_word' id='word_1_563' title='bbox 3335 3682 3601 3748; x_wconf 77' lang='grc' dir='ltr'>πλησίον</span> <span class='ocrx_word' id='word_1_564' title='bbox 3611 3679 3803 3749; x_wconf 81' lang='grc' dir='ltr'>αὐτῆς</span> <span class='ocrx_word' id='word_1_565' title='bbox 3815 3684 3949 3737; x_wconf 62' lang='grc' dir='ltr'>ἀπε»</span> 
     </span>
    </p>
   </div>
   <div class='ocr_carea' id='block_1_79' title="bbox 2353 3772 3953 3848">
    <p class='ocr_par' dir='ltr' id='par_1_79' title="bbox 2353 3772 3953 3848">
     <span class='ocr_line' id='line_1_79' title="bbox 2353 3772 3953 3848; baseline -0.003 -16"><span class='ocrx_word' id='word_1_566' title='bbox 2353 3778 2758 3848; x_wconf 78' lang='grc' dir='ltr'><strong>νεχθήσονταί</strong></span> <span class='ocrx_word' id='word_1_567' title='bbox 2775 3794 2894 3831; x_wconf 89' lang='grc' dir='ltr'>σοι.</span> <span class='ocrx_word' id='word_1_568' title='bbox 2942 3774 3489 3844; x_wconf 72' lang='grc' dir='ltr'>Ἀπενεχθήσονται</span> <span class='ocrx_word' id='word_1_569' title='bbox 3510 3772 3579 3825; x_wconf 81' lang='grc' dir='ltr'><strong>ὲν</strong></span> <span class='ocrx_word' id='word_1_570' title='bbox 3596 3774 3953 3843; x_wconf 71' lang='grc' dir='ltr'>εὐφροσύνῃ</span> 
     </span>
    </p>
   </div>
   <div class='ocr_carea' id='block_1_80' title="bbox 2354 3863 3955 3941">
    <p class='ocr_par' dir='ltr' id='par_1_80' title="bbox 2354 3863 3955 3941">
     <span class='ocr_line' id='line_1_80' title="bbox 2354 3863 3955 3941; baseline -0.003 -18"><span class='ocrx_word' id='word_1_571' title='bbox 2354 3872 2449 3925; x_wconf 74' lang='grc' dir='ltr'><strong>καί</strong></span> <span class='ocrx_word' id='word_1_572' title='bbox 2468 3871 2845 3941; x_wconf 68' lang='grc' dir='ltr'><strong>ἀγαλλιάσει⁸</strong></span> <span class='ocrx_word' id='word_1_573' title='bbox 2863 3869 3235 3939; x_wconf 77' lang='grc' dir='ltr'>ἀχθήσονται</span> <span class='ocrx_word' id='word_1_574' title='bbox 3250 3868 3335 3931; x_wconf 81' lang='grc' dir='ltr'>εὶς</span> <span class='ocrx_word' id='word_1_575' title='bbox 3348 3863 3497 3918; x_wconf 75' lang='grc' dir='ltr'>ναὸν</span> <span class='ocrx_word' id='word_1_576' title='bbox 3511 3864 3615 3918; x_wconf 85' lang='grc' dir='ltr'><strong>τοῦ</strong></span> <span class='ocrx_word' id='word_1_577' title='bbox 3628 3865 3955 3931; x_wconf 69' lang='grc' dir='ltr'>βασιλέως.</span> 
     </span>
    </p>
   </div>
   <div class='ocr_carea' id='block_1_81' title="bbox 2356 3956 3956 4033">
    <p class='ocr_par' dir='ltr' id='par_1_81' title="bbox 2356 3956 3956 4033">
     <span class='ocr_line' id='line_1_81' title="bbox 2356 3956 3956 4033; baseline -0.003 -18"><span class='ocrx_word' id='word_1_578' title='bbox 2356 3963 2504 4016; x_wconf 88' lang='grc' dir='ltr'>Πάνυ</span> <span class='ocrx_word' id='word_1_579' title='bbox 2536 3961 2828 4033; x_wconf 81' lang='grc' dir='ltr'>προφανῶς</span> <span class='ocrx_word' id='word_1_580' title='bbox 2856 3960 3042 4014; x_wconf 74' lang='grc' dir='ltr'>ἐνθάδε</span> <span class='ocrx_word' id='word_1_581' title='bbox 3076 3958 3262 4011; x_wconf 82' lang='grc' dir='ltr'>λοιπὸν</span> <span class='ocrx_word' id='word_1_582' title='bbox 3288 3957 3463 4009; x_wconf 71' lang='grc' dir='ltr'>ἔοικεν</span> <span class='ocrx_word' id='word_1_583' title='bbox 3500 3956 3873 4024; x_wconf 75' lang='grc' dir='ltr'>ἐγκωμιάζειν</span> <span class='ocrx_word' id='word_1_584' title='bbox 3896 3958 3956 4010; x_wconf 76' lang='grc' dir='ltr'><strong>τὸ</strong></span> 
     </span>
    </p>
   </div>
   <div class='ocr_carea' id='block_1_82' title="bbox 2358 4047 3958 4124">
    <p class='ocr_par' dir='ltr' id='par_1_82' title="bbox 2358 4047 3958 4124">
     <span class='ocr_line' id='line_1_82' title="bbox 2358 4047 3958 4124; baseline -0.003 -18"><span class='ocrx_word' id='word_1_585' title='bbox 2358 4053 2584 4124; x_wconf 89' lang='grc' dir='ltr'>Πνεῦμα</span> <span class='ocrx_word' id='word_1_586' title='bbox 2599 4053 2695 4124; x_wconf 83' lang='grc' dir='ltr'><strong>τὴν</strong></span> <span class='ocrx_word' id='word_1_587' title='bbox 2712 4052 2955 4120; x_wconf 85' lang='grc' dir='ltr'>ἁγνείαν,</span> <span class='ocrx_word' id='word_1_588' title='bbox 2980 4049 3118 4122; x_wconf 87' lang='grc' dir='ltr'><strong>μετά</strong></span> <span class='ocrx_word' id='word_1_589' title='bbox 3134 4050 3231 4120; x_wconf 82' lang='grc' dir='ltr'><strong>τὴν</strong></span> <span class='ocrx_word' id='word_1_590' title='bbox 3258 4048 3495 4120; x_wconf 86' lang='grc' dir='ltr'>νύμφην,</span> <span class='ocrx_word' id='word_1_591' title='bbox 3514 4047 3589 4111; x_wconf 85' lang='grc' dir='ltr'><strong>ὡς</strong></span> <span class='ocrx_word' id='word_1_592' title='bbox 3604 4048 3958 4102; x_wconf 81' lang='grc' dir='ltr'>ἀποδεδώκα-</span> 
     </span>
    </p>
   </div>
   <div class='ocr_carea' id='block_1_83' title="bbox 2360 4138 3955 4215">
    <p class='ocr_par' dir='ltr' id='par_1_83' title="bbox 2360 4138 3955 4215">
     <span class='ocr_line' id='line_1_83' title="bbox 2360 4138 3955 4215; baseline -0.003 -18"><span class='ocrx_word' id='word_1_593' title='bbox 2360 4162 2479 4215; x_wconf 85' lang='grc' dir='ltr'>μεν,</span> <span class='ocrx_word' id='word_1_594' title='bbox 2511 4143 2603 4197; x_wconf 92' lang='grc' dir='ltr'><strong>τοῦ</strong></span> <span class='ocrx_word' id='word_1_595' title='bbox 2624 4144 2851 4215; x_wconf 82' lang='grc' dir='ltr'>Κυρίου,</span> <span class='ocrx_word' id='word_1_596' title='bbox 2868 4142 3123 4212; x_wconf 81' lang='grc' dir='ltr'>δευτέρας</span> <span class='ocrx_word' id='word_1_597' title='bbox 3145 4140 3425 4212; x_wconf 86' lang='grc' dir='ltr'>προσιέναι</span> <span class='ocrx_word' id='word_1_598' title='bbox 3448 4138 3525 4209; x_wconf 83' lang='grc' dir='ltr'><strong>τῷ</strong></span> <span class='ocrx_word' id='word_1_599' title='bbox 3540 4139 3955 4212; x_wconf 87' lang='grc' dir='ltr'>Παντοκράτορι</span> 
     </span>
    </p>
   </div>
   <div class='ocr_carea' id='block_1_84' title="bbox 2360 4230 3926 4306">
    <p class='ocr_par' dir='ltr' id='par_1_84' title="bbox 2360 4230 3926 4306">
     <span class='ocr_line' id='line_1_84' title="bbox 2360 4230 3926 4306; baseline -0.003 -17"><span class='ocrx_word' id='word_1_600' title='bbox 2360 4238 2417 4289; x_wconf 92' lang='lat' dir='ltr'><strong>tv</strong></span> <span class='ocrx_word' id='word_1_601' title='bbox 2446 4235 2763 4304; x_wconf 87' lang='grc' dir='ltr'>ἀγαλλιάσει</span> <span class='ocrx_word' id='word_1_602' title='bbox 2793 4236 2886 4288; x_wconf 76' lang='grc' dir='ltr'>καὶ</span> <span class='ocrx_word' id='word_1_603' title='bbox 2911 4236 3219 4306; x_wconf 80' lang='grc' dir='ltr'>εὐφροσύνῃ</span> <span class='ocrx_word' id='word_1_604' title='bbox 3238 4232 3338 4296; x_wconf 86' lang='grc' dir='ltr'><strong>τὰς</strong></span> <span class='ocrx_word' id='word_1_605' title='bbox 3355 4230 3654 4303; x_wconf 84' lang='grc' dir='ltr'>παρθένους</span> <span class='ocrx_word' id='word_1_606' title='bbox 3675 4230 3926 4299; x_wconf 82' lang='grc' dir='ltr'>ὲπαγγελ</span> 
     </span>
    </p>
   </div>
   <div class='ocr_carea' id='block_1_85' title="bbox 2356 4322 3957 4397">
    <p class='ocr_par' dir='ltr' id='par_1_85' title="bbox 2356 4322 3957 4397">
     <span class='ocr_line' id='line_1_85' title="bbox 2356 4322 3957 4397; baseline -0.002 -19"><span class='ocrx_word' id='word_1_607' title='bbox 2356 4326 2607 4397; x_wconf 87' lang='grc' dir='ltr'>λομένου,</span> <span class='ocrx_word' id='word_1_608' title='bbox 2637 4327 2728 4380; x_wconf 84' lang='grc' dir='ltr'><strong>ὑπ’</strong></span> <span class='ocrx_word' id='word_1_609' title='bbox 2757 4326 3003 4395; x_wconf 87' lang='grc' dir='ltr'>ἀγγέλων</span> <span class='ocrx_word' id='word_1_610' title='bbox 3039 4324 3509 4397; x_wconf 84' lang='grc' dir='ltr'>δορυφορουμένας</span> <span class='ocrx_word' id='word_1_611' title='bbox 3542 4340 3601 4375; x_wconf 85' lang='grc' dir='ltr'><strong>τε</strong></span> <span class='ocrx_word' id='word_1_612' title='bbox 3645 4322 3739 4374; x_wconf 79' lang='grc' dir='ltr'>καὶ</span> <span class='ocrx_word' id='word_1_613' title='bbox 3772 4339 3957 4393; x_wconf 68' lang='grc' dir='ltr'>παραρ</span> 
     </span>
    </p>
   </div>
   <div class='ocr_carea' id='block_1_86' title="bbox 2358 4414 3955 4491">
    <p class='ocr_par' dir='ltr' id='par_1_86' title="bbox 2358 4414 3955 4491">
     <span class='ocr_line' id='line_1_86' title="bbox 2358 4414 3955 4491; baseline -0.003 -20"><span class='ocrx_word' id='word_1_614' title='bbox 2358 4418 2737 4490; x_wconf 84' lang='grc' dir='ltr'>πεμπομένας.</span> <span class='ocrx_word' id='word_1_615' title='bbox 2774 4418 2929 4473; x_wconf 88' lang='grc' dir='ltr'>Οῦτω</span> <span class='ocrx_word' id='word_1_616' title='bbox 2958 4417 3064 4491; x_wconf 85' lang='grc' dir='ltr'><strong>γὰρ</strong></span> <span class='ocrx_word' id='word_1_617' title='bbox 3100 4417 3406 4487; x_wconf 74' lang='grc' dir='ltr'>ἐπέραστόν</span> <span class='ocrx_word' id='word_1_618' title='bbox 3439 4434 3491 4468; x_wconf 94' lang='grc' dir='ltr'>τι</span> <span class='ocrx_word' id='word_1_619' title='bbox 3521 4414 3583 4467; x_wconf 85' lang='grc' dir='ltr'>τδ</span> <span class='ocrx_word' id='word_1_620' title='bbox 3608 4414 3709 4483; x_wconf 82' lang='grc' dir='ltr'><strong>τῆς</strong></span> <span class='ocrx_word' id='word_1_621' title='bbox 3744 4414 3955 4486; x_wconf 88' lang='grc' dir='ltr'>παρθε-</span> 
     </span>
    </p>
   </div>
   <div class='ocr_carea' id='block_1_87' title="bbox 2358 4505 3953 4581">
    <p class='ocr_par' dir='ltr' id='par_1_87' title="bbox 2358 4505 3953 4581">
     <span class='ocr_line' id='line_1_87' title="bbox 2358 4505 3953 4581; baseline -0.002 -18"><span class='ocrx_word' id='word_1_622' title='bbox 2358 4511 2477 4575; x_wconf 85' lang='grc' dir='ltr'>νίας</span> <span class='ocrx_word' id='word_1_623' title='bbox 2505 4512 2651 4565; x_wconf 60' lang='lat' dir='ltr'><strong>tactv</strong></span> <span class='ocrx_word' id='word_1_624' title='bbox 2683 4510 2760 4575; x_wconf 83' lang='grc' dir='ltr'>ὡς</span> <span class='ocrx_word' id='word_1_625' title='bbox 2785 4510 3002 4581; x_wconf 86' lang='grc' dir='ltr'>ἀληθῶς</span> <span class='ocrx_word' id='word_1_626' title='bbox 3042 4511 3137 4563; x_wconf 85' lang='grc' dir='ltr'>καὶ</span> <span class='ocrx_word' id='word_1_627' title='bbox 3184 4508 3550 4580; x_wconf 84' lang='grc' dir='ltr'>περιπόθητον</span> <span class='ocrx_word' id='word_1_628' title='bbox 3588 4506 3765 4571; x_wconf 84' lang='grc' dir='ltr'>κλέος,</span> <span class='ocrx_word' id='word_1_629' title='bbox 3807 4505 3953 4560; x_wconf 75' lang='grc' dir='ltr'>ὥστε</span> 
     </span>
    </p>
   </div>
   <div class='ocr_carea' id='block_1_88' title="bbox 745 4813 2266 4885">
    <p class='ocr_par' dir='ltr' id='par_1_88' title="bbox 745 4813 2255 4885">
     <span class='ocr_line' id='line_1_88' title="bbox 745 4813 2255 4885; baseline 0.001 -18"><span class='ocrx_word' id='word_1_630' title='bbox 745 4814 823 4885; x_wconf 83' lang='lat'><strong>(7)</strong></span> <span class='ocrx_word' id='word_1_631' title='bbox 869 4816 1376 4883; x_wconf 76' lang='grc' dir='ltr'>Ἔγκατέσκηψεν.</span> <span class='ocrx_word' id='word_1_632' title='bbox 1410 4813 1643 4882; x_wconf 81' lang='lat' dir='ltr'><strong>Itlapsus</strong></span> <span class='ocrx_word' id='word_1_633' title='bbox 1666 4822 1765 4878; x_wconf 83' lang='lat' dir='ltr'><strong>est,</strong></span> <span class='ocrx_word' id='word_1_634' title='bbox 1792 4815 2005 4871; x_wconf 79' lang='lat' dir='ltr'><strong>invasit.</strong></span> <span class='ocrx_word' id='word_1_635' title='bbox 2038 4813 2178 4869; x_wconf 63' lang='grc' dir='ltr'>Μαι.</span> <span class='ocrx_word' id='word_1_636' title='bbox 2202 4821 2255 4868; x_wconf 84' lang='lat' dir='ltr'><strong>et</strong></span> 
     </span>
    </p>
   </div>
   <div class='ocr_carea' id='block_1_89' title="bbox 2354 4813 3953 4885">
    <p class='ocr_par' dir='ltr' id='par_1_89' title="bbox 2360 4813 3953 4884">
     <span class='ocr_line' id='line_1_89' title="bbox 2360 4813 3953 4884; baseline 0.001 -17"><span class='ocrx_word' id='word_1_637' title='bbox 2360 4813 2453 4878; x_wconf 85' lang='lat' dir='ltr'><strong>sit,</strong></span> <span class='ocrx_word' id='word_1_638' title='bbox 2490 4821 2545 4870; x_wconf 92' lang='lat' dir='ltr'><strong>et</strong></span> <span class='ocrx_word' id='word_1_639' title='bbox 2569 4814 2771 4871; x_wconf 87' lang='lat' dir='ltr'><strong>unione</strong></span> <span class='ocrx_word' id='word_1_640' title='bbox 2818 4815 3136 4881; x_wconf 85' lang='lat' dir='ltr'><strong>honoraria,</strong></span> <span class='ocrx_word' id='word_1_641' title='bbox 3190 4831 3300 4870; x_wconf 89' lang='lat' dir='ltr'><strong>non</strong></span> <span class='ocrx_word' id='word_1_642' title='bbox 3339 4815 3483 4869; x_wconf 85' lang='grc' dir='ltr'>κατὰ</span> <span class='ocrx_word' id='word_1_643' title='bbox 3514 4813 3673 4884; x_wconf 81' lang='grc' dir='ltr'>φύσιν</span> <span class='ocrx_word' id='word_1_644' title='bbox 3717 4822 3771 4868; x_wconf 88' lang='lat' dir='ltr'><strong>et</strong></span> <span class='ocrx_word' id='word_1_645' title='bbox 3815 4814 3953 4869; x_wconf 81' lang='grc' dir='ltr'>ὑπό-</span> 
     </span>
    </p>
   </div>
   <div class='ocr_carea' id='block_1_90' title="bbox 675 4886 2250 4956">
    <p class='ocr_par' dir='ltr' id='par_1_90' title="bbox 675 4886 2250 4956">
     <span class='ocr_line' id='line_1_90' title="bbox 675 4886 2250 4956; baseline -0.001 -17"><span class='ocrx_word' id='word_1_646' title='bbox 675 4886 863 4948; x_wconf 66' lang='grc' dir='ltr'>Αιιηιη</span> <span class='ocrx_word' id='word_1_647' title='bbox 893 4887 1394 4956; x_wconf 80' lang='grc' dir='ltr'>ὲγκατεσκήνωσεν.</span> <span class='ocrx_word' id='word_1_648' title='bbox 1422 4888 1475 4938; x_wconf 87' lang='lat' dir='ltr'><strong>in</strong></span> <span class='ocrx_word' id='word_1_649' title='bbox 1503 4902 1565 4939; x_wconf 84' lang='lat' dir='ltr'><strong>ea</strong></span> <span class='ocrx_word' id='word_1_650' title='bbox 1598 4886 1874 4949; x_wconf 76' lang='lat' dir='ltr'><strong>habitavit,</strong></span> <span class='ocrx_word' id='word_1_651' title='bbox 1898 4886 2043 4955; x_wconf 86' lang='lat' dir='ltr'><strong>quod</strong></span> <span class='ocrx_word' id='word_1_652' title='bbox 2096 4900 2250 4954; x_wconf 65' lang='lat' dir='ltr'><strong>eque</strong></span> 
     </span>
    </p>
   </div>
   <div class='ocr_carea' id='block_1_91' title="bbox 675 4956 2251 5027">
    <p class='ocr_par' dir='ltr' id='par_1_91' title="bbox 675 4956 2251 5027">
     <span class='ocr_line' id='line_1_91' title="bbox 675 4956 2251 5027; baseline -0.001 -18"><span class='ocrx_word' id='word_1_653' title='bbox 675 4958 984 5027; x_wconf 85' lang='lat' dir='ltr'><strong>probatum.</strong></span> <span class='ocrx_word' id='word_1_654' title='bbox 1015 4956 1298 5010; x_wconf 85' lang='lat' dir='ltr'><strong>Possinius</strong></span> <span class='ocrx_word' id='word_1_655' title='bbox 1321 4998 1333 5019; x_wconf 83' lang='lat'><strong>,</strong></span> <span class='ocrx_word' id='word_1_656' title='bbox 1372 4957 1729 5027; x_wconf 69' lang='lat' dir='ltr'><strong>agglntinatus</strong></span> <span class='ocrx_word' id='word_1_657' title='bbox 1756 4967 1855 5018; x_wconf 77' lang='lat' dir='ltr'><strong>est,</strong></span> <span class='ocrx_word' id='word_1_658' title='bbox 1900 4956 2045 5025; x_wconf 87' lang='lat' dir='ltr'><strong>quod</strong></span> <span class='ocrx_word' id='word_1_659' title='bbox 2078 4956 2251 5027; x_wconf 80' lang='lat' dir='ltr'><strong>expli-</strong></span> 
     </span>
    </p>
   </div>
   <div class='ocr_carea' id='block_1_92' title="bbox 674 5025 2254 5112">
    <p class='ocr_par' dir='ltr' id='par_1_92' title="bbox 674 5025 2254 5112">
     <span class='ocr_line' id='line_1_92' title="bbox 674 5025 2254 5112; baseline -0.001 -33"><span class='ocrx_word' id='word_1_660' title='bbox 674 5025 822 5112; x_wconf 42' lang='lat' dir='ltr'><strong>ratio</strong></span> <span class='ocrx_word' id='word_1_661' title='bbox 860 5028 1131 5112; x_wconf 30' lang='lat' dir='ltr'><strong>Oestuvocis</strong></span> <span class='ocrx_word' id='word_1_662' title='bbox 1160 5025 1592 5112; x_wconf 58' lang='grc' dir='ltr'>προσεκοτλήθη,</span> <span class='ocrx_word' id='word_1_663' title='bbox 1627 5042 1737 5081; x_wconf 90' lang='lat' dir='ltr'><strong>non</strong></span> <span class='ocrx_word' id='word_1_664' title='bbox 1784 5027 2152 5107; x_wconf 82' lang='lat' dir='ltr'><strong>minus_q_uam</strong></span> <span class='ocrx_word' id='word_1_665' title='bbox 2183 5025 2254 5078; x_wconf 88' lang='lat' dir='ltr'><strong>il-</strong></span> 
     </span>
    </p>
   </div>
   <div class='ocr_carea' id='block_1_93' title="bbox 677 5096 2254 5165">
    <p class='ocr_par' dir='ltr' id='par_1_93' title="bbox 677 5096 2254 5165">
     <span class='ocr_line' id='line_1_93' title="bbox 677 5096 2254 5165; baseline -0.002 -14"><span class='ocrx_word' id='word_1_666' title='bbox 677 5097 791 5161; x_wconf 84' lang='lat' dir='ltr'><strong>lud,</strong></span> <span class='ocrx_word' id='word_1_667' title='bbox 824 5098 871 5149; x_wconf 82' lang='lat' dir='ltr'><strong>ei</strong></span> <span class='ocrx_word' id='word_1_668' title='bbox 902 5096 1149 5159; x_wconf 76' lang='lat' dir='ltr'><strong>adhwsit,</strong></span> <span class='ocrx_word' id='word_1_669' title='bbox 1185 5112 1249 5150; x_wconf 88' lang='lat' dir='ltr'><strong>ac</strong></span> <span class='ocrx_word' id='word_1_670' title='bbox 1280 5096 1626 5164; x_wconf 57' lang='grc' dir='ltr'>ταυτολαγία.</span> <span class='ocrx_word' id='word_1_671' title='bbox 1667 5112 1773 5149; x_wconf 92' lang='lat' dir='ltr'><strong>non</strong></span> <span class='ocrx_word' id='word_1_672' title='bbox 1801 5098 2073 5165; x_wconf 80' lang='lat' dir='ltr'><strong>expositio</strong></span> <span class='ocrx_word' id='word_1_673' title='bbox 2099 5109 2254 5151; x_wconf 62' lang='lat' dir='ltr'><strong>novae</strong></span> 
     </span>
    </p>
   </div>
   <div class='ocr_carea' id='block_1_94' title="bbox 678 5165 2251 5230">
    <p class='ocr_par' dir='ltr' id='par_1_94' title="bbox 678 5165 2251 5230">
     <span class='ocr_line' id='line_1_94' title="bbox 678 5165 2251 5230; baseline -0.001 -11"><span class='ocrx_word' id='word_1_674' title='bbox 678 5166 933 5221; x_wconf 81' lang='lat' dir='ltr'><strong>Mcthudii</strong></span> <span class='ocrx_word' id='word_1_675' title='bbox 970 5168 1139 5221; x_wconf 87' lang='lat' dir='ltr'><strong>vocis.</strong></span> <span class='ocrx_word' id='word_1_676' title='bbox 1172 5165 1305 5219; x_wconf 88' lang='lat' dir='ltr'><strong>Illud</strong></span> <span class='ocrx_word' id='word_1_677' title='bbox 1340 5169 1502 5220; x_wconf 89' lang='lat' dir='ltr'><strong>etiam</strong></span> <span class='ocrx_word' id='word_1_678' title='bbox 1529 5208 1543 5230; x_wconf 91' lang='lat'><strong>,</strong></span> <span class='ocrx_word' id='word_1_679' title='bbox 1580 5170 1866 5219; x_wconf 79' lang='lat' dir='ltr'><strong>incarnam</strong></span> <span class='ocrx_word' id='word_1_680' title='bbox 1907 5184 1962 5221; x_wconf 76' lang='lat' dir='ltr'><strong>se</strong></span> <span class='ocrx_word' id='word_1_681' title='bbox 2015 5169 2068 5221; x_wconf 86' lang='lat' dir='ltr'><strong>in</strong></span> <span class='ocrx_word' id='word_1_682' title='bbox 2111 5182 2251 5229; x_wconf 89' lang='lat' dir='ltr'><strong>eam,</strong></span> 
     </span>
    </p>
   </div>
   <div class='ocr_carea' id='block_1_95' title="bbox 676 5236 2248 5306">
    <p class='ocr_par' dir='ltr' id='par_1_95' title="bbox 676 5236 2248 5306">
     <span class='ocr_line' id='line_1_95' title="bbox 676 5236 2248 5306; baseline -0.004 -15"><span class='ocrx_word' id='word_1_683' title='bbox 676 5252 839 5305; x_wconf 81' lang='lat' dir='ltr'><strong>quam</strong></span> <span class='ocrx_word' id='word_1_684' title='bbox 873 5236 1069 5289; x_wconf 84' lang='lat' dir='ltr'><strong>durum</strong></span> <span class='ocrx_word' id='word_1_685' title='bbox 1112 5252 1411 5306; x_wconf 88' lang='lat' dir='ltr'><strong>parumque</strong></span> <span class='ocrx_word' id='word_1_686' title='bbox 1445 5237 1835 5306; x_wconf 84' lang='lat' dir='ltr'><strong>tlieologicuml</strong></span> <span class='ocrx_word' id='word_1_687' title='bbox 1867 5237 1927 5290; x_wconf 85' lang='grc' dir='ltr'><strong>τὸ</strong></span> <span class='ocrx_word' id='word_1_688' title='bbox 1956 5240 2042 5304; x_wconf 82' lang='grc' dir='ltr'>εὶς</span> <span class='ocrx_word' id='word_1_689' title='bbox 2072 5238 2248 5306; x_wconf 58' lang='grc' dir='ltr'>αὐτην</span> 
     </span>
    </p>
   </div>
   <div class='ocr_carea' id='block_1_96' title="bbox 676 5304 2258 5376">
    <p class='ocr_par' dir='ltr' id='par_1_96' title="bbox 676 5304 2258 5376">
     <span class='ocr_line' id='line_1_96' title="bbox 676 5304 2258 5376; baseline -0.001 -15"><span class='ocrx_word' id='word_1_690' title='bbox 676 5304 904 5362; x_wconf 86' lang='lat' dir='ltr'><strong>verbum</strong></span> <span class='ocrx_word' id='word_1_691' title='bbox 959 5304 1339 5374; x_wconf 73' lang='grc' dir='ltr'>ἐγκατέσκηψε</span> <span class='ocrx_word' id='word_1_692' title='bbox 1402 5304 1656 5376; x_wconf 69' lang='grc' dir='ltr'>τεερὶοἰιξ</span> <span class='ocrx_word' id='word_1_693' title='bbox 1727 5306 1920 5361; x_wconf 85' lang='lat' dir='ltr'><strong>modus</strong></span> <span class='ocrx_word' id='word_1_694' title='bbox 1987 5323 2117 5361; x_wconf 88' lang='lat' dir='ltr'><strong>vero</strong></span> <span class='ocrx_word' id='word_1_695' title='bbox 2163 5304 2258 5360; x_wconf 88' lang='lat' dir='ltr'><strong>de-</strong></span> 
     </span>
    </p>
   </div>
   <div class='ocr_carea' id='block_1_97' title="bbox 678 5375 2258 5447">
    <p class='ocr_par' dir='ltr' id='par_1_97' title="bbox 678 5375 2258 5447">
     <span class='ocr_line' id='line_1_97' title="bbox 678 5375 2258 5447; baseline -0.003 -16"><span class='ocrx_word' id='word_1_696' title='bbox 678 5384 901 5433; x_wconf 85' lang='lat' dir='ltr'><strong>notatur</strong></span> <span class='ocrx_word' id='word_1_697' title='bbox 958 5377 1051 5430; x_wconf 81' lang='lat' dir='ltr'><strong>illa</strong></span> <span class='ocrx_word' id='word_1_698' title='bbox 1102 5392 1234 5431; x_wconf 86' lang='lat' dir='ltr'><strong>voce</strong></span> <span class='ocrx_word' id='word_1_699' title='bbox 1291 5375 1737 5447; x_wconf 82' lang='grc' dir='ltr'>ἐνανθρωπήσας,</span> <span class='ocrx_word' id='word_1_700' title='bbox 1788 5376 2011 5431; x_wconf 77' lang='lat' dir='ltr'><strong>hominis</strong></span> <span class='ocrx_word' id='word_1_701' title='bbox 2050 5393 2258 5431; x_wconf 77' lang='lat' dir='ltr'><strong>assum-</strong></span> 
     </span>
    </p>
   </div>
   <div class='ocr_carea' id='block_1_98' title="bbox 678 5446 2258 5517">
    <p class='ocr_par' dir='ltr' id='par_1_98' title="bbox 678 5446 2258 5517">
     <span class='ocr_line' id='line_1_98' title="bbox 678 5446 2258 5517; baseline -0.003 -16"><span class='ocrx_word' id='word_1_702' title='bbox 678 5450 853 5517; x_wconf 83' lang='lat' dir='ltr'><strong>ptione</strong></span> <span class='ocrx_word' id='word_1_703' title='bbox 878 5454 929 5501; x_wconf 75' lang='lat' dir='ltr'><strong>et</strong></span> <span class='ocrx_word' id='word_1_704' title='bbox 951 5447 1122 5515; x_wconf 69' lang='lat' dir='ltr'><strong>facta:</strong></span> <span class='ocrx_word' id='word_1_705' title='bbox 1140 5447 1293 5500; x_wconf 77' lang='lat' dir='ltr'><strong>homo</strong></span> <span class='ocrx_word' id='word_1_706' title='bbox 1319 5464 1334 5499; x_wconf 91' lang='lat'><em>:</em></span> <span class='ocrx_word' id='word_1_707' title='bbox 1367 5446 1542 5500; x_wconf 79' lang='lat' dir='ltr'><strong>sicin</strong></span> <span class='ocrx_word' id='word_1_708' title='bbox 1568 5446 1687 5501; x_wconf 86' lang='lat' dir='ltr'><strong>eam</strong></span> <span class='ocrx_word' id='word_1_709' title='bbox 1725 5448 1872 5517; x_wconf 79' lang='lat' dir='ltr'><strong>venit</strong></span> <span class='ocrx_word' id='word_1_710' title='bbox 1902 5458 2063 5517; x_wconf 86' lang='lat' dir='ltr'><strong>atque</strong></span> <span class='ocrx_word' id='word_1_711' title='bbox 2106 5447 2258 5517; x_wconf 48' lang='lat' dir='ltr'><strong>i_nva§</strong></span> 
     </span>
    </p>
   </div>
   <div class='ocr_carea' id='block_1_99' title="bbox 681 5515 2258 5585">
    <p class='ocr_par' dir='ltr' id='par_1_99' title="bbox 681 5515 2258 5585">
     <span class='ocr_line' id='line_1_99' title="bbox 681 5515 2258 5585; baseline -0.003 -12"><span class='ocrx_word' id='word_1_712' title='bbox 681 5515 753 5573; x_wconf 78' lang='lat' dir='ltr'><strong>sit</strong></span> <span class='ocrx_word' id='word_1_713' title='bbox 802 5518 988 5584; x_wconf 83' lang='lat' dir='ltr'><strong>illique</strong></span> <span class='ocrx_word' id='word_1_714' title='bbox 1022 5516 1289 5577; x_wconf 87' lang='lat' dir='ltr'><strong>incubuit,</strong></span> <span class='ocrx_word' id='word_1_715' title='bbox 1333 5532 1454 5585; x_wconf 71' lang='lat' dir='ltr'><strong>qua:</strong></span> <span class='ocrx_word' id='word_1_716' title='bbox 1490 5518 1572 5570; x_wconf 87' lang='lat' dir='ltr'><strong>vis</strong></span> <span class='ocrx_word' id='word_1_717' title='bbox 1607 5527 1691 5571; x_wconf 91' lang='lat' dir='ltr'><strong>est</strong></span> <span class='ocrx_word' id='word_1_718' title='bbox 1730 5516 1852 5584; x_wconf 79' lang='lat' dir='ltr'><strong>ejus</strong></span> <span class='ocrx_word' id='word_1_719' title='bbox 1897 5515 2067 5570; x_wconf 74' lang='lat' dir='ltr'><strong>vocis.</strong></span> <span class='ocrx_word' id='word_1_720' title='bbox 2103 5515 2258 5580; x_wconf 80' lang='lat' dir='ltr'><strong>Quod</strong></span> 
     </span>
    </p>
   </div>
   <div class='ocr_carea' id='block_1_100' title="bbox 679 5588 2257 5657">
    <p class='ocr_par' dir='ltr' id='par_1_100' title="bbox 679 5588 2257 5657">
     <span class='ocr_line' id='line_1_100' title="bbox 679 5588 2257 5657; baseline -0.004 -16"><span class='ocrx_word' id='word_1_721' title='bbox 679 5596 865 5642; x_wconf 85' lang='lat' dir='ltr'><strong>tamen</strong></span> <span class='ocrx_word' id='word_1_722' title='bbox 892 5588 1217 5647; x_wconf 68' lang='lat' dir='ltr'><strong>ﬂetliodius,</strong></span> <span class='ocrx_word' id='word_1_723' title='bbox 1247 5588 1510 5657; x_wconf 81' lang='lat' dir='ltr'><strong>singulari</strong></span> <span class='ocrx_word' id='word_1_724' title='bbox 1536 5603 1597 5640; x_wconf 90' lang='lat' dir='ltr'><strong>ea</strong></span> <span class='ocrx_word' id='word_1_725' title='bbox 1622 5589 1911 5657; x_wconf 84' lang='lat' dir='ltr'><strong>sanctitate</strong></span> <span class='ocrx_word' id='word_1_726' title='bbox 1940 5596 1993 5641; x_wconf 85' lang='lat' dir='ltr'><strong>ct</strong></span> <span class='ocrx_word' id='word_1_727' title='bbox 2019 5588 2257 5657; x_wconf 75' lang='lat' dir='ltr'><strong>justitin,</strong></span> 
     </span>
    </p>
   </div>
   <div class='ocr_carea' id='block_1_101' title="bbox 681 5656 2265 5728">
    <p class='ocr_par' dir='ltr' id='par_1_101' title="bbox 681 5656 2265 5728">
     <span class='ocr_line' id='line_1_101' title="bbox 681 5656 2265 5728; baseline -0.003 -17"><span class='ocrx_word' id='word_1_728' title='bbox 681 5658 1052 5728; x_wconf 80' lang='grc' dir='ltr'>κατηξιῶσθαι</span> <span class='ocrx_word' id='word_1_729' title='bbox 1092 5658 1227 5728; x_wconf 82' lang='lat' dir='ltr'><strong>dicit</strong></span> <span class='ocrx_word' id='word_1_730' title='bbox 1280 5656 1535 5710; x_wconf 84' lang='grc' dir='ltr'>κοινωνὸν</span> <span class='ocrx_word' id='word_1_731' title='bbox 1582 5656 1826 5723; x_wconf 84' lang='grc' dir='ltr'>γίνεσθαι</span> <span class='ocrx_word' id='word_1_732' title='bbox 1862 5659 1960 5728; x_wconf 85' lang='grc' dir='ltr'>τῆς</span> <span class='ocrx_word' id='word_1_733' title='bbox 1992 5656 2265 5728; x_wconf 76' lang='grc' dir='ltr'>βασιλείας</span> 
     </span>
    </p>
   </div>
   <div class='ocr_carea' id='block_1_102' title="bbox 682 5725 2266 5797">
    <p class='ocr_par' dir='ltr' id='par_1_102' title="bbox 682 5725 2266 5797">
     <span class='ocr_line' id='line_1_102' title="bbox 682 5725 2266 5797; baseline -0.002 -16"><span class='ocrx_word' id='word_1_734' title='bbox 682 5727 777 5781; x_wconf 88' lang='grc' dir='ltr'><strong>τοῦ</strong></span> <span class='ocrx_word' id='word_1_735' title='bbox 810 5725 1168 5795; x_wconf 82' lang='grc' dir='ltr'>Μονογενοῦς.</span> <span class='ocrx_word' id='word_1_736' title='bbox 1197 5729 1449 5781; x_wconf 69' lang='grc' dir='ltr'>πιστεύσει</span> <span class='ocrx_word' id='word_1_737' title='bbox 1476 5741 1769 5779; x_wconf 74' lang='lat' dir='ltr'><strong>consortem</strong></span> <span class='ocrx_word' id='word_1_738' title='bbox 1816 5725 1929 5795; x_wconf 77' lang='lat' dir='ltr'><strong>ﬁeri</strong></span> <span class='ocrx_word' id='word_1_739' title='bbox 1962 5725 2104 5797; x_wconf 75' lang='lat' dir='ltr'><strong>regni</strong></span> <span class='ocrx_word' id='word_1_740' title='bbox 2137 5725 2266 5778; x_wconf 89' lang='lat' dir='ltr'><strong>Uni-</strong></span> 
     </span>
    </p>
   </div>
   <div class='ocr_carea' id='block_1_103' title="bbox 684 5797 2263 5869">
    <p class='ocr_par' dir='ltr' id='par_1_103' title="bbox 684 5797 2263 5869">
     <span class='ocr_line' id='line_1_103' title="bbox 684 5797 2263 5869; baseline 0.001 -18"><span class='ocrx_word' id='word_1_741' title='bbox 684 5798 864 5868; x_wconf 70' lang='lat' dir='ltr'><strong>9dniti,</strong></span> <span class='ocrx_word' id='word_1_742' title='bbox 896 5814 1037 5869; x_wconf 71' lang='lat' dir='ltr'><strong>aegre</strong></span> <span class='ocrx_word' id='word_1_743' title='bbox 1068 5813 1097 5852; x_wconf 91' lang='lat' dir='ltr'><strong>a</strong></span> <span class='ocrx_word' id='word_1_744' title='bbox 1125 5798 1463 5854; x_wconf 74' lang='lat' dir='ltr'><strong>Nestorianis</strong></span> <span class='ocrx_word' id='word_1_745' title='bbox 1500 5797 1803 5853; x_wconf 82' lang='lat' dir='ltr'><strong>lurl‘uribus</strong></span> <span class='ocrx_word' id='word_1_746' title='bbox 1851 5799 2111 5853; x_wconf 72' lang='lat' dir='ltr'><strong>vindicari</strong></span> <span class='ocrx_word' id='word_1_747' title='bbox 2136 5812 2263 5866; x_wconf 83' lang='lat' dir='ltr'><strong>pos-</strong></span> 
     </span>
    </p>
   </div>
   <div class='ocr_carea' id='block_1_104' title="bbox 2362 4885 3956 4956">
    <p class='ocr_par' dir='ltr' id='par_1_104' title="bbox 2362 4885 3956 4956">
     <span class='ocr_line' id='line_1_104' title="bbox 2362 4885 3956 4956; baseline 0.001 -18"><span class='ocrx_word' id='word_1_748' title='bbox 2362 4901 2569 4950; x_wconf 82' lang='grc' dir='ltr'>στασιν,</span> <span class='ocrx_word' id='word_1_749' title='bbox 2598 4902 2707 4955; x_wconf 90' lang='lat' dir='ltr'><strong>qua</strong></span> <span class='ocrx_word' id='word_1_750' title='bbox 2740 4887 2902 4941; x_wconf 88' lang='lat' dir='ltr'><strong>homo</strong></span> <span class='ocrx_word' id='word_1_751' title='bbox 2941 4896 3296 4943; x_wconf 89' lang='lat' dir='ltr'><strong>consecratus</strong></span> <span class='ocrx_word' id='word_1_752' title='bbox 3327 4888 3392 4956; x_wconf 3' lang='lat' dir='ltr'><strong>in,</strong></span> <span class='ocrx_word' id='word_1_753' title='bbox 3414 4886 3505 4939; x_wconf 80' lang='lat' dir='ltr'><strong>Dei</strong></span> <span class='ocrx_word' id='word_1_754' title='bbox 3542 4885 3709 4937; x_wconf 79' lang='lat' dir='ltr'><strong>lilium</strong></span> <span class='ocrx_word' id='word_1_755' title='bbox 3738 4885 3809 4939; x_wconf 91' lang='lat' dir='ltr'><strong>ab</strong></span> <span class='ocrx_word' id='word_1_756' title='bbox 3832 4888 3956 4956; x_wconf 84' lang='lat' dir='ltr'><strong>ipso</strong></span> 
     </span>
    </p>
   </div>
   <div class='ocr_carea' id='block_1_105' title="bbox 2361 4955 3955 5019">
    <p class='ocr_par' dir='ltr' id='par_1_105' title="bbox 2361 4955 3955 5019">
     <span class='ocr_line' id='line_1_105' title="bbox 2361 4955 3955 5019; baseline 0 -10"><span class='ocrx_word' id='word_1_757' title='bbox 2361 4964 2642 5010; x_wconf 90' lang='lat' dir='ltr'><strong>momento</strong></span> <span class='ocrx_word' id='word_1_758' title='bbox 2665 4958 2834 5011; x_wconf 90' lang='lat' dir='ltr'><strong>creati</strong></span> <span class='ocrx_word' id='word_1_759' title='bbox 2875 4956 3065 5018; x_wconf 87' lang='lat' dir='ltr'><strong>animi,</strong></span> <span class='ocrx_word' id='word_1_760' title='bbox 3112 4965 3165 5011; x_wconf 87' lang='lat' dir='ltr'><strong>et</strong></span> <span class='ocrx_word' id='word_1_761' title='bbox 3205 4956 3349 5011; x_wconf 89' lang='lat' dir='ltr'><strong>Deus</strong></span> <span class='ocrx_word' id='word_1_762' title='bbox 3377 4955 3553 5009; x_wconf 80' lang='lat' dir='ltr'><strong>factus</strong></span> <span class='ocrx_word' id='word_1_763' title='bbox 3592 4957 3789 5019; x_wconf 80' lang='lat' dir='ltr'><strong>homo;</strong></span> <span class='ocrx_word' id='word_1_764' title='bbox 3838 4955 3955 5009; x_wconf 88' lang='lat' dir='ltr'><strong>non</strong></span> 
     </span>
    </p>
   </div>
   <div class='ocr_carea' id='block_1_106' title="bbox 2362 5024 3951 5095">
    <p class='ocr_par' dir='ltr' id='par_1_106' title="bbox 2362 5024 3951 5095">
     <span class='ocr_line' id='line_1_106' title="bbox 2362 5024 3951 5095; baseline -0.001 -16"><span class='ocrx_word' id='word_1_765' title='bbox 2362 5027 2489 5080; x_wconf 89' lang='lat' dir='ltr'><strong>ullis</strong></span> <span class='ocrx_word' id='word_1_766' title='bbox 2522 5026 2731 5081; x_wconf 86' lang='lat' dir='ltr'><strong>meritis</strong></span> <span class='ocrx_word' id='word_1_767' title='bbox 2782 5034 2874 5078; x_wconf 92' lang='lat' dir='ltr'><strong>aut</strong></span> <span class='ocrx_word' id='word_1_768' title='bbox 2903 5025 3173 5094; x_wconf 82' lang='lat' dir='ltr'><strong>profectu,</strong></span> <span class='ocrx_word' id='word_1_769' title='bbox 3206 5042 3274 5080; x_wconf 89' lang='lat' dir='ltr'><strong>eo</strong></span> <span class='ocrx_word' id='word_1_770' title='bbox 3300 5036 3588 5095; x_wconf 89' lang='lat' dir='ltr'><strong>provectus</strong></span> <span class='ocrx_word' id='word_1_771' title='bbox 3619 5024 3709 5078; x_wconf 92' lang='lat' dir='ltr'><strong>ille</strong></span> <span class='ocrx_word' id='word_1_772' title='bbox 3757 5025 3951 5095; x_wconf 84' lang='lat' dir='ltr'><strong>homo,</strong></span> 
     </span>
    </p>
   </div>
   <div class='ocr_carea' id='block_1_107' title="bbox 2363 5094 3957 5167">
    <p class='ocr_par' dir='ltr' id='par_1_107' title="bbox 2363 5094 3957 5167">
     <span class='ocr_line' id='line_1_107' title="bbox 2363 5094 3957 5167; baseline -0.002 -19"><span class='ocrx_word' id='word_1_773' title='bbox 2363 5104 2421 5149; x_wconf 90' lang='lat' dir='ltr'><strong>ut</strong></span> <span class='ocrx_word' id='word_1_774' title='bbox 2455 5096 2548 5150; x_wconf 92' lang='lat' dir='ltr'><strong>Dei</strong></span> <span class='ocrx_word' id='word_1_775' title='bbox 2585 5096 2725 5150; x_wconf 78' lang='lat' dir='ltr'><strong>[ilius</strong></span> <span class='ocrx_word' id='word_1_776' title='bbox 2751 5096 2979 5167; x_wconf 88' lang='lat' dir='ltr'><strong>ejusque</strong></span> <span class='ocrx_word' id='word_1_777' title='bbox 3000 5099 3150 5167; x_wconf 87' lang='lat' dir='ltr'><strong>regni</strong></span> <span class='ocrx_word' id='word_1_778' title='bbox 3173 5110 3407 5167; x_wconf 87' lang='lat' dir='ltr'><strong>consors</strong></span> <span class='ocrx_word' id='word_1_779' title='bbox 3430 5096 3728 5167; x_wconf 69' lang='lat' dir='ltr'><strong>diceretur.</strong></span> <span class='ocrx_word' id='word_1_780' title='bbox 3751 5094 3957 5167; x_wconf 73' lang='lat' dir='ltr'><strong>Comes</strong></span> 
     </span>
    </p>
   </div>
   <div class='ocr_carea' id='block_1_108' title="bbox 2364 5165 3949 5236">
    <p class='ocr_par' dir='ltr' id='par_1_108' title="bbox 2364 5165 3949 5236">
     <span class='ocr_line' id='line_1_108' title="bbox 2364 5165 3949 5236; baseline -0.003 -17"><span class='ocrx_word' id='word_1_781' title='bbox 2364 5167 2533 5235; x_wconf 90' lang='lat' dir='ltr'><strong>igitur</strong></span> <span class='ocrx_word' id='word_1_782' title='bbox 2558 5178 2613 5220; x_wconf 91' lang='lat' dir='ltr'><strong>et</strong></span> <span class='ocrx_word' id='word_1_783' title='bbox 2650 5167 2808 5236; x_wconf 86' lang='lat' dir='ltr'><strong>quasi</strong></span> <span class='ocrx_word' id='word_1_784' title='bbox 2860 5165 3087 5221; x_wconf 75' lang='lat' dir='ltr'><strong>elfectus</strong></span> <span class='ocrx_word' id='word_1_785' title='bbox 3117 5168 3312 5221; x_wconf 66' lang='lat' dir='ltr'><strong>divinae</strong></span> <span class='ocrx_word' id='word_1_786' title='bbox 3338 5166 3484 5218; x_wconf 89' lang='lat' dir='ltr'><strong>illius</strong></span> <span class='ocrx_word' id='word_1_787' title='bbox 3544 5165 3765 5236; x_wconf 74' lang='lat' dir='ltr'><strong>ultionis</strong></span> <span class='ocrx_word' id='word_1_788' title='bbox 3818 5165 3949 5227; x_wconf 82' lang='lat' dir='ltr'><strong>fuit,</strong></span> 
     </span>
    </p>
   </div>
   <div class='ocr_carea' id='block_1_109' title="bbox 2364 5234 3951 5303">
    <p class='ocr_par' dir='ltr' id='par_1_109' title="bbox 2364 5234 3951 5303">
     <span class='ocr_line' id='line_1_109' title="bbox 2364 5234 3951 5303; baseline -0.001 -14"><span class='ocrx_word' id='word_1_789' title='bbox 2364 5234 2545 5289; x_wconf 84' lang='lat' dir='ltr'><strong>omnis</strong></span> <span class='ocrx_word' id='word_1_790' title='bbox 2578 5234 2683 5289; x_wconf 81' lang='lat' dir='ltr'><strong>illa</strong></span> <span class='ocrx_word' id='word_1_791' title='bbox 2705 5235 2907 5289; x_wconf 82' lang='lat' dir='ltr'><strong>Christi</strong></span> <span class='ocrx_word' id='word_1_792' title='bbox 2942 5237 3179 5292; x_wconf 89' lang='lat' dir='ltr'><strong>hominis</strong></span> <span class='ocrx_word' id='word_1_793' title='bbox 3202 5236 3414 5303; x_wconf 89' lang='lat' dir='ltr'><strong>justitia</strong></span> <span class='ocrx_word' id='word_1_794' title='bbox 3440 5243 3494 5287; x_wconf 85' lang='lat' dir='ltr'><strong>et</strong></span> <span class='ocrx_word' id='word_1_795' title='bbox 3524 5234 3817 5290; x_wconf 85' lang='lat' dir='ltr'><strong>sanctitas.</strong></span> <span class='ocrx_word' id='word_1_796' title='bbox 3841 5251 3951 5288; x_wconf 87' lang='lat' dir='ltr'><strong>non</strong></span> 
     </span>
    </p>
   </div>
   <div class='ocr_carea' id='block_1_110' title="bbox 2364 5304 3953 5386">
    <p class='ocr_par' dir='ltr' id='par_1_110' title="bbox 2364 5304 3953 5386">
     <span class='ocr_line' id='line_1_110' title="bbox 2364 5304 3953 5386; baseline -0.001 -27"><span class='ocrx_word' id='word_1_797' title='bbox 2364 5304 2487 5386; x_wconf 71' lang='lat' dir='ltr'><strong>ejus</strong></span> <span class='ocrx_word' id='word_1_798' title='bbox 2532 5310 2705 5386; x_wconf 80' lang='lat' dir='ltr'><strong>ratio,_</strong></span> <span class='ocrx_word' id='word_1_799' title='bbox 2729 5307 3030 5386; x_wconf 44' lang='lat' dir='ltr'><strong>ob&#39;quann</strong></span> <span class='ocrx_word' id='word_1_800' title='bbox 3056 5308 3254 5360; x_wconf 90' lang='lat' dir='ltr'><strong>meruit</strong></span> <span class='ocrx_word' id='word_1_801' title='bbox 3280 5306 3427 5386; x_wconf 75' lang='lat' dir='ltr'><strong>illam</strong></span> <span class='ocrx_word' id='word_1_802' title='bbox 3466 5305 3733 5386; x_wconf 43' lang='lat' dir='ltr'><strong>adipisci;</strong></span> <span class='ocrx_word' id='word_1_803' title='bbox 3771 5305 3953 5386; x_wconf 46' lang='lat' dir='ltr'><strong>titiam</strong></span> 
     </span>
    </p>
   </div>
   <div class='ocr_carea' id='block_1_111' title="bbox 2366 5373 3953 5447">
    <p class='ocr_par' dir='ltr' id='par_1_111' title="bbox 2366 5373 3953 5447">
     <span class='ocr_line' id='line_1_111' title="bbox 2366 5373 3953 5447; baseline -0.003 -16"><span class='ocrx_word' id='word_1_804' title='bbox 2366 5373 2664 5447; x_wconf 86' lang='lat' dir='ltr'><strong>Gregorius</strong></span> <span class='ocrx_word' id='word_1_805' title='bbox 2692 5376 2748 5447; x_wconf 87' lang='lat' dir='ltr'><strong>in</strong></span> <span class='ocrx_word' id='word_1_806' title='bbox 2782 5373 2980 5447; x_wconf 82' lang='lat' dir='ltr'><strong>Homil.</strong></span> <span class='ocrx_word' id='word_1_807' title='bbox 3015 5375 3159 5429; x_wconf 87' lang='lat' dir='ltr'><strong>hanc</strong></span> <span class='ocrx_word' id='word_1_808' title='bbox 3202 5375 3516 5444; x_wconf 89' lang='lat' dir='ltr'><strong>nuptiarum</strong></span> <span class='ocrx_word' id='word_1_809' title='bbox 3546 5373 3667 5429; x_wconf 80' lang='lat' dir='ltr'><strong>Filii</strong></span> <span class='ocrx_word' id='word_1_810' title='bbox 3695 5373 3790 5427; x_wconf 88' lang='lat' dir='ltr'><strong>Dei</strong></span> <span class='ocrx_word' id='word_1_811' title='bbox 3822 5390 3953 5447; x_wconf 87' lang='lat' dir='ltr'><strong>cum</strong></span> 
     </span>
    </p>
   </div>
   <div class='ocr_carea' id='block_1_112' title="bbox 2366 5446 3953 5516">
    <p class='ocr_par' dir='ltr' id='par_1_112' title="bbox 2366 5446 3953 5516">
     <span class='ocr_line' id='line_1_112' title="bbox 2366 5446 3953 5516; baseline -0.002 -15"><span class='ocrx_word' id='word_1_812' title='bbox 2366 5462 2465 5501; x_wconf 83' lang='lat' dir='ltr'><strong>sua</strong></span> <span class='ocrx_word' id='word_1_813' title='bbox 2488 5446 2658 5500; x_wconf 90' lang='lat' dir='ltr'><strong>carne</strong></span> <span class='ocrx_word' id='word_1_814' title='bbox 2690 5446 2808 5516; x_wconf 88' lang='lat' dir='ltr'><strong>(seu</strong></span> <span class='ocrx_word' id='word_1_815' title='bbox 2840 5446 3201 5514; x_wconf 89' lang='lat' dir='ltr'><strong>humanitate)</strong></span> <span class='ocrx_word' id='word_1_816' title='bbox 3260 5447 3729 5516; x_wconf 85' lang='lat' dir='ltr'><strong>comparationem</strong></span> <span class='ocrx_word' id='word_1_817' title='bbox 3761 5446 3953 5516; x_wconf 72' lang='lat' dir='ltr'><strong>statim</strong></span> 
     </span>
    </p>
   </div>
   <div class='ocr_carea' id='block_1_113' title="bbox 2366 5514 3955 5584">
    <p class='ocr_par' dir='ltr' id='par_1_113' title="bbox 2366 5514 3955 5584">
     <span class='ocr_line' id='line_1_113' title="bbox 2366 5514 3955 5584; baseline -0.001 -15"><span class='ocrx_word' id='word_1_818' title='bbox 2366 5517 2567 5584; x_wconf 84' lang='lat' dir='ltr'><strong>rejicit,</strong></span> <span class='ocrx_word' id='word_1_819' title='bbox 2636 5514 2707 5569; x_wconf 86' lang='lat' dir='ltr'><strong>ut</strong></span> <span class='ocrx_word' id='word_1_820' title='bbox 2744 5517 2927 5570; x_wconf 87' lang='lat' dir='ltr'><strong>minus</strong></span> <span class='ocrx_word' id='word_1_821' title='bbox 2984 5514 3416 5576; x_wconf 73' lang='lat' dir='ltr'><strong>accommodem.</strong></span> <span class='ocrx_word' id='word_1_822' title='bbox 3472 5523 3526 5569; x_wconf 87' lang='lat' dir='ltr'><strong>et</strong></span> <span class='ocrx_word' id='word_1_823' title='bbox 3591 5529 3712 5582; x_wconf 67' lang='lat' dir='ltr'><strong>qua:</strong></span> <span class='ocrx_word' id='word_1_824' title='bbox 3767 5514 3955 5568; x_wconf 79' lang='lat' dir='ltr'><strong>faveat</strong></span> 
     </span>
    </p>
   </div>
   <div class='ocr_carea' id='block_1_114' title="bbox 2367 5584 3954 5657">
    <p class='ocr_par' dir='ltr' id='par_1_114' title="bbox 2367 5584 3954 5657">
     <span class='ocr_line' id='line_1_114' title="bbox 2367 5584 3954 5657; baseline -0.003 -16"><span class='ocrx_word' id='word_1_825' title='bbox 2367 5586 2660 5641; x_wconf 80' lang='lat' dir='ltr'><strong>Nestorio:</strong></span> <span class='ocrx_word' id='word_1_826' title='bbox 2696 5586 2841 5657; x_wconf 88' lang='lat' dir='ltr'><strong>quod</strong></span> <span class='ocrx_word' id='word_1_827' title='bbox 2901 5586 3218 5657; x_wconf 82' lang='lat' dir='ltr'><strong>nuptiarum</strong></span> <span class='ocrx_word' id='word_1_828' title='bbox 3254 5584 3455 5639; x_wconf 71' lang='lat' dir='ltr'><strong>fmdera</strong></span> <span class='ocrx_word' id='word_1_829' title='bbox 3504 5599 3613 5638; x_wconf 92' lang='lat' dir='ltr'><strong>non</strong></span> <span class='ocrx_word' id='word_1_830' title='bbox 3666 5585 3777 5637; x_wconf 88' lang='lat' dir='ltr'><strong>sint</strong></span> <span class='ocrx_word' id='word_1_831' title='bbox 3828 5584 3954 5657; x_wconf 74' lang='lat' dir='ltr'><strong>nisi</strong></span> 
     </span>
    </p>
   </div>
   <div class='ocr_carea' id='block_1_115' title="bbox 2372 5652 3954 5726">
    <p class='ocr_par' dir='ltr' id='par_1_115' title="bbox 2372 5652 3954 5726">
     <span class='ocr_line' id='line_1_115' title="bbox 2372 5652 3954 5726; baseline -0.003 -15"><span class='ocrx_word' id='word_1_832' title='bbox 2372 5658 2514 5711; x_wconf 91' lang='lat' dir='ltr'><strong>inter</strong></span> <span class='ocrx_word' id='word_1_833' title='bbox 2569 5672 2687 5718; x_wconf 86' lang='lat' dir='ltr'><strong>eos,</strong></span> <span class='ocrx_word' id='word_1_834' title='bbox 2711 5652 2836 5726; x_wconf 46' lang='lat' dir='ltr'><strong>—qui</strong></span> <span class='ocrx_word' id='word_1_835' title='bbox 2897 5652 3202 5726; x_wconf 17' lang='lat' dir='ltr'><strong>distinctae,</strong></span> <span class='ocrx_word' id='word_1_836' title='bbox 3228 5670 3473 5726; x_wconf 71' lang='lat' dir='ltr'><strong>persona:</strong></span> <span class='ocrx_word' id='word_1_837' title='bbox 3520 5662 3649 5710; x_wconf 90' lang='lat' dir='ltr'><strong>sunt</strong></span> <span class='ocrx_word' id='word_1_838' title='bbox 3680 5670 3692 5703; x_wconf 92' lang='lat'>:</span> <span class='ocrx_word' id='word_1_839' title='bbox 3720 5652 3954 5726; x_wconf 83' lang='lat' dir='ltr'><strong>proinde</strong></span> 
     </span>
    </p>
   </div>
   <div class='ocr_carea' id='block_1_116' title="bbox 2372 5673 3954 5795">
    <p class='ocr_par' dir='ltr' id='par_1_116' title="bbox 2372 5673 3954 5795">
     <span class='ocr_line' id='line_1_116' title="bbox 2372 5673 3954 5726; baseline -0.003 -15"><span class='ocrx_word' id='word_1_840' title='bbox 2372 5673 2514 5711; x_wconf 76' lang='lat' dir='ltr'><strong>llllel‘</strong></span> <span class='ocrx_word' id='word_1_841' title='bbox 2569 5673 2687 5718; x_wconf 71' lang='lat'><strong>008,</strong></span> <span class='ocrx_word' id='word_1_842' title='bbox 2783 5673 2836 5710; x_wconf 84' lang='grc' dir='ltr'><strong>ιιι</strong></span> <span class='ocrx_word' id='word_1_843' title='bbox 2897 5673 3174 5709; x_wconf 69' lang='lat' dir='ltr'><strong>utsuncua</strong></span> <span class='ocrx_word' id='word_1_844' title='bbox 3228 5673 3473 5726; x_wconf 74' lang='lat' dir='ltr'><strong>persona:</strong></span> <span class='ocrx_word' id='word_1_845' title='bbox 3520 5673 3954 5723; x_wconf 80' lang='lat' dir='ltr'><strong>suntzpmmoe</strong></span> 
     </span>
     <span class='ocr_line' id='line_1_117' title="bbox 2372 5673 3954 5795; baseline -0.001 -15"><span class='ocrx_word' id='word_1_846' title='bbox 2372 5726 2579 5780; x_wconf 87' lang='lat' dir='ltr'><strong>mavult</strong></span> <span class='ocrx_word' id='word_1_847' title='bbox 2604 5727 2708 5780; x_wconf 89' lang='lat' dir='ltr'><strong>dici</strong></span> <span class='ocrx_word' id='word_1_848' title='bbox 2743 5673 2814 5780; x_wconf 60' lang='lat' dir='ltr'><strong>3e</strong></span> <span class='ocrx_word' id='word_1_849' title='bbox 2851 5726 3073 5795; x_wconf 83' lang='lat' dir='ltr'><strong>Christo</strong></span> <span class='ocrx_word' id='word_1_850' title='bbox 3104 5736 3156 5780; x_wconf 87' lang='lat' dir='ltr'><strong>et</strong></span> <span class='ocrx_word' id='word_1_851' title='bbox 3189 5725 3452 5795; x_wconf 84' lang='lat' dir='ltr'><strong>Ecclesia,</strong></span> <span class='ocrx_word' id='word_1_852' title='bbox 3478 5739 3598 5795; x_wconf 69' lang='lat' dir='ltr'><strong>quae</strong></span> <span class='ocrx_word' id='word_1_853' title='bbox 3640 5734 3725 5779; x_wconf 87' lang='lat' dir='ltr'><strong>est</strong></span> <span class='ocrx_word' id='word_1_854' title='bbox 3773 5725 3954 5794; x_wconf 82' lang='lat' dir='ltr'><strong>prima</strong></span> 
     </span>
    </p>
   </div>
   <div class='ocr_carea' id='block_1_117' title="bbox 2378 5794 3274 5862">
    <p class='ocr_par' dir='ltr' id='par_1_117' title="bbox 2378 5794 3274 5862">
     <span class='ocr_line' id='line_1_118' title="bbox 2378 5794 3274 5862; baseline 0 -11"><span class='ocrx_word' id='word_1_855' title='bbox 2378 5796 2635 5853; x_wconf 82' lang='lat' dir='ltr'><strong>Methodii</strong></span> <span class='ocrx_word' id='word_1_856' title='bbox 2665 5798 2957 5862; x_wconf 78' lang='lat' dir='ltr'><strong>expositio.</strong></span> <span class='ocrx_word' id='word_1_857' title='bbox 2982 5794 3274 5854; x_wconf 73' lang='lat' dir='ltr'><strong>Consus.</strong></span> 
     </span>
    </p>
   </div>
  </div>
