4090 6318
663 358 766 416 1⁷69

1655 360 1714 418 S.
1757 361 2092 422 METHODII
2129 365 2438 425 EPISCOPI
2477 365 2566 424 ET
2607 365 2970 425 HABTYRIS

3813 373 3916 428 ιω

661 480 871 551 luptate
897 495 1054 552 teque
1081 496 1178 538 seu
1224 479 1451 538 libidine
1493 492 1664 554 atque
1711 483 1902 542 dolore
1950 494 2217 544 semotum

2315 554 2318 570 Ι
2346 491 2441 543 καὶ
2465 489 2780 558 κουφίζεται
2827 489 3125 561 πτέρωμα,
3167 488 3278 543 τῶν
3309 487 3662 561 ἀνθρωπίνων
3696 487 3916 554 ἐξίπτα-

659 573 835 642 Cujus
867 574 1073 644 irriguo
1105 573 1304 631 animae
1340 589 1520 645 penna
1569 576 1721 632 ebria
1749 593 1877 634 vere
1903 582 2137 646 crescit,
2166 582 2217 637 le

2347 579 2468 633 σθαι
2492 581 2615 634 καθ’
2642 580 2854 654 ἡμέραν
2883 581 3194 656 ἐθιζόμενον
3224 580 3674 649 σπουδασμάτων.

658 665 890 736 viorque
918 665 1131 734 eﬂ'ecta,
1150 666 1220 723 ab
1248 666 1508 723 humanis
1531 667 1731 725 studiis
1759 671 1978 727 evolare
2001 670 2245 742 quotidie

659 755 952 824 asspescit.

729 844 998 912 Quoniam
1045 849 1193 903 enim
1255 848 1573 920 panegyrim
1615 864 1739 907 esse
1789 850 1954 907 vitam
1995 862 2242 910 nostram

656 938 934 1008 sapientes
965 939 1251 1006 dixerunt;
1285 955 1387 996 nos
1417 948 1599 996 autem
1629 941 1787 1012 quasi
1812 957 2078 1013 personas
2103 944 2266 1020 verio'

657 1031 788 1086 tatis
818 1045 1041 1087 scenam
1070 1031 1154 1100 (id
1183 1039 1267 1087 est
1291 1030 1586 1104 justitiam)
1617 1034 1673 1088 in
1697 1034 1970 1092 theatrum
2000 1035 2197 1094 dantes
2223 1079 2239 1104 ,

657 1120 1163 1176 contranitentibus
1187 1127 1241 1175 et
1267 1121 1336 1176 ad
1370 1136 1430 1177 se
1456 1123 1833 1193 spectaculum
1864 1124 2087 1181 trahere
2118 1134 2241 1180 cer-

657 1213 904 1269 tantibus
937 1212 1158 1268 diabolo
1202 1228 1266 1267 ac
1297 1213 1638 1271 daemonibus
1661 1254 1677 1279 ,
1707 1214 1764 1269 in
1797 1217 2002 1272 caelum
2046 1215 2239 1272 oculos

655 1307 916 1362 tollamus
940 1319 1170 1362 necesse
1203 1313 1290 1362 est
1314 1345 1329 1372 ,
1361 1307 1776 1378 assumptisque
1825 1307 1929 1364 alis
1959 1306 2015 1362 in
2065 1307 2235 1362 altum

655 1399 935 1464 feramur,
967 1407 1131 1470 atque
1175 1413 1366 1455 earum
1421 1398 1607 1454 suavis
1643 1398 1798 1454 vocis
1842 1399 2022 1454 illices
2067 1413 2236 1456 sonos

652 1500 950 1565 gestusque
982 1491 1287 1562 impudicos
1307 1531 1323 1558 ,
1352 1491 1626 1547 castitatis
1655 1491 1898 1547 exterius
1943 1491 2237 1563 probeque

650 1580 1258 1641 honestatis‘obductos
1288 1584 1471 1655 specie
1491 1621 1505 1648 ,
1539 1597 1651 1654 prae
1683 1581 1992 1639 Homericis
2024 1582 2234 1639 Sirenis

652 1675 948 1748 fugiamus.
987 1675 1143 1731 Multi
1189 1676 1335 1732 enim
1360 1715 1376 1742 ,
1433 1676 1640 1731 erroris
1677 1675 1952 1731 illecebris
1981 1674 2230 1740 deliniti,

650 1768 1020 1838 deﬂuentibus
1050 1769 1245 1840 pennis
1281 1769 1647 1838 degravantur
1681 1770 1738 1822 in
1771 1767 1913 1822 hanc
1950 1768 2231 1822 venientes

2424 861 2639 933 Ἐπειδὴ
2684 862 2793 932 γὰρ
2846 862 3152 934 πανήγυριν
3199 860 3293 914 τὸν
3341 859 3456 930 βίον
3515 858 3674 931 ἡμῶν
3732 858 3912 930 σοφῶν

2341 953 2530 1017 παῖδες
2557 954 2844 1024 εἰρήκασιν
2863 947 3003 1006 εἶναι
3021 994 3039 1019 ,
3073 954 3221 1024 ἡμᾶς
3252 953 3311 1007 δὲ
3336 952 3398 1006 τὸ
3435 951 3618 1024 δρᾶμα
3647 951 3747 1022 τῆς
3781 951 3912 1023 ἀλη-

2340 1041 2510 1107 θείας,
2541 1042 2641 1113 τὴν
2676 1042 3041 1115 δικαιοσύνην,
3069 1045 3224 1114 ἥκειν
3250 1043 3327 1107 ὡς
3354 1044 3435 1106 είς
3457 1042 3683 1113 θέατρον
3710 1038 3910 1096 ἐπιδει-

2340 1134 2618 1206 ξομένους,
2650 1135 3097 1206 ἀντιτεχνούντων
3119 1137 3251 1207 ἡμῖν
3276 1135 3369 1189 καὶ
3396 1133 3911 1204 ἀνταγωνιζομένων

2337 1226 2432 1281 τοῦ
2481 1227 2726 1282 διαὸόλου
2763 1230 2858 1282 καὶ
2898 1228 3006 1282 τῶν
3054 1229 3321 1300 δαιμόνων
3343 1269 3356 1293 ,
3405 1226 3763 1290 ἀνανεύοντας
3797 1226 3911 1281 ἀνω

2336 1319 2417 1374 δεῖ
2443 1319 2538 1373 καὶ
2567 1320 2967 1390 ἀνιπταμένους
2996 1320 3441 1393 μετεωρίζεσθαι,
3468 1318 3562 1373 καὶ
3591 1319 3812 1388 φεύγειν
3839 1317 3912 1371 τὰ

2335 1410 2611 1482 θέλγητρα
2643 1410 2745 1481 τῆς
2785 1410 3147 1480 καλλιφωνίας
3171 1411 3369 1475 αὐτῶν,
3401 1410 3497 1465 καὶ
3536 1410 3604 1464 τὰ
3651 1410 3909 1480 σχήματα

2335 1501 2533 1568 ἔξωθεν
2574 1501 2844 1572 φαντασίᾳ
2877 1501 3228 1574 σωφροσύνης
3253 1502 3724 1574 ἐπικεχρωσμένα,
3750 1501 3783 1572 ἢ
3808 1501 3912 1565 τὰς

2335 1593 2598 1664 Σειρῆνας
2651 1590 2850 1662 μᾶλλον
2899 1591 3000 1654 τάς
3041 1592 3361 1665 Ὁμηρικὰς.
3408 1591 3746 1662 Κηλούμενοι
3795 1591 3909 1662 γὰρ

2334 1686 2454 1748 ταῖς
2491 1683 2706 1755 ἡδοναῖς
2736 1681 2834 1752 τῆς
2871 1679 3101 1752 πλάνης,
3141 1680 3535 1754 πτεῳρῤυοῦσι
3575 1681 3778 1746 πολλοὶ,
3814 1681 3911 1735 καὶ

2336 1775 2657 1848 βαρύνονται
2686 1776 2767 1838 είς
2800 1774 2890 1827 τὸν
2929 1773 3052 1828 καθ’
3092 1775 3238 1845 ημᾶς
3271 1773 3383 1844 βίον
3411 1775 3655 1844 ἥκοντες,
3697 1789 3913 1844 χαυνω-

649 1862 840 1927 vitam,
870 1861 1128 1916 relaxatis
1148 1869 1200 1915 et
1219 1859 1477 1929 languida
1501 1852 1729 1914 mollitie
1750 1857 2007 1914 resolutis
2024 1858 2217 1923 nervis,

2332 1866 2530 1920 θέντων
2569 1864 2754 1928 αὐτοῖς
2788 1864 2883 1918 καλ⁷
2910 1862 3284 1936 χαλασθέντων
3315 1863 3423 1916 τῶν
3454 1864 3641 1929 τόνων,
3661 1862 3788 1918 καθ’
3813 1861 3911 1926 οὓς

647 1955 852 2025 quibus
883 1954 1094 2008 alarum
1123 1953 1396 2008 castitatis
1425 1952 1639 2008 indoles
1661 1951 1982 2019 roboratur,
2013 1966 2077 2006 ea
2107 1967 2234 2007 sur-

648 2061 769 2102 sum
819 2047 1010 2101 ievans
1066 2062 1186 2116 quae
1242 2044 1580 2114 corruptioni
1647 2057 1939 2113 corporum
2004 2044 2231 2102 libidine

647 2137 905 2192 deorsum
931 2143 1180 2205 vergunt.
1215 2132 1376 2198 Hinc,
1410 2149 1443 2189 o
1476 2133 1672 2197 Arete,
1722 2135 1819 2188 tibi
1859 2149 2054 2189 nomen
2111 2144 2228 2201 est,

646 2232 727 2286 sic
757 2230 916 2284 dictae
949 2229 1062 2285 sive
1089 2228 1234 2299 quod
1270 2242 1368 2298 per
1399 2235 1452 2282 te
1485 2228 1662 2297 ipsam
1701 2226 1933 2298 αἱρετή,
1979 2228 2227 2298 eligibilis

643 2338 697 2374 es
719 2360 734 2386 ,
772 2320 1047 2392 dignaque
1073 2335 1196 2391 quae
1238 2318 1583 2390 praeopteris,
1615 2319 1760 2388 quod
1796 2317 2003 2390 αἴρεις,
2034 2319 2088 2373 id
2117 2327 2222 2384 est,

643 2412 849 2465 attollis
882 2420 934 2465 et
960 2411 1014 2464 in
1046 2410 1216 2465 cmlos
1251 2409 1432 2472 levas,
1469 2407 1524 2461 in
1562 2406 1974 2462 candidissimis
2009 2422 2225 2475 semper

639 2503 917 2558 mentibus
945 2501 1207 2556 incedens
1243 2518 1254 2552 :
1291 2506 1352 2552 tu
1386 2497 1521 2554 mihi
1543 2513 1749 2570 auspex
1781 2498 2048 2554 orationis
2080 2506 2221 2566 esto,

639 2607 804 2661 quam
835 2592 955 2660 ipsa
986 2591 1187 2645 habere
1214 2589 1549 2660 pmcepisti.
1579 2639 1582 2642 .

2328 1959 2492 2031 ἡτῶν
2517 1958 2733 2030 πτερῶν
2766 1957 2867 2027 τῆς
2911 1955 3263 2027 σωφροσύνης
3309 1958 3690 2025 ωγκρατετται
3721 1954 3908 2024 φύσις,

2327 2053 2662 2124 κουφίζουσα
2713 2049 2781 2104 τὰ
2813 2050 2964 2102 κάτω
2998 2048 3223 2102 νεύοντα
3261 2048 3388 2118 περὶ
3435 2048 3532 2118 τὴν
3561 2046 3765 2117 φθορὰν
3795 2048 3913 2098 τῶν

2326 2146 2614 2216 σωμάτων.
2670 2142 2865 2205 Ὅθεν,
2915 2135 2961 2195 ὧ
3007 2139 3234 2212 Ἀρετὴ,
3289 2140 3402 2193 εἴτε
3459 2141 3540 2192 ὅτι
3583 2139 3648 2192 δι’
3705 2139 3912 2209 ἑαυτὴν

2323 2235 2546 2306 αἱρετὴ,
2583 2235 2692 2288 εἴτε
2747 2233 2834 2287 διὰ
2874 2233 2935 2286 τὸ
2985 2231 3176 2302 αἴρειν
3222 2232 3317 2286 καὶ
3371 2230 3717 2302 μετεωρίζειν
3769 2232 3913 2299 πρδς

2325 2326 2579 2398 οὐρανὸν,
2612 2324 2816 2393 ταύτην
2852 2321 3093 2392 ἔσχηκας
3130 2320 3226 2391 τὴν
3271 2318 3614 2390 ἐπωνυμίαν,
3657 2319 3750 2371 ἐπὶ
3778 2317 3910 2370 λευ⁶

2326 2413 2569 2466 κοτάτων
2623 2412 2710 2465 ἀεὶ
2751 2408 3014 2480 βαίνουσα
3065 2406 3305 2479 φρενῶν·
3355 2407 3426 2460 ἴθι
3467 2425 3555 2478 μοι
3591 2404 3913 2476 συναντιλη-

2323 2503 2534 2574 ψομένη
2577 2499 2670 2555 τοῦ
2705 2500 2884 2568 λόγου,
2911 2499 2970 2554 δν
2999 2497 3139 2569 αὐτὴ
3168 2497 3508 2569 προσέταξας
3533 2498 3729 2550 εἰπεῖν.

710 2709 842 2765 CAP.
872 2708 941 2766 ll.
972 2709 1097 2763 Alta
1121 2724 1397 2762 sacrarum
1421 2708 1682 2778 virginum
1711 2723 1854 2761 mens
1885 2715 1935 2760 et
1958 2705 2280 2761 constantia.
2315 2703 2595 2774 Virginum
2627 2704 2682 2755 in
2706 2702 2886 2756 beatas
2909 2700 3057 2756 sedes
3088 2709 3208 2755 ante
3230 2701 3463 2771 reliquos
3488 2701 3834 2756 introductto.

708 2822 812 2889 Qui
843 2822 988 2878 enim
1022 2821 1315 2891 deﬂuxum,
1346 2837 1510 2892 quem
1547 2821 1682 2887 dixi,
1714 2835 2016 2891 pennarum
2040 2819 2212 2890 passi,

638 2915 695 2969 in
729 2916 1035 2984 voluptates
1060 2915 1302 2985 prolapsi
1327 2922 1478 2980 sunt,
1507 2930 1618 2970 non
1649 2914 1804 2986 prius
1836 2915 2022 2968 dolere
2054 2928 2118 2969 ac
2135 2914 2214 2967 la-

637 3007 864 3062 boribus
882 3005 1185 3062 conﬂictari
1209 3007 1471 3063 desinunt
1497 3021 1663 3077 quam
1689 3007 1933 3063 libidinis
1954 3006 2217 3075 concupi-

635 3098 845 3152 scentia
877 3098 1310 3168 intemperantiae
1369 3097 1697 3152 necessitate
1730 3097 1966 3167 expleta,
1999 3097 2216 3167 profani

635 3190 920 3259 sacrisque
941 3189 1169 3253 exclusi,
1200 3204 1232 3241 a
1253 3189 1498 3243 veritatis
1528 3203 1693 3243 scena
1710 3198 1958 3244 extorres
1990 3188 2216 3243 exstite-

634 3284 771 3348 rint,
807 3290 866 3336 ut
913 3297 1024 3336 non
1064 3280 1272 3350 pudore
1319 3281 1598 3351 castisque
1628 3281 1835 3352 nuptiis
1868 3281 2058 3337 liberis
2094 3296 2217 3350 pro-

632 3374 888 3432 creandis
915 3380 1120 3445 ponant
1136 3387 1380 3443 operam,
1402 3372 1497 3428 sed
1528 3373 1686 3427 saevis
1702 3387 1950 3426 amorum
1974 3373 2218 3442 volupta-

634 3466 783 3522 tibus
810 3463 996 3520 furore
1019 3463 1313 3520 insaniant.
1343 3462 1476 3529 Quae
1491 3478 1621 3519 vero
1646 3461 1774 3517 forti
1797 3461 2011 3532 levique
2035 3477 2216 3532 penna

632 3558 820 3615 saeculi
853 3563 1191 3628 emergentes
1221 3571 1403 3622 caeno,
1438 3555 1496 3611 in
1540 3555 1723 3611 locum
1745 3555 2010 3610 mundum
2047 3569 2213 3624 supe-

628 3653 833 3707 riorem
867 3650 1059 3706 oculos
1087 3655 1438 3719 mentemque
1462 3648 1812 3714 extulerunt,
1843 3646 2036 3718 procul
2066 3647 2214 3717 aspi-

627 3745 838 3802 cientes
857 3757 978 3813 quae
1006 3742 1321 3798 nemoalius
1349 3742 1562 3806 viderit,
1597 3743 1715 3813 ipsa
1739 3741 2004 3797 nimirum
2029 3740 2214 3795 incor.

629 3833 903 3905 ruptionis
917 3840 1095 3902 prata,
1119 3832 1520 3888 inaestimabilia
1542 3831 1739 3888 decora
1760 3832 2030 3903 ﬂoresque
2051 3833 2211 3904 pleno

628 3923 738 3980 illis
763 3938 938 3978 cornu
960 3922 1262 3988 fundentia,
1291 3921 1358 3975 ad
1379 3922 1495 3992 ipsa
1514 3938 1636 3993 qua:
1657 3923 1768 3978 illic
1796 3932 1926 3979 sunt
1950 3924 2211 3979 continue

627 4011 814 4068 animo
843 4013 1011 4070 erecti
1038 4020 1166 4068 sunt
1195 4020 1529 4084 versantque
1551 4015 1865 4084 spectacula
1893 4031 1909 4081 ;
1936 4030 2048 4085 quo
2072 4015 2130 4069 iit
2148 4021 2207 4070 ut

627 4112 890 4174 tanquam
935 4119 1101 4175 parva
1128 4103 1431 4174 despiciant
1458 4119 1581 4175 qua:
1615 4105 1705 4161 hic
1740 4106 1969 4176 pulchra
2017 4107 2209 4162 existi-

2391 2818 2454 2870 Oi
2483 2817 2590 2887 γὰρ
2620 2814 3129 2887 πτεροῤῥυήσαντες
3160 2813 3255 2864 καὶ
3286 2815 3541 2876 πεσόντες
3561 2817 3640 2877 εἰς
3660 2814 3757 2877 τὰς
3779 2816 3914 2886 ἡδο-

2321 2910 2416 2973 νὰς
2440 2911 2500 2962 οὐ
2537 2907 2802 2980 πρότερον
2833 2907 3060 2978 λήγουσι
3089 2906 3264 2976 λύπης
3297 2908 3393 2966 καὶΙ
3425 2907 3622 2971 πόνων,
3662 2907 3774 2959 ἔστ’
3808 2908 3909 2974 ἂν,

2322 3006 2386 3075 τῇ
2421 3002 2515 3056 τοῦ
2551 3002 2755 3065 πάθους
2790 3000 3053 3072 ἐπιθυμίᾳ
3081 3002 3181 3071 τὴν
3213 2998 3458 3068 ἀνάγκην
3499 2997 3912 3070 ἐκπληροῦντες

2321 3096 2419 3165 τῆς
2447 3094 2738 3165 ἀκρασίας,
2763 3093 2999 3165 ἀμύητοι
3028 3094 3122 3146 καὶ
3148 3092 3354 3155 ἀτελεῖς
3387 3090 3480 3144 τοῦ
3510 3091 3609 3161 τῆς
3641 3091 3912 3163 ἀληθείας

2319 3186 2654 3258 άπομείνωσι
2706 3187 3014 3257 δράματος·
3070 3187 3192 3239 ἀντὶ
3241 3184 3340 3254 τῆς
3389 3182 3528 3254 μετὰ
3573 3183 3752 3248 αἰδοῦς
3803 3187 3913 3240 καὶ

2321 3279 2674 3351 σωφροσύνης
2706 3279 3140 3346 παιδοποιήσεως
3169 3276 3391 3347 ἀγρίαις
3434 3275 3650 3346 ἐρώτων
3695 3275 3910 3349 λυττή’

2318 3387 2512 3434 σαντες
2558 3371 2794 3441 ἡδοναῖς.
2830 3371 2896 3423 Ai
2929 3370 2988 3424 δὲ
3033 3368 3292 3438 εῠπτεροι
3335 3366 3429 3419 καὶ
3462 3365 3660 3436 κοῦφαι
3692 3368 3774 3430 εἰς
3808 3367 3916 3422 τὸν

2315 3462 2684 3535 ὑπερκόσμιον
2715 3465 2879 3517 τόπον
2910 3461 3294 3533 ὑπερκύψασαι
3324 3458 3419 3512 τοῦ
3457 3458 3592 3529 βίου,
3628 3461 3722 3513 καὶ
3756 3461 3914 3516 ἰδοῦ-

2317 3571 2406 3608 σαι
2437 3554 2721 3626 πόρρωθεν
2747 3554 2783 3608 ἃ
2812 3554 2886 3626 μὴ
2915 3553 3102 3624 ῑτερος
3123 3551 3426 3624 ἀνθρώπων
3457 3550 3739 3616 ἐθεάσατο,
3765 3554 3911 3618 τοὺς

2313 3647 2585 3718 λειμῶνας
2632 3647 2829 3710 αὐτοὺς
2875 3647 2976 3718 τῆς
3029 3645 3359 3718 ἀφθαρσίας,
3413 3645 3670 3715 ἀμήχανα
3714 3645 3909 3720 κάλλη

2313 3739 2407 3792 καὶ
2447 3738 2580 3809 ἀνθη
2632 3740 2928 3812 φέροντας,
2963 3737 3059 3791 καὶ
3094 3736 3578 3807 πεπληρωμένους,
3621 3739 3707 3790 ἀεὶ

2311 3831 2502 3893 αὐταῖς
2534 3832 2671 3884 εἰσιν
2718 3829 3083 3884 ἀναπολοῦσαι
3115 3829 3182 3883 τὰ
3211 3831 3328 3882 ἐκεῖ
3367 3828 3616 3899 θεάματα
3635 3845 3650 3859 ο
3678 3830 3771 3883 καὶ
3801 3830 3912 3886 διὰ

2311 3923 2467 3976 τοῦτο
2517 3921 2689 3995 μικρά
2738 3923 2994 3994 ἡγοῦνται
3025 3921 3094 3976 τὰ
3145 3920 3380 3976 ἐνταῦθα
3430 3921 3506 3992 (9)
3553 3921 3912 3994 νομιζόμενα

2310 4013 2470 4078 καλὰ,
2492 4013 2742 4079 πλοῦτον,
2767 4014 2861 4068 καὶ
2894 4013 3073 4078 δόξας,
3098 4013 3194 4066 καὶ
3219 4012 3372 4082 γένη,
3400 4013 3495 4066 καὶ
3526 4014 3758 4084 γάμους,
3792 4017 3911 4069 καὶ

2308 4106 2460 4160 οὐδέν
2487 4123 2539 4159 τι
2568 4106 2793 4160 ἐκείνων
2827 4106 2956 4176 περὶ
2986 4105 3228 4168 πλείονος
3258 4105 3556 4159 ποιοῦνται.
3599 4106 3763 4160 Ἀλλά
3794 4109 3909 4163 καὶ

2309 4195 2364 4248 ετ
2388 4213 2474 4260 τις
2518 4195 2699 4249 αὐτῶν
2751 4195 2964 4269 θηρίοις
3009 4195 3042 4267 ἢ
3090 4195 3222 4266 πυρὶ
3257 4195 3498 4266 βούλοιτο
3537 4196 3604 4250 τὰ
3657 4196 3910 4269 σώματα

622 4288 821 4342 horum
851 4287 1149 4358 quidquam
1178 4288 1405 4358 majoris
1436 4288 1641 4360 aliquid
1654 4289 2201 4360 pretii'arbitrentur.

2315 4289 2658 4359 παραδιδόναι
2706 4289 2801 4342 καὶ
2843 4287 3227 4358 τιμωρεῖσθαι,
3273 4288 3504 4358 ἐτοίμως
3554 4287 3739 4359 ἔχουσι
3780 4290 3909 4344 τῶν

623 4377 766 4446 Quin
792 4387 846 4435 et
868 4381 917 4435 si
946 4381 1069 4450 quis
1094 4395 1284 4434 earum
1317 4395 1548 4452 corpora
1582 4381 1712 4437 feris
1733 4382 2037 4440 ﬂammisve
2064 4385 2205 4454 obji-

2315 4379 2614 4451 ἀλγηδόνων
2662 4381 3040 4451 ἀφροντιστεῖν
3085 4379 3171 4432 διά
3217 4379 3307 4432 τὸν
3341 4379 3564 4434 ἐκείνων
3598 4379 3764 4433 πόθον
3792 4381 3912 4435 καὶ

620 4487 748 4528 cere
762 4472 1015 4535 voluerit,
1029 4469 1275 4542 dirisque
1294 4472 1684 4530 excarniﬁcare
1706 4475 2013 4544 suppliciis,
2033 4492 2202 4547 quan-

2315 4473 2401 4543 τὴν
2435 4473 2656 4526 ἐκείνων
2686 4471 2976 4544 ἔκπληξιν·
3009 4471 3149 4524 ὥστε
3177 4473 3351 4526 δοκεῖν
3383 4472 3571 4536 αὐτὰς,
3603 4475 3660 4526 ἐν
3691 4472 3910 4546 κόσμῳ

619 4565 817 4620 tamvis
882 4573 1278 4620 tormentorum
1333 4566 1689 4621 acerbitatem
1735 4573 2084 4621 contemnere
2139 4568 2196 4623 in

2315 4565 2489 4630 οὔσας,
2543 4567 2620 4638 μὴ
2652 4561 2791 4620 εἶναι
2827 4567 2885 4619 ἐν
2921 4565 3129 4636 κόσμῳ,
3169 4565 3305 4619 ἀλλά
3338 4565 3416 4636 τῷ
3447 4565 3757 4636 φρονήματι
3792 4565 3910 4620 καὶ

617 4663 876 4727 promptu
899 4657 1118 4722 habent,
1139 4655 1288 4728 quod
1303 4655 1520 4711 illorum
1533 4669 1720 4712 amore
1740 4672 1804 4712 ac
1825 4659 2008 4728 specie
2025 4675 2190 4730 quam

2315 4661 2365 4729 τῇ
2407 4662 2549 4732 ὁρμῇ
2590 4660 2692 4729 τῆς
2721 4657 3019 4728 ἐπιθυμίας
3057 4659 3135 4722 είς
3167 4657 3267 4729 τὴν
3313 4658 3510 4727 ἀγυριν
3538 4658 3641 4729 ηδη
3672 4658 3787 4712 τῶν
3835 4661 3908 4715 ἐν

617 4749 752 4815 dixi,
787 4747 976 4805 deﬁxa:
1014 4757 1160 4813 sunt,
1188 4757 1246 4804 ut
1273 4748 1523 4819 quamvis
1545 4749 1601 4803 in
1633 4749 1840 4805 mundo
1878 4759 2189 4815 versentur,

2315 4754 2412 4815 τοῖς
2444 4753 2696 4824 οὐρανοῖς
2732 4750 2842 4821 (10)
2869 4749 3172 4820 τυγχάνειν.

615 4861 727 4899 non
761 4845 814 4898 in
850 4843 1054 4900 mundo
1073 4858 1197 4899 esse
1225 4845 1532 4909 videantur,
1567 4844 1664 4901 sed
1720 4846 1920 4902 mentis
1966 4861 2131 4902 sensu
2191 4860 2256 4901 ac
2303 4847 2559 4904 desiderii
2599 4849 2694 4916 vi,
2747 4849 2802 4902 in
2844 4848 3022 4917 ipsum
3068 4846 3181 4918 jam
3230 4847 3476 4902 coalitum
3527 4854 3730 4902 coetum
3793 4861 3911 4904 as-

616 4946 867 5009 sumptae.

624 4206 867 4264 mantur,
900 4211 1053 4267 opes,
1094 4198 1354 4262 honores,
1401 4197 1766 4265 nobilitatem,
1816 4200 2059 4270 nuptias,
2103 4216 2208 4256 nec

2295 5096 2469 5153 sinius
2493 5094 2766 5162 habuerit,
2788 5108 2951 5164 quam
2970 5104 3152 5149 tamen
3176 5093 3292 5162 ipse
3319 5093 3373 5146 in
3404 5107 3505 5149 suo
3531 5107 3636 5148 non
3664 5093 3908 5160 habuit.

2294 5167 2415 5222 Meo
2446 5167 2686 5237 periculo
2719 5164 3122 5237 quidvis_aliud
3171 5165 3364 5237 potius
3397 5164 3620 5237 scripsit
3657 5164 3907 5234 letho-

2293 5233 2634 5293 diusIForte
2657 5233 2846 5304 ἁγίων,
2879 5233 3482 5306 νειᾲροιὶυείάγγέλωνέ
3501 5233 3570 5306 iis
3604 5237 3912 5306 exprimat

2292 5309 2427 5362 illud
2455 5307 2617 5362 Hebr.
2650 5293 2748 5370 xii,
2781 5293 2872 5368 23.
2899 5293 3012 5359 ubi‘
3034 5304 3102 5359 de
3144 5304 3237 5358 illo
3262 5293 3398 5374 'i'pso
3436 5293 3907 5375 chainsm'coeié,

2291 5379 2349 5434 in
2382 5395 2492 5450 quo
2522 5379 2640 5447 jam
2663 5376 2886 5450 versari
2928 5375 3168 5450 virgines
3214 5389 3379 5450 sensu
3412 5375 3610 5431 mentis
3649 5376 3907 5450 videan—

2293 5445 2415 5513 tur;
2439 5445 2534 5502 καϊ
2577 5447 2843 5518 μυριάσιν
2860 5445 3110 5518 ἀγγέλων
3138 5446 3460 5518 πανηγύρει,
3484 5459 3656 5518 quam
3697 5446 3904 5516 ipsam

2287 5535 2475 5574 vocem
2506 5516 2788 5587 scripserit
2818 5516 3130 5587 Methodius
3180 5517 3284 5572 nisi
3339 5516 3568 5586 simplici
3619 5518 3908 5575 maluerit

2287 5590 2514 5646 reddere
2543 5586 2759 5659 ἀγυριν.
2817 5586 3235 5659 Perindeenim
3287 5596 3390 5654 est,
3447 5587 3653 5659 concio,
3686 5598 3902 5652 cretus.

2289 5660 2572 5713 multitudo
2594 5656 2840 5721 collecta,
2881 5673 2990 5711 non
3024 5656 3260 5712 siderum
3298 5657 3531 5729 (nugae),
3560 5656 3656 5712 sed
3704 5660 3906 5715 scele-

2290 5733 2454 5786 stium
2484 5731 2772 5801 Spirituum
2795 5737 2847 5785 et
2875 5730 3210 5801 angelorum,
3237 5730 3562 5801 quibuscum
3586 5729 3742 5801 beata
3774 5745 3907 5801 po—

2291 5803 2376 5858 bis
2405 5798 2639 5860 societas
2679 5802 2735 5858 in
2774 5798 2928 5857 coclis
2957 5798 3358 5873 exspectatur;
3392 5800 3610 5869 jamque
3648 5799 3910 5870 virgini-

688 5090 764 5161 (9)
795 5093 899 5147 Διὰ
930 5093 1107 5147 τοῦτο
1138 5093 1320 5162 magna
1345 5093 1630 5161 ἡγοῦνται
1668 5096 1739 5151 τὰ
1774 5096 1897 5152 an.
1933 5097 2185 5161 Allatius,

614 5159 712 5235 δισξ
727 5162 885 5235 τοῦτο
918 5165 991 5234 μὴ
1021 5159 1278 5235 pensum
1301 5159 1440 5235 πρός
1460 5164 1528 5217 τὰ
1556 5167 1733 5220 ἐντ....
1769 5167 1825 5220 in
1858 5167 2004 5221 edito
2027 5159 2189 5221 Comé

612 5230 889 5306 beﬂsiano
917 5230 1197 5304 perperam
1222 5230 1565 5306 _adnotatum
1612 5238 1665 5288 in
1725 5239 1999 5306 margine,
2047 5237 2186 5291 hanc

608 5315 735 5379 esse
749 5300 1055 5379 lectionem
1088 5319 1190 5379 ms.
1220 5300 1418 5379 M‘azar.
1445 5303 1628 5379 ~Gann.

685 5371 798 5446 (iii)
839 5371 958 5446 Ἰξὼγ
981 5375 1051 5426 ὲν
1077 5374 1201 5446 τοῖς
1220 5374 1852 5446 οὐρανοῖςηιιηροηυῐιθ
1890 5377 2053 5433 nimis
2077 5376 2188 5433 edi-

608 5440 727 5516 tum
763 5442 818 5495 in
856 5440 1081 5516 _Lupar.,
1097 5444 1212 5516 τῶν
1242 5440 1481 5516 ἄστρων,
1511 5445 1576 5500 de
1608 5440 1714 5516 qua
1753 5457 1932 5502 tamen
1973 5463 2107 5503 voce
2136 5448 2184 5503 is

606 5514 702 5636 εἷΙυί
734 5512 950 5584 pmfuit
980 5512 1224 5594 editioni,
1255 5529 1320 5567 ac
1348 5512 1642 5598 variantes
1660 5518 1917 5572 lectiones
1958 5518 2176 5636 adiecit,

664 5599 731 5635 0.1:
773 5584 1012 5636 ἄστρων.
1062 5592 1254 5636 mouit.
1287 5585 1466 5636 deerat
1498 5603 1551 5636 in
1593 5585 1710 5636 Vat.
1761 5588 1954 5636 codice-
2054 5596 2094 5636 t-
2133 5589 2176 5636 si

664 5583 747 5635 ox'
773 5584 1012 5652 ἄστρων,
1034 5583 1254 5652 inquit,
1287 5585 1466 5639 deerat
1498 5593 1551 5639 in
1593 5585 1710 5640 Vat.
1761 5588 1954 5643 codice.
2004 5583 2094 5652 Ᾱι,
2133 5589 2181 5643 si

606 5653 813 5726 deerat,
849 5650 993 5726 unde
1033 5650 1281 5726 Fossinio
1317 5658 1506 5718 ascita,
1558 5672 1664 5726 qua
1701 5658 1972 5714 reddenda
2013 5650 2181 5712 tantis

609 5722 818 5776 laborat
853 5722 1139 5777 verburum
1167 5724 1434 5784 phaleris?
1466 5722 1629 5781 Ponit
1658 5728 1886 5784 Allatius
1923 5734 2063 5784 inter
2089 5744 2182 5784 va-

605 5794 717 5848 rias
749 5794 1007 5851 lectiones
1041 5809 1105 5853 ex
1133 5794 1250 5850 Vat.
1285 5803 1336 5852 et
1380 5796 1538 5854 Barb.
1577 5799 1761 5866 codd.,
1791 5801 2024 5872 indeque
2048 5799 2184 5858 Pos-
