4090 6318
134 382 220 441 ιιι

1239 383 1634 444 CONVIVIUH
1673 383 1908 445 DECEI
1949 384 2313 443 VIBGINUII.

3307 388 3413 445 ΗΞ

195 491 278 546 οὗ
305 491 412 565 γὰρ
452 492 625 565 θέμις
660 494 764 549 ἐπὶ
792 497 911 569 γῆς
955 496 1159 569 βρίθειν
1204 497 1347 552 κατά
1391 496 1491 569 τὴν
1534 495 1727 551 ἑαυτοῦ

1903 494 2022 551 Non
2053 496 2199 552 enim
2226 495 2311 553 ω
2331 503 2417 552 est
2464 494 2794 567 virginitatis
2824 497 2967 553 alam
3008 506 3201 570 suapte
3231 498 3413 555 indole

130 583 296 657 φύσιν
320 584 383 640 ab
408 585 511 657 τῆς
536 588 857 661 παρθενίας
890 590 1112 664 πτερὸν,
1136 589 1249 644 ἀλλ’
1280 590 1394 645 ἄνω
1425 591 1613 663 φίρειν
1648 592 1729 653 είς

128 680 383 753 ὠρανδν,
410 682 489 744 εις
518 679 774 753 καθαρὸν
816 681 1035 754 αἰθέρα,
1078 683 1172 736 καὶ
1208 683 1302 738 τὸν
1339 684 1728 755 τῶν·άγγέλων

130 772 351 841 γείτονα
386 770 523 843 βίον.
560 771 731 829 Ὅθεν
758 775 858 828 καὶ
882 773 1094 845 πρῶται
1120 773 1228 829 τῶν
1255 774 1431 829 ἄλλων
1465 778 1602 848 μετά
1629 777 1728 849 τὴν

130 860 441 932 ἀνάκλησιν
481 864 575 916 καὶ
598 864 705 935 τὴν
734 863 988 919 ἐντεῦθεν
1024 863 1294 936 ἐκδημίαν
1330 868 1391 921 at
1425 867 1601 939 ὀρθῶς
1636 871 1730 923 καὶ

130 955 345 1021 πιστῶς
373 955 819 1029 παρθενεύσασαι
844 956 930 1028 τῷ
951 957 1172 1030 Χριστῷ
1199 958 1269 1013 τὰ
1300 963 1589 1034 νικητήρια
1626 964 1724 1033 φέ-

133 1064 323 1120 ρονται
370 1049 481 1102 τῶν
519 1050 731 1113 ἄθλων,
784 1051 898 1113 τοῖς
926 1048 1029 1119 τῆς
1052 1049 1366 1125 ἀφθαρσίας
1392 1052 1579 1107 ἄνθεσι
1609 1071 1730 1107 στε-

133 1140 360 1210 φθεῖσαι
396 1142 538 1215 πρὸς
579 1140 771 1198 αὐτοῦ.
808 1141 963 1213 ’Δμα
1010 1140 1120 1212 γὰρ
1158 1141 1238 1213 τῷ
1279 1144 1604 1214 καταλεῖψαι
1636 1145 1728 1200 τὸν

134 1234 345 1307 κόσμον
376 1234 483 1300 τὰς
529 1235 731 1307 ψυχὰς,
766 1234 923 1304 λόγος
945 1236 1068 1299 ταῖς
1108 1235 1400 1307 παρθένοις
1448 1237 1728 1292 ὑπαντῶν-

134 1345 233 1393 τας
264 1328 541 1399 ἀγγέλους
576 1326 718 1399 μετά
746 1326 951 1398 πολλῆς
980 1324 1254 1397 εὐφημίας
1280 1328 1361 1391 είς
1392 1330 1518 1393 τοὺς
1542 1346 1729 1402 προει-

138 1420 415 1492 ρημένους
443 1419 842 1493 παραπέμπειν
870 1416 1141 1488 λειμῶνας
1174 1418 1368 1483 αὑτὰς,
1399 1421 1479 1483 είς
1501 1419 1595 1484 οὒς
1631 1422 1725 1475 καὶ

138 1512 378 1585 πρόσθεν
409 1512 588 1566 ἐλθεῖν
629 1510 941 1583 ὲγλίχοντο,
981 1509 1255 1581 μακρόθεν
1286 1512 1483 1577 αὐτοὺς
1522 1530 1728 1582 φαντα-

140 1604 425 1658 σιωθεῖσαι
459 1605 603 1669 τότε,
635 1604 819 1669 ὁπότε,
851 1602 934 1656 ἔτι
964 1602 1365 1675 ὲπενδημοῦσαι
1395 1607 1509 1670 τοῖς
1543 1604 1727 1678 σώμα-

141 1712 247 1765 σιν,
279 1696 587 1752 ἰνδάλλοντο
614 1697 687 1751 τὰ
712 1696 852 1751 θεῖα.

1829 588 1885 642 in
1924 594 2129 642 terram
2156 600 2404 656 vergere.
2428 587 2587 656 cujus
2616 588 2795 657 potius
2830 589 3075 645 muneris
3114 590 3187 644 sit
3212 589 3268 643 in
3301 604 3415 644 cm-

1829 680 1942 733 lum
1971 692 2280 749 purumque
2304 677 2508 733 aethera
2538 694 2603 733 ac
2631 680 2863 734 vicinam
2890 681 3208 749 angelorum
3244 681 3413 738 vitam

1828 769 2105 824 hominem
2129 770 2341 824 tollere.
2378 768 2626 842 Reliquis
2658 771 2839 842 itaque
2864 772 3078 841 priores
3113 772 3245 827 hinc
3272 787 3411 829 evo-

1829 870 1968 917 catae
1994 876 2059 917 ac
2091 863 2449 933 emigrantes,
2474 880 2598 935 qua:
2626 872 2774 921 recte
2804 864 3145 935 ﬁdeliterque
3182 865 3416 923 Christo

1833 954 2076 1024 virgines
2118 954 2441 1019 militavere,
2473 955 2719 1011 victoriae
2768 956 2989 1027 praemia
3024 955 3291 1019 referunt,
3325 959 3408 1013 in-

1829 1045 2197 1116 corruptionis
2226 1046 2295 1102 ab
2325 1060 2393 1103 eo
2420 1045 2648 1104 ﬂoribus
2679 1050 2949 1117 sertisque
2978 1046 3264 1103 redimitae.
3284 1047 3413 1105 lo:

1826 1139 1972 1195 enim
2000 1152 2064 1193 ac
2096 1138 2291 1193 anima:
2315 1142 2582 1194 mundum
2602 1140 2944 1212 reliquerint,
2960 1148 3159 1212 praesto
3175 1156 3298 1197 esse
3312 1155 3414 1198 an-

1827 1231 1978 1301 gelos
2033 1230 2240 1295 ferunt,
2274 1232 2367 1302 qui
2406 1231 2715 1304 virginibus
2756 1235 2976 1289 obviam
3024 1234 3408 1305 procedentes,

1828 1323 2119 1379 ambitioso
2146 1322 2409 1378 famulatu
2434 1323 2751 1396 ingentique
2778 1326 3075 1395 praeconio,
3108 1325 3176 1380 ad
3196 1339 3261 1380 ea
3289 1339 3413 1396 quas

1831 1417 2254 1473 memoravimus
2283 1424 2439 1489 prata
2476 1416 2750 1473 deducant
2779 1457 2796 1482 ,
2848 1433 2959 1489 quo
2985 1428 3040 1475 et
3068 1428 3195 1475 ante
3223 1420 3414 1476 venire

1830 1511 2167 1582 gliscebant;
2203 1512 2394 1582 procul
2424 1520 2556 1566 tunc
2569 1511 2753 1567 animo
2776 1510 3159 1577 informantes,
3178 1529 3304 1569 cum
3322 1512 3415 1568 ad-

1831 1603 1941 1658 huc
1970 1604 2028 1658 in
2074 1603 2397 1673 corporibus
2433 1610 2746 1666 versantes,
2795 1603 3092 1679 simulacro
3152 1606 3417 1676 tenuique

1831 1698 2071 1769 imagine
2107 1697 2293 1753 divina
2325 1704 2507 1755 mente
2527 1698 3013 1769 repraesentabant.

1210 1807 1342 1869 Car.
1365 1812 1458 1871 ιιι.
1501 1812 1836 1884 Virginitatis
1857 1827 1973 1870 sors
2002 1822 2054 1869 et
2086 1812 2370 1871 hereditas.

223 1925 499 1981 Ἐνταῦθα
524 1926 589 1998 δὴ
623 1928 909 1993 ἐλθούσας,
936 1928 1227 2000 θαυμαστά
1256 1945 1379 1983 τινα
1410 1925 1729 1988 θεάσασθαι,

1905 1925 2024 1981 Jam
2042 1941 2173 1982 vero
2202 1927 2331 1983 illuc
2360 1926 2677 1997 perductis,
2722 1926 2972 2009 mirapda
3006 1926 3255 1996 quaedam
3284 1928 3409 1985 illu-

146 2016 236 2067 ul
268 2015 567 2088 ἔκλαμπρα
612 2018 708 2071 καὶ
742 2019 989 2089 μακάρια
1034 2018 1203 2089 κάλλη
1224 2057 1240 2082 ,
1272 2018 1368 2071 καὶ
1394 2020 1553 2071 ὁποῖα
1585 2016 1725 2081 ἐξει-

145 2109 263 2159 πεῖν
296 2108 376 2172 είς
419 2107 744 2180 ἀνθρώπους
783 2111 1064 2181 δυσχερές.
1099 2105 1253 2163 Εἶναι
1303 2109 1413 2182 γὰρ
1445 2108 1612 2180 αὐτὴν
1651 2109 1729 2161 δι-

146 2198 437 2271 καιοσύνην
485 2202 584 2255 καὶ
628 2202 915 2275 φρόνησιν,
968 2203 1189 2273 ἀγάπην
1243 2202 1416 2274 αὐτὴν
1464 2205 1582 2256 ἐκεῖ
1632 2202 1729 2255 καὶ

146 2292 398 2363 ἀληθειαν
449 2295 547 2349 καὶ
600 2296 985 2368 σωφροσύνην,
1028 2296 1125 2349 καὶ
1171 2295 1242 2349 τὰ
1289 2294 1424 2349 ἄλλα
1466 2294 1729 2359 ὡσαύτως

147 2385 382 2455 ἐπιφανῆ
416 2386 515 2457 τῆς
544 2386 735 2456 σοφίας
756 2387 892 2459 ἄνθη
922 2389 1017 2441 καὶ
1044 2389 1218 2457 φυτάο
1244 2379 1323 2441 ὧν
1351 2388 1512 2458 ἡμεῖς
1546 2387 1729 2441 ἐνθάδε

150 2476 306 2539 σκιὰς
339 2476 509 2546 μόνας
556 2476 939 2547 φασματώδεις
988 2476 1438 2549 όνειρώσσοντες,
1472 2479 1581 2533 ἀπὸ
1620 2478 1730 2534 τῶν

151 2566 401 2637 πράξεων
432 2568 717 2640 ἡγούμεθα
754 2570 863 2624 τῶν
890 2570 1247 2639 ἀνθρωπίνων
1277 2574 1620 2637 συνεστάναι,
1647 2574 1729 2629 ὅτι

156 2661 225 2731 μή
252 2660 401 2713 ἔστιν
424 2662 603 2714 αὐτῶν
622 2662 784 2735 δεῦρο
811 2663 979 2735 μηδὲν
1001 2664 1220 2719 εἴδωλον
1246 2667 1579 2734 καταφανὲς,
1613 2667 1729 2722 ἀλλ’

157 2751 584 2823 ἀπεικονίσματα
628 2755 789 2826 μόνον
820 2756 1006 2828 ἀειδῆ,
1035 2756 1073 2811 ἃ.
1115 2756 1179 2829 δὴ
1224 2758 1318 2812 καὶ
1345 2758 1486 2813 αὐτὰ
1516 2777 1729 2815 σκοτει-

157 2842 254 2907 νῶς
307 2844 569 2909 πολλάκις
612 2846 1009 2913 ἀπεικάζοντες
1052 2849 1440 2922 αἰσθανόμεθα.
1498 2854 1574 2906 Οὐ
1622 2856 1732 2925 γὰρ

158 2934 218 2987 ἂν
249 2935 471 2990 ώτεοτε
497 2938 842 3010 δικαιοσύνης
873 2942 1042 3012 αὐτῆς
1070 2941 1105 3013 ἢ
1140 2942 1408 3009 συνέσεως
1440 2945 1474 3015 ἢ
1508 2946 1733 3017 εἰρήνης

157 3023 446 3095 ὀφθαλμοῖς
474 3026 738 3081 ἐθεάσατό
766 3047 853 3092 τις
886 3029 1135 3101 μέγεθος,
1164 3031 1203 3102 ἢ
1240 3032 1479 3105 σχῆμαῆ
1512 3034 1727 3099 κάλλος·

158 3116 267 3168 ἐκεῖ
294 3116 351 3169 δὲ
382 3119 443 3170 ἐν
468 3116 550 3187 τῷ
587 3120 755 3172 Ὄντι
788 3119 923 3188 (ll),
956 3117 1032 3182 ὥς
1072 3122 1231 3185 εἰσιν,
1255 3121 1475 3192 ὁλοτελῆ
1510 3122 1732 3193 βλέπον-

158 3224 240 3260 ται
270 3207 363 3262 καὶ
392 3209 561 3280 σαφῆ.
596 3205 747 3263 Εἶναι
779 3210 891 3280 γὰρ
922 3210 1135 3282 δένδρον
1168 3229 1220 3265 τι
1250 3216 1606 3286 σωφροσύνης
1630 3215 1730 3268 αὐ-

1832 2016 2218 2087 strissimaque
2241 2025 2296 2072 et
2325 2018 2505 2082 beata,
2536 2028 2593 2073 et
2622 2035 2791 2090 supra
2826 2035 2987 2089 quam
3023 2019 3269 2076 humano
3294 2024 3411 2078 elo-

1829 2107 1960 2178 quio
1981 2108 2213 2178 exprimi
2246 2106 2403 2164 facile
2434 2110 2611 2179 possit
2630 2108 2863 2165 fruenda
2886 2109 3067 2165 oll'erri
3104 2113 3413 2181 pulchritu-

1830 2200 2021 2254 dinum
2054 2201 2386 2271 spectacula.
2438 2188 2569 2271 Ipsa.
2607 2203 2810 2274 quippe
2860 2204 2971 2258 illic
3020 2206 3257 2274 iustitia,
3293 2209 3413 2277 ipsa

1831 2292 2142 2362 prudentia,
2188 2292 2305 2362 ipsa
2352 2307 2474 2348 sese
2523 2294 2704 2363 palam
2741 2302 3015 2350 monstrat
3056 2297 3413 2369 indulgetque

1828 2398 1956 2438 cum
2009 2383 2272 2439 charitate
2312 2386 2513 2439 veritas
2547 2392 2602 2440 et
2622 2386 2882 2452 castitas,
2943 2387 3141 2457 aliique
3165 2389 3218 2443 id
3242 2406 3415 2458 genus

1830 2472 2227 2543 speciosissimi
2268 2472 2553 2545 sapientia
2599 2473 2762 2530 ﬂores
2793 2490 2858 2529 ac
2904 2476 3141 2546 plantie;
3176 2494 3411 2547 quorum

1830 2580 1935 2621 nos
1964 2566 2051 2621 hic
2068 2566 2293 2622 umbras
2327 2568 2475 2624 solas
2497 2568 2655 2639 quasi
2674 2583 2774 2639 per
2802 2572 3075 2625 somnium
3106 2572 3411 2644 imaginan-

1829 2665 1935 2723 tes,
1968 2665 2227 2729 putamus
2268 2673 2330 2714 ex
2373 2659 2631 2716 humanis
2678 2673 2936 2720 constare
2978 2664 3411 2734 Operationibus,

1830 2752 1977 2822 quod
2000 2752 2212 2807 nullum
2241 2752 2402 2808 nobis
2423 2753 2513 2809 hic
2546 2769 2735 2809 eorum
2774 2758 3132 2829 conspicuum
3160 2766 3413 2828 suppetat

1832 2841 2210 2907 simulacrum,
2250 2842 2345 2897 sed
2377 2844 2629 2898 obscura:
2668 2846 2934 2901 duntaxat
2984 2848 3411 2918 designationes.

1830 2948 1968 3004 quas
2014 2943 2068 2990 et
2098 2935 2246 3004 ipsas
2274 2938 2471 3003 saepius
2499 2936 2735 2993 obscure
2765 2939 3101 2995 delineantes
3135 2940 3420 3010 densaque

1830 3024 2085 3095 caligine,
2122 3026 2405 3080 sentimus.
2435 3025 2546 3082 Nec
2585 3029 2730 3084 enim
2777 3031 2919 3087 ullus
2948 3047 3192 3102 unquam
3242 3033 3420 3102 ipsius

1827 3115 2077 3183 iustitiae,
2105 3123 2199 3170 aut
2213 3118 2537 3186 prudentiae,
2555 3127 2648 3174 aut
2670 3120 2845 3191 pacis.
2870 3121 3303 3191 magnitudinem
3320 3133 3417 3176 aut

1834 3208 2087 3273 formam,
2121 3217 2283 3265 autve
2312 3210 2566 3267 decorem
2589 3211 2764 3267 oculis
2795 3212 3112 3282 usurpavit;
3150 3213 3261 3267 illic
3281 3230 3416 3269 vero

160 3298 269 3368 τῆς,
301 3296 442 3353 εἶναι
473 3300 717 3372 ἀγάπης,
760 3298 902 3357 εἶναι
939 3304 1237 3368 συνέσεως
1264 3303 1453 3378 ὥσπερ
1497 3309 1592 3361 καὶ
1624 3307 1729 3361 τῶν

1838 3301 1893 3355 in
1946 3317 2012 3357 eo
2074 3302 2180 3369 Qui
2201 3312 2278 3357 est
2310 3305 2378 3368 ",
2410 3304 2489 3357 uti
2530 3319 2656 3359 vere
2678 3313 2828 3367 sunt,
2854 3305 3063 3376 integra
3092 3320 3156 3359 ac
3194 3307 3421 3375 conspi-

164 3388 335 3442 ἐνθάδε
354 3392 427 3443 τὰ
450 3393 592 3460 φυτὰ
611 3392 862 3463 καρπῶν,
884 3388 997 3447 οῖον
1014 3395 1311 3467 σταφυλῆς»
1334 3399 1489 3467 ῥοιᾶς
1516 3400 1610 3453 καὶ
1632 3401 1735 3471 μή·

164 3476 277 3544 λων,
306 3481 451 3535 οὕτω
471 3482 537 3554 δὴ
560 3484 827 3539 κάκείνων
853 3485 1147 3557 δρέπεσθαι
1179 3488 1291 3559 (12)
1316 3490 1417 3559 μὲν
1444 3491 1536 3543 καὶ
1561 3490 1735 3544 ἐσθίε-

168 3570 278 3626 σθαι
317 3574 447 3636 τοὺς
477 3577 743 3644 καρποὺς,
777 3577 840 3630 ού
879 3577 985 3649 μὴν
1013 3579 1346 3633 ἀπόλλυσθαι
1381 3582 1476 3634 καὶ
1503 3581 1731 3649 φθίνειν,

163 3663 264 3717 ἀλλ’
288 3666 366 3729 εἰς
387 3664 688 3721 ἀθανασίαν
713 3665 898 3733 αὔξειν
925 3669 1019 3721 καὶ
1043 3667 1296 3740 θειότητα
1315 3671 1442 3734 τοὺς
1462 3670 1734 3742 δρεπομὲ-

164 3774 310 3821 νευςσ
349 3756 535 3822 καθὼς
560 3760 813 3823 κάκεῖνος
842 3760 900 3825 ἐξ
938 3755 1000 3815 οὗ
1043 3760 1246 3825 πάντες
1278 3763 1464 3831 ἐσμὲν,
1503 3764 1608 3834 πρὸ
1640 3763 1733 3817 τοῦ

166 3851 490 3921 παραπεσεῖν
521 3852 614 3904 καὶ
648 3852 975 3923 πηρωθῆναι
1004 3853 1104 3915 τᾶς
1132 3850 1305 3921 ὄψεις,
1338 3853 1398 3905 ἐν
1441 3852 1519 3923 τῷ
1556 3870 1736 3926 παρα-

162 3936 311 4010 δείαρ
341 3941 663 4011 τυγχάνων,
693 3942 1134 4014 ἁπεκαρπεύετο,
1165 3942 1259 3997 τοῦ
1291 3943 1429 3997 Θεοῦ
1454 3944 1738 4015 θεμιστεύ-

161 4044 303 4093 eam;
331 4033 424 4085 τὸν
450 4032 738 4105 ἄνθρωπον
761 4035 869 4087 τῶν
888 4035 987 4106 τῆς
1017 4034 1207 4103 σοφίας
1236 4035 1475 4106 ἐργάτην
1506 4036 1731 4107 τεθῆναι

164 4121 249 4173 καὶ
283 4119 503 4189 φύλακα
536 4123 738 4191 φυτῶν.
783 4126 1071 4189 Τοιούτους
1098 4125 1208 4197 γὰρ
1238 4122 1306 4198 ἦν
1340 4129 1588 4199 καρποὺς
1634 4145 1728 4181 πε-

166 4214 506 4283 πιστευμὲως
534 4219 801 4286 γεωργεῖν
850 4218 945 4269 καὶ
988 4219 1018 4270 ὁ
1063 4218 1278 4289 πρῶτος
1322 4220 1512 4290 Ἀδάμ.
1546 4220 1658 4274 Καὶ
1701 4222 1731 4273 ὁ

172 4304 427 4375 Ἱερεμίας
472 4305 529 4358 δὲ
568 4306 741 4360 ταῦτα
792 4308 1080 4377 τυγχάνειν
1120 4309 1302 4374 ίδικῶς
1334 4310 1391 4365 ἓν
1424 4329 1531 4363 τινι
1578 4313 1729 4383 τόπῳ

167 4395 248 4447 καὶ
301 4395 574 4465 ἀφεστῶτι
627 4398 872 4469 μεγάλην
931 4399 1230 4452 ἀπόστασιν
1275 4400 1373 4470 τῆς
1423 4400 1545 4453 καθ’
1578 4403 1728 4472 ἡμᾶς

226 4551 271 4581 ⁸*
313 4549 484 4606 Exod.
520 4567 606 4620 tu,
634 4553 724 4607 14.

1840 3407 1940 3447 cua
1962 3394 2391 3465 perspiciuntur.
2426 3394 2522 3451 Est
2549 3396 2695 3450 enim
2732 3397 2907 3465 ipsius
2938 3398 3413 3459 castitatisarhor,

1838 3492 1925 3539 est
1953 3486 2223 3551 caritatis,
2278 3494 2363 3542 est
2416 3487 2739 3557 prudentiae,
2773 3488 2850 3540 uti
2884 3504 3015 3543 sane
3042 3498 3094 3542 et
3134 3488 3417 3544 fructuum

1838 3576 1930 3631 hic
1959 3588 2297 3632 terrenarum
2355 3578 2553 3647 planta:
2574 3579 2725 3648 (vitis
2768 3580 2999 3641 scilicet,
3032 3580 3415 3650 malogranati,

1839 3668 2107 3721 malorum
2135 3679 2535 3740 pomorumque
2550 3669 2837 3739 omnium),
2870 3671 2949 3724 sic
2968 3676 3021 3724 et
3056 3670 3270 3724 illarum
3294 3686 3418 3725 car-

1839 3765 2046 3827 puntur
2073 3757 2286 3813 fructus
2320 3767 2482 3830 atque
2516 3760 2775 3825 eduntur,
2811 3776 2919 3815 non
2963 3761 3056 3830 qui
3099 3768 3322 3831 pereant
3353 3772 3419 3816 ac

1840 3858 2205 3913 marcescant,
2236 3853 2331 3907 sed
2353 3853 2447 3923 qui
2485 3854 2726 3924 legentes
2750 3854 2817 3908 ad
2848 3855 3310 3909 immortalitatem
3332 3854 3419 3910 di-

1839 3936 2231 4009 vinitatemque
2245 3942 2581 4012 adaugeant:
2606 3944 3065 4013 quemadmodum
3077 3952 3131 4000 et
3144 3944 3233 3999 ille
3256 3944 3419 4014 cujus

1837 4044 2031 4086 omnes
2064 4048 2255 4089 simius
2302 4036 2541 4099 soboles,
2570 4048 2697 4091 ante
2722 4038 2934 4107 lapsum
2984 4052 3048 4091 ac
3094 4045 3297 4092 caecata
3327 4038 3415 4091 lu-

1838 4123 2010 4189 mina,
2045 4125 2099 4179 in
2147 4127 2402 4195 paradiso
2434 4126 2712 4182 fructuum
2753 4145 2921 4183 usura
2956 4128 3245 4198 gaudebat,
3283 4143 3419 4184 con-

1839 4217 2031 4271 stituto
2062 4232 2159 4287 per
2182 4218 2275 4273 Dei
2300 4218 2497 4272 scitum
2529 4218 2771 4287 homine,
2800 4231 2852 4275 ul
2874 4221 3179 4288 plantarum
3198 4221 3416 4289 sapien-

1838 4310 1925 4362 tize
1953 4312 2132 4363 cultor
2163 4325 2227 4365 ac
2247 4320 2435 4366 custos
2464 4320 2631 4366 esset.
2665 4311 2827 4367 Tales
2850 4327 3081 4380 namque
3109 4312 3320 4366 fructus
3357 4320 3415 4365 ut

1835 4402 2063 4466 coleret,
2084 4402 2291 4471 primus
2331 4402 2504 4457 Adam
2530 4402 2585 4457 in
2608 4418 2761 4458 suam
2789 4404 2946 4459 ﬁdem
2979 4410 3282 4472 acceperat.
3315 4403 3411 4457 At-

165 4702 255 4787 his
281 4708 443 4787 acliis.
466 4724 699 4787 quorum
730 4725 857 4787 cum
892 4710 1059 4787 Paulo
1103 4713 1465 4777 conversatio,
1495 4714 1730 4768 munici—
1761 4715 1959 4787 Ditem
2008 4712 2220 4787 Baruch
2267 4731 2377 4770 non
2425 4715 2489 4769 ad
2531 4717 2702 4787 ipsam
2748 4715 2841 4771 Dei
2894 4718 3159 4772 visionem
3198 4720 3417 4777 videtur

163 4777 681 4899 magna“)
712 4788 798 4835 est
829 4782 882 4835 in
912 4783 1087 4847 ctelis,
1118 4790 1384 4851 occupato
1420 4791 1724 4853 praestatur.

332 4864 437 4903 Fls.

224 4917 331 4998 (ll)
371 4918 620 4998 ξεξξιεῖδὲ
646 4918 717 4972 ἐν
738 4919 819 4985 τῷ
845 4922 1021 4998 Ὄντι.
1051 4920 1142 4998 δίε
1170 4921 1399 4998 accipio,
1423 4931 1489 4998 ut
1520 4921 1612 4977 Dei
1637 4940 1730 4979 no-

164 4997 273 5038 men
301 4990 660 5060 intelligatur,
693 5004 802 5057 quo
820 5005 895 5060 _se
943 4993 1059 5060 ipse
1101 4990 1395 5057 Exodﬁut,
1430 4993 1516 5055 14,
1547 5003 1725 5058 vocat,

166 5056 426 5132 semelque
464 5056 521 5132 et
572 5056 767 5132 iterum
811 5056 921 5132 Jer.
958 5056 1059 5132 ᾷ-ιν
1108 5070 1162 5115 et
1206 5056 1723 5132 xxxu'compcllat.

166 5121 265 5177 Illic
300 5121 432 5200 ergo
460 5128 519 5181 ὲν
549 5128 629 5197 τῷ
649 5132 821 5192 Ὄντι,
851 5130 903 5181 in
946 5130 1040 5183 illo
1066 5133 1157 5200 qui
1187 5141 1285 5192 est,
1322 5132 1375 5186 in
1426 5121 1557 5188 Deo'
1580 5134 1728 5189 fonte

644 5208 729 5255 est
774 5200 949 5280 ipsum
996 5196 1139 5263 esse,
1175 5204 1333 5273 cujus
1374 5218 1599 5259 munere
1642 5212 1727 5257 cst

163 5279 225 5330 qu
579 5278 813 5324 cernunt
860 5270 1026 5323 animi
1076 5272 1424 5335 primigenias
1463 5274 1596 5329 istas
1636 5288 1725 5326 ra-

161 5270 413 5343 (μῶσα
440 5270 813 5343 “cernunt
860 5270 1026 5343 animi
1076 5270 1424 5343 primigenias
1463 5274 1596 5329 istas
1636 5288 1725 5326 ra-

163 5336 325 5412 tiones
359 5342 419 5412 ᾳ
452 5340 828 5412 emanationes
877 5341 1023 5412 clare
1061 5336 1114 5395 et
1158 5336 1386 5412 integre,
1421 5359 1525 5397 non
1562 5354 1619 5397 ut
1672 5344 1725 5396 in

163 5406 308 5461 nobis
329 5406 582 5461 visuntur
614 5408 670 5462 in
697 5426 821 5467 esse
860 5410 1067 5464 caduco
1093 5420 1146 5466 et
1171 5406 1410 5474 mortali,
1436 5415 1728 5468 contrariis

163 5475 437 5550 admista‘:
472 5492 814 5550 quaecunque
842 5481 1060 5550 tandem
1100 5481 1191 5535 illa
1230 5481 1325 5537 Dei
1356 5484 1511 5545 visio,
1551 5492 1605 5537 et
1636 5484 1725 5537 τοῦ

164 5545 342 5619 ’ρπος
376 5546 447 5602 sit
487 5545 781 5619 Hethodi‘o,
808 5555 891 5606 vel
937 5549 1108 5619 ipsius
1142 5552 1196 5605 in
1227 5568 1287 5607 se
1318 5553 1515 5607 divinae
1543 5568 1733 5608 essen-

289 5619 370 5673 vel
415 5618 631 5687 qualem
652 5628 823 5688 extra
863 5614 1008 5673 illam
1053 5621 1215 5674 animi
1252 5632 1479 5688 possunt
1510 5624 1727 5679 habere.

166 5680 267 5740 Non
296 5680 592 5759 loqui-vero
614 5687 953 5743 Methodium
975 5690 1042 5745 de
1070 5692 1186 5760 ipsa
1213 5680 1265 5745 in
1292 5708 1352 5747 se
1382 5694 1473 5745 Dei
1498 5694 1729 5756 visione,

167 5765 471 5831 ﬁgmento,
498 5767 585 5815 est
634 5761 947 5831 exemplum
982 5761 1298 5831 protoplasti
1319 5802 1334 5823 ,
1376 5765 1464 5817 cui
1499 5774 1624 5817 ante
1654 5764 1733 5816 la-

168 5836 306 5891 suam
326 5830 567 5891 andem
588 5828 973 5902 cognitionem
988 5828 1216 5889 ‘videt'ur
1252 5832 1511 5890 tribuere.
1552 5832 1731 5899 Locus

1832 4786 2061 4855 hortari,
2090 4790 2183 4839 sed
2217 4787 2283 4839 ad
2318 4788 2544 4840 virtutes
2567 4788 2755 4855 quales
2793 4790 3027 4840 humana
3056 4789 3313 4844 facultate
3349 4805 3415 4845 ac

1828 4854 1921 4907 Dei
1956 4870 2176 4909 munere
2210 4856 2371 4911 homo
2400 4854 2853 4911 viator’nancisci
2894 4866 3089 4926 potest.
3128 4858 3413 4916 Possinius

1827 4942 2005 4977 coram
2038 4936 2084 4977 et
2116 4942 2229 4979 vere
2274 4926 2528 4985 reddidit,
2560 4942 2621 4979 ac
2653 4928 2697 4981 si
2734 4944 2795 4981 ea
2842 4929 3043 4981 locutio
3086 4930 3193 4981 vim
3235 4931 3414 4985 solum

1828 4995 2064 5049 adverbii
2103 4994 2321 5050 haberet
2350 5016 2361 5048 :
2394 4996 2486 5064 qui
2514 5012 2706 5050 sensus
2737 4998 2888 5051 valde
2918 4998 3140 5053 humilis
3169 5007 3273 5053 est.
3302 4999 3414 5054 Me-

1828 5065 1948 5137 l_i_usA
1983 5066 2232 5128 Allatius,
2291 5068 2345 5118 in
2384 5068 2510 5133 ipsa
2551 5069 2786 5126 veritate,
2828 5084 2992 5137 quam
3033 5070 3191 5123 velim
3240 5069 3412 5125 Deum

1828 5133 2121 5207 Veritatem
2177 5137 2544 5201 intellexisse;
2587 5138 2711 5191 inde
2757 5133 3081 5203 Veritatem,
3127 5140 3275 5207 quod
3327 5146 3415 5195 est

1829 5205 1945 5275 ipse
1973 5206 2192 5274 quiest,
2229 5207 2427 5274 datque
2457 5209 2711 5260 omnibus
2748 5225 2869 5263 esse
2909 5219 2961 5261 et
2998 5226 3123 5262 vere
3146 5205 3295 5263 esse.
3331 5210 3411 5265 In.

1903 5275 2391 5347 (Hldpéxsooaz.
2423 5275 2666 5347 Proclive
2710 5278 2809 5331 fuit
2854 5285 3065 5331 mutare
3096 5279 3409 5347 βλέπεσθαι,

1829 5362 1955 5401 cum
2003 5346 2203 5415 liqueat
2252 5346 2540 5415 scripsisse
2589 5346 2940 5409 Methodium,
2973 5346 3115 5415 quod
3158 5351 3229 5400 ita
3262 5364 3292 5401 a
3324 5365 3411 5403 mc

1830 5424 2097 5487 mutatum
2148 5424 2264 5483 est;
2304 5417 2449 5485 quod
2497 5430 2721 5484 carpere
2777 5426 3038 5487 sequatur
3082 5420 3143 5470 τὸ
3199 5419 3411 5471 ἔδεσθαι

1827 5488 1908 5540 vel
1938 5486 2230 5549 ἐσθίεσθαι,
2260 5496 2319 5539 ut
2346 5487 2436 5539 alii
2464 5495 2515 5540 et
2553 5488 2641 5539 alii
2670 5489 2885 5541 codices
2921 5489 3151 5553 habent;
3181 5497 3231 5538 et
3263 5489 3409 5557 quod

1827 5572 2026 5625 augere
2056 5558 2121 5609 ad
2151 5557 2612 5611 immortalitatem
2640 5568 2691 5609 et
2724 5558 3062 5611 divinitatem
3099 5560 3259 5611 addat
3284 5560 3410 5619 τοὺς

1825 5625 2208 5697 δρεπομένους,
2243 5643 2327 5682 eos
2360 5628 2447 5697 qui
2473 5636 2713 5695 carpant,
2742 5644 2847 5680 non
2880 5630 2971 5695 qui
2996 5628 3232 5691 videant,
3262 5628 3411 5697 quod

1827 5700 2091 5750 remotius
2121 5704 2205 5750 est
2235 5697 2301 5749 ad
2329 5698 2717 5765 metaphoram.
2752 5697 2958 5750 Vitiosa
2992 5712 3219 5762 prorsus
3264 5697 3413 5751 Alla-

1831 5766 1892 5822 tii
1920 5766 2084 5833 edita,
2106 5782 2174 5824 ex
2203 5768 2405 5824 nostris
2436 5768 2797 5822 emendanda.
2830 5768 3119 5825 COIBEFIS.
