4090 6318
683 416 785 471 145

1672 416 1732 473 S.
1776 413 2110 472 METHODII
2151 415 2465 473 EPISCOPI
2504 415 2592 473 ET
2635 418 2997 478 MARTYRIS
3860 429 3946 486 Ill

677 551 786 606 que
815 534 929 591 hac
950 531 1215 593 Jeremias
1243 535 1479 607 quodam
1523 535 1646 592 loco
1680 553 1956 602 seorsum,
1986 538 2178 609 procul
2209 539 2265 594 al

2376 541 2703 613 οἰκουμένης
2757 539 2918 609 οἶδεν,
2976 543 3104 598 ἔνθα
3151 544 3282 610 τοὺς
3336 544 3792 618 ὲξολισθήσαντας
3853 549 3948 600 τῶν

679 627 815 682 orbe
847 635 1039 683 nostro
1073 630 1248 683 sensit
1279 630 1575 685 exsistere.
1609 628 1702 684 Sic
1734 645 1972 702 namque
2022 630 2122 696 ait,
2179 645 2276 686 eos

681 718 979 790 deplorans
1038 720 1129 790 qui
1176 719 1324 774 beati
1363 720 1512 776 illius
1552 721 1653 776 aevi
1693 721 1856 778 bonis
1895 720 2216 777 exciderunt
2258 739 2272 776 :

683 810 887 868 Discite
908 811 998 865 ubi
1037 815 1107 866 sit
1137 810 1446 882 prudentia,
1473 812 1564 866 ubi
1586 814 1657 866 sit
1686 812 1871 877 virtus,
1901 811 1992 866 ubi
2018 814 2087 866 sit
2122 813 2277 868 intel~

681 904 847 960 lectus
869 912 1151 965 :utsciati:
1180 904 1366 969 simul,
1397 903 1490 957 ubi
1515 906 1584 958 sit
1619 904 1896 976 longitudo
1919 906 2041 960 vita:
2061 915 2111 960 et
2129 907 2274 970 vita;

677 997 864 1052 ubisit
897 998 1070 1052 lumen
1119 997 1395 1051 oculorum
1442 1006 1495 1051 et
1543 1013 1670 1068 pax.
1711 997 1846 1066 Quis
1879 1001 2074 1054 invenit
2102 1000 2275 1054 locum

676 1089 793 1160 ejus
811 1093 836 1145 ?
855 1098 904 1144 et
937 1091 1056 1162 quis
1098 1090 1317 1144 intravit
1347 1090 1401 1143 in
1426 1089 1704 1145 thesauros
1740 1107 1925 1146 eorum
1949 1093 1996 1126 "
2021 1095 2046 1150 .9
2071 1091 2132 1148 In
2173 1093 2275 1148 lio--

679 1200 801 1240 rum
831 1198 1024 1252 nempe
1066 1183 1361 1239 thesauros
1396 1185 1659 1252 ingressa).
1687 1185 1953 1257 virgines,
2004 1185 2273 1240 virtutum

679 1272 922 1327 rationes
945 1269 1274 1341 decerpunt;
1294 1272 1484 1328 multis
1499 1287 1562 1327 ac
1579 1273 1716 1330 bene
1736 1275 2008 1330 ordinatis
2031 1275 2275 1348 irrigata:

677 1364 1002 1428 luminibus,
1054 1363 1370 1420 allundente
1412 1365 1520 1422 illis
1550 1365 1662 1422 Deo
1688 1368 1857 1424 fontis
1895 1369 2073 1425 instar
2099 1408 2115 1434 ,
2177 1369 2274 1440 qui

677 1457 941 1514 saeculum
975 1456 1132 1521 illud,
1167 1456 1321 1511 nullo
1347 1473 1586 1529 unquam
1611 1474 1816 1516 occasu
1851 1459 2273 1532 exstinguendis

675 1547 980 1606 luminibus
1030 1547 1369 1620 splendidius
1410 1551 1668 1606 illustret.
1722 1549 1817 1605 Ha:
1853 1566 2020 1621 porro
2057 1566 2275 1623 semper

676 1643 878 1699 choros
919 1648 1089 1714 agunt
1125 1642 1423 1698 modulatis
1469 1643 1704 1700 vocibus
1748 1642 2039 1700 laudantes
2072 1642 2270 1704 Deum.

674 1734 1064 1790 Circumfusus
1088 1750 1325 1806 namque
1347 1734 1458 1790 illis
1485 1749 1580 1792 aer
1603 1749 1778 1805 purus
1805 1742 1912 1802 est,
1929 1743 1985 1792 et
2012 1751 2122 1809 quo
2139 1738 2273 1795 solis

674 1828 852 1882 orbita
888 1841 1172 1897 nunquam
1199 1825 1514 1880 invehatur.

2378 633 2613 687 αίωνίων
2665 635 2772 706 (15)
2824 635 3042 704 ἀγαθῶν
3092 635 3452 702 κατοικτίξων
3502 637 3681 707 λέγει·
3733 639 3946 695 Μάθετε

2377 726 2497 780 ποῦ
2518 727 2649 782 ἐστι
2684 731 3002 798 φρόνησις,
3040 730 3160 784 ποῦ
3195 732 3369 784 ἐστιν
3405 731 3610 798 ἰσχὺς,
3641 732 3760 787 ποῦ
3790 734 3947 787 ἐστιν

2376 819 2416 887 ἡ
2459 820 2745 887 σύνεσις,
2784 819 2892 874 τοῦ
2938 819 3160 890 γνῶναι
3223 821 3346 891 ἅμα
3399 822 3518 876 ποῦ
3562 822 3698 876 ἐστι
3733 841 3944 893 μακρο-

2377 912 2583 979 ϐίωσις
2615 914 2714 967 καὶ
2749 912 2882 982 ζωὴ,
2911 911 3030 967 ποῦ
3062 914 3194 968 ἐστι
3237 911 3364 983 φῶς
3389 911 3712 982 ὀφθαλμῶν
3739 913 3836 968 καί
3875 916 3946 968 ει-

2367 1004 2564 1074 ρήνη·
2620 1006 2712 1072 τίς
2756 1002 2895 1073 εὗρε
2937 1007 3127 1060 τόπον
3176 1004 3402 1074 αὐτῆς,
3451 1004 3491 1073 ἦ
3537 1004 3629 1070 τίς
3674 1002 3948 1073 εἰσῆλθεν

2373 1101 2463 1164 είς
2524 1099 2868 1167 θησαυροὺς
2935 1098 3167 1162 αὐτῶν;
3230 1096 3448 1152 Τούτων
3499 1093 3593 1151 οὑν
3645 1095 3948 1161 διελθούσας

2374 1186 2456 1249 είς
2481 1186 2607 1249 τοὺς
2634 1183 2942 1257 θησαυροὺς
2969 1186 3454 1259 ἀποκαρπεύεσθαι
3480 1185 3670 1256 λόγους
3700 1185 3808 1239 τῶν
3839 1187 3950 1258 ἀρε-

2372 1278 2484 1334 τῶν
2509 1282 2608 1342 τὰς
2631 1279 2951 1352 παρθένους,
2976 1280 3259 1345 εὐτάκτοις
3293 1281 3433 1350 φωσὶ
3459 1280 3552 1335 καὶ
3583 1279 3796 1342 πολλοῖς
3829 1296 3950 1332 κατ-

2374 1370 2700 1442 αρδομένας,
2735 1371 2772 1426 ἃ.
2817 1371 2972 1442 δίκην
3006 1373 3189 1444 πηγῆς
3218 1374 3410 1436 αὑταῖς
3438 1374 3467 1426 ὁ
3495 1371 3625 1436 Θεὸς
3666 1370 3950 1442 ἀνερεύγε-

2373 1480 2484 1528 ται,
2548 1462 2922 1534 καταλάμπων
2986 1464 3197 1516 ἐκεῖνον
3244 1463 3335 1517 τὸν
3388 1462 3561 1516 αίῶνα
3615 1461 3786 1531 φωσὶν
3833 1460 3953 1515 ἁδύο

2373 1571 2485 1617 τοις
2512 1553 2625 1625 (14)
2643 1571 2655 1584 ·
2679 1556 2734 1607 αἱ
2763 1555 2819 1608 δὲ
2847 1554 3164 1626 χορεύουσιν
3189 1554 3446 1626 ἐμμελῶς
3480 1557 3838 1626 γεραίρουσαι
3868 1552 3954 1607 τὸν

2375 1646 2526 1700 Θεόν.
2562 1645 2926 1718 Περικέχυται
2955 1646 3066 1720 γὰρ
3092 1647 3286 1712 αὑταῖς
3313 1647 3421 1720 ἀὴρ
3447 1647 3707 1720 καθαρὸς,
3747 1649 3845 1702 καὶ
3883 1647 3953 1719 μὴ

2375 1739 2851 1810 καθιππευόμενος
2878 1739 3036 1812 ἡλίῳ.

808 1960 939 2016 CAP.
970 1957 1057 2015 IV.
1089 1960 1396 2015 Pamnesis
1425 1959 1497 2013 ad
1526 1961 1878 2034 virginitatem
1911 1965 2276 2022 excolendam.
2314 1967 2642 2038 Proponitur
2683 1965 3028 2022 excutiendas
3060 1965 3207 2021 locus
3236 1962 3401 2033 Apoc.
3427 1978 3524 2028 xu,
3556 1961 3677 2019 1-6.

744 2106 902 2164 Nunc
933 2124 1085 2180 ergo,
1119 2107 1384 2179 virgines,
1421 2108 1758 2179 incorruptae
1808 2111 2085 2168 castitatis
2119 2111 2262 2178 ﬁliae,

2439 2112 2556 2167 Νὖν
2603 2108 2718 2178 οὖν,
2765 2105 2812 2167 ὦ
2858 2106 3518 2182 παρθένοι,σωφροσύνης
3558 2105 3830 2178 άχράντου
3866 2103 3959 2160 θυ-

673 2204 741 2258 de
775 2204 886 2256 vita
929 2203 1089 2257 bonis
1133 2203 1390 2257 omnibus
1441 2201 1623 2266 beata,
1660 2201 1836 2273 deque
1873 2203 2144 2259 caelorum
2179 2220 2267 2260 re-

675 2311 782 2366 gno
815 2295 1058 2350 studium
1083 2295 1242 2351 nobis
1269 2302 1353 2350 est
1387 2301 1441 2349 et
1476 2294 1779 2350 contentio.
1813 2293 1906 2348 Eia
1936 2295 1992 2349 in
2016 2298 2264 2351 eamdem

676 2390 1012 2444 intemerata-
1045 2387 1380 2459 virginitatis
1438 2386 1659 2441 laudem
1689 2400 1814 2439 cum
1842 2386 2123 2456 prioribus
2165 2403 2263 2443 vos

672 2495 893 2552 quoque
939 2479 1108 2532 alacri
1159 2479 1343 2532 animo
1379 2476 1717 2546 conspirate,
1769 2493 1963 2547 parum
2001 2489 2263 2536 curantes

671 2572 776 2628 hoc
807 2571 1067 2628 saeculum
1099 2582 1164 2622 ac
1188 2566 1476 2622 mundum.
1525 2566 1644 2622 Non
1679 2583 1870 2638 parum
1901 2569 2048 2624 enim
2086 2570 2152 2625 ad
2183 2568 2263 2626 l‘e-

671 2665 936 2720 licitatem
967 2662 1247 2731 vitamque
1275 2660 1426 2715 curis
1476 2660 1704 2714 liberam
1733 2660 2078 2729 incorruptio
2126 2675 2261 2715 con-

672 2753 827 2809 ducit
875 2767 938 2806 ac
971 2752 1318 2814 castimonia,
1349 2751 1551 2820 quippe
1574 2765 1698 2821 quae
1736 2764 1960 2804 carnem
1980 2749 2150 2803 humo
2186 2749 2263 2804 le-

671 2859 829 2913 vans,
853 2845 1142 2900 sublimem
1167 2843 1294 2899 lerri
1317 2842 1503 2907 faciat,
1526 2841 1647 2912 ejus
1663 2841 1834 2896 nimio
1860 2840 2263 2897 exsiccatohu-

671 2950 824 2990 more
875 2935 1130 3005 luteoque
1157 2946 1426 3004 expresso
1465 2929 1728 3000 pondere,
1763 2931 1972 3001 majore
2007 2931 2260 2986 trahendi

671 3029 724 3082 vi
771 3043 836 3082 ac
866 3029 1222 3099 impulsione.
1269 3023 1460 3094 Neque
1498 3039 1598 3079 vos
1629 3025 1756 3078 ulla:
1779 3024 2036 3080 audiendi
2069 3027 2261 3084 sordes

670 3127 922 3192 repentes
970 3120 1028 3173 in
1078 3127 1282 3172 terram
1316 3115 1648 3186 deprimant.
1680 3113 1868 3186 Neque
1889 3131 2096 3172 mmror
2127 3133 2261 3189 gau-

669 3214 819 3267 dium
844 3211 1154 3281 interpolet,
1195 3209 1343 3278 ipsas
1365 3225 1486 3279 qua:
1509 3209 1830 3265 melioribus
1854 3212 2125 3274 nitantur,
2158 3211 2260 3266 cli-

671 3307 808 3362 dens
827 3321 954 3376 spes
989 3324 1001 3359 :
1035 3303 1131 3359 sed
1163 3303 1312 3356 nulla
1354 3303 1678 3359 morositate
1721 3303 2041 3374 ingruentes
2073 3303 2128 3357 in
2161 3320 2258 3360 vos

667 3397 856 3454 clades
888 3397 1198 3466 damnaque
1230 3397 1490 3460 excutite,
1516 3396 1686 3450 nullis
1716 3396 1916 3450 mentis
1940 3394 2136 3450 faciem
2168 3395 2256 3450 lu-

668 3586 899 3658 cjusque
929 3585 1133 3648 lumen,
1170 3598 1292 3654 qua:
1319 3583 1467 3637 circa
1497 3597 1594 3636 cor
1617 3582 1873 3643 volit‘ant,
1908 3580 2038 3632 mali
2088 3581 2263 3636 hostis

670 3661 817 3732 foeda
845 3677 1142 3731 simulacra
1183 3673 1440 3744 depellat.
1487 3671 1785 3737 Nimirum,
1823 3679 1883 3726 ut
1912 3672 2136 3742 quando
2173 3688 2263 3728 sc-

668 3787 856 3828 renam
875 3779 1089 3826 noctem
1112 3771 1238 3824 luna
1262 3771 1421 3839 plena
1444 3769 1753 3832 illustrans,
1768 3763 1959 3821 allusis
1973 3767 2042 3821 ab
2061 3781 2264 3822 occasu

625 3932 631 3936 ,
667 3866 855 3920 densis
883 3864 1128 3932 atrisque
1183 3862 1424 3916 nubibus
1457 3861 1522 3915 ad
1558 3869 1776 3930 tempus
1821 3861 2115 3924 occulitur,
2161 3875 2263 3915 nec

669 3965 854 4009 tamen
886 3952 1165 4017 aufertur;
1196 3951 1396 4021 quippe
1415 3951 1597 4004 statim
1629 3953 1678 4005 vi
1710 3951 1859 4005 venti
1900 3950 2123 4005 dilllatis
2161 3965 2262 4004 nu-

667 4047 853 4109 bibus,
896 4045 1044 4099 clara
1068 4044 1274 4097 mundo
1307 4044 1426 4098 luce
1457 4043 1746 4098 redditur:
1805 4042 1886 4098 sic
1926 4049 1980 4098 et
2027 4058 2145 4105 vos,
2178 4041 2264 4095 lu-

667 4153 788 4194 cem
809 4137 1140 4208 virginitatis
1165 4136 1517 4192 ostendentes
1548 4133 1772 4198 mundo,
1797 4134 1901 4188 etsi
1924 4135 2194 4203 angustiis
2210 4141 2264 4188 et

669 4231 954 4286 laboribus
968 4231 1266 4294 vexamini,
1299 4246 1388 4293 ne,
1423 4244 1633 4299 quaeso,
1659 4227 1925 4296 virgines,
1947 4227 2263 4282 fatiscentes

669 4342 823 4398 spem
844 4333 1083 4380 vestram
1115 4323 1354 4393 abjicite.
1381 4322 1570 4377 Aderit
1597 4336 1723 4374 mox
1747 4319 2011 4389 Spiritus,
2047 4320 2141 4390 qui
2168 4335 2265 4373 ne-

669 4418 923 4488 quissimi
953 4417 1119 4470 dilllct
1159 4416 1369 4476 nubila,
1404 4415 1450 4468 si
1478 4429 1576 4467 vos
1609 4414 2070 4482 quemadmodum
2096 4410 2265 4466 Mater

670 4519 882 4572 vestra,
916 4524 1037 4576 quae
1060 4509 1113 4560 in
1145 4507 1285 4561 caelo
1316 4507 1459 4576 parit
1494 4506 1801 4559 masculum
1843 4502 2144 4574 Virginem,
2181 4505 2264 4557 in-

670 4598 812 4654 fensi
845 4599 1040 4669 anguis
1091 4597 1320 4652 insidias
1355 4597 1579 4650 minimc
1624 4595 1884 4649 timeatis.
1916 4595 1991 4651 De
2026 4611 2133 4665 qua
2163 4609 2264 4665 ego

670 4689 904 4744 muliere
955 4689 1271 4745 distinctius
1307 4689 1459 4742 vobis
1488 4685 1641 4756 loqui
1679 4686 1962 4752 constitui,
2008 4686 2170 4756 idque
2205 4692 2264 4739 ut

665 4796 830 4851 agam
858 4779 1019 4834 modo
1047 4790 1261 4850 tempus
1291 4778 1478 4849 exigit.

2373 2205 2626 2277 γατέρες,
2683 2205 2824 2275 ὑπερ
2867 2202 3014 2274 ζωῆς
3066 2204 3197 2273 ἡμῖν
3249 2199 3485 2270 ἀφθόνου
3531 2199 3626 2253 καὶ
3683 2197 3958 2268 βασιλείας

2372 2297 2617 2367 οὐρανῶν
2649 2298 2682 2369 ἠ
2715 2296 2936 2368 σπουδή.
2969 2296 3064 2359 Είς
3092 2295 3190 2365 τὴν
3217 2293 3390 2363 αὐτὴν
3425 2290 3585 2358 δόξαν
3614 2290 3713 2361 τῆς
3735 2291 3959 2359 ἁγνείας

2371 2392 2467 2445 καὶ
2501 2393 2660 2463 ὑμεῖς
2691 2389 2991 2462 προθύμως
3017 2392 3139 2453 ταῖς
3181 2387 3288 2460 πρὸ
3322 2384 3477 2457 ὑμῶν
3519 2385 3960 2456 συμφρονήσατε,

2370 2483 2527 2552 ὀλίγα
2577 2483 2935 2554 φροντίσασαι
2985 2480 3080 2535 τοῦ
3144 2480 3282 2552 βίου.
3341 2479 3416 2534 Ού
3467 2477 3576 2551 γὰρ
3634 2477 3832 2550 μικρὸν
3885 2479 3963 2540 εἰς

2373 2574 2654 2646 ῥᾳστώνην
2685 2574 2964 2645 άφθαρσία
2997 2573 3094 2626 καὶ
3126 2572 3341 2641 ἁγνεία,
3365 2569 3622 2642 ἀνωφερῆ
3650 2570 3748 2641 τὴν
3779 2569 3966 2640 σάρκα

2371 2668 2508 2738 πρὸς
2541 2667 2673 2736 ὕψος
2714 2667 2964 2739 αἴρουσα,
2996 2666 3094 2720 καὶ
3136 2665 3200 2718 τὸ
3243 2665 3519 2735 κάθυγρον
3556 2662 3726 2732 αὐτῆς
3761 2660 3966 2730 ἀναξη-

2373 2759 2632 2829 ραίνουσα
2682 2759 2777 2812 καὶ
2819 2757 3066 2828 πηλῶδες
3116 2756 3300 2828 βάρος,
3350 2756 3482 2826 ὁλκῇ
3533 2754 3771 2826 μείζων
3829 2752 3964 2823 μηδὲ

2373 2849 2605 2921 βριθὲτω
2637 2849 2737 2919 τῆς
2781 2849 2952 2920 ἀκοῆς
2991 2851 3020 2902 ὀ
3073 2847 3265 2918 ῥύπος,
3314 2847 3496 2918 ῥέπων
3543 2847 3623 2908 είς
3667 2843 3767 2916 τὴν
3816 2845 3963 2915 γῆνο

2373 2942 2509 3014 μηδὲ
2541 2941 2956 3012 μετακοσμείτω
2984 2939 3131 3011 λύπη
3162 2939 3261 3010 τὴν
3289 2938 3485 3010 χαρὰν,
3519 2940 3831 3009 ἐκτήκουσα
3864 2935 3968 3001 τὰς

2370 3035 2461 3089 ἐπὶ
2513 3039 2626 3098 τοῖς
2676 3035 2982 3106 κρείττοσιν
3032 3033 3286 3096 ἐλπίδας·
3327 3031 3464 3086 ἀλλὰ
3518 3029 3772 3103 άτρύχως
3824 3029 3967 3082 ἀπο-

2370 3127 2580 3181 σείεσθε
2630 3126 2731 3191 τὰς
2778 3117 3282 3197 ὲπισυμὸαινούσας
3339 3125 3469 3194 ὑμῖν
3521 3119 3832 3194 συμφορὰς,
3889 3120 3967 3192 μὴ

2369 3216 2619 3271 θολούσαι
2660 3218 2808 3286 γόοις
2848 3216 2940 3270 τὸν
2973 3214 3252 3286 λογισμόν.
3302 3213 3526 3266 Νικάτω
3565 3210 3672 3284 γὰρ
3701 3212 3736 3282 ἠ
3776 3210 3968 3272 πίστις

2368 3311 2567 3382 πάντη,
2612 3311 2707 3363 καὶ
2747 3308 3073 3363 άπωθείσθω
3109 3308 3171 3360 τὸ
3220 3305 3338 3374 φῶς
3384 3306 3553 3375 αὐτῆς
3587 3303 3656 3358 τὰ
3683 3304 3970 3376 φερόμενα

2367 3401 2460 3454 τοῦ
2504 3399 2744 3472 πονηροῦ
2797 3400 2928 3472 περὶ
2978 3399 3078 3470 τὴν
3133 3397 3364 3470 καρδίαν
3412 3396 3696 3465 φάσματα.
3747 3395 3971 3467 Ὠσπερ

559 3490 564 3493 ’
669 3500 950 3548 nestantes
975 3490 1223 3562 querulis
1262 3488 1577 3560 gemitibus.
1610 3487 1806 3542 Vincat
1837 3502 2068 3558 prorsus
2105 3487 2259 3550 ﬁdes.

2370 3492 2474 3564 γάρ
2517 3494 2646 3547 ὅταν
2692 3494 2724 3564 ἡ
2762 3492 2958 3564 σελήνη
2992 3492 3085 3545 τὸν
3123 3489 3352 3563 οὐρανὸν
3397 3487 3593 3558 αἴγλης
3632 3486 3972 3560 ἐκλάμψασα

2368 3585 2652 3658 πληρώσῃ,
2689 3588 2783 3639 καὶ
2824 3587 2931 3648 πᾶς
2957 3586 2986 3638 ὁ
3025 3585 3132 3656 ἀὴρ
3175 3583 3387 3655 αἴθριος
3429 3581 3658 3651 γενηθῇ,
3703 3580 3867 3649 ἄφνω
3910 3579 3973 3632 δὲ

2366 3676 2583 3744 νεφέλαι
2622 3675 2787 3728 ποθὲν
2830 3677 2895 3728 ἐκ
2922 3676 3168 3746 δυσμῶν,
3216 3672 3629 3745 ὑποδραμοῦσαι
3668 3670 3968 3740 βάσκανοι,

2365 3769 2424 3822 τὸ
2457 3769 2569 3838 φῶς
2615 3770 2786 3839 αὐτῆς
2829 3769 2964 3840 πρὸς
3014 3769 3199 3837 ὀλίγον
3243 3766 3690 3829 ἐπισκιάζουσιν,
3734 3762 3797 3814 οὐ
3856 3760 3974 3832 μὴν

2365 3861 2760 3931 ἀφαιροῦνται,
2805 3861 2900 3915 ἅτε
2938 3861 3141 3925 εὐθέως
3181 3863 3246 3930 τῇ
3298 3859 3444 3930 ῥύμῃ
3495 3855 3591 3909 τοῦ
3647 3854 3972 3925 πνεύματος

2366 3952 2769 4023 ἐξωθούμεναι,
2796 3952 2940 4005 οὓτω
2979 3952 3043 4022 δὴ
3071 3954 3167 4005 καὶ
3197 3953 3376 4021 ὑμεῖς,
3409 3952 3467 4002 ὲν
3490 3949 3571 4020 τῷ
3599 3949 3792 4020 κόσμῳ
3830 3949 3976 4020 λάμ-

2367 4063 2564 4099 πουσαι
2603 4047 2702 4116 τὴν
2754 4045 2998 4113 ἁγνείαν,
3052 4044 3157 4096 ὑπὸ
3211 4043 3442 4113 θλίψεων
3491 4044 3809 4115 ὀχληθεῖσαι
3869 4044 3972 4099 καὶ

2367 4138 2566 4199 πόνων,
2599 4131 2643 4188 ὦ
2677 4135 2956 4206 παρθένοι,
3001 4135 3074 4206 μὴ
3111 4134 3377 4188 ὀκλάσατε
3413 4135 3551 4207 πρὸς
3580 4136 3678 4200 τὰς
3707 4135 3971 4200 ἐλπίδας.

2378 4227 2735 4292 Ἐξωθοῦνται
2776 4227 2885 4299 γὰρ
2914 4226 2993 4296 τῷ
3039 4225 3320 4298 Πνεύματι
3364 4228 3435 4282 τὰ
3476 4231 3539 4281 ὲκ
3583 4228 3675 4281 τοῦ
3709 4229 3972 4302 πονηροῦ

2365 4321 2522 4391 νάφη,
2560 4320 2653 4373 ἐὰν
2693 4319 2882 4392 ῶσπερ
2924 4323 2956 4391 ή
2994 4320 3195 4391 Μήτηρ
3222 4319 3376 4390 ὑμῶν
3412 4321 3506 4373 καὶ
3540 4321 3730 4391 ὑμεῖς,
3763 4322 3800 4391 ἡ
3831 4337 3973 4388 γεν-

2365 4415 2513 4467 νῶσα
2547 4414 2636 4466 τὸν
2681 4413 2886 4484 ἄρσενα
2929 4412 3206 4484 Παρθένον
3251 4415 3308 4466 ὲν
3343 4412 3423 4484 τῷ
3452 4412 3686 4484 οὐρανῷ,
3735 4412 3817 4483 μὴ
3859 4412 3979 4464 δει-

2365 4507 2586 4577 λιάσητε
2639 4507 2880 4577 λοχῶντά
2936 4507 3032 4559 καὶ
3080 4504 3440 4576 ἐφεδρεύοντα
3482 4505 3573 4558 τὸν
3621 4506 3781 4574 ὅφιν·
3833 4504 4049 4578 ’περὶΗ

2363 4595 2430 4671 ἧς
2466 4598 2576 4681 ἑγὼ
2616 4603 2755 4670 πρὸς
2789 4600 2934 4669 ὑμᾶς
2961 4597 3225 4667 ἀμηγέπη
3248 4595 3654 4667 διεξελεύσομαι
3680 4593 3938 4664 δηλοῦσα
3957 4585 3980 4623 δ

2366 4691 2553 4763 καιρὸς
2591 4691 2701 4763 γὰρ
2737 4690 2808 4744 τὰ
2839 4688 2955 4743 νῦν.

749 4872 966 4942 Signum
991 4888 1242 4940 magnum
1295 4870 1544 4938 apparuit
1594 4868 1650 4922 in
1694 4867 1847 4930 coelo,
1895 4865 1971 4920 ait
2020 4863 2259 4920 Joannes

2434 4871 2542 4925 Kal
2589 4871 2755 4940 ὤφθη
2802 4868 2958 4939 μέγα
3005 4883 3261 4935 σημειον
3305 4866 3376 4920 ἐν
3425 4865 3508 4932 τῷ
3555 4862 3822 4932 οὐρανῷ,
3868 4865 3982 4936 τὴν

674 4964 1038 5036 Apocalypsin
1066 4978 1334 5017 enarrans
1362 4961 1428 5023 ",
1458 4963 1646 5015 mulier
1678 4961 1873 5014 amicta
1901 4958 2031 5023 sole,
2055 4968 2103 5011 et
2134 4958 2260 5012 luna

675 5059 769 5112 sub
791 5057 1007 5126 pedibus
1045 5057 1194 5124 ejus;
1226 5064 1274 5108 et
1302 5056 1357 5108 in
1387 5060 1557 5125 capite
1585 5056 1699 5124 ejus
1751 5070 1948 5106 corona
1983 5052 2260 5106 stellarum

673 5151 984 5205 duodecim:
1035 5159 1083 5204 et
1119 5153 1173 5202 in
1204 5158 1353 5201 utero
1385 5149 1579 5202 habens
1624 5147 1900 5224 _clamabat
1934 5147 2258 5211 parturiens,

673 5255 722 5298 et
746 5243 1084 5298 cruciabatur
1113 5253 1171 5294 ut
1191 5251 1420 5312 pareret.
1452 5241 1518 5294 Et
1544 5243 1713 5295 visum
1739 5249 1817 5292 est
1855 5238 2002 5290 aliud
2051 5239 2260 5307 signant

676 5339 730 5390 in
763 5337 922 5390 cmlo:
960 5345 1007 5389 et
1041 5351 1156 5389 ecce
1180 5335 1347 5389 draco
1380 5350 1601 5403 magnus
1636 5332 1810 5400 rufus,
1857 5330 2051 5383 habens
2084 5330 2260 5397 capita

679 5439 865 5497 septem
895 5437 942 5481 et
964 5443 1162 5481 cornua
1188 5427 1383 5493 decem,
1399 5435 1446 5480 et
1472 5426 1527 5478 in
1541 5423 1800 5492 capitibus
1819 5421 1930 5490 ejus
1945 5421 2252 5474 diademata

746 5587 791 5618 ⁸³
826 5585 957 5639 Bar.
990 5600 1073 5650 ιιι,
1098 5584 1186 5646 14,
1213 5582 1298 5637 15.
1377 5581 1420 5614 ⁸⁵
1460 5583 1621 5649 Apoc.
1665 5595 1765 5644 xu,
1791 5579 1904 5633 1-6.

749 5699 861 5768 (15)
892 5700 1183 5768 Αιωνιων,
1216 5697 1305 5751 Sic
1344 5711 1443 5749 nos
1487 5709 1611 5750 cum
1664 5693 1885 5754 Allatio,
1916 5704 2014 5759 [‘0
2047 5688 2256 5741 αἰώνων

676 5767 820 5840 quod
850 5772 937 5824 alii
972 5772 1122 5824 dant.
1147 5767 1303 5823 Enn.
1337 5770 1574 5840 Parnm.

749 5843 858 5914 (l4)
891 5841 1090 5893 ψωσίν
1137 5841 1395 5914 ἀδύτοις.
1444 5836 1610 5914 Paulo
1641 5832 1889 5914 inferius,
1937 5829 1997 5881 τὸ
2045 5826 2260 5914 φῶςιτὸ

679 5904 972 5985 ἁνέσπερον
1004 5920 1179 5982 vocat,
1222 5912 1405 5967 lumen
1456 5905 1602 5978 quod
1655 5904 1802 5960 nulla
1851 5916 1957 5957 nox
2002 5904 2259 5968 excipiat,

2379 4962 2747 5032 Ἀποκάλυφιν
2787 4961 2815 5012 ὁ
2870 4955 3122 5025 Ἰωάννης
3172 4955 3534 5026 ἐξηγούμενος
3573 4953 3748 5022 λέγειν
3799 4958 3981 5026 γυνὴ

2368 5052 2840 5122 περιϐεϐλημένη
2879 5048 2986 5101 τὸν
3034 5047 3239 5113 ἥλιον·
3288 5049 3386 5100 καὶ
3429 5048 3466 5112 ἡ
3516 5045 3751 5114 σελήνη
3808 5052 3983 5103 ὑπο-

2368 5144 2523 5197 κάτω
2554 5142 2675 5195 τῶν
2718 5139 2918 5194 ποδῶν
2967 5137 3190 5204 αὐτῆς·
3238 5138 3334 5191 καὶ
3373 5136 3474 5188 ἐπὶ
3522 5133 3630 5201 τῆς
3681 5138 3985 5206 κεφαλῆς

2367 5234 2554 5302 αὐτῆς
2585 5233 2886 5303 στέφανος
2909 5230 3177 5296 ἀστέρων
3220 5226 3475 5280 adnisum
3512 5231 3609 5280 καί
3641 5227 3712 5280 ἐν
3737 5231 3981 5298 γαστρὶ

2368 5325 2600 5395 ἔχουσα
2655 5322 2848 5393 κράζει
2889 5320 3190 5373 ὠδίνουσα
3232 5317 3329 5371 καὶ
3371 5314 3831 5387 βασανιζομένη
3883 5338 3989 5373 τε-

2369 5418 2518 5471 κεῖν.
2565 5417 2676 5470 Kal
2723 5414 2888 5483 ὤφθη
2939 5411 3094 5465 ἄλλο
3144 5409 3394 5478 σημεῖον
3437 5408 3507 5460 ἐν
3555 5409 3637 5476 τῷ
3683 5410 3983 5478 οὐρανῷ·

2369 5683 2553 5736 nullus
2597 5694 2828 5733 occasus
2879 5677 3219 5744 :xstinguat;
3255 5688 3352 5726 nec
3384 5689 3443 5727 re
3475 5674 3554 5727 sic
3591 5674 3736 5728 clara
3781 5683 3986 5745 potuit

2369 5753 2548 5806 doceri
2584 5750 2886 5806 l’ossinius,
2923 5755 2977 5798 ut
3022 5745 3429 5798 inaccessibilem
3462 5746 3626 5797 lucem
3655 5759 3824 5798 suam
3863 5766 3985 5808 mo-

2369 5824 2493 5878 liori
2534 5823 2638 5876 alia
2667 5834 2799 5874 voce
2839 5818 3025 5889 reique
3055 5815 3322 5888 apposita,
3353 5823 3603 5871 mutaret.
3656 5809 3982 5870 Conatus.
