4090 6318
172 381 250 441 “5
1204 369 1594 432 CONVIVIUII
1631 363 1872 426 DECEI
1908 355 2276 418 VIRGINUI.

3286 339 3388 395 “6

169 497 238 551 ml
273 492 384 549 ιδοὺ
418 489 646 560 δράκων
697 488 931 561 arm
972 489 1182 561 pem,
1228 489 1387 560 ἔχων
1430 487 1698 556 κεφαλὰς

1802 484 2027 546 septem;
2057 480 2107 526 et
2136 469 2310 524 cauda
2334 482 2434 523 sua
2460 465 2700 521 trahebat
2725 461 2933 516 tertiam
2964 464 3170 529 partem
3210 453 3392 508 stella'

168 587 280 642 ἑπτὰ
303 586 388 640 καί
415 582 627 653 κέρατα
657 582 836 648 δέκα,
874 582 975 638 καὶ
1009 582 1109 637 ἐπὶ
1141 583 1248 648 τὰς
1283 579 1555 651 κεφαλὰς
1585 579 1694 631 αύ-

166 677 245 733 τοῦ
269 676 399 733 ἑπτὰ
422 675 784 746 διαδήματα·
834 675 936 731 καί
964 676 1004 745 ἡ
1034 673 1185 740 οὐρὰ
1209 672 1397 728 αὑτοῦ
1429 672 1600 740 σύρει
1628 666 1697 723 τὸ

165 773 326 838 τρίτον
363 769 532 840 μέρος
585 767 716 822 τῶν
775 766 1046 836 ἀστέρων
1090 765 1198 820 τοῦ
1251 761 1517 831 ούρανοῦ
1538 797 1555 820 .
1595 751 1703 815 καί

162 858 340 914 ἔϐαλεν
363 855 574 923 αὐτοὺς
597 859 689 923 εἰς
721 854 839 924 τὴν
862 853 1014 924 τῆν’
1044 852 1145 906 καὶ
1176 854 1211 906 ό
1245 849 1483 919 δράκων
1517 848 1697 915 ἐστη-

167 967 248 1006 ssr
282 949 514 1004 ἐνώπιον
549 945 667 1015 τῆς
694 945 985 1018 γυναικὸς
1009 942 1118 1014 τῆς
1141 945 1502 1014 μελλούσης
1533 942 1698 996 ἐκτε-

167 1045 279 1107 κεῖν,
302 1043 391 1096 ινα
419 1039 558 1094 dear
587 1039 736 1108 τέκῃ
795 1040 864 1092 τὸ
898 1038 1114 1092 τέκνον
1139 1036 1331 1104 αὐτῆς
1359 1034 1695 1105 καταφάγῃ.

166 1135 246 1190 Kal
280 1133 465 1186 ἔτεκεν
510 1130 652 1184 olor
694 1129 953 1198 ἄρσενα,
995 1127 1064 1194 ὃς
1099 1128 1310 1197 μέλλει
1360 1128 1699 1197 ποιμαίνειν

167 1221 322 1278 πάντα
361 1221 425 1275 τὰ
466 1221 614 1288 ἔθνη
655 1220 728 1280 ἐκ
771 1216 972 1288 ῥάϐδῳ
1025 1217 1273 1287 σιδηρᾷο
1320 1218 1419 1271 καὶ
1457 1216 1696 1287 ἡρπάγη

169 1314 217 1368 τὸ
249 1313 439 1367 τέκνον
483 1310 680 1379 αὐτῆς
728 1310 879 1380 πρὸς
906 1311 1013 1365 τόν
1059 1311 1229 1374 Θεὸν,
1261 1312 1357 1364 καί
1400 1311 1552 1381 πρὸς
1592 1308 1700 1362 τόν

166 1410 338 1475 Θρόνον
366 1404 576 1459 αὑτοῦ·
622 1403 722 1459 καί
758 1406 798 1473 ἠ
836 1404 992 1474 γυνὴ
1027 1405 1251 1474 ἔφυγεν
1288 1406 1378 1470 εις
1409 1403 1526 1470 τὴν
1563 1403 1700 1470 ἕρη-

162 1515 264 1565 μον,
284 1498 418 1550 ὅπου
439 1497 562 1564 ἔχει
598 1495 732 1549 ἐκεῖ
750 1496 939 1548 τόπον
958 1494 1404 1565 ἡτοιμασμένον
1432 1492 1548 1547 ὑπὸ
1590 1491 1698 1545 τοῦ

165 1589 297 1654 Θεοῦ,
318 1589 408 1643 ἵνα
425 1588 552 1642 ἐκεῖ
572 1580 877 1658 τρέφωσιν
895 1588 1005 1660 (15)
1029 1589 1225 1657 αὐτὴν
1254 1589 1479 1659 ἡμέρας
1499 1585 1700 1657 χιλίας

162 1681 420 1747 διακοσίας
449 1678 774 1747 ἐξήκοντα.
808 1679 890 1733 Τὰ
935 1682 1032 1752 μὲν
1079 1676 1175 1734 οὖν
1211 1681 1339 1751 περὶ
1370 1679 1472 1750 τῆς
1510 1695 1703 1747 γυναι-

164 1777 236 1839 κὸς
263 1775 592 1847 ἱστορούμενα
633 1777 728 1830 καὶ
759 1773 856 1828 τοῦ
883 1774 1196 1848 δράκοντος,
1232 1776 1310 1839 ὠς
1349 1775 1409 1827 ὲν
1439 1774 1697 1843 ἐπιτομῇ,

1801 584 1919 621 rum
1941 563 2081 627 cali,
2109 571 2160 619 et
2191 560 2337 614 misit
2353 575 2444 613 eas
2480 559 2534 611 in
2569 567 2766 610 terram
2787 568 2806 606 :
2836 563 2885 607 et
2914 551 3077 604 draco
3101 549 3244 603 stetit
3270 554 3392 599 ante

1800 657 2068 712 mulierem
2096 669 2212 724 qua:
2240 660 2357 706 erat
2388 650 2636 721 paritura
2666 689 2680 712 ,
2720 656 2775 699 ut
2801 661 2918 700 cum
2948 642 3268 712 peperisset,
3325 640 3393 707 [i-

1797 749 1928 804 lium
1946 747 2062 810 eius
2085 746 2381 800 devoraret.
2422 741 2493 799 Et
2515 741 2712 810 peperit
2738 739 2910 808 ﬁlium
2941 734 3264 796 masculum,
3301 730 3393 801 qui

1800 855 2037 901 recturus
2079 850 2194 897 erat
2225 854 2405 893 omnes
2443 844 2619 908 gentes
2667 834 2724 887 in
2771 833 2915 902 virga
2969 828 3139 898 ferrea
3173 843 3190 880 :
3223 834 3271 880 et
3302 841 3394 878 ra-

1799 947 1920 1008 ptus
1948 943 2027 989 est
2055 932 2201 1002 ﬁlius
2231 930 2346 1000 ejus
2378 927 2448 982 ad
2479 927 2648 982 Deum
2675 933 2726 979 et
2765 925 2833 978 ad
2869 922 3113 976 thronum
3145 919 3294 989 ejus:
3335 926 3388 972 et

1799 1031 1992 1085 mulier
2019 1028 2150 1098 fugit
2176 1026 2231 1078 in
2260 1022 2625 1082 solitudinem,
2659 1017 2747 1071 ubi
2777 1015 3002 1069 habebat
3039 1013 3210 1066 locum
3237 1025 3392 1080 para-

1801 1139 1914 1178 tum
1945 1138 1979 1176 a
2000 1120 2130 1184 Deo,
2158 1125 2217 1170 ut
2248 1116 2322 1170 ibi
2350 1121 2579 1184 pascant
2606 1109 2724 1166 eam
2755 1109 2936 1163 diebus
2962 1105 3108 1160 mille
3155 1103 3392 1156 ducentis

1801 1213 2100 1286 sexaginta.
2140 1209 2268 1264 Haec
2321 1208 2396 1263 ibi
2451 1203 2771 1262 summatim
2822 1201 2890 1256 de
2923 1199 3151 1252 muliere
3181 1202 3235 1250 et
3265 1195 3393 1248 dra-

1801 1322 1958 1363 cone.
2014 1303 2222 1359 Horum
2249 1316 2382 1358 vero
2418 1297 2752 1357 solutionem
2807 1291 3054 1346 nancisci
3101 1287 3396 1357 verbisque

1800 1415 2095 1470 exponere,
2125 1398 2306 1467 majus
2351 1394 2484 1466 quid
2517 1399 2603 1447 est
2637 1403 2803 1460 quam
2835 1402 2935 1457 pro
2977 1391 3166 1438 nostra
3223 1381 3397 1435 facul~

1801 1500 1933 1548 tate.
1988 1489 2315 1546 Audendum
2372 1495 2592 1547 tamen,
2639 1482 2707 1536 de
2757 1480 2850 1533 illo
2899 1477 3050 1532 freta:
3099 1475 3192 1545 qui
3231 1473 3398 1543 jussit

1801 1583 2039 1640 scrutari
2077 1583 2398 1654 Scripturas
2444 1579 2513 1631 ⁵ο.
2558 1575 2733 1644 Cujus
2784 1570 3072 1626 sententia:
3105 1569 3152 1623 si
3201 1576 3256 1622 et
3299 1582 3398 1622 vos

1799 1677 1958 1743 estis,
1989 1675 2128 1731 nihil
2149 1675 2380 1730 verebor
2421 1671 2490 1726 ad
2525 1684 2644 1725 rem
2686 1666 2928 1739 aggredi.
2973 1662 3211 1718 Omnino
3250 1661 3396 1715 enim

1803 1770 2129 1842 ignoscetis,
2158 1769 2208 1825 si
2255 1767 2587 1838 exquisitam
2619 1764 2740 1834 ejus
2780 1761 2883 1815 loci
2937 1756 3382 1827 intelligentiam,

163 1865 419 1938 ὠκέχει·
462 1865 594 1938 περὶ
625 1864 682 1918 δὲ
712 1863 809 1918 τοῦ
840 1863 942 1935 τὴν
969 1863 1220 1918 ἐπίλυσιν
1251 1863 1431 1917 αὐτῶν
1474 1861 1698 1934 ἀνεύρα-

1802 1878 1903 1935 pro
1942 1859 2148 1932 ingenii
2176 1859 2444 1914 tenuitate
2469 1870 2579 1910 non
2609 1853 2744 1909 satis
2768 1849 2989 1920 assequi
3015 1848 3248 1903 valeam.

167 1959 260 2013 σθαι
291 1961 375 2014 καὶ
404 1963 598 2028 εἰπεῖν,
638 1959 885 2033 μεῖζονῆ
930 1959 1054 2014 καθ’
1117 1961 1301 2031 ἡμᾶς·
1346 1959 1498 2030 ὅμως
1559 1958 1884 2030 τολμητέον,
1944 1953 2319 2010 πιστεύσασαν
2359 1950 2440 2023 τῷ
2486 1949 2803 2002 κελεύσαντι
2834 1946 2933 2010 τὰς
2974 1943 3195 2015 Γραφὰς
3244 1943 3397 2012 ἐρευ-

162 2050 430 2124 νᾲν.ΕίοιΪιν
459 2056 552 2109 καὶ
606 2054 759 2126 σφῷν
787 2053 857 2109 τὰ
902 2055 1173 2128 λεγόμενα
1210 2055 1476 2121 συνδοκεῖ,
1517 2055 1752 2128 χαλεπὸν
1806 2054 1960 2107 οὐδὲν
2004 2051 2108 2124 ῆδη
2164 2046 2499 2103 στείλασθαι.
2554 2044 2783 2106 Πάντως
2830 2041 2944 2114 γὰρ
2998 2035 3397 2110 συγγνώσεσῢε,

162 2146 267 2219 πρὸς
314 2146 404 2220 τὴν
449 2145 740 2219 ἀκρίϐειαν
792 2145 894 2218 τῆς
942 2147 1167 2220 Γραφῆς
1216 2146 1313 2202 ἐὰν
1352 2147 1428 2220 μὴ
1469 2146 1684 2219 δυνηθῶ
1707 2147 2012 2218 διαρκέσαι.

647 2262 778 2322 CAP.
807 2263 875 2322 ν.
911 2262 1110 2320 Mulier
1131 2266 1346 2335 pariens
1367 2265 1562 2336 infesto
1589 2263 1840 2328 dracone,
1878 2262 2122 2316 Ecclesia
2151 2278 2166 2315 :
2197 2259 2314 2330 ejus
2342 2257 2518 2312 cultus
2555 2263 2607 2310 et
2638 2255 2833 2325 gratia.

221 2380 273 2434 Ἦ
301 2378 513 2450 ὀφθεῖσα
554 2380 1005 2454 περισεσλημένη
1032 2380 1124 2435 τὸν
1152 2379 1304 2451 ἣλιον
1339 2385 1398 2436 ὲν
1426 2380 1505 2454 τῷ
1535 2383 1700 2454 οὐρα-

159 2469 369 2542 iuravi},
402 2473 496 2527 καὶ
533 2474 804 2543 στέφανον
835 2474 1032 2533 ὲκ.τῶν
1062 2474 1308 2549 ἀστέρων
1340 2474 1698 2548 περικειμένη

159 2553 417 2638 Midam/ﬁ;
442 2565 542 2637 τὴν
573 2566 740 2638 ἑδραν
767 2561 916 2638 εἶχεν
944 2569 978 2640 ἡ
1009 2568 1210 2641 σελήνη
1239 2568 1378 2640 πρὸς
1408 2572 1520 2635 τοῖς
1547 2568 1697 2633 ποσὶ,

163 2655 233 2708 καὶ
269 2655 516 2713 ὠδίνουσα
562 2660 664 2716 καὶ
719 2658 1120 2734 βασανιζομένη
1164 2666 1367 2730 τεκεῖν,
1416 2662 1556 2735 αὕτη
1605 2680 1703 2716 κυ-

163 2747 262 2822 ρίως
301 2752 426 2818 ἐστὶ,
471 2751 619 2807 κατὰ
652 2751 745 2807 τὸν
787 2753 992 2826 ἀκριϐῆ
1021 2753 1200 2824 λόγον,
1229 2757 1263 2826 ἠ
1299 2756 1484 2828 μήτηρ
1514 2753 1696 2826 ⁴ἡμῶν,

161 2833 194 2893 ὦ
213 2842 454 2913 παρθένοι,
479 2844 719 2916 δύναμίς
744 2862 830 2910 τις
859 2842 994 2901 οὖσα
1015 2849 1140 2902 καθ’
1167 2848 1366 2920 ἑαυτὴν
1395 2848 1559 2922 ἑτέρα
1589 2849 1699 2903 τῶν

161 2934 348 2988 τέων·
373 2936 436 3008 ῆν
468 2939 557 2991 ὁτὲ
600 2939 704 3010 μὲν
749 2938 1105 3012 Ἰερουσαλὴμ
1137 2943 1186 2995 οί
1219 2942 1519 3014 προφῆται,
1555 2940 1698 2996 κατὰ

159 3026 234 3095 τὴν
261 3026 459 3097 σύνοψιν
487 3027 599 3082 τῶν
641 3028 1500 3103 ὲπιφερομένων,ότὲδὲνύμῳην,
1523 3032 1613 3087 ὁτὲ
1639 3032 1696 3086 δὲ

161 3116 264 3170 Σιὼν
286 3118 415 3190 ὅρος,
445 3121 536 3175 ὁτὲ
563 3120 623 3177 δὲ
652 3121 784 3174 ναὸν
813 3123 908 3176 καὶ
934 3126 1140 3196 σκηνὴν
1171 3124 1307 3178 Θεοῦ
1338 3124 1692 3197 κεκλήκασιν.

1805 2378 1854 2450 ς
1879 2377 2014 2445 Quae
2039 2374 2295 2446 apparuit
2327 2373 2382 2427 in
2406 2371 2549 2427 ccelo
2579 2369 2778 2424 amicta
2805 2365 2920 2421 sole
2949 2363 3148 2418 mulier
3171 2403 3184 2425 ,
3227 2370 3280 2416 et
3303 2376 3394 2416 co-

1807 2483 2000 2525 ronam
2045 2467 2259 2522 habens
2308 2465 2594 2522 stellarum
2627 2460 2918 2517 duodecim
2941 2498 2956 2521 ,
2990 2455 3079 2510 cui
3115 2455 3180 2508 ad
3231 2454 3396 2524 pedes

1809 2562 1940 2616 luna
1971 2558 2244 2622 subsidet,
2269 2572 2392 2629 qua:
2430 2555 2668 2627 parturit
2693 2550 3055 2609 et-cruciatur
3093 2554 3154 2602 ut
3187 2545 3394 2616 pariat,

1807 2657 1927 2726 ipsa
1957 2653 2179 2726 proprie
2199 2658 2308 2716 est,
2342 2657 2537 2706 exacta
2576 2647 2692 2704 veri
2733 2645 2949 2700 ratione
2990 2656 3055 2696 ac
3091 2639 3399 2709 intelligen-

1805 2749 1908 2813 tia,
1940 2762 1975 2803 ο
2004 2746 2266 2818 virgines,
2310 2751 2488 2799 mater
2520 2749 2710 2797 nostra
2732 2780 2746 2803 ,
2789 2750 2989 2806 nempe
3015 2735 3193 2790 virtus
3251 2747 3400 2802 quae-

1806 2841 1935 2896 dam
1959 2841 2015 2895 in
2039 2855 2100 2896 se
2129 2839 2250 2910 ipsa
2283 2851 2349 2892 ac
2377 2849 2507 2891 vere
2535 2833 2813 2889 assistens
2846 2845 2877 2884 a
2917 2827 3046 2883 ﬁliis
3085 2827 3350 2882 distincta
3382 2846 3396 2880 :

1803 2948 1969 3005 quam
2002 2931 2299 3003 prophetas,
2319 2942 2420 2999 pro
2443 2931 2746 2995 conspectu
2768 2937 2833 2978 ac
2862 2925 3186 2992 argumento
3206 2933 3400 2973 eorum

1805 3041 1928 3096 qua:
1955 3026 2228 3088 feruntur,
2256 3019 2588 3093 quandoque
2604 3016 2825 3088 quidem
2845 3010 3185 3067 Hierusalem
3211 3007 3400 3079 appel-

1803 3119 1941 3185 lant,
1964 3113 2246 3172 interdum
2274 3127 2407 3168 vero
2430 3109 2725 3181 Sponsam,
2751 3102 3047 3175 aliquando
3079 3100 3211 3154 Sion
3242 3115 3399 3153 mon-

167 3209 217 3262 Ἦ
233 3210 323 3283 γὰρ
343 3214 760 3285 παρωρμημένη
782 3191 1114 3283 φωτίζεσθαι
1135 3215 1365 3287 δύναμις
1384 3216 1444 3269 ὲν
1571 3232 1698 3287 προ-

1801 3221 1908 3266 tem
1930 3253 1946 3278 ,
1987 3221 2386 3277 nonnunquam
2429 3202 2694 3273 templum
2727 3208 2783 3255 et
2814 3193 3234 3252 tabernaculum
3277 3191 3392 3246 Dei.

159 3300 287 3372 φήτῃ,
323 3302 565 3364 Φωτίζου
587 3343 601 3368 ,
642 3305 984 3376 κεκραγότος
1024 3307 1162 3377 αὐτῇ
1206 3306 1300 3359 τοῦ
1349 3305 1696 3376 Πνεύματος,

165 3393 529 3466 Ἰερουσαλήμυ
571 3397 708 3464 ἣκει
749 3397 861 3466 γάρ
895 3415 1012 3452 σου
1048 3397 1116 3453 τὸ
1154 3397 1302 3468 φῶς,
1335 3398 1434 3452 καί
1473 3399 1512 3467 ἠ
1548 3398 1702 3463 δόξα

159 3487 332 3555 Κυρίου
356 3489 451 3543 ἐπὶ
487 3489 566 3544 σὲ
601 3491 1040 3546 ἀνατέταλκεν.
1086 3492 1244 3548 Ἰδοὺ
1284 3493 1549 3562 καλύψει
1586 3493 1698 3564 (16)

159 3582 335 3646 σκότος
367 3583 462 3638 καὶ
495 3584 730 3653 γνόφος
767 3581 916 3652 τῆν’
953 3584 1215 3652 καλύψει
1246 3584 1340 3637 ἐπ’
1380 3585 1560 3654 ἔθνη·
1600 3587 1699 3641 ἐπὶ

158 3666 206 3720 δὲ
231 3670 294 3726 σὲ
323 3673 656 3742 φανήσεται
685 3677 922 3743 Κύριος,
956 3675 1055 3729 καὶ
1083 3678 1121 3745 ἡ
1158 3675 1311 3741 δόξα
1347 3678 1570 3746 Κυρίου
1599 3678 1700 3732 ἐπὶ

157 3761 212 3812 σὲ
234 3763 554 3832 όρθήσεται.
587 3767 702 3822 Καὶ
725 3768 1126 3835 πορεύσονται
1145 3767 1430 3835 ,βασιλεῖς
1454 3767 1535 3835 τῷ
1554 3771 1701 3838 πυρί

157 3871 262 3919 σου,
296 3859 382 3911 καὶ
418 3857 565 3928 ἔθνη
599 3858 682 3928 τῇ
724 3860 1100 3930 λαμπρότητι
1143 3874 1284 3914 σου.
1330 3859 1700 3930 Ἀνάϐλεψον

157 3951 316 4016 κύκλῳ
349 3952 468 4019 τοῖς
515 3951 856 4022 ὀφθαλμοῖς
898 3968 1036 4020 σου,
1081 3953 1181 4008 καί
1219 3953 1309 4007 ἴδε
1347 3953 1701 4026 συνηγμένα

155 4039 380 4097 τὰτέκνα
409 4059 546 4100 σου.
581 4046 813 4101 Ἦκασι
839 4044 1062 4114 πάντες
1093 4049 1146 4101 οὶ
1182 4048 1304 4102 υἱοί
1330 4063 1448 4103 σου
1478 4051 1700 4120 μακρό-

154 4136 248 4198 θεν,
279 4135 365 4188 καὶ
401 4139 460 4190 al
501 4137 836 4206 θυγατέρες
879 4152 999 4193 σου
1037 4138 1132 4191 ἐπ’
1174 4136 1350 4209 ὤμων
1394 4141 1696 4209 ἀρθήσον-

155 4238 248 4278 τοι·
271 4224 400 4282 ἐστιν
433 4231 466 4300 ή
509 4228 837 4301 Ἐκκλησία,
869 4223 937 4302 ἧς
970 4228 1040 4284 τὰ
1072 4228 1239 4283 τέκνα
1271 4232 1537 4286 πασσυδεὶ
1575 4233 1698 4306 ῆξει

157 4316 261 4385 μετὰ
297 4319 388 4390 τὴν
430 4321 758 4386 ἀνάστασιν,
803 4319 1074 4375 πάντοθεν
1119 4322 1259 4392 πρὸς
1309 4324 1484 4395 αὐτὴν
1530 4343 1698 4379 κατα-

154 4407 325 4479 lima,
357 4415 526 4487 αὐτῇ·
577 4414 851 4487 δεχομένη
895 4431 957 4468 τε
1008 4416 1072 4470 τὸ
1121 4415 1238 4489 φῶς
1279 4417 1340 4471 τὸ
1372 4418 1694 4491 ἀνέσπερον,

153 4503 586 4578 τὴνλαμπρότητα
627 4506 824 4581 στολῆς
857 4508 1096 4579 σχήματι
1131 4508 1572 4582 περιδεδλημένη
1598 4508 1695 4564 τοῦ

1804 3302 1939 3358 Nam
1980 3318 2104 3374 quae
2141 3301 2320 3357 virtus
2361 3296 2546 3354 studet
2584 3294 2848 3364 cupitque
2887 3286 3192 3344 illuminari
3249 3285 3395 3355 apud

1803 3395 2151 3467 prophetam,
2184 3394 2460 3447 clamante
2489 3388 2558 3443 ad
2582 3401 2702 3441 eam
2738 3383 2948 3456 Spiritu
2968 3381 3036 3445 ",
3055 3379 3394 3442 "luminare,

1800 3487 2132 3549 illuminare,
2174 3480 2536 3546 Hierusalem,
2567 3478 2693 3548 quia
2724 3476 2860 3530 aeni:
2902 3473 3079 3526 lumen
3116 3480 3300 3533 tuum,
3346 3478 3398 3523 et

1801 3581 1974 3652 gloria
2002 3576 2218 3633 Domini
2241 3589 2397 3643 super
2419 3582 2467 3627 te
2493 3580 2612 3624 orta
2634 3579 2732 3624 est.
2762 3567 2897 3622 Ecce
2919 3565 3143 3620 tenebrw
3161 3563 3396 3630 operient

1802 3682 2000 3726 terram
2024 3709 2040 3733 ,
2070 3676 2122 3723 et
2153 3667 2326 3737 caligo
2363 3663 2584 3734 populos
2612 3677 2631 3716 :
2677 3677 2836 3730 super
2884 3668 2932 3712 te
2972 3666 3149 3711 autem
3198 3656 3396 3709 orietur

1802 3762 2061 3818 Dominus
2087 3801 2102 3826 ,
2135 3770 2184 3815 et
2216 3758 2389 3829 gloria
2414 3758 2530 3828 ejus
2575 3756 2630 3810 in
2664 3763 2711 3808 te
2738 3752 3016 3809 videbitur.
3053 3748 3122 3804 Et
3152 3747 3397 3802 ambula-

1801 3856 1928 3910 bunt
1955 3871 2100 3925 reges
2131 3853 2185 3907 in
2217 3852 2414 3906 lumine
2451 3861 2564 3916 tuo,
2596 3859 2645 3905 et
2664 3858 2842 3921 gentes
2869 3848 2926 3900 in
2947 3845 3223 3913 splendore
3246 3853 3394 3896 ortus

1801 3951 1898 4002 tui.
1950 3946 2091 4003 Lena
2122 3947 2176 4004 in
2227 3945 2456 3999 circuitu
2497 3944 2678 3998 oculos
2708 3951 2861 4006 tuos,
2905 3947 2955 3993 et
2992 3939 3106 3993 vide
3150 3957 3165 3990 :
3215 3954 3395 3991 omnes

1799 4040 1891 4094 isti
1921 4039 2226 4110 congregati
2256 4045 2415 4101 sunt;
2448 4044 2696 4089 venerunt
2724 4032 2838 4086 tibi.
2879 4029 3016 4083 Filii
3049 4029 3127 4081 tui
3148 4028 3210 4082 de
3245 4028 3398 4095 longe

1799 4135 2004 4186 venient
2024 4172 2041 4197 ,
2070 4111 2266 4202 etﬁliae
2293 4141 2396 4184 tua:
2427 4143 2584 4198 super
2610 4127 2856 4179 humeros
2888 4121 3276 4183 sustollentur;
3310 4126 3395 4174 est

1800 4223 2071 4289 Ecclesia,
2101 4217 2268 4295 c’ujus
2304 4223 2398 4276 lilii
2441 4235 2640 4290 magno
2677 4216 2922 4286 undique
2962 4206 3236 4269 concursu
3271 4219 3394 4281 post

1799 4318 2265 4374 resurrectionem
2303 4315 2609 4377 venientes,
2636 4314 2691 4366 in
2722 4311 2844 4382 ejus
2869 4308 3149 4365 continent
3184 4307 3389 4361 sinum.

1802 4409 1929 4466 Hzec
1953 4411 2238 4473 nimirum,
2272 4415 2557 4476 suscepto,
2592 4404 2741 4476 quod
2785 4404 2996 4456 nullum
3041 4400 3193 4454 novit
3231 4413 3393 4451 occa-

1804 4518 1949 4569 sum,
1992 4504 2218 4566 lumine,
2262 4502 2412 4556 velut
2450 4500 2615 4562 stola,
2660 4495 2826 4551 Verbi
2870 4494 3161 4566 splendore
3202 4491 3391 4544 induta

155 4593 283 4663 Λόγου
315 4597 514 4670 ἥδεται.
548 4599 703 4671 Ποίῳ
733 4599 844 4672 γὰρ
872 4600 1018 4673 ἄλλῳ
1050 4603 1471 4676 τιμαλφεστέρῳ
1503 4604 1694 4676 κόσμῳ

1802 4598 2035 4652 laetatur.
2093 4595 2214 4660 Quo
2271 4596 2416 4649 enim
2478 4591 2586 4645 alio
2627 4588 2945 4660 pretiosiori
2999 4585 3393 4657 speciosiorive

154 4679 480 4759 ἠτιμιωτέρῳ
524 4687 629 4760 τὴν
678 4687 1001 4757 βασίλισσαν
1055 4689 1263 4762 ἔπρεπε
1316 4689 1690 4762 κοσμηθεῖσαν

155 4778 603 4864 νυμφαγωγηθῆναι
636 4777 718 4848 τῷ
741 4779 953 4852 Κυρίῳ,
983 4779 1100 4851 φῶς
1129 4781 1205 4844 ὡς
1240 4780 1459 4852 ἱμάτιον
1494 4780 1691 4835 λαὸοὖ-

155 4876 251 4926 θανς
283 4866 354 4919 διὸ
391 4871 483 4923 καὶ
535 4870 716 4943 αὐτὴν
752 4871 859 4924 ὑπὸ
902 4871 998 4926 τοῦ
1042 4872 1258 4945 Πατρδς
1291 4872 1688 4945 ἀνακληθῆναι.

159 4954 235 5007 Ἱθε
259 4957 372 5030 γὰρ,
418 4962 699 5017 ἀναϐᾶσαι
738 4961 819 5027 τῷ
863 4963 1042 5036 λόγῳ,
1079 4963 1364 5018 θεάσασθε.
1379 4963 1572 5038 ὥσπερ
1591 4964 1692 5030 τὰς

157 5048 254 5117 πρὸς
291 5056 454 5123 γάμον
487 5054 803 5128 παρθένους
823 5097 839 5123 ,
873 5059 1108 5126 γυναῖκα
1142 5055 1386 5127 μεγάλην
1406 5095 1420 5120 ,
1450 5055 1662 5128 καθαρὸ

157 5142 221 5193 ν-ιὶ
252 5141 494 5216 ἄκραντον
537 5149 666 5203 ὅλον
714 5150 811 5203 καὶ
856 5150 1086 5221 μόνιμον
1133 5144 1359 5214 κάλλος,
1408 5151 1504 5202 καὶ
1536 5149 1690 5202 οὐδὲν

156 5231 481 5308 ἐλαττούμενον
506 5243 608 5312 τῆς
637 5243 1027 5314 λαμπρότητος
1056 5244 1164 5295 τῶν
1195 5242 1410 5313 φώτων,
1439 5241 1688 5295 ἀποστίλρ

157 5325 329 5385 Gaesar
370 5333 460 5385 καὶ
489 5335 618 5389 ἀντὶ
664 5336 768 5407 μὲν
816 5337 1032 5406 στολῆς,
1065 5338 1195 5391 αὐτὸ
1226 5337 1342 5408 φῶς
1375 5337 1688 5410 ἠμφιεσμέ-

156 5434 249 5488 νην·
269 5423 375 5477 ἀντὶ
395 5424 451 5478 δὲ
482 5423 656 5480 λίθων
685 5428 907 5499 τιμίων,
938 5430 1174 5501 ἀστράσι
1209 5429 1455 5503 φαιδροῖς
1478 5431 1578 5504 τὴν
1605 5448 1691 5486 κε-

203 5577 238 5612 ¹¹
267 5581 414 5640 Joan.
444 5601 500 5653 ν,
529 5583 625 5641 59.
708 5584 754 5616 ’ί
795 5584 910 5640 Isa.
944 5601 1035 5652 Ls,
1070 5587 1180 5644 H.

322 5742 641 5826 Τρέρῳσιν.
671 5737 959 5826 ξίσιιιιψο
991 5741 1352 5826 ιηεηιιεεξίριί
1383 5750 1435 5826 et
1459 5743 1679 5826 optima:

159 5819 331 5883 φησι
351 5810 631 5870 editiones
679 5812 1037 5883 Apocalypsis
1080 5829 1180 5875 xu,
1213 5810 1294 5878 ὅς’
1317 5810 1680 5870 undecorri-

160 5877 295 5945 Im
341 5885 596 5943 videntur
630 5877 744 5940 illa?
777 5877 905 5954 quae
927 5877 1133 5956 legunt
1170 5877 1530 5954 ἐκτρὲφωσιν.
1578 5883 1678 5939 En.

1793 4698 1992 4745 ornatu
2023 4694 2298 4758 comptam
2337 4685 2569 4741 decebat
2592 4697 2852 4753 sponsam
2889 4681 3125 4736 Domino
3153 4677 3348 4733 adduci
3372 4717 3387 4739 ,

1795 4784 1981 4837 lumen
2011 4781 2156 4836 sicut
2179 4779 2573 4834 vestimentum
2613 4784 2835 4830 nactam
2862 4815 2877 4841 ,
2915 4775 3076 4844 cujus
3107 4781 3162 4827 et
3201 4770 3385 4826 cultus

1794 4875 1970 4949 gratia
1994 4871 2061 4927 ad
2094 4871 2215 4926 Filii
2248 4872 2472 4943 nuptias
2503 4885 2532 4924 a
2564 4867 2731 4925 Patre
2752 4865 3076 4924 vocaretur?
3097 4863 3193 4917 Eia
3219 4865 3385 4934 agite,

1794 4973 2008 5023 ratione
2047 4965 2249 5020 comite
2278 4963 2667 5026 ascendentes,
2703 4960 2850 5017 haud
2889 4974 3050 5016 secus
3081 4973 3145 5011 ac
3192 4958 3388 5027 nuptui

1792 5059 2088 5117 tradendas
2126 5057 2368 5129 virgines
2408 5063 2575 5126 atque
2625 5049 2900 5109 thalamos
2957 5057 3343 5120 exSpectantcs
3369 5091 3384 5114 .

1797 5155 2079 5212 mulierem
2127 5168 2379 5225 magnam
2412 5150 2751 5221 conspicite,
2804 5159 3000 5215 puram
3049 5145 3293 5214 undique
3332 5151 3388 5198 et

1798 5248 2062 5303 illibatam
2105 5245 2502 5316 stabilemque,
2545 5258 2649 5299 nec
2687 5240 2990 5312 quidquam
3032 5239 3173 5293 lucis
3217 5237 3387 5291 radiis

1798 5339 2066 5410 imparem
2104 5337 2411 5401 vibrantem
2452 5331 2919 5408 pulchritudinem
2957 5351 2970 5387 :
3007 5339 3063 5386 et
3103 5346 3204 5399 pro
3243 5330 3385 5384 stola

1799 5430 2054 5503 quidem,
2097 5427 2218 5502 ipsa
2257 5429 2380 5484 luce
2417 5426 2711 5493 vestitam;
2750 5438 2853 5497 pro
2891 5420 3167 5494 lapidibus
3203 5428 3386 5475 autem

1789 5740 1992 5884 L053.
2024 5811 2166 5871 Ἰδοὺ
2205 5817 2342 5870 καλ.
2375 5813 2516 5869 Sixt.
2548 5823 2603 5869 et
2630 5815 2806 5884 Alexg,
2847 5810 2977 5866 Ἰδοὺ
3004 5809 3193 5875 σκότιος
3223 5807 3388 5865 καὶά-

1786 5881 1878 5956 ipsi
1901 5885 2003 5956 γῆν
2042 5885 2137 5941 καὶ
2183 5886 2381 5955 γνόςρος
2433 5887 2520 5938 ἐπ’
2556 5885 2706 5957 ἔθνη.
2735 5881 2903 5941 αλιι..
