4090 6318
667 371 778 431 M7

1688 373 1747 431 S.
1789 372 2118 431 METHODII
2158 373 2467 432 EPISCOPI
2505 374 2594 430 ET
2636 372 2997 430 MARTYRIS

3828 369 3937 428 “8

667 488 950 562 pretiosis,
983 487 1399 560 splendentibus
1429 488 1604 546 stellis
1633 488 1847 544 circum
1877 497 2042 560 caput
2083 504 2234 543 orna-

2357 490 2530 560 φαλὴν
2582 490 3021 560 κεκοσμημένην.
3086 488 3153 540 '0
3203 486 3311 558 γάρ
3360 487 3492 558 ἡμῖν
3540 486 3725 559 ἐσθὴς,
3773 487 3935 544 τοῦτο

671 592 806 636 tam.
867 581 1022 646 Quod
1051 582 1198 636 enim
1240 581 1401 636 nobis
1468 581 1672 646 vestis,
1715 581 1820 636 hoc
1881 582 1960 636 illi
2012 582 2138 650 lux;
2197 595 2234 638 et

2356 583 2541 652 ἐκείνῃ
2581 583 2728 649 φῶς·
2769 582 2799 633 ὃ
2843 583 2898 634 δὲ
2938 583 3072 651 ἡμῖν
3116 580 3315 653 χρυσὸς
3364 580 3397 651 ἢ
3451 581 3729 650 διαφανεῖς
3772 581 3930 647 λίθοι,

666 673 814 742 quod
837 673 998 728 nobis
1029 688 1227 727 aurum
1251 680 1345 726 aut
1375 671 1636 742 pellucidi
1668 672 1861 741 lapilli,
1893 673 1998 728 hoc
2017 674 2098 728 illi
2127 674 2254 729 stel-

667 762 750 817 ιω.
780 761 960 816 Stella:
987 778 1117 817 vero
1148 777 1261 817 non
1283 762 1539 831 vulgares
1569 761 1676 816 illa:
1701 777 1823 832 quae
1849 762 1905 815 in
1927 763 2251 834 aspectabili

663 856 784 911 sitae
811 863 940 909 sunt
971 857 1115 919 loco,
1155 853 1248 908 sed
1285 853 1404 907 alia:
1435 853 1684 924 quaedam
1737 855 1981 924 potiores
2013 853 2247 909 lucidio-

662 961 894 1018 resque,
929 948 1066 1002 adeo
1099 955 1159 1000 ut
1197 946 1279 999 ha:
1313 960 1450 1015 quas
1487 945 1787 1009 cernimus,
1812 945 1950 999 nihil
1978 945 2088 1000 nisi
2126 945 2248 999 illa-

661 1052 787 1093 rum
829 1038 988 1108 picta:
1026 1036 1292 1106 imagines
1331 1051 1395 1090 ac
1439 1033 1759 1107 imperfecta
1799 1036 2098 1092 simulacra
2126 1052 2249 1093 esse

660 1129 974 1184 videantur.

2353 671 2514 724 τοῦτο
2542 673 2723 742 ἐκείνῃ
2763 671 2831 725 τά
2869 674 3075 743 ἄστρα·
3112 671 3290 742 ἄστρα
3319 671 3399 736 δέ,
3430 673 3529 743 οὐχ
3568 674 3730 726 ὁποῖα
3757 672 3931 726 ταῦτα

2353 765 2420 819 τὰ
2453 768 2510 819 ἐν
2547 764 2624 836 τῷ
2659 765 2841 837 ὁρατῷ
2873 767 3102 837 κείμενα
3153 765 3325 836 τόπῳ,
3371 765 3511 820 ἀλλά
3546 783 3668 818 τινα
3699 766 3936 836 κρείττω

2357 859 2452 911 καὶ
2477 859 2884 930 εὐφεγγέστερα
2903 877 2916 887 ·
2949 858 3090 911 ὥστε
3117 858 3332 922 εἰκόνας
3360 860 3586 914 ἐκείνων
3614 858 3814 930 μᾶλλον
3845 875 3935 913 νο-

2361 948 2614 1018 μίζεσθαι
2649 951 2823 1004 ταῦτα
2848 953 2942 1003 καὶ
2973 952 3385 1023 ἀπεικάσματα.

654 1247 794 1302 CAP.
841 1244 933 1302 Vl.
977 1245 1229 1302 Ecclesia:
1261 1262 1446 1317 apera,
1485 1247 1727 1318 ﬁliorum
1772 1248 1828 1302 in
1878 1248 2140 1318 baptismo
2195 1247 2506 1332 parturitio.
2565 1245 2720 1300 Luna
2761 1247 2817 1301 in
2861 1250 3119 1316 baptismo
3146 1263 3165 1301 :
3201 1247 3550 1317 plenilunium
3574 1243 3776 1301 Christi
3807 1263 3938 1316 pas-

2221 1337 2412 1374 8101118.

729 1408 850 1464 Jam
875 1410 1016 1465 luna:
1031 1411 1228 1466 mulier
1255 1412 1513 1468 insistere
1540 1414 1761 1469 dicitur.
1786 1413 1954 1469 Lunae
1973 1415 2243 1485 symbolo,

659 1504 905 1569 illorum,
939 1505 994 1558 ni
1021 1503 1198 1569 fallor,
1236 1504 1520 1575 designata
1556 1504 1682 1573 lide,
1709 1507 1804 1576 qui
1844 1521 1942 1575 per
1964 1507 2244 1561 lavacrum

657 1611 692 1650 a
723 1596 1076 1667 corruptione
1103 1594 1478 1651 mundantur:
1519 1605 1804 1668 propterea
1833 1596 1980 1668 quod
2003 1597 2125 1667 ejus
2150 1599 2237 1652 lu-

656 1703 783 1743 men
826 1704 981 1758 aqua:
1019 1687 1215 1758 tepida:
1252 1702 1425 1758 prope
1485 1688 1643 1743 aliine
1678 1688 1948 1756 videatur,
1988 1691 2245 1760 quodque

657 1794 725 1832 ex
761 1780 890 1832 luna
933 1779 1158 1833 humida
1197 1779 1378 1833 omnis
1421 1779 1731 1833 substantia
1773 1779 2022 1849 pendeat.
2067 1778 2244 1848 Super

655 1871 845 1924 lunam
873 1871 1059 1941 itaque
1080 1877 1394 1941 sortemque
1419 1878 1660 1925 nostram
1690 1885 1754 1925 ac
1786 1871 2110 1926 electionem
2135 1879 2243 1927 stat

657 1959 927 2025 Ecclesia,
966 1977 1065 2032 pro
1093 1963 1237 2017 lunae
1266 1963 1424 2033 quasi
1448 1971 1766 2034 conspectu,
1801 1964 2020 2020 interim
2053 1973 2243 2036 partu-

655 2054 810 2108 riens
839 2055 1020 2125 quoad
1061 2056 1352 2111 intraverit
1381 2057 1665 2126 plenitudo
1703 2059 1983 2128 gentium,
2025 2073 2090 2114 ac
2130 2061 2244 2114 ani-

653 2147 827 2201 males
869 2147 924 2202 in
955 2149 1235 2217 spiritales
1268 2165 1637 2220 regenerans;
1669 2167 1781 2221 quo
1821 2151 1942 2222 ipso
1975 2163 2030 2208 et
2067 2162 2241 2209 mater

653 2249 760 2295 est.
797 2239 865 2295 Ut
893 2243 1038 2306 enim
1073 2244 1289 2307 mulier,
1327 2243 1549 2298 informi
1571 2243 1676 2297 viri
1703 2251 1961 2314 suscepto
1991 2246 2237 2310 semine,

650 2337 806 2382 certo
863 2331 1135 2385 mensium
1170 2332 1304 2386 orbe
1344 2334 1617 2402 integrum
1672 2333 1950 2390 hominem
2003 2337 2242 2406 concipit

649 2428 925 2492 partuque
954 2411 1215 2486 ell‘undit,
1255 2422 1509 2480 similiter
1539 2433 1595 2479 et
1626 2425 1751 2495 quis
1794 2426 1996 2482 dixerit
2021 2444 2118 2484 eos
2146 2430 2241 2499 qui

649 2513 722 2568 ad
766 2512 1003 2570 Verbum
1056 2515 1408 2586 confugiant,
1461 2516 1722 2574 Ecclesiae
1783 2530 1940 2576 utero
1979 2523 2242 2576 continue

649 2608 1048 2678 concipiendos
1088 2620 1142 2664 et
1175 2610 1240 2664 ad
1279 2610 1490 2667 Christi
1531 2613 1950 2671 similitudinem
1984 2614 2241 2670 formam-

648 2713 758 2766 que
787 2698 1120 2768 ellingendos
1155 2701 1322 2756 certis
1376 2711 1682 2774 temporum
1719 2707 1993 2776 periodis,
2053 2707 2240 2762 beato-

648 2805 773 2845 rum
803 2791 1020 2847 illorum
1045 2795 1372 2848 saeculorum
1394 2795 1542 2852 cives
1560 2799 1832 2868 praestari.
1859 2797 2040 2866 Quare
2059 2810 2240 2855 astare

648 2885 798 2939 illam
829 2885 1047 2941 lavacro
1087 2902 1314 2942 necesse
1346 2901 1466 2954 est,
1500 2905 1596 2947 eos
1624 2900 1976 2962 generantem
2009 2894 2104 2963 qui
2142 2894 2238 2949 illo

648 2976 1018 3049 intinguntur.
1088 2977 1200 3033 Hoc
1240 2981 1384 3035 enim
1427 2982 1591 3036 modo
1629 2991 1683 3037 et
1719 2985 1916 3058 σελήνη
1959 2985 1978 3055 (
2013 2985 2116 3040 hoc
2155 2995 2239 3042 est

649 3069 802 3138 luna)
835 3077 1065 3126 vocatur
1094 3087 1157 3126 ea
1189 3087 1353 3142 quam
1378 3075 1524 3129 circa
1551 3075 1830 3131 lavacrum
1869 3077 2080 3134 obtinet
2118 3079 2234 3146 vis,

646 3162 910 3231 quoniam
942 3162 1059 3216 νέον
1087 3163 1249 3227 σέλας
1274 3164 1484 3235 (novum
1504 3165 1716 3222 scilicet
1737 3167 1926 3240 jubar)
1962 3171 2232 3235 renovati,
2263 3209 2306 3267 ο

646 3255 742 3323 qui
775 3263 1168 3325 regenerantur
1203 3257 1330 3327 (hoc
1359 3265 1464 3322 est,
1497 3275 1684 3312 novam
1722 3260 1919 3332 lucem)
1949 3272 2227 3333 spargunt.

649 3343 807 3401 Unde
841 3355 894 3400 et
922 3345 1270 3414 νεοφὼτιστοι
1303 3347 1505 3416 (recens
1540 3348 1751 3403 scilicet
1781 3349 2098 3423 illuminati)
2138 3368 2234 3421 per

642 3439 939 3508 quamdam
1005 3440 1550 3496 circumlocutionem
1623 3451 1889 3496 vocantur
1937 3462 1952 3497 :
1994 3458 2102 3513 qua
2154 3445 2237 3497 ni-

642 3532 847 3585 ;iirum
897 3532 1142 3602 spiritale
1173 3532 1280 3586 illis
1314 3532 1676 3602 plenilunium
1737 3533 2041 3590 secundum
2103 3550 2235 3607 pas-

650 3623 826 3678 sionis
868 3625 1155 3694 periodum
1196 3638 1260 3677 ac
1302 3625 1739 3680 recordationem
1781 3640 1996 3696 semper
2032 3642 2235 3680 novum

643 3715 900 3781 exhibet,
933 3715 1112 3786 quoad
1142 3723 1196 3771 et
1225 3715 1530 3786 perfectum
1562 3718 1744 3774 lumen
1784 3734 1995 3792 magna:
2017 3719 2124 3775 diei
2157 3719 2233 3773 illi

641 3809 881 3864 oriatur.

2422 1414 2721 1484 Βεόηκέναι
2741 1429 2801 1466 τε
2832 1413 2926 1466 ἐπὶ
2961 1414 3210 1485 σελήνην,
3252 1413 3328 1478 ὼς
3363 1412 3628 1485 ἠγοῦμαι,
3655 1412 3940 1484 τροπικῶς

2347 1507 2446 1576 τὴν
2488 1506 2673 1559 πίστιν
2719 1504 2828 1558 τῶν
2876 1505 3399 1575 άποκαθαιρομένων
3445 1505 3545 1574 τὴν
3588 1504 3796 1576 φθορὰν
3856 1502 3943 1576 τῷ

2347 1599 2557 1672 λουτρῷ
2599 1599 2796 1666 λέγων.
2842 1598 2930 1650 διὰ
2970 1599 3032 1650 τὸ
3084 1597 3467 1669 προσεοικέναι
3512 1596 3573 1649 τὸ
3616 1597 3730 1664 φῶς
3763 1596 3944 1666 αὐτῆς

2351 1690 2553 1762 μᾶλλον
2587 1689 2740 1742 ὕδατι
2770 1688 3000 1761 χλιαρῷ,
3033 1689 3128 1741 καὶ
3159 1690 3340 1742 πᾶσαν
3369 1688 3428 1754 ἐξ
3460 1689 3631 1759 αὐτῆς
3662 1688 3944 1759 ἠρτῆσθαι

2345 1781 2446 1850 τὴν
2483 1779 2656 1850 ὑγράν
2683 1777 2893 1832 οὐσίαν.
2949 1779 3282 1847 Ἐφέστηκεν
3320 1774 3413 1831 οὖν
3445 1779 3541 1831 ἐπὶ
3568 1778 3667 1848 τῆς
3697 1778 3942 1844 πίστεως

2350 1871 2446 1924 καὶ
2485 1869 2841 1940 προσλήψεως
2881 1867 3040 1938 ήμῶν
3081 1868 3192 1938 (17)
3215 1871 3248 1938 ἠ
3303 1868 3618 1938 Ἐκκλησία,
3649 1867 3789 1922 κατὰ
3832 1869 3944 1942 τὴν

2349 1964 2448 2033 τῆς
2488 1963 2718 2033 σελήνης
2752 1961 2994 2030 σύνοψιν,
3041 1962 3311 2030 μέχριπερ
3339 1960 3407 2013 ἂν
3449 1960 3668 2034 εἰσέλθῃ
3700 1961 3762 2014 τὸ
3803 1961 3947 2035 πλή-

2352 2072 2512 2127 ρωμα
2557 2055 2666 2108 τῶν
2713 2053 2913 2119 ἐθνῶν,
2960 2053 3226 2106 ὠδίνουσα
3263 2054 3358 2106 καὶ
3409 2053 3759 2122 άναγεννῶσα
3805 2055 3945 2122 toil;

2347 2147 2611 2217 ψυχικοὺς
2639 2148 2719 2209 εἰς
2746 2145 3151 2216 πνευματικούς
3170 2161 3183 2174 ·
3219 2144 3341 2198 καθ’
3365 2143 3424 2197 ὃν
3442 2145 3601 2213 λόγον
3621 2145 3718 2198 καὶ
3749 2146 3945 2220 μήτηρ

2349 2239 2515 2292 ἐστίν.
2550 2239 2762 2310 Ὥσπερ
2790 2238 2902 2309 γάρ
2948 2238 3157 2307 σπορὰν
3198 2237 3393 2309 ἀνδρὸς
3432 2239 3758 2310 ἁμόρφωτον
3797 2242 3941 2294 ὑπο.

2346 2331 2613 2403 δεξαμένη
2651 2332 2811 2404 γυνὴ,
2853 2332 3124 2405 περιόδοις
3162 2331 3368 2404 χρόνων
3398 2331 3682 2402 ἄνθρωπον
3707 2331 3946 2403 όλὸκλητ

2353 2441 2441 2494 ρον
2475 2423 2706 2477 άποκύει
2728 2441 2740 2454 ·
2773 2423 2951 2496 ταύτῃ
2986 2423 3052 2496 δὴ
3085 2424 3179 2476 καὶ
3211 2423 3338 2487 τοὺς
3382 2423 3828 2495 προσφεύγοντας
3857 2424 3947 2496 τῷ

2348 2515 2526 2585 Λόγῳ,
2554 2517 2778 2586 φήσειεν
2818 2517 2883 2571 ἄν
2906 2535 3014 2581 τις,
3051 2516 3419 2570 πλλαόοὖσαν
3452 2517 3538 2571 ἀεὶ
3567 2518 3666 2590 τὴν
3705 2518 3948 2590 Ἐκκλη-

2349 2607 2491 2670 σίαν,
2526 2610 2621 2660 καὶ
2649 2609 2750 2678 τὴν
2792 2608 2914 2662 καθ’
2954 2609 3212 2678 ὁμοίωσιν
3249 2609 3396 2663 ἰδέαν
3429 2611 3628 2686 aiatait;
3670 2612 3767 2664 καί
3799 2611 3948 2684 μόρ-

2348 2717 2520 2769 φωσιν
2552 2699 2864 2772 μορφοῦσαν
2896 2699 2988 2753 τοῦ
3019 2701 3279 2771 Χριστοῦ,
3309 2701 3578 2772 περιόδοις
3603 2704 3813 2773 χρόνων
3835 2720 3947 2756 πο-

2346 2790 2495 2854 λίτας
2539 2792 2823 2863 μακαρίων
2855 2791 3079 2844 ἐκείνων
3123 2788 3336 2844 αἰώνων
3369 2792 3719 2862 ἐργάζεσθαι.
3769 2794 3952 2852 Ὅθεν

2346 2883 2406 2948 ἐξ
2447 2885 2693 2956 ἀνάγκης
2730 2883 2898 2954 αὐτὴν
2941 2882 3235 2952 ἐφεστάναι
3271 2883 3352 2936 δεῖ
3395 2883 3475 2955 τῷ
3527 2885 3754 2958 λουτρῷ,
3807 2890 3946 2956 τοὺς

2345 2975 2672 3046 λουομένους
2722 2975 3020 3044 γεννῶσαν.
3059 2976 3247 3046 Τούτῳ
3279 2974 3388 3047 γάρ
3433 2975 3629 3048 σελήνη
3669 2980 3944 3052 κέκληται

2344 3067 2424 3138 τῷ
2451 3067 2640 3136 τρόπῳ
2671 3069 2704 3138 ἡ
2733 3065 2860 3137 περὶ
2891 3067 2950 3119 τὸ
2973 3067 3196 3138 λουτρὸν
3228 3067 3399 3136 αὐτῆς
3427 3068 3704 3138 ἐνέργειαο
3738 3074 3944 3147 ἐπειδὴ

2346 3159 2466 3212 νέον
2495 3159 2654 3222 σέλας
2679 3157 3101 3224 ἀνανεασθέντες
3135 3162 3184 3214 οἱ
3212 3159 3648 3231 ἀναγεννὼμενοι
3681 3163 3946 3236 λάμπου-

2342 3268 2446 3316 σιν,
2487 3251 2517 3304 ὃ
2558 3251 2676 3304 ἐστι
2705 3251 2823 3304 νέον
2863 3251 3012 3320 φῶς·
3065 3256 3082 3275 ⁶
3125 3253 3250 3307 ὃθεν
3301 3255 3394 3308 καὶ
3430 3255 3782 3323 νεοφώτιστοι
3830 3277 3946 3313 κα-

2340 3340 2580 3405 λοῦνται,
2617 3343 3089 3414 παραφραπικῶς
3119 3345 3215 3416 τὴν
3251 3347 3630 3416 πνευματικὴν
3661 3349 3948 3422 πανσέλη-

2342 3452 2432 3488 νον
2458 3436 2642 3500 αὺτοῖς
2671 3435 2771 3507 τὴν
2796 3435 3041 3507 περίοδον
3068 3437 3161 3490 τοῦ
3197 3437 3402 3501 πάθους
3434 3438 3527 3492 καί
3557 3437 3655 3508 τὴν
3685 3440 3948 3514 ἀνάμνη-

2345 3543 2449 3591 σιν,
2481 3527 2608 3580 νέαν
2646 3528 2733 3580 ἀεὶ
2759 3528 3234 3600 παραφαινούσης,
3268 3529 3378 3583 ἐστ’
3415 3528 3480 3582 ἂν
3507 3531 3539 3599 ή
3573 3529 3715 3602 αὐγὴ
3745 3533 3842 3586 καὶ
3873 3532 3950 3588 τὸ

2345 3619 2459 3688 φῶς
2492 3621 2554 3673 τὸ
2592 3620 2796 3674 τέλειον
2820 3622 3078 3697 ἀνατείλῃ
3107 3622 3206 3693 τῆς
3247 3621 3489 3692 μεγάλης
3517 3621 3749 3693 ἡμέρας.

1034 3926 1165 3980 CAP.
1196 3925 1309 3982 VII.
1337 3926 1583 3981 Mulieris
1605 3939 1789 3996 partus
1814 3931 1869 3983 in
1896 3931 2240 4002 Apocalypsi,
2275 3951 2381 3988 non
2432 3935 2542 4002 ipse
2569 3933 2790 4000 Christi,
2822 3935 2912 3988 sed
2941 3934 3179 4003 ﬁdelium
3206 3935 3260 3986 in
3287 3933 3524 3988 lavacro.

719 4041 814 4095 Sin
839 4058 968 4097 vero
997 4044 1123 4114 quis
1147 4044 1346 4114 (neque
1377 4047 1522 4099 enim
1559 4063 1722 4115 grave
1745 4048 1816 4101 sit
1848 4051 2024 4118 palam
2051 4051 2232 4105 denuo

643 4135 816 4206 loqui)
855 4151 998 4208 aegre
1040 4138 1223 4193 ferens
1259 4139 1423 4194 dictis
1463 4140 1686 4207 objiciat
1732 4162 1742 4195 :
1785 4143 1915 4208 Quae
1953 4152 2037 4198 est
2079 4145 2227 4209 haec,

641 4245 918 4298 quamque
949 4230 1014 4283 ad
1051 4240 1289 4285 mentem
1329 4230 1629 4301 Scripturae
1663 4234 1828 4301 hujus
1867 4238 2156 4305 expositio,
2199 4254 2232 4292 ο

639 4323 902 4393 virgines,
940 4339 1064 4377 cum
1098 4325 1286 4394 utique
1308 4327 1667 4397 Apocalypsis
1691 4329 1996 4382 masculum
2027 4331 2096 4385 ab
2131 4331 2234 4386 Ec-

639 4415 811 4470 clesia
844 4419 1092 4486 generari
1124 4418 1349 4472 deliniat
1385 4439 1396 4472 :
1435 4435 1530 4475 vos
1563 4429 1743 4475 autem
1773 4422 1938 4475 istum
1968 4423 2228 4478 Ecclesia:

641 4517 859 4577 partum
890 4508 970 4560 sic
1015 4511 1472 4577 interpretamini,
1502 4519 1558 4564 ut
1593 4512 1648 4564 in
1680 4511 1746 4566 iis
1780 4512 1873 4582 qui
1917 4529 2014 4583 per
2043 4516 2228 4584 bapti-

642 4615 830 4652 smum
866 4612 1260 4669 regeneranlur
1291 4604 1503 4674 impleri
1537 4604 1816 4659 doceatis?
1860 4607 1990 4660 huic
2029 4607 2103 4660 ita
2143 4623 2228 4662 re-

642 4693 1077 4761 spondebimus:
1120 4694 1283 4763 Atqui
1337 4713 1403 4751 ne
1451 4698 1582 4762 tibi,
1620 4699 1964 4769 vitilitigator
1999 4709 2224 4772 argute,

649 4785 800 4839 "acili:
828 4784 995 4839 fuerit
1033 4787 1343 4852 ostendere,
1372 4788 1657 4845 Christum
1691 4806 1815 4846 esse
1856 4794 2022 4848 istum
2064 4793 2225 4863 cujus

712 4918 824 5002 (In?)
863 4921 996 5002 ,Κιιὶ-
1027 4921 1436 4990 προσλήψεως
1490 4925 1681 5002 ἠμῶνς.
1735 4925 1848 4980 Vox
1897 4929 2222 5002 theologica,

638 4989 705 5065 de
746 4988 950 5069 Christi
986 4993 1225 5046 humana
1259 4988 1485 5047 Hnatura
1517 4988 2044 5069 saepiusrusurpata,
2080 4988 2227 5069 "quae

639 5061 719 5111 sic
749 5073 778 5109 a
815 5058 990 5139 Verbo
1014 5072 1586 5139 assmnptatnosque
1608 5058 1659 5119 in
1697 5068 1807 5122 illa.
1840 5058 2046 5139 lli-eque
2066 5058 2224 5136 adeo,

638 5138 826 5182 nostra
864 5130 992 5211 ﬁdes
1022 5144 1074 5187 et
1106 5130 1433 5206 πρόσληψις,
1470 5130 1656 5193 lidelcs
1701 5147 1827 5193 sunt
1857 5130 2024 5211 etq'ui
2064 5130 2225 5195 Chri;

636 5201 1058 5282 s;_)__acecdu_i_it,
1112 5201 1343 5279 ejusque
1385 5223 1506 5282 sors
1551 5218 1602 5261 et
1633 5211 1920 5267 luereditas
1949 5201 2224 5282 'haptismi

637 5276 946 5353 initiatione
973 5276 1142 5353 liunt_;
1175 5276 1339 5353 quam
1389 5279 1529 5333 lunae
1561 5281 1806 5348 symbolo
1829 5276 2102 5353 designari
2126 5300 2223 5336 au-

634 5350 755 5421 ctor
779 5351 864 5397 est
899 5343 1222 5410 Methodiué,
1249 5350 1321 5404 ob
1350 5343 1614 5420 aquarum
1646 5367 1768 5404 cum
1799 5355 1918 5421 ejus
1949 5343 2075 5408 luce
2110 5355 2224 5406 alii-

635 5420 861 5491 nitatem
899 5429 967 5491 ac
991 5421 1476 5491 necessitudinem.
1500 5420 1840 5478 Fallentibus
1876 5425 2052 5479 oculis
2087 5425 2222 5480 POS-

634 5483 971 5560 siuiusac_si
994 5498 1139 5541 esset
1163 5490 1503 5560 προλήψεως,
1529 5502 1577 5546 et
1607 5496 2036 5560 persuasionem;
2069 5497 2222 5550 item-

632 5568 740 5632 que
766 5555 1018 5632 Allatius,
1036 5555 1379 5632 anteceptam
1414 5555 2065 5632 animoinformationem,
2092 5583 2216 5619 cum

633 5624 795 5708 ambo
839 5626 1135 5708 ediderint,
1176 5624 1319 5708 quod
1356 5634 1460 5688 loci
1499 5635 1640 5708 ratio
1672 5624 2214 5708 postulat,7rpoo?.ﬁ-

649 5689 800 5775 fere;
837 5694 1045 5752 Fclcllit
1074 5689 1136 5752 τὸ
1172 5689 1427 5775 πίστεως,
1460 5706 1618 5775 quasi
1643 5689 1703 5759 ea
1742 5689 1872 5762 voce
1900 5689 2214 5762 blethoditis

673 5761 759 5848 dei
789 5780 1106 5848 assensum,
1148 5786 1256 5848 non
1285 5761 1431 5842 ipsos
1477 5761 1648 5844 inagis
1693 5761 1876 5848 ﬁdeles
1921 5761 2211 5848 signiticet,

630 5847 694 5888 ea
727 5833 984 5907 baptismi
1011 5833 1357 5910 intinctione,
1394 5833 1911 5917 quasipaiturieute
1940 5833 2208 5916 Ecclesia,

2422 4051 2546 4104 Ἐὰν
2591 4051 2647 4103 δέ
2696 4069 2776 4114 τις
2830 4051 3020 4120 (οὐδὲν
3065 4050 3172 4121 γάρ
3223 4048 3458 4118 χαλεπὸν
3501 4046 3582 4099 ἔτι
3623 4048 3942 4122 διαρρήδην

2336 4145 2528 4209 εἰπεῖν)
2559 4145 2944 4213 ἀγανακτήσας
2984 4143 3167 4212 φράσῃ
3208 4141 3344 4211 πρὸς
3382 4139 3450 4192 τά
3489 4141 3774 4209 εἰρημένα,
3813 4143 3940 4198 Καὶ

2336 4235 2452 4299 πῶς
2504 4237 2631 4305 ὑμῖν
2679 4237 2710 4306 ὴ
2771 4235 3050 4306 ἐξήγησις,
3101 4230 3147 4288 ὧ
3199 4232 3482 4305 παρθένοι,
3534 4234 3740 4301 γίνεται
3783 4238 3941 4291 κατὰ

2336 4329 2458 4381 νοῦν
2492 4329 2589 4398 τῆς
2621 4328 2863 4399 Γραφῆς,
2894 4328 3055 4379 ὁπότε
3107 4331 3140 4398 ἡ
3184 4327 3282 4396 μὲν
3322 4325 3688 4394 Ἀποκάλυψις
3719 4328 3944 4398 ἄρσενα

2339 4425 2437 4492 τὴν
2483 4422 2807 4492 Ἐκκλησίαν
2841 4421 3133 4493 διορίζεται
3168 4422 3382 4491 γεννᾷν,
3413 4420 3572 4491 ὑμεῖς
3597 4420 3652 4472 δὲ
3682 4420 3790 4472 ἀπὸ
3815 4424 3942 4476 τῶν

2332 4514 2748 4583 ἁπολουομένων
2785 4513 3160 4584 παρειλήφατε
3201 4511 3300 4574 τὰς
3334 4509 3696 4581 τελεσφόρους
3725 4513 3942 4580 ὠδῖνας

2336 4607 2505 4676 αὐτῆς
2554 4605 2890 4677 πληροῦσθαι
2944 4605 3269 4675 λουομένας;
3331 4602 3589 4672 λέξομεν·
3659 4603 3821 4670 Ἀλλ’,
3884 4601 3940 4662 ὦ

2338 4697 2601 4766 φιλαίτιε,
2639 4697 2752 4749 ἀλλ’
2789 4697 2910 4750 οὐδέ
2942 4714 3022 4749 σοι
3072 4699 3332 4767 πάρεστιν
3362 4694 3626 4758 ἐπιδεῖξαι
3666 4695 3754 4750 τὸν
3793 4699 3938 4770 Χρι-

2340 4789 2459 4842 στὸν
2504 4790 2664 4843 αὑτὸν
2715 4786 2853 4842 εἶναι
2888 4789 2979 4842 τὸν
3022 4787 3381 4858 γεννώμενον.
3428 4785 3602 4839 Πάλαι
3656 4786 3762 4859 γὰρ
3813 4793 3941 4862 πρὸ

2330 4927 2552 4981 Christo
2600 4935 2957 4981 renascentes
2995 4946 3006 4978 :
3045 4941 3209 4995 quam
3259 4920 3490 4995 proinde
3533 4922 3818 4980 ministros
3867 4937 3942 4986 et

2332 4999 2692 5052 hierarchiam
2749 4994 3114 5067 perlicientem
3171 4994 3454 5063 intelligat,
3505 5010 3598 5067 seu
3658 4995 3940 5052 sacerdo—

2329 5069 2492 5123 talem
2523 5065 2792 5149 ordinem,
2813 5139 2823 5148 .
2843 5070 2896 5122 in
2911 5139 2936 5149 ﬂ
2952 5067 3216 5149 apostolis
3250 5065 3940 5149 cceptumnin‘queeorum

2332 5141 2749 5214 successoribus
2813 5139 2871 5214 in
2907 5133 3066 5192 linem
3112 5150 3287 5206 usque
3338 5133 3541 5214 mundi
3563 5133 3936 5214 duraturum.

2332 5209 2499 5264 Lunae
2527 5212 2633 5265 ista
2677 5210 2994 5279 metaphora
3027 5215 3080 5263 et
3109 5216 3378 5279 etymum
3399 5206 3614 5276 longius
3647 5208 3938 5279 arcessita

2332 5282 2588 5337 videntur
2615 5298 2627 5334 :
2653 5274 2901 5350 planiora
2957 5293 3078 5349 quae
3109 5274 3272 5330 habet
3322 5274 3635 5350 Dionysius,
3677 5276 3754 5350 De
3781 5282 3938 5337 εισι.

2331 5351 2555 5429 hieran,
2593 5347 2716 5423 ca'p.
2755 5353 2808 5414 5,
2847 5347 3086 5429 aliique,
3107 5362 3389 5429 exponens
3434 5347 3581 5429 quod
3615 5351 3691 5429 ita
3733 5347 3937 5429 bapti-

2331 5440 2484 5478 smus
2538 5419 2711 5477 lumen
2755 5419 3004 5484 vocatur,
3039 5419 3268 5488 ejusque
3302 5419 3828 5483 ritus'illuminatio,
3861 5433 3937 5479 et

2329 5496 2422 5564 qui
2444 5495 2535 5549 illo
2569 5495 2935 5562 intinguntur,
2962 5506 3136 5545 recens
3158 5490 3470 5564 “luminati,
3497 5490 3684 5546 Graece
3714 5493 3934 5564 νεοςὼ.

2326 5560 2517 5629 fictor,
2557 5560 2828 5635 quod—est
2861 5568 3266 5635 sacramentum
3312 5561 3436 5635 ﬁdei
3466 5564 3750 5635 primaque
3786 5560 3932 5618 illu-

2326 5629 2590 5699 minatio,
2609 5643 2663 5689 et
2693 5651 2802 5704 qua
2825 5633 2891 5687 ad
2914 5634 3154 5701 reliquas
3184 5631 3362 5687 idonei
3397 5629 3708 5704 reddimur,
3730 5629 3788 5684 in
3817 5649 3934 5688 cu-

2319 5708 2412 5778 jus
2452 5707 2626 5788 ipsius
2649 5702 2740 5787 rei.
2782 5705 3089 5788 symbolum
3135 5719 3299 5788 super
3323 5702 3666 5788 baptizandis
3696 5702 3932 5788 lampas

2325 5771 2664 5840 accenditur,
2699 5771 2827 5832 sive
2849 5775 3014 5830 etiam
3059 5771 3321 5844 gesta—uda
3365 5771 3472 5827 illis
3507 5771 3763 5828 traditur.
3805 5771 3932 5832 Sed

2325 5849 2439 5908 haec
2463 5848 2690 5907 alterius
2713 5847 2812 5906 otii
2843 5853 3008 5920 atque
3039 5849 3237 5918 operte.
3275 5845 3566 5904 Οοιιβεειε.
