4090 6318
237 396 330 453 “9

1333 395 1718 456 CONVIVIUII
1758 391 1989 454 DECEM
2028 393 2392 452 VIRCINUM.

3395 395 3500 454 150

230 511 330 581 τῆς
367 509 784 582 ’Δποκαλὺψεως
812 512 1188 585 ἐπεπλήρωτο
1217 513 1514 584 μυστήριον
1537 512 1637 582 τῆς
1668 515 1819 566 ἐναν-

1923 509 2223 581 Scriptum
2249 507 2430 564 verbis
2452 515 2642 580 partus
2669 508 2955 592 referatur.
2983 505 3196 564 Dudum
3231 509 3500 580 siquidem

229 599 553 672 θρανιεήσεως
577 599 676 654 τοῦ
709 601 922 670 Λόγου.
965 603 1029 655 '0
1055 601 1112 654 δὲ
1156 601 1428 672 Ἰωάννης,
1463 602 1592 672 περὶ
1620 601 1820 670 παρόν-

229 707 343 744 των
378 691 466 744 καὶ
502 691 802 761 μελλόντων
859 691 1151 762 θεσμῳδεῖ.
1209 691 1268 744 '0
1310 690 1366 744 δὲ
1416 691 1673 761 Χριστὸς,
1714 691 1820 745 πά-

231 782 323 836 λαι
366 783 604 856 κυηθεὶς,
636 787 742 858 οὐχ
778 785 1070 857 ἡρπάσθη,
1098 785 1259 839 ὁπότε
1293 784 1512 856 ἐτέχθη,
1547 786 1683 857 πρὸς
1725 787 1818 840 τὸν

229 873 425 947 θρόνον
463 876 558 930 τοῦ
615 877 775 941 Θεοῦ,
819 878 974 949 φόϐῳ
1016 877 1110 933 τοῦ
1156 877 1232 948 μὴ
1279 877 1622 948 λυμήνασθαι
1651 879 1818 944 αὐτὸν

228 967 325 1020 τὸν
369 968 524 1037 ὅφιν·
569 969 704 1024 ἀλλὰ
749 969 842 1023 διὰ
883 969 1040 1024 τοῦτο
1082 970 1369 1042 ἐγεννήθη,
1414 971 1508 1024 καὶ
1552 970 1818 1043 κατῆλθεν

232 1059 400 1125 αὐτὸς
428 1062 540 1116 ἀπὸ
564 1061 674 1115 τῶν
700 1062 911 1134 θρόνων
935 1063 1032 1119 τοῦ
1045 1064 1293 1136 ματρὸς,
1322 1065 1410 1118 ἵνα
1439 1066 1530 1118 τὸν
1553 1065 1820 1140 δράκοντα

231 1153 594 1225 χειρώσηται,
637 1154 822 1225 μείνας
883 1155 1238 1227 ἐπιτρέχοντα
1299 1158 1366 1227 τῇ
1423 1157 1606 1228 σαρκί.
1659 1157 1820 1210 Ὥστε

233 1242 450 1313 ἀνάγκη
496 1244 782 1314 ὁμολογεῖν
810 1244 876 1318 δὴ
923 1246 1018 1299 καὶ
1063 1245 1143 1309 σὲ,
1169 1243 1269 1317 τὴν
1315 1243 1641 1315 Ἐκκλησίαν
1681 1241 1819 1300 εἶναι

229 1334 332 1406 τὴν
384 1333 684 1390 ὠδίνουσαν
721 1338 815 1390 καὶ
873 1336 1150 1405 γεννῶσαν
1204 1338 1334 1401 τοὺς
1383 1337 1822 1409 ὰπολουτρουμέ-

231 1443 360 1489 nunc
398 1426 514 1497 (18)
539 1445 552 1458 ·
597 1427 674 1490 ὥς
700 1447 801 1482 που
844 1429 939 1483 καὶ
969 1431 1027 1482 ὲν
1071 1428 1268 1499 Ἡσαΐᾳ
1301 1431 1364 1483 τὸ
1396 1430 1622 1501 Πνεῦμα
1651 1447 1816 1501 φησιο

230 1518 387 1586 Πρὶν
411 1517 530 1585 τὴν
565 1519 911 1575 ὠδίνουσαν
947 1520 1141 1574 τεκεῖν
1178 1521 1278 1574 καὶ
1307 1522 1452 1590 πρὶν
1478 1522 1680 1577 ἐλθεῖν
1715 1523 1822 1576 τὸν

231 1608 427 1662 πόνον
470 1609 593 1662 τῶν
625 1610 857 1664 ὠδίνων
875 1651 890 1676 ,
927 1611 1203 1681 ἐξέφυγε,
1231 1613 1331 1667 καὶ
1375 1612 1582 1668 ἔτεκεν
1608 1613 1816 1682 ἄρσεν.

237 1700 332 1764 Τίς
357 1698 596 1764 ἤκουσε
627 1701 857 1756 τοιοῦτο
875 1719 895 1764 ;
935 1703 1033 1755 καὶ
1074 1703 1167 1769 τίς
1187 1705 1464 1772 ἑώρακεν
1502 1705 1723 1771 οὖτως;
1750 1706 1821 1758 El

229 1788 447 1842 ὤδινεν
479 1792 520 1858 ἠ
549 1791 627 1860 γῆ
651 1794 721 1845 ἐν
744 1792 845 1860 μιᾷ
872 1793 1081 1863 ἡμέρᾳ,
1101 1795 1197 1848 καί
1215 1797 1267 1848 εὶ
1291 1796 1624 1864 ἐγέννησεν
1642 1795 1819 1861 ἔθνος

1921 609 2048 660 ante
2077 601 2463 673 Apocalypsim
2495 601 2779 672 impletum
2811 608 2895 658 est
2913 599 3314 660 lncarnationis
3338 601 3499 660 Verbi

1919 693 2262 767 mysterium.
2288 690 2462 748 Porro
2488 690 2731 749 Joannes
2770 693 2837 748 de
2874 692 2943 748 iis
2979 692 3223 761 loquitur
3258 710 3380 764 quae
3421 695 3503 749 vel

1919 791 2052 840 tunc
2073 783 2268 841 fierent
2289 785 2374 840 vel
2395 799 2517 856 qua:
2549 785 2678 839 olim
2701 793 2963 841 eventura
2999 792 3206 841 essent.
3231 781 3502 841 Praeterea

1918 876 2196 943 Christus,
2221 877 2428 933 dudum
2452 884 2772 947 conceptus.
2801 886 3087 948 postquam
3109 875 3305 932 deinde
3339 887 3502 931 natus

1919 977 2023 1036 est,
2057 984 2168 1024 non
2202 978 2286 1024 est
2311 978 2498 1039 raptus
2523 969 2591 1022 ad
2625 969 2882 1023 thronum
2924 968 3042 1033 Dei,
3083 977 3229 1022 metu
3271 983 3337 1022 ne
3367 969 3500 1038 quid

1921 1061 2000 1115 illi
2029 1076 2186 1116 nou:
2215 1060 2492 1130 serpentis
2521 1059 2649 1115 dolo
2688 1059 2985 1116 inferretur
3014 1079 3025 1114 :
3059 1061 3189 1130 quin
3221 1061 3403 1130 potius
3443 1060 3500 1114 in

1922 1153 2025 1208 hoc
2048 1153 2226 1223 ipsum
2255 1159 2417 1206 natus
2442 1160 2548 1215 est,
2576 1159 2632 1206 et
2655 1166 2686 1206 e
2711 1149 2894 1208 Patris
2923 1153 3041 1223 ipse
3055 1153 3254 1208 throno
3272 1151 3502 1207 descen-

1921 1243 2022 1307 dit,
2066 1251 2128 1296 ut
2155 1241 2414 1296 draconis
2440 1243 2495 1296 in
2528 1256 2750 1297 carnem
2782 1252 3040 1313 suscepto
3083 1243 3288 1298 insultu
3317 1257 3380 1298 ac
3411 1247 3500 1297 to-

1924 1335 2118 1399 lerato,
2157 1333 2415 1388 draconis
2447 1333 2736 1403 potiretur.
2780 1331 2964 1400 Quare
3003 1343 3056 1390 te
3085 1350 3303 1406 quoque
3343 1331 3500 1388 fateri

1923 1441 2146 1482 necesse
2179 1435 2261 1480 est
2283 1465 2297 1489 ,
2330 1423 2629 1479 Ecclesiam
2660 1439 2784 1480 esse
2817 1439 2940 1494 quae
2978 1427 3218 1496 parturit
3257 1439 3321 1480 ac
3360 1425 3503 1496 parit

1923 1534 2021 1575 eos
2047 1519 2139 1589 qui
2167 1535 2234 1574 ex
2284 1519 2502 1572 lavacro
2549 1517 2965 1588 suscipiuntur,
3025 1520 3106 1572 uti
3163 1521 3327 1575 etiam
3360 1519 3506 1590 apud

1922 1611 2122 1668 Isaiam
2178 1610 2413 1683 Spiritus
2450 1611 2686 1681 quodam
2733 1609 2856 1665 loco
2891 1608 3026 1664 dicit
3054 1611 3142 1666 ":
3176 1610 3506 1682 Priusquam

1921 1703 2214 1771 parturiret
2239 1742 2255 1764 ,
2315 1704 2544 1770 peperit;
2598 1711 2646 1755 et
2683 1712 2963 1772 antequam
3012 1701 3243 1755 uenirent
3294 1701 3504 1758 dolores

1922 1805 2130 1864 partus,
2165 1797 2382 1867 effugit,
2409 1806 2460 1852 et
2506 1796 2706 1865 peperit
2756 1794 3070 1850 masculum.
3123 1795 3256 1861 Quis
3301 1795 3506 1851 audivit

228 1881 884 1953 eladxaE,5rtdi6[r-nae
899 1885 1070 1947 Σιὼν,
1090 1887 1186 1940 καὶ
1202 1887 1406 1940 ἔτεκεν
1419 1886 1671 1955 ἄρσενας
1686 1889 1819 1940 Τίνα

1924 1903 2158 1957 unquam
2201 1887 2344 1943 tale?
2385 1897 2479 1941 aut
2503 1889 2621 1957 quis
2657 1887 2788 1942 vidit
2817 1888 2939 1941 huic
2979 1888 3194 1943 simile?
3247 1886 3504 1958 Nunquid

231 1971 499 2043 ἐξέφυγεν
520 1993 537 2040 ;
558 1971 593 2048 ἦ
612 1977 708 2043 (al.
724 1977 788 2047 ἢ)
815 1978 1032 2042 πάντως
1052 1979 1140 2031 τὸν
1157 1979 1446 2049 δράκοντα,
1472 1979 1557 2032 ἵνα
1577 1980 1815 2050 γεννήσῃ

1923 1979 2176 2045 ρατειιτὲἰι
2201 1986 2346 2032 terra
2378 1980 2432 2031 in
2456 1978 2541 2032 die
2572 1984 2726 2036 una?
2753 1998 2814 2035 ac
2838 1982 2885 2036 si
2910 1991 3112 2052 gentem
3156 1980 3316 2035 simul
3352 1995 3505 2050 pepe-

229 2064 319 2119 τὸν
349 2065 483 2122 λαὸν
511 2069 544 2138 ἡ
587 2069 750 2141 νοητὴ
783 2069 943 2135 Σιὼν,
973 2071 1065 2122 τὸν
1111 2071 1334 2142 ἄρσενα,
1367 2071 1458 2124 τὸν
1488 2071 1598 2125 τῶν
1635 2087 1817 2138 γυναι-

228 2158 397 2215 κείων
428 2160 624 2216 παθῶν
657 2164 751 2216 καὶ
785 2163 883 2233 τῆς
916 2163 1188 2226 ὲκλύσεως
1216 2166 1296 2228 εἰς
1332 2164 1431 2235 τὴν
1463 2164 1690 2236 ἑνότητα
1717 2163 1814 2216 τοῦ

228 2250 440 2324 Κυρίου
458 2257 876 2326 καταντήσαντα
899 2259 989 2309 καὶ
1007 2256 1468 2328 ἀπαρσενωθέντα
1495 2259 1562 2328 τῇ
1588 2255 1811 2326 σπουδῇ.

1921 2072 2086 2134 rerit,
2149 2071 2278 2139 quia
2319 2071 2570 2137 parturiit
2621 2070 2784 2137 Sion,
2824 2084 2874 2129 et
2925 2077 3122 2144 peperit
3163 2074 3502 2130 masculum?

1921 2159 2096 2227 Quem
2136 2159 2369 2233 eﬂ‘ugit?
2407 2176 2518 2216 non
2570 2175 2705 2219 sane
2741 2163 2908 2218 alium
2948 2181 3114 2235 quam
3172 2167 3505 2232 draconem,

1923 2261 1984 2309 ut
2037 2254 2301 2325 populum
2361 2255 2666 2310 masculum
2732 2261 2947 2326 pareret
3007 2258 3272 2327 spiritalis
3332 2259 3504 2327 Sion;

222 2347 320 2416 qui
389 2349 653 2403 nimirum
701 2367 768 2406 ex
812 2353 1173 2407 muliebribus
1229 2352 1380 2408 vitiis
1430 2352 1649 2422 vitaque
1708 2349 1973 2406 solutiore
2011 2349 2082 2404 ad
2124 2348 2340 2405 Domini
2411 2350 2678 2405 unitatem
2739 2350 3317 2422 necessitudinemque
3376 2367 3506 2408 eva-

226 2441 364 2496 serit
383 2480 402 2505 ,
428 2458 498 2498 ac
525 2445 744 2500 virtutis
771 2455 1125 2502 concertante
1151 2447 1336 2502 studio
1360 2447 1594 2502 masculi
1615 2448 1814 2503 robore
1844 2446 2202 2517 promoverit.

690 2559 821 2614 Car.
845 2558 982 2614 Vill.
1017 2558 1226 2616 Fideles
1250 2563 1307 2617 in
1339 2562 1600 2632 baptismo
1628 2578 1822 2628 mares,
1855 2559 2071 2618 Christo
2114 2563 2454 2634 eonﬁgurati.
2491 2562 2697 2629 Sancti,
2723 2565 2824 2634 ipsi
2845 2563 3066 2619 Christi.

297 2675 566 2745 Λέγωμεν
595 2672 690 2730 οὖν
714 2677 873 2733 πάλιν
906 2679 965 2744 ἐξ
990 2680 1166 2752 ἀρχῆς
1194 2682 1682 2747 ὲπαναποδίσασαι,
1722 2681 1818 2753 μέ-

225 2785 430 2839 ῖΡίπερ
459 2766 528 2822 ἂν
562 2769 798 2841 καθεξῆς
842 2773 981 2843 πρὸς
1023 2774 1084 2827 τὸ
1114 2773 1266 2838 τέλος
1299 2774 1564 2846 ἔλθωμεν,
1595 2773 1821 2844 ἐξηγού-

229 2876 390 2929 μεναι
409 2859 478 2913 τὰ
506 2861 626 2932 είρη
636 2861 790 2932 μένα.
825 2863 1028 2916 Σκόπει
1059 2860 1152 2918 οὖν
1181 2865 1275 2918 ὲάν
1305 2881 1419 2928 πως
1444 2866 1539 2918 καὶ
1573 2865 1654 2917 σοὶ
1687 2864 1817 2934 δοκῇ

229 2953 366 3022 πρὸς
407 2953 652 3018 εὐδοξίαν
701 2955 732 3007 ό
785 2955 941 3024 λόγος
986 2956 1341 3029 πληροῦσθαι.
1391 2955 1535 3025 Ἐγὼ
1578 2956 1687 3026 γὰρ
1730 2956 1820 3008 τὸν

227 3046 433 3119 ἄρσενα
474 3047 649 3118 ταύτῃ
683 3049 877 3120 γεννᾷν
910 3048 1160 3121 εἰρῆσθαι
1199 3051 1405 3122 νομίζω
1442 3049 1540 3120 τὴν
1585 3050 1816 3123 Ἐκκλη-

230 3138 386 3191 σίαν·
433 3140 623 3211 ἐπειδὴ
665 3142 793 3204 τοὺς
830 3142 1181 3215 χαρακτῆρας
1228 3143 1321 3196 καὶ
1371 3143 1471 3215 τὴν
1504 3144 1818 3200 ὲκτύπωσιν

231 3231 325 3283 καὶ
363 3230 467 3300 τὴν
510 3231 858 3301 ἀῤῥενωπίαν
910 3233 1006 3286 τοῦ
1038 3233 1272 3303 Χριστοῦ
1307 3235 1817 3306 προσλαμϐάνουσιν

1992 2681 2256 2739 Dicamus
2287 2698 2417 2756 ergo
2456 2683 2569 2740 hzec
2606 2699 2799 2741 rursus
2826 2683 3039 2747 eadem,
3065 2695 3118 2738 et
3142 2682 3212 2738 ab
3233 2682 3386 2737 initio
3417 2696 3506 2736 re-

1923 2783 2226 2840 sumentes,
2257 2776 2517 2830 continua
2543 2776 2686 2832 serie
2711 2776 2780 2830 ad
2805 2777 2965 2832 linem
2998 2789 3172 2846 usque
3191 2775 3509 2830 distinctius

1921 2867 2277 2922 deducamus.
2318 2865 2552 2921 Attende
2601 2866 2797 2936 igitur,
2882 2882 3063 2922 annon
3147 2868 3227 2922 sic
3288 2867 3384 2920 tibi
3441 2864 3509 2919 ad

1923 2966 2128 3014 rectam
2159 2966 2212 3014 et
2245 2956 2579 3028 probabilem
2612 2956 2938 3012 sententiam
2975 2957 3128 3013 locus
3178 2959 3269 3013 hic
3309 2956 3508 3028 exponi

1925 3050 2195 3107 videatur.
2221 3048 2334 3120 Ego
2377 3048 2524 3106 enim
2565 3047 2668 3102 hac
2696 3046 2764 3103 de
2820 3062 2986 3104 causa
3027 3047 3229 3103 dictum
3255 3050 3510 3105 existimo

1923 3143 2070 3217 gigni
2103 3158 2307 3198 marem
2333 3143 2400 3198 ab
2425 3141 2687 3209 Ecclesia,
2723 3141 2867 3210 quod
2903 3157 3096 3214 nempe
3117 3141 3152 3194 ii
3187 3142 3280 3208 qui
3309 3142 3510 3196 illumi-

1925 3243 2148 3296 nantur.
2177 3235 2383 3291 Christi
2441 3234 2768 3288 lineamenta
2800 3231 3136 3303 effigiemque
3177 3248 3240 3286 ac
3296 3231 3508 3288 virilem

232 3320 282 3372 οι
307 3318 693 3391 φωτιξόιιενοι,
722 3324 821 3393 τῆς
850 3323 972 3377 καθ’
1000 3325 1258 3396 ὁμοίωσιν
1289 3327 1506 3400 μορφῆς
1544 3329 1601 3382 ὲν
1636 3329 1819 3394 αὐτοῖς

1923 3343 2050 3383 vere
2077 3329 2321 3382 animum
2356 3334 2750 3397 aspectumque
2781 3333 3090 3389 assumunt,
3118 3323 3273 3379 Verbi
3305 3323 3503 3389 forma,

235 3413 648 3482 ὲκτυπουμὲνης
679 3414 773 3468 τοῦ
802 3416 976 3484 Λόγου
998 3456 1012 3479 ,
1047 3417 1141 3469 καὶ
1173 3419 1231 3470 ὲν
1257 3419 1443 3483 αὐτοῖς
1472 3421 1820 3492 γεννωμένης

235 3503 374 3558 κατὰ
397 3503 497 3575 τὴν
527 3505 727 3576 ἀκριϐῆ
756 3504 956 3572 γνῶσιν
989 3508 1082 3559 καὶ
1105 3508 1287 3561 πίστιν
1309 3524 1324 3540 ο
1346 3507 1490 3562 ὥστε
1517 3512 1575 3563 ἐν
1608 3512 1823 3583 ἑκάστῳ

236 3595 528 3662 γεννᾶσθαι
583 3597 673 3650 τὸν
718 3597 954 3667 Χριστὸν
991 3595 1216 3667 νοητῶς.
1263 3599 1375 3653 Καὶ
1428 3599 1518 3653 διὰ
1574 3601 1730 3655 τοῦτο
1785 3605 1818 3672 ή

246 3686 545 3759 Ἐκκλησία
585 3689 810 3760 σπαργᾷ
841 3689 936 3743 καὶ
966 3689 1165 3752 ὼδίνει,
1204 3690 1478 3762 μέχριπερ
1507 3690 1574 3744 ἂν
1618 3695 1646 3745 ό
1688 3693 1822 3764 Χρι-

236 3779 358 3844 στος
385 3782 444 3833 ὲν
471 3782 606 3850 ἡμῖν
653 3780 916 3851 μορφωθῇ
939 3779 1240 3852 γεννηθεὶς,
1269 3782 1418 3846 ὅπως
1456 3781 1684 3862 ἕκαστος
1717 3783 1822 3837 τῶν

231 3873 426 3941 ἁγίων,
458 3873 541 3945 τῷ
567 3875 817 3946 μετέχειν
847 3875 1107 3948 Χριστοῦ,
1142 3877 1378 3950 Χριστὸς
1404 3878 1660 3952 γεννηθῇ.
1684 3879 1821 3934 Καθ’

229 3961 287 4014 ὃν
319 3961 482 4030 λόγον
538 3965 633 4017 καὶ
678 3964 736 4018 ἓν
787 3982 890 4018 τινι
926 3966 1116 4038 Γραφῇ
1165 3966 1422 4038 φέρεται·
1461 3966 1558 4034 Μὴ
1585 3968 1825 4037 ᾶψησθε

230 4052 351 4106 τῶν
390 4054 654 4123 χριστῶν
673 4074 814 4126 μου,
843 4056 944 4110 καί
973 4059 1044 4112 ἐν
1072 4057 1198 4124 τοῖς
1228 4058 1561 4128 προφήταις
1594 4076 1712 4128 μου
1735 4058 1822 4128 μὴ

229 4148 672 4215 ποντψεύησθε.
718 4149 896 4201 Οίονεὶ
940 4149 1174 4221 χριστῶν
1211 4151 1514 4218 γεγονθτων
1545 4149 1652 4202 τῶν
1684 4149 1823 4202 κατὰ

230 4238 534 4311 μετουσίαν
568 4237 664 4292 τοῦ
710 4238 1032 4309 Πνεύματος
1071 4240 1151 4302 είς
1189 4239 1424 4313 Χριστὸν
1454 4239 1822 4309 βεϐαπτισμέ-

225 4349 374 4388 νυψ
421 4331 838 4404 συμῖηλλούσης
869 4330 1105 4385 ἐνταῦθα
1136 4331 1236 4402 τὴν
1268 4333 1327 4384 ὲν
1375 4330 1454 4402 τῷ
1495 4332 1654 4402 Λόγῳ
1694 4331 1826 4403 τρά-

227 4443 400 4481 νωσιν
443 4426 558 4498 (l9)
604 4425 785 4481 αὐτῶν
833 4426 925 4480 καὶ
978 4424 1399 4496 μεταμόρφωσιν
1449 4423 1551 4495 τῆς
1597 4424 1824 4494 Ἐκκλη-

227 4518 380 4583 dae.
417 4518 640 4572 Βεσαιοτ
678 4517 735 4572 se
766 4517 859 4571 καὶ
899 4513 1072 4570 ταῦτα
1111 4513 1352 4578 Παῦλος,
1386 4513 1634 4586 φανερῶς
1677 4514 1821 4567 διδά-

233 4625 408 4674 σκων,
442 4608 576 4664 ἔνθα
620 4609 782 4682 φησί’
820 4607 1044 4664 Τούτου
1087 4605 1262 4676 χάριν
1308 4605 1554 4676 κάμπτω
1601 4606 1674 4660 τὰ
1721 4606 1820 4676 τό·

1927 3434 2049 3489 (ιιιοε
2098 3418 2400 3475 secundum
2435 3416 2849 3473 similitudinem
2895 3426 3002 3479 est,
3062 3417 3170 3472 illis
3216 3418 3505 3488 impressa,

1923 3519 1980 3567 et
2006 3527 2103 3582 per
2128 3519 2335 3567 certam
2381 3509 2665 3566 scientiam
2703 3508 2972 3579 iidemque
2999 3509 3052 3563 in
3086 3512 3167 3564 eis
3202 3513 3507 3580 progenita,

1925 3605 2001 3658 ita
2036 3612 2096 3658 ut
2134 3604 2188 3658 in
2218 3616 2548 3672 unoquoque
2573 3601 2894 3670 Spiritaliter
2949 3607 3209 3655 nascatur
3232 3601 3508 3660 Christus.

1923 3694 2002 3749 Ac
2030 3705 2315 3764 propterea
2369 3691 2614 3748 Ecclesia
2672 3694 2818 3747 velut
2873 3691 3044 3746 fervet
3099 3700 3387 3764 turgetque
3444 3709 3508 3748 at:

1923 3785 2159 3855 parturit
2187 3785 2255 3851 ⁸³,
2279 3785 2453 3839 donec
2505 3782 2772 3839 formetur
2812 3784 2868 3838 in
2915 3783 3076 3839 nobis
3106 3784 3320 3854 genitus
3349 3783 3511 3839 Chri-

1925 3887 2045 3936 stus
2071 3895 2083 3930 :
2113 3895 2222 3949 quo
2254 3878 2515 3934 nimirum
2544 3878 2777 3948 quisque
2801 3885 3140 3941 sanctorum,
3165 3893 3271 3947 qua
3298 3879 3511 3935 ratione

1924 3971 2128 4028 Christi
2192 3970 2464 4041 particeps
2527 3977 2640 4032 est,
2697 3967 2951 4022 Christus
3008 3978 3288 4026 nascatur.
3345 3966 3508 4021 Juxta

1927 4066 2087 4133 quem
2119 4076 2342 4118 sensum
2368 4061 2421 4114 in
2450 4061 2687 4130 quadam
2716 4056 3000 4128 Scriptura
3030 4057 3235 4112 dicitur
3267 4059 3314 4090 ³⁸
3349 4077 3361 4113 :
3403 4055 3512 4111 Νο-

1927 4156 2021 4210 lite
2042 4165 2252 4225 tangere
2285 4153 2508 4207 christos
2535 4168 2697 4216 meos,
2721 4160 2770 4205 et
2797 4152 2852 4204 in
2881 4150 3141 4219 prophetis
3184 4151 3313 4204 meis
3350 4149 3510 4204 nolite

1927 4245 2232 4315 malignari.
2264 4243 2548 4312 Tanquam
2600 4243 2790 4296 christi
2827 4242 3122 4306 evaserint,
3159 4240 3394 4312 Spiritus
3427 4242 3510 4296 in-

1923 4336 2076 4391 dulto
2100 4333 2450 4396 commercio,
2479 4332 2572 4403 qui
2602 4332 2656 4385 in
2709 4331 2987 4386 Christum
3039 4331 3296 4401 baptizatt
3345 4341 3507 4396 sunt;

1927 4443 2057 4483 suas
2089 4428 2176 4481 hic
2208 4425 2451 4480 Ecclesia
2505 4423 2821 4479 conferente
2866 4431 3048 4493 partes
3102 4423 3168 4477 ad
3201 4438 3390 4477 eorum
3452 4424 3509 4476 in

1925 4515 2105 4572 Verbo
2133 4517 2279 4571 clara
2312 4514 2548 4585 imagine
2572 4513 2801 4584 elligiem
2854 4524 2908 4568 et
2941 4512 3507 4568 transformationetn.

1924 4608 2225 4664 Confirmat
2275 4616 2455 4662 autem
2483 4616 2538 4661 et
2565 4606 2678 4661 haec
2708 4605 2911 4660 Paulus
2932 4649 2945 4671 ,
2975 4607 3154 4676 palam
3201 4604 3403 4659 docens
3439 4607 3506 4650 “1

230 4672 403 4755 ,πεδ’
419 4720 544 4772 μου
566 4672 718 4769 xeo;
744 4701 852 4755 τὸν
884 4700 1032 4756 Θεὸν
1060 4672 1438 4767 signa.“
1469 4699 1540 4763 ἐξ
1565 4695 1635 4755 οὗ
1659 4672 1819 4754 πάσα

1928 4696 2106 4767 Hujus
2129 4699 2204 4752 rei
2233 4697 2410 4768 gratia
2438 4696 2591 4763 [lecto
2620 4710 2789 4766 genua
2812 4711 2928 4748 mea
2961 4672 3028 4747 ad
3075 4694 3240 4748 Deum.
3269 4695 3507 4756 Patrem,

231 4793 454 4860 scrpta
500 4794 572 4848 ἐν
613 4791 849 4860 οὐρανῷ
882 4792 983 4851 καὶ
1027 4791 1126 4846 ἐπὶ
1163 4789 1276 4861 γῆς
1317 4789 1687 4858 ὀνομάζεται,
1723 4791 1824 4845 ἵνα

231 4880 317 4947 Bri
360 4885 530 4954 ὑμῖν,
561 4885 714 4940 κατὰ
770 4884 878 4938 τὸν
929 4885 1194 4941 πλοῦτον
1257 4880 1363 4950 τῆς
1412 4886 1822 4952 χρηστότητος

305 5024 355 5056 ⁸³
400 5021 517 5080 Isa.
547 5041 697 5089 Lm,
725 5021 777 5088 7,
801 5023 855 5078 8.
931 5023 978 5056 ⁸³
1018 5023 1140 5078 Gal.
1174 5039 1247 5086 tv,
1288 5021 1374 5075 l9.

307 5158 429 5237 (ιη
443 5159 1097 5234 Μουτρουμένους.
1115 5162 1368 5227 Allatius,
1385 5161 1590 5215 ἀπολυτ
1599 5179 1648 5233 ρ.
1672 5161 1818 5219 Cou-

234 5250 412 5292 ητις.
571 5259 578 5262 ’

308 5303 426 5376 (19)
465 5302 787 5376 ﬁt,“th
823 5300 993 5376 46m)
1040 5301 1357 5376 τράνωσιν.
1401 5301 1512 5376 Leo
1542 5301 1708 5376 Allat.
1733 5301 1820 5376 vi-

236 5370 418 5434 detnr'
459 5370 662 5446 legisse
710 5370 1012 5446 τελείωσιν,
1055 5370 1180 5446 cum
1205 5373 1576 5446 perfectionem?
1618 5370 1816 5446 reddit,

238 5449 342 5504 etsi
385 5442 758 5518 repraesentat.
780 5454 834 5502 et
864 5445 980 5514 ipse
1009 5444 1299 5518 τρᾴνωσιν,
1328 5459 1447 5518 _n_ec_
1466 5445 1629 5518 variae
1655 5442 1820 5518 ullius

245 5512 489 5574 Eetionis
513 5515 789 5576 meminit,
831 5512 914 5570 uti
955 5512 1056 5569 nec
1088 5512 1288 5583 Lupar.
1328 5513 1585 5583 Methodii
1620 5512 1816 5566 editor.

241 5585 478 5644 Placeret
526 5587 660 5642 illud
708 5585 1017 5646 τελείωσιν,
1050 5584 1095 5638 si
1124 5582 1342 5640 codices
1367 5582 1815 5653 suﬂ‘ragarentur,

243 5667 293 5712 et
343 5660 446 5715 nisi
500 5658 652 5716 brevi
715 5664 851 5729 post
877 5655 1097 5729 eadem
1123 5669 1254 5709 voce
1283 5654 1474 5729 eodem
1508 5653 1618 5729 fere
1652 5668 1819 5729 sensu

248 5739 398 5800 atque
423 5731 508 5788 hic
530 5722 806 5793 nterea-tr,
835 5727 940 5798 τὴν
973 5723 1278 5800 ἑκτύπωσιν
1299 5725 1393 5779 καὶ
1425 5723 1522 5800 τῂν
1542 5722 1817 5800 ὲκτρὰνω-

248 5793 326 5873 τις
358 5801 451 5873 τοῦ
504 5803 686 5873 Λόγου
712 5842 726 5862 ,
777 5793 1178 5873 expressionem
1219 5793 1816 5873 _ethmgnifeslationlem

259 5867 404 5940 Verbi,
431 5875 517 5936 abi
545 5863 797 5934 Allatins
831 5863 1123 5936 imaginem
1143 5865 1340 5935 reddit,
1371 5863 1658 5922 Possiuius
1708 5863 1818 5932 for-

1928 4803 1993 4841 ea:
2018 4803 2120 4857 quo
2163 4788 2332 4841 omnis
2357 4785 2646 4853 paternitas
2675 4785 2727 4838 in
2755 4784 2895 4837 caelis
2920 4793 2968 4839 et
2997 4785 3050 4838 in
3079 4793 3220 4838 terra
3265 4785 3507 4838 nomina-

1932 4889 2015 4932 tur
2039 4895 2056 4932 :
2088 4888 2144 4931 ut
2171 4878 2254 4932 det
2279 4877 2420 4932 vobis
2445 4877 2728 4930 secundum
2751 4877 2966 4931 divitias
2990 4877 3240 4930 bonitatis
3271 4894 3381 4930 sua:
3404 4879 3507 4929 vii--

1485 5021 1532 5052 ⁸⁴
1568 5020 1716 5078 Psal.
1745 5035 1853 5085 CIV,
1884 5020 1970 5074 15.
2049 5018 2094 5048 ⁵⁸
2137 5013 2330 5085 Ephes.
2370 5027 2449 5077 ιιι,
2478 5012 2663 5066 14-17.

1929 5176 2091 5217 mam.
2126 5156 2218 5213 Sic
2261 5171 2392 5228 ergo
2419 5155 2595 5228 _hic._'l]
2633 5155 2692 5228 εν
2721 5153 2879 5225 Λόγῳ
2910 5156 3180 5228 τράνωσις
3223 5157 3314 5228 καὶ
3341 5174 3510 5224 μετα-

1929 5230 2231 5304 μόρφαισςις,
2267 5225 2430 5304 Verbi
2467 5225 3186 5304 imit’atio,__qua_ejusclare
3216 5226 3509 5304 characte-

1919 5293 2016 5357 res
2035 5293 2338 5360 reddimus,
2373 5298 2656 5364 formaque
2687 5293 2833 5350 illius
2865 5295 3180 5350 itnbuimur.
3222 5293 3509 5352 Possinius

1924 5371 2209 5426 transitum
2271 5370 2326 5421 in
2391 5365 2618 5421 Verbum
2669 5367 2879 5429 reddit;
2925 5366 3121 5419 viderit
3180 5365 3295 5433 ipse
3341 5384 3506 5435 quam

1923 5453 2089 5496 recte.
2123 5438 2240 5492 Vox
2271 5437 2463 5508 τρανός
2491 5443 2546 5508 et
2581 5435 2915 5508 τρανωτικός
2942 5450 3008 5508 ac
3030 5436 3240 5506 τρανόω
3265 5437 3330 5508 ιιι
3355 5438 3510 5508 theo-

1924 5512 2083 5580 logia
2123 5505 2384 5580 Gregorio
2410 5505 2664 5580 aliisque
2715 5505 3002 5580 familiaris
3039 5505 3247 5580 {utque
3287 5507 3508 5580 γλῶσσα

1926 5576 2142 5664 τρανός,
2169 5576 2357 5660 lingua
2384 5576 2606 5659 diserta,
2633 5592 2754 5644 qua:
2782 5576 2981 5653 mentis
3013 5591 3170 5664 sensa
3201 5578 3347 5664 clar‘e
3379 5576 3503 5628 red—

1926 5645 2041 5715 dit,
2067 5653 2148 5705 sie
2168 5651 2222 5703 in
2255 5645 2490 5716 imagine
2522 5655 2574 5699 et
2605 5647 2957 5714 expressione
3005 5646 3276 5714 ductaque
3309 5645 3503 5708 forma,

1925 5723 1987 5792 τὸ
2017 5721 2212 5792 τρανόν
2240 5729 2294 5774 et
2326 5715 2612 5792 τράνωσις,
2669 5716 2832 5770 semel
2870 5722 2924 5792 et
2956 5715 3150 5792 iterum
3185 5726 3504 5781 usurpatum

1928 5785 2236 5914 Metiiodio,l
2281 5785 2442 5860 quasi
2484 5789 2632 5844 clara
2662 5786 2943 5856 expressio
2983 5785 3267 5855 lucidaque
3301 5797 3501 5854 περι-ιιι-

1928 5868 2179 5914 sentatto.
2239 5875 2293 5914 υ.

1926 5862 2179 5919 sentatio.
2217 5862 2293 5914 In.
