4090 6318
607 356 706 414 151

1577 362 1637 420 S.
1681 364 2019 424 HETHODH
2062 364 2376 422 EPISCOPI
2417 365 2507 418 ET
2546 365 2911 421 MABTYRIS

3785 377 3880 432 £53

604 487 717 533 tute
768 478 1110 534 corroborari
1158 497 1251 551 per
1281 480 1543 552 Spiritum
1597 485 1766 553 ipsius
1805 486 1860 540 in
1890 488 2169 542 interioren

2296 485 2504 551 αὐτοῦ,
2532 485 2785 557 δυνάμει
2814 485 3249 556 κραταιωθῆναι
3275 487 3375 544 διὰ
3410 491 3518 544 τοῦ
3541 493 3874 560 Πνιεύματος

601 569 898 636 hominem;
947 570 1188 628 habitare
1221 571 1493 629 Christum
1531 592 1625 644 per
1658 577 1816 646 fidem
1847 580 1902 631 in
1945 573 2192 633 cordibus

600 665 812 719 uestris.
840 662 1049 719 Etenim
1088 679 1319 724 necesse
1346 676 1464 732 est,
1515 668 1570 724 in
1598 679 2044 740 regeneratornm
2071 671 2192 726 ani-

602 756 731 822 mis,
765 755 928 810 veluti
958 757 1125 830 sigilli
1162 760 1292 824 ritu,
1315 758 1556 816 Verbum
1591 763 1838 818 veritatis
1878 764 2109 835 exprimi
2137 771 2193 820 et

596 842 820 901 eﬂ‘orma
828 847 892 902 ri.

2298 575 2487 631 αὐτοῦ
2533 581 2622 644 εὶς
2674 579 2782 633 τὸν
2831 578 2956 634 ἔσω
2999 577 3333 647 ἄνθρωπον,
3371 582 3728 651 κατοικῆσαι
3775 586 3876 638 τὸν

2296 668 2558 738 Χριστὸν
2579 669 2680 724 διὰ
2719 669 2830 739 τῆς
2858 671 3129 738 πίστεως
3147 671 3217 725 ἐν
3239 671 3367 740 ταῖς
3397 674 3666 742 καρδίαις
3691 673 3870 744 ὑμῶν.

2303 763 2399 826 Et;
2463 761 2574 834 γὰρ
2640 760 2740 826 τὰς
2805 762 3267 834 ἀναγεννωμὲνων
3337 762 3516 834 ψυχὰς
3585 766 3874 836 ἀναγκαῖον

2302 853 2769 925 ἐξομοργνύμενον
2814 852 3182 908 ἐκτυποῦσθαι
3236 852 3332 909 τὸν
3379 853 3555 924 Λόγον
3590 853 3693 926 τῆς
3743 856 3875 930 diu}-

2300 944 2470 1007 θείας.

959 1053 1090 1108 CAP.
1124 1051 1216 1107 IX.
1251 1053 1429 1110 Filius
1467 1055 1586 1122 Dei,
1610 1058 1701 1127 qui
1727 1059 1836 1126 ipse
1857 1073 2060 1127 semper
2087 1066 2180 1124 sit,
2206 1057 2361 1113 hodie
2392 1059 2628 1130 gignitur
2648 1060 2702 1111 in
2735 1059 2931 1112 animis
2967 1073 3223 1127 sensuque
3258 1058 3519 1128 ﬁdelium.

667 1173 898 1232 Videtur
926 1184 1107 1232 autem
1142 1179 1226 1233 vel
1257 1181 1491 1237 maxime
1515 1197 1821 1254 congruere
1867 1197 1994 1237 cum
2027 1183 2191 1239 dictis

593 1272 756 1342 eique
787 1270 946 1326 aliine
992 1288 1137 1338 esse,
1173 1273 1318 1344 quod
1365 1290 1430 1330 ex
1464 1291 1700 1345 persona
1754 1276 1937 1332 Patris
1964 1276 2190 1332 Christo

591 1366 835 1420 venienti
866 1365 934 1420 ad
962 1364 1255 1422 Iordanem
1289 1376 1350 1421 ut
1404 1383 1545 1438 aqua
1601 1369 1954 1433 lustraretur,
1980 1385 2012 1424 e
2046 1371 2188 1425 caelo

590 1456 876 1510 oraculum
909 1455 1171 1520 defertur,
1205 1456 1382 1513 Filius
1433 1476 1579 1514 meus
1625 1477 1679 1514 es
1736 1469 1791 1513 tu
1823 1476 1842 1514 :
1898 1459 2009 1531 Ego
2037 1460 2190 1514 hodie

587 1545 745 1616 genui
770 1556 821 1598 te
852 1546 918 1598 ⁸⁸.
952 1545 1368 1604 Observandum
1425 1551 1570 1607 enim
1600 1557 1706 1616 est,
1738 1549 1934 1605 Filium
1967 1551 2186 1620 quidem

588 1649 753 1690 suum
780 1649 904 1691 esse
934 1635 1215 1692 indeﬁnite
1240 1637 1650 1708 pronuntiasse,
1678 1643 1735 1692 et
1758 1639 1879 1691 sine
1913 1637 2023 1691 ulla
2057 1647 2190 1692 tem-

587 1727 741 1801 poris
789 1729 1298 1787 determinatione:
1351 1748 1406 1786 es
1464 1731 1632 1794 enim,
1683 1730 1782 1794 ait,
1834 1744 1946 1785 non
2002 1737 2187 1784 autem

2364 1183 2548 1236 Ἔοικε
2577 1181 2633 1235 δὲ
2658 1185 2771 1244 τοῖς
2796 1179 3109 1254 εἰρημένοις
3140 1182 3234 1234 καὶ
3264 1180 3426 1235 τοῦτο
3454 1182 3685 1253 μάλιστα
3712 1201 3880 1256 προσ-

2289 1273 2524 1328 εοικέναι
2558 1273 2651 1326 καὶ
2695 1275 3028 1344 συμφωνεῖν,
3051 1272 3113 1326 τὸ
3146 1274 3640 1346 χρησμῳδούμενον
3672 1275 3878 1330 ἄνωθεν

2289 1365 2350 1430 ἐξ
2378 1364 2544 1420 αὑτοῦ
2574 1365 2669 1418 τοῦ
2717 1365 2932 1436 Πατρὸς
2984 1364 3064 1435 τῷ
3097 1365 3320 1438 Χριστῷ
3352 1365 3448 1419 ἐπὶ
3475 1366 3566 1420 τὸν
3613 1367 3878 1439 ἁγνισμὸν

2287 1458 2476 1526 ἦκοντι
2509 1455 2604 1509 τοῦ
2654 1455 2852 1520 ὓδατος
2882 1455 2995 1526 (20)
3044 1457 3100 1508 ὲν
3141 1456 3219 1528 τῷ
3269 1457 3540 1530 Ἰορδάνῃ·
3586 1461 3720 1526 Υἱός
3753 1478 3880 1530 μου

2286 1544 2346 1600 εἴ
2377 1545 2487 1600 σὺ·
2526 1545 2644 1617 ἐγὼ
2678 1546 2948 1616 σήμερον
2979 1545 3314 1615 γεγέννηκά
3341 1562 3434 1602 σε.
3453 1549 3880 1622 Παρατηρητέον

2285 1639 2415 1709 γὰρ,
2444 1639 2522 1692 ὅτι
2547 1639 2607 1692 τὸ
2641 1639 2740 1708 μὲν
2768 1639 2897 1692 Υἰδν
2925 1637 3091 1692 αὐτοῦ
3114 1633 3253 1692 εἶναι
3276 1641 3543 1711 ἀορίστως
3564 1643 3881 1713 ἀπεφήνατο

2286 1733 2380 1785 καὶ
2413 1731 2688 1803 ἀχρόνως’
2717 1731 2792 1784 Εἴ
2837 1727 2948 1803 γὰῤ
3001 1731 3152 1802 αύτῷ
3198 1731 3324 1802 ἔφη,
3366 1732 3461 1786 καὶ
3508 1734 3569 1786 οὐ
3605 1733 3874 1802 Γέγονας·

585 1819 765 1887 fuisti,
801 1831 898 1878 aut
925 1823 1103 1880 factus
1127 1840 1217 1891 es;
1277 1821 1626 1894 signiﬁcans,
1684 1835 1783 1876 nec
1828 1835 1954 1876 cum
1987 1836 2169 1876 recens

2288 1823 2570 1894 ἐμφαίνων
2637 1823 2773 1895 μήτε
2833 1824 3146 1896 πρόσφατον
3205 1823 3368 1878 αὑτὸν
3425 1827 3706 1896 τετοκέναι
3774 1829 3877 1899 τῆς

583 1922 752 1982 esset,
802 1916 860 1969 in
912 1914 1259 1984 adeptionem
1310 1928 1437 1967 eum
1485 1910 1610 1966 Filii
1669 1913 1890 1967 venisse
1939 1929 1955 1967 :
2010 1924 2187 1982 neque

581 2022 784 2063 rursus
818 2022 944 2061 cum
975 2013 1102 2060 ante
1124 2005 1451 2070 exstitisset,
1484 2005 1836 2077 postmodum
1877 2003 2040 2061 ﬁnem
2088 2019 2184 2060 ac-

582 2101 800 2172 cepisse
832 2118 845 2153 :
879 2099 973 2156 sed
1004 2100 1097 2170 qui
1143 2107 1270 2153 ante
1298 2099 1516 2170 genitus
1548 2102 1638 2163 sit,
1697 2100 1951 2157 eumdem
1978 2106 2035 2156 et
2068 2098 2186 2154 fore

579 2201 637 2249 et
663 2207 805 2248 esse.
835 2191 989 2258 Quod
1012 2207 1140 2246 vero
1167 2192 1339 2256 addit,
1370 2192 1480 2263 Ego
1502 2192 1657 2248 hodie
1676 2195 1830 2263 genui
1853 2202 1920 2256 te,
1941 2193 2046 2248 hoc
2076 2191 2184 2248 sibi

581 2283 739 2341 vult:
771 2281 877 2349 Qui
909 2290 1036 2339 ante
1069 2284 1272 2340 saecula
1332 2283 1554 2353 illisque
1611 2283 1893 2354 antiquior
1935 2282 1989 2336 in
2023 2280 2182 2337 caelis

579 2395 724 2444 eras,
759 2381 908 2436 volui
941 2388 996 2436 et
1045 2367 1255 2433 mundo
1299 2377 1716 2449 gignere:hoc.
1743 2385 1851 2443 est,
1909 2377 2004 2448 qui
2055 2382 2181 2432 ante

579 2471 802 2543 ignotus
841 2486 1002 2536 eras,
1054 2471 1112 2524 in
1152 2471 1453 2534 hominum
1480 2469 1855 2540 cognitionem
1905 2469 2180 2526 adducere

577 2573 744 2636 teque
771 2564 880 2619 illis
907 2562 1286 2642 manifestare.
1328 2560 1576 2634 Denique
1630 2563 1833 2633 quibus
1861 2563 2179 2619 hominibus

577 2658 812 2713 necdum
860 2670 1060 2713 sensus
1109 2653 1295 2711 illatus
1338 2661 1424 2710 est
1477 2653 1836 2709 multiformis
1896 2652 2179 2724 sapientiae

579 2747 697 2811 Dei,
727 2747 798 2804 iis
825 2747 1063 2803 necdum
1087 2746 1345 2803 Christus
1374 2753 1540 2802 natus
1563 2750 1671 2810 est,
1690 2745 1936 2800 nondum
1965 2746 2177 2801 scilicet

574 2844 833 2915 cognitus
860 2851 967 2907 est,
998 2842 1244 2898 nondum
1281 2840 1692 2906 manifestatus,
1723 2839 1971 2895 nondum
2007 2855 2177 2911 appa-

575 2935 710 2990 ruit.
737 2933 794 2989 Si
832 2950 966 2990 vero
996 2933 1271 2990 senserint
1303 2941 1358 2988 et
1411 2934 1516 3004 ipsi
1573 2933 1896 3004 mysterium
1946 2935 2170 3005 gratiae,

573 3036 709 3083 tunc
737 3036 790 3083 et
817 3027 949 3091 illis,
967 3041 1094 3082 cum
1127 3024 1595 3081 fuerintconversi
1616 3024 1889 3095 ﬁdemque
1919 3039 2174 3096 suscepe-

571 3122 708 3184 rint,
754 3134 863 3190 qua
895 3118 1126 3174 scientia
1151 3132 1216 3172 ac
1259 3117 1618 3188 intelligentia
1646 3115 1946 3180 donantur,
1979 3116 2168 3170 nasci-

573 3221 685 3266 tur.
716 3184 898 3278 Quare
927 3209 1056 3264 hinc
1086 3184 1476 3265 convenienter
1505 3207 1775 3272 Ecclesia,
1820 3206 1880 3260 in
1913 3205 2025 3260 illis
2071 3205 2166 3275 qui
2197 3184 2240 3240 (ί

572 3304 880 3360 lustrantur
908 3301 1020 3375 (qui
1047 3303 1247 3358 scilicet
1284 3302 1546 3371 baptismo
1599 3299 1896 3370 tinguntur)
1920 3297 2165 3354 Verbum

569 3396 875 3452 masculum
907 3411 1124 3467 semper
1167 3396 1411 3451 formare
1439 3408 1504 3448 ac
1533 3394 1758 3465 gignere
1810 3392 2034 3447 dicitur.
2097 3389 2166 3445 Et

567 3489 790 3560 quidem
824 3490 1092 3544 hactenus
1125 3488 1192 3544 de
1249 3487 1396 3543 illius
1435 3496 1597 3560 partu
1637 3504 1738 3559 pro
1775 3487 2040 3543 facultate
2081 3483 2166 3539 di-

567 3591 718 3639 ctum
745 3583 839 3637 sit.
889 3580 1156 3651 Deinceps
1205 3581 1271 3637 de
1304 3583 1563 3649 dracone,
1597 3581 1774 3654 deque
1807 3583 1932 3638 aliis
1981 3581 2038 3638 in
2071 3581 2164 3636 illa

569 3671 856 3743 Scriptura
908 3675 1248 3739 memoratis,
1299 3673 1432 3730 ﬁdes
1485 3674 1771 3730 liberanda
1834 3682 1940 3730 est.
1982 3673 2164 3742 Quare

566 3765 770 3822 iterum
819 3781 1084 3821 conemur
1138 3781 1246 3833 ea,
1305 3783 1338 3822 ο
1392 3768 1673 3838 virgines,
1743 3769 1940 3839 quovis
1998 3767 2161 3823 modo

565 3869 861 3925 exponere,
895 3854 1033 3908 nihil
1066 3854 1417 3922 aenigmatum
1447 3857 1826 3927 magnitudine
1848 3865 1942 3911 aut
1962 3857 2162 3912 obscu-

2289 1915 2583 1982 υἱοθεσίας,
2613 1916 2752 1988 μήτε
2779 1910 2845 1970 αὖ
2879 1915 3325 1989 προῦπάρξαντα,
3359 1917 3497 1988 μετὰ
3527 1917 3699 1972 ταῦτα
3723 1920 3880 1983 τέλος

2285 2007 2611 2078 ἐσχηκέναι·
2670 2007 2809 2061 ἀλλὰ
2860 2007 3333 2080 προγεννηθέντα,
3386 2007 3482 2062 καὶ
3515 2007 3734 2062 ἔσεσθαι
3780 2011 3880 2062 καὶ

2284 2096 2424 2154 εἶναι
2455 2100 2547 2154 τὸν
2581 2100 2764 2154 αὐτόν.
2799 2101 2872 2154 Τὸ
2918 2101 2996 2165 δὲ,
3039 2101 3187 2170 Ἐγὼ
3227 2100 3500 2170 σήμερον
3544 2101 3881 2173 γεγέννηκά

2281 2207 2377 2256 σε,
2409 2192 2491 2244 ὅτι
2527 2191 2771 2263 Προόντα
2804 2191 2904 2262 ἤδη
2936 2191 3040 2263 πρὸ
3070 2190 3181 2244 τῶν
3212 2191 3427 2246 αἰώνων
3465 2195 3523 2247 ἐν
3557 2194 3670 2257 τοῖς
3705 2195 3879 2265 ούρα-

2281 2285 2413 2349 νοῖς,
2450 2282 2748 2354 ἐῆουλήθην
2781 2283 2876 2336 καλ⁵
2915 2281 2992 2353 τῷ
3028 2284 3218 2356 κόσμῳ
3254 2285 3538 2356 γεννῆσαιο
3567 2285 3597 2337 ὃ
3627 2285 3690 2357 δή
3729 2288 3874 2351 ἐστι,

2281 2374 2518 2448 πρόσθεν
2539 2375 2904 2446 ἀγνοούμενον
2929 2375 3215 2448 γνωρίσαι.
3255 2376 3474 2447 Ἀμέλει
3497 2379 3608 2440 τοῖς
3644 2377 3875 2447 μηδέπω

2279 2469 2389 2523 τῶν
2423 2468 2727 2540 ἀνθρώπων
2762 2468 3194 2541 συνῃσθημένοις
3221 2469 3321 2542 τὴν
3355 2468 3739 2523 πολυποίκιλον
3779 2486 3876 2522 σο-

2280 2561 2408 2630 φίαν
2451 2561 2547 2615 τοῦ
2576 2561 2715 2615 Θεοῦ
2741 2564 2770 2615 6
2807 2561 3040 2631 Χριστὸς
3081 2562 3296 2617 οὐδέπω
3326 2563 3683 2634 γεγέννηται·
3731 2563 3874 2636 ὅπερ

2278 2653 2461 2716 ἐστὶν,
2491 2652 2705 2705 οὐδέπω
2743 2651 3026 2722 ἐγνώσθη,
3060 2651 3271 2706 οὐδέπω
3308 2653 3731 2724 πεφανέρωται,
3772 2653 3870 2706 ού-

2277 2743 2426 2798 δὲπω
2459 2744 2653 2814 ἐφάνη.
2684 2744 2747 2796 El
2779 2743 2837 2796 δὲ
2874 2742 3147 2797 αἴσθοιντο
3187 2744 3284 2797 καὶ
3324 2738 3471 2798 οὗτοι
3515 2745 3615 2815 τῆς
3645 2744 3874 2816 χάριτος

2275 2836 2336 2890 τὸ
2373 2837 2709 2909 μυστήριον,
2743 2834 2864 2888 τότε
2915 2833 2982 2905 δὴ
3021 2833 3116 2887 καὶ
3163 2834 3376 2897 αὐτοῖς,
3404 2833 3566 2887 ὁπότε
3609 2835 3877 2905 ἐπέστρε-

2272 2927 2382 2998 ψαν
2415 2930 2508 2982 καὶ
2543 2928 2890 2991 ἐπίστευσαν,
2926 2924 3068 2979 κατὰ
3100 2923 3200 2996 τὴν
3233 2924 3437 2994 γνῶσιν
3469 2926 3565 2978 καὶ
3597 2925 3694 2997 τὴν
3741 2925 3878 2978 σύν-

2273 3037 2389 3074 εσιν
2412 3023 2686 3090 γεννᾶται.
2712 3018 2806 3073 Διὸ
2846 3016 3234 3091 προσηκόντως
3268 3015 3518 3070 ἐντεῦθεν
3553 3018 3585 3088 ή
3630 3017 3871 3088 Ἐκκλη-

2275 3115 2368 3168 σία
2390 3115 2481 3167 τὸν
2503 3113 2709 3185 ἄρσενα
2735 3111 2908 3182 Λόγον
2943 3113 3001 3165 ὲν
3045 3112 3158 3172 τοῖς
3194 3107 3574 3181 ἁγνιζομένοις
3598 3111 3686 3164 ἀεὶ
3727 3129 3874 3183 μορε

2273 3206 2408 3276 φοῦν
2448 3206 2666 3273 λέγεται
2713 3206 2808 3259 καὶ
2852 3204 3071 3274 γεννᾷν.
3104 3203 3214 3256 Καὶ
3252 3203 3323 3256 τὰ
3354 3206 3453 3275 μὲν
3493 3203 3558 3275 δὴ
3592 3204 3720 3277 περὶ⁵
3752 3205 3875 3260 τῶν

2273 3299 2477 3353 ὠδίνων
2521 3299 2690 3369 αὐτῆς
2737 3299 2816 3362 είς
2843 3297 3072 3370 δύναμιν
3104 3297 3351 3370 εἴρηται·
3394 3298 3464 3352 τὰ
3504 3299 3560 3354 δὲ
3593 3300 3719 3372 περὶ
3765 3300 3870 3354 τοῦ

2273 3390 2566 3461 δράκοντος
2599 3387 2693 3441 καὶ
2724 3387 2833 3440 τῶν
2857 3388 3032 3442 ἄλλων
3063 3389 3188 3460 τῇδε
3227 3387 3611 3460 μεταϐλητέον.
3649 3390 3874 3446 Οὐκοῦν

2275 3479 2597 3554 πειρώμεθα
2625 3480 2785 3535 πάλιν
2815 3479 2991 3545 ἄλλως
3024 3480 3088 3550 γέ
3117 3499 3233 3546 πως
3256 3482 3472 3554 δηλοῦν,
3494 3479 3538 3538 ὦ
3578 3484 3871 3558 παρθένοι,

2274 3575 2442 3647 μηδὲν
2482 3573 2868 3629 ἁποδειλιῶσαι
2901 3575 3037 3645 πρὸς
3073 3575 3134 3629 τὸ
3185 3576 3416 3647 μέγεθος
3455 3579 3562 3631 τῶν
3604 3581 3871 3649 αἰνιγμά-

2269 3687 2379 3722 των
2411 3667 2514 3740 τῆς
2561 3667 2820 3740 Γραφῆς·
2857 3670 2906 3722 ει
2937 3668 2996 3722 δέ
3049 3685 3103 3722 τι
3143 3668 3402 3723 δύσκολον
3444 3671 3706 3742 ἐμπίπτει
3745 3675 3871 3735 τοῖς

2268 3763 2448 3832 λόγοις
2473 3804 2488 3828 ,
2531 3761 2659 3844 ,ἐγὼ
2713 3761 2876 3817 πάλιν
2923 3762 3068 3833 ὑμᾶς
3131 3761 3322 3834 ὥσπερ
3382 3766 3627 3834 ποταμὸν
3684 3763 3869 3817 διαϐι-

2272 3856 2445 3909 ὅάσω.

567 3949 730 4002 ritate
783 3947 1080 4003 deterritas.
1133 3947 1292 4014 Quod
1347 3948 1395 4004 si
1439 3950 1573 4020 quid
1627 3951 1948 4021 perplexum
1995 3958 2091 4005 aut
2139 3948 2364 4003 difﬁcile
2424 3947 2724 4012 inciderit,
2778 3960 2880 4019 ego
2924 3962 3147 4004 rursum
3201 3949 3357 4005 vobis
3412 3951 3571 4020 quasi
3629 3956 3864 4020 pontem

565 4051 834 4107 sternam,
891 4051 985 4098 aut
1032 4045 1315 4114 portitoris
1362 4047 1522 4116 quasi
1577 4046 1755 4101 ollieio
1789 4056 1944 4102 trans
1975 4043 2444 4122 amnemgveham.

566 4161 700 4216 CAP.
740 4159 806 4216 X.
840 4160 1042 4226 Draco,
1069 4161 1336 4219 diabolus.
1367 4161 1571 4229 Stellw,
1604 4161 1857 4219 draconis
1887 4162 2062 4217 cauda
2084 4163 2213 4245 calo
2254 4177 2514 4219 βαι-αωοβ,
2546 4158 2803 4217 haeretici.
2839 4158 3122 4217 Trinitatis
3151 4163 3379 4227 numeri,
3406 4161 3462 4218 id
3498 4173 3573 4218 est
3609 4177 3860 4232 personet

1749 4243 2080 4290 numeratte:
2112 4243 2256 4288 circa
2285 4249 2398 4297 cas,
2429 4248 2651 4286 errores.

638 4348 816 4405 Draco
851 4351 963 4419 ille,
999 4367 1255 4424 magnus,
1286 4353 1466 4420 rufus,
1499 4365 1778 4419 versutus,
1827 4353 2152 4418 multiﬁdus,

565 4445 859 4516 septiccps,
888 4446 1166 4517 corniger,
1198 4446 1416 4501 tertiam
1449 4447 1677 4504 trahens
1712 4447 1997 4503 stellarum
2030 4463 2160 4520 par-

564 4548 701 4603 tem,
731 4538 787 4591 in
810 4537 1031 4594 insidiis
1056 4538 1282 4593 latitans
1320 4546 1381 4593 ut
1411 4539 1658 4596 mulieris
1687 4539 2045 4610 parturientis
2088 4540 2153 4596 ﬁ-

634 4691 683 4723 “
717 4688 874 4747 Psal.
902 4707 963 4758 ιι,
993 4692 1082 4750 l7.

2342 4353 2403 4432 '0
2433 4351 2671 4424 δράκων,
2715 4353 2744 4406 6
2784 4353 2993 4425 μέγας,
3025 4354 3055 4406 6
3094 4355 3329 4427 πυρῤὸς,
3364 4355 3394 4407 6
3427 4352 3786 4424 πολύτροπος,
3823 4352 3859 4404 6

2258 4444 2612 4532 πολυσχιδὴς,
2651 4445 2681 4496 6
2714 4445 3112 4517 ἑπτακέφαλος,
3140 4449 3169 4501 6
3211 4446 3571 4517 κερασφόρος,
3606 4445 3633 4496 6
3663 4442 3856 4513 σύρων

2257 4541 2323 4595 τὸ
2352 4541 2533 4611 τρίτον
2560 4537 2668 4594 τῶν
2708 4539 2979 4612 ἀστέρων,
3016 4537 3078 4604 ὃς
3105 4541 3252 4592 ἐστιν
3285 4536 3609 4608 ἐφεδρεύων,
3656 4535 3742 4589 ἴνα
3783 4533 3858 4590 τὸ

637 4845 892 4934 (ᾼ20)Ἐπὶ
914 4847 1022 4934 τὸν
1039 4847 1341 4934 ἀχνιςνμεξν
1355 4847 1457 4934 τοῦ
1480 4848 1903 4934 ὖὸατοςεΝοιιιη
1929 4851 2150 4934 σφάλμα
2185 4855 2224 4907 D
2255 4859 2404 4934 runt.
2465 4849 2650 4934 ἔρειο.-
2686 4870 2770 4934 ιιι,
2821 4853 3013 4934 avni)
3059 4868 3144 4915 τις
3180 4852 3415 4934 γεννηθῇ
3463 4849 3702 4934 ᾇνωθεμ
3745 4853 3848 4934 alii

564 4917 673 4991 hoc
708 4917 1042 4991 μνημονικόν
1070 4917 1344 4973 Methodlo
1382 4918 1536 4991 dare,
1570 4921 1730 4990 quasi
1759 4920 1923 4991 verba
1948 4917 2085 4991 p'sall
2113 4938 2149 4974 ιι

565 4986 684 5056 ipsa
711 4986 1037 5058 evangelica
1093 4989 1527 5058 putaverit:sed
1578 4986 1761 5044 fnalim
1814 4990 1916 5046 sibi
1948 4986 2154 5046 'indul-

565 5060 731 5122 sisse,
756 5065 817 5112 ut
873 5060 1196 5128 prophetica
1232 5059 1422 5124 verba,
1453 5059 1522 5116 de
1544 5059 1767 5116 Christo
1795 5063 1878 5116 sic
1899 5062 2060 5129 quasi
2083 5078 2147 5114 ex

566 5142 709 5202 aqua
740 5137 1022 5202 nascente,
1057 5140 1377 5201 exponeret,
1407 5129 1683 5202 quomodo
1712 5131 1875 5184 etiam
1905 5133 2152 5188 Ecclesia

567 5198 622 5250 in
652 5198 772 5266 ejus
827 5201 993 5252 natali
1040 5215 1102 5254 ea
1128 5198 1382 5270 usurpat,
1425 5198 1574 5256 velut
1620 5201 1688 5256 de
1725 5216 1794 5256 eo
1831 5203 1976 5258 dicta
2016 5205 2148 5266 sint,

564 5278 934 5342 reternamque
958 5271 1076 5339 ejus
1093 5272 1431 5326 nativitatem
1452 5281 1507 5342 et
1523 5273 1902 5342 temporalem,
1925 5284 2152 5342 paterno

563 5340 720 5415 quasi
738 5342 1210 5415 orac_t_ll0_son_cnt.
1249 5343 1344 5406 Τὸ,
1376 5341 1580 5415 ἄνωθεν
1627 5340 2141 5415 χρησμῳδούμενον,

565 5411 708 5485 quod
743 5409 919 5485 reddit
942 5410 1261 5485 _Possinius,
1299 5413 1575 5466 oraculum
1609 5409 1906 5485 antiquum,
1947 5409 2141 5485 parum

564 5477 703 5551 mihi
756 5482 1195 5536 ecclesiasticum
1251 5485 1466 5538 videtur
1525 5494 1579 5536 et
1615 5477 1965 5551 apﬁositum:
2004 5485 2141 5538 Nam

565 5550 707 5618 quod
739 5551 941 5605 ἄνωθεν
970 5552 1107 5605 dixit
1134 5552 1459 5614 Methodius.
1483 5554 1536 5607 id
1560 5550 1749 5612 Matth.
1775 5564 1931 5620 m.et
1944 5555 2074 5611 Mar.
2101 5570 2140 5616 ι,

644 5620 906 5695 οὐρανῶν,
947 5621 1092 5695 an.
1151 5637 1236 5686 Ill,
1268 5625 1327 5691 ὲξ
1364 5623 1618 5695 ούρανοῦ,
1644 5641 1672 5677 e
1700 5625 1963 5690 caelis,de
1989 5626 2140 5690 caelo,

565 5691 840 5754 dixerunt,
869 5692 1102 5765 indeque
1145 5691 1445 5765 delapsam'
1485 5695 1706 5750 Christo
1733 5703 2015 5765 paternam
2045 5713 2144 5751 vo-

564 5775 682 5839 cem
705 5769 810 5839 ;‘ut
839 5763 919 5839 sit
953 5763 1285 5839 adverbium
1309 5765 1433 5839 loci.
1476 5779 1585 5818 non
1608 5763 1892 5839 temporis,
1925 5781 1991 5822 ac
2021 5765 2148 5822 ἀντὶ

563 5831 680 5896 τοῦ,
696 5831 1009 5903 οὐρανόθεν,
1035 5842 1096 5888 ιιι
1137 5835 1226 5891 hic
1268 5836 1524 5903 sumitur,
1547 5836 1692 5906 quod
1722 5831 1775 5893 et
1796 5837 1888 5893 alii
1918 5845 2142 5896 notave-

2253 4922 2444 4983 denuo,
2466 4922 2580 4987 alii,
2625 4923 2763 4979 forte
2809 4921 3028 4985 melius,
3064 4940 3093 4978 ε
3145 4921 3413 4992 supernis,
3454 4924 3568 4977 sive
3610 4921 3674 4976 de
3705 4925 3850 4981 ario

2252 4992 2512 5062 (superna
2542 4993 2753 5051 scilicet
2784 5001 2840 5048 et
2867 5008 2932 5048 ex
2956 4992 3143 5048 divino
3165 4994 3374 5049 semine
3403 4993 3703 5064 nativitatc)
3737 5009 3849 5050 ex-

2254 5071 2555 5135 posuerunt
2593 5066 2724 5119 :ubi
2780 5073 2961 5118 tamen
3023 5066 3164 5118 ratio
3212 5065 3392 5134 aliqua
3428 5063 3625 5135 estvsic
3659 5063 3844 5135 expo-

2251 5133 2438 5204 nendi,
2473 5133 2526 5187 id
2580 5145 2666 5190 est
2713 5135 2904 5194 denuo.
2956 5136 3101 5204 quod
3151 5137 3225 5190 ita
3284 5132 3473 5188 crasse
3503 5132 3848 5195 Nicodernus

2254 5203 2534 5258 Dominica
2586 5209 2752 5261 verba
2815 5203 3162 5268 intellexerit,
3210 5219 3276 5259 ac
3315 5205 3474 5272 quasi
3517 5220 3712 5261 novam
3766 5223 3846 5264 ex

2253 5283 2410 5346 utero
2441 5276 2590 5331 senis
2643 5274 2885 5346 hominis
2925 5276 3280 5346 nativitatem
3318 5276 3544 5337 diceret,
3577 5291 3685 5332 non
3710 5291 3846 5346 quae

2251 5360 2316 5399 ex
2351 5344 2461 5400 Deo
2501 5354 2646 5402 esset
2696 5361 2760 5400 ac
2807 5345 3103 5415 spiritalis;
3139 5345 3284 5416 quod
3317 5347 3397 5399 sic
3436 5346 3694 5402 adverbio
3722 5344 3844 5405 loci

2251 5431 2352 5485 pro
2369 5422 2558 5470 nostra
2593 5415 3360 5488 ruditatetpraeeuntefdivino
3394 5420 3636 5488 oraculo,
3664 5421 3846 5488 expli-

2250 5483 2377 5541 care
2405 5487 2672 5557 cogimur.
2702 5485 2812 5541 Nec
2840 5483 3082 5543 lcannes
3103 5485 3250 5542 aliud
3275 5489 3505 5557 voluerit
3534 5483 3840 5545 Dominum

2249 5558 2455 5614 dixisse
2486 5556 2607 5612 eam
2651 5557 2994 5629 nativitatem
3021 5573 3184 5629 quam
3212 5556 3357 5628 quod
3389 5559 3508 5628 ipse
3536 5575 3653 5614 eam
3687 5561 3843 5616 dixit

2249 5644 2370 5699 cap.
2396 5645 2433 5694 ι,
2469 5629 2532 5681 ὲκ
2555 5629 2647 5682 τοῦ
2671 5627 2830 5690 Θεοῦ,
2854 5643 2919 5700 ea:
2947 5627 3096 5692 Deo;
3129 5627 3251 5698 quas?
3282 5627 3670 5700 ipsa’secunda
3704 5645 3841 5700 qui-

2249 5700 2373 5754 dem
2402 5706 2488 5770 est
2505 5707 2559 5754 et
2586 5714 2756 5764 nova;
2786 5699 2883 5770 sed
2914 5714 2979 5753 ea
3015 5714 3171 5770 voce,
3206 5715 3315 5753 non
3346 5699 3400 5753 id
3428 5701 3603 5770 primo
3632 5701 3822 5770 impor

2254 5777 2371 5824 tare
2395 5768 2631 5832 videtur,
2655 5767 2802 5839 quod
2827 5769 3066 5824 secunda
3089 5777 3143 5824 et
3165 5784 3304 5824 nova
3328 5767 3437 5834 est,
3457 5769 3552 5823 sed
3572 5767 3723 5839 quod
3746 5783 3812 5827 ta

2253 5839 2320 5897 lis
2343 5839 2572 5912 originis
2598 5837 2689 5914 (ex
2707 5837 2821 5899 Deo
2842 5839 3053 5899 scilicet
3078 5846 3133 5898 et
3152 5854 3183 5898 e
3204 5840 3382 5911 ctelis)
3403 5845 3506 5898 est.
3530 5837 3818 5901 conserte
