4090 6318
1512 193 1532 224 ἰ

183 341 276 399 133
1249 349 1637 408 convrku
1679 345 1909 405 usus!
1948 345 2313 404 “nomen.

3359 348 3461 404 {3|

174 461 357 513 τέκνον
386 461 473 530 τῆς
501 461 814 533 essm-3:1,;
843 466 1106 532 γυναικὸς
1132 467 1445 541 καταφάγῃ,
1477 469 1506 522 ὁ
1529 466 1756 528 διάϐολος

1876 464 2007 519 lium
2037 465 2282 528 devoret,
2312 462 2566 518 diabolus
2609 461 2699 516 hic
2753 469 2858 526 est,
2909 460 2964 516 in
3016 462 3120 518 hoc
3155 462 3371 518 locatus
3405 479 3468 520 ac

171 549 325 618 οὗτός
367 558 502 608 ἐστιν
540 558 568 607 ὁ
613 556 949 629 ἐνεδρεύων,
985 561 1014 611 ὸ
1048 558 1220 630 λοχῶν
1261 559 1605 630 λυμήνασθαι
1654 557 1763 610 τῶν

171 646 541 716 φωτισθέντων
580 645 676 698 τδν
712 649 1118 719 χριστόληπτον
1149 649 1294 713 νοῦν,
1332 651 1427 704 καὶ
1462 651 1563 721 τὴν
1597 648 1762 702 ἐκτύ-

167 752 346 792 πωσιν
371 739 462 791 καὶ
500 739 772 810 τρὰνωσιν
808 741 909 812 τὴν
938 744 997 794 ὲν
1037 743 1219 804 αὐτοῖς
1247 741 1639 812 ἀπατηθεῖσαν
1666 739 1761 794 τοῦ

163 830 347 898 Λόγου
368 846 380 860 ·
413 829 526 884 ἀλλ’
554 833 776 903 ἀστοχεῖ
804 834 902 886 καὶ
946 832 1243 903 σφάλλεται
1287 835 1385 905 τῆς
1415 833 1613 904 ἄγρας,
1649 833 1763 887 ἄνω

163 921 302 993 πρὸς
359 921 492 992 ὕψος
532 922 937 994 ἁρπαζομένων
967 924 1075 979 τῶν
1115 925 1575 996 ἀναγεννωμένων
1626 925 1762 998 πρὸς

161 1015 252 1067 τὸν
290 1015 487 1088 θρόνον
535 1015 630 1069 τοῦ
671 1016 832 1070 Θεοῦ.
885 1017 958 1085 ⁸0,
995 1015 1057 1088 δή
1091 1019 1271 1082 ἐστιν,
1323 1016 1436 1070 ἀνω
1483 1018 1612 1090 περὶ
1662 1017 1763 1088 τὴν

161 1104 317 1158 θείαν
367 1106 561 1176 ἰδραν,
601 1108 696 1161 καὶ
729 1109 832 1180 τὴν
876 1109 1300 1163 ἀσκανδάλιστον
1346 1109 1612 1164 ὑπόϐασιν
1663 1110 1762 1181 τῆς

160 1197 452 1269 ἀληθείας,
477 1201 694 1272 αἴρεται
723 1201 786 1255 τδ
811 1202 1068 1274 φρόνημα
1098 1204 1204 1256 τῶν
1243 1203 1759 1269 ἀνακαινισθέντων,

160 1287 228 1341 τὰ
252 1289 376 1341 ἐκεῖ
411 1289 632 1358 βλέπειν
667 1294 763 1346 καὶ
801 1292 869 1345 τὰ
900 1293 1016 1346 ἐκεῖ
1064 1293 1432 1362 φαντάζεσθαι
1480 1296 1759 1364 παιδαγω-

161 1382 475 1453 γουμένων,
508 1384 597 1438 ἵνα
628 1384 705 1455 μὴ
725 1386 980 1458 ἀπατηθῇ
1005 1387 1142 1457 πρὸς
1175 1387 1269 1440 τοῦ
1310 1387 1604 1458 δράκοντος
1646 1388 1760 1461 βρί-

161 1475 350 1541 θοντος
381 1478 555 1534 κάτω.
593 1480 668 1532 οὐ
697 1479 806 1552 γὰρ
839 1479 987 1550 αὐτῷ
1014 1481 1173 1552 θέμις
1204 1483 1332 1546 τοὺς
1361 1482 1472 1536 ἀνω
1505 1483 1761 1547 νεύοντας

162 1573 254 1621 καὶ
287 1570 598 1638 βλέποντας
622 1573 902 1643 ἀφανίσαι.
930 1578 994 1629 0i
1027 1575 1083 1628 δὲ
1109 1575 1336 1648 ἀστέρες
1367 1575 1527 1639 εἰσὶν,
1559 1575 1654 1639 οὓς
1685 1578 1762 1648 τῷ

162 1663 256 1734 τῆς
289 1663 467 1734 οὐρᾶς
491 1664 646 1735 ἄκρῳ
680 1666 820 1720 κατά
862 1667 1104 1739 κορυφῆς
1136 1669 1512 1739 ἐφαπτόμενος
1557 1670 1636 1733 εἰς
1664 1670 1762 1740 τὴν

159 1758 262 1827 γῆν
297 1760 585 1829 κατασπᾷ,
619 1759 730 1813 τῶν
755 1760 1022 1830 αἱρέσεων
1042 1762 1098 1813 αἱ
1140 1763 1462 1832 συστροφαί.
1501 1761 1763 1832 Ἀστέρας

1873 557 2140 621 insidens,
2171 566 2231 611 ut
2257 571 2448 611 eorum
2473 555 2566 626 qui
2606 555 2897 609 illuminati
2950 564 3082 610 sunt
3112 555 3336 612 Christo
3381 557 3468 610 af-

1871 651 2054 704 ﬁatam
2081 651 2330 706 destruat
2359 659 2631 716 mentem,
2682 648 2955 717 Verbique
3005 649 3061 702 in
3111 648 3194 702 eis
3244 658 3468 703 enatam

1871 741 2103 797 formam
2164 756 2228 795 ac
2279 740 2507 811 emgiem
2563 741 2884 810 lucidosque
2933 740 3054 809 ejus
3114 738 3468 796 characteres

1871 833 2106 888 abolent.
2136 831 2336 888 Verum
2369 832 2578 890 frustra
2629 845 2734 900 est,
2778 832 3078 904 prardaaque
3128 833 3204 887 illi
3233 842 3468 890 conatui

1872 927 1925 980 in
1971 941 2190 980 cassum
2232 925 2454 988 cedunt,
2521 927 2666 995 quod
2711 926 2760 980 hi
2810 926 2904 995 qui
2964 935 3374 995 regenerantur,
3406 925 3465 982 in

1871 1017 2102 1072 sublime
2130 1017 2418 1086 rapiuntur
2440 1015 2508 1070 ad
2547 1014 2640 1071 Dei
2678 1015 2956 1072 thronum.
2993 1015 3108 1071 Hoc
3135 1024 3239 1084 est,
3273 1031 3466 1071 eorum

1870 1125 2025 1164 mens
2055 1119 2109 1163 et
2138 1110 2399 1179 cogitatio
2448 1109 2541 1179 qui
2598 1110 2843 1164 renovati
2909 1118 3078 1175 sunt,
3109 1111 3466 1181 cmlestiaque

1871 1203 2054 1257 animo
2079 1202 2376 1256 informare
2401 1202 2658 1263 instituti,
2693 1202 2801 1257 alte
2833 1203 3043 1258 circum
3104 1203 3343 1257 divinam
3377 1203 3467 1259 Be-

1869 1293 1993 1350 dem
2028 1309 2093 1348 ac
2125 1293 2448 1348 inoll'eusam
2479 1295 2727 1348 veritatis
2776 1295 2985 1359 basim,
3049 1297 3340 1358 attollitur,
3396 1311 3465 1351 ne

1870 1387 2129 1442 draconis
2156 1387 2209 1439 in
2247 1397 2448 1439 terram
2485 1387 2760 1456 gravantis
2805 1401 2869 1440 ac
2931 1388 3230 1445 detinentis
3275 1386 3467 1447 fraude

1870 1479 2106 1550 doloque
2133 1479 2496 1550 decipiantur.
2526 1479 2641 1532 Non
2671 1479 2816 1532 enim
2871 1477 2954 1532 fas
2985 1480 3060 1531 illi
3099 1488 3184 1534 est
3236 1489 3294 1534 ut
3340 1480 3468 1537 illo:

1870 1574 2085 1645 perdat,
2111 1574 2202 1644 qui
2241 1574 2466 1628 intentis
2499 1585 2718 1626 sursum
2751 1570 2948 1623 animis
2971 1569 3038 1622 ad
3068 1571 3316 1624 caelestia
3345 1570 3466 1625 eni-

1871 1676 2083 1723 tuntur.
2113 1665 2294 1722 Stellae
2331 1683 2482 1730 vero,
2506 1682 2644 1736 quas
2675 1677 2887 1718 summa
2935 1663 3110 1733 cauda
3136 1663 3303 1718 draco
3329 1679 3465 1719 con-

1871 1758 2108 1828 tingeus,
2165 1763 2220 1812 in
2269 1767 2472 1812 terram
2524 1757 2830 1828 praecipites
2873 1754 3133 1816 detrahit,
3191 1754 3464 1810 lzaeresum

158 1848 266 1922 γὰρ
304 1853 644 1914 σκοτεινοὺς,
681 1853 959 1923 ἀμυδροὺς
1008 1853 1100 1905 καὶ
1128 1855 1629 1924 ταπεινοστρεφείς,
1665 1851 1756 1915 τὰς

1867 1865 2137 1920 perversa:
2201 1860 2363 1904 secta:
2419 1857 2568 1904 sunt.
2631 1848 2830 1903 Stellas
2882 1857 3062 1900 autem
3116 1847 3461 1912 tenebrosae,

160 1942 516 2005 ὲπισυνόδους
551 1943 659 1997 τῶν
699 1944 1022 2014 ἑτεροδόξων
1061 1940 1200 1998 εἶναι
1235 1945 1535 2016 φραστέον·
1573 1943 1762 2014 ἐπειδὴ

161 2035 268 2088 τῶν
319 2037 599 2108 οὐρανίων
640 2040 1004 2109 ἐπιστήμονες
1053 2033 1193 2092 εἶναι
1237 2039 1301 2111 δή
1343 2038 1623 2109 βούλονται
1667 2039 1762 2090 καὶ

158 2127 342 2189 αὐτοὶ,
371 2129 469 2181 καὶ
499 2130 580 2193 είς
605 2129 841 2201 Χριστὸν
876 2132 1321 2195 πεπιστευκέναι,
1352 2132 1447 2184 καὶ
1475 2131 1575 2202 τὴν
1598 2130 1762 2202 ἕδραν

159 2217 309 2290 εχειν
358 2221 458 2291 τῆς
491 2221 673 2292 ψυχῆς
705 2224 763 2277 ἐν
812 2226 926 2286 τοῖς
980 2223 1263 2294 οὐρανοῖς,
1309 2225 1401 2276 καὶ
1439 2223 1761 2294 πλησιάζειν

160 2313 274 2374 τοῖς
303 2312 546 2382 ἄστροις,
579 2313 654 2375 ὡς
688 2312 872 2381 φωτὸς
913 2314 1099 2367 τέκνα.
1147 2314 1306 2366 Ἀλλά
1332 2315 1757 2386 κατασύρονται,

163 2401 256 2455 τοῦ
300 2402 597 2472 δράκοντος
655 2404 1030 2468 ὲκσεισθέντες
1069 2409 1186 2469 ταῖς
1239 2406 1494 2469 πλοκαῖς,
1546 2407 1628 2459 ὅτι
1683 2407 1758 2478 μὴ

163 2492 269 2545 τῶν
293 2492 576 2563 τριγώνων
597 2497 728 2548 εἴσω
749 2495 852 2566 τῆς
875 2497 1158 2561 εὐσεϐείας
1179 2498 1416 2558 ἔστησαν
1439 2500 1757 2568 σχημάτων,

167 2585 492 2649 πταίσαντες
539 2588 711 2659 αὐτῆς
761 2590 894 2662 περὶ
942 2590 1042 2662 τήν
1090 2590 1368 2662 ὀρθόδοξον
1422 2589 1754 2663 θρησκείαν·

163 2675 285 2730 ὃθεν
320 2679 412 2732 καὶ
447 2681 631 2750 τρίτον
664 2683 771 2736 τῶν
805 2683 1053 2756 ἀστέρων
1082 2683 1392 2755 ἐκλήθησαν
1430 2685 1616 2756 μέρος,
1649 2678 1759 2738 οἷον

167 2773 292 2842 mp".
343 2772 439 2825 ἕνα
474 2772 582 2826 τῶν
621 2775 877 2847 ἀριθμῶν
921 2777 1022 2848 τῆς
1079 2775 1307 2848 Τριάδος
1344 2776 1755 2847 διεσφαλμένοιι

160 2865 246 2917 ὁτὲ
290 2865 390 2935 μὲν
417 2867 510 2919 τὸν
561 2869 655 2921 τοῦ
692 2870 944 2942 Πατρὸς,
976 2869 1054 2934 ὡς
1106 2870 1425 2936 Σαϐέλλιος,
1459 2870 1620 2924 αὐτὸν
1666 2872 1757 2925 τὸν

161 2955 589 3030 Παντοκράτορα
612 2958 727 3029 (2|)
754 2959 916 3027 λέξας
939 2962 1268 3017 πεπονθέναι
1288 2979 1302 2992 ·
1339 2963 1427 3016 ὁτὲ
1455 2962 1512 3016 δὲ
1544 2963 1636 3017 τὸν
1660 2964 1755 3018 τοῦ

165 3048 316 3112 Υῖοῦ,
349 3050 426 3114 ὡς
470 3052 764 3122 Ἀρτεμᾶς,
800 3054 898 3107 καὶ
928 3055 978 3108 oi
1019 3054 1239 3127 δοκήσει
1272 3057 1434 3111 αὐτὸν
1467 3057 1755 3129 ἀποφηνά-

169 3145 695 3245 μενοι“πεφυκέεθαι·
740 3147 831 3200 ὁτὲ
874 3146 932 3199 δὲ
982 3149 1109 3220 περὶ
1154 3149 1248 3203 τὸν
1277 3151 1370 3204 τοῦ
1412 3151 1754 3222 Πνετῦματος,
1783 3189 1825 3245 C

165 3233 235 3297 ὡς
302 3233 620 3300 Ἐϐιοναῖοι,
676 3236 736 3300 ἐξ
794 3237 929 3302 ιδίας
961 3241 1228 3311 κινήσεως
1278 3245 1405 3308 τοὺς
1470 3244 1757 3316 προφήτας

164 3324 515 3397 λελαληκέναι
576 3330 1028 3397 φιλονεικοῦντες.
1087 3334 1415 3405 Μαρκίωνος
1484 3336 1593 3408 γὰρ
1660 3337 1755 3389 καὶ

169 3422 537 3488 Οὐαλεντίνου,
561 3425 786 3479 καὶτῶν
817 3443 884 3479 πε
894 3427 947 3498 pl.
968 3427 1058 3482 τὸν
1087 3429 1396 3484 Ἐλησαίον
1421 3432 1515 3484 καὶ
1537 3431 1752 3496 ἄλλους,

171 3513 325 3566 καλὸν
353 3514 488 3586 μηδὲ
527 3518 921 3588 μνημονεῦσαι.

1864 1940 2152 2002 obscuras,
2201 1941 2256 1991 in
2294 1939 2520 1990 humilia
2557 1938 2821 2005 dejectas,
2871 1938 3250 1992 conventicula
3312 1936 3468 1991 hete-

1863 2029 2194 2083 rodoxorum
2227 2036 2374 2082 recte
2403 2021 2706 2082 dixerimtls
2752 2046 2763 2079 :
2817 2029 3039 2097 quando
3091 2038 3148 2084 et
3195 2029 3300 2099 ipsi
3348 2042 3467 2083 οω-

1863 2119 2081 2174 lestium
2148 2133 2330 2172 rerum
2394 2117 2496 2172 sibi
2563 2120 2848 2172 scientiam
2908 2121 3219 2184 vindicant,
3287 2129 3342 2176 et
3409 2123 3466 2176 in

1861 2214 2142 2270 Christum
2178 2229 2236 2268 se
2272 2213 2577 2268 credidisse
2604 2214 2933 2285 gloriantur,
2968 2214 3376 2284 stationcinque
3408 2213 3464 2270 in

1862 2306 2020 2360 cmlis
2052 2305 2252 2359 habere
2297 2314 2462 2376 atque
2515 2305 2656 2358 inter
2711 2313 2860 2360 astra
2913 2306 3162 2368 versari,
3218 2314 3276 2358 ut
3323 2307 3464 2361 lucis

1864 2400 2023 2454 ﬁlios.
2062 2398 2263 2453 Verum
2305 2399 2670 2454 detrahuntur
2724 2401 2982 2455 draconis
3036 2400 3254 2454 excussi
3310 2399 3466 2454 ﬁexi-

1862 2494 1987 2557 bus,
2019 2493 2164 2564 quod
2195 2494 2342 2546 intra
2367 2493 2733 2564 triangularcs
2757 2493 2978 2564 pietatis
3011 2492 3213 2563 ﬁguras
3247 2508 3355 2546 non
3402 2509 3464 2548 se

1860 2587 2274 2646 continuerunt,
2305 2584 2657 2654 prolabentes
2683 2601 2747 2638 ex
2787 2587 2905 2655 ipsa
2960 2591 3014 2638 et
3044 2600 3108 2640 ex
3152 2584 3463 2638 orthodoxo

1861 2673 1958 2731 Dei
1989 2676 2138 2730 cultu
2165 2675 2567 2730 exorbitantes.
2609 2673 2764 2730 Unde
2795 2684 2848 2730 et
2899 2677 3062 2730 tertia
3108 2691 3235 2746 pars
3278 2675 3466 2729 stella-

1860 2783 1985 2822 rum
2016 2767 2195 2824 vocati
2229 2775 2378 2831 sunt,
2415 2767 2578 2821 veluti
2631 2767 2780 2820 circa
2829 2783 2997 2821 unum
3048 2784 3114 2822 ex
3171 2767 3463 2825 Trinitatis

1861 2862 2110 2918 numeris
2168 2863 2507 2916 deerrantes.
2563 2860 2873 2928 Aliquando
2907 2860 3130 2928 quidem
3174 2861 3322 2914 circa
3356 2859 3463 2914 Pa.

1858 2960 1985 3024 tris,
2023 2969 2083 3015 ut
2115 2959 2408 3021 Sabellius,
2434 2961 2527 3028 qui
2565 2959 2742 3028 ipsum
2770 2954 3210 3025 Omnipotentem
3237 2970 3460 3028 passum

1860 3053 2138 3118 asseruit;
2168 3050 2465 3122 aliquando
2487 3065 2616 3105 vero
2649 3049 2796 3102 circa
2825 3045 2968 3112 Filii,
3004 3053 3064 3099 ut
3091 3045 3366 3108 Artemas,
3405 3051 3461 3100 et

1860 3145 1952 3215 qui
1999 3144 2150 3199 nudo
2177 3153 2398 3214 spectro
2430 3159 2530 3198 seu
2566 3141 2889 3212 apparentia
2941 3153 3065 3193 eum
3105 3146 3292 3190 natum
3335 3151 3461 3194 esse

1859 3237 2160 3302 dixerunt;
2210 3236 2541 3306 quandoque
2602 3234 2752 3288 circa
2821 3231 3064 3301 Spiritus
3128 3229 3340 3290 sancti,
3398 3235 3459 3282 ut

1862 3328 2125 3394 Ebionzei,
2170 3329 2263 3398 qui
2299 3327 2596 3396 prophetas
2629 3331 2779 3377 motu
2827 3321 3050 3390 pr0prio
3095 3319 3308 3374 locutos
3337 3332 3461 3372 esse

1861 3423 2223 3479 contendunt.
2284 3417 2580 3472 Marcionis
2631 3416 2777 3468 enim
2829 3421 2883 3468 et
2930 3411 3244 3471 Valentini,
3304 3408 3459 3461 Eli-e-

1862 3517 2067 3587 satique
2107 3524 2160 3570 et
2192 3513 2456 3576 aliorum,
2491 3510 2760 3579 optimum
2811 3505 2975 3560 fuerit
3023 3520 3093 3559 ne
3139 3501 3459 3558 meminisse

1862 3610 2106 3679 quidem.

173 3733 293 3790 Cn.
331 3734 666 3816 _Xl._Mulier
689 3755 820 3816 cumA
847 3738 963 3809 ﬁlio
1013 3744 1251 3816 ntasculo
1303 3743 1358 3796 in
1387 3743 1617 3816 deserto,
1651 3744 1915 3816 Ecclesia.
1957 3745 2258 3816 Virginum,
2305 3753 2713 3816 sanctorumque
2755 3731 3455 3816 deserln‘m..Numerorum

235 3811 485 3874 perfectio
509 3826 572 3888 ac
585 3805 995 3888 mysteriorum.
1029 3812 1243 3868 Senarii
1271 3814 1556 3888 aequalitas
1586 3805 1633 3869 et
1660 3815 1935 3888 perfectio.
1991 3805 2253 3870 Se'narius
2282 3817 2335 3867 in
2368 3805 2638 3867 ϐῆν-ἱειυηὶ
2672 3816 2895 3864 relatus.
2939 3806 3022 3860 Ea:
3055 3805 3151 3859 hoc
3197 3806 3321 3858 item
3355 3819 3457 3856 nu-

233 3894 373 3932 mero
408 3881 594 3933 mundi
615 3883 814 3935 creatio
839 3897 888 3935 et
909 3881 1189 3939 harmonia
1219 3881 1338 3939 tota'
1359 3887 1613 3955 conﬂata.

242 3995 306 4046 Ἡ
339 3991 396 4046 δὲ
445 3997 692 4062 γεννῶσα
728 3999 823 4050 καὶ
863 4001 1174 4071 γεννήσασα
1209 4003 1298 4057 τὸν
1332 4005 1652 4077 ἀρρενωπὸν
1693 4007 1752 4059 ὲν

166 4090 276 4148 ταῖς
311 4086 565 4158 καρδίαις
592 4088 702 4141 τῶν
739 4093 1104 4147 πιστευόντων
1130 4097 1322 4166 Λόγον,
1354 4099 1448 4151 καὶ
1483 4099 1753 4173 ἄχραντος

165 4180 249 4233 καὶ
275 4178 519 4250 ἀϐλαϐὴς
551 4181 658 4234 ἀπὸ
684 4182 779 4235 τοῦ
801 4182 966 4254 θηρὸς
993 4186 1093 4256 τῆς
1116 4188 1288 4258 ὀργῆς
1311 4191 1390 4253 εἰς
1421 4189 1522 4260 τὴν
1545 4190 1752 4262 ἔρημον

165 4271 654 4343 παραγεγενημένη
677 4314 691 4336 ,
726 4275 759 4343 ή
796 4273 981 4344 μήτηρ
1016 4274 1172 4346 ήμῶν
1221 4278 1400 4342 ἐστιν,
1437 4280 1514 4344 ὡς
1559 4281 1751 4334 ἀποδε-

162 4366 429 4438 δώκαμεν,
465 4371 497 4438 ή
536 4368 855 4440 Ἐκκλησία.
894 4371 960 4423 'H
984 4370 1040 4423 δὲ
1063 4370 1291 4443 ἔρημος,
1322 4376 1403 4437 εἰς
1426 4374 1493 4445 ἢν
1518 4375 1752 4430 ἐλθοῦσα

159 4461 414 4530 τρέφεται
444 4459 544 4524 τὰς
572 4461 752 4531 χιλίας
793 4463 885 4516 καὶ
917 4463 1198 4529 διακοσίας
1234 4465 1447 4536 ἡμέρας
1478 4468 1574 4520 καὶ
1619 4466 1746 4538 ἐξή-

161 4562 338 4611 κοντα,
359 4551 393 4619 ή
427 4550 615 4602 κακῶν
639 4550 846 4622 ἕρημος
869 4552 1083 4624 ἀληθῶς
1105 4555 1200 4608 καὶ⁵
1223 4556 1416 4624 ἄγονος
1439 4557 1530 4610 καὶ
1560 4557 1748 4629 στείρα

165 4639 382 4711 φθορᾶς,
421 4642 516 4694 καὶ
557 4643 913 4714 δυσπρόσιτος
951 4645 1042 4698 καὶ
1073 4644 1340 4709 δύσϐατος
1367 4649 1483 4711 τοῖς
1513 4647 1749 4710 πολλοῖς,

163 4730 434 4803 ιύκαρτοος
471 4733 549 4798 δὲ,
582 4734 678 4788 καὶ
720 4734 961 4800 εὔϐοτος,
1009 4738 1102 4790 καὶ
1141 4737 1393 4808 εὐθαλὴς,
1432 4739 1526 4792 καὶ
1568 4739 1753 4792 εὐεπί-

165 4820 318 4888 ϐατος
343 4825 544 4892 ἀγίοις,
576 4827 668 4880 καὶ
697 4829 980 4900 πλήθουσα
1015 4832 1204 4900 σοφίας
1235 4833 1328 4884 καὶ
1376 4823 1752 4902 βλαστάνουσα

167 4910 325 4987 ζωὴν,
355 4915 492 4970 αὐτὸ
528 4917 594 4990 δὴ
621 4918 783 4973 τοῦτο
804 4921 904 4992 τῆς
949 4923 1173 4996 Ἀρετῆς
1208 4925 1322 4978 ἐστι
1361 4924 1420 4978 τὸ
1463 4927 1751 4982 κάλλιστον

166 5009 251 5058 καὶ
289 5004 666 5082 καλλίδενδρον
693 5010 789 5066 καὶ
835 5011 1162 5069 καλλίπνουν
1195 5017 1422 5088 χωρίον’
1460 5017 1591 5074 ἔνθα
1625 5019 1750 5085 Ἑξ-

166 5098 370 5168 ητέρθη
407 5103 446 5160 ό
481 5102 686 5169 νότος,
732 5105 833 5158 καὶ
878 5105 1244 5163 διέπνευσεν
1294 5110 1597 5180 όβορῤἇς,
1650 5113 1750 5166 καὶ

161 5189 358 5256 ῥέουσι
392 5189 468 5245 τὰ
514 5191 796 5263 ἀρώματα
814 5237 828 5260 ,
883 5200 978 5251 καὶ
1037 5199 1216 5255 πάντα
1263 5201 1372 5254 τῶν
1429 5203 1749 5276 ἀμϐροσίων

172 5284 512 5355 πεπλήρωται
541 5284 777 5357 δρόσων,
813 5289 1083 5347 ἀθανάτου
1113 5293 1260 5366 ζωῆς
1300 5295 1561 5366 βλάσταις
1602 5297 1749 5368 ἀμα-

172 5373 367 5440 ράντοις
399 5380 843 5449 κατεστεμμένα,
875 5384 955 5447 εις
982 5384 1011 5437 ὃ
1043 5385 1210 5455 ἐσμεν
1235 5387 1397 5458 ἡμεῖς
1424 5386 1748 5456 ἀνθολογοῦ-

229 5531 272 5564 ¹⁷
307 5532 462 5590 Cant.
494 5550 584 5600 tv,
623 5534 715 5590 l6.

230 5690 326 5760 (21)
355 5690 849 5763 Παντοκρὰτορα.
893 5691 983 5748 Sic
1043 5694 1278 5750 Allatius
1325 5704 1378 5751 et
1424 5693 1735 5754 Possinius.

173 5758 324 5832 Neque
351 5771 519 5823 aliam
575 5758 766 5820 fuisse
817 5766 1108 5820 lectionem
1141 5767 1348 5821 codicis
1379 5767 1735 5822 Mazariniani

167 5848 314 5895 nonet
330 5839 513 5898 editor
548 5836 869 5908 Lupareus.
909 5833 1272 5893 Combeﬁsius
1305 5845 1486 5896 tamen
1517 5838 1740 5908 Πατέρα

1927 4005 2059 4073 Quae
2087 4011 2266 4058 autem
2305 4002 2446 4072 parit
2472 4002 2788 4071 peperitque
2824 3999 2877 4051 in
2915 3998 3152 4053 ﬁdelium
3193 3996 3454 4053 cordibus

1856 4096 2096 4152 Verbum
2129 4094 2456 4154 masculum,
2492 4091 2864 4160 inviolataque
2917 4098 2970 4143 et
3003 4090 3170 4144 illzesa
3201 4104 3228 4141 a
3265 4090 3456 4146 bestia

1856 4173 1937 4245 ira
1981 4190 2035 4243 in
2069 4189 2348 4243 desertum
2375 4184 2600 4246 secedit,
2659 4190 2834 4236 mater
2864 4189 3054 4235 nostra
3107 4190 3212 4243 est,
3251 4181 3328 4235 uti
3355 4197 3455 4236 ex-

1856 4263 2166 4355 posuimus,
2215 4280 2268 4333 id
2301 4286 2384 4334 est
2414 4277 2679 4331 Ecclesia.
2719 4274 3004 4330 Desertum
3038 4289 3168 4327 vero
3199 4275 3253 4327 in
3301 4274 3451 4344 quod

1856 4374 2080 4432 veniens
2109 4371 2354 4442 pascitur
2379 4371 2497 4425 dies
2519 4370 2664 4424 mille
2697 4369 2964 4424 ducentos
2989 4366 3294 4436 sexaginta,
3324 4379 3453 4422 vere

1857 4479 1886 4518 a
1911 4463 2070 4518 malis
2095 4462 2374 4517 desertum
2405 4471 2457 4516 et
2482 4461 2872 4516 infecundum:
2903 4459 3109 4514 sterilis
3140 4458 3453 4526 corruptio-

1851 4555 1960 4619 nis,
1997 4569 2098 4609 nec
2131 4553 2282 4608 ferax
2321 4560 2466 4608 terra
2497 4553 2786 4606 noxiorum
2817 4551 3158 4620 germinum;
3212 4549 3452 4605 dillicilis

1854 4648 2004 4703 aditu
2037 4650 2251 4710 eadem,
2278 4660 2378 4700 nec
2409 4642 2695 4700 commode
2727 4644 2863 4697 satis
2911 4643 3074 4711 vulgo
3127 4641 3448 4706 calcabilis;

1853 4727 2108 4788 caeterum
2137 4731 2392 4802 frugibus
2424 4729 2808 4798 fructibusque
2832 4727 2982 4788 felix,
3000 4725 3135 4795 quin
3153 4733 3207 4779 et
3227 4723 3451 4794 pascuis

1855 4824 2162 4893 abundans,
2196 4838 2250 4884 et
2275 4829 2490 4896 amante
2519 4826 2720 4881 ﬂorens
2757 4824 3055 4896 perviaque
3093 4821 3322 4881 sanctis,
3347 4833 3446 4874 co-

1853 4930 1942 4995 pia
1976 4923 2290 4977 redundans
2327 4899 2628 5003 sapieqtim';
2665 4934 2728 4970 ac
2777 4916 3092 4987 germinans
3113 4913 3319 4966 vitam:
3357 4911 3451 4967 hic

1856 5019 1974 5089 ipse
1996 5023 2081 5072 est
2105 5016 2161 5069 in
2180 5030 2289 5084 quo
2321 5029 2534 5069 sumus.
2570 5010 2996 5080 pulcherrimus,
3021 5004 3451 5075 speciosissimis

1856 5109 2150 5165 umbrosus
2217 5106 2372 5161 silvis
2423 5102 2878 5178 suavissimisque
2937 5100 3131 5153 halans
3184 5098 3446 5162 ﬁoribus,

1854 5201 2091 5257 Virtutis
2120 5199 2334 5255 hortus.
2361 5196 2462 5262 lbi,
2493 5195 2725 5250 surrexit
2749 5195 2961 5258 Auster,
2988 5202 3037 5245 et
3061 5191 3213 5260 flavit
3232 5191 3443 5259 ᾼηιιὶιο,

1851 5304 1900 5350 et
1950 5294 2121 5363 ﬂuunt
2167 5301 2414 5344 aromata
2442 5290 2518 5356 '7;
2558 5287 2958 5354 ambrosiisque
2986 5284 3168 5338 omnia
3229 5281 3450 5335 roribus

1853 5387 2097 5452 madent,
2145 5383 2470 5439 immortalis
2521 5382 2647 5435 vita:
2702 5393 2920 5448 semper
2947 5374 3255 5431 virentibus
3289 5387 3448 5427 coro-

1851 5698 2020 5756 tutius
2067 5714 2191 5756 esse
2259 5698 2546 5762 legendum
2597 5693 2836 5748 advertit
2874 5695 2925 5745 in
2981 5686 3341 5749 emendandis
3369 5686 3438 5743 ad

1847 5771 2051 5827 calcem
2082 5783 2212 5826 toni.
2242 5765 2524 5822 lAuctarii
2551 5766 2742 5820 act-iu.
2769 5763 2938 5819 ὓλιι..
