4090 6318
1609 360 1668 418 S.
1712 358 2047 417 METEODII
2086 358 2398 418 EPISCOPI
2437 358 2527 417 ET
2566 359 2935 420 MABTYRIS

3806 367 3911 424 ιω

653 489 780 538 nata
809 479 1028 552 plantis.
1055 479 1177 547 Quo
1200 480 1258 535 in
1286 478 1447 536 horto
1471 479 1583 550 jam
1607 496 1708 537 nos
1740 497 1929 536 sumus
1951 480 2116 536 ﬂores
2143 460 2219 537 le-

2327 499 2417 535 σαι
2447 478 2558 536 ’νῦν
2607 481 2700 535 καὶ
2753 480 3046 536 πλέκουσαι
3077 482 3147 554 τῇ
3188 479 3473 555 βασιλίσσῃ
3519 484 3619 537 τδν
3668 483 3910 562 ἁλουργῆ

652 579 866 642 gentes,
896 580 950 627 et
977 587 1047 627 ex
1091 572 1161 627 iis
1200 585 1529 642 purpuream
1581 570 1848 640 longeque
1889 571 2228 641 splendidam

653 662 952 734 impollutis
977 663 1161 734 digitis
1186 661 1387 732 regina:
1434 670 1680 717 texentes
1699 662 2030 732 virginitatis
2069 677 2231 717 coro-

649 769 801 812 nam.
842 752 1005 809 Verbi
1038 754 1184 810 enim
1224 767 1450 822 sponsa,
1488 752 1706 807 virtutis
1748 761 1977 808 ornatur
2032 751 2228 808 fructi-

650 846 775 903 bus.
809 845 952 902 Mille
1011 861 1176 917 porro
1205 845 1427 900 ducenti
1484 845 1767 916 sexaginta
1797 845 1915 901 dies
1956 861 2052 916 per
2089 861 2228 916 quos

650 940 741 996 bic
770 956 1082 1004 versamur,
1112 937 1294 994 Patris
1317 947 1425 1007 est,
1455 954 1490 995 o
1516 938 1777 1009 virgines,
1805 945 1860 992 et
1885 935 2006 992 Filii
2027 944 2082 992 et
2105 936 2230 1008 Spi-

649 1033 790 1090 ritus
823 1032 999 1089 sancti
1033 1033 1173 1087 citra
1212 1024 1428 1086 omnem
1459 1031 1738 1101 ambagem
1765 1037 1954 1085 exacta
1993 1030 2229 1099 optima-

649 1140 759 1197 que
787 1123 1170 1194 intelligentia,
1200 1137 1308 1194 qua
1340 1121 1539 1193 gaudet
1570 1131 1745 1177 mater
1767 1130 1972 1186 nostra,
2004 1138 2100 1192 per
2125 1122 2228 1176 hoc

648 1227 868 1289 tempus
897 1229 1199 1287 augescens
1237 1221 1399 1286 atque
1426 1214 1730 1278 exsultans,
1757 1214 1885 1268 dum
1920 1216 1975 1268 in
2005 1214 2227 1269 restitu-

647 1309 800 1365 tione
849 1324 1114 1363 novorum
1153 1307 1496 1372 saeculorum,
1555 1307 1610 1361 in
1643 1308 1962 1361 concionem
2007 1321 2126 1375 qua:
2169 1307 2227 1360 in

646 1401 806 1458 uelis
830 1407 916 1456 est
944 1401 1188 1463 veniens,
1227 1415 1336 1456 non
1367 1399 1480 1470 jam
1507 1415 1606 1470 per
1635 1399 1874 1453 rationes
1920 1399 2226 1466 mentisque

646 1492 990 1547 contentioso
1041 1499 1241 1547 conatu
1273 1490 1329 1545 id
1362 1490 1502 1560 quod
1532 1499 1633 1554 est,
1689 1488 2079 1551 considerabit,
2129 1487 2223 1543 sed

647 1585 795 1640 clare
821 1593 877 1639 et
905 1585 1216 1655 conspicue,
1253 1598 1363 1638 una
1414 1596 1540 1636 cum
1592 1579 1814 1637 Christo
1862 1579 1931 1633 ad
1964 1580 2226 1634 interiora

645 1671 909 1736 admissa,
940 1671 1287 1743 inspectabit.
1330 1669 1671 1726 Millenarius
1701 1669 1919 1740 quippe.
1945 1685 2008 1724 ex
2038 1676 2223 1724 cente-

644 1765 804 1819 nario
849 1764 1035 1820 decies
1067 1763 1427 1833 multiplicato
1454 1769 1735 1824 constans,
1770 1760 2066 1831 perfectum
2117 1778 2221 1815 nu-

2333 573 2597 644 στέφανον
2643 573 2738 628 καὶ
2799 572 3114 644 ἔκλαμπρον
3159 575 3261 644 τῆς
3313 574 3611 648 παρθενίας
3665 578 3910 642 ἀθίκτοις

2327 660 2635 724 δακτύλοις.
2675 660 2899 732 Ἀρετῆς
2935 660 3046 732 γάρ
3077 664 3362 731 κοσμεῖται
3394 667 3625 735 καρποῖς
3652 667 3687 738 ή
3721 664 3910 738 νύμφη

2326 752 2424 808 τοῦ
2458 755 2655 823 Λόγου.
2701 753 2768 806 Δί
2813 753 2871 807 δὲ
2909 754 3074 824 χίλιαι
3119 755 3214 809 καὶ
3255 756 3523 810 διακόσιαι
3574 758 3778 829 ήμέραι
3813 760 3909 813 καὶ

2329 846 2610 916 ἑξήκοντα,
2636 845 2703 910 ἃς
2731 845 2918 900 ἐνθάδε
2946 846 3114 917 ἐσμὲν
3139 849 3222 911 είς
3245 847 3558 919 ἐπιδημίαν,
3588 849 3622 919 ή
3657 849 3786 920 περὶ
3811 849 3908 904 τοῦ

2328 936 2543 1007 Πατρός
2574 938 2753 1004 ἐστιν,
2800 930 2846 990 ὦ
2879 936 3170 1010 παρθένοι,
3210 940 3308 993 καὶ
3352 939 3447 993 τοῦ
3499 940 3629 994 Υίοῦ
3664 942 3757 995 καὶ
3809 941 3905 996 τοῦ

2329 1029 2645 1100 Πνεύματος
2695 1031 2814 1082 κατ’
2847 1029 3061 1085 εὐθεῖαν
3113 1031 3347 1102 ἀκριϐὴς
3391 1030 3504 1102 (22)
3560 1033 3656 1086 καὶ
3704 1033 3907 1106 ἀρίστη

2328 1119 2562 1184 σύνεσις,
2661 1120 2892 1192 γέγηθεν
2931 1121 3088 1192 ⁴ἡμῶν
3115 1124 3150 1193 ή
3192 1123 3372 1193 μήτηρ
3411 1120 3770 1195 αὐξανομένη,
3807 1124 3914 1178 xui.

2325 1210 2620 1280 ἀγάλλεται
2665 1215 2877 1266 τουτονῖ⁵
2920 1213 3013 1267 τὸν
3072 1214 3301 1285 χρόνον,
3357 1214 3630 1286 μέχριπερ
3673 1214 3738 1269 ἂν
3801 1215 3906 1287 τῆς

2326 1302 2819 1368 ἀποκαταστάσεως
2849 1304 2960 1378 (25)
3005 1306 3115 1359 τῶν
3165 1305 3367 1360 καινῶν
3411 1305 3656 1370 αἰώνων,
3690 1307 3770 1371 εἰς
3801 1307 3910 1379 τὴν

2325 1394 2520 1466 ἀγυριν
2544 1395 2770 1450 ἐλθοῦσα
2804 1396 2944 1450 κατά
2973 1400 3100 1462 τοὺς
3129 1400 3409 1470 οὐρανοὺς,
3452 1399 3647 1470 μηκέτι
3677 1398 3742 1452 δι’
3776 1400 3905 1454 ἐπι-

2326 1489 2540 1560 στήμης
2585 1492 3033 1562 κατασκέπτηται
3094 1491 3160 1545 τὸ
3195 1493 3314 1558 Ὃν,
3367 1491 3502 1546 ἀλλά
3539 1491 3749 1563 τρανῶς
3795 1491 3902 1545 ἐπε

2322 1582 2559 1654 οπτεύσῃ
2593 1584 2814 1656 Χριστῷ
2847 1583 3196 1639 συνεισϐᾶσα.
3228 1584 3310 1638 Τὰ
3346 1585 3457 1656 γὰρ
3488 1584 3652 1656 χίλια,
3687 1587 3743 1638 ὲν
3770 1586 3904 1640 ἑκα-

2320 1673 2536 1726 τοντάσι
2615 1673 3146 1728 δεκαπλασιασθέντα
3168 1714 3185 1739 ,
3251 1675 3453 1729 τέλειον
3503 1675 3733 1748 ἀριθμὸν
3802 1677 3902 1731 καὶΙ

2322 1764 2504 1837 πλήρη
2566 1767 2840 1837 περιέχει’
2898 1765 2927 1817 δ
2975 1766 3041 1838 δή
3105 1768 3221 1820 ἐστι
3275 1766 3541 1838 σύμϐολον
3594 1767 3760 1822 αὑτοῦ
3798 1769 3898 1823 τοῦ

643 1871 858 1911 merum
906 1862 961 1910 et
1014 1856 1233 1924 plenum
1264 1854 1551 1909 continet:
1585 1854 1729 1925 quod
1776 1861 1860 1908 est
1911 1854 2218 1924 symbolum

2321 1854 2554 1925 Πατρός,
2587 1857 2681 1908 τοῦ
2712 1856 2804 1925 ἀφ’
2837 1855 3034 1910 ἑαυτοῦ
3067 1856 3568 1928 δημιουργήσαντος
3594 1858 3688 1912 καὶ
3717 1858 3900 1930 ἑαυτῷ

643 1947 845 2010 Patris,
877 1947 970 2016 qui
1023 1962 1092 2000 ex
1141 1962 1201 2002 se
1231 1947 1349 2017 ipso
1397 1962 1582 2001 rerum
1633 1947 1772 2002 hanc
1815 1947 2222 2001 universitatem

643 2037 912 2103 condidit,
966 2045 1019 2092 et
1048 2037 1102 2091 in
1130 2052 1188 2092 se
1215 2037 1334 2108 ipso
1379 2038 1622 2093 continet
1670 2053 1733 2093 ac
1766 2045 2072 2092 conservat.
2108 2036 2222 2090 Du-

642 2134 803 2184 centa
832 2144 983 2196 vero,
1012 2144 1075 2182 ex
1102 2127 1315 2184 duobus
1348 2128 1604 2199 perfectis
1640 2144 1900 2184 numerus
1928 2126 2220 2190 conllatus,

644 2221 950 2292 symbolum
977 2231 1063 2276 est
1097 2221 1334 2292 Spiritus
1359 2224 1535 2276 sancti
1558 2263 1572 2285 ,
1597 2229 1868 2291 quatenus
1902 2221 1948 2275 is
1977 2219 2098 2274 Filii
2124 2236 2213 2275 no-

643 2316 728 2371 bis
759 2330 823 2368 ac
849 2314 1028 2370 Patris
1050 2314 1255 2370 notitia:
1284 2321 1474 2368 auctor
1503 2313 1740 2368 exsistit.
1772 2311 2014 2381 Denique
2058 2327 2220 2366 sexa-

642 2407 792 2477 ginta
816 2407 1093 2461 senarium
1118 2420 1405 2459 numerum
1442 2405 1496 2459 in
1519 2403 1814 2459 decadibus
1851 2403 2030 2468 habet,
2046 2419 2222 2473 eoque

642 2497 949 2567 symbolum
976 2495 1178 2550 Christi
1207 2503 1292 2550 est
1329 2513 1344 2550 :
1381 2493 1588 2549 idcirco
1624 2494 1880 2548 nimirum
1901 2535 1916 2561 ,
1949 2495 2093 2565 quod
2128 2511 2218 2550 se-

641 2587 833 2641 narius
861 2600 1127 2641 numerus
1159 2601 1226 2640 ex
1249 2587 1458 2640 unitate
1489 2582 1862 2657 progrediens,
1887 2601 1951 2640 ex
1983 2586 2220 2656 propriis

641 2675 992 2746 componitur
1012 2674 1280 2745 partibus,
1300 2675 1372 2727 ita
1405 2681 1465 2728 ut
1494 2674 1547 2728 in
1569 2691 1635 2729 eo
1658 2675 1790 2729 nihil
1821 2674 2036 2730 deﬁciat
2059 2683 2220 2732 autve

643 2766 908 2822 redundet
944 2787 956 2820 :
994 2767 1046 2821 in
1095 2781 1222 2821 suas
1264 2766 1406 2821 enim
1451 2774 1634 2836 partes
1664 2768 1942 2822 resolutus
1979 2768 2220 2838 comple-

643 2863 754 2911 tur.
797 2855 1064 2911 Nimirum
1114 2858 1160 2913 si
1196 2873 1289 2913 sex
1331 2861 1386 2911 in
1428 2858 1565 2912 alios
1603 2868 1765 2927 atque
1815 2858 1952 2914 alios
1980 2859 2217 2928 aequales

642 2963 902 3005 numeros
935 2951 1232 3014 dividatur,
1283 2965 1509 3006 necesse
1537 2957 1720 3006 estex
1768 2951 1961 3006 iisdem
2018 2951 2216 3007 iterum

636 3040 849 3110 junctis
868 3044 1162 3112 segmentis
1180 3042 1431 3098 eumdem
1477 3039 1762 3097 numerum
1792 3044 2057 3113 reparari.
2097 3043 2219 3098 Pri-

644 3148 792 3188 mum
822 3135 1039 3204 quidem
1071 3134 1119 3188 si
1147 3133 1358 3188 medius
1387 3132 1680 3198 dividatur,
1709 3135 1812 3188 tria
1845 3135 2045 3202 ellicit;
2097 3151 2222 3190 rur-

643 3242 740 3282 sus
763 3227 809 3282 si
844 3229 898 3282 in
931 3234 1046 3280 tres
1073 3233 1256 3296 partes
1282 3225 1578 3289 dividatur,
1626 3224 1789 3280 ellicit
1830 3224 1973 3293 duo;
2023 3226 2069 3281 si
2121 3225 2218 3280 de-

643 3317 811 3387 nique
867 3318 924 3372 in
958 3333 1052 3373 sex
1086 3325 1269 3388 partes
1300 3317 1691 3382 distribuatur,
1723 3317 2017 3387 unicuique
2073 3316 2217 3386 parti

644 3412 824 3467 solum
856 3412 1040 3466 unitas
1060 3412 1338 3482 competit;
1371 3412 1625 3481 idemque
1653 3425 1847 3467 rursus
1883 3411 1941 3465 in
1975 3411 2217 3479 seipsum

643 3502 938 3574 colligitur.
959 3501 1095 3557 Nam
1118 3504 1176 3558 in
1201 3505 1285 3558 bis
1319 3504 1446 3571 tria,
1475 3512 1557 3558 ter
1575 3504 1705 3567 duo,
1731 3502 1909 3559 sexies
1936 3517 2102 3556 unum
2132 3500 2218 3556 di-

644 3594 816 3658 visus,
841 3595 1150 3664 conjunctis
1185 3594 1323 3649 inter
1363 3609 1426 3650 se
1453 3592 1628 3649 tribus
1663 3605 1716 3649 et
1765 3594 1979 3649 duobus
2007 3603 2060 3648 et
2085 3608 2216 3656 uno,

644 3699 838 3740 rursus
868 3685 1144 3740 senarium
1173 3685 1443 3754 integrum
1476 3685 1707 3750 perlicit.
1733 3683 2033 3739 Perfectum
2070 3683 2216 3738 enim

644 3777 958 3830 necessario
985 3782 1092 3837 est,
1115 3774 1379 3845 quidquid
1407 3789 1581 3841 neque
1608 3776 1713 3830 alio
1753 3775 1822 3829 ad
1865 3775 1950 3829 sui
1978 3774 2218 3844 comple-

644 3877 886 3921 mentum
916 3875 1054 3937 eget,
1091 3881 1192 3921 nec
1219 3880 1458 3937 unquam
1497 3867 1764 3922 redundat
1812 3867 2096 3936 majusque
2130 3880 2217 3920 se-

645 3958 766 4026 ipso
832 3967 936 4014 est.
998 3957 1243 4012 Aliorum
1316 3965 1496 4013 autem
1569 3971 1919 4020 numerorum
1994 3954 2218 4026 quidam

643 4051 770 4122 plus
801 4064 964 4119 quam
1017 4051 1245 4119 perfecti
1285 4058 1446 4118 sunt,
1479 4059 1538 4105 ut
1585 4047 1976 4104 duodenarius.
2041 4045 2217 4099 Media

640 4141 846 4210 Quippe
880 4156 1006 4212 pars
1036 4142 1154 4210 ejus
1175 4143 1426 4197 senarius
1455 4149 1560 4206 est,
1586 4140 1745 4195 tertia
1772 4153 1899 4194 vero
1925 4144 2220 4208 quaterna-

641 4235 780 4295 rius,
807 4241 1001 4302 quarta
1041 4235 1332 4296 tertiarius,
1385 4241 1541 4290 sexta
1591 4231 1858 4296 binarius,
1897 4227 2218 4283 duodecima

643 4326 846 4381 unitas.
899 4323 1026 4378 Haec
1056 4333 1237 4380 autem
1268 4325 1323 4379 in
1355 4340 1475 4395 quae
1504 4323 1870 4378 duodenarius
1903 4328 2082 4391 potest
2133 4319 2218 4374 di-

640 4417 777 4480 vidi,
808 4417 852 4472 si
887 4433 1081 4472 rursus
1106 4417 1160 4471 in
1187 4433 1248 4473 se
1278 4415 1984 4488 componantur,excedunt
2012 4413 2220 4469 duode-

2325 1945 2753 2016 ωγκρατοῦντος
2791 1947 2850 2000 τὸ
2887 1949 3025 2001 πᾶν·
3063 1949 3133 2002 τὰ
3176 1948 3236 2002 δὲ
3283 1948 3534 2003 διακόσια
3577 1950 3669 2002 τὸν
3700 1944 3901 2006 tat-860

2321 2033 2539 2088 τελείων
2566 2035 2813 2106 ἀριθμῶν
2841 2037 3285 2108 συνεζευγμένον,
3325 2038 3354 2090 ὃ
3379 2038 3443 2109 δή
3472 2039 3589 2092 ἐστι
3629 2039 3901 2111 σύμϐολον

2322 2127 2415 2180 τοῦ
2450 2127 2605 2196 ἁγίου
2648 2128 2994 2200 Πνεύματος,
3029 2129 3167 2184 καθὸ
3209 2130 3306 2202 τῆς
3349 2130 3606 2201 γνώσεώς
3653 2138 3769 2187 ἐστι
3799 2135 3898 2189 τοῦ

2323 2218 2454 2273 Υίοῦ
2515 2219 2674 2275 τοῦτο
2729 2223 2822 2276 καὶ
2872 2223 2966 2276 τοῦ
3017 2223 3232 2294 Πατρὸς
3282 2226 3646 2296 περιεκτικόν.
3696 2228 3776 2282 Τὰ
3834 2226 3898 2283 δὲ

2321 2312 2604 2384 ἑξήκοντα,
2627 2316 2718 2368 τὸν
2752 2315 2811 2380 ἓξ
2839 2316 3069 2388 ἀριθμὸν
3100 2318 3159 2370 ἑν
3188 2317 3409 2373 δεκάσιν
3443 2319 3578 2390 ἔχει,
3604 2319 3633 2373 ὃ
3674 2320 3739 2392 δή
3775 2323 3900 2376 ἐστι

2323 2406 2588 2478 σύμϐολον
2637 2408 2731 2462 τοῦ
2783 2409 3052 2481 Χριστοῦο
3089 2411 3384 2485 ἐπειδήπερ
3441 2414 3470 2466 ό
3520 2411 3628 2466 τῶν
3671 2411 3731 2478 ἒξ
3785 2412 3902 2468 ἀπὸ

2323 2500 2546 2570 μονάδος
2595 2501 2799 2572 προῖὼν
2855 2503 3085 2574 ἀριθμὸς
3141 2506 3207 2558 ὲκ
3236 2504 3345 2558 τῶν
3401 2504 3544 2559 ίδίων
3591 2505 3903 2562 συντίθεται

2323 2591 2524 2664 μερῶν,
2557 2593 2697 2648 ὥστε
2726 2596 2862 2665 μήτε
2905 2596 3113 2650 λείπειν
3149 2599 3208 2649 ἐν
3243 2596 3422 2668 ἑαυτῷ
3452 2615 3527 2663 τι,
3564 2599 3700 2669 μήτε
3736 2597 3905 2652 πλεο-

2319 2682 2528 2748 νάζειν·
2563 2687 2642 2748 είς
2673 2685 2740 2738 τὰ
2789 2687 2981 2738 ἑαυτοῦ
3011 2687 3121 2758 γὰρ
3157 2687 3299 2760 μέρη
3348 2688 3710 2760 ἀναλυόμενος
3758 2705 3906 2760 συμ-

2319 2776 2644 2846 πληροῦται.
2679 2772 2803 2830 Οἷον
2829 2775 2920 2830 τὸν
2945 2775 3004 2842 ἓξ
3035 2779 3114 2841 είς
3149 2777 3239 2830 ῐσα
3277 2778 3415 2850 μέρη
3455 2779 3512 2845 ἐξ
3537 2779 3665 2833 ἴσων
3705 2781 3905 2852 τεμνό-

2323 2885 2481 2940 μενον
2537 2868 2747 2940 μερῶν,
2778 2868 2990 2940 ἀνάγκη
3041 2869 3142 2938 τὴν
3184 2869 3353 2940 αὐτὴν
3390 2872 3454 2924 ὲκ
3488 2870 3598 2925 τῶν
3650 2872 3904 2944 διαμερι-

2322 2960 2556 3014 σθέντων
2620 2960 2925 3032 τμημάτων
2991 2960 3154 3034 πάλιν
3209 2963 3482 3033 ποσότητα
3535 2963 3898 3036 πληροῦσθαι.

2319 3050 2545 3122 Πρῶτον
2570 3053 2678 3122 γὰρ
2724 3052 2919 3122 μέρος,
2963 3051 3104 3104 κατὰ
3162 3050 3324 3122 μέσον
3354 3051 3726 3125 διαιρούμενος
3753 3058 3908 3109 ποιεῖ

2319 3143 2410 3196 τὸν
2436 3144 2560 3215 τρία
2579 3159 2593 3173 ·
2629 3140 2748 3198 εἶτα
2776 3145 2856 3207 εἰς
2880 3142 3006 3215 τρία
3038 3142 3410 3215 διαιρούμενος
3439 3145 3602 3217 μέρη,
3637 3151 3780 3201 ποιεῖ
3804 3149 3903 3204 τὸν

2319 3233 2440 3287 δύο·
2475 3231 2594 3286 εἶτα
2625 3236 2704 3298 είς
2728 3233 2787 3300 ἒξ
2819 3235 3114 3306 μερισθεὶς,
3159 3239 3304 3290 ποιεῖ
3335 3236 3428 3290 τὸν
3455 3237 3572 3302 ἕνα,
3616 3239 3710 3293 καὶ
3755 3257 3906 3311 συμ-

2319 3324 2622 3397 πληροῢται
2677 3325 2839 3381 πάλιν
2871 3329 2950 3391 είς
2994 3328 3203 3382 ἑαυτόν.
3236 3329 3331 3394 Εἰς
3364 3329 3472 3402 γάρ
3513 3329 3597 3396 δὶς
3636 3330 3760 3402 τρία
3801 3332 3907 3389 καὶ

2319 3416 2437 3486 τρὶς
2460 3416 2554 3468 δύο
2587 3417 2678 3470 καὶ
2713 3415 2899 3482 ἑξάκις
2947 3417 3003 3471 ἓν
3044 3419 3417 3492 διαιρούμενος
3438 3461 3454 3485 ,
3499 3421 3903 3492 συντιθεμένων

2318 3507 2425 3561 τῶν
2457 3508 2623 3580 τριῶν
2643 3511 2736 3563 καὶ
2765 3510 2875 3562 τῶν
2902 3510 2995 3564 δύο
3016 3512 3110 3565 καὶ
3129 3512 3222 3566 τοῦ
3245 3512 3384 3577 ἑνὸς,
3406 3513 3570 3567 πάλιν
3595 3511 3910 3586 ἀναπληροῖ

2317 3600 2421 3653 τὸν’
2438 3600 2516 3664 ἓξ.
2536 3600 2752 3656 Τέλειον
2780 3602 2836 3656 δὲ
2855 3604 2962 3656 πᾶν
2984 3602 3044 3668 ἐξ
3070 3604 3315 3674 ἀνάγκης
3342 3605 3459 3657 ἐστὶ
3481 3604 3542 3658 τὸ
3566 3605 3703 3676 μήτε
3724 3622 3902 3677 προσ-

2317 3691 2570 3763 δεόμενον
2601 3694 2682 3756 el;
2729 3693 3126 3764 συμπλήρωσιν
3160 3692 3350 3764 ἐτέρου
3370 3731 3387 3758 ,
3421 3694 3561 3764 μήτε
3602 3692 3912 3757 πλεονάζον.

2317 3783 2510 3838 ἑαυτοῦ
2564 3785 2802 3838 πώποτε.
2863 3784 2984 3837 Τῶν
3037 3785 3095 3838 δὲ
3147 3784 3320 3839 ἄλλων
3378 3784 3630 3857 ἀριθμῶν
3684 3787 3734 3840 οί
3793 3787 3904 3858 μιν

2319 3876 2652 3948 ὑπερτέλειοι
2700 3879 2856 3941 εἰσιν,
2900 3877 2976 3941 ὡς
3007 3879 3036 3930 ὁ
3064 3874 3296 3937 δώδεκα.
3330 3876 3406 3930 Τὸ
3445 3878 3554 3950 γὰρ
3581 3878 3694 3932 ἴσον
3725 3878 3899 3934 αὐτοῦ

2323 3968 2485 4038 μέρος
2525 3967 2595 4020 τὰ
2626 3967 2705 4034 ἓξ,
2740 3968 2832 4021 καὶ
2879 3967 2940 4022 τὸ
2973 3969 3155 4039 τρίτον
3184 3967 3255 4023 τά
3293 3970 3556 4041 τέσσαρα,
3589 3972 3683 4026 καὶ
3721 3974 3782 4026 τὸ
3805 3972 3906 4028 τέ-

2318 4075 2517 4129 ταρτον
2548 4058 2616 4112 τὰ
2659 4060 2807 4131 τρία,
2854 4060 2948 4114 καὶ
2979 4059 3039 4113 τὺ
3070 4058 3228 4113 ἕκτον
3257 4061 3324 4116 τά
3357 4061 3472 4127 δύο,
3503 4063 3597 4116 καὶ
3645 4063 3708 4117 τὸ
3732 4063 3902 4119 δωδέ-

2319 4165 2482 4203 κατον
2513 4153 2575 4201 τὸ
2622 4149 2698 4203 ἓν.
2733 4151 2827 4213 Εἰς
2858 4149 2895 4204 ἃ
2922 4149 3143 4204 δύναται
3190 4149 3536 4224 μερίζεσθαι,
3572 4153 3900 4209 συντεθέντα

2320 4238 2714 4310 ὑπερϐάλλουσι
2767 4241 2857 4295 τὸν
2907 4239 3114 4296 δώδεκα
3138 4283 3153 4308 ,
3203 4244 3265 4297 ού
3315 4244 3652 4317 τηρήσαντος
3699 4244 3900 4300 ἑαυτὸν

2321 4332 2433 4385 ίσον
2464 4334 2577 4396 τοῖς
2605 4331 2769 4386 αὑτοῦ
2804 4332 3046 4403 μέρεσιν,
3077 4333 3154 4399 ὡς
3199 4337 3229 4389 ό
3257 4334 3339 4403 ἐξ.
3371 4337 3434 4389 Ol
3478 4335 3537 4389 δὲ
3569 4335 3896 4404 ὑποτέλειοι,

2317 4423 2393 4487 ὡς
2420 4427 2448 4478 ό
2467 4424 2629 4478 ὀκτώ.
2661 4424 2734 4477 Τὸ
2773 4423 2882 4496 γὰρ
2907 4424 3079 4495 ἥμιν
3109 4425 3275 4480 αὐτοῦ
3305 4425 3374 4481 τά
3398 4427 3662 4498 τέσσαρα,
3703 4428 3798 4483 καὶ
3831 4428 3900 4483 τὸ

643 4509 881 4573 narium,
930 4512 1024 4580 qui
1061 4526 1120 4564 se
1158 4509 1384 4581 proinde
1424 4525 1532 4563 non
1573 4515 1751 4563 servat
1792 4507 2052 4576 aequalem
2098 4505 2217 4561 suis

2320 4514 2578 4588 τέταρτον
2601 4515 2670 4568 τά
2693 4514 2806 4579 δύο,
2838 4515 2932 4568 καὶ
2957 4515 3019 4569 τὸ
3048 4516 3234 4586 ὄγδοον
3257 4517 3320 4570 τὸ
3345 4516 3422 4570 ἓν.
3454 4518 3549 4581 Είς
3572 4517 3608 4572 ἀ
3634 4518 3898 4589 τέμνεται

644 4601 913 4670 partibus,
949 4602 1092 4656 sicut
1129 4603 1400 4663 senarius.
1443 4600 1552 4655 Alii
1591 4599 1932 4670 imperfecti,
1967 4607 2025 4653 ut
2061 4607 2216 4654 octo—

643 4695 851 4757 narius.
881 4693 1054 4763 ilujus
1078 4693 1221 4749 enim
1243 4695 1548 4760 dimidium,
1577 4692 1991 4765 quaternarius;
2024 4702 2216 4762 quarta

644 4800 773 4839 vero
822 4800 969 4855 pars,
1001 4785 1286 4854 binarius;
1329 4793 1544 4850 octava,
1592 4787 1794 4841 unitas.
1845 4784 1902 4839 ln
1954 4800 2094 4856 quas
2127 4785 2214 4840 di-

716 4938 829 5010 (22)
845 4942 979 4993 Κατ’
996 4939 1232 4996 εὐθεῖαν
1252 4941 1521 5009 ἀκριϐής.
1541 4941 1708 5009 Quasi
1731 4951 1874 4994 recta
1901 4956 1964 4995 ac
1997 4943 2212 5009 directe,

644 5023 730 5073 ac,
751 5011 909 5082 quod
946 5011 1258 5074 reddebam,
1304 5013 1440 5065 citra
1467 5029 1668 5066 onmem
1686 5013 1985 5082 rambagem.
2011 5011 2217 5082 Nempe

643 5079 1026 5152 κατέύθεῖαν,
1066 5083 1319 5145 subaudi,
1336 5083 1620 5152 γραμμήν,
1646 5081 1812 5152 idest
1835 5079 2037 5152 lineam
2059 5099 2077 5145 ;
2104 5079 2216 5137 non

642 5149 786 5221 quod
802 5148 1107 5221 Possinius,
1124 5148 1408 5204 secundum
1425 5148 1617 5206 rectam
1636 5151 1812 5220 ﬁdem.
1831 5150 2026 5206 Dicunt
2040 5153 2215 5207 Graeci

647 5214 1283 5342 lidetnﬁpdqvuhincque
1324 5222 1452 5302 illis.
1483 5214 1800 5293 ὀρθοτομεῖν
1826 5231 1879 5276 et
1911 5223 2210 5294 ὀρθοδοξία,

647 5303 708 5340 ac
739 5304 782 5340 SI
830 5305 945 5342 ouu
995 5292 1263 5342 eiusmodi
1297 5299 1404 5342 est.
1441 5307 1663 5342 mseoue
1711 5292 1847 5342 adeo
1884 5292 2208 5342 Anostulus:

643 5291 793 5364 ac_si_
830 5290 961 5358 quid
995 5290 1404 5364 ejusmodiest,
1440 5290 1847 5362 ipseque'adeo
1884 5290 2208 5364 Apostolus:

644 5357 882 5430 εὐθεῖαν,
914 5357 1211 5430 nunquam.
1243 5357 1539 5430 Conservis.

709 5427 821 5495 (23)
839 5427 1151 5502 Μέχριτὶερ.
1163 5468 1198 5483 ..
1217 5429 1322 5497 τῆς
1335 5430 1892 5498 ἀποκαταστάσεως.
1910 5430 2000 5485 Sic
2014 5432 2213 5502 ubique

646 5494 835 5551 Patres
863 5494 1312 5572 άπᾷκατᾶστασιν
1347 5513 1564 5565 vocant,
1605 5504 1764 5571 quasi
1813 5494 2211 5572 reparationem

645 5575 843 5630 status,
874 5576 927 5622 et
965 5569 1019 5640 in
1054 5571 1319 5639 integrum
1353 5569 1790 5626 restitutionem:
1822 5569 1958 5627 sano
1990 5572 2210 5640 quidem

644 5651 832 5698 sensu,
895 5639 986 5706 qui
1044 5654 1184 5710 sana,
1231 5641 1368 5703 lide,
1418 5643 1626 5710 lapsum
1661 5641 1880 5710 quidem
1934 5639 2209 5697 hominem

646 5715 970 5782 agnoscunt,
1003 5708 1113 5782 sed
1164 5709 1356 5764 Adami
1390 5708 1869 5782 iptievaricatione,
1901 5726 2008 5780 qua
2050 5713 2208 5767 nobis

647 5779 849 5832 amissa
886 5779 1150 5838 rectitudo
1190 5779 1456 5838 naturalis
1498 5789 1547 5837 ct
1584 5780 1674 5837 Dei
1704 5781 1878 5851 gratia
1908 5779 2106 5854 jusque
2141 5782 2208 5837 ad

2323 4607 2486 4677 μέρη,
2533 4605 2854 4660 συντεθέντα
2908 4608 3052 4660 ποιεῖ
3092 4608 3184 4662 τὸν
3216 4606 3394 4674 ἑπτὰ,
3430 4609 3525 4661 καὶ
3579 4609 3897 4680 προσδεῖται

2321 4695 2549 4765 μονάδος
2582 4696 2665 4759 είς
2691 4687 2788 4766 τὴν
2832 4696 3026 4750 ἑαυτοῦ
3066 4696 3490 4769 συμπλήρωσιν·
3528 4698 3626 4769 οὐχ
3657 4699 3733 4764 ὡς
3770 4702 3800 4755 ό
3831 4700 3901 4767 ἐξ

2321 4784 2590 4847 παντοίως
2610 4784 2787 4858 ἑαυτῷ
2819 4784 3108 4857 σύμφωνος
3133 4783 3229 4839 ὢν.
3254 4786 3345 4838 Διὸ
3368 4783 3463 4838 καὶ
3495 4784 3774 4858 ἀναφοράν
3810 4789 3897 4854 είς

2319 4943 2552 5014 gloriam
2575 4939 3135 5014 ;_quorumiperl‘epta
3166 4937 3466 5014 restitutio,
3502 4940 3730 5012 ipsaque
3769 4943 3886 5014 glo-

2318 5009 2398 5083 ria
2429 5027 2493 5066 ac
2524 5010 2618 5083 Dei
2642 5009 2923 5083 possessio
2943 5014 3011 5083 in_
3030 5009 3137 5064 line
3171 5009 3330 5064 nobis
3362 5009 3746 5083 caspectetur;
3773 5009 3894 5071 non

2317 5079 3193 5153 Origeniano—delirio,__cujusqtte
3224 5079 3698 5153 proprio_delicto,
3735 5079 3897 5140 ante-

2314 5148 2478 5226 qua'm
2501 5151 2667 5226 animi
2696 5148 3021 5226 corporibus
3043 5148 3419 5221 alligarentur.
3459 5148 3596 5226 Non
3618 5161 3743 5223 apte
3758 5169 3894 5226 ergo

2315 5221 2623 5286 Possinius,
2675 5221 2838 5277 donec
2890 5221 3240 5273 instituantur
3268 5235 3402 5273 nova
3433 5221 3674 5285 secula}
3727 5221 3890 5277 resti-

2317 5304 2536 5346 tuantur
2563 5293 2816 5355 dixisset,
2873 5290 3023 5361 nullo
3058 5289 3303 5359 periculo
3342 5288 3600 5346 Methodii
3642 5292 3892 5361 phrasin:

2314 5372 2561 5426 secutus,
2594 5378 2699 5432 qua
2745 5360 2951 5417 Christi
2984 5362 3157 5431 gratia
3186 5361 3494 5432 reparativa
3542 5369 3596 5432 et
3635 5360 3892 5417 sanativa

2315 5435 2448 5502 (non
2484 5429 2850 5502 ipsa'prima,
2901 5429 3185 5502 primaque
3234 5429 3329 5483 Dei
3374 5429 3700 5502 liberalitate
3748 5445 3891 5486 con-

2314 5499 2492 5575 cessa)
2507 5499 2741 5575 ejusque
2769 5502 3039 5556 terminus
3072 5499 3375 5555 indicatur:
3396 5515 3514 5575 _nec_
3535 5500 3639 5575 nos
3670 5502 3892 5570 sapien-

2315 5569 2483 5628 tiores
2511 5570 2770 5627 Patribus
2820 5586 3033 5633 sumus,
3060 5576 3118 5623 ut
3148 5583 3339 5624 eorum
3371 5569 3702 5638 theologicas
3728 5586 3895 5630 voces

2313 5641 2593 5697 communi
2645 5657 2747 5695 usu
2802 5640 2959 5695 tritas
2989 5681 3006 5702 ,
3061 5653 3162 5694 nec
3205 5639 3463 5696 Ecclesiae
3504 5655 3737 5708 usquam
3787 5641 3897 5697 im-

2315 5713 2595 5834 probaris,
2645 5726 3001 5781 respuamus,
3062 5719 3392 5781 nostrasque
3436 5710 3543 5765 illis
3587 5708 3901 5770 substitua-

2316 5797 2456 5834 mus.
2513 5795 2568 5834 Β.

2316 5797 2456 5838 mus.
2490 5795 2568 5837 ID.
