4090 6318
189 378 280 437 157
1260 387 1650 447 (ΞΟΝἮἼΙΗΜ
1691 387 1781 444 DE

1886 386 1924 443 ll
1965 383 2331 444 VIRGINUM.

3352 383 3459 440 158

183 503 262 562 τὸν
294 507 419 563 rev
460 509 726 582 ἀνείληφε
783 507 882 564 τοῦ
917 507 1074 575 Θεοῦ,
1107 508 1214 563 ἀπὺ
1243 509 1338 564 τοῦ
1397 511 1763 583 πληρώματος

1886 511 2023 565 visus
2051 517 2237 580 partes
2283 509 2333 563 si
2379 522 2578 564 rursus
2605 522 2676 564 ex
2730 506 2866 579 ipsis
2891 514 3277 580 componatur,
3325 509 3462 564 nihil

182 599 269 671 τῆς
298 599 544 671 θεότητος
575 605 657 668 είς
695 601 794 656 τὸν
831 602 948 673 βίον
981 601 1316 672 ἐληλυθότος.
1353 605 1628 666 Κενωοεὶς
1654 604 1763 676 γὰρ

183 693 265 746 καὶ
310 693 412 764 τὴν
473 695 688 766 μορφὴν
737 695 836 748 τοῦ
896 693 1083 747 δούλου
1127 693 1484 765 προσλαϐὼν,
1536 697 1616 758 εἰς
1667 694 1765 765 τὴν

183 783 366 838 εαυτοῦ
393 785 711 857 τελειότητα
739 786 906 840 πάλιν
933 783 1291 854 ἀνεπληρώθη
1328 785 1422 837 καὶ
1452 785 1551 855 τὴν
1582 784 1762 849 ἀξίαν.

180 875 340 938 Αὐτὸς
371 875 481 948 γάρ
511 879 570 928 ἑν
591 877 772 948 ἑαυτῷ
800 875 1173 948 σμικρυνθεὶς,
1198 875 1294 928 καὶ
1322 876 1381 926 ὲν
1410 877 1523 937 τοῖς
1570 873 1764 928 ἑαυτοῦ

181 965 397 1038 μέρεσιν
429 969 742 1034 ἀναλυθεὶς,
773 971 838 1022 ὲκ
870 970 970 1040 τῆς
1011 967 1200 1022 ἑαυτοῦ
1256 965 1617 1038 σμικρότητος
1672 965 1766 1020 καὶ

179 1057 274 1109 τῶν
306 1058 726 1132 ὲαυτοῦμερῶν
756 1061 837 1124 εἰς
896 1059 997 1130 τὴν
1020 1056 1410 1128 συμπλήρωσιν
1455 1057 1618 1110 πάλιν
1665 1057 1766 1128 τὴν

179 1149 364 1204 ιαυτοῦ
395 1153 493 1206 καὶ
513 1152 576 1205 τὸ
612 1152 842 1224 μέγεθος
883 1151 1141 1223 κατέστη,
1165 1151 1418 1207 οὐδέποτε
1443 1149 1538 1204 τοῦ
1562 1151 1766 1213 τέλειος

179 1237 308 1295 sint
346 1243 632 1314 μειωθείς.
1458 1241 1478 1258 ”

1869 603 1977 656 nisi
2014 601 2384 670 septenarium
2434 600 2616 656 reddit
2660 619 2673 654 :
2719 601 2971 673 indigens
3003 603 3237 666 unitate,
3290 611 3352 656 ut
3391 601 3463 655 ad

1871 691 1954 746 sui
1982 691 2444 760 complementum
2481 691 2801 763 perveniat:
2840 709 2946 746 non
3005 694 3164 762 plane
3197 709 3264 748 ex
3310 693 3463 746 omni

1870 789 2024 849 parte
2045 780 2150 835 sibi
2178 780 2282 850 ipsi
2321 796 2658 846 consonans,
2701 792 2761 834 ut
2812 783 3085 836 senarius.
3115 782 3467 853 Quapropter

1871 872 1960 925 hic
2009 871 2077 924 ad
2108 871 2308 926 Filium
2333 870 2430 928 Dei
2478 873 2735 938 refertur,
2787 873 2882 943 qui
2923 888 2954 926 a
2989 871 3326 943 plenitudine
3372 872 3463 927 di-

1873 964 2117 1019 vinitatis
2171 963 2226 1017 in
2263 964 2529 1019 mundum
2569 967 2800 1021 venerit.
2852 965 3178 1021 Exinanitus
3223 964 3371 1018 enim
3408 974 3466 1019 et

1873 1054 2048 1110 forma
2106 1056 2248 1110 servi
2311 1064 2567 1127 suscepta
2606 1057 2676 1122 ⁸⁸,
2746 1058 2802 1111 in
2863 1072 3020 1112 suam
3082 1071 3279 1112 rursus
3339 1070 3468 1124 per-

1874 1145 2164 1202 fectionem
2203 1162 2270 1203 ac
2307 1147 2628 1220 dignitatem
2661 1149 2984 1220 plenissime
3028 1150 3322 1205 restitutus
3350 1154 3459 1203 est.

1873 1237 1995 1310 lpse
2021 1239 2169 1294 enim
2209 1240 2264 1295 in
2306 1257 2366 1296 se
2403 1241 2525 1310 ipso
2561 1240 2891 1310 diminutus,
2931 1249 2988 1299 et
3019 1243 3077 1297 in
3109 1247 3294 1312 partes
3333 1255 3465 1297 suas

183 1335 449 1390 resolutus
479 1351 550 1391 ex
577 1351 680 1392 sua
711 1336 1077 1392 diminutione
1130 1335 1360 1407 suisque
1407 1335 1678 1406 partibus,
1731 1335 1788 1388 ln
1826 1333 2225 1404 plenitudinem
2282 1349 2479 1392 rursus
2533 1336 2774 1408 priorem
2802 1352 2868 1392 ac
2909 1336 3343 1408 magnitudinem
3379 1351 3468 1394 re-

181 1439 395 1501 paratus
419 1441 508 1488 est
532 1451 548 1487 :
586 1447 866 1504 nunquam
889 1432 1213 1496 diminutus,
1240 1443 1297 1487 ut
1316 1433 1592 1503 perfectus
1616 1447 1724 1487 non
1751 1438 1918 1486 esset.

260 1531 426 1584 ’Δλλά
445 1532 544 1584 καὶ
571 1532 606 1602 ἡ
631 1530 725 1585 τοῦ
750 1532 958 1601 κόσμου
983 1531 1161 1594 κτίσις
1197 1533 1263 1586 ὲκ
1303 1529 1497 1584 τούτου
1525 1530 1776 1599 φαίνεται

181 1625 318 1678 πᾶσα
347 1624 691 1695 συγκειμένη
716 1621 811 1676 τοῦ
845 1621 1084 1694 ἀριθμοῦ
1121 1623 1217 1675 καὶ
1258 1622 1358 1694 τῆς
1391 1622 1680 1694 ἁρμονίας,
1716 1623 1775 1675 ἐν

183 1715 234 1781 tg
260 1715 503 1787 ἡμέραις
528 1716 862 1786 ποιήσαντος
894 1714 988 1768 τοῦ
1014 1713 1150 1767 Θεοῦ
1177 1714 1270 1767 τὸν
1295 1714 1522 1784 οὐρανὸν
1553 1714 1646 1773 καὶ
1672 1711 1773 1783 τὴν
1807 1748 1848 1802 Β

183 1809 295 1880 γῆν,
324 1811 422 1864 καὶ
452 1810 524 1863 τὰ
559 1810 620 1862 ὲν
649 1811 868 1874 αὐτοῖς’
903 1809 1002 1880 τῆς
1038 1809 1326 1879 ποιητικῆς
1359 1807 1640 1877 δυνάμεως
1672 1805 1766 1859 τοῦ

185 1899 345 1968 Δάτου
370 1901 464 1952 τὸν
487 1899 548 1966 ἐξ
576 1899 998 1972 ἐμπεριέχοντος
1017 1898 1272 1970 ἀριθμὸν,
1305 1897 1428 1951 καθ’
1459 1897 1518 1949 ὃν
1551 1899 1586 1968 ὴ
1615 1895 1772 1967 τριὰς

185 1993 441 2064 aly.th
470 1993 593 2045 ἐστὶ
622 1994 902 2064 ποιητική.
937 1992 1129 2064 Μῆκος
1159 1991 1269 2062 γὰρ
1313 1991 1407 2044 καὶ
1435 1989 1635 2052 πλάτος
1678 1988 1773 2041 καὶ

185 2086 336 2158 βάθος
370 2088 537 2160 σῶμα
567 2089 884 2160 ἐργάζεται.
922 2089 983 2140 '0
1030 2088 1087 2140 δὲ
1130 2086 1192 2150 ἓξ
1235 2087 1301 2139 ὲκ
1350 2083 1459 2138 τῶν
1490 2081 1772 2155 τριγώνων

185 2181 290 2234 ἰπὶ
335 2182 720 2252 συγκείμενος.
769 2183 880 2236 Καὶ
927 2181 1056 2250 περὶ
1109 2179 1210 2249 μὲν
1257 2177 1464 2230 τούτων
1508 2176 1609 2229 οὑκ
1656 2175 1772 2228 ἐστι

187 2272 365 2345 καιρὸς
400 2274 632 2344 πρέπων
677 2275 736 2326 ὲν
771 2273 851 2342 τῷ
895 2271 1124 2342 παρόντι
1174 2268 1464 2336 διεξελθεῖν
1503 2267 1570 2320 δι’
1614 2268 1773 2337 ἀκρι-

189 2363 348 2428 ϐείας,
387 2364 476 2417 ἵνα
511 2364 608 2435 μὴ,
637 2365 699 2417 τὸ
726 2361 1484 2452 προκείμενονξάσαντεςηὰ
1517 2361 1771 2431 πάρεργα

191 2471 500 2526 σκοπωμεν.

1959 1527 2067 1584 Sed
2095 1536 2150 1584 et
2183 1529 2375 1585 mundi
2409 1531 2617 1586 creatio
2644 1539 2699 1587 et
2745 1531 3032 1587 harmonia
3080 1547 3150 1587 ex
3206 1530 3313 1586 hoc
3361 1545 3470 1585 nu-

1881 1635 2037 1676 mero
2069 1629 2186 1676 tota
2208 1621 2444 1677 conﬂata
2474 1622 2712 1678 videtur.
2755 1621 2863 1678 Sex
2893 1624 3098 1695 quippe
3124 1622 3342 1678 dierum
3370 1635 3472 1677 nu-

1881 1726 2034 1765 mero
2068 1711 2212 1767 Deus
2244 1713 2446 1768 celum
2471 1723 2523 1768 et
2557 1722 2762 1769 terram
2793 1714 3042 1769 condidit
3078 1721 3133 1770 et
3157 1727 3221 1769 ea
3262 1728 3386 1782 qua:
3408 1711 3468 1768 in

1877 1803 1959 1858 eis
1993 1810 2157 1869 sunt;
2191 1806 2470 1860 senarium
2496 1805 2552 1859 in
2587 1820 2956 1862 senumerum
2987 1804 3304 1863 continente
3319 1817 3474 1859 crea-

1879 1892 2038 1949 tricis
2067 1893 2291 1950 virtutis
2337 1895 2577 1960 ratione,
2610 1896 2666 1950 in
2692 1911 2802 1966 qua
2845 1897 3124 1951 ternarius
3173 1908 3469 1964 corporum

1880 1984 2104 2040 effector
2137 2000 2201 2039 ac
2231 2000 2434 2056 parens
2496 1995 2773 2041 censetur.
2807 1987 3118 2059 Longitudo
3153 1988 3354 2059 quippe
3413 1993 3473 2044 et
3517 1982 3522 1986 ’

1879 2074 2113 2131 latitudo
2168 2083 2223 2132 et
2291 2075 2642 2148 profunditas
2702 2093 2904 2149 corpus
2969 2079 3232 2136 efﬁciunt.
3296 2078 3473 2135 Porro

1881 2167 2135 2223 senarius
2183 2183 2251 2223 ex
2295 2168 2530 2239 trigonis
2598 2178 2684 2225 est
2731 2169 3093 2240 compositus.
3149 2169 3228 2224 Ac
3271 2171 3339 2226 de
3385 2171 3475 2228 his

1880 2259 2106 2330 quidem
2145 2260 2292 2317 haud
2345 2269 2718 2334 opportunum
2769 2263 2825 2317 in
2875 2278 3120 2333 praesens
3172 2271 3474 2334 aptumque

1880 2351 2197 2408 accuratius
2253 2353 2568 2411 disserendi
2615 2363 2872 2426 tempus;
2932 2370 3001 2410 ne
3059 2354 3270 2410 omisso
3323 2354 3472 2424 quod

1889 2443 1970 2497 rei
2003 2453 2167 2514 caput
2196 2460 2261 2501 ac
2277 2446 2582 2517 principale
2616 2452 2998 2517 argumentum
3022 2455 3127 2510 est,
3171 2444 3228 2499 in
3262 2444 3328 2500 iis
3352 2459 3476 2515 quas

1886 2536 2129 2591 secunda
2179 2545 2308 2593 sunt
2350 2553 2415 2594 ac
2462 2546 2826 2596 consectanca
2869 2537 3110 2594 studium
3139 2551 3476 2610 operamque

1887 2636 2157 2688 teramus.

257 2741 384 2797 CAP.
419 2740 538 2799 XII.
567 2743 654 2798 Ad
678 2746 1038 2802 imitationem
1064 2745 1318 2804 Ecclesia!
1347 2750 1403 2802 in
1431 2746 1719 2804 solitudine
1737 2745 1974 2816 degentis
2008 2758 2060 2803 et
2081 2751 2368 2807 draconem
2400 2754 2723 2822 superantis,
2746 2760 3104 2821 provocamur
3137 2750 3384 2822 virgines.

257 2855 463 2909 Οὐκοῦν
491 2855 651 2928 δεῦρο
677 2861 757 2923 είς
801 2859 902 2932 τὴν
935 2861 1141 2934 ἔρημον
1171 2863 1404 2916 ἐλθοῦσα
1441 2861 1648 2933 ταύτην
1682 2859 1776 2912 καὶ

192 2945 376 3013 ἄτονον
419 2950 608 3003 κακῶν
660 2953 694 3021 ἠ
741 2953 1042 3024 Ἐκκλησία
1091 2954 1389 3026 τρέφεται,
1431 2953 1774 3025 πτερουμένη

1957 2863 2016 2916 ln
2047 2865 2188 2920 hanc
2215 2867 2380 2936 igitur
2403 2868 2675 2922 malorum
2714 2867 2959 2922 sterilem
2988 2866 3343 2922 solitudinem
3382 2881 3479 2921 ve-

1887 2957 2046 3010 niens
2078 2956 2325 3013 Ecclesia
2375 2961 2645 3030 pascitur,
2679 2960 2940 3027 celsaque
2992 2959 3118 3013 caeli
3163 2957 3476 3030 petentibus

193 3043 297 3104 τινῖί
331 3043 726 3116 οὐρανοπὸροις
756 3048 856 3118 τῆς
900 3049 1200 3121 παρθενίας
1232 3052 1476 3120 πτεροῖς,
1505 3049 1569 3111 ἃς
1596 3046 1776 3102 ἀετοῦ

1886 3050 2197 3119 grandescit
2241 3053 2579 3123 virginitatis
2625 3053 2749 3118 alis,
2791 3069 2931 3123 quas
2964 3051 3250 3122 Scriptura
3292 3052 3337 3084 ”
3361 3067 3479 3104 ma-

191 3131 450 3202 μετάλσυ
481 3137 781 3209 πτέρυγας
818 3141 846 3192 ὁ
875 3141 1034 3210 λόγος
1062 3143 1186 3214 ἔφη,
1209 3144 1480 3215 νικήσασα
1519 3142 1611 3194 τὸν
1632 3141 1775 3208 ὅφιν,

1886 3157 1999 3210 9ηω
2031 3143 2224 3212 aquin
2255 3143 2376 3198 alas
2433 3146 2816 3215 nuncupavit:
2851 3151 3008 3215 parta
3058 3144 3176 3215 jam
3231 3143 3299 3199 de
3353 3159 3473 3201 ser—

199 3229 285 3281 καὶ
312 3229 413 3299 τῆς
446 3230 856 3305 πληροσελήνου
892 3235 993 3304 τῆς
1033 3236 1237 3306 ἑαυτῆς
1274 3235 1372 3299 τὰς
1407 3235 1637 3304 νεφέλας
1679 3233 1779 3296 τὰς

199 3317 582 3392 δυσχειμέρους
605 3323 998 3396 ἀπεωσαμένη.
1017 3325 1236 3379 Τούτων
1261 3325 1370 3396 γὰρ
1393 3325 1551 3396 χάριν
1574 3321 1780 3394 μεταξὺ

200 3410 390 3474 πάντες
416 3409 566 3467 0610:
596 3416 1023 3488 παρηνέχθησαν
1041 3417 1210 3486 λόγοι,
1241 3416 1583 3478 διδάσκοντες
1614 3417 1779 3485 ὑμᾶς,

201 3493 243 3554 ὦ
287 3504 744 3576 καλλιπάρθενοι,
779 3508 924 3561 κατὰ
963 3509 1164 3580 κράτος
1206 3509 1492 3581 μιμεῖσθαι
1537 3509 1635 3581 τὴν
1680 3526 1783 3580 μη-

203 3593 341 3664 τέρα,
385 3596 460 3666 μὴ
501 3597 886 3652 ἐπιϐολοῦσθαι
919 3600 976 3653 δὲ
999 3603 1120 3666 ταῖς
1147 3601 1407 3674 άχθηδόσι
1431 3603 1527 3655 καὶ
1555 3605 1785 3674 τροπαῖς

205 3689 287 3739 καὶ
317 3687 531 3758 Θλίψεσι
561 3691 658 3745 106
706 3693 843 3763 βίου,
884 3694 971 3747 ἵνα
1017 3695 1390 3768 συνεισέλθητε
1426 3693 1622 3767 γαῦροι
1667 3695 1784 3765 μετ’

206 3782 363 3852 αὐτῆς
395 3785 476 3847 είς
504 3785 598 3838 τὸν
627 3787 890 3856 νυμφῶνα
911 3827 926 3851 ,
963 3789 1408 3860 παραφαίνουσαι
1440 3791 1538 3854 τὰς
1564 3791 1785 3862 λαμπά-

205 3870 305 3936 δας.
330 3874 421 3944 Μὴ
449 3871 546 3929 οὖν
583 3878 998 3950 ἀποδειλιάσητε
1041 3882 1180 3954 πρὸς
1208 3882 1307 3946 τὰς
1359 3882 1641 3954 μεθοδείας
1694 3886 1788 3938 καὶ

205 3963 443 4028 διαϐολάς
487 3968 584 4022 106
627 3970 828 4044 θηρὸς,
869 3973 1028 4049 ἀλλὰ,
1054 3976 1341 4049 καρτερῶς
1383 3979 1787 4032 ὲνσκευάσασθε

205 4058 330 4128 πρὸς
361 4059 465 4131 τὴν
497 4062 702 4134 μάχην,
756 4065 858 4136 τὴν
890 4048 1056 4138 κόρυν
1102 4067 1200 4121 106
1233 4048 1506 4142 σωτηρίου
1555 4071 1651 4125 καὶ
1696 4071 1790 4125 τὸν

205 4148 420 4224 θώρακα
474 4156 574 4208 καὶ
623 4159 722 4221 τὰς
781 4161 1050 4231 κνημῖδας
1094 4159 1519 4232 ὲξωπλισμὲναι.
1569 4165 1789 4235 Μυρίαν

207 4244 301 4316 γὰρ
333 4244 486 4316 αὐτῷ
533 4249 874 4319 κατάπληξιν
923 4251 1200 4323 παράξετε
1235 4253 1375 4323 μετὰ
1408 4255 1607 4309 πολλοῦ
1648 4257 1789 4328 λήμ-

210 4352 366 4405 ματος
403 4339 497 4390 καὶ
531 4339 796 4409 εὐψυχίας
847 4342 1317 4413 προσϐάλλουσαν
1361 4346 1483 4398 οὐδὲ
1532 4348 1792 4418 στήσεται

1887 3246 2045 3305 pente
2067 3237 2322 3304 victoria,
2356 3253 2420 3293 ac
2462 3255 2564 3295 suo
2603 3239 2906 3309 plenilunio
2938 3238 3282 3292 brumalibus
3312 3238 3479 3293 nubi-

1887 3327 1992 3382 bus
2027 3329 2356 3400 int'estisque
2385 3329 2657 3400 disjectis.
2703 3329 2910 3384 Horum
2944 3331 3090 3384 enim
3117 3330 3317 3399 gratia,
3337 3345 3479 3399 quos

1887 3415 2159 3473 hactenus
2195 3419 2586 3489 impendimus,
2623 3435 2817 3474 omnes
2853 3419 2909 3473 hi
2941 3435 2970 3472 a
3008 3419 3168 3474 nobis
3193 3435 3480 3477 sermones

1890 3509 2087 3579 prolati
2121 3516 2250 3564 sunt
2281 3529 2292 3563 :
2330 3510 2686 3565 adhortantes
2715 3526 2835 3577 vos,
2860 3526 2894 3564 ο
2935 3512 3167 3582 egregia:
3212 3511 3478 3582 virgines,

1890 3608 1950 3656 ut
1975 3603 2106 3656 totis
2131 3601 2343 3657 viribus
2373 3610 2606 3657 matrem
2638 3602 2953 3670 imitemini,
2986 3619 3088 3658 nec
3125 3603 3316 3658 mundi
3350 3619 3472 3658 mo-

1890 3694 2064 3750 lestiis
2117 3694 2396 3765 variisque
2437 3703 2490 3751 et
2541 3695 2758 3751 alllictis
2806 3697 2933 3751 vita:
2984 3696 3230 3762 casibus,
3278 3698 3480 3752 mentis

1892 3801 2147 3842 serenum
2178 3770 2546 3856 turbetis;‘ut
2586 3804 2695 3842 una
2731 3803 2858 3842 cum
2893 3789 2985 3842 illa
3019 3790 3381 3853 exsultantes,
3415 3803 3481 3842 ac

1892 3880 2139 3936 lucentes
2168 3880 2522 3951 pmferentes
2541 3881 2844 3952 lampades,
2865 3882 2921 3935 in
2950 3883 3251 3936 thalamum
3280 3879 3484 3950 Sponsi

1891 3973 2157 4031 subeatis.
2188 3973 2266 4030 Ne
2320 3988 2452 4046 ergo
2507 3985 2732 4045 propter
2776 3975 2957 4028 varias
3007 3973 3281 4044 serpentis
3333 3980 3483 4028 artes

1892 4064 2122 4134 ejusque
2152 4063 2457 4118 calumnias
2487 4063 2730 4117 animum
2765 4062 3174 4132 despondeatis,
3208 4061 3303 4116 sed
3342 4076 3486 4131 prae-

1893 4166 2083 4231 parate
2114 4175 2209 4213 vos
2232 4159 2434 4214 acriter
2463 4158 2529 4212 ad
2565 4173 2826 4229 pugnam,
2861 4159 3070 4228 galeam
3104 4159 3298 4213 salutis
3323 4165 3378 4213 et
3399 4158 3485 4213 lo-

1892 4252 2088 4316 ricam,
2119 4258 2235 4305 tum
2274 4265 2502 4305 crurum
2542 4250 2924 4319 remorumque
2970 4265 3122 4304 arma
3164 4250 3363 4305 bellica
3397 4249 3484 4304 in-

1893 4345 2123 4400 dutaa“.
2170 4343 2555 4398 Incredibilem
2599 4344 2746 4398 enim
2776 4343 2853 4396 illi
2901 4351 3184 4413 stuporem
3213 4341 3481 4409 aderetis,

206 4428 436 4493 πάντως,
462 4431 530 4482 ὲκ
551 4430 645 4483 106
675 4433 985 4503 κρείττονος
1013 4433 1158 4506 ὁρῶν
1181 4436 1282 4500 τὰς
1315 4438 1641 4505 ἀντιπάλους
1686 4459 1782 4495 πα-

1896 4438 2027 4493 dum
2062 4453 2258 4511 magno
2281 4438 2337 4491 in
2376 4438 2554 4507 ipsum
2586 4437 2770 4491 animo
2806 4437 3141 4508 robustaque
3169 4436 3482 4492 constantia

210 4524 646 4594 ρατετιιγμέναςο
708 4523 824 4578 ἀλλ’
889 4527 1119 4582 αὐτόθεν
1183 4529 1421 4600 ἄρασθαι
1472 4532 1582 4586 τῶν
1645 4533 1782 4588 ἑπτὰ

1897 4531 2139 4587 irruetis.
2193 4529 2383 4601 Neque
2438 4529 2664 4584 omnino
2716 4530 3009 4584 sustinebit
3063 4529 3351 4598 impetum,
3385 4527 3480 4598 qui

210 4613 598 4685 παλαισμάτων
622 4617 766 4688 ὑμᾶς
803 4624 1146 4694 συγχωρήσει
1181 4623 1252 4676 τὰ
1289 4625 1539 4695 ἀριστεῖα
1560 4628 1589 4680 ὀ
1623 4629 1786 4683 πολυ-

213 4704 432 4773 κέφαλος
470 4710 565 4764 καὶ
595 4710 1026 4784 πολυπρόσωπος
1065 4711 1190 4785 Θήρ.

1898 4625 1995 4681 Dei
2019 4626 2180 4695 jussu
2212 4623 2490 4694 ductuque
2528 4622 2831 4677 instructas
2869 4630 3031 4691 atque
3067 4622 3344 4676 accinctas
3379 4619 3478 4673 ad-

1896 4734 2117 4774 versum
2149 4733 2208 4772 se
2241 4716 2541 4786 procedere
2571 4715 2719 4768 acies
2763 4714 2967 4769 videat.
3005 4712 3112 4769 Sed
3155 4715 3338 4768 statim
3371 4713 3481 4766 tol-

217 4798 318 4855 lere
352 4818 448 4858 vos
507 4801 872 4860 certaminum
931 4811 1138 4874 septem
1199 4805 1380 4875 opima
1419 4807 1593 4876 spolia
1625 4813 1981 4886 praemiaque,
2037 4807 2323 4876 multiceps
2376 4815 2432 4860 et
2475 4805 2792 4860 multifrons
2833 4805 3008 4863 bestia
3057 4804 3246 4860 volens
3285 4805 3480 4861 nolens

220 4890 361 4947 lerat.

284 5029 508 5095 Πρόσθε
531 5030 689 5085 λέων
708 5028 843 5102 (24),
875 5030 1082 5086 ὄπιθεν
1115 5031 1183 5084 δὲ
1209 5030 1462 5102 δράκων,
1485 5031 1690 5102 μέσση
1726 5035 1796 5088 δὲ

285 5170 483 5244 durer-
519 5171 941 5244 ἀποπνείουσα
971 5175 1161 5242 πυρὸς
1181 5174 1367 5244 μένος
1400 5101 1754 5242 έιῗθῗίμῗξῇἔ).

285 5241 385 5296 Καὶ
413 5240 528 5308 τὴν
548 5242 668 5311 μὲν
699 5240 1118 5314 ωτέπεφνεκό
1137 5240 1637 5386 ’Βελλεροφόἶ-τῃς
1657 5247 1792 5369 £335).

1516 5332 1632 5383 την

1931 5038 2132 5093 Fronte
2157 5037 2258 5104 leo,
2290 5035 2563 5107 caudaque
2581 5035 2765 5101 draco,
2797 5033 3066 5102 mediaque
3087 5029 3339 5085 chimaera

1934 5176 2038 5232 Ore
2067 5189 2275 5228 vomens
2303 5173 2455 5227 strvis
2484 5171 2730 5226 incendia
2761 5168 2938 5222 lurida
2959 5167 3192 5235 ﬂammis
3219 5184 3238 5222 :

1934 5246 2004 5301 Et
2032 5246 2183 5300 illam
2228 5243 2439 5314 quidem
2475 5242 2828 5313 Bellerophon
2871 5239 3092 5295 sustulit
3122 5255 3141 5293 :
3178 5239 3314 5294 hanc
3360 5250 3480 5291 vero

287 5471 328 5504 ⁸³
363 5469 506 5526 Phil.
533 5485 596 5538 ll,
623 5469 675 5524 ’1.
756 5471 802 5502 ⁸⁸
843 5470 1036 5526 Ezech.
1064 5487 1199 5536 xvu,
1240 5472 1295 5528 5.
1371 5471 1418 5503 ‘°
1462 5469 1655 5541 Ephes.
1690 5487 1765 5536 vr,
1804 5473 1893 5528 l7.

235 5633 394 5754 ιι(ὶ-ι)
422 5634 655 5704 Πρόσθε
689 5634 753 5687 .1.
791 5630 954 5688 Hom.
1021 5633 1186 5689 Iliad.
1227 5633 1288 5698 Z,
1322 5632 1446 5693 181,
1494 5631 1617 5686 190.
1649 5631 1776 5686 (Jou-

292 5719 380 5754 rm.

292 5719 380 5759 Fls.

293 5774 394 5848 (25)
425 5776 814 5848 Κατέπεφνεν
855 5776 892 5828 ό
918 5775 1440 5848 *Βελλεροφόντηςε
1475 5771 1795 5848 _Lc0nis_A_l-

243 5836 335 5901 ιιιίὶ
361 5836 671 5924 lectionem;
691 5849 884 5925 ipsam
916 5836 1275 5916 laborantem,
1297 5836 1444 5916 quod
1473 5844 1596 5902 loco
1624 5845 1652 5899 ὁ
1676 5841 1802 5896 Βελ-

1901 5625 2229 5700 λεροφόντης
2250 5632 2418 5700 esset,
2434 5627 2462 5679 ὁ
2492 5623 2757 5697 Περσεύς,
2780 5622 2998 5700 ργίξδῧιιο
3025 5620 3191 5700 etiam
3213 5616 3481 5700 particula

1903 5691 2132 5772 πρίνξθᾱ
2169 5691 2493 5772 explendum
2534 5691 2767 5772 nietruin
2783 5691 2812 5772 ,-
2839 5695 2918 5772 si_c
2949 5693 3095 5746 nulla
3131 5691 3202 5772 vi,
3229 5691 3482 5772 exigente

1904 5758 2086 5826 fabula
2110 5784 2206 5823 seu
2240 5758 2492 5828 historia,
2532 5765 2832 5821 emendavi.
2873 5762 3055 5830 Longe
3080 5762 3226 5815 enim
3273 5758 3480 5830 distant

1907 5841 2141 5900 Perseus
2171 5845 2224 5896 et
2245 5836 2621 5907 Bellerophon,
2653 5834 2960 5902 diversique
2982 5829 3201 5888 illorum
3236 5829 3474 5890 labores,
