4090 6318
611 369 719 428 £39

1577 368 1637 428 8.
1680 365 2014 425 HETHODII
2047 366 2361 426 EPISCOPI
2396 367 2486 424 ΕΤ
2515 364 2878 424 ΜΔΒΤΥΒΙΒ

3791 367 3900 424 160

642 485 890 546 Christus
913 502 1006 542 rex
1027 503 1046 542 :
1069 487 1254 543 multis
1277 487 1468 559 quippe
1490 487 1659 541 exitio
1696 485 1822 559 fuit.
1854 503 1947 541 nec
1978 485 2179 556 ferendi

2369 485 2628 554 Χριστὸς
2657 481 2813 549 ἄναξ
2835 500 2848 512 ·
2887 479 3159 549 πολλοὺς
3211 481 3324 552 τὰρ
3369 481 3710 559 ἁπώᾼεσετ,
3738 481 3899 559 οὐδέ

1069 595 1072 600 .
1785 560 1803 611 l
1810 560 1925 611 auis
1946 569 2060 611 erat

1069 595 1072 600 .
1844 560 1897 609 ui
1946 574 2003 610 er
2042 569 2060 611 t

642 625 818 694 Quam
851 643 916 682 ex
945 628 1091 699 genis
1127 642 1345 682 noxiam
1371 642 1612 696 spumam
1637 556 1942 691 eructiilitat‘;
2007 576 2036 612 α
2068 599 2082 624 ’

605 763 712 820 nisi
744 761 1084 835 proﬂigatam
1113 761 1371 818 Christus
1390 761 1545 830 prius
1568 758 1917 820 debellasset,
1938 772 2199 828 prorsus-

602 873 711 927 que
757 857 1036 912 inﬁrmam
1087 864 1255 927 atque
1294 860 1666 924 contemptam
1724 851 1883 906 nobis
1917 849 2196 907 reddidis-

602 957 706 1004 set.

2370 626 2611 695 Λοίγιον
2661 625 2732 677 ἐκ
2778 623 3009 694 γενύων
3047 622 3242 691 ἀφρὸν
3283 551 3820 692 ἐρευτοιὲἓξαξτψ

2305 763 2355 816 εἱ
2388 759 2465 834 μὴ
2509 761 2777 834 πρότερον
2825 760 3061 825 ἐκλύσας
3103 760 3273 832 αὐτὴν
3315 761 3742 833 κατειργάσατο,
3796 762 3900 816 καὶ

2305 853 2507 924 ἀσθενῆ
2539 854 2636 908 καὶ
2662 853 3141 925 εὐκαταφρόνητον
3166 854 3298 924 ἡμῖν
3339 852 3628 917 παντελῶς
3665 854 3892 925 εποίησε

2304 945 2564 1019 Χριστός.

597 1065 732 1123 Cn.
761 1064 904 1124 XIII.
934 1066 1134 1123 Bestia
1157 1067 1468 1124 diademata
1495 1077 1717 1139 septem,
1744 1068 1959 1139 victrice
1987 1066 2241 1121 castitate
2297 1065 2554 1122 tollenda.
2593 1066 2857 1123 Draconis
2885 1083 3087 1123 cornua
3120 1065 3319 1132 decem,
3353 1065 3618 1139 Dccalogo
3649 1067 3897 1136 opposita

1701 1140 1851 1196 vitia.
1885 1134 2018 1193 Fati
2041 1139 2239 1206 opinio,
2271 1139 2476 1192 malum
2507 1139 2822 1194 maximum.

669 1250 853 1318 Quare
885 1254 1135 1309 masculo
1165 1254 1463 1326 sobrioque
1512 1263 1800 1326 assumpto
1834 1256 2038 1320 animo,
2075 1253 2193 1308 fru-

596 1350 712 1401 stra
747 1344 985 1415 ringenti
1015 1345 1206 1401 bellum
1237 1361 1300 1401 ac
1321 1349 1552 1402 tumenti
1578 1362 1732 1402 arma
1764 1349 2042 1418 opponite.
2060 1345 2192 1417 Ejus

596 1434 735 1489 nihil
768 1438 1271 1506 oppugnationibus
1291 1439 1489 1502 cedite,
1524 1449 1686 1493 autve
1711 1439 1840 1493 hinc
1867 1440 2189 1506 turbemini,

595 1527 742 1596 quod
777 1525 1128 1583 ferocientem
1159 1528 1415 1585 videatis.
1453 1527 1732 1583 infinitam
1765 1530 1911 1584 enim
1939 1529 2191 1587 referetis

596 1619 849 1688 g‘oriam,
888 1620 933 1673 si
965 1620 1194 1676 victoria
1221 1621 1429 1691 potitae.
1455 1635 1594 1691 quas
1625 1629 1802 1691 gestat
1847 1629 2056 1693 septem
2089 1638 2188 1679 co-

597 1724 766 1763 ronas
790 1725 854 1790 ac
882 1711 1220 1775 diademata,
1245 1711 1311 1766 ab
1349 1712 1441 1766 illa
1473 1712 1850 1779 abstuleritis;
1887 1713 1956 1769 de
1986 1713 2188 1784 quibus

595 1801 756 1855 nobis
788 1811 1070 1858 certamen
1108 1817 1170 1856 ac
1202 1803 1348 1857 lucta
1390 1805 1671 1874 preposita
1702 1813 1808 1871 est,
1835 1813 1894 1860 ut
1930 1806 2192 1877 magister

595 1904 784 1950 noster
803 1893 1010 1950 Paulus
1036 1895 1222 1951 tradit.
1258 1894 1392 1962 Quae
1419 1899 1564 1954 enim
1588 1899 1860 1954 debellato
1889 1902 2042 1969 prius
2070 1900 2192 1954 dia-

591 1983 741 2048 bolo.
775 1995 983 2056 septem
1027 1988 1206 2057 capita
1241 1993 1535 2054 necaverit,
1566 1999 1772 2062 septem
1817 1993 2038 2048 virtutis
2094 2008 2191 2048 co-

593 2093 761 2133 ronas
803 2079 1161 2149 adipiscetur,
1199 2091 1405 2151 septem
1456 2083 1669 2154 magnis
1697 2083 1985 2154 perfuncta
2019 2085 2188 2140 casti-

593 2169 724 2223 tatis
746 2173 1168 2227 certaminibus.
1204 2171 1383 2243 Caput
1407 2175 1553 2229 enim
1586 2175 1848 2232 draconis
1880 2184 1966 2232 est
1988 2177 2187 2232 intem~

592 2264 841 2333 perantia
872 2272 925 2319 et
959 2265 1120 2321 luxus
1144 2283 1158 2331 ;
1183 2267 1276 2336 qui
1300 2267 1405 2322 hoc
1432 2275 1598 2338 caput
1629 2267 1986 2340 confregerit,
2018 2271 2188 2326 casti-

589 2356 718 2409 tatis
744 2371 949 2410 corona
974 2359 1284 2412 ornabitur.
1320 2359 1495 2429 Caput
1525 2367 1687 2416 estet
1717 2360 1956 2431 ignavia,
1996 2360 2188 2416 fracti-

590 2460 698 2516 que
728 2448 898 2501 animi
931 2449 1166 2504 imbellis
1196 2464 1400 2518 pavor;
1444 2451 1538 2519 qui
1589 2451 1694 2507 hoc
1745 2452 1881 2522 pede
1930 2469 2186 2524 premens

590 2538 821 2603 eliserit,
854 2553 1114 2592 coronam
1140 2538 1353 2594 auferet
1389 2542 1658 2612 martyrii.
1701 2541 1879 2612 Caput
1915 2555 2000 2598 est
2023 2551 2076 2599 et
2104 2545 2188 2597 in-

590 2628 828 2683 fidelitas
860 2637 916 2684 et
947 2632 1202 2696 stultitia,
1230 2642 1284 2688 et
1327 2634 1537 2704 reliqua
1571 2634 1623 2688 id
1655 2651 1829 2706 genus
1859 2637 2188 2707 improbita-

589 2722 662 2778 tis
694 2731 975 2782 monstra:
1006 2725 1100 2795 qui
1125 2739 1189 2779 ea
1229 2724 1526 2781 confecerit
1551 2742 1615 2782 ac
1647 2728 1970 2798 perdiderit,
2001 2729 2185 2800 opima

586 2811 655 2867 de
690 2813 797 2869 illis
829 2814 1070 2871 vietoriae
1101 2820 1326 2886 praemia
1351 2821 1678 2892 reportabit,
1712 2822 2014 2880 multifarie
2048 2839 2184 2880 con-

588 2913 711 2961 tusa
739 2910 982 2977 potentia
1021 2910 1301 2969 draconis.
1340 2913 1475 2976 Nam
1502 2923 1552 2970 et
1586 2915 1772 2973 decem
1812 2917 2020 2974 cornua
2056 2935 2184 2974 acu-

583 2997 767 3070 leique
792 3017 913 3071 qua:
939 3003 994 3058 in
1026 3005 1300 3073 capitibus
1324 3006 1468 3062 ferre
1492 3008 1662 3064 draco
1693 3009 1876 3066 dictus
1916 3019 2023 3076 est,
2047 3027 2182 3067 con-

2371 1253 2489 1320 Διδ,
2524 1253 2699 1326 θυμὸν
2724 1254 2931 1328 ἄρρενα
2959 1250 3222 1306 λαϐοῦσαι
3251 1250 3347 1304 καὶ
3377 1251 3634 1321 νήφοντα,
3669 1251 3896 1306 ἐναντία

2299 1341 2458 1399 θέσθε
2503 1344 2581 1416 τῷ
2615 1345 2744 1416 θηρὶ
2783 1343 3083 1415 σφριγῶντι
3122 1342 3190 1396 τὰ
3231 1342 3401 1395 ὅπλα·
3441 1341 3562 1412 μηδ’
3603 1342 3899 1415 ὑποχωρή-

2299 1456 2432 1511 σητε
2483 1438 2544 1492 τὸ
2576 1437 2795 1491 σύνολον
2818 1477 2833 1500 ,
2879 1438 2964 1505 ἐφ’
3008 1430 3092 1500 οἷς
3137 1435 3465 1507 θρασύνεται
3497 1434 3893 1506 ταραχθεῖσαμ

2303 1531 2496 1602 μυρίον
2526 1530 2636 1601 γὰρ
2660 1528 2811 1594 ἕξετε
2835 1528 3016 1593 κλέος,
3047 1529 3144 1582 ὲάν
3178 1527 3415 1597 ἀφέλητε
3444 1528 3737 1600 νικήσασαι
3761 1528 3898 1591 τοὺς

2295 1625 2382 1677 ἐπ’
2411 1622 2575 1677 αὑτοῦ
2606 1621 2906 1691 στεφάνους
2932 1620 3096 1685 ὲπτά,
3130 1620 3198 1674 δι’
3228 1618 3323 1683 οὓς
3349 1621 3378 1672 6
3406 1617 3557 1688 ἀγὼν
3589 1621 3723 1690 ημῖν
3755 1619 3899 1692 πρό-

2295 1734 2474 1771 κειται
2503 1716 2598 1769 καὶ
2629 1717 2663 1787 ἡ
2689 1716 2857 1787 πάλη,
2890 1713 3030 1767 κατὰ
3056 1713 3149 1766 τὸν
3181 1712 3501 1767 διδάσκαλον
3544 1713 3777 1767 Παῦλον.
3825 1716 3894 1769 Ἡ

2294 1810 2405 1882 γὰρ
2454 1807 2944 1880 καταγωνισαμένη
2995 1805 3087 1859 τοῦ
3134 1805 3382 1861 διαϐόλου
3442 1806 3741 1879 πρότερον,
3793 1809 3894 1862 καὶ

2293 1900 2622 1974 νεκρώσασα
2652 1899 2752 1963 τὰς
2791 1898 2931 1952 ὲπτά
2968 1897 3232 1968 κεφαλὰς,
3267 1898 3376 1953 τῶν
3423 1898 3564 1952 ἐπτά
3605 1901 3894 1968 στεφάνων

2291 1994 2392 2064 τῆς
2443 1993 2650 2064 ἀρετῆς
2700 1991 2974 2065 ἐγκρατὴς
3031 1991 3274 2059 γίνεται,
3334 1991 3606 2062 μεγάλους
3667 1992 3894 2060 ἀγῶνας

2290 2084 2630 2156 διαθλήσασα
2651 2083 2746 2154 τῆς
2784 2083 3028 2151 ἁγνείας.
3058 2082 3286 2153 Κεφαλὴ
3312 2083 3421 2155 γὰρ
3455 2082 3550 2136 τοῦ
3593 2083 3894 2157 δράκοντός

2291 2179 2454 2231 ἐστιν·
2475 2179 2510 2247 ἡ
2538 2175 2782 2248 ἀκρασία
2821 2176 2916 2230 καὶ
2945 2178 2979 2247 ἡ
3028 2177 3207 2249 τρυφή
3235 2191 3248 2206 ⁸
3285 2177 3315 2230 6
3341 2175 3548 2248 ταύτην
3584 2177 3894 2242 συνθλάσας

2289 2270 2565 2325 ἀναδεῖται
2617 2269 2709 2322 τὸν
2754 2270 3018 2340 στέφανον
3073 2270 3176 2340 τῆς
3224 2269 3598 2342 σωφροσύνης.
3654 2270 3890 2343 Κεφαλή

2288 2364 2404 2416 ἐστι
2441 2365 2534 2418 καὶ
2564 2365 2597 2434 ἡ
2631 2362 2802 2416 δειλία
2837 2364 2932 2416 καὶ
2962 2364 2995 2434 ἡ
3040 2362 3272 2435 θρύψις
3319 2364 3349 2416 6
3382 2360 3587 2435 ταύτην
3631 2363 3895 2436 πατήσας

2286 2456 2377 2508 τὸν
2401 2457 2665 2524 στέφανον
2696 2455 3000 2528 ἀναιρεῖται
3029 2457 3120 2511 τοῦ
3159 2457 3480 2530 μαρτυρίου.
3509 2457 3733 2530 Κεφαλή
3763 2459 3892 2512 ἐστι

2288 2549 2383 2599 καὶ
2409 2549 2441 2617 ἡ
2471 2548 2698 2600 ἀπιστία
2730 2548 2825 2600 καὶ
2849 2549 2882 2618 ἡ
2912 2548 3086 2616 ἄνοια,
3115 2550 3210 2602 καὶ
3232 2548 3298 2602 τὰ
3328 2549 3462 2603 ἀλλα
3489 2549 3749 2630 circulisin;
3781 2550 3891 2621 τῆς

2289 2640 2550 2712 πονηρίας
2597 2639 3076 2711 πλεονεκτήματα·
3113 2642 3142 2693 6
3174 2640 3348 2694 ταῦτα
3398 2643 3892 2714 κατεργασάμενος

2286 2733 2382 2787 καὶ
2412 2731 2617 2786 ἀνελὼν
2645 2731 2746 2795 τὰς
2777 2733 2865 2784 ἐπ’
2908 2733 3093 2796 αὐτοῖς
3122 2731 3289 2803 τιμάς
3323 2733 3682 2805 ἀποφέρεται,
3717 2735 3892 2788 πολυ-

2283 2826 2503 2898 τρόπως
2545 2825 3012 2896 ὲκκεραῖζομένης
3053 2822 3150 2877 τοῦ
3195 2823 3490 2895 δράκοντος
3533 2825 3635 2895 τῆς
3675 2827 3884 2897 ἰσχύος.

2284 2920 2395 2974 Καὶ
2419 2917 2528 2991 γὰρ
2568 2918 2662 2971 καὶ
2682 2915 2752 2970 τὰ
2783 2915 2916 2970 δέκα
2958 2915 3166 2986 κέρατα
3213 2915 3306 2969 καὶ
3341 2915 3565 2986 κέντρα,
3605 2915 3749 2986 άπερ
3787 2915 3892 2971 ἐπὶ

2281 3016 2402 3078 ταῖς
2428 3010 2687 3080 κεφαλαῖς
2716 3008 2911 3081 ἐλέχθη
2941 3008 3149 3081 φέρειν,
3167 3008 3223 3061 al
3244 3008 3376 3061 δέκα
3396 3006 3698 3071 ἀντιθέσεις
3718 3007 3887 3072 εἰσὶν,

585 3093 759 3145 traria
781 3093 971 3148 decem
1007 3093 1279 3166 Decalogo
1307 3108 1633 3169 argumenta
1662 3110 1812 3167 sunt,
1842 3118 1876 3157 ο
1903 3105 2179 3174 praeclara)

2284 3101 2326 3160 ὦ
2359 3101 2800 3174 καλλιπάρθενοι,
2838 3099 2934 3154 τοῦ
2971 3099 3300 3168 Δεκαλόγου,
3343 3093 3429 3162 αἷς
3465 3097 3890 3171 ἀνακερατίζειν

585 3183 853 3254 virgines.
880 3201 1082 3257 qutnus
1120 3189 1357 3245 arietare
1405 3192 1698 3263 acriusque
1731 3203 1916 3264 petere
1944 3209 2008 3249 ac
2043 3197 2183 3265 deji-

587 3290 713 3329 cere
747 3280 1110 3346 plurimorum
1168 3283 1380 3337 animos
1429 3286 1756 3352 consuevit;
1800 3301 1997 3357 nempe
2045 3287 2178 3342 huic

586 3381 859 3439 pmceuto
889 3389 901 3426 :
938 3371 1135 3443 Diliges
1171 3373 1458 3428 Dominum
1482 3375 1647 3430 Deum
1682 3389 1830 3430 tuum
1859 3379 1926 3444 εί,
1957 3394 2021 3434 ac
2051 3381 2183 3435 reii-

585 3463 711 3530 quis
727 3461 987 3534 deinceps
1018 3467 1292 3522 mandatis
1323 3469 1599 3524 contraria
1633 3471 1853 3541 sapiens
1879 3472 2183 3542 ipse,aliis-

584 3568 694 3623 que
742 3555 1037 3613 ohtrudere
1089 3568 1365 3631 satagens.
1419 3560 1550 3616 Vide
1613 3565 1759 3618 enim
1813 3564 1962 3620 illius
2005 3579 2179 3619 cornu

585 3645 709 3715 igne
734 3663 1030 3705 accensum
1055 3667 1118 3706 ac
1153 3656 1578 3720 amarulentum,
1601 3656 2045 3723 fornicationem,
2066 3674 2176 3730 quo

586 3738 1017 3808 intemperantes
1047 3743 1170 3798 ferit
1203 3765 1214 3800 :
1253 3747 1374 3800 vide
1403 3748 1757 3814 adulterium,
1795 3750 1918 3806 vide
1949 3752 2177 3807 menda-

2289 3197 2445 3252 εἴωθε
2497 3197 2591 3249 καὶ
2640 3193 2854 3264 βάλλειν
2904 3192 3001 3256 τὰς
3051 3191 3160 3245 τῶν
3220 3191 3485 3245 πλείστων
3533 3191 3739 3262 ψυχάςο
3771 3192 3885 3261 τῇ,

2301 3287 2687 3360 Ἀγαπήσεις,
2722 3285 2935 3356 ἐντολῇ,
2965 3280 3073 3339 τὸν
3103 3280 3325 3352 Κύριοῖρ
3360 3301 3476 3340 σου
3496 3325 3510 3348 ,
3556 3284 3625 3343 τά
3657 3283 3889 3339 ἐναντία

2291 3381 2501 3454 φρονῶν
2534 3381 2628 3434 καὶ
2669 3378 3106 3448 τεκταινόμενος,
3136 3378 3230 3431 καὶ
3263 3379 3376 3442 τοῖς
3418 3377 3544 3448 ἑξῆς
3585 3377 3890 3451 νομοθετή-

2292 3491 2446 3546 μασι.
2499 3472 2595 3525 Ἰδὲ
2624 3471 2734 3542 γὰρ
2781 3470 2950 3542 κέρας
2999 3469 3165 3522 αὐτοῦ
3220 3470 3481 3541 διάπυρον
3514 3473 3610 3526 καὶ
3658 3471 3882 3544 πικρὸν,

2287 3566 2386 3637 τὴν
2422 3564 2712 3636 πορνείαν,
2846 3562 2973 3626 τοὺς
3018 3561 3335 3632 ἀκράτορας
3387 3561 3600 3632 βάλλει·
3657 3563 3731 3616 ίδὲ
3778 3563 3886 3620 τὴν

2281 3661 2552 3733 μοιχείαν,
2583 3657 2660 3711 ἰδὲ
2689 3655 2750 3710 τὸ
2780 3655 2996 3726 ψεῦδος,
3024 3654 3098 3707 ῑδὲ
3126 3654 3222 3726 τὴν
3255 3654 3638 3726 φιλαργυρίαν,
3675 3655 3748 3709 ίδέ
3773 3655 3888 3727 τὴν

2276 3753 2505 3824 κλοπὴν,
2553 3750 2648 3804 καὶ
2678 3748 2747 3802 τὰ
2795 3747 2932 3802 ἄλλα
2975 3745 3188 3810 τούτοις
3227 3745 3434 3816 ἀδελφά
3475 3747 3569 3799 καὶ
3613 3746 3878 3817 συγγενῆ,

584 3832 753 3894 cium,
788 3834 912 3889 vide
958 3838 1261 3903 avaritiam,
1305 3841 1428 3895 vide
1483 3841 1714 3908 furtum,
1750 3853 1913 3915 atque
1960 3847 2174 3917 reliqua

2284 3847 2448 3900 57:65::
2520 3840 2943 3914 ύπερισχύουσιν
3006 3838 3152 3910 ἀμφὶ
3213 3840 3336 3902 ταῖς
3382 3837 3644 3906 κεφαλαῖς
3703 3835 3880 3892 αὑτοῦ

583 3921 671 3977 his
698 3939 955 3994 germana
984 3937 1038 3981 et
1080 3927 1292 3997 affinia,
1323 3940 1527 4001 quanta
1575 3934 1725 3988 circa
1766 3936 1912 3992 illius
1947 3936 2178 4007 parrici-

656 4070 702 4102 ⁶¹
742 4070 902 4127 Deut.
935 4087 1013 4139 Vl,
1038 4072 1095 4129 5.

582 4228 667 4283 vel
700 4230 834 4292 veri,
862 4230 947 4308 vel
979 4231 1120 4286 ficti:
1159 4247 1262 4308 nec
1292 4239 1439 4308 tanta
1488 4231 1744 4308 Methodii
1789 4235 2164 4308 ἁνιστορησία,

586 4309 646 4353 ut
667 4317 786 4376 qtae
809 4303 972 4376 unius
999 4306 1243 4376 sunt_(re
1263 4306 1339 4376 sic
1362 4305 1512 4367 trita,
1543 4315 1596 4358 et
1633 4306 1687 4358 in
1713 4308 1908 4374 patria,
1938 4303 2168 4376 citi'ipse

585 4373 803 4446 praefuit
844 4374 1159 4446 episcopus)
1213 4375 1508 4446 tribuerit:
1544 4376 1638 4430 sed
1687 4373 1978 4446 antiquarii
2017 4373 2165 4432 istud

589 4443 826 4516 plagiam
853 4444 1067 4516 fuit,th
1098 4457 1152 4516 et
1181 4447 1325 4514 quod
1354 4444 1649 4500 Vaticanus
1667 4443 2166 4516 antiquarius,ipsc

591 4513 1189 4585 ridiculustsnbdidit,
1242 4516 1584 4585 Κατὲπεφνε,

591 4583 830 4658 πιθήσας
858 4584 1092 4658 Χριστὸς
1134 4584 1318 4658 ἄναξ-ο
1353 4583 1510 4656 quasi
1544 4583 1798 4642 Christus
1839 4583 1963 4642 vere
1995 4590 2170 4658 ipsius

590 4653 864 4725 chimzerze
889 4653 1130 4709 domitor
1154 4659 1258 4710 l'uei
1276 4656 1316 4709 it
1343 4653 1573 4725 eamque
1603 4658 1887 4717 occiderit.
1919 4653 2032 4713 non
2048 4660 2168 4713 dia-

592 4724 776 4798 bolum
827 4732 880 4779 et
913 4726 1233 4798 draconem,
1273 4732 1434 4794 cujus
1463 4724 1551 4782 ille
1576 4737 1704 4798 typo
1730 4730 2046 4782 cliinimram
2079 4745 2170 4784 as-

591 4795 762 4868 sumit
791 4816 802 4850 :
829 4797 923 4868 qui
955 4812 1152 4850 sensus
1179 4798 1552 4863 perabsurdus
1581 4795 1686 4860 est,
1720 4815 1829 4868 quo
1859 4800 2023 4854 etiam
2062 4800 2173 4853 hiat

590 4867 787 4929 oratio,
821 4867 1134 4922 desiderata
1157 4869 1325 4920 altera
1353 4878 1505 4935 parte
1540 4867 1865 4924 adversante
1894 4889 1904 4922 :
1942 4886 2064 4922 nam
2087 4871 2170 4934 τὸ,

589 4938 689 5012 τὴν
721 4937 838 5012 μὲν,
866 4941 980 5012 τὴν
1005 4937 1061 4991 δέ
1081 4938 1319 5008 postulat
1343 4940 1456 4992 sive
1480 4939 1642 5012 etiam
1675 4939 1764 4992 τὸν
1791 4941 1868 5003 δέ,
1905 4942 2046 5012 quod
2077 4941 2174 4994 ha-

594 5005 774 5079 buerit
805 5005 984 5064 Allatii
1010 5005 1217 5065 codex:
1252 5019 1442 5076 estque
1480 5009 1705 5069 indicio.
1748 5011 1892 5079 quod
1924 5005 2169 5066 'mascu-

593 5077 708 5151 lino
728 5094 925 5146 genere
957 5081 1317 5151 ἐρευγόμενον
1353 5082 1535 5143 habet,
1561 5083 1717 5148 quasi
1747 5077 2037 5137 referendo
2082 5083 2173 5135 τὸν

591 5149 865 5223 δράκοντα
898 5159 950 5223 et
977 5149 1287 5208 diabolum:
1327 5166 1490 5221 quam
1526 5154 1810 5208 lectionem
1839 5155 2020 5208 minus
2046 5169 2174 5223 pro-

596 5221 689 5276 bat
719 5219 896 5294 editor
932 5221 1157 5291 Lupar.,
1209 5240 1308 5293 ego
1341 5219 1513 5289 inagis
1559 5224 1752 5291 probo,
1783 5219 2077 5294 malimque
2105 5225 2172 5278 ad

598 5304 717 5365 eam
751 5292 944 5365 omnia
965 5292 1370 5364 coinponi,’etsi
1405 5293 1662 5365 feminine
1689 5295 1815 5348 ferri
1844 5292 2044 5363 potest,
2063 5310 2172 5365 qua

595 5362 882 5417 Chimaera:
919 5362 1110 5432 figura,
1142 5367 1346 5421 Christi
1385 5364 1452 5419 de
1487 5364 1722 5418 dracone
1760 5376 1812 5420 et
1846 5362 2175 5421 diabolo—vi-

599 5434 832 5506 ctoriam
864 5435 1148 5499 describit,
1184 5438 1274 5505 qui
1322 5437 1393 5491 sit
1424 5437 1656 5506 inystica
1685 5435 1971 5492 Chimaera.
2001 5437 2175 5491 Porro

596 5505 866 5559 Chimaera
926 5519 1083 5578 mons
1112 5516 1195 5578 est
1224 5510 1274 5561 in
1327 5505 1489 5578 Lycia
1546 5507 1873 5578 ignivomus.
1919 5510 1974 5562 in
2019 5508 2174 5577 cujus

599 5577 885 5648 cacumine
921 5577 1106 5630 leones
1138 5577 1474 5648 habitarent,
1517 5579 1570 5631 in
1611 5579 1790 5632 medio
1829 5579 1919 5634 ubi
1954 5580 2174 5648 pascuis

602 5647 863 5721 abundat,
889 5662 1069 5721 caprae
1095 5665 1115 5721 ;A
1143 5647 1198 5721 in
1229 5648 1526 5711 radicibus,
1555 5659 1859 5721 serpentes,
1878 5647 2038 5721 quem
2056 5649 2176 5721 Bel-

604 5717 864 5790 lerophon
914 5717 1266 5790 habitabilem
1316 5717 1665 5786 reddiderit;
1712 5717 1950 5790 hincque
2000 5720 2174 5790 poetis

603 5787 914 5861 edomuisse
935 5787 1262 5861 Chimaeram
1278 5799 1580 5845 monstrum
1603 5807 1700 5861 per
1727 5787 1964 5846 fabulam
1992 5787 2174 5846 dictus

607 5860 699 5915 sit.
734 5857 978 5914 Meminit
1004 5862 1168 5917 etiam
1198 5860 1317 5936 ejus
1353 5861 1556 5919 montis
1577 5857 1837 5934 ignivomi
1865 5861 2173 5919 Methodius

1639 4517 1851 4600 ῌατρὲς
1877 4519 2167 4600 τεράτεσσι
2202 4545 2246 4600 D

2276 3937 2394 3998 ταῖς
2446 3930 2914 4005 ἀνθρωποκτόνοις
2976 3926 3295 3998 πεφυκότα*
3355 3925 3422 3991 ἃς
3455 3927 3611 3998 ὑμεῖς
3652 3944 3883 4000 suppa.

2278 4235 2422 4304 apud
2451 4233 2819 4305 Epiphanium
2865 4231 3026 4306 LWDe
3056 4231 3472 4306 resurrectione,
3532 4232 3882 4306 plantasque

2278 4301 2424 4360 haud
2463 4301 2652 4376 procul
2686 4308 2756 4376 ab
2782 4304 3323 4376 ebullientibusejus
3358 4301 3592 4376 flammis
3613 4301 3875 4376 miratur.

2278 4376 2418 4430 Nota
2447 4374 2553 4430 alia
2587 4376 2653 4431 de
2685 4375 3128 4445 Bellerophonte,
3167 4375 3420 4442 datisque
3463 4374 3658 4428 litteris
3683 4382 3741 4427 ut
3767 4388 3878 4429 oc-

2277 4448 2574 4510 cideretur,
2636 4463 2760 4501 cum
2806 4445 3136 4516 impudicam
3180 4447 3466 4500 mulierem
3520 4459 3550 4497 a
3606 4458 3665 4498 se
3704 4458 3876 4513 repu-

2279 4519 2474 4583 lisset;
2528 4533 2635 4588 qua
2676 4528 2857 4572 tamen
2907 4517 3189 4572 molitione
3218 4517 3523 4588 sieclarus
3569 4517 3868 4588 evaserit;

2278 4589 2422 4642 haud
2449 4585 2675 4658 proinde
2700 4589 3052 4658 importunus
3082 4588 3166 4641 vel
3192 4587 3401 4642 Christi
3429 4585 3644 4658 figu_ne,_
3649 4654 3658 4658 _
3673 4585 3754 4638 vel
3799 4585 3873 4640 ii-

2276 4659 2358 4711 bri
2393 4653 2714 4728 argumento
2743 4653 2808 4712 de
2835 4659 3145 4728 virginitate
3173 4667 3227 4713 et
3253 4653 3606 4728 castimonia.
3628 4653 3870 4714 Perseus

2277 4730 2413 4782 nihil
2443 4702 2734 4798 eiusmodi,
2788 4702 3151 4797 ipseoDanaes
3181 4743 3245 4783 ac
3278 4726 3430 4798 Jovis
3483 4733 3675 4798 stupro
3725 4740 3867 4782 con-

2276 4797 2489 4868 ceptus,
2521 4811 2573 4855 et
2598 4802 2690 4871 qui
2720 4798 3210 4871 Medusauhunam
3239 4815 3307 4853 ex
3336 4797 3704 4866 Gorgonibus.
3739 4798 3866 4854 orci

2275 4867 2661 4940 clypeotcctus
2679 4872 2958 4926 occiderit.
2986 4868 3088 4924 Ubi
3116 4867 3269 4924 lovis
3290 4875 3634 4940 assumptum
3658 4882 3868 4927 nomen

2277 4938 2341 4994 ad
2371 4943 2655 5011 tegendam
2684 4943 2834 5010 proci
2873 4955 3187 5012 personath
3217 4939 3311 5006 qui
3342 4938 3461 4990 auri
3495 4939 3544 5012 vi
3580 4942 3865 5012 corruptis

2277 5009 2622 5074 custodibus,
2674 5009 2728 5064 in
2771 5009 2954 5071 arcem
3007 5026 3113 5081 qua
3155 5009 3342 5063 Danae
3388 5009 3696 5081 tenebatur,
3749 5009 3865 5068 Sibi

2277 5085 2416 5135 viam
2455 5085 2642 5137 fecerit
2667 5077 3371 5152 puellamquecorruperit.
3411 5077 3864 5152 Facessantergo

2277 5153 2632 5223 impudicitiae
2654 5151 2926 5223 exempla,
2964 5168 3032 5205 ne
3051 5167 3158 5204 non
3185 5151 3446 5205 illustrari
3472 5154 3726 5222 splendor
3749 5155 3867 5206 vir-

2279 5221 2526 5293 ginitatis
2554 5221 3062 5295 perorante_Th_ecla
3085 5223 3296 5291 virgine
3324 5221 3625 5293 earumque
3649 5224 3864 5295 princi-

2277 5291 2363 5362 pe,
2397 5291 2666 5360 videatur,
2700 5293 2796 5350 sed
2844 5291 3089 5365 foedarim:
3127 5300 3492 5362 maneantque
3537 5291 3664 5365 quae
3697 5293 3864 5347 forti-

2277 5367 2487 5422 tudinis
2503 5383 2656 5437 aeque
2670 5382 2734 5420 ac
2751 5364 3250 5437 castitatisillustre
3272 5364 3566 5437 specimen
3589 5365 3858 5437 habeant,

2277 5438 2325 5492 ei
2358 5433 2586 5507 prorsus
2626 5436 2862 5508 gemina,
2897 5435 3044 5508 quod
3091 5435 3158 5489 de
3206 5434 3398 5508 divino
3440 5433 3701 5508 ipsepho,
3731 5433 3861 5500 ipso

2277 5506 2478 5580 Christi
2508 5506 2677 5580 figura
2710 5506 2991 5580 ρι’ςῐξιιρϋιιί
3017 5545 3032 5571 ,
3075 5506 3525 5580 sacris__oraculis
3567 5506 3863 5580 σηπίη-εξο-

2278 5579 2448 5633 ditum
2477 5572 2571 5635 est
2597 5598 2610 5634 :
2646 5572 2793 5648 quod
2856 5577 3032 5647 ipsum
3071 5578 3206 5631 forte
3234 5577 3406 5632 Graeci
3439 5577 3496 5630 in
3525 5589 3625 5632 suo
3678 5572 3860 5628 Belle-

2279 5652 2544 5720 rophonte
2570 5658 2963 5720 reprazsentare
2997 5649 3290 5711 voluerint,
3317 5656 3375 5720 ut
3407 5655 3536 5701 sunt
3577 5651 3769 5720 nostra
3800 5652 3860 5699 et

2279 5714 2435 5776 sacra
2468 5714 2897 5791 longe-profanis
2920 5716 3234 5774 Gram-orum
3266 5717 3599 5788 antiquiora,
3631 5714 3861 5784 illisque

2281 5789 2609 5861 praeiverunt
2643 5789 2665 5846 ί
2686 5805 2792 5860 qua
2830 5789 2898 5844 de
2939 5805 3009 5845 re
3028 5806 3152 5846 cum
3173 5798 3399 5861 veteres
3429 5796 3543 5842 tum
3573 5792 3628 5843 et
3653 5799 3859 5845 recen-

2278 5859 2446 5921 tiores
2469 5859 2771 5920 luculenter
2804 5868 3126 5920 tractavere.
3157 5859 3449 5918 Counsrts.
