4090 6318
632 383 744 442 163

1582 375 1642 434 S.
1680 372 2013 432 ΠΕἸἮοῦΠ
2048 370 2359 430 EPISCOPI
2401 372 2490 428 ET
2527 371 2888 429 MARTYRIS

3789 382 3899 440 164

631 498 714 556 ris
739 495 834 560 sit,
861 493 1092 551 servatis
1121 507 1336 563 semper
1361 490 1556 549 iisdem
1588 491 1828 562 partium
1875 490 2202 557 intervallis,

2316 489 2566 560 ἀνάγκη,
2620 491 2794 560 φασὶ,
2845 489 2986 544 κατά
3037 487 3135 555 τὰς
3175 491 3368 562 ὁμοίας
3428 492 3737 561 διαστάσεις
3784 489 3924 552 τῶν

633 589 871 645 mediam
917 586 1148 656 hujusce
1185 599 1368 640 rerum
1402 583 1778 638 universitatis
1799 591 2000 638 terram
2025 581 2215 636 consi-

637 680 770 736 dere
816 694 1040 733 necesse
1068 685 1174 743 est,
1205 677 1356 730 circa
1385 690 1550 746 quam
1579 674 1700 743 ipso
1731 674 2003 729 seniorem
2047 671 2215 727 verti—

634 773 730 824 tur
753 767 973 822 calum.
1029 764 1166 819 Nam
1216 765 1264 820 si
1321 779 1387 818 ex
1427 769 1631 833 puncto
1662 769 1716 818 et
1761 768 1952 819 centro
1994 768 2216 817 constat

634 860 861 933 sphera:
889 856 1326 920 circumductus,
1374 856 1468 926 qui
1509 854 1696 925 utique
1730 854 1883 911 orbis
1915 870 2039 911 esse
2061 854 2216 910 vide-

636 961 731 1008 tur
759 957 814 1008 et
843 950 1122 1006 circulus:
1147 963 1271 1002 cum
1303 946 1420 1001 ﬁeri
1450 961 1557 1002 non
1580 947 1754 1016 possit
1781 955 1839 1000 ut
1868 946 1988 1003 sine
2008 954 2216 1019 puncto

631 1044 882 1100 circulus
915 1041 1285 1104 describatur,
1323 1053 1424 1092 nec
1455 1039 1698 1094 circulus
1725 1054 1850 1094 esse
1879 1041 2055 1109 possit
2087 1041 2217 1095 abs-

632 1151 744 1207 que
791 1142 1018 1206 puncto,
1061 1133 1286 1203 quinam
1343 1130 1459 1185 ﬁeri
1515 1139 1728 1201 potest,
1763 1132 1940 1196 aiunt,
1984 1138 2045 1184 ut
2104 1145 2215 1185 non

633 1226 894 1281 omnibus
923 1225 1074 1294 prior
1106 1231 1250 1276 terra
1274 1222 1567 1285 exstiterit,
1592 1222 1825 1292 ejusque
1852 1222 2024 1291 ipsius
2045 1221 2215 1276 chaos

632 1324 694 1373 et
717 1315 1087 1388 profundum?
1114 1313 1279 1368 Plane
1300 1313 1446 1367 enim
1483 1313 1536 1367 in
1571 1316 1776 1369 erroris
1807 1311 2139 1384 profundum
2161 1320 2215 1369 et

634 1408 808 1464 chaos
838 1406 1026 1464 miseri
1069 1405 1307 1476 prolapsi
1361 1415 1506 1461 sunt.
1544 1405 1700 1472 Quod
1751 1422 1869 1459 cum
1920 1403 2083 1458 Deum
2121 1421 2213 1458 co—

634 1503 960 1574 gnovissent,
988 1517 1092 1554 non
1130 1501 1267 1554 sicut
1305 1499 1469 1554 Deum
1500 1501 1951 1569 gloriﬁcaverunt.
1976 1509 2214 1570 autgra-

639 1593 748 1648 tias
779 1601 1031 1664 egerunt;
1054 1591 1144 1646 sed
1181 1599 1506 1645 evanuerunt
1545 1593 1600 1644 in
1644 1591 2047 1660 cogitationibus
2076 1594 2210 1657 suis,

635 1691 692 1737 et
719 1682 1059 1736 obscuratum
1105 1689 1182 1735 est
1219 1680 1471 1748 insipiens
1520 1695 1613 1732 cor
1647 1695 1829 1732 eorum
1849 1681 1926 1743 “;
1976 1681 2060 1734 vel
2109 1679 2213 1735 hoc

638 1774 882 1829 maxime
909 1774 1056 1844 quod
1088 1789 1280 1829 eorum
1332 1771 1612 1841 sapientes
1639 1769 1775 1824 nihil
1805 1784 1929 1825 esse
1977 1770 2212 1825 terrenis

2315 583 2498 637 αὐτῶν
2541 584 2710 637 ὄντων
2756 583 3139 655 διαστημάτων
3156 623 3171 647 ,
3205 584 3380 656 μέσην
3421 585 3515 638 τοῦ
3568 589 3769 654 παντὸς
3795 591 3898 662 τὴν

2316 678 2422 748 γῆν
2455 676 2765 747 τυγχάνειν,
2799 678 2928 748 περὶ
2982 678 3048 747 ην
3079 678 3109 730 ὁ
3139 678 3366 748 οὐρανὸς
3397 679 3726 750 περιδίνεται
3758 698 3896 754 προ-

2317 769 2643 841 γενεστέραν
2673 765 2860 822 οὖσαν.
2902 768 2968 822 Εἰ
2997 768 3106 841 γὰρ
3145 771 3208 822 ὲκ
3257 770 3484 840 σημείου
3530 772 3624 825 καὶ
3667 772 3897 845 κέντρου

2317 861 2642 933 περιφέρεια
2677 860 3027 930 συνέστηκεν.
3059 860 3089 913 ὃ
3113 859 3178 931 δὴ
3203 860 3401 925 κύκλος
3424 861 3535 932 (29)
3569 858 3706 916 εἶναι
3747 864 3901 918 δοκεῖ

2319 953 2598 1023 (ἀδύνατον
2643 952 2698 1007 δὲ
2745 953 2916 1024 χωρὶς
2959 953 3185 1023 σημείου
3233 954 3637 1026 περιγραφῆναι
3675 955 3895 1021 κύκλον,

2318 1044 2518 1099 κύκλον
2560 1045 2606 1098 δ’
2635 1044 2854 1098 ἔσεσθαι
2895 1043 3155 1098 ἀδύνατον
3197 1044 3326 1098 ἄνευ
3376 1045 3648 1116 σημείου),
3678 1045 3798 1110 πῶς
3829 1047 3897 1102 οὐ

2319 1137 2426 1207 πρὸ
2448 1137 2665 1190 πάντων
2693 1143 2726 1207 ὴ
2751 1137 2843 1207 γῆ,
2863 1137 3017 1207 φησὶ,
3039 1136 3359 1205 συνέστηκε,
3382 1135 3557 1189 καὶτὸ
3583 1138 3703 1191 κατ’
3725 1137 3901 1211 αὐτὴν

2318 1229 2448 1298 χάος
2475 1228 2568 1282 καὶ
2590 1228 2789 1298 βάθος;
2820 1228 2913 1292 Εἰς
2939 1227 3103 1297 βάθος
3131 1227 3240 1298 γὰρ
3274 1227 3368 1280 καὶ
3399 1227 3530 1297 χάος
3561 1229 3730 1293 ὅντως
3760 1247 3900 1284 κατ-

2315 1318 2622 1388 ωλίσθησαν
2637 1319 2686 1370 οἰ
2700 1318 2931 1388 σχέτλιοι
2945 1317 3170 1389 πλάνης.
3190 1316 3259 1372 Οἳ
3271 1317 3369 1387 (al.
3387 1318 3514 1384 ὅτι),
3529 1320 3773 1387 γνόντες
3789 1320 3902 1376 τὸν

2319 1412 2495 1476 Θεὸν,
2530 1413 2642 1480 οὐχ
2681 1412 2762 1478 ὡς
2797 1409 2947 1464 Θεὸν
2975 1409 3284 1475 ἐδόξασαν
3327 1409 3369 1478 ἦ
3412 1413 3901 1481 εὐχαρίστησαν,

2316 1501 2454 1555 ἀλλ’
2501 1499 2957 1569 ἐματαιώθησαν
2993 1498 3064 1552 ἐν
3116 1495 3242 1564 τοῖς
3299 1497 3742 1568 διαλογισμοῖς,
3796 1498 3901 1553 καὶ

2316 1593 2640 1660 ἐσκοτίσθη
2673 1592 2713 1659 ή
2738 1591 3036 1657 ἀσύνετος
3065 1587 3263 1644 αὐτῶν
3307 1588 3519 1658 καρδία
3536 1607 3549 1619 ο
3600 1590 3693 1643 καὶ
3722 1590 3905 1645 ταῦτα.

2317 1685 2411 1738 καὶ
2456 1684 2565 1737 τῶν
2594 1685 2726 1755 παρ’
2759 1683 2944 1747 αὐτοῖς
2997 1682 3296 1754 εἰρηκότων
3341 1682 3554 1750 σοφῶν,
3608 1684 3684 1747 ὡς
3744 1682 3904 1738 οὐδὲν

2331 1775 2642 1846 Ὀλυμπίων
2703 1774 3049 1846 ἐντιμότερον
3113 1773 3344 1844 γηγενὲς
3394 1772 3428 1842 ἢ
3504 1773 3878 1846 πρεσϐύτερον

635 1863 694 1919 in
713 1864 878 1919 rebus
899 1839 1216 1920 cielestibus
1240 1839 1482 1918 nobilius
1513 1867 1607 1915 aut
1632 1862 1904 1931 antiquius
1930 1863 2208 1917 dixerunt.

2319 1839 2481 1916 Ὅθεν
2510 1865 2608 1918 οὐκ
2650 1863 2738 1916 ἀεὶ
2774 1839 2971 1926 παῖδες,
2998 1839 3246 1927 ὅντωςτοὶ
3288 1839 3523 1937 Χριστὸν
3546 1839 3900 1933 -ὲγνωκότες,

633 1953 806 2012 Plane
839 1957 1007 2028 igitur
1032 1971 1145 2012 non
1178 1969 1398 2024 semper
1421 1953 1574 2024 pueri
1615 1954 1707 2021 qui
1742 1954 2022 2008 Christum
2049 1970 2215 2025 agno-

636 2063 790 2111 vere,
819 2048 970 2101 velut
1001 2045 1177 2100 Graeci
1207 2045 1302 2115 qui
1349 2044 1547 2099 fabulis
1579 2045 1760 2113 potius
1801 2060 1866 2099 ac
1920 2045 2213 2115 ﬁgmentis,

634 2152 803 2209 quam
839 2135 1169 2193 eruditionis
1211 2144 1328 2191 arte
1363 2137 1468 2190 ulla
1501 2144 1595 2190 aut
1628 2135 1885 2192 facundia
1927 2140 2214 2193 veritatem

637 2227 974 2292 obruentes,
1007 2226 1387 2297 humanasque
1424 2226 1766 2282 calamitates
1805 2227 1961 2281 caelis
2005 2227 2217 2282 adscri-

635 2316 850 2383 bentes,
884 2331 986 2373 nec
1006 2317 1360 2382 erubescunt,
1377 2322 1506 2372 dum
1528 2325 1689 2372 terra:
1718 2318 1980 2371 ambitum
2005 2334 2218 2387 geome-

635 2410 794 2466 tricis
838 2410 1077 2466 inventis
1106 2410 1408 2480 ligurisque
1439 2409 1850 2475 describentes,
1873 2409 2070 2465 cmlum
2115 2410 2216 2466 do-

633 2511 783 2568 cent,
827 2505 1120 2559 volucrum
1153 2503 1578 2570 natatiliumque
1619 2517 1682 2555 ac
1721 2503 2062 2556 terrestrium
2092 2505 2214 2558 ani-

639 2597 869 2650 malium
921 2595 1234 2651 simulacris
1297 2603 1552 2647 ornatum
1604 2609 1761 2657 esse,
1823 2594 2214 2665 stellarumque

632 2688 931 2760 qualitates
978 2702 1042 2741 ex
1087 2686 1393 2757 priscorum
1441 2685 1720 2739 hominum
1757 2684 2003 2740 cladibus
2035 2702 2099 2740 ac
2128 2689 2215 2741 in-

633 2779 896 2836 fortuniis
929 2778 1188 2834 habuisse
1233 2785 1413 2833 ortum
1446 2795 1457 2830 :
1489 2777 1623 2832 adeo
1655 2783 1714 2829 ut
1751 2792 1818 2832 ex
1864 2778 2057 2830 horum
2098 2796 2218 2834 sen-

633 2872 827 2936 tentia,
857 2870 959 2940 ipsi
990 2870 1328 2940 planetarum
1361 2876 1542 2923 motus
1579 2883 1646 2922 ex
1680 2867 1950 2937 ejusmodi
1977 2873 2219 2942 corpori-

635 2961 742 3016 bus
763 2960 1055 3030 pendeant.
1081 2959 1289 3032 Gyrare
1319 2958 1572 3013 videlicet
1604 2960 1752 3012 circa
1778 2961 2061 3031 signorum
2087 2963 2219 3016 duo-

635 3054 815 3110 decim
857 3059 1106 3106 naturam
1130 3052 1317 3105 stellas
1350 3051 1521 3112 aiunt,
1563 3051 1751 3120 rapida
1784 3053 1992 3108 zodiaci
2021 3054 2215 3109 circuli

2317 1952 2567 2024 καθάπερ
2593 1953 2871 2021 Ἕλληνες,
2903 1952 2976 2014 οἳ,
3007 1951 3196 2022 μύθοις
3228 1953 3425 2023 μᾶλλον
3459 1954 3550 2007 καὶ
3583 1955 3905 2026 πλάσμασιν

2317 2044 2351 2116 ἢ
2389 2044 2550 2114 τέχνῃ
2583 2044 2692 2096 τῶν
2719 2043 2893 2111 λόγων
2925 2044 3023 2115 τὴν
3046 2043 3303 2115 ἀλήθειαν
3329 2045 3626 2116 χώσαντες,
3653 2047 3750 2101 καὶ
3781 2051 3904 2111 τοῖς

2315 2137 2565 2208 οὐρανοῖς
2599 2136 2697 2199 τάς
2726 2135 2834 2188 τῶν
2879 2135 3181 2207 ἀνθρώπων
3227 2138 3712 2210 προσαρμόσαντες
3759 2155 3906 2211 συμ-

2317 2228 2518 2299 φορὰς,
2577 2227 2728 2280 οὐδὲν
2777 2227 3119 2298 αἰσχύνονται
3154 2230 3596 2301 καταγράφοντες
3646 2231 3745 2302 τὴν
3795 2231 3902 2302 τῆς

2316 2319 2640 2390 οἰκουμένης
2671 2318 2974 2392 περιφορὰν
3001 2324 3392 2392 γεωμετρικοῖς
3433 2321 3747 2394 θεωρήμασι
3797 2325 3905 2376 καὶ

2319 2414 2582 2480 σχήμασι,
2619 2411 2714 2464 καὶ
2751 2411 2844 2464 τὸν
2883 2411 3110 2482 οὐρανὸν
3138 2411 3377 2475 εἰδώλοις
3414 2413 3632 2484 πτηνῶν
3665 2413 3758 2466 καὶ
3796 2430 3904 2484 νη-

2316 2500 2461 2552 κτῶν
2496 2502 2590 2554 καὶ
2616 2503 2886 2572 χερσαίων
2927 2501 3305 2574 εἰσηγούμενοι
3356 2495 3760 2574 κεκοσμῆσθαι,
3799 2504 3905 2556 καὶ

2318 2592 2415 2654 τὰς
2453 2593 2744 2663 ποιότητας
2789 2594 2898 2646 τῶν
2939 2595 3184 2667 ἀστέρων
3218 2597 3282 2648 ὲκ
3311 2595 3418 2648 τῶν
3469 2596 3594 2666 περὶ
3619 2595 3745 2657 τοὺς
3791 2595 3903 2666 ἀρ-

2316 2682 2503 2750 χαίους
2549 2682 2866 2752 ἀνθρώπους
2912 2686 3203 2756 συμφορῶν
3243 2684 3702 2751 κατεσκευάσθαι,
3748 2685 3901 2738 ὥστε

2316 2773 2414 2835 τὰς
2441 2774 2548 2826 τῶν
2573 2775 2856 2845 πλανητῶν
2885 2776 3066 2838 αὐτοῖς
3091 2779 3330 2848 κινήσεις
3355 2779 3419 2830 ἐκ
3439 2778 3694 2830 τοιούτων
3723 2779 3873 2849 ὴρτῆ

2321 2864 2443 2918 σθαι
2479 2867 2777 2936 σωμάτων·
2813 2865 3142 2920 εἰλίσσεσθαι
3175 2869 3281 2938 γὰρ
3324 2869 3451 2939 περὶ
3493 2868 3591 2939 τὴν
3638 2869 3742 2921 τῶν
3791 2869 3905 2922 δώ-

2317 2957 2443 3012 δεκα
2481 2956 2685 3020 ζωδίων
2720 2956 2879 3024 φύσιν
2913 2956 3047 3024 φασὶ
3104 2959 3230 3021 τοὺς
3264 2959 3520 3030 ἀστέρας,
3568 2958 3905 3029 ἑλκομένους

2317 3046 2410 3099 τοῦ
2455 3043 2718 3109 ζωδιακοῦ
2750 3044 2949 3096 κύκλου
2989 3049 3055 3116 τῇ
3097 3047 3259 3116 φορᾷ,
3287 3047 3362 3109 ὡς
3395 3048 3488 3099 καὶ
3525 3047 3612 3099 διὰ
3647 3051 3903 3121 συγκρά-

636 3153 845 3200 tractas
889 3143 1201 3214 vertigine:
1250 3151 1416 3211 atque
1453 3156 1520 3196 ex
1569 3141 1762 3196 harum
1826 3148 2211 3214 temperatione

2321 3152 2456 3198 σεως
2494 3134 2671 3187 αὐτῶν
2722 3135 2946 3207 ὁρᾶσθαι
2978 3138 3044 3190 τὰ
3088 3137 3452 3190 ἀποϐαίνοντα
3488 3138 3720 3205 πολλοῖς,
3747 3141 3906 3196 κατὰ

638 3234 912 3306 provideri
950 3249 1072 3304 quae
1099 3233 1260 3301 vulgo
1290 3239 1551 3285 eventura
1590 3239 1718 3285 sunt
1752 3249 1764 3284 :
1795 3247 1894 3300 pro
1913 3249 2098 3288 earum
2130 3237 2211 3289 in-

2316 3226 2415 3288 τάς
2463 3225 2599 3295 πρὸς
2628 3225 2888 3296 ἀλλήλους
2917 3227 3099 3281 αὐτῶν
3153 3230 3446 3298 συναφείας
3485 3247 3544 3283 τε
3586 3232 3678 3284 καὶ
3717 3233 3906 3304 ἀπορ-

636 3334 722 3380 ter
747 3340 806 3380 se
833 3324 1053 3378 diversa
1079 3322 1428 3387 cohaerentia,
1463 3321 1678 3390 alioque
1727 3327 1781 3375 et
1827 3322 1937 3377 alio
1982 3325 2212 3395 inﬂuxu,

637 3421 872 3483 ortuque
899 3421 956 3467 ει
979 3427 1207 3467 occasu.

707 3504 845 3561 Cum
873 3506 1020 3560 enim
1051 3505 1251 3558 cmlum
1301 3516 1464 3557 omne
1518 3502 1574 3556 in
1604 3501 1794 3557 orbem
1825 3504 2212 3574 conglobatum

635 3598 730 3662 sit,
777 3606 1076 3667 centroque
1121 3612 1184 3650 ac
1215 3603 1422 3665 puncto
1454 3603 1599 3648 terra
1628 3602 1835 3659 utatur,
1879 3602 1938 3648 ut
1980 3595 2060 3648 illi
2096 3595 2214 3649 exi-

635 3689 885 3751 stimant,
915 3687 1063 3757 quod
1093 3702 1284 3741 omnes
1315 3685 1471 3739 lineae
1497 3692 1660 3739 rectae
1679 3684 1747 3738 ab
1778 3684 1983 3739 ambitu
2020 3685 2074 3738 in
2103 3697 2209 3739 ler-

635 3795 755 3832 ram
795 3778 1124 3843 incidentes,
1154 3779 1301 3833 inter
1340 3792 1399 3831 se
1434 3777 1676 3846 aequales
1709 3777 1839 3842 sint,
1875 3777 1943 3831 ab
1974 3778 2212 3832 ambien-

634 3871 785 3925 tibus
820 3871 998 3940 ipsum
1047 3871 1272 3929 circulis
1330 3871 1578 3927 dominio
1629 3877 1884 3944 praevalet
1930 3890 2209 3945 :quorum

635 3961 974 4016 meridianus
1001 3961 1144 4016 inter
1167 3963 1434 4018 maximos
1467 3967 1722 4022 emineat.
1767 3968 1848 4022 Ab
1881 3969 1985 4021 hoc
2016 3982 2212 4022 secun-

635 4052 741 4108 dus
772 4053 863 4117 sit,
891 4052 986 4122 qui
1021 4059 1076 4106 et
1125 4053 1241 4122 ipse
1289 4055 1344 4108 in
1394 4062 1577 4124 partes
1621 4059 1857 4128 equales
1888 4059 2204 4112 universum

632 4154 804 4209 secet,
830 4160 992 4215 quem
1023 4144 1362 4201 horizontem
1402 4147 1479 4215 (id
1527 4157 1611 4203 est
1649 4149 1935 4218 finitorem)
1965 4157 2202 4204 vocant:

637 4236 834 4292 tertius
869 4237 969 4292 hos
992 4239 1351 4302 intersecans,
1375 4239 1794 4308 aequinoctialis.
1828 4238 2058 4294 Istorum
2085 4254 2208 4308 por-

639 4342 704 4381 ro
741 4327 869 4382 hinc
910 4327 1035 4382 inde
1065 4327 1133 4380 ad
1178 4329 1351 4382 latera
1382 4330 1577 4399 tr0pici
1613 4329 1744 4396 duo,
1777 4331 2002 4385 aestivus
2040 4339 2093 4384 et
2126 4331 2207 4383 hi-

542 4473 546 4478 ,
641 4416 876 4484 bernus;
912 4417 1000 4472 hic
1027 4433 1057 4472 a
1091 4417 1496 4489 Septentrione,
1517 4421 1608 4476 ille
1638 4422 1707 4475 ah
1740 4423 1963 4478 Austro.
1996 4422 2078 4477 Ad
2103 4423 2204 4476 lzos

709 4573 757 4605 ⁸³
790 4571 942 4626 Rom.
975 4588 1014 4638 I,
1043 4572 1134 4629 21.

2317 3317 2487 3388 ροίας,
2515 3317 2778 3382 ἀνατολάς
2809 3336 2867 3371 τε
2897 3319 2990 3374 καὶ
3020 3320 3217 3384 δύσεις.

2382 3499 2736 3572 Σφαιροειδὴς
2791 3499 2899 3571 γὰρ
2947 3499 3206 3571 ὑπάρχων
3254 3502 3282 3554 ὁ
3329 3503 3438 3564 πᾶς
3475 3503 3738 3575 οὐρανὸς,
3794 3507 3907 3560 καὶ

2313 3594 2524 3667 κέντρῳ
2579 3595 2671 3648 καὶ
2713 3594 2924 3665 σημείῳ
2969 3596 3089 3646 κατ’
3131 3596 3328 3659 αὐτοὺς
3363 3599 3430 3666 τῇ
3475 3599 3545 3668 γῇ
3588 3595 3901 3668 χρώμενος,

2313 3687 2398 3739 διὰ
2423 3687 2482 3738 τὸ
2505 3687 2684 3749 πάσας
2723 3685 2829 3738 ἀπὸ
2859 3685 2954 3756 τῆς
2992 3688 3348 3758 περιφερείας
3375 3688 3480 3758 (50)
3521 3688 3619 3750 τὰς
3652 3705 3901 3759 προσπι-

2317 3781 2555 3843 πτούσας
2609 3780 2820 3843 εὐθείας
2864 3781 2955 3832 ἐπὶ
2985 3780 3083 3851 τὴν
3118 3781 3223 3850 γῆν
3261 3784 3381 3844 ῐσας
3423 3781 3680 3852 ἀλλήλαις
3723 3779 3900 3846 εἶναι,

2318 3876 2426 3928 ἀπὸ
2451 3874 2560 3927 τῶν
2598 3872 2960 3944 περιεχόντων
2990 3873 3154 3926 αὐτὸν
3203 3873 3484 3944 διακρατεῖ
3531 3873 3778 3926 κύκλων·
3814 3870 3902 3932 ὧν

2322 3964 2522 4035 μείζων
2580 3964 2677 4033 μὲν
2721 3965 2750 4014 ὁ
2803 3962 3169 4032 μεσημερινὸς
3211 3963 3391 4015 δοκεῖ·
3430 3963 3522 4016 καὶ
3565 3964 3813 4037 δεύτερος
3863 3970 3902 4021 ὁ

2313 4057 2393 4118 εἰς
2427 4056 2516 4107 ῐσα
2545 4056 2756 4122 τέμνων
2793 4053 2954 4123 μέρη,
2987 4053 3319 4122 καλούμενος
3351 4055 3547 4125 ὁρίζων
3569 4073 3582 4085 ⁸
3618 4059 3800 4127 τρίτος
3832 4059 3902 4113 δὲ

2316 4150 2344 4199 ὁ
2381 4147 2602 4208 τούτους
2645 4143 2959 4213 ὲπιδιαιρῶν
2999 4145 3338 4216 ἰσημερινός·
3387 4148 3517 4216 παρ’
3560 4148 3793 4220 ἑκάτερα
3833 4149 3902 4202 δὲ

2315 4237 2505 4291 τούτου
2553 4236 2802 4306 τροπικοὶ
2836 4236 2948 4300 δύο,
2980 4235 3190 4306 θερινὸς
3229 4237 3322 4290 καὶ
3350 4240 3654 4310 χειμερινὸς
3675 4256 3687 4270 ο
3731 4240 3828 4292 καὶ
3864 4244 3902 4294 ὁ

2318 4328 2416 4399 μὲν
2463 4327 2599 4397 πρὸς
2645 4329 2755 4389 τοῖς
2787 4326 3050 4396 ἀρκτίοις,
3077 4329 3105 4380 ὁ
3145 4327 3203 4380 δὲ
3229 4327 3368 4398 πρὸς
3413 4331 3524 4392 τοῖς
3555 4330 3747 4393 νοτίοις
3795 4331 3905 4400 μέ-

2317 4435 2453 4489 ρεσι.
2474 4417 2690 4472 Τούτων
2706 4419 2735 4471 ὁ
2749 4417 3042 4488 λεγόμενος
3056 4416 3220 4483 ἄξων,
3240 4419 3368 4488 περὶ
3394 4419 3451 4472 ὃν
3477 4420 3539 4473 αῖ
3560 4437 3618 4474 τε
3639 4422 3896 4492 Ἀρκτοι,

637 4691 784 4762 enim
804 4699 956 4762 certe
988 4705 1182 4746 sensus
1210 4689 1469 4761 postulat,
1495 4686 1988 4762 habebatqueVat.
2017 4694 2070 4762 et
2096 4696 2212 4740 ιρι]-
2244 4699 2288 4759 D
2316 4689 2663 4762 συνέστηκεν,
2699 4691 2766 4746 ιιι]
2806 4693 3034 4747 alterum
3062 4692 3205 4762 quod
3240 4707 3364 4746 mox
3394 4689 3899 4762 subsequitur,_in-

638 4761 776 4815 didit
802 4760 1109 4824 Possinius,
1145 4759 1249 4816 etsi
1283 4763 1444 4830 laugo
1478 4761 1769 4812 verborum
1804 4759 2205 4830 circumductu,

639 4833 776 4884 nihil
808 4833 926 4900 ipso
956 4834 1285 4886 necessario.
1327 4829 1524 4883 Allatio
1555 4844 1686 4882 vero
1720 4829 1813 4900 qui
1841 4829 2104 4899 γηγενοῦς
2133 4830 2209 4881 le-

679 4909 752 4972 at.
777 4898 895 4952 ἀντὶ
915 4901 1009 4952 τοῦ
1029 4902 1278 4972 γηγενές,
1308 4900 1617 4972 contrarius
1645 4898 1867 4953 omnino
1888 4898 2081 4972 sensus
2103 4907 2206 4962 est,

703 4971 795 5022 ihil
815 4987 987 5024 rerum
1006 4973 1289 5024 caelestium
1318 4971 1534 5024 terrenis
1562 4985 1672 5023 esse
1700 4971 1978 5036 pretiosius
1998 4978 2088 5020 aut
2111 4985 2212 5019 an-

642 5042 872 5110 tiquius;
905 5043 1050 5110 quod
1087 5041 1272 5096 nescio
1304 5057 1372 5094 an
1407 5042 1502 5094 ulli
1533 5041 1811 5108 sapientiae
1845 5038 2001 5093 laude
2028 5039 2209 5110 aliqua

640 5109 845 5164 Graecis
876 5109 1149 5165 celebrato
1187 5112 1242 5164 in
1285 5120 1519 5165 mentem
1565 5112 1792 5171 venerit,
1829 5117 1921 5161 aut
1960 5111 2034 5160 ita
2067 5109 2207 5162 scri-

638 5182 829 5250 pserit.
858 5180 1018 5235 Certe
1046 5198 1154 5235 non
1179 5179 1412 5244 Platoni,
1444 5195 1553 5233 non
1580 5179 1854 5233 Aristoteli
1883 5179 2070 5250 aliisve
2096 5179 2210 5250 phi-

642 5248 922 5318 losophis;
954 5267 1053 5305 nec
1083 5267 1181 5320 par
1227 5251 1459 5312 videtur,
1499 5250 1601 5320 levi
1653 5251 1736 5303 vel
1785 5248 2077 5318 antiquarii
2123 5249 2204 5301 vel

639 5320 1002 5375 exscribentis
1031 5318 1206 5390 lapsu,
1243 5330 1337 5373 aut
1369 5323 1528 5373 etiam
1557 5318 1783 5390 fallente
1806 5319 1984 5380 oculo,
2011 5321 2064 5371 in
2095 5326 2204 5390 tam

640 5390 797 5460 devia
821 5388 1169 5459 interpretem
1201 5392 1307 5460 agi,
1339 5402 1431 5442 aut
1453 5405 1514 5444 ca
1539 5391 1748 5460 magnis
1767 5389 2018 5460 Patribus
2040 5388 2207 5442 ascri-

640 5459 917 5529 berequae
943 5458 1098 5514 nemo
1122 5458 1268 5515 sanae
1291 5463 1489 5514 mentis
1519 5458 1886 5513 somniaverit.
1912 5458 2199 5512 Coussns.

710 5528 831 5599 Q9}
869 5532 929 5580 Ὃ
963 5529 1038 5596 δὴ
1072 5533 1311 5596 κύκλος,
1341 5548 1394 5583 κ.
1423 5547 1472 5583 τ.
1500 5530 1548 5583 λ.
1593 5529 1850 5599 Suppleta
1894 5529 1980 5582 hic
2016 5530 2205 5581 mutila

639 5597 965 5653 ex'Leontio
995 5609 1048 5654 et
1070 5599 1278 5654 Joanne
1308 5599 1497 5653 Rerum
1532 5597 1806 5653 sacrarum
1838 5600 1928 5652 lib.
1968 5615 2020 5650 ιι.
2062 5600 2206 5650 Alla-

641 5669 749 5742 tius
769 5678 822 5742 et
838 5668 1122 5742 Possinius
1141 5686 1206 5724 ex
1229 5670 1523 5742 codd/at”
1550 5672 1869 5742 περιφέρεια
1888 5668 2202 5742 συνέστηκε,

640 5739 815 5811 καὶ-τὺ
841 5741 957 5792 κατ’
990 5741 1157 5811 αὐτὴν
1183 5741 1332 5810 χάος.
1357 5739 1631 5794 Nimirum
1652 5739 1908 5794 librarius
1938 5740 2083 5791 illius
2111 5753 2205 5811 co-

640 5807 782 5866 dicis
809 5807 1133 5881 exscriptur',
1172 5807 1360 5867 oculos
1400 5820 1720 5869 convertens
1763 5827 1792 5864 a
1824 5812 2004 5879 priore
2038 5810 2204 5862 verbo

2315 4758 2574 4832 ten-media
2603 4764 2879 4829 praeteriit.
2915 4758 3168 4832 ldemdue
3197 4763 3386 4816 vitium
3419 4762 3477 4815 in
3507 4758 3747 4832 codicem
3774 4758 3900 4815 us-

2312 4831 2654 4902 zarinianum
2704 4833 2990 4902 irrepsisse
3033 4830 3248 4902 videtur
3281 4851 3293 4886 :
3323 4847 3497 4902 neque
3541 4831 3684 4884 enim
3721 4830 3899 4900 hujus

2311 4900 2626 4971 omissionis
2651 4900 2896 4971 meminit
2924 4902 3100 4955 editor
3133 4901 3429 4971 Lupareus.
3456 4901 3534 4953 In.

2384 4970 2496 5039 (50)
2539 4971 2672 5023 Ἀπὸ
2694 4970 2800 5038 τῆς
2822 4969 3230 5039 περιφερείαςξ
3245 4971 3309 5023 Ει
3329 4971 3416 5024 hic
3443 4969 3779 5038 ineptissime
3802 4991 3901 5027 m-

2314 5043 2544 5110 ριφορᾶς
2573 5051 2710 5102 erat,
2745 5043 2985 5110 mihique
3021 5043 3341 5095 mutandum
3364 5041 3596 5093 indulsi:
3627 5043 3901 5110 graviori-

2313 5126 2417 5179 que
2435 5111 2878 5184 inendoAllatius
2904 5113 3083 5174 πάσας
3111 5113 3208 5175 τὰς
3233 5110 3552 5184 περιφοράς,
3577 5112 3716 5184 ac_si
3740 5129 3904 5184 περι-

2314 5180 2476 5249 φοραί
2508 5181 2662 5233 lines:
2687 5189 2891 5242 essent,
2919 5197 3038 5250 qua:
3063 5184 3141 5235 sic
3171 5180 3330 5235 recta:
3351 5182 3593 5250 aequales
3619 5181 3748 5247 sint,
3777 5180 3898 5239 non

2313 5247 2608 5321 circulares
2643 5253 2742 5319 ipsi
2773 5247 2952 5306 motus
2973 5251 3310 5321 et‘lationes.
3349 5247 3433 5301 Exi
3456 5265 3521 5303 eo
3551 5252 3716 5320 igitur
3740 5255 3898 5321 quod

2313 5320 2393 5372 sic
2427 5321 2575 5372 circa
2610 5328 2809 5374 terram
2840 5332 2898 5374 ut
2932 5330 3176 5374 centrum
3209 5320 3405 5373 ccelum
3442 5335 3602 5375 omne
3632 5320 3896 5386 volvitur.

2311 5389 2674 5462 cujusineam
2699 5399 2756 5443 ut
2776 5392 2845 5462 ad
2876 5400 3122 5462 centrum
3143 5391 3377 5462 aequales
3401 5391 3508 5444 sint
3527 5391 3700 5462 lineze,
3727 5401 3901 5462 atque

2312 5460 2449 5512 adeo
2475 5459 2793 5534 inﬂuentim,
2959 5461 3073 5534 τῶνΔ
3100 5460 3457 5534 περιεχόντων
3481 5461 3640 5534 αὐτὸν
3660 5459 3898 5534 διακρα-

2313 5534 2396 5582 τεῖ
2423 5529 2634 5582 κύκλων
2665 5530 2832 5598 (quod
2862 5531 3038 5599 ipsum
3062 5531 3132 5583 ita
3161 5529 3444 5583 emendavi
3478 5532 3602 5598 ὑπό)
3634 5529 3894 5596 continet,

2314 5602 2642 5663 dominatur,
2669 5600 2960 5667 inﬂuentiis
2984 5600 3133 5667 regit,
3157 5616 3189 5651 a
3211 5601 3423 5652 circulis
3453 5602 3622 5667 ipsum
3652 5602 3899 5655 ambien-

2312 5672 2452 5722 tibus
2474 5685 2493 5722 :
2521 5684 2641 5738 quae
2675 5670 3183 5722 mathematicorum
3223 5669 3472 5724 doctrina
3521 5679 3628 5723 tam
3676 5672 3901 5728 erudite

2312 5739 2587 5809 Methodio
2623 5740 2913 5806 explicata,
2964 5753 3129 5809 quam
3180 5741 3381 5798 misere
3409 5739 3675 5796 Vaticano
3719 5745 3900 5800 inter-

2311 5810 2448 5879 preti
2478 5808 2772 5880 discerpta.
2814 5809 2888 5862 In.
