4090 6318
154 363 237 427 ιιι
1187 368 1568 428 οοΝγιγιωι
1608 369 1695 425 DE

1799 369 1840 426 Ι
1879 367 2240 428 νιιιαιιιυιι.
3277 371 3387 430 166

149 495 174 546 ὅ
205 507 254 546 τε
287 489 529 562 ἀρκτικὸς
563 489 783 558 ἔξωθεν
835 490 980 562 ἔχων
1035 490 1126 545 τὸν
1167 492 1446 564 τροπικόν.
1497 490 1604 546 Καὶ
1650 493 1695 545 αΙ

1811 493 2047 562 pertinet
2093 493 2189 563 qui
2246 492 2366 547 axis
2413 492 2634 558 dicitur,
2663 489 2811 549 circa
2866 507 3028 563 quem
3061 498 3386 564 torquentur

152 583 230 654 μὲν
259 583 483 652 ’Δρκτοι,
528 584 666 655 περὶ
696 581 879 648 αὑτὰς
911 582 1269 653 στρεφόμεναι
1300 583 1396 635 καὶ
1419 581 1695 654 βρίθουσαι

1809 581 1963 639 Ursae
1995 601 2060 639 ac
2089 584 2332 640 circulus
2369 586 2632 649 arcticus,
2663 592 2817 639 extra
2851 599 3014 655 quem
3056 590 3272 655 positus
3304 592 3388 640 est

147 674 318 728 τὸνδιὰ
349 674 452 728 τῶν
483 674 668 730 πόλων
713 674 912 742 ἄξονα,
942 675 1042 747 τὴν
1087 675 1182 728 τοῦ
1223 674 1426 739 παντὸς
1457 676 1695 747 ἀπεργά-

1805 676 2071 744 tropicus.
2109 674 2177 729 Et
2220 674 2371 730 Ursae
2404 675 2626 745 quidem
2682 690 2805 730 sese
2847 683 3040 728 mutuo
3082 691 3219 747 gyro
3259 690 3386 745 pero

150 766 299 831 ζονιιιι
336 767 542 836 κίνησιν
594 766 820 838 κόσμου
843 807 859 833 ,
920 767 1064 822 κατὰ
1103 767 1202 832 τὰς
1247 766 1493 839 ἀλλήλων
1548 765 1695 832 ἰξύας

1806 775 1972 838 petuo
2007 774 2325 838 sequentes,
2365 768 2528 838 quasi
2580 767 2795 838 pondus
2841 768 2983 822 mole
3027 783 3128 822 sua
3175 777 3387 824 motum

150 859 332 926 ῑχουοαι
362 857 455 921 τὰς
492 859 775 928 κεφαλὰς,
811 861 908 914 καὶ
959 861 1218 932 ἄκραντοι
1249 861 1343 916 τοῦ
1387 860 1509 915 καθ’
1552 862 1695 932 ἡμᾶς

1803 860 1926 914 orbi
1985 861 2246 914 universo
2300 860 2645 930 imprimunt,
2700 859 2859 927 cujus
2910 861 3058 915 velut
3113 860 3389 930 gravitate

151 950 379 1018 ὁρίζοντος
407 945 584 1004 οὖσαι.

1803 953 1954 1008 circa
1987 953 2174 1023 polum
2204 968 2469 1024 axemque
2494 963 2708 1010 rotatur
2739 973 2751 1008 :
2779 969 2974 1024 nempe
3009 955 3200 1017 altera,
3227 955 3386 1024 juxta

154 1045 336 1102 alterius
361 1045 474 1114 ilia,
500 1048 693 1119 capita
739 1048 1012 1105 habentes
1037 1065 1054 1116 ;
1088 1049 1313 1104 intacta:
1340 1062 1496 1119 reque
1520 1047 1694 1102 ambae
1724 1063 1756 1102 a
1789 1049 2120 1120 pervadente
2143 1048 2330 1104 orbem
2355 1048 2444 1102 cui
2468 1063 2572 1103 nos
2624 1049 2954 1113 insistimus,
3007 1046 3218 1103 circulo
3266 1046 3387 1102 ﬁni-

151 1151 262 1197 tore.

204 1235 292 1289 Τδν
317 1235 659 1304 ζωδιααὺνδὶ
692 1240 921 1295 πάντων
950 1239 1289 1309 ἐφάπτεσθαι
1318 1239 1427 1294 τῶν
1455 1239 1693 1304 κύκλων,

151 1327 275 1397 λοξὴν
311 1330 626 1401 ποιούμενον
677 1333 786 1406 τὴν
840 1335 1081 1405 κίνησιν·
1134 1330 1276 1388 εἶναί
1326 1351 1383 1387 τε
1433 1336 1493 1388 ἐν
1546 1334 1696 1404 αὐτῷ

153 1421 319 1484 {eum
345 1423 596 1496 ἀριθμὸν,
627 1426 668 1481 ἃ
699 1427 950 1481 καλεῖται
985 1426 1432 1498 δωδεκατημόρια
1467 1426 1694 1490 δώδεκα,

152 1514 235 1566 ἀπὺ
274 1515 431 1585 Κριοῦ
456 1515 556 1586 τὴν
599 1518 788 1590 ἀρχὴν
823 1519 1014 1590 ἔχοντα
1047 1519 1210 1591 μέχρι
1245 1519 1352 1572 τῶν
1393 1519 1635 1590 Ἰχθύων,
1664 1519 1702 1574 ἂ

153 1605 526 1677 κατηστερίσθαι
579 1612 922 1683 παριστᾶσιν
973 1612 1258 1682 ἐχεμύθοις
1322 1612 1556 1676 αίτίαις*
1607 1611 1701 1666 τὸν

157 1696 231 1764 μὲν
253 1697 405 1766 Κριὸν
433 1699 748 1768 φάσκοντες
767 1703 862 1756 τὸν
887 1703 987 1775 τὴν
1017 1703 1216 1775 Ἕλλην
1245 1699 1387 1757 εἰναι
1408 1705 1507 1776 τὴν
1546 1704 1700 1759 ’Δθάο

158 1804 318 1857 μαντος
346 1788 744 1862 διακομίσαντα
773 1795 870 1848 καὶ
895 1794 1100 1867 Φρύξον
1146 1798 1228 1859 εἰς
1268 1796 1500 1860 Σκύθας’
1533 1797 1596 1850 τὸ
1641 1797 1699 1850 δέ

1870 1235 1990 1290 Jam
2043 1235 2322 1291 zodiacum
2359 1251 2456 1306 per
2482 1251 2674 1291 omnes
2714 1249 2774 1290 se
2801 1236 3082 1306 porrigere
3108 1239 3384 1304 circulos,

1801 1341 2005 1396 eosque
2038 1325 2289 1396 amplexu
2317 1326 2653 1396 contingere,
2675 1325 2899 1395 obliquo
2921 1325 3029 1380 late
3054 1333 3236 1381 meatu
3257 1341 3388 1400 pro-

1803 1419 2086 1474 cedentem
2119 1437 2131 1472 :
2178 1432 2409 1486 esseque
2444 1419 2496 1471 in
2534 1418 2627 1470 illo
2652 1417 2972 1470 animalium
3004 1417 3250 1487 insignes
3273 1417 3388 1473 for-

1803 1525 1947 1575 mas,
1976 1525 2096 1580 quze
2127 1510 2282 1580 signa
2308 1509 2599 1563 duodecim
2644 1515 2928 1572 vocantur,
2965 1507 3032 1562 ab
3075 1508 3258 1564 Ariete
3281 1509 3387 1564 du-

1802 1610 1891 1657 cto
1923 1602 2193 1672 principio
2216 1603 2270 1655 in
2294 1600 2480 1655 Pisces
2513 1600 2819 1656 desinentia
2849 1619 2861 1654 :
2913 1600 3109 1670 quaain
3141 1600 3386 1655 siderum

1799 1694 2114 1765 pervenisse
2134 1708 2358 1748 censum
2387 1699 2634 1758 narrant,
2654 1691 2918 1746 fabulosis
2938 1706 3004 1746 ex
3021 1691 3227 1745 causis.
3246 1688 3382 1744 Nam

1798 1786 2038 1842 Arietem
2075 1786 2226 1840 illum
2269 1787 2446 1854 ipsum
2489 1799 2612 1838 esse
2659 1783 2814 1837 aiunt
2846 1783 2937 1852 qui
2976 1781 3166 1838 Hellen
3213 1782 3390 1836 Atha-

157 1877 413 1949 Βούκρανον
443 1885 524 1946 εἰς
550 1883 727 1956 τιμὴν
757 1885 902 1950 Διὸς,
932 1886 1027 1940 τοῦ
1054 1886 1153 1958 τὴν
1179 1887 1452 1959 Εὐρώπην
1481 1887 1695 1960 Ταύρου

1801 1878 2003 1932 mantis
2047 1875 2210 1930 ﬁliam
2240 1892 2365 1930 cum
2415 1876 2631 1946 Phryxo
2657 1891 2754 1947 per
2784 1873 2941 1930 Ponti
2971 1873 3168 1930 fretum
3199 1882 3388 1930 trans—

153 1970 606 2042 iumpattboawoc
640 1979 724 2042 είς
752 1977 852 2050 τὴν
882 1981 1145 2052 Κρήτηνν
1171 1982 1264 2034 καὶ
1300 1981 1393 2034 τὸν
1426 1981 1696 2052 καλούμε-

154 2081 222 2114 νον
247 2063 295 2117 ιι
319 2066 578 2134 Γαλαξίαν
608 2070 838 2136 κύκλον,
877 2071 937 2135 ὃς
966 2073 1066 2144 τὴν
1096 2073 1274 2144 ἀρχὴν
1317 2073 1426 2126 ἀπὸ
1453 2072 1545 2126 τοῦ
1573 2089 1696 2128 συν·

157 2156 313 2230 δέσμαι
355 2160 459 2214 τῶν
512 2162 744 2233 Ἰχθύων
777 2163 871 2216 ἐπὶ
915 2164 1006 2216 τὸν
1041 2164 1212 2236 Κριὸν
1255 2167 1421 2227 ποιεῖ,
1451 2164 1561 2217 ἀπὸ
1585 2164 1696 2218 τῶν

155 2244 228 2311 τῆς
261 2245 420 2317 Ἥρας
468 2248 668 2317 μαζῶν
714 2249 975 2321 Ἠρακλεῖ
1006 2250 1343 2322 προχῦθῆναι
1375 2251 1531 2319 λόγος
1571 2252 1694 2316 Διὸς

156 2337 324 2402 ιιαγιιὶς.
341 2338 516 2392 ,Ὥστε
549 2339 679 2392 κατ’
713 2341 912 2404 αὐτοὺς
943 2341 1048 2410 πρὸ
1073 2341 1172 2411 τῆς
1195 2340 1465 2412 Εὐρώπης
1493 2343 1526 2413 ἢ
1553 2343 1694 2412 Φρύ-

158 2424 242 2489 ξαδ,
277 2429 357 2478 καὶ
402 2432 514 2482 τοῖν
557 2429 935 2501 Διοσκούροιν,
967 2430 1202 2484 καὶτῶν
1245 2431 1418 2484 ἄλλων
1462 2431 1689 2497 ζωδίων,

158 2511 236 2565 τῶν
265 2514 315 2580 ἐξ
364 2515 674 2586 ἀνθρώπιον
741 2520 836 2572 καὶ
883 2517 1067 2591 θηρῶν
1132 2521 1690 2592 καταπερισθέντων,

158 2607 275 2661 οὕτω
319 2611 522 2678 γένεσις
569 2608 679 2684 ἦν·
729 2613 866 2668 ἀλλὰ
923 2615 1091 2686 χωρὶς
1147 2615 1414 2684 γενέσεως
1458 2616 1694 2669 ἐϐίωσαν

157 2699 277 2767 ἡμῶν
305 2703 348 2753 oi
385 2703 758 2775 παλαιότεροι.
804 2706 1209 2777 Ἐπιχειρητέον
1242 2708 1350 2778 γὰρ
1396 2708 1593 2778 μήπως
1632 2707 1695 2760 τὸ

157 2790 305 2857 ᾳῦδος
353 2796 692 2868 ἰσχύσωμεν,
737 2796 924 2868 ὥσπερ
980 2799 1171 2871 ἰατροὶ,
1217 2803 1530 2872 φαρμάκοις
1580 2801 1691 2854 τῶν

158 2880 292 2948 λόγων
316 2886 693 2957 ἁμΰλύναντες
711 2891 975 2961 ἰατρικοῖς
996 2891 1207 2957 σϐέσαι,
1234 2892 1356 2961 τῇδε
1388 2893 1687 2946 σκοποῦσαι

156 2975 228 3042 τὴν
252 2976 507 3048 ἀλήθειαν.

1803 1969 1949 2024 vexit
1998 1971 2067 2023 ad
2127 1969 2379 2040 Scythas.
2427 1968 2595 2022 Tauri
2628 1976 2830 2038 caput,
2861 1965 3012 2022 Jovis
3051 1969 3227 2037 gratia
3256 1968 3385 2022 caali

1803 2061 2013 2116 honore
2060 2075 2125 2115 ac
2169 2063 2405 2116 statione
2455 2061 2717 2115 donatum
2755 2100 2771 2124 ,
2807 2060 2953 2130 quod
2993 2061 3039 2116 is
3086 2061 3177 2114 illa
3209 2057 3385 2114 forma

1801 2149 2054 2224 Europen
2089 2153 2145 2207 in
2175 2151 2394 2208 Cretam
2426 2153 2723 2221 trajecerit.
2749 2152 3009 2207 Lacteum
3036 2168 3257 2222 quoque
3278 2153 3388 2206 cir—

1799 2247 1985 2301 culum
2020 2246 2237 2300 initium
2271 2243 2564 2299 ducentem
2591 2260 2620 2296 a
2646 2243 2791 2297 nodo
2818 2243 3080 2309 Piscium,
3103 2241 3233 2298 biné
3263 2259 3386 2300 sese

1798 2339 2037 2394 Arietem
2088 2354 2281 2394 versus
2327 2339 2718 2408 porrigentem,
2765 2351 2795 2389 a
2842 2334 3074 2389 Junonis
3122 2335 3386 2390 uberibus

1799 2432 2093 2486 candorem
2151 2431 2352 2484 habere
2396 2435 2723 2491 memorant,
2767 2442 2892 2480 cum
2941 2428 3056 2479 hinc
3095 2423 3386 2479 Herculem

1801 2523 2006 2578 lactare
2027 2522 2181 2576 Jovis
2218 2521 2467 2591 imperiis
2500 2519 2692 2574 adacta
2721 2527 2886 2575 esset.
2924 2516 3285 2587 ltaquejuxta
3315 2516 3384 2569 il-

1801 2616 1905 2680 los,
1949 2623 2075 2670 ante
2111 2614 2366 2684 Europen
2392 2622 2446 2668 et
2471 2613 2746 2683 Phryxum
2775 2619 2829 2666 et
2855 2612 3135 2672 Castores,
3168 2610 3386 2679 aliaque

1805 2717 1995 2778 postea
2028 2708 2082 2761 in
2129 2707 2414 2761 zodiacum
2436 2722 2504 2760 ex
2536 2705 2850 2759 hominibus
2880 2710 2972 2756 aut
3017 2702 3206 2756 bestiis
3252 2717 3386 2755 con-

1801 2801 2039 2865 stellata,
2077 2801 2225 2854 nulla
2259 2799 2438 2851 adhuc
2471 2805 2589 2851 erat
2619 2797 2818 2850 natalis
2840 2794 3106 2860 fatalitas;
3161 2801 3216 2848 et
3267 2795 3387 2847 sine

1796 2889 2019 2945 fortuna
2076 2889 2339 2944 nascendi
2379 2889 2632 2940 vixerunt
2665 2886 2826 2956 primi
2872 2885 2947 2938 illi
2983 2883 3157 2937 nostri
3191 2897 3387 2952 proge-

1795 2985 2019 3039 nitores.
2049 2983 2248 3049 Quaeso
2275 2982 2444 3044 enim,
2471 2979 2810 3050 argumentis
2841 2986 3134 3037 tentemus,
3178 2973 3224 3028 si
3271 2987 3384 3041 quo

157 3066 283 3122 modo
307 3068 459 3124 liceat
478 3071 828 3127 medicorum
864 3087 1017 3128 more
1045 3071 1359 3128 salubribus
1396 3087 1712 3129 sermonum
1752 3074 2032 3138 remediis,
2083 3071 2354 3126 mendacii
2420 3069 2530 3123 vim
2588 3081 2962 3139 compressam
2997 3067 3383 3133 exstinguere,

156 3161 253 3216 hinc
277 3161 378 3219 fere
403 3165 730 3221 adoriendo.

155 3277 254 3335 CAP.
274 3279 378 3338 XV.
410 3283 742 3353 Argumenta
774 3302 808 3340 α
838 3285 942 3354 [ιιιί
983 3293 1035 3340 et
1073 3263 1318 3358 generem
1348 3287 1600 3408 nzvitate.
1633 3284 1867 3339 Aureum
1899 3298 2082 3406 gelnzs,
2118 3279 2281 3349 prisci
2318 3278 2574 3331 homines.
2603 3277 2931 3344 Argumenta
2964 3271 3218 3324 adversus
3264 3288 3385 3324 ma-

1358 3368 1376 3408 ι
1411 3367 1686 3408 ematicos.
1718 3371 1846 3408 sane
1888 3372 1945 3408 so
1972 3370 1990 3406 ι
2029 3370 2081 3406 a.

1358 3367 1662 3411 thematicos
1671 3396 1686 3420 ,
1718 3371 1846 3410 sane
1888 3367 2081 3408 sottaa.

208 3469 258 3524 Ei
283 3476 520 3544 κρεῖσσον
546 3469 626 3546 ἣν
657 3475 718 3528 τὺ
749 3475 856 3528 ὑπὸ
885 3474 1096 3544 γένεσιν
1125 3470 1265 3529 εἶναι
1309 3477 1435 3539 τοὺς
1485 3473 1695 3547 ἀνθρὼ-

1875 3473 1933 3527 Si
1964 3471 2161 3528 melius
2195 3477 2331 3535 erat,
2368 3483 2402 3522 ο
2433 3465 2648 3529 miseri,
2675 3463 2828 3518 nasci
2849 3462 3100 3517 homines
3131 3461 3385 3516 subditos

161 3579 278 3629 τως,
318 3560 359 3620 ὦ
405 3569 675 3638 σχέτλιοι,
709 3565 804 3620 τοῦ
855 3568 930 3638 μὴ
965 3563 1126 3632 εἶναι,
1154 3569 1222 3622 δι’
1257 3569 1324 3638 ἡν
1364 3569 1544 3636 αἰτίαν
1593 3569 1697 3622 οὐκ

158 3655 358 3723 αὐτόθεν,
407 3659 499 3728 ἀφ’
549 3652 734 3727 οὗπερ
771 3656 874 3725 ἐφυ
923 3657 984 3710 τὺ
1025 3657 1180 3727 γένος
1209 3659 1318 3711 τῶν
1369 3658 1693 3730 ἀνθρώπων,

160 3750 329 3814 γένεσις
353 3748 449 3823 ἦνς
479 3751 546 3803 Εἰ
584 3749 649 3801 δὲ
677 3743 768 3820 ἦν,
802 3748 888 3812 τίς
917 3749 950 3818 ἡ
979 3749 1137 3822 χρεία
1161 3747 1268 3800 τῶν
1291 3743 1551 3812 ὑπόγυιον
1569 3760 1695 3798 κατ⁸

157 3845 540 3914 απερισθέντων
563 3885 584 3911 ,
641 3841 890 3906 Λέοντος,
924 3841 1224 3912 Καρκίνου,
1256 3840 1522 3910 Διδύμων,
1546 3842 1698 3913 Παρ-

159 3929 296 3999 θένου,
333 3934 571 4007 Ταύρου,
629 3934 825 4004 Ζυγοῦ,
868 3935 1158 4005 Σκορπίου,
1210 3933 1404 4004 Κριοῦ,
1443 3934 1694 4002 Τοξότου,

168 4019 362 4091 Ἰχθύων,
407 4026 722 4097 Δίγόκερω,
769 4026 1077 4098 ’Υδροχόου,
1129 4027 1402 4100 Περσέως,
1454 4029 1696 4081 Κασσιο-

159 4115 297 4179 πεεας,
325 4120 585 4190 Κηφέως,
623 4119 901 4190 Πηγάσου,
939 4120 1163 4192 ’Υδρου,
1218 4120 1488 4192 Κόρακος,
1543 4122 1696 4192 Κρα-

157 4205 300 4278 τῆρος,
340 4211 544 4283 Δύρας,
603 4213 926 4284 Δράκοντος,
977 4215 1074 4265 καὶ⁵
1121 4212 1230 4266 τῶν
1275 4213 1473 4284 ᾷλλων,
1508 4213 1566 4279 ἐξ
1618 4205 1694 4266 ὧν

159 4299 416 4367 ιίςηγεῑσθε
445 4301 980 4373 κατακοσμηθέντας
1022 4305 1149 4368 τοὺς
1186 4303 1412 4367 πολλοὺς
1445 4303 1697 4374 κατειλη-

160 4390 277 4455 φέναι
319 4392 414 4464 τὴν
457 4393 855 4465 μαθηματικὴν
905 4392 1131 4462 ταύτην,
1183 4392 1381 4463 μᾶλλον
1424 4393 1482 4446 δὲ
1530 4410 1697 4447 κατα-

158 4479 409 4554 θεματικὴν
448 4483 802 4555 πρόγνωσινς
848 4483 1007 4536 Ἤτοι
1034 4477 1128 4535 οὖν
1180 4483 1276 4535 καὶ
1326 4482 1419 4535 ἐπὶ
1443 4482 1551 4534 τῶν
1598 4481 1696 4552 ἐμ-

158 4573 348 4641 προσθεν
378 4575 600 4644 γένεσις
625 4569 714 4644 ἦν,
739 4574 832 4626 καὶ
861 4573 1088 4644 μάταιος
1121 4575 1154 4645 ἡ
1182 4573 1385 4626 τούτων
1412 4573 1692 4636 σύστασιςο

159 4662 289 4730 ἢούκ
319 4663 402 4740 ἦν,
438 4670 539 4722 καὶ
592 4667 674 4730 εἰς
719 4666 818 4737 τὴν
869 4665 1159 4738 κρείσσονα
1217 4666 1551 4720 κατάστασιν
1602 4664 1696 4717 καὶ

159 4753 378 4831 διιγωτὴν
409 4764 439 4814 ὁ
466 4761 613 4823 Θεὸς
637 4760 728 4813 τὸν
762 4759 875 4829 βίον
906 4759 1226 4829 μετέστησε,
1251 4757 1358 4810 τῶν
1390 4755 1695 4828 ἔμπροσθεν

1798 3568 1967 3622 natali
2000 3563 2272 3628 fatalitat'i,
2291 3576 2455 3632 quam
2481 3560 2549 3613 ab
2580 3559 2672 3612 illa
2699 3556 2925 3622 liberos,
2949 3553 3142 3625 quidni
3173 3556 3242 3610 ab
3263 3556 3384 3625 ipso

1797 3660 2050 3731 protinus
2097 3656 2289 3719 initio,
2328 3668 2455 3708 cum
2495 3651 2735 3722 primum
2777 3649 3025 3710 homines
3053 3662 3174 3702 esse
3207 3662 3386 3717 cmpe-

1797 3758 1947 3817 runt,
2001 3747 2201 3803 natalis
2247 3746 2340 3800 illa
2379 3744 2494 3814 jam
2540 3741 2779 3796 fatalitas
2819 3739 2961 3793 fuit?
2998 3737 3154 3805 Quod
3179 3740 3225 3792 si
3269 3739 3384 3807 jam

1797 3849 1950 3904 erat,
1983 3839 2114 3910 quid
2145 3839 2254 3892 illis
2287 3852 2459 3907 opus,
2488 3850 2610 3907 qua:
2652 3848 2800 3888 nunc
2834 3845 3028 3885 recens
3059 3830 3202 3882 inter
3235 3839 3383 3882 astra

1798 3934 2004 3988 relata:
2036 3929 2416 3994 Leo,Cancer,
2439 3926 2680 3992 Gemini,
2702 3924 2889 3995 Virgo,
2923 3920 3162 3983 Taurus,
3195 3919 3379 3984 Libra,

1799 4022 2083 4092 Scorpius,
2110 4020 2291 4082 Aries,
2339 4019 2694 4088 Sagittarius,
2732 4014 2944 4074 Pisces,
2975 4010 3379 4080 Capricornus,

1795 4114 2098 4187 Aquarius,
2141 4112 2412 4174 Perseus,
2449 4110 2766 4178 Cassiopea,
2800 4105 3073 4175 Cepheus,
3099 4102 3380 4173 Pegasus,

1797 4207 2001 4280 Hydra,
2029 4207 2263 4271 Corvus,
2295 4205 2506 4267 Crater,
2543 4201 2707 4273 Lyra,
2735 4199 2942 4261 Draco,
2992 4207 3046 4251 et
3078 4196 3183 4250 alia
3229 4197 3380 4266 ejus-

1795 4299 1979 4362 modi,
2037 4313 2272 4369 quorum
2303 4293 2785 4351 observationibus
2829 4290 3076 4345 eruditos
3107 4305 3217 4342 non
3247 4304 3383 4358 pau-

1797 4405 1892 4445 cos
1919 4390 2129 4444 docetis
2159 4386 2602 4443 mathematicam
2639 4386 2797 4438 istam
2828 4383 2977 4454 (imo
3016 4380 3198 4450 potius
3233 4390 3383 4434 cata-

1795 4482 2143 4536 tbematicam
2173 4480 2416 4549 dirisque
2437 4477 2694 4531 omnibus
2725 4473 3131 4542 devovendam)
3163 4487 3380 4543 praeno-

1796 4576 2000 4631 tionem
2045 4583 2236 4629 nactos
2274 4572 2437 4628 esse?
2484 4571 2593 4624 Aut
2631 4570 2797 4642 igitur
2856 4569 3155 4638 primorum
3215 4566 3378 4620 etiam

1795 4667 2110 4721 mortalium
2154 4680 2271 4720 avo
2299 4663 2498 4719 natalis
2528 4664 2642 4732 jam
2673 4668 2791 4716 erat
2823 4660 3090 4723 fatalitas;
3123 4656 3381 4728 proinde-

1797 4770 1902 4825 que
1947 4756 2155 4811 inutilis
2196 4755 2298 4810 fuit
2337 4755 2453 4811 haec
2487 4754 2807 4808 animalium
2841 4754 2894 4806 iu
2922 4754 3091 4807 caelos
3118 4752 3328 4806 evectio
3360 4769 3375 4803 :

158 4829 678 4922 Ιιέρονα-βιωσὰντων
712 4850 923 4922 χρόνον.
970 4848 1131 4902 Ἀλλὰ
1178 4847 1458 4918 κρείττους
1501 4848 1552 4899 ot
1586 4862 1691 4898 πα-

1799 4854 1891 4900 aut
1913 4862 2042 4901 sane
2071 4861 2180 4901 non
2209 4855 2362 4910 erat,
2400 4859 2597 4916 resque
2657 4844 2803 4899 Deus
2853 4844 3121 4898 humanas
3169 4840 3380 4896 meliori

159 4933 375 5010 λιιότιροι
432 4941 556 4996 τῶν
609 4939 734 4994 νῦν
785 4940 911 4993 ὅθεν
962 4940 1058 4995 καὶ
1103 4937 1338 5010 χρυσοῦν
1388 4937 1693 5009 ἐκλήθησαν

158 5029 292 5094 γένος.
313 5033 422 5088 Οὐκ
452 5036 571 5108 ἄρα
597 5035 632 5104 ἡ
663 5031 897 5102 γένεσις.

1799 4945 1944 4992 statu
1969 4937 2199 4993 subinde
2225 4938 2475 4999 mutavit.
2509 4952 2574 4990 ac
2606 4938 2818 5007 potiore
2855 4937 3247 5008 gubernatione
3276 4939 3376 4988 do-

1802 5031 1987 5094 navit,
2034 5045 2159 5084 cum
2196 5028 2364 5098 prisci
2405 5031 2504 5083 αινὶ
2543 5029 2793 5085 homines
2829 5029 3277 5086 miserabiliorem
3306 5028 3382 5081 vi—

160 5127 240 5174 tam
275 5123 584 5184 duxissent.
645 5125 812 5196 Atqui
855 5124 1067 5180 felicior
1108 5123 1322 5178 illorum
1371 5121 1502 5188 fuit,
1561 5134 1728 5192 quam
1782 5131 1971 5178 nostra
2015 5130 2275 5192 nepotum
2324 5123 2608 5178 conditio:
2660 5123 2804 5178 unde
2836 5129 2890 5175 ct
2930 5134 3156 5174 aureum
3207 5131 3383 5188 genus

162 5219 420 5274 audierunt.
449 5220 576 5276 Non
633 5236 765 5292 ergo
801 5228 886 5277 est
916 5221 1111 5275 natalis
1149 5219 1412 5274 fatalitas.

212 5308 259 5360 Εἰ
298 5312 324 5363 ὀ
362 5311 541 5382 ἥλιος,
587 5312 948 5367 καθιππεύων
993 5311 1121 5374 τοὺς
1171 5309 1553 5381 κύκλουςοῷἱ)
1599 5311 1695 5364 καὶ

163 5405 576 5476 ἐπιπορευόμενος
627 5407 868 5478 ἐτησίοις
918 5405 986 5460 τὰ
1029 5405 1194 5471 ζώδια
1248 5405 1540 5475 περιόδοις,
1594 5405 1694 5470 τὰς

210 5540 302 5610 (51)
325 5541 696 5596 Καθιππεύων
715 5543 846 5607 τοὺς
861 5543 1114 5605 κύκλους.
1134 5541 1499 5609 Perequitans,
1518 5539 1697 5595 obiens

164 5627 304 5668 zona.
329 5614 525 5694 Insigni
545 5612 841 5694 Possinius
873 5615 1160 5694 μαθήσεως
1186 5610 1477 5694 ακριὸείᾳ,
1528 5611 1699 5694 εζηξοι

164 5682 506 5756 Immanis
536 5684 769 5756 circulos
783 5723 816 5756 ,Α
856 5682 1016 5756 quasi
1051 5683 1242 5756 circuli
1266 5682 1319 5735 et
1343 5697 1493 5756 zona:
1514 5721 1530 5746 ,
1565 5682 1699 5736 illis-

258 5751 487 5826 asériptze
501 5755 691 5820 stellae,
712 5753 821 5826 soli
844 5751 1085 5826 subsint,
1102 5754 1320 5812 haecque
1345 5751 1427 5806 sol
1451 5753 1503 5826 in
1526 5766 1696 5822 equo-

163 5833 251 5880 Y'm
278 5823 469 5887 morem
495 5825 814 5896 inscendat,
841 5824 1186 5896 subindequc
1215 5827 1320 5880 alia
1343 5834 1395 5880 et
1426 5823 1532 5878 alia
1570 5839 1695 5880 mu-

1873 5303 1930 5359 Si
1953 5303 2034 5358 sol
2051 5305 2400 5374 perequitans
2420 5305 2676 5367 circulos,
2698 5309 2751 5354 et
2767 5299 2963 5352 annuis
2993 5298 3151 5368 signa
3184 5299 3379 5356 obiens

1799 5396 2039 5469 periodis
2061 5436 2075 5460 ,
2111 5396 2440 5452 mutationes
2467 5394 2647 5458 efﬁcit,
2681 5390 3179 5460 conversionesque
3203 5397 3378 5449 statas

1806 5547 1902 5604 tet,
1939 5537 2017 5591 uti
2060 5535 2172 5592 fere
2203 5549 2481 5596 cursores,
2515 5547 2612 5602 per
2642 5529 2778 5604 alias
2815 5529 3058 5604 aliasque
3089 5527 3378 5604 stationes.

1802 5613 1870 5664 At
1890 5598 2015 5678 quis
2035 5609 2201 5662 solem
2225 5610 2492 5678 planetam
2513 5598 2744 5661 nesciat,
2778 5599 3037 5678 stellifero
3065 5599 3185 5678 orbi
3223 5598 3380 5665 longe

1803 5666 2131 5748 subjectum,
2149 5666 2353 5748 quique
2377 5675 2512 5727 adeo
2532 5689 2637 5726 non
2666 5673 3058 5748 superequitet.
3086 5666 3178 5721 sed
3206 5682 3381 5748 magis

1801 5737 2110 5818 subéquitet
2154 5737 2411 5806 circulos,
2448 5737 2851 5818 percurrat—que
2886 5737 3106 5805 oblique
3149 5737 3253 5789 sub
3300 5740 3381 5792 eis

1802 5814 2044 5895 gyrando
2069 5819 2284 5890 aliaque
2313 5833 2378 5875 ex
2411 5814 2533 5872 aliis
2563 5815 2719 5884 signa
2755 5814 2962 5882 lege"-
3059 5821 3339 5862 μονιοιεειε.
