4090 6318
645 390 748 447 167

1582 386 1641 442 s.
1687 364 2021 442 ttErnoou
2061 386 2373 446 EPISCOPI
2413 389 2503 446 ετ
2550 389 2915 446 manuus

3838 389 3942 445 {63

643 515 954 581 temporum
995 507 1237 575 reducit;
1273 505 1498 578 quinam
1525 521 1656 578 ergo
1677 546 1695 571 ,
1725 506 1819 576 qui
1854 514 2146 577 antequam
2172 509 2248 564 si-

2357 487 2660 580 μὶέαδολάς
2695 507 2952 562 ἀποτελεῖ
2981 509 3074 562 καὶ
3106 506 3206 570 τάς
3237 507 3446 579 τροπὰς
3480 503 3590 559 τῶν
3628 504 3858 578 καιρῶν,
3891 505 3942 560 οι

644 615 753 673 gna
777 601 833 654 in
858 600 998 655 caelo
1014 601 1440 664 collocarentur,
1473 597 1652 669 iisque
1677 598 1810 653 illud
1829 609 2242 669 perornaretur,

646 693 996 757 exstiterunt,
1040 692 1224 748 vivere
1262 699 1592 763 potuerunt;
1625 707 1751 745 cum
1781 692 2013 747 necdum
2046 701 2208 748 astas
2228 734 2243 759 ,

646 793 968 847 autumnus,
1005 784 1201 849 hiems,
1230 799 1328 839 ver
1349 783 1588 839 discreta
1604 791 1811 850 essent,
1836 798 2069 853 quorum
2102 792 2248 839 tem-

647 885 904 949 peratura
939 878 1189 948 corporis
1237 876 1451 932 indoles
1478 884 1710 948 augetur
1735 891 1800 930 ac
1853 876 2247 931 conﬁrmatur?

647 971 810 1042 Atqui
828 972 1105 1033 vixerunt,
1130 970 1595 1040 longaevioresque
1617 984 1682 1024 ac
1706 968 2050 1025 robustiores
2076 968 2248 1023 durae

648 1072 800 1127 runt.
833 1081 999 1136 quam
1026 1063 1123 1134 qui
1174 1076 1323 1118 nunc
1371 1063 1605 1117 vivimus
1635 1082 1648 1117 :
1678 1062 1844 1117 simili
1876 1062 2089 1116 ratione
2130 1069 2245 1115 tum

648 1172 869 1229 quoque
900 1156 1012 1212 Deo
1048 1164 1296 1226 tempora
1322 1155 1664 1225 disponente.
1698 1153 1816 1209 Non
1844 1154 2014 1224 igitur
2045 1153 2246 1208 coelum

646 1247 986 1321 ejuscemodi
1008 1247 1197 1319 ﬁguris
1216 1261 1279 1302 ac
1305 1262 1403 1318 per
1419 1262 1513 1303 eas
1537 1247 1876 1312 occasiones,
1900 1246 2133 1302 subinde
2160 1245 2248 1299 in-

650 1341 999 1398 terstinctum
1027 1353 1092 1393 ac
1126 1339 1395 1392 variatum
1426 1339 1548 1395 fuit.

725 1427 783 1484 Si
818 1429 898 1484 sol
928 1436 983 1485 et
1009 1428 1139 1482 luna
1168 1443 1232 1484 ac
1260 1429 1430 1484 stellae
1451 1429 1572 1483 alia:
1593 1427 1958 1500 astraque,ad
1983 1429 2250 1498 temporis

651 1521 1074 1593 distinguendos
1124 1521 1538 1591 servandosque
1567 1536 1826 1575 numeros
1843 1521 1911 1583 ”,
1946 1529 2002 1573 et
2029 1520 2095 1573 ad
2123 1518 2250 1575 ςαξιὶ

651 1620 908 1670 ornatum
933 1615 1193 1685 vicesque
1222 1620 1612 1684 tempestatum
1639 1611 1979 1666 inducendas
2007 1609 2248 1672 condita,

652 1705 837 1760 divina
872 1714 1021 1772 sunt,
1061 1717 1114 1762 et
1148 1721 1314 1776 quam
1346 1721 1447 1774 pro
1492 1705 1732 1758 humana
1774 1702 2090 1759 conditione
2113 1718 2254 1772 prat-

651 1798 954 1866 stantiora;
985 1799 1301 1855 necessario
1322 1796 1399 1863 lit,
1425 1797 1862 1865 praestantiorem
1887 1795 2001 1850 ιιωο
2031 1810 2252 1866 quoque

2353 601 2463 672 πρὸ
2507 599 2604 653 τοῦ
2654 597 3150 669 καταστερισθῆναι
3191 597 3260 650 τά
3294 595 3460 660 ζώδια
3494 596 3800 666 γεγονότες,
3848 599 3941 652 καὶ

2347 691 2695 762 κοσμηθῆναι
2740 689 2951 754 τούτοις
2990 689 3083 743 τδν
3137 688 3388 762 οὐρανὸν,
3457 687 3575 752 πῶς
3623 689 3938 762 διήρκεσαν,

2350 783 2579 854 μηδέπω
2623 782 2838 854 θέρους.
2891 781 3235 854 μετοπώρου,
3290 780 3582 853 χειμῶνος,
3623 781 3788 854 ἔαρος
3829 781 3942 838 δια.

2347 874 2715 948 κεκριμένων,
2748 875 2814 928 δι’
2837 867 2914 929 ὧν
2944 875 2978 945 ἡ
3015 873 3109 928 τοῦ
3146 872 3398 944 σώματος
3430 859 3657 938 αὒξεται
3692 875 3787 928 καὶ
3815 891 3939 944 συγ-

2348 971 2632 1042 κρατεῖται
2668 968 2866 1038 φύσιςς
2922 967 3046 1021 ’Δλλ
3097 965 3423 1038 ἐξήρκεσαν.
3456 964 3552 1020 καὶ
3583 965 3941 1039 πολυχρονιώ-

2348 1079 2498 1134 τεροι
2537 1063 2796 1132 γεγόνασι
2842 1061 2938 1115 καὶ
2989 1057 3412 1132 ῥωμαλεώτεροι
3463 1058 3619 1130 παρά
3662 1061 3790 1123 τοὺς
3821 1060 3937 1123 νύν,

2348 1152 2556 1222 ὁμοίως
2586 1153 2683 1206 καὶ
2710 1152 2833 1207 τότε
2854 1151 3232 1214 διευθύναντος
3257 1151 3383 1214 τοὺς
3412 1151 3639 1218 καιροὺς
3662 1150 3755 1204 τοῦ
3782 1150 3938 1206 Θεοῦ.

2351 1245 2466 1300 οὐκ
2498 1245 2610 1316 ἀρα
2638 1247 2704 1299 ὲκ
2731 1245 2991 1300 τοιούτων
3023 1246 3054 1300 ό
3084 1243 3312 1315 οὐρανὸς
3341 1242 3693 1298 πεποίκιλται
3727 1244 3942 1315 σχημάο

2349 1325 2479 1391 MV.

2422 1431 2487 1484 Et
2531 1432 2561 1484 ό
2601 1429 2752 1502 ἥλιος
2791 1431 2888 1485 καὶ
2919 1432 2954 1503 ἡ
2991 1431 3189 1503 σελήνη
3224 1429 3319 1485 καὶ
3348 1430 3419 1484 τά
3465 1429 3605 1485 ἀλλα
3646 1429 3846 1502 ἄστρα.
3879 1430 3946 1487 τὰ

2351 1524 2432 1587 είς
2455 1522 2736 1595 διορισμὸν
2761 1525 2852 1578 καὶ
2881 1523 3130 1596 φυλακὴν
3159 1522 3414 1596 ἀριθμῶν
3431 1523 3624 1594 χρόνου
3656 1522 3944 1591 γεγονότα,

2354 1617 2448 1670 καὶ
2475 1616 2683 1688 κόσμον
2727 1615 2984 1688 οὐρανοῦ,
3017 1617 3113 1671 καὶ
3144 1614 3631 1696 τροπὰςοκαιρῶν,
3666 1615 3787 1668 θεῖά
3830 1616 3946 1669 εστι

2354 1710 2450 1763 καὶ
2481 1710 2718 1781 κρείττω
2749 1710 2857 1764 τῶν
2888 1709 3191 1782 ἀνθρώπων
3211 1751 3226 1774 ,
3273 1710 3488 1782 ἀνάγκη
3517 1709 3613 1764 καὶ
3658 1709 3950 1781 κρείττονα

2358 1802 2474 1873 βίον
2524 1803 2621 1856 καὶ
2661 1803 2933 1874 μακάριον
2973 1802 3118 1857 αύτά
3159 1804 3254 1857 καὶ
3296 1801 3598 1874 εἰρηνικὸν,
3634 1801 3730 1855 καὶ
3765 1798 3949 1873 πολλῷ

648 1891 818 1947 vitam
855 1900 910 1947 et
947 1892 1165 1947 beatam
1193 1899 1361 1960 atque
1387 1887 1762 1958 tranquillam,
1788 1889 2054 1959 longeque
2078 1887 2248 1958 justi-

2357 1893 2446 1946 τοῦ
2477 1895 2747 1967 ἡμετέρου
2772 1894 2888 1965 βίου
2909 1894 3293 1949 διαλλάττοντα
3311 1892 3631 1965 δικαιοσύνῃ
3652 1893 3747 1946 καὶ
3775 1894 3950 1966 ἀρετῇ

648 1984 740 2041 tia
754 1998 821 2040 ac
837 1985 1056 2039 virtutis
1079 1984 1323 2050 dotibus,
1349 1991 1544 2038 nostra
1559 1983 1664 2036 hac
1682 1982 1983 2045 meliorem,
2012 1981 2209 2052 degere
2230 2001 2243 2038 :

651 2089 776 2146 quae
803 2074 1111 2144 composito
1142 2073 1399 2144 l'elicique
1437 2081 1588 2126 motu
1625 2088 1684 2129 se
1715 2081 1989 2128 moveant.
2026 2071 2122 2127 Sin
2155 2088 2250 2128 au-

2348 1987 2579 2055 διάγειν,
2613 1989 2908 2059 κινούμενα
2937 1988 3153 2060 κίνησιν
3183 1986 3448 2042 εῠτακτον
3493 1988 3590 2041 καὶ
3617 1985 3949 2058 εὐδαίμονα·

2351 2083 2400 2133 εἰ
2428 2080 2483 2132 δὲ
2506 2080 2618 2134 τῶν
2651 2079 2863 2152 θνητῶν
2893 2079 3182 2151 συμφορὰς
3212 2079 3304 2133 καὶ
3348 2077 3766 2150 κακοφροσύνας
3810 2076 3955 2131 αύτά

651 2174 763 2222 tem
802 2164 1134 2221 mortalibus
1176 2164 1416 2219 cladium
1459 2164 1841 2234 malorumque
1887 2165 2246 2223 consiliorum

2357 2171 2717 2237 τεκταίνεται,
2761 2173 2857 2227 καὶ
2899 2174 3116 2244 ἐνεργεῖ
3157 2172 3287 2246 περὶ
3319 2171 3419 2236 τάς
3464 2170 3754 2240 ἀσελγείας
3787 2169 3955 2240 ἀσχοο

652 2265 905 2313 auctores
927 2267 1077 2322 sunt,
1109 2266 1417 2329 vacantque
1439 2257 1800 2328 impudicitiis
1831 2273 1896 2313 ac
1918 2260 2042 2318 vitae
2071 2269 2248 2313 muta-

2357 2263 2609 2336 λούμενα,
2662 2265 2758 2319 καὶ
2798 2263 2897 2328 τάς
2941 2263 3247 2336 μεταδολάς
3289 2265 3385 2319 καὶ
3416 2263 3622 2335 τροπὰς
3665 2260 3762 2316 τοῦ
3799 2261 3952 2332 βίου,

652 2349 896 2408 tionibus
933 2351 1274 2424 tragicisque
1303 2350 1530 2406 casibus
1571 2349 1920 2420 ingerendis;
1954 2352 2115 2422 plane
2146 2352 2248 2406 mi-

2357 2356 2463 2429 ἀρα
2507 2355 2814 2428 ἀθλιώτερα
2843 2355 2954 2410 τῶν
2999 2355 3306 2428 ἀνθρώπων
3350 2356 3520 2420 ἐστὶν,
3568 2357 3648 2418 είς
3691 2354 3796 2424 τὴν
3845 2351 3955 2422 γῆν

651 2444 973 2502 serabiliore
1005 2444 1324 2501 hominibus
1350 2450 1498 2498 sorte
1524 2449 1676 2507 sunt,
1708 2457 1832 2514 quae
1854 2444 1908 2498 in
1933 2451 2137 2500 terram
2164 2443 2248 2499 fa-

2358 2448 2648 2519 βλέποντα,
2677 2448 2774 2503 καὶ
2803 2448 2904 2512 τὰς
2936 2448 3238 2520 ὲπικήρους
3261 2449 3358 2501 καὶ⁵
3380 2447 3655 2518 ἀθέσμους
3686 2443 3950 2516 πράξεις,

652 2535 901 2608 talesque
921 2551 985 2591 ac
1012 2534 1255 2591 nefarios
1293 2543 1451 2590 actus
1485 2535 1787 2599 attendant,
1817 2550 1918 2590 nec
1948 2537 2247 2606 quidquam

2357 2539 2453 2594 καὶ
2495 2540 2666 2611 μηδὲν
2711 2542 2956 2612 κρεῖττον
3004 2540 3113 2594 τῶν
3151 2538 3458 2612 ἀνθρώπων
3507 2538 3782 2607 διάγοντα,
3837 2535 3960 2606 είγι

655 2629 851 2690 melius
871 2627 1034 2686 nobis
1055 2628 1221 2684 vitam
1245 2637 1460 2698 regant,
1485 2627 1930 2698 quandoquidem
1958 2629 2028 2684 ab
2055 2643 2246 2684 eorum

2357 2633 2456 2702 τῆς
2483 2633 2707 2688 ἐκείνων
2737 2633 3036 2706 ἀπορροίας
3062 2633 3159 2688 καὶ
3182 2633 3453 2705 κινήσεως
3491 2634 3520 2686 ό
3548 2631 3823 2705 ἡμέτερος
3857 2631 3959 2703 ἧρ-

647 2718 874 2776 deﬂuxu
903 2734 968 2775 ac
992 2728 1149 2776 motu
1181 2727 1373 2783 nostra
1403 2718 1675 2790 dependet
1690 2721 1825 2774 vita.

2357 2740 2514 2795 τηται
2548 2723 2682 2795 βίος.

1396 2834 1530 2890 CAP.
1563 2832 1706 2890 XVI.
1737 2834 1866 2889 Alia
1904 2835 2181 2904 complura
2205 2835 2260 2888 in
2289 2837 2497 2894 eosdem
2531 2839 2936 2895 mathematicos
2966 2841 3189 2895 intorta.

726 2930 866 2986 Cum
894 2930 1082 2986 nullus
1110 2931 1320 3003 absque
1349 2931 1554 3003 praevio
1584 2931 1905 3003 cupiditatis
1932 2929 2126 2986 all‘ectu
2157 2945 2251 2986 ac-

652 3030 749 3080 tus
779 3022 903 3090 ﬁat,
935 3039 1114 3095 neque
1139 3040 1272 3080 vero
1311 3025 1589 3096 cupiditas
1630 3022 1851 3079 aliunde
1881 3025 1952 3078 sit
1983 3038 2148 3094 quam
2181 3024 2252 3079 ab

2429 2937 2494 2990 Εί
2522 2938 2674 2991 πᾶσα
2709 2937 2909 3009 πρᾶξις
2937 2937 3110 3007 χωρὶς
3138 2934 3436 3003 ἐπιθυμίας
3467 2934 3529 2988 ού
3565 2935 3797 3004 γίνεται,
3830 2938 3961 2994 οὐδὲ

2359 3029 2466 3102 μὴν
2498 3029 2765 3102 ἐπιθυμία
2807 3030 2974 3102 χωρὶς
3008 3029 3218 3093 ἐνδείας
3238 3045 3251 3059 ·
3297 3027 3545 3092 ἀνενδεες
3571 3027 3628 3080 δὲ
3659 3026 3721 3081 τὸ
3747 3027 3917 3082 Θεϊον
3941 3047 3955 3059 ·

655 3112 994 3184 indigentia;
1062 3112 1204 3168 Deus
1257 3121 1441 3170 autem
1464 3116 1583 3184 ipse
1643 3115 1852 3168 nullius
1899 3122 2087 3184 egeat,
2148 3127 2248 3168 nec

2357 3123 2679 3195 ἀνεννόητον
2728 3124 2838 3195 ἀρα
2884 3121 3187 3195 πονηρίας⁹
3241 3121 3338 3174 καὶ
3388 3122 3437 3175 εί
3483 3123 3516 3192 ἠ
3572 3119 3680 3174 τῶν
3729 3120 3963 3193 ἄστρων

652 3203 884 3277 proinde
912 3204 1080 3258 ullius
1121 3211 1312 3259 auctor
1338 3215 1432 3259 aut
1461 3206 1809 3261 machinator
1842 3205 2130 3275 pravitatis
2154 3222 2252 3260 ex-

653 3297 814 3352 sistat
836 3313 850 3363 ;
872 3308 1332 3365 cumque-rursus
1359 3297 1604 3352 siderum
1628 3307 1823 3360 natura
1844 3297 2044 3352 divina:
2074 3297 2251 3353 allinis

653 3389 727 3444 sit
761 3388 954 3457 illique
977 3388 1214 3444 vicinior
1250 3391 1466 3460 (nempe
1498 3389 1937 3459 praestandorum
1968 3389 2251 3443 hominum

651 3482 855 3536 virtute
905 3480 1316 3554 pmstantior),
1355 3498 1458 3537 nec
1500 3484 1621 3554 ipsa
1666 3484 1811 3538 mala
1842 3483 2134 3540 molientur
2158 3491 2253 3539 aut

653 3575 840 3646 aliquo
870 3574 1220 3647 indigebunt.

722 3666 1013 3731 Praeterea,
1043 3683 1206 3724 nemo
1231 3683 1420 3724 eorum
1444 3667 1648 3738 quibus
1671 3678 1853 3725 ratum
1883 3678 1968 3726 est
1994 3669 2165 3726 solem
2197 3679 2254 3726 et

651 3757 840 3814 lunam
879 3767 933 3814 et
977 3756 1406 3815 stellasdiviuas
1437 3775 1527 3815 res
1560 3775 1703 3824 esse,
1736 3769 1826 3816 eat
1857 3760 2104 3830 profecto
2131 3760 2254 3816 infi-

652 3854 780 3917 tias,
803 3854 994 3923 procul
1029 3853 1195 3908 etiam
1226 3869 1256 3907 a
1281 3855 1490 3909 malitia
1518 3854 1632 3909 haec
1655 3853 1975 3917 abhorrere,
2004 3863 2060 3910 et
2088 3870 2117 3907 a
2150 3863 2256 3910 ter-

654 3962 914 4001 renorum
942 3947 1160 4001 actibus
1186 3958 1396 4001 remota
1425 3963 1570 4012 esse,
1603 3947 1658 4002 in
1678 3964 1800 4018 quae
1830 3963 1930 4002 nec
1957 3948 2252 4018 voluptatis

653 4039 892 4104 aﬂ'cctio,
923 4055 1025 4095 nec
1051 4040 1260 4096 doloris
1283 4040 1444 4096 cadat
1473 4059 1485 4095 :
1520 4057 1623 4097 nec
1647 4044 1792 4098 enim
1815 4042 2131 4099 caelestibus
2158 4060 2254 4113 pu-

655 4131 836 4188 denda
867 4133 984 4186 haec
1015 4132 1290 4188 desideria
1320 4142 1645 4204 competunt
1677 4143 1730 4189 et
1764 4137 2120 4193 exsecranda:
2162 4151 2256 4206 ap-

655 4226 967 4296 petitiones.
997 4225 1052 4279 Si
1087 4235 1270 4281 autem
1295 4235 1451 4282 extra
1472 4243 1537 4282 ea
1563 4240 1711 4292 sunt,
1740 4244 1840 4284 nec
1865 4230 1973 4284 ulla
2000 4230 2255 4284 lab0rant

653 4327 917 4390 egestate,
945 4320 1074 4390 quid
1111 4335 1296 4376 causa:
1325 4329 1410 4375 est
1442 4336 1544 4375 cur
1574 4323 1903 4376 mortalibus
1934 4338 2123 4377 eorum
2155 4338 2254 4376 au-

653 4420 840 4468 ctores
877 4414 1009 4476 siut,
1056 4429 1178 4484 quae
1212 4429 1315 4469 nec
1359 4415 1468 4469 illis
1519 4414 1798 4470 arrideant
1828 4423 1882 4471 et
1934 4426 2087 4470 extra
2132 4431 2251 4487 quae

656 4503 836 4574 posita
866 4505 1136 4559 nobiliore
1166 4505 1350 4560 indole
1379 4515 1637 4576 przestent

729 4592 792 4647 Hi
828 4609 995 4664 porro
1018 4592 1113 4663 qui
1136 4593 1410 4648 hominem
1443 4595 1658 4649 arbitrii
1693 4594 1949 4650 facultate
1972 4609 2082 4648 nou
2110 4609 2249 4663 prte-

654 4685 831 4742 ditum
863 4700 986 4741 esse
1009 4693 1296 4750 statuunt,
1333 4687 1429 4742 sed
1463 4687 1761 4742 inevitabili
1791 4686 1889 4741 fati
1920 4688 2248 4743 necessitate

654 4779 938 4850 jussisque
972 4795 1082 4834 non
1113 4781 1338 4851 scriptis
1366 4780 1499 4837 ferri
1528 4783 1723 4852 agique
1751 4782 2048 4835 humanam
2078 4781 2245 4834 vitam

659 4873 927 4936 sentiunt,
963 4871 1017 4926 in
1043 4872 1221 4942 ipsum
1245 4874 1396 4942 impii
1430 4889 1493 4928 ac
1515 4874 1852 4943 injuriisunt
1869 4871 2245 4942 Deum,quem

657 4967 931 5022 malorum
993 4967 1361 5021 humanorum
1420 4975 1698 5022 auctorem
1728 4974 1781 5021 et
1809 4967 2120 5022 effectorem
2161 4965 2247 5021 l‘a-

655 5060 828 5115 ciunt.
877 5057 933 5115 Si
967 5061 1116 5115 enim
1147 5058 1391 5115 siderum
1421 5061 1741 5115 universum
1773 5060 2099 5114 circularem
2131 5073 2250 5113 mo-

656 5157 771 5202 tum
795 5189 809 5213 ,
863 5149 1007 5206 Deus
1049 5151 1202 5221 ipse,
1245 5165 1352 5220 qua
1384 5165 1547 5204 nemo
1578 5149 1868 5219 sapientia:
1892 5148 2042 5204 dicat
2070 5158 2163 5203 aut
2192 5149 2244 5202 vi

655 5241 856 5296 mentis
884 5241 1172 5314 intelligat,
1209 5239 1487 5295 modulate
1520 5239 1826 5310 dispensat,
1862 5239 2104 5295 universi
2131 5238 2246 5291 cla-

655 5336 1108 5392 vuttLrectissime
1127 5337 1469 5406 gubernans;
1496 5342 1643 5391 astra
1658 5349 1786 5388 vero
1807 5334 1921 5386 vitii
1946 5340 2109 5404 atque
2134 5330 2246 5386 vir-

651 5432 790 5484 tutis
819 5427 1115 5498 qualitates
1154 5435 1406 5482 huinana:
1436 5428 1560 5481 vita:
1598 5427 1873 5496 ingerunt,
1905 5442 2025 5495 qua:
2052 5423 2244 5480 videli-

651 5532 738 5577 cet
774 5520 1121 5578 necessitatis
1143 5521 1378 5575 vinculis
1406 5519 1654 5574 homines
1687 5519 1740 5571 iu
1768 5534 1831 5572 ea
1863 5519 2106 5582 trahant,
2135 5517 2238 5570 uti-

652 5631 759 5685 que
819 5615 1090 5668 malorum
1142 5623 1420 5669 auctorem
1463 5629 1527 5668 ac
1569 5611 1836 5681 originem
1869 5609 2038 5666 Deum
2071 5610 2236 5664 ascri-

654 5705 822 5769 bunt;
863 5705 1110 5759 omuium
1164 5710 1346 5759 tamen
1376 5704 1622 5775 judicio,
1657 5703 1860 5757 nullius
1911 5717 2067 5756 noxae
2102 5701 2244 5757 Deus

653 5803 848 5850 auctor
881 5803 986 5852 est.
1022 5794 1360 5865 Explodatur
1385 5811 1516 5867 ergo
1545 5795 1726 5850 fatalis
1756 5795 2074 5848 necessitas.

724 5912 769 5942 “
800 5907 927 5963 Cm.
956 5925 993 5972 ι,
1028 5908 1119 5966 17.

2355 3216 2519 3287 φύσις
2562 3216 2844 3289 ἐγγυτέρω
2885 3216 3144 3270 τέτακται
3173 3212 3331 3276 Θεοῦ,
3369 3211 3635 3284 κρείττων
3671 3207 3813 3265 οὖσα
3853 3213 3962 3281 τῆς

2352 3309 2463 3364 τῶν
2491 3308 2817 3380 κρειττόνων
2834 3305 3137 3380 ἀνθρώπων
3160 3303 3392 3376 ἀρετῆς·
3425 3301 3722 3372 ἀνεννόητα
3748 3300 3964 3365 κακίας

2354 3402 2474 3455 ἐστὶ
2497 3402 2592 3456 καὶ
2624 3401 2844 3473 ἀνενδεῆ
2877 3401 2946 3453 τά
2975 3400 3171 3471 ἄστρα.

2426 3668 2539 3725 Καὶ
2571 3667 2768 3730 ἄλλως,
2809 3667 2918 3726 πᾶς
2963 3664 3095 3734 ἡμῖν
3137 3660 3465 3732 ὁμολογήσει
3491 3657 3600 3711 τῶν
3635 3658 3967 3728 πεπεισμέ-

2354 3779 2461 3817 νων
2488 3761 2582 3814 τδν
2627 3759 2777 3830 ἥλιον
2826 3756 2920 3810 καὶ
2963 3754 3061 3825 τὴν
3106 3753 3338 3824 σελήνην
3393 3751 3487 3804 καὶ
3535 3751 3661 3812 τοὺς
3709 3748 3967 3819 ἀστέρας

2355 3852 2494 3909 εἷναι
2525 3853 2665 3917 θεῖα,
2703 3850 2797 3905 καὶ
2837 3847 3057 3920 μακρὰν
3091 3843 3400 3916 ἀπῳκίσθαι
3435 3841 3652 3905 κακίας,
3697 3841 3796 3894 καὶ
3843 3841 3966 3894 τῶν

2354 3944 2605 4016 γηγενῶν
2651 3940 2905 4014 πράξεων
2949 3937 3280 3992 ἀνεπίδεκτα
3321 3935 3528 3996 πάθους
3574 3932 3772 4004 ἡδονῆς
3828 3932 3969 3986 ὄντα

2355 4035 2448 4089 καὶ
2473 4034 2677 4104 λύπης·
2710 4033 2772 4086 ού
2795 4030 2905 4102 γάρ
2934 4030 3217 4101 προσεῖναι
3245 4028 3358 4090 τοῖς
3387 4023 3659 4097 οὐρανίοις
3689 4023 3971 4086 τοιαύτας

2354 4127 2562 4200 ὀρέξεις
2599 4124 2910 4196 βδελυκτάς.
2957 4123 3020 4175 Et
3050 4120 3108 4174 δὲ
3155 4119 3361 4172 τούτων
3405 4116 3564 4179 ὲκτὸς
3595 4116 3688 4169 καὶ
3721 4115 3968 4190 ἀνενδεῆ

2355 4221 2658 4290 πεφύκασι,
2692 4218 2808 4282 πῶς
2841 4219 2952 4280 τοῖς
2981 4211 3312 4286 ἀνθρώποις,
3351 4211 3388 4265 ἃ
3423 4209 3497 4282 μὴ
3536 4209 3690 4264 αὐτοὶ
3728 4208 3972 4279 βούλον·

2353 4329 2464 4375 ται,
2503 4312 2598 4364 καὶ
2627 4303 2703 4364 ὧν
2730 4308 2888 4370 ἐκτός
2913 4308 3041 4370 είσι,
3077 4302 3483 4365 τεκταίνονται;

2428 4579 2492 4633 Οἱ
2521 4577 2578 4630 δὲ
2611 4575 2919 4648 ὁριζόμενοι
2948 4571 3040 4625 τὸν
3071 4569 3359 4643 ἄνθρωπον
3407 4567 3482 4638 μὴ
3519 4561 3657 4618 εἶναι
3694 4563 3974 4628 αὐτεξούο

2359 4688 2493 4734 σιον,
2533 4667 2647 4722 ἀλλ’
2681 4666 2946 4734 ἀνάγκαις
2988 4662 3255 4733 ἀφύκτοις
3301 4657 3657 4730 Εἱμαρμένης
3699 4655 3974 4722 λέγοντες

2355 4759 2695 4826 οἰακίζεσθαι
2735 4758 2828 4811 καὶ
2872 4754 3144 4827 ἀγράφοις
3181 4751 3623 4825 προστάγμασιν,
3672 4750 3753 4809 είς
3791 4746 3978 4801 αὑτὸν

2356 4859 2616 4915 ἀσεϐοῦσι
2655 4858 2747 4910 τὸν
2783 4853 2938 4914 Θεὸν,
2989 4847 3323 4923 παρεκτικὸν
3373 4843 3536 4898 αὑτὸν
3580 4839 3688 4892 τῶν
3735 4839 3976 4912 ἀνθρω-

2359 4952 2528 5007 πίνων
2565 4947 2749 5005 xava
2776 4945 2871 4998 καὶ
2905 4942 3135 5014 ποιητὴν
3161 4935 3567 5009 εἰσηγούμενοι.
3604 4931 3667 4984 Et
3699 4930 3819 5003 γάρ
3852 4934 3978 4986 τῶν

2357 5047 2604 5119 ἀστέρων
2654 5045 2872 5099 ἃπασαν
2915 5035 3183 5106 κυκλικὴν
3232 5031 3444 5101 κίνησιν
3478 5023 3733 5096 ἐμμελῶς
3785 5026 3976 5119 auch;

2355 5118 2621 5212 ἀφράστῳ
2662 5137 2822 5207 σοφίᾳ
2874 5135 2970 5186 καὶ
3013 5126 3319 5196 ἀνεννοήτῳ
3359 5121 3556 5182 διέπει,
3601 5118 3977 5174 κατευθύνων

2355 5235 2443 5289 τὸν
2477 5233 2640 5288 οίακα
2676 5231 2777 5302 τῆς
2808 5223 3136 5296 οἰκουμένης
3157 5236 3168 5249 ·
3203 5220 3254 5271 οἱ
3296 5217 3355 5270 δὲ
3384 5213 3615 5286 ἀστέρες
3658 5212 3760 5277 τὰς
3799 5215 3973 5268 ποιό-

2354 5347 2522 5400 τητας
2553 5328 2661 5398 τῆς
2691 5325 2889 5386 κακίας
2927 5320 3020 5374 καὶ
3051 5316 3153 5386 τῆς
3184 5311 3387 5386 ἀρετῆς
3415 5309 3696 5364 ἐκτελοῦσι
3713 5309 3802 5378 τῷ
3830 5309 3972 5380 βίῳ,

2353 5425 2602 5493 ἀνάγκης
2626 5420 2845 5490 δεσμοῖς
2875 5415 3000 5476 τοὺς
3025 5407 3346 5480 ἀνθρώπους
3370 5405 3617 5467 ἕλκοντες
3640 5404 3719 5465 εἰς
3748 5401 3967 5454 ταῦτα·

2352 5517 2522 5570 αἴτιον
2553 5513 2661 5565 τῶν
2693 5509 2876 5565 κακῶν
2909 5505 2999 5559 τὸν
3039 5502 3171 5556 Θεὸν
3210 5498 3602 5569 ἀποφαίνονται
3635 5497 3727 5549 καὶ
3763 5495 3965 5565 δότην·

2353 5609 2467 5662 ἀλλ’
2503 5605 2746 5668 ἀναίτιος
2781 5603 2913 5656 πᾶσι
2949 5597 3129 5668 πάσης
3179 5592 3384 5666 βλάϐης
3417 5593 3445 5648 ὁ
3482 5592 3635 5652 Θεὸς.
3681 5587 3805 5641 Οὐκ
3851 5587 3974 5663 ἀρα

2354 5702 2590 5773 γένεσις.
