4090 6318
1265 379 1650 440 CONVIYIUI
1690 380 1920 438 DECEI
1957 378 2321 441 ἯΒΕΙΝΠΙ.

3335 402 3438 457 170

245 492 349 554 ns;
374 491 516 554 ὅστις
541 490 653 547 κάν
693 492 878 566 βραχὺ
914 495 1135 558 συνετὸς
1153 495 1476 568 ὁμολογήσει
1499 498 1590 552 τὸν
1617 498 1735 551 eam

1920 493 2184 588 Quisquls
2203 498 2288 588 rel
2316 499 2543 556 minima
2571 503 2701 557 boni
2724 519 2921 563 sensus
2952 511 3218 579 particula
3251 528 3440 588 asper—

175 584 386 650 ἀγαθὸν,
431 583 664 649 δίκαιον,
719 585 910 654 σοφὸν,
963 585 1156 656 ἀληθῆ,
1191 587 1485 659 ὠφέλιμον,
1517 587 1735 642 ἀναίτια

1859 600 1954 642 sus
1969 595 2074 651 est,
2096 585 2359 644 fatebitur
2374 592 2559 648 statim
2577 591 2788 650 Numen
2799 596 3040 654 divinum
3066 603 3270 661 bonum
3292 583 3437 673 esse,

173 675 373 738 κακῶν,
401 677 755 748 ἀσύμπλοκον
778 679 1008 745 πάθους,
1038 682 1131 735 καὶ
1157 683 1264 734 πᾶν
1288 683 1341 735 ετ
1364 700 1418 735 τι
1446 682 1555 752 (32)
1577 680 1755 736 τοιοῦ-

1850 677 2064 747 justum
2082 717 2098 741 ,
2135 681 2358 751 sapiens
2378 722 2394 747 ,
2423 699 2588 740 verax
2611 725 2627 750 ,
2657 702 2840 743 rerum
2878 692 3205 753 utilitatibus
3235 714 3440 755 consu-

170 784 275 823 τον.
304 771 415 823 Καὶ
440 772 489 823 εί
516 772 564 824 οἱ
593 769 798 825 δίκαιοι
828 772 1115 845 κρείσσους
1143 775 1248 827 είσ)⁸
1269 776 1380 828 τῶν
1412 775 1632 838 ἀδίκων,
1661 777 1735 830 κα⁴

1855 768 1996 833 lens,
2031 768 2458 844 haudquaquam
2491 777 2760 835 malorum
2793 790 3070 840 auctorem
3091 828 3107 852 ,
3136 789 3306 847 nullis
3333 792 3440 848 im-

170 861 308 914 ῐστιν
334 863 525 926 αὐτοῖς
555 865 590 933 ἡ
625 863 815 918 ἀδικία
844 863 1104 934 βδελυκτή
1126 882 1138 894 ⁸
1171 865 1352 936 χαίρει
1386 865 1444 919 δὲ
1472 868 1500 919 ὁ
1528 866 1659 929 Θεὸς
1685 869 1750 937 τῇ

167 954 482 1028 δικαιοσύνῃ
528 955 738 1019 δίκαιος
787 956 897 1021 ὢν,
963 958 1200 1030 στυγητὴ
1253 957 1402 1028 αὐτῷ
1456 961 1491 1028 ἠ
1548 959 1750 1024 ἀδικία,

169 1048 404 1100 ἐναντίον
443 1045 582 1102 οὖσα
623 1051 718 1102 καὶ
763 1048 957 1122 ἐχθρὸν
1000 1052 1066 1121 τῇ
1109 1050 1419 1122 δικαιοσύνῃ
1444 1068 1456 1080 ι
1500 1053 1598 1105 οὐκ
1643 1053 1751 1124 ἄρα

167 1138 370 1202 ἀδικίας
402 1141 579 1204 αἴτιος
606 1142 638 1194 ὁ
663 1139 816 1204 Θεός.

225 1404 288 1456 Ei
317 1403 380 1455 τὸ
417 1394 672 1470 ὠφελοῦν
701 1404 919 1467 πάντως
951 1406 1098 1459 ἐστὶν
1125 1406 1324 1473 ἀγαθόν
1342 1424 1356 1436 ·
1389 1409 1664 1480 ὠφέλιμον
1691 1412 1748 1466 δὲ

167 1494 488 1565 σωφροσύνη
535 1496 632 1547 καὶ
677 1494 832 1563 οἴκῳ,
883 1498 976 1550 καὶ
1023 1497 1121 1568 βίῳ
1163 1500 1256 1553 καὶ
1297 1499 1505 1568 φίλοις·
1547 1501 1749 1569 ἀγαθὸν

169 1586 264 1657 ἄρα
284 1588 436 1640 ἐστὶν
467 1591 501 1658 ἡ
545 1589 891 1661 σωφροσύνη.
936 1593 1044 1644 Καὶ
1085 1595 1132 1645 εί
1166 1594 1198 1664 ἡ
1232 1593 1554 1665 σωφροσύνη
1588 1595 1746 1663 φύσει

165 1678 376 1746 ἀγαθὸν,
402 1677 676 1733 ἀκολασία
701 1680 756 1733 δὲ
781 1683 1022 1735 ἐναντίον
1057 1685 1399 1757 σωφροσύνῃο
1426 1688 1487 1739 τὸ
1514 1688 1572 1741 δὲ
1598 1690 1748 1742 ἐναν-

165 1770 261 1824 τίον
301 1771 383 1842 τῷ
417 1772 614 1843 ἀγαθῷ
655 1775 852 1827 κακόν·
900 1777 1066 1830 κακὸν
1109 1777 1216 1849 ἀρα
1248 1780 1281 1850 ἡ
1317 1779 1600 1834 ἀκολασία.
1636 1781 1745 1835 Καὶ

1854 860 2114 927 plicatum
2145 863 2364 920 vitiosis
2395 866 2715 935 aﬂ‘ectibus,
2751 888 2815 928 ac
2845 875 2890 929 si
2914 878 3044 945 quid
3071 879 3191 948 ejus
3219 884 3438 950 generis

1851 961 1957 1007 est.
1986 950 2105 1006 Jam
2133 955 2178 1009 si
2202 957 2404 1026 etjusti
2423 962 2678 1020 meliores
2701 967 2923 1036 injustis
2954 980 3101 1052 sunt,
3125 974 3317 1044 eisque
3339 993 3438 1032 ex-

1852 1046 2148 1099 secrationi
2181 1047 2454 1119 iujustitia
2506 1051 2770 1124 habetur;
2805 1046 3076 1132 Deusime,
3108 1066 3306 1136 quippe
3338 1070 3435 1139 qui

1845 1135 2031 1204 justus
2053 1137 2148 1202 sit,
2167 1141 2365 1210 gaudet
2389 1144 2638 1215 justitia;
2670 1151 2830 1218 plane
2857 1155 3182 1221 injustitiam
3211 1135 3432 1218 exosam

1852 1225 2038 1290 habet,
2064 1245 2186 1298 quae
2213 1230 2442 1298 justitize
2471 1236 2815 1304 adversetur,
2846 1243 3028 1314 sitque
3059 1245 3137 1302 illi
3171 1248 3389 1306 inimica
3416 1267 3431 1305 :

1851 1333 1962 1373 non
1992 1329 2077 1375 est
2112 1321 2278 1391 igitur
2305 1323 2448 1382 Deus
2475 1339 2668 1383 auctor
2702 1332 3008 1402 injustitiae.

1925 1408 1984 1465 Si
2034 1413 2185 1481 quod
2233 1415 2524 1473 utilitatem
2560 1431 2808 1491 praestat,
2842 1431 3031 1500 utique
3072 1434 3276 1492 bonum
3307 1447 3432 1498 est:

1848 1512 2265 1574 pnestatautem
2288 1512 2518 1568 castitas
2540 1523 2594 1570 et
2615 1515 2802 1573 domui
2825 1529 2880 1575 et
2902 1526 3111 1581 mundo
3126 1537 3181 1583 et
3202 1532 3430 1593 amicis:

1848 1595 1996 1650 bona
2043 1599 2234 1671 utique
2279 1612 2366 1659 est
2401 1609 2650 1664 castitas.
2699 1610 2855 1677 Quod
2878 1613 2926 1669 si
2954 1625 3150 1674 natura
3180 1622 3321 1679 bona
3350 1632 3436 1682 est

1846 1688 2093 1754 castitas,
2113 1693 2355 1748 castitati
2375 1711 2508 1752 vero
2523 1698 2735 1756 luxuria
2750 1707 3024 1761 contraria
3046 1717 3151 1776 est,
3169 1712 3224 1770 id
3249 1724 3434 1773 autem

1847 1786 1932 1835 est
1959 1782 2184 1850 malum,
2214 1787 2536 1855 quod‘bono
2564 1795 2900 1850 contrarium
2921 1807 3026 1866 est,
3053 1804 3301 1873 sequitur
3315 1822 3436 1862 ma-

165 1863 205 1916 t!
237 1863 270 1928 ἡ
299 1864 575 1916 ἀκολασία
619 1865 780 1934 φύσει
823 1867 1011 1930 κακὸν,
1042 1868 1184 1921 κατὰ
1212 1868 1505 1924 ἀκολασίαν
1536 1869 1594 1923 δὲ
1629 1889 1735 1941 μοι·

1851 1870 1958 1924 lam
1977 1887 2102 1930 esse
2123 1877 2417 1934 luxuriam.
2436 1879 2592 1946 Quod
2622 1885 2668 1939 si
2697 1886 2914 1944 luxuria
2933 1901 3126 1948 natura
3150 1897 3291 1952 mala
3314 1906 3432 1968 est;

166 1957 294 2025 χεῑαι
358 1957 608 2023 γίνονται
652 1959 745 2011 καὶ
798 1958 999 2012 κλοτια)⁸
1041 1959 1135 2013 καὶ
1185 1961 1347 2032 ὀργαὶ
1403 1962 1497 2016 καὶ
1555 1963 1704 2032 φόνοι
1722 1979 1738 1994 °

165 2047 307 2114 φύσει
339 2049 451 2118 ἀρα
484 2050 656 2102 κακόν
682 2052 830 2102 ἐστιν
855 2052 881 2103 ὁ
918 2050 1212 2113 ἀκόλαστος
1242 2049 1375 2121 βίος.
1408 2051 1481 2105 Τὸ
1509 2051 1566 2105 δὲ
1586 2052 1741 2107 Θεῐον

166 2139 335 2192 κακῶν
364 2140 731 2210 ἀσύμπλοκον
759 2142 1024 2211 πέφυκεν.
1061 2143 1173 2196 Οὐκ
1199 2141 1307 2214 ἄρα
1340 2143 1552 2212 γένεσις

225 2319 286 2371 Εἰ
315 2321 366 2373 οἱ
404 2319 687 2391 σώφρονες
722 2321 966 2391 βελτίους
1004 2324 1110 2375 εἰσὶ
1155 2322 1262 2375 τῶν
1309 2323 1584 2397 ἀκρατῶν,
1645 2329 1737 2380 καὶ

165 2410 296 2462 ἐστιν
337 2411 529 2473 αὐτοῖς
561 2414 596 2482 ἡ
637 2412 877 2483 ἀκρασία
907 2413 1166 2485 βδελυκτή
1188 2431 1200 2444 ο
1242 2414 1421 2487 χαίρει
1447 2417 1504 2469 δὲ
1545 2418 1574 2469 ὁ
1605 2417 1738 2484 Θεὸς

164 2506 217 2573 τῇ
243 2503 597 2574 σωφροσύνῃ,
627 2504 816 2557 παθῶν
849 2505 1166 2578 ἀνεννόητος
1205 2505 1279 2559 ὢν
1299 2524 1313 2538 ο
1359 2508 1600 2580 στυγητὴ
1628 2509 1739 2584 ἀρα

165 2594 342 2666 καὶτῷ
367 2594 490 2666 Θεῷ
521 2598 554 2666 ἡ
593 2597 859 2666 ἀκρασία.
902 2598 1023 2652 Ὀτι
1048 2601 1106 2653 δὲ
1139 2603 1171 2672 ἡ
1209 2600 1353 2655 κατά
1380 2601 1738 2674 σωφροσύνην

163 2685 374 2757 πρᾶξις,
409 2686 585 2758 ἀρετὴ
627 2684 783 2755 οὖσα,
815 2689 1079 2760 κρείττων
1116 2693 1232 2745 ἐστὶ
1263 2692 1362 2763 τῆς
1394 2691 1535 2745 κατὰ
1566 2693 1737 2763 ἀκρα-

164 2776 288 2836 σίαν,
320 2776 526 2839 κακίας
556 2775 747 2848 οὔσης.
787 2779 980 2849 μαθεῖν
1010 2779 1156 2834 ἐστιν
1180 2781 1288 2834 ἀπὸ
1322 2780 1602 2852 βασιλέων,
1628 2783 1737 2836 ἀπὸ

164 2867 446 2938 ἀρχόντων,
486 2869 599 2921 ἀπὸ
644 2870 984 2941 στρατηγῶν,
1021 2871 1128 2926 ἀπὸ
1168 2871 1463 2942 γυναικῶν,
1497 2873 1607 2928 ἀπὸ
1645 2874 1734 2927 τέ-

164 2976 311 3024 κνων,
337 2961 449 3014 ἀπὸ
471 2962 730 3026 πολιτῶν,
762 2963 871 3016 ἀπὸ
894 2964 1189 3032 δεσποτῶν,
1219 2967 1328 3020 ἀπὸ
1353 2967 1598 3034 οἰκετῶν,
1625 2968 1734 3022 ἀπὸ

164 3053 538 3122 παιδαγωγῶν,
567 3054 676 3106 ἀπὺ
713 3055 1046 3110 διδασκάλων
1068 3074 1082 3088 ⁶
1132 3059 1364 3126 ἕκαστος
1388 3061 1496 3133 γὰρ
1527 3060 1732 3115 τούτων

164 3145 245 3197 καὶ
264 3146 441 3214 ἑαυτῷ
465 3148 562 3198 καὶ
587 3146 667 3216 τῷ
693 3147 856 3217 κοινῷ
883 3148 1157 3221 ὠφέλιμος
1182 3151 1391 3219 γίνεται
1414 3154 1729 3226 σωφρονῶν·

1843 1979 1941 2034 per
1970 1981 2090 2021 eam
2122 1979 2305 2025 autem
2339 1971 2476 2028 fiunt
2529 1977 2798 2034 adulteria
2819 2021 2833 2043 ,
2871 1981 3014 2038 furta
3036 2025 3051 2048 ,
3076 1986 3258 2058 jurgia
3279 2031 3294 2055 ,
3325 2004 3436 2046 ca:-

1839 2053 1977 2111 des:
2030 2065 2228 2114 natura
2270 2068 2400 2133 ergo
2454 2067 2657 2123 malum
2700 2078 2786 2127 est
2816 2075 2927 2128 vita
2961 2053 3243 2135 luxuriosa
3265 2053 3318 2138 et
3348 2084 3435 2139 in-

1840 2150 2174 2215 temperans.
2227 2147 2483 2207 Divinum
2524 2164 2708 2212 autem
2749 2157 2962 2218 Numen
2993 2168 3152 2223 malis
3184 2170 3432 2242 implica-

1841 2241 1958 2289 tum
1989 2254 2100 2294 non
2130 2247 2237 2297 est.
2265 2239 2608 2312 Explodatur
2634 2262 2769 2320 ergo
2798 2248 2981 2309 fatalis
3013 2239 3336 2320 necessitas.

1914 2324 1971 2380 Si
1997 2331 2139 2385 casti
2174 2333 2431 2390 meliores
2455 2348 2586 2390 sunt
2611 2338 2944 2409 luxuriosis,
2975 2346 3192 2418 illisque
3220 2353 3431 2409 abomi-

1837 2418 2041 2475 nabilis
2081 2432 2168 2477 est
2222 2423 2465 2492 luxuria,
2501 2430 2812 2502 gaudetque
2865 2432 3009 2492 Deus
3040 2441 3324 2507 castitate,
3368 2445 3426 2500 in

1837 2525 2001 2606 quem
2050 2512 2201 2568 nulla
2251 2517 2413 2570 cadat
2458 2519 2756 2578 libidinosa
2788 2540 2852 2579 ac
2883 2527 3013 2582 vitio
3045 2529 3257 2587 haerens
3279 2534 3430 2606 cogi-

1837 2598 1994 2665 tatio,
2047 2616 2215 2658 exosa
2265 2606 2456 2678 utique
2491 2610 2658 2665 etiam
2699 2611 2823 2678 Deo
2871 2615 3269 2677 incontinentia
3317 2598 3425 2682 est.

1837 2687 2012 2746 Porro
2040 2695 2316 2752 actionem
2348 2714 2472 2769 quas
2499 2716 2565 2756 ex
2603 2707 2822 2761 ratione
2861 2712 3132 2769 castitatis
3167 2716 3231 2771 lit
3268 2716 3287 2789 (
3307 2733 3430 2789 quae

1837 2792 1984 2838 certe
2021 2785 2200 2842 virtus
2235 2789 2354 2860 est)
2393 2793 2665 2862 potiorem
2699 2811 2825 2853 esse
2856 2799 2948 2855 illa
2975 2817 3096 2870 qua:
3136 2820 3204 2859 ex
3235 2785 3429 2864 incon-

1834 2872 2064 2928 tinentia
2112 2885 2199 2933 est
2235 2887 2290 2934 et
2321 2881 2390 2935 ad
2422 2885 2615 2938 vitium
2646 2889 2887 2955 pertinet
2916 2909 2933 2945 :
2966 2893 3270 2966 intelligere
3298 2900 3427 2958 licet

1833 2979 1902 3020 ex
1930 2967 2172 3059 regibus,
2201 2985 2269 3025 ex
2293 2973 2532 3042 politicis
2547 2983 2602 3030 et
2628 2977 2962 3038 militaribus
2986 2987 3424 3059 magistratibus,

1833 3071 1903 3112 ex
1948 3057 2276 3132 mulieribus
2297 3104 2312 3129 ,
2345 3080 2409 3120 ex
2441 3066 2660 3142 liberis,
2688 3085 2754 3125 ex
2782 3073 3014 3138 civibus,
3042 3092 3110 3132 ex
3145 3078 3331 3148 heris,
3356 3057 3426 3140 ex

1835 3146 2079 3218 famulis,
2105 3168 2174 3208 ex
2206 3155 2539 3228 paedagogis,
2578 3175 2645 3216 ex
2675 3165 2955 3236 magistris
2988 3187 3001 3222 :
3040 3146 3425 3246 unusquisque

164 3237 556 3291 ἀκολασταίνων
578 3239 656 3301 δὲ,
693 3240 787 3292 καὶ
813 3241 988 3312 ἐαυτῷ
1017 3245 1111 3296 καὶ
1131 3242 1210 3316 τῷ
1243 3244 1408 3316 κοινῷ
1441 3246 1724 3320 βλαϐερός.

1837 3243 1984 3298 enim
2033 3245 2230 3301 horum
2287 3256 2396 3303 tam
2446 3251 2554 3306 sibi
2608 3269 2773 3324 quam
2804 3258 3025 3328 publico
3047 3235 3350 3332 utilis-est,
3375 3267 3426 3323 si

165 3329 262 3381 Kal
283 3330 327 3380 εί
355 3329 470 3382 ἔστι
506 3329 745 3400 διαφορά
777 3349 862 3394 τις
889 3335 1141 3388 κιναίδων
1171 3336 1264 3389 καὶ
1291 3339 1572 3409 ἀνδρείων,
1602 3340 1735 3393 ἀκο-

164 3417 354 3473 histum
406 3419 505 3471 καὶ
551 3420 887 3489 σωφρόνων·
935 3423 1030 3474 καὶ
1071 3423 1188 3475 ἔστι
1234 3426 1504 3496 κρείσσων
1548 3429 1581 3499 ἡ
1627 3427 1736 3482 τῶν

163 3511 404 3582 ἀνδρείων
441 3511 540 3564 καί
576 3511 889 3581 σωφρόνων,
931 3513 1128 3584 χείρων
1151 3515 1208 3567 δὲ
1242 3517 1406 3585 ἡτῶν
1439 3519 1730 3572 ἐναντίωνο

164 3603 207 3654 ei
232 3603 281 3657 δὲ
309 3605 408 3672 τῆς
440 3602 763 3674 κρείσσονος
797 3602 963 3670 ἐγγύς
995 3606 1100 3656 εἰσι
1148 3605 1242 3658 καὶ
1271 3605 1413 3673 φίλοι
1454 3606 1611 3672 Θεοῦ,
1642 3610 1734 3662 καὶ

163 3695 206 3747 al
231 3696 323 3765 τῆς
351 3696 602 3767 χείρονος
647 3695 862 3767 μακρὰν
892 3695 988 3749 καὶ
1017 3695 1201 3768 ἐχθροί
1220 3711 1233 3726 ⁸
1278 3697 1327 3748 οί
1366 3697 1614 3766 λέγοντες
1642 3699 1735 3768 γέ-

163 3801 289 3840 νεσιν
312 3789 372 3840 τὸ
405 3789 539 3841 αὐτὸ
704 3788 915 3842 ἀδικίαν
947 3785 1083 3842 εἶναι
1117 3790 1209 3842 καὶ
1239 3807 1336 3861 την
1364 3789 1728 3862 δικαιοσύνην,

162 3878 214 3930 οὗ
238 3878 562 3950 διορίζονται
597 3881 862 3934 κιναιδίαν
892 3882 983 3934 καὶ
1015 3882 1288 3952 ἀνδρείαν,
1323 3883 1593 3954 ἀκρασίαν
1637 3885 1732 3937 καὶ

162 3972 526 4042 σωφροσύνην,
556 3974 695 4043 ὅπερ
726 3973 1001 4026 ἀδύνατον.
1043 3975 1105 4027 El
1137 3975 1244 4046 γὰρ
1277 3974 1355 4044 τῷ
1380 3975 1535 4045 κακῴ
1563 3977 1732 4043 τάγα-

163 4061 241 4114 θὸν
271 4064 541 4127 ἐναντίον,
572 4081 635 4117 το
661 4066 718 4117 δὲ
749 4067 935 4118 ἄδικον
962 4067 1130 4119 κακόν
1153 4084 1166 4096 ⁸
1204 4067 1361 4120 τοῦτο
1389 4068 1445 4120 δὲ
1488 4068 1730 4121 ἐναντίον

162 4153 226 4223 τῷ
243 4155 432 4224 δικαίῳ
449 4172 462 4183 ·
493 4155 556 4206 τὸ
576 4156 635 4207 δὲ
654 4156 877 4222 δίκαιον,
909 4159 1130 4227 ἀγαθόν·
1156 4159 1215 4212 τὸ
1232 4159 1284 4211 δὲ
1307 4159 1508 4226 ἀγαθὸν
1537 4159 1730 4230 ἐχθρὸν

169 4245 240 4298 m5
273 4246 443 4299 κακοῦ
465 4263 477 4274 ·
516 4247 772 4316 ἀνόμοιον
810 4249 867 4302 δὲ
893 4249 956 4303 τὸ
986 4251 1156 4305 κακὸν
1189 4250 1265 4320 τῷ
1293 4249 1478 4320 ἀγαθῷ
1500 4269 1511 4279 ·
1544 4250 1730 4322 ἕτερον

162 4338 253 4409 ἀρα
283 4339 342 4390 τὸ
371 4339 586 4391 δίκαιον
617 4338 711 4390 τοῦ
739 4340 948 4394 ἀδίκου.
997 4344 1113 4396 Ούκ
1151 4343 1257 4414 ἄρα
1289 4344 1460 4405 αἴτιος
1487 4342 1673 4396 κακῶν
1702 4345 1730 4397 ὁ

163 4429 296 4494 Θεὸς,
328 4432 452 4484 οωὲ
485 4434 668 4501 χαίρει
701 4435 811 4494 τοῖς
835 4437 1046 4498 κακοῖς.
1083 4437 1161 4488 Οὐ
1193 4437 1504 4506 συνίστησιν
1533 4437 1730 4508 αὐτοὺς

163 4523 187 4574 6
222 4524 406 4592 Λόγος,
437 4523 646 4590 ἀγαθὸς
680 4523 773 4576 ὢν.
809 4525 880 4578 Εἴ
903 4527 1010 4579 είσι
1039 4529 1112 4587 δὲ,
1135 4529 1359 4598 πονηροί
1386 4545 1550 4592 τινες,
1588 4527 1738 4581 κατὰ·

1839 3344 2028 3395 castus
2061 3339 2170 3405 sit;
2224 3342 2310 3396 sin
2344 3341 2693 3411 luxuriosus,
2731 3353 2846 3403 tam
2880 3350 2986 3406 sibi
3018 3368 3182 3423 quam
3204 3358 3425 3427 publico

1838 3429 2059 3486 noxius.
2087 3430 2154 3484 Et
2178 3433 2226 3487 si
2255 3441 2338 3488 est
2370 3434 2672 3492 discrimen
2701 3440 2974 3508 quoddam
3008 3445 3155 3503 intes
3184 3450 3425 3511 cinados

1837 3519 2098 3592 virosque
2127 3522 2298 3578 fortes
2321 3565 2336 3591 ,
2369 3525 2624 3601 interque
2648 3529 2956 3599 impudicos
2984 3543 3038 3590 et
3071 3548 3280 3607 castos,
3308 3551 3424 3602 est-

1836 3627 1944 3682 que
1967 3616 2161 3671 melior
2191 3617 2413 3672 fortium
2443 3630 2608 3690 atque
2637 3630 2916 3683 castorum
2946 3630 3132 3700 natio,
3181 3633 3426 3694 deterior

1833 3717 1966 3758 vero
2011 3721 2201 3760 eorum
2229 3709 2325 3779 qui
2375 3712 2740 3770 adversantur
2772 3736 2785 3771 :
2822 3719 3091 3788 siquidem
3128 3725 3292 3780 etiam
3321 3730 3418 3798 qui

1833 3797 2007 3863 partis
2038 3800 2283 3855 melioris
2330 3812 2479 3869 sunt,
2530 3805 2642 3862 Deo
2669 3809 2833 3864 vicini
2869 3812 3028 3884 eique
3058 3817 3222 3872 amici
3253 3797 3417 3888 sunt;

1835 3887 1928 3956 qui
1960 3904 2087 3943 vero
2119 3893 2187 3946 ad
2219 3896 2529 3965 sequiorem
2574 3902 2888 3970 pertinent,
2943 3907 3104 3978 longe
3136 3924 3166 3963 a
3199 3909 3310 3967 Deo
3340 3887 3421 3970 di-

1833 3986 2015 4043 stant,
2045 3991 2260 4038 etsunt
2297 3987 2504 4044 inimici
2540 4010 2551 4044 :
2589 3993 2683 4062 qui
2712 3995 2903 4050 dicunt
2952 4002 3120 4055 natali
3156 4001 3419 4062 fatalitate

1830 4071 2056 4141 perinde
2096 4074 2423 4144 injustitiam
2453 4089 2618 4151 atque
2638 4083 2912 4152 justitiam
2951 4089 3147 4156 amari,
3170 4110 3278 4150 non
3303 4096 3419 4153 dis-

1829 4162 2087 4233 tinguunt
2120 4166 2458 4222 cinaedorum
2493 4171 2779 4228 mollitiem
2822 4192 2851 4230 a
2884 4175 3234 4246 fortitudine,
3261 4193 3315 4239 et
3340 4185 3420 4241 lu-

1829 4254 2044 4308 xuriam
2065 4271 2095 4309 a
2130 4260 2415 4314 castitate:
2446 4275 2567 4330 quae
2608 4269 2666 4315 ut
2712 4264 2767 4318 in
2788 4281 2958 4320 unum
2986 4278 3273 4339 cogantur,
3298 4275 3417 4331 fieri

1830 4359 1942 4399 non
1974 4354 2176 4417 potest.
2216 4348 2275 4403 Si
2325 4350 2473 4405 enim
2522 4352 2727 4409 bonum
2753 4357 2897 4412 malo
2928 4363 3269 4418 contrarium
3296 4374 3413 4434 est,

1830 4439 2099 4511 injustum
2137 4452 2320 4501 autem
2365 4447 2569 4502 malum
2610 4457 2695 4505 est
2731 4470 2744 4505 ε
2775 4458 2830 4506 et
2859 4453 2984 4515 hoc,
3014 4464 3167 4524 Justo
3197 4471 3417 4514 contra-

1827 4533 1972 4588 rium
1999 4554 2012 4590 :
2038 4551 2206 4607 porro
2224 4538 2373 4608 quod
2390 4538 2626 4609 justum,
2652 4542 2795 4598 idem
2824 4544 3059 4602 bonum:
3084 4549 3290 4605 bonum
3315 4567 3413 4607 au-

163 4614 349 4670 nam
409 4615 627 4688 φρενῶν
669 4616 805 4668 εἰσιν
847 4611 990 4670 οὗτοι
1039 4620 1287 4692 πονηροὶ,
1343 4619 1437 4672 καὶ
1481 4619 1542 4672 ού
1587 4619 1729 4674 κατά

1837 4632 1942 4680 tem
1974 4627 2262 4684 inimicum
2295 4632 2439 4686 malo
2468 4651 2481 4687 :
2530 4633 2798 4690 dissimile
2836 4653 2966 4692 vero
2991 4641 3194 4695 malum
3223 4643 3369 4698 bono
3395 4663 3410 4697 :

163 4707 376 4774 γένεσιν.

1836 4717 1984 4772 aliud
2017 4719 2244 4775 omnino
2265 4722 2372 4776 erit
2399 4724 2667 4796 longeque
2685 4725 2961 4781 diversum
2977 4730 3191 4798 justum
3225 4734 3294 4789 ab
3321 4733 3410 4789 in-

163 4799 311 4867 iusto.
344 4801 464 4856 Non
495 4802 664 4872 igitur
697 4809 888 4854 auctor
917 4803 1184 4858 malorum
1226 4803 1370 4860 Deus
1391 4844 1406 4869 ,
1443 4821 1545 4860 nec
1570 4807 1729 4862 malis
1762 4808 2084 4866 delectatur.
2107 4811 2296 4883 Name
2326 4816 2619 4873 ratioillos
2663 4821 3039 4891 commendat,
3087 4841 3208 4894 qua:
3267 4826 3413 4882 bona

165 4897 243 4949 sit.
275 4896 433 4962 Quod
456 4902 502 4952 si
539 4898 760 4968 quidam
790 4897 917 4951 mali
952 4909 1115 4963 sunt,
1173 4902 1372 4956 mentis
1399 4902 1578 4973 inopia
1605 4906 1736 4959 mali
1776 4913 1926 4971 sunt,
1956 4923 2066 4964 non
2097 4911 2266 4964 natali
2289 4911 2399 4966 ulla
2429 4910 2714 4970 fatalitate.

227 4991 458 5061 Σρῇσιν
509 4994 956 5062 ἀτασθαλίῃσιν
995 4993 1333 5064 ὑπέρμορον
1365 4995 1528 5066 ἄλγε’
1557 4998 1730 5066 ἕχον-

175 5100 248 5152 2c
278 5086 407 5157 (53)-

225 5178 282 5230 Εἰ
309 5178 365 5231 δὲ
411 5178 621 5230 ἀνελεῖν
644 5196 784 5243 τινα,
826 5178 919 5232 καὶ
962 5178 1106 5250 φόνῳ
1144 5179 1242 5244 τὰς
1273 5185 1460 5254 χεῖρας
1495 5184 1724 5254 αἱμάξαι

163 5267 355 5333 γένεσις
381 5269 680 5338 ἐργάζεται
700 5289 713 5300 ·
748 5269 904 5324 τοῦτο
941 5269 998 5321 δὲ
1029 5269 1191 5340 νόμος
1229 5272 1447 5340 κωλύει,
1481 5273 1725 5339 κολάζων

165 5359 274 5421 τοὺς
311 5357 641 5427 ἀλάστορας,
687 5361 782 5413 καὶ
823 5359 888 5412 δι’
935 5357 1165 5430 ἀπειλῆς
1209 5360 1487 5434 ἀπείργων
1515 5362 1584 5418 τά
1623 5364 1724 5436 τῆς

166 5450 409 5514 γενέσεως
436 5449 681 5519 δόγματα
709 5467 722 5479 ο
767 5447 878 5507 οἷον
913 5453 975 5506 τὸ
1007 5452 1281 5524 ἀδικῆσαι,
1315 5453 1723 5525 μοιχεύσασθαι,

168 5540 362 5609 sitim,
389 5540 777 5612 φαρμακεῦσαι
795 5562 810 5574 ·
834 5545 1077 5599 ἐναντίον
1100 5545 1208 5616 ἄρα
1231 5547 1260 5598 ὁ
1291 5547 1452 5618 νόμος
1480 5547 1720 5618 γενέσει.

170 5629 292 5684 Ὅσα
333 5634 430 5704 μὲν
455 5632 565 5706 γὰρ
602 5634 816 5702 γένεσις
853 5635 1042 5706 ὥρισε,
1075 5637 1246 5692 ταῦτα
1285 5637 1446 5709 νόμος
1488 5638 1720 5694 κωλύει·

230 5767 333 5840 (32)
361 5770 431 5824 ει
453 5786 530 5823 τι.
554 5769 634 5840 ita
653 5767 826 5823 codex
849 5767 1052 5827 Mazar.
1080 5780 1135 5826 et
1154 5773 1404 5830 Allatius.
1428 5770 1715 5829 Possinins

170 5850 303 5906 vero,
323 5854 389 5896 ex
418 5856 521 5896 ms.
555 5839 707 5906 ναι,
739 5841 768 5892 ὃ
797 5856 872 5894 τι.
893 5841 1184 5898 Consus.

465 5935 746 6002 Pana!"
777 5935 898 6002 Gn.
931 5935 1165 5998 XVII].

1910 4999 2174 5073 Nequitia)
2215 5005 2317 5059 sibi
2349 5005 2547 5059 damna
2588 5009 2701 5062 suis
2729 5018 3050 5079 mortemque
3077 5018 3335 5070 creantes.

1905 5179 1964 5237 Si
2005 5182 2280 5240 hominem
2327 5183 2638 5242 interficere
2684 5194 2739 5240 et
2780 5200 2929 5242 eme
2960 5201 3158 5242 manus
3206 5200 3407 5242 cruen-

1827 5279 1966 5340 tare,
2004 5261 2205 5331 natalis
2237 5275 2476 5332 fatalitas
2505 5276 2709 5349 adigit;
2736 5278 2880 5333 idem
2906 5286 3091 5333 autem
3122 5279 3210 5332 lex
3231 5284 3401 5340 vetat,

1826 5366 2041 5422 sicariis
2068 5368 2336 5437 supplicia
2366 5367 2692 5429 decernens.
2719 5367 2992 5438 minisque
3013 5367 3272 5439 gravibus
3300 5367 3398 5421 de-

1831 5459 2138 5514 terrensab
2166 5459 2239 5516 iis
2264 5476 2385 5530 qua:
2424 5460 2625 5516 natalis
2677 5459 2917 5516 fatalitas
2951 5459 3222 5530 injungit;
3268 5466 3400 5528 puta

1829 5550 1898 5604 ab
1922 5550 2123 5621 injuria
2160 5551 2461 5617 inferenda,
2507 5551 2577 5605 ab
2619 5551 2910 5614 adulterio,
2957 5565 2989 5603 a
3023 5549 3196 5614 furto,
3239 5563 3272 5604 a
3310 5563 3401 5604 ve-

1831 5641 2043 5698 neﬁciis
2087 5660 2102 5696 :
2137 5644 2414 5698 contraria
2462 5657 2593 5714 ergo
2639 5643 2838 5697 natalis
2894 5640 3135 5700 fatalitas
3181 5649 3236 5700 et
3285 5641 3399 5701 lex.

1893 5772 2007 5845 (33)
2041 5773 2297 5846 Σφῆσιν.
2342 5774 2552 5830 Ὀδυσσ.
2585 5767 2655 5837 Α,
2688 5769 2739 5827 7.
