4090 6318
698 364 795 421 171

1683 359 1745 417 S.
1784 356 2119 417 NETHODII
2159 355 2469 423 EPISCOPI
2506 355 2595 413 ΕΤ
2640 355 3001 413 MARTYRIS

3836 359 3945 417 ηε

693 481 1049 551 Quaecunque
1084 480 1226 536 enim
1257 479 1456 537 natalis
1495 458 1736 535 fatalitas
1766 478 1982 543 statuit,
2026 479 2111 535 lex
2143 495 2255 550 pro-

2369 481 2469 534 ὃσα
2501 480 2559 533 δὲ
2592 480 2753 550 νόμος
2778 478 2997 541 κωλύει,
3035 476 3213 533 ταῦτα
3235 478 3448 548 γένεσις
3481 482 3654 534 ποιεῖν
3680 477 3943 551 βιάζεται·

694 575 885 639 bibet;
919 587 1261 644 quaecunque
1295 587 1427 627 vero
1460 573 1547 626 lex
1589 571 1864 642 prohibet,
1901 571 2100 626 natalis
2131 572 2271 625 fata-

693 665 819 719 litas
846 663 1025 719 facere
1055 664 1227 735 adigit
1259 682 1275 719 :
1310 663 1626 719 adversaria
1661 678 1790 733 ergo
1819 664 1985 717 natali
2014 664 2268 719 fatalitati

691 757 799 813 lex.
834 756 893 813 Si
921 767 1102 814 autem
1146 758 1223 813 illi
1268 758 1606 822 adversaria,
1638 771 1750 811 non
1781 756 1950 826 igitur
1981 770 2079 826 per
2110 762 2269 811 nata-

689 849 797 908 lem
854 851 1177 908 fatalitatem
1229 850 1617 922 legumlatores
1668 859 1879 922 agunt,
1927 851 2129 920 quippe
2170 850 2265 920 qui

688 942 967 997 contraria
1012 940 1183 996 natali
1229 939 1484 995 fatalitati
1530 940 1849 1003 sanciendo,
1892 939 2141 995 eamdem
2171 939 2269 995 de-

690 1043 935 1092 struunt.
998 1033 1105 1088 Aut
1160 1032 1329 1105 igitur
1386 1032 1588 1087 natalis
1645 1033 1955 1089 admittitur
2001 1031 2263 1098 fatalitas,

687 1128 951 1197 nullaque
973 1127 1155 1197 legum
1179 1133 1297 1180 erat
1320 1126 1625 1182 necessitas
1653 1143 1665 1178 :
1696 1132 1792 1179 aut
1820 1125 1968 1196 leges
1989 1130 2141 1188 sunt,
2166 1139 2267 1180 nec

686 1237 757 1276 ex
790 1212 1096 1276 natali'illa
1128 1218 1417 1283 fatalitate,
1451 1226 1506 1272 et
1534 1217 1697 1289 quasi
1744 1218 1836 1272 illa
1865 1226 2090 1273 auctore
2115 1226 2261 1272 sunt.

690 1313 861 1383 Atqui
888 1310 1006 1367 ﬁeri
1032 1327 1141 1366 non
1172 1319 1355 1381 potest
1391 1318 1449 1364 ut
1484 1311 1694 1380 absque
1721 1309 1814 1365 illa
1841 1308 1969 1379 quis
2002 1317 2265 1364 nascatur

686 1414 785 1463 aut
818 1404 1026 1476 aliquid
1056 1414 1333 1475 operetur.
1371 1401 1504 1457 Nam
1538 1417 1609 1456 ne
1639 1400 1875 1472 digitum
1897 1398 2121 1470 quidem
2145 1399 2267 1454 sine

687 1497 804 1553 fato
832 1513 995 1569 posse
1024 1498 1259 1569 aliquem
1291 1511 1512 1551 movere
1553 1495 1731 1549 aiunt.
1764 1493 1844 1547 Ex
1879 1492 2047 1547 natali
2078 1492 2265 1562 itaque

690 1591 955 1647 fatalitate
986 1590 1188 1661 illaque
1216 1597 1442 1645 auctore
1478 1586 1591 1642 nati
1626 1585 2035 1657 legumlatores,
2064 1583 2261 1649 Minos,

686 1682 883 1755 Draco,
931 1681 1235 1753 Lycurgus,
1289 1678 1481 1742 Solon,
1532 1676 1825 1741 Zaleucus,
1871 1675 2018 1745 leges
2063 1689 2263 1729 salire-

683 1764 815 1832 runt
853 1776 1207 1847 prohibentes
1252 1770 1541 1835 adulteria,
1590 1768 1790 1831 cades,
1830 1767 2084 1838 injurias,
2116 1768 2264 1836 rapi-

2377 571 2636 643 πολέμιον
2664 570 2771 643 ἀρα
2790 569 3002 639 γενέσει
3022 568 3205 639 νόμος.
3238 570 3303 625 Εἰ
3328 569 3385 623 δὲ
3401 570 3678 642 πολέμιον,
3708 571 3808 624 οὐκ
3832 568 3941 642 ipa

2370 661 2512 716 κατὰ
2535 662 2747 732 γένεσιν
2774 662 2825 714 οἱ
2852 660 3140 732 νομοθέται
3162 677 3176 690 ·
3206 661 3276 714 τὰ
3305 660 3416 733 γὰρ
3443 662 3662 715 ἐναντία
3688 662 3944 733 δογματί-

2371 755 2553 819 ζοντες
2598 754 2834 823 γενέσει,
2869 753 3084 822 γένεσιν
3121 752 3360 808 λύουσιν.
3400 754 3559 807 Ἤτοι
3602 750 3696 808 οὖν
3728 753 3942 822 γένεσίς

2368 849 2504 913 ἐστι,
2541 848 2636 902 καὶ
2674 848 2777 901 οὐκ
2807 847 2978 920 ἐχρῆν
3007 842 3149 901 εἷναι
3173 845 3402 917 νόμους·
3436 848 3471 919 ἡ
3496 850 3603 901 εἰσι
3648 848 3821 918 νόμοι,
3848 848 3942 904 καὶ

2324 960 2327 962 ·
2367 940 2465 993 οὐκ
2506 940 2613 994 εἰσὶ
2641 939 2785 995 κατά
2814 941 3047 1009 γένεσιν.
3103 938 3242 993 Ἀλλ’
3274 940 3555 1011 ἀμήχανον
3595 940 3763 1011 χωρὶς
3788 940 3942 1009 γενέ-

2364 1049 2507 1095 σεως
2534 1031 2701 1103 φῦναί
2731 1049 2873 1093 τινα.
2907 1033 3002 1085 καὶ
3026 1029 3429 1103 διαπράξασθαί
3453 1047 3529 1084 τυ
3551 1030 3673 1085 οὐδὲ
3697 1030 3805 1103 γὰρ
3848 1031 3939 1086 τὸν

2365 1122 2623 1179 δάκτυλον
2673 1122 2872 1189 ἐξεῖναί
2916 1141 3048 1194 φασι
3094 1124 3263 1196 χωρὶς
3317 1122 3675 1197 Εἱμαρμένης
3722 1124 3940 1195 κινῆσαι

2364 1232 2489 1271 τινι.
2524 1216 2685 1272 Κατά
2714 1216 2930 1286 γένεσιν
2958 1217 3067 1289 ἀρα
3108 1217 3206 1270 καὶ
3240 1216 3427 1289 Μίνως
3454 1216 3549 1269 καὶ
3576 1216 3805 1287 Δράκων
3845 1216 3945 1271 καὶ

2364 1308 2677 1379 Λυκοῦργος
2720 1309 2813 1362 καὶ
2840 1308 3016 1363 Σόλων
3054 1309 3149 1363 καὶ
3190 1308 3461 1371 Ζάλευκος
3489 1309 3777 1379 νομοθέται
3808 1308 3946 1379 φύν-

2360 1417 2474 1464 τες,
2496 1400 2809 1468 διετάξαντο
2826 1402 2952 1466 τοὺς
2975 1400 3193 1471 νόμους,
3217 1400 3652 1471 ἀπαγορεύοντες
3674 1399 3941 1473 μοιχείας,

2366 1493 2579 1564 φόνουςι
2613 1493 2753 1564 βίας,
2798 1495 3073 1567 ἁρπαγὰς,
3112 1492 3340 1561 κλοπὰς,
3370 1493 3447 1556 ὡς
3475 1493 3576 1546 οὐκ
3619 1493 3787 1548 ὄντων
3818 1491 3945 1547 τού-

2363 1603 2471 1639 των
2499 1588 2593 1639 καὶ
2625 1588 2922 1657 γινομένων
2948 1587 3092 1641 κατά
3116 1587 3351 1656 γένεσιν.
3387 1585 3452 1639 Et
3483 1584 3539 1638 δὲ
3562 1584 3705 1638 κατά
3726 1584 3945 1653 γένεσιν

2364 1677 2457 1730 καὶ
2502 1676 2696 1745 ταῦτα,
2749 1680 2810 1732 οὐ
2856 1678 2997 1733 κατά
3035 1680 3249 1748 γένεσιν
3299 1680 3347 1733 οἰ
3387 1676 3565 1750 νόμοι.
3622 1676 3699 1731 Ὁύ
3730 1677 3841 1750 γὰρ
3874 1676 3945 1733 ἂν

2363 1770 2501 1843 αύτὴ
2522 1770 2613 1840 ἀφ’
2644 1771 2847 1842 ὲαυτῆς
2870 1773 3125 1844 ἀνῃρεῖτο
3150 1772 3387 1843 γένεσις,
3415 1771 3554 1843 αὐτὴ
3584 1770 3783 1843 ἑαυτὴν
3799 1772 3949 1827 ἀκυ-

684 1884 809 1932 nas,
844 1868 1021 1933 furta;
1045 1867 1191 1922 haud
1217 1864 1384 1920 dubie
1419 1861 1692 1925 arbitrati,
1716 1875 1894 1931 neque
1913 1874 2057 1924 esse,
2081 1875 2255 1930 neque

2367 1863 2555 1935 ροῦσα,
2590 1863 2684 1917 καὶ
2713 1864 2850 1936 αύτὴ
2880 1866 3047 1937 ἑαυτῇ
3088 1866 3407 1937 μαχομένη’
3435 1864 3530 1919 καὶ
3563 1863 3799 1918 ἐνταῦθα
3841 1862 3949 1935 μὲν

684 1960 802 2018 ﬁeri
840 1961 972 2015 talia
998 1974 1095 2029 per
1134 1958 1375 2013 natalem
1408 1954 1753 2010 fatalitatem.
1786 1950 1882 2009 Sin
1913 1961 2098 2009 autem
2143 1954 2260 2008 haec

681 2068 901 2124 quoque
940 2067 1037 2122 per
1078 2051 1313 2106 natalem
1353 2048 1673 2104 fatalitatem
1700 2087 1716 2112 ,
1774 2062 1884 2101 non
1933 2054 2066 2119 sunt
2111 2048 2259 2120 leges

681 2159 782 2215 per
808 2144 1045 2198 natalem
1076 2141 1401 2197 fatalitatem
1433 2160 1446 2197 :
1480 2155 1661 2210 neque
1688 2139 1833 2195 enim
1860 2141 1979 2211 ipsa
2002 2148 2061 2196 se
2084 2141 2257 2211 ipsam

680 2236 882 2293 natalis
916 2235 1169 2291 fatalitas-
1199 2235 1531 2297 destrueret,
1559 2233 1678 2303 ipsa
1725 2232 1829 2287 sibi
1875 2232 2258 2288 auctoritatem

678 2331 995 2394 detrahens,
1046 2343 1112 2381 ac
1138 2342 1325 2383 secum
1374 2325 1495 2395 ipsa
1544 2339 1841 2396 pugnans:
1872 2325 2001 2379 hinc
2032 2324 2251 2393 quidem

677 2420 824 2493 leges
863 2430 1132 2485 statuens,
1166 2419 1435 2474 adulteria
1474 2419 1760 2488 caedesque
1792 2418 2163 2488 prohibentes,
2201 2425 2257 2473 ct

2362 1956 2828 2027 ἀπαγορευτικοὺς
2855 1956 3101 2027 μοιχείας
3122 1957 3218 2010 καὶ
3239 1956 3416 2026 φόνων
3438 1956 3635 2026 νόμους
3654 1954 3944 2026 τιθεμένη,

2362 2050 2455 2101 καὶ
2475 2049 2859 2121 τιμωρουμένη
2926 2051 3021 2102 καὶ
3067 2048 3469 2120 ἐπεξερχομένη
3528 2049 3656 2112 τοὺς
3708 2047 3943 2113 κακούς·

2361 2139 2595 2194 ἐνταῦθα
2628 2140 2685 2194 δὲ
2720 2142 2912 2210 φόνους
2943 2142 3037 2195 καὶ
3074 2142 3318 2213 μοιχείας
3354 2140 3718 2213 ἐργαζομένη.
3780 2138 3951 2195 Ἀλλά

2360 2234 2518 2288 τοῦτο
2554 2234 2837 2291 ἀδύνατον.
2878 2236 3046 2289 Οὐδὲν
3083 2236 3193 2309 γὰρ
3225 2237 3513 2291 ἀλλόκοτον
3544 2236 3677 2291 αὐτὸ
3718 2233 3948 2301 ἑαυτοῦ,

2360 2330 2453 2381 καὶ
2479 2328 2610 2382 αὐτὸ
2634 2327 2811 2398 ἐαυτῷ
2834 2328 3290 2399 ἀπεχθανόμενον,
3322 2329 3415 2384 καὶ
3441 2328 3571 2383 αὐτὸ
3587 2329 3747 2383 ἑαυτὸ
3771 2344 3955 2383 κατα-

2363 2418 2507 2480 λύον,
2540 2422 2633 2474 καὶ
2662 2420 2989 2492 ἀσύμφωνον
3024 2423 3154 2476 αὐτὸ
3177 2421 3369 2493 ἐαυτῷ.
3399 2422 3514 2476 Ούκ
3542 2423 3650 2495 ἄρα
3674 2422 3919 2493 γένεσις.

674 2516 952 2572 ulciscens
974 2514 1243 2583 malisque
1265 2513 1539 2567 mulctans
1587 2513 1778 2568 talium
1802 2512 2097 2566 criminum
2147 2527 2272 2566 reos
2312 2532 2323 2565 :
2367 2515 2588 2571 aliunde
2626 2526 2807 2571 autem
2840 2518 2907 2572 ad
2938 2518 3134 2573 'caedes
3168 2528 3332 2588 atque
3377 2520 3645 2575 adulteria
3682 2518 3952 2578 homines

676 2610 939 2682 adigens;
969 2608 1114 2681 quod
1140 2609 1255 2664 ﬁeri
1280 2610 1432 2662 nullo
1465 2608 1626 2662 modo
1657 2616 1855 2678 potest.
1909 2608 2053 2662 Nihil
2076 2610 2222 2663 enim
2275 2625 2304 2662 a
2336 2626 2395 2665 se
2440 2610 2562 2680 ipso
2610 2614 2848 2668 alienum
2887 2625 3051 2685 atque
3102 2617 3429 2680 abhorrens,
3487 2618 3777 2689 ipsumque
3832 2617 3951 2674 sibi

674 2705 781 2775 ipsi
826 2702 1113 2759 adversum
1156 2716 1220 2755 ac
1263 2714 1323 2755 se
1360 2699 1673 2761 destruens,
1723 2699 1937 2769 sibique
1986 2696 2419 2754 dissentaneum.
2462 2698 2618 2753 Nulla
2651 2712 2734 2756 cst
2771 2704 2936 2772 igitur
2972 2706 3169 2759 natalis
3196 2704 3454 2761 fatalitas.

748 2798 806 2853 Si
857 2813 953 2869 per
993 2796 1229 2851 natalem
1272 2793 1602 2876 fatalitatem
1638 2793 1698 2847 ﬁt
1725 2792 1993 2864 quidquid
2034 2791 2255 2846 tandem

674 2900 780 2958 est,
828 2905 930 2946 nec
970 2889 1089 2944 sine
1132 2888 1225 2942 illa
1268 2886 1565 2958 quidquam
1607 2901 1837 2958 prorsus
1885 2884 2123 2948 exsistit,
2160 2899 2253 2938 ne-

672 2997 830 3037 cesse
857 2988 943 3037 est
966 2988 1019 3035 et
1051 2980 1224 3049 legem
1256 2979 1349 3033 illa
1389 2986 1615 3034 auctore
1643 2992 1788 3033 esse.
1823 2975 1990 3046 Atqui
2022 2975 2108 3029 lex
2134 2988 2255 3028 eam

2427 2792 2489 2845 Εί
2522 2794 2666 2847 κατά
2706 2796 2917 2863 γένεσιν
2950 2799 3056 2849 πᾶν
3083 2797 3185 2849 ὅτι
3205 2797 3400 2850 ττοτοῦν
3436 2800 3666 2867 γίνεται,
3696 2802 3793 2855 καὶ
3819 2802 3949 2857 ἔστι

2353 2884 2476 2955 δίχα
2508 2886 2769 2953 γενέσεως
2801 2886 2951 2940 οὐδέν
2970 2904 2984 2919 -
3025 2888 3235 2960 ἀνάγκη
3272 2888 3365 2941 καὶ
3394 2888 3486 2942 τὸν
3529 2890 3691 2961 νόμον
3723 2893 3950 2960 γενέσει

2353 2979 2656 3049 γεγονέναι.
2718 2980 2879 3034 Ἀλλά
2920 2980 3084 3051 νόμος
3120 2982 3335 3051 γένεσιν
3381 2983 3617 3055 ἀναιρεῖ,
3676 2984 3951 3060 διδακτὴν

671 3075 836 3141 tollit,
870 3088 992 3145 qua:
1035 3071 1247 3128 addisci
1291 3072 1550 3127 virtutem
1596 3085 1661 3124 ac
1712 3069 1933 3125 suaderi
1964 3082 2128 3138 posse
2155 3065 2255 3121 do-

2356 3074 2620 3128 διδάσκων
2651 3075 2748 3147 τὴν
2792 3074 3014 3146 ἀρετὴν,
3040 3076 3133 3129 καὶ
3182 3073 3242 3140 ἐξ
3285 3054 3603 3149 ἐπιμελείας
3640 3054 3967 3152 προσγινοᾸ

672 3172 815 3235 ceat,
865 3162 1253 3233 diligentiaque
1290 3174 1354 3214 ac
1387 3160 1694 3214 attentione
1738 3174 1859 3216 eam
1906 3158 2248 3229 comparari;

2357 3160 2552 3253 μένην·
2594 3163 2835 3234 φευκτὴν
2881 3163 3073 3235 δὲτὴν
3099 3164 3317 3230 κακίαν,
3348 3167 3440 3221 καὶ
3475 3167 3535 3235 ἐξ
3575 3170 3951 3239 ἀπαιδευσίας

670 3259 837 3318 vitari
878 3272 1099 3329 quoque
1140 3270 1305 3327 posse
1359 3254 1572 3319 vitium,
1625 3261 1680 3307 et
1729 3269 1798 3307 ex
1842 3250 2251 3322 indisciplinata

2356 3252 2651 3324 φυομένην.
2679 3256 2792 3307 υύκ
2820 3255 2929 3326 ἀρα
2956 3256 3192 3324 γένεσις.

667 3358 855 3412 mente
876 3346 1194 3419 proﬁcisci;
1230 3344 1382 3399 nulla
1410 3359 1540 3415 ergo
1565 3351 1649 3399 est
1687 3344 1892 3397 natalis
1914 3342 2175 3397 fatalitas.
2990 3414 2993 3417 Α

740 3440 801 3496 Si
830 3449 890 3495 ut
928 3440 1019 3495 alii
1047 3440 1188 3495 alios
1216 3438 1417 3507 injuria
1446 3435 1767 3503 alﬁciamus,
1795 3451 1859 3490 ac
1882 3434 2129 3490 vicissim
2160 3432 2247 3487 af-

2420 3439 2485 3492 Εί
2525 3439 2586 3491 τὸ
2615 3438 2876 3511 ἀλλήλους
2917 3441 3124 3497 ἀδικεῖν
3163 3445 3257 3499 καὶ
3296 3446 3359 3500 τὸ
3398 3447 3489 3501 ὑπ’
3539 3449 3785 3521 ἀλλήλων
3819 3452 3955 3507 ἀδι-

669 3534 941 3597 ﬁciamur,
986 3538 1212 3602 praestat
1258 3529 1459 3584 natalis
1516 3527 1796 3593 fatrlitas,
1854 3525 1987 3597 quid
2032 3524 2246 3595 legibus

2356 3530 2562 3583 κεῖσθαι
2595 3532 2809 3600 γένεσις
2854 3538 3019 3600 ποιεῖ,
3063 3536 3147 3601 τίς
3181 3537 3340 3610 χρεία
3383 3539 3696 3613 νόμωνηΕι
3736 3541 3795 3596 δὲ
3840 3543 3954 3600 ἵνα

666 3626 850 3698 opus?
881 3624 979 3679 Sin
1018 3632 1200 3679 autem
1229 3636 1295 3677 eo
1336 3622 1481 3693 leges
1510 3628 1760 3691 spectant
1790 3628 1850 3674 ut
1876 3616 2247 3689 delinquenti-

665 3717 771 3773 bus
799 3730 960 3788 p‘osna
991 3716 1328 3785 imponatur,
1366 3713 1479 3768 Deo
1518 3714 1628 3768 illis
1660 3713 1981 3785 providente
2017 3712 2111 3783 qui
2154 3711 2242 3764 in-

662 3808 811 3880 juria
854 3806 1127 3862 laeduntur
1165 3822 1179 3858 :
1214 3819 1345 3858 sane
1381 3806 1675 3872 praestabat
1716 3803 1867 3857 fatali
1916 3804 2244 3859 necessitate

664 3900 844 3955 malos
874 3914 985 3953 non
1011 3898 1148 3963 ﬁeri,
1180 3911 1343 3970 quam
1374 3894 1467 3949 ubi
1495 3893 1621 3950 facti
1644 3904 1793 3959 sunt,
1818 3894 2031 3967 legibus
2054 3909 2243 3949 emen-

664 3992 807 4051 dari.
841 3991 1002 4062 Atqui
1044 3988 1190 4045 Deus
1232 3989 1410 4042 bonus
1454 3994 1538 4041 est
1577 3994 1630 4040 et
1675 3987 1921 4055 sapiens,
1960 3986 2126 4057 idque
2154 3986 2240 4039 fa-

667 4069 823 4145 ciens
850 4087 998 4160 quod
1033 4086 1399 4158 praestabilius
1432 4085 1541 4152 sit;
1571 4084 1719 4139 nulla
1763 4098 1897 4155 ergo
1920 4093 2005 4139 est
2040 4084 2242 4140 natalis

666 4178 925 4233 fatalitas.

734 4272 844 4326 Aut
881 4270 1222 4325 educationis
1268 4283 1439 4338 genus
1467 4270 1849 4340 contractique
1897 4282 2099 4331 mores,
2142 4283 2240 4322 seu

661 4365 871 4419 imbuta
905 4362 1139 4423 indoles,
1166 4374 1348 4413 causa:
1370 4369 1498 4414 sunt
1522 4375 1905 4430 peccatorum;
1940 4369 2036 4415 aut
2068 4360 2237 4415 animi

661 4453 1125 4525 perturbationes,
1168 4458 1222 4505 et
1253 4466 1373 4519 quae
1412 4466 1508 4520 per
1538 4466 1739 4522 corpus
1774 4452 2045 4508 desideria
2078 4466 2238 4507 exer-

2347 3624 2471 3687 τοὺς
2537 3626 2951 3699 ἁμαρτάνοντας
3014 3629 3348 3700 ἀμύνωνται,
3409 3633 3787 3703 φροντίζοντος
3830 3636 3951 3692 τοῦ

2345 3714 2479 3770 Θεοῦ
2502 3716 2611 3770 τῶν
2640 3718 3009 3791 ἀδικουμένων
3030 3738 3045 3752 ’
3085 3722 3305 3793 ἄμεινον
3338 3718 3407 3794 ἦν
3433 3724 3636 3788 κακοὺς
3661 3724 3737 3796 μὴ
3770 3728 3952 3801 ποιῆ-

2346 3816 2435 3853 σαι
2480 3802 2601 3855 καθ’
2662 3804 3025 3875 εἱμαρμένην,
3065 3805 3098 3876 ἢ
3157 3806 3298 3875 μετά
3344 3806 3406 3860 τὸ
3444 3807 3690 3878 ποιῆσαι,
3735 3810 3949 3880 νόμοις

2345 3894 2795 3964 ἐπανορθοῦσθαι.
2838 3897 2976 3949 Ἀλλ’
3013 3896 3217 3965 ἀγαθὸς
3256 3900 3285 3949 ὁ
3319 3897 3452 3963 Θεὸς
3488 3900 3582 3953 καὶ
3612 3900 3797 3971 σοφὸς,
3826 3901 3940 3958 κο*

2343 3983 2412 4038 τὰ
2435 3984 2673 4038 κοείσσω
2698 3987 2885 4042 ποιῶν.
2917 3989 3030 4041 Οὐκ
3055 3988 3164 4060 ipa.
3196 3989 3429 4053 γένεσις.

2416 4271 2570 4325 Ἤτοι
2614 4273 2916 4346 ἀνατροφαὶ
2965 4273 3059 4326 καὶ
3101 4274 3169 4327 τὰ
3210 4273 3307 4345 ἔθη
3349 4276 3458 4328 τῶν
3504 4278 3942 4350 ἁμαρτημάτων

2341 4364 2477 4418 εἰσιν
2500 4366 2668 4429 αἴτια,
2702 4366 2735 4436 ἢ
2766 4363 2833 4417 τὰ
2867 4364 3014 4436 πάθη
3044 4364 3144 4436 τῆς
3174 4364 3375 4436 ψυχῆς,
3406 4368 3500 4420 καὶ
3524 4368 3577 4420 αἱ
3608 4367 3697 4422 διὰ
3724 4368 3945 4441 σῶμα-ν

2340 4477 2432 4525 τος
2470 4462 2773 4534 ἐπιθυμίαι.
2819 4460 3108 4532 Ὀπότερον
3140 4463 3187 4516 δ’
3230 4464 3298 4518 ἂν
3324 4457 3591 4533 τούτωνῇ
3625 4461 3685 4515 τὸ
3713 4462 3931 4529 αίτιον,

530 5866 531 5869 η
648 5831 771 5885 vitae
801 5830 1043 5887 rationes
1066 5830 1385 5901 instituunt,
1418 5832 1579 5891 laude
1605 5835 1755 5907 digni
1776 5843 1927 5903 sunt,
1963 5848 2089 5890 eum
2117 5848 2221 5888 na.

662 4556 875 4610 centur,
934 4559 1030 4599 seu
1083 4542 1429 4611 cupiditates.
1471 4540 1748 4612 Quidquid
1806 4553 1989 4600 autem
2037 4546 2233 4599 horum

2356 4549 2420 4618 »ἴς
2447 4554 2515 4609 ἂν
2618 4554 2812 4619 αἴτιον,
2839 4552 2970 4615 Θεὸς
3003 4553 3263 4617 ἀναίτιος.

660 4653 827 4694 causa
858 4638 949 4699 sit,
984 4645 1132 4691 certe
1164 4634 1306 4690 Deus
1328 4643 1605 4696 auctorac
1628 4651 1791 4690 causa
1822 4638 2049 4693 minime
2070 4637 2158 4693 sit.

731 4729 790 4786 Si
820 4730 1017 4784 melius
1047 4729 1355 4798 estjustum
1386 4744 1507 4784 esse
1528 4744 1693 4799 quam
1718 4728 2010 4797 iniustum,
2042 4727 2232 4800 quidni

2404 4736 2467 4788 Εἰ
2510 4732 2762 4807 κρεῖσσόν
2802 4732 2919 4786 ἐστι
2955 4732 3016 4786 τὸ
3048 4732 3254 4787 δίκαιον
3288 4726 3427 4783 εἶναι
3454 4727 3548 4782 τοῦ
3582 4727 3794 4794 ἀδίκου,
3822 4728 3935 4785 διὰ

656 4821 786 4877 talis
834 4820 903 4875 ab
960 4821 1080 4890 ipso
1132 4821 1385 4890 protinus
1427 4830 1558 4875 ortu
1601 4834 1777 4889 exque
1830 4821 2017 4890 genesi
2068 4820 2235 4875 homo

2356 4826 2387 4879 τί
2423 4826 2660 4887 τοιοῦτος
2707 4822 2929 4877 αὐτόθεν
2967 4825 2996 4875 ὁ
3023 4822 3309 4895 ἄνθρωπος
3350 4818 3459 4873 ἀπὸ
3505 4816 3603 4888 τῆς
3640 4817 3933 4885 γενέσεως

657 4912 924 4967 creatur?
953 4911 1052 4967 Sin
1086 4922 1269 4967 autem
1302 4920 1511 4981 postea,
1550 4920 1611 4966 ut
1635 4911 1703 4966 ad
1727 4912 2008 4968 meliorem
2038 4910 2232 4966 evadat

2356 4920 2394 4970 ιύ
2436 4919 2672 4989 γίνεται;
2718 4916 2781 4968 Ei
2810 4914 2867 4968 δὲ
2913 4916 3160 4988 ὕστερον,
3201 4914 3349 4974 ὅπως
3390 4911 3627 4982 ἀμείνων
3677 4910 3927 4983 γενηθῇ,

655 5005 893 5075 frugem,
919 5003 1227 5074 disciplinis
1258 5004 1475 5075 cogitur
1500 5014 1666 5075 atque
1687 5002 1901 5073 legibus
1936 5023 1949 5057 :
1978 5003 2141 5074 plane
2171 5010 2234 5057 ut

2356 5010 2723 5083 ῖωφρονίζεται
2767 5008 3053 5080 μαθήμασι
3083 5007 3177 5060 καὶ
3216 5003 3428 5073 νόμοις·
3457 5002 3533 5067 ὡς
3560 5001 3931 5068 αύτεξούσιος

655 5097 865 5151 arbitrii
897 5096 1154 5150 facultate
1185 5095 1447 5166 praeditus
1477 5096 1545 5151 iis
1578 5098 1794 5167 cogitur
1824 5102 1879 5150 et
1908 5097 2227 5167 castigatur,

2356 5104 2438 5174 ἱρα
2481 5098 2891 5173 σωφρονίζεται,
2920 5101 3015 5155 καὶ
3038 5100 3139 5152 οὐκ
3163 5099 3229 5149 ἐκ
3251 5094 3465 5165 φύσεως
3494 5093 3572 5147 ὢν
3606 5093 3800 5159 κακός.

653 5202 764 5242 non
801 5187 948 5240 velut
980 5185 1076 5256 qui
1102 5187 1277 5241 malus
1306 5201 1336 5239 a
1366 5192 1563 5241 natura
1592 5189 1686 5243 sit.
3634 5240 3639 5244 .

714 5266 787 5331 Ii
809 5275 958 5340 mali,
989 5276 1157 5331 natali
1190 5275 1475 5340 fatalitate,
1508 5276 1848 5331 ineluctabili
1874 5276 2230 5350 providentia:

2401 5286 2464 5336 Εἰ
2488 5285 2537 5335 οἱ
2565 5283 2789 5354 πονηροὶ
2814 5279 3039 5352 πονηροὶ
3062 5276 3203 5331 κατά
3225 5274 3437 5344 γένεσιν
3457 5274 3615 5346 φύσει
3637 5272 3927 5356 Προνοίιις

652 5366 876 5423 decreto
924 5367 1053 5420 mali
1094 5376 1419 5431 nascuntur,
1467 5368 1618 5422 omni
1670 5370 1830 5438 culpa
1863 5379 2086 5433 vacant,
2125 5385 2228 5425 nec

2356 5379 2539 5445 αγαῖς,
2572 5375 2671 5427 οὐκ
2696 5374 2803 5428 εἰσὶ
2842 5370 3081 5444 μεμπτοὶ
3112 5369 3207 5423 καὶ
3238 5367 3377 5435 ἄξιοι
3410 5364 3680 5439 τιμωρίας
3706 5364 3809 5435 τῆς
3842 5366 3929 5421 ὲκ

650 5455 803 5529 digni
840 5464 972 5512 sunt
1012 5457 1109 5528 qui
1156 5457 1335 5528 legum
1381 5461 1559 5529 poenis
1595 5472 1985 5531 coerceantur;
2024 5463 2225 5533 quippe

2356 5469 2435 5523 ὦν
2480 5469 2681 5539 νόμων,
2725 5468 2925 5532 ζῶντες
2967 5464 3086 5519 κατ’
3127 5462 3295 5534 αὐτὴν
3330 5461 3429 5533 τὴν
3470 5457 3678 5515 οίκείαν
3714 5458 3921 5528 φύοιν-

650 5549 746 5616 qui
772 5547 958 5601 vivant
998 5556 1061 5603 ut
1105 5549 1214 5605 illis
1248 5563 1278 5602 a
1306 5558 1505 5605 natura
1534 5561 1913 5622 comparatum
1939 5563 2061 5617 est;
2094 5569 2222 5610 nam

2358 5562 2448 5615 πεὶ
2475 5561 2548 5630 μὴ
2579 5558 2887 5631 δεδύνηνται
2916 5554 3334 5626 μεταϐληθῆναι.

650 5660 751 5701 nec
783 5660 844 5700 se
863 5645 1017 5717 ipsos
1040 5653 1252 5702 mutare
1280 5655 1596 5717 potuerunt.

721 5735 959 5804 Rursus,
1012 5738 1059 5793 si
1102 5738 1251 5805 boni,
1281 5754 1349 5795 eo
1392 5740 1537 5810 quod
1578 5741 1729 5802 iuxta
1772 5750 2027 5798 naturam
2065 5754 2221 5797 suam

2393 5737 2503 5790 Καὶ
2534 5735 2741 5799 ἄλλωςο
2772 5737 2822 5787 εί
2859 5734 2909 5786 ot
2955 5730 3150 5801 ἀγαθοὶ
3187 5730 3329 5785 κατά
3356 5729 3455 5803 τὴν
3489 5724 3699 5782 οἰκείαν
3735 5725 3925 5796 φύσιν

2323 5829 2524 5896 ζῶντές
2561 5832 2700 5885 εἰσιν
2742 5826 3036 5893 ἐπαινεταὶ,
3070 5826 3171 5897 τῆς
3212 5823 3480 5894 γενέσεως
3516 5817 3685 5891 οὔσης
3716 5818 3923 5887 altu:
