4090 6318
172 358 254 414 na
1247 355 1636 415 CONVIVIUI
1674 355 1906 414 DECEM
1946 353 2308 412 VIRGINUM.
3325 357 3429 412 ιτι

163 474 244 530 τοῦ
273 471 405 529 εἶναι
432 475 554 538 τοὺς
591 474 868 542 ἀγαθους
915 477 1045 531 οὐδὲ
1085 477 1134 528 οἱ
1167 478 1395 550 πονηροὶ
1430 477 1560 549 ἄρα,
1607 475 1745 532 κατὰ

1855 475 1982 530 talis
2004 473 2246 531 fatalitas
2284 475 2393 531 illis
2422 485 2616 531 auctor
2641 475 2710 532 sit
2736 482 2795 530 ut
2829 475 2958 531 boni
2986 475 3137 531 sint:
3172 475 3332 546 plane
3367 493 3434 534 ne

161 569 247 641 rip!
289 569 491 623 οἰκείαν
534 567 704 639 φύσιν
752 570 986 635 ζῶντες,
1035 569 1295 623 αίτιατέοι
1348 570 1501 640 παρὰ
1551 570 1745 641 δικαίῳ

1851 566 1978 620 mali
2006 565 2252 636 quidem,
2289 567 2383 637 qui
2429 567 2532 636 ipsi
2564 583 2783 639 quoque
2814 569 2892 624 sic
2936 569 3122 624 vivant
3155 577 3212 623 ut
3241 584 3433 624 earum

163 665 332 733 κριτῇ.
390 661 503 715 Καὶ
559 662 609 714 ει
655 661 764 733 χρὴ
818 661 1118 732 διαρρήδην
1156 662 1350 722 εἰπεῖν,
1398 662 1427 712 ό
1462 660 1603 714 κατὰ
1645 662 1744 732 τὴν

1850 664 2047 710 natura
2079 665 2248 729 atque
2280 659 2496 716 indoles
2527 661 2727 731 poscit,
2761 661 3019 731 culpandi
3047 670 3208 716 erunt
3233 677 3261 714 a
3285 661 3437 729 justo

160 750 460 823 ιφοσοῦσαν
488 752 638 823 αὖτῷ
663 752 830 821 φύσιν
853 752 962 817 ζῶν
989 752 1143 806 οὐδὲν
1171 750 1496 824 ἁμαρτάνει.
1536 752 1610 807 Οὐ
1635 752 1743 824 γὰρ

1850 749 2049 820 iudice.
2082 749 2319 816 Etenim,
2355 753 2402 807 si
2441 753 2590 809 clare
2626 755 2958 825 loquendum
2989 761 3096 816 est.
3128 755 3222 825 qui
3252 756 3326 809 ita
3354 755 3438 809 vi-

159 842 340 898 ἑαυτὸν
370 843 597 914 ἐποίησε
625 843 892 906 τοιοῦτον,
943 842 1057 897 ἀλλ’
1098 844 1131 912 ἡ
1172 843 1508 916 εἱμαρμένψ
1555 846 1649 898 καὶ
1675 845 1741 916 ζῇ

159 934 291 989 κατὰ
323 935 430 1007 τὴν
465 935 670 1008 ταύτης
712 935 948 1006 κίνησιν,
992 935 1255 1005 ἀγόμενος
1278 933 1542 1004 ἀφύκτοις
1575 937 1742 1005 ἀνάγ-

160 1039 293 1090 καις.
344 1027 543 1091 Οὐδεὶς
585 1023 680 1082 οὖν
727 1026 919 1089 κακός.
977 1026 1116 1078 Ἀλλ’
1161 1027 1269 1079 εἰσὶ
1322 1027 1513 1080 κακοί·
1573 1030 1668 1083 καὶ
1707 1031 1740 1100 ἡ

162 1119 251 1188 μὶν
292 1119 469 1172 κακία
498 1119 699 1190 ψεκτὴ,
727 1120 821 1173 καὶ
855 1117 1025 1190 ἐχθρὰ
1046 1116 1283 1189 τῷΞΘεῷ,
1309 1118 1386 1182 ὼς
1413 1120 1742 1193 συνέστησεν

159 1211 392 1280 “670;-
443 1214 478 1283 ἡ
507 1212 566 1266 δὲ
613 1210 777 1284 ἀρετὴ
807 1210 1111 1282 προσφιλὴς
1145 1212 1241 1263 καὶ
1280 1213 1562 1285 ἐπαινετὴ,
1605 1214 1739 1267 Θεοῦ

159 1302 507 1368 διατάξαντος
544 1304 709 1373 νόμον
738 1304 979 1375 τιμωρὸν
1016 1302 1222 1356 κακῶν.
1254 1302 1368 1356 Οὐκ
1407 1304 1515 1375 ἄρα
1552 1308 1744 1378 εἱμαρ-

163 1397 310 1466 μινη.

1849 843 1922 897 vit
1960 849 2020 897 ut
2063 842 2141 896 illi
2188 859 2255 899 ex
2294 853 2493 900 natura
2535 846 2769 902 inditum
2804 854 2910 914 est,
2949 847 3082 902 nihil
3110 847 3228 917 ipse
3257 846 3438 905 delin—

1850 934 1990 1004 quit.
2022 933 2141 989 Non
2179 936 2324 991 enim
2358 937 2474 1007 ipse
2500 953 2559 994 se
2598 939 2800 1009 ipsum,
2841 940 2936 996 sed
2966 939 3134 995 fatum
3159 940 3323 996 talem
3353 939 3436 998 fe-

1849 1028 1922 1081 cit
1950 1046 1962 1081 :
1997 1042 2176 1098 exque
2198 1029 2347 1085 illius
2369 1039 2553 1086 motus
2585 1032 2962 1102 compulsione
2985 1034 3137 1101 vivit,
3166 1033 3437 1089 inelucta-

1848 1119 1944 1174 bili
1998 1121 2328 1178 necessitate
2380 1129 2612 1178 tractus.
2654 1123 2827 1180 Nemo
2875 1124 3040 1194 igitur
3096 1133 3181 1180 est
3235 1127 3434 1181 malus.

1848 1210 2014 1282 Atqui
2073 1213 2201 1266 mali
2250 1221 2397 1268 sunt.
2438 1212 2504 1266 Et
2564 1215 2774 1270 malitia
2831 1216 3053 1286 quidem
3105 1217 3436 1286 vituperium

1852 1305 2038 1369 habet,
2071 1320 2136 1358 ac
2177 1303 2287 1360 Deo
2321 1305 2540 1360 inimica
2587 1313 2698 1371 est,
2721 1314 2780 1360 ut
2825 1307 3083 1377 superius
3118 1307 3296 1361 evici:
3330 1306 3437 1360 vir-

1851 1403 1944 1452 tus
1976 1411 2110 1450 vero
2139 1397 2391 1452 amabilis
2427 1405 2483 1452 et
2514 1397 2676 1452 laude
2709 1397 2893 1468 digna,
2936 1413 3061 1452 cum
3095 1397 3238 1454 Deus
3262 1399 3437 1470 legem

1849 1487 2185 1542 ulciscendis
2206 1488 2366 1543 malis
2389 1488 2759 1543 constituerit.
2791 1487 2911 1544 Non
2942 1489 3111 1560 igitur
3132 1497 3216 1546 est
3241 1488 3435 1546 fatum.

829 1599 958 1655 CAP.
994 1599 1161 1657 XVII.
1193 1601 1638 1672 Concupiscentia
1672 1605 1852 1659 carnis
1876 1613 1925 1660 et
1953 1605 2174 1673 spiritus
2199 1621 2217 1658 :
2252 1607 2436 1659 vitium
2458 1615 2509 1659 et
2538 1607 2722 1660 virtus.

219 1717 326 1772 Καὶ
350 1719 407 1772 τί
435 1714 698 1773 τοσοῦτον
745 1720 1190 1794 ἐπιδιατρίϐουσα
1225 1724 1339 1780 τοῖς
1369 1722 1632 1793 ἐλέγχοις,
1673 1724 1745 1785 είς

1926 1722 1996 1775 At
2034 1722 2168 1792 quid
2220 1737 2322 1793 ego
2379 1722 2714 1793 stringendis
2757 1723 3114 1777 elenchorum
3165 1722 3442 1778 machinis

163 1812 320 1883 μῆκος
348 1811 538 1878 ἐξάγω
561 1813 656 1865 τὸν
687 1811 866 1882 λόγον,
894 1814 966 1866 τὰ
989 1815 1388 1887 ἀναγκαιότερα
1414 1816 1551 1888 πρὸς
1575 1814 1748 1868 πειθὼ

163 1905 240 1957 καὶ
278 1903 692 1973 συγκατάθεσιν
736 1904 832 1958 τοῦ
884 1907 1254 1978 συμφέροντος
1301 1908 1607 1979 ὲκθεμὲνὴ;
1653 1908 1748 1961 καὶ

161 1995 416 2067 πρόδηλον
462 1998 628 2059 πᾶσι,
675 1997 772 2049 καὶ
813 1997 876 2061 se
918 1997 1134 2063 ὀλίγων,
1179 2001 1279 2070 τὴν
1323 1999 1623 2067 διαφωνίαν
1652 1997 1745 2051 τοῦ

159 2087 490 2158 τεχνήματος
527 2089 710 2142 αὐτῶν
739 2091 1175 2167 ἐξεργασαμένη,
1203 2090 1344 2144 ὥστε
1370 2093 1558 2163 διορᾷν
1607 2091 1746 2158 €55?-

161 2195 234 2231 ναι
258 2180 353 2232 καὶ
394 2179 836 2235 ἑπαισθάνεσθαι
868 2181 969 2251 τὴν
1009 2182 1218 2252 πλάνην
1266 2183 1368 2253 ἤδη
1408 2183 1504 2235 καὶ
1530 2182 1746 2253 παιδίῳ,

158 2271 222 2335 ὡς
246 2273 330 2342 ἐφ’
359 2275 499 2344 ἡμῖν
529 2275 650 2326 ἐστι
681 2275 744 2328 τὸ
772 2274 1174 2344 διαπράξασθαι
1203 2275 1264 2327 τὸ
1290 2275 1474 2338 καλὸν,
1514 2275 1545 2346 ἢ
1570 2275 1632 2328 τὸ
1657 2292 1748 2328 κα-

159 2364 258 2424 nev,
291 2365 390 2416 καὶ
423 2365 529 2417 οὐκ
576 2368 635 2418 ὲν
671 2367 785 2428 τοῖς
824 2365 1076 2435 ἀστράσι.
1126 2363 1231 2417 Δύο
1273 2364 1382 2434 γὰρ
1431 2367 1650 2435 κινήσεε
1689 2368 1747 2419 ὲν

161 2455 274 2525 ἡμῖν
293 2456 478 2519 ἐστὸν,
505 2456 773 2527 ἐπιθυμία
791 2458 1063 2525 πεφυκότε
1083 2458 1194 2528 (34)
1216 2459 1417 2530 σαρκὸς
1435 2458 1528 2511 καὶ
1541 2457 1743 2528 ψυχῆς,

158 2544 463 2616 δασὲρετον
492 2545 769 2617 ἁλλήλοινο
799 2546 922 2600 ὅθεν
957 2547 1051 2599 καὶ
1083 2546 1177 2599 δύο
1206 2546 1439 2617 λαϐέτην
1474 2547 1707 2615 ὀνόματε
1727 2562 1743 2576 ο

157 2638 185 2710 ἡ
211 2639 302 2707 μὲν
338 2640 453 2709 γὰρ
492 2638 722 2709 ἀρετῆς,
754 2639 788 2709 ἡ
809 2639 867 2691 δὲ
902 2640 1120 2703 κακίας.
1160 2641 1280 2692 Δεῖν
1306 2638 1363 2691 δὲ
1391 2641 1457 2709 τῇ
1485 2637 1746 2710 καλλίστῃ

158 2733 237 2784 καὶ
281 2734 506 2802 χρηστῇ
555 2733 652 2786 καὶ
699 2732 984 2786 πείθεσθαι
1027 2734 1130 2804 τῆς
1175 2735 1380 2805 ἀρετῆς
1423 2736 1634 2805 ἀγωγῇ,
1678 2734 1747 2788 τὰ

161 2823 398 2894 βέλτιστα
431 2824 546 2895 πρὸ
576 2824 686 2877 τῶν
731 2824 952 2893 φαύλων
977 2827 1361 2897 αἱρουμένους.
1421 2826 1581 2880 Ἀλλὰ
1618 2826 1747 2897 περὶ

160 2915 348 2968 τούτων
379 2915 508 2979 ἃλις
548 2917 672 2988 ἤδη,
705 2918 798 2970 καὶ
826 2917 1004 2985 ἐφέξω
1028 2919 1118 2971 τὸν
1147 2918 1324 2987 λόγον.
1357 2917 1617 2989 Αἰδοῦμαι
1638 2918 1745 2989 γὰρ

163 3006 285 3074 μετὰ
328 3009 462 3070 τοὺς
499 3008 601 3078 τῆς
649 3009 873 3077 ἁγνείας
915 3009 1130 3077 λόγους,
1175 3011 1269 3063 καὶ
1305 3010 1743 3081 ἐγκαλύπτομαι,

1853 1813 2064 1868 diutius
2096 1813 2383 1879 immorer,
2437 1829 2563 1869 cum
2598 1815 2665 1868 ad
2698 1815 3038 1870 suadendum
3077 1830 3141 1868 ac
3178 1823 3442 1886 praestan-

1851 1908 1980 1961 dum
2029 1921 2316 1962 assensum
2373 1909 2550 1978 magis
2587 1908 2903 1964 necessaria
2951 1909 3441 1980 commodioraque

1843 1988 2154 2065 ediderim;
2186 1999 2433 2070 artisque
2465 2001 2781 2056 vanissime
2822 2017 2852 2054 a
2895 2017 2953 2056 se
2985 2002 3104 2071 ipsa
3136 2001 3440 2057 dissensio-

1850 2108 1997 2157 nem,
2035 2093 2288 2164 quamvis
2311 2094 2504 2162 paucis
2536 2108 2602 2147 ex
2631 2094 2907 2163 capitibus
2945 2093 3152 2148 nemini
3187 2110 3295 2148 non
3320 2109 3441 2148 ma-

1848 2182 2107 2238 nifestam
2165 2183 2504 2238 reddiderim
2549 2203 2561 2238 :
2610 2194 2668 2238 ut
2729 2184 2841 2254 jam
2899 2199 3143 2238 errorem
3202 2187 3439 2240 istorum

1852 2276 2014 2346 plane
2053 2277 2259 2332 sentire
2293 2291 2356 2330 ac
2404 2277 2714 2347 perspicere
2754 2277 2838 2331 vel
2872 2278 3023 2347 pueri
3070 2278 3317 2347 possint;
3354 2279 3441 2332 in-

1856 2369 2233 2438 telligereque,
2266 2373 2321 2422 in
2370 2379 2562 2424 nostra
2599 2369 2827 2423 omnino
2857 2369 3020 2422 situm
3055 2369 3228 2424 libera
3260 2367 3435 2424 facul-

1848 2468 1961 2516 tate
1991 2475 2136 2524 eSse,
2165 2477 2273 2516 non
2302 2470 2483 2517 autem
2524 2462 2579 2515 in
2626 2461 2820 2525 stellis,
2860 2462 3064 2515 bonum
3101 2471 3196 2514 aut
3232 2461 3439 2517 malum

1848 2552 2099 2608 edicere?
2132 2553 2251 2609 Duo
2280 2556 2483 2625 quippe
2513 2563 2694 2608 motus
2742 2555 2796 2608 in
2827 2555 2989 2608 nobis
3020 2560 3168 2616 sunt,
3202 2560 3436 2624 uterque

1848 2646 2298 2715 concupiscentia
2340 2648 2550 2703 vocati;
2581 2647 2754 2699 altera
2797 2646 3007 2710 carnis,
3056 2647 3227 2700 altera
3275 2645 3440 2716 spiri-

1849 2745 1944 2792 tus
1971 2737 2018 2769 “
2047 2757 2057 2791 :
2097 2738 2241 2793 unde
2275 2744 2329 2792 et
2360 2738 2678 2792 nominibus
2706 2737 3184 2802 discriminantur,
3216 2736 3440 2792 virtutis

1849 2838 2015 2901 atque
2046 2830 2183 2884 vitii.
2213 2829 2404 2900 Operae
2434 2831 2670 2900 pretium
2699 2841 2880 2884 autem
2927 2839 3012 2885 est
3036 2838 3094 2883 ut
3127 2829 3439 2900 pulcherri-

1848 2938 1949 2977 mae
1994 2931 2050 2976 et
2101 2938 2281 2981 aurea:
2319 2923 2762 2992 obtemperemus
2813 2921 3038 2990 virtutis
3081 2920 3438 2983 institutioni.

1849 3014 2056 3084 Optima
2101 3029 2200 3084 pro
2245 3014 2424 3078 malis,
2456 3022 2511 3068 et
2553 3029 2672 3083 quae
2703 3014 2828 3067 vitae
2863 3013 3124 3076 hzereant,
3159 3012 3433 3082 eligendo.

157 3099 246 3162 τὰς
281 3099 394 3152 τῶν
445 3102 872 3174 μετεωρολόγων
914 3103 948 3174 ἢ
995 3104 1411 3174 ματαιοσκόπων
1449 3102 1745 3175 ἀνθρώπων

1858 3104 1967 3161 Sed
1993 3105 2060 3161 de
2094 3106 2187 3160 his
2213 3107 2326 3176 jam
2359 3108 2513 3162 satis.
2536 3105 2758 3162 Tenebo
2785 3106 2930 3160 enim
2961 3122 3047 3161 me
3070 3122 3138 3161 ne
3163 3106 3321 3176 plura
3355 3105 3441 3160 di-

159 3193 580 3263 ὰναγκαζομένη
621 3193 780 3258 δόξας
817 3195 1212 3268 ἐξηγήσασθαι,
1249 3195 1298 3248 οἳ
1338 3198 1432 3248 τὸν
1469 3195 1569 3264 τῆς
1607 3194 1750 3264 ζωῆς

163 3285 266 3355 μετ’
306 3287 546 3356 οἰήσεως
587 3286 942 3341 ἀναλίσκουσι
981 3289 1194 3359 χρόνον,
1227 3289 1403 3341 οὐδενὶ
1433 3289 1464 3359 ἦ
1499 3286 1747 3359 μυθικοῖς

161 3378 583 3451 ἐνδιατρίϐοντες
605 3381 909 3453 πλάσμασι.
954 3383 1142 3438 Ταῦτά
1179 3402 1259 3438 σοι
1305 3383 1400 3436 καὶ
1431 3383 1538 3436 τῶν
1568 3384 1744 3453 ἡμῶν,

161 3463 200 3522 ὦ
226 3470 483 3524 δέσποινα
528 3473 745 3544 Ἀρετὴ,
768 3475 875 3527 ἀπὸ
897 3475 1207 3548 θεορρήτων
1243 3473 1746 3544 συγκαθυφασμένα

163 3559 342 3632 λόγων,
366 3565 832 3635 προσκομιζέσθω
867 3566 938 3619 τὰ
967 3567 1138 3639 δῶρα.

1857 3213 2000 3261 cam,
2031 3198 2363 3253 verecundia
2398 3199 2634 3270 quadam
2672 3199 2858 3264 ducta,
2893 3215 2962 3253 ne
2995 3200 3260 3255 hactenus
3293 3197 3444 3254 habi-

1855 3297 1943 3345 tos
1969 3290 2036 3346 de
2063 3291 2382 3362 virginitate
2406 3308 2713 3355 sermones,
2743 3292 2846 3346 hac
2875 3308 3068 3362 parum
3103 3302 3443 3362 congruente

1855 3400 2124 3455 nugarum
2165 3385 2690 3439 commemoratione
2736 3384 3128 3438 contaminem.
3183 3382 3248 3436 Et
3292 3392 3444 3438 certe

1854 3474 2045 3546 pudet,
2077 3474 2225 3545 quod
2271 3474 2559 3528 hominum
2608 3483 2973 3528 meteororum
3023 3474 3442 3543 cmlestiumque

1855 3567 2143 3622 scientiam
2178 3565 2298 3634 (seu
2331 3569 2505 3637 magis
2538 3567 2758 3620 inanem
2805 3566 3272 3638 observationem)
3313 3579 3443 3636 pro—

164 3658 444 3724 ﬂuuium,
473 3663 767 3732 opiniones
793 3663 1001 3718 referre
1052 3678 1279 3719 necesse
1339 3663 1664 3731 habuerim;
1702 3664 1797 3734 qui
1848 3663 2106 3718 videlicet
2151 3663 2282 3718 solis
2331 3661 2531 3716 fabulis
2565 3669 2730 3733 atque
2768 3661 3042 3732 ﬁgmentis
3077 3661 3268 3716 dantes
3309 3673 3444 3730 ope-

162 3770 287 3818 ram,
328 3757 484 3810 inani
537 3755 686 3813 fastu
735 3774 800 3814 ac
828 3758 1114 3828 iactantia,
1150 3761 1274 3814 vitae
1307 3766 1526 3830 tempus
1583 3760 1893 3816 insumunt.
1931 3760 2110 3828 Atque
2138 3758 2255 3813 haec
2277 3749 2385 3813 tibi
2426 3775 2456 3811 a
2484 3757 2664 3823 nobis,
2700 3773 2734 3812 ο
2762 3757 2984 3811 domina
3030 3757 3213 3820 Arete,
3237 3770 3303 3810 ex
3356 3753 3444 3811 di-

160 3851 293 3905 vinis
319 3860 581 3906 contexta
605 3855 970 3920 sermonibus,
994 3871 1063 3910 en
1089 3856 1184 3911 tibi
1208 3857 1476 3913 sistentur
1497 3856 1665 3911 dona.

225 3945 523 4000 ΕΥΒΟΥΔ.
607 3948 698 4011 Ὠς
747 3949 868 4002 λίαν
913 3951 1287 4019 ἀγωνιστικῶς
1340 3955 1374 4025 ἡ
1421 3953 1598 4007 Θέκλα
1652 3952 1746 4007 καὶ

161 4036 400 4100 eversa»;
436 4032 484 4091 ὦ
525 4040 828 4112 Γρηγὸριον
848 4060 862 4109 ;
1683 4063 1702 4078 ι

1852 4056 1959 4111 que
1991 4040 2280 4109 magnifice
2307 4040 2608 4109 disputavit
2635 4039 2872 4093 Thecla?

223 4128 515 4182 ΓΡΗΓΟΡ.
554 4130 618 4182 Τί
658 4128 769 4195 οὖν,
815 4132 849 4203 ἢ
882 4133 1051 4205 αὐτῆς
1087 4134 1304 4205 ἐκείνης
1333 4136 1610 4206 ἀκηκόεις,
1645 4136 1741 4206 ῥύ-

1923 4131 2132 4186 GREG.
2165 4133 2307 4199 Quid
2360 4135 2404 4186 si
2458 4146 2575 4186 eam
2630 4131 2805 4200 ipsam
2841 4131 3061 4198 copiosa
3089 4131 3441 4202 versatilique

160 4220 249 4292 δην
276 4222 368 4273 καὶ
403 4219 651 4292 εὐτρόχῳ
671 4225 736 4293 τῇ
762 4225 976 4297 γλώττῃ
1007 4224 1144 4296 μετά
1173 4225 1372 4295 πολλῆς
1402 4227 1620 4296 χάριτος
1649 4226 1744 4279 κοιλ⁴

1851 4225 2184 4295 eloquentia,
2239 4239 2361 4277 cum
2423 4237 2633 4276 summa
2693 4221 2866 4291 gratia
2907 4229 2960 4276 et
2988 4222 3266 4289 voluptate
3305 4236 3441 4277 ροη-

161 4312 345 4382 ἡδονῆς
388 4312 814 4387 διαλεγομένης
854 4316 994 4371 ῶστε
1043 4317 1351 4388 ἀγασθῆναί
1381 4335 1504 4372 τινα
1549 4319 1744 4392 προσέ-

1850 4317 2063 4386 juncta,
2117 4314 2509 4369 edisserentem
2545 4311 2854 4366 audiisses?
2889 4318 2945 4364 ut
2975 4311 3325 4364 admirationi
3355 4318 3440 4365 at-

160 4419 347 4473 χοντα,
378 4403 476 4456 καὶ
517 4403 615 4474 τῆς
664 4407 875 4478 μορφῆς
915 4409 1253 4480 ἐπανθούσης
1286 4413 1400 4474 τοῖς
1440 4411 1636 4479 λόγοις,
1667 4411 1742 4475 ὡς

1850 4407 2200 4463 tendentibus
2216 4416 2379 4470 esset,
2401 4405 2658 4476 splendor
2675 4405 2821 4458 omni
2838 4411 3032 4458 ornatu
3049 4403 3438 4458 eiliorescentis

162 4493 479 4558 ὲνδιαθέτως
511 4495 608 4548 καὶ
643 4494 718 4565 τῷ
746 4497 858 4550 ὄντι
893 4498 1312 4571 φανταζομένως
1340 4502 1468 4573 περὶ
1497 4495 1571 4556 ὧν
1605 4505 1745 4575 ἀφη-

1853 4498 2145 4564 dictionis;
2181 4499 2256 4552 ita
2303 4514 2367 4553 ex
2403 4497 2585 4551 animo
2638 4512 2700 4551 ac
2752 4497 2952 4552 mentis
2981 4512 3145 4565 penu,
3180 4495 3437 4564 verisque

165 4588 302 4652 γεῐτο
352 4587 608 4653 διετέλει,
669 4588 1206 4664 ὑπερυθραινομένης
1263 4596 1399 4667 αὐτῇ
1458 4598 1597 4651 αἰδοῖ
1648 4599 1745 4670 τῆς

1850 4591 2184 4662 imaginibus
2243 4603 2551 4645 sermonem
2606 4587 3054 4657 exsequebatur,
3113 4586 3180 4640 de
3233 4587 3437 4655 quibus

1924 3944 2178 4000 EUBUL.
2224 3946 2397 4012 Quam
2426 3947 2772 4016 pugnaciter,
2811 3960 2844 3999 ο
2874 3944 3218 4017 Gregorium,
3245 3960 3443 4019 quam-

166 4672 358 4834 ἒᾷεως·
404 4677 504 4747 ὅλη
546 4675 658 4750 γὰρ
685 4673 822 4732 εἶναι
857 4681 1067 4751 πέφυκε
1107 4680 1276 4755 λευκὴ
1321 4687 1415 4739 καὶ
1459 4686 1618 4758 σῶμα
1652 4688 1745 4741 καὶ

209 4784 360 4834 Ἦν.

209 4784 360 4837 mv.

230 4945 527 5002 ΕΥΒΟΥΛ.
579 4950 807 5022 Ὀρθῶς,
834 4945 880 5005 ῶ
910 4953 1233 5027 Γρηγόριον,
1269 4956 1442 5011 ταῦτα
1491 4961 1617 5030 φῂς,
1653 4960 1746 5014 καὶ

171 5036 307 5090 οὐδὲν
336 5037 520 5092 αὐτῶν
546 5040 760 5111 ψεῦδος.
793 5044 1002 5113 Ἔγνων
1032 5047 1141 5118 γὰρ
1169 5048 1264 5100 καὶ
1299 5046 1405 5101 ἀπὸ
1431 5047 1538 5100 τῶν
1571 5050 1746 5103 ἄλλων

173 5127 668 5202 ἀνδραγαθημάτων
715 5135 879 5207 μῆτιν
923 5137 1114 5210 αὐτῆς,
1149 5139 1244 5192 καὶ
1291 5138 1467 5208 λέγειν
1505 5141 1604 5194 ὅσα
1654 5144 1748 5196 καὶ

238 5287 281 5318 ⁸⁸
308 5285 430 5343 σαι.
461 5304 520 5354 v,
550 5289 641 5345 17.

204 5443 344 5528 ,(ξξι)
374 5446 702 5515 [legumina
724 5444 834 5528 .Sic
860 5448 1154 5520 aliquando
1185 5466 1254 5506 ex
1279 5451 1594 5521 conjectura
1623 5468 1746 5507 cor-

178 5517 467 5591 rigebamus
521 5517 829 5591 πεφυκότεξ
883 5517 968 5572 υί
994 5536 1192 5591 genere
1245 5517 1570 5591 congrueret
1617 5539 1742 5578 cum

179 5587 307 5661 duali
339 5589 679 5658 praecedente
707 5587 1136 5661 ὲτιιθυμιαζδεᾱ
1168 5601 1314 5661 post,
1353 5587 1632 5647 Mazarino
1657 5608 1747 5648 co-

180 5656 283 5736 dice
314 5656 538 5736 et_ipso_
558 5659 847 5736 πεφυκόιεε
882 5656 1226 5736 praeferente,
1258 5663 1745 5736 animadvertimus

184 5730 438 5856 modi
883 5731 1122 5802 antiquis
1161 5747 1269 5814 non
1318 5732 1629 5816 displicere.
1665 5731 1747 5788 Ita

297 5817 376 5856 ius
400 5819 575 5856 mmo
606 5800 970 5856 Βιὺιιοιίιεεω
1001 5815 1116 5856 sua:
1146 5803 1336 5856 codice
1363 5803 1556 5856 scribit
1575 5802 1745 5856 αὐξη-

297 5801 376 5859 ius
395 5805 575 5877 primo
606 5800 970 5861 Bibliotheca
1001 5800 1116 5857 sua:
1146 5803 1336 5861 codice
1363 5800 1556 5860 scribit
1575 5802 1745 5874 αὐξη-

1851 4686 2222 4740 narrationem
2261 4683 2596 4747 instituerat,
2618 4697 2744 4736 cum
2773 4681 2988 4735 interim
3021 4680 3167 4734 illius
3213 4694 3436 4750 quoque

1849 4778 2017 4833 facies
2047 4775 2117 4831 ob
2147 4774 2535 4831 verecundiam
2569 4774 2770 4828 rubore
2814 4771 3256 4828 suﬂ‘underetur:
3316 4779 3431 4825 tota

1848 4885 2082 4939 namque
2115 4876 2170 4924 et
2198 4883 2427 4938 corpore
2443 4875 2496 4921 et
2524 4867 2706 4920 animo
2729 4866 2968 4920 candore
2996 4863 3321 4920 collucebat.

1921 4958 2172 5014 EUBUL.
2231 4959 2396 5015 Recte
2437 4959 2551 5013 hzec
2589 4957 2794 5020 eti‘aris,
2852 4958 3196 5029 Gregorium,
3256 4968 3436 5025 neque

1851 5054 1939 5108 hic
1963 5054 2232 5110 mendacii
2267 5054 2528 5124 prehendi
2560 5054 2788 5123 poteris.
2814 5053 2951 5108 Novi
2982 5052 3123 5108 enim
3149 5057 3202 5104 et
3229 5063 3295 5102 ex
3330 5060 3436 5105 cae-

1849 5146 1986 5201 teris
2008 5145 2244 5201 heroicis
2275 5147 2413 5202 actis
2453 5145 2602 5201 illius
2647 5145 2972 5218 sapientiam
2994 5183 3008 5207 ,
3040 5149 3094 5197 et
3145 5156 3265 5211 quae
3296 5157 3434 5211 qua-

1851 5457 2053 5511 θέντων
2089 5458 2458 5528 παραδόσεων.
2493 5460 2664 5525 Quem
2701 5456 2758 5510 in
2790 5457 2969 5510 locum
3005 5452 3346 5512 Haeschelius
3375 5451 3432 5528 in

1848 5522 2396 5601 noti_sgsui_s'siinilia
2444 5522 2796 5601 probatorum
2847 5537 3132 5601 auctorum
3183 5522 3432 5590 exempla

1850 5599 2078 5668 colligit.
2101 5596 2289 5670 APaulo
2337 5596 2462 5670 post
2503 5601 2610 5651 δεῖν
2656 5597 2894 5667 positum
2923 5611 3022 5666 pro
3050 5596 3148 5670 δεῖ,
3195 5601 3252 5670 ut
3289 5606 3433 5670 διξερε

1848 5660 2069 5725 οιίοεῗὶη
2101 5660 2406 5741 hoc-opere
2440 5660 2741 5726 inﬁnitivus
2765 5682 2863 5736 pro
2890 5660 3164 5737 praesenti.
3198 5662 3296 5717 En.
3324 5660 3431 5716 Lu-

1851 5753 1972 5795 PAR.
