4090 6318
672 342 773 402 I73

1666 343 1726 398 S.
1768 340 2104 399 HETHODH
2148 339 2459 398 EPISCOPI
2498 340 2587 397 ET
2630 342 2990 401 MARTYRIS

3830 351 3932 407 178

666 470 847 539 liaque
876 466 1022 522 illam
1048 478 1307 537 perorare
1336 461 1652 532 contigerit,
1683 460 2007 517 excellentis
2037 474 2251 529 semper

2354 452 2445 514 οἶα
2496 458 2881 531 κατώρθωσεν,
2928 461 3369 535 ὑπερϐαλλούσης
3420 464 3639 539 ἀγάπης
3678 466 3933 535 ἐπίδειξιν

668 566 724 617 in
774 562 1052 626 Christum
1101 557 1391 613 charitatis
1439 558 1769 611 documenta
1812 552 2252 609 luculentissima

664 653 846 711 edenti
870 672 881 706 :
910 660 1081 721 utque
1104 649 1275 706 decus
1298 662 1408 701 una
1437 645 1758 717 multiplicis
1782 645 2030 716 martyrii
2050 644 2252 713 saepius

667 743 878 798 iteratis
912 740 1216 811 ingentium
1255 736 1619 793 certaminum
1645 735 1816 789 claris
1852 734 2100 790 victoriis
2129 733 2252 804 glo-

663 835 811 891 riose
833 834 1043 897 tuterit,
1072 833 1129 887 in
1151 830 1352 901 quibus
1377 836 1433 885 et
1459 827 1881 898 magnanimitas
1900 824 2251 897 aggrediendi

663 936 717 984 et
748 928 912 990 ardor
941 940 1056 981 rem
1096 922 1343 995 gerendi,
1381 921 1533 993 paria
1576 920 1822 992 fuerunt,
1852 917 2249 990 magnitudini-

663 1038 771 1092 que
799 1018 1157 1076 consiliorum
1187 1023 1244 1070 et
1274 1015 1494 1079 mentis,
1512 1030 1580 1069 ex
1604 1003 2001 1085 sequdxs'empcr
2026 1026 2252 1081 respou-

662 1114 745 1170 dit
778 1112 1011 1168 ﬁrmitas
1038 1110 1317 1179 roburque
1355 1107 1623 1178 corporis.

736 1202 945 1260 GREG.
984 1202 1284 1259 Verissima
1316 1211 1368 1256 ct
1398 1210 1455 1255 tu
1488 1213 1714 1264 narras;
1768 1198 1867 1254 sed
1910 1211 1980 1252 ne
2031 1196 2119 1251 bis
2149 1196 2253 1249 im-

663 1314 965 1357 moremur.
998 1296 1133 1353 Nam
1163 1296 1232 1353 de
1254 1295 1454 1350 talibus
1501 1301 1557 1348 et
1596 1292 1734 1347 alias
1760 1306 1926 1361 saepe,
1954 1279 2087 1345 cum
2118 1288 2252 1343 lice-

660 1393 768 1457 bit,
801 1406 962 1463 agere
1010 1392 1155 1445 inter
1186 1403 1285 1443 nos
1312 1386 1637 1459 poterimus.
1680 1383 1840 1439 Nunc
1885 1389 2012 1437 ante
2066 1380 2255 1435 omnia

662 1483 895 1541 reddere
933 1498 1020 1539 me
1070 1481 1170 1537 tibi
1213 1481 1391 1544 decet,
1426 1494 1568 1549 quos
1608 1475 1870 1548 promisi,
1916 1473 2253 1544 reliquarum

664 1594 883 1651 quoque
920 1576 1191 1647 virginum
1238 1587 1544 1640 sermones,
1586 1570 1847 1625 nimirum
1880 1563 2257 1639 TysianaDo—

664 1654 1013 1742 mniumque:
1052 1669 1135 1723 ba:
1164 1664 1437 1737 siquidem
1467 1670 1682 1719 restant
1712 1661 1861 1718 solas.
1888 1657 1961 1714 Ut
1995 1658 2165 1729 igitur
2191 1654 2256 1709 ιι.

664 1781 790 1823 nem
813 1762 1031 1820 dicendi
1056 1760 1259 1815 Thec-la
1283 1758 1434 1820 fecit,
1453 1757 1529 1810 iis
1556 1765 1667 1810 tam
1704 1753 1893 1808 multis
1923 1765 2043 1822 qua:
2063 1763 2247 1805 recenv

2356 554 2653 626 ποιουμένη
2708 554 2962 626 Χριστῷο
3019 556 3114 607 καὶ
3183 555 3260 619 ὡς
3313 557 3618 631 διαπρεπὴς
3679 560 3933 626 πολλάκις

2354 644 2527 715 ἐφάνη
2558 650 2670 710 τοῖς
2710 648 2969 718 μεγάλοις
3003 650 3098 702 καὶ
3131 648 3370 723 πρώτοις
3400 649 3582 715 ἄθλοις
3618 652 3927 719 ὑπαντῶσα,

2352 737 2461 790 τῶν
2503 740 2799 811 μαρτύρων
2839 740 2961 812 ἴσην
3006 744 3073 813 τῇ
3120 741 3399 813 προθυμίᾳ
3432 740 3529 813 τὴν
3564 744 3800 817 σπουδὴν
3845 762 3932 800 κε-

2354 828 2622 897 κτημένη,
2650 830 2745 882 καὶ
2776 832 2841 901 τῇ
2886 831 3037 902 ἀκμῇ
3062 828 3174 885 τῶν
3208 831 3591 905 βουλευμάτων
3613 834 3714 908 τὴν
3746 832 3932 909 ῥώμην

2352 920 2448 976 τοῦ
2479 921 2752 994 σώματος.

2424 1209 2713 1263 ῐῬΗΓΟΡ.
2762 1207 3127 1282 ’Δληθέστατα
3162 1210 3257 1264 καὶ
3288 1209 3352 1262 σὺ
3386 1207 3490 1279 φῄς
3510 1225 3524 1239 ο
3546 1206 3684 1262 ἀλλὰ
3715 1205 3791 1279 μὴ
3819 1205 3934 1261 δια-

2353 1301 2649 1373 τρίϐωμεν.
2693 1301 2912 1355 Τούτων
2953 1300 3062 1373 γὰρ
3106 1301 3233 1373 πέρι
3276 1302 3371 1355 καὶ
3416 1300 3524 1355 τῶν
3572 1296 3729 1363 αὖθις
3784 1300 3936 1355 ἔσται

2356 1391 2616 1456 πολλάκις
2646 1395 2793 1464 ἡμᾶς
2822 1392 3186 1457 διαλέξασθαι.
3219 1392 3334 1448 Νῦν
3457 1392 3673 1465 πρῶτον
3702 1393 3798 1447 καὶ⁸
3828 1391 3950 1456 τῶν

2356 1482 2485 1554 ἑξῆς
2524 1484 2809 1553 παρθένων
2850 1483 3163 1553 ἐξαγγεῖλαι
3206 1502 3275 1557 με
3305 1485 3388 1538 δεῖ
3424 1501 3507 1539 σοι
3547 1484 3673 1549 τοὺς
3721 1485 3935 1554 λόγους,

2358 1574 2543 1641 καθὼς
2576 1576 2851 1647 ὑπέστην’
2890 1575 3089 1646 μᾶλλον
3120 1576 3183 1629 δῖ
3210 1576 3483 1646 Τυσιανῆς
3519 1576 3614 1630 καὶ
3638 1574 3935 1647 Δομνίνηςδ

2356 1661 2517 1724 αὗται
2564 1670 2673 1741 γὰρ
2711 1670 2792 1722 ἐτι
2846 1668 3273 1740 περιλείπονται.
3329 1672 3416 1734 ὀς
3448 1667 3543 1723 οὖν
3581 1669 3942 1724 ἀπεπαύσατο

2357 1765 2454 1819 καὶ
2498 1765 2531 1834 ὴ
2564 1763 2742 1817 Θέκλα
2784 1763 3022 1818 τοσαῦτα
3059 1762 3317 1827 εἰποῦσα,
3355 1762 3459 1834 ἔφη
3495 1763 3797 1832 προστάξαι
3843 1762 3941 1836 τὴν

664 1857 751 1915 sui
785 1852 1078 1927 peroratis,
1122 1848 1391 1905 referebat
1420 1846 1732 1917 Tbeopatra
1784 1846 2085 1916 imperasse
2114 1842 2250 1898 Are-

2370 1831 2595 1925 ’Δρετὴν
2634 1855 2668 1925 ἡ
2716 1852 3005 1925 Θεοπάτρα
3052 1855 3118 1923 τῇ
3153 1831 3407 1923 Τυσιανῇί
3444 1831 3663 1921 λέγειν’
3714 1854 3815 1925 τὴν

666 1958 759 2005 ten
802 1947 1075 2021 Tysianze,
1107 1951 1166 2000 ut
1202 1944 1384 1999 locum
1438 1939 1633 1997 orandi
1673 1946 1927 2010 caperet;
1958 1938 2096 1993 bant
2128 1949 2259 1991 vero

666 2040 841 2096 levius
868 2034 1242 2094 subridentem
1268 2042 1396 2089 ante
1418 2033 1594 2105 ipsam
1625 2044 1999 2103 progressam,
2040 2028 2097 2083 in
2139 2026 2256 2082 bzec

664 2132 831 2187 verba
860 2129 1085 2185 dixisse.

1104 2295 1569 2393 ORATIO
1634 2298 1821 2389 1X.

1294 2424 1624 2481 TYSlANA.

662 2529 796 2586 Cn.
828 2523 872 2581 l.
904 2521 1167 2585 Castitas,
1198 2519 1306 2573 ueri
1350 2516 1681 2572 tabernaculi
1710 2524 1931 2586 ornatus
1958 2514 2278 2586 praecipuus.
2321 2512 2406 2567 Ad
2445 2514 2911 2570 tabernaculorum
2948 2515 3141 2585 festum
3172 2516 3564 2580 celebrandum,

2360 1944 2736 2019 μιιδιάσασαν,
2771 1943 3081 2018 ἔμπροσθεν
3108 1944 3279 2015 αὐτῆς
3304 1943 3614 2017 παρελθεῖν,
3636 1945 3731 2000 καὶ
3751 1946 3939 2016 φάναι.

2872 2297 3242 2385 ΛΟΓΟΣ
3299 2298 3409 2389 Θ.

2992 2424 3319 2482 ΤΥΣΙΔΝΗ.

3605 2528 3801 2589 septem
3832 2519 3947 2576 dies

738 2595 927 2651 indicti
959 2584 1190 2651 Juda'is,
1225 2586 1353 2660 quid
1383 2589 1707 2660 signiﬁcent.
1750 2584 2049 2660 septenarii
2088 2584 2247 2660 hujus
2286 2586 2489 2637 incerta
2526 2599 2738 2640 summa
2766 2602 2785 2641 :
2814 2603 2907 2640 nec
2944 2584 3045 2642 ulli
3078 2589 3260 2659 liquet,
3287 2590 3499 2660 quando
3533 2584 3717 2660 futura
3754 2591 3947 2648 mundi

735 2665 1125 2723 consummatio
1147 2654 1249 2717 sit:
1272 2654 1459 2713 Mundi
1490 2654 1697 2727 fabrica
1724 2654 2014 2711 etiamnum
2038 2654 2348 2724 completur.

733 2762 782 2817 Ο
838 2760 1034 2822 Arete,
1068 2755 1468 2812 amabilissima
1520 2753 1856 2825 virginitatis
1904 2750 2248 2806 amatoribus

661 2853 936 2927 gloriatio,
974 2865 1075 2921 ego
1103 2863 1321 2920 quoque
1362 2846 1625 2901 auxilium
1652 2852 1805 2898 tuum
1851 2842 1906 2897 in
1939 2858 2053 2898 rem
2084 2856 2248 2912 quam

658 2948 842 3018 jubes,
877 2944 1144 3013 imploro:
1176 2954 1247 2993 ne
1277 2938 1407 2992 mihi
1431 2936 1579 3008 quod
1599 2934 1776 2990 dicam
1796 2935 1961 2998 desit,
1981 2934 2251 2989 exhausto

2427 2745 2499 2803 Ὦ
2555 2750 2772 2822 Ἀρετὴ,
2816 2753 3117 2825 παρθενίας
3164 2755 3423 2826 ἐρασταῖς
3462 2756 3764 2828 ἐπέραστον
3810 2759 3950 2814 καύ-

2356 2860 2511 2915 χημα
2552 2844 2683 2916 (55),
2719 2845 2874 2915 κάγὼ
2907 2846 3438 2920 συναντιληψομένην
3472 2867 3561 2920 μοι
3592 2852 3948 2923 παραστῆναι

2360 2954 2416 2991 σε
2462 2938 2787 3007 παρακαλῶ,
2834 2942 3028 3013 μήπως
3058 2940 3323 3013 ἀπορήσω
3366 2941 3564 3011 λόγων,
3594 2942 3689 2997 ἆτε
3733 2944 3952 3000 πολλῶν

662 3047 744 3094 tot
773 3046 995 3108 tamque
1039 3033 1281 3105 copiosis
1322 3032 1556 3086 aliorum
1597 3030 1942 3085 orationibus
1990 3028 2252 3099 subjecta:

2359 3031 2463 3103 ἤδη
2518 3033 2611 3086 καὶ
2668 3033 3026 3087 παντοδαπῶν
3079 3034 3404 3106 εἰρημένων.
3456 3034 3551 3087 Διὸ
3595 3035 3690 3090 καὶ
3736 3056 3949 3111 παραι-

663 3130 1002 3186 laudationis
1036 3135 1384 3198 argumento.
1420 3122 1605 3188 Quare
1633 3123 1690 3175 in
1719 3121 2003 3192 prooemiis
2044 3136 2254 3176 sermo-

666 3226 859 3294 nisque
897 3218 1367 3277 insinuationibus
1401 3227 1619 3285 tempus
1646 3214 1898 3285 equidem
1924 3229 2257 3284 operamque

664 3332 775 3374 non
795 3314 1043 3387 perdam,
1068 3327 1138 3367 ne
1162 3310 1291 3365 dum
1314 3308 1649 3364 exornandis
1666 3321 1787 3376 qua:
1816 3306 1924 3361 illis
1949 3313 2257 3376 congruant

664 3422 873 3464 moram
904 3410 1150 3467 trasero,
1180 3401 1324 3472 quod
1358 3400 1694 3470 praecipuum
1720 3404 1805 3451 est
1850 3394 2122 3460 elabatur,
2158 3409 2253 3449 ac-

664 3499 911 3556 cessoria
943 3510 1351 3568 supervacanee
1381 3490 1649 3562 captanti,
1680 3489 1817 3545 adeo
1848 3488 2109 3543 nimirum
2138 3487 2253 3557 glo-

664 3594 835 3657 riosa,
858 3591 1227 3662 praclaraque
1249 3602 1314 3642 ac
1342 3585 1632 3657 magniﬁca
1664 3599 1755 3637 res
1784 3589 1868 3637 est
1894 3580 2205 3651 virginitas.

736 3684 903 3749 Deus,
940 3698 1064 3738 cum
1088 3678 1431 3736 celebranda:
1458 3692 1601 3733 verae
1634 3674 1948 3732 festivitatis
1980 3672 2258 3727 Taberna.

665 3777 914 3833 culorum
946 3774 1090 3829 veris
1114 3772 1377 3829 lsraelitis
1405 3772 1710 3841 legitimum
1733 3771 1901 3826 ritum
1932 3771 1988 3824 in
2009 3768 2256 3824 Levitico

664 3868 1069 3939 praescriberet.
1112 3880 1223 3935 pra).
1267 3865 1495 3933 reliquis
1528 3864 1906 3919 exornandum
1948 3864 2147 3933 cuique
2172 3869 2256 3915 ta-

668 3959 1021 4015 bernaculum
1078 3973 1239 4013 suum
1280 3959 1532 4011 castitate
1572 3957 1769 4011 sancit.
1820 3956 2104 4026 Apponam
2135 3956 2255 4026 ipsa

668 4052 967 4124 Scriptura;
987 4052 1174 4115 verba,
1210 4066 1277 4106 ex
1300 4050 1501 4120 quibus
1528 4050 1649 4105 sine
1672 4051 1780 4105 ulla
1802 4049 2145 4106 dubitatione
2167 4051 2257 4104 de-

665 4145 1064 4202 monstrabitur
1112 4157 1276 4214 quam
1322 4140 1432 4196 Deo
1485 4143 1819 4199 conveniens
1871 4143 2059 4214 illique
2098 4157 2256 4198 acce-

665 4246 819 4311 ptum
872 4239 942 4293 sit
979 4240 1081 4293 hoc
1123 4235 1459 4307 virginitatis
1512 4252 1733 4291 munus.
1795 4238 1993 4304 Quinto
2051 4237 2253 4291 decimo

665 4334 751 4390 die
777 4335 967 4388 mensis
981 4335 1213 4403 septimi,
1237 4334 1451 4404 quando
1472 4332 1967 4388 consummaveritis
1984 4332 2253 4402 genimina

2310 3178 2317 3181 _
2357 3125 2557 3197 τοῦμαι
2584 3126 2652 3181 τά
2676 3125 3013 3199 προοιμιώδη
3043 3125 3214 3181 ταῦτα
3242 3128 3336 3181 καὶ
3357 3134 3953 3199 προκατασκευαστιή

2355 3214 2466 3270 τῶν
2500 3217 2694 3284 λόγων,
2728 3219 2813 3272 ἵνα
2845 3218 2941 3291 μὴ,
2987 3218 3310 3291 χρονίζουσα
3346 3221 3691 3291 προσήκοντα
3735 3223 3951 3288 τούτοις

2358 3310 2743 3381 ἐφαρμόττειν,
2765 3309 2941 3363 αὐτῶν
2962 3310 3183 3363 ὲκπέσω
3208 3308 3315 3362 τῶν
3341 3311 3714 3383 προκειμένων
3732 3329 3745 3341 ·
3769 3313 3955 3380 οὕτως

2357 3400 2565 3467 ἔνδοξόν
2597 3402 2743 3453 ἐστιν
2770 3402 2805 3473 ἡ
2840 3399 3107 3474 παρθενια
3137 3401 3231 3455 καὶ
3265 3401 3443 3473 τίμιον
3478 3403 3571 3455 καὶ
3606 3404 3955 3478 μεγαλοπρε-

2357 3490 2479 3555 πές.

2440 3673 2498 3726 '0
2548 3672 2681 3737 Θεὸς
2724 3674 2823 3746 τὴν
2873 3675 3069 3746 ἑορτὴν
3115 3674 3214 3747 τῆς
3259 3672 3645 3743 Σκηνοπηγῐας
3675 3674 3958 3731 διδάσκων

2356 3766 2455 3838 τῆς
2491 3766 2755 3837 ἀληθινῆς
2783 3767 2910 3832 τοὺς
2945 3766 3233 3839 ἀληθινοὺς
3277 3766 3637 3837 Ἰσραηλίτας,
3678 3769 3801 3835 πῶς
3832 3772 3958 3843 ἑορ-

2356 3860 2541 3926 τάζειν
2589 3863 2672 3917 δεῖ
2714 3864 2807 3916 καὶ
2846 3864 3033 3934 τιμᾷν,
3066 3864 3125 3916 ὲν
3168 3859 3246 3932 τῷ
3290 3861 3576 3929 Λευῖτικῷ
3624 3866 3933 3937 παρίστησι

2361 3957 2561 4039 μᾶλλον
2598 3957 2705 4011 τῶν
2738 3956 2914 4010 ἄλλων
2960 3957 3153 4028 ἁγνείᾳ
3201 3956 3424 4025 φάσκων
3453 3955 3564 4009 δεῖν
3598 3956 3698 4030 τὴν
3745 3961 3949 4015 cautos

2358 4050 2563 4121 σκηνὴν
2609 4050 2840 4103 ἕκαστον
2892 4050 3138 4120 κοσμεῖν.
3184 4046 3582 4118 Παραθήσομαι
3632 4049 3691 4104 δὲ
3742 4050 3844 4104 καὶ
3884 4049 3957 4106 τὰ

2355 4142 2463 4195 ἀπὸ
2484 4144 2583 4214 τῆς
2616 4142 2859 4214 Γραφῆς,
2902 4141 2996 4211 ἀφ’
3024 4136 3099 4197 ὧν
3136 4138 3634 4211 ἀναμφισϐητήτως
3662 4141 3958 4213 δειχθήσε-

2354 4253 2444 4290 ται
2487 4236 2671 4303 πᾶσιν,
2694 4236 2818 4289 ὅσον
2838 4235 2931 4289 καὶ
2964 4233 3085 4306 Θεῷ
3116 4232 3422 4305 πρόσφορον
3449 4236 3565 4287 ἐστι
3594 4235 3687 4288 καὶ
3714 4252 3959 4307 προσφι-

2356 4329 2445 4393 λὲς
2472 4330 2536 4383 τὸ
2565 4327 2901 4401 κατόρθωμα
2925 4325 3085 4381 τοῦτο
3112 4326 3213 4397 τῆς
3258 4325 3501 4394 ἁγνείας.
3542 4326 3654 4381 Kal
3691 4325 3770 4397 τῇ
3806 4344 3955 4382 πεν-

667 4438 846 4491 tcrrw,
897 4425 1088 4495 festum
1127 4426 1461 4481 celebrabitis
1515 4424 1747 4479 Domino
1788 4435 1983 4494 septem
2016 4423 2200 4478 diebus
2234 4441 2251 4479 :

2359 4418 2747 4490 τεκαιδεκάτῃ
2778 4420 2970 4491 ᾑμέρᾳ
3001 4418 3111 4474 τοῦ
3128 4420 3323 4489 μηνὸς
3360 4420 3467 4475 τοῦ
3494 4420 3771 4491 ἑϐδόμου,
3804 4420 3958 4477 ὅταν

665 4527 714 4571 et
738 4516 823 4570 die
849 4526 1029 4571 octavo
1055 4518 1155 4570 erit
1183 4519 1405 4589 requies.
1443 4516 1511 4571 Et
1541 4518 1758 4572 sumetis
1792 4516 1875 4571 die
1901 4518 2073 4585 primo
2134 4520 2254 4587 fru-

672 4604 958 4677 ctumligni
976 4609 1287 4676 speciosam,
1304 4621 1353 4666 et
1377 4609 1620 4681 spatulas
1643 4610 1968 4679 palmarum,
1998 4620 2048 4663 et
2070 4626 2249 4663 ramos

666 4699 795 4768 ligni
819 4696 1035 4762 densos,
1063 4708 1112 4752 et
1136 4700 1347 4767 salices,
1379 4712 1428 4756 et
1452 4718 1631 4757 ramos
1660 4701 1788 4773 agni
1808 4700 1872 4755 de
1907 4711 2161 4765 torrente,
2181 4701 2250 4754 ad

667 4789 958 4845 testandum
990 4806 1169 4845 coram
1208 4791 1431 4847 Domino
1461 4794 1572 4848 Deo
1600 4806 1775 4850 vestro,
1822 4804 2015 4863 septem
2065 4792 2247 4847 diebus

667 4885 793 4936 anni
822 4899 840 4938 .'
875 4883 1169 4953 legitimum
1203 4886 1577 4954 sempiternum
1620 4888 1673 4941 in
1707 4888 1979 4958 progenies
2022 4895 2247 4941 vestras.

666 4973 844 5029 Mense
872 4976 1092 5045 septimo
1123 4975 1455 5032 celebrabitis
1486 4978 1871 5033 solemnitatem
1904 4980 2085 5033 istam.
2119 4977 2250 5047 Sep—

665 5076 766 5119 tem
788 5067 969 5123 diebus
1001 5069 1056 5122 in
1086 5069 1445 5123 tabernaculis
1495 5068 1830 5123 habitabilis.
1866 5070 2059 5125 Omnis
2108 5069 2250 5123 indi-

662 5175 795 5228 gena
833 5161 889 5214 in
918 5160 1093 5218 Israel
1144 5161 1410 5217 habitabit
1450 5163 1504 5215 in
1536 5162 1893 5217 tabernaculis
1926 5180 1943 5216 :
1975 5174 2033 5217 ut
2078 5164 2249 5217 sciant

660 5255 930 5323 progenies
954 5266 1161 5321 vestrm,
1193 5254 1333 5327 quod
1366 5255 1420 5309 in
1452 5253 1809 5309 tabernaculis
1849 5254 2091 5309 habitare
2116 5256 2251 5325 fece-

663 5349 764 5401 rim
788 5349 931 5417 filios
954 5347 1149 5413 Israel,
1174 5366 1293 5403 cum
1314 5349 1587 5403 educerem
1623 5364 1709 5402 eos
1735 5347 1799 5403 de
1821 5358 1966 5403 terra
2002 5347 2245 5421 .Egypti.

663 5438 777 5511 Ego
803 5438 1063 5495 Dentatus
1102 5440 1245 5495 Deus
1268 5443 1434 5496 vester
1467 5441 1534 5493 ⁸⁸.

2356 4514 2772 4582 συν-τελέσητε
2810 4513 2883 4568 τὰ
2916 4510 3259 4585 γεννήματα
3291 4509 3400 4579 τῆς
3447 4509 3580 4581 γῆς,
3628 4511 3957 4580 ἑορτάσετε

2356 4608 2552 4677 Κυρίῳ
2581 4608 2733 4663 ἑπτὰ
2754 4606 3009 4679 ἡμέρας·
3045 4604 3145 4660 καὶ
3166 4601 3243 4672 τῇ
3270 4603 3463 4673 ἡμέρᾳ
3489 4602 3564 4672 τῇ
3591 4602 3775 4673 ὀγδόῃ
3806 4606 3959 4661 ἀνά.

2356 4718 2582 4769 παυσις
2640 4703 2832 4757 ἔσται.
2889 4701 3003 4758 Kal
3049 4698 3327 4768 λήψεσθε
3376 4697 3453 4766 τῇ
3508 4696 3710 4767 πρώτῃ
3757 4700 3958 4771 ἡμέρα

2355 4795 2591 4864 καρπὸν
2625 4795 2817 4860 ξύλου
2844 4793 3081 4865 ὡραῖον,
3120 4790 3221 4845 καὶ
3251 4789 3600 4857 κάλλυντρα
3631 4791 3954 4858 φοινίκων,

2354 4890 2453 4945 καὶ
2482 4886 2748 4956 κλάδους
2785 4888 2979 4956 ξύλου
3019 4883 3249 4951 δασεῖς,
3291 4882 3391 4937 καὶ
3415 4881 3594 4950 ἰτέας,
3620 4884 3717 4938 καὶ
3758 4886 3958 4957 ἄγνου

2354 4980 2621 5049 κλάδους
2650 4982 2720 5035 ἐκ
2758 4981 3105 5053 χειμάρῤου,
3142 4976 3554 5047 εὐφρανθῆναι
3588 4978 3798 5034 ἔναντι
3834 4984 3955 5035 Ku-

2347 5075 2486 5143 ρίου
2513 5075 2621 5129 τοῦ
2658 5074 2807 5129 Θεοῦ
2842 5071 3011 5145 ὑμῶν
3042 5069 3195 5126 ἑπτὰ
3232 5068 3458 5139 ἡμέρας
3490 5070 3595 5124 τοῦ
3623 5071 3919 5125 ἐνιαυτοῦ
3939 5088 3953 5102 θ

2353 5168 2608 5236 νόμιμον
2633 5167 2879 5222 ald)er
2898 5165 3118 5233 εις-τὰς
3137 5164 3346 5235 γενεὰς
3370 5161 3557 5233 ὑμῶν.
3588 5164 3685 5217 Ἐν
3699 5162 3786 5229 τῷ
3800 5163 3955 5233 μηνὶ

2354 5257 2435 5323 τῷ
2464 5259 2693 5331 ἑϐδόμῳ
2719 5260 3039 5330 ἐορτάσετε
3080 5256 3298 5327 αὐτήν.
3330 5257 3433 5312 Ἐν
3451 5256 3708 5327 σκηναῖς
3744 5273 3956 5311 κατοι-

2357 5350 2578 5419 κήσετε
2607 5353 2761 5409 ἁπτὰ
2793 5355 3039 5425 ἡμέρας.
3069 5348 3197 5419 Πᾶς
3236 5353 3546 5422 αὐτόχθων
3581 5351 3652 5406 ἐν
3693 5348 3957 5418 Ἰσραὴλ

2358 5445 2838 5516 κατοικήσουσιν
2874 5447 2944 5500 ἐν
2987 5442 3268 5513 σκηναῖς,
3307 5443 3469 5513 ὅπως
3506 5443 3719 5499 ἴδωσιν
3752 5444 3821 5496 at
3853 5459 3953 5512 τε-

660 5539 790 5592 νεαὶ
824 5536 1012 5603 ὑμῶν.
1044 5534 1132 5590 ὅτι
1178 5538 1247 5591 ἐν
1278 5535 1539 5605 σκηναῖς
1570 5534 1875 5601 κατῴκισα
1902 5540 2044 5605 τοὺς
2074 5538 2246 5605 υιοὺς
2292 5540 2550 5611 Ἰσραὴλ,
2582 5544 2651 5597 ἐν
2682 5541 2997 5613 ἐξαγαγεῖν
3024 5559 3099 5613 με
3137 5541 3292 5613 ὑμᾶς
3324 5542 3392 5597 ἐκ
3452 5540 3564 5612 τῆς
3616 5539 3954 5611 Alﬁum).

675 5634 823 5700 Ἐγὼ
852 5635 1069 5703 Κύριος
1106 5635 1139 5685 ό
1177 5630 1321 5698 Θεὸς
1356 5631 1541 5701 ὑμῶν.

723 5749 768 5781 “
796 5748 957 5802 Leuit.
992 5762 1148 5810 “ut.
1181 5746 1370 5802 59-55.

736 5846 847 5916 (35)
875 5848 1184 5917 Καύχημα.
1217 5843 1308 5902 Sic
1341 5844 1593 5901 Allatius.
1626 5840 1749 5899 Vat.
1776 5843 1949 5901 codex
1982 5851 2035 5901 et
2070 5841 2253 5903 Possim

2360 5882 2375 5912 ,
2408 5842 2621 5908 καλλος.
2655 5840 2948 5901 Cannis.
