4028 6318
570 429 666 489 ιθι

1517 431 1580 492 s.
1622 431 1956 490 usrnonu
1994 433 2308 495 EPISCOPl
2338 415 2431 494 ετ
2467 435 2830 494 IARTYBIS

3750 435 3862 492 192

633 547 887 608 EUBUL.
925 548 1155 608 Nullum
1185 559 1360 610 estuo
1378 550 1522 624 apud
1555 568 1665 620 me,
1719 568 1754 609 ο
1799 551 2137 626 Gregorium.

2328 557 2625 612 ΕΥΒΟΥΛ.
2663 557 2803 611 Δίαν
2832 553 3072 624 ἀγωνιῶ,
3101 547 3150 608 ὦ
3182 552 3502 626 Γρηγόριον,
3535 557 3655 609 κατ’
3683 555 3854 626 ἐμαυ-

562 651 827 714 reputans
856 659 1069 701 mecum
1099 645 1155 702 in
1184 654 1391 718 quanta
1424 648 1627 702 mentis
1651 646 1928 703 anxietate
1954 664 2051 718 per
2074 650 2153 704 is-

563 744 676 792 tam
712 751 1026 793 sermonum
1078 738 1254 794 vicem
1283 736 1558 793 Domnina
1584 746 1917 806 versaretur,
1940 740 2060 812 ipsa
2092 741 2150 798 in

561 830 881 899 praeordiis
907 829 1204 896 ﬂuctuans.
1241 847 1308 888 ac
1337 833 1463 902 jure
1488 841 1737 888 metuens
1772 848 1843 889 ne
1873 834 1978 890 sibi
2006 849 2149 909 aqua

562 920 817 985 haereret,
863 922 1225 994 jejuniusque
1277 925 1484 996 aliquid
1537 925 1765 996 reliquis
1819 926 2148 999 virginibus,

542 1030 688 1070 cum
723 1015 830 1071 ille
845 1023 1000 1073 tanta
1027 1005 1140 1088 jam
1167 1017 1360 1089 sicque
1381 1021 1532 1074 varia
1563 1030 1958 1091 occupassent,
2017 1039 2151 1095 per-

559 1121 766 1164 orarer.
799 1106 861 1164 Si
883 1124 1015 1181 ergo
1039 1125 1151 1167 non
1181 1111 1550 1167 dissimulavit
1589 1115 1759 1171 talem
1802 1116 1950 1173 hunc
1978 1118 2150 1174 animi

559 1197 648 1253 sui
682 1207 912 1266 motum,
947 1215 1057 1271 age
1080 1209 1135 1255 et
1187 1200 1337 1257 istud
1383 1219 1606 1274 quoque
1665 1207 1929 1279 transige.
1980 1207 2151 1262 Miror

557 1294 705 1346 enim
730 1292 787 1350 si
820 1292 954 1365 quid
978 1293 1235 1363 habuerit
1255 1294 1401 1367 quod
1433 1297 1664 1364 diceret,
1697 1300 1954 1356 ultimum
1983 1309 2150 1357 nacta

555 1381 800 1439 habendi
823 1385 1103 1442 sermonis
1128 1387 1332 1444 locum.

627 1471 838 1539 GREG.
859 1475 1159 1532 Turbatam
1182 1495 1317 1537 sane
1337 1482 1512 1552 ipsam
1536 1483 1801 1555 majorem
1821 1484 1877 1540 in
1899 1485 2148 1552 modum,

555 1582 591 1635 ο
613 1566 934 1636 Eubulium,
956 1571 1094 1627 dixit
1128 1575 1261 1629 mihi
1288 1574 1625 1647 Theopatra,
1659 1593 1771 1633 non
1830 1586 2018 1634 tamen
2069 1580 2152 1632 la-

555 1660 791 1733 borasse
816 1667 1041 1733 penuria
1071 1671 1490 1726 sermonumJu
1515 1687 1639 1728 eam
1665 1687 1818 1744 ergo,
1850 1679 2148 1744 postquam

555 1749 797 1824 Tysiana
828 1754 990 1811 linem
1020 1757 1170 1824 fecit,
1210 1760 1414 1830 injecto
1465 1761 1631 1817 Arete
1681 1761 1868 1826 oculo,
1919 1761 2034 1832 Age
2089 1768 2149 1816 tu

552 1857 797 1916 quoque,
835 1849 934 1913 ait,
991 1848 1126 1914 tilia,
1163 1866 1474 1906 sermonem
1508 1851 1698 1916 redde,
1744 1859 1804 1906 ut
1831 1852 2146 1907 convivium

2259 654 2360 723 τὴν
2389 651 2501 725 (48)
2535 649 2862 721 ἑννοουμένη
2887 687 2903 715 ,
2937 646 3109 719 ὁποίῳ
3161 646 3375 720 θορύϐῳ
3421 647 3514 701 νῦν
3556 645 3666 719 ἆρα
3699 649 3734 720 ἡ
3762 649 3863 701 Δο-

2263 746 2426 816 μνίνα
2480 740 2572 816 ἦν,
2626 741 3048 815 ταρασσομένης
3103 740 3242 811 αὐτῇ
3292 739 3392 809 τῆς
3449 740 3710 809 καρδίας,
3761 738 3859 793 καὶ

2258 835 2604 906 φοϐουμένης
2634 835 2710 907 μὴ
2745 834 3004 906 ἀπορήσῃ
3050 831 3260 901 λόγων,
3297 833 3391 886 καὶ
3431 830 3770 903 ἐνδεέστερόν
3801 849 3856 888 τι

2258 927 2368 982 τῶν
2397 927 2576 982 ἄλλων
2611 927 2901 1000 παρθένων
2957 926 3367 998 ἀποφθέγξηται
3389 967 3404 992 ,
3445 925 3717 979 τοσούτων
3754 926 3856 998 ἥδη

2259 1020 2535 1091 ῥηθέντων
2579 1021 2660 1085 εἰς
2691 1021 2753 1074 τὸ
2801 1020 3161 1094 προκείμενον
3194 1021 3289 1076 καὶ
3327 1018 3607 1076 ποικίλων.
3656 1018 3721 1071 Et
3763 1014 3856 1072 οὖν

2251 1109 2484 1179 λεῦὖηλος
2515 1111 2737 1182 ἐγένετο
2757 1112 3117 1183 κεκινημένη,
3142 1112 3276 1186 φέρε
3303 1113 3400 1166 καὶ
3429 1110 3589 1164 τοῦτο
3610 1111 3855 1183 περαιω-

2259 1221 2371 1258 σον.
2413 1204 2692 1276 Θαυμάζω
2719 1206 2828 1279 γάρ
2862 1204 2914 1258 εῐ
2944 1222 2998 1259 τι
3027 1204 3184 1276 ἔσχεν
3216 1206 3414 1268 εἰπεῖν,
3441 1202 3726 1258 τελευταῖα
3763 1220 3857 1259 κι-

2257 1297 2612 1370 κληρωμένη-

2325 1479 2368 1532 Γ
2371 1478 2617 1533 ΡΗῙὈΡ.
2659 1477 3005 1550 Τεταράχθαι
3054 1479 3155 1550 μὲν
3186 1479 3355 1552 αὐτὴν
3377 1520 3392 1544 ,
3430 1473 3477 1533 ὦ
3522 1479 3854 1549 Εὐϐοὐλιον,

2256 1575 2351 1628 καὶ
2380 1573 2606 1645 σφόδρα,
2624 1572 2731 1644 ἔφη
2765 1591 2855 1644 μοι
2885 1575 3253 1647 ήΘεοπάτρα·
3285 1575 3347 1628 οὺ
3384 1575 3492 1647 μὴν
3511 1574 3858 1648 ὴπορηκέναι

2256 1663 2450 1732 λόγων.
2487 1662 2644 1718 Μετὰ
2676 1663 2738 1715 τὸ
2772 1664 3088 1720 παύσασθαι
3117 1665 3217 1737 τὴν
3256 1666 3554 1738 Τυσιανὴν,
3583 1669 3616 1739 ὴ
3655 1669 3858 1740 ’Δρετὴ

2256 1755 2347 1809 τὸν
2375 1753 2654 1824 ὀφθαλμὸν
2695 1757 2779 1818 εἰς
2808 1756 2978 1827 αὐτὴν
3025 1757 3394 1822 ἐπιϐαλοῦσα,
3431 1759 3603 1832 Δεῦρο
3645 1758 3711 1830 δὴ
3759 1757 3862 1813 καὶ

2257 1845 2524 1919 θύγατερ,
2558 1847 2684 1919 ἔφη,
2728 1847 2821 1901 τὸν
2869 1848 3028 1917 λόγον
3071 1849 3291 1914 ἀπόδος,
3333 1850 3421 1903 ἵνα
3474 1849 3860 1921 πληρώσωμεν

552 1938 704 1993 omni
727 1953 792 1995 ex
831 1949 987 2010 parte
1012 1940 1316 2011 perfectum
1354 1943 1750 2013 compleamus.
1805 1942 1903 2000 liis
1952 1946 2137 2000 erube-

2249 1941 2443 2012 ἐντελῆ
2466 1941 2567 2014 τὴν
2601 1941 2856 2013 εὐωχίαν.
2883 1943 2992 2012 Τὴν
3017 1939 3109 1996 οὖν
3135 1943 3421 2013 Δομνίναν,
3446 1943 3861 2016 ὲρυθριάσασαν

555 2043 722 2084 scena
754 2027 1050 2094 Domnina,
1079 2033 1281 2103 vixque
1309 2042 1432 2104 post
1456 2035 1672 2108 longam
1707 2053 1916 2092 moram
1949 2039 2137 2092 oculos

2256 2033 2510 2098 ἐπιπολὺ,
2538 2033 2692 2104 μόλις
2720 2034 3034 2098 ἀνανεῦσαι,
3054 2036 3147 2088 καὶ
3177 2037 3258 2098 εἰς
3285 2034 3449 2106 εὐχὴν
3477 2034 3861 2098 ἐξαναστᾶσαν

550 2128 876 2193 vultumque
908 2124 1130 2189 tollens,
1165 2142 1582 2199 exsurgensqne
1629 2131 1697 2185 ad
1750 2115 2022 2186 orandum
2082 2144 2137 2184 se

2252 2128 2568 2199 τραπῆναι,
2627 2130 2721 2183 καὶ
2775 2129 2960 2182 καλεῖν
2995 2130 3094 2200 τὴν
3150 2130 3354 2198 Σοφίαν
3402 2129 3751 2201 παραστῆναι
3804 2130 3858 2183 οι

550 2212 742 2276 vertit.
773 2228 838 2269 ac
872 2212 1168 2285 Sapientiae
1219 2234 1462 2290 prmscus
1517 2223 1785 2276 auxilium
1837 2221 2137 2292 imploran-

2252 2219 2468 2291 βοηθόν.
2527 2220 2816 2294 Εὐξαμένῃ
2860 2221 2918 2275 δὲ
2970 2223 3131 2293 αὐτῇ,
3180 2221 3381 2294 θάρσος
3431 2223 3596 2292 φησὶν
3645 2218 3860 2284 εὐθέως

545 2299 702 2357 dum.
737 2301 857 2370 Qua
886 2306 1137 2361 oratione
1174 2310 1493 2378 perfuncta,
1530 2313 1702 2368 visam
1737 2315 1921 2369 aiebat
1957 2317 2137 2369 subito

2251 2313 2565 2381 ἐγγίνεσθαι
2588 2353 2602 2375 .
2632 2314 2728 2367 καί
2759 2331 2844 2380 τις
2867 2313 3040 2387 αὐτὴν
3073 2313 3191 2368 Θεία
3236 2315 3496 2386 ἀνακωχὴ
3537 2311 3816 2368 κατέλαϐε
3837 2351 3855 2377 ,

549 2411 746 2452 novam
796 2409 1038 2455 creatam
1095 2404 1408 2469 audaciam,
1459 2413 1515 2461 et
1569 2405 1811 2462 divinam
1845 2407 2143 2479 quamdam

545 2487 814 2548 incidisse
838 2488 1130 2562 ﬁduciam;
1167 2509 1340 2564 eaque
1371 2493 1568 2548 fretam
1595 2495 1830 2551 dixisse.

1015 2731 1678 2829 OBATWO'X.

1170 2880 1506 2938 υοιιΝιΝΑ.

2250 2406 2343 2460 καὶ
2376 2407 2504 2479 ἔφη.

2779 2740 3147 2827 ΛΟΓΟΣ
3224 2743 3288 2826 Ι.

2869 2887 3206 2940 ΔΟΜΝΙΝΑ.

1093 3003 1226 3059 Car.
1257 3002 1300 3060 l.
1335 3005 1465 3060 Sola
1493 3004 1659 3075 efﬁcit
1683 3023 1746 3062 ac
1769 3018 1994 3077 prastat
2023 3007 2270 3076 castitas,
2304 3019 2363 3064 ut
2385 3010 2570 3063 anima
2601 3005 2973 3062 laudatissima
2999 3008 3340 3078 gubernetur.

616 3114 868 3185 OArete,
902 3122 1126 3179 omissis
1157 3135 1212 3180 et
1250 3141 1352 3195 ego
1385 3127 1741 3184 exordiorum
1777 3130 2126 3202 ambagibus,

2309 3127 2382 3184 Ὦ
2426 3129 2655 3204 Ἀρετὴ,
2690 3128 2880 3198 κάγὼ,
2910 3126 3296 3202 παραλεξᾲασα
3337 3123 3437 3189 τὰς
3473 3123 3851 3198 μακρολογιας

544 3212 800 3280 protinus
830 3227 944 3268 rem
980 3214 1154 3284 ipsam
1192 3216 1414 3286 aggredi
1461 3219 1710 3273 conabor
1746 3233 1845 3287 pro
1895 3221 2133 3284 viribus,

2248 3223 2353 3277 τῶν
2391 3222 2888 3295 προεξηγημάτων,
2925 3223 3005 3284 εἰς
3039 3219 3180 3272 αὐτὰ
3208 3218 3279 3271 τά
3327 3216 3667 3298 προκείμενα
3693 3215 3850 3272 κατὰ

545 3318 615 3358 ne
639 3303 709 3360 iis
738 3305 1084 3361 immorando
1102 3323 1223 3377 qua:
1242 3317 1397 3361 extra
1417 3324 1530 3363 rem
1556 3318 1706 3376 sunt,
1739 3312 1955 3380 longius
1973 3327 2138 3381 quam

546 3409 649 3465 pro
695 3411 885 3451 earum
943 3398 1156 3452 ratione
1201 3413 1263 3451 ac
1307 3416 1446 3469 pene
1492 3401 1772 3470 superﬂue
1828 3405 2138 3458 orationem

545 3487 783 3541 traham.
826 3487 1066 3545 Numero
1117 3493 1265 3545 enim
1307 3493 1358 3545 in
1417 3510 1613 3562 magna
1646 3495 1954 3564 prudentim
1982 3504 2140 3566 parte

545 3594 657 3635 non
688 3580 973 3653 indulgere
997 3584 1181 3639 verbis
1223 3586 1461 3639 inaniter
1510 3602 1674 3641 aures
1733 3589 2132 3653 mulcentibus,

545 3672 888 3746 diffundique
933 3675 1193 3743 dicendo,
1255 3687 1548 3750 antequam
1601 3681 1668 3734 ad
1729 3693 1898 3752 caput
1955 3683 2135 3753 ipsum

546 3770 759 3837 quaesiti
787 3773 1075 3836 veniatur;
1119 3771 1216 3827 sed
1244 3788 1310 3826 ex
1345 3773 1467 3842 ipso
1497 3775 1682 3828 statim
1718 3787 1927 3844 puncto
1983 3793 2137 3846 qure-

545 3862 748 3919 stionis
778 3865 1042 3938 incipere.
1073 3865 1212 3922 llinc
1255 3867 1422 3936 igitur
1459 3869 1649 3924 ordior
1683 3889 1697 3924 :
1737 3880 1954 3942 tempus
1991 3875 2136 3928 enim

542 3962 650 4011 est.

614 4047 761 4103 Nihil
791 4057 901 4104 tam
933 4052 1196 4120 prodesse
1233 4052 1441 4106 homini
1474 4053 1538 4107 ad
1575 4053 1916 4111 honestatem
1944 4073 2006 4112 ac
2027 4059 2139 4113 vir-

545 4142 679 4196 tutis
709 4141 936 4205 bonum,
967 4158 1002 4197 o
1027 4144 1271 4200 illustres
1301 4146 1559 4215 virgines,
1588 4150 1788 4220 poterit
1819 4168 1985 4221 quam
2043 4168 2136 4208 ca-

541 4235 727 4290 stitas.
769 4234 838 4289 Ut
868 4238 1015 4292 enim
1048 4254 1262 4293 summa
1318 4241 1610 4295 honestate
1662 4256 1726 4295 ac
1754 4243 2137 4299 laudatissime

542 4328 882 4399 gubernetur
914 4332 1114 4396 anima,
1148 4341 1317 4402 utque
1346 4351 1377 4388 a
1411 4337 1570 4390 malis
1601 4344 1655 4391 et
1696 4336 2135 4406 inquinamentis

541 4435 678 4491 pura
713 4423 917 4476 mundo
953 4426 1199 4480 solvatur
1228 4443 1292 4481 ac
1318 4428 1650 4490 dimittatur,
1686 4430 1802 4484 sola
1833 4432 1947 4483 haec
1972 4429 2138 4483 eilicit

540 4527 606 4567 ac
636 4522 879 4584 praestat.
909 4515 986 4570 Ex
1015 4533 1126 4586 quo
1155 4518 1426 4589 siquidem
1472 4521 1728 4577 Christus
1753 4537 1873 4577 eam
1901 4537 2000 4577 nos
2033 4539 2100 4576 co
2120 4553 2132 4562 -

2245 3317 2478 3387 δύναμιν
2517 3317 2692 3368 εἰπεῖν
2739 3313 3111 3386 πειράσομαιο
3147 3313 3234 3369 ἵνα
3264 3310 3328 3382 δὴ
3367 3309 3462 3382 μὴ,
3488 3309 3567 3382 τῷ
3600 3310 3850 3384 μηκύνεο

2248 3409 2371 3462 σθαι
2402 3409 2472 3461 τὰ
2506 3410 2778 3481 πάρεργα,
2816 3408 3039 3460 πλείονα
3061 3406 3254 3480 χρόνον
3283 3399 3357 3459 ὧν
3392 3405 3556 3459 ἕνεκα
3585 3405 3850 3474 λέγονται

2247 3499 2535 3572 παράσχω.
2572 3500 2842 3572 ἸΙ-ίοῦμαι
2875 3499 2984 3570 γάρ
3017 3499 3274 3570 μέγιστον
3311 3497 3477 3568 μέρος
3521 3498 3849 3569 φρονήσεως

2245 3589 2383 3647 εἶναι
2417 3594 2478 3646 τὸ
2513 3594 2588 3665 μὴ
2645 3594 2894 3666 μακροὺς
2925 3595 2988 3645 ὲκ
3025 3592 3288 3663 περιόδων
3319 3591 3424 3662 πρὸ
3473 3591 3579 3644 τῶν
3621 3592 3849 3663 ἐρωτη-

2243 3686 2443 3741 θέντων
2497 3686 2762 3740 ποιεῖσϐαι
2798 3688 2924 3750 τοὺς
2967 3685 3180 3754 λόγους,
3215 3684 3516 3756 κηλοῦντας
3560 3685 3629 3738 τά
3681 3678 3842 3738 ὧταο

2241 3781 2356 3835 ἀλλ’
2388 3781 2614 3834 αὐτόθεν
2645 3780 2864 3844 ¹εὐθέως
2901 3781 3031 3850 περὶ
3065 3780 3185 3832 ὅτου
3217 3778 3274 3832 τὸ
3310 3776 3645 3849 ἐπερώτημα
3683 3777 3848 3831 ἐστιν

2242 3857 2526 3947 ἄρχεεῖθαι.
2562 3853 2654 3928 Διὸ
2683 3873 2894 3927 ἐνθένδε
2925 3873 3108 3942 κάγώ’
3145 3855 3345 3943 καιρὸς⁸
3364 3871 3494 3942 γάρ.

2313 4053 2481 4107 Οὐδὲν
2513 4051 2685 4113 οὕτως
2723 4050 2917 4118 ὀνῆσαι
2943 4048 3230 4119 δυνήσεται
3265 4049 3402 4119 πρὶς
3447 4047 3509 4100 τὸ
3549 4047 3711 4102 καλὸν
3741 4047 3843 4104 τὸν

2241 4148 2564 4216 ἄνθρωπον,
2607 4139 2652 4198 ὦ
2710 4143 3167 4215 καλλιπάρθενοι,
3215 4145 3290 4207 ὡς
3337 4143 3546 4213 ἁγνεία.
3600 4144 3672 4198 Τὸ
3721 4145 3843 4218 γάρ

2241 4236 2502 4290 κάλλιστα
2537 4235 2632 4288 καὶ
2663 4233 2862 4305 ἄριστα
2890 4233 3378 4307 διακυϐερνηθῆναι
3402 4233 3496 4305 τὴν
3516 4235 3716 4307 ψυχὴν,
3737 4236 3842 4290 καὶ

2241 4328 2471 4398 κηλίδων
2526 4327 2620 4381 καὶ
2678 4327 3002 4398 μιασμάτων
3040 4326 3290 4398 καθαρὰν
3339 4326 3675 4398 ἀπολυθῆναι
3732 4327 3840 4380 τοῦ

2239 4423 2476 4492 κόσμου,
2533 4422 2668 4492 μόνη
2721 4423 2867 4473 ποιεῖ
2912 4420 3072 4473 τοῦτο
3123 4421 3216 4475 καὶ
3273 4418 3569 4492 ἐργάζεται
3613 4418 3834 4486 ἁγνεία.

2253 4513 2368 4582 ,Αφς
2397 4507 2458 4565 οὗ
2490 4513 2600 4584 γὰρ
2620 4515 2647 4565 ὁ
2679 4513 2915 4584 Χριστὸς
2945 4512 3224 4566 ἐδίδασκεν
3253 4511 3423 4581 αὐτὴν
3447 4513 3634 4563 ἀσκεῖν
3657 4512 3839 4580 ἡμᾶς,

542 4601 654 4658 lere
687 4605 893 4668 docuit,
918 4608 1548 4684 excellentissimamque
1578 4615 1728 4669 illius
1755 4613 2128 4683 pulchritudi-

2248 4606 2334 4659 και¹
2368 4607 2638 4675 ἐμήνυσεν
2681 4607 2812 4676 ἡμῖν
2847 4606 2906 4658 τὸ
2955 4603 3364 4675 ἀνυπέρϐλητον
3395 4602 3591 4665 κάλλος
3634 4602 3835 4674 αὐτῆς,

539 4713 664 4752 nem
711 4697 946 4768 aperuit,
995 4714 1224 4773 regnum
1252 4704 1457 4759 diaboli
1490 4707 1832 4763 destructum
1861 4715 1966 4768 est,
2000 4721 2128 4760 cum

540 4789 694 4860 prius
728 4794 1044 4848 universum
1091 4794 1376 4851 boniinum
1412 4815 1586 4870 genus
1617 4802 1895 4871 captivum
1941 4800 2130 4852 trahe-

612 4926 726 5004 (οδ)
748 4929 884 4982 Κατ’
907 4928 1192 4997 ἐμαυτήν.
1219 4929 1360 4986 Hinc
1391 4932 1562 5004 liquet
1588 4933 1877 4987 Euholium
1903 4936 2132 5004 perinde

540 4999 756 5074 {culinae
791 5015 1080 5074 personam
1132 5016 1254 5056 esse
1295 5019 1358 5055 ac
1412 4999 1732 5074 Gregorium
1770 5025 1782 5058 :
1836 4999 1937 5059 nec
1974 5015 2128 5059 tanta

539 5070 775 5143 puellam
805 5071 947 5137 apud
967 5073 1150 5143 rvirum
1177 5074 1474 5143 deponere,
1511 5070 1773 5128 decorum
1803 5077 1981 5130 visum
2021 5077 2132 5131 Me-

537 5141 728 5215 thodio
759 5143 850 5194 cui
878 5141 1261 5215 iuSymposio'
1284 5145 1579 5215 virginum.
1609 5162 1911 5214 earumque
1943 5148 2132 5201 habito

538 5212 824 5286 relatoque
864 5212 1159 5286 colloquio,
1213 5212 1409 5286 magna
1462 5217 1687 5286 pudoris
1721 5228 1772 5272 et
1817 5212 2127 5276 honestatis

539 5297 705 5336 sexus
739 5281 984 5336 habenda
1011 5281 1113 5339 fuit
1147 5281 1626 5343 ratiofCoust-zris.

613 5352 723 5420 (49)
759 5351 856 5420 Μὴ
909 5352 1028 5407 τῶν
1072 5356 1484 5425 παλαιοτέρων
1534 5358 1685 5410 τινά.
1727 5356 1868 5411 Dura
1906 5360 2020 5413 hmc
2073 5369 2132 5414 ut

538 5430 761 5485 sonant,
795 5438 897 5495 nec
932 5425 1196 5495 Apostolo
1233 5435 1327 5480 aut
1379 5429 1501 5481 tidei
1532 5443 1774 5482 consona
1808 5471 1821 5491 ,
1854 5432 2127 5484 neminem

541 5504 788 5548 veterum
848 5493 1307 5566 Deo‘placnisse.
1365 5498 1527 5553 Certe
1567 5502 1894 5569 placuerunt
1949 5501 2126 5564 mulli,

542 5578 851 5639 magnaque
878 5569 1167 5622 sanctitate
1214 5569 1555 5631 claruerunt,
1597 5580 1655 5623 ut
1680 5580 1734 5625 et
1769 5573 1875 5631 his,
1903 5571 1994 5639 qui
2026 5573 2129 5626 sub

542 5636 718 5709 gratia
743 5637 951 5709 vivunt,
981 5640 1232 5709 exemplo
1254 5655 1378 5694 esse
1412 5642 1622 5709 possint
1647 5662 1658 5694 :
1690 5643 1764 5693 uti
1799 5636 1960 5696 etiam
1988 5641 2130 5694 Pau-

543 5707 896 5780 lus_exemplo
915 5707 1186 5780 producit,
1207 5727 1347 5780 quos
1370 5707 1552 5765 tantos
1583 5723 1832 5765 numerat
1860 5713 1925 5764 ad
1961 5713 2121 5766 llebr.

547 5773 893 5852 I.Glossenia
915 5773 1179 5842 Possinii,
1216 5773 1356 5852 omni
1402 5797 1466 5834 ex
1497 5796 1687 5851 parte:
1735 5785 1881 5837 velut
1909 5783 2129 5852 placue-

542 5848 655 5900 rint
681 5849 914 5922 7quidem
951 5865 1014 5903 ac
1037 5852 1170 5918 justi
1206 5851 1427 5909 fuerint.
1469 5848 1561 5908 sed
1599 5869 1706 5907 non
1753 5848 1983 5922 prorsus
2015 5856 2129 5922 pla-

541 5921 779 5986 cuerint,
805 5936 865 5974 ac
905 5926 1102 5992 partim
1131 5922 1288 5993 justi,
1321 5923 1522 5992 partim
1577 5921 1893 5994 peccatores
1927 5921 2128 5981 iuerint

2235 4700 2269 4769 ὴ
2299 4698 2544 4767 βασιλεία
2603 4698 2696 4751 τοῦ
2752 4697 2992 4769 πονηροῦ
3045 4695 3325 4767 καθῃρέθη
3351 4733 3366 4758 ,
3424 4694 3688 4766 πρότερον
3740 4695 3838 4749 ἀεὶ

2237 4789 2444 4852 πάντας
2469 4789 2962 4860 αἰχμαλωτίζοντος
2991 4789 3086 4841 καὶ
3107 4785 3486 4857 δουλουμένου·
3511 4786 3585 4850 ὼς
3612 4786 3688 4857 μὴ
3707 4785 3830 4858 (49)

2233 4928 2457 4990 et'maii,
2491 4944 2592 4982 nos
2638 4945 2693 4982 In
2742 4929 2858 4996 lege
2891 4928 3082 4996 gratim
3141 4942 3249 4998 non
3287 4928 3463 4982 simus
3497 4945 3516 4998 ἓ
3577 4929 3828 4998 antiquis

2235 5001 2444 5053 sanctis
2479 5001 2739 5066 iujurium
2766 5008 2872 5056 est.
2907 4999 3152 5065 nihilque
3199 4996 3639 5052 accommodum.
3673 4996 3830 5056 Nus-

2235 5086 2398 5137 quam
2428 5073 2510 5125 vel
2537 5073 2644 5123 illis
2673 5071 2753 5122 vel
2783 5070 2942 5121 nobis
2971 5069 3287 5127 defuerunt.
3309 5071 3513 5138 quibus
3530 5086 3636 5123 non
3670 5075 3829 5128 omni

2234 5156 2299 5194 ex
2334 5150 2486 5209 parte
2519 5140 2744 5210 perfecti
2781 5155 2973 5192 sumus
2999 5183 3014 5204 ,
3048 5141 3290 5208 quandiu
3323 5142 3492 5193 vitam
3532 5143 3828 5198 mortalem

2234 5213 2466 5266 vivimus
2497 5233 2508 5266 :
2540 5214 2730 5280 sicque
2760 5226 2860 5263 nec
2890 5210 3127 5264 dilectus
3161 5211 3468 5278 discipulus
3494 5213 3820 5280 placuisset,

2233 5284 2325 5350 qui
2360 5299 2419 5337 se
2448 5285 2562 5352 ipse
2589 5299 2652 5336 ac
2683 5281 2923 5352 reliquos
2959 5281 3143 5337 lidelcs
3193 5283 3442 5350 agnoscit
3469 5325 3482 5346 ,
3525 5298 3632 5335 non
3663 5285 3821 5338 omni

2233 5369 2298 5407 ex
2333 5351 2486 5423 parte
2505 5355 2736 5420 justum.
2775 5351 2869 5405 sed
2897 5361 3178 5421 peccatum
3237 5353 3437 5405 habere
3463 5372 3478 5414 ;
3507 5368 3570 5406 ac
3601 5353 3694 5421 qui
3723 5369 3824 5407 ne-

2233 5426 2461 5492 gaverit,
2497 5423 2852 5494 quantumvis
2882 5425 3187 5494 apostolus,
3216 5431 3269 5476 et
3309 5423 3361 5474 in
3397 5426 3660 5494 apostolis
3683 5439 3830 5492 prm-

2233 5497 2490 5558 dilectus,
2529 5499 2706 5563 ipsum
2741 5507 2801 5547 se
2835 5496 3121 5554 seducere,
3145 5501 3199 5547 et
3221 5495 3501 5548 veritatem
3529 5497 3582 5548 in
3617 5510 3685 5548 eo
3706 5510 3824 5548 non

2233 5581 2356 5620 esse
2403 5568 2569 5620 sentit
2601 5564 2653 5631 (I
2680 5563 2840 5618 Joan.
2878 5583 2913 5630 ι,
2952 5566 3028 5634 8).
3062 5563 3344 5618 Neminem
3393 5580 3521 5631 ergo
3542 5564 3825 5634 placuisse

2232 5639 2430 5690 dixerit
2483 5637 2791 5690 Methodius
2865 5637 3164 5705 Scriptura:
3217 5635 3425 5702 phrasi,
3476 5636 3623 5704 quod
3657 5636 3824 5704 pauci

2236 5711 2565 5777 placuerint,
2599 5709 2856 5776 quodque
2886 5710 2920 5760 ii
2947 5710 3049 5775 ipsi
3069 5705 3166 5830 qui
3196 5707 3544 5775 placuerunt.
3589 5720 3718 5786 non.
3749 5721 3823 5762 ex

2236 5781 2369 5830 leuis
2401 5779 2598 5830 merito
2629 5779 2972 5830 placuerunt.
3007 5793 3066 5830 se
3127 5793 3190 5829 cx
3243 5777 3446 5830 Christi
3475 5778 3672 5830 gratia.
3707 5790 3822 5830 tam

2236 5781 2369 5847 legis
2401 5779 2598 5854 merito
2627 5779 2972 5848 placuerunt.
2995 5777 3103 5854 sed
3127 5793 3190 5829 cx
3243 5777 3446 5832 Christi
3475 5778 3672 5854 gratia.
3699 5777 3822 5843 jam

2232 5860 2348 5903 tum
2374 5867 2440 5904 ex
2473 5851 2576 5905 lide
2605 5857 2885 5918 operante,
2919 5850 3005 5903 cui
3031 5857 3212 5902 tantas
3242 5856 3556 5902 sanctorum
3581 5850 3826 5905 virtutes

2234 5939 2297 5978 ac
2331 5919 2577 5978 facinora
2613 5921 2841 5977 ascribit
2878 5919 3083 5975 Paulus
3111 5920 3316 5974 relatus
3348 5919 3414 5973 ad
3446 5918 3728 5980 Hebraeos,
3761 5929 3822 5976 et
