4028 6318
591 399 696 456 195

1576 386 1634 445 S.
1676 381 2012 443 METIIODII
2045 378 2355 436 EPISCOPI
2396 376 2485 433 ET
2524 374 2888 433 MARTYRIS

3753 371 3862 429 196

588 531 736 573 enim
764 515 1110 569 lucernarum
1154 510 1380 567 luminis
1411 516 1517 571 est.
1552 507 1604 561 id
1634 522 1765 562 vero
1805 505 2025 560 trrorati
2058 502 2164 558 olei

2282 514 2377 566 ator.
2415 496 2471 550 δὲ
2513 513 2733 559 παντως
2763 495 2858 548 καὶ
2904 495 2953 548 οἱ
3000 493 3092 548 τοῦ
3131 492 3269 547 Θεοῦ
3301 491 3572 565 οἰκτιρμοί
3603 489 3862 551 θανάτου,

589 607 795 681 pabulo
847 603 1176 661 concrescit.
1228 604 1322 657 Dei
1371 615 1592 670 quoque
1651 614 1880 669 prorsus
1938 598 2164 650 misera-

591 701 772 756 tiones
805 706 1032 753 mortem
1077 706 1132 752 et
1163 705 1386 766 peccata
1435 692 1765 751 dissolvunt,
1816 690 2167 758 humanoque

590 791 777 863 generi
801 790 1042 860 proclive
1074 788 1441 860 opitulantur,
1492 799 1559 838 ac
1613 783 1870 837 alimenta
1923 780 2166 850 praebent

591 885 698 939 luci
745 883 950 938 cordis.
1007 882 1108 946 Ac,
1159 895 1366 950 quaeso.
1402 877 1750 934 considerate
1785 891 1914 930 num
1947 875 2092 943 leges
2135 887 2165 925 a

590 970 768 1040 primo
790 971 1009 1025 homine
1033 969 1256 1024 condito
1290 968 1356 1021 ad
1388 967 1669 1022 Christum
1707 966 1966 1034 deinceps
2016 962 2168 1038 Scri-

592 1071 754 1133 ptura
775 1063 885 1117 illis
901 1063 1087 1117 verbis
1117 1059 1426 1132 signiﬁcare
1448 1058 1705 1120 voluerit,
1739 1057 1942 1128 quibus
1976 1054 2166 1108 diabo-

592 1157 680 1211 lus
709 1156 1006 1210 contrariis
1039 1153 1311 1225 ﬁgmentis
1353 1152 1650 1205 humanum
1701 1164 1873 1221 genus
1928 1147 2163 1203 seduxit.

590 1249 670 1302 Ac
699 1246 891 1302 Ficum
934 1246 1151 1316 quidem
1206 1251 1476 1314 praecepto
1527 1240 1887 1312 comparavit,
1935 1241 2081 1312 quod
2111 1241 2167 1293 in

591 1339 850 1412 paradiso
881 1338 1066 1392 datum
1098 1347 1180 1392 est
1213 1336 1439 1397 homini,
1472 1336 1618 1403 quod
1667 1334 1715 1388 is
1743 1335 2025 1393 seductus,
2065 1348 2170 1384 nu-

589 1431 819 1486 ditatem
853 1429 987 1484 ﬁcus
1033 1427 1177 1483 foliis
1204 1428 1446 1482 contexit
1475 1428 1544 1481 ὀ.
1594 1425 1769 1480 Vitem
1794 1434 1976 1480 autem
2009 1424 2075 1478 ad
2113 1423 2167 1476 id

590 1522 803 1585 retulit,
837 1518 981 1590 quod
1025 1519 1214 1572 diluvii
1247 1525 1489 1587 tempore
1540 1516 1655 1571 Noe
1711 1515 1899 1568 datum
1951 1522 2055 1577 est,
2103 1529 2170 1567 eo

591 1611 738 1682 quod
771 1611 861 1664 ille
893 1611 1020 1662 vino
1048 1609 1282 1678 sopitus,
1311 1608 1510 1662 irrisus
1550 1611 1635 1658 est
1678 1604 1746 1656 ⁹¹.
1781 1603 1934 1656 Oliva
1970 1601 2172 1656 Mosai-

593 1717 714 1758 cam
741 1702 909 1771 legem
946 1699 1238 1771 signiﬁcat,
1271 1699 1454 1752 datam
1477 1698 1532 1752 in
1559 1695 1802 1762 deserto;
1853 1695 1998 1765 quod
2028 1695 2173 1749 vidc-

592 1794 721 1850 licet
770 1793 1090 1863 prepbetica
1151 1791 1348 1862 gratia,
1409 1799 1659 1846 sanctum
1723 1791 1913 1860 utique
1963 1789 2166 1852 oleum,

2274 587 2368 640 καὶ
2408 588 2616 658 ἀρωγοὶ
2649 589 2748 656 τῆς
2781 586 3221 658 ἀνθρωπότητος,
3259 586 3352 638 καὶ
3379 583 3472 636 τοῦ
3507 582 3605 653 τῆς
3633 581 3863 653 καρδίας

2274 679 2452 748 φωτὸς
2481 678 2783 749 θρεπτικοί.
2823 677 2931 731 Καὶ
2976 676 3346 746 ἐπισκέψασθε
3383 676 3591 748 μήποτε
3623 673 3723 736 τὰς
3752 671 3865 728 ἀπὸ

2273 770 2368 824 τοῦ
2416 771 2843 844 πρωτοπλάστου
2902 769 3062 840 μέχρι
3114 768 3209 822 τοῦ
3259 766 3495 841 Χριστοῦ
3544 766 3778 836 καθεξῆς
3829 767 3863 836 ἡ

2274 860 2466 934 Γραφῇ
2497 859 2819 930 νομοθεσίας
2873 858 3056 929 δηλοῖ,
3089 851 3164 911 ὧν
3209 859 3238 909 ὁ
3282 856 3526 920 διάϐολος
3575 854 3865 926 άντίμιμος

2275 953 2587 1025 ἐξηπάτησε
2622 952 2901 1023 πλάσμασι
2921 952 2983 1004 τὸ
3001 951 3109 1004 τῶν
3126 951 3428 1024 ἀνθρώπων
3445 952 3619 1020 γένος’
3639 949 3738 1021 τὴν
3762 949 3863 1021 μὲν

2275 1048 2453 1118 Συκῆν
2487 1045 2865 1110 ἁπεικάζουσα
2895 1047 2960 1114 τῇ
2987 1043 3132 1098 κατὰ
3159 1044 3249 1096 τὸν
3284 1042 3608 1114 παράδεισον
3648 1040 3867 1115 δοθείσῃ

2272 1139 2351 1209 τῷ
2378 1137 2651 1209 ἀνθρώπῳ
2672 1137 2886 1207 ἐντολῇ·
2921 1137 3109 1207 ἐπειδὴ
3131 1136 3228 1207 τὴν
3258 1135 3538 1206 γύμνωσιν
3565 1133 3867 1204 ἀπατηθεὶς

2273 1227 2431 1294 οὗτος
2476 1232 2729 1294 πετάλοις
2769 1230 3084 1284 ἀπεκάλυώε
3119 1230 3308 1297 συκῆς.
3345 1227 3455 1298 Τὴν
3484 1227 3544 1280 δὲ
3568 1226 3866 1298 Ἄμπελον,

2275 1327 2341 1394 τῇ
2369 1323 2460 1375 ἐπὶ
2489 1323 2582 1375 τοῦ
2614 1320 3011 1404 κατακλυσμοῦὶ
3027 1320 3105 1390 τῷ
3132 1320 3276 1381 Νῶε,
3305 1320 3392 1372 διὰ
3420 1319 3481 1372 τὸ
3512 1318 3640 1389 οἴνῳ
3672 1335 3866 1388 κοιμη-

2275 1415 2471 1479 θέντα,
2517 1415 2896 1485 χλευασθῆναι.
2935 1415 3044 1485 Τὴν
3089 1413 3145 1467 δὲ
3188 1413 3441 1476 Ἐλαίαν,
3485 1417 3552 1484 τῇ
3594 1411 3737 1466 κατὰ
3769 1410 3869 1483 τὴν

2276 1507 2482 1578 ἔρημον
2515 1506 2592 1577 τῷ
2623 1508 2873 1560 Μωῦσεῖ·
2915 1506 3098 1578 ἐπειδὴ
3125 1507 3184 1560 τὸ
3214 1507 3462 1577 χάρισμα
3488 1506 3550 1559 τὸ
3594 1522 3868 1578 προφητι-

2277 1601 2395 1663 κὸν,
2420 1599 2596 1652 ἔλαιον
2625 1599 2688 1662 τὸ
2721 1599 2896 1667 ἅγιον,
2923 1601 3096 1668 ἁνομη
3107 1598 3314 1652 σάντων
3341 1599 3541 1656 αὐτῶν,
3563 1597 3871 1651 salsicf-ms

2276 1691 2377 1761 τῆς
2408 1691 2793 1761 κληρονομίας·
2831 1690 2942 1761 Τὴν
2970 1689 3025 1742 δὲ
3080 1691 3346 1760 Ῥάμνονν
3489 1691 3582 1742 ἐπὶ
3623 1689 3873 1762 σωτηρίᾳ

2275 1781 2371 1834 τοῦ
2413 1782 2619 1851 κόσμου
2657 1783 2771 1844 τοῖς
2817 1781 3165 1844 ἀποστόλοις·
3205 1781 3392 1852 ἐπειδὴ
3425 1781 3533 1854 γὰρ
3578 1782 3647 1835 δι’
3684 1781 3874 1836 αὐτῶν

593 1885 860 1956 improbis
914 1886 1135 1939 illorum
1184 1883 1397 1938 actibus
1455 1884 1524 1937 ab
1573 1882 1896 1939 hatreditate
1935 1882 2011 1952 (id
2041 1890 2120 1935 est
2150 1897 2173 1934 α

2287 1873 2646 1945 ἐδιδάχθημεν
2698 1872 2956 1942 ἁγνείαν,
3004 1869 3071 1944 ἦς
3121 1873 3395 1943 ἀπατηλὸν
3447 1875 3615 1944 μόνης
3648 1873 3874 1929 εῐδωλσν

590 1976 821 2046 Judwis)
873 1975 1155 2034 defecerit.
1209 1972 1456 2046 Denique
1511 1975 1801 2029 rhamnum
1848 1991 1958 2029 non
1989 1977 2171 2043 inepte

591 2077 763 2134 refert
816 2077 884 2131 ad
935 2093 1055 2132 eam
1108 2079 1276 2148 legem
1313 2093 1431 2148 quae
1482 2078 1747 2147 apostolis
1793 2077 1917 2132 data
1966 2085 2051 2133 est
2101 2077 2169 2133 ad

593 2179 782 2233 mundi
847 2165 1101 2242 salutem,
1153 2181 1282 2250 quia
1347 2196 1444 2250 per
1493 2180 1711 2234 illorum
1767 2180 2168 2235 institutionem

593 2269 959 2339 virginitatem
983 2269 1296 2335 didicimus,
1324 2272 1484 2339 cujus
1518 2272 1684 2324 unius
1715 2270 1880 2323 inane
1909 2284 1974 2322 ac
2001 2269 2169 2323 fallax

592 2362 946 2416 simulacrum
981 2362 1233 2417 diabolus
1251 2371 1464 2416 struere
1483 2362 1750 2432 nequivit.
1778 2359 1986 2416 Idcirco
2007 2360 2170 2416 etiam

593 2464 830 2525 quatuor
859 2454 1061 2508 tradita
1097 2462 1225 2509 sunt
1259 2454 1573 2524 Evangelia,
1612 2452 1760 2522 quod
1805 2452 1949 2508 Deus
1976 2462 2172 2523 quater

592 2546 835 2601 humano
863 2547 1047 2616 generi
1080 2546 1289 2601 faustas
1313 2547 1435 2601 illas
1459 2547 1905 2602 annuntiationes
1937 2549 2170 2613 miserit,

593 2665 659 2705 ac
682 2649 965 2720 quaternis
997 2651 1356 2721 promulgatis
1383 2651 1593 2720 legibus
1625 2651 1804 2720 ipsum
1829 2651 2128 2706 instituerit
2156 2671 2168 2705 :

593 2758 828 2812 quarum
865 2750 1108 2811 tempora
1139 2758 1205 2796 ex
1235 2743 1510 2797 fructuum
1543 2743 1863 2798 diversitate
1891 2744 2175 2812 perspicue

597 2850 920 2899 noscuntur.
945 2843 1079 2897 Nam
1123 2843 1274 2907 ﬁcus,
1307 2846 1450 2913 quod
1495 2846 1622 2901 mite
1677 2862 1741 2900 ac
1784 2847 1942 2900 dulce
1970 2845 2174 2900 formo-

600 2961 830 3017 sumque
869 2962 1092 3014 pomum
1141 2957 1243 3015 est,
1280 2947 1504 3002 delicias
1535 2949 1775 3018 paradisi
1811 2949 2045 3017 vitaeque
2076 2963 2174 3002 vo-

597 3050 846 3122 luptariae
879 3057 1255 3119 repraesentat,
1303 3050 1356 3102 in
1414 3066 1520 3119 qua
1578 3050 1741 3102 homo
1793 3059 1920 3104 ante
1963 3050 2173 3118 lapsum

598 3140 721 3196 fuit.
743 3139 885 3195 Sane
914 3157 1020 3195 non
1043 3157 1190 3204 raro,
1219 3149 1278 3193 ut
1307 3149 1494 3209 postea
1527 3141 2029 3197 demonstrabimus
2048 3184 2061 3207 ,
2107 3143 2174 3196 ﬁ-

2275 1967 2376 2019 οὐκ
2412 1968 2631 2036 ῐσχυσεν
2660 1969 2688 2021 ὁ
2719 1966 2965 2030 διάϐολος
3000 1963 3284 2019 σκευάσαι.
3313 1966 3412 2019 Διὰ
3444 1966 3602 2020 τοῦτο
3635 1969 3730 2020 καὶ
3760 1968 3873 2022 Εὐ-

2273 2058 2506 2126 αγγέλια
2541 2058 2653 2130 (50)
2683 2059 2922 2131 τέσσαρα
2950 2059 3334 2131 παραδέδοται,
3357 2061 3611 2129 τετράκις
3636 2061 3877 2129 εύςιγγε⁶

2273 2151 2568 2224 λισαμένου
2591 2152 2685 2206 τοῦ
2707 2152 2844 2206 Θεοῦ
2878 2155 2988 2224 τὴν
3016 2152 3430 2225 ἀνθρωπότητα,
3468 2153 3562 2205 καὶ
3593 2153 3875 2223 παιδαγω-

2273 2246 2540 2314 γήσαντος
2571 2246 2834 2316 τέσσαρσι
2874 2245 3079 2315 νόμοις,
3108 2239 3182 2297 ὧν
3217 2246 3267 2298 οί
3299 2246 3482 2316 καιροὶ
3529 2246 3716 2314 σαφῶς
3760 2246 3876 2300 ἀπὸ

2274 2336 2372 2404 τῆς
2397 2337 2780 2407 διαφορότητος
2812 2336 3092 2406 δηλοῦνται
3122 2336 3229 2389 τῶν
3255 2336 3502 2407 καρπῶν.
3535 2337 3597 2389 Ἦ
3631 2339 3730 2407 μὲν
3757 2337 3877 2410 γὰρ

2276 2430 2436 2498 συκῆ,
2470 2429 2558 2483 διὰ
2588 2432 2687 2501 τὴν
2711 2429 3012 2498 γλυκασίαν
3046 2431 3139 2483 καὶ
3166 2430 3256 2482 τὸν
3278 2430 3580 2502 ὡραϊσμὸν,
3615 2430 3710 2501 τὴν
3740 2446 3879 2500 τρυ-

2277 2521 2384 2591 φὴν
2430 2521 2527 2591 τὴν
2583 2522 2688 2591 ’πρὸ
2743 2523 2840 2592 τῆς
2895 2522 3259 2592 παραϐάσεως
3301 2522 3357 2573 ὲν
3410 2521 3718 2592 παραδείσῳ
3770 2519 3876 2573 τοῦ

2276 2612 2564 2683 ἀνθρώπου
2600 2613 2895 2683 παρίστησι
2925 2614 3318 2684 γεγενημένην.
3353 2614 3508 2683 Ἐστι
3535 2613 3642 2684 γὰρ
3681 2614 3770 2666 ᾶτε
3801 2612 3877 2684 δὴ

2277 2707 2372 2757 καὶ
2434 2705 2637 2774 σφόδρα
2693 2705 2975 2775 πολλαχῶς
3007 2707 3106 2774 τῆς
3165 2706 3339 2774 συκῆς
3392 2705 3483 2758 τὸν
3538 2706 3747 2777 καρπὸν
3804 2705 3880 2760 τὸ

2279 2795 2503 2864 Πνεῦμα
2527 2796 2589 2847 τὸ
2617 2795 2770 2864 ἆγιον
2793 2798 2886 2848 ἐπὶ
2911 2796 3005 2849 τοῦ
3041 2796 3346 2865 κρείττονος
3376 2796 3662 2865 λαμϐάνει,
3685 2797 3878 2861 καθὼς

2279 2888 2637 2957 ἀποδείξομεν
2676 2888 2923 2960 ὕστερον.
2967 2890 3031 2941 Ἦ
3062 2888 3115 2940 δὲ
3150 2887 3392 2958 ἄμπελος
3427 2887 3513 2941 διὰ
3559 2887 3654 2958 τὴν
3689 2888 3880 2954 ἱλαρό-

2277 2996 2415 3050 τητα
2451 2981 2548 3050 τὴν
2591 2982 2655 3032 ἐκ
2685 2982 2797 3060 ,τοῦ
2850 2981 3027 3043 οἴνου,
3080 2981 3174 3032 καὶ
3223 2979 3324 3050 τὴν
3372 2979 3708 3048 εὐφροσύνην
3757 2978 3879 3031 τῶν

2282 3071 2694 3141 περισωθέντων
2722 3072 2822 3140 τῆς
2853 3072 3024 3142 ὀργῆς
3059 3070 3151 3123 καὶ
3193 3069 3285 3122 τοῦ
3328 3067 3736 3138 κατακλυσμοῦ,
3771 3067 3882 3138 τὴν

2281 3163 2389 3216 ἀπὸ
2420 3164 2513 3216 τοῦ
2542 3163 2705 3230 φόϐου
2741 3165 2832 3216 καὶ
2864 3164 2961 3233 τῆς
2995 3164 3295 3236 φροντίδος,
3330 3163 3428 3233 τὴν
3454 3165 3534 3226 εἰς
3565 3163 3664 3235 τὴν
3691 3162 3882 3233 χαρὰν

597 3249 699 3290 cus
750 3234 990 3288 fructum
1029 3231 1267 3301 Spiritus
1298 3243 1523 3287 sanctus
1574 3234 1628 3286 in
1691 3234 1910 3288 virtutis
1964 3241 2169 3304 partem

2282 3256 2456 3309 αὐτῶν
2500 3256 2800 3326 μεταϐολὴν
2856 3255 3176 3308 αἰνίσσεται.
3230 3257 3291 3307 Ἡ
3335 3255 3390 3307 δὲ
3444 3255 3618 3324 ἐλαία,
3652 3255 3738 3308 διὰ
3780 3255 3885 3310 τὸν

599 3325 768 3379 sumit
789 3324 854 3378 ⁹¹.
887 3321 1027 3377 Vitis
1059 3335 1236 3375 autem
1269 3331 1489 3391 propter
1535 3323 1646 3379 vini
1701 3323 2031 3376 hilaritatem
2077 3338 2167 3377 e0-

602 3433 832 3488 rumque
855 3417 1095 3472 laetitiam
1125 3415 1217 3486 qui
1246 3433 1275 3470 a
1312 3417 1503 3470 diluvii
1534 3417 1636 3480 ira,
1671 3416 1766 3471 Dei
1814 3417 2172 3487 indulgentia,

601 3525 887 3576 evaserant
920 3518 986 3582 ³³,
1021 3524 1261 3571 mutatos
1294 3516 1513 3570 illorum
1555 3516 1770 3570 animos
1801 3531 1828 3568 a
1862 3517 2053 3571 timore
2079 3533 2177 3572 an—

601 3618 800 3688 xiaque
823 3633 954 3670 cura
1008 3617 1064 3670 in
1109 3616 1370 3684 gaudium
1402 3616 1639 3669 obscure
1673 3614 1971 3684 signiﬁcat.
2024 3617 2178 3671 Oliva

602 3726 785 3783 porro,
836 3717 1061 3780 propter
1108 3708 1211 3762 olei
1267 3707 1416 3777 quod
1463 3707 1716 3776 producit
1769 3716 2039 3772 naturam,
2086 3709 2180 3764 Dei

2279 3348 2490 3417 καρπὸν
2523 3347 2616 3400 τοῦ
2650 3348 2855 3411 ἐλαίου,
2899 3348 2995 3418 τὴν
3027 3347 3425 3416 εὐσπλαγχνίαν
3461 3347 3552 3400 τοῦ
3591 3345 3726 3400 Θεοῦ
3765 3363 3884 3418 μη-

2283 3437 2418 3501 νύει,
2451 3439 2612 3492 πάλιν
2645 3439 3136 3511 ἁνεξικακήσαντος
3173 3439 3307 3509 μετὰ
3340 3440 3428 3491 τὸν
3455 3436 3880 3507 κατακλυσμὸν,

2286 3530 2391 3583 τῶν
2437 3531 2738 3602 ἀνθρώπων
2781 3531 3161 3602 ἐκτραπέντων
3211 3531 3292 3593 είς
3336 3530 3634 3602 ἀθεότητα,
3685 3528 3882 3583 δοῦναι

2286 3623 2448 3692 νόμον
2479 3626 2569 3676 καὶ
2598 3624 2995 3694 ἐμφανισθῆναί
3038 3642 3167 3688 τισι,
3198 3625 3295 3677 καὶ
3323 3623 3511 3694 ὥσπερ
3539 3621 3885 3675 ἀποσϐεννυ-

2291 3715 2458 3786 μένην
2483 3717 2581 3787 ἤδη
2610 3716 2706 3786 τὴν
2735 3717 2907 3785 αὐγὴν
2937 3716 3035 3786 τῆς
3064 3716 3266 3787 ἀρετῆς
3289 3715 3452 3785 ἐλαίῳ
3483 3715 3723 3767 λιπᾶναι.

603 3805 1036 3862 misericordiam
1068 3804 1351 3872 designat;
1401 3803 1492 3871 qui
1519 3803 1715 3857 iterum
1741 3811 1864 3872 post
1903 3803 2193 3884 dil‘uvium,
2241 3812 2417 3865 versis
2471 3812 2524 3864 in
2578 3811 2911 3880 impietatem
2960 3812 3298 3872 hominibus,
3342 3811 3610 3879 patienter
3658 3807 3880 3871 tulerit,

603 3911 661 3956 ut
710 3902 882 3969 legem
937 3900 1117 3964 daret,
1176 3913 1240 3952 ac
1292 3913 1351 3953 se
1400 3896 1729 3966 quibusdam
1780 3899 2181 3968 manifestaret,
2241 3903 2460 3975 iamque
2521 3921 2689 3975 prope
2742 3906 3198 3976 exstinguendam
3264 3906 3484 3960 virtutis
3533 3906 3709 3959 lucem
3759 3904 3881 3959 olei

604 3997 936 4084 pinguedine
958 3995 1172 4051 foverit.

602 4114 734 4172 CAP.
772 4113 861 4168 Ill.
890 4112 1163 4167 Rhamnus
1190 4122 1238 4167 et
1263 4128 1454 4182 agnus,
1490 4115 1756 4167 castitatis
1789 4114 2105 4238 symbollum.
2133 4115 2378 4180 Quatuor
2401 4112 2711 4183 Evangelia,
2743 4113 2800 4166 id
2827 4122 2926 4177 est,
2958 4112 3360 4181 prcrdiéationes
3389 4111 3647 4188 sivelege:
3672 4111 3744 4165 ad
3776 4132 3880 4169 sa—

2014 4199 2155 4238 utem
2195 4189 2547 4238 ins-timentes.

2014 4199 2155 4238 utem
2195 4189 2547 4238 ins-timentes.

675 4301 961 4359 Rhamnus
996 4314 1201 4368 autem,
1231 4304 1373 4359 idem
1408 4304 1501 4375 qui
1539 4320 1712 4376 agnus
1763 4313 1867 4373 est,
1896 4322 2006 4376 quo
2031 4313 2183 4359 utro-

605 4413 712 4467 que
745 4398 1056 4465 promiscue
1081 4400 1298 4451 nomine
1321 4398 1444 4452 aliis
1479 4398 1712 4467 aliisque
1741 4406 1988 4453 vocatur.
2022 4397 2185 4452 Forte

606 4490 771 4543 etiam
828 4489 973 4558 quod
1039 4491 1224 4560 planta
1277 4491 1392 4543 haec
1442 4490 1744 4559 virginitati
1777 4489 1953 4544 afﬁnis
1995 4491 2087 4553 sit,
2123 4496 2184 4542 ut

607 4582 874 4636 rbamnus
907 4591 962 4636 et
1004 4598 1178 4652 agnus
1214 4590 1628 4652 nuncuparetur
1660 4584 1895 4637 obtinuit

2373 4305 2434 4356 Ἡ
2463 4305 2518 4356 δὲ
2554 4304 2783 4374 Ῥάμνος
2806 4305 2898 4358 καὶ
2924 4305 3117 4370 Ἀγνος
3144 4302 3309 4363 ἐστὶν,
3333 4301 3420 4369 ὑφ’
3441 4293 3515 4353 ὧν
3545 4303 3642 4372 μὲν
3666 4303 3884 4372 ῥάμνος

2291 4395 2642 4467 καλούμενος.
2670 4396 2755 4462 ὑφ’
2789 4388 2864 4447 ὧν
2892 4394 2948 4446 δὲ
2979 4393 3141 4460 ἄγνος
3161 4405 3174 4420 ⁶
3217 4391 3310 4444 καὶ
3341 4390 3480 4461 τάχα
3512 4389 3598 4444 διὰ
3640 4390 3701 4442 τὸ
3737 4405 3886 4459 συγ-

2292 4491 2447 4557 γενὲς
2481 4488 2644 4557 φυτὸν
2691 4488 2847 4541 τοῦτο
2887 4491 2952 4558 τῇ
3004 4484 3270 4556 παρθενίᾳ
3323 4485 3649 4553 πεφυκέναι,
3698 4481 3888 4558 ταύτῃ

1946 4601 1960 4635 :
2002 4583 2186 4636 rham-
2217 4611 2260 4667 Ι)
2296 4583 2500 4654 ῥάμνος
2528 4581 2623 4633 κοιλ⁸
2661 4580 2823 4648 ἄγνος
2857 4575 3302 4667 προσηγορεύθη·
3345 4577 3548 4667 ῥάμνος
3574 4574 3689 4667 μὲν,

609 4690 719 4731 nus
747 4674 991 4745 quidem,
1021 4684 1244 4745 prepter
1283 4676 1623 4730 soliditatem
1649 4684 1703 4729 et
1733 4675 1997 4729 adversus
2030 4674 2173 4728 volu-

2288 4673 2349 4726 τὸ
2379 4672 2691 4743 στερέμνιον
2725 4671 2820 4724 καὶ
2853 4669 3116 4740 καρτερὸν
3156 4666 3292 4739 πρὸς
3326 4667 3423 4729 τὰς
3455 4664 3673 4735 ἡδονάς·
3705 4662 3884 4729 ἄγνος

609 4773 788 4837 ptates
828 4765 1137 4818 ﬁrmitatem
1165 4783 1178 4818 :
1206 4779 1377 4835 agnus
1407 4782 1556 4831 vero,
1587 4765 1690 4820 hoc
1719 4773 1802 4819 est
1831 4772 2004 4828 casta,
2037 4765 2182 4835 quod

610 4858 738 4912 talis
764 4870 976 4926 semper
1007 4855 1188 4909 duret.
1225 4854 1363 4910 Hinc
1407 4866 1460 4911 et
1490 4856 1660 4909 Eliam
1694 4872 1722 4909 a
1748 4856 1887 4910 facie
1915 4854 2183 4911 Jezabelis

612 4949 857 5004 mulieris
905 4946 1200 5017 fugientem
1256 4945 1540 5017 Scriptura
1574 4946 1744 5002 refert
1773 4948 1820 4979 9‘
1850 4947 1915 5001 ad
1967 4948 2184 5001 rbamni

612 5039 848 5109 primum
885 5039 1132 5094 umbram
1168 5038 1486 5099 secessisse,
1541 5037 1724 5106 ibique
1751 5037 2065 5092 exauditum
2092 5053 2184 5091 ro-

613 5132 718 5184 bur
747 5131 1041 5201 accepisse,
1077 5145 1141 5185 ac
1165 5131 1347 5184 cibum
1375 5130 1715 5198 sumpsisse:
1747 5129 1893 5199 quod
1925 5131 2184 5184 nimirum

614 5223 662 5278 ei
697 5222 790 5294 qui
815 5223 1057 5278 libidinis
1086 5223 1223 5293 fugit
1252 5230 1507 5284 uestrum,
1541 5237 1710 5290 seque
1752 5237 1782 5274 a
1811 5222 2039 5277 muliere
2071 5221 2186 5277 exi-

616 5319 736 5381 mit,
772 5316 875 5370 boc
902 5323 1008 5380 est,
1049 5331 1079 5371 a
1104 5318 1402 5386 voluptate,
1449 5313 1687 5384 hospitio
1709 5314 1782 5369 sit
1805 5328 1869 5369 ac
1894 5315 2190 5369 umbracu-

2286 4767 2376 4826 δὲ,
2435 4767 2583 4837 παρὰ
2636 4764 2694 4817 τὺ
2737 4762 3029 4826 διαπαντὴ
3086 4761 3352 4828 ἁγνεύειν.
3414 4756 3573 4810 Ὅθεν
3622 4754 3716 4807 καὶ⁵
3777 4753 3883 4809 τὸν

2299 4859 2483 4913 Ἠλίαν
2513 4861 2576 4912 ἐκ
2607 4856 2896 4929 προσώπου
2921 4857 3019 4926 τῆς
3059 4853 3292 4908 Ἰεσάεελ
3323 4850 3575 4922 γυναικὸς
3600 4847 3882 4918 φεύγοντα

2288 4949 2445 5018 λόγος
2480 4950 2584 5002 ὑπὸ
2615 4950 2817 5018 ῥάμνον
2846 4948 3019 5000 ἐλθεῖν
3057 4947 3294 5017 πρῶτον,
3325 4943 3420 5022 καὶ
3451 4940 3887 4995 είσακουσθέντα

2288 5038 2569 5108 ἐνισχῦσαι
2603 5040 2696 5091 καὶ
2721 5036 2904 5091 λαϐεῖν
2931 5038 3155 5109 τροφὴν,
3175 5038 3258 5089 ὅτι
3286 5034 3392 5087 τῶν
3430 5033 3730 5102 φευγόντων
3755 5031 3886 5103 (Si)

2289 5126 2526 5201 οἶστρον,
2556 5131 2652 5182 καὶ
2682 5129 2779 5200 τὴν
2805 5133 3058 5198 γυναῖκα,
3085 5127 3181 5198 τὴν
3211 5127 3427 5197 ἡδονὴν,
3451 5125 3510 5178 τὸ
3530 5121 3888 5192 καταγώγιον

2291 5221 2385 5274 καὶ
2416 5223 2448 5291 ἡ
2483 5221 2678 5290 σκέπη,
2711 5220 2772 5272 τὸ
2803 5220 2900 5291 τῆς
2937 5219 3157 5287 ἁγνείας
3196 5214 3494 5286 ἐϐλάστησε
3529 5214 3680 5281 ξύλον
3704 5257 3717 5277 ,
3766 5215 3886 5268 ἀπὸ

2293 5313 2392 5383 τῆς
2426 5313 2730 5385 παρουσίας
2762 5311 2856 5365 τοῦ
2899 5307 3302 5383 ἀρχιπαρθένου
3349 5305 3580 5378 Χριστοῦ
3624 5306 3858 5379 βασιλεῦ

670 5475 714 5503 ⁸ο
745 5470 874 5526 Gen.
904 5483 990 5539 ιιι,
1021 5467 1073 5524 7.
1141 5474 1183 5504 ⁹¹
1218 5470 1345 5527 Gen.
1378 5487 1453 5531 Ix.
1478 5469 1567 5524 22.
1640 5471 1683 5502 θ’
1707 5468 1822 5524 Jer.
1855 5487 1971 5536 vm,
2019 5471 2101 5526 l5.

2282 5467 2392 5524 'oet.
2423 5485 2484 5534 tt,
2518 5468 2609 5523 22.
2683 5468 2733 5500 ⁸⁸
2758 5467 2858 5522 III
2883 5467 3012 5538 Reg.
3045 5481 3158 5529 nx,
3190 5466 3244 5520 4.

686 5630 797 5700 (50)
827 5627 1183 5700 Εζιαγγέλια.
1235 5629 1379 5680 ’Λντὶ
1406 5626 1521 5691 τοῦ,
1553 5626 1900 5700 κηρύγματα,
1929 5627 2182 5696 prwdica-

617 5693 800 5781 tiones,
835 5693 977 5781 lsges
1002 5693 1073 5754 'ad
1103 5699 1328 5781 salutem
1364 5693 2046 5781 insi-timentes“.'Coussns.

690 5771 801 5842 (5i)
837 5765 959 5825 Τῶν
985 5765 1348 5840 φευγόντων.
1382 5769 1637 5836 Allatius,
1672 5768 1759 5823 τὸν
1787 5767 2074 5838 φεύγοντα.
2107 5765 2192 5825 Ad

2296 5641 2455 5695 quem
2496 5625 2674 5678 locum
2705 5623 2820 5695 bsic
2844 5618 3333 5695 editor_Lupareus
3368 5639 3381 5674 :
3416 5619 3542 5695 ΤῷνΔ
3566 5613 3887 5695 esu-{6vqu

2295 5682 2622 5765 rescriptum
2667 5709 2730 5749 ex
2749 5691 2986 5765 ‘Photio.
3031 5682 3163 5747 Nam
3217 5699 3406 5749 noster
3457 5682 3690 5746 habebat
3734 5682 3885 5758 πρὸς

2297 5766 2388 5820 τὸν
2417 5763 2703 5835 φεύγοντα.
2734 5763 2903 5820 ϐλιι..
