4028 6318
559 380 667 439 ί99

1521 379 1580 436 S.
1625 378 1961 438 ΜΕΊἮΟΒΙΙ
2002 376 2317 438 EPISCOI‘I
2363 382 2450 438 ET
2495 379 2862 440 MABTYRIS

3731 392 3840 448 200

555 499 704 556 Deus
726 499 830 554 bos
863 513 1086 571 quoque
1107 498 1162 554 in
1195 500 1375 556 caedes
1409 513 1634 556 mutuas
1665 501 1912 565 tradidit,
1959 502 2144 575 fugas-

2259 504 2640 578 ὶλληλονςονίας
2682 508 2776 561 καὶ
2803 507 3084 578 δρασμοῦς
3122 510 3219 562 καὶ
3259 511 3637 581 αἰχμαλωσίας
3669 514 3841 584 παρέ-

556 608 667 664 que
699 607 762 646 ac
793 597 1142 664 captivitates
1194 612 1207 648 :
1255 594 1375 664 lege
1421 610 1541 665 ipsa
1571 595 1732 666 quasi
1763 597 2036 654 sentiente
2081 611 2148 651 ac

559 681 788 748 fatente,
820 701 879 740 se
901 683 1012 740 illis
1041 685 1274 740 salutem
1297 693 1561 756 praestare
1585 701 1696 741 non
1731 701 1915 757 posse.
1941 686 2147 756 Nempe

559 777 720 831 malis
749 777 919 832 attriti
946 788 1111 850 atque
1140 777 1350 840 afﬂicti,
1386 777 1605 849 lugubri
1626 789 1782 850 gestu
1808 795 1874 835 ac
1895 780 2144 849 planctu,

560 866 759 923 iterum
806 886 866 926 se
931 871 1209 927 mandatis
1278 871 1642 928 obsecuturos
1705 858 2145 942 pollicebantur;

559 963 740 1032 quoad
770 961 916 1019 Deus
942 972 1202 1034 quartum
1242 965 1536 1021 miseratus
1580 965 1882 1028 hominem,
1922 955 2150 1019 castita-

558 1062 670 1108 tem
698 1070 871 1126 regno
893 1057 1195 1128 potituram
1224 1059 1443 1129 legavit,
1483 1074 1647 1129 quam
1701 1056 1987 1128 Scriptura
2013 1072 2149 1112 con~

562 1157 859 1219 sequenter
888 1150 1181 1206 rhamnum
1211 1153 1570 1223 nuncupavit.
1595 1150 1722 1206 llaec
1755 1149 1935 1221 rigide
1964 1157 2149 1205 auste-

560 1258 729 1314 reque
783 1245 1093 1314 absumptis
1143 1245 1520 1316 voluptatibus
1548 1245 1714 1300 etiam
1752 1241 2146 1304 comminatur,

561 1336 670 1390 nisi
693 1337 743 1391 ei
771 1351 965 1392 omnes
1001 1337 1390 1409 indubitanter
1408 1337 1694 1400 obediant,
1739 1344 1796 1392 et
1827 1335 1882 1390 in
1919 1334 2150 1390 veritate

561 1426 627 1482 ad
661 1428 834 1498 ipsam
865 1431 1150 1494 accedant,
1201 1431 1315 1502 igni
1348 1439 1804 1500 consumpturam
1834 1428 2147 1483 universos.

562 1520 686 1576 Non
721 1522 866 1576 enim
892 1523 1054 1576 aliam
1078 1532 1269 1593 postea
1305 1523 1550 1578 futuram
1585 1523 1758 1591 legem
1807 1528 1903 1576 aut
1942 1517 2152 1574 doctri-

561 1627 713 1675 nam,
745 1613 840 1669 sed
868 1613 1139 1684 judicium
1161 1623 1215 1671 et
1240 1615 1442 1686 ignem.
1471 1612 1546 1668 Ea
1569 1612 1990 1670 denuntiatione
2002 1610 2152 1680 juste

2244 598 2388 652 δωκε
2420 600 2514 654 καὶ
2535 601 2778 667 τούτους,
2822 601 3255 672 ἀποδοξήσαντος
3289 605 3486 670 αὐτοὺς
3521 605 3715 671 σώζειν
3746 605 3839 659 τοῦ

2245 692 2440 762 νόμον·
2474 693 2547 757 οἳ,
2580 693 2720 765 μετά
2740 695 2802 748 τὸ
2827 695 3183 768 συνελαθῆναι
3217 700 3332 761 τοῖς
3373 701 3584 763 κακοῖς,
3611 697 3840 753 ποτνιώ-

2250 802 2402 856 μενοι
2440 786 2602 840 πάλιν
2635 786 3035 857 ἐπηγγέλλοντο
3068 788 3385 858 πειθαρχεῖν
3406 791 3526 851 ταῖς
3564 789 3834 855 ὲντολαίςθ

2251 877 2442 949 μέχρις
2477 880 2506 931 6
2541 878 2694 944 Θεὸς,
2729 878 2990 950 τέταρτον
3020 880 3354 950 κατελεήσας
3395 881 3488 934 τὸν
3517 880 3838 954 ἄνθρωπον,

2244 966 2347 1037 τὴν
2415 968 2660 1037 Ἀγνείαν
2723 971 3013 1025 ἀπέστειλε
3067 971 3384 1041 βασιλεῦσαι
3408 1015 3424 1038 ,
3476 973 3543 1044 ἢν
3606 975 3840 1046 Ῥάμνον

2247 1059 2558 1128 ἀκολούθως
2597 1063 2858 1118 ἐκάλεσεν
2893 1065 3158 1137 ήΓραφή.
3192 1067 3372 1129 Ἧτις,
3408 1066 3842 1121 καταναλώσασα

2247 1148 2346 1214 τὰς
2393 1152 2634 1223 ἡδονὰς,
2682 1155 2776 1208 καὶ
2818 1156 3163 1228 ἀπειλήσασα
3214 1155 3438 1222 λοιπὸν,
3486 1146 3534 1211 si
3576 1158 3650 1228 μὴ
3700 1159 3840 1232 αὐτῇ

2249 1241 2450 1306 πάντες
2479 1243 2869 1309 ἀνενδοιάστως
2905 1248 2999 1299 καὶ
3035 1249 3094 1300 ἐν
3137 1247 3368 1320 ἀληθείᾳ
3420 1251 3841 1321 προσέρχοιντο,

2249 1335 2383 1406 πυρὶ
2438 1337 2892 1409 καταδαπανήσαι
2945 1340 3172 1405 πάντας.
3224 1342 3338 1394 Οὐκ
3397 1342 3478 1395 ἔτι
3536 1343 3643 1412 γὰρ
3701 1345 3844 1416 μετά

2248 1427 2455 1499 ταύτην
2494 1428 2712 1510 ἔσεσθαι
2766 1431 2996 1502 νόμονῆ
3049 1433 3398 1488 διδασκαλίαν
3451 1437 3662 1508 ἑτέραν,
3704 1437 3845 1496 ἀλλὰ

2251 1519 2433 1587 κρίσιν
2465 1519 2558 1571 καὶ
2603 1518 2734 1592 πῦρ.
2769 1519 2882 1576 Καὶ
2923 1522 3012 1577 διὰ
3062 1523 3222 1579 τοῦτο
3279 1526 3464 1580 λοιπὸν
3513 1528 3844 1583 ἀπεντεῦθεν

2250 1609 2665 1682 δικαιοπραγεῖν
2715 1614 2746 1664 6
2798 1612 3085 1685 ἄνθρωπος
3138 1617 3362 1688 ἦρξατο,
3417 1620 3511 1672 καὶ
3563 1621 3846 1677 πιστεύειν

561 1705 822 1775 deinceps
877 1706 1043 1762 homo
1091 1722 1255 1781 agere
1289 1708 1480 1778 capit,
1525 1715 1579 1761 et
1622 1704 1734 1760 Deo
1771 1703 1998 1759 firmiter
2031 1717 2150 1758 cre-

2259 1699 2486 1771 βεδαίως
2530 1703 2610 1774 τῷ
2659 1703 2807 1776 Θεῷ,
2853 1709 2947 1760 καὶ
2993 1707 3388 1779 ἀποσχίζεσθαι
3432 1713 3526 1766 τοῦ
3571 1713 3846 1769 διαεόλου.

561 1797 693 1854 dere
723 1816 892 1870 seque
916 1816 948 1856 a
977 1801 1202 1856 diabolo
1223 1800 1542 1871 abiungere.
1578 1797 1668 1854 Sic
1706 1799 2060 1854 utilissimum
2085 1811 2149 1851 ac

2259 1791 2441 1856 Οὕτως
2473 1793 2899 1866 ὠφελιμώτατον
2929 1799 3020 1851 καὶ
3066 1800 3281 1870 ἀρωγὸν
3318 1804 3682 1875 κατεπέμφθη
3729 1808 3848 1870 τοῖς

561 1891 806 1948 salutare
854 1891 1001 1949 Deus
1044 1891 1363 1946 hominibus
1417 1891 1569 1946 misit
1618 1891 1906 1957 auxilium,
1955 1903 2150 1954 nempe

2259 1883 2564 1954 ἀνθρώποις
2611 1865 2822 1956 ἁγνεία.
2863 1889 3047 1961 Μάνης
3083 1865 3398 1962 γάρναύτῆς
3428 1865 3719 1966 ἀντίμιμον
3742 1865 3850 1954 οὐκ

564 1986 903 2041 castitatem.
955 1983 1230 2039 Nimirum
1273 1998 1383 2039 una
1436 1983 1551 2039 haec
1597 1990 1704 2046 est,
1745 1998 1909 2054 quam
1942 1982 2149 2037 imitari

559 2085 680 2142 arte
703 2078 846 2132 mala
882 2077 1116 2148 ejusque
1147 2076 1400 2148 effingere
1454 2077 1816 2132 simulacrum
1863 2077 1929 2131 ad
1986 2076 2152 2131 sedu-

559 2168 821 2232 eendum,
847 2169 1104 2225 diabolus
1138 2170 1364 2227 minime
1396 2171 1595 2242 potuit,
1640 2170 1785 2226 sicut
1826 2170 1886 2224 in
1917 2168 2042 2224 aliis
2069 2167 2148 2223 le-

561 2262 723 2334 gibus
748 2276 870 2318 sese
904 2277 993 2318 res
1025 2263 1316 2318 habuerat.

2258 1976 2477 2048 ῐσχυσεν
2511 1981 2850 2051 ἐργάσασθαι
2877 1983 3013 2054 πρὸς
3037 1984 3253 2055 ἀπάτην
3291 1984 3321 2037 6
3365 1985 3627 2058 διάϐολος,
3654 1991 3851 2067 ὥσπερ

2257 2071 2354 2124 καὶ
2375 2071 2484 2124 τῶν
2505 2071 2680 2126 ἄλλων
2710 2075 3187 2148 νομοθετημάτων.

1018 2381 1148 2438 Car.
1184 2379 1248 2438 ν.
1285 2379 1501 2436 Diaboli
1533 2379 1803 2435 wmulaiu
1832 2379 2076 2434 omnibus
2104 2376 2436 2463 malignitas.
2476 2375 2596 2431 Duo
2622 2377 2814 2450 genera
2841 2380 3042 2449 ﬁcuum
3081 2391 3133 2437 et
3168 2385 3376 2439 vitium.

633 2505 771 2561 Cum
805 2507 953 2562 enim
991 2504 1148 2567 licus,
1187 2501 1267 2556 uti
1312 2501 1585 2565 dicebam,
1619 2515 1726 2571 qua
1759 2509 1985 2573 prastat
2037 2499 2155 2558 fru-

559 2609 686 2659 etus
734 2598 1026 2654 dulcedine
1076 2597 1480 2668 elegantiaque,
1528 2597 1852 2652 deliciarum
1905 2594 2150 2667 paradisi

557 2698 694 2752 two
741 2696 1058 2747 assumatur
1094 2703 1108 2739 :
1146 2688 1309 2742 rebus
1341 2687 1415 2740 illi
1451 2682 1664 2741 aemulis
1711 2685 2000 2745 seductum
2049 2686 2152 2740 ho-

563 2786 770 2839 minem
803 2780 1058 2836 diabolus
1091 2780 1272 2850 praeda
1304 2777 1469 2848 cepit,
1517 2777 1647 2832 dum
1697 2775 1842 2830 nuda
1901 2776 2152 2846 corporis

560 2875 686 2948 ejus
718 2874 933 2930 fruticis
965 2873 1111 2930 foliis
1143 2879 1435 2942 contegere
1460 2869 1735 2940 persuasit
1763 2888 1773 2922 :
1805 2869 1909 2923 hoc
1955 2884 2152 2940 nempe

564 2984 754 3041 agens.
787 2976 846 3024 ut
869 2968 1109 3024 molliter
1137 2966 1331 3024 scabra
1366 2966 1454 3019 fici
1503 2962 1658 3027 folia,
1693 2961 2030 3034 proritandze
2057 2977 2150 3018 es-

563 3071 689 3119 sent
725 3061 961 3117 libidini.
994 3061 1104 3116 Eos
1132 3075 1330 3115 rursus
1360 3057 1455 3128 qui
1493 3072 1562 3112 ex
1588 3055 1798 3111 diluvio
1845 3055 2151 3110 incolumes

2321 2496 2438 2570 Τῆς
2469 2497 2580 2571 γὰρ
2625 2499 2816 2570 συκῆς,
2847 2502 2923 2566 ὡς
2952 2501 3109 2574 ἔφην,
3139 2503 3228 2558 διὰ
3274 2507 3373 2577 τὴν
3417 2506 3718 2576 γλυκασίαν
3748 2509 3850 2565 τοῦ

2253 2589 2468 2661 καρποῦ
2502 2591 2598 2645 καὶ
2627 2591 2720 2646 τὺν
2749 2592 3031 2665 ὡραϊσμὸν
3057 2595 3116 2647 ἐν
3139 2595 3295 2668 τύπῳ
3317 2598 3416 2668 τῆς
3441 2601 3499 2652 ὲν
3529 2601 3852 2675 παραδείσῳ

2251 2679 2466 2749 τρυφῆς
2513 2679 2986 2753 παραληφθείσης,
3019 2687 3134 2746 τοῖς
3161 2685 3476 2756 ἀντιμίμοις
3506 2689 3674 2758 αὐτῆς
3705 2691 3851 2758 ἀεξο-

2252 2749 2608 2843 6ουκολήσας
2637 2749 2729 2824 τὸν
2771 2749 3067 2846 ’ἄνθρωπον
3094 2778 3122 2828 6
3151 2749 3398 2843 διάϐολος
3448 2749 3708 2853 ἠγρευσε,
3737 2749 3849 2855 ξῆν

2253 2863 2527 2935 γύμνασιν
2560 2863 2798 2933 καλύψαι
2830 2866 3026 2933 πείσας
3057 2867 3151 2920 τοῦ
3182 2870 3432 2940 σώματος
3464 2873 3717 2938 πετάλοις
3750 2892 3853 2930 συ-

2255 2956 2392 3028 κῆςο
2439 2956 2469 3009 ὅ
2518 2955 2774 3019 ὲστι,.διά
2821 2957 2883 3010 τὸ
2932 2961 3274 3031 κνησμῶδες,
3321 2967 3501 3035 τρυφῇ
3557 2965 3868 3040 φιληδόνῳρ

2255 3049 2394 3112 Τοὺς
2418 3047 2477 3102 δὲ
2509 3047 2914 3120 περισωθέντας
2939 3047 3097 3115 αὖθις
3121 3055 3186 3107 ἐκ
3206 3053 3298 3108 τοῦ
3321 3056 3729 3128 κατακλυσμοῦ,
3753 3060 3852 3116 διὰ

561 3151 804 3219 fuerant,
842 3154 914 3209 ob
939 3153 1241 3217 spiritalem
1286 3150 1710 3220 laetitiae-,vitem,
1748 3165 1856 3204 non
1895 3148 2150 3204 dissimili

2259 3139 2356 3210 τὴν
2386 3139 2488 3210 τῆς
2524 3141 2900 3212 πνευματικῆς
2921 3142 3257 3214 εὐφροσύνης
3281 3144 3544 3216 ἄμπελον,
3565 3149 3853 3224 ἀντιμίμῳ

566 3254 703 3319 potu
745 3245 1050 3301 inebriatos
1084 3243 1298 3310 derisit,
1339 3242 1561 3298 virtutis
1605 3242 1786 3298 denuo
1833 3242 2154 3297 indumento

565 3338 842 3394 hominem
886 3335 1120 3391 nudans.
1174 3333 1416 3405 Indeque
1458 3333 1808 3390 manifestius
1856 3334 1961 3388 erit
2005 3333 2152 3404 quod

564 3432 713 3489 dico.

638 3522 968 3580 Adversaria
1012 3528 1258 3592 potestas
1303 3535 1521 3591 semper
1554 3519 1774 3574 virtutis
1821 3532 1884 3574 ac
1924 3517 2153 3588 justitim

569 3603 807 3686 speciem
849 3614 1170 3684 cultumque
1217 3611 1528 3674 mmulatur,
1563 3627 1672 3668 non
1703 3618 1762 3666 ut
1803 3617 2054 3665 exerceat
2084 3608 2152 3663 ad

567 3709 845 3778 pietatem,
877 3705 970 3762 sed
1004 3713 1065 3760 ut
1104 3705 1349 3760 fraudem
1382 3704 1547 3758 faciat
1575 3713 1630 3759 et
1663 3704 2014 3773 simulatione
2042 3701 2155 3758 elu-

564 3799 680 3854 dat.
707 3798 780 3854 Ut
806 3800 951 3853 enim
983 3814 1081 3854 eos
1106 3799 1200 3866 qui
1252 3807 1486 3851 mortem
1535 3797 1772 3867 fugiant,
1812 3796 1880 3851 ad
1914 3804 2149 3851 mortem

567 3891 828 3947 illecebra
866 3891 1068 3959 capiat,
1113 3886 1548 3943 immortalitatis
1589 3889 1830 3944 exterius
1870 3889 2152 3943 coloribus

569 3983 808 4039 fucatur.
858 3982 1038 4051 Atque
1083 3981 1209 4034 hinc
1256 3987 1363 4044 est,
1402 3985 1463 4034 ut
1510 3978 1647 4034 licus
1677 3987 1772 4034 aut
1803 3981 1929 4035 vitis
1977 3977 2153 4033 videri

563 4075 716 4139 velit,
739 4081 793 4129 et
825 4089 947 4143 qua:
996 4072 1305 4128 dulcedinis
1336 4087 1401 4127 ac
1436 4072 1639 4127 latitia:
1671 4071 1904 4126 fecunda
1952 4087 2152 4142 parens

564 4166 815 4228 exsistat,
850 4163 1250 4218 translormans
1283 4178 1343 4218 se
1381 4163 1440 4219 in
1476 4163 1729 4233 angelum
1758 4162 1899 4217 lucis
1919 4161 1987 4226 ³³,
2013 4161 2153 4215 mul-

565 4263 762 4328 tesque
796 4254 1080 4326 religionis
1112 4255 1294 4325 specie
1324 4255 1653 4324 illaqueans.

638 4349 760 4406 Duo
788 4349 934 4405 enim
966 4363 1089 4404 esse
1132 4362 1333 4420 genera
1382 4346 1580 4403 licuum
1615 4347 1918 4419 vitiumque
1959 4348 2014 4402 in
2061 4361 2153 4402 sa—

2256 3231 2460 3302 πόματι
2514 3230 2771 3302 μεθύσας,
2809 3235 3174 3304 κατεχλεύασε
3223 3237 3406 3302 πάλιν,
3441 3241 3853 3316 ἀπογυμνώσας

2253 3323 2345 3376 τὸν
2378 3322 2663 3394 ἄνθρωπον
2703 3326 3131 3397 ἀρετῆς.Ἕσται
3176 3330 3233 3385 δὲ
3276 3321 3613 3410 σαφέστερον
3642 3339 3852 3411 μᾶλλον

2255 3415 2505 3468 ἐντεῦθεν
2531 3417 2559 3469 ὃ
2597 3416 2758 3486 λέγω.

2340 3507 2404 3560 Ἠ
2447 3509 2798 3581 ἀντικειμένη
2843 3511 3073 3584 δύναμις
3103 3516 3189 3571 ἀεὶ
3231 3522 3482 3591 μιμεῖται
3515 3523 3616 3595 τῆς
3640 3526 3858 3599 ἀρετῆς

2255 3600 2473 3671 καὶτῆς
2514 3602 2860 3676 δικαιοσύνης
2901 3607 2969 3660 τὰ
3012 3609 3289 3681 σχήματα,
3324 3614 3386 3666 ού
3428 3614 3564 3685 πρὸς
3611 3617 3856 3687 ἄσκησιν

2255 3693 2393 3747 κατά
2421 3693 2702 3768 ἀλήθειαν,
2730 3698 2866 3751 ἀλλὰ
2890 3701 3027 3772 πρὸς
3047 3704 3263 3776 ἀπάτην
3293 3707 3385 3759 καὶ
3410 3707 3854 3778 ὑπόκρισιν.”’1να

2255 3786 2366 3858 γὰρ
2393 3787 2619 3861 δελεάσῃ
2652 3790 2788 3861 πρὸς
2812 3791 3042 3846 θάνατον
3067 3797 3197 3858 τοὺς
3233 3796 3533 3865 φεύγοντας
3563 3799 3657 3854 τὸν
3686 3801 3855 3856 θάναι

2251 3898 2364 3946 τον,
2397 3882 2692 3950 ἀθανασίας
2739 3885 2937 3953 ἔξωθεν
2970 3888 3370 3952 καλλωπίζεται
3419 3899 3852 3966 σχηματισμοῖς.

2254 3974 2364 4027 Καὶ
2411 3975 2582 4046 ταύτῃ
2620 3977 2760 4045 συκῆ
2794 3976 3042 4046 βούλεται
3075 3979 3388 4050 νομίζεσθαι
3434 3985 3528 4037 καὶ
3576 3985 3851 4057 ἄμπελος,

2255 4067 2349 4119 καὶ
2380 4067 2697 4138 γλυκύτητα
2740 4071 2835 4122 καὶ
2883 4071 3220 4144 εὐφροσύνην
3255 4078 3472 4148 γεννᾷν,
3500 4080 3582 4143 είς
3611 4081 3854 4151 ἄγγελον

2258 4159 2844 4232 μετασχηματιζομένη
2887 4165 3084 4234 φωτὸς,
3117 4167 3207 4220 καὶ
3256 4174 3605 4245 προσχήματι
3655 4167 3851 4232 θεοσεέ

2257 4251 2410 4315 σείας
2435 4252 2763 4318 δελεάζουσα
2792 4256 3040 4322 πολλούς.

2327 4345 2432 4398 Δύο
2455 4346 2562 4418 γὰρ
2589 4345 2726 4400 εἶναι
2752 4348 3013 4422 διαφορὰς
3045 4355 3255 4410 συκέων
3281 4358 3374 4412 καὶ
3403 4360 3663 4431 ἀμπέλων
3690 4364 3854 4435 εὑρί-

567 4443 678 4497 eris
722 4442 919 4497 litteris
947 4441 1278 4512 reperiunts.
1333 4437 1496 4493 Ficus
1537 4439 1724 4506 bonas,
1771 4439 1935 4496 bonas
1972 4440 2146 4504 valde,

2259 4454 2458 4510 σκομεν
2491 4441 2549 4493 ὲν
2584 4444 2702 4506 ταῖς
2731 4442 2990 4514 Γραφαῖς.
3019 4448 3185 4503 Σῦκα
3218 4449 3288 4504 τὰ
3319 4454 3571 4520 χρηστὰ,
3608 4458 3857 4523 χρηστὰ

567 4541 623 4590 et
645 4534 778 4604 ﬁcus
811 4551 1052 4597 amaras,
1079 4550 1297 4587 amaras
1329 4532 1481 4587 valde
1502 4533 1570 4586 ⁸⁷.
1617 4531 1814 4586 Vinum
1864 4533 2148 4604 laetificum

567 4644 660 4683 cor
693 4627 964 4680 hominum
981 4628 1063 4695 ’5;
1101 4634 1176 4689 et,
1225 4628 1400 4680 vinum
1451 4625 1684 4693 furorem
1736 4625 2059 4691 draconum,
2099 4633 2151 4679 et

568 4719 802 4788 furerem
828 4717 1072 4788 aspidum
1097 4717 1449 4773 insanabilem
1473 4719 1542 4771 '9.
1569 4716 1769 4772 Verum
1800 4733 1868 4772 ex
1902 4734 2010 4787 quo
2035 4718 2149 4787 jam

570 4814 799 4868 castitas
872 4813 1155 4867 hominum
1223 4813 1516 4884 imperium
1594 4811 1755 4873 iniit,
1808 4810 2150 4880 deprehensa

571 4919 728 4962 traus
753 4916 841 4962 est
885 4913 1050 4977 atque
1099 4907 1335 4976 devicta,
1363 4913 1644 4961 evertente
1687 4906 1834 4960 illam
1875 4906 2150 4976 virginum

567 4996 817 5068 principe
844 4995 1069 5053 Christo
1103 5012 1374 5066 :veraque
1409 4996 1546 5052 adeo
1597 4997 1734 5052 ficus
1761 5006 1816 5051 et
1863 5011 1992 5052 vera
2022 4995 2153 5048 vitis

570 5083 933 5149 fructificant,
977 5092 1268 5155 postquam
1318 5085 1372 5139 in
1417 5100 1610 5140 omnes
1656 5086 1832 5140 evasit
1880 5085 2152 5142 castitatis

568 5175 907 5237 dominatus.
950 5176 1029 5231 uti
1070 5185 1126 5231 et
1150 5175 1271 5231 .Ioiel
1323 5177 1593 5246 prapheta
1641 5176 1883 5232 ominate
1936 5191 2152 5231 annun-

568 5269 691 5336 tiat,
712 5267 954 5337 Conﬁde,
981 5277 1146 5333 terra,
1167 5267 1378 5334 dicens,
1396 5269 1568 5339 gaude
1597 5277 1646 5323 et
1666 5270 1871 5334 laetare,
1897 5269 2149 5338 quoniam

571 5361 937 5430 magniﬁcavit
975 5359 1235 5415 Dominus
1272 5370 1331 5415 ut
1370 5362 1586 5430 faceret.
1636 5359 1922 5432 Conﬁdite,
1961 5377 2152 5432 pecora

570 5454 766 5522 campi,
783 5454 1034 5523 quoniam
1056 5456 1422 5525 germinarunt
1452 5459 1624 5526 campi
1661 5453 1989 5517 solitudinis,
2021 5471 2153 5524 quo-

571 5546 721 5601 niam
761 5546 962 5616 lignum
988 5547 1168 5601 attulit
1197 5546 1427 5617 fructum
1454 5564 1630 5615 suum,
1663 5549 1782 5603 vilis
1814 5559 1862 5603 et
1897 5549 2030 5617 ﬁcus
2057 5548 2151 5601 de-

571 5635 762 5694 derunt
799 5639 1044 5694 virtutem
1076 5656 1250 5696 suam.
1277 5638 1348 5695 Et
1377 5641 1480 5711 ﬁlii
1513 5639 1948 5712 Sion,ezsultate
1974 5649 2025 5697 et
2055 5640 2151 5695 ιω-

659 5821 708 5855 ”
737 5821 800 5879 Il
827 5823 953 5882 Cor.
978 5839 1055 5893 ιι,
1093 5825 1179 5883 Η.
1277 5827 1323 5861 ’⁷
1350 5826 1466 5886 lar.
1494 5846 1646 5899 xxiv,
1670 5833 1723 5887 5.

2257 4532 2403 4586 λίαν
2421 4550 2433 4562 ·
2465 4535 2580 4600 καὶ,
2627 4537 2790 4592 σῦκα
2815 4539 2886 4592 τὰ
2917 4542 3116 4608 πικρὰ,
3145 4543 3326 4612 πικρὰ
3345 4547 3507 4598 λίαν.
3545 4542 3724 4598 Οἶνον
3748 4551 3857 4603 εὑ-

2259 4626 2589 4692 φραίνοντα
2636 4629 2884 4697 καρδίαν
2930 4632 3272 4700 ἀνθρώπων,
3315 4639 3407 4689 καὶ
3441 4633 3608 4690 οἶνον
3653 4641 3856 4710 θυμὸν

2260 4716 2602 4806 δρακόντων
2627 4723 2722 4775 καί
2764 4723 2955 4793 θυμὸν
2991 4726 3265 4780 ἀσπίδων
3305 4729 3572 4781 ἀνίατον.
3593 4730 3731 4784 Ἀλλ’
3749 4733 3854 4806 ἀφ’

2259 4804 2318 4864 οὗ
2354 4810 2538 4865 λοιπὸν
2579 4813 2926 4868 ἐϐασίλευσεν
2956 4817 3148 4880 ἁγνεία
3193 4821 3299 4872 τῶν
3333 4819 3655 4890 ἀνθρώπων,
3688 4804 3857 4895 ἐλάγ-

2260 4900 2362 4974 χθη
2399 4903 2432 4973 ἡ
2466 4903 2643 4974 πλάνη
2692 4905 2789 4958 καὶ
2822 4906 3121 4978 νενίκηται,
3149 4910 3242 4963 τοῦ
3269 4910 3670 4982 ἀρχιπαρθένου
3705 4917 3856 4991 Χρι,

2262 4997 2389 5066 στρῦ
2421 4997 2902 5067 καταστρέψαντος
2929 4999 3101 5073 αὐτήν
3124 5018 3137 5030 ·
3167 5003 3261 5055 καὶ
3286 5004 3317 5072 ἡ
3341 4999 3568 5074 ἀληθινὴ
3588 5007 3724 5076 συκῆ
3750 5010 3859 5062 καὶ

2259 5087 2293 5158 ἡ
2328 5088 2554 5160 ἀληθινὴ
2584 5089 2829 5160 ἄμπελος
2851 5093 3280 5166 καρποφοροῦσι,
3315 5093 3454 5163 μετὰ
3484 5096 3546 5150 τὸ
3571 5099 3858 5168 κρατῆσαι

2259 5180 2480 5233 πάντων
2522 5181 2763 5251 ἁγνείαν,
2815 5183 3064 5257 καθάπερ
3093 5186 3186 5238 καὶ
3219 5184 3369 5256 Ἰωὴλ
3389 5187 3418 5239 6
3445 5191 3730 5262 προφήτης
3756 5191 3861 5244 εὐ-

2259 5271 2626 5340 αγγελίζεταιο
2665 5272 2902 5342 Θάρσει,
2931 5277 3030 5346 τῆ,
3071 5276 3265 5344 λέγων,
3295 5277 3390 5331 καί
3412 5279 3579 5348 χαῖρε
3605 5281 3702 5334 καί
3739 5281 3855 5334 εὐ-

2259 5366 2537 5434 φραίνου,
2569 5366 2656 5421 ὅτι
2677 5367 3009 5438 ἐμεγάλυνε
3036 5372 3252 5438 Κύριος
3274 5371 3381 5426 τοῦ
3405 5373 3673 5441 ποιῆσαι.
3697 5375 3858 5443 Θαρ-

2258 5457 2442 5522 σεῖτε,
2477 5458 2668 5528 κτήνη
2694 5460 2800 5515 τοῦ
2826 5463 3058 5528 πεδίου,
3092 5463 3181 5518 ὅτι
3219 5465 3604 5534 βεϐλάστηκε
3636 5465 3708 5519 τὰ
3738 5482 3854 5521 πε-

2258 5550 2359 5605 δία
2391 5552 2500 5622 τῆς
2524 5554 2750 5624 ἐρήμου
2776 5596 2790 5619 ,
2827 5556 2916 5611 ὅτι
2950 5556 3144 5640 ξύλον
3190 5557 3407 5629 ἤνεγκε
3455 5560 3563 5615 τὸν
3611 5559 3858 5628 καρπὸν

2257 5644 2446 5698 αὐτοῦ
2469 5662 2481 5675 ·
2518 5645 2786 5716 ἄμπελος
2813 5650 2912 5704 καὶ
2935 5648 3102 5719 σωιῆ
3124 5650 3354 5708 ἔδωκαν
3382 5653 3497 5722 τὴν
3535 5649 3720 5723 ἰσχὺν
3739 5653 3857 5716 αύ-

1823 5832 1869 5865 ⁹⁸
1904 5830 2057 5892 Paul.
2089 5846 2207 5901 cm,
2245 5831 2331 5890 l5.
2399 5837 2444 5869 ”
2467 5833 2624 5892 Deut.
2659 5851 2833 5906 xuii,
2862 5835 2949 5893 33.
