4028 6318
108 396 186 452 205
1113 393 1494 454 CONVIVIUM
1533 390 1637 447 DE!

1739 388 1760 443 Ι
1800 388 2160 448 ἮΒΟΙΝΠΜ.

3184 388 3289 443 ἓυϐ

105 512 234 564 θωπν
277 508 573 581 ύπύμνημα
622 512 717 566 καὶ
771 513 946 584 νῆψιν.
990 514 1316 585 Προτάττειν
1365 511 1473 582 γὰρ
1517 509 1626 563 τῶν

1739 512 1914 569 tatem,
1940 506 2035 561 sed
2078 504 2147 559 ad
2176 517 2389 557 morum
2423 501 2814 558 correctionem
2844 516 2910 556 ac
2940 502 3292 560 sobrietatem

105 602 219 672 ἐμῶν
247 602 680 673 ἐπιτηδευμάτων
710 605 927 673 ἁγνείαν
948 607 977 657 ὁ
998 604 1167 673 λέγων
1192 604 1301 656 δεῖν
1325 603 1419 656 καὶ
1450 602 1627 654 ἀσπά-

103 694 253 759 ζεσθαι
276 693 492 766 πρώτην
514 694 625 748 τῶν
656 695 850 759 ἄλλων,
874 695 1047 767 ὀρθῶς
1074 694 1499 767 παρακελεύεται
1520 710 1532 723 ο
1560 694 1627 763 ἢν

102 783 233 853 τιμᾷν
267 783 356 852 μὲν
385 781 669 854 νομίζουσι
705 784 797 838 καὶ
826 783 1146 854 θεραπεύειν
1187 784 1393 845 πολλοὶ,
1425 782 1625 853 τιμῶσι

102 872 137 925 δ’
159 872 320 943 αὐτὴν,
342 874 413 937 ὡς
444 874 577 929 ἔπος
610 878 801 939 εἰπεῖν,
839 875 1026 943 ὀλίγοι.
1062 877 1136 928 Ού
1165 875 1273 946 γὰρ
1300 877 1500 943 om”
1528 874 1626 945 τὴν

103 963 259 1018 ἑαυτοῦ
290 964 461 1035 σάρκα
488 967 590 1035 τῆς
624 968 764 1021 κατά
810 969 1091 1021 συνουσίαν
1137 968 1393 1034 ἄγευστον
1438 967 1628 1038 ἡδονῆς

104 1056 407 1127 φιλοτιμῆται,
432 1057 628 1127 τηρεῖν
667 1058 967 1131 ἄνθρωπος,
1015 1059 1125 1112 τῶν
1162 1058 1335 1113 ἄλλων
1385 1060 1457 1130 μὴ
1490 1077 1624 1128 κρα-

102 1148 203 1210 τῶν,
230 1148 434 1213 ἁγνείαν
466 1148 917 1218 τιμᾷ.Ἀτιμάζει
953 1150 1051 1219 μὲν
1095 1146 1187 1203 οὖν
1221 1149 1388 1219 αὐτὴν
1430 1150 1627 1219 μᾶλλον

102 1240 177 1308 οὐχ
196 1241 375 1309 ἥκιστα
403 1240 694 1309 βαναύσοις
723 1242 1054 1312 ἐπιθυμίαις,
1088 1243 1277 1313 ἡδονὰς
1309 1244 1628 1296 ἀντικαταλ-

104 1327 381 1398 λασσόμενος
417 1331 652 1400 ἡδοναῖς.
679 1334 813 1386 Οὐδὲ
853 1350 917 1402 γε
939 1335 1065 1385 ὅταν
1097 1334 1231 1403 πρὸς
1268 1333 1364 1397 τὰς
1394 1334 1497 1401 ἔξω
1532 1335 1629 1404 μὲν

103 1420 351 1491 ἐπιθυμίας
385 1422 615 1493 διαπονῇ
650 1424 930 1495 καρτερῶν
959 1464 973 1486 ,
1018 1426 1383 1496 ύπεραῖρηται
1424 1426 1481 1479 δὲ
1531 1444 1629 1493 φυ-
1660 1420 1673 1445 ⁵

106 1513 359 1583 σιούμενος,
384 1510 537 1583 αὐτῷ
563 1514 625 1583 δὴ
653 1515 827 1585 τούτῳ
852 1516 927 1585 τῷ
954 1516 1209 1570 δύνασθαι
1239 1516 1347 1571 τῶν
1372 1518 1470 1587 τῆς
1502 1535 1632 1588 σαρ-

104 1609 178 1667 κὸς
217 1605 645 1674 ὑπεκκαυμάτων
691 1610 927 1678 κρατεῖν,
963 1609 1057 1661 καὶ
1106 1609 1313 1671 πάντας
1360 1610 1434 1672 ὡς
1482 1610 1629 1663 οὐδὲν

105 1696 377 1761 ὲξουδενιῖιν,
429 1688 646 1768 ἡγεῖται
700 1699 919 1765 ἁγνείαν
966 1702 1165 1769 τιμᾷν·
1224 1700 1477 1770 ἀτιμάζει
1524 1701 1630 1770 γὰρ

277 1788 510 1859 ὑϐρίζων
557 1790 586 1840 ὁ
628 1788 1063 1862 ὑψηλοφροσύνῃ,
1092 1789 1167 1859 τῷ
1204 1789 1264 1842 τὸ
1295 1790 1391 1859 μὲν
1436 1790 1630 1854 ἕξωῢεν

1728 596 2065 651 luculentum
2101 600 2513 651 monumentum
2550 607 2776 662 ponens.
2823 591 2927 657 Qui
2956 594 3101 648 enim
3131 606 3293 650 caete-

1726 689 1804 745 ris
1831 689 1968 743 meis
2003 686 2198 742 studiis
2225 701 2289 741 ac
2322 685 2510 741 oﬂiciis
2540 683 2954 755 pra-ponendam
2984 686 3293 742 castitatem

1726 779 1884 832 docet
1908 787 1961 832 et
1988 792 2097 847 pra:
2126 776 2250 831 aliis
2279 776 2510 846 primam
2543 776 2994 845 amplectendam,
3024 784 3171 831 recte
3197 768 3295 831 ad—

1729 874 1911 921 monet
1940 886 1952 919 :
1981 880 2147 935 quam
2188 879 2248 921 se
2272 865 2454 920 colere
2490 873 2545 917 et
2576 868 2868 922 observare
2891 865 3046 919 multi
3073 865 3293 935 quidem

1726 956 2061 1019 existimant,
2098 961 2154 1007 at
2187 960 2335 1009 certe
2375 954 2562 1007 colunt
2602 954 2783 1023 pauci,
2812 959 2870 1006 ut
2897 954 3063 1007 verbo
3090 953 3292 1007 dicam.

1727 1046 1845 1101 Non
1878 1048 2021 1100 enim
2072 1046 2386 1116 quicunque
2420 1058 2575 1100 suam
2603 1059 2825 1099 carnem
2860 1059 2892 1098 a
2918 1044 3129 1100 venerei
3162 1050 3297 1099 coh-

1728 1154 1947 1209 gressus
1976 1138 2253 1209 voluptate
2277 1138 2559 1192 continere
2598 1126 2891 1201 studuerit,
2921 1136 3027 1191 nisi
3057 1136 3297 1206 reliquos

1730 1230 1954 1286 affectus
1996 1237 2264 1294 coerceat,
2299 1228 2563 1284 continuo
2610 1228 2918 1283 castitatem
2967 1228 3115 1281 colit.
3152 1226 3295 1293 Quin

1729 1325 1912 1395 potius
1954 1322 2250 1393 ignominia
2295 1320 2570 1384 traducit,
2611 1334 2737 1375 cum
2783 1321 2903 1389 ejus
2953 1319 3297 1390 professione

1731 1420 2009 1484 suscepta,
2040 1412 2278 1468 sordidis
2312 1410 2667 1465 nihilominus
2713 1408 2954 1480 indulget
2987 1411 3301 1484 cupiditati-

1730 1506 1854 1570 bus,
1906 1506 2211 1575 voluptates
2250 1518 2313 1557 ac
2359 1502 2612 1557 libidines
2641 1501 3009 1570 voluptatibus
3054 1518 3301 1557 commu-

1731 1606 1853 1652 tans
1901 1612 1962 1651 ac
2008 1596 2346 1655 libidinibus.
2382 1592 2565 1664 Neque
2590 1593 2633 1647 si
2658 1592 3049 1662 cupiditatibus
3079 1593 3299 1663 quidem

1732 1703 1990 1743 sensuum
2025 1686 2236 1741 fortiter
2278 1686 2570 1749 obstiterit,
2607 1683 2755 1738 inani
2797 1692 2977 1737 autem
3015 1683 3187 1753 gloria
3219 1682 3301 1736 fa-

1732 1789 1929 1848 stuque
1945 1778 2219 1843 efferatur,
2240 1776 2343 1831 hoc
2359 1778 2477 1846 ipso
2493 1775 2637 1846 quod
2656 1775 2795 1845 potis
2813 1773 3302 1829 sitexardescentis

104 1876 177 1929 τοῦ
192 1878 397 1939 πίνακος
426 1878 709 1950 καθαίρειν
738 1878 942 1948 καὶτῆς
970 1879 1277 1950 παροψίδος,
1312 1880 1409 1948 τὴν
1438 1880 1630 1947 σάρκα,

1739 1870 1790 1923 in
1814 1885 1873 1924 se
1901 1868 2142 1923 libidinis
2168 1876 2333 1922 aestus
2359 1866 2720 1937 comprimere
2747 1904 2763 1929 ,
2792 1872 3131 1935 cunctosque
3162 1854 3303 1920 nihil

105 1965 152 2020 τὸ
177 1967 344 2037 σῶμα·
376 1968 474 2039 τὴν
505 1968 564 2020 δὲ
592 1968 819 2037 καρδίαν
867 1968 1019 2036 τύφῳ
1064 1966 1303 2020 σίνεσθαι
1346 1967 1439 2019 καὶ
1487 1966 1633 2033 φιλοο

107 2058 285 2127 ιιρατία.
319 2059 448 2112 Oti-6.4.
478 2076 544 2127 γε
572 2060 736 2113 ὁπότε
764 2057 1113 2129 ὲναδρύνεταί
1152 2074 1233 2121 τις
1257 2059 1519 2127 χρήμασι,
1554 2074 1635 2109 τι-

109 2150 192 2217 μᾷν
218 2150 373 2219 αὐτὴν
403 2148 695 2213 σπουδάζει
713 2168 726 2181 ’
760 2148 1011 2220 ἀτιμάζει
1045 2151 1141 2219 μὲν
1168 2144 1257 2201 οὖν
1280 2148 1475 2210 παντὸς
1500 2148 1635 2217 μᾶλ-

107 2238 175 2290 λον
194 2238 242 2290 δὲ
268 2236 435 2303 οὗτος.
469 2239 780 2310 προκρίνων
815 2242 980 2310 αὐτῆς
1005 2240 1181 2307 ὀλίγον
1214 2239 1420 2311 κέρδος,
1447 2237 1514 2310 ἧς
1545 2240 1636 2291 οὐ·

106 2327 172 2379 δὲν
197 2329 426 2392 ἀντάξιον
462 2346 572 2381 των
604 2333 661 2381 ὲν
693 2330 770 2398 τῷ
797 2330 896 2400 βίῳ
937 2331 1153 2400 τιμίων.
1190 2331 1302 2393 Πᾶς
1337 2330 1445 2399 γὰρ
1475 2330 1635 2382 πλοῦο

104 2436 174 2481 τος
200 2420 436 2473 ἐνώπιον
463 2412 679 2488 αὐτῆς,
699 2424 789 2476 καὶ
812 2421 1045 2490 χρυσὸς
1070 2422 1150 2487 ὡς
1175 2422 1414 2491 ψάμμος
1442 2424 1631 2491 ὀλίγη.

108 2513 215 2565 υύδέ
242 2531 300 2581 γε
324 2516 352 2566 ὁ
378 2515 569 2566 ἑαυτὸν
593 2515 884 2587 ὑπερφυῶς
912 2516 1211 2587 ἡγούμενος
1245 2516 1434 2585 φιλεῖν,
1462 2518 1553 2569 καὶ
1576 2517 1637 2569 τὸ

108 2606 252 2675 ἑαυτῷ
280 2608 417 2677 μόνῳ
443 2608 727 2679 συμφέρον
766 2608 1076 2672 σπουδάζων
1108 2613 1347 2667 σκοπεῖν,
1384 2610 1637 2679 ἄφροντις

108 2699 151 2750 δὲ
176 2698 270 2751 τῶν
292 2700 539 2768 πλησίον,
565 2700 787 2767 ἁγνείαν
822 2702 956 2770 τιμᾷ
973 2718 987 2730 ·
1021 2701 1275 2771 ἀτιμάζει
1300 2702 1397 2770 μὲν
1424 2698 1513 2753 οὖν
1542 2702 1639 2753 αύ-

107 2792 182 2861 τὴν
217 2793 301 2845 καὶ
343 2789 529 2854 οὗτοςο
577 2792 712 2844 πολὺ
762 2794 869 2863 γὰρ
910 2792 1151 2846 λείπεται
1193 2792 1301 2844 τῶν
1330 2793 1448 2845 κατ’
1482 2793 1636 2856 ἀξίαν

105 2883 392 2952 ὁμιλούντων
424 2886 587 2955 αὐτῇ,
608 2886 687 2956 τῷ
732 2886 827 2956 τὴν
866 2886 1086 2955 ἀγάπην
1110 2886 1278 2954 αὐτῆς
1312 2887 1405 2938 καὶ
1436 2886 1496 2937 τὸ
1522 2884 1638 2952 φιλ-

106 2974 347 3044 άνθρωπον
394 2976 763 3047 λωϐήσασθαι.
812 2975 885 3027 Οὐ
934 2974 1041 3045 γὰρ
1085 2976 1209 3044 τῇδε
1260 2976 1355 3043 μὲν
1387 2974 1638 3042 ἁγνεύον-

107 3078 184 3126 τας
210 3066 547 3136 παρθενεύειν
582 3067 681 3131 δεῖ,
714 3067 837 3138 τῇδε
868 3066 922 3119 δὲ
970 3065 1455 3137 κακοπραγοῦντας
1483 3066 1638 3137 χραί-

107 3154 258 3206 νεσθαι
286 3158 373 3208 καὶ
399 3155 813 3209 ἀκολασταίνειν
831 3172 843 3185 ·
876 3155 994 3207 οὐδὲ
1021 3155 1148 3226 τῇδε
1184 3155 1280 3225 μὲν
1309 3154 1637 3222 ἐπαγγέλλε-

1735 1958 1917 2021 l‘aciat,
1949 1967 2095 2011 recte
2125 1962 2414 2011 censeatur
2441 1955 2751 2010 castitatem
2783 1956 2999 2011 colere:
3030 1970 3192 2025 quam
3216 1970 3304 2010 su-

1735 2049 1934 2118 perbiae
1953 2047 2201 2117 contagie
2221 2046 2489 2100 dedecore
2510 2045 2694 2100 verius
2714 2045 2908 2112 allicit;
2941 2062 3136 2117 nempe
3158 2046 3302 2116 quod

1735 2140 1975 2195 exterius
2006 2148 2090 2194 est
2122 2138 2294 2192 lancis
2322 2147 2375 2192 et
2409 2135 2716 2207 paropsidis
2740 2137 3046 2192 emundans
3082 2138 3148 2202 ιθ,
3183 2150 3306 2191 car-

1735 2246 1858 2286 nem
1880 2229 2131 2285 videlicet
2156 2242 2219 2284 ac
2243 2242 2473 2297 corpus;
2511 2226 2752 2279 animum
2781 2238 2912 2281 vero
2938 2228 3169 2282 tumoris
3191 2243 3308 2281 am-

1735 2324 2069 2394 bitionisque
2114 2320 2722 2390 sordibusdnquinans.
2769 2320 2837 2373 At
2880 2334 3056 2390 neque
3084 2318 3135 2373 si
3182 2319 3306 2389 quis

1735 2418 2091 2488 pecuniarum
2122 2415 2423 2487 cupiditate
2452 2420 2664 2482 captus,
2698 2426 2887 2466 earum
2922 2412 3077 2482 copia
3103 2412 3307 2482 gloria-

1738 2522 1846 2578 tur,
1880 2514 1925 2564 is
1955 2525 2073 2565 eam
2107 2510 2285 2564 colere
2315 2506 2601 2577 magniﬁce
2634 2500 2845 2571 studet';
2879 2505 2975 2559 sed
3002 2518 3099 2574 pio
3129 2503 3305 2556 omnin

1737 2602 1840 2657 bus
1889 2602 2188 2671 despicatui
2224 2600 2406 2660 habet,
2452 2598 2661 2675 lucrum
2702 2597 2955 2665 exiguum
2992 2597 3068 2649 illi
3115 2595 3308 2665 prtere-

1738 2711 1885 2757 rens,
1921 2696 2011 2749 cui
2047 2703 2224 2747 tamen
2269 2692 2406 2744 nihil
2436 2688 2802 2757 comparabile
2831 2695 2935 2748 est.
2973 2703 3159 2742 eorum
3187 2703 3309 2758 quae

1740 2788 1795 2840 in
1836 2787 1946 2839 vita
1986 2789 2041 2837 in
2076 2785 2247 2853 pretio
2275 2782 2566 2835 habentur.
2602 2778 2805 2834 Omnes
2841 2779 2985 2833 enim
3016 2779 3218 2833 divitiae
3255 2787 3312 2834 et

1738 2892 1927 2929 aurum
1954 2876 2007 2928 in
2031 2882 2301 2941 conspectu
2324 2872 2469 2924 illius
2493 2886 2655 2923 arena
2698 2879 2775 2923 est
2801 2872 2993 2938 exigua
3019 2871 3085 2926 “.
3115 2870 3183 2923 At
3215 2886 3312 2925 ne—

1736 2979 1841 3034 que
1866 2965 1959 3034 qui
2000 2979 2057 3018 se
2089 2964 2263 3031 ipsum
2296 2966 2461 3030 supra
2487 2960 2707 3013 modum
2741 2974 2923 3013 amare
2950 2960 3313 3030 deprehendi-

1737 3068 1846 3117 tur,
1868 3064 1923 3111 et
1941 3054 2083 3126 quod
2112 3056 2214 3109 sibi
2237 3054 2337 3108 soli
2366 3052 2587 3123 prodest
2610 3051 2770 3106 unice
2797 3052 3035 3106 intuetur
3056 3058 3110 3106 et
3130 3061 3309 3117 curat,

1740 3151 2144 3205 necessitatum.
2174 3148 2405 3216 proximi
2457 3160 2719 3206 securus,
2773 3146 3080 3199 castitatem
3129 3144 3311 3202 colit:

111 3244 209 3297 σθαι
253 3247 569 3317 καθαρεύειν
601 3246 694 3299 καὶ
728 3248 1043 3315 σωφρονεῖν,
1080 3247 1205 3316 τῇδε
1233 3245 1288 3298 δὲ
1322 3243 1637 3307 μολύνεσθαι

1746 3238 1879 3307 quin
1924 3238 2040 3307 ispc
2092 3251 2309 3305 quoque
2358 3234 2583 3301 spernit.
2642 3232 2871 3286 Multum
2916 3236 3062 3288 enim
3108 3235 3176 3289 ab
3206 3233 3316 3291 illis

110 3336 183 3388 nl
218 3336 570 3407 ἁμαρτάνειν*
613 3334 723 3387 οὐδ’
754 3331 819 3387 αὖ
862 3337 928 3404 τῇ
980 3334 1077 3404 μὲν
1123 3336 1402 3403 ὁμολογεῖν
1434 3334 1507 3404 μὴ
1546 3349 1643 3385 πε-

112 3429 408 3495 τροντικέναι
442 3426 553 3479 τῶν
577 3424 876 3495 κοσμικῶν,
908 3428 974 3493 τῇ
1002 3426 1059 3478 δὲ
1086 3425 1312 3478 κτᾶσθαι
1342 3427 1433 3478 καὶ
1464 3427 1521 3479 ἐν
1547 3426 1642 3476 αύ-

110 3514 196 3579 τοῖς
216 3515 544 3581 ἐξετάζεσθαι
573 3515 683 3582 (55)
710 3531 722 3542 ·
760 3512 894 3565 ἀλ)ιά
942 3514 1117 3566 πάντα
1144 3512 1211 3564 τὰ
1261 3511 1395 3581 μέλη
1437 3511 1639 3582 φθορᾶς

112 3602 401 3672 ἀκοινώνητα
446 3604 538 3655 καὶ
565 3603 740 3671 ἀμιγῆ
772 3603 977 3670 τηρεῖν,
1014 3600 1074 3652 οὐ
1109 3600 1267 3670 μόνον
1296 3599 1363 3651 τὰ
1390 3598 1638 3670 κνησμὼ-

112 3689 160 3761 δη
184 3694 263 3746 καὶ
290 3690 728 3754 συνουσιαστικὰ,
758 3690 868 3741 ἀλλ’
900 3690 998 3761 ἤδη
1030 3690 1123 3743 καὶ
1154 3690 1219 3743 τὰ
1247 3690 1449 3742 τούτων
1485 3692 1637 3761 ὲνερ-

113 3783 304 3856 γέστερα
326 3786 453 3855 (56).
503 3784 686 3854 Χλεύη
716 3784 825 3852 γὰρ
857 3782 927 3835 τὰ
962 3784 1059 3853 μὲν
1083 3782 1181 3851 τῆς
1214 3782 1640 3851 παιδοποιήσεως

112 3877 279 3944 δργανα
314 3882 497 3949 τηρεῖν
542 3878 809 3949 παρθὲνα,
835 3877 932 3948 τὴν
959 3877 1013 3929 δὲ
1038 3876 1279 3945 γλῶτταν
1314 3875 1386 3946 μὴ
1416 3878 1601 3945 τηρεῖν
1624 3891 1637 3904 ο

110 3966 136 4033 ἢ
161 3968 243 4036 τὴν
271 3969 513 4035 γλῶσσαν
543 3970 642 4039 μὲν
675 3972 859 4039 τηρεῖν
892 3967 1177 4037 παρθένον,
1221 3966 1317 4037 τὴν
1346 3967 1401 4019 δὲ
1432 3969 1639 4036 ὅρασιν,

110 4059 231 4128 ῆτὴν
245 4061 421 4131 ἀκοὴν,
441 4061 473 4131 ἧ
494 4062 594 4123 τὰς
610 4064 797 4131 χεῖρας
821 4060 893 4131 μὴ
912 4063 1115 4130 τηρεῖν·
1137 4062 1182 4112 εἰ
1200 4058 1264 4130 [Ῑ.
1280 4059 1336 4130 ἢ]
1353 4059 1523 4112 ταῦτα
1547 4060 1643 4128 μὲν

111 4148 225 4215 ἔχειν
248 4152 333 4203 καὶ
357 4155 546 4221 τηρεῖν
576 4151 841 4221 παρθένα,
871 4151 967 4220 τὴν
1004 4149 1227 4220 καρδίαν
1256 4149 1311 4201 δὲ
1338 4151 1412 4221 μὴ
1437 4153 1640 4221 τηρεῖν,

109 4239 199 4292 ἀλλ’
222 4242 575 4313 ἑταιρίζεσθαι
606 4240 761 4308 τύφῳ
790 4240 879 4293 καὶ
908 4239 1081 4308 θυμῷ.

1748 3332 1903 3386 abest
1926 3331 2019 3399 qui
2044 3345 2141 3398 pro
2171 3328 2454 3397 dignitate,
2474 3326 2619 3379 illius
2640 3334 2870 3379 utuntur
2886 3325 3312 3389 necessitudine,

1745 3422 1839 3493 qui
1869 3423 1989 3491 ejus
2020 3420 2337 3472 ebaritatem
2368 3425 2421 3470 et
2451 3416 2880 3471 misericordiam
2915 3423 2969 3470 et
3004 3416 3317 3473 humanita-

1745 3518 1850 3567 tem
1897 3526 1927 3563 a
1974 3525 2033 3564 se
2080 3510 2357 3579 repulerit.
2391 3507 2575 3576 Neque
2604 3509 2748 3561 enim
2790 3516 2996 3561 rectum
3028 3516 3135 3573 est,
3186 3508 3317 3562 hinc

1743 3603 1963 3673 quidem
2018 3604 2289 3657 castitatis
2340 3616 2442 3655 usu
2494 3600 2858 3670 virginitatem
2903 3600 3111 3665 colere;
3164 3597 3316 3653 illine

1741 3712 1871 3749 vero
1913 3696 2094 3765 pravis
2135 3693 2470 3748 facinoribus
2503 3707 2565 3745 ac
2592 3692 2813 3746 libidine
2842 3693 3080 3743 animqu
3109 3689 3318 3757 polluc-

1744 3802 1801 3840 re
1827 3806 1838 3840 :
1870 3802 2045 3855 neque
2076 3786 2201 3840 hinc
2233 3786 2449 3854 quidem
2483 3783 2723 3855 proﬁteri
2749 3782 3037 3851 puritatem
3064 3788 3116 3833 et
3140 3781 3319 3833 couti-

1745 3880 2008 3940 nentiam,
2044 3880 2193 3931 illinc
2227 3885 2406 3931 autem
2457 3875 2731 3946 inquinari
2771 3883 2934 3942 atque
2964 3874 3108 3925 vitiis
3136 3872 3319 3926 indul-

1746 3985 1891 4040 gere.
1940 3968 2124 4035 Neque
2158 3984 2371 4034 rursus,
2404 3968 2528 4020 hinc
2568 3967 2785 4036 quidem
2835 3964 2989 4016 fateri
3034 3963 3179 4017 haud
3210 3964 3315 4018 sibi

1748 4077 1894 4115 cum
1920 4076 2041 4115 esse
2073 4076 2161 4115 res
2194 4062 2403 4118 mundi.
2437 4061 2585 4113 illinc
2609 4067 2787 4112 autem
2819 4056 3073 4127 parandis
3107 4056 3317 4110 inhiare

1750 4169 1814 4206 ac
1848 4154 1904 4206 in
1950 4154 2057 4205 illis
2106 4154 2332 4206 versari.
2369 4151 2510 4217 Quin
2546 4150 2785 4204 membra
2817 4148 3000 4203 omnia
3048 4146 3117 4199 ab
3166 4148 3315 4201 omni

1751 4243 1955 4296 intacta
1975 4244 2323 4311 corruptione
2349 4241 2613 4295 servanda
2636 4256 2699 4294 ac
2724 4240 3085 4301 incommista,
3120 4252 3225 4291 non
3251 4253 3315 4292 ea

112 4330 335 4385 duntaxat
386 4349 511 4403 qua:
545 4332 815 4402 prnritum
849 4328 919 4384 ad
972 4330 1248 4384 libidinem
1292 4331 1512 4394 habent,
1559 4350 1778 4402 remque
1824 4335 2125 4389 maritalem
2154 4343 2441 4401 exercent;
2495 4334 2589 4388 sed
2643 4348 2707 4388 ea
2761 4346 2975 4401 quoque
3002 4347 3119 4400 qua:
3164 4330 3319 4382 hisce

115 4430 216 4475 sunt
249 4423 309 4476 ad
342 4440 478 4493 opus
512 4422 827 4477 obeundum
872 4420 1224 4490 promptiora.
1282 4420 1447 4476 Plane
1479 4425 1746 4494 siquidem
1806 4426 2101 4479 ridiculum
2142 4425 2331 4499 fuerit,
2388 4426 2783 4495 procreationis
2832 4424 3061 4479 ﬁliorum
3120 4422 3317 4474 instru-

114 4523 261 4567 menta
286 4515 490 4583 integra
513 4528 739 4569 servare
768 4526 830 4565 ac
863 4512 1200 4573 intaminata,
1235 4528 1339 4564 non
1369 4514 1494 4567 item
1542 4517 1818 4585 linguam;
1854 4525 1947 4571 aut
1998 4533 2215 4573 servare
2261 4519 2482 4587 quidem
2540 4518 2801 4587 linguam,
2866 4518 3082 4572 oculum
3136 4524 3314 4568 autem

115 4616 186 4660 ut
219 4624 367 4665 aures
398 4620 492 4664 aut
522 4624 720 4664 manus
754 4604 1091 4677 ncquaqua‘i'n
1124 4626 1136 4660 :
1174 4616 1266 4660 aut
1294 4608 1527 4678 denique
1576 4612 1665 4665 illa
1713 4628 1930 4683 quoque
1986 4614 2186 4669 habere
2216 4628 2280 4667 ac
2329 4628 2546 4669 servare
2590 4622 2835 4685 integra,
2874 4630 2981 4667 non
3025 4628 3155 4667 vero
3199 4613 3316 4665 ani-

114 4715 249 4766 mum,
277 4704 365 4757 sed
396 4705 551 4758 illum
584 4703 843 4773 superbia
887 4703 1076 4771 iraque
1106 4704 1474 4773 constuprari.

158 4853 387 4913 “Matth.
418 4874 581 4917 nm,
614 4857 706 4911 25.
798 4858 839 4889 ¹¹
883 4857 1011 4926 Snp.
1045 4873 1142 4920 vii,
1173 4857 1224 4910 9.

170 4973 260 5041 (55)
298 4980 399 5031 Καὶ
423 4980 495 5031 ἐν
526 4976 729 5041 αὐτοῖς
765 4976 1152 5039 ἐξετάζεσθαι.
1188 4977 1252 5029 lu
1286 4954 1393 5029 illis
1427 4981 1637 5037 ιρι-δαῖε,

1753 4979 1960 5029 honeste
1990 4979 2359 5028 ostentantinm
2413 4980 2798 5042 membrorum,
2860 4987 2996 5041 etc.,

118 5047 217 5116 πέεεί
244 5048 360 5114 quid
392 5048 669 5116 ejusmodi
695 5060 761 5100 eo
784 5062 954 5116 sensu
989 5064 1089 5101 vox
1124 5049 1211 5099 illa
1243 5053 1417 5112 potest
1450 5048 1638 5100 reddi:

117 5112 165 5185 de
186 5112 275 5179 qua
308 5112 455 5185 plura
491 5118 748 5171 Budaeus.
778 5115 985 5169 Passim
1015 5120 1066 5169 in
1088 5116 1332 5170 conciliis
1355 5156 1369 5176 ,
1395 5118 1440 5167 οἱ
1460 5116 1645 5180 ἐξετα-

118 5180 286 5251 ζόμενοι
308 5180 362 5238 in
394 5190 581 5257 aliquo
614 5186 783 5257 gradu
823 5188 903 5237 vel
928 5188 1141 5257 ordine,
1191 5188 1279 5254 qui
1313 5186 1364 5237 in
1408 5187 1501 5238 illo
1534 5202 1645 5237 me-

117 5264 217 5307 tu.
252 5260 301 5307 in
334 5257 444 5324 ejus
488 5254 657 5311 censu
693 5265 813 5309 sunt
842 5254 1273 5325 :ﬁEstaCépevo;
1296 5257 1367 5307 ἐν
1412 5258 1523 5317 τοῖς
1559 5257 1648 5306 ἱπ-

116 5325 272 5387 πικοῖς,
305 5343 466 5395 eques
494 5327 800 5380 Romanus.
861 5324 955 5377 llic
986 5324 1145 5393 ergo,
1177 5325 1557 5393 ἐξεταζόμενος
1590 5328 1648 5375 ἐν

116 5396 501 5465 τοξςκοσμικοῖς,
538 5398 633 5465 qui
668 5395 963 5447 mundanus
997 5398 1065 5447 sit
1100 5412 1161 5447 ac
1196 5396 1468 5448 sa‘culnris
1500 5411 1517 5445 :
1550 5410 1648 5448 nec

116 5460 221 5535 bene
261 5460 563 5525 Possiuius,
610 5466 788 5519 studia
822 5481 994 5517 rerum
1045 5467 1433 5535 mundanorum
1484 5466 1644 5515 nimio

119 5534 296 5608 Ἦδαιὶ.
333 5537 483 5599 Quod
530 5537 716 5589 reddit
748 5536 998 5608 Allatiug
1030 5550 1138 5587 non
1196 5534 1456 5602 intelligo,
1490 5543 1540 5586 et
1590 5535 1645 5585 in

120 5602 398 5675 illiiruliqnid
434 5622 551 5658 esse
593 5605 920 5675 contendere.
964 5606 1248 5675 (Iunxeris.

170 5673 263 5739 (δεῖ)
292 5672 376 5729 ’Τὰ
420 5678 653 5728 τούτων
702 5674 1109 5741 ἐνεργέστερα.
1168 5673 1390 5725 Videtur
1450 5672 1643 5740 legisse

119 5733 353 5816 Ptvssiiiius
382 5733 816 5816 ἐναργέστεραξ
848 5733 973 5793 ilum
1009 5733 1525 5816 longaip-iraphrasi
1572 5746 1641 5793 ita

120 5810 284 5867 reddit:
308 5818 441 5881 Qui»
472 5810 654 5883 potius
686 5810 1039 5880 publicorumt
1092 5810 1146 5865 ιὶι
1179 5815 1253 5865 ita
1287 5812 1480 5875 dicam,
1513 5821 1561 5863 et
1592 5826 1645 5864 se

3092 4980 3142 5030 ui
3171 4990 3223 5033 et
3250 4981 3317 5034 τὰ

1753 4995 1960 5029 uonesre
1990 4995 2359 5028 ostentanunm
2413 4995 2759 5030 memorarem
2784 5019 2798 5042 ,
2860 4995 2996 5041 etc.,
3050 4995 3142 5048 qui
3171 4995 3223 5033 et
3250 4995 3317 5034 τα

1753 5046 2041 5114 κνησμώδη
2094 5046 2424 5107 reddiderat,
2478 5065 2538 5099 ea
2586 5064 2701 5116 qum
2730 5050 2898 5115 pudor
2930 5050 3083 5101 celat.
3116 5047 3318 5103 Verum

1747 5117 1960 5183 quidem
2054 5118 2299 5184 utrisque
2361 5123 2473 5169 iure
2518 5119 2774 5171 membris
2825 5128 3168 5185 rumpe-tere;
3223 5120 3317 5173 sed

1748 5200 1856 5238 nou
1886 5201 1949 5237 eo
1972 5196 2251 5253 comparat
2280 5185 2602 5246 Methodius,
2626 5188 2768 5254 quod
2804 5188 2907 5237 alia
2933 5192 3190 5245 nosci-na.
3211 5191 3317 5241 asia

1749 5256 1995 5315 honesta,
2030 5257 2263 5323 hincque
2310 5264 2447 5308 tecta
2489 5257 2615 5311 alia.
2666 5258 2768 5307 alia
2818 5266 2874 5307 ιιι
2906 5258 3191 5309 videantur
3222 5274 3318 5311 ex-

1750 5326 1956 5393 posita;
1990 5325 2082 5377 sed
2110 5326 2254 5392 quod
2305 5327 2384 5378 sic
2422 5328 2663 5392 exposita
2715 5334 2876 5395 atque
2911 5328 3157 5387 honesta,
3193 5342 3317 5394 pro-

1750 5396 2025 5447 cliviorcm
2059 5404 2235 5447 actum
2270 5395 2499 5448 habeant
2536 5411 2822 5457 usumque,
2855 5397 3053 5461 quibus
3092 5397 3319 5463 proinde

1748 5480 1899 5530 aequa
1927 5471 2019 5514 aut
2040 5465 2210 5530 major
2234 5464 2477 5517 habenula
2496 5463 2796 5532 diligentia.
2832 5475 2889 5517 ut
2916 5477 3064 5517 casta
3092 5467 3222 5523 sint,
3252 5482 3319 5519 ne

1748 5534 1879 5600 quid
1909 5533 2143 5585 habeant
2169 5534 2307 5600 quod
2346 5534 2606 5601 virginem
2644 5534 2935 5597 dedeceat;
2972 5544 3028 5585 ut
3060 5547 3185 5587 sunt
3216 5535 3319 5586 liu-

1746 5619 1870 5669 gua,
1905 5604 2069 5659 oculi,
2115 5618 2337 5665 inaniis;
2376 5604 2725 5667 omniumque
2763 5604 2995 5657 niaxime
3028 5604 3127 5669 ipsi
3152 5605 3318 5657 animi

1748 5683 1951 5726 sensus‘
1989 5688 2051 5723 ac
2081 5675 2369 5739 cogitatus,
2400 5681 2549 5724 extra
2585 5688 2721 5737 quos
2763 5674 2940 5725 omnis
2992 5674 3095 5725 alia
3123 5688 3319 5726 emun-

1746 5742 1913 5802 datio,
1946 5744 2128 5794 carnis
2145 5750 2227 5794 est
2246 5752 2300 5794 et
2329 5743 2592 5808 corporis,
2622 5757 2728 5793 non
2758 5742 3033 5795 interioris
3058 5743 3315 5805 hominis,

1747 5826 1910 5879 penes
1941 5826 2097 5879 quem
2122 5826 2245 5864 vera
2274 5810 2555 5876 virginitas
2576 5812 2916 5874 potissimum
2938 5812 3210 5866 consistit.
3239 5811 3312 5863 In.
