4028 6318
657 404 763 460 207

1541 399 1598 455 S.
1641 396 1973 454 METRODll
2004 395 2315 453 EPISCOPI
2344 397 2434 454 ET
2470 398 2828 455 MARTYRIS

3806 402 3915 458 208

730 520 964 577 Prorsus
988 519 1139 575 enim
1167 534 1347 590 operae
1373 527 1609 589 pretium
1632 525 1738 581 est,
1768 525 1829 571 ut
1857 519 1943 573 cui
1971 518 2232 573 constitu-

2417 518 2506 571 Δεῖ
2545 518 2654 589 γὰρ
2689 518 2902 580 πάντως
2940 516 3033 569 τὸν
3082 516 3341 588 μέλλοντα
3384 518 3458 589 μὴ
3498 518 3914 590 ἁμαρτήσεσθαι

656 618 770 664 tum
796 611 867 666 sit
885 624 953 665 ne
971 610 1199 665 colenda
1226 609 1482 664 castitate
1504 621 1536 662 a
1566 608 1847 678 proposito
1869 615 2038 673 erret,
2067 623 2240 663 mem-

657 705 756 757 bra
776 704 959 759 omnia
980 718 1286 773 sensusque
1314 716 1445 758 suos
1468 700 1703 756 mundos
1736 702 2100 771 astrictosque
2123 716 2215 757 ser

654 802 765 856 vet,
797 792 879 849 uti
914 792 1033 849 ﬁeri
1063 794 1118 848 in
1148 792 1371 847 navium
1401 792 1603 847 tabulis
1632 791 1792 860 solet,
1821 808 2053 863 quarum
2075 792 2238 860 junc-

653 890 809 940 turas
860 884 1124 939 navarchi
1159 883 1454 953 diligenter
1496 884 1839 955 agglutinant
1896 885 2234 955 astringunt-

654 988 780 1043 quc,
811 990 882 1030 ne
907 989 1017 1045 qua
1045 974 1255 1030 scilicet
1282 981 1507 1044 peccato
1547 990 1668 1031 sese
1698 974 2007 1030 infundenti
2040 976 2094 1029 in
2118 978 2235 1029 ani-

655 1079 809 1118 mum
850 1065 936 1120 via
972 1075 1133 1136 atque
1164 1066 1345 1121 aditus
1390 1072 1591 1137 pateat.
1633 1064 1771 1121 Nam
1804 1074 1863 1121 ut
1891 1066 2234 1121 nobilissima

652 1168 883 1225 quasque
912 1157 1475 1227 praestantissimaque
1513 1156 1781 1228 professio
1808 1166 1913 1225 est,
1951 1158 2026 1212 ita
2059 1158 2235 1212 maxi-

652 1246 759 1301 mis
806 1248 1256 1319 gravissimisque
1304 1247 1699 1305 oﬂ‘ensionibus
1739 1250 1974 1305 obnoxia
2011 1257 2129 1315 est;
2171 1263 2235 1303 ac

651 1350 781 1390 vere
809 1337 954 1390 bono
982 1337 1183 1390 malum
1216 1338 1388 1407 magis
1416 1337 1758 1401 adversatur,
1796 1350 1961 1407 quam
1997 1336 2047 1389 ei
2087 1334 2232 1404 quod

652 1442 754 1482 nec
789 1428 846 1481 in
876 1430 1033 1483 bonis
1075 1429 1471 1484 numerandum
1498 1436 1604 1483 est.
1638 1427 1791 1482 Multi
1822 1428 2005 1496 itaque
2035 1426 2235 1496 quibus

651 1536 978 1592 persuasum
1005 1530 1174 1590 esset,
1202 1523 1307 1577 hoe
1332 1521 1680 1594 potissimum
1716 1526 1975 1591 praestare
2002 1520 2233 1572 castita-

650 1623 784 1679 tem,
840 1625 899 1669 ut
950 1614 1185 1671 ell‘renes
1235 1614 1563 1669 libidinosas
1593 1621 1763 1668 aestus
1807 1626 1872 1666 ac
1905 1611 2233 1682 cupiditates

651 1709 1005 1776 comprimat,
1058 1707 1269 1777 reliqua
1298 1707 1426 1760 vitae
1454 1704 1803 1759 institutione
1832 1705 2097 1773 neglecta,
2128 1702 2233 1757 hac

647 1812 867 1867 quoque
892 1797 1247 1862 exciderunt;
1280 1795 1480 1864 suique
1530 1793 1816 1850 dedecoris
1855 1800 2088 1865 partem,
2138 1808 2229 1848 re-

2340 609 2468 681 περὶ
2488 611 2585 681 τὴν
2612 610 2843 680 ἄσκησιν
2871 610 2970 680 τῆς
2997 608 3242 676 ἁγνείας,
3267 610 3334 663 τὰ
3365 608 3499 680 μέλη
3530 610 3708 663 πάντα
3732 611 3827 663 καὶ
3846 610 3915 664 τά

2337 701 2666 772 αἰσθητήρια
2687 703 2872 771 τηρεῖν
2894 698 3088 754 ἑαυτοῦ
3112 698 3329 770 καθαρά
3366 702 3462 753 καὶ
3488 702 3910 771 συνεσφιγμένα,

2336 791 2587 863 καθάπερ
2614 792 2677 864 δὴ
2707 794 2800 846 καὶ
2830 792 3048 857 πλοίων,
3073 786 3148 845 ῶν
3175 792 3223 845 οί
3256 791 3584 863 κυὸερνῆται
3610 792 3708 855 τὰς
3740 793 3911 864 ἁρμο-

2335 884 2437 953 γὰς
2492 886 2801 953 σφίγγουσι,
2835 884 2970 955 πρὸς
3020 884 3081 937 τὸ
3133 884 3208 954 μὴ
3258 886 3407 953 σχεῖν
3462 881 3569 936 ἔσω
3615 882 3785 938 δίοδον
3816 886 3915 954 τὴν

2336 976 2609 1047 ἁμαρτίαν
2641 977 3085 1048 ὲπεισχεομένην.
3107 977 3232 1039 Τοῖς
3263 976 3371 1046 γὰρ
3392 975 3645 1047 μεγάλοις
3673 975 3734 1040 ἐξ
3757 977 3919 1043 άνάγ-

2336 1085 2437 1138 κης
2469 1067 2861 1139 ἐπιτηδεύμασι
2906 1066 3118 1138 μεγάλα
3174 1067 3269 1119 καὶ
3314 1065 3381 1118 τὰ
3439 1064 3755 1134 πταίσματα
3787 1081 3920 1135 συμ-

2335 1157 2549 1212 ϐαίνειί
2587 1160 2680 1213 καὶ⁵
2711 1159 2790 1229 τῷ
2830 1158 2944 1212 ὖντι
2972 1159 3048 1229 τῷ
3078 1157 3267 1229 άγαθῷ
3302 1157 3501 1229 μᾶλλον
3533 1154 3920 1225 ἐναντιώτερον

2334 1250 2395 1302 τὸ
2424 1251 2592 1303 κακὸν
2622 1251 2657 1321 ἢ
2690 1250 2768 1321 τῷ
2797 1252 2873 1323 μὴ
2905 1250 3114 1321 ἀγαθῷ.
3146 1250 3336 1304 Πολλοὶ
3365 1245 3480 1314 οὖν,
3508 1247 3822 1315 δοξάζοντες
3860 1248 3922 1299 τὸ

2337 1344 2463 1414 περὶ
2492 1342 2589 1405 τὰς
2620 1343 2931 1414 οἰστρώδεις
2976 1344 3262 1415 καρτερεῖν
3308 1340 3603 1411 ἐπιθυμίας
3647 1334 3788 1392 εἶναι
3818 1339 3922 1410 τὴν

2334 1435 2580 1501 ἁγνείαν,
2625 1433 2735 1487 τῶν
2782 1433 2954 1488 ἄλλων
2988 1433 3384 1505 ἀμελήσαντες,
3424 1432 3592 1502 αὐτῆς
3629 1431 3919 1492 ἔπταισαν,

2334 1524 2429 1578 καὶ
2472 1525 2584 1587 τοῖς
2627 1524 2801 1596 ὀρθῶς
2844 1525 2981 1595 πρὸς
3023 1525 3193 1594 αὐτὴν
3238 1523 3589 1594 ὡρμημένοις
3633 1520 3924 1593 προσ-ἧψαν

2332 1614 2553 1685 ψόγους,
2596 1615 2673 1679 ὡς
2703 1617 2859 1686 ὑμεῖς
2890 1614 3175 1685 ⁴ἡλιὲγξατε,
3225 1615 3388 1684 νόμος
3414 1614 3504 1667 διὰ
3541 1615 3790 1668 πάντων
3831 1612 3924 1664 αὺ-

2332 1705 2425 1758 ταὶ
2469 1706 2577 1778 γὰρ
2626 1704 3053 1778 παρθενεύουσαι
3081 1707 3174 1759 καὶ
3201 1704 3346 1777 ἔργῳ
3389 1705 3485 1758 καὶ
3511 1705 3673 1776 λόγῳ.
3708 1704 3822 1757 Καὶ
3852 1706 3924 1756 τά

2337 1797 2435 1866 μὲν
2472 1797 2536 1869 δὴ
2565 1797 2665 1866 τῆς
2688 1796 2982 1868 παρθένου,
3028 1795 3275 1867 ποταπὴν
3315 1792 3459 1849 εἶναι
3501 1797 3803 1866 προσήκει,
3854 1796 3923 1848 δι-

649 1894 741 1945 cto
769 1888 839 1945 ad
862 1904 982 1943 eam
1008 1888 1226 1943 tramite
1242 1888 1563 1953 nitentibus,
1584 1896 1959 1958 asperserunt,
1997 1886 2076 1941 uti
2108 1901 2227 1953 vos,

2333 1889 2568 1960 εγράφηο
2590 1889 2733 1958 ὑμᾶς
2759 1888 2814 1941 δὲ
2838 1888 3075 1959 διαρκῶς
3096 1886 3514 1958 άγωνισαμένας
3538 1887 3618 1958 τῷ
3637 1886 3804 1957 λόγῳ,
3834 1885 3925 1940 αὖ·

648 1995 772 2052 quae
795 1981 851 2034 in
872 1980 1127 2036 omnibus
1153 1979 1287 2035 estis
1316 1980 1530 2051 regula,
1557 1979 1951 2035 demonstratis
1987 1999 2001 2035 :
2030 1978 2230 2049 quippe

636 2084 772 2127 cum
803 2076 858 2124 et
888 2084 1054 2143 opere
1104 2078 1159 2127 et
1206 2085 1481 2137 sermone,
1524 2085 1621 2125 seu
1663 2070 1974 2125 eruditione
2006 2070 2233 2142 virgini-

2336 1983 2530 2053 τήκοος
2561 1981 2846 2053 γενομένη,
2882 1982 3060 2043 πάσας
3091 1980 3459 2052 ἀποφαίνομαι
3483 1981 3639 2051 νικᾷν
3667 1980 3762 2032 καὶ
3794 1979 3923 2033 στέ-

2332 2089 2446 2141 φω·
2478 2072 2689 2126 Θέκλαν
2732 2074 2789 2127 δὲ
2819 2072 2897 2144 τῷ
2932 2070 3139 2143 μείζονι
3183 2072 3433 2143 στεφάνῳ
3471 2070 3921 2157 καὶρδασντέρῳ,

645 2168 760 2217 tate
799 2160 1120 2231 perfuncta,
1153 2160 1273 2232 ejus
1323 2161 1524 2217 decora
1552 2161 1917 2231 protuleritis.
1951 2159 2019 2215 Et
2061 2162 2232 2233 virgi-

2332 2164 2408 2227 ὡς
2446 2164 2671 2238 πρώτην
2722 2164 2873 2237 ὑμῶν
2907 2165 3001 2218 καὶ
3036 2164 3613 2237 μεγαλοπρεπέστερον
3637 2160 3927 2235 ἐκλάμψα-

646 2268 772 2309 nem
796 2252 1018 2323 quidem
1040 2253 1258 2325 qualem
1282 2268 1406 2310 esse
1426 2252 1617 2309 deceat
1648 2252 2093 2323 perscripsimus.
2118 2246 2232 2314 Vos
2334 2274 2453 2313 σαν.

646 2352 852 2413 autem,
882 2347 1064 2418 amplo
1093 2346 1311 2402 dicendi
1340 2347 1603 2404 facultate
1628 2346 1901 2403 celebrato
1933 2350 2233 2406 certamine
2268 2368 2391 2423 quae
2437 2355 2556 2425 ipsa
2608 2356 2935 2422 audiverim,
2990 2354 3249 2413 victrices
3291 2368 3485 2410 omnes
3522 2351 3827 2429 pronuntio
3858 2366 3927 2406 ac

645 2450 861 2495 corona,
886 2438 1053 2500 dono.
1104 2436 1364 2495 Theclam
1400 2440 1587 2496 tamen
1638 2442 1835 2512 majori
1861 2441 2257 2517 ﬂoridierique,
2290 2454 2350 2501 ut
2382 2447 2527 2502 inter
2550 2443 2649 2505 vos
2676 2450 2999 2521 principem,
3030 2462 3094 2503 ac
3123 2464 3245 2522 quae
3291 2445 3731 2521 magniﬁcentlor
3779 2460 3925 2501 cun-

645 2531 752 2587 etis
777 2532 1065 2588 claruerit.

646 2690 777 2761 CAP.
816 2690 883 2747 Il.
918 2693 1114 2751 Thecla
1140 2696 1391 2767 hymnum
1422 2702 1706 2776 composite
1732 2712 1970 2776 canente,
2000 2704 2217 2775 reliqum
2252 2706 2475 2776 virgines
2512 2704 2593 2757 illi
2638 2704 2935 2759 succinum.
2983 2702 3219 2758 Joannes
3244 2702 3515 2773 Baptista,
3546 2712 3757 2776 martyr
3795 2723 3929 2760 cas-

1605 2774 1797 2827 titatis.
1835 2774 2222 2837 Ecclesia,'l)ei
2246 2774 2467 2845 sponsa,
2495 2777 2719 2838 intacta,
2761 2776 2928 2845 virgo.

713 2908 842 2967 Haec
879 2911 1117 2968 locutam
1156 2914 1376 2972 Aretem
1417 2918 1600 2975 aiebat
1635 2917 1967 2990 Theopatra,
1994 2918 2227 2989 iussisse

2406 2922 2591 2975 Ταῦτα
2621 2917 2715 2974 οὖν
2741 2916 3024 2982 εἰποῦσαν,
3057 2916 3159 2987 ἔφη
3184 2914 3437 2968 κελεῦσαι
3468 2913 3647 2975 πάσας
3676 2914 3923 2984 ἀναστῆ-

647 3010 873 3056 cunctas
905 3015 1216 3074 assurgere,
1241 2991 1295 3060 et
1316 3006 1421 3062 sub
1448 3022 1587 3079 agno
1612 3016 1824 3065 stantes
1858 3009 2111 3082 factaque
2136 3025 2228 3065 co-

2334 3030 2420 3066 ναι
2461 3012 2559 3083 τὴν
2598 3009 2821 3082 Ἀρετὴν
2861 3012 2894 3080 ἡ
2946 3006 3254 3079 Θεοπάτρα,
3304 3006 3399 3059 καί
3443 3006 3623 3067 πάσας
3672 3003 3779 3057 ὑπὸ
3822 3005 3926 3074 τὴν

642 3106 804 3159 rona,
839 3096 1042 3164 gratias
1074 3094 1307 3151 Domino
1333 3113 1398 3151 ac
1423 3100 1617 3155 laudes
1656 3101 1840 3156 debila
1872 3103 2229 3158 veneratione

2335 3104 2498 3171 ἄγνον
2518 3103 2935 3172 εὐχαριστήριον
2959 3101 3125 3171 ὕμνον
3151 3097 3471 3169 πρεπόντως
3493 3092 3824 3163 ἀναπέμψαι
3845 3093 3925 3163 τῷ

644 3183 871 3239 referre.
891 3183 1147 3241 Theclam
1176 3188 1472 3259 auspicari,
1495 3205 1559 3245 ac
1586 3192 1757 3248 choro
1780 3195 1996 3263 praeire.
2022 3196 2091 3252 Ut
2118 3196 2229 3267 igi-

2335 3196 2524 3265 Κυρίῳ
2544 3211 2556 3224 ο
2590 3193 2835 3265 ἐξάρχειν
2873 3194 2930 3247 δὲ
2956 3192 3054 3263 τὴν
3090 3190 3294 3245 Θέκλαν
3330 3187 3427 3243 καὶ
3452 3185 3924 3260 προαφηγεῖσθαι.

644 3282 735 3328 tur
767 3285 1239 3343 assurrexerunt,
1304 3278 1562 3335 Theclam
1636 3283 1896 3337 narrabat
1954 3285 2226 3359 virginem

2344 3288 2432 3352 Ὠς
2460 3283 2555 3341 οὖν
2579 3287 2906 3356 ἀνέστησαν,
2937 3285 3035 3355 τὴν
3057 3284 3261 3337 Θέκλαν
3297 3283 3467 3353 μέσην
3500 3279 3599 3351 μὲν
3627 3277 3736 3331 τῶν
3778 3295 3925 3350 παρ-

644 3364 884 3420 mediam
915 3382 943 3421 a
974 3365 1182 3424 dextris
1216 3368 1413 3427 Aretes
1437 3378 1696 3438 stantem,
1728 3378 2033 3446 composite
2070 3395 2227 3436 cane-

2333 3378 2523 3444 θένων,
2557 3379 2683 3448 ἔφη,
2716 3380 2781 3431 ὲκ
2826 3377 3015 3444 δεξιῶν
3058 3378 3114 3431 δὲ
3159 3376 3257 3446 τῆς
3298 3373 3521 3445 Ἀρετῆς
3556 3372 3781 3434 στᾶσαν,
3823 3388 3924 3423 κε-

644 3472 750 3512 re:
782 3459 1060 3530 reliquas,
1098 3473 1227 3517 vero
1276 3462 1333 3517 in
1381 3461 1568 3516 orbem
1594 3501 1611 3527 ,
1658 3461 1817 3532 quasi
1855 3463 2226 3528 circumducto

2332 3472 2507 3543 σμίως
2533 3470 2754 3541 ψάλλειν
2773 3486 2786 3499 ·
2816 3468 2915 3532 τὰς
2946 3469 3003 3522 δὲ
3035 3467 3227 3531 λοιπὰς
3252 3470 3310 3520 ὲν
3336 3464 3537 3534 κύκλῳ,
3569 3461 3831 3533 καθάπερ
3862 3465 3923 3517 ἐν

643 3548 835 3619 choro,
872 3552 951 3606 illi
980 3552 1267 3610 succinere
1292 3569 1357 3610 ac
1387 3556 1742 3627 respondere.

1303 3685 1573 3757 Hypacoe.

717 3809 841 3871 Tibi
896 3831 985 3871 me
1026 3832 1185 3871 servo
1232 3826 1463 3887 castam,
1514 3832 1571 3877 et
1611 3824 1986 3894 splendentem
2034 3840 2226 3886 tenens

639 3906 974 3979 lampadem,
1006 3904 1241 3977 Sponse,
1276 3910 1379 3963 tibi
1408 3925 1661 3967 occurro.

1287 4043 1565 4102 Psalmus.

710 4153 961 4223 leitus,
1012 4157 1287 4229 virgines,
1328 4162 1588 4219 clamoris
1632 4165 1927 4223 cxcitantis
1975 4178 2225 4227 mortuos

641 4261 813 4303 sonus
837 4250 1006 4315 venit,
1035 4248 1250 4319 Sponso
1269 4252 1466 4322 iubens
1500 4256 1663 4313 simul
1687 4265 1876 4314 amnes
1902 4259 2116 4315 obviam
2144 4261 2223 4317 ire

641 4339 698 4392 in
729 4341 885 4396 stolis
928 4342 1066 4396 albis
1093 4352 1147 4397 et
1176 4344 1542 4414 lampadibus,
1572 4350 1838 4406 orientem
1862 4367 2076 4408 versus.
2110 4352 2221 4408 Ex-

640 4428 1014 4497 pergiscimini
1041 4430 1360 4503 priusquam
1393 4444 1624 4505 occupet
1653 4437 1797 4493 intra
1835 4447 2023 4510 portas
2056 4457 2221 4511 pene-

638 4526 788 4574 trare
812 4518 947 4577 Rex.

712 4607 833 4663 Tibi
885 4626 971 4665 me
1017 4628 1178 4668 servo
1226 4623 1459 4681 castam,
1509 4623 1564 4671 et
1603 4620 1978 4688 Splendentem
2029 4634 2218 4680 tenens
2252 4617 2298 4675 υ

637 4696 964 4769 lampadem,
1002 4699 1233 4771 Sponse,
1263 4707 1363 4761 tibi
1394 4722 1645 4761 occurro.

710 4787 1017 4844 Mortalium
1047 4793 1295 4849 luctuosa
1320 4797 1483 4851 nimis
1511 4813 1742 4853 excussa
1766 4800 2041 4870 felicitate,
2069 4818 2219 4873 spre—

2330 3561 2491 3635 χοροῦ
2524 3564 2762 3632 σχήματι
2794 3559 3085 3623 συστάσας,
3115 3556 3411 3611 ὑπακούειν
3439 3557 3595 3625 αὐτῇ.

2973 3689 3249 3755 Ὺπακοή.

2411 3831 2653 3900 ’Ᾱγνεύω
2687 3848 2789 3895 σοι,
2826 3831 2919 3883 καὶ
2957 3830 3246 3901 λαμπάδας
3293 3826 3633 3897 φαεσφόρους
3681 3826 3918 3899 κρατοῦ-

2331 3940 2420 3989 σα,
2450 3922 2694 3993 Νυμιρίε,
2722 3922 3011 3975 ὑπαντάνω
3037 3939 3138 3975 σοι.

2986 4055 3251 4123 Ψαλμός.

2403 4168 2661 4232 Ἀνωθεν,
2693 4167 2971 4239 παρθένοι,
3007 4166 3133 4237 βοῆς
3165 4163 3542 4235 ὲγερσίνεκρος
3586 4160 3717 4236 ἦχος
3745 4161 3909 4237 ἦλθε,

2328 4259 2565 4330 Νυμφίῳ
2591 4260 2763 4327 λέγων
2792 4257 3027 4311 πασσυδὶ
3058 4256 3381 4309 ὑπαντάνειν
3412 4255 3660 4309 λευκέσιν
3691 4258 3752 4308 ὲν
3778 4275 3909 4311 στο-

2328 4352 2445 4415 λαῖς
2492 4352 2586 4405 καὶ
2640 4350 2907 4422 λαμπάσι,
2961 4352 3096 4422 πρὸς
3141 4350 3424 4412 ἀνατολάς.
3456 4347 3724 4419 Ἐγρεσθε
3773 4352 3909 4421 πρὶν

2329 4444 2511 4515 φθάσῃ
2546 4445 2727 4516 μολεῖν
2753 4444 2883 4497 εἵσω
2908 4442 3087 4513 θυρῶν
3120 4441 3308 4508 Ἀναξ.

2407 4626 2643 4693 Ἀγνεύω
2675 4645 2778 4690 σοι,
2813 4626 2906 4679 καὶ
2948 4624 3234 4694 λαμπάδας
3279 4624 3619 4694 φαεσφόρους
3668 4624 3887 4692 κρατοῦ

2322 4732 2409 4779 σα,
2445 4717 2685 4786 Νυμφίε,
2716 4715 3006 4769 ὑπαντάνω
3032 4729 3131 4765 σοι.

2392 4805 2607 4876 Βροτῶν
2641 4804 3067 4858 πολυστένακτον
3097 4803 3250 4858 ὄλϐον
3287 4802 3615 4873 ἐκφυγοῦσα,
3652 4805 3745 4857 καὶ
3778 4804 3901 4874 βίου

636 4877 816 4947 tisque
866 4881 990 4935 vitae
1023 4882 1319 4940 luxuriosae
1351 4888 1565 4943 deliciis
1610 4903 1923 4961 amoreque,
1958 4896 2067 4948 tuis
2114 4896 2216 4950 sub

2332 4900 2527 4969 τρυφῆς
2557 4898 2769 4961 άδονὰς,
2806 4898 3001 4969 ἔρωτα,
3036 4901 3154 4961 σαῖς
3180 4900 3269 4951 ὑπ’
3292 4896 3557 4966 ἀγκάλαις
3590 4895 3904 4971 ζωηφόροις

639 4967 786 5029 ulnis
821 4969 1120 5027 salutiferis
1165 4978 1374 5046 protegi
1424 4978 1697 5045 desidero,
1750 4990 1803 5035 et
1853 4995 2000 5038 tuam
2037 4986 2218 5041 videre

636 5073 872 5127 semper,
904 5077 937 5115 0
977 5062 1156 5125 Beate,
1192 5068 1676 5134 pulchritudinem.

706 5147 828 5202 Tibi
887 5166 974 5205 me
1028 5168 1185 5209 servo
1218 5170 1446 5223 castam,
1498 5171 1551 5215 et
1608 5162 1980 5232 splendentem
2023 5179 2215 5226 tenens

633 5242 959 5311 lampadem,
994 5244 1224 5315 Sponse,
1256 5252 1351 5305 tibi
1385 5266 1637 5310 occurro.

706 5330 933 5389 Relictis
976 5339 1286 5393 mortalium
1333 5344 1648 5411 nuptiarum
1681 5348 1818 5401 teris
1852 5363 1914 5403 ac
1950 5353 2134 5419 domo,
2180 5370 2213 5407 ο

2320 4989 2468 5043 ποθῶ
2504 4988 2830 5056 σκέπεσθαι,
2864 4990 2956 5041 καὶ
3006 4988 3223 5058 βλέπειν
3266 4988 3327 5041 τὸ
3371 4987 3461 5041 σὸν
3491 4987 3683 5053 κάλλος
3712 4990 3902 5060 διηνε-

2318 5081 2449 5146 κῶς,
2480 5082 2703 5153 Μάκαρ.

2402 5174 2642 5241 Ἀγνεύω
2698 5192 2798 5236 σοι,
2832 5175 2924 5226 καὶ
2958 5173 3241 5244 λαμπάδας
3289 5173 3623 5244 φαεσφόρους
3667 5173 3902 5249 κράτος)-

2320 5280 2407 5326 σα,
2434 5265 2671 5333 Νυμφίε,
2704 5266 2995 5317 ὑπαντάνω
3030 5284 3130 5319 σοι.

2389 5358 2583 5428 Γάμων
2615 5356 2847 5410 λιποῦσα
2866 5358 2933 5409 τά
2956 5357 3122 5428 θνητά
3144 5358 3365 5426 λέκτρα,
3390 5357 3482 5409 καὶ
3506 5356 3897 5425 δόμον,”Αναξ,

630 5423 772 5489 Rex,
807 5436 1030 5498 propter
1055 5435 1129 5494 te,
1166 5434 1284 5486 auri
1312 5435 1471 5503 plena
1500 5434 1839 5495 intaminatis
1876 5441 1933 5495 in
1969 5445 2210 5502 vestibus

2332 5448 2401 5501 Ξιὰ
2434 5451 2515 5513 σὲ,
2547 5449 2901 5519 πολύχρυσον,
2934 5446 3096 5519 ἦλθον
3122 5450 3368 5511 άσπίλοις
3399 5453 3454 5503 ἐν
3484 5453 3721 5522 εἵμασιν,
3745 5451 3902 5513 ὅπως

631 5519 777 5580 veni,
821 5530 881 5573 ut
912 5530 967 5575 et
998 5535 1099 5593 ego
1134 5540 1241 5591 una
1270 5536 1449 5582 tecum
1487 5535 1629 5585 intra
1660 5532 2007 5593 beatissimos
2036 5539 2207 5592 thala-

632 5624 751 5664 mos
779 5612 1053 5673 admittar.

703 5699 823 5755 Tibi
878 5718 964 5760 me
1018 5720 1178 5763 servo
1217 5719 1457 5775 castam,
1492 5720 1548 5767 et
1592 5718 2208 5785 splendentem-teneas

635 5792 959 5866 lampadem,
1002 5795 1233 5870 Sponse,
1270 5804 1363 5861 tibi
1395 5820 1647 5867 occurro.

2316 5540 2505 5607 φθάσω
2536 5542 2691 5610 κάγὼ
2723 5542 3023 5597 πανολὸίων
3070 5543 3324 5614 θαλάμων
3372 5546 3501 5597 εἴσω
3546 5545 3642 5597 σὺν
3685 5544 3771 5595 σοὶ
3808 5561 3903 5613 μο-

2316 5630 2428 5684 λεῖν
2437 5675 2451 5687 .

2402 5722 2640 5790 ’Δγνεύω
2682 5741 2784 5787 σοι,
2823 5726 2916 5778 καὶ
2944 5724 3233 5797 λαμπάδας
3279 5729 3616 5798 φαεσφόρους
3667 5728 3901 5799 κρατοῦο

2321 5832 2407 5873 σα.
2444 5816 2683 5875 Νυμφίε.
2713 5820 3001 5873 ὑπαντάνω
3037 5837 3137 5874 σοι.
