4028 6318
115 291 200 338 ιη
1182 285 1569 346 CONVIVIUM
1607 285 1839 343 DECEM
1881 285 2248 344 VIRGINUM.

3239 288 3350 343 218

118 398 315 454 mihi
337 401 372 472 ἢ
397 403 771 473 σννταράσσον
793 404 884 458 τὸν
907 403 1186 475 ὀφθαλμὸν
1211 404 1309 473 τῆς
1331 400 1506 472 ψυχῆς
1534 401 1668 472 πρὸς

1778 417 1880 471 quo
1909 402 2092 456 minus
2137 402 2194 456 in
2245 399 2340 456 Dei
2389 400 2656 456 visionem
2688 401 3012 472 intendant;
3061 403 3158 461 sed
3201 406 3352 460 omni

113 493 197 562 τὴν
220 491 362 545 θείαν
393 493 750 566 ἐπιφέρονται
784 495 1040 568 θεωρίαν
1066 495 1178 549 ἀλλ’
1211 495 1365 559 ἐκτὸς
1390 495 1670 564 γεγονότες

113 583 210 637 τῶν
240 583 462 655 ὀρέξεων
485 585 664 658 πάντη
693 585 807 641 τῶν
835 587 1134 657 κοσμικῶν,
1163 586 1261 657 τὴν
1299 586 1475 657 σάρκα
1501 585 1671 638 καθα-

114 675 204 744 ρὰν
246 677 303 728 οὐ
352 675 531 745 μόνον,
565 676 642 741 ὡς
683 677 839 748 ἔφην,
873 677 1073 749 μίξεως
1113 676 1390 749 τηροῦσιν,
1427 677 1540 730 ἀλλ’
1568 676 1668 746 ἤδη

109 766 194 818 καὶ
224 767 318 838 τὴν
344 769 572 839 καρδίαν
605 771 951 824 ἀνεπίδεκτον
983 769 1254 839 λογισμῶν
1293 770 1582 841 ἀκρασίας,
1612 772 1670 822 ὲν

108 851 138 929 ᾖ
166 857 395 926 μάλιστα
437 861 534 912 καὶ
563 862 631 914 ’τδ
675 863 849 930 ἅγιον,
876 860 951 925 ὡς
978 863 1038 914 ὲν
1064 859 1196 930 ναῷ,
1231 861 1514 914 κατοικοῦν
1539 862 1670 914 ἀνα-

109 949 330 1002 παύεται
357 950 603 1023 Πνεῦμα.

166 1038 460 1093 ΕΥΒΟΥΛ.
505 1041 636 1111 Ἔχε
685 1041 770 1113 δή.
813 1037 978 1111 Οἶμαι
1027 1042 1134 1114 γὰρ
1183 1041 1275 1096 ἐπὶ
1321 1041 1419 1111 τὴν
1453 1039 1669 1112 εὕρεσιν

105 1130 203 1184 τῶν
232 1131 400 1195 ὖντως
423 1133 746 1203 κρειττόνων
775 1132 1059 1204 ὀρθότερον
1090 1135 1234 1205 ἡμᾶς
1263 1131 1510 1186 ἐντεῦθεν
1531 1131 1668 1185 διελ-

108 1221 228 1276 θεῖν.
260 1223 370 1276 Καί
402 1241 493 1294 μοι
519 1225 754 1296 φράσον·
791 1224 970 1288 καλεῖς
1010 1242 1130 1279 τινα
1161 1225 1497 1299 κυϐερνήτην
1531 1226 1671 1294 ἁγα-

107 1313 189 1365 εόν
209 1331 225 1378 ς

168 1407 364 1462 ΓΡΗΓ.
410 1409 646 1477 Ἔγωγε.

170 1497 463 1554 ΕΥΒΟΥΔ.
507 1500 740 1570 Πότερον
768 1500 859 1554 τὸν
879 1500 937 1554 ὲν
969 1501 1231 1571 μεγάλαις
1252 1503 1346 1557 καί
1370 1504 1673 1574 ἀμηχάνοις

107 1589 477 1658 περισώσαντα
527 1590 716 1657 ζάλαις
763 1592 824 1645 τὺ
880 1593 1106 1665 σκάφος,
1141 1596 1176 1667 ἢ
1227 1598 1315 1650 τὸν
1367 1599 1425 1651 ὲν
1463 1597 1674 1670 γαλήνῃ

108 1680 357 1751 vivatis;

172 1861 366 1914 ΓΡΗΓ.
409 1863 515 1916 Τδν
551 1863 609 1914 ὲν
644 1861 907 1933 μεγάλαις
934 1863 1030 1918 καὶ
1055 1863 1377 1935 ἀμηχάνοις.

173 1953 462 2009 ΕΥΒΟΥΛ.
503 1953 711 2008 Οὐκοῦν
739 1955 832 2007 καὶ
859 1955 1035 2026 ψυχὴν
1056 1957 1154 2026 τὴν
1182 1958 1498 2027 περιαντλον
1508 1960 1673 2031 μένην

110 2047 216 2108 ταῖς
238 2045 554 2116 τρικυμίαις
583 2046 690 2099 τῶν
718 2045 1076 2117 παθημάτων,
1107 2048 1201 2102 καὶ
1229 2049 1303 2120 μὴ
1331 2050 1676 2121 ἀποκάμνον-

115 2154 203 2191 an
231 2139 266 2208 ἢ
295 2137 645 2210 ἐκλυομένην,
675 2139 810 2193 ἀλλὰ
840 2140 903 2192 τὸ
936 2140 1160 2208 σκάφος,
1193 2141 1291 2212 τὴν
1317 2143 1514 2214 σάρκα,
1547 2161 1672 2211 γεν-

113 2230 263 2291 ναίως
290 2232 370 2292 είς
400 2230 592 2299 λιμένα
618 2231 711 2283 τὸν
744 2235 843 2302 τῆς
867 2233 1217 2304 σωφροσύνης
1245 2234 1670 2302 άπευθύνουσαν,

114 2319 324 2388 λέξομεν
353 2320 454 2388 τῆς
483 2323 539 2372 ὲν
568 2321 718 2392 εὐδίᾳ.
746 2320 1102 2394 πλοϊζομὲνης
1133 2323 1413 2394 κρείττονα
1455 2327 1548 2380 καὶ
1588 2327 1676 2380 δο-

116 2410 433 2480 κιμωτέραν.

179 2591 372 2644 ΓΡΗΓ.
415 2591 677 2662 Λέξομεν.

179 2684 467 2737 ΕΥΒΟΥΛ.
512 2683 585 2737 Τὸ
615 2684 724 2757 γάρ
763 2686 1095 2756 ἁρμόζεσθαι
1126 2687 1261 2760 πρὸς
1304 2687 1402 2754 τὰς
1444 2688 1677 2760 ἐμϐολάς

117 2770 215 2826 τῶν
242 2776 717 2847 καταῃυσημάτων
735 2774 830 2828 τοῦ
857 2776 1092 2847 πονηροῦ
1121 2778 1449 2849 πνεύματος,
1481 2780 1573 2834 καὶ
1603 2779 1677 2852 μὴ

119 2866 592 2938 ἀπορρἕπτεσθαιῆ
621 2867 894 2931 νικᾶσθαι,
924 2868 1060 2923 ἀλλά
1089 2871 1263 2925 πάντα
1291 2870 1426 2940 πρὸς
1447 2871 1677 2941 Χριστὸν

118 2956 455 3023 ἀνανεύοντα,
487 2959 771 3031 καρτερῶς
803 2960 1064 3030 μάχεσθαι
1085 2964 1204 3025 ταῖς
1230 2963 1462 3032 ἡδοναῖς,
1500 2960 1680 3031 μείζο-

1770 506 1953 544 rerum
1985 491 2329 546 saecularium
2359 490 2655 561 cupiditate
2677 492 2977 561 eliminata,
3000 495 3200 550 nedum
3228 509 3354 549 car-

1772 595 1894 636 nem
1921 620 1935 644 ,
1964 583 2044 635 uti
2073 582 2345 645 dicebam,
2376 598 2406 638 a
2441 583 2720 639 libidinosi
2747 598 3082 655 congressus
3113 587 3355 658 turpitu—

1770 671 1897 726 dine
1927 672 2224 728 immunem
2265 682 2522 742 servant;
2555 690 2742 730 verum
2776 677 2938 730 etiam
2964 683 3024 730 ut
3052 677 3239 733 condis
3261 691 3356 746 pe-

1770 764 1977 818 netrale
2007 763 2084 833 (in
2119 781 2228 835 quo
2260 773 2313 820 et
2358 769 2615 828 maxime.
2644 776 2702 822 ut
2748 767 2802 822 in
2855 768 3077 837 templo,
3113 767 3354 838 Spiritus

1769 861 1995 909 sanctus
2022 856 2363 939 conquiescit
2393 863 2447 911 et
2489 858 2720 929 habitat)
2755 860 2920 914 nullis
2947 859 3206 916 obscenis
3255 874 3353 914 co-

1771 947 2121 1017 gitationibus
2153 955 2352 1016 pateat.
2383 949 2574 1003 sedulo
2598 959 2801 1005 navant
2833 965 3074 1021 Operam.

1845 1037 2098 1094 EUBUL.
2132 1037 2276 1094 Siste
2327 1041 2463 1108 jam.
2523 1040 2659 1096 Puto
2691 1044 2835 1097 enim
2885 1042 2952 1097 ad
2985 1043 3353 1116 investigatio-

1774 1143 1896 1183 nem
1923 1131 2045 1200 ejus
2090 1131 2235 1201 quod
2266 1147 2391 1186 vere
2442 1135 2794 1202 praestantius
2838 1144 2964 1200 est,
3001 1137 3203 1191 rectius
3248 1152 3352 1193 nos

1772 1221 1902 1278 hinc
1945 1239 2349 1295 progressuras.
2390 1223 2505 1291 Dic,
2532 1241 2741 1297 quaeso,
2773 1242 2943 1287 vocas
2983 1230 3218 1302 aliquem
3247 1230 3351 1288 bo-

1774 1331 1904 1370 num
1936 1316 2394 1386 gubernatorem?

1845 1407 2050 1463 GBEG.
2088 1407 2252 1465 Sane.

1844 1497 2096 1556 EUBUL.
2150 1500 2322 1566 Quem
2352 1502 2546 1556 vero?
2581 1501 2664 1556 An
2715 1518 2839 1558 eum
2873 1504 2966 1575 qui
3028 1506 3084 1561 in
3137 1510 3354 1580 magnis

1774 1589 2380 1661 vehementissimisque
2411 1591 2826 1661 tempestatibus
2865 1607 3059 1648 navem
3095 1610 3355 1654 servave-

1779 1681 1882 1747 rit;
1915 1695 1985 1736 an
2016 1681 2110 1752 qui
2161 1681 2302 1738 idem
2359 1685 2415 1737 in
2462 1698 2658 1739 serena
2709 1686 3104 1756 tranquillitate
3136 1690 3354 1760 prasti-

1775 1772 1940 1826 terit?

1843 1861 2048 1916 GltEG.
2086 1860 2286 1931 Utique
2308 1865 2400 1932 qui
2437 1865 2492 1918 in
2527 1867 2740 1937 magnis
2776 1875 2831 1922 et
2854 1867 3063 1924 arduis.

1844 1952 2095 2008 EUBUL.
2121 1953 2288 2023 Igitur
2320 1961 2374 2008 et
2409 1956 2651 2010 animum
2687 1960 2848 2014 saevis
2877 1960 3350 2031 perturbationum

1773 2042 2028 2097 fluctibus
2052 2042 2348 2111 jactatum,
2400 2057 2500 2098 nec
2539 2055 2824 2114 prepterea
2873 2055 3132 2101 conatum
3163 2047 3356 2102 remit-

1775 2143 1974 2191 tentem
2010 2144 2103 2191 aut
2132 2135 2496 2199 fatiscentem,
2527 2118 2622 2190 s'ed
2641 2137 2887 2207 cymbam
2913 2176 2928 2200 ,
2976 2152 3196 2193 carnem
3243 2141 3353 2192 uti-

1773 2244 1898 2297 que,
1934 2228 2133 2282 invicta
2163 2227 2412 2297 generosi
2445 2228 2708 2297 propositi
2737 2229 3049 2282 constantia
3082 2228 3148 2283 ad
3180 2229 3354 2282 casti-

1774 2321 1902 2373 tatis
1937 2327 2152 2390 portum
2186 2318 2509 2388 dirigentem
2541 2358 2556 2382 ,
2620 2318 3057 2388 prmstantiorem
3101 2318 3352 2375 dicemus

1774 2412 2318 2482 probattequepiagis
2352 2410 2587 2473 virtutis,
2617 2424 2706 2475 eo,
2736 2410 2830 2480 qui
2871 2410 2928 2464 in
2965 2409 3196 2465 malacia
3249 2423 3350 2481 pa-

1775 2504 1882 2558 cati
1905 2503 2070 2560 maris
2097 2517 2290 2557 secure
2310 2500 2659 2572 jucundeque
2687 2501 2924 2572 navigat.

1847 2591 2054 2647 GREG.
2101 2593 2378 2649 Dicemus.

1848 2684 2097 2742 EUBIJL.
2127 2685 2258 2739 Nam
2287 2684 2456 2739 obniti
2485 2685 2847 2740 renitentibus
2889 2691 3173 2739 ventorum
3203 2681 3349 2739 ﬂati-

1776 2778 1902 2842 bus,
1925 2793 2063 2845 quos
2109 2783 2299 2830 contra
2353 2776 2595 2827 immittit
2652 2791 2885 2844 nequam
2937 2777 3210 2846 spiritus:
3246 2791 3351 2832 nec

1777 2867 1978 2924 inﬂecti
2007 2878 2186 2921 tamen
2220 2881 2456 2934 unquam
2479 2866 2706 2934 dejicive
2730 2875 2824 2921 aut
2854 2867 3023 2933 vinci;
3072 2865 3205 2936 quin
3252 2881 3352 2935 po-

1777 2960 1887 3012 tius
1917 2957 2100 3010 animo
2149 2969 2362 3023 semper
2408 2953 2465 3008 in
2493 2953 2769 3010 Christum
2832 2956 3080 3019 intento,
3137 2953 3353 3009 fortiter

120 3064 180 3100 να
207 3047 298 3102 τὸν
334 3050 553 3105 ἔπαινον
577 3051 751 3124 φέρει,
782 3052 875 3106 τοῦ
910 3053 1048 3124 μετὰ
1077 3053 1356 3126 ῥᾳστώνης
1389 3053 1675 3126 ἀχειμαστὶ

1783 3061 2084 3119 repugnare
2117 3047 2505 3115 voluptatibus,
2540 3048 2800 3117 majorem
2834 3046 3078 3117 profecto
3131 3045 3350 3101 iaudem

119 3140 551 3212 παρθενεόοψτος.

183 3320 377 3379 ΓΡΗΓ.
421 3323 624 3374 Ἐοικε.

187 3411 473 3473 ΕΥΒΟΥΛ.
517 3413 583 3466 Τί
611 3412 666 3464 δὲ
699 3412 792 3466 καὶ
818 3413 846 3464 ό
871 3410 1076 3484 Κύριος
1098 3427 1112 3477 ;
1147 3412 1222 3466 Οὐ
1248 3411 1392 3464 δοκεῖ
1408 3409 1679 3466 δεικνύναι

128 3501 383 3576 διαφέρειν
411 3504 500 3557 τὸν
526 3503 892 3573 ἐπιθυμοῦντα
925 3503 1121 3572 μᾶλλον
1156 3503 1250 3557 καὶ
1283 3503 1682 3579 ὲγκρατεύογτα

129 3592 210 3647 τοῦ
245 3594 314 3666 μὴ
340 3593 734 3666 ἐπιθυμοῦντός
757 3611 817 3646 τε
850 3595 944 3647 καὶ
978 3593 1436 3666 παρθενεύοντος;

191 3861 375 3917 rear.
420 3863 531 3916 Ποῦ
565 3862 661 3933 δή;

191 3951 472 4004 ΕΥΒΟΥΛ.
522 3950 688 4003 Ἔνθα
736 3949 826 4002 τὸν
859 3950 1118 4022 φρόνιμον
1149 3949 1509 4023 παραϐάλλων
1540 3952 1684 4025 οἰκίᾳ

128 4040 547 4114 τεθεμελιωμένῃ
579 4041 778 4105 καλῶς,
809 4042 1054 4095 ἄπτωτον
1095 4042 1258 4095 αὑτὸν
1305 4042 1680 4110 ἀποφαίνεται,

131 4132 196 4201 μὴ
222 4133 511 4202 δυνάμενον
545 4133 652 4185 ἀπὸ
678 4134 774 4203 τῆς
808 4132 1006 4204 βροχῆς
1031 4134 1124 4186 καὶ
1164 4134 1270 4187 τῶν
1305 4135 1562 4206 ποταμῶν
1591 4136 1684 4188 καὶ

129 4223 223 4275 τῶν
252 4224 462 4296 ἀνέμων
492 4224 920 4294 καταδληθῆναιο
950 4227 1071 4289 ταῖς
1104 4227 1204 4298 μὲν
1237 4227 1574 4298 ἐπιθυμίαις,
1608 4227 1684 4292 ὠς

128 4315 307 4380 ἔοικεν,
337 4318 648 4382 ἀπεικάζων
688 4317 812 4382 τοὺς
839 4318 1110 4388 χειμῶνας
1129 4336 1144 4350 ’
1173 4323 1239 4391 τῇ
1275 4321 1331 4374 δὲ
1378 4320 1553 4393 πέτρᾳ
1587 4319 1684 4388 τὴν

1781 3139 1957 3204 ail‘ert,
1983 3155 2143 3210 quam
2169 3139 2223 3192 in
2261 3154 2475 3195 ammno
2499 3139 2762 3209 beatoque
2796 3139 3103 3210 tranquilla
3125 3136 3354 3211 virgini-

1780 3233 1909 3288 tatis
1944 3238 2104 3302 portu
2131 3230 2399 3286 desidere.

1851 3321 2058 3378 GREG.
2090 3323 2328 3392 Apparet
2359 3322 2430 3375 ita
2451 3336 2598 3376 esse.

1852 3413 2105 3471 EUBUL.
2132 3413 2274 3480 Quid
2324 3427 2453 3466 vero
2477 3419 2532 3465 et
2569 3409 2874 3464 Dominus?
2918 3407 3110 3464 Nonne
3141 3406 3356 3463 videtur

1781 3507 2089 3567 ostendere,
2119 3520 2241 3559 eum
2268 3502 2361 3572 qui
2414 3503 2871 3571 concupiscentiae
2903 3511 3074 3555 (nstro
3111 3499 3354 3569 jactatus

1781 3597 2170 3651 continentiam
2207 3598 2408 3655 teneat,
2437 3593 2593 3661 longe
2627 3591 2706 3645 illi
2739 3591 3073 3662 praecellere,
3103 3588 3197 3659 qui
3247 3589 3354 3642 bu-

1777 3689 1870 3759 jus
1897 3701 2087 3758 pugnae
2115 3699 2342 3740 securus
2367 3721 2382 3749 ,
2426 3685 2722 3754 sedataque
2765 3691 2858 3736 aut
2901 3682 3052 3736 nulla
3089 3679 3346 3751 concupi-

1783 3778 2009 3841 scentia,
2032 3775 2344 3844 virginitate
2378 3774 2618 3846 fulgeat?

1853 3866 2058 3922 GBEG.
2090 3865 2191 3921 Ubi
2226 3883 2353 3922 vero
2378 3867 2490 3922 haec
2526 3867 2827 3923 Dominus?

1853 3956 2100 4013 LUBUL.
2163 3956 2264 4012 Ubi
2337 3959 2594 4013 nimirum
2672 3961 2968 4028 sapientem
3031 3970 3356 4027 comparans

1783 4066 1904 4106 cum
1928 4050 2090 4104 domo
2128 4050 2264 4105 bene
2287 4049 2532 4114 fundata,
2563 4051 2904 4105 inconcussae
2931 4065 3049 4105 eam
3081 4051 3358 4106 firmitatis

1783 4156 1904 4196 esse
1933 4141 2215 4204 decernit,
2265 4155 2426 4210 quam
2470 4140 2673 4194 imbres
2725 4140 2996 4193 irruentes
3043 4145 3096 4192 et
3133 4137 3357 4192 ﬂumina

1785 4240 2180 4302 ventorumque
2222 4234 2306 4286 vis
2339 4232 2574 4299 dejicere
2605 4246 2711 4284 non
2765 4232 3000 4301 potuerit
3036 4233 3102 4284 ".
3151 4230 3357 4301 Nempe

1785 4324 1888 4377 hoc
1923 4325 2112 4381 volens
2140 4343 2153 4378 :
2187 4339 2283 4393 per
2312 4329 2664 4392 tempestates
2700 4332 2997 4391 ventosque
3019 4331 3073 4377 et
3103 4322 3315 4391 pluvias
3339 4363 3356 4389 ,

130 4409 368 4479 ἀκίνητον
398 4412 644 4466 ἔνστασιν
690 4411 783 4463 καὶ
815 4411 1152 4468 ἀδιάπτωτον
1199 4415 1297 4486 τῆς
1341 4414 1516 4484 ψυχῆς
1554 4413 1675 4484 περὶ

1786 4416 2238 4487 concupiscentiae
2292 4423 2459 4469 mstus
2508 4414 2821 4484 designari;
2878 4422 3044 4484 petrae
3092 4431 3222 4470 vero
3259 4431 3361 4470 no.

133 4500 214 4572 τὴν
241 4504 477 4571 ἁγνείαν.

192 4770 377 4823 ΓΡΗΓ.
435 4769 634 4840 ’Δληθῆ
662 4767 837 4838 λέγειν
867 4769 1062 4834 δόξαις.

192 4861 480 4917 ΕΥΒΟΥΛ.
522 4863 584 4915 Τί
622 4863 709 4914 δαὶ
737 4861 831 4914 καὶ
854 4863 1062 4933 ἱατρόν;
1095 4867 1168 4918 Οὐ
1194 4865 1283 4919 τὸν
1303 4867 1394 4920 ἐπὶ
1419 4865 1679 4935 μεγάλαις

138 4953 221 5023 ηἱη
259 4953 708 5025 δεδοκιμασμένον
739 4953 936 5018 νόσοις,
971 4958 1062 5010 καὶ⁵
1103 4958 1330 5023 πολλοὺς
1373 4958 1682 5028 ἰασάμενον,

139 5048 336 5114 1ριστον
367 5045 550 5109 καλεῖς
565 5064 580 5111 ;

195 5135 380 5189 ΓΡΗΓ.
425 5137 660 5207 Ἔγωγε.

193 5227 476 5282 ΕΥΒϋΥΔ..
520 5230 623 5280 Τὸν
654 5231 709 5286 δὲ
746 5231 910 5293 μηδὲν
961 5230 1182 5302 μηδέπω
1231 5230 1685 5303 διαπραξάμενον,

1789 4508 1955 4573 mine,
1992 4507 2320 4563 immobilem
2349 4506 2676 4576 virginitatis
2701 4509 2982 4577 proposito
3013 4508 3183 4562 animi
3220 4523 3360 4563 con-

1788 4599 2046 4652 stantiam
2077 4612 2139 4651 ac
2172 4597 2439 4651 castitatis
2469 4597 2858 4652 inconcussum
2907 4605 3150 4655 tenorem
3179 4597 3362 4654 decla-

1782 4691 1916 4744 rari.

1857 4780 2068 4838 GREG.
2109 4779 2289 4835 Videri
2324 4782 2502 4851 possis
2527 4797 2651 4836 vera
2696 4783 2896 4838 dicere.

1859 4870 2108 4930 EUBUL.
2158 4873 2301 4939 Quid
2355 4889 2486 4928 vero
2520 4883 2574 4928 et
2611 4876 2926 4930 medicum?
2964 4874 3052 4930 An
3092 4890 3203 4929 non
3236 4889 3361 4929 eum

1791 4982 1955 5022 vocas
1988 4966 2263 5036 habesque
2291 4966 2576 5036 Optimum,
2603 4967 2694 5036 qui
2735 4967 2790 5021 in
2829 4969 3041 5036 magnis
3068 4967 3181 5036 jam
3216 4981 3364 5020 mor-

1789 5057 1875 5113 bis
1906 5056 2204 5127 periculum
2237 5057 2384 5122 fecit,
2408 5063 2460 5112 et
2489 5055 2740 5125 plurimis
2763 5056 3050 5113 sanitatan
3086 5055 3366 5112 restituit?

1865 5143 2071 5201 GREG.
2111 5144 2392 5214 Equidem.

1863 5237 2109 5293 EUBUL.
2145 5239 2279 5292 Eum
2311 5245 2489 5291 autem
2522 5235 2616 5306 qui
2650 5236 2858 5290 nullum
2892 5235 3020 5291 dum
3067 5236 3154 5291 sui
3199 5251 3367 5306 cape.

140 5322 254 5392 μηδὲ
281 5320 564 5384 νοσοῦντας
592 5323 731 5387 ὅλως
762 5325 820 5377 ὲν
847 5323 1038 5394 χερσὶν
1065 5325 1356 5396 ἐσχηκότα,
1392 5325 1452 5378 οὐ
1476 5323 1675 5386 πάντως

1793 5331 2084 5384 rimentum
2117 5329 2282 5391 dedit,
2321 5327 2596 5397 nullisque
2645 5342 2874 5398 prorsus
2915 5326 3134 5397 aegrotis
3164 5340 3363 5382 censu.

141 5412 418 5484 ἀδοκιμώτε
426 5429 516 5484 ρον
545 5412 626 5466 ἔτι
646 5429 662 5480 ;

225 5689 268 5721 ⁸³
307 5688 489 5745 lculi.
529 5705 625 5758 vn,
655 5688 746 5744 ει.

1794 5421 1917 5486 luit,
1948 5436 2132 5477 nonne
2161 5419 2337 5476 adhuc
2368 5419 2552 5478 minus
2601 5421 2824 5478 omnino
2877 5418 3364 5476 commendabilem

1796 5509 1972 5567 dicis?
2096 5507 2100 5512 ’
