4028 6318
1571 351 1631 409 8.
1675 348 2007 409 METHODH
2045 347 2431 407 CONVIVIUM
2469 346 2698 402 DECEM
2737 343 3098 401 VIRGINUM.
3832 350 3924 406 220

2294 475 2337 530 Α
2441 465 2636 517 rpnr.
2677 463 2802 516 Ναί.

767 555 1016 612 EUBUL.
1047 554 1191 625 Ergo
1242 564 1298 614 et
1355 557 1596 612 animum
1653 559 1746 630 qui
1795 560 2013 616 mollius
2061 575 2242 630 corpu:

2439 555 2730 608 ΕΥΒΟΥΛ.
2769 554 2978 609 Οὐκοῦν
2991 557 3085 609 καὶ
3111 554 3284 625 ψυχὴν
3312 555 3407 626 τὴν
3426 555 3756 627 ἀνεχομένην
3773 556 3918 628 ὑγροο

695 649 949 713 sustinet,
978 649 1206 719 ejusque
1229 648 1511 704 libidinum
1541 659 1673 704 aestu
1696 651 2066 726 aegritudines.
2091 652 2242 706 casti

2363 647 2522 720 τέρου
2553 647 2820 719 σώματος,
2852 650 2946 702 καὶ
2991 648 3091 711 τὰς
3140 648 3266 725 περ).
3314 649 3507 720 ἡδονὰς
3556 647 3719 701 αὑτοῦ
3750 651 3918 713 νόσους

696 737 824 792 tatis
854 739 1265 794 medicamentis
1313 739 1444 793 lenit
1481 748 1535 794 et
1567 741 1754 804 sedat,
1799 746 1984 811 utique
2013 743 2242 797 dicamut

2363 743 2850 812 καταπραΰνουσαν
2875 739 3226 810 σωφροσύνης
3257 740 3584 810 φαρμάκοις,
3622 741 3914 812 ιατρικωτέ-

694 828 914 883 medicae
945 829 1220 884 facultatis
1250 829 1460 884 laudem
1494 830 1634 886 ferre
1665 833 1947 900 majorem.
1978 851 2139 904 quam
2171 852 2236 890 cu

2365 849 2462 902 ραν
2492 832 2708 884 λεκτέον
2736 832 2832 902 τῆς
2859 832 3090 901 ὑγιεινὸν
3121 831 3338 884 διοικεῖν
3368 830 3788 902 κεκληρωμένης
3825 830 3898 884 at?»

697 351 804 410 ἰθ

766 462 973 522 GREG.
1004 462 1180 520 Certe.

692 919 860 987 probe
893 936 1086 976 sanum
1124 935 1324 991 corpus
1376 937 1551 992 neque
1580 923 1725 979 vitiis
1751 926 2044 980 obnoxium
2067 927 2242 998 obtigit

2361 940 2438 993 μα
2469 924 2562 977 καὶ
2591 923 2798 987 ἀπαθές
2825 935 2841 985 ;

692 1024 880 1078 regere
891 1011 915 1064 τ

760 1097 966 1156 GREG.
999 1101 1301 1158 Fatendum
1340 1110 1444 1158 est.

759 1190 1011 1250 EUBUL.
1042 1195 1184 1260 Quid
1212 1196 1336 1250 item
1367 1196 1422 1249 in
1466 1197 1651 1251 lucta?
1692 1195 1824 1253 Uter
1865 1201 2010 1270 pugil
2041 1201 2253 1270 melior,

687 1279 783 1354 qui
831 1299 1056 1355 magnos
1096 1297 1150 1341 et
1188 1285 1361 1341 fortes
1386 1289 1610 1344 amulos
1642 1291 1944 1359 experitur,
1981 1306 2045 1345 ac
2083 1291 2258 1348 conti-

687 1390 796 1429 nue
827 1375 972 1429 lucta
1016 1376 1342 1449 defungens,
1384 1395 1495 1435 non
1540 1377 1846 1435 succumbit
1875 1392 2153 1452 unquam;
2182 1396 2254 1440 an

687 1467 782 1537 qui
807 1466 973 1522 nullis
1007 1469 1337 1526 adversariis
1365 1471 1642 1526 decertat?

758 1553 964 1611 GREG.
992 1557 1165 1615 Plane
1197 1563 1291 1631 qui
1321 1563 1616 1632 experitur.

755 1645 1005 1704 EUBUL.
1026 1652 1149 1706 Ain’
1170 1661 1228 1707 tu
1252 1653 1305 1707 in
1333 1652 1584 1724 palaestra
1606 1670 1820 1725 quoque
1843 1656 2100 1712 athletam
2124 1675 2252 1730 prai-

685 1740 850 1802 stare,
876 1741 969 1810 qui
1011 1743 1359 1799 adversarios
1386 1747 1813 1804 contranitentes
1845 1749 2113 1804 sustinet?

752 1828 960 1885 GREG.
992 1831 1231 1890 Necesse
1261 1844 1322 1889 ut
1350 1837 1587 1892 dicatur.

751 1917 1002 1977 EUBUL.
1050 1923 1284 1980 Necesse
1332 1928 1517 1998 igitur,
1552 1937 1607 1983 ttt
1644 1937 1696 1983 et
1733 1931 1984 2002 quisquis
2022 1941 2248 1990 strenue

681 2012 943 2066 moliatur
980 2014 1241 2072 adversus
1283 2023 1738 2089 concupiscentiae
1784 2035 1996 2088 motus,
2045 2039 2145 2081 nec
2190 2042 2249 2083 se

681 2101 860 2174 abripi
892 2107 1149 2173 patiatur,
1183 2109 1275 2164 sed
1311 2109 1366 2163 in
1405 2111 1694 2166 adversum
1731 2114 1911 2167 trahat
1940 2129 2004 2168 ac
2031 2117 2249 2170 obnita-

679 2199 790 2260 tur,
825 2195 1019 2251 fortior
1052 2198 1317 2266 videatur,
1352 2217 1516 2274 quam
1546 2203 1641 2275 qui
1683 2203 1800 2274 ejus
1831 2204 2036 2259 nullam
2077 2206 2247 2263 inter-

678 2283 1024 2352 pellalionem
1061 2290 1279 2345 sentiat.

745 2369 955 2428 GREG.
986 2372 1125 2432 Vera
1153 2379 1314 2434 dicis.

746 2459 1000 2518 EUBUL.
1036 2464 1217 2532 Quid?
1249 2465 1487 2523 Fortiter
1514 2486 1574 2525 se
1604 2473 1801 2530 habere
1830 2475 2093 2534 adversus
2119 2495 2244 2550 pra-

672 2567 865 2607 vorum
911 2555 1204 2612 affectuum
1247 2572 1310 2612 ac
1360 2560 1644 2618 libidinum
1677 2564 1930 2636 impetus,
1963 2569 2030 2624 ad
2067 2573 2242 2640 majo-

673 2656 815 2707 rem,
849 2660 881 2698 ο
916 2645 1237 2716 Gregorium
1265 2687 1283 2716 ,
1327 2648 1662 2712 fortitudinis
1716 2659 1927 2715 laudem
1969 2663 2245 2732 pertinere

672 2734 998 2792 existimas?

748 2821 956 2882 GREG.
994 2828 1298 2890 Admodum
1330 2851 1484 2894 sane.

749 2915 998 2975 EUBUL.
1029 2922 1167 2980 Num
1201 2943 1333 2983 vero
1375 2928 1664 2997 fortitudo,
1705 2930 1928 2987 virtutis
1966 2931 2135 2992 robur
2179 2948 2245 2989 ac

674 3010 875 3063 tenor?

744 3100 949 3156 GttEG.
976 3102 1161 3161 Plane.

743 3190 993 3250 EUBUL.
1032 3196 1197 3266 Igitur
1245 3199 1291 3254 si
1321 3201 1538 3258 virtutis
1583 3205 1752 3258 robur
1794 3207 2084 3263 tolerantia
2131 3217 2236 3276 est,

673 3296 856 3338 nonne
885 3287 975 3350 qui
1009 3288 1275 3345 molestiis
1309 3301 1595 3349 exercetur
1642 3299 1876 3361 animtts,
1921 3299 2242 3372 fortiterque

675 3374 914 3429 tolerans
940 3379 1334 3448 cupiditatibus
1362 3393 1522 3455 atque
1553 3389 1700 3442 vitiis
1729 3391 1966 3455 obsistit,
2001 3393 2078 3445 illi
2105 3409 2241 3462 pra:-

673 3468 820 3518 stare
853 3467 1193 3527 fortitudinis
1237 3475 1396 3530 laude
1443 3479 1716 3547 putandus
1758 3491 1863 3548 est,
1916 3483 2010 3552 qui
2063 3486 2241 3540 nullas

672 3556 940 3624 ejusmodi
972 3564 1246 3618 molestias
1274 3569 1577 3637 persentit?

723 3647 832 3702 'GR
843 3649 945 3706 EG.
976 3651 1250 3713 Profecto.

744 3738 995 3802 EUBUL.
1030 3749 1201 3818 Igitur
1238 3750 1285 3806 si
1329 3750 1546 3818 fortior,
1582 3755 1688 3808 erit
1721 3764 1774 3808 et
1801 3760 2168 3825 praestantior.

742 3832 949 3890 GREG.
987 3837 1151 3893 Sane.

744 3923 995 3981 EUBUL.
1035 3927 1224 3984 Melior
1257 3947 1386 4000 ergo
1423 3940 1477 3986 et
1513 3937 1861 4003 prastantior
1903 3947 2016 4001 est,
2066 3958 2239 4011 quan-

672 4023 788 4073 tum
819 4033 887 4071 ex
918 4021 1076 4074 modo
1103 4024 1384 4079 concessis
1419 4026 1698 4082 evidenter
1727 4031 1994 4098 sequitur,
2029 4034 2122 4102 qui
2153 4034 2239 4086 in-

671 4114 756 4160 ter
780 4113 1234 4179 concupiscentiae
1258 4125 1424 4193 aestus
1459 4120 1847 4174 continentiam
1882 4130 2048 4184 tenet.
2076 4140 2240 4193 quam

671 4201 764 4268 qui
797 4203 945 4255 nulla
989 4207 1240 4273 pulsatus
1267 4192 1494 4265 libidine
1524 4208 1580 4262 in
1612 4211 1878 4267 castitatis
1918 4192 2111 4268 secure
2140 4230 2240 4269 ca-

668 4292 800 4347 stris
824 4301 1011 4350 meret.

740 4402 946 4459 GREG.
993 4405 1128 4459 Rem
1164 4423 1369 4462 meram
1421 4411 1683 4480 loqueris.
1722 4412 1830 4467 Sed
1873 4414 1939 4468 de
1987 4415 2072 4471 bis
2102 4416 2236 4471 alias

2426 1104 2470 1155 Γ
2472 1104 2628 1156 ΡΗΓ.
2669 1103 2901 1156 Λεκτέον
2931 1103 3056 1174 γάρ.

2427 1192 2716 1247 ΕΥΒΟΥΛ.
2759 1193 2824 1246 Τί
2853 1192 2940 1248 δαὶ
2966 1195 3057 1246 καὶ
3082 1195 3140 1246 ἐν
3170 1192 3315 1265 πάλῃ
3337 1211 3351 1258 ;
3374 1192 3602 1259 Πότερον
3627 1189 3920 1260 παλαιστὴς

2351 1285 2615 1355 ἀμεινων,
2647 1289 2676 1338 ὁ
2708 1286 3108 1354 ἀνταγωνιστὰς
3157 1285 3293 1355 ἔχων
3344 1282 3610 1354 μεγάλους
3648 1283 3741 1335 καὶ
3776 1284 3921 1352 ισχυ-

2355 1377 2504 1445 ροὺς,
2535 1377 2629 1428 καὶ
2655 1361 3038 1447 προσπαλαίων
3064 1377 3151 1429 ἀεὶ
3179 1377 3270 1430 καὶ
3297 1376 3371 1449 μὴ
3402 1374 3830 1447 καθαιρούμενος
3849 1392 3861 1403 ·
3892 1375 3923 1444 ἢ

2352 1467 2382 1517 ὁ
2418 1467 2491 1535 μὴ
2526 1466 2662 1536 ἔχων
2687 1468 3091 1534 ἀνταγωνιστάς
3117 1485 3131 1533 ;

2407 1553 2620 1614 ,ΓΡΗΙΣ
2663 1554 2826 1624 Δῆλον
2845 1550 2933 1617 ’ὡς
2958 1556 2986 1607 ὁ
3016 1556 3171 1625 ἔχων.

2424 1643 2717 1696 ΕΥΒΟΥΛ.
2759 1644 2871 1696 Καὶ
2898 1646 2956 1697 ἐν
2982 1645 3126 1714 πάλῃ
3151 1645 3260 1716 ἄρα
3302 1644 3662 1717 δοκιμώτερος
3686 1643 3926 1715 ἀθλητὴς

2351 1737 2380 1787 ὀ
2408 1735 2536 1796 τοὺς
2562 1733 2964 1802 ἀνταγωνιστὰς
2988 1733 3156 1804 ἔχων;

2283 1830 2326 1884 Β
2423 1824 2620 1876 ΓΡΗΓ.
2677 1824 2935 1891 Ἀνάγκη.

2418 1913 2713 1968 ΕΥΒΟΥΛ.
2754 1910 2962 1967 Οὐκοῦν
3012 1914 3105 1965 καὶ
3153 1911 3329 1982 ψυχὴν
3363 1911 3572 1983 ἀνάγκη
3621 1913 3774 1964 πᾶσα
3827 1910 3925 1981 τὴν

2351 2002 2749 2074 μηχανωμένην
2795 2001 2935 2074 πρὸς
2974 2002 3072 2065 τὰς
3104 2002 3326 2071 ἐφόδους
3360 2002 3460 2071 τῆς
3500 2000 3816 2070 ἐπιθυμίας,
3851 1999 3924 2070 μὴ

2348 2093 2806 2164 κατασπωμίνην,
2845 2088 2960 2146 ἀλλ’
2988 2093 3347 2146 ἀνθέλκουσαν
3397 2093 3490 2146 καὶ
3536 2091 3924 2162 ἀντιτασσομέ·

2348 2201 2466 2256 νην,
2507 2185 2858 2257 ἰσχυροτέραν
2884 2185 3168 2255 φαίνεσθαι
3195 2186 3294 2256 τῆς
3322 2186 3395 2256 μὴ
3418 2184 3815 2255 ἐπιθυμούσης.

2416 2364 2614 2419 rrnr.
2667 2363 2886 2437 ’Δληθῆ.

2415 2456 2709 2512 ΕΥΒΟΥΔ.
2749 2458 2813 2510 Τί
2838 2457 2926 2511 δαί
2947 2475 2961 2522 ;
2995 2458 3051 2510 τὸ
3075 2457 3356 2529 καρτερῶς
3381 2457 3523 2526 ἔχειν
3551 2455 3687 2527 πρὸς
3711 2455 3817 2518 τὰς
3838 2456 3927 2526 ὀρ-

2348 2543 2474 2614 μάς,
2508 2544 2825 2618 Γρηγόριον,
2860 2545 2967 2599 τῶν
3001 2547 3216 2615 φαύλων
3248 2545 3496 2617 ὀρέξεων,
3520 2545 3662 2599 δοκεῖ
3682 2561 3763 2598 σοι
3794 2544 3927 2613 μᾶλα

2343 2634 2434 2686 λον
2453 2634 2701 2704 ἀνδρείας
2727 2632 2898 2698 εἶναις

2413 2809 2609 2864 rpnr.
2651 2811 2762 2864 Καὶ
2793 2810 3009 2883 σφόδρα.
3283 2873 3288 2878 ,

2414 2897 2710 2953 ΕΥΒΟΥΛ.
2759 2898 2824 2951 Ἠ
2851 2898 2909 2952 δὲ
2937 2897 3159 2968 ἀνδρεία
3187 2898 3325 2968 αὕτη
3358 2898 3586 2970 δύναμις
3617 2897 3867 2970 ἀρετῆς

2413 3083 2610 3136 ΓΡΗΓ.
2652 3081 2838 3152 Δῆλον.

2268 3171 2311 3229 C
2415 3176 2708 3230 ΕΥΒΟΥΛ.
2748 3173 2956 3229 Οὐκοῦν
2986 3175 3035 3227 εἰ
3060 3173 3286 3244 δύναμις
3313 3176 3512 3248 ἀρετῆς
3541 3178 3689 3229 ἐστιν
3714 3178 3749 3247 η
3779 3179 3922 3230 ὑπο-

2347 3269 2504 3340 μονὴ,
2535 3270 2567 3339 ή
2594 3267 2943 3339 διοχλουμένη
2972 3267 3079 3338 ἄρα
3107 3266 3251 3337 ψυχὴ
3281 3269 3372 3320 καὶ
3402 3267 3746 3340 καρτεροῦσα
3784 3270 3927 3343 πρὸς

2342 3359 2440 3422 τὰς
2477 3359 2770 3430 ἐπιθυμίας
2797 3359 3136 3431 δυνατωτέρα
3164 3362 3409 3428 φαίνεται
3429 3361 3528 3431 τῆς
3554 3361 3628 3432 μὴ
3654 3362 3929 3434 ὀχλουμᾶ-

2343 3465 2497 3520 νης;

2411 3652 2608 3706 ΓΡΗΓ.
2649 3654 2775 3707 Ναί.

2410 3742 2701 3794 ΕΥΒΟΥΛ.
2742 3744 2803 3797 Εἰ
2834 3743 2890 3796 δὲ
2918 3743 3281 3815 δυνατωτέρα,
3319 3744 3413 3798 καὶ
3438 3743 3707 3814 κρείσσων
3741 3743 3883 3815 (σι).

2412 3832 2606 3886 ΓΡΗΓ.
2651 3835 2777 3887 Ναί.

2412 3924 2702 3979 ΕΥΒΟΥΛ.
2744 3928 3026 3991 Κρεεσσων
3062 3927 3166 3997 ἄρα
3211 3929 3244 3996 ἡ
3294 3925 3633 3995 ἐπιθυμοῦσα
3677 3928 3775 3981 καὶ
3829 3930 3926 3997 ἐγ-

2342 4016 2710 4088 κρατευομένη
2742 4019 2839 4086 τῆς
2870 4018 2943 4087 μὴ
2968 4017 3336 4088 ἐπιθυμούσης
3363 4018 3528 4084 ἐστὶν,
3559 4021 3624 4072 ὲκ
3643 4019 3754 4073 τῶν
3777 4037 3925 4092 προ-

2340 4107 2792 4177 ωμολογημένων,
2824 4109 2916 4160 καὶ
2949 4110 3438 4181 ἐγκρατευομένης.

2413 4397 2606 4449 ΓΡΗΓ.
2661 4397 2855 4469 Ἀληθῆ
2886 4398 3082 4466 λέγεις,
3115 4403 3208 4456 καὶ
3252 4403 3575 4474 ἐπιθυμήσω
3617 4403 3925 4472 πληρέπε-

669 4495 975 4551 absolutius
1031 4507 1228 4578 tecum
1267 4516 1573 4558 sermonem
1625 4503 1875 4560 conferre
1925 4508 2118 4577 gestio.
2176 4509 2232 4562 Si

2349 4503 2432 4560 ρον
2468 4488 2546 4542 ἔτι
2577 4488 2701 4560 περὶ
2724 4489 2926 4544 τούτων
2958 4492 3293 4563 διαλεχθῆναί
3332 4512 3429 4547 σοι.
3461 4495 3524 4546 Ει
3568 4490 3660 4548 οὖν
3704 4512 3792 4549 σοι
3829 4499 3923 4566 φί-

670 4586 853 4656 itaque
901 4591 995 4644 tibi
1033 4607 1194 4660 grave
1245 4609 1352 4647 non
1387 4605 1494 4659 est,
1547 4613 1672 4652 cras
1704 4599 1980 4662 accedam,
2029 4601 2096 4656 de
2149 4603 2234 4658 his

2333 4581 2443 4644 λον,
2465 4581 2660 4652 αύριον
2692 4581 2948 4652 ἀφίξομαι
2981 4585 3139 4637 πάλιν
3169 4584 3505 4655 ἀκουσομένη
3540 4585 3764 4639 τούτων.
3799 4587 3925 4641 Νῦν

669 4680 939 4736 auditura.
975 4683 1130 4739 Nunc
1174 4688 1338 4750 enim,
1392 4694 1451 4741 ut
1480 4689 1652 4753 vides,
1702 4701 1914 4761 tempus
1963 4701 2045 4747 est
2092 4700 2150 4749 ut
2183 4702 2237 4750 et

2349 4674 2463 4744 γὰρ,
2493 4675 2568 4738 ὼς
2599 4677 2748 4747 ὁρᾷς,
2779 4675 2896 4746 ὥρα
2936 4676 3116 4730 λοιπὸν
3157 4677 3460 4750 τραπέσθαι
3504 4678 3596 4730 καὶ
3646 4679 3778 4750 περὶ
3812 4683 3919 4735 τοῦ

668 4776 908 4828 animum
945 4777 1012 4830 ad
1041 4779 1328 4835 exterioris
1350 4780 1590 4838 hominis
1621 4792 1896 4840 vertamus
1926 4800 2134 4841 curam.

739 4997 854 5066 (65)
887 5001 952 5051 El
973 4998 1368 5066 δυνατωτέρα,
1395 5002 1488 5054 καὶ
1525 5002 1840 5067 κρείσσων.
1867 5002 2099 5058 Facilior
2123 5019 2241 5057 ma-

668 5084 772 5121 nus
806 5069 934 5120 dare
963 5068 1194 5140 Eubulio
1234 5071 1443 5124 videtur
1473 5070 1824 5140 Gregorium,
1876 5075 2119 5138 arguenti
2171 5089 2238 5127 ex

668 5153 774 5192 non
807 5152 968 5212 causa
1014 5139 1376 5212 adAcausaur;
1415 5142 1569 5210 quasi
1593 5139 1865 5195 nimirum
1931 5145 2045 5212 ipsa
2080 5144 2240 5197 vitio-

672 5222 788 5258 rum
825 5209 908 5261 vis
935 5216 985 5260 et
1022 5206 1296 5263 infestatio
1323 5209 1390 5263 sit
1420 5206 1635 5266 virtutis
1661 5213 1739 5264 vis
1783 5226 1846 5265 ac
1887 5206 2072 5276 robur,
2131 5228 2238 5266 non

667 5276 797 5345 quid
854 5279 1243 5338 extrinsecum,
1279 5294 1344 5331 ex
1398 5297 1455 5334 se
1497 5281 1569 5333 illi
1601 5280 1843 5334 oflicieus
1875 5296 1936 5334 ac
1971 5297 2238 5336 resizoram

670 5350 908 5408 tuciens;
952 5347 1065 5399 sola
1111 5363 1238 5400 vero
1275 5351 1583 5412 occasione,
1638 5351 1936 5404 olmitentia
1977 5352 2142 5405 animi
2177 5367 2241 5405 ac

665 5420 1038 5488 contentione,
1071 5417 1288 5482 juvatts,
1325 5418 1453 5472 dum
1510 5420 1623 5473 hch
1657 5435 1914 5488 superare
1965 5430 2237 5476 conatur:

668 5486 868 5559 quith
896 5485 1008 5551 jam
1038 5489 1685 5559 superatisexpurgatus
1724 5485 1979 5552 animus,
2024 5493 2242 5557 illisque

667 5555 846 5629 faetus
865 5556 1136 5629 superior,
1167 5557 1381 5611 virtutis
1415 5555 1516 5612 iter
1534 5555 1791 5629 giganteo
1814 5559 2054 5629 decurrit
2080 5555 2238 5629 pede,

666 5626 737 5678 ab
787 5624 1000 5697 actione
1027 5633 1081 5680 et
1121 5641 1302 5696 pugna
1348 5624 1727 5697 cupiditatum,
1765 5628 1832 5682 ad
1865 5624 2155 5685 scientiam
2186 5637 2244 5683 et

669 5695 1183 5768 contemplationem
1208 5695 1297 5750 ac
1327 5695 1615 5762 rationem,
1672 5697 1946 5768 Deumque
1983 5701 2239 5762 evolans;

668 5778 737 5821 ne
769 5772 1024 5836 reputans
1047 5766 1285 5836 quidem,
1306 5783 1534 5839 quorum
1553 5768 1642 5823 vix
1667 5766 1943 5839 aspectum
1969 5768 2126 5836 ferat,
2150 5769 2240 5839 qui

2337 4765 2533 4830 ἔξωθεν
2568 4768 2822 4839 ἀσχολίαν
2854 4771 3002 4840 ἡμᾶς
3032 4769 3342 4839 ἀνθρώπου.

2339 4996 2517 5050 adhuc
2552 4996 2822 5065 incipiens
2876 5008 2940 5046 ac
2974 4995 3127 5063 quasi
3183 4994 3608 5065 rudimentarius
3655 5004 3762 5058 est,
3812 5015 3927 5053 nec

2342 5068 2556 5120 virtutis
2589 5062 2737 5137 lyceo
2775 5065 2909 5137 satis
2939 5062 3289 5137 eiet‘citatus.
3323 5062 3562 5137 Fallacia
3599 5081 3732 5134 ergo
3774 5083 3928 5122 con—

2340 5133 2620 5206 sequentis
2647 5142 2750 5188 est.
2789 5133 2953 5187 Plane
2997 5135 3263 5203 siquidem
3302 5135 3589 5206 melior‘ac
3639 5133 3924 5204 praesumo

2341 5203 2464 5264 tioi‘.
2501 5209 2592 5275 qui
2623 5222 2687 5260 ex
2728 5219 2787 5257 se
2841 5210 2892 5275 et
2934 5220 3044 5275 qua
3083 5206 3246 5275 pollet
3275 5203 3474 5256 virtute
3505 5203 3696 5258 fortior
3730 5215 3824 5261 est
3856 5222 3927 5262 ac

2341 5273 2634 5337 robustior,
2663 5290 2769 5327 non
2790 5274 2880 5341 qui
2913 5273 3172 5328 debilibre
3200 5273 3400 5342 virtute
3424 5275 3699 5342 graviores
3726 5275 3925 5330 insul-

2343 5357 2431 5401 tus
2463 5348 2685 5416 patitur,
2729 5340 2965 5416 necdum
2997 5359 3158 5398 ovare
3202 5340 3395 5396 doctus
3430 5340 3798 5416 victoria,_sed
3832 5347 3926 5398 ni-

2340 5413 2653 5480 tens‘serio,
2679 5413 3456 5483 perturbationumoppressus
3498 5414 3750 5477 colluvie,
3822 5430 3922 5476 ne,

2343 5487 2612 5555 frequenti
2635 5500 2702 5537 eo
2727 5484 3182 5555 st_atu.naufragio
3235 5483 3505 5555 profundo
3523 5483 3924 5555 deutergatur;

2341 5550 2584 5610 clamans
2605 5569 2726 5606 cum
2761 5550 2958 5605 Paulo:
2988 5552 3183 5619 Infelix
3202 5568 3294 5620 ego
3315 5553 3467 5604 homo
3487 5551 3505 5602 Ι
3526 5555 3639 5621 quis
3669 5567 3752 5605 me
3782 5553 3923 5606 libe-

2344 5626 2483 5678 rabit
2517 5625 2580 5677 de
2615 5638 2828 5692 corpore
2867 5625 3049 5693 mortis
3072 5620 3260 5693 hujus}
3293 5621 3414 5674 Haec
3446 5620 3671 5678 infantia
3690 5635 3758 5677 ac
3784 5638 3922 5693 par-

2346 5697 2454 5750 vuli
2478 5704 2630 5759 aetas,
2652 5695 2741 5748 illa
2769 5693 2868 5747 viri
2900 5692 3178 5763 perfectio.
3206 5691 3475 5746 Counsrts
