  <div class='ocr_page' id='page_1' title='image "/cluster/home/n/w/nwhite01/storage/ocr_20150623/18/pst.000005712038/127.png"; bbox 0 0 4028 6318; ppageno 0'>
   <div class='ocr_carea' id='block_1_1' title="bbox 700 287 804 344">
    <p class='ocr_par' dir='ltr' id='par_1_1' title="bbox 700 287 804 344">
     <span class='ocr_line' id='line_1_1' title="bbox 700 287 804 344; baseline 0 0"><span class='ocrx_word' id='word_1_1' title='bbox 700 287 804 344; x_wconf 73' lang='grc'><strong>259</strong></span> 
     </span>
    </p>
   </div>
   <div class='ocr_carea' id='block_1_2' title="bbox 1646 284 2929 344">
    <p class='ocr_par' dir='ltr' id='par_1_2' title="bbox 1646 284 2929 344">
     <span class='ocr_line' id='line_1_2' title="bbox 1646 284 2929 344; baseline 0 0"><span class='ocrx_word' id='word_1_2' title='bbox 1646 289 1701 344; x_wconf 84' lang='lat' dir='ltr'><strong>S.</strong></span> <span class='ocrx_word' id='word_1_3' title='bbox 1746 287 2075 344; x_wconf 76' lang='lat' dir='ltr'><strong>METHODII</strong></span> <span class='ocrx_word' id='word_1_4' title='bbox 2100 284 2403 343; x_wconf 84' lang='lat' dir='ltr'><strong>EPlSCOPl</strong></span> <span class='ocrx_word' id='word_1_5' title='bbox 2442 285 2531 343; x_wconf 83' lang='grc' dir='ltr'>ΕΤ</span> <span class='ocrx_word' id='word_1_6' title='bbox 2570 286 2929 344; x_wconf 76' lang='lat' dir='ltr'><strong>MARTYRIS</strong></span> 
     </span>
    </p>
   </div>
   <div class='ocr_carea' id='block_1_3' title="bbox 3819 290 3917 347">
    <p class='ocr_par' dir='ltr' id='par_1_3' title="bbox 3819 290 3917 347">
     <span class='ocr_line' id='line_1_3' title="bbox 3819 290 3917 347; baseline -0.02 -1"><span class='ocrx_word' id='word_1_7' title='bbox 3819 290 3917 347; x_wconf 66' lang='lat'><strong>220</strong></span> 
     </span>
    </p>
   </div>
   <div class='ocr_carea' id='block_1_4' title="bbox 692 403 3894 476">
    <p class='ocr_par' dir='ltr' id='par_1_4' title="bbox 692 403 3894 476">
     <span class='ocr_line' id='line_1_4' title="bbox 692 403 3894 476; baseline 0 -18"><span class='ocrx_word' id='word_1_8' title='bbox 692 414 748 458; x_wconf 86' lang='lat' dir='ltr'><strong>et</strong></span> <span class='ocrx_word' id='word_1_9' title='bbox 793 420 983 475; x_wconf 86' lang='lat' dir='ltr'><strong>puram</strong></span> <span class='ocrx_word' id='word_1_10' title='bbox 1032 415 1083 460; x_wconf 85' lang='lat' dir='ltr'><strong>et</strong></span> <span class='ocrx_word' id='word_1_11' title='bbox 1127 406 1195 460; x_wconf 87' lang='lat' dir='ltr'><strong>ab</strong></span> <span class='ocrx_word' id='word_1_12' title='bbox 1227 406 1378 460; x_wconf 88' lang='lat' dir='ltr'><strong>omni</strong></span> <span class='ocrx_word' id='word_1_13' title='bbox 1412 413 1639 476; x_wconf 82' lang='lat' dir='ltr'><strong>peccato</strong></span> <span class='ocrx_word' id='word_1_14' title='bbox 1667 405 2027 472; x_wconf 84' lang='lat' dir='ltr'><strong>disjunctam;</strong></span> <span class='ocrx_word' id='word_1_15' title='bbox 2073 421 2265 461; x_wconf 89' lang='lat' dir='ltr'><strong>conse-</strong></span> <span class='ocrx_word' id='word_1_16' title='bbox 2297 415 2340 465; x_wconf 78' lang='grc' dir='ltr'>Α</span> <span class='ocrx_word' id='word_1_17' title='bbox 2370 422 2432 459; x_wconf 80' lang='lat' dir='ltr'><strong>ne</strong></span> <span class='ocrx_word' id='word_1_18' title='bbox 2451 419 2609 475; x_wconf 73' lang='lat' dir='ltr'><strong>genus</strong></span> <span class='ocrx_word' id='word_1_19' title='bbox 2636 406 2924 476; x_wconf 70' lang='lat' dir='ltr'><strong>humanum</strong></span> <span class='ocrx_word' id='word_1_20' title='bbox 2953 405 3176 462; x_wconf 78' lang='lat' dir='ltr'><strong>liberare</strong></span> <span class='ocrx_word' id='word_1_21' title='bbox 3194 407 3332 475; x_wconf 73' lang='lat' dir='ltr'><strong>potis</strong></span> <span class='ocrx_word' id='word_1_22' title='bbox 3354 416 3504 461; x_wconf 76' lang='lat' dir='ltr'><strong>esset.</strong></span> <span class='ocrx_word' id='word_1_23' title='bbox 3544 403 3707 462; x_wconf 71' lang='lat' dir='ltr'><strong>Hisce</strong></span> <span class='ocrx_word' id='word_1_24' title='bbox 3728 403 3894 476; x_wconf 69' lang='lat' dir='ltr'><strong>letho</strong></span> 
     </span>
    </p>
   </div>
   <div class='ocr_carea' id='block_1_5' title="bbox 691 475 2261 544">
    <p class='ocr_par' dir='ltr' id='par_1_5' title="bbox 691 475 2261 544">
     <span class='ocr_line' id='line_1_5' title="bbox 691 475 2261 544; baseline 0.001 -17"><span class='ocrx_word' id='word_1_25' title='bbox 691 484 920 543; x_wconf 76' lang='lat' dir='ltr'><strong>quenter</strong></span> <span class='ocrx_word' id='word_1_26' title='bbox 953 476 1289 544; x_wconf 76' lang='lat' dir='ltr'><strong>intelligitur,</strong></span> <span class='ocrx_word' id='word_1_27' title='bbox 1314 493 1437 530; x_wconf 91' lang='lat' dir='ltr'><strong>cum</strong></span> <span class='ocrx_word' id='word_1_28' title='bbox 1464 475 1597 529; x_wconf 90' lang='lat' dir='ltr'><strong>dicit</strong></span> <span class='ocrx_word' id='word_1_29' title='bbox 1620 485 1830 530; x_wconf 90' lang='lat' dir='ltr'><strong>tantum</strong></span> <span class='ocrx_word' id='word_1_30' title='bbox 1862 484 2044 530; x_wconf 86' lang='lat' dir='ltr'><strong>castos</strong></span> <span class='ocrx_word' id='word_1_31' title='bbox 2070 486 2123 529; x_wconf 90' lang='lat' dir='ltr'><strong>et</strong></span> <span class='ocrx_word' id='word_1_32' title='bbox 2151 477 2261 528; x_wconf 89' lang='lat' dir='ltr'><strong>vir-</strong></span> 
     </span>
    </p>
   </div>
   <div class='ocr_carea' id='block_1_6' title="bbox 690 544 2261 616">
    <p class='ocr_par' dir='ltr' id='par_1_6' title="bbox 690 544 2261 616">
     <span class='ocr_line' id='line_1_6' title="bbox 690 544 2261 616; baseline 0.001 -19"><span class='ocrx_word' id='word_1_33' title='bbox 690 546 845 614; x_wconf 78' lang='lat' dir='ltr'><strong>gines</strong></span> <span class='ocrx_word' id='word_1_34' title='bbox 888 544 1167 615; x_wconf 76' lang='lat' dir='ltr'><strong>possidere</strong></span> <span class='ocrx_word' id='word_1_35' title='bbox 1215 546 1627 616; x_wconf 86' lang='lat' dir='ltr'><strong>promissiones,</strong></span> <span class='ocrx_word' id='word_1_36' title='bbox 1672 547 1772 599; x_wconf 90' lang='lat' dir='ltr'><strong>sub</strong></span> <span class='ocrx_word' id='word_1_37' title='bbox 1805 546 2025 600; x_wconf 83' lang='lat' dir='ltr'><strong>nomine</strong></span> <span class='ocrx_word' id='word_1_38' title='bbox 2057 546 2148 599; x_wconf 92' lang='lat' dir='ltr'><strong>illo</strong></span> <span class='ocrx_word' id='word_1_39' title='bbox 2178 546 2261 598; x_wconf 89' lang='lat' dir='ltr'><strong>in-</strong></span> 
     </span>
    </p>
   </div>
   <div class='ocr_carea' id='block_1_7' title="bbox 691 616 2260 685">
    <p class='ocr_par' dir='ltr' id='par_1_7' title="bbox 691 616 2260 685">
     <span class='ocr_line' id='line_1_7' title="bbox 691 616 2260 685; baseline 0 -18"><span class='ocrx_word' id='word_1_40' title='bbox 691 616 858 685; x_wconf 79' lang='lat' dir='ltr'><strong>telligi</strong></span> <span class='ocrx_word' id='word_1_41' title='bbox 905 617 1140 684; x_wconf 88' lang='lat' dir='ltr'><strong>reliquos</strong></span> <span class='ocrx_word' id='word_1_42' title='bbox 1169 632 1381 679; x_wconf 91' lang='lat' dir='ltr'><strong>omnes,</strong></span> <span class='ocrx_word' id='word_1_43' title='bbox 1416 616 1531 685; x_wconf 88' lang='lat' dir='ltr'><strong>qui,</strong></span> <span class='ocrx_word' id='word_1_44' title='bbox 1566 616 1691 670; x_wconf 87' lang='lat' dir='ltr'><strong>licet</strong></span> <span class='ocrx_word' id='word_1_45' title='bbox 1724 617 1961 682; x_wconf 75' lang='lat' dir='ltr'><strong>virgines</strong></span> <span class='ocrx_word' id='word_1_46' title='bbox 1991 626 2097 669; x_wconf 84' lang='lat' dir='ltr'><strong>non</strong></span> <span class='ocrx_word' id='word_1_47' title='bbox 2130 616 2260 679; x_wconf 80' lang='lat' dir='ltr'><strong>sint,</strong></span> 
     </span>
    </p>
   </div>
   <div class='ocr_carea' id='block_1_8' title="bbox 691 685 2263 749">
    <p class='ocr_par' dir='ltr' id='par_1_8' title="bbox 691 685 2263 749">
     <span class='ocr_line' id='line_1_8' title="bbox 691 685 2263 749; baseline 0.001 -13"><span class='ocrx_word' id='word_1_48' title='bbox 691 700 793 738; x_wconf 88' lang='lat' dir='ltr'><strong>nec</strong></span> <span class='ocrx_word' id='word_1_49' title='bbox 816 686 1191 740; x_wconf 84' lang='lat' dir='ltr'><strong>castimoniam</strong></span> <span class='ocrx_word' id='word_1_50' title='bbox 1216 687 1507 749; x_wconf 81' lang='lat' dir='ltr'><strong>coluerint,</strong></span> <span class='ocrx_word' id='word_1_51' title='bbox 1536 685 1754 739; x_wconf 83' lang='lat' dir='ltr'><strong>fuerunt</strong></span> <span class='ocrx_word' id='word_1_52' title='bbox 1778 693 1958 739; x_wconf 89' lang='lat' dir='ltr'><strong>tamen</strong></span> <span class='ocrx_word' id='word_1_53' title='bbox 1985 696 2038 741; x_wconf 90' lang='lat' dir='ltr'><strong>et</strong></span> <span class='ocrx_word' id='word_1_54' title='bbox 2060 688 2263 739; x_wconf 84' lang='lat' dir='ltr'><strong>sancti-</strong></span> 
     </span>
    </p>
   </div>
   <div class='ocr_carea' id='block_1_9' title="bbox 690 755 2258 826">
    <p class='ocr_par' dir='ltr' id='par_1_9' title="bbox 690 755 2258 826">
     <span class='ocr_line' id='line_1_9' title="bbox 690 755 2258 826; baseline 0.002 -20"><span class='ocrx_word' id='word_1_55' title='bbox 690 761 802 811; x_wconf 83' lang='lat' dir='ltr'><strong>tate</strong></span> <span class='ocrx_word' id='word_1_56' title='bbox 830 756 971 823; x_wconf 69' lang='lat' dir='ltr'><strong>viwz,</strong></span> <span class='ocrx_word' id='word_1_57' title='bbox 1001 764 1054 809; x_wconf 89' lang='lat' dir='ltr'><strong>et</strong></span> <span class='ocrx_word' id='word_1_58' title='bbox 1077 758 1278 826; x_wconf 87' lang='lat' dir='ltr'><strong>pietate</strong></span> <span class='ocrx_word' id='word_1_59' title='bbox 1311 758 1366 826; x_wconf 76' lang='lat' dir='ltr'><strong>in</strong></span> <span class='ocrx_word' id='word_1_60' title='bbox 1401 755 1591 819; x_wconf 90' lang='lat' dir='ltr'><strong>Deum,</strong></span> <span class='ocrx_word' id='word_1_61' title='bbox 1620 764 1673 809; x_wconf 88' lang='lat' dir='ltr'><strong>et</strong></span> <span class='ocrx_word' id='word_1_62' title='bbox 1699 755 1991 811; x_wconf 84' lang='lat' dir='ltr'><strong>virtutibus</strong></span> <span class='ocrx_word' id='word_1_63' title='bbox 2020 757 2141 810; x_wconf 88' lang='lat' dir='ltr'><strong>aliis</strong></span> <span class='ocrx_word' id='word_1_64' title='bbox 2172 758 2258 809; x_wconf 90' lang='lat' dir='ltr'><strong>in-</strong></span> 
     </span>
    </p>
   </div>
   <div class='ocr_carea' id='block_1_10' title="bbox 690 824 2259 895">
    <p class='ocr_par' dir='ltr' id='par_1_10' title="bbox 690 824 2259 895">
     <span class='ocr_line' id='line_1_10' title="bbox 690 824 2259 895; baseline 0.001 -18"><span class='ocrx_word' id='word_1_65' title='bbox 690 826 880 878; x_wconf 76' lang='lat' dir='ltr'><strong>structi</strong></span> <span class='ocrx_word' id='word_1_66' title='bbox 915 824 1093 893; x_wconf 77' lang='lat' dir='ltr'><strong>atque</strong></span> <span class='ocrx_word' id='word_1_67' title='bbox 1109 827 1307 880; x_wconf 90' lang='lat' dir='ltr'><strong>ornati.</strong></span> <span class='ocrx_word' id='word_1_68' title='bbox 1339 824 1615 880; x_wconf 76' lang='lat' dir='ltr'><strong>Justorum</strong></span> <span class='ocrx_word' id='word_1_69' title='bbox 1646 826 1812 887; x_wconf 91' lang='lat' dir='ltr'><strong>enim,</strong></span> <span class='ocrx_word' id='word_1_70' title='bbox 1846 827 2259 895; x_wconf 76' lang='lat' dir='ltr'><strong>quomodocun—</strong></span> 
     </span>
    </p>
   </div>
   <div class='ocr_carea' id='block_1_11' title="bbox 688 896 1824 965">
    <p class='ocr_par' dir='ltr' id='par_1_11' title="bbox 688 896 1824 965">
     <span class='ocr_line' id='line_1_11' title="bbox 688 896 1824 965; baseline 0.004 -20"><span class='ocrx_word' id='word_1_71' title='bbox 688 910 793 963; x_wconf 89' lang='lat' dir='ltr'><strong>que</strong></span> <span class='ocrx_word' id='word_1_72' title='bbox 820 897 954 963; x_wconf 82' lang='lat' dir='ltr'><strong>justi</strong></span> <span class='ocrx_word' id='word_1_73' title='bbox 985 904 1133 959; x_wconf 82' lang='lat' dir='ltr'><strong>sunt,</strong></span> <span class='ocrx_word' id='word_1_74' title='bbox 1153 906 1257 965; x_wconf 69' lang='lat' dir='ltr'><strong>est</strong></span> <span class='ocrx_word' id='word_1_75' title='bbox 1286 911 1512 965; x_wconf 79' lang='lat' dir='ltr'><strong>regnum</strong></span> <span class='ocrx_word' id='word_1_76' title='bbox 1540 896 1824 949; x_wconf 69' lang='lat' dir='ltr'><strong>caelorum.</strong></span> 
     </span>
    </p>
   </div>
   <div class='ocr_carea' id='block_1_12' title="bbox 755 964 2259 1033">
    <p class='ocr_par' dir='ltr' id='par_1_12' title="bbox 755 964 2259 1033">
     <span class='ocr_line' id='line_1_12' title="bbox 755 964 2259 1033; baseline -0.002 -12"><span class='ocrx_word' id='word_1_77' title='bbox 755 966 873 1021; x_wconf 75' lang='lat' dir='ltr'><strong>Col.</strong></span> <span class='ocrx_word' id='word_1_78' title='bbox 906 966 1027 1021; x_wconf 70' lang='grc'><strong>194.</strong></span> <span class='ocrx_word' id='word_1_79' title='bbox 1047 965 1112 1019; x_wconf 81' lang='grc' dir='ltr'><strong>Α.</strong></span> <span class='ocrx_word' id='word_1_80' title='bbox 1132 964 1265 1019; x_wconf 86' lang='lat' dir='ltr'><strong>Cum</strong></span> <span class='ocrx_word' id='word_1_81' title='bbox 1294 964 1398 1019; x_wconf 74' lang='lat' dir='ltr'><strong>non</strong></span> <span class='ocrx_word' id='word_1_82' title='bbox 1425 968 1503 1019; x_wconf 83' lang='lat' dir='ltr'><strong>ita</strong></span> <span class='ocrx_word' id='word_1_83' title='bbox 1518 965 1786 1020; x_wconf 79' lang='lat' dir='ltr'><strong>commode</strong></span> <span class='ocrx_word' id='word_1_84' title='bbox 1814 966 1899 1020; x_wconf 70' lang='lat' dir='ltr'><strong>lu:</strong></span> <span class='ocrx_word' id='word_1_85' title='bbox 1916 982 1947 1019; x_wconf 89' lang='lat' dir='ltr'><strong>a</strong></span> <span class='ocrx_word' id='word_1_86' title='bbox 1967 965 2259 1033; x_wconf 81' lang='lat' dir='ltr'><strong>corruptio-</strong></span> 
     </span>
    </p>
   </div>
   <div class='ocr_carea' id='block_1_13' title="bbox 2367 474 3901 545">
    <p class='ocr_par' dir='ltr' id='par_1_13' title="bbox 2367 474 3901 545">
     <span class='ocr_line' id='line_1_13' title="bbox 2367 474 3901 545; baseline 0.003 -20"><span class='ocrx_word' id='word_1_87' title='bbox 2367 474 2650 529; x_wconf 29' lang='lat' dir='ltr'><strong>dii’verbis</strong></span> <span class='ocrx_word' id='word_1_88' title='bbox 2678 474 2861 545; x_wconf 84' lang='lat' dir='ltr'><strong>opinio</strong></span> <span class='ocrx_word' id='word_1_89' title='bbox 2886 476 3148 530; x_wconf 79' lang='lat' dir='ltr'><strong>refellitur</strong></span> <span class='ocrx_word' id='word_1_90' title='bbox 3172 474 3619 539; x_wconf 80' lang='lat' dir='ltr'><strong>asseverantium,</strong></span> <span class='ocrx_word' id='word_1_91' title='bbox 3640 486 3758 529; x_wconf 88' lang='lat' dir='ltr'><strong>ante</strong></span> <span class='ocrx_word' id='word_1_92' title='bbox 3774 474 3901 530; x_wconf 84' lang='lat' dir='ltr'><strong>Chri-</strong></span> 
     </span>
    </p>
   </div>
   <div class='ocr_carea' id='block_1_14' title="bbox 2368 546 3907 616">
    <p class='ocr_par' dir='ltr' id='par_1_14' title="bbox 2368 546 3907 616">
     <span class='ocr_line' id='line_1_14' title="bbox 2368 546 3907 616; baseline 0 -19"><span class='ocrx_word' id='word_1_93' title='bbox 2368 548 2437 616; x_wconf 85' lang='lat' dir='ltr'><strong>sti</strong></span> <span class='ocrx_word' id='word_1_94' title='bbox 2466 546 2754 600; x_wconf 85' lang='lat' dir='ltr'><strong>adventum</strong></span> <span class='ocrx_word' id='word_1_95' title='bbox 2781 548 3087 616; x_wconf 88' lang='lat' dir='ltr'><strong>plerosque,</strong></span> <span class='ocrx_word' id='word_1_96' title='bbox 3122 562 3298 616; x_wconf 89' lang='lat' dir='ltr'><strong>neque</strong></span> <span class='ocrx_word' id='word_1_97' title='bbox 3326 546 3610 616; x_wconf 74' lang='lat' dir='ltr'><strong>aChristo,</strong></span> <span class='ocrx_word' id='word_1_98' title='bbox 3638 561 3805 613; x_wconf 85' lang='lat' dir='ltr'><strong>neque</strong></span> <span class='ocrx_word' id='word_1_99' title='bbox 3830 560 3907 616; x_wconf 78' lang='lat' dir='ltr'><strong>per</strong></span> 
     </span>
    </p>
   </div>
   <div class='ocr_carea' id='block_1_15' title="bbox 2364 615 3911 683">
    <p class='ocr_par' dir='ltr' id='par_1_15' title="bbox 2364 615 3911 683">
     <span class='ocr_line' id='line_1_15' title="bbox 2364 615 3911 683; baseline -0.001 -15"><span class='ocrx_word' id='word_1_100' title='bbox 2364 615 2668 678; x_wconf 88' lang='lat' dir='ltr'><strong>Christum,</strong></span> <span class='ocrx_word' id='word_1_101' title='bbox 2687 615 2941 671; x_wconf 32' lang='lat' dir='ltr'><strong>mte’rnam</strong></span> <span class='ocrx_word' id='word_1_102' title='bbox 2961 619 3189 671; x_wconf 87' lang='lat' dir='ltr'><strong>salutem</strong></span> <span class='ocrx_word' id='word_1_103' title='bbox 3211 615 3561 674; x_wconf 85' lang='lat' dir='ltr'><strong>consecutos.</strong></span> <span class='ocrx_word' id='word_1_104' title='bbox 3590 615 3667 669; x_wconf 89' lang='lat' dir='ltr'><strong>De</strong></span> <span class='ocrx_word' id='word_1_105' title='bbox 3691 630 3791 683; x_wconf 89' lang='lat' dir='ltr'><strong>qua</strong></span> <span class='ocrx_word' id='word_1_106' title='bbox 3812 615 3911 682; x_wconf 86' lang='lat' dir='ltr'><strong>opi-</strong></span> 
     </span>
    </p>
   </div>
   <div class='ocr_carea' id='block_1_16' title="bbox 2364 684 3910 755">
    <p class='ocr_par' dir='ltr' id='par_1_16' title="bbox 2364 684 3910 755">
     <span class='ocr_line' id='line_1_16' title="bbox 2364 684 3910 755; baseline 0.001 -18"><span class='ocrx_word' id='word_1_107' title='bbox 2364 686 2527 740; x_wconf 88' lang='lat' dir='ltr'><strong>nione</strong></span> <span class='ocrx_word' id='word_1_108' title='bbox 2564 702 2666 740; x_wconf 91' lang='lat' dir='ltr'><strong>nos</strong></span> <span class='ocrx_word' id='word_1_109' title='bbox 2709 688 2837 740; x_wconf 88' lang='lat' dir='ltr'><strong>alibi</strong></span> <span class='ocrx_word' id='word_1_110' title='bbox 2873 687 2992 741; x_wconf 79' lang='lat' dir='ltr'><strong>fuse</strong></span> <span class='ocrx_word' id='word_1_111' title='bbox 3022 687 3442 755; x_wconf 82' lang='lat' dir='ltr'><strong>disputavimus,</strong></span> <span class='ocrx_word' id='word_1_112' title='bbox 3472 695 3525 739; x_wconf 90' lang='lat' dir='ltr'><strong>et</strong></span> <span class='ocrx_word' id='word_1_113' title='bbox 3555 684 3822 754; x_wconf 89' lang='lat' dir='ltr'><strong>quomodo</strong></span> <span class='ocrx_word' id='word_1_114' title='bbox 3857 699 3910 738; x_wconf 81' lang='lat' dir='ltr'><strong>ea</strong></span> 
     </span>
    </p>
   </div>
   <div class='ocr_carea' id='block_1_17' title="bbox 2363 754 3909 825">
    <p class='ocr_par' dir='ltr' id='par_1_17' title="bbox 2363 754 3909 825">
     <span class='ocr_line' id='line_1_17' title="bbox 2363 754 3909 825; baseline -0.002 -18"><span class='ocrx_word' id='word_1_115' title='bbox 2363 754 2717 825; x_wconf 78' lang='lat' dir='ltr'><strong>intelligenda</strong></span> <span class='ocrx_word' id='word_1_116' title='bbox 2742 758 2831 819; x_wconf 87' lang='lat' dir='ltr'><strong>sit,</strong></span> <span class='ocrx_word' id='word_1_117' title='bbox 2857 773 2925 811; x_wconf 90' lang='lat' dir='ltr'><strong>ne</strong></span> <span class='ocrx_word' id='word_1_118' title='bbox 2953 754 3354 810; x_wconf 32' lang='lat' dir='ltr'><strong>dirta’Patrum</strong></span> <span class='ocrx_word' id='word_1_119' title='bbox 3386 756 3438 809; x_wconf 90' lang='lat' dir='ltr'><strong>id</strong></span> <span class='ocrx_word' id='word_1_120' title='bbox 3474 755 3773 810; x_wconf 82' lang='lat' dir='ltr'><strong>asserentia</strong></span> <span class='ocrx_word' id='word_1_121' title='bbox 3798 768 3909 806; x_wconf 87' lang='lat' dir='ltr'><strong>con-</strong></span> 
     </span>
    </p>
   </div>
   <div class='ocr_carea' id='block_1_18' title="bbox 2361 825 3909 895">
    <p class='ocr_par' dir='ltr' id='par_1_18' title="bbox 2361 825 3909 895">
     <span class='ocr_line' id='line_1_18' title="bbox 2361 825 3909 895; baseline -0.003 -16"><span class='ocrx_word' id='word_1_122' title='bbox 2361 826 2620 879; x_wconf 86' lang='lat' dir='ltr'><strong>demnare</strong></span> <span class='ocrx_word' id='word_1_123' title='bbox 2671 841 2953 895; x_wconf 85' lang='lat' dir='ltr'><strong>cogamur.</strong></span> <span class='ocrx_word' id='word_1_124' title='bbox 2990 825 3122 882; x_wconf 82' lang='lat' dir='ltr'><strong>Vide</strong></span> <span class='ocrx_word' id='word_1_125' title='bbox 3151 827 3314 880; x_wconf 91' lang='lat' dir='ltr'><strong>etiam</strong></span> <span class='ocrx_word' id='word_1_126' title='bbox 3346 841 3467 895; x_wconf 71' lang='lat' dir='ltr'><strong>quae</strong></span> <span class='ocrx_word' id='word_1_127' title='bbox 3496 825 3565 878; x_wconf 88' lang='lat' dir='ltr'><strong>de</strong></span> <span class='ocrx_word' id='word_1_128' title='bbox 3598 837 3909 895; x_wconf 79' lang='lat' dir='ltr'><strong>paganorum</strong></span> 
     </span>
    </p>
   </div>
   <div class='ocr_carea' id='block_1_19' title="bbox 2361 894 3913 968">
    <p class='ocr_par' dir='ltr' id='par_1_19' title="bbox 2361 894 3913 968">
     <span class='ocr_line' id='line_1_19' title="bbox 2361 894 3913 968; baseline 0.001 -22"><span class='ocrx_word' id='word_1_129' title='bbox 2361 896 2648 968; x_wconf 77' lang='lat' dir='ltr'><strong>animabus</strong></span> <span class='ocrx_word' id='word_1_130' title='bbox 2679 894 2834 968; x_wconf 83' lang='lat' dir='ltr'><strong>libris</strong></span> <span class='ocrx_word' id='word_1_131' title='bbox 2860 898 3101 968; x_wconf 90' lang='lat' dir='ltr'><strong>quinque</strong></span> <span class='ocrx_word' id='word_1_132' title='bbox 3128 894 3457 951; x_wconf 84' lang='lat' dir='ltr'><strong>Franciscus</strong></span> <span class='ocrx_word' id='word_1_133' title='bbox 3496 894 3707 950; x_wconf 79' lang='lat' dir='ltr'><strong>Cellius</strong></span> <span class='ocrx_word' id='word_1_134' title='bbox 3747 894 3913 963; x_wconf 90' lang='lat' dir='ltr'><strong>copio-</strong></span> 
     </span>
    </p>
   </div>
   <div class='ocr_carea' id='block_1_20' title="bbox 2360 965 2884 1021">
    <p class='ocr_par' dir='ltr' id='par_1_20' title="bbox 2360 965 2884 1021">
     <span class='ocr_line' id='line_1_20' title="bbox 2360 965 2884 1021; baseline 0.002 -3"><span class='ocrx_word' id='word_1_135' title='bbox 2360 965 2577 1019; x_wconf 90' lang='lat' dir='ltr'><strong>sissime</strong></span> <span class='ocrx_word' id='word_1_136' title='bbox 2603 965 2884 1021; x_wconf 77' lang='lat' dir='ltr'><strong>disseruit.</strong></span> 
     </span>
    </p>
   </div>
   <div class='ocr_carea' id='block_1_21' title="bbox 696 1155 3903 1187">
    <p class='ocr_par' dir='ltr' id='par_1_21' title="bbox 696 1155 3903 1187">
     <span class='ocr_line' id='line_1_21' title="bbox 696 1155 3903 1187; baseline -0.001 -1"><span class='ocrx_word' id='word_1_137' title='bbox 696 1155 3903 1187; x_wconf 50' lang='grc' dir='ltr'>Μ</span> 
     </span>
    </p>
   </div>
   <div class='ocr_carea' id='block_1_22' title="bbox 1566 1309 3069 1404">
    <p class='ocr_par' dir='ltr' id='par_1_22' title="bbox 1566 1309 3069 1404">
     <span class='ocr_line' id='line_1_22' title="bbox 1566 1309 3069 1404; baseline 0.001 -2"><span class='ocrx_word' id='word_1_138' title='bbox 1566 1317 1794 1403; x_wconf 91' lang='grc' dir='ltr'>ΤΟΥ</span> <span class='ocrx_word' id='word_1_139' title='bbox 1844 1309 2182 1403; x_wconf 80' lang='grc' dir='ltr'><strong>ΑΓΙΟΥ</strong></span> <span class='ocrx_word' id='word_1_140' title='bbox 2247 1310 3069 1404; x_wconf 83' lang='grc' dir='ltr'><strong>ΙΕΡΟΜΑΡΤΥΡΟΣ</strong></span> 
     </span>
    </p>
   </div>
   <div class='ocr_carea' id='block_1_23' title="bbox 1712 1504 2892 1681">
    <p class='ocr_par' dir='ltr' id='par_1_23' title="bbox 1712 1504 2892 1681">
     <span class='ocr_line' id='line_1_23' title="bbox 1712 1504 2892 1681; baseline 0 0"><span class='ocrx_word' id='word_1_141' title='bbox 1712 1504 2892 1681; x_wconf 81' lang='grc' dir='ltr'><strong>ΜΕΘΟΔΙΟΥ</strong></span> 
     </span>
    </p>
   </div>
   <div class='ocr_carea' id='block_1_24' title="bbox 1123 1780 3453 1922">
    <p class='ocr_par' dir='ltr' id='par_1_24' title="bbox 1123 1780 3453 1922">
     <span class='ocr_line' id='line_1_24' title="bbox 1123 1780 3453 1922; baseline -0.001 -7"><span class='ocrx_word' id='word_1_142' title='bbox 1123 1780 1873 1919; x_wconf 86' lang='grc' dir='ltr'><strong>ΕΚΛΟΓΑΙ</strong></span> <span class='ocrx_word' id='word_1_143' title='bbox 1943 1780 2240 1915; x_wconf 86' lang='grc' dir='ltr'><strong>ΚΑΙ</strong></span> <span class='ocrx_word' id='word_1_144' title='bbox 2318 1783 2858 1922; x_wconf 89' lang='grc' dir='ltr'><strong>ΛΟΓΟΙ</strong></span> <span class='ocrx_word' id='word_1_145' title='bbox 2930 1793 3453 1922; x_wconf 85' lang='grc' dir='ltr'><strong>ΤΙΝΕΣ.</strong></span> 
     </span>
    </p>
   </div>
   <div class='ocr_carea' id='block_1_25' title="bbox 1386 2172 3719 2333">
    <p class='ocr_par' dir='ltr' id='par_1_25' title="bbox 1386 2172 3719 2333">
     <span class='ocr_line' id='line_1_25' title="bbox 1386 2172 3719 2333; baseline 0.002 -6"><span class='ocrx_word' id='word_1_146' title='bbox 1386 2199 1388 2201; x_wconf 0' lang='grc' dir='ltr'><strong> </strong></span> <span class='ocrx_word' id='word_1_147' title='bbox 1449 2172 2133 2331; x_wconf 84' lang='lat' dir='ltr'><strong>SANCTI</strong></span> <span class='ocrx_word' id='word_1_148' title='bbox 2212 2176 3165 2333; x_wconf 85' lang='lat' dir='ltr'><strong>METHODII</strong></span> <span class='ocrx_word' id='word_1_149' title='bbox 3627 2297 3629 2299; x_wconf 52' lang='grc' dir='ltr'><strong><em>ι</em></strong></span> <span class='ocrx_word' id='word_1_150' title='bbox 3684 2214 3719 2279; x_wconf 59' lang='grc' dir='ltr'><strong>ἠ</strong></span> 
     </span>
    </p>
   </div>
   <div class='ocr_carea' id='block_1_26' title="bbox 2000 2454 2614 2548">
    <p class='ocr_par' dir='ltr' id='par_1_26' title="bbox 2000 2454 2614 2548">
     <span class='ocr_line' id='line_1_26' title="bbox 2000 2454 2614 2548; baseline 0.003 -3"><span class='ocrx_word' id='word_1_151' title='bbox 2000 2454 2614 2548; x_wconf 80' lang='lat' dir='ltr'><strong>MABTYBIS</strong></span> 
     </span>
    </p>
   </div>
   <div class='ocr_carea' id='block_1_27' title="bbox 994 2664 3597 2809">
    <p class='ocr_par' dir='ltr' id='par_1_27' title="bbox 994 2664 3597 2809">
     <span class='ocr_line' id='line_1_27' title="bbox 994 2664 3597 2809; baseline 0.001 -22"><span class='ocrx_word' id='word_1_152' title='bbox 994 2668 1746 2787; x_wconf 81' lang='lat' dir='ltr'><strong>EXCERPTA</strong></span> <span class='ocrx_word' id='word_1_153' title='bbox 1820 2664 1991 2783; x_wconf 85' lang='lat' dir='ltr'><strong>AC</strong></span> <span class='ocrx_word' id='word_1_154' title='bbox 2059 2666 2886 2785; x_wconf 84' lang='lat' dir='ltr'><strong>ORATIONES</strong></span> <span class='ocrx_word' id='word_1_155' title='bbox 2926 2670 3597 2809; x_wconf 82' lang='lat' dir='ltr'><strong>ALIQUOT.</strong></span> 
     </span>
    </p>
   </div>
   <div class='ocr_carea' id='block_1_28' title="bbox 1576 2976 2974 3112">
    <p class='ocr_par' dir='ltr' id='par_1_28' title="bbox 1576 2976 2974 3112">
     <span class='ocr_line' id='line_1_28' title="bbox 1576 2976 2974 3112; baseline 0 -5"><span class='ocrx_word' id='word_1_156' title='bbox 1576 3021 1837 3107; x_wconf 91' lang='lat' dir='ltr'><strong>IIEPI</strong></span> <span class='ocrx_word' id='word_1_157' title='bbox 1887 3023 2117 3112; x_wconf 78' lang='grc' dir='ltr'>ΤΟΥ</span> <span class='ocrx_word' id='word_1_158' title='bbox 2152 3012 2974 3111; x_wconf 78' lang='grc' dir='ltr'><strong>ΑΥΤΕΞΟΥΣΙΟΥ.</strong></span> 
     </span>
    </p>
   </div>
   <div class='ocr_carea' id='block_1_29' title="bbox 2174 3208 2420 3273">
    <p class='ocr_par' dir='ltr' id='par_1_29' title="bbox 2174 3208 2420 3273">
     <span class='ocr_line' id='line_1_29' title="bbox 2174 3208 2420 3273; baseline -0.004 -1"><span class='ocrx_word' id='word_1_159' title='bbox 2174 3208 2420 3273; x_wconf 80' lang='lat' dir='ltr'><strong>LIBER</strong></span> 
     </span>
    </p>
   </div>
   <div class='ocr_carea' id='block_1_30' title="bbox 1616 3395 2987 3493">
    <p class='ocr_par' dir='ltr' id='par_1_30' title="bbox 1616 3395 2987 3493">
     <span class='ocr_line' id='line_1_30' title="bbox 1616 3395 2987 3493; baseline 0.003 -10"><span class='ocrx_word' id='word_1_160' title='bbox 1616 3395 1764 3484; x_wconf 92' lang='lat' dir='ltr'><strong>DE</strong></span> <span class='ocrx_word' id='word_1_161' title='bbox 1843 3397 2289 3493; x_wconf 81' lang='lat' dir='ltr'><strong>LIBERO</strong></span> <span class='ocrx_word' id='word_1_162' title='bbox 2358 3395 2987 3491; x_wconf 81' lang='lat' dir='ltr'><strong>ARBITRIO.</strong></span> 
     </span>
    </p>
   </div>
   <div class='ocr_carea' id='block_1_31' title="bbox 666 3573 3941 3645">
    <p class='ocr_par' dir='ltr' id='par_1_31' title="bbox 666 3573 3941 3645">
     <span class='ocr_line' id='line_1_31' title="bbox 666 3573 3941 3645; baseline 0.004 -24"><span class='ocrx_word' id='word_1_163' title='bbox 666 3573 773 3625; x_wconf 84' lang='lat' dir='ltr'><strong>Hoc</strong></span> <span class='ocrx_word' id='word_1_164' title='bbox 793 3575 1001 3645; x_wconf 70' lang='lat' dir='ltr'><strong>primum</strong></span> <span class='ocrx_word' id='word_1_165' title='bbox 1028 3578 1321 3645; x_wconf 78' lang='lat' dir='ltr'><strong>e_xcerplum</strong></span> <span class='ocrx_word' id='word_1_166' title='bbox 1339 3574 1961 3645; x_wconf 59' lang='lat' dir='ltr'><strong>Metbgaianumdejigero</strong></span> <span class='ocrx_word' id='word_1_167' title='bbox 1982 3578 2204 3639; x_wconf 79' lang='lat' dir='ltr'><strong>arbitrio,</strong></span> <span class='ocrx_word' id='word_1_168' title='bbox 2226 3582 2415 3645; x_wconf 84' lang='lat' dir='ltr'><strong>primus</strong></span> <span class='ocrx_word' id='word_1_169' title='bbox 2435 3582 2605 3631; x_wconf 66' lang='lat' dir='ltr'><strong>Graece</strong></span> <span class='ocrx_word' id='word_1_170' title='bbox 2628 3582 2849 3645; x_wconf 82' lang='lat' dir='ltr'><strong>vulgavit</strong></span> <span class='ocrx_word' id='word_1_171' title='bbox 2862 3581 3081 3631; x_wconf 80' lang='lat' dir='ltr'><strong>Joannes</strong></span> <span class='ocrx_word' id='word_1_172' title='bbox 3102 3580 3349 3645; x_wconf 76' lang='lat' dir='ltr'><strong>Meursius</strong></span> <span class='ocrx_word' id='word_1_173' title='bbox 3365 3583 3423 3645; x_wconf 61' lang='lat' dir='ltr'><strong>in</strong></span> <span class='ocrx_word' id='word_1_174' title='bbox 3447 3578 3719 3632; x_wconf 62' lang='lat' dir='ltr'><strong>rariorum</strong></span> <span class='ocrx_word' id='word_1_175' title='bbox 3740 3582 3941 3639; x_wconf 68' lang='lat' dir='ltr'><strong>diome-</strong></span> 
     </span>
    </p>
   </div>
   <div class='ocr_carea' id='block_1_32' title="bbox 728 3637 3843 3707">
    <p class='ocr_par' dir='ltr' id='par_1_32' title="bbox 728 3637 3843 3707">
     <span class='ocr_line' id='line_1_32' title="bbox 728 3637 3843 3707; baseline 0.003 -20"><span class='ocrx_word' id='word_1_176' title='bbox 728 3650 839 3687; x_wconf 85' lang='lat' dir='ltr'><strong>rum</strong></span> <span class='ocrx_word' id='word_1_177' title='bbox 865 3638 990 3707; x_wconf 63' lang='lat' dir='ltr'><strong>libro</strong></span> <span class='ocrx_word' id='word_1_178' title='bbox 1006 3652 1017 3692; x_wconf 86' lang='lat'><strong>;</strong></span> <span class='ocrx_word' id='word_1_179' title='bbox 1033 3637 1266 3707; x_wconf 18' lang='lat' dir='ltr'><strong>Aloannes</strong></span> <span class='ocrx_word' id='word_1_180' title='bbox 1288 3638 1674 3707; x_wconf 47' lang='lat' dir='ltr'><strong>autemnimmius</strong></span> <span class='ocrx_word' id='word_1_181' title='bbox 1698 3642 1822 3707; x_wconf 36' lang='lat' dir='ltr'><strong>vlg.</strong></span> <span class='ocrx_word' id='word_1_182' title='bbox 1848 3637 2698 3707; x_wconf 21' lang='lat' dir='ltr'><strong>Latine,vertit,&#39;excudendumque</strong></span> <span class='ocrx_word' id='word_1_183' title='bbox 2713 3637 2904 3694; x_wconf 64' lang='lat' dir='ltr'><strong>curavit</strong></span> <span class='ocrx_word' id='word_1_184' title='bbox 2919 3645 2979 3707; x_wconf 81' lang='lat' dir='ltr'><strong>jn</strong></span> <span class='ocrx_word' id='word_1_185' title='bbox 3001 3657 3090 3707; x_wconf 80' lang='lat' dir='ltr'><strong>sua</strong></span> <span class='ocrx_word' id='word_1_186' title='bbox 3111 3644 3365 3707; x_wconf 79' lang='lat' dir='ltr'><strong>luculenta</strong></span> <span class='ocrx_word' id='word_1_187' title='bbox 3384 3643 3784 3695; x_wconf 80' lang='lat' dir='ltr'><strong>lleursianorum</strong></span> <span class='ocrx_word' id='word_1_188' title='bbox 3810 3661 3843 3697; x_wconf 90' lang='grc' dir='ltr'><strong>ο</strong></span> 
     </span>
    </p>
   </div>
   <div class='ocr_carea' id='block_1_33' title="bbox 728 3661 3942 3770">
    <p class='ocr_par' dir='ltr' id='par_1_33' title="bbox 728 3661 3942 3770">
     <span class='ocr_line' id='line_1_33' title="bbox 728 3661 3843 3707; baseline 0.003 -20"><span class='ocrx_word' id='word_1_189' title='bbox 728 3661 839 3687; x_wconf 74' lang='lat' dir='ltr'><strong>rum</strong></span> <span class='ocrx_word' id='word_1_190' title='bbox 866 3661 990 3687; x_wconf 84' lang='lat' dir='ltr'><strong>nuru</strong></span> <span class='ocrx_word' id='word_1_191' title='bbox 1006 3676 1016 3692; x_wconf 92' lang='lat'><strong>,</strong></span> <span class='ocrx_word' id='word_1_192' title='bbox 1049 3661 1266 3686; x_wconf 66' lang='lat' dir='ltr'><strong>auauuca</strong></span> <span class='ocrx_word' id='word_1_193' title='bbox 1288 3661 1453 3687; x_wconf 55' lang='lat' dir='ltr'><strong>autem</strong></span> <span class='ocrx_word' id='word_1_194' title='bbox 1478 3661 1674 3688; x_wconf 72' lang='lat' dir='ltr'><strong>Latmus</strong></span> <span class='ocrx_word' id='word_1_195' title='bbox 1703 3661 1723 3690; x_wconf 77' lang='grc' dir='ltr'><strong>ν</strong></span> <span class='ocrx_word' id='word_1_196' title='bbox 1740 3679 1750 3689; x_wconf 93' lang='grc'>.</span> <span class='ocrx_word' id='word_1_197' title='bbox 1772 3661 1822 3691; x_wconf 61' lang='grc' dir='ltr'><strong>ιλ.</strong></span> <span class='ocrx_word' id='word_1_198' title='bbox 1848 3661 2023 3693; x_wconf 79' lang='lat' dir='ltr'><strong>Lallne</strong></span> <span class='ocrx_word' id='word_1_199' title='bbox 2051 3661 2219 3703; x_wconf 78' lang='lat' dir='ltr'><strong>Vertit,</strong></span> <span class='ocrx_word' id='word_1_200' title='bbox 2252 3661 2698 3707; x_wconf 78' lang='lat' dir='ltr'><strong>exeunenaumque</strong></span> <span class='ocrx_word' id='word_1_201' title='bbox 2718 3661 2904 3694; x_wconf 80' lang='lat' dir='ltr'><strong>curant</strong></span> <span class='ocrx_word' id='word_1_202' title='bbox 2927 3661 2979 3691; x_wconf 83' lang='lat' dir='ltr'><strong>In</strong></span> <span class='ocrx_word' id='word_1_203' title='bbox 3001 3661 3090 3693; x_wconf 77' lang='grc' dir='ltr'>ωι</span> <span class='ocrx_word' id='word_1_204' title='bbox 3112 3661 3365 3695; x_wconf 75' lang='lat' dir='ltr'><strong>luculenta</strong></span> <span class='ocrx_word' id='word_1_205' title='bbox 3386 3661 3784 3695; x_wconf 70' lang='lat' dir='ltr'><strong>meumtanomm</strong></span> <span class='ocrx_word' id='word_1_206' title='bbox 3810 3661 3843 3697; x_wconf 90' lang='grc' dir='ltr'><strong>ο</strong></span> 
     </span>
     <span class='ocr_line' id='line_1_34' title="bbox 728 3661 3942 3770; baseline 0.005 -24"><span class='ocrx_word' id='word_1_207' title='bbox 728 3713 837 3747; x_wconf 89' lang='lat' dir='ltr'><strong>rum</strong></span> <span class='ocrx_word' id='word_1_208' title='bbox 869 3698 1196 3770; x_wconf 49' lang='lat' dir='ltr'><strong>cﬂlectione,</strong></span> <span class='ocrx_word' id='word_1_209' title='bbox 1243 3705 1361 3747; x_wconf 91' lang='lat' dir='ltr'><strong>tom.</strong></span> <span class='ocrx_word' id='word_1_210' title='bbox 1402 3698 1547 3761; x_wconf 80' lang='lat' dir='ltr'><strong>VIII,</strong></span> <span class='ocrx_word' id='word_1_211' title='bbox 1590 3715 1702 3765; x_wconf 78' lang='lat' dir='ltr'><strong>pag.</strong></span> <span class='ocrx_word' id='word_1_212' title='bbox 1736 3704 1964 3756; x_wconf 67' lang='lat'><strong>725-738.</strong></span> <span class='ocrx_word' id='word_1_213' title='bbox 2000 3706 2100 3755; x_wconf 81' lang='lat' dir='ltr'><strong>Nos</strong></span> <span class='ocrx_word' id='word_1_214' title='bbox 2147 3718 2264 3755; x_wconf 88' lang='lat' dir='ltr'><strong>vero</strong></span> <span class='ocrx_word' id='word_1_215' title='bbox 2299 3708 2511 3767; x_wconf 87' lang='lat' dir='ltr'><strong>primum</strong></span> <span class='ocrx_word' id='word_1_216' title='bbox 2546 3710 2881 3770; x_wconf 73' lang='lat' dir='ltr'><strong>interpretem</strong></span> <span class='ocrx_word' id='word_1_217' title='bbox 2908 3704 3259 3769; x_wconf 82' lang='lat' dir='ltr'><strong>Combeﬂsium</strong></span> <span class='ocrx_word' id='word_1_218' title='bbox 3290 3705 3499 3768; x_wconf 84' lang='lat' dir='ltr'><strong>ejusque</strong></span> <span class='ocrx_word' id='word_1_219' title='bbox 3514 3714 3681 3757; x_wconf 65' lang='lat' dir='ltr'><strong>‘notas</strong></span> <span class='ocrx_word' id='word_1_220' title='bbox 3713 3661 3942 3761; x_wconf 56' lang='lat' dir='ltr'><strong>“big:</strong></span> 
     </span>
    </p>
   </div>
   <div class='ocr_carea' id='block_1_34' title="bbox 726 3759 1176 3826">
    <p class='ocr_par' dir='ltr' id='par_1_34' title="bbox 726 3759 1176 3826">
     <span class='ocr_line' id='line_1_35' title="bbox 726 3759 1176 3826; baseline -0.004 -17"><span class='ocrx_word' id='word_1_221' title='bbox 726 3773 852 3809; x_wconf 71' lang='lat' dir='ltr'><strong>mus.</strong></span> <span class='ocrx_word' id='word_1_222' title='bbox 887 3759 1176 3826; x_wconf 75' lang='grc' dir='ltr'><strong>(ϐΑιιΔιω.)</strong></span> 
     </span>
    </p>
   </div>
   <div class='ocr_carea' id='block_1_35' title="bbox 737 4004 2311 4076">
    <p class='ocr_par' dir='ltr' id='par_1_35' title="bbox 737 4004 2311 4076">
     <span class='ocr_line' id='line_1_36' title="bbox 737 4004 2311 4076; baseline 0.004 -15"><span class='ocrx_word' id='word_1_223' title='bbox 737 4006 911 4061; x_wconf 78' lang='lat' dir='ltr'><strong>Senex</strong></span> <span class='ocrx_word' id='word_1_224' title='bbox 940 4006 1161 4076; x_wconf 90' lang='lat' dir='ltr'><strong>quidem</strong></span> <span class='ocrx_word' id='word_1_225' title='bbox 1195 4004 1515 4072; x_wconf 85' lang='lat' dir='ltr'><strong>Ithacensis,</strong></span> <span class='ocrx_word' id='word_1_226' title='bbox 1548 4022 1696 4073; x_wconf 89' lang='lat' dir='ltr'><strong>cum,</strong></span> <span class='ocrx_word' id='word_1_227' title='bbox 1746 4018 1804 4063; x_wconf 90' lang='lat' dir='ltr'><strong>ut</strong></span> <span class='ocrx_word' id='word_1_228' title='bbox 1847 4010 2019 4067; x_wconf 73' lang='lat' dir='ltr'><strong>Graeci</strong></span> <span class='ocrx_word' id='word_1_229' title='bbox 2074 4012 2233 4069; x_wconf 84' lang='lat' dir='ltr'><strong>fabu-</strong></span> <span class='ocrx_word' id='word_1_230' title='bbox 2265 4020 2311 4076; x_wconf 81' lang='grc' dir='ltr'>Β</span> 
     </span>
    </p>
   </div>
   <div class='ocr_carea' id='block_1_36' title="bbox 663 4097 2239 4169">
    <p class='ocr_par' dir='ltr' id='par_1_36' title="bbox 663 4097 2239 4169">
     <span class='ocr_line' id='line_1_37' title="bbox 663 4097 2239 4169; baseline 0.005 -18"><span class='ocrx_word' id='word_1_231' title='bbox 663 4098 879 4162; x_wconf 88' lang='lat' dir='ltr'><strong>lantur,</strong></span> <span class='ocrx_word' id='word_1_232' title='bbox 936 4097 1231 4167; x_wconf 86' lang='lat' dir='ltr'><strong>voluptatis</strong></span> <span class='ocrx_word' id='word_1_233' title='bbox 1279 4098 1498 4154; x_wconf 88' lang='lat' dir='ltr'><strong>auditus</strong></span> <span class='ocrx_word' id='word_1_234' title='bbox 1556 4100 1938 4169; x_wconf 88' lang='lat' dir='ltr'><strong>incontinens,</strong></span> <span class='ocrx_word' id='word_1_235' title='bbox 1986 4102 2239 4159; x_wconf 84' lang='lat' dir='ltr'><strong>Sirenum</strong></span> 
     </span>
    </p>
   </div>
   <div class='ocr_carea' id='block_1_37' title="bbox 664 4189 2243 4265">
    <p class='ocr_par' dir='ltr' id='par_1_37' title="bbox 664 4189 2243 4265">
     <span class='ocr_line' id='line_1_38' title="bbox 664 4189 2243 4265; baseline 0.006 -22"><span class='ocrx_word' id='word_1_236' title='bbox 664 4198 886 4244; x_wconf 90' lang='lat' dir='ltr'><strong>cantum</strong></span> <span class='ocrx_word' id='word_1_237' title='bbox 915 4189 1104 4243; x_wconf 87' lang='lat' dir='ltr'><strong>audire</strong></span> <span class='ocrx_word' id='word_1_238' title='bbox 1128 4191 1308 4256; x_wconf 89' lang='lat' dir='ltr'><strong>vellet,</strong></span> <span class='ocrx_word' id='word_1_239' title='bbox 1356 4192 1629 4262; x_wconf 81' lang='lat' dir='ltr'><strong>navigavit</strong></span> <span class='ocrx_word' id='word_1_240' title='bbox 1656 4192 1872 4250; x_wconf 87' lang='lat' dir='ltr'><strong>vinctus</strong></span> <span class='ocrx_word' id='word_1_241' title='bbox 1904 4196 2019 4265; x_wconf 90' lang='lat' dir='ltr'><strong>ipse</strong></span> <span class='ocrx_word' id='word_1_242' title='bbox 2056 4198 2111 4251; x_wconf 91' lang='lat' dir='ltr'><strong>in</strong></span> <span class='ocrx_word' id='word_1_243' title='bbox 2154 4196 2243 4252; x_wconf 60' lang='lat' dir='ltr'><strong>Si.</strong></span> 
     </span>
    </p>
   </div>
   <div class='ocr_carea' id='block_1_38' title="bbox 662 4281 2240 4359">
    <p class='ocr_par' dir='ltr' id='par_1_38' title="bbox 662 4281 2240 4359">
     <span class='ocr_line' id='line_1_39' title="bbox 662 4281 2240 4359; baseline 0.006 -24"><span class='ocrx_word' id='word_1_244' title='bbox 662 4281 869 4344; x_wconf 89' lang='lat' dir='ltr'><strong>ciliam,</strong></span> <span class='ocrx_word' id='word_1_245' title='bbox 901 4282 1288 4352; x_wconf 89' lang='lat' dir='ltr'><strong>sociorumque</strong></span> <span class='ocrx_word' id='word_1_246' title='bbox 1335 4284 1609 4338; x_wconf 77' lang='lat' dir='ltr'><strong>obstruxit</strong></span> <span class='ocrx_word' id='word_1_247' title='bbox 1656 4300 1818 4341; x_wconf 84' lang='lat' dir='ltr'><strong>aures</strong></span> <span class='ocrx_word' id='word_1_248' title='bbox 1864 4305 1876 4341; x_wconf 93' lang='lat'><strong>:</strong></span> <span class='ocrx_word' id='word_1_249' title='bbox 1921 4302 2032 4343; x_wconf 87' lang='lat' dir='ltr'><strong>non</strong></span> <span class='ocrx_word' id='word_1_250' title='bbox 2082 4290 2240 4359; x_wconf 90' lang='lat' dir='ltr'><strong>quasi</strong></span> 
     </span>
    </p>
   </div>
   <div class='ocr_carea' id='block_1_39' title="bbox 661 4372 2241 4447">
    <p class='ocr_par' dir='ltr' id='par_1_39' title="bbox 661 4372 2241 4447">
     <span class='ocr_line' id='line_1_40' title="bbox 661 4372 2241 4447; baseline 0.007 -23"><span class='ocrx_word' id='word_1_251' title='bbox 661 4372 749 4427; x_wconf 89' lang='lat' dir='ltr'><strong>vel</strong></span> <span class='ocrx_word' id='word_1_252' title='bbox 777 4373 887 4428; x_wconf 84' lang='lat' dir='ltr'><strong>illis</strong></span> <span class='ocrx_word' id='word_1_253' title='bbox 916 4372 1183 4429; x_wconf 88' lang='lat' dir='ltr'><strong>invideret</strong></span> <span class='ocrx_word' id='word_1_254' title='bbox 1218 4376 1485 4441; x_wconf 89' lang='lat' dir='ltr'><strong>auditum,</strong></span> <span class='ocrx_word' id='word_1_255' title='bbox 1538 4378 1617 4431; x_wconf 87' lang='lat' dir='ltr'><strong>vel</strong></span> <span class='ocrx_word' id='word_1_256' title='bbox 1649 4392 1707 4432; x_wconf 90' lang='lat' dir='ltr'><strong>se</strong></span> <span class='ocrx_word' id='word_1_257' title='bbox 1756 4378 1872 4447; x_wconf 92' lang='lat' dir='ltr'><strong>ipse</strong></span> <span class='ocrx_word' id='word_1_258' title='bbox 1901 4379 2134 4436; x_wconf 91' lang='lat' dir='ltr'><strong>vinculis</strong></span> <span class='ocrx_word' id='word_1_259' title='bbox 2174 4382 2241 4435; x_wconf 92' lang='lat' dir='ltr'><strong>li-</strong></span> 
     </span>
    </p>
   </div>
   <div class='ocr_carea' id='block_1_40' title="bbox 663 4452 2241 4541">
    <p class='ocr_par' dir='ltr' id='par_1_40' title="bbox 663 4452 2241 4541">
     <span class='ocr_line' id='line_1_41' title="bbox 663 4452 2241 4541; baseline 0.008 -25"><span class='ocrx_word' id='word_1_260' title='bbox 663 4464 800 4517; x_wconf 88' lang='lat' dir='ltr'><strong>bens</strong></span> <span class='ocrx_word' id='word_1_261' title='bbox 830 4452 1116 4530; x_wconf 88' lang='lat' dir='ltr'><strong>insereret,</strong></span> <span class='ocrx_word' id='word_1_262' title='bbox 1154 4466 1249 4521; x_wconf 89' lang='lat' dir='ltr'><strong>sed</strong></span> <span class='ocrx_word' id='word_1_263' title='bbox 1285 4470 1428 4537; x_wconf 87' lang='lat' dir='ltr'><strong>quod</strong></span> <span class='ocrx_word' id='word_1_264' title='bbox 1459 4466 1786 4525; x_wconf 85' lang='lat' dir='ltr'><strong>cantilenam</strong></span> <span class='ocrx_word' id='word_1_265' title='bbox 1831 4472 2104 4541; x_wconf 88' lang='lat' dir='ltr'><strong>ejusmodi</strong></span> <span class='ocrx_word' id='word_1_266' title='bbox 2144 4490 2241 4529; x_wconf 87' lang='lat' dir='ltr'><strong>au-</strong></span> 
     </span>
    </p>
   </div>
   <div class='ocr_carea' id='block_1_41' title="bbox 664 4555 2241 4637">
    <p class='ocr_par' dir='ltr' id='par_1_41' title="bbox 664 4555 2241 4637">
     <span class='ocr_line' id='line_1_42' title="bbox 664 4555 2241 4637; baseline 0.01 -30"><span class='ocrx_word' id='word_1_267' title='bbox 664 4555 941 4611; x_wconf 85' lang='lat' dir='ltr'><strong>dientibus</strong></span> <span class='ocrx_word' id='word_1_268' title='bbox 996 4572 1145 4612; x_wconf 90' lang='lat' dir='ltr'><strong>mors</strong></span> <span class='ocrx_word' id='word_1_269' title='bbox 1192 4560 1410 4616; x_wconf 87' lang='lat' dir='ltr'><strong>tandem</strong></span> <span class='ocrx_word' id='word_1_270' title='bbox 1457 4562 1785 4619; x_wconf 83' lang='lat' dir='ltr'><strong>immineret.</strong></span> <span class='ocrx_word' id='word_1_271' title='bbox 1831 4564 1989 4621; x_wconf 90' lang='lat' dir='ltr'><strong>Tales</strong></span> <span class='ocrx_word' id='word_1_272' title='bbox 2042 4567 2241 4637; x_wconf 86' lang='lat' dir='ltr'><strong>quippe</strong></span> 
     </span>
    </p>
   </div>
   <div class='ocr_carea' id='block_1_42' title="bbox 664 4645 2240 4724">
    <p class='ocr_par' dir='ltr' id='par_1_42' title="bbox 664 4645 2240 4724">
     <span class='ocr_line' id='line_1_43' title="bbox 664 4645 2240 4724; baseline 0.01 -25"><span class='ocrx_word' id='word_1_273' title='bbox 664 4645 870 4701; x_wconf 63' lang='lat' dir='ltr'><strong>Graecis</strong></span> <span class='ocrx_word' id='word_1_274' title='bbox 906 4656 1035 4702; x_wconf 86' lang='lat' dir='ltr'><strong>sunt</strong></span> <span class='ocrx_word' id='word_1_275' title='bbox 1070 4647 1319 4704; x_wconf 90' lang='lat' dir='ltr'><strong>Sirenum</strong></span> <span class='ocrx_word' id='word_1_276' title='bbox 1368 4653 1691 4724; x_wconf 82' lang='lat' dir='ltr'><strong>voluptates.</strong></span> <span class='ocrx_word' id='word_1_277' title='bbox 1727 4656 2035 4721; x_wconf 82' lang='lat' dir='ltr'><strong>Enimvero,</strong></span> <span class='ocrx_word' id='word_1_278' title='bbox 2068 4660 2240 4715; x_wconf 85' lang='lat' dir='ltr'><strong>haud-</strong></span> 
     </span>
    </p>
   </div>
   <div class='ocr_carea' id='block_1_43' title="bbox 664 4743 2237 4819">
    <p class='ocr_par' dir='ltr' id='par_1_43' title="bbox 664 4743 2237 4819">
     <span class='ocr_line' id='line_1_44' title="bbox 664 4743 2237 4819; baseline 0.01 -25"><span class='ocrx_word' id='word_1_279' title='bbox 664 4757 938 4812; x_wconf 87' lang='lat' dir='ltr'><strong>quaquam</strong></span> <span class='ocrx_word' id='word_1_280' title='bbox 968 4758 1069 4813; x_wconf 78' lang='lat' dir='ltr'><strong>ego</strong></span> <span class='ocrx_word' id='word_1_281' title='bbox 1098 4743 1223 4796; x_wconf 88' lang='lat' dir='ltr'><strong>talis</strong></span> <span class='ocrx_word' id='word_1_282' title='bbox 1251 4747 1516 4803; x_wconf 89' lang='lat' dir='ltr'><strong>cantionis</strong></span> <span class='ocrx_word' id='word_1_283' title='bbox 1549 4748 1765 4805; x_wconf 90' lang='lat' dir='ltr'><strong>auditor</strong></span> <span class='ocrx_word' id='word_1_284' title='bbox 1806 4749 1876 4806; x_wconf 82' lang='lat' dir='ltr'><strong>lio</strong></span> <span class='ocrx_word' id='word_1_285' title='bbox 1902 4771 1915 4819; x_wconf 92' lang='lat'>;</span> <span class='ocrx_word' id='word_1_286' title='bbox 1952 4768 2052 4808; x_wconf 91' lang='lat' dir='ltr'><strong>nec</strong></span> <span class='ocrx_word' id='word_1_287' title='bbox 2084 4754 2237 4809; x_wconf 90' lang='lat' dir='ltr'><strong>Sire-</strong></span> 
     </span>
    </p>
   </div>
   <div class='ocr_carea' id='block_1_44' title="bbox 663 4834 2237 4917">
    <p class='ocr_par' dir='ltr' id='par_1_44' title="bbox 663 4834 2237 4917">
     <span class='ocr_line' id='line_1_45' title="bbox 663 4834 2237 4917; baseline 0.008 -29"><span class='ocrx_word' id='word_1_288' title='bbox 663 4851 765 4889; x_wconf 84' lang='lat' dir='ltr'><strong>nas</strong></span> <span class='ocrx_word' id='word_1_289' title='bbox 795 4834 1022 4891; x_wconf 82' lang='lat' dir='ltr'><strong>funebre</strong></span> <span class='ocrx_word' id='word_1_290' title='bbox 1044 4849 1265 4891; x_wconf 88' lang='lat' dir='ltr'><strong>carmen</strong></span> <span class='ocrx_word' id='word_1_291' title='bbox 1287 4836 1567 4893; x_wconf 89' lang='lat' dir='ltr'><strong>hominum</strong></span> <span class='ocrx_word' id='word_1_292' title='bbox 1602 4843 1976 4907; x_wconf 85' lang='lat' dir='ltr'><strong>concinentes,</strong></span> <span class='ocrx_word' id='word_1_293' title='bbox 2007 4863 2237 4917; x_wconf 85' lang='lat' dir='ltr'><strong>quarum</strong></span> 
     </span>
    </p>
   </div>
   <div class='ocr_carea' id='block_1_45' title="bbox 663 4926 2239 5001">
    <p class='ocr_par' dir='ltr' id='par_1_45' title="bbox 663 4926 2239 5001">
     <span class='ocr_line' id='line_1_46' title="bbox 663 4926 2239 5001; baseline 0.007 -21"><span class='ocrx_word' id='word_1_294' title='bbox 663 4927 943 4980; x_wconf 83' lang='lat' dir='ltr'><strong>silentium</strong></span> <span class='ocrx_word' id='word_1_295' title='bbox 977 4926 1100 4996; x_wconf 86' lang='lat' dir='ltr'><strong>plus</strong></span> <span class='ocrx_word' id='word_1_296' title='bbox 1129 4941 1263 4981; x_wconf 89' lang='lat' dir='ltr'><strong>voce</strong></span> <span class='ocrx_word' id='word_1_297' title='bbox 1292 4927 1606 4985; x_wconf 89' lang='lat' dir='ltr'><strong>hominibus</strong></span> <span class='ocrx_word' id='word_1_298' title='bbox 1655 4933 1849 5001; x_wconf 87' lang='lat' dir='ltr'><strong>prosit,</strong></span> <span class='ocrx_word' id='word_1_299' title='bbox 1874 4936 2062 4991; x_wconf 86' lang='lat' dir='ltr'><strong>audire</strong></span> <span class='ocrx_word' id='word_1_300' title='bbox 2092 4938 2239 4993; x_wconf 76' lang='lat' dir='ltr'><strong>desi-</strong></span> 
     </span>
    </p>
   </div>
   <div class='ocr_carea' id='block_1_46' title="bbox 664 5015 2237 5096">
    <p class='ocr_par' dir='ltr' id='par_1_46' title="bbox 664 5015 2237 5096">
     <span class='ocr_line' id='line_1_47' title="bbox 664 5015 2237 5096; baseline 0.01 -28"><span class='ocrx_word' id='word_1_301' title='bbox 664 5015 798 5071; x_wconf 88' lang='lat' dir='ltr'><strong>dero</strong></span> <span class='ocrx_word' id='word_1_302' title='bbox 831 5036 842 5071; x_wconf 96' lang='lat'>:</span> <span class='ocrx_word' id='word_1_303' title='bbox 868 5018 1030 5088; x_wconf 83' lang='lat' dir='ltr'><strong>cupio</strong></span> <span class='ocrx_word' id='word_1_304' title='bbox 1053 5024 1233 5071; x_wconf 89' lang='lat' dir='ltr'><strong>autem</strong></span> <span class='ocrx_word' id='word_1_305' title='bbox 1263 5016 1445 5071; x_wconf 81' lang='lat' dir='ltr'><strong>divina</strong></span> <span class='ocrx_word' id='word_1_306' title='bbox 1476 5018 1707 5087; x_wconf 90' lang='lat' dir='ltr'><strong>quadam</strong></span> <span class='ocrx_word' id='word_1_307' title='bbox 1736 5038 1869 5079; x_wconf 85' lang='lat' dir='ltr'><strong>voce</strong></span> <span class='ocrx_word' id='word_1_308' title='bbox 1902 5024 2040 5093; x_wconf 81' lang='lat' dir='ltr'><strong>frui,</strong></span> <span class='ocrx_word' id='word_1_309' title='bbox 2078 5028 2237 5096; x_wconf 85' lang='lat' dir='ltr'><strong>cujus</strong></span> 
     </span>
    </p>
   </div>
   <div class='ocr_carea' id='block_1_47' title="bbox 666 5106 2237 5187">
    <p class='ocr_par' dir='ltr' id='par_1_47' title="bbox 666 5106 2237 5187">
     <span class='ocr_line' id='line_1_48' title="bbox 666 5106 2237 5187; baseline 0.01 -28"><span class='ocrx_word' id='word_1_310' title='bbox 666 5106 863 5173; x_wconf 68' lang='lat' dir='ltr'><strong>saepius</strong></span> <span class='ocrx_word' id='word_1_311' title='bbox 889 5110 1113 5177; x_wconf 83' lang='lat' dir='ltr'><strong>repetita</strong></span> <span class='ocrx_word' id='word_1_312' title='bbox 1146 5108 1350 5162; x_wconf 89' lang='lat' dir='ltr'><strong>auditio</strong></span> <span class='ocrx_word' id='word_1_313' title='bbox 1398 5110 1727 5167; x_wconf 89' lang='lat' dir='ltr'><strong>desiderium</strong></span> <span class='ocrx_word' id='word_1_314' title='bbox 1755 5118 2098 5187; x_wconf 86' lang='lat' dir='ltr'><strong>accumulat;</strong></span> <span class='ocrx_word' id='word_1_315' title='bbox 2127 5136 2237 5176; x_wconf 89' lang='lat' dir='ltr'><strong>non</strong></span> 
     </span>
    </p>
   </div>
   <div class='ocr_carea' id='block_1_48' title="bbox 662 5199 2238 5277">
    <p class='ocr_par' dir='ltr' id='par_1_48' title="bbox 662 5199 2238 5277">
     <span class='ocr_line' id='line_1_49' title="bbox 662 5199 2238 5277; baseline 0.009 -26"><span class='ocrx_word' id='word_1_316' title='bbox 662 5199 813 5253; x_wconf 88' lang='lat' dir='ltr'><strong>velut</strong></span> <span class='ocrx_word' id='word_1_317' title='bbox 854 5199 1140 5270; x_wconf 65' lang='lat' dir='ltr'><strong>impudica:</strong></span> <span class='ocrx_word' id='word_1_318' title='bbox 1167 5204 1319 5259; x_wconf 88' lang='lat' dir='ltr'><strong>vocis</strong></span> <span class='ocrx_word' id='word_1_319' title='bbox 1359 5204 1611 5275; x_wconf 81' lang='lat' dir='ltr'><strong>voluptas</strong></span> <span class='ocrx_word' id='word_1_320' title='bbox 1645 5214 2003 5277; x_wconf 84' lang='lat' dir='ltr'><strong>superaverit,</strong></span> <span class='ocrx_word' id='word_1_321' title='bbox 2044 5212 2139 5268; x_wconf 77' lang='lat' dir='ltr'><strong>sed</strong></span> <span class='ocrx_word' id='word_1_322' title='bbox 2177 5220 2238 5267; x_wconf 91' lang='lat' dir='ltr'><strong>ut</strong></span> 
     </span>
    </p>
   </div>
   <div class='ocr_carea' id='block_1_49' title="bbox 663 5291 2237 5367">
    <p class='ocr_par' dir='ltr' id='par_1_49' title="bbox 663 5291 2237 5367">
     <span class='ocr_line' id='line_1_50' title="bbox 663 5291 2237 5367; baseline 0.011 -25"><span class='ocrx_word' id='word_1_323' title='bbox 663 5291 755 5358; x_wconf 85' lang='lat' dir='ltr'><strong>qui</strong></span> <span class='ocrx_word' id='word_1_324' title='bbox 786 5302 1126 5347; x_wconf 87' lang='lat' dir='ltr'><strong>sacramenta</strong></span> <span class='ocrx_word' id='word_1_325' title='bbox 1159 5294 1343 5350; x_wconf 88' lang='lat' dir='ltr'><strong>divina</strong></span> <span class='ocrx_word' id='word_1_326' title='bbox 1373 5296 1598 5350; x_wconf 85' lang='lat' dir='ltr'><strong>habeam</strong></span> <span class='ocrx_word' id='word_1_327' title='bbox 1627 5298 1925 5367; x_wconf 87' lang='lat' dir='ltr'><strong>addiscere,</strong></span> <span class='ocrx_word' id='word_1_328' title='bbox 1959 5312 2013 5358; x_wconf 85' lang='lat' dir='ltr'><strong>et</strong></span> <span class='ocrx_word' id='word_1_329' title='bbox 2036 5304 2104 5358; x_wconf 93' lang='lat' dir='ltr'><strong>ad</strong></span> <span class='ocrx_word' id='word_1_330' title='bbox 2140 5320 2237 5359; x_wconf 81' lang='lat' dir='ltr'><strong>ex-</strong></span> 
     </span>
    </p>
   </div>
   <div class='ocr_carea' id='block_1_50' title="bbox 661 5387 2233 5450">
    <p class='ocr_par' dir='ltr' id='par_1_50' title="bbox 661 5387 2233 5450">
     <span class='ocr_line' id='line_1_51' title="bbox 661 5387 2233 5450; baseline 0.009 -17"><span class='ocrx_word' id='word_1_331' title='bbox 661 5392 932 5445; x_wconf 88' lang='lat' dir='ltr'><strong>tremum,</strong></span> <span class='ocrx_word' id='word_1_332' title='bbox 966 5398 1073 5435; x_wconf 89' lang='lat' dir='ltr'><strong>non</strong></span> <span class='ocrx_word' id='word_1_333' title='bbox 1124 5393 1376 5450; x_wconf 89' lang='lat' dir='ltr'><strong>mortem,</strong></span> <span class='ocrx_word' id='word_1_334' title='bbox 1414 5387 1507 5442; x_wconf 90' lang='lat' dir='ltr'><strong>sed</strong></span> <span class='ocrx_word' id='word_1_335' title='bbox 1556 5389 1785 5444; x_wconf 86' lang='lat' dir='ltr'><strong>salutem</strong></span> <span class='ocrx_word' id='word_1_336' title='bbox 1838 5400 2095 5447; x_wconf 71' lang='lat' dir='ltr'><strong>aeternam</strong></span> <span class='ocrx_word' id='word_1_337' title='bbox 2136 5410 2233 5447; x_wconf 51' lang='lat' dir='ltr'><strong>ex.</strong></span> 
     </span>
    </p>
   </div>
   <div class='ocr_carea' id='block_1_51' title="bbox 664 5472 2232 5550">
    <p class='ocr_par' dir='ltr' id='par_1_51' title="bbox 664 5472 2232 5550">
     <span class='ocr_line' id='line_1_52' title="bbox 664 5472 2232 5550; baseline 0.01 -25"><span class='ocrx_word' id='word_1_338' title='bbox 664 5481 923 5540; x_wconf 89' lang='lat' dir='ltr'><strong>spectem.</strong></span> <span class='ocrx_word' id='word_1_339' title='bbox 952 5472 1229 5543; x_wconf 88' lang='lat' dir='ltr'><strong>Siquidem</strong></span> <span class='ocrx_word' id='word_1_340' title='bbox 1261 5478 1559 5533; x_wconf 90' lang='lat' dir='ltr'><strong>concinunt</strong></span> <span class='ocrx_word' id='word_1_341' title='bbox 1580 5482 1924 5550; x_wconf 79' lang='lat' dir='ltr'><strong>cantilenam,</strong></span> <span class='ocrx_word' id='word_1_342' title='bbox 1950 5500 2058 5540; x_wconf 91' lang='lat' dir='ltr'><strong>non</strong></span> <span class='ocrx_word' id='word_1_343' title='bbox 2083 5483 2232 5540; x_wconf 67' lang='lat' dir='ltr'><strong>Grae-</strong></span> 
     </span>
    </p>
   </div>
   <div class='ocr_carea' id='block_1_52' title="bbox 663 5562 2229 5642">
    <p class='ocr_par' dir='ltr' id='par_1_52' title="bbox 663 5562 2229 5642">
     <span class='ocr_line' id='line_1_53' title="bbox 663 5562 2229 5642; baseline 0.009 -28"><span class='ocrx_word' id='word_1_344' title='bbox 663 5576 852 5617; x_wconf 88' lang='lat' dir='ltr'><strong>corum</strong></span> <span class='ocrx_word' id='word_1_345' title='bbox 886 5562 1107 5619; x_wconf 85' lang='lat' dir='ltr'><strong>Sirenes</strong></span> <span class='ocrx_word' id='word_1_346' title='bbox 1136 5566 1451 5633; x_wconf 69' lang='lat' dir='ltr'><strong>mortiferae,</strong></span> <span class='ocrx_word' id='word_1_347' title='bbox 1492 5569 1587 5625; x_wconf 78' lang='lat' dir='ltr'><strong>sed</strong></span> <span class='ocrx_word' id='word_1_348' title='bbox 1612 5569 1835 5625; x_wconf 86' lang='lat' dir='ltr'><strong>divinus</strong></span> <span class='ocrx_word' id='word_1_349' title='bbox 1857 5574 2078 5642; x_wconf 88' lang='lat' dir='ltr'><strong>quidam</strong></span> <span class='ocrx_word' id='word_1_350' title='bbox 2132 5589 2229 5627; x_wconf 89' lang='lat' dir='ltr'><strong>au-</strong></span> 
     </span>
    </p>
   </div>
   <div class='ocr_carea' id='block_1_53' title="bbox 2424 4006 3934 4083">
    <p class='ocr_par' dir='ltr' id='par_1_53' title="bbox 2424 4006 3934 4083">
     <span class='ocr_line' id='line_1_54' title="bbox 2424 4006 3934 4083; baseline 0.002 -20"><span class='ocrx_word' id='word_1_351' title='bbox 2424 4012 2484 4064; x_wconf 89' lang='lat'><strong>&#39;0</strong></span> <span class='ocrx_word' id='word_1_352' title='bbox 2522 4010 2619 4081; x_wconf 83' lang='grc' dir='ltr'>μὲν</span> <span class='ocrx_word' id='word_1_353' title='bbox 2654 4008 3051 4082; x_wconf 80' lang='grc' dir='ltr'>(1)Ἰθακήσιος</span> <span class='ocrx_word' id='word_1_354' title='bbox 3081 4007 3281 4079; x_wconf 81' lang='grc' dir='ltr'>γέρων,</span> <span class='ocrx_word' id='word_1_355' title='bbox 3314 4006 3453 4061; x_wconf 78' lang='grc' dir='ltr'>κατὰ</span> <span class='ocrx_word' id='word_1_356' title='bbox 3469 4007 3561 4061; x_wconf 78' lang='grc' dir='ltr'>τὸν</span> <span class='ocrx_word' id='word_1_357' title='bbox 3590 4009 3702 4064; x_wconf 85' lang='grc' dir='ltr'><strong>τῶν</strong></span> <span class='ocrx_word' id='word_1_358' title='bbox 3734 4012 3934 4083; x_wconf 79' lang='grc' dir='ltr'>Ἐλλή-</span> 
     </span>
    </p>
   </div>
   <div class='ocr_carea' id='block_1_54' title="bbox 2345 4096 3934 4177">
    <p class='ocr_par' dir='ltr' id='par_1_54' title="bbox 2345 4096 3934 4177">
     <span class='ocr_line' id='line_1_55' title="bbox 2345 4096 3934 4177; baseline 0.001 -20"><span class='ocrx_word' id='word_1_359' title='bbox 2345 4122 2451 4158; x_wconf 89' lang='grc' dir='ltr'><strong>νων</strong></span> <span class='ocrx_word' id='word_1_360' title='bbox 2491 4102 2681 4173; x_wconf 82' lang='grc' dir='ltr'>μῦθον,</span> <span class='ocrx_word' id='word_1_361' title='bbox 2718 4102 2819 4173; x_wconf 89' lang='grc' dir='ltr'><strong>τῆς</strong></span> <span class='ocrx_word' id='word_1_362' title='bbox 2844 4102 3115 4175; x_wconf 84' lang='grc' dir='ltr'><strong>Σειρήνων</strong></span> <span class='ocrx_word' id='word_1_363' title='bbox 3142 4096 3462 4171; x_wconf 82' lang='grc' dir='ltr'>βουλόμενος</span> <span class='ocrx_word' id='word_1_364' title='bbox 3483 4100 3718 4157; x_wconf 77' lang='grc' dir='ltr'>ἀκούσαι</span> <span class='ocrx_word' id='word_1_365' title='bbox 3753 4104 3934 4177; x_wconf 83' lang='grc' dir='ltr'>ᾠδῆς,</span> 
     </span>
    </p>
   </div>
   <div class='ocr_carea' id='block_1_55' title="bbox 2341 4192 3935 4267">
    <p class='ocr_par' dir='ltr' id='par_1_55' title="bbox 2341 4192 3935 4267">
     <span class='ocr_line' id='line_1_56' title="bbox 2341 4192 3935 4267; baseline 0.002 -18"><span class='ocrx_word' id='word_1_366' title='bbox 2341 4195 2433 4249; x_wconf 84' lang='grc' dir='ltr'><strong>διὰ</strong></span> <span class='ocrx_word' id='word_1_367' title='bbox 2452 4194 2547 4265; x_wconf 85' lang='grc' dir='ltr'>τὴν</span> <span class='ocrx_word' id='word_1_368' title='bbox 2566 4194 2666 4261; x_wconf 88' lang='grc' dir='ltr'><strong>τῆς</strong></span> <span class='ocrx_word' id='word_1_369' title='bbox 2686 4195 2871 4267; x_wconf 82' lang='grc' dir='ltr'>φωνῆς</span> <span class='ocrx_word' id='word_1_370' title='bbox 2895 4195 3193 4249; x_wconf 80' lang='grc' dir='ltr'><strong>ἀκόλαστον</strong></span> <span class='ocrx_word' id='word_1_371' title='bbox 3219 4192 3433 4263; x_wconf 80' lang='grc' dir='ltr'>ἡδονὴν,</span> <span class='ocrx_word' id='word_1_372' title='bbox 3452 4192 3744 4267; x_wconf 71' lang='grc' dir='ltr'>δεσμώτης</span> <span class='ocrx_word' id='word_1_373' title='bbox 3769 4197 3935 4252; x_wconf 73' lang='grc' dir='ltr'>ἔπλει</span> 
     </span>
    </p>
   </div>
   <div class='ocr_carea' id='block_1_56' title="bbox 2342 4284 3937 4361">
    <p class='ocr_par' dir='ltr' id='par_1_56' title="bbox 2342 4284 3937 4361">
     <span class='ocr_line' id='line_1_57' title="bbox 2342 4284 3937 4361; baseline 0.002 -20"><span class='ocrx_word' id='word_1_374' title='bbox 2342 4290 2423 4351; x_wconf 77' lang='grc' dir='ltr'><strong>είς</strong></span> <span class='ocrx_word' id='word_1_375' title='bbox 2451 4286 2549 4359; x_wconf 82' lang='grc' dir='ltr'>τὴν</span> <span class='ocrx_word' id='word_1_376' title='bbox 2588 4286 2857 4351; x_wconf 83' lang='grc' dir='ltr'><strong>Σικελίαν,</strong></span> <span class='ocrx_word' id='word_1_377' title='bbox 2889 4288 2984 4341; x_wconf 77' lang='grc' dir='ltr'>καὶ</span> <span class='ocrx_word' id='word_1_378' title='bbox 3016 4285 3115 4349; x_wconf 85' lang='grc' dir='ltr'>τὰς</span> <span class='ocrx_word' id='word_1_379' title='bbox 3162 4284 3269 4339; x_wconf 86' lang='grc' dir='ltr'><strong>τῶν</strong></span> <span class='ocrx_word' id='word_1_380' title='bbox 3317 4285 3549 4355; x_wconf 80' lang='grc' dir='ltr'>ἑταίρων</span> <span class='ocrx_word' id='word_1_381' title='bbox 3589 4288 3937 4361; x_wconf 80' lang='grc' dir='ltr'>ὲνέφραττεν</span> 
     </span>
    </p>
   </div>
   <div class='ocr_carea' id='block_1_57' title="bbox 2342 4375 3934 4449">
    <p class='ocr_par' dir='ltr' id='par_1_57' title="bbox 2342 4375 3934 4449">
     <span class='ocr_line' id='line_1_58' title="bbox 2342 4375 3934 4449; baseline 0.003 -18"><span class='ocrx_word' id='word_1_382' title='bbox 2342 4378 2541 4442; x_wconf 78' lang='grc' dir='ltr'>ἀκοάςο</span> <span class='ocrx_word' id='word_1_383' title='bbox 2577 4379 2679 4431; x_wconf 77' lang='grc' dir='ltr'>οὐκ</span> <span class='ocrx_word' id='word_1_384' title='bbox 2723 4378 2948 4441; x_wconf 74' lang='grc' dir='ltr'>ἐκείνοις</span> <span class='ocrx_word' id='word_1_385' title='bbox 2985 4378 3147 4431; x_wconf 68' lang='grc' dir='ltr'>ἕνεκα</span> <span class='ocrx_word' id='word_1_386' title='bbox 3190 4377 3289 4446; x_wconf 89' lang='grc' dir='ltr'><strong>τῆς</strong></span> <span class='ocrx_word' id='word_1_387' title='bbox 3320 4375 3635 4448; x_wconf 81' lang='grc' dir='ltr'>ἀκροάσεως</span> <span class='ocrx_word' id='word_1_388' title='bbox 3685 4381 3934 4449; x_wconf 78' lang='grc' dir='ltr'>φθονῶν,</span> 
     </span>
    </p>
   </div>
   <div class='ocr_carea' id='block_1_58' title="bbox 2341 4467 3938 4541">
    <p class='ocr_par' dir='ltr' id='par_1_58' title="bbox 2341 4467 3938 4541">
     <span class='ocr_line' id='line_1_59' title="bbox 2341 4467 3938 4541; baseline 0.005 -20"><span class='ocrx_word' id='word_1_389' title='bbox 2341 4469 2463 4521; x_wconf 84' lang='grc' dir='ltr'>οὐδὲ</span> <span class='ocrx_word' id='word_1_390' title='bbox 2498 4470 2689 4522; x_wconf 77' lang='grc' dir='ltr'>ἑαυτὸν</span> <span class='ocrx_word' id='word_1_391' title='bbox 2728 4469 2910 4541; x_wconf 84' lang='grc' dir='ltr'>δεσμῷ</span> <span class='ocrx_word' id='word_1_392' title='bbox 2962 4467 3305 4541; x_wconf 78' lang='grc' dir='ltr'>περιϐάλλειν</span> <span class='ocrx_word' id='word_1_393' title='bbox 3345 4468 3658 4540; x_wconf 75' lang='grc' dir='ltr'>ἐπιθυμῶν·</span> <span class='ocrx_word' id='word_1_394' title='bbox 3693 4475 3817 4528; x_wconf 80' lang='grc' dir='ltr'>ἀλλ’</span> <span class='ocrx_word' id='word_1_395' title='bbox 3852 4479 3938 4532; x_wconf 76' lang='grc' dir='ltr'>ὅτι</span> 
     </span>
    </p>
   </div>
   <div class='ocr_carea' id='block_1_59' title="bbox 2342 4560 3931 4642">
    <p class='ocr_par' dir='ltr' id='par_1_59' title="bbox 2342 4560 3931 4642">
     <span class='ocr_line' id='line_1_60' title="bbox 2342 4560 3931 4642; baseline 0.008 -30"><span class='ocrx_word' id='word_1_396' title='bbox 2342 4560 2492 4623; x_wconf 82' lang='grc' dir='ltr'><strong>τέλος</strong></span> <span class='ocrx_word' id='word_1_397' title='bbox 2529 4562 2628 4631; x_wconf 87' lang='grc' dir='ltr'><strong>τῆς</strong></span> <span class='ocrx_word' id='word_1_398' title='bbox 2659 4562 2881 4616; x_wconf 71' lang='grc' dir='ltr'>ἐκείνων</span> <span class='ocrx_word' id='word_1_399' title='bbox 2931 4562 3075 4633; x_wconf 79' lang='grc' dir='ltr'>ᾠδῆς</span> <span class='ocrx_word' id='word_1_400' title='bbox 3106 4564 3217 4625; x_wconf 81' lang='grc' dir='ltr'>τοῖς</span> <span class='ocrx_word' id='word_1_401' title='bbox 3264 4561 3522 4616; x_wconf 79' lang='grc' dir='ltr'><strong>ἀκούουσι</strong></span> <span class='ocrx_word' id='word_1_402' title='bbox 3555 4562 3795 4631; x_wconf 75' lang='grc' dir='ltr'>θάνατος</span> <span class='ocrx_word' id='word_1_403' title='bbox 3836 4567 3931 4642; x_wconf 82' lang='grc' dir='ltr'><strong>ἦν.</strong></span> 
     </span>
    </p>
   </div>
   <div class='ocr_carea' id='block_1_60' title="bbox 2341 4655 3939 4733">
    <p class='ocr_par' dir='ltr' id='par_1_60' title="bbox 2341 4655 3939 4733">
     <span class='ocr_line' id='line_1_61' title="bbox 2341 4655 3939 4733; baseline 0.006 -24"><span class='ocrx_word' id='word_1_404' title='bbox 2341 4655 2605 4710; x_wconf 72' lang='grc' dir='ltr'>Τοιαῦται</span> <span class='ocrx_word' id='word_1_405' title='bbox 2630 4658 2738 4729; x_wconf 78' lang='grc' dir='ltr'>γὰρ</span> <span class='ocrx_word' id='word_1_406' title='bbox 2768 4658 2897 4730; x_wconf 85' lang='grc' dir='ltr'>παρ’</span> <span class='ocrx_word' id='word_1_407' title='bbox 2934 4656 3191 4729; x_wconf 86' lang='grc' dir='ltr'>Ἕλλησιν</span> <span class='ocrx_word' id='word_1_408' title='bbox 3220 4656 3408 4726; x_wconf 81' lang='grc' dir='ltr'>ἡδοναὶ</span> <span class='ocrx_word' id='word_1_409' title='bbox 3445 4658 3741 4729; x_wconf 80' lang='grc' dir='ltr'>Σειρήνων.</span> <span class='ocrx_word' id='word_1_410' title='bbox 3782 4663 3939 4733; x_wconf 81' lang='grc' dir='ltr'><strong>Ἐγὼ</strong></span> 
     </span>
    </p>
   </div>
   <div class='ocr_carea' id='block_1_61' title="bbox 2338 4747 3938 4821">
    <p class='ocr_par' dir='ltr' id='par_1_61' title="bbox 2338 4747 3938 4821">
     <span class='ocr_line' id='line_1_62' title="bbox 2338 4747 3938 4821; baseline 0.004 -22"><span class='ocrx_word' id='word_1_411' title='bbox 2338 4747 2417 4813; x_wconf 86' lang='grc' dir='ltr'><strong>δὲ,</strong></span> <span class='ocrx_word' id='word_1_412' title='bbox 2463 4749 2716 4820; x_wconf 75' lang='grc' dir='ltr'>τοιαύτης</span> <span class='ocrx_word' id='word_1_413' title='bbox 2752 4750 2851 4821; x_wconf 85' lang='grc' dir='ltr'>μὲν</span> <span class='ocrx_word' id='word_1_414' title='bbox 2896 4748 3041 4819; x_wconf 82' lang='grc' dir='ltr'><strong>ᾠδῆς</strong></span> <span class='ocrx_word' id='word_1_415' title='bbox 3069 4748 3344 4820; x_wconf 83' lang='grc' dir='ltr'>ἀκροατὴς</span> <span class='ocrx_word' id='word_1_416' title='bbox 3390 4749 3449 4800; x_wconf 82' lang='grc' dir='ltr'>οὐ</span> <span class='ocrx_word' id='word_1_417' title='bbox 3491 4749 3751 4820; x_wconf 83' lang='grc' dir='ltr'>γίνομαι·</span> <span class='ocrx_word' id='word_1_418' title='bbox 3807 4757 3938 4811; x_wconf 66' lang='grc' dir='ltr'><strong>οὐδὲ</strong></span> 
     </span>
    </p>
   </div>
   <div class='ocr_carea' id='block_1_62' title="bbox 2338 4837 3939 4917">
    <p class='ocr_par' dir='ltr' id='par_1_62' title="bbox 2338 4837 3939 4917">
     <span class='ocr_line' id='line_1_63' title="bbox 2338 4837 3939 4917; baseline 0.007 -23"><span class='ocrx_word' id='word_1_419' title='bbox 2338 4842 2560 4896; x_wconf 85' lang='grc' dir='ltr'>ἀκούειν</span> <span class='ocrx_word' id='word_1_420' title='bbox 2614 4842 2864 4914; x_wconf 76' lang='grc' dir='ltr'>ἐπιθυμῶ</span> <span class='ocrx_word' id='word_1_421' title='bbox 2916 4837 3210 4912; x_wconf 75' lang='grc' dir='ltr'>Σειρήνων,</span> <span class='ocrx_word' id='word_1_422' title='bbox 3267 4840 3551 4909; x_wconf 76' lang='grc' dir='ltr'>ἐπιτάφιον</span> <span class='ocrx_word' id='word_1_423' title='bbox 3611 4844 3939 4917; x_wconf 63' lang='grc' dir='ltr'>ἀνθρώπων</span> 
     </span>
    </p>
   </div>
   <div class='ocr_carea' id='block_1_63' title="bbox 2341 4920 3934 5009">
    <p class='ocr_par' dir='ltr' id='par_1_63' title="bbox 2341 4920 3934 5009">
     <span class='ocr_line' id='line_1_64' title="bbox 2341 4920 3934 5009; baseline -0.005 -21"><span class='ocrx_word' id='word_1_424' title='bbox 2341 4920 2599 5004; x_wconf 62' lang='grc' dir='ltr'><strong>ᾲδὸυσῶν,</strong></span> <span class='ocrx_word' id='word_1_425' title='bbox 2636 4928 2712 4988; x_wconf 83' lang='grc' dir='ltr'>ὧν</span> <span class='ocrx_word' id='word_1_426' title='bbox 2750 4936 2782 5006; x_wconf 74' lang='grc' dir='ltr'>ἡ</span> <span class='ocrx_word' id='word_1_427' title='bbox 2818 4932 2945 5004; x_wconf 82' lang='grc' dir='ltr'>σιγὴ</span> <span class='ocrx_word' id='word_1_428' title='bbox 2996 4932 3097 5001; x_wconf 84' lang='grc' dir='ltr'><strong>τῆς</strong></span> <span class='ocrx_word' id='word_1_429' title='bbox 3130 4930 3315 4999; x_wconf 85' lang='grc' dir='ltr'>φωνῆς</span> <span class='ocrx_word' id='word_1_430' title='bbox 3367 4930 3673 5004; x_wconf 73' lang='grc' dir='ltr'>ἀνθρώποις</span> <span class='ocrx_word' id='word_1_431' title='bbox 3714 4954 3934 5009; x_wconf 78' lang='grc' dir='ltr'>χρησι-</span> 
     </span>
    </p>
   </div>
   <div class='ocr_carea' id='block_1_64' title="bbox 2342 5022 3935 5101">
    <p class='ocr_par' dir='ltr' id='par_1_64' title="bbox 2342 5022 3935 5101">
     <span class='ocr_line' id='line_1_65' title="bbox 2342 5022 3935 5101; baseline 0.002 -22"><span class='ocrx_word' id='word_1_432' title='bbox 2342 5027 2563 5097; x_wconf 84' lang='grc' dir='ltr'>μωτέρα</span> <span class='ocrx_word' id='word_1_433' title='bbox 2608 5028 2847 5095; x_wconf 85' lang='grc' dir='ltr'>γίνεται·</span> <span class='ocrx_word' id='word_1_434' title='bbox 2898 5024 3049 5087; x_wconf 83' lang='grc' dir='ltr'>θείας</span> <span class='ocrx_word' id='word_1_435' title='bbox 3080 5022 3138 5076; x_wconf 80' lang='grc' dir='ltr'><strong>δέ</strong></span> <span class='ocrx_word' id='word_1_436' title='bbox 3191 5041 3333 5087; x_wconf 88' lang='grc' dir='ltr'>τινος</span> <span class='ocrx_word' id='word_1_437' title='bbox 3387 5024 3679 5080; x_wconf 83' lang='grc' dir='ltr'>ἀπολαύειν</span> <span class='ocrx_word' id='word_1_438' title='bbox 3726 5030 3935 5101; x_wconf 80' lang='grc' dir='ltr'>φωνῆς</span> 
     </span>
    </p>
   </div>
   <div class='ocr_carea' id='block_1_65' title="bbox 2339 5114 3933 5193">
    <p class='ocr_par' dir='ltr' id='par_1_65' title="bbox 2339 5114 3933 5193">
     <span class='ocr_line' id='line_1_66' title="bbox 2339 5114 3933 5193; baseline 0.003 -23"><span class='ocrx_word' id='word_1_439' title='bbox 2339 5118 2589 5191; x_wconf 77' lang='grc' dir='ltr'>εὔχομαι,</span> <span class='ocrx_word' id='word_1_440' title='bbox 2630 5115 2699 5193; x_wconf 85' lang='grc' dir='ltr'>ἦς</span> <span class='ocrx_word' id='word_1_441' title='bbox 2749 5117 2850 5173; x_wconf 80' lang='grc' dir='ltr'>κᾶν</span> <span class='ocrx_word' id='word_1_442' title='bbox 2888 5116 3147 5179; x_wconf 83' lang='grc' dir='ltr'>πολλάκις</span> <span class='ocrx_word' id='word_1_443' title='bbox 3193 5114 3431 5181; x_wconf 83' lang='grc' dir='ltr'>ἀκούσω,</span> <span class='ocrx_word' id='word_1_444' title='bbox 3478 5118 3640 5171; x_wconf 81' lang='grc' dir='ltr'>πάλιν</span> <span class='ocrx_word' id='word_1_445' title='bbox 3690 5121 3933 5176; x_wconf 78' lang='grc' dir='ltr'>ἀκούειν</span> 
     </span>
    </p>
   </div>
   <div class='ocr_carea' id='block_1_66' title="bbox 2338 5204 3931 5280">
    <p class='ocr_par' dir='ltr' id='par_1_66' title="bbox 2338 5204 3931 5280">
     <span class='ocr_line' id='line_1_67' title="bbox 2338 5204 3931 5280; baseline 0.001 -19"><span class='ocrx_word' id='word_1_446' title='bbox 2338 5209 2587 5280; x_wconf 73' lang='grc' dir='ltr'>ἐπιθυμῶ</span> <span class='ocrx_word' id='word_1_447' title='bbox 2606 5227 2619 5239; x_wconf 90' lang='grc'><strong>·</strong></span> <span class='ocrx_word' id='word_1_448' title='bbox 2650 5211 2750 5262; x_wconf 84' lang='grc' dir='ltr'>οὑκ</span> <span class='ocrx_word' id='word_1_449' title='bbox 2781 5206 3081 5260; x_wconf 83' lang='grc' dir='ltr'>ἀκολάστου</span> <span class='ocrx_word' id='word_1_450' title='bbox 3117 5204 3302 5276; x_wconf 80' lang='grc' dir='ltr'>φωνῆς</span> <span class='ocrx_word' id='word_1_451' title='bbox 3330 5206 3490 5279; x_wconf 74' lang='grc' dir='ltr'><strong>ἠδονῇ</strong></span> <span class='ocrx_word' id='word_1_452' title='bbox 3534 5210 3931 5280; x_wconf 73' lang='grc' dir='ltr'>νενικημένος,</span> 
     </span>
    </p>
   </div>
   <div class='ocr_carea' id='block_1_67' title="bbox 2338 5297 3929 5368">
    <p class='ocr_par' dir='ltr' id='par_1_67' title="bbox 2338 5297 3929 5368">
     <span class='ocr_line' id='line_1_68' title="bbox 2338 5297 3929 5368; baseline 0.003 -16"><span class='ocrx_word' id='word_1_453' title='bbox 2338 5300 2472 5355; x_wconf 56' lang='grc' dir='ltr'>ἀλλὰ</span> <span class='ocrx_word' id='word_1_454' title='bbox 2517 5301 2637 5355; x_wconf 86' lang='grc' dir='ltr'>θεῖα</span> <span class='ocrx_word' id='word_1_455' title='bbox 2677 5297 3057 5367; x_wconf 84' lang='grc' dir='ltr'>διδασκόμενος</span> <span class='ocrx_word' id='word_1_456' title='bbox 3090 5298 3391 5368; x_wconf 83' lang='grc' dir='ltr'>μυστήρια·</span> <span class='ocrx_word' id='word_1_457' title='bbox 3426 5299 3528 5353; x_wconf 72' lang='grc' dir='ltr'>καὶ</span> <span class='ocrx_word' id='word_1_458' title='bbox 3568 5298 3635 5352; x_wconf 71' lang='grc' dir='ltr'><strong>σεδ</strong></span> <span class='ocrx_word' id='word_1_459' title='bbox 3665 5298 3831 5365; x_wconf 81' lang='grc' dir='ltr'>τέλος</span> <span class='ocrx_word' id='word_1_460' title='bbox 3859 5304 3929 5357; x_wconf 79' lang='grc' dir='ltr'>οὔ</span> 
     </span>
    </p>
   </div>
   <div class='ocr_carea' id='block_1_68' title="bbox 2340 5388 3928 5462">
    <p class='ocr_par' dir='ltr' id='par_1_68' title="bbox 2340 5388 3928 5462">
     <span class='ocr_line' id='line_1_69' title="bbox 2340 5388 3928 5462; baseline 0.001 -17"><span class='ocrx_word' id='word_1_461' title='bbox 2340 5392 2587 5457; x_wconf 81' lang='grc' dir='ltr'>θάνατον,</span> <span class='ocrx_word' id='word_1_462' title='bbox 2659 5393 2770 5446; x_wconf 81' lang='grc' dir='ltr'>ἀλλ’</span> <span class='ocrx_word' id='word_1_463' title='bbox 2831 5388 3046 5443; x_wconf 73' lang='grc' dir='ltr'>αἰώνιον</span> <span class='ocrx_word' id='word_1_464' title='bbox 3100 5388 3531 5462; x_wconf 66' lang='grc' dir='ltr'>ἀπεκδεχόμενῧς</span> <span class='ocrx_word' id='word_1_465' title='bbox 3606 5393 3928 5462; x_wconf 77' lang='grc' dir='ltr'>σωτηρίαν.</span> 
     </span>
    </p>
   </div>
   <div class='ocr_carea' id='block_1_69' title="bbox 2342 5480 3932 5555">
    <p class='ocr_par' dir='ltr' id='par_1_69' title="bbox 2342 5480 3932 5555">
     <span class='ocr_line' id='line_1_70' title="bbox 2342 5480 3932 5555; baseline 0 -19"><span class='ocrx_word' id='word_1_466' title='bbox 2342 5484 2561 5555; x_wconf 86' lang='grc' dir='ltr'>”ᾼδουσι</span> <span class='ocrx_word' id='word_1_467' title='bbox 2588 5483 2697 5555; x_wconf 86' lang='grc' dir='ltr'>γὰρ</span> <span class='ocrx_word' id='word_1_468' title='bbox 2729 5483 2827 5553; x_wconf 77' lang='grc' dir='ltr'>τὴν</span> <span class='ocrx_word' id='word_1_469' title='bbox 2857 5480 2997 5552; x_wconf 76' lang='grc' dir='ltr'>ᾠδὴν</span> <span class='ocrx_word' id='word_1_470' title='bbox 3024 5481 3121 5550; x_wconf 82' lang='grc' dir='ltr'><strong>οὐχ</strong></span> <span class='ocrx_word' id='word_1_471' title='bbox 3154 5483 3208 5535; x_wconf 70' lang='lat' dir='ltr'><strong>at</strong></span> <span class='ocrx_word' id='word_1_472' title='bbox 3259 5480 3619 5553; x_wconf 78' lang='grc' dir='ltr'>θανατηφόροι</span> <span class='ocrx_word' id='word_1_473' title='bbox 3653 5480 3932 5555; x_wconf 78' lang='grc' dir='ltr'>Σειρῆνες</span> 
     </span>
    </p>
   </div>
   <div class='ocr_carea' id='block_1_70' title="bbox 2350 5564 3932 5648">
    <p class='ocr_par' dir='ltr' id='par_1_70' title="bbox 2350 5564 3932 5648">
     <span class='ocr_line' id='line_1_71' title="bbox 2350 5564 3932 5648; baseline 0.002 -21"><span class='ocrx_word' id='word_1_474' title='bbox 2350 5575 2635 5647; x_wconf 77' lang='grc' dir='ltr'>Ἑλλήνων,</span> <span class='ocrx_word' id='word_1_475' title='bbox 2687 5575 2820 5629; x_wconf 81' lang='grc' dir='ltr'>ἀλλὰ</span> <span class='ocrx_word' id='word_1_476' title='bbox 2863 5574 3001 5639; x_wconf 83' lang='grc' dir='ltr'>θεῖός</span> <span class='ocrx_word' id='word_1_477' title='bbox 3035 5592 3118 5639; x_wconf 83' lang='grc' dir='ltr'><strong>τις</strong></span> <span class='ocrx_word' id='word_1_478' title='bbox 3158 5574 3318 5647; x_wconf 81' lang='grc' dir='ltr'>χορὸς</span> <span class='ocrx_word' id='word_1_479' title='bbox 3361 5564 3675 5648; x_wconf 72' lang='grc' dir='ltr'>προφητῶν,</span> <span class='ocrx_word' id='word_1_480' title='bbox 3714 5574 3811 5645; x_wconf 58' lang='grc' dir='ltr'><strong>ἐφ’</strong></span> <span class='ocrx_word' id='word_1_481' title='bbox 3847 5568 3932 5630; x_wconf 76' lang='grc' dir='ltr'>ὧν</span> 
     </span>
    </p>
   </div>
   <div class='ocr_carea' id='block_1_71' title="bbox 744 5719 2246 5807">
    <p class='ocr_par' dir='ltr' id='par_1_71' title="bbox 744 5719 2241 5792">
     <span class='ocr_line' id='line_1_72' title="bbox 744 5719 2241 5792; baseline 0.008 -21"><span class='ocrx_word' id='word_1_482' title='bbox 744 5719 820 5792; x_wconf 79' lang='grc'><strong>(1)</strong></span> <span class='ocrx_word' id='word_1_483' title='bbox 855 5720 997 5777; x_wconf 73' lang='grc' dir='ltr'><strong>Μέν.</strong></span> <span class='ocrx_word' id='word_1_484' title='bbox 1039 5720 1116 5778; x_wconf 88' lang='lat' dir='ltr'><strong>Ita</strong></span> <span class='ocrx_word' id='word_1_485' title='bbox 1158 5722 1534 5784; x_wconf 81' lang='lat' dir='ltr'><strong>Comheﬁsius.</strong></span> <span class='ocrx_word' id='word_1_486' title='bbox 1582 5726 1850 5784; x_wconf 73' lang='lat' dir='ltr'><strong>Meursius</strong></span> <span class='ocrx_word' id='word_1_487' title='bbox 1894 5739 2075 5787; x_wconf 89' lang='lat' dir='ltr'><strong>tamen</strong></span> <span class='ocrx_word' id='word_1_488' title='bbox 2109 5729 2241 5787; x_wconf 85' lang='lat' dir='ltr'><strong>edit.</strong></span> 
     </span>
    </p>
   </div>
   <div class='ocr_carea' id='block_1_72' title="bbox 2347 5719 2684 5807">
    <p class='ocr_par' dir='ltr' id='par_1_72' title="bbox 2347 5735 2684 5807">
     <span class='ocr_line' id='line_1_73' title="bbox 2347 5735 2684 5807; baseline 0.003 -19"><span class='ocrx_word' id='word_1_489' title='bbox 2347 5742 2519 5789; x_wconf 88' lang='lat' dir='ltr'><strong>orent.</strong></span> <span class='ocrx_word' id='word_1_490' title='bbox 2555 5735 2684 5807; x_wconf 82' lang='grc' dir='ltr'>μήν.</span> 
     </span>
    </p>
   </div>
  </div>
