4028 6318
135 486 211 542 24!
1226 477 1353 533 LIB.
1394 476 1485 532 DE
1521 475 1772 535 LIBERO
1809 472 2162 533 ARBITRIO.

3229 473 3338 528 ΞΒ

133 607 212 660 οὐκ
234 605 332 658 ἐστι
369 604 746 676 ἀποφράττειν
778 603 888 657 τῶν
930 601 1158 674 ἑταίρων
1191 602 1290 667 τὰς
1320 601 1509 667 ἀκοὰς,
1543 600 1666 655 οὐδὲ

1774 607 2069 671 gustusque
2094 597 2296 652 chorus
2317 593 2700 664 pr0phetarum
2725 608 2739 656 ;
2767 591 2820 645 in
2845 590 3044 660 quibus
3065 607 3167 646 nec
3200 607 3342 663 opus

133 702 286 756 ἑαυτόν
312 717 410 752 τινι
431 698 621 769 δεσμῷ
655 697 1025 770 περιϐάλλειν,
1051 698 1326 752 δεδοικότα
1349 697 1450 768 τήν
1477 698 1541 749 ὲκ
1565 697 1666 766 τῆς

132 793 399 864 ἀκροάσεως
427 793 728 863 τιμωρίαν.
762 791 883 845 Τῶν
914 793 1010 863 μὲν
1036 791 1144 864 γάρ
1179 790 1318 862 μετὰ
1348 790 1448 860 τῆς
1479 789 1666 859 φωνῆς

129 891 151 940 ό
187 884 428 956 ἀκροατὴς
475 883 571 937 τοῦ
631 885 734 956 ζῇν
783 884 1050 938 παύεται·
1095 884 1206 937 τῶν
1251 880 1309 936 δὲ
1340 882 1434 936 ἐπὶ
1483 883 1666 936 πλεῖον

131 977 328 1039 ἀκούων,
375 975 467 1028 τοῦ
502 975 823 1046 κρείττονος
866 975 1162 1029 ἀπολαύσει
1202 974 1337 1045 βίου,
1373 972 1477 1026 ύπὺ
1519 973 1664 1027 θείου

131 1068 401 1138 Πνεύματος
453 1066 984 1138 χειραγωγούμενος.
1043 1066 1254 1120 Ἦκέτω
1303 1065 1483 1118 τοίνυν
1531 1063 1668 1134 σύμ-

130 1177 233 1224 πας,
261 1161 348 1212 καὶ
374 1160 621 1213 ἀκουέτω
647 1161 748 1230 τῆς
786 1158 936 1222 θείας
963 1158 1125 1230 ᾠδῆς,
1160 1157 1327 1228 μηδὲν
1355 1154 1669 1226 πεφοϐημέ-

130 1272 216 1318 νος.
245 1255 347 1308 οὐκ
370 1254 476 1306 εἰσὶ
501 1256 637 1325 παρ’
669 1255 802 1324 ἡμῖν
830 1254 885 1306 αἱ
919 1252 1070 1324 παρά
1101 1250 1353 1304 Σικελίαν
1387 1249 1664 1320 Σειρῆνες,

131 1345 226 1398 οὐδε
251 1343 313 1397 ea:
353 1344 658 1409 Ὀδυσσέως
701 1343 896 1414 δεσμὰ,
937 1345 998 1396 ού
1044 1343 1214 1414 κηρὸς
1261 1341 1558 1414 τηκόμενος
1588 1342 1668 1403 είς

132 1433 390 1507 ἀνθρώπων
434 1436 645 1499 ἀκοάς·
689 1434 825 1488 ἀλλά
859 1433 1074 1505 δεσμῶν
1123 1435 1220 1504 μὲν
1270 1434 1450 1495 ἄνεσις
1493 1433 1664 1495 πᾶσα,

131 1526 367 1598 ἐλευθερία
411 1527 456 1580 δ’
505 1529 681 1599 ἀκοῆς
726 1526 855 1597 παρ’
897 1527 1113 1595 ἑκάστῳ
1157 1523 1267 1578 τῶν
1312 1523 1665 1597 προσιόντων.

131 1618 355 1689 Τοιαύτης
376 1617 485 1690 γὰρ
517 1618 665 1690 ᾠδῆς
697 1617 916 1672 ἀκούειν
948 1616 1116 1683 ἀξιον,
1144 1615 1417 1679 τοιούτους
1447 1615 1679 1688 ᾅδοντας

131 1714 261 1782 ἔχειν,
287 1713 497 1767 εὐκτέον
532 1710 676 1767 εἷναί
716 1731 804 1785 μοι
830 1712 996 1767 δοκεῖ.
1030 1713 1093 1766 Ei
1118 1712 1174 1766 δέ
1204 1729 1287 1774 τις
1318 1712 1413 1766 καὶ
1439 1711 1532 1764 τοῦ
1560 1711 1670 1763 τῶν

130 1803 396 1878 ἀποστόλων
421 1802 591 1875 χοροῦ
620 1802 840 1857 ἀκούειν
873 1801 1068 1866 ἐθέλοι,
1097 1801 1320 1872 εὑρήσει
1357 1799 1457 1872 τὴν
1502 1799 1669 1870 αὐτὴν

131 1893 207 1961 τῆς
240 1892 371 1962 ᾠδῆς
404 1893 752 1964 συμφωνίαν.
801 1895 862 1947 Oi
913 1893 1010 1964 μὲν
1045 1891 1155 1962 γὰρ
1195 1891 1426 1963 προῇδον
1480 1908 1669 1962 μυστι-

1769 691 1932 746 fuerit
1981 698 2042 745 ut
2086 690 2212 760 quis
2266 688 2540 744 sociorum
2574 686 2789 740 obturet
2848 698 3032 746 aures,
3069 700 3248 755 neque
3280 691 3344 738 ut

1767 784 1904 852 ipse,
1939 781 2233 836 auditionis
2259 780 2470 834 veritus
2498 791 2735 848 pinnam,
2773 776 2828 830 in
2863 775 3078 830 vincula
3105 791 3165 830 se
3208 791 3344 832 con-

1763 873 1978 943 jecerit.
2025 871 2140 925 lllic
2197 871 2416 940 quidem
2445 869 2682 932 auditor,
2716 883 2837 921 mox
2892 873 2951 920 ut
2987 866 3217 930 audivit.
3259 868 3343 921 vi-

1766 981 1893 1020 vere
1913 965 2146 1029 desinit;
2181 962 2272 1016 hic
2304 972 2506 1025 autem,
2537 962 2629 1031 qui
2686 960 2917 1013 multum
2956 960 3212 1024 audierit,
3249 962 3341 1016 di-

1767 1057 1893 1110 vino
1918 1055 2124 1126 Spiritu
2145 1054 2302 1116 duce,
2326 1055 2450 1108 vitae
2470 1054 2713 1109 melioris
2742 1054 3052 1110 felicitatem
3073 1056 3338 1124 acquiret.

1767 1146 1969 1203 Omnes
2005 1162 2136 1218 ergo
2165 1146 2324 1202 simul
2356 1147 2641 1211 accedant,
2673 1149 3023 1218 audiantque,
3058 1148 3193 1202 nihil
3249 1164 3344 1204 ve-

1768 1239 1880 1302 riti,
1910 1238 2216 1293 cantionem
2264 1238 2526 1293 divinam.
2559 1239 2774 1294 Abeunt
2828 1255 2858 1294 a
2903 1241 3060 1295 nobis
3120 1237 3343 1296 Sirenes

1770 1326 1992 1392 Siciliae,
2025 1327 2349 1401 Ulyssisque
2377 1331 2618 1394 vincula,
2650 1346 2713 1385 ac
2756 1347 2882 1387 cera
2912 1333 3166 1388 humanis
3196 1333 3345 1387 auri«

1769 1424 1874 1481 bus
1905 1425 2126 1495 liquata.
2164 1423 2353 1477 Potius
2383 1438 2512 1477 vero
2533 1421 2846 1477 omnimoda
2874 1424 3218 1480 vinculorum
3259 1440 3347 1479 re-

1770 1517 1983 1582 missio,
2013 1531 2255 1586 suusque
2302 1515 2438 1569 liber
2465 1516 2662 1583 cuique
2694 1513 2933 1579 auditus,
2971 1516 3145 1573 adest.
3177 1516 3348 1574 Plane

1770 1609 1918 1666 enim
1960 1617 2199 1664 meretur
2229 1609 2470 1662 auditum
2501 1609 2767 1678 ejusmodi
2797 1610 3003 1675 cantio,
3047 1610 3349 1680 deprecann

1770 1703 1936 1774 dique
1977 1702 2233 1757 videntur
2261 1703 2456 1758 musici
2508 1703 2666 1758 tales.
2716 1701 2872 1768 Quod
2924 1703 2971 1758 si
3000 1703 3126 1771 quis
3179 1704 3348 1757 etiam

1772 1796 2145 1866 apostolorum
2180 1794 2404 1848 chorum
2447 1795 2578 1848 velit
2624 1793 2849 1859 audire,
2911 1793 3159 1848 eamdem
3211 1809 3348 1848 can-

1771 1887 1940 1942 tionis
1977 1886 2392 1940 consonantiam
2418 1885 2674 1941 oﬂ'endet.
2700 1885 2836 1940 Nam
2877 1887 2953 1940 illi
2989 1885 3208 1957 quidem
3253 1901 3349 1939 oc-

132 1985 217 2049 πῶς
241 1985 328 2056 τὴν
352 1985 504 2041 θείαν
541 1986 886 2058 οἰκονομίαν·
918 1988 967 2040 oi
1006 1985 1050 2038 δ’
1094 1985 1310 2057 ᾄδουσιν
1341 1983 1669 2056 ἑρμηνεύον-

1774 1979 1911 2033 culte
1931 1977 2339 2047 pnecinuerunt
2361 1976 2827 2047 dispensationem
2855 1977 3092 2032 divinam
3116 1996 3130 2044 ;
3161 1977 3216 2030 hi
3251 1993 3350 2030 au-

131 2096 200 2142 τες
222 2079 282 2136 τὰ
307 2081 394 2134 ὑπ’
417 2082 650 2135 ἐκείνων
690 2079 966 2151 μυστικῶς
993 2076 1403 2151 ἀπηγγελμένα.
1442 2077 1506 2129 Ὢ
1532 2093 1670 2147 συμ-

131 2173 272 2242 φώνου
294 2175 583 2246 ἁρμονίας,
619 2175 727 2229 ὑπὸ
754 2174 899 2228 θείου
926 2171 1242 2243 Πνεύματος
1269 2169 1668 2240 συγκειμένηςί

133 2265 181 2317 Ὢ
219 2266 367 2321 καλοῦ
409 2265 521 2322 τῶν
559 2267 803 2338 ᾀδόντων
841 2265 910 2320 τά
952 2263 1262 2336 μυστήριαι
1307 2262 1529 2325 Τούτοις
1573 2264 1670 2316 καὶ

134 2355 336 2426 συνᾴδειν
360 2356 616 2428 εὔχομαι.
654 2356 910 2426 ’ᾼσωμεν
945 2353 1235 2424 τοιγαροῦν
1261 2353 1356 2406 καὶ
1383 2354 1546 2424 ἡμεῖς
1571 2351 1672 2422 τὴν

130 2444 286 2512 ὁμοίαν
318 2446 476 2516 ᾠδήν,
519 2446 619 2499 καὶ
646 2447 739 2499 τὸν
770 2445 937 2516 ῦμνον
965 2443 1379 2514 ἀναπέμψωμεν
1417 2441 1495 2513 τῷ
1531 2441 1670 2513 ἁγίῳ

132 2536 288 2608 “arpi,
307 2536 582 2608 Πνεύματι
609 2537 922 2604 δοξάζοντες
949 2534 1178 2608 Ἰησοῦν,
1207 2535 1314 2590 τὸν
1333 2536 1402 2589 ἐν
1419 2536 1671 2600 κόλποις

131 2629 298 2683 αὐτοῦ.
341 2629 431 2700 Μὴ
470 2630 677 2703 φύγῃς,
729 2628 1004 2701 ἄνθρωπε,
1053 2626 1224 2699 ὕμνον
1275 2628 1666 2699 πνευματικὸν,

135 2719 238 2790 μηδὲ
261 2720 507 2792 ἀπεχθῶς
537 2720 677 2791 πρὸς
709 2721 806 2792 τὴν
838 2719 1101 2792 ἀκρόασιν
1126 2717 1401 2790 διατεθῇς.
1431 2718 1671 2771 Θάνατον

131 2812 208 2864 οὐκ
231 2809 331 2882 ἔχει
349 2829 362 2843 ο
397 2813 679 2885 σωτηρίας
707 2812 826 2865 ἐστὶ
847 2811 1095 2883 διήγημα
1122 2811 1157 2882 ή
1200 2810 1330 2882 παρ’
1374 2811 1505 2880 ἡμῖν
1537 2809 1667 2880 ᾠδή.

141 2901 254 2971 Ἐγὼ
295 2905 390 2975 μὲν
423 2899 519 2959 οὖν
569 2905 676 2976 ἠδη
706 2901 819 2958 καὶ
857 2904 966 2957 τῶν
1016 2901 1338 2975 κρειττόνων
1380 2901 1672 2956 ἀπολαύειν

131 2990 262 3056 δοκῶ,
282 2996 402 3066 περὶ
431 2995 697 3049 τοιούτων
723 2994 1101 3066 διαλεγόμενος
1120 3011 1134 3024 ·
1167 2996 1261 3048 καὶ
1296 2995 1550 3066 μάλιστα,
1582 2994 1672 3046 ὅτε

131 3084 382 3150 ama;
417 3103 509 3158 μοι
539 3087 805 3158 πάρεστιν
836 3086 1042 3142 ἀνθέων
1067 3073 1292 3157 λειμών·
1327 3086 1603 3140 τουτέστιν
1638 3087 1671 3155 ἡ

131 3174 336 3246 ἡμετέρα
369 3176 613 3242 σύνοδος,
667 3177 778 3232 τῶν
826 3176 945 3248 ἅμα
987 3193 1049 3230 τε
1091 3177 1185 3230 καὶ
1227 3176 1535 3230 ἀκουόντων
1577 3175 1674 3228 καὶ

137 3267 423 3338 συνᾳδόντων
451 3269 523 3322 τά
552 3268 671 3322 θεῖα
701 3269 994 3340 μυστήρια.
1037 3269 1155 3338 Ἐφ’
1183 3261 1258 3324 ὧν
1285 3268 1381 3321 καὶ
1404 3269 1464 3321 τὸ
1493 3267 1672 3336 λέγειν

134 3357 301 3429 θαρρῶ,
353 3361 434 3413 ὅτι
467 3378 566 3430 μοι
614 3360 816 3424 παντὸς
867 3360 1065 3430 φθόνου
1105 3359 1350 3433 καθαρὰς
1401 3359 1668 3430 παρέχετε

136 3448 210 3513 τὰς
234 3450 407 3516 ἀκοὰς,
440 3453 502 3504 ού
540 3451 635 3504 τὸν
674 3451 835 3522 ζῆλον
862 3451 952 3504 τὸν
997 3451 1092 3505 τοῦ
1121 3452 1262 3506 Κάῖν
1307 3450 1630 3522 μιμούμενοι
1654 3466 1668 3479 ο

135 3541 210 3609 οὐχ
231 3542 412 3611 ὁμοίως
438 3541 538 3596 τοῦ
581 3541 754 3596 Ἠσαῦ
781 3536 1068 3606 διὶὲικοντες
1095 3543 1185 3595 τὸν
1215 3541 1463 3609 ἀδελφὸν,
1489 3543 1550 3594 οὐ
1577 3539 1671 3593 τοῦ

146 3632 304 3704 hct?
347 3632 700 3696 ἐπαινοῦντες
763 3633 1046 3702 ἀδελφοὺς,
1095 3635 1178 3687 ὅτι
1222 3633 1308 3701 ἐφ’
1356 3627 1439 3696 οἷς
1489 3631 1676 3700 ἔλεγεν

137 3726 316 3794 ἑμίσουν
345 3726 434 3780 τὸν
461 3723 698 3790 ἀδελφόν
717 3740 730 3754 ’
760 3722 898 3776 ἀλλά
925 3723 1132 3777 τούτων
1169 3722 1426 3778 ἁπάντων
1462 3723 1675 3793 μακρὸν

136 3813 420 3882 ἀφεστῶτες,
467 3815 663 3886 διόπερ
713 3813 942 3877 ἕκαστος
992 3813 1147 3883 ὑμῶν
1199 3812 1262 3866 τὸ
1302 3811 1396 3865 τοῦ
1449 3811 1675 3884 πλησίον

137 3906 306 3975 νομίζει
344 3909 548 3977 λέγειν.
597 3908 708 3961 Καὶ
749 3905 837 3960 διὰ
879 3905 1036 3959 τοῦτο
1082 3903 1242 3976 ζῆλος
1288 3903 1522 3976 πονηρὸς
1573 3903 1674 3958 οὐκ

139 3992 254 4049 εστιν
279 4001 332 4052 ὲν
362 4000 517 4069 ύμῖν,
551 3995 621 4050 τά
665 3996 922 4051 λείποντα
951 3995 1028 4066 τῷ
1070 3993 1284 4066 ἀδελφῷ
1326 3994 1676 4068 ἀναπληροῦν

133 4086 446 4158 δεδεγμένοις.
482 4091 554 4142 Ὠ
596 4089 961 4161 ἀκροατηρίου
1003 4088 1190 4153 καλοῦ,
1233 4088 1327 4142 καὶ
1375 4089 1674 4160 συμποσίου

136 4178 317 4246 σεμνοῦ,
344 4182 434 4232 καὶ
466 4183 856 4251 πνευματικῶν
889 4182 1231 4252 ὲδεσμάτωνί
1288 4182 1560 4246 Τοιούτοις
1591 4182 1678 4236 ἀεὶ

135 4274 334 4324 σανεῖναι
354 4271 586 4334 δικαίοις
621 4271 696 4341 (2)
723 4271 1003 4344 εὐξαίμην.

188 4362 366 4416 ΟΥΔΔ.
393 4363 542 4427 Χθὲς
573 4363 633 4415 τὺ
661 4363 885 4418 δειλινὸν
913 4367 1249 4436 περιπατῶν,
1280 4362 1325 4421 ὦ
1349 4367 1492 4436 φίλε,
1523 4367 1676 4439 παρά

133 4455 205 4510 τὸν
225 4457 312 4526 τῆς
347 4457 627 4526 θαλάσσης
657 4457 918 4526 αἰγιαλὸν,
949 4461 1043 4512 καὶ
1061 4461 1226 4525 ὀξέως
1260 4480 1376 4525 πως
1414 4463 1676 4527 ἀτενίζων

137 4548 195 4610 εἰς
215 4549 387 4621 αὐτὴν,
434 4548 650 4621 ἑώρων,
681 4548 984 4620 ὑπερϐολήν
1015 4568 1136 4606 τινα
1182 4552 1333 4616 θείας
1369 4553 1672 4624 δυνάμεως,

1773 2078 1903 2136 tem,
1933 2069 2146 2123 occulte
2173 2068 2242 2121 ab
2271 2067 2380 2121 illis
2407 2069 2751 2133 annuntiata,
2782 2071 3028 2125 canendo
3052 2071 3345 2140 explicant.

1771 2158 1817 2215 Ο
1843 2175 2141 2216 consonam
2189 2159 2550 2224 harmoniam,
2581 2172 2940 2230 componente
2979 2163 3166 2217 divino
3225 2161 3351 2232 Spi-

1772 2253 1914 2306 ritul
1951 2251 2268 2308 Odecorem
2290 2253 2601 2308 canentium
2633 2254 2726 2310 Dei
2767 2257 3143 2310 sacramenta!
3193 2254 3352 2310 Desi-

1771 2328 1929 2399 derat
1960 2345 2176 2399 animus
2207 2359 2313 2398 una
2345 2345 2654 2400 concinere.
2689 2345 2965 2402 Canamus
2987 2362 3118 2416 ergo
3157 2354 3210 2401 et
3242 2348 3348 2416 ipsi

1771 2435 2016 2491 eamdem
2040 2437 2372 2501 cantionem,
2401 2438 2770 2509 hymnumque
2791 2439 3174 2494 submittamus
3200 2437 3349 2492 Patri

1773 2535 1994 2596 sancto;
2031 2527 2218 2585 Jesum
2247 2530 2338 2600 qui
2369 2530 2424 2582 in
2456 2529 2569 2599 ejus
2599 2530 2718 2583 sinu
2757 2539 2835 2584 est
2865 2531 2906 2595 ¹,
2937 2527 3140 2600 Spiritu
3179 2529 3348 2600 glori-

1773 2621 2018 2678 ficantes.
2051 2620 2346 2688 Ne,homo,
2373 2625 2648 2678 canticum
2674 2622 2919 2693 spiritale
2947 2622 3179 2694 fugeris,
3213 2638 3348 2678 neve

1774 2715 2109 2770 auditionem
2155 2715 2328 2772 fueris
2379 2724 2681 2774 aversatus.
2738 2715 2965 2774 Mortem
3018 2733 3128 2772 non
3165 2717 3345 2773 habet.

1775 2802 1981 2861 Salutis
2019 2807 2286 2871 narratio,
2334 2816 2524 2862 nostra
2560 2807 2742 2861 cantio
2775 2815 2878 2862 est.
2936 2806 3079 2863 Sane
3129 2808 3348 2879 quidem
3389 2812 3393 2814 ’

1773 2896 1908 2950 mihi
1930 2897 2047 2967 ipse
2066 2897 2180 2968 jam
2205 2897 2394 2952 videor
2414 2899 2731 2953 melioribus
2765 2896 2895 2963 frui,
2927 2901 3020 2969 qui
3046 2900 3112 2954 de
3149 2899 3353 2955 talibus

1773 2985 2040 3042 disseram
2085 3003 2100 3041 :
2153 2986 2318 3058 idque
2364 2987 2419 3040 in
2460 2987 2673 3056 primis,
2730 3003 2852 3042 cum
2906 2988 3016 3043 tale
3040 2989 3351 3060 talibusque

1773 3075 1974 3131 ﬂorens
2004 3085 2216 3147 pratum
2246 3092 2430 3132 coram
2453 3077 2677 3132 habeam
2704 3095 2716 3132 :
2758 3077 2882 3131 dico
2904 3085 3082 3132 autem
3110 3087 3348 3134 vestram

1776 3169 2119 3238 concionem,
2145 3170 2236 3237 qui
2261 3177 2316 3224 et
2363 3169 2643 3224 auditores
2673 3176 2727 3224 et
2764 3177 3122 3224 concentores
3162 3185 3351 3225 sacra-

1775 3271 2082 3319 mentorum
2131 3265 2436 3320 cmlestium
2491 3264 2809 3321 considetis.
2844 3263 3133 3333 PrOpterea
3183 3264 3350 3318 etiam

1776 3358 1950 3412 audeo
1990 3357 2192 3424 dicere,
2245 3357 2390 3428 quod
2445 3357 2616 3414 livore
2667 3358 2815 3413 omni
2848 3358 3066 3412 mundis
3124 3357 3350 3411 auribus

1775 3448 2130 3512 auscultetis,
2182 3463 2284 3503 nec
2352 3448 2634 3504 Caininam
2703 3449 3100 3503 mulationem
3173 3450 3351 3502 imite-

1775 3539 1910 3592 mini
1939 3542 1982 3603 ’,
2011 3547 2104 3593 aut
2134 3540 2276 3594 sicut
2305 3538 2449 3594 Esau
2479 3540 2501 3572 ⁸
2531 3540 2752 3595 fratrem
2785 3542 3220 3610 persequamini,
3266 3542 3350 3596 vel

1775 3629 1976 3686 fratres
1999 3629 2200 3700 Joseph
2228 3632 2250 3663 δ
2279 3631 2543 3701 probetis,
2595 3631 2752 3686 fratri
2800 3641 3024 3702 propter
3065 3647 3352 3688 sermones

1774 3722 1949 3792 ipsius
1988 3722 2274 3780 infensos:
2303 3723 2397 3780 sed
2430 3723 2497 3779 ab
2525 3723 2610 3778 his
2655 3723 2910 3779 omnibus
2959 3725 3116 3794 longe
3156 3726 3349 3778 remoti

1775 3815 1918 3879 sitis,
1949 3815 2392 3872 existimantibus
2427 3815 2655 3885 singulis
2687 3815 3044 3886 dicere,quod
3068 3817 3350 3885 proximus

1775 3907 1928 3962 dicit.
1953 3906 2134 3973 Quare
2163 3907 2324 3963 etiam
2355 3907 2699 3963 desideratur
2723 3909 2778 3962 in
2809 3909 2964 3963 vobis
3007 3908 3149 3961 mala
3189 3923 3351 3961 samu-

1774 3998 1926 4063 latio,
1959 3999 2052 4068 qui
2083 3999 2268 4054 fratris
2300 3997 2546 4054 defectus
2569 3998 2942 4067 adimplendos
2973 3998 3346 4067 susceperitis.

1775 4087 1820 4142 Ο
1842 4090 2126 4158 pulchram
2151 4091 2491 4155 concionem,
2514 4091 2913 4159 honestumque
2937 4088 3265 4155 convivium,
3293 4094 3352 4143 et

1776 4181 2090 4250 spirituales
2142 4181 2368 4250 epulas!
2405 4180 2628 4236 Talibus
2673 4196 2771 4251 ego
2798 4195 3012 4250 semper
3062 4180 3347 4247 interesse,

1775 4272 1970 4325 merito
2003 4271 2325 4340 Optaverim.

1848 4360 2004 4416 VAL.
2032 4363 2129 4433 (4).
2153 4362 2311 4427 Cum,
2339 4361 2532 4427 amice,
2568 4360 2687 4415 heri
2725 4376 2868 4424 sero,
2897 4359 2964 4414 ad
3002 4361 3171 4418 maris
3195 4361 3350 4417 littus

1778 4455 2136 4515 ambularem,
2167 4458 2330 4522 atque
2361 4451 2414 4505 in
2446 4451 2622 4520 ipsum
2657 4451 2826 4505 aciem
2859 4451 3141 4504 oculorum
3176 4451 3352 4506 inten-

1777 4545 1984 4603 derem.
2011 4541 2193 4597 statim
2229 4555 2309 4605 se,
2338 4540 2558 4595 virtutis
2583 4539 2777 4594 divina:
2796 4538 3129 4608 praestantia,
3151 4552 3349 4606 arsque

136 4640 209 4691 καὶ
239 4642 396 4713 σοφῆς
443 4642 760 4712 ἐπιστήμης
793 4640 986 4711 τέχνην
1007 4659 1020 4673 ·
1065 4643 1116 4694 εῐ
1146 4660 1208 4711 γε
1243 4646 1333 4697 καὶ
1373 4645 1568 4716 τέχνην
1613 4647 1670 4698 τὸ

1781 4637 2043 4707 sapientis
2087 4635 2348 4698 scienti-.2,
2401 4633 2602 4703 objecit
2645 4633 2861 4686 oculis:
2899 4632 2946 4686 si
2993 4630 3212 4699 quidem
3259 4645 3348 4683 res

138 4729 305 4783 τοιοῦτο
331 4734 516 4786 καλεῖν
550 4735 678 4804 χρή.
714 4733 922 4802 ’Ὠσπερ
954 4733 1062 4805 γὰρ
1085 4735 1113 4785 ὁ
1155 4735 1450 4806 Ὁμηρικὸς
1495 4739 1675 4808 στίχος

138 4819 386 4891 φθέγγεται
410 4827 641 4888 ἐκεῖνος’

147 4930 218 5006 ᾯς
242 4933 292 5006 δ’
315 4935 525 5004 ἄνεμοι
557 4936 631 5006 (5)
653 4936 761 4990 δύο
787 4939 1008 4990 πόντον
1035 4938 1302 5005 ὀρίνετον
1332 4941 1665 5006 ἰχθυόεντα,

140 5002 318 5075 βορέης
347 5002 448 5057 καὶ
482 5002 767 5074 Ζέφὺρος,
803 5007 942 5060 τώτε
975 5002 1275 5075 Θρῄκηθεν
1307 5002 1491 5074 ἇῆτον

148 5071 369 5146 ξῌλθόνί
396 5071 731 5141 ἐξαπίνης(
757 5078 965 5146 ἄμυδις
1005 5071 1165 5131 δέ’τε
1195 5071 1670 5145 κῦμαήκελαινὸν

141 5142 436 5209 Κορθὺεταιο
476 5149 714 5200 πολλὸν
742 5142 809 5200 δέ
837 5149 1024 5216 παρὲξ
1054 5148 1173 5203 ἅλα
1198 5142 1389 5218 φῦκος
1414 5151 1636 5217 ἔχευαν
1655 5169 1667 5181 ·

142 5320 250 5376 οὕτω
273 5342 357 5394 μοι
397 5325 497 5399 καὶ
547 5324 674 5394 χθὲς
714 5327 987 5396 γεγονέναι
1022 5329 1187 5383 δοκεῖ.
1239 5331 1517 5401 Κορυφαῖς
1562 5329 1672 5402 γὰρ

1780 4728 2049 4798 ejusmodi
2086 4744 2176 4781 ars
2200 4726 2441 4783 vocanda
2467 4725 2556 4782 sit.
2592 4723 2663 4778 Ut
2691 4725 2834 4780 enim
2864 4725 3024 4778 habet
3047 4739 3234 4778 versus
3260 4722 3348 4776 ille

1781 4821 2100 4876 Homericus
2129 4838 2142 4873 :

1774 4937 1922 4993 Sicut
1959 4944 2134 4986 autem
2169 4934 2303 4986 venti
2334 4932 2436 4987 duo
2475 4940 2689 5001 pontum
2716 4939 3031 4983 commovent
3058 4930 3344 4997 piscosum,

1775 5010 1971 5062 Boreas
1996 5015 2044 5057 et
2069 5003 2358 5074 Zephyrus,
2393 5005 2481 5072 qui
2507 5021 2534 5056 e
2570 5002 2795 5055 Thracia
2830 5003 3034 5074 spirant

1778 5078 2000 5130 Ruentes
2029 5072 2236 5144 repente
2259 5091 2274 5127 :
2300 5076 2459 5128 simul
2488 5083 2662 5126 autem
2691 5083 2739 5126 et
2763 5072 2906 5124 unda
2928 5074 3081 5144 uigra

1780 5138 2097 5202 Attolliturf
2133 5145 2355 5198 multam
2397 5154 2570 5199 autem
2614 5152 2766 5196 castra
2808 5155 2952 5194 mare
2989 5138 3167 5281 kflgan:
3210 5138 3346 5206 {un—

3072 5228 3140 5262 un
3183 5225 3202 5273 ,'

3072 5225 3202 5273 unt;

1779 5329 1854 5383 ita
1908 5335 1965 5382 ct
2010 5328 2126 5383 heri
2187 5327 2318 5381 mihi
2375 5325 2490 5382 ﬁeri
2545 5325 2848 5380 videbatur.
2901 5322 3159 5378 Videbam
3199 5322 3346 5376 enim

197 5483 213 5515 ‘
235 5483 383 5539 Im.
413 5499 456 5548 ι,
493 5485 579 5540 18.
657 5487 679 5520 ³
712 5485 840 5542 Gen.
869 5503 944 5552 ιν,
976 5485 1031 5542 5.
1109 5488 1131 5520 ⁸
1159 5486 1286 5542 Cen.
1320 5501 1493 5551 xxvn,
1525 5454 1613 5540 4i.

1774 5484 1871 5538 ἔθη.
1904 5499 2111 5548 xxxv",
2134 5482 2187 5538 4.

193 5636 256 5776 $1)
285 5641 556 5705 Δικαίοις.
587 5638 748 5695 Forte
773 5643 1014 5705 δικαίως.

215 5710 260 5776 ’5)
296 5713 385 5776 Ὠς
409 5711 459 5763 δ’
489 5711 590 5765 ἄν.
623 5710 773 5765 Iliad.
802 5728 876 5774 ιι,
913 5713 964 5766 4.

215 5710 260 5777 ’5)
296 5713 385 5777 Ὠς
409 5711 459 5763 δ’
489 5711 590 5765 ἄν.
623 5710 773 5765 Iliad.
802 5728 876 5774 ιι,
913 5713 964 5766 4.

196 5779 258 5848 (4)
286 5779 415 5852 Υιι..
460 5782 1146 5852 Αεειιηιρῑοιιιίρεισοηοιη
1181 5781 1544 5838 Valentiniani
1574 5801 1669 5840 seu

146 5841 350 5922 unum
384 5841 932 5920 inducit,quieadém
955 5865 1118 5922 atque
1147 5853 1513 5909 Manichaeide
1543 5854 1670 5908 mali

150 5922 375 5993 Principio
396 5932 658 5992 sentiret;
682 5923 934 5994 ponendo
962 5924 1264 5996 ingenitum
1296 5924 1441 5978 aliud
1471 5938 1501 5977 a
1536 5923 1666 5992 Deo,

1779 5649 1833 5694 et
1863 5641 2163 5704 materiam.
2192 5656 2259 5695 ex
2287 5640 2445 5709 cujus
2473 5639 2817 5694 concretione
2846 5637 2985 5690 mala
3013 5639 3066 5691 in
3098 5637 3349 5709 homines

1819 5712 2148 5764 rovenirent.
2199 5710 2324 5780 Agit
2356 5707 2553 5764 multis
2585 5711 2637 5762 in
2671 5711 2811 5780 hunc
2841 5723 3080 5780 errorem
3113 5707 3346 5780 [renatus

1819 5726 2148 5764 roventrent.
2199 5726 2324 5780 Λειι
2369 5726 2553 5764 mulus
2585 5727 2637 5762 In
2671 5726 2811 5761 nunc
2841 5726 3080 5762 errorem
3114 5726 3342 5760 Irenaeus

1780 5726 1871 5834 Eb.
1921 5797 1959 5835 ιι
1991 5782 2250 5832 Adversus
2295 5781 2518 5842 harem;
2558 5779 2923 5832 Tertullianus
2972 5779 3064 5831 lib.
3100 5778 3176 5830 De
3205 5791 3342 5844 prte—

1776 5852 1957 5918 script.
1973 5857 2025 5903 et
2042 5850 2239 5904 Contra
2265 5849 2607 5904 Marcionem.
2629 5847 2966 5904 Solidissimc
2987 5849 3149 5902 etiam
3170 5847 3343 5915 Chr)-

1775 5929 2050 5977 sostomus
2073 5921 2219 5974 hom.
2248 5919 2280 5973 2
2305 5921 2358 5975 in
2387 5921 2502 5973 Act.
