4028 6318
657 424 758 479 243

1660 435 1718 492 S.
1762 437 2093 499 METEODII
2124 443 2435 502 EPISCOPI
2464 444 2554 500 ET
2591 443 2951 502 MARTYBIS

3792 451 3888 510 2M

653 538 851 596 [luctus
899 542 1174 600 montanis
1226 547 1541 616 superciliis
1592 553 1903 621 proximos,
1958 564 2122 628 atque
2169 576 2203 614 u

2330 559 2503 632 ὀρέων
2532 560 2912 632 παραπλήσιον
2948 559 3135 633 ἑώρων
3169 561 3410 632 κύματα,
3455 563 3550 617 καὶ
3599 562 3709 636 (ὡς
3743 565 3885 637 λόγον

651 647 766 725 rem
788 632 990 725 dicam,
1018 637 1085 693 ad
1106 637 1290 708 ipsum
1315 643 1684 714 pertingentes
1704 649 1903 704 cmlum
1930 668 1943 704 :
1978 667 2076 707 nec
2101 653 2205 708 mih

2340 650 2572 722 είπεῖν,)
2603 649 2769 705 αὐτοῦ
2799 632 3161 722 ἐφικνούμενα
3187 653 3282 706 τοῦ
3321 653 3549 725 ούρανοῦ
3577 632 3694 709 ’-τὸ
3726 656 3771 711 δ’
3806 632 3886 711 sv-

651 721 780 780 inde
809 724 957 781 aliud
987 732 1418 801 exspectandum
1447 739 1790 806 occurrebat,
1815 757 1978 812 quam
2011 753 2071 798 ut
2117 747 2240 802 uni-

649 829 861 871 versam
888 824 1091 874 terram
1129 823 1562 895 submergerent,
1608 831 1963 902 veniebatque
2001 833 2062 888 in
2086 850 2234 892 men-

644 914 757 964 tem
791 909 930 982 fugae
978 914 1134 970 locus
1155 956 1172 981 ,
1223 927 1278 972 et
1323 931 1506 974 arcam
1538 919 1652 977 Noe
1680 924 1864 980 animo
1887 925 2228 998 ellingebam.

644 999 913 1058 Ceterum
933 1020 1097 1062 secus
1118 1014 1236 1061 erat
1267 1023 1333 1063 ac
1355 1011 1636 1080 opinabar.
1677 1013 1797 1070 Mox
1829 1018 2029 1087 quippe
2052 1034 2227 1085 mare,

2335 738 2528 793 τεῦθεν
2554 739 2708 792 οὐδὲν
2746 740 2935 810 ἓτερον
2976 739 3316 811 προσεδόκων
3342 741 3378 810 ἢ
3417 740 3634 795 ἃπασαν
3674 742 3885 796 ἐπικλυ-

2337 830 2594 902 θήσεσθαι
2630 830 2731 902 τὴν
2758 829 2882 899 γῆν·
2910 829 3001 884 καί
3038 847 3128 900 μοι
3164 831 3343 900 φυγῆς
3378 833 3438 884 ὲν
3473 830 3550 902 τῷ
3590 830 3671 885 νοῒ
3711 833 3887 898 τύπον,

2335 924 2428 976 καὶ
2458 924 2558 993 τὴν
2591 921 2685 977 τοῦ
2732 922 2858 977 Νῶε
2885 925 3214 979 ἀνέπλαττον
3243 923 3492 979 κιϐωτόν.
3526 924 3602 978 Τὸ
3629 925 3676 978 δ’
3698 926 3796 980 οὐκ
3823 922 3888 996 ἦν

2331 1015 2360 1068 δ
2391 1013 2656 1087 ἐνόμιζον.
2716 1014 2876 1069 Ἀλλά
2907 1017 3016 1088 γὰρ
3046 1015 3162 1086 ἅμα
3187 1014 3534 1086 κυρτωθῆναι
3571 1017 3672 1087 τὴν
3700 1015 3887 1070 θάλασ-

643 1101 704 1147 ut
734 1098 1092 1165 intumuerat,
1121 1099 1177 1155 in
1197 1115 1258 1156 se
1277 1101 1456 1172 ipsum
1487 1107 1882 1176 resolvebatur,
1908 1126 2020 1165 non
2046 1117 2205 1168 trans

2333 1124 2452 1173 σαν,
2497 1108 2660 1163 πάλιν
2703 1108 2958 1164 ἀνελύετο
2989 1112 3069 1173 είς
3097 1111 3320 1179 ἑαυτὴν,
3352 1109 3452 1179 οὐχ
3497 1108 3888 1180 ὑπερϐαίνουσα

638 1185 897 1256 grediens
948 1188 1129 1245 locum
1170 1206 1353 1260 suum,
1379 1197 1696 1263 reveritum,
1728 1205 1790 1253 ut
1830 1201 1996 1255 verbo
2022 1201 2222 1267 dicam,

641 1276 887 1334 divinum
933 1284 1251 1339 mandatum
1309 1287 1352 1342 '.
1406 1287 1487 1345 Ac
1544 1292 2029 1362 quemadmodum,
2077 1294 2222 1350 haud

641 1386 792 1439 raro,
824 1389 1017 1432 servus
1045 1377 1245 1449 aliquis
1272 1391 1502 1453 cogente
1533 1385 1755 1440 domino
1799 1387 2031 1442 invitum
2062 1387 2222 1458 quid-

639 1465 766 1518 dam
797 1464 974 1523 facere
997 1511 1014 1537 ,
1061 1473 1324 1530 mandato
1364 1476 1586 1546 quidem
1618 1477 1817 1534 timore
1852 1479 2173 1551 obsequitur
2204 1501 2220 1537 ε

640 1569 743 1611 nec
766 1556 1061 1630 quidquam
1086 1569 1292 1630 tamen,
1311 1567 1456 1637 quod
1478 1568 1801 1623 reluctantia
1823 1572 1991 1626 sentit
2012 1573 2216 1640 animo,

638 1646 804 1732 audet
841 1649 1026 1708 dicere
1057 1671 1074 1708 :
1107 1655 1204 1710 sed
1261 1658 1456 1726 plenus
1508 1660 1592 1713 ira
1622 1659 1879 1729 quadam,
1911 1677 2096 1718 secum
2123 1663 2220 1718 im-

635 1751 945 1797 murmurat
978 1745 1098 1802 :slc
1131 1755 1280 1804 certe
1316 1757 1370 1804 et
1393 1750 1526 1804 mihi
1550 1750 1775 1808 videbar
1810 1754 2014 1823 videre,
2068 1756 2218 1811 velut

634 1830 836 1887 iratum
858 1849 1030 1901 mare,
1062 1842 1560 1911 secumqueipsum
1586 1843 1848 1900 claudens
1883 1847 2019 1902 iram
2051 1861 2118 1902 ac
2155 1863 2216 1904 se

2325 1201 2420 1255 τὸν
2447 1201 2646 1256 οἰκεῖον
2683 1202 2869 1269 τόπον,
2905 1202 3002 1275 (ὡς
3049 1202 3176 1266 ἔπος
3218 1201 3437 1273 είπείν,)
3462 1200 3602 1255 θεῖόν
3635 1220 3692 1256 τι
3729 1205 3888 1274 πρόσ-

2325 1312 2513 1367 ταγμα
2564 1296 2942 1369 πεφοῦημένη.
2994 1297 3106 1352 Καὶ
3162 1298 3414 1371 καθάπερ
3464 1299 3724 1365 πολλάκις
3785 1301 3888 1356 τῶν

2323 1389 2548 1443 οἰκετῶν
2584 1406 2689 1456 τις,
2748 1387 2881 1444 ἇκον
2918 1407 2970 1444 τι
3021 1391 3157 1462 πρὸς
3191 1390 3285 1444 τοῦ
3330 1391 3588 1446 δεσπότου
3634 1393 3889 1465 πράττειν

2323 1482 2783 1555 ἀναγκαζόμενος,
2814 1481 2892 1555 τῷ
2927 1485 3023 1555 μὲν
3066 1485 3445 1554 προστάγματι
3475 1486 3563 1539 διὰ
3607 1485 3698 1538 τὸν
3733 1485 3890 1555 φόϐον

2320 1573 2599 1628 πείθεταιο
2641 1575 2671 1628 δ
2697 1574 2754 1628 δὲ
2798 1575 3020 1646 πάσχει,
3065 1575 3324 1645 πράττειν
3366 1575 3443 1646 μὴ
3491 1575 3682 1640 θέλων,
3718 1575 3892 1645 λέγειν

2317 1678 2372 1716 τι
2417 1664 2481 1716 οὑ
2515 1663 2724 1737 τολμᾷ·
2762 1662 3070 1737 τονθορύζει
3109 1663 3166 1717 δὲ
3204 1667 3263 1718 έν
3293 1664 3490 1736 ἑαυτῷ,
3535 1664 3710 1737 θυμοῦ
3751 1683 3890 1730 τινος

2318 1756 2728 1828 πληρούμενοςσ
2763 1756 2905 1812 οὕτω
2953 1755 3044 1828 μοί
3081 1773 3200 1821 πως
3245 1758 3496 1827 ἐφαίνετο
3539 1758 3635 1811 ml.
3668 1758 3768 1828 τὴν
3798 1758 3890 1811 θά-

2315 1846 2542 1914 λασσαν,
2579 1848 2823 1921 ὡσπερεὶ
2841 1848 3208 1920 θυμουμένην,
3234 1849 3328 1902 καὶ
3352 1851 3410 1904 ὲν
3431 1851 3594 1920 ἑαυτῇ
3626 1851 3890 1923 φράττου-

634 1925 948 1991 continens,
969 1928 1203 1984 veritum
1225 1929 1454 1987 Domino
1483 1935 1732 2006 prodere.
1766 1935 1892 1992 Haec
1912 1939 1986 1994 ita
2011 1938 2205 1995 baben-

2313 1958 2409 1994 σαν
2450 1941 2550 2012 τὴν
2577 1941 2768 2013 ὀργὴν,
2804 1940 3107 2013 κρατοῦσάν
3131 1957 3190 1992 τε
3215 1940 3434 2010 ἑαυτῆς,
3459 1940 3519 1992 οὐ
3562 1941 3890 2013 βουλομένην

631 2013 733 2079 tia,
765 2016 987 2082 tacitus,
1020 2018 1247 2076 intentis
1270 2025 1469 2091 oculis,
1501 2028 1751 2097 aspicere
1782 2043 2094 2099 coeperam;
2123 2046 2212 2086 vo-

632 2104 920 2178 lebamque
943 2110 1137 2166 caelum
1161 2114 1343 2171 animo
1367 2118 1569 2183 metiri,
1594 2128 1648 2174 et
1662 2119 1850 2176 orbem
1876 2121 1998 2190 ejus
2026 2141 2039 2175 :
2071 2136 2213 2191 quae-

631 2197 822 2253 rebam
872 2215 972 2271 ego
1025 2203 1168 2261 unde
1196 2206 1462 2279 inciperet
1495 2227 1673 2280 quove
1715 2211 1992 2267 desineret
2020 2230 2033 2264 :
2060 2213 2210 2281 quali

629 2289 759 2346 item
801 2293 1039 2350 cieretur
1085 2305 1237 2354 motu
1276 2319 1292 2357 :
1349 2317 1479 2356 num
1511 2303 1822 2368 transitivo,
1853 2303 1960 2359 hoc
1993 2302 2100 2368 est',
2141 2303 2210 2358 ab

629 2397 742 2439 uno
790 2385 845 2440 in
877 2388 1042 2442 alium
1077 2389 1295 2458 locum,
1336 2394 1424 2449 vel
1479 2394 1534 2448 in
1577 2396 1765 2450 orbem
1802 2395 2077 2450 ferretur:
2114 2395 2209 2452 sed

625 2480 684 2528 et
708 2476 983 2543 quomodo
1004 2481 1191 2533 statim
1223 2481 1572 2537 consisteret.
1608 2482 1770 2552 Atqui
1801 2482 1964 2537 etiam
1992 2482 2061 2538 de
2095 2483 2211 2540 sole

623 2567 980 2641 quaerendum
1016 2570 1320 2637 videbatur,
1383 2587 1493 2643 quo
1544 2573 1593 2627 is
1625 2573 1787 2629 modo
1813 2573 2102 2645 positionis
2150 2574 2208 2628 in

626 2662 771 2717 caelo
799 2663 1000 2716 habeat
1032 2682 1044 2716 ε
1078 2664 1204 2734 quis
1232 2679 1363 2720 vero
1391 2667 1658 2723 terminus
1686 2666 1758 2723 sit
1781 2681 1977 2722 cursus
2008 2666 2157 2721 illius
2188 2683 2204 2721 :

626 2770 740 2825 quo
776 2754 903 2809 item
925 2751 1077 2812 brevi
1123 2764 1270 2814 esset
1325 2773 1732 2826 concessurus;
1786 2773 1850 2814 ac
1879 2773 2054 2830 neque
2090 2758 2210 2829 ipse

624 2846 1063 2917 transgrediatur
1094 2862 1316 2906 cursum
1348 2851 1666 2923 proprium:
1699 2851 1795 2907 sed
1823 2859 1877 2906 et
1905 2850 2042 2921 ipse,
2061 2848 2207 2920 quod

624 2951 817 2992 verum
868 2937 1029 2994 liceat
1080 2939 1257 3013 loqui,
1311 2942 1555 2998 melioris
1609 2949 1940 3013 praeceptum
1985 2939 2206 3011 aliquod

623 3029 946 3099 custodiat;
1004 3040 1245 3105 tuncque
1295 3033 1456 3091 nobis
1508 3037 1842 3108 conspicuus
1906 3038 2202 3103 appareat,

623 3137 748 3177 cum
771 3132 855 3178 εει
881 3139 1206 3182 concessum
1227 3143 1242 3192 ;
1279 3143 1501 3183 rursum
1531 3143 1682 3194 vero,
1705 3142 1805 3182 ςθυ
1821 3133 2050 3181 vocatus
2080 3123 2206 3180 ab5°

621 3211 803 3268 cedat.
850 3212 1073 3268 Interim
1119 3229 1250 3286 ergo
1303 3216 1606 3270 dum‘hmc
1664 3217 1913 3286 exquiro,
1953 3212 2203 3268 videbam

622 3304 758 3358 solis
777 3303 940 3373 jubar
963 3283 1234 3371 occidere,
1267 3306 1482 3378 dieique
1510 3309 1693 3364 lumen
1719 3283 1979 3372 deiicere;
2005 3319 2068 3358 ac
2095 3311 2207 3358 sta-
2233 3283 2276 3340 (ἶ

619 3394 721 3449 tim
750 3395 944 3452 adesse
975 3397 1252 3464 tenebras,
1294 3400 1589 3471 lunamque
1628 3401 1730 3456 soli
1758 3401 2052 3456 succedere
2089 3419 2103 3453 :
2140 3413 2204 3453 ac

619 3485 858 3556 primum
889 3489 1110 3559 quidem
1141 3491 1408 3546 minutam
1449 3494 1622 3560 oriri;
1655 3493 2001 3564 postmodum
2047 3508 2198 3557 vero,

621 3587 789 3631 :ursu
843 3593 1275 3650 promoventem,
1305 3582 1500 3654 majori
1548 3585 1729 3655 specie
1786 3599 2074 3656 apparere.
2123 3583 2201 3638 Ac

618 3685 798 3741 neque
840 3671 907 3728 de
931 3673 1022 3728 illa
1053 3689 1297 3744 quaerere
1321 3678 1626 3743 cessabant,
1650 3693 1982 3749 causamque
2021 3678 2201 3732 minu-

616 3762 786 3818 tionis
816 3771 870 3820 et
892 3766 1224 3821 accretionis
1249 3769 1572 3835 scrutabar;
1602 3770 1749 3839 quod
1783 3771 1898 3839 ipsa
1923 3771 2199 3825 nihilomi-

619 3871 726 3910 nus
752 3856 1016 3911 circulum
1038 3857 1250 3911 dierum
1277 3866 1458 3912 teneat
1479 3879 1488 3913 :
1507 3862 1741 3931 indeque
1767 3863 1897 3915 mihi
1924 3863 2198 3931 quandam

618 3948 859 4000 divinam
888 3947 1284 4018 providentiam
1315 3965 1377 4005 ac
1403 3951 1510 4005 vim
1532 3953 1816 4008 meliorum
1853 3939 2034 4007 omnia
2068 3969 2198 4009 con-

620 4039 907 4106 tinentem,
931 4055 1092 4109 quam
1128 4049 1181 4096 et
1215 4040 1381 4096 Deum
1400 4042 1524 4111 jure
1552 4043 1806 4110 dicimus,
1834 4045 2090 4115 colligere
2111 4045 2195 4097 vi—

617 4133 808 4190 debar.
838 4130 1106 4187 Caeterum
1158 4149 1289 4188 vero
1332 4136 1473 4204 cmpi
1505 4134 1726 4190 laudare
1751 4134 2008 4205 Opiﬁcem
2035 4174 2051 4199 ,
2103 4134 2197 4204 qui

616 4229 822 4278 terram
853 4225 1036 4292 ﬁxam,
1063 4226 1487 4298 animaliumque
1533 4227 1869 4283 differentias
1911 4243 1974 4282 ac
2021 4229 2195 4284 varios

615 4314 927 4388 plantarum
959 4317 1120 4374 ﬂores
1183 4320 1503 4389 aspicerem.
1562 4320 1882 4383 Enimvero,
1915 4321 2196 4390 haudqua-

613 4422 778 4478 quam
830 4407 1047 4463 animus
1098 4409 1152 4463 in
1209 4409 1359 4465 hisce
1394 4420 1447 4464 et
1484 4413 1616 4467 solis
1659 4414 1903 4468 constitit
1943 4433 1953 4466 :
1994 4411 2086 4466 sed
2129 4413 2196 4467 de

612 4511 831 4567 cetero,
853 4518 1099 4572 quaerere
1122 4503 1262 4572 εαξρί
1292 4504 1436 4558 unde
1464 4504 1579 4558 haec
1610 4506 1909 4559 constituta
1956 4513 2140 4560 essent
2177 4524 2190 4558 :

613 4609 743 4648 num
776 4609 842 4649 ex
879 4595 1064 4664 aliquo
1094 4596 1239 4664 quod
1263 4611 1475 4666 semper
1503 4597 1800 4652 coexsistat
1833 4597 1962 4664 Deo,
1997 4599 2078 4653 vel
2127 4613 2192 4652 ex

613 4687 736 4756 ipso
764 4687 988 4756 soloque
1014 4685 1142 4752 Deo,
1177 4689 1322 4742 nulla
1347 4689 1395 4743 ei
1436 4706 1494 4744 re
1524 4691 2193 4753 coexsistente,consiste-

614 4788 756 4833 rent.
795 4780 926 4832 Nam
953 4782 1086 4834 nihil
1124 4797 1187 4835 ex
1228 4783 1398 4838 nihilo
1431 4784 1626 4837 fecisse
1648 4825 1661 4849 ,
1693 4784 1902 4838 ratione
1928 4801 2037 4840 non
2074 4800 2192 4839 om-

612 4872 744 4925 nino
793 4873 1135 4943 improbabili
1184 4885 1504 4945 suppetente
1544 4875 2001 4931 considerandum
2035 4877 2184 4931 duxi.

611 4963 825 5018 Habent
848 4967 993 5020 enim
1015 4983 1135 5034 quae
1168 4967 1320 5033 ﬁunt,
1342 4985 1405 5023 ex
1438 4970 1618 5039 aliquo
1650 4969 1764 5024 ﬁeri
1815 4985 1876 5022 ac
1905 4970 2185 5024 constitui.

613 5056 878 5112 Similiter
935 5060 1100 5114 etiam
1179 5077 1304 5116 vere
1359 5064 1649 5118 dicendum
1702 5063 2008 5128 videbatur,
2051 5064 2185 5117 nihil

611 5146 724 5201 Deo
751 5161 943 5217 praeter
976 5152 1154 5220 ipsum
1205 5155 1566 5221 coexsistere;
1623 5170 1851 5224 esseque
1905 5173 2011 5218 res,
2071 5157 2189 5224 ipso

609 5235 829 5293 c'reante
863 5259 874 5293 :
910 5241 1178 5310 siquidem
1218 5244 1271 5297 id
1301 5253 1547 5299 suaserat
1580 5248 1915 5314 compositus
1945 5247 2186 5300 elemen-

610 5338 788 5383 torum
844 5332 1010 5396 ordo,
1065 5343 1380 5403 naturaeque
1439 5335 1491 5388 in
1543 5337 1621 5390 eis
1677 5337 2038 5390 concinnitas.
2099 5335 2188 5386 Sic

609 5439 770 5484 vero,
807 5423 942 5479 bene
997 5427 1254 5481 statuisse
1307 5428 1599 5491 arbitrans,
1653 5429 1871 5482 domum
1925 5429 2182 5483 redibam.

609 5511 897 5574 (Laterum,
933 5529 1054 5567 cum
1081 5517 1350 5583 sequenti,
1388 5532 1576 5586 nempe
1618 5518 1880 5571 hodierna
1908 5520 2015 5583 die,
2041 5521 2187 5573 exis-

611 5618 743 5666 sem,
775 5603 912 5657 duos
944 5605 1234 5672 quosdam,
1270 5607 1456 5663 eodem
1493 5625 1724 5681 genere,
1778 5611 2046 5678 homines,
2102 5613 2184 5664 in-

714 5806 731 5836 δ
774 5805 871 5858 Job
906 5823 1129 5872 Χλιγιιῐ,
1161 5808 1246 5864 Η.

2311 2032 2390 2104 τῷ
2408 2034 2644 2105 δεσπότῃ
2667 2032 2896 2103 φανερὸν
2928 2033 3148 2103 ποιῆσαι
3177 2032 3267 2086 τὸν
3303 2031 3494 2103 θυμόν.
3527 2033 3715 2088 Ταῦτα
3749 2033 3890 2088 οὕτω

2311 2126 2570 2196 γινόμενα
2601 2124 2818 2178 σιωπῶν
2837 2126 3101 2190 ἀτενίζειν
3123 2125 3393 2197 ἠρχόμην,
3426 2124 3633 2178 καὶτὸν
3656 2125 3889 2196 οὐρανὸν

2313 2217 2407 2272 καὶ
2434 2217 2523 2269 τὸν
2555 2217 2750 2270 κύκλον
2779 2217 2965 2282 αὐτοῦ,
3000 2216 3077 2287 τῷ
3121 2215 3201 2270 νοῒ
3252 2218 3613 2288 καταμετρεῖν
3661 2215 3853 2287 ⁴Ῐλθελον
3873 2235 3887 2247 ·

2311 2306 2475 2361 πόθεν
2491 2325 2547 2374 τε
2564 2308 2811 2380 ἄρχεται,
2842 2309 2936 2362 καὶ
2965 2307 3067 2361 ποῦ
3088 2306 3412 2374 καταπαύει,
3436 2306 3732 2379 ἀνεζήτουν
3753 2305 3885 2374 ἐγώο

2309 2400 2468 2454 ποίαν
2488 2417 2546 2454 τε
2570 2403 2782 2472 κίνησιν
2810 2402 2921 2472 ἔχει
2941 2419 2954 2432 ο
2974 2402 3198 2472 πότερον
3213 2399 3311 2472 τὴν
3328 2400 3722 2473 μεταϐατικὴν,
3739 2419 3894 2457 τουτ-

2304 2492 2422 2547 έστι
2486 2493 2583 2565 τὴν
2610 2493 2718 2547 ἀπὸ
2744 2494 2908 2547 τόπου
2942 2495 3022 2556 είς
3059 2493 3244 2557 τόπον,
3281 2491 3434 2562 ῆτὴν
3472 2489 3657 2561 κύκλῳ
3686 2497 3886 2558 φοράν

2309 2587 2429 2650 πῶς
2451 2585 2508 2640 δὲ
2542 2587 2638 2640 καὶ
2659 2586 2758 2664 ¹ςίίιιν
2789 2587 3044 2658 ἐπίμονον
3070 2585 3225 2656 βάσιν
3265 2583 3398 2653 ἔχει.
3440 2584 3600 2637 Ἀλλά
3637 2584 3748 2656 μὴν
3791 2581 3889 2637 καὶ

2309 2680 2436 2750 περὶ
2453 2678 2546 2731 τοῦ
2561 2678 2713 2749 ἡλίου
2732 2679 2912 2748 ζητεῖν
2940 2677 3132 2742 ἐδόκει,
3155 2677 3237 2738 τίς
3253 2691 3312 2726 τε
3331 2677 3359 2727 ό
3377 2676 3572 2747 τρόπος
3596 2674 3764 2729 αὐτοῦ
3787 2673 3889 2744 τῆς

2307 2773 2368 2826 ὲν
2391 2771 2606 2843 οὐρανῷ
2633 2769 2834 2833 θέσεως
2853 2787 2866 2800 ο
2894 2769 2978 2833 τίς
3005 2770 3060 2822 δὲ
3084 2772 3178 2822 καὶ
3200 2771 3233 2840 ἠ
3267 2769 3511 2840 περίοδος
3538 2766 3630 2820 τοῦ
3653 2767 3883 2838 δρόμου·

2309 2863 2413 2918 ποῦ
2456 2863 2514 2915 δὲ
2557 2862 2650 2915 καὶ
2700 2861 2816 2931 μετ’
2855 2860 3032 2928 ὀλίγον
3077 2863 3265 2931 χωρεῖ,
3294 2860 3387 2912 καὶ
3412 2860 3502 2911 ὅτι
3555 2857 3692 2929 μηδὲ
3732 2851 3889 2920 οὗτος

2307 2954 2642 3026 παρέρχεται
2671 2952 2760 3004 τὸν
2787 2952 2985 3004 οἰκεῖον
3027 2949 3223 3021 δρόμον
3285 2949 3419 3002 ἀλλὰ
3449 2949 3543 3002 καὶ
3571 2948 3760 3014 αὐτός,
3811 2947 3888 3011 ὡς

2307 3044 2517 3098 ἔνεστιν
2543 3043 2738 3105 εἰπεῖν,
2762 3041 2982 3112 ἐντολήν
3009 3057 3130 3093 τινα
3155 3040 3407 3107 φυλάττει
3432 3042 3762 3114 κρείττονος⁴
3791 3038 3891 3094 καὶ

2309 3134 2488 3205 φαίνει
2524 3134 2623 3203 μὲν
2650 3132 2770 3185 τότε
2797 3131 2926 3203 παρ’
2953 3133 3105 3202 ἡμῖν,
3135 3132 3224 3183 ὅτε
3259 3131 3466 3197 ἔξεστιν
3500 3129 3678 3199 αύτῷ-
3718 3129 3892 3201 ἀπέρ-

2308 3243 2462 3298 χεται
2502 3225 2580 3288 δὲ,
2626 3223 2701 3286 ὼς
2740 3222 3094 3294 καλούμενος.
3140 3225 3249 3276 Καὶ
3294 3223 3497 3277 τούτων
3539 3221 3724 3275 τοξνυν
3787 3223 3893 3292 τὴν

2312 3319 2557 3386 ἐξέτασιν
2595 3314 2936 3385 ποιούμενος,
2988 3313 3172 3384 ἑώρων
3220 3314 3525 3385 παυόμενον
3560 3313 3656 3384 μὲν
3693 3313 3760 3366 τὸ
3792 3310 3892 3366 τοῦ

2309 3411 2460 3482 ἡλίου
2487 3407 2709 3479 φέγγος,
2742 3407 3019 3461 ἐπιλεῖπον
3055 3407 3112 3460 δὲ
3145 3407 3237 3460 καὶ
3271 3407 3371 3478 τῆς
3392 3406 3604 3477 ἡμέρας
3632 3405 3695 3459 τὸ
3729 3406 3889 3475 φῶς·

2308 3502 2510 3566 εὐθέως
2540 3500 2596 3552 δὲ
2633 3498 2910 3570 γινόμενον
2942 3497 3149 3562 σκότος,
3187 3498 3279 3552 καὶ¹
3317 3497 3545 3568 σελήνην
3571 3495 3894 3566 διαδεχομέρ

2308 3612 2404 3665 νην
2442 3594 2533 3645 τὸν
2576 3591 2756 3662 ἥλιον·
2798 3589 2888 3643 καὶ
2921 3589 2986 3641 τὰ
3023 3587 3120 3659 μὲν
3159 3588 3351 3660 πρῶτα
3377 3586 3631 3641 ἀνιοῦσαν
3667 3587 3892 3657 μείονα,

2309 3685 2606 3757 μετέπειτα
2646 3683 2704 3736 δὲ
2744 3683 3155 3754 προκόπτουσαν
3205 3679 3285 3751 τῷ
3329 3678 3533 3749 δρόμῳ,
3578 3675 3891 3746 φαντασίαν

2306 3779 2653 3849 παρέχουσαν
2701 3774 2966 3846 μείζονος.
3015 3774 3129 3826 Οὐκ
3174 3771 3456 3840 ἐπαυόμην
3497 3769 3553 3821 δὲ
3600 3767 3694 3820 καὶ
3754 3767 3892 3838 περὶ

2303 3872 2509 3940 ταύτης
2548 3869 2746 3939 ζητῶν,
2778 3868 2872 3920 καὶ
2904 3867 3003 3936 τὴν
3035 3865 3212 3918 αἰτίαν
3256 3863 3355 3932 τῆς
3394 3860 3746 3932 ἀφαιρέσεως
3791 3859 3892 3913 καὶ

2302 3963 2403 4032 τῆς
2434 3959 2776 4030 προσθέσεως
2824 3955 3162 4027 ἀνηρεύνων,
3193 3955 3277 4006 ὅτι
3309 3971 3371 4006 τε
3411 3954 3503 4006 καὶ
3556 3951 3695 4023 αὐτὴ
3724 3952 3892 4023 τηρεῖ

2302 4053 2394 4104 τὸν
2426 4049 2621 4103 κύκλον
2643 4047 2751 4101 τῶν
2787 4045 3041 4118 ἡμερῶν·
3075 4043 3166 4097 καί
3208 4060 3295 4114 μοι
3324 4042 3496 4096 ἐδόκει
3517 4043 3578 4094 τὸ
3603 4040 3885 4105 ἐντεῦθεν,

2302 4142 2376 4205 ὡς
2403 4141 2520 4193 θεία
2548 4157 2631 4202 τις
2661 4138 2893 4208 ὑπάρχει
2928 4135 3208 4206 οἰκονομία
3247 4134 3339 4188 καὶ
3364 4133 3589 4204 δύναμις
3630 4132 3858 4204 κρειττύ

2302 4252 2427 4295 νων,
2463 4234 2496 4302 ἡ
2548 4231 2840 4300 συνέχουσα
2873 4228 2938 4282 τά
2984 4229 3100 4290 ὅλα,
3140 4227 3205 4298 ἣν
3238 4227 3334 4278 καὶ
3373 4226 3504 4278 Θεὸν
3544 4225 3774 4288 δικαίως
3817 4222 3886 4276 ἂν

2302 4325 2548 4395 εἴπομεν.
2605 4324 2716 4376 Καὶ
2763 4321 2823 4374 τὸ
2873 4319 3058 4374 λοιπὸν
3105 4320 3196 4372 τὸν
3242 4319 3582 4389 Δημιουργὸν
3632 4317 3884 4370 ἐπαινεῖν

2299 4419 2568 4488 ἠρχόμην,
2625 4416 2724 4485 τήν
2777 4431 2836 4467 τε
2874 4414 2977 4484 γῆν
3027 4414 3337 4482 πεπηγυῖαν
3374 4409 3537 4481 ὁρῶν,
3581 4409 3675 4462 καὶ
3720 4405 3884 4471 ζώων

2299 4506 2579 4577 διαφορὰς,
2630 4506 2724 4559 καί
2771 4506 2990 4560 ποικίλα
3030 4505 3209 4572 φυτῶν
3248 4502 3316 4555 τὰ
3362 4500 3730 4570 ἐξανθήματα.
3768 4499 3887 4568 Οὐχ

2302 4602 2484 4654 ἵστατο
2522 4600 2577 4652 δὲ
2612 4616 2700 4669 μοι
2727 4600 2818 4652 ἐπὶ
2840 4599 3048 4662 τούτοις
3077 4599 3170 4650 καὶ
3201 4597 3380 4667 μόνοις
3413 4596 3440 4646 ὁ
3463 4592 3584 4654 νοῦς
3603 4609 3616 4621 ⁸
3645 4591 3787 4646 ἀλλὰ
3821 4593 3886 4646 τδ

2298 4693 2502 4756 λοιπὸν,
2535 4691 2655 4746 ὅθεν
2691 4691 2860 4744 ταῦτα
2889 4691 2988 4761 τὴν
3028 4688 3288 4741 σύστασιν
3319 4688 3450 4757 ἔχει,
3488 4684 3668 4755 ζητεῖν
3701 4686 3882 4756 ἠρχό-

2303 4806 2442 4858 μηνο
2475 4788 2700 4859 πότερον
2741 4785 2804 4839 ἔκ
2836 4802 2979 4848 τινος
3019 4785 3265 4847 συνόντος
3305 4783 3391 4834 ἀεὶ
3433 4780 3509 4849 τῷ
3551 4778 3687 4848 Θεῷ,
3729 4781 3768 4850 ἦ
3822 4781 3885 4842 ἐξ

2296 4882 2461 4935 αὐτοῦ
2505 4880 2596 4932 καὶ
2643 4879 2823 4948 μόνου,
2874 4875 3305 4945 συνυπάρχοντος
3349 4870 3497 4941 αὐτῷ
3540 4871 3776 4933 οὐδενός·
3820 4872 3886 4925 τὸ

2296 4975 2402 5044 γὰρ
2436 4973 2496 5037 ἐξ
2520 4976 2618 5026 οὐκ
2650 4973 2799 5034 ὄντος
2831 4971 3187 5041 πεποιηκέναι
3217 4967 3367 5021 οὐδὲν
3403 4968 3621 5016 σκοπεῖν
3655 4981 3749 5034 μοι
3779 4982 3885 5018 κα-

2295 5066 2404 5128 λῶς
2456 5067 2651 5128 ἐδόκει,
2708 5063 2780 5133 μὴ
2840 5061 3018 5114 τέλεον
3068 5060 3332 5114 ἀπιθάνου
3391 5056 3727 5126 ὑπάρχοντος
3780 5053 3884 5111 τοῦ

2298 5158 2473 5225 λόγου.
2502 5158 2582 5210 Τὰ
2611 5157 2720 5226 γὰρ
2751 5154 3008 5223 γινόμενα
3034 5153 3092 5216 ἐξ
3115 5153 3280 5204 ὄντων
3310 5151 3516 5217 πέφυκε
3543 5149 3637 5215 τὴν
3672 5148 3884 5201 σύστα-

2298 5267 2383 5301 σιν
2432 5249 2594 5318 ἔχειν.
2631 5247 2740 5301 Καὶ
2785 5244 2982 5315 ὁμοίως
3024 5243 3235 5315 ἀληθῶς
3289 5241 3458 5293 ἐδόκει
3489 5239 3652 5311 μηδὲν
3684 5238 3881 5306 λέγειν

2295 5341 2382 5393 ἀεὶ
2417 5343 2653 5392 συνεῖναι
2686 5338 2762 5405 τῷ
2803 5335 2920 5404 Θεῷ
2951 5336 3134 5408 ἕτερόν
3171 5352 3219 5386 τι
3256 5349 3371 5404 παρ
3429 5333 3612 5390 αὐτὸν,
3653 5330 3772 5382 ἀλλ’
3819 5333 3881 5398 ἐξ

2295 5434 2457 5485 αὐτοῦ
2500 5432 2570 5484 τὰ
2605 5432 2732 5482 ὄντα
2771 5429 3050 5497 γεγονέναι
3075 5445 3087 5456 ·
3135 5428 3228 5478 καὶ
3276 5426 3384 5496 γάρ
3423 5441 3539 5481 πως
3578 5422 3765 5475 ἔπειθὲ
3809 5442 3879 5493 με

2293 5527 2382 5577 τὸν
2427 5525 2684 5579 εὗτακτον
2727 5521 2835 5574 τῶν
2870 5521 3165 5592 στοιχείων,
3201 5519 3294 5572 καὶ
3341 5520 3373 5589 ἡ
3423 5515 3550 5587 περὶ
3583 5515 3723 5568 αίτὰ
3769 5517 3878 5586 τῆς

2295 5615 2507 5683 φύσεως
2531 5614 2814 5683 εὐκοσμία.
2841 5613 3053 5669 Οὑτωσὶ
3078 5611 3134 5664 δέ
3157 5629 3272 5674 πως
3296 5606 3352 5664 εὖ
3382 5605 3742 5663 διατεθεῖσθαι
3786 5624 3877 5663 νο-
