4028 6318
653 460 759 514 ΞΠ

1635 469 1695 526 S.
1736 470 2070 532 METHODII
2109 477 2418 566 EPiSCOPI
2457 482 2544 538 ET
2585 485 2942 547 MARTYRIS

3774 496 3869 554 2L8

654 588 940 634 aversatur
987 590 1043 637 et
1088 584 1379 655 repudiat?
1408 584 1596 656 Neque
1649 591 1794 644 enim
1842 607 1950 646 non
1997 597 2200 651 volueri

2331 603 2630 671 φεύγοντας
2658 607 2795 660 αύτά
2828 607 3127 679 προσίεται.
3168 609 3276 663 Καὶ
3314 611 3431 674 πῶς
3461 611 3558 664 οὐκ
3587 610 3780 666 ἄτοπον
3811 611 3872 685 ἦν

653 686 796 733 esse,
827 671 873 726 si
899 672 1115 741 quidem
1136 676 1348 744 primus
1373 677 1488 747 ipse
1523 678 1704 748 Opifex
1739 681 1859 738 fuit.
1899 683 2022 740 Vult
2059 688 2225 759 siqui-

653 760 773 814 dem
809 770 892 827 ut,
944 764 1009 817 ad
1058 765 1239 834 ipsum
1291 769 1631 833 accedentes.
1690 774 1865 844 ipsius
1920 778 2222 838 imitatores

653 850 801 907 ﬂant.
827 852 1005 919 Quare
1034 858 1274 914 alienum
1310 877 1339 914 a
1370 863 1582 919 ratione
1615 866 1761 931 duxi,
1803 871 1894 925 illa
1938 872 2046 929 Deo
2075 876 2222 932 aliin-

649 957 803 1013 gere;
836 953 926 998 aut
952 955 1209 1018 tanquam
1235 953 1303 1006 ab
1331 968 1396 1008 eo
1429 954 1568 1010 facta
1590 960 1836 1030 accipere
1863 983 1876 1017 :
1907 981 2219 1037 quanquam

648 1035 883 1089 maxime
941 1039 1346 1095 concedendum
1378 1044 1449 1098 sit
1496 1047 1642 1116 (10),
1686 1064 1845 1117 posse
1896 1035 2100 1125 aliquid
2151 1076 2218 1114 ex

646 1124 819 1178 nihilo
850 1126 987 1188 ﬁeri,
1022 1129 1068 1183 si
1115 1131 1335 1200 quidem
1376 1133 1518 1192 Deus
1577 1147 1665 1207 (ex
1714 1142 1827 1213 illo)
1883 1124 2013 1202 fecit
2052 1153 2214 1206 mala.

645 1211 780 1267 Nam
811 1217 904 1286 qui
927 1216 1055 1272 fecit
1081 1235 1147 1274 ex
1181 1223 1370 1290 nihilo,
1420 1242 1529 1280 non
1557 1229 1668 1297 jam
1728 1211 1870 1289 ultra
1903 1238 1958 1291 in
1987 1240 2218 1298 nihilum

646 1310 932 1382 redigeret.
967 1313 1276 1385 iterumque
1306 1320 1626 1376 necessitate
1655 1323 1976 1394 dicendum,
2027 1333 2214 1400 fuisse,

647 1401 865 1469 quando
895 1402 1038 1460 Deus
1084 1405 1240 1462 malis
1293 1407 1677 1479 delectaretur,
1720 1431 1841 1484 quae
1897 1420 2059 1475 modo
2107 1439 2217 1477 non

643 1496 879 1563 placent.
915 1496 1096 1562 Quare
1142 1515 1249 1556 non
1307 1505 1562 1570 arbitror,
1622 1523 1782 1577 posse
1834 1509 1940 1564 hoc
1996 1513 2103 1566 dici
2149 1513 2219 1570 de

644 1585 780 1641 Deo.
812 1588 1060 1644 Alienum
1091 1595 1287 1664 quippe
1312 1604 1396 1651 est
1421 1598 1490 1652 ab
1518 1599 1639 1668 ejus
1669 1610 1884 1664 natura,
1923 1610 1981 1656 ut
2009 1604 2112 1659 hoc
2138 1606 2218 1661 illi

645 1684 949 1736 conveniat.
1005 1682 1325 1742 Existimavi
1377 1705 1506 1759 ergo
1553 1707 1677 1746 esse
1726 1693 1930 1764 aliquid
1984 1699 2128 1766 quod
2167 1701 2217 1754 ei

643 1773 960 1839 cocxsistat,
1012 1775 1219 1830 dictum
1271 1781 1535 1845 materia;
1576 1797 1643 1837 ex
1697 1799 1802 1853 qua
1838 1787 2070 1855 sapienti
2102 1798 2220 1846 arte

642 1861 961 1921 discernens
994 1880 1059 1920 ac
1079 1867 1306 1936 pulchre
1337 1885 1630 1937 exornans,
1656 1889 1743 1929 res
1773 1877 2110 1946 condiderit;
2149 1898 2216 1939 ex

2329 696 2419 747 τὸν
2449 696 2580 751 Θεὸν
2611 697 2814 751 τούτων
2841 699 3019 766 λέγειν
3051 696 3189 754 εἶναι
3222 701 3569 773 δημιουργὸν,
3597 704 3686 758 τὸν
3717 704 3875 759 ταῦτα

2329 788 2756 859 παραιτούμενον
2776 808 2790 855 ;
2810 791 2942 844 Οὐδὲ
2965 791 3074 863 γὰρ
3100 791 3164 844 ἂν
3194 792 3439 846 ἐϐούλετο
3470 795 3546 863 μὴ
3574 791 3710 846 εἶναι
3729 796 3871 859 αὐτὰ,

2327 883 2374 934 εί
2401 882 2613 952 πρῶτος
2642 883 2822 936 αὐτῶν
2853 884 3078 956 ποιητὴς
3107 886 3349 957 ὑπῆρχεν
3389 886 3568 949 αὐτός.
3615 888 3749 950 Teii;
3778 889 3876 957 γὰρ

2328 975 2650 1044 προσιόντας
2669 974 2817 1045 αὑτῷ
2839 977 3080 1045 μιμητὰς
3096 977 3261 1030 αὐτοῦ
3285 978 3528 1047 γίνεσθαι
3549 973 3709 1030 θέλει.
3729 977 3877 1031 Ὅθεν

2326 1065 2518 1133 ἀλογον
2549 1065 2724 1132 ἔδοξεν
2750 1064 2885 1120 εἷναί
2921 1086 3013 1138 μοι
3058 1069 3226 1122 ταῦτα
3267 1069 3708 1140 προσάπτειντῷ
3747 1069 3875 1141 Θεῷ,

2324 1159 2358 1228 ἢ
2383 1158 2458 1222 ὡς
2483 1160 2538 1224 ἐξ
2570 1159 2733 1212 αὑτοῦ
2760 1162 3110 1228 γεγονότι...
3139 1164 3186 1215 εἰ
3213 1163 3306 1216 καὶ
3330 1163 3401 1216 τὰ
3431 1163 3662 1233 μάλιστα
3691 1180 3880 1232 συγχω-

2327 1249 2490 1319 ρῆσαι
2521 1250 2619 1314 δεῖ,
2651 1249 2710 1314 ἐξ
2734 1252 2832 1304 οὐκ
2852 1251 3019 1305 ὄντων
3039 1253 3258 1306 δυνατὸν
3279 1249 3418 1307 εἴναί
3439 1272 3491 1307 τι
3514 1255 3774 1322 γίνεσθαι,
3803 1256 3880 1308 ὅτι

2325 1341 2416 1393 καὶ
2443 1339 2510 1393 τὰ
2542 1342 2687 1395 κακά
2733 1344 2986 1414 ἐποίησεν
3034 1346 3193 1410 αὑτός
3213 1363 3226 1375 ·
3267 1347 3296 1399 ὀ
3331 1346 3440 1418 γὰρ
3465 1348 3530 1398 ἐκ
3557 1344 3649 1398 τοῦ
3689 1346 3787 1398 οὐκ
3813 1341 3882 1397 εί-

2323 1447 2410 1482 ναι
2441 1432 2520 1494 είς
2551 1431 2612 1484 τὸ
2649 1429 2786 1485 εἶναι
2815 1434 2953 1486 αὑτά
2986 1439 3218 1505 ποιήσας
3258 1437 3359 1489 οὐκ
3405 1435 3474 1489 ἀν
3515 1437 3580 1488 ἐκ
3623 1434 3723 1487 τοῦ
3754 1430 3883 1487 εἷναι

2324 1523 2402 1583 είς
2425 1522 2485 1574 τὸ
2520 1524 2716 1593 μηκέτι
2746 1521 2882 1578 εἶναι
2915 1528 3072 1581 αύτά.
3105 1528 3274 1581 Πάλιν
3319 1528 3378 1580 τέ
3425 1545 3527 1580 που
3560 1527 3773 1598 ἀνάγκη
3805 1528 3886 1581 λέ-

2323 1628 2460 1680 γειν,
2493 1615 2569 1676 ὼς
2597 1611 2664 1685 ἦν
2698 1633 2826 1668 ποτε
2872 1619 3081 1689 καιρὸς,
3124 1619 3211 1672 ὅτε
3250 1622 3362 1683 τοῖς
3400 1622 3589 1683 κακοῖς
3617 1620 3830 1692 ἔχαιρεν
3859 1621 3886 1673 ὁ

2324 1705 2473 1767 Θεός’
2526 1707 2622 1761 νῦν
2652 1708 2709 1761 δέ
2753 1711 2852 1762 οὐκ
2891 1708 3025 1765 ἐστι.
3076 1713 3276 1784 Διόπερ
3320 1714 3580 1767 ἀδύνατον
3620 1709 3762 1767 εἷναί
3803 1731 3887 1784 μοι

2322 1795 2468 1848 δοκεῖ
2493 1795 2674 1864 λέγειν
2722 1798 2880 1852 τοῦτο
2921 1802 3049 1872 περὶ
3089 1801 3246 1856 Θεοῦ.
3302 1802 3591 1856 Ἀνοίκειον
3635 1805 3748 1875 γὰρ
3794 1804 3888 1875 τῆς

2325 1886 2538 1956 φύσεως
2593 1888 2756 1943 αὑτοῦ
2799 1891 2957 1944 τοῦτο
3010 1894 3408 1964 προσαρμόζειν
3465 1894 3633 1965 αὐτῷ.
3697 1895 3889 1966 Διόπερ

639 1974 747 2028 qua
782 1969 836 2015 et
877 1961 1019 2014 mala
1046 1961 1299 2017 videntur
1352 1973 1491 2021 orta.
1523 1967 1662 2022 Cum
1701 1969 1846 2024 enim
1884 1972 1976 2026 illa
2004 1981 2058 2028 et
2093 1975 2204 2052 sine

2316 1979 2461 2044 ἔδοξέ
2490 1980 2602 2051 (12)
2635 1999 2724 2052 μοι
2759 1961 3124 2054 συνυπάρχειν
3148 1961 3200 2037 τι
3230 1961 3379 2057 αὐτῷ
3410 1979 3454 2053 ᾧ
3482 1961 3721 2056 τοῦνομα
3751 1961 3887 2053 ὕλη,

639 2050 903 2116 qualitate
931 2059 986 2106 et
1011 2051 1259 2110 informis
1282 2057 1608 2127 exsisteret;
1638 2061 1704 2115 ad
1731 2061 1847 2117 haec
1875 2080 2023 2130 vero,
2050 2050 2213 2124 etiam

639 2138 944 2194 inordinate
979 2140 1213 2198 ferretur
1248 2143 1450 2216 Deique
1482 2156 1599 2204 arte
1650 2151 1934 2223 indigeret,
1969 2172 2081 2212 non
2122 2160 2212 2215 in-

638 2230 776 2284 vidit
820 2231 967 2301 ipse,
999 2249 1174 2304 neque
1220 2237 1293 2291 ita
1325 2254 1539 2310 semper
1595 2246 1843 2313 permisit
1899 2247 2062 2314 l‘erri,
2115 2253 2213 2307 sed

638 2322 923 2379 elaborare
961 2328 1146 2397 cmpit,
1179 2329 1491 2401 optimaque
1536 2333 1607 2388 ab
1654 2336 1774 2404 ejus
1824 2340 2076 2406 pessimis
2126 2359 2213 2398 se-

638 2429 864 2471 cernere
917 2418 1121 2485 voluit;
1175 2428 1338 2490 atque
1403 2423 1500 2486 ita,
1553 2441 1892 2498 quaecunque
1927 2429 2096 2486 Deum
2145 2450 2212 2490 ex

635 2503 728 2558 illa
780 2519 1071 2575 procreare
1131 2508 1391 2573 decebat,
1453 2514 1811 2580 procreavit;
1875 2533 2213 2591 quaecunque

633 2611 799 2660 vero,
867 2605 928 2652 ut
986 2599 1152 2654 verbo
1213 2598 1413 2668 dicam,
1473 2602 1664 2657 habuit
1717 2605 2043 2675 faeculenta,
2113 2627 2212 2667 ceu

633 2688 816 2758 inepta
837 2688 1074 2759 opiﬁcio,
1103 2692 1284 2760 qualia
1317 2701 1496 2758 erant,
1538 2697 1674 2751 nihil
1703 2699 1803 2767 ipsi
1844 2702 2019 2766 utilia,
2052 2705 2209 2760 dere-

633 2779 795 2847 liquit
838 2798 851 2833 :
892 2796 957 2835 ex
1001 2781 1201 2851 quibus
1247 2783 1409 2838 modo
1439 2787 1582 2855 apud
1630 2787 1882 2846 homines
1931 2795 2072 2847 mala
2125 2797 2210 2850 in—

632 2869 800 2926 ﬂuere
832 2873 944 2943 (ll)
974 2873 1232 2930 arbitror.
1269 2874 1359 2930 Sic
1386 2877 1524 2932 bene
1553 2879 1726 2934 visum
1756 2890 1840 2937 est
1869 2885 2090 2939 sentire.
2127 2885 2208 2941 Tu

630 2976 797 3026 vero,
859 2965 1066 3031 amice,
1140 2969 1186 3021 si
1238 2969 1370 3038 quid
1432 2971 1615 3026 minus
1680 2957 1828 3029 recte
1884 2976 2088 3031 dictum
2126 2979 2211 3032 vi—

630 3054 844 3120 deatur,
880 3074 1180 3129 suggerens
1215 3062 1470 3132 loquere;
1531 3066 1691 3134 plane
1739 3068 1884 3122 enim
1915 3085 1980 3124 ea
2021 3074 2211 3129 audire

629 3148 919 3206 desidero;

2318 2072 2376 2138 ἐξ
2408 2068 2476 2143 ἦς
2507 2073 2575 2126 τὰ
2603 2074 2731 2126 ὄντα
2759 2073 3154 2146 ἐδημιούργησε
3173 2116 3188 2140 ,
3219 2075 3386 2149 τέχνῃ
3419 2079 3556 2147 σοφῇ
3585 2076 3888 2150 διακρίνας,

2318 2165 2413 2219 καὶ
2459 2166 2830 2238 διακοσμήσας
2874 2167 3076 2231 καλῶς,
3121 2164 3181 2233 ἐξ
3227 2163 3296 2241 ἦς
3327 2170 3422 2222 καὶ
3461 2170 3530 2222 τὰ
3563 2171 3714 2224 κακά
3755 2169 3889 2224 εἶναι

2316 2257 2483 2312 δοκεῖ.
2519 2259 2735 2311 Ἀποίου
2757 2276 2815 2311 τε
2840 2259 2949 2330 γὰρ
2981 2260 3074 2314 καὶ
3091 2261 3498 2331 ἀσχηματίστου
3520 2261 3684 2330 οὔσης
3703 2263 3890 2332 αὐτῆς,

2319 2348 2455 2420 πρὸς
2476 2348 2532 2402 δὲ
2571 2349 2781 2414 τούτοις
2801 2351 2894 2404 καὶ
2921 2341 3182 2416 ἀτάκτως
3200 2353 3526 2426 φερομένης,
3549 2354 3812 2424 δεομένης
3833 2369 3892 2405 τε

2315 2443 2414 2512 τῆς
2439 2441 2531 2494 τοῦ
2561 2442 2697 2496 Θεοῦ
2735 2443 2950 2514 τέχνης,
2986 2444 3404 2524 ούκέφθόνησεν
3435 2437 3610 2508 οὗτος,
3645 2443 3773 2496 οὔτε
3807 2444 3892 2497 διά

2312 2535 2514 2597 παντὸς
2562 2536 2851 2589 κατέλιπεν
2884 2537 3052 2609 αὐτὴν
3094 2537 3237 2592 οὕτω
3283 2537 3563 2609 φέρεσθαι,
3608 2537 3748 2591 ἀλλά
3797 2537 3890 2607 δη-

2315 2628 2592 2694 μιουργεῖν
2633 2626 2848 2696 ἤρχετο,
2881 2627 2974 2679 καὶ
3018 2627 3126 2680 ἀπὸ
3152 2626 3259 2679 τῶν
3301 2628 3587 2698 χειρίστων
3619 2627 3794 2695 αὐτῆς
3827 2626 3894 2680 τά

2311 2714 2572 2768 κάλλιστα
2595 2715 2897 2784 διακρίνειν
2920 2718 3098 2787 ἤθελε⁸
3123 2718 3217 2770 καὶ
3240 2716 3412 2780 οὕτως
3434 2716 3890 2787 ἐδημιούργησεν,

2311 2805 2409 2858 ὅσα
2445 2804 2503 2868 ἐξ
2551 2806 2724 2875 αὐτῆς
2755 2808 2962 2878 ἥρμοζε
3008 2809 3127 2879 Θεῷ
3172 2808 3522 2879 δημιουργεῖν
3547 2825 3560 2838 ’
3595 2809 3663 2861 τὰ
3714 2809 3759 2860 δ’
3790 2809 3890 2861 ὅσα

2314 2896 2373 2962 ἐξ
2399 2896 2568 2966 αὐτῆς
2595 2898 2698 2965 (ὡς
2721 2898 2849 2960 ἔπος
2881 2899 3095 2968 εἰπεῖν,)
3118 2899 3367 2970 τρυγώδη
3384 2900 3667 2969 ἐτύγχανε,
3694 2899 3891 2963 ταῦτα,

2312 2987 2630 3058 ἀνάρμοστα
2664 2988 2793 3041 ὄντα
2836 2990 2972 3060 πρὸς
3009 2989 3390 3060 δημιουργίαν,
3427 2990 3504 3052 ὡς
3549 2985 3682 3059 εἶχε,
3731 2989 3896 3042 κατέ-

2310 3078 2456 3143 λιπε,
2482 3081 2601 3133 κατ’
2634 3080 2785 3133 οὐδὲν
2823 3081 2973 3152 αὐτῷ
3012 3083 3356 3152 προσήκοντα
3376 3097 3390 3111 ο
3425 3080 3484 3146 ἐξ
3517 3075 3588 3133 ὧν
3615 3081 3768 3134 δοκεί
3804 3098 3894 3151 μοι

2315 3169 2409 3222 νῦν
2450 3171 2599 3241 παρά
2631 3171 2939 3243 ἀνθρώποις
2979 3174 3225 3243 ἐπαίρειν
3256 3173 3322 3226 τὰ
3357 3173 3503 3227 κακά
3527 3174 3659 3244 (15).
3703 3174 3894 3235 Οὕτως

630 3244 777 3310 ἕδοξέ
805 3264 896 3315 μοι
923 3241 981 3299 εὖ
1006 3246 1148 3315 ἔχειν
1176 3252 1408 3317 φρονεῖν.
1439 3252 1510 3304 Σὺ
1536 3253 1615 3316 δέ,
1647 3249 1691 3306 ὦ
1723 3256 1862 3324 φίλε,
1890 3257 1944 3309 εῐ
1967 3258 2087 3311 τινά
2116 3277 2195 3313 σοι
2241 3263 2388 3317 δοκεί
2448 3268 2522 3338 μὴ
2548 3241 3006 3338 καλῶςήείρῆσθαι
3033 3241 3167 3340 πρδς
3203 3267 3359 3338 ἐμοῦ,
3428 3241 3716 3339 ἀναφέρων
3740 3270 3892 3337 λέγε,

629 3342 726 3392 καί
759 3341 898 3392 πάνυ
925 3341 1052 3410 περὶ
1077 3341 1280 3396 τούτων
1303 3343 1518 3399 ἀκούειν
1545 3347 1716 3403 ποθῶ.

702 3429 911 3485 ORTH.
947 3431 1209 3502 Equidem
1241 3445 1516 3505 acceptam
1552 3438 1746 3507 habeo,
1772 3441 1965 3506 amice,
2008 3444 2204 3499 alacri-

2387 3445 2624 3502 ΟΡΘΟΔ.
2656 3445 2765 3518 Τὴν
2796 3447 2893 3517 μὲν
2919 3447 3228 3518 προθυμίαν
3266 3449 3597 3520 ἀποδέχομαι
3625 3450 3728 3522 τὴν
3767 3453 3892 3523 σὴν,

627 3531 792 3578 tatem
820 3531 987 3585 tuam,
1007 3525 1354 3595 studiumque
1386 3529 1517 3584 illud
1555 3540 1705 3587 tuum
1728 3537 1872 3590 circa
1901 3536 2202 3593 doctrinam

630 3614 811 3668 laudo.
844 3615 998 3680 Quod
1025 3632 1188 3685 porro
1224 3618 1293 3670 ita
1317 3619 1382 3673 de
1413 3621 1577 3676 rebus
1610 3626 1971 3691 existimasti,
2024 3640 2083 3683 ut
2111 3647 2204 3686 cas

631 3704 774 3761 Deus
799 3723 866 3761 ex
894 3709 1203 3777 prtejacenti
1236 3712 1412 3781 aliqua
1438 3714 1744 3771 substantia
1771 3721 2060 3785 creaverit,
2094 3740 2202 3778 non

628 3812 856 3866 prorsus
883 3801 1340 3869 reprehenderim.
1401 3804 1612 3862 Revera
1643 3810 1786 3862 enim
1823 3811 1898 3864 ita
1929 3811 2111 3878 habet,
2144 3824 2203 3869 ut

626 3897 781 3945 ortus
809 3891 1098 3957 malorum,
1123 3894 1177 3948 in
1201 3894 1253 3946 id
1277 3912 1471 3951 sensus
1507 3900 1711 3954 multos
1751 3902 2049 3971 impulerit.
2079 3905 2206 3961 Ete-

626 3980 740 4033 nim
787 3989 913 4037 ante
970 3985 1184 4049 ambos,
1219 3987 1320 4040 viri
1373 3988 1556 4057 plures
1607 3992 1892 4048 sulIicienti
1929 3996 2197 4064 doctrina,

625 4074 919 4128 maximam
959 4091 1021 4130 ea
1073 4078 1140 4132 de
1189 4094 1247 4133 re
1279 4082 1632 4149 quaestionem
1672 4096 1976 4141 moverunt.
2013 4080 2202 4161 'Atquc

625 4165 718 4219 alii
744 4168 963 4236 quidem
987 4209 1001 4233 ,
1032 4171 1127 4224 tibi
1163 4170 1362 4226 similia
1390 4175 1875 4245 existimaverunt;
1936 4181 2025 4234 alii
2070 4198 2200 4237 vero

624 4254 816 4319 Deum,
846 4273 1036 4311 eorum
1066 4269 1341 4316 auctorem
1380 4265 1824 4331 pronuntiarunt,
1861 4282 2097 4323 comvam
2148 4271 2200 4326 ei

623 4349 985 4403 substantiam
1037 4353 1319 4423 assignare
1377 4356 1582 4410 veriti:
1634 4357 1711 4410 illi
1768 4368 1992 4422 contra,
2052 4364 2196 4432 quod

623 4438 793 4493 Deum
823 4441 1090 4494 malorum
1118 4450 1394 4497 auctorem
1430 4446 1609 4500 dicere
1636 4459 1972 4514 vererentur,
2001 4466 2201 4507 conce-

624 4532 856 4585 dendam
890 4544 1147 4601 putarunt
1172 4539 1452 4591 materiam
1480 4555 1736 4593 coazvam.
1780 4541 2017 4613 Contigit
2042 4560 2194 4610 vero,

623 4634 684 4678 ut
706 4624 885 4678 neutri
921 4629 1220 4680 secundum
1250 4631 1362 4682 veri
1404 4631 1684 4686 scientiam
1715 4633 1884 4688 Deum
1919 4637 2194 4702 timentes,

624 4718 763 4771 bene
801 4714 1060 4769 dixerint.
1115 4718 1220 4770 Alii
1267 4729 1482 4786 autem,
1541 4725 1812 4797 principio
1876 4727 2075 4793 etiam,
2129 4728 2197 4782 de

2313 3534 2358 3592 ὦ
2396 3539 2533 3608 φίλε,
2570 3540 2663 3591 καὶ
2687 3538 2780 3592 σοῦ
2809 3540 2938 3611 περὶ
2960 3542 3050 3593 τὸν
3080 3542 3235 3609 λόγον
3267 3543 3498 3612 σπουδὴν
3523 3545 3755 3597 ἐπαινῶο
3785 3547 3815 3598 δ
3836 3547 3893 3600 δὲ

2313 3633 2440 3704 περὶ
2466 3632 2572 3684 τῶν
2597 3632 2763 3685 ὄντων
2791 3631 2936 3685 οὕτω
2966 3633 3228 3704 διετέθης,
3260 3633 3335 3697 ὡς
3357 3635 3464 3706 ἄρα
3499 3635 3558 3697 ἐξ
3587 3638 3895 3708 ὑποκειμέ-

2311 3738 2406 3789 νης
2450 3721 2591 3783 τινὸς
2633 3721 2817 3784 οὐσίας
2853 3721 3026 3775 ταῦτα
3074 3723 3503 3793 ἐδημιούργησεν
3547 3725 3576 3774 ὁ
3621 3724 3784 3789 Θεὸς,
3826 3729 3889 3780 οὐ

2311 3812 2448 3864 πάνυ
2488 3829 2539 3864 τι
2584 3811 2889 3882 μέμφομαι.
2948 3813 3034 3876 Ὠς
3067 3813 3281 3883 ἀληθῶς
3325 3813 3434 3882 γάρ
3473 3815 3506 3884 ἡ
3543 3813 3650 3867 τῶν
3695 3818 3892 3870 κακῶν

2309 3901 2520 3967 γένεσις
2547 3903 2671 3964 τοὺς
2699 3902 2922 3966 πολλοὺς
2945 3903 3254 3974 διατεθῆναι
3289 3907 3452 3956 ποιεῖ.
3486 3905 3595 3957 Καὶ
3628 3906 3742 3976 γάρ
3778 3909 3890 3979 πρὸ

2310 3993 2402 4045 σοῦ
2431 4010 2486 4045 τε
2522 3993 2612 4046 καὶ
2641 3994 2774 4064 ἐμοῦ
2809 3995 2990 4048 πολλοί
3016 4013 3159 4058 τινες
3181 3997 3366 4066 ἄνδρες
3397 3998 3568 4048 ἱκανοὶ
3601 4002 3732 4070 περὶ
3762 4002 3890 4053 τού-

2304 4103 2397 4138 του
2441 4087 2539 4158 τὴν
2576 4087 2838 4158 μεγίστην
2883 4088 3105 4160 ζήτησιν
3151 4089 3490 4158 ἐποιήσαντο.
3535 4091 3641 4143 Καὶ
3683 4095 3737 4146 οἱ
3783 4095 3887 4164 μὲν

2306 4179 2504 4248 ὁμοίως
2531 4178 2844 4249 διετέθησάν
2875 4197 2990 4232 σοι·
3021 4183 3068 4233 οἱ
3111 4181 3157 4234 δ’
3184 4176 3249 4232 αὖ
3283 4181 3442 4233 πάλιν
3469 4183 3558 4235 τὸν
3585 4184 3720 4237 Θεὸν
3760 4187 3888 4239 τού-

2305 4284 2412 4318 των
2451 4267 2779 4339 δημιουργὸν
2820 4271 3184 4341 ἀπεφήναντο,
3225 4268 3516 4339 σύγχρονον
3560 4274 3708 4344 αὑτῷ
3744 4277 3885 4328 ὑπό-

2307 4375 2492 4412 στασιν
2537 4358 2716 4411 δοῦναι
2757 4360 3157 4431 πεφοϐημένον
3186 4363 3448 4423 κάκεῖνοι,
3487 4363 3551 4415 ἐκ
3581 4366 3673 4417 τοῦ
3707 4368 3887 4437 r9061}-

2307 4448 2461 4519 θῆναι
2493 4451 2600 4503 τῶν
2642 4452 2826 4505 κακῶν
2865 4453 3094 4524 ποιητὴν
3129 4455 3302 4505 εἰπεῖν
3338 4453 3427 4506 τον
3455 4455 3607 4518 Θεὸν,
3643 4459 3886 4530 σύγχρο-

2304 4558 2392 4593 νον
2421 4541 2568 4611 αύτῷ
2595 4541 2776 4594 δοῦναι
2807 4541 2905 4613 τὴν
2940 4543 3073 4615 ὓλην
3095 4542 3296 4607 ἔδοξαν.
3324 4545 3433 4598 Καὶ
3470 4549 3663 4618 συνέϐη
3691 4551 3884 4620 ἄμφο-

2303 4629 2498 4701 τέροις,
2549 4634 2614 4684 ἐκ
2668 4631 2763 4684 τοῦ
2823 4633 2897 4704 μὴ
2952 4638 3074 4688 κατ’
3132 4637 3439 4705 ἐπιστήμην
3495 4636 3588 4688 τοῦ
3641 4639 3884 4711 ἀληθοῦς

2305 4722 2605 4792 φοϐηθῆναι
2635 4723 2726 4775 τὸν
2751 4723 2902 4788 Θεὸν,
2933 4726 2993 4777 τὺ
3023 4725 3098 4797 μὴ
3131 4725 3309 4788 καλῶς
3341 4728 3536 4778 εἰπεῖν.
3573 4729 3788 4800 ’Ἑτεροι
3825 4734 3885 4786 δὲ

622 4823 686 4862 ea
736 4824 796 4863 re
839 4808 1190 4878 quaestionem
1243 4813 1519 4868 vitandam
1577 4817 1882 4882 duxerunt,
1930 4821 2078 4873 velut
2132 4835 2196 4873 ea

2313 4812 2397 4880 τὴν
2417 4812 2588 4882 ἀρχὴν
2610 4814 2702 4865 καὶ
2734 4815 2858 4884 περὶ
2879 4816 2970 4868 τοῦ
2993 4817 3232 4870 τοιούτου
3257 4817 3440 4885 ζητεῖν
3468 4823 3883 4891 παρῃτήσαντο,

621 4913 730 4952 non
766 4893 992 4950 haberet
1027 4898 1207 4954 linem.
1249 4901 1514 4956 Craterum
1555 4921 1661 4960 non
1701 4910 1831 4962 sinit
1887 4912 2193 4966 communis

623 4991 877 5044 amicitia:
914 4991 1194 5055 debitum,
1231 4999 1290 5044 ut
1341 4993 1458 5063 ipse
1508 4999 1755 5061 amoiiar,
1814 5001 1905 5054 ubi
1957 5003 2192 5057 maxime

622 5080 752 5147 quid
795 5081 890 5135 tibi
932 5082 1003 5136 sit
1042 5082 1207 5136 animi
1267 5091 1323 5136 tu
1382 5085 1498 5154 ipse
1538 5091 1829 5144 annuntias
1866 5111 1878 5144 :
1911 5094 2053 5160 quod
2110 5095 2194 5147 ni—

622 5172 820 5224 mirum
891 5175 1112 5230 minime
1177 5182 1361 5230 teneat
1420 5181 1771 5250 praesumptio
1838 5184 2190 5256 (quanquam

692 5322 1149 5400 (im-Quanquam
1176 5329 1405 5382 maxime
1436 5329 1816 5385 concedendum
1847 5337 1936 5400 sit,
1966 5345 2072 5392 etc.
2098 5339 2190 5392 Vi-

619 5391 778 5476 detur
819 5391 1226 5476 lilteralminus
1258 5415 1390 5453 sana
1419 5420 1431 5454 :
1470 5401 1576 5476 nisi
1610 5403 1686 5476 sit
1720 5407 1858 5458 ratio
1894 5391 2183 5476 peculiaris

619 5465 804 5517 clausa
831 5465 1160 5546 parenthesi,
1190 5485 1221 5522 a
1244 5486 1349 5540 qua
1378 5473 1562 5546 statim
1597 5473 1784 5546 redeat
1809 5477 1871 5528 ad
1896 5465 2180 5546 'probatio-

620 5550 741 5607 nem
769 5536 1059 5602 praemissae
1090 5536 1422 5607 illius,'quod
1451 5543 1588 5594 mala
1613 5559 1722 5596 non
1757 5536 1986 5601 debeant
2012 5551 2178 5604 tribui

620 5604 730 5656 Deo
761 5614 818 5689 ut
851 5607 1088 5689 auctori;
1112 5611 1206 5689 qui
1235 5604 1350 5678 ipse
1379 5622 1568 5666 auctor
1595 5615 1882 5689 exsistens,
1918 5635 2022 5671 non
2056 5637 2178 5689 age-

620 5683 700 5725 ret
745 5677 810 5755 ad
862 5677 1128 5756 malorum
1177 5677 1904 5756 deStruptionem._Voluerit
1937 5677 2183 5756 crgofad

621 5765 722 5796 am
755 5745 1116 5810 incommoda,
1154 5765 1326 5819 neque
1358 5753 1456 5806 hoc
1499 5753 1677 5816 vitari,
1735 5764 1791 5807 ut
1836 5773 1902 5808 ne
1934 5745 2184 5814 dicantur

621 5825 758 5869 mala
792 5833 869 5888 ex_
901 5819 1089 5881 nihilo,
1133 5823 1177 5873 si
1215 5822 1430 5888 quidem
1464 5823 1606 5878 Deus
1640 5833 1720 5878 est
1750 5841 1936 5880 eorum
1974 5840 2180 5883 auctor.

691 5889 799 5953 (tl)
845 5885 1088 5952 Inﬂuerc.
1136 5885 1424 5962 Ἑπὶρρεῐν.
1463 5894 1551 5948 Sic
1585 5895 1810 5951 Photius
1840 5918 1848 5951 :
1884 5916 1981 5953 vox
2015 5902 2181 5971 aptis-

2299 4901 2374 4965 ὡς
2401 4903 2500 4954 οὐκ
2533 4903 2747 4972 ἔχοντος
2782 4906 2935 4970 τέλος
2963 4907 3059 4959 τοῦ
3084 4906 3324 4968 τοιούτου
3361 4907 3684 4978 ζητήματος.
3739 4916 3880 4986 Ἐμὲ

2300 4997 2356 5048 δὲ
2385 4997 2452 5049 τὰ
2481 4998 2632 5051 κοινά
2659 5000 2758 5068 τῆς
2791 5001 2926 5070 πρὸς
2961 5001 3019 5051 σὲ
3051 5000 3232 5068 φιλίας
3260 5001 3636 5070 παραιτεῖσθαι
3671 5005 3734 5056 τὸ
3779 5009 3883 5076 ζη-

2299 5088 2558 5157 τούμενον
2605 5091 2704 5142 οὐκ
2740 5091 2825 5160 ἐᾷ,
2878 5090 2972 5142 καὶ
3017 5089 3250 5158 μάλιστα
3290 5090 3376 5141 ὅτε
3421 5089 3518 5161 τὴν
3548 5095 3876 5164 προαίρεσιν

2299 5182 2658 5251 ἀπαγγέλλεις
2684 5185 2780 5254 τὴν
2813 5185 2941 5254 σήν·
2983 5183 3058 5244 ὡς
3105 5184 3166 5234 οὐ
3201 5183 3464 5253 προλήψει
3503 5187 3880 5257 κρατούμενος

2296 5339 2456 5403 sima,
2489 5340 2859 5409 significanda
2886 5337 2959 5392 illi
2997 5339 3051 5392 in
3085 5355 3254 5408 genus
3287 5340 3579 5397 humanum
3609 5345 3758 5397 velut
3792 5348 3881 5398 in-

2291 5413 2522 5464 vectioni
2559 5413 2844 5471 malorum,
2881 5425 2945 5462 ex
2975 5410 3296 5478 contagione
3329 5417 3580 5467 materiae.
3607 5415 3679 5467 Τὸ
3711 5419 3880 5468 ἐπαί-

2291 5497 2425 5549 ρειν,
2457 5478 2668 5534 videtur
2698 5481 3053 5535 mendosum:
3081 5481 3186 5534 nisi
3218 5482 3309 5547 sit,
3344 5485 3494 5550 oriri,
3522 5487 3720 5550 enasci,
3754 5505 3880 5538 sur-

2285 5567 2447 5633 gere.“
2526 5623 2537 5633 Α
2598 5622 2607 5633 ι
2761 5621 2821 5633 η
2887 5618 2927 5633 η
3049 5620 3062 5633 ⁸
3122 5620 3135 5633 _
3391 5623 3405 5633 _
3456 5621 3509 5633 Ν
3575 5625 3604 5633 γ-

2359 5622 2471 5688 (12)
2510 5622 2720 5688 Διόπερ
2752 5621 2839 5674 ἕδ.
2871 5618 3010 5692 ξιιωε
3049 5620 3217 5675 habes
3265 5623 3407 5692 apud
3451 5621 3700 5676 Phulium
3733 5627 3871 5680 cod.

2291 5707 2540 5750 ccxxxvl,
2574 5693 2674 5746 sub
2709 5694 2824 5743 init.
2857 5689 3024 5743 GAEL.

2367 5762 2586 5827 (15)Τὰ
2626 5761 2799 5813 κακά.
2856 5761 2971 5813 lluc
3033 5775 3199 5828 usque
3253 5763 3484 5830 primum
3529 5761 3872 5821 Photianum

2293 5845 2643 5904 excerptum,
2676 5834 2762 5885 ubi
2799 5840 2982 5904 tamen
3009 5831 3331 5904 ita-elicitur
3361 5834 3444 5888 hic
3474 5833 3627 5890 locus
3654 5853 3667 5889 ι
3699 5836 3763 5904 ἐξ
3790 5831 3874 5891 ὧν

2291 5904 2434 5954 δοκεῖ
2462 5921 2548 5972 μοι
2585 5901 2676 5955 νῦν
2707 5903 2951 5972 ἐπιρρεῖν
2979 5901 3045 5954 τὰ
3073 5902 3235 5957 κακά.
3267 5902 3342 5958 ID.
