  <div class='ocr_page' id='page_1' title='image "/cluster/home/n/w/nwhite01/storage/ocr_20150623/18/pst.000005712038/132.png"; bbox 0 0 4028 6318; ppageno 0'>
   <div class='ocr_carea' id='block_1_1' title="bbox 139 480 1697 569">
    <p class='ocr_par' dir='ltr' id='par_1_1' title="bbox 139 489 1697 569">
     <span class='ocr_line' id='line_1_1' title="bbox 139 489 1697 569; baseline -0.011 -9"><span class='ocrx_word' id='word_1_1' title='bbox 139 510 219 569; x_wconf 65' lang='lat'><strong>£59</strong></span> <span class='ocrx_word' id='word_1_2' title='bbox 1269 492 1396 548; x_wconf 86' lang='lat' dir='ltr'><strong>LIB.</strong></span> <span class='ocrx_word' id='word_1_3' title='bbox 1436 490 1526 546; x_wconf 81' lang='lat' dir='ltr'><strong>DE</strong></span> <span class='ocrx_word' id='word_1_4' title='bbox 1564 489 1697 546; x_wconf 76' lang='lat' dir='ltr'><strong>LIB!</strong></span> 
     </span>
    </p>
   </div>
   <div class='ocr_carea' id='block_1_2' title="bbox 1804 480 2203 569">
    <p class='ocr_par' dir='ltr' id='par_1_2' title="bbox 1804 480 2203 540">
     <span class='ocr_line' id='line_1_2' title="bbox 1804 480 2203 540; baseline 0.008 -3"><span class='ocrx_word' id='word_1_5' title='bbox 1804 492 1814 537; x_wconf 66' lang='grc' dir='ltr'><strong>ι</strong></span> <span class='ocrx_word' id='word_1_6' title='bbox 1852 480 2203 540; x_wconf 68' lang='grc' dir='ltr'>ΑιιΒιτιιιο.</span> 
     </span>
    </p>
   </div>
   <div class='ocr_carea' id='block_1_3' title="bbox 3248 470 3359 527">
    <p class='ocr_par' dir='ltr' id='par_1_3' title="bbox 3248 470 3359 527">
     <span class='ocr_line' id='line_1_3' title="bbox 3248 470 3359 527; baseline 0 0"><span class='ocrx_word' id='word_1_7' title='bbox 3248 470 3359 527; x_wconf 66' lang='grc' dir='ltr'><strong>τεο</strong></span> 
     </span>
    </p>
   </div>
   <div class='ocr_carea' id='block_1_4' title="bbox 139 590 1697 696">
    <p class='ocr_par' dir='ltr' id='par_1_4' title="bbox 139 617 1676 696">
     <span class='ocr_line' id='line_1_4' title="bbox 139 617 1676 696; baseline -0.01 -12"><span class='ocrx_word' id='word_1_8' title='bbox 139 625 200 696; x_wconf 78' lang='grc' dir='ltr'>(ιι</span> <span class='ocrx_word' id='word_1_9' title='bbox 223 627 303 683; x_wconf 72' lang='grc' dir='ltr'>καὶ</span> <span class='ocrx_word' id='word_1_10' title='bbox 328 627 391 680; x_wconf 70' lang='grc' dir='ltr'>τὰ</span> <span class='ocrx_word' id='word_1_11' title='bbox 415 627 654 696; x_wconf 85' lang='grc' dir='ltr'>μάλιστα</span> <span class='ocrx_word' id='word_1_12' title='bbox 688 627 840 682; x_wconf 87' lang='grc' dir='ltr'>οὕτω</span> <span class='ocrx_word' id='word_1_13' title='bbox 877 644 994 689; x_wconf 88' lang='grc' dir='ltr'><strong>πως</strong></span> <span class='ocrx_word' id='word_1_14' title='bbox 1022 623 1082 690; x_wconf 75' lang='grc' dir='ltr'>ἐξ</span> <span class='ocrx_word' id='word_1_15' title='bbox 1111 618 1186 679; x_wconf 79' lang='grc' dir='ltr'>ὢν</span> <span class='ocrx_word' id='word_1_16' title='bbox 1211 621 1536 690; x_wconf 80' lang='grc' dir='ltr'>ὑπενόησας,</span> <span class='ocrx_word' id='word_1_17' title='bbox 1565 617 1676 670; x_wconf 74' lang='grc' dir='ltr'><strong>ἐδο-</strong></span> 
     </span>
    </p>
   </div>
   <div class='ocr_carea' id='block_1_5' title="bbox 1804 590 3360 696">
    <p class='ocr_par' dir='ltr' id='par_1_5' title="bbox 1804 590 3360 674">
     <span class='ocr_line' id='line_1_5' title="bbox 1804 590 3360 674; baseline -0.015 -8"><span class='ocrx_word' id='word_1_18' title='bbox 1804 611 2050 673; x_wconf 87' lang='lat' dir='ltr'><strong>naxime,</strong></span> <span class='ocrx_word' id='word_1_19' title='bbox 2111 624 2178 663; x_wconf 89' lang='lat' dir='ltr'><strong>ex</strong></span> <span class='ocrx_word' id='word_1_20' title='bbox 2243 606 2312 660; x_wconf 89' lang='lat' dir='ltr'><strong>iis</strong></span> <span class='ocrx_word' id='word_1_21' title='bbox 2367 617 2494 674; x_wconf 64' lang='lat' dir='ltr'><strong>quin</strong></span> <span class='ocrx_word' id='word_1_22' title='bbox 2537 596 2939 661; x_wconf 74' lang='lat' dir='ltr'><strong>considerasti,</strong></span> <span class='ocrx_word' id='word_1_23' title='bbox 2991 594 3066 648; x_wconf 81' lang='lat' dir='ltr'><strong>ita</strong></span> <span class='ocrx_word' id='word_1_24' title='bbox 3115 606 3210 647; x_wconf 86' lang='lat' dir='ltr'><strong>res</strong></span> <span class='ocrx_word' id='word_1_25' title='bbox 3252 590 3360 645; x_wconf 82' lang='lat' dir='ltr'><strong>.ha—</strong></span> 
     </span>
    </p>
   </div>
   <div class='ocr_carea' id='block_1_6' title="bbox 139 703 1675 788">
    <p class='ocr_par' dir='ltr' id='par_1_6' title="bbox 139 703 1675 788">
     <span class='ocr_line' id='line_1_6' title="bbox 139 703 1675 788; baseline -0.017 -5"><span class='ocrx_word' id='word_1_26' title='bbox 139 721 214 786; x_wconf 74' lang='grc' dir='ltr'>ξεις</span> <span class='ocrx_word' id='word_1_27' title='bbox 234 720 357 788; x_wconf 72' lang='grc' dir='ltr'>ἔχειν</span> <span class='ocrx_word' id='word_1_28' title='bbox 387 718 452 770; x_wconf 67' lang='grc' dir='ltr'>τὰ</span> <span class='ocrx_word' id='word_1_29' title='bbox 479 716 865 788; x_wconf 75' lang='grc' dir='ltr'>πράγματα),</span> <span class='ocrx_word' id='word_1_30' title='bbox 899 715 1013 769; x_wconf 79' lang='grc' dir='ltr'>ἀλλ’</span> <span class='ocrx_word' id='word_1_31' title='bbox 1049 716 1106 766; x_wconf 77' lang='grc' dir='ltr'>ἐν</span> <span class='ocrx_word' id='word_1_32' title='bbox 1152 710 1415 780; x_wconf 76' lang='grc' dir='ltr'>ἐπιθυμίᾳ</span> <span class='ocrx_word' id='word_1_33' title='bbox 1445 708 1543 777; x_wconf 81' lang='grc' dir='ltr'>τῆς</span> <span class='ocrx_word' id='word_1_34' title='bbox 1582 703 1675 758; x_wconf 81' lang='grc' dir='ltr'>τοῦ</span> 
     </span>
    </p>
   </div>
   <div class='ocr_carea' id='block_1_7' title="bbox 136 797 1678 882">
    <p class='ocr_par' dir='ltr' id='par_1_7' title="bbox 136 797 1678 882">
     <span class='ocr_line' id='line_1_7' title="bbox 136 797 1678 882; baseline -0.012 -13"><span class='ocrx_word' id='word_1_35' title='bbox 136 811 331 882; x_wconf 75' lang='grc' dir='ltr'>ἀληθοῦς</span> <span class='ocrx_word' id='word_1_36' title='bbox 369 809 621 879; x_wconf 82' lang='grc' dir='ltr'>γνώσεως</span> <span class='ocrx_word' id='word_1_37' title='bbox 665 809 1002 864; x_wconf 77' lang='grc' dir='ltr'><strong>καθεστάναι</strong></span> <span class='ocrx_word' id='word_1_38' title='bbox 1042 807 1240 876; x_wconf 85' lang='grc' dir='ltr'>λέγεις.</span> <span class='ocrx_word' id='word_1_39' title='bbox 1272 802 1433 856; x_wconf 89' lang='grc' dir='ltr'>Ὅθεν</span> <span class='ocrx_word' id='word_1_40' title='bbox 1476 797 1678 871; x_wconf 85' lang='grc' dir='ltr'>προθύ-</span> 
     </span>
    </p>
   </div>
   <div class='ocr_carea' id='block_1_8' title="bbox 139 891 1674 973">
    <p class='ocr_par' dir='ltr' id='par_1_8' title="bbox 139 891 1674 973">
     <span class='ocr_line' id='line_1_8' title="bbox 139 891 1674 973; baseline -0.008 -17"><span class='ocrx_word' id='word_1_41' title='bbox 139 922 232 973; x_wconf 83' lang='grc' dir='ltr'><strong>μως</strong></span> <span class='ocrx_word' id='word_1_42' title='bbox 258 901 399 969; x_wconf 81' lang='grc' dir='ltr'><strong>κάγὼ</strong></span> <span class='ocrx_word' id='word_1_43' title='bbox 424 902 517 954; x_wconf 73' lang='grc' dir='ltr'>ἐπὶ</span> <span class='ocrx_word' id='word_1_44' title='bbox 541 903 638 954; x_wconf 85' lang='grc' dir='ltr'><strong>τὸν</strong></span> <span class='ocrx_word' id='word_1_45' title='bbox 671 902 776 972; x_wconf 82' lang='grc' dir='ltr'><strong>τῆς</strong></span> <span class='ocrx_word' id='word_1_46' title='bbox 813 900 1091 973; x_wconf 77' lang='grc' dir='ltr'>ζητήσεως</span> <span class='ocrx_word' id='word_1_47' title='bbox 1115 895 1465 968; x_wconf 83' lang='grc' dir='ltr'>τραπήσομαι</span> <span class='ocrx_word' id='word_1_48' title='bbox 1496 891 1674 957; x_wconf 86' lang='grc' dir='ltr'>λόγον.</span> 
     </span>
    </p>
   </div>
   <div class='ocr_carea' id='block_1_9' title="bbox 136 980 1682 1064">
    <p class='ocr_par' dir='ltr' id='par_1_9' title="bbox 136 980 1682 1064">
     <span class='ocr_line' id='line_1_9' title="bbox 136 980 1682 1064; baseline -0.01 -16"><span class='ocrx_word' id='word_1_49' title='bbox 136 995 366 1064; x_wconf 74' lang='grc' dir='ltr'><strong>Βούλομαι</strong></span> <span class='ocrx_word' id='word_1_50' title='bbox 394 994 451 1046; x_wconf 79' lang='grc' dir='ltr'><strong>δὲ</strong></span> <span class='ocrx_word' id='word_1_51' title='bbox 477 994 575 1046; x_wconf 78' lang='grc' dir='ltr'>καὶ</span> <span class='ocrx_word' id='word_1_52' title='bbox 608 995 828 1046; x_wconf 73' lang='grc' dir='ltr'>τουτονὶ</span> <span class='ocrx_word' id='word_1_53' title='bbox 865 993 955 1046; x_wconf 90' lang='grc' dir='ltr'><strong>τὸν</strong></span> <span class='ocrx_word' id='word_1_54' title='bbox 985 993 1199 1061; x_wconf 79' lang='grc' dir='ltr'>ἑταῖρον</span> <span class='ocrx_word' id='word_1_55' title='bbox 1229 983 1500 1057; x_wconf 82' lang='grc' dir='ltr'>ἀκροατὴν</span> <span class='ocrx_word' id='word_1_56' title='bbox 1529 980 1682 1050; x_wconf 84' lang='grc' dir='ltr'>γενέ-</span> 
     </span>
    </p>
   </div>
   <div class='ocr_carea' id='block_1_10' title="bbox 137 1071 1683 1158">
    <p class='ocr_par' dir='ltr' id='par_1_10' title="bbox 137 1071 1683 1158">
     <span class='ocr_line' id='line_1_10' title="bbox 137 1071 1683 1158; baseline -0.011 -17"><span class='ocrx_word' id='word_1_57' title='bbox 137 1090 236 1141; x_wconf 75' lang='grc' dir='ltr'>σθαι</span> <span class='ocrx_word' id='word_1_58' title='bbox 259 1087 357 1140; x_wconf 84' lang='grc' dir='ltr'><strong>τῶν</strong></span> <span class='ocrx_word' id='word_1_59' title='bbox 384 1087 675 1158; x_wconf 74' lang='grc' dir='ltr'><strong>ἡμετέρων</strong></span> <span class='ocrx_word' id='word_1_60' title='bbox 710 1085 900 1153; x_wconf 87' lang='grc' dir='ltr'>λόγων.</span> <span class='ocrx_word' id='word_1_61' title='bbox 937 1083 1045 1136; x_wconf 77' lang='grc' dir='ltr'><strong>Καὶ</strong></span> <span class='ocrx_word' id='word_1_62' title='bbox 1076 1081 1186 1152; x_wconf 87' lang='grc' dir='ltr'>γὰρ</span> <span class='ocrx_word' id='word_1_63' title='bbox 1213 1079 1361 1132; x_wconf 84' lang='grc' dir='ltr'>δοκεῖ</span> <span class='ocrx_word' id='word_1_64' title='bbox 1389 1092 1506 1137; x_wconf 87' lang='grc' dir='ltr'><strong>πως</strong></span> <span class='ocrx_word' id='word_1_65' title='bbox 1543 1071 1683 1127; x_wconf 84' lang='grc' dir='ltr'>κατά</span> 
     </span>
    </p>
   </div>
   <div class='ocr_carea' id='block_1_11' title="bbox 135 1163 1683 1250">
    <p class='ocr_par' dir='ltr' id='par_1_11' title="bbox 135 1163 1683 1250">
     <span class='ocr_line' id='line_1_11' title="bbox 135 1163 1683 1250; baseline -0.012 -17"><span class='ocrx_word' id='word_1_66' title='bbox 135 1198 174 1233; x_wconf 84' lang='grc' dir='ltr'><strong>τι</strong></span> <span class='ocrx_word' id='word_1_67' title='bbox 201 1178 312 1250; x_wconf 78' lang='grc' dir='ltr'>περὶ</span> <span class='ocrx_word' id='word_1_68' title='bbox 352 1178 556 1230; x_wconf 80' lang='grc' dir='ltr'>τούτων</span> <span class='ocrx_word' id='word_1_69' title='bbox 587 1178 797 1248; x_wconf 82' lang='grc' dir='ltr'>ὁμοίως</span> <span class='ocrx_word' id='word_1_70' title='bbox 838 1191 920 1228; x_wconf 92' lang='grc' dir='ltr'><strong>σοι</strong></span> <span class='ocrx_word' id='word_1_71' title='bbox 949 1170 1192 1238; x_wconf 74' lang='grc' dir='ltr'><strong>δοξάζειν</strong></span> <span class='ocrx_word' id='word_1_72' title='bbox 1237 1169 1331 1224; x_wconf 80' lang='grc' dir='ltr'>καὶ</span> <span class='ocrx_word' id='word_1_73' title='bbox 1369 1165 1564 1227; x_wconf 81' lang='grc' dir='ltr'>αὑτός·</span> <span class='ocrx_word' id='word_1_74' title='bbox 1601 1163 1683 1216; x_wconf 86' lang='grc' dir='ltr'>διὸ</span> 
     </span>
    </p>
   </div>
   <div class='ocr_carea' id='block_1_12' title="bbox 137 1255 1684 1341">
    <p class='ocr_par' dir='ltr' id='par_1_12' title="bbox 137 1255 1684 1341">
     <span class='ocr_line' id='line_1_12' title="bbox 137 1255 1684 1341; baseline -0.01 -18"><span class='ocrx_word' id='word_1_75' title='bbox 137 1270 280 1323; x_wconf 78' lang='grc' dir='ltr'>κοινὸν</span> <span class='ocrx_word' id='word_1_76' title='bbox 307 1269 436 1341; x_wconf 58' lang='grc' dir='ltr'>πρὸς</span> <span class='ocrx_word' id='word_1_77' title='bbox 478 1267 833 1338; x_wconf 79' lang='grc' dir='ltr'><strong>ἀμφοτέρους</strong></span> <span class='ocrx_word' id='word_1_78' title='bbox 871 1265 963 1316; x_wconf 86' lang='grc' dir='ltr'><strong>τὸν</strong></span> <span class='ocrx_word' id='word_1_79' title='bbox 1000 1262 1157 1330; x_wconf 85' lang='grc' dir='ltr'>λόγον</span> <span class='ocrx_word' id='word_1_80' title='bbox 1199 1257 1468 1314; x_wconf 75' lang='grc' dir='ltr'>ποιεῖσθαι</span> <span class='ocrx_word' id='word_1_81' title='bbox 1502 1255 1684 1326; x_wconf 85' lang='grc' dir='ltr'>βούλο-</span> 
     </span>
    </p>
   </div>
   <div class='ocr_carea' id='block_1_13' title="bbox 139 1345 1684 1430">
    <p class='ocr_par' dir='ltr' id='par_1_13' title="bbox 139 1345 1684 1430">
     <span class='ocr_line' id='line_1_13' title="bbox 139 1345 1684 1430; baseline -0.009 -18"><span class='ocrx_word' id='word_1_82' title='bbox 139 1377 232 1430; x_wconf 74' lang='grc' dir='ltr'>μαι.</span> <span class='ocrx_word' id='word_1_83' title='bbox 257 1360 319 1411; x_wconf 82' lang='grc' dir='ltr'><strong>’Δ</strong></span> <span class='ocrx_word' id='word_1_84' title='bbox 346 1359 453 1428; x_wconf 82' lang='grc' dir='ltr'>γὰρ</span> <span class='ocrx_word' id='word_1_85' title='bbox 479 1357 545 1410; x_wconf 75' lang='grc' dir='ltr'><strong>ἀν</strong></span> <span class='ocrx_word' id='word_1_86' title='bbox 569 1356 786 1426; x_wconf 72' lang='grc' dir='ltr'>εἴποιμι</span> <span class='ocrx_word' id='word_1_87' title='bbox 811 1355 948 1427; x_wconf 87' lang='grc' dir='ltr'>πρὸς</span> <span class='ocrx_word' id='word_1_88' title='bbox 975 1353 1034 1406; x_wconf 77' lang='grc' dir='ltr'>σὲ</span> <span class='ocrx_word' id='word_1_89' title='bbox 1057 1351 1232 1414; x_wconf 90' lang='grc' dir='ltr'>οὕτως</span> <span class='ocrx_word' id='word_1_90' title='bbox 1270 1349 1459 1420; x_wconf 78' lang='grc' dir='ltr'>ἔχοντα</span> <span class='ocrx_word' id='word_1_91' title='bbox 1477 1388 1492 1412; x_wconf 88' lang='grc'><strong>,</strong></span> <span class='ocrx_word' id='word_1_92' title='bbox 1513 1345 1684 1399; x_wconf 80' lang='grc' dir='ltr'>ταῦτα</span> 
     </span>
    </p>
   </div>
   <div class='ocr_carea' id='block_1_14' title="bbox 136 1436 1685 1518">
    <p class='ocr_par' dir='ltr' id='par_1_14' title="bbox 136 1436 1685 1518">
     <span class='ocr_line' id='line_1_14' title="bbox 136 1436 1685 1518; baseline -0.006 -20"><span class='ocrx_word' id='word_1_93' title='bbox 136 1449 210 1499; x_wconf 75' lang='grc' dir='ltr'><strong>καὶ</strong></span> <span class='ocrx_word' id='word_1_94' title='bbox 238 1447 361 1518; x_wconf 84' lang='grc' dir='ltr'>πρὸς</span> <span class='ocrx_word' id='word_1_95' title='bbox 389 1445 580 1498; x_wconf 78' lang='grc' dir='ltr'>τοῦτον</span> <span class='ocrx_word' id='word_1_96' title='bbox 624 1445 830 1516; x_wconf 82' lang='grc' dir='ltr'>ὁμοίως</span> <span class='ocrx_word' id='word_1_97' title='bbox 856 1443 1012 1510; x_wconf 80' lang='grc' dir='ltr'>λέξω.</span> <span class='ocrx_word' id='word_1_98' title='bbox 1043 1441 1112 1496; x_wconf 74' lang='grc' dir='ltr'><strong>Εἴ</strong></span> <span class='ocrx_word' id='word_1_99' title='bbox 1141 1457 1225 1495; x_wconf 90' lang='grc' dir='ltr'><strong>σοι</strong></span> <span class='ocrx_word' id='word_1_100' title='bbox 1268 1439 1444 1492; x_wconf 78' lang='grc' dir='ltr'>τοίνυν</span> <span class='ocrx_word' id='word_1_101' title='bbox 1470 1436 1685 1508; x_wconf 84' lang='grc' dir='ltr'>άληθῶς</span> 
     </span>
    </p>
   </div>
   <div class='ocr_carea' id='block_1_15' title="bbox 136 1529 1686 1609">
    <p class='ocr_par' dir='ltr' id='par_1_15' title="bbox 136 1529 1686 1609">
     <span class='ocr_line' id='line_1_15' title="bbox 136 1529 1686 1609; baseline -0.005 -21"><span class='ocrx_word' id='word_1_102' title='bbox 136 1540 241 1609; x_wconf 74' lang='grc' dir='ltr'>περὶ</span> <span class='ocrx_word' id='word_1_103' title='bbox 261 1537 346 1590; x_wconf 80' lang='grc' dir='ltr'>τοῦ</span> <span class='ocrx_word' id='word_1_104' title='bbox 375 1537 694 1608; x_wconf 87' lang='grc' dir='ltr'>κρείττονος</span> <span class='ocrx_word' id='word_1_105' title='bbox 724 1537 903 1604; x_wconf 86' lang='grc' dir='ltr'>λέγειν</span> <span class='ocrx_word' id='word_1_106' title='bbox 941 1533 1297 1604; x_wconf 81' lang='grc' dir='ltr'>εὐγνωμόνως</span> <span class='ocrx_word' id='word_1_107' title='bbox 1340 1530 1503 1594; x_wconf 85' lang='grc' dir='ltr'>δοκῶ,</span> <span class='ocrx_word' id='word_1_108' title='bbox 1547 1529 1686 1600; x_wconf 86' lang='grc' dir='ltr'>πρὸς</span> 
     </span>
    </p>
   </div>
   <div class='ocr_carea' id='block_1_16' title="bbox 136 1621 1687 1700">
    <p class='ocr_par' dir='ltr' id='par_1_16' title="bbox 136 1621 1687 1700">
     <span class='ocr_line' id='line_1_16' title="bbox 136 1621 1687 1700; baseline -0.006 -17"><span class='ocrx_word' id='word_1_109' title='bbox 136 1630 325 1683; x_wconf 67' lang='grc' dir='ltr'>ἑκαστον</span> <span class='ocrx_word' id='word_1_110' title='bbox 356 1630 659 1700; x_wconf 80' lang='grc' dir='ltr'>ἀπόκριναι</span> <span class='ocrx_word' id='word_1_111' title='bbox 690 1621 765 1681; x_wconf 77' lang='grc' dir='ltr'>ὧν</span> <span class='ocrx_word' id='word_1_112' title='bbox 795 1626 1016 1697; x_wconf 72' lang='grc' dir='ltr'>ὲρωτῶο</span> <span class='ocrx_word' id='word_1_113' title='bbox 1051 1628 1115 1679; x_wconf 85' lang='grc' dir='ltr'>ὲκ</span> <span class='ocrx_word' id='word_1_114' title='bbox 1137 1624 1249 1696; x_wconf 99' lang='lat'><strong>7&amp;9</strong></span> <span class='ocrx_word' id='word_1_115' title='bbox 1280 1623 1484 1676; x_wconf 86' lang='grc' dir='ltr'>τούτων</span> <span class='ocrx_word' id='word_1_116' title='bbox 1518 1623 1687 1692; x_wconf 78' lang='grc' dir='ltr'>γενή-</span> 
     </span>
    </p>
   </div>
   <div class='ocr_carea' id='block_1_17' title="bbox 138 1715 1716 1806">
    <p class='ocr_par' dir='ltr' id='par_1_17' title="bbox 138 1715 1716 1806">
     <span class='ocr_line' id='line_1_17' title="bbox 138 1715 1716 1806; baseline -0.004 -32"><span class='ocrx_word' id='word_1_117' title='bbox 138 1737 260 1774; x_wconf 79' lang='grc' dir='ltr'>σεται</span> <span class='ocrx_word' id='word_1_118' title='bbox 293 1723 384 1774; x_wconf 73' lang='grc' dir='ltr'><strong>καὶ</strong></span> <span class='ocrx_word' id='word_1_119' title='bbox 418 1722 478 1773; x_wconf 82' lang='grc' dir='ltr'>σὲ</span> <span class='ocrx_word' id='word_1_120' title='bbox 509 1720 613 1790; x_wconf 83' lang='grc' dir='ltr'><strong>μὲν</strong></span> <span class='ocrx_word' id='word_1_121' title='bbox 645 1720 704 1772; x_wconf 89' lang='grc' dir='ltr'><strong>τὸ</strong></span> <span class='ocrx_word' id='word_1_122' title='bbox 736 1719 930 1789; x_wconf 76' lang='grc' dir='ltr'>άληθὲς</span> <span class='ocrx_word' id='word_1_123' title='bbox 971 1717 1282 1789; x_wconf 80' lang='grc' dir='ltr'>μανθάνειν,</span> <span class='ocrx_word' id='word_1_124' title='bbox 1321 1717 1466 1787; x_wconf 83' lang='grc' dir='ltr'><strong>κάμὲ</strong></span> <span class='ocrx_word' id='word_1_125' title='bbox 1517 1715 1574 1768; x_wconf 86' lang='grc' dir='ltr'><strong>δὲ</strong></span> <span class='ocrx_word' id='word_1_126' title='bbox 1613 1715 1716 1806; x_wconf 42' lang='grc' dir='ltr'><strong>μὴ.</strong></span> 
     </span>
    </p>
   </div>
   <div class='ocr_carea' id='block_1_18' title="bbox 140 1811 1263 1884">
    <p class='ocr_par' dir='ltr' id='par_1_18' title="bbox 140 1811 1263 1884">
     <span class='ocr_line' id='line_1_18' title="bbox 140 1811 1263 1884; baseline -0.004 -17"><span class='ocrx_word' id='word_1_127' title='bbox 140 1816 284 1884; x_wconf 75' lang='grc' dir='ltr'>μάτην</span> <span class='ocrx_word' id='word_1_128' title='bbox 313 1817 434 1877; x_wconf 83' lang='grc' dir='ltr'>τοὺς</span> <span class='ocrx_word' id='word_1_129' title='bbox 465 1814 667 1882; x_wconf 82' lang='grc' dir='ltr'>λόγους</span> <span class='ocrx_word' id='word_1_130' title='bbox 705 1813 974 1866; x_wconf 82' lang='grc' dir='ltr'>ποιεῖσθαι</span> <span class='ocrx_word' id='word_1_131' title='bbox 1015 1812 1150 1882; x_wconf 88' lang='grc' dir='ltr'>πρὸς</span> <span class='ocrx_word' id='word_1_132' title='bbox 1183 1811 1263 1864; x_wconf 91' lang='grc' dir='ltr'>σέ.</span> 
     </span>
    </p>
   </div>
   <div class='ocr_carea' id='block_1_19' title="bbox 191 1900 1688 1978">
    <p class='ocr_par' dir='ltr' id='par_1_19' title="bbox 191 1900 1688 1978">
     <span class='ocr_line' id='line_1_19' title="bbox 191 1900 1688 1978; baseline -0.006 -16"><span class='ocrx_word' id='word_1_133' title='bbox 191 1908 374 1962; x_wconf 78' lang='grc' dir='ltr'><strong>ΟΥΔΛ.</strong></span> <span class='ocrx_word' id='word_1_134' title='bbox 416 1909 611 1973; x_wconf 80' lang='grc' dir='ltr'>Ταῦθ’,</span> <span class='ocrx_word' id='word_1_135' title='bbox 638 1909 781 1978; x_wconf 76' lang='grc' dir='ltr'>άπερ</span> <span class='ocrx_word' id='word_1_136' title='bbox 809 1902 988 1969; x_wconf 80' lang='grc' dir='ltr'>εἶπας,</span> <span class='ocrx_word' id='word_1_137' title='bbox 1015 1905 1273 1976; x_wconf 86' lang='grc' dir='ltr'>πράττειν</span> <span class='ocrx_word' id='word_1_138' title='bbox 1301 1902 1530 1972; x_wconf 81' lang='grc' dir='ltr'>ἑτοίμως</span> <span class='ocrx_word' id='word_1_139' title='bbox 1561 1900 1688 1972; x_wconf 76' lang='grc' dir='ltr'>ἔχω.</span> 
     </span>
    </p>
   </div>
   <div class='ocr_carea' id='block_1_20' title="bbox 1783 683 3363 765">
    <p class='ocr_par' dir='ltr' id='par_1_20' title="bbox 1783 683 3363 765">
     <span class='ocr_line' id='line_1_20' title="bbox 1783 683 3363 765; baseline -0.014 -8"><span class='ocrx_word' id='word_1_140' title='bbox 1783 703 1911 757; x_wconf 89' lang='lat' dir='ltr'><strong>bere</strong></span> <span class='ocrx_word' id='word_1_141' title='bbox 1945 701 2120 754; x_wconf 86' lang='lat' dir='ltr'><strong>visum</strong></span> <span class='ocrx_word' id='word_1_142' title='bbox 2155 698 2300 765; x_wconf 80' lang='lat' dir='ltr'><strong>sit),</strong></span> <span class='ocrx_word' id='word_1_143' title='bbox 2337 695 2431 752; x_wconf 89' lang='lat' dir='ltr'><strong>sed</strong></span> <span class='ocrx_word' id='word_1_144' title='bbox 2463 692 2706 748; x_wconf 67' lang='lat' dir='ltr'><strong>scientia:</strong></span> <span class='ocrx_word' id='word_1_145' title='bbox 2741 691 2856 744; x_wconf 86' lang='lat' dir='ltr'><strong>veri</strong></span> <span class='ocrx_word' id='word_1_146' title='bbox 2893 685 3230 742; x_wconf 80' lang='lat' dir='ltr'><strong>desiderium</strong></span> <span class='ocrx_word' id='word_1_147' title='bbox 3264 683 3363 737; x_wconf 81' lang='lat' dir='ltr'><strong>ha-</strong></span> 
     </span>
    </p>
   </div>
   <div class='ocr_carea' id='block_1_21' title="bbox 1781 778 3358 859">
    <p class='ocr_par' dir='ltr' id='par_1_21' title="bbox 1781 778 3358 859">
     <span class='ocr_line' id='line_1_21' title="bbox 1781 778 3358 859; baseline -0.012 -10"><span class='ocrx_word' id='word_1_148' title='bbox 1781 796 1928 850; x_wconf 88' lang='lat' dir='ltr'><strong>beat.</strong></span> <span class='ocrx_word' id='word_1_149' title='bbox 1959 793 2140 859; x_wconf 80' lang='lat' dir='ltr'><strong>Quare</strong></span> <span class='ocrx_word' id='word_1_150' title='bbox 2165 791 2329 844; x_wconf 89' lang='lat' dir='ltr'><strong>etiam</strong></span> <span class='ocrx_word' id='word_1_151' title='bbox 2383 801 2483 856; x_wconf 80' lang='lat' dir='ltr'><strong>ego</strong></span> <span class='ocrx_word' id='word_1_152' title='bbox 2534 785 2709 838; x_wconf 88' lang='lat' dir='ltr'><strong>libens</strong></span> <span class='ocrx_word' id='word_1_153' title='bbox 2757 781 3065 848; x_wconf 81' lang='lat' dir='ltr'><strong>alacrisque</strong></span> <span class='ocrx_word' id='word_1_154' title='bbox 3117 778 3184 832; x_wconf 80' lang='lat' dir='ltr'><strong>ad</strong></span> <span class='ocrx_word' id='word_1_155' title='bbox 3215 791 3358 847; x_wconf 64' lang='lat' dir='ltr'><strong>que-</strong></span> 
     </span>
    </p>
   </div>
   <div class='ocr_carea' id='block_1_22' title="bbox 1785 870 3366 940">
    <p class='ocr_par' dir='ltr' id='par_1_22' title="bbox 1785 870 3366 940">
     <span class='ocr_line' id='line_1_22' title="bbox 1785 870 3366 940; baseline -0.01 -1"><span class='ocrx_word' id='word_1_156' title='bbox 1785 884 2015 940; x_wconf 87' lang='lat' dir='ltr'><strong>stionem</strong></span> <span class='ocrx_word' id='word_1_157' title='bbox 2049 880 2329 935; x_wconf 83' lang='lat' dir='ltr'><strong>accedam.</strong></span> <span class='ocrx_word' id='word_1_158' title='bbox 2359 875 2544 930; x_wconf 86' lang='lat' dir='ltr'><strong>Placet</strong></span> <span class='ocrx_word' id='word_1_159' title='bbox 2598 888 2749 939; x_wconf 90' lang='lat' dir='ltr'><strong>vero,</strong></span> <span class='ocrx_word' id='word_1_160' title='bbox 2802 880 2863 926; x_wconf 89' lang='lat' dir='ltr'><strong>ut</strong></span> <span class='ocrx_word' id='word_1_161' title='bbox 2919 880 2974 925; x_wconf 89' lang='lat' dir='ltr'><strong>et</strong></span> <span class='ocrx_word' id='word_1_162' title='bbox 3012 871 3100 923; x_wconf 72' lang='lat' dir='ltr'><strong>hic:</strong></span> <span class='ocrx_word' id='word_1_163' title='bbox 3152 870 3366 925; x_wconf 76' lang='lat' dir='ltr'><strong>amicus</strong></span> 
     </span>
    </p>
   </div>
   <div class='ocr_carea' id='block_1_23' title="bbox 1787 961 3364 1045">
    <p class='ocr_par' dir='ltr' id='par_1_23' title="bbox 1787 961 3364 1045">
     <span class='ocr_line' id='line_1_23' title="bbox 1787 961 3364 1045; baseline -0.011 -15"><span class='ocrx_word' id='word_1_164' title='bbox 1787 982 2052 1045; x_wconf 70' lang='lat' dir='ltr'><strong>suscepta:</strong></span> <span class='ocrx_word' id='word_1_165' title='bbox 2085 968 2479 1040; x_wconf 89' lang='lat' dir='ltr'><strong>disputationis</strong></span> <span class='ocrx_word' id='word_1_166' title='bbox 2509 965 2728 1020; x_wconf 88' lang='lat' dir='ltr'><strong>auditor</strong></span> <span class='ocrx_word' id='word_1_167' title='bbox 2787 963 2901 1017; x_wconf 79' lang='lat' dir='ltr'><strong>ﬁat.</strong></span> <span class='ocrx_word' id='word_1_168' title='bbox 2941 961 3077 1016; x_wconf 81' lang='lat' dir='ltr'><strong>Nam</strong></span> <span class='ocrx_word' id='word_1_169' title='bbox 3120 967 3176 1016; x_wconf 88' lang='lat' dir='ltr'><strong>et</strong></span> <span class='ocrx_word' id='word_1_170' title='bbox 3223 961 3364 1030; x_wconf 83' lang='lat' dir='ltr'><strong>ipse,</strong></span> 
     </span>
    </p>
   </div>
   <div class='ocr_carea' id='block_1_24' title="bbox 1785 1055 3370 1134">
    <p class='ocr_par' dir='ltr' id='par_1_24' title="bbox 1785 1055 3370 1134">
     <span class='ocr_line' id='line_1_24' title="bbox 1785 1055 3370 1134; baseline -0.009 -13"><span class='ocrx_word' id='word_1_171' title='bbox 1785 1066 1974 1122; x_wconf 83' lang='lat' dir='ltr'><strong>eadem</strong></span> <span class='ocrx_word' id='word_1_172' title='bbox 2024 1063 2422 1134; x_wconf 77' lang='lat' dir='ltr'><strong>quadamtenus</strong></span> <span class='ocrx_word' id='word_1_173' title='bbox 2450 1057 2546 1111; x_wconf 87' lang='lat' dir='ltr'><strong>tibi</strong></span> <span class='ocrx_word' id='word_1_174' title='bbox 2580 1057 2796 1111; x_wconf 84' lang='lat' dir='ltr'><strong>videtur</strong></span> <span class='ocrx_word' id='word_1_175' title='bbox 2841 1055 3096 1124; x_wconf 84' lang='lat' dir='ltr'><strong>opinione</strong></span> <span class='ocrx_word' id='word_1_176' title='bbox 3139 1071 3153 1107; x_wconf 90' lang='lat'><strong>:</strong></span> <span class='ocrx_word' id='word_1_177' title='bbox 3195 1067 3370 1121; x_wconf 82' lang='lat' dir='ltr'><strong>quare</strong></span> 
     </span>
    </p>
   </div>
   <div class='ocr_carea' id='block_1_25' title="bbox 1786 1143 3365 1218">
    <p class='ocr_par' dir='ltr' id='par_1_25' title="bbox 1786 1143 3365 1218">
     <span class='ocr_line' id='line_1_25' title="bbox 1786 1143 3365 1218; baseline -0.011 -5"><span class='ocrx_word' id='word_1_178' title='bbox 1786 1159 1911 1214; x_wconf 92' lang='lat' dir='ltr'><strong>volo</strong></span> <span class='ocrx_word' id='word_1_179' title='bbox 1972 1154 2249 1212; x_wconf 89' lang='lat' dir='ltr'><strong>communi</strong></span> <span class='ocrx_word' id='word_1_180' title='bbox 2317 1166 2442 1205; x_wconf 91' lang='lat' dir='ltr'><strong>eum</strong></span> <span class='ocrx_word' id='word_1_181' title='bbox 2497 1156 2731 1218; x_wconf 90' lang='lat' dir='ltr'><strong>utroque</strong></span> <span class='ocrx_word' id='word_1_182' title='bbox 2791 1147 3035 1202; x_wconf 86' lang='lat' dir='ltr'><strong>oratione</strong></span> <span class='ocrx_word' id='word_1_183' title='bbox 3095 1143 3365 1199; x_wconf 74' lang='lat' dir='ltr'><strong>conferre.</strong></span> 
     </span>
    </p>
   </div>
   <div class='ocr_carea' id='block_1_26' title="bbox 1787 1236 3372 1314">
    <p class='ocr_par' dir='ltr' id='par_1_26' title="bbox 1787 1236 3372 1314">
     <span class='ocr_line' id='line_1_26' title="bbox 1787 1236 3372 1314; baseline -0.01 -11"><span class='ocrx_word' id='word_1_184' title='bbox 1787 1248 1921 1314; x_wconf 73' lang='lat' dir='ltr'><strong>Quae</strong></span> <span class='ocrx_word' id='word_1_185' title='bbox 1973 1245 2118 1302; x_wconf 84' lang='lat' dir='ltr'><strong>enim</strong></span> <span class='ocrx_word' id='word_1_186' title='bbox 2180 1243 2280 1298; x_wconf 90' lang='lat' dir='ltr'><strong>tibi</strong></span> <span class='ocrx_word' id='word_1_187' title='bbox 2337 1244 2418 1298; x_wconf 88' lang='lat' dir='ltr'><strong>sic</strong></span> <span class='ocrx_word' id='word_1_188' title='bbox 2489 1241 2682 1296; x_wconf 73' lang='lat' dir='ltr'><strong>aﬂecto</strong></span> <span class='ocrx_word' id='word_1_189' title='bbox 2739 1238 3011 1302; x_wconf 78' lang='lat' dir='ltr'><strong>dixerim,</strong></span> <span class='ocrx_word' id='word_1_190' title='bbox 3071 1236 3258 1290; x_wconf 88' lang='lat' dir='ltr'><strong>eadem</strong></span> <span class='ocrx_word' id='word_1_191' title='bbox 3315 1241 3372 1288; x_wconf 86' lang='lat' dir='ltr'><strong>et</strong></span> 
     </span>
    </p>
   </div>
   <div class='ocr_carea' id='block_1_27' title="bbox 1790 1327 3371 1404">
    <p class='ocr_par' dir='ltr' id='par_1_27' title="bbox 1790 1327 3371 1404">
     <span class='ocr_line' id='line_1_27' title="bbox 1790 1327 3371 1404; baseline -0.011 -9"><span class='ocrx_word' id='word_1_192' title='bbox 1790 1340 1868 1396; x_wconf 87' lang='lat' dir='ltr'><strong>illi</strong></span> <span class='ocrx_word' id='word_1_193' title='bbox 1905 1337 2156 1394; x_wconf 86' lang='lat' dir='ltr'><strong>similiter</strong></span> <span class='ocrx_word' id='word_1_194' title='bbox 2192 1335 2404 1390; x_wconf 83' lang='lat' dir='ltr'><strong>dixero.</strong></span> <span class='ocrx_word' id='word_1_195' title='bbox 2448 1332 2505 1388; x_wconf 89' lang='lat' dir='ltr'><strong>Si</strong></span> <span class='ocrx_word' id='word_1_196' title='bbox 2545 1334 2714 1404; x_wconf 78' lang='lat' dir='ltr'><strong>igitur</strong></span> <span class='ocrx_word' id='word_1_197' title='bbox 2767 1347 2897 1387; x_wconf 91' lang='lat' dir='ltr'><strong>vere</strong></span> <span class='ocrx_word' id='word_1_198' title='bbox 2944 1328 3042 1384; x_wconf 91' lang='lat' dir='ltr'><strong>tibi</strong></span> <span class='ocrx_word' id='word_1_199' title='bbox 3083 1327 3269 1382; x_wconf 80' lang='lat' dir='ltr'><strong>videor</strong></span> <span class='ocrx_word' id='word_1_200' title='bbox 3306 1340 3371 1378; x_wconf 88' lang='lat' dir='ltr'><strong>ac</strong></span> 
     </span>
    </p>
   </div>
   <div class='ocr_carea' id='block_1_28' title="bbox 1791 1417 3373 1499">
    <p class='ocr_par' dir='ltr' id='par_1_28' title="bbox 1791 1417 3373 1499">
     <span class='ocr_line' id='line_1_28' title="bbox 1791 1417 3373 1499; baseline -0.011 -12"><span class='ocrx_word' id='word_1_201' title='bbox 1791 1431 2005 1487; x_wconf 82' lang='lat' dir='ltr'><strong>sincere</strong></span> <span class='ocrx_word' id='word_1_202' title='bbox 2041 1427 2186 1499; x_wconf 85' lang='lat' dir='ltr'><strong>quod</strong></span> <span class='ocrx_word' id='word_1_203' title='bbox 2224 1436 2309 1482; x_wconf 88' lang='lat' dir='ltr'><strong>est</strong></span> <span class='ocrx_word' id='word_1_204' title='bbox 2347 1426 2540 1480; x_wconf 86' lang='lat' dir='ltr'><strong>melius</strong></span> <span class='ocrx_word' id='word_1_205' title='bbox 2580 1425 2792 1490; x_wconf 89' lang='lat' dir='ltr'><strong>dicere,</strong></span> <span class='ocrx_word' id='word_1_206' title='bbox 2846 1421 3114 1492; x_wconf 89' lang='lat' dir='ltr'><strong>responde</strong></span> <span class='ocrx_word' id='word_1_207' title='bbox 3151 1417 3218 1472; x_wconf 90' lang='lat' dir='ltr'><strong>ad</strong></span> <span class='ocrx_word' id='word_1_208' title='bbox 3257 1418 3373 1471; x_wconf 88' lang='lat' dir='ltr'><strong>sin-</strong></span> 
     </span>
    </p>
   </div>
   <div class='ocr_carea' id='block_1_29' title="bbox 1791 1508 3375 1594">
    <p class='ocr_par' dir='ltr' id='par_1_29' title="bbox 1791 1508 3375 1594">
     <span class='ocr_line' id='line_1_29' title="bbox 1791 1508 3375 1594; baseline -0.01 -17"><span class='ocrx_word' id='word_1_209' title='bbox 1791 1523 1918 1594; x_wconf 68' lang='lat' dir='ltr'><strong>gula</strong></span> <span class='ocrx_word' id='word_1_210' title='bbox 1969 1535 2093 1592; x_wconf 60' lang='lat' dir='ltr'><strong>qua:</strong></span> <span class='ocrx_word' id='word_1_211' title='bbox 2118 1527 2408 1590; x_wconf 85' lang='lat' dir='ltr'><strong>percontor</strong></span> <span class='ocrx_word' id='word_1_212' title='bbox 2443 1532 2457 1568; x_wconf 90' lang='lat'><strong>:</strong></span> <span class='ocrx_word' id='word_1_213' title='bbox 2504 1517 2584 1571; x_wconf 91' lang='lat' dir='ltr'><strong>sic</strong></span> <span class='ocrx_word' id='word_1_214' title='bbox 2613 1516 2760 1570; x_wconf 91' lang='lat' dir='ltr'><strong>enim</strong></span> <span class='ocrx_word' id='word_1_215' title='bbox 2806 1516 2929 1577; x_wconf 80' lang='lat' dir='ltr'><strong>ﬁet,</strong></span> <span class='ocrx_word' id='word_1_216' title='bbox 2961 1519 3096 1566; x_wconf 87' lang='lat' dir='ltr'><strong>utet</strong></span> <span class='ocrx_word' id='word_1_217' title='bbox 3129 1511 3246 1580; x_wconf 86' lang='lat' dir='ltr'><strong>ipse</strong></span> <span class='ocrx_word' id='word_1_218' title='bbox 3277 1508 3375 1562; x_wconf 82' lang='lat' dir='ltr'><strong>ad-</strong></span> 
     </span>
    </p>
   </div>
   <div class='ocr_carea' id='block_1_30' title="bbox 1793 1600 3374 1676">
    <p class='ocr_par' dir='ltr' id='par_1_30' title="bbox 1793 1600 3374 1676">
     <span class='ocr_line' id='line_1_30' title="bbox 1793 1600 3374 1676; baseline -0.008 -13"><span class='ocrx_word' id='word_1_219' title='bbox 1793 1609 1977 1664; x_wconf 85' lang='lat' dir='ltr'><strong>discas</strong></span> <span class='ocrx_word' id='word_1_220' title='bbox 2006 1623 2215 1671; x_wconf 86' lang='lat' dir='ltr'><strong>verum,</strong></span> <span class='ocrx_word' id='word_1_221' title='bbox 2275 1621 2377 1660; x_wconf 93' lang='lat' dir='ltr'><strong>nec</strong></span> <span class='ocrx_word' id='word_1_222' title='bbox 2409 1620 2507 1676; x_wconf 74' lang='lat' dir='ltr'><strong>ego</strong></span> <span class='ocrx_word' id='word_1_223' title='bbox 2538 1603 2744 1659; x_wconf 77' lang='lat' dir='ltr'><strong>frustra</strong></span> <span class='ocrx_word' id='word_1_224' title='bbox 2788 1603 3069 1658; x_wconf 76' lang='lat' dir='ltr'><strong>disserens</strong></span> <span class='ocrx_word' id='word_1_225' title='bbox 3104 1600 3374 1655; x_wconf 68' lang='lat' dir='ltr'><strong>incum-tn</strong></span> 
     </span>
    </p>
   </div>
   <div class='ocr_carea' id='block_1_31' title="bbox 1795 1717 2100 1758">
    <p class='ocr_par' dir='ltr' id='par_1_31' title="bbox 1795 1717 2100 1758">
     <span class='ocr_line' id='line_1_31' title="bbox 1795 1717 2100 1758; baseline 0.007 -2"><span class='ocrx_word' id='word_1_226' title='bbox 1795 1717 2100 1758; x_wconf 87' lang='lat' dir='ltr'><strong>sermones.</strong></span> 
     </span>
    </p>
   </div>
   <div class='ocr_carea' id='block_1_32' title="bbox 1869 1861 3420 1955">
    <p class='ocr_par' dir='ltr' id='par_1_32' title="bbox 1869 1861 3420 1955">
     <span class='ocr_line' id='line_1_32' title="bbox 1869 1861 3420 1955; baseline -0.006 -14"><span class='ocrx_word' id='word_1_227' title='bbox 1869 1885 2025 1941; x_wconf 78' lang='lat' dir='ltr'><strong>VAL.</strong></span> <span class='ocrx_word' id='word_1_228' title='bbox 2058 1884 2375 1955; x_wconf 83' lang='lat' dir='ltr'><strong>Promptum</strong></span> <span class='ocrx_word' id='word_1_229' title='bbox 2411 1883 2541 1936; x_wconf 93' lang='lat' dir='ltr'><strong>mihi</strong></span> <span class='ocrx_word' id='word_1_230' title='bbox 2583 1888 2704 1945; x_wconf 90' lang='lat' dir='ltr'><strong>est,</strong></span> <span class='ocrx_word' id='word_1_231' title='bbox 2732 1887 2793 1934; x_wconf 90' lang='lat' dir='ltr'><strong>ut</strong></span> <span class='ocrx_word' id='word_1_232' title='bbox 2818 1894 2942 1952; x_wconf 61' lang='lat' dir='ltr'><strong>qua</strong></span> <span class='ocrx_word' id='word_1_233' title='bbox 2967 1879 3109 1935; x_wconf 88' lang='lat' dir='ltr'><strong>dicis</strong></span> <span class='ocrx_word' id='word_1_234' title='bbox 3143 1877 3368 1933; x_wconf 75' lang='lat' dir='ltr'><strong>faciam.</strong></span> <span class='ocrx_word' id='word_1_235' title='bbox 3418 1861 3420 1863; x_wconf 10' lang='lat' dir='ltr'><strong>i</strong></span> 
     </span>
    </p>
   </div>
   <div class='ocr_carea' id='block_1_33' title="bbox 138 1972 1697 2068">
    <p class='ocr_par' dir='ltr' id='par_1_33' title="bbox 138 1972 1692 2068">
     <span class='ocr_line' id='line_1_33' title="bbox 138 1972 1692 2068; baseline -0.006 -18"><span class='ocrx_word' id='word_1_236' title='bbox 138 1999 226 2050; x_wconf 75' lang='grc' dir='ltr'><strong>Καὶ</strong></span> <span class='ocrx_word' id='word_1_237' title='bbox 250 1999 329 2050; x_wconf 76' lang='grc' dir='ltr'>διὰ</span> <span class='ocrx_word' id='word_1_238' title='bbox 354 1998 514 2050; x_wconf 76' lang='grc' dir='ltr'>τοῦτο</span> <span class='ocrx_word' id='word_1_239' title='bbox 545 1997 692 2068; x_wconf 82' lang='grc' dir='ltr'>μετὰ</span> <span class='ocrx_word' id='word_1_240' title='bbox 719 1972 897 2066; x_wconf 77' lang='grc' dir='ltr'>πάσης</span> <span class='ocrx_word' id='word_1_241' title='bbox 936 1972 1242 2064; x_wconf 80' lang='grc' dir='ltr'>προθυμίας</span> <span class='ocrx_word' id='word_1_242' title='bbox 1269 1991 1451 2044; x_wconf 80' lang='grc' dir='ltr'>ἐκεῖνα</span> <span class='ocrx_word' id='word_1_243' title='bbox 1487 1988 1692 2041; x_wconf 85' lang='grc' dir='ltr'>πυνθά-</span> 
     </span>
    </p>
   </div>
   <div class='ocr_carea' id='block_1_34' title="bbox 1804 1972 3377 2068">
    <p class='ocr_par' dir='ltr' id='par_1_34' title="bbox 1804 1972 3377 2048">
     <span class='ocr_line' id='line_1_34' title="bbox 1804 1972 3377 2048; baseline -0.004 -13"><span class='ocrx_word' id='word_1_244' title='bbox 1804 1980 1975 2048; x_wconf 79' lang='lat' dir='ltr'><strong>Quare</strong></span> <span class='ocrx_word' id='word_1_245' title='bbox 2031 1980 2178 2033; x_wconf 93' lang='lat' dir='ltr'><strong>omni</strong></span> <span class='ocrx_word' id='word_1_246' title='bbox 2232 1978 2515 2032; x_wconf 84' lang='lat' dir='ltr'><strong>alacritate</strong></span> <span class='ocrx_word' id='word_1_247' title='bbox 2570 1992 2633 2030; x_wconf 83' lang='lat' dir='ltr'><strong>ea</strong></span> <span class='ocrx_word' id='word_1_248' title='bbox 2683 1985 3041 2046; x_wconf 87' lang='lat' dir='ltr'><strong>percontare,</strong></span> <span class='ocrx_word' id='word_1_249' title='bbox 3074 1989 3139 2028; x_wconf 85' lang='lat' dir='ltr'><strong>ex</strong></span> <span class='ocrx_word' id='word_1_250' title='bbox 3175 1972 3377 2042; x_wconf 76' lang='lat' dir='ltr'><strong>quibus</strong></span> 
     </span>
    </p>
   </div>
   <div class='ocr_carea' id='block_1_35' title="bbox 139 2079 1690 2158">
    <p class='ocr_par' dir='ltr' id='par_1_35' title="bbox 139 2079 1690 2158">
     <span class='ocr_line' id='line_1_35' title="bbox 139 2079 1690 2158; baseline -0.007 -18"><span class='ocrx_word' id='word_1_251' title='bbox 139 2105 226 2151; x_wconf 72' lang='grc' dir='ltr'>νου,</span> <span class='ocrx_word' id='word_1_252' title='bbox 253 2087 306 2150; x_wconf 74' lang='grc' dir='ltr'><strong>ἐξ</strong></span> <span class='ocrx_word' id='word_1_253' title='bbox 335 2081 521 2158; x_wconf 80' lang='grc' dir='ltr'>ὧνπερ</span> <span class='ocrx_word' id='word_1_254' title='bbox 552 2086 798 2158; x_wconf 78' lang='grc' dir='ltr'><strong>νομίζεις</strong></span> <span class='ocrx_word' id='word_1_255' title='bbox 827 2083 1086 2137; x_wconf 83' lang='grc' dir='ltr'>δύνασθαί</span> <span class='ocrx_word' id='word_1_256' title='bbox 1133 2098 1202 2154; x_wconf 81' lang='grc' dir='ltr'><strong>με</strong></span> <span class='ocrx_word' id='word_1_257' title='bbox 1253 2080 1349 2150; x_wconf 81' lang='grc' dir='ltr'>τὴν</span> <span class='ocrx_word' id='word_1_258' title='bbox 1384 2079 1690 2149; x_wconf 75' lang='grc' dir='ltr'><strong>ἐπιστήμην</strong></span> 
     </span>
    </p>
   </div>
   <div class='ocr_carea' id='block_1_36' title="bbox 139 2169 1692 2251">
    <p class='ocr_par' dir='ltr' id='par_1_36' title="bbox 139 2169 1692 2251">
     <span class='ocr_line' id='line_1_36' title="bbox 139 2169 1692 2251; baseline -0.006 -19"><span class='ocrx_word' id='word_1_259' title='bbox 139 2180 211 2232; x_wconf 76' lang='grc' dir='ltr'>τοῦ</span> <span class='ocrx_word' id='word_1_260' title='bbox 235 2180 530 2251; x_wconf 82' lang='grc' dir='ltr'>κρείττονος</span> <span class='ocrx_word' id='word_1_261' title='bbox 565 2181 782 2250; x_wconf 84' lang='grc' dir='ltr'>μαθεῖν.</span> <span class='ocrx_word' id='word_1_262' title='bbox 811 2179 887 2230; x_wconf 82' lang='grc' dir='ltr'><strong>Οὐ</strong></span> <span class='ocrx_word' id='word_1_263' title='bbox 919 2177 1025 2248; x_wconf 87' lang='grc' dir='ltr'><strong>γάρ</strong></span> <span class='ocrx_word' id='word_1_264' title='bbox 1056 2192 1147 2245; x_wconf 87' lang='grc' dir='ltr'><strong>μοι</strong></span> <span class='ocrx_word' id='word_1_265' title='bbox 1192 2173 1255 2227; x_wconf 86' lang='grc' dir='ltr'><strong>τὸ</strong></span> <span class='ocrx_word' id='word_1_266' title='bbox 1295 2173 1513 2242; x_wconf 86' lang='grc' dir='ltr'>νικῆσαι</span> <span class='ocrx_word' id='word_1_267' title='bbox 1560 2169 1692 2240; x_wconf 84' lang='grc' dir='ltr'>πρό-</span> 
     </span>
    </p>
   </div>
   <div class='ocr_carea' id='block_1_37' title="bbox 140 2261 1689 2338">
    <p class='ocr_par' dir='ltr' id='par_1_37' title="bbox 140 2261 1689 2338">
     <span class='ocr_line' id='line_1_37' title="bbox 140 2261 1689 2338; baseline -0.006 -15"><span class='ocrx_word' id='word_1_268' title='bbox 140 2288 282 2324; x_wconf 81' lang='grc' dir='ltr'>κειται</span> <span class='ocrx_word' id='word_1_269' title='bbox 324 2271 529 2334; x_wconf 83' lang='grc' dir='ltr'>κακῶς,</span> <span class='ocrx_word' id='word_1_270' title='bbox 582 2270 722 2324; x_wconf 76' lang='grc' dir='ltr'>ἀλλὰ</span> <span class='ocrx_word' id='word_1_271' title='bbox 753 2269 813 2324; x_wconf 89' lang='grc' dir='ltr'><strong>τὸ</strong></span> <span class='ocrx_word' id='word_1_272' title='bbox 843 2267 1040 2338; x_wconf 72' lang='grc' dir='ltr'>ἀληθὲς</span> <span class='ocrx_word' id='word_1_273' title='bbox 1075 2262 1523 2336; x_wconf 73' lang='grc' dir='ltr'>ἑκμαθεῖν.’οθεν</span> <span class='ocrx_word' id='word_1_274' title='bbox 1567 2261 1689 2333; x_wconf 77' lang='grc' dir='ltr'>εχου</span> 
     </span>
    </p>
   </div>
   <div class='ocr_carea' id='block_1_38' title="bbox 138 2363 724 2430">
    <p class='ocr_par' dir='ltr' id='par_1_38' title="bbox 138 2363 724 2430">
     <span class='ocr_line' id='line_1_38' title="bbox 138 2363 724 2430; baseline -0.002 -15"><span class='ocrx_word' id='word_1_275' title='bbox 138 2365 186 2415; x_wconf 82' lang='grc' dir='ltr'><strong>τὸ</strong></span> <span class='ocrx_word' id='word_1_276' title='bbox 205 2364 370 2417; x_wconf 80' lang='grc' dir='ltr'>λοιπὸν</span> <span class='ocrx_word' id='word_1_277' title='bbox 395 2363 493 2416; x_wconf 80' lang='grc' dir='ltr'>τοῦ</span> <span class='ocrx_word' id='word_1_278' title='bbox 535 2363 724 2430; x_wconf 86' lang='grc' dir='ltr'><strong>λόγου.</strong></span> 
     </span>
    </p>
   </div>
   <div class='ocr_carea' id='block_1_39' title="bbox 195 2443 1692 2521">
    <p class='ocr_par' dir='ltr' id='par_1_39' title="bbox 195 2443 1692 2521">
     <span class='ocr_line' id='line_1_39' title="bbox 195 2443 1692 2521; baseline -0.003 -18"><span class='ocrx_word' id='word_1_279' title='bbox 195 2453 409 2505; x_wconf 81' lang='grc' dir='ltr'><strong>ΟΡΘΟΔ.</strong></span> <span class='ocrx_word' id='word_1_280' title='bbox 457 2454 586 2504; x_wconf 87' lang='grc' dir='ltr'>Ὀτι</span> <span class='ocrx_word' id='word_1_281' title='bbox 657 2452 756 2521; x_wconf 80' lang='grc' dir='ltr'><strong>μὲν</strong></span> <span class='ocrx_word' id='word_1_282' title='bbox 811 2443 902 2503; x_wconf 78' lang='grc' dir='ltr'><strong>οὖν</strong></span> <span class='ocrx_word' id='word_1_283' title='bbox 959 2446 1069 2519; x_wconf 64' lang='lat' dir='ltr'>(ll)</span> <span class='ocrx_word' id='word_1_284' title='bbox 1120 2447 1385 2518; x_wconf 81' lang='grc' dir='ltr'>ὑπάρχειν</span> <span class='ocrx_word' id='word_1_285' title='bbox 1431 2445 1692 2500; x_wconf 85' lang='grc' dir='ltr'>ἀδύνατον</span> 
     </span>
    </p>
   </div>
   <div class='ocr_carea' id='block_1_40' title="bbox 140 2538 1692 2612">
    <p class='ocr_par' dir='ltr' id='par_1_40' title="bbox 140 2538 1692 2612">
     <span class='ocr_line' id='line_1_40' title="bbox 140 2538 1692 2612; baseline -0.003 -18"><span class='ocrx_word' id='word_1_286' title='bbox 140 2543 342 2611; x_wconf 78' lang='grc' dir='ltr'>ἀγένητα</span> <span class='ocrx_word' id='word_1_287' title='bbox 365 2541 458 2595; x_wconf 83' lang='grc' dir='ltr'><strong>δύο</strong></span> <span class='ocrx_word' id='word_1_288' title='bbox 483 2543 632 2612; x_wconf 73' lang='grc' dir='ltr'>ἅμα,</span> <span class='ocrx_word' id='word_1_289' title='bbox 666 2541 788 2595; x_wconf 85' lang='grc' dir='ltr'>οὐδέ</span> <span class='ocrx_word' id='word_1_290' title='bbox 817 2557 875 2593; x_wconf 82' lang='grc' dir='ltr'><strong>σε</strong></span> <span class='ocrx_word' id='word_1_291' title='bbox 904 2541 1117 2608; x_wconf 82' lang='grc' dir='ltr'>ἀγνοεῖν</span> <span class='ocrx_word' id='word_1_292' title='bbox 1141 2539 1368 2610; x_wconf 76' lang='grc' dir='ltr'>νομίζω,</span> <span class='ocrx_word' id='word_1_293' title='bbox 1403 2541 1450 2591; x_wconf 85' lang='grc' dir='ltr'><strong>εί</strong></span> <span class='ocrx_word' id='word_1_294' title='bbox 1497 2540 1592 2592; x_wconf 71' lang='grc' dir='ltr'><strong>καὶ</strong></span> <span class='ocrx_word' id='word_1_295' title='bbox 1623 2538 1692 2591; x_wconf 79' lang='grc' dir='ltr'><strong>τά</strong></span> 
     </span>
    </p>
   </div>
   <div class='ocr_carea' id='block_1_41' title="bbox 144 2631 1694 2705">
    <p class='ocr_par' dir='ltr' id='par_1_41' title="bbox 144 2631 1694 2705">
     <span class='ocr_line' id='line_1_41' title="bbox 144 2631 1694 2705; baseline -0.002 -19"><span class='ocrx_word' id='word_1_296' title='bbox 144 2635 342 2702; x_wconf 74' lang='grc' dir='ltr'>μάλιστα</span> <span class='ocrx_word' id='word_1_297' title='bbox 363 2635 542 2697; x_wconf 82' lang='grc' dir='ltr'>δοκεῖς</span> <span class='ocrx_word' id='word_1_298' title='bbox 569 2633 863 2705; x_wconf 78' lang='grc' dir='ltr'>προλαϐὼν</span> <span class='ocrx_word' id='word_1_299' title='bbox 889 2632 1047 2686; x_wconf 82' lang='grc' dir='ltr'>τοῦτο</span> <span class='ocrx_word' id='word_1_300' title='bbox 1073 2631 1478 2703; x_wconf 81' lang='grc' dir='ltr'>προτεθεικέναι</span> <span class='ocrx_word' id='word_1_301' title='bbox 1511 2631 1588 2701; x_wconf 85' lang='grc' dir='ltr'>τῷ</span> <span class='ocrx_word' id='word_1_302' title='bbox 1608 2631 1694 2683; x_wconf 88' lang='grc' dir='ltr'><strong>λό-</strong></span> 
     </span>
    </p>
   </div>
   <div class='ocr_carea' id='block_1_42' title="bbox 141 2723 1690 2795">
    <p class='ocr_par' dir='ltr' id='par_1_42' title="bbox 141 2723 1690 2795">
     <span class='ocr_line' id='line_1_42' title="bbox 141 2723 1690 2795; baseline -0.001 -19"><span class='ocrx_word' id='word_1_303' title='bbox 141 2725 314 2794; x_wconf 77' lang='grc' dir='ltr'>γῷ.¹Ως</span> <span class='ocrx_word' id='word_1_304' title='bbox 341 2726 561 2790; x_wconf 77' lang='grc' dir='ltr'>πάντως</span> <span class='ocrx_word' id='word_1_305' title='bbox 605 2727 666 2791; x_wconf 71' lang='grc' dir='ltr'><strong>ἐξ</strong></span> <span class='ocrx_word' id='word_1_306' title='bbox 695 2725 940 2794; x_wconf 75' lang='grc' dir='ltr'><strong>ἀνάγκης</strong></span> <span class='ocrx_word' id='word_1_307' title='bbox 985 2724 1048 2777; x_wconf 86' lang='grc' dir='ltr'><strong>τὸ</strong></span> <span class='ocrx_word' id='word_1_308' title='bbox 1085 2723 1273 2795; x_wconf 75' lang='grc' dir='ltr'>ἕτερον</span> <span class='ocrx_word' id='word_1_309' title='bbox 1302 2724 1382 2776; x_wconf 87' lang='grc' dir='ltr'>δεῖ</span> <span class='ocrx_word' id='word_1_310' title='bbox 1409 2723 1609 2792; x_wconf 89' lang='grc' dir='ltr'>λέγειν,</span> <span class='ocrx_word' id='word_1_311' title='bbox 1656 2724 1690 2795; x_wconf 76' lang='grc' dir='ltr'>ἢ</span> 
     </span>
    </p>
   </div>
   <div class='ocr_carea' id='block_1_43' title="bbox 141 2811 1696 2888">
    <p class='ocr_par' dir='ltr' id='par_1_43' title="bbox 141 2811 1696 2888">
     <span class='ocr_line' id='line_1_43' title="bbox 141 2811 1696 2888; baseline -0.002 -18"><span class='ocrx_word' id='word_1_312' title='bbox 141 2818 205 2870; x_wconf 80' lang='grc' dir='ltr'>ὃτι</span> <span class='ocrx_word' id='word_1_313' title='bbox 230 2818 548 2888; x_wconf 71' lang='grc' dir='ltr'>κεχώρισται</span> <span class='ocrx_word' id='word_1_314' title='bbox 578 2818 683 2886; x_wconf 82' lang='grc' dir='ltr'>τῆς</span> <span class='ocrx_word' id='word_1_315' title='bbox 711 2817 844 2886; x_wconf 88' lang='grc' dir='ltr'>ὕλης</span> <span class='ocrx_word' id='word_1_316' title='bbox 869 2818 898 2869; x_wconf 84' lang='grc' dir='ltr'>ὁ</span> <span class='ocrx_word' id='word_1_317' title='bbox 916 2815 1068 2879; x_wconf 83' lang='grc' dir='ltr'>Θεὸς,</span> <span class='ocrx_word' id='word_1_318' title='bbox 1095 2815 1128 2884; x_wconf 75' lang='grc' dir='ltr'><strong>ἢ</strong></span> <span class='ocrx_word' id='word_1_319' title='bbox 1151 2811 1216 2868; x_wconf 82' lang='grc' dir='ltr'>αὖ</span> <span class='ocrx_word' id='word_1_320' title='bbox 1253 2815 1433 2881; x_wconf 86' lang='grc' dir='ltr'>πάλιν,</span> <span class='ocrx_word' id='word_1_321' title='bbox 1451 2817 1532 2868; x_wconf 83' lang='grc' dir='ltr'>ὅτι</span> <span class='ocrx_word' id='word_1_322' title='bbox 1559 2815 1696 2884; x_wconf 81' lang='grc' dir='ltr'>ἀμέ-</span> 
     </span>
    </p>
   </div>
   <div class='ocr_carea' id='block_1_44' title="bbox 145 2904 1696 2981">
    <p class='ocr_par' dir='ltr' id='par_1_44' title="bbox 145 2904 1696 2981">
     <span class='ocr_line' id='line_1_44' title="bbox 145 2904 1696 2981; baseline -0.001 -21"><span class='ocrx_word' id='word_1_323' title='bbox 145 2927 293 2979; x_wconf 77' lang='grc' dir='ltr'>ριστος</span> <span class='ocrx_word' id='word_1_324' title='bbox 340 2912 510 2981; x_wconf 73' lang='grc' dir='ltr'>αὐτῆς</span> <span class='ocrx_word' id='word_1_325' title='bbox 560 2909 842 2979; x_wconf 82' lang='grc' dir='ltr'>τυγχάνει.</span> <span class='ocrx_word' id='word_1_326' title='bbox 872 2909 936 2961; x_wconf 85' lang='lat' dir='ltr'><strong>El.</strong></span> <span class='ocrx_word' id='word_1_327' title='bbox 974 2909 1072 2979; x_wconf 87' lang='grc' dir='ltr'>μὲν</span> <span class='ocrx_word' id='word_1_328' title='bbox 1104 2904 1196 2961; x_wconf 78' lang='grc' dir='ltr'>οὖν</span> <span class='ocrx_word' id='word_1_329' title='bbox 1224 2906 1463 2978; x_wconf 79' lang='grc' dir='ltr'>ἡνῶσθαι</span> <span class='ocrx_word' id='word_1_330' title='bbox 1508 2923 1590 2969; x_wconf 85' lang='grc' dir='ltr'><strong>τις</strong></span> <span class='ocrx_word' id='word_1_331' title='bbox 1620 2909 1696 2958; x_wconf 82' lang='grc' dir='ltr'>εί-</span> 
     </span>
    </p>
   </div>
   <div class='ocr_carea' id='block_1_45' title="bbox 143 2998 1696 3071">
    <p class='ocr_par' dir='ltr' id='par_1_45' title="bbox 143 2998 1696 3071">
     <span class='ocr_line' id='line_1_45' title="bbox 143 2998 1696 3071; baseline -0.002 -17"><span class='ocrx_word' id='word_1_332' title='bbox 143 3007 243 3055; x_wconf 76' lang='grc' dir='ltr'>πεῖν</span> <span class='ocrx_word' id='word_1_333' title='bbox 259 3004 388 3057; x_wconf 73' lang='grc' dir='ltr'>αὐτὰ</span> <span class='ocrx_word' id='word_1_334' title='bbox 413 3005 616 3066; x_wconf 73' lang='grc' dir='ltr'>ἐθέλοι,</span> <span class='ocrx_word' id='word_1_335' title='bbox 644 3003 702 3055; x_wconf 81' lang='grc' dir='ltr'>ἓν</span> <span class='ocrx_word' id='word_1_336' title='bbox 723 3002 784 3055; x_wconf 92' lang='grc' dir='ltr'><strong>τὸ</strong></span> <span class='ocrx_word' id='word_1_337' title='bbox 813 3002 1076 3071; x_wconf 82' lang='grc' dir='ltr'>ἀγένητον</span> <span class='ocrx_word' id='word_1_338' title='bbox 1105 2999 1250 3065; x_wconf 84' lang='grc' dir='ltr'>λέξει</span> <span class='ocrx_word' id='word_1_339' title='bbox 1267 3017 1280 3030; x_wconf 93' lang='grc'><strong>·</strong></span> <span class='ocrx_word' id='word_1_340' title='bbox 1315 3000 1562 3070; x_wconf 73' lang='grc' dir='ltr'>(ἕκαστον</span> <span class='ocrx_word' id='word_1_341' title='bbox 1587 2998 1696 3068; x_wconf 84' lang='lat'><strong>7&amp;9</strong></span> 
     </span>
    </p>
   </div>
   <div class='ocr_carea' id='block_1_46' title="bbox 142 3090 1694 3167">
    <p class='ocr_par' dir='ltr' id='par_1_46' title="bbox 142 3090 1694 3167">
     <span class='ocr_line' id='line_1_46' title="bbox 142 3090 1694 3167; baseline -0.003 -19"><span class='ocrx_word' id='word_1_342' title='bbox 142 3096 315 3148; x_wconf 72' lang='grc' dir='ltr'>τούτων</span> <span class='ocrx_word' id='word_1_343' title='bbox 351 3098 517 3167; x_wconf 84' lang='grc' dir='ltr'>μέρος</span> <span class='ocrx_word' id='word_1_344' title='bbox 551 3096 708 3147; x_wconf 81' lang='grc' dir='ltr'>ἔσται</span> <span class='ocrx_word' id='word_1_345' title='bbox 740 3093 833 3146; x_wconf 81' lang='grc' dir='ltr'>τοῦ</span> <span class='ocrx_word' id='word_1_346' title='bbox 865 3091 1156 3163; x_wconf 59' lang='grc' dir='ltr'>πλησίον)</span> <span class='ocrx_word' id='word_1_347' title='bbox 1187 3090 1428 3162; x_wconf 84' lang='grc' dir='ltr'>ἀλλήλων</span> <span class='ocrx_word' id='word_1_348' title='bbox 1461 3090 1519 3144; x_wconf 84' lang='grc' dir='ltr'><strong>δὲ</strong></span> <span class='ocrx_word' id='word_1_349' title='bbox 1551 3091 1694 3161; x_wconf 71' lang='grc' dir='ltr'>μέρη</span> 
     </span>
    </p>
   </div>
   <div class='ocr_carea' id='block_1_47' title="bbox 144 3181 1695 3258">
    <p class='ocr_par' dir='ltr' id='par_1_47' title="bbox 144 3181 1695 3258">
     <span class='ocr_line' id='line_1_47' title="bbox 144 3181 1695 3258; baseline -0.003 -20"><span class='ocrx_word' id='word_1_350' title='bbox 144 3190 462 3258; x_wconf 75' lang='grc' dir='ltr'>τυγχάνοντα,</span> <span class='ocrx_word' id='word_1_351' title='bbox 496 3189 602 3242; x_wconf 71' lang='grc' dir='ltr'>οὐκ</span> <span class='ocrx_word' id='word_1_352' title='bbox 653 3187 802 3239; x_wconf 72' lang='grc' dir='ltr'>ἔσται</span> <span class='ocrx_word' id='word_1_353' title='bbox 845 3185 1084 3252; x_wconf 84' lang='grc' dir='ltr'>ἀγένητα</span> <span class='ocrx_word' id='word_1_354' title='bbox 1129 3182 1240 3245; x_wconf 75' lang='grc' dir='ltr'>δύο,</span> <span class='ocrx_word' id='word_1_355' title='bbox 1269 3181 1382 3234; x_wconf 82' lang='grc' dir='ltr'>ἀλλ’</span> <span class='ocrx_word' id='word_1_356' title='bbox 1412 3181 1469 3235; x_wconf 64' lang='grc' dir='ltr'><strong>ἒ]</strong></span> <span class='ocrx_word' id='word_1_357' title='bbox 1495 3183 1559 3234; x_wconf 80' lang='grc' dir='ltr'>ὲκ</span> <span class='ocrx_word' id='word_1_358' title='bbox 1581 3181 1695 3234; x_wconf 88' lang='grc' dir='ltr'>δια-</span> 
     </span>
    </p>
   </div>
   <div class='ocr_carea' id='block_1_48' title="bbox 147 3272 1695 3349">
    <p class='ocr_par' dir='ltr' id='par_1_48' title="bbox 147 3272 1695 3349">
     <span class='ocr_line' id='line_1_48' title="bbox 147 3272 1695 3349; baseline -0.004 -16"><span class='ocrx_word' id='word_1_359' title='bbox 147 3280 295 3349; x_wconf 71' lang='grc' dir='ltr'>φόρων</span> <span class='ocrx_word' id='word_1_360' title='bbox 328 3280 604 3340; x_wconf 60' lang='grc' dir='ltr'>συνεστός.</span> <span class='ocrx_word' id='word_1_361' title='bbox 637 3277 771 3330; x_wconf 79' lang='grc' dir='ltr'><strong>Οὐδὲ</strong></span> <span class='ocrx_word' id='word_1_362' title='bbox 796 3276 904 3347; x_wconf 87' lang='grc' dir='ltr'><strong>γάρ</strong></span> <span class='ocrx_word' id='word_1_363' title='bbox 934 3275 1026 3328; x_wconf 86' lang='grc' dir='ltr'><strong>τὸν</strong></span> <span class='ocrx_word' id='word_1_364' title='bbox 1057 3273 1339 3343; x_wconf 72' lang='grc' dir='ltr'>ἄνθρωπον</span> <span class='ocrx_word' id='word_1_365' title='bbox 1369 3272 1559 3344; x_wconf 84' lang='grc' dir='ltr'>ἔχοντα</span> <span class='ocrx_word' id='word_1_366' title='bbox 1579 3273 1695 3327; x_wconf 85' lang='grc' dir='ltr'>διά-</span> 
     </span>
    </p>
   </div>
   <div class='ocr_carea' id='block_1_49' title="bbox 1798 2064 3378 2140">
    <p class='ocr_par' dir='ltr' id='par_1_49' title="bbox 1798 2064 3378 2140">
     <span class='ocr_line' id='line_1_49' title="bbox 1798 2064 3378 2140; baseline -0.004 -14"><span class='ocrx_word' id='word_1_367' title='bbox 1798 2072 2084 2126; x_wconf 86' lang='lat' dir='ltr'><strong>arhitraris</strong></span> <span class='ocrx_word' id='word_1_368' title='bbox 2115 2085 2276 2140; x_wconf 86' lang='lat' dir='ltr'><strong>posse</strong></span> <span class='ocrx_word' id='word_1_369' title='bbox 2299 2084 2385 2124; x_wconf 90' lang='lat' dir='ltr'><strong>me</strong></span> <span class='ocrx_word' id='word_1_370' title='bbox 2409 2069 2623 2123; x_wconf 86' lang='lat' dir='ltr'><strong>discere</strong></span> <span class='ocrx_word' id='word_1_371' title='bbox 2653 2069 2802 2136; x_wconf 90' lang='lat' dir='ltr'><strong>quod</strong></span> <span class='ocrx_word' id='word_1_372' title='bbox 2833 2075 2917 2123; x_wconf 88' lang='lat' dir='ltr'><strong>est</strong></span> <span class='ocrx_word' id='word_1_373' title='bbox 2948 2067 3162 2121; x_wconf 83' lang='lat' dir='ltr'><strong>melius.</strong></span> <span class='ocrx_word' id='word_1_374' title='bbox 3191 2064 3378 2135; x_wconf 83' lang='lat' dir='ltr'><strong>Neque</strong></span> 
     </span>
    </p>
   </div>
   <div class='ocr_carea' id='block_1_50' title="bbox 1796 2156 3379 2232">
    <p class='ocr_par' dir='ltr' id='par_1_50' title="bbox 1796 2156 3379 2232">
     <span class='ocr_line' id='line_1_50' title="bbox 1796 2156 3379 2232; baseline -0.005 -15"><span class='ocrx_word' id='word_1_375' title='bbox 1796 2163 1943 2219; x_wconf 90' lang='lat' dir='ltr'><strong>enim</strong></span> <span class='ocrx_word' id='word_1_376' title='bbox 1983 2161 2322 2232; x_wconf 88' lang='lat' dir='ltr'><strong>propositum</strong></span> <span class='ocrx_word' id='word_1_377' title='bbox 2377 2159 2553 2213; x_wconf 87' lang='lat' dir='ltr'><strong>habeo</strong></span> <span class='ocrx_word' id='word_1_378' title='bbox 2595 2166 2656 2212; x_wconf 88' lang='lat' dir='ltr'><strong>ut</strong></span> <span class='ocrx_word' id='word_1_379' title='bbox 2716 2159 2858 2214; x_wconf 88' lang='lat' dir='ltr'><strong>male</strong></span> <span class='ocrx_word' id='word_1_380' title='bbox 2900 2159 3140 2221; x_wconf 87' lang='lat' dir='ltr'><strong>vincam,</strong></span> <span class='ocrx_word' id='word_1_381' title='bbox 3189 2156 3283 2213; x_wconf 85' lang='lat' dir='ltr'><strong>sed</strong></span> <span class='ocrx_word' id='word_1_382' title='bbox 3320 2164 3379 2210; x_wconf 87' lang='lat' dir='ltr'><strong>ut</strong></span> 
     </span>
    </p>
   </div>
   <div class='ocr_carea' id='block_1_51' title="bbox 1795 2251 3373 2327">
    <p class='ocr_par' dir='ltr' id='par_1_51' title="bbox 1795 2251 3373 2327">
     <span class='ocr_line' id='line_1_51' title="bbox 1795 2251 3373 2327; baseline -0.004 -17"><span class='ocrx_word' id='word_1_383' title='bbox 1795 2270 1986 2310; x_wconf 86' lang='lat' dir='ltr'><strong>verum</strong></span> <span class='ocrx_word' id='word_1_384' title='bbox 2023 2253 2276 2309; x_wconf 90' lang='lat' dir='ltr'><strong>edocear.</strong></span> <span class='ocrx_word' id='word_1_385' title='bbox 2307 2251 2428 2306; x_wconf 79' lang='lat' dir='ltr'><strong>Jam</strong></span> <span class='ocrx_word' id='word_1_386' title='bbox 2460 2253 2646 2322; x_wconf 87' lang='lat' dir='ltr'><strong>itaque</strong></span> <span class='ocrx_word' id='word_1_387' title='bbox 2674 2264 2984 2305; x_wconf 87' lang='lat' dir='ltr'><strong>sermonem</strong></span> <span class='ocrx_word' id='word_1_388' title='bbox 3018 2263 3373 2327; x_wconf 76' lang='lat' dir='ltr'><strong>prosequere.</strong></span> 
     </span>
    </p>
   </div>
   <div class='ocr_carea' id='block_1_52' title="bbox 1868 2453 3380 2526">
    <p class='ocr_par' dir='ltr' id='par_1_52' title="bbox 1868 2453 3380 2526">
     <span class='ocr_line' id='line_1_52' title="bbox 1868 2453 3380 2526; baseline -0.001 -13"><span class='ocrx_word' id='word_1_389' title='bbox 1868 2455 2082 2513; x_wconf 83' lang='lat' dir='ltr'><strong>ORTH.</strong></span> <span class='ocrx_word' id='word_1_390' title='bbox 2114 2455 2256 2511; x_wconf 86' lang='lat' dir='ltr'><strong>Sane</strong></span> <span class='ocrx_word' id='word_1_391' title='bbox 2286 2456 2473 2526; x_wconf 74' lang='lat' dir='ltr'><strong>igitur,</strong></span> <span class='ocrx_word' id='word_1_392' title='bbox 2504 2455 2650 2525; x_wconf 90' lang='lat' dir='ltr'><strong>quod</strong></span> <span class='ocrx_word' id='word_1_393' title='bbox 2700 2454 2852 2509; x_wconf 90' lang='lat' dir='ltr'><strong>nullo</strong></span> <span class='ocrx_word' id='word_1_394' title='bbox 2898 2453 3060 2509; x_wconf 90' lang='lat' dir='ltr'><strong>modo</strong></span> <span class='ocrx_word' id='word_1_395' title='bbox 3102 2453 3216 2526; x_wconf 78' lang='grc'><strong>(15)</strong></span> <span class='ocrx_word' id='word_1_396' title='bbox 3261 2455 3380 2511; x_wconf 82' lang='lat' dir='ltr'><strong>ﬂeri</strong></span> 
     </span>
    </p>
   </div>
   <div class='ocr_carea' id='block_1_53' title="bbox 1800 2545 3380 2621">
    <p class='ocr_par' dir='ltr' id='par_1_53' title="bbox 1800 2545 3380 2621">
     <span class='ocr_line' id='line_1_53' title="bbox 1800 2545 3380 2621; baseline -0.003 -17"><span class='ocrx_word' id='word_1_397' title='bbox 1800 2551 1996 2621; x_wconf 91' lang='lat' dir='ltr'><strong>possit,</strong></span> <span class='ocrx_word' id='word_1_398' title='bbox 2030 2558 2088 2603; x_wconf 90' lang='lat' dir='ltr'><strong>ut</strong></span> <span class='ocrx_word' id='word_1_399' title='bbox 2122 2550 2232 2602; x_wconf 91' lang='lat' dir='ltr'><strong>sint</strong></span> <span class='ocrx_word' id='word_1_400' title='bbox 2283 2547 2394 2602; x_wconf 86' lang='lat' dir='ltr'><strong>duo</strong></span> <span class='ocrx_word' id='word_1_401' title='bbox 2451 2547 2615 2602; x_wconf 90' lang='lat' dir='ltr'><strong>simul</strong></span> <span class='ocrx_word' id='word_1_402' title='bbox 2658 2548 2920 2610; x_wconf 88' lang='lat' dir='ltr'><strong>increata,</strong></span> <span class='ocrx_word' id='word_1_403' title='bbox 2949 2561 3049 2601; x_wconf 91' lang='lat' dir='ltr'><strong>nec</strong></span> <span class='ocrx_word' id='word_1_404' title='bbox 3077 2553 3130 2599; x_wconf 91' lang='lat' dir='ltr'><strong>te</strong></span> <span class='ocrx_word' id='word_1_405' title='bbox 3158 2545 3380 2615; x_wconf 85' lang='lat' dir='ltr'><strong>quidem</strong></span> 
     </span>
    </p>
   </div>
   <div class='ocr_carea' id='block_1_54' title="bbox 1800 2637 3380 2711">
    <p class='ocr_par' dir='ltr' id='par_1_54' title="bbox 1800 2637 3380 2711">
     <span class='ocr_line' id='line_1_54' title="bbox 1800 2637 3380 2711; baseline -0.003 -17"><span class='ocrx_word' id='word_1_406' title='bbox 1800 2643 2052 2711; x_wconf 73' lang='lat' dir='ltr'><strong>ignorare</strong></span> <span class='ocrx_word' id='word_1_407' title='bbox 2080 2650 2232 2710; x_wconf 88' lang='lat' dir='ltr'><strong>puto,</strong></span> <span class='ocrx_word' id='word_1_408' title='bbox 2271 2653 2588 2709; x_wconf 86' lang='lat' dir='ltr'><strong>quanquam</strong></span> <span class='ocrx_word' id='word_1_409' title='bbox 2630 2637 2682 2691; x_wconf 89' lang='lat' dir='ltr'><strong>id</strong></span> <span class='ocrx_word' id='word_1_410' title='bbox 2736 2637 2972 2691; x_wconf 78' lang='lat' dir='ltr'><strong>maxime</strong></span> <span class='ocrx_word' id='word_1_411' title='bbox 2998 2637 3237 2691; x_wconf 89' lang='lat' dir='ltr'><strong>videaris</strong></span> <span class='ocrx_word' id='word_1_412' title='bbox 3265 2652 3380 2690; x_wconf 81' lang='lat' dir='ltr'><strong>ser-</strong></span> 
     </span>
    </p>
   </div>
   <div class='ocr_carea' id='block_1_55' title="bbox 1800 2727 3380 2802">
    <p class='ocr_par' dir='ltr' id='par_1_55' title="bbox 1800 2727 3380 2802">
     <span class='ocr_line' id='line_1_55' title="bbox 1800 2727 3380 2802; baseline -0.003 -15"><span class='ocrx_word' id='word_1_413' title='bbox 1800 2748 1962 2787; x_wconf 90' lang='lat' dir='ltr'><strong>mone</strong></span> <span class='ocrx_word' id='word_1_414' title='bbox 1997 2734 2107 2802; x_wconf 89' lang='lat' dir='ltr'><strong>jam</strong></span> <span class='ocrx_word' id='word_1_415' title='bbox 2137 2731 2322 2786; x_wconf 86' lang='lat' dir='ltr'><strong>habito</strong></span> <span class='ocrx_word' id='word_1_416' title='bbox 2345 2733 2628 2786; x_wconf 79' lang='lat' dir='ltr'><strong>statuisse.</strong></span> <span class='ocrx_word' id='word_1_417' title='bbox 2657 2728 2824 2784; x_wconf 85' lang='lat' dir='ltr'><strong>Plane</strong></span> <span class='ocrx_word' id='word_1_418' title='bbox 2848 2727 3116 2798; x_wconf 79' lang='lat' dir='ltr'><strong>siquidem</strong></span> <span class='ocrx_word' id='word_1_419' title='bbox 3149 2731 3380 2782; x_wconf 88' lang='lat' dir='ltr'><strong>duorum</strong></span> 
     </span>
    </p>
   </div>
   <div class='ocr_carea' id='block_1_56' title="bbox 1801 2817 3379 2888">
    <p class='ocr_par' dir='ltr' id='par_1_56' title="bbox 1801 2817 3379 2888">
     <span class='ocr_line' id='line_1_56' title="bbox 1801 2817 3379 2888; baseline -0.004 -10"><span class='ocrx_word' id='word_1_420' title='bbox 1801 2825 2030 2879; x_wconf 89' lang='lat' dir='ltr'><strong>alterum</strong></span> <span class='ocrx_word' id='word_1_421' title='bbox 2072 2837 2356 2877; x_wconf 81' lang='lat' dir='ltr'><strong>necessum</strong></span> <span class='ocrx_word' id='word_1_422' title='bbox 2384 2821 2549 2876; x_wconf 86' lang='lat' dir='ltr'><strong>fuerit</strong></span> <span class='ocrx_word' id='word_1_423' title='bbox 2575 2819 2788 2884; x_wconf 90' lang='lat' dir='ltr'><strong>dicere;</strong></span> <span class='ocrx_word' id='word_1_424' title='bbox 2825 2819 2906 2873; x_wconf 92' lang='lat' dir='ltr'><strong>vel</strong></span> <span class='ocrx_word' id='word_1_425' title='bbox 2932 2817 3077 2888; x_wconf 90' lang='lat' dir='ltr'><strong>quod</strong></span> <span class='ocrx_word' id='word_1_426' title='bbox 3110 2817 3254 2873; x_wconf 89' lang='lat' dir='ltr'><strong>Deus</strong></span> <span class='ocrx_word' id='word_1_427' title='bbox 3288 2833 3379 2872; x_wconf 89' lang='lat' dir='ltr'><strong>se-</strong></span> 
     </span>
    </p>
   </div>
   <div class='ocr_carea' id='block_1_57' title="bbox 1801 2909 3375 2986">
    <p class='ocr_par' dir='ltr' id='par_1_57' title="bbox 1801 2909 3375 2986">
     <span class='ocr_line' id='line_1_57' title="bbox 1801 2909 3375 2986; baseline -0.004 -16"><span class='ocrx_word' id='word_1_428' title='bbox 1801 2924 2025 2986; x_wconf 89' lang='lat' dir='ltr'><strong>paratus</strong></span> <span class='ocrx_word' id='word_1_429' title='bbox 2045 2915 2112 2972; x_wconf 88' lang='lat' dir='ltr'><strong>sit</strong></span> <span class='ocrx_word' id='word_1_430' title='bbox 2145 2930 2175 2967; x_wconf 91' lang='lat' dir='ltr'><strong>a</strong></span> <span class='ocrx_word' id='word_1_431' title='bbox 2204 2914 2452 2976; x_wconf 83' lang='lat' dir='ltr'><strong>materia,</strong></span> <span class='ocrx_word' id='word_1_432' title='bbox 2484 2914 2567 2966; x_wconf 90' lang='lat' dir='ltr'><strong>vel</strong></span> <span class='ocrx_word' id='word_1_433' title='bbox 2601 2917 2793 2966; x_wconf 89' lang='lat' dir='ltr'><strong>contra</strong></span> <span class='ocrx_word' id='word_1_434' title='bbox 2824 2911 2971 2978; x_wconf 90' lang='lat' dir='ltr'><strong>quod</strong></span> <span class='ocrx_word' id='word_1_435' title='bbox 3000 2909 3267 2965; x_wconf 86' lang='lat' dir='ltr'><strong>indivisus</strong></span> <span class='ocrx_word' id='word_1_436' title='bbox 3297 2909 3375 2964; x_wconf 89' lang='lat' dir='ltr'><strong>illi</strong></span> 
     </span>
    </p>
   </div>
   <div class='ocr_carea' id='block_1_58' title="bbox 1801 3001 3383 3073">
    <p class='ocr_par' dir='ltr' id='par_1_58' title="bbox 1801 3001 3383 3073">
     <span class='ocr_line' id='line_1_58' title="bbox 1801 3001 3383 3073; baseline -0.003 -13"><span class='ocrx_word' id='word_1_437' title='bbox 1801 3008 2092 3061; x_wconf 63' lang='lat' dir='ltr'><strong>cohmreat.</strong></span> <span class='ocrx_word' id='word_1_438' title='bbox 2150 3003 2206 3057; x_wconf 91' lang='lat' dir='ltr'><strong>Si</strong></span> <span class='ocrx_word' id='word_1_439' title='bbox 2248 3004 2371 3073; x_wconf 84' lang='lat' dir='ltr'><strong>quis</strong></span> <span class='ocrx_word' id='word_1_440' title='bbox 2426 3003 2592 3072; x_wconf 79' lang='lat' dir='ltr'><strong>igitur</strong></span> <span class='ocrx_word' id='word_1_441' title='bbox 2619 3003 2766 3056; x_wconf 89' lang='lat' dir='ltr'><strong>unita</strong></span> <span class='ocrx_word' id='word_1_442' title='bbox 2799 3001 2931 3056; x_wconf 82' lang='lat' dir='ltr'><strong>velit</strong></span> <span class='ocrx_word' id='word_1_443' title='bbox 2977 3002 3178 3064; x_wconf 90' lang='lat' dir='ltr'><strong>dicere,</strong></span> <span class='ocrx_word' id='word_1_444' title='bbox 3213 3015 3383 3056; x_wconf 85' lang='lat' dir='ltr'><strong>unum</strong></span> 
     </span>
    </p>
   </div>
   <div class='ocr_carea' id='block_1_59' title="bbox 1804 3091 3384 3165">
    <p class='ocr_par' dir='ltr' id='par_1_59' title="bbox 1804 3091 3384 3165">
     <span class='ocr_line' id='line_1_59' title="bbox 1804 3091 3384 3165; baseline -0.003 -15"><span class='ocrx_word' id='word_1_445' title='bbox 1804 3097 2106 3165; x_wconf 24' lang='lat' dir='ltr'><strong>inereu‘tum</strong></span> <span class='ocrx_word' id='word_1_446' title='bbox 2157 3094 2376 3148; x_wconf 81' lang='lat' dir='ltr'><strong>dixerit.</strong></span> <span class='ocrx_word' id='word_1_447' title='bbox 2436 3091 2574 3162; x_wconf 86' lang='lat' dir='ltr'><strong>(Erit</strong></span> <span class='ocrx_word' id='word_1_448' title='bbox 2634 3093 2901 3161; x_wconf 88' lang='lat' dir='ltr'><strong>siquidem</strong></span> <span class='ocrx_word' id='word_1_449' title='bbox 2952 3092 3384 3161; x_wconf 88' lang='lat' dir='ltr'><strong>unumquodque</strong></span> 
     </span>
    </p>
   </div>
   <div class='ocr_carea' id='block_1_60' title="bbox 1801 3183 3383 3257">
    <p class='ocr_par' dir='ltr' id='par_1_60' title="bbox 1801 3183 3383 3257">
     <span class='ocr_line' id='line_1_60' title="bbox 1801 3183 3383 3257; baseline -0.003 -17"><span class='ocrx_word' id='word_1_450' title='bbox 1801 3187 1997 3241; x_wconf 90' lang='lat' dir='ltr'><strong>horum</strong></span> <span class='ocrx_word' id='word_1_451' title='bbox 2027 3185 2312 3257; x_wconf 87' lang='lat' dir='ltr'><strong>propinqui</strong></span> <span class='ocrx_word' id='word_1_452' title='bbox 2347 3185 2647 3257; x_wconf 71' lang='lat' dir='ltr'><strong>pars(16).)</strong></span> <span class='ocrx_word' id='word_1_453' title='bbox 2666 3184 2834 3238; x_wconf 87' lang='lat' dir='ltr'><strong>Porro</strong></span> <span class='ocrx_word' id='word_1_454' title='bbox 2859 3199 2981 3254; x_wconf 66' lang='lat' dir='ltr'><strong>quae</strong></span> <span class='ocrx_word' id='word_1_455' title='bbox 3003 3191 3130 3238; x_wconf 90' lang='lat' dir='ltr'><strong>sunt</strong></span> <span class='ocrx_word' id='word_1_456' title='bbox 3149 3183 3383 3238; x_wconf 81' lang='lat' dir='ltr'><strong>invicem</strong></span> 
     </span>
    </p>
   </div>
   <div class='ocr_carea' id='block_1_61' title="bbox 1803 3275 3384 3350">
    <p class='ocr_par' dir='ltr' id='par_1_61' title="bbox 1803 3275 3384 3350">
     <span class='ocr_line' id='line_1_61' title="bbox 1803 3275 3384 3350; baseline -0.003 -18"><span class='ocrx_word' id='word_1_457' title='bbox 1803 3289 2008 3350; x_wconf 90' lang='lat' dir='ltr'><strong>partes,</strong></span> <span class='ocrx_word' id='word_1_458' title='bbox 2042 3295 2150 3334; x_wconf 91' lang='lat' dir='ltr'><strong>non</strong></span> <span class='ocrx_word' id='word_1_459' title='bbox 2183 3279 2292 3333; x_wconf 91' lang='lat' dir='ltr'><strong>duo</strong></span> <span class='ocrx_word' id='word_1_460' title='bbox 2329 3279 2594 3340; x_wconf 88' lang='lat' dir='ltr'><strong>increata,</strong></span> <span class='ocrx_word' id='word_1_461' title='bbox 2626 3278 2720 3333; x_wconf 89' lang='lat' dir='ltr'><strong>sed</strong></span> <span class='ocrx_word' id='word_1_462' title='bbox 2752 3292 2920 3331; x_wconf 92' lang='lat' dir='ltr'><strong>unum</strong></span> <span class='ocrx_word' id='word_1_463' title='bbox 2942 3277 3174 3330; x_wconf 86' lang='lat' dir='ltr'><strong>diversis</strong></span> <span class='ocrx_word' id='word_1_464' title='bbox 3201 3275 3384 3330; x_wconf 88' lang='lat' dir='ltr'><strong>consi-</strong></span> 
     </span>
    </p>
   </div>
   <div class='ocr_carea' id='block_1_62' title="bbox 148 3351 1697 3442">
    <p class='ocr_par' dir='ltr' id='par_1_62' title="bbox 148 3365 1697 3442">
     <span class='ocr_line' id='line_1_62' title="bbox 148 3365 1697 3442; baseline -0.037 -4"><span class='ocrx_word' id='word_1_465' title='bbox 148 3388 263 3440; x_wconf 58' lang='grc' dir='ltr'>φςρα</span> <span class='ocrx_word' id='word_1_466' title='bbox 291 3374 420 3442; x_wconf 85' lang='grc' dir='ltr'>μέλη</span> <span class='ocrx_word' id='word_1_467' title='bbox 455 3369 1005 3440; x_wconf 76' lang='grc' dir='ltr'>κατακερματίζομεν</span> <span class='ocrx_word' id='word_1_468' title='bbox 1031 3368 1111 3430; x_wconf 78' lang='grc' dir='ltr'>εις</span> <span class='ocrx_word' id='word_1_469' title='bbox 1131 3365 1302 3419; x_wconf 77' lang='grc' dir='ltr'>πολλά</span> <span class='ocrx_word' id='word_1_470' title='bbox 1324 3367 1544 3436; x_wconf 47' lang='grc' dir='ltr'>γενητά.</span> <span class='ocrx_word' id='word_1_471' title='bbox 1563 3365 1697 3418; x_wconf 64' lang='grc' dir='ltr'><strong>Ἂλλ.</strong></span> 
     </span>
    </p>
   </div>
   <div class='ocr_carea' id='block_1_63' title="bbox 1804 3351 3384 3442">
    <p class='ocr_par' dir='ltr' id='par_1_63' title="bbox 1807 3365 3384 3437">
     <span class='ocr_line' id='line_1_63' title="bbox 1807 3365 3384 3437; baseline -0.006 -10"><span class='ocrx_word' id='word_1_472' title='bbox 1807 3379 1980 3436; x_wconf 85' lang='lat' dir='ltr'><strong>stens,</strong></span> <span class='ocrx_word' id='word_1_473' title='bbox 2007 3372 2312 3426; x_wconf 85' lang='lat' dir='ltr'><strong>increatum</strong></span> <span class='ocrx_word' id='word_1_474' title='bbox 2336 3376 2517 3427; x_wconf 89' lang='lat' dir='ltr'><strong>erunt.</strong></span> <span class='ocrx_word' id='word_1_475' title='bbox 2552 3367 2685 3422; x_wconf 88' lang='lat' dir='ltr'><strong>Nam</strong></span> <span class='ocrx_word' id='word_1_476' title='bbox 2716 3384 2894 3437; x_wconf 87' lang='lat' dir='ltr'><strong>neque</strong></span> <span class='ocrx_word' id='word_1_477' title='bbox 2924 3367 3220 3429; x_wconf 84' lang='lat' dir='ltr'><strong>hominem,</strong></span> <span class='ocrx_word' id='word_1_478' title='bbox 3250 3365 3384 3419; x_wconf 85' lang='lat' dir='ltr'><strong>mul-</strong></span> 
     </span>
    </p>
   </div>
   <div class='ocr_carea' id='block_1_64' title="bbox 147 3462 1700 3536">
    <p class='ocr_par' dir='ltr' id='par_1_64' title="bbox 147 3462 1700 3536">
     <span class='ocr_line' id='line_1_64' title="bbox 147 3462 1700 3536; baseline -0.006 -16"><span class='ocrx_word' id='word_1_479' title='bbox 147 3467 192 3536; x_wconf 69' lang='grc' dir='ltr'>ἢ,</span> <span class='ocrx_word' id='word_1_480' title='bbox 215 3466 279 3530; x_wconf 80' lang='grc' dir='ltr'>ὡς</span> <span class='ocrx_word' id='word_1_481' title='bbox 311 3470 336 3520; x_wconf 81' lang='grc' dir='ltr'>ὁ</span> <span class='ocrx_word' id='word_1_482' title='bbox 361 3467 520 3534; x_wconf 77' lang='grc' dir='ltr'>λόγος</span> <span class='ocrx_word' id='word_1_483' title='bbox 553 3468 796 3529; x_wconf 86' lang='grc' dir='ltr'>ἀπαιτεῖ,</span> <span class='ocrx_word' id='word_1_484' title='bbox 826 3466 885 3517; x_wconf 76' lang='grc' dir='ltr'>ἓν</span> <span class='ocrx_word' id='word_1_485' title='bbox 911 3481 962 3517; x_wconf 87' lang='grc' dir='ltr'><strong>τι</strong></span> <span class='ocrx_word' id='word_1_486' title='bbox 991 3464 1236 3533; x_wconf 87' lang='grc' dir='ltr'>γενητὸν,</span> <span class='ocrx_word' id='word_1_487' title='bbox 1265 3462 1357 3516; x_wconf 87' lang='grc' dir='ltr'><strong>τὸν</strong></span> <span class='ocrx_word' id='word_1_488' title='bbox 1395 3462 1700 3534; x_wconf 78' lang='grc' dir='ltr'>ἄνθρωπον,</span> 
     </span>
    </p>
   </div>
   <div class='ocr_carea' id='block_1_65' title="bbox 150 3551 1704 3626">
    <p class='ocr_par' dir='ltr' id='par_1_65' title="bbox 150 3551 1704 3626">
     <span class='ocr_line' id='line_1_65' title="bbox 150 3551 1704 3626; baseline -0.001 -20"><span class='ocrx_word' id='word_1_489' title='bbox 150 3558 443 3626; x_wconf 62' lang='grc' dir='ltr'>πολυμερὲς,</span> <span class='ocrx_word' id='word_1_490' title='bbox 493 3556 635 3626; x_wconf 83' lang='grc' dir='ltr'>πρὸς</span> <span class='ocrx_word' id='word_1_491' title='bbox 669 3555 761 3608; x_wconf 83' lang='grc' dir='ltr'>τοῦ</span> <span class='ocrx_word' id='word_1_492' title='bbox 803 3554 937 3607; x_wconf 80' lang='grc' dir='ltr'>Θεοῦ</span> <span class='ocrx_word' id='word_1_493' title='bbox 979 3553 1257 3622; x_wconf 84' lang='grc' dir='ltr'>γεγονέναι</span> <span class='ocrx_word' id='word_1_494' title='bbox 1284 3553 1482 3623; x_wconf 82' lang='grc' dir='ltr'>φαμέν.</span> <span class='ocrx_word' id='word_1_495' title='bbox 1517 3551 1704 3614; x_wconf 88' lang='grc' dir='ltr'>Οὕτως</span> 
     </span>
    </p>
   </div>
   <div class='ocr_carea' id='block_1_66' title="bbox 149 3641 1704 3718">
    <p class='ocr_par' dir='ltr' id='par_1_66' title="bbox 149 3641 1704 3718">
     <span class='ocr_line' id='line_1_66' title="bbox 149 3641 1704 3718; baseline -0.004 -18"><span class='ocrx_word' id='word_1_496' title='bbox 149 3647 351 3718; x_wconf 74' lang='grc' dir='ltr'>ἀνάγκη,</span> <span class='ocrx_word' id='word_1_497' title='bbox 379 3649 428 3700; x_wconf 76' lang='grc' dir='ltr'>εἰ</span> <span class='ocrx_word' id='word_1_498' title='bbox 467 3647 571 3717; x_wconf 79' lang='grc' dir='ltr'>μὲν</span> <span class='ocrx_word' id='word_1_499' title='bbox 616 3647 690 3716; x_wconf 83' lang='grc' dir='ltr'>μὴ</span> <span class='ocrx_word' id='word_1_500' title='bbox 735 3643 1064 3715; x_wconf 67' lang='grc' dir='ltr'>κεχώρισται</span> <span class='ocrx_word' id='word_1_501' title='bbox 1096 3645 1196 3714; x_wconf 84' lang='grc' dir='ltr'><strong>τῆς</strong></span> <span class='ocrx_word' id='word_1_502' title='bbox 1229 3642 1360 3714; x_wconf 91' lang='grc' dir='ltr'>ὕλης</span> <span class='ocrx_word' id='word_1_503' title='bbox 1395 3644 1424 3695; x_wconf 83' lang='grc' dir='ltr'><strong>ὁ</strong></span> <span class='ocrx_word' id='word_1_504' title='bbox 1459 3643 1610 3706; x_wconf 84' lang='grc' dir='ltr'>Θεὸς,</span> <span class='ocrx_word' id='word_1_505' title='bbox 1646 3641 1704 3694; x_wconf 81' lang='grc' dir='ltr'>ἓν</span> 
     </span>
    </p>
   </div>
   <div class='ocr_carea' id='block_1_67' title="bbox 149 3733 1700 3808">
    <p class='ocr_par' dir='ltr' id='par_1_67' title="bbox 149 3733 1700 3808">
     <span class='ocr_line' id='line_1_67' title="bbox 149 3733 1700 3808; baseline -0.003 -20"><span class='ocrx_word' id='word_1_506' title='bbox 149 3737 197 3788; x_wconf 77' lang='grc' dir='ltr'><strong>τὸ</strong></span> <span class='ocrx_word' id='word_1_507' title='bbox 218 3739 466 3808; x_wconf 79' lang='grc' dir='ltr'>ἀγένητον</span> <span class='ocrx_word' id='word_1_508' title='bbox 501 3733 646 3790; x_wconf 75' lang='grc' dir='ltr'>εἶναι</span> <span class='ocrx_word' id='word_1_509' title='bbox 671 3736 846 3804; x_wconf 84' lang='grc' dir='ltr'>λέγειν</span> <span class='ocrx_word' id='word_1_510' title='bbox 865 3751 879 3764; x_wconf 77' lang='grc'><strong>⁸</strong></span> <span class='ocrx_word' id='word_1_511' title='bbox 907 3735 956 3788; x_wconf 77' lang='grc' dir='ltr'>εἰ</span> <span class='ocrx_word' id='word_1_512' title='bbox 977 3735 1034 3788; x_wconf 86' lang='grc' dir='ltr'><strong>δὲ</strong></span> <span class='ocrx_word' id='word_1_513' title='bbox 1057 3735 1388 3805; x_wconf 78' lang='grc' dir='ltr'>κεχωρίσθαι</span> <span class='ocrx_word' id='word_1_514' title='bbox 1408 3736 1570 3804; x_wconf 82' lang='grc' dir='ltr'>φήσει</span> <span class='ocrx_word' id='word_1_515' title='bbox 1596 3751 1700 3796; x_wconf 89' lang='grc' dir='ltr'>τις,</span> 
     </span>
    </p>
   </div>
   <div class='ocr_carea' id='block_1_68' title="bbox 151 3821 1704 3899">
    <p class='ocr_par' dir='ltr' id='par_1_68' title="bbox 151 3821 1704 3899">
     <span class='ocr_line' id='line_1_68' title="bbox 151 3821 1704 3899; baseline -0.003 -20"><span class='ocrx_word' id='word_1_516' title='bbox 151 3827 333 3899; x_wconf 78' lang='grc' dir='ltr'>ἀνάγκη</span> <span class='ocrx_word' id='word_1_517' title='bbox 367 3826 510 3883; x_wconf 86' lang='grc' dir='ltr'>εἷναί</span> <span class='ocrx_word' id='word_1_518' title='bbox 562 3846 613 3880; x_wconf 90' lang='grc' dir='ltr'><strong>τι</strong></span> <span class='ocrx_word' id='word_1_519' title='bbox 666 3827 727 3880; x_wconf 87' lang='grc' dir='ltr'><strong>τὸ</strong></span> <span class='ocrx_word' id='word_1_520' title='bbox 756 3826 1026 3897; x_wconf 81' lang='grc' dir='ltr'>ἀναμέσον</span> <span class='ocrx_word' id='word_1_521' title='bbox 1053 3825 1398 3897; x_wconf 78' lang='grc' dir='ltr'>ἀμφοτέρων,</span> <span class='ocrx_word' id='word_1_522' title='bbox 1432 3821 1569 3894; x_wconf 80' lang='grc' dir='ltr'>ὅπερ</span> <span class='ocrx_word' id='word_1_523' title='bbox 1609 3825 1704 3876; x_wconf 80' lang='grc' dir='ltr'><strong>καὶ</strong></span> 
     </span>
    </p>
   </div>
   <div class='ocr_carea' id='block_1_69' title="bbox 149 3916 1705 3992">
    <p class='ocr_par' dir='ltr' id='par_1_69' title="bbox 149 3916 1705 3992">
     <span class='ocr_line' id='line_1_69' title="bbox 149 3916 1705 3992; baseline -0.001 -22"><span class='ocrx_word' id='word_1_524' title='bbox 149 3921 222 3971; x_wconf 81' lang='grc' dir='ltr'><strong>τὸν</strong></span> <span class='ocrx_word' id='word_1_525' title='bbox 249 3923 520 3992; x_wconf 82' lang='grc' dir='ltr'>χωρισμὸν</span> <span class='ocrx_word' id='word_1_526' title='bbox 557 3919 733 3973; x_wconf 75' lang='grc' dir='ltr'>αὐτῶν</span> <span class='ocrx_word' id='word_1_527' title='bbox 763 3919 1051 3974; x_wconf 84' lang='grc' dir='ltr'>δείκνυσιν.</span> <span class='ocrx_word' id='word_1_528' title='bbox 1071 3919 1351 3971; x_wconf 73' lang='grc' dir='ltr'>Ἀδύνατον</span> <span class='ocrx_word' id='word_1_529' title='bbox 1373 3916 1482 3988; x_wconf 87' lang='lat'><strong>7&amp;9</strong></span> <span class='ocrx_word' id='word_1_530' title='bbox 1512 3919 1570 3970; x_wconf 83' lang='grc' dir='ltr'>ὲν</span> <span class='ocrx_word' id='word_1_531' title='bbox 1591 3917 1705 3969; x_wconf 89' lang='grc' dir='ltr'>δια-</span> 
     </span>
    </p>
   </div>
   <div class='ocr_carea' id='block_1_70' title="bbox 150 4009 1703 4081">
    <p class='ocr_par' dir='ltr' id='par_1_70' title="bbox 150 4009 1703 4081">
     <span class='ocr_line' id='line_1_70' title="bbox 150 4009 1703 4081; baseline -0.002 -16"><span class='ocrx_word' id='word_1_532' title='bbox 150 4014 312 4066; x_wconf 79' lang='grc' dir='ltr'>στάσει</span> <span class='ocrx_word' id='word_1_533' title='bbox 337 4013 630 4078; x_wconf 80' lang='grc' dir='ltr'>ὲξετάσθαι</span> <span class='ocrx_word' id='word_1_534' title='bbox 651 4031 703 4065; x_wconf 93' lang='grc' dir='ltr'><strong>τι</strong></span> <span class='ocrx_word' id='word_1_535' title='bbox 727 4010 834 4065; x_wconf 61' lang='grc' dir='ltr'>άτιό</span> <span class='ocrx_word' id='word_1_536' title='bbox 857 4028 1020 4076; x_wconf 85' lang='grc' dir='ltr'>τινος,</span> <span class='ocrx_word' id='word_1_537' title='bbox 1049 4012 1149 4065; x_wconf 82' lang='grc' dir='ltr'><strong>οὐκ</strong></span> <span class='ocrx_word' id='word_1_538' title='bbox 1177 4011 1325 4074; x_wconf 79' lang='grc' dir='ltr'>ὖντος</span> <span class='ocrx_word' id='word_1_539' title='bbox 1350 4010 1556 4081; x_wconf 81' lang='grc' dir='ltr'>ἐτέρου,</span> <span class='ocrx_word' id='word_1_540' title='bbox 1581 4009 1703 4063; x_wconf 81' lang='grc' dir='ltr'>καθ’</span> 
     </span>
    </p>
   </div>
   <div class='ocr_carea' id='block_1_71' title="bbox 148 4101 1706 4176">
    <p class='ocr_par' dir='ltr' id='par_1_71' title="bbox 148 4101 1706 4176">
     <span class='ocr_line' id='line_1_71' title="bbox 148 4101 1706 4176; baseline 0.001 -21"><span class='ocrx_word' id='word_1_541' title='bbox 148 4101 222 4173; x_wconf 71' lang='grc' dir='ltr'><strong>δὴ</strong></span> <span class='ocrx_word' id='word_1_542' title='bbox 252 4105 530 4168; x_wconf 81' lang='grc' dir='ltr'>διάστασις</span> <span class='ocrx_word' id='word_1_543' title='bbox 566 4104 822 4176; x_wconf 78' lang='grc' dir='ltr'>ἐκατέρου</span> <span class='ocrx_word' id='word_1_544' title='bbox 861 4103 1272 4176; x_wconf 82' lang='grc' dir='ltr'>γίνεται.”οπερ</span> <span class='ocrx_word' id='word_1_545' title='bbox 1297 4105 1356 4157; x_wconf 84' lang='grc' dir='ltr'>οὑ</span> <span class='ocrx_word' id='word_1_546' title='bbox 1397 4105 1556 4175; x_wconf 89' lang='grc' dir='ltr'>μέχρι</span> <span class='ocrx_word' id='word_1_547' title='bbox 1584 4103 1706 4157; x_wconf 82' lang='grc' dir='ltr'>τού-</span> 
     </span>
    </p>
   </div>
   <div class='ocr_carea' id='block_1_72' title="bbox 148 4195 1706 4265">
    <p class='ocr_par' dir='ltr' id='par_1_72' title="bbox 148 4195 1706 4265">
     <span class='ocr_line' id='line_1_72' title="bbox 148 4195 1706 4265; baseline 0.003 -20"><span class='ocrx_word' id='word_1_548' title='bbox 148 4208 227 4246; x_wconf 78' lang='grc' dir='ltr'><strong>του</strong></span> <span class='ocrx_word' id='word_1_549' title='bbox 249 4197 454 4248; x_wconf 78' lang='grc' dir='ltr'>ἵσταται</span> <span class='ocrx_word' id='word_1_550' title='bbox 484 4198 584 4248; x_wconf 78' lang='grc' dir='ltr'><strong>καὶ</strong></span> <span class='ocrx_word' id='word_1_551' title='bbox 622 4197 804 4265; x_wconf 83' lang='grc' dir='ltr'>μόνου,</span> <span class='ocrx_word' id='word_1_552' title='bbox 833 4195 968 4248; x_wconf 88' lang='grc' dir='ltr'><strong>ἀλλά</strong></span> <span class='ocrx_word' id='word_1_553' title='bbox 998 4198 1094 4250; x_wconf 75' lang='grc' dir='ltr'>καὶ</span> <span class='ocrx_word' id='word_1_554' title='bbox 1138 4196 1404 4249; x_wconf 87' lang='grc' dir='ltr'>πλείστων</span> <span class='ocrx_word' id='word_1_555' title='bbox 1437 4197 1706 4250; x_wconf 81' lang='grc' dir='ltr'>ὃσων.“υν</span> 
     </span>
    </p>
   </div>
   <div class='ocr_carea' id='block_1_73' title="bbox 149 4286 1707 4359">
    <p class='ocr_par' dir='ltr' id='par_1_73' title="bbox 149 4286 1707 4359">
     <span class='ocr_line' id='line_1_73' title="bbox 149 4286 1707 4359; baseline 0.003 -22"><span class='ocrx_word' id='word_1_556' title='bbox 149 4286 240 4356; x_wconf 75' lang='grc' dir='ltr'><strong>γάρ</strong></span> <span class='ocrx_word' id='word_1_557' title='bbox 267 4289 353 4339; x_wconf 72' lang='grc' dir='ltr'>ἐπὶ</span> <span class='ocrx_word' id='word_1_558' title='bbox 383 4289 493 4340; x_wconf 76' lang='grc' dir='ltr'><strong>τῶν</strong></span> <span class='ocrx_word' id='word_1_559' title='bbox 527 4288 622 4340; x_wconf 71' lang='grc' dir='ltr'>δύο</span> <span class='ocrx_word' id='word_1_560' title='bbox 652 4289 928 4359; x_wconf 82' lang='grc' dir='ltr'>ἀγενήτων</span> <span class='ocrx_word' id='word_1_561' title='bbox 966 4290 1197 4359; x_wconf 71' lang='grc' dir='ltr'>εἴπαμεν</span> <span class='ocrx_word' id='word_1_562' title='bbox 1221 4289 1396 4357; x_wconf 87' lang='grc' dir='ltr'>λόγον,</span> <span class='ocrx_word' id='word_1_563' title='bbox 1428 4289 1616 4342; x_wconf 78' lang='grc' dir='ltr'>τοῦτον</span> <span class='ocrx_word' id='word_1_564' title='bbox 1649 4287 1707 4353; x_wconf 76' lang='grc' dir='ltr'>ἐξ</span> 
     </span>
    </p>
   </div>
   <div class='ocr_carea' id='block_1_74' title="bbox 151 4377 1703 4452">
    <p class='ocr_par' dir='ltr' id='par_1_74' title="bbox 151 4377 1703 4452">
     <span class='ocr_line' id='line_1_74' title="bbox 151 4377 1703 4452; baseline 0.003 -25"><span class='ocrx_word' id='word_1_565' title='bbox 151 4377 369 4449; x_wconf 78' lang='grc' dir='ltr'>ἀνάγκης</span> <span class='ocrx_word' id='word_1_566' title='bbox 418 4379 626 4449; x_wconf 86' lang='grc' dir='ltr'>ὁμοίως</span> <span class='ocrx_word' id='word_1_567' title='bbox 678 4383 999 4450; x_wconf 86' lang='grc' dir='ltr'>προχωρεῖν,</span> <span class='ocrx_word' id='word_1_568' title='bbox 1034 4381 1082 4432; x_wconf 81' lang='grc' dir='ltr'><strong>εί</strong></span> <span class='ocrx_word' id='word_1_569' title='bbox 1116 4380 1188 4432; x_wconf 85' lang='grc' dir='ltr'>τὰ</span> <span class='ocrx_word' id='word_1_570' title='bbox 1241 4381 1478 4451; x_wconf 85' lang='grc' dir='ltr'>ἀγένητα</span> <span class='ocrx_word' id='word_1_571' title='bbox 1527 4380 1703 4452; x_wconf 88' lang='grc' dir='ltr'>δοθείη</span> 
     </span>
    </p>
   </div>
   <div class='ocr_carea' id='block_1_75' title="bbox 151 4470 1709 4553">
    <p class='ocr_par' dir='ltr' id='par_1_75' title="bbox 151 4470 1709 4553">
     <span class='ocr_line' id='line_1_75' title="bbox 151 4470 1709 4553; baseline 0.003 -34"><span class='ocrx_word' id='word_1_572' title='bbox 151 4470 273 4537; x_wconf 72' lang='grc' dir='ltr'>τρία.</span> <span class='ocrx_word' id='word_1_573' title='bbox 310 4473 418 4524; x_wconf 73' lang='grc' dir='ltr'><strong>Καὶ</strong></span> <span class='ocrx_word' id='word_1_574' title='bbox 446 4473 562 4543; x_wconf 80' lang='lat'><strong>7&amp;9</strong></span> <span class='ocrx_word' id='word_1_575' title='bbox 590 4472 718 4542; x_wconf 74' lang='grc' dir='ltr'>περὶ</span> <span class='ocrx_word' id='word_1_576' title='bbox 748 4472 950 4524; x_wconf 71' lang='grc' dir='ltr'>τούτων</span> <span class='ocrx_word' id='word_1_577' title='bbox 973 4473 1200 4553; x_wconf 64' lang='grc' dir='ltr'>ἐροίμην</span> <span class='ocrx_word' id='word_1_578' title='bbox 1246 4472 1333 4539; x_wconf 83' lang='grc' dir='ltr'><strong>ἂν,</strong></span> <span class='ocrx_word' id='word_1_579' title='bbox 1381 4475 1428 4525; x_wconf 82' lang='grc' dir='ltr'><strong>εί</strong></span> <span class='ocrx_word' id='word_1_580' title='bbox 1477 4472 1709 4542; x_wconf 71' lang='grc' dir='ltr'>κεχώριο</span> 
     </span>
    </p>
   </div>
   <div class='ocr_carea' id='block_1_76' title="bbox 155 4559 1708 4634">
    <p class='ocr_par' dir='ltr' id='par_1_76' title="bbox 155 4559 1708 4634">
     <span class='ocr_line' id='line_1_76' title="bbox 155 4559 1708 4634; baseline 0.004 -24"><span class='ocrx_word' id='word_1_581' title='bbox 155 4574 256 4613; x_wconf 81' lang='grc' dir='ltr'>σται</span> <span class='ocrx_word' id='word_1_582' title='bbox 301 4565 392 4614; x_wconf 80' lang='grc' dir='ltr'>ἀπ’</span> <span class='ocrx_word' id='word_1_583' title='bbox 423 4563 694 4633; x_wconf 82' lang='grc' dir='ltr'>ἀλλήλων,</span> <span class='ocrx_word' id='word_1_584' title='bbox 721 4564 756 4634; x_wconf 78' lang='grc' dir='ltr'>ἢ</span> <span class='ocrx_word' id='word_1_585' title='bbox 797 4559 862 4616; x_wconf 79' lang='grc' dir='ltr'>αὖ</span> <span class='ocrx_word' id='word_1_586' title='bbox 914 4563 1075 4616; x_wconf 85' lang='grc' dir='ltr'>πάλιν</span> <span class='ocrx_word' id='word_1_587' title='bbox 1105 4564 1334 4616; x_wconf 68' lang='grc' dir='ltr'>ἕκαστον</span> <span class='ocrx_word' id='word_1_588' title='bbox 1378 4565 1582 4633; x_wconf 74' lang='grc' dir='ltr'>ἥνωται</span> <span class='ocrx_word' id='word_1_589' title='bbox 1631 4563 1708 4633; x_wconf 82' lang='grc' dir='ltr'><strong>τῷ</strong></span> 
     </span>
    </p>
   </div>
   <div class='ocr_carea' id='block_1_77' title="bbox 1807 3457 3382 3525">
    <p class='ocr_par' dir='ltr' id='par_1_77' title="bbox 1807 3457 3382 3525">
     <span class='ocr_line' id='line_1_77' title="bbox 1807 3457 3382 3525; baseline -0.001 -13"><span class='ocrx_word' id='word_1_590' title='bbox 1807 3462 1876 3515; x_wconf 90' lang='lat' dir='ltr'><strong>tis</strong></span> <span class='ocrx_word' id='word_1_591' title='bbox 1897 3469 2238 3516; x_wconf 89' lang='lat' dir='ltr'><strong>constantem</strong></span> <span class='ocrx_word' id='word_1_592' title='bbox 2273 3461 2554 3525; x_wconf 85' lang='lat' dir='ltr'><strong>membris,</strong></span> <span class='ocrx_word' id='word_1_593' title='bbox 2575 3459 2871 3512; x_wconf 89' lang='lat' dir='ltr'><strong>dividimus</strong></span> <span class='ocrx_word' id='word_1_594' title='bbox 2902 3459 2958 3509; x_wconf 92' lang='lat' dir='ltr'><strong>in</strong></span> <span class='ocrx_word' id='word_1_595' title='bbox 2980 3457 3146 3510; x_wconf 90' lang='lat' dir='ltr'><strong>multa</strong></span> <span class='ocrx_word' id='word_1_596' title='bbox 3178 3463 3382 3511; x_wconf 89' lang='lat' dir='ltr'><strong>creata.</strong></span> 
     </span>
    </p>
   </div>
   <div class='ocr_carea' id='block_1_78' title="bbox 1805 3543 3386 3621">
    <p class='ocr_par' dir='ltr' id='par_1_78' title="bbox 1805 3543 3386 3621">
     <span class='ocr_line' id='line_1_78' title="bbox 1805 3543 3386 3621; baseline -0.004 -17"><span class='ocrx_word' id='word_1_597' title='bbox 1805 3551 1970 3617; x_wconf 90' lang='lat' dir='ltr'><strong>Quin,</strong></span> <span class='ocrx_word' id='word_1_598' title='bbox 2007 3552 2081 3605; x_wconf 87' lang='lat' dir='ltr'><strong>ita</strong></span> <span class='ocrx_word' id='word_1_599' title='bbox 2115 3551 2363 3621; x_wconf 77' lang='lat' dir='ltr'><strong>exigente</strong></span> <span class='ocrx_word' id='word_1_600' title='bbox 2407 3550 2617 3602; x_wconf 90' lang='lat' dir='ltr'><strong>ratione</strong></span> <span class='ocrx_word' id='word_1_601' title='bbox 2641 3587 2655 3610; x_wconf 90' lang='lat'><strong>,</strong></span> <span class='ocrx_word' id='word_1_602' title='bbox 2701 3547 2998 3620; x_wconf 76' lang='lat' dir='ltr'><strong>hominem,</strong></span> <span class='ocrx_word' id='word_1_603' title='bbox 3045 3559 3213 3598; x_wconf 91' lang='lat' dir='ltr'><strong>unum</strong></span> <span class='ocrx_word' id='word_1_604' title='bbox 3252 3543 3386 3613; x_wconf 89' lang='lat' dir='ltr'><strong>quid</strong></span> 
     </span>
    </p>
   </div>
   <div class='ocr_carea' id='block_1_79' title="bbox 1804 3636 3386 3707">
    <p class='ocr_par' dir='ltr' id='par_1_79' title="bbox 1804 3636 3386 3707">
     <span class='ocr_line' id='line_1_79' title="bbox 1804 3636 3386 3707; baseline -0.005 -11"><span class='ocrx_word' id='word_1_605' title='bbox 1804 3649 2046 3696; x_wconf 90' lang='lat' dir='ltr'><strong>creatum</strong></span> <span class='ocrx_word' id='word_1_606' title='bbox 2102 3641 2360 3703; x_wconf 88' lang='lat' dir='ltr'><strong>dicimus,</strong></span> <span class='ocrx_word' id='word_1_607' title='bbox 2399 3639 2694 3692; x_wconf 92' lang='lat' dir='ltr'><strong>multarum</strong></span> <span class='ocrx_word' id='word_1_608' title='bbox 2757 3640 3014 3707; x_wconf 89' lang='lat' dir='ltr'><strong>partium,</strong></span> <span class='ocrx_word' id='word_1_609' title='bbox 3052 3653 3081 3690; x_wconf 90' lang='lat' dir='ltr'><strong>a</strong></span> <span class='ocrx_word' id='word_1_610' title='bbox 3142 3636 3251 3690; x_wconf 89' lang='lat' dir='ltr'><strong>Deo</strong></span> <span class='ocrx_word' id='word_1_611' title='bbox 3304 3636 3386 3688; x_wconf 81' lang='lat' dir='ltr'><strong>fa—</strong></span> 
     </span>
    </p>
   </div>
   <div class='ocr_carea' id='block_1_80' title="bbox 1805 3726 3386 3801">
    <p class='ocr_par' dir='ltr' id='par_1_80' title="bbox 1805 3726 3386 3801">
     <span class='ocr_line' id='line_1_80' title="bbox 1805 3726 3386 3801; baseline -0.005 -16"><span class='ocrx_word' id='word_1_612' title='bbox 1805 3741 1974 3786; x_wconf 91' lang='lat' dir='ltr'><strong>ctum.</strong></span> <span class='ocrx_word' id='word_1_613' title='bbox 2011 3732 2191 3801; x_wconf 81' lang='lat' dir='ltr'><strong>Atque</strong></span> <span class='ocrx_word' id='word_1_614' title='bbox 2221 3731 2356 3783; x_wconf 88' lang='lat' dir='ltr'><strong>adeo</strong></span> <span class='ocrx_word' id='word_1_615' title='bbox 2381 3743 2602 3782; x_wconf 87' lang='lat' dir='ltr'><strong>necesse</strong></span> <span class='ocrx_word' id='word_1_616' title='bbox 2635 3735 2739 3790; x_wconf 89' lang='lat' dir='ltr'><strong>est,</strong></span> <span class='ocrx_word' id='word_1_617' title='bbox 2765 3735 2823 3780; x_wconf 92' lang='lat' dir='ltr'><strong>ut</strong></span> <span class='ocrx_word' id='word_1_618' title='bbox 2862 3727 2968 3781; x_wconf 91' lang='lat' dir='ltr'><strong>nisi</strong></span> <span class='ocrx_word' id='word_1_619' title='bbox 2995 3726 3138 3780; x_wconf 90' lang='lat' dir='ltr'><strong>Deus</strong></span> <span class='ocrx_word' id='word_1_620' title='bbox 3161 3740 3386 3794; x_wconf 87' lang='lat' dir='ltr'><strong>separa-</strong></span> 
     </span>
    </p>
   </div>
   <div class='ocr_carea' id='block_1_81' title="bbox 1804 3819 3382 3888">
    <p class='ocr_par' dir='ltr' id='par_1_81' title="bbox 1804 3819 3382 3888">
     <span class='ocr_line' id='line_1_81' title="bbox 1804 3819 3382 3888; baseline -0.004 -7"><span class='ocrx_word' id='word_1_621' title='bbox 1804 3837 1895 3881; x_wconf 87' lang='lat' dir='ltr'><strong>tus</strong></span> <span class='ocrx_word' id='word_1_622' title='bbox 1921 3827 1994 3881; x_wconf 89' lang='lat' dir='ltr'><strong>sit</strong></span> <span class='ocrx_word' id='word_1_623' title='bbox 2045 3840 2075 3879; x_wconf 92' lang='lat' dir='ltr'><strong>a</strong></span> <span class='ocrx_word' id='word_1_624' title='bbox 2119 3823 2374 3888; x_wconf 87' lang='lat' dir='ltr'><strong>materia,</strong></span> <span class='ocrx_word' id='word_1_625' title='bbox 2409 3838 2580 3876; x_wconf 88' lang='lat' dir='ltr'><strong>unum</strong></span> <span class='ocrx_word' id='word_1_626' title='bbox 2635 3822 2937 3876; x_wconf 90' lang='lat' dir='ltr'><strong>increatum</strong></span> <span class='ocrx_word' id='word_1_627' title='bbox 2969 3835 3092 3876; x_wconf 88' lang='lat' dir='ltr'><strong>esse</strong></span> <span class='ocrx_word' id='word_1_628' title='bbox 3146 3819 3382 3875; x_wconf 88' lang='lat' dir='ltr'><strong>dicatur.</strong></span> 
     </span>
    </p>
   </div>
   <div class='ocr_carea' id='block_1_82' title="bbox 1808 3912 3384 3982">
    <p class='ocr_par' dir='ltr' id='par_1_82' title="bbox 1808 3912 3384 3982">
     <span class='ocr_line' id='line_1_82' title="bbox 1808 3912 3384 3982; baseline -0.001 -14"><span class='ocrx_word' id='word_1_629' title='bbox 1808 3913 1906 3968; x_wconf 89' lang='lat' dir='ltr'><strong>Sin</strong></span> <span class='ocrx_word' id='word_1_630' title='bbox 1941 3929 2071 3968; x_wconf 90' lang='lat' dir='ltr'><strong>vero</strong></span> <span class='ocrx_word' id='word_1_631' title='bbox 2105 3914 2279 3968; x_wconf 88' lang='lat' dir='ltr'><strong>divisa</strong></span> <span class='ocrx_word' id='word_1_632' title='bbox 2314 3920 2368 3968; x_wconf 89' lang='lat' dir='ltr'><strong>et</strong></span> <span class='ocrx_word' id='word_1_633' title='bbox 2391 3921 2643 3982; x_wconf 89' lang='lat' dir='ltr'><strong>separata</strong></span> <span class='ocrx_word' id='word_1_634' title='bbox 2669 3912 2869 3982; x_wconf 85' lang='lat' dir='ltr'><strong>aliquis</strong></span> <span class='ocrx_word' id='word_1_635' title='bbox 2901 3912 3121 3972; x_wconf 84' lang='lat' dir='ltr'><strong>dixerit,</strong></span> <span class='ocrx_word' id='word_1_636' title='bbox 3155 3927 3384 3966; x_wconf 87' lang='lat' dir='ltr'><strong>necesse</strong></span> 
     </span>
    </p>
   </div>
   <div class='ocr_carea' id='block_1_83' title="bbox 1804 4003 3447 4075">
    <p class='ocr_par' dir='ltr' id='par_1_83' title="bbox 1804 4003 3447 4075">
     <span class='ocr_line' id='line_1_83' title="bbox 1804 4003 3447 4075; baseline -0.003 -14"><span class='ocrx_word' id='word_1_637' title='bbox 1804 4013 1890 4061; x_wconf 85' lang='lat' dir='ltr'><strong>est</strong></span> <span class='ocrx_word' id='word_1_638' title='bbox 1915 4004 2253 4059; x_wconf 87' lang='lat' dir='ltr'><strong>intercedere</strong></span> <span class='ocrx_word' id='word_1_639' title='bbox 2302 4005 2522 4075; x_wconf 89' lang='lat' dir='ltr'><strong>aliquod</strong></span> <span class='ocrx_word' id='word_1_640' title='bbox 2552 4003 2812 4067; x_wconf 90' lang='lat' dir='ltr'><strong>medium,</strong></span> <span class='ocrx_word' id='word_1_641' title='bbox 2839 4005 2982 4071; x_wconf 91' lang='lat' dir='ltr'><strong>quod</strong></span> <span class='ocrx_word' id='word_1_642' title='bbox 3017 4011 3266 4071; x_wconf 86' lang='lat' dir='ltr'><strong>separata</strong></span> <span class='ocrx_word' id='word_1_643' title='bbox 3291 4019 3386 4056; x_wconf 89' lang='lat' dir='ltr'><strong>ex-</strong></span> <span class='ocrx_word' id='word_1_644' title='bbox 3424 4010 3447 4018; x_wconf 80' lang='grc'><em>“</em></span> 
     </span>
    </p>
   </div>
   <div class='ocr_carea' id='block_1_84' title="bbox 1807 4095 3388 4167">
    <p class='ocr_par' dir='ltr' id='par_1_84' title="bbox 1807 4095 3388 4167">
     <span class='ocr_line' id='line_1_84' title="bbox 1807 4095 3388 4167; baseline -0.002 -17"><span class='ocrx_word' id='word_1_645' title='bbox 1807 4096 2012 4151; x_wconf 84' lang='lat' dir='ltr'><strong>hibeat.</strong></span> <span class='ocrx_word' id='word_1_646' title='bbox 2045 4096 2407 4167; x_wconf 87' lang='lat' dir='ltr'><strong>Nequitenim</strong></span> <span class='ocrx_word' id='word_1_647' title='bbox 2441 4096 2556 4150; x_wconf 74' lang='lat' dir='ltr'><strong>fieri</strong></span> <span class='ocrx_word' id='word_1_648' title='bbox 2605 4103 2666 4149; x_wconf 90' lang='lat' dir='ltr'><strong>ut</strong></span> <span class='ocrx_word' id='word_1_649' title='bbox 2711 4095 2915 4165; x_wconf 86' lang='lat' dir='ltr'><strong>aliquid</strong></span> <span class='ocrx_word' id='word_1_650' title='bbox 2973 4095 3041 4148; x_wconf 89' lang='lat' dir='ltr'><strong>ab</strong></span> <span class='ocrx_word' id='word_1_651' title='bbox 3088 4095 3272 4163; x_wconf 90' lang='lat' dir='ltr'><strong>aliquo</strong></span> <span class='ocrx_word' id='word_1_652' title='bbox 3301 4095 3388 4148; x_wconf 82' lang='lat' dir='ltr'><strong>di-</strong></span> 
     </span>
    </p>
   </div>
   <div class='ocr_carea' id='block_1_85' title="bbox 1807 4184 3384 4248">
    <p class='ocr_par' dir='ltr' id='par_1_85' title="bbox 1807 4184 3384 4248">
     <span class='ocr_line' id='line_1_85' title="bbox 1807 4184 3384 4248; baseline 0 -10"><span class='ocrx_word' id='word_1_653' title='bbox 1807 4191 1958 4238; x_wconf 85' lang='lat' dir='ltr'><strong>stans</strong></span> <span class='ocrx_word' id='word_1_654' title='bbox 1987 4186 2386 4248; x_wconf 86' lang='lat' dir='ltr'><strong>consideretur,</strong></span> <span class='ocrx_word' id='word_1_655' title='bbox 2429 4184 2534 4239; x_wconf 90' lang='lat' dir='ltr'><strong>nisi</strong></span> <span class='ocrx_word' id='word_1_656' title='bbox 2587 4185 2884 4238; x_wconf 85' lang='lat' dir='ltr'><strong>exsistente</strong></span> <span class='ocrx_word' id='word_1_657' title='bbox 2917 4184 3022 4237; x_wconf 90' lang='lat' dir='ltr'><strong>alio</strong></span> <span class='ocrx_word' id='word_1_658' title='bbox 3081 4184 3384 4238; x_wconf 91' lang='lat' dir='ltr'><strong>secundum</strong></span> 
     </span>
    </p>
   </div>
   <div class='ocr_carea' id='block_1_86' title="bbox 1805 4275 3386 4346">
    <p class='ocr_par' dir='ltr' id='par_1_86' title="bbox 1805 4275 3386 4346">
     <span class='ocr_line' id='line_1_86' title="bbox 1805 4275 3386 4346; baseline 0 -16"><span class='ocrx_word' id='word_1_659' title='bbox 1805 4277 1954 4346; x_wconf 91' lang='lat' dir='ltr'><strong>quod</strong></span> <span class='ocrx_word' id='word_1_660' title='bbox 1987 4277 2076 4329; x_wconf 82' lang='lat' dir='ltr'><strong>ﬁat</strong></span> <span class='ocrx_word' id='word_1_661' title='bbox 2119 4277 2482 4332; x_wconf 88' lang='lat' dir='ltr'><strong>discretorum</strong></span> <span class='ocrx_word' id='word_1_662' title='bbox 2514 4277 2802 4331; x_wconf 84' lang='lat' dir='ltr'><strong>distantia.</strong></span> <span class='ocrx_word' id='word_1_663' title='bbox 2840 4275 3026 4343; x_wconf 82' lang='lat' dir='ltr'><strong>Neque</strong></span> <span class='ocrx_word' id='word_1_664' title='bbox 3078 4277 3130 4330; x_wconf 81' lang='lat' dir='ltr'><strong>id</strong></span> <span class='ocrx_word' id='word_1_665' title='bbox 3187 4278 3242 4331; x_wconf 90' lang='lat' dir='ltr'><strong>in</strong></span> <span class='ocrx_word' id='word_1_666' title='bbox 3278 4293 3386 4331; x_wconf 90' lang='lat' dir='ltr'><strong>uno</strong></span> 
     </span>
    </p>
   </div>
   <div class='ocr_carea' id='block_1_87' title="bbox 1809 4368 3388 4442">
    <p class='ocr_par' dir='ltr' id='par_1_87' title="bbox 1809 4368 3388 4442">
     <span class='ocr_line' id='line_1_87' title="bbox 1809 4368 3388 4442; baseline 0.001 -20"><span class='ocrx_word' id='word_1_667' title='bbox 1809 4368 1914 4442; x_wconf 87' lang='lat' dir='ltr'><strong>hoc</strong></span> <span class='ocrx_word' id='word_1_668' title='bbox 1945 4369 2170 4437; x_wconf 89' lang='lat' dir='ltr'><strong>soloque</strong></span> <span class='ocrx_word' id='word_1_669' title='bbox 2191 4369 2358 4433; x_wconf 86' lang='lat' dir='ltr'><strong>sistit,</strong></span> <span class='ocrx_word' id='word_1_670' title='bbox 2377 4369 2469 4423; x_wconf 87' lang='lat' dir='ltr'><strong>sed</strong></span> <span class='ocrx_word' id='word_1_671' title='bbox 2498 4369 2811 4422; x_wconf 81' lang='lat' dir='ltr'><strong>extenditur</strong></span> <span class='ocrx_word' id='word_1_672' title='bbox 2839 4368 2906 4421; x_wconf 89' lang='lat' dir='ltr'><strong>ad</strong></span> <span class='ocrx_word' id='word_1_673' title='bbox 2924 4370 3208 4422; x_wconf 90' lang='lat' dir='ltr'><strong>innumera</strong></span> <span class='ocrx_word' id='word_1_674' title='bbox 3237 4369 3388 4438; x_wconf 81' lang='lat' dir='ltr'><strong>ejus-</strong></span> 
     </span>
    </p>
   </div>
   <div class='ocr_carea' id='block_1_88' title="bbox 1807 4458 3384 4524">
    <p class='ocr_par' dir='ltr' id='par_1_88' title="bbox 1807 4458 3384 4524">
     <span class='ocr_line' id='line_1_88' title="bbox 1807 4458 3384 4524; baseline 0.002 -12"><span class='ocrx_word' id='word_1_675' title='bbox 1807 4459 1977 4513; x_wconf 89' lang='lat' dir='ltr'><strong>modi.</strong></span> <span class='ocrx_word' id='word_1_676' title='bbox 2013 4458 2187 4524; x_wconf 88' lang='lat' dir='ltr'><strong>Quam</strong></span> <span class='ocrx_word' id='word_1_677' title='bbox 2231 4461 2376 4514; x_wconf 90' lang='lat' dir='ltr'><strong>enim</strong></span> <span class='ocrx_word' id='word_1_678' title='bbox 2428 4461 2483 4513; x_wconf 93' lang='lat' dir='ltr'><strong>in</strong></span> <span class='ocrx_word' id='word_1_679' title='bbox 2541 4460 2758 4514; x_wconf 89' lang='lat' dir='ltr'><strong>duobus</strong></span> <span class='ocrx_word' id='word_1_680' title='bbox 2813 4460 3071 4514; x_wconf 89' lang='lat' dir='ltr'><strong>increatis</strong></span> <span class='ocrx_word' id='word_1_681' title='bbox 3120 4462 3384 4514; x_wconf 76' lang='lat' dir='ltr'><strong>rationem</strong></span> 
     </span>
    </p>
   </div>
   <div class='ocr_carea' id='block_1_89' title="bbox 1808 4549 3384 4621">
    <p class='ocr_par' dir='ltr' id='par_1_89' title="bbox 1808 4549 3384 4621">
     <span class='ocr_line' id='line_1_89' title="bbox 1808 4549 3384 4621; baseline 0.003 -18"><span class='ocrx_word' id='word_1_682' title='bbox 1808 4549 2069 4612; x_wconf 90' lang='lat' dir='ltr'><strong>diximus,</strong></span> <span class='ocrx_word' id='word_1_683' title='bbox 2109 4552 2360 4605; x_wconf 86' lang='lat' dir='ltr'><strong>similiter</strong></span> <span class='ocrx_word' id='word_1_684' title='bbox 2395 4559 2610 4621; x_wconf 81' lang='lat' dir='ltr'><strong>Oportet</strong></span> <span class='ocrx_word' id='word_1_685' title='bbox 2649 4552 2962 4621; x_wconf 85' lang='lat' dir='ltr'><strong>procedere,</strong></span> <span class='ocrx_word' id='word_1_686' title='bbox 2987 4552 3032 4604; x_wconf 92' lang='lat' dir='ltr'><strong>si</strong></span> <span class='ocrx_word' id='word_1_687' title='bbox 3057 4567 3384 4607; x_wconf 83' lang='lat' dir='ltr'><strong>concessum</strong></span> 
     </span>
    </p>
   </div>
   <div class='ocr_carea' id='block_1_90' title="bbox 154 4637 1697 4741">
    <p class='ocr_par' dir='ltr' id='par_1_90' title="bbox 154 4651 1697 4725">
     <span class='ocr_line' id='line_1_90' title="bbox 154 4651 1697 4725; baseline 0.006 -26"><span class='ocrx_word' id='word_1_688' title='bbox 154 4651 370 4721; x_wconf 71' lang='grc' dir='ltr'>πλησίον.</span> <span class='ocrx_word' id='word_1_689' title='bbox 404 4657 468 4706; x_wconf 73' lang='grc' dir='ltr'><strong>Εἰ</strong></span> <span class='ocrx_word' id='word_1_690' title='bbox 531 4656 629 4724; x_wconf 80' lang='grc' dir='ltr'><strong>μὲν</strong></span> <span class='ocrx_word' id='word_1_691' title='bbox 679 4654 785 4725; x_wconf 87' lang='lat'><strong>7&amp;9</strong></span> <span class='ocrx_word' id='word_1_692' title='bbox 836 4653 1074 4724; x_wconf 76' lang='grc' dir='ltr'>ἡνῶσθαι</span> <span class='ocrx_word' id='word_1_693' title='bbox 1106 4672 1188 4717; x_wconf 88' lang='grc' dir='ltr'><strong>τις</strong></span> <span class='ocrx_word' id='word_1_694' title='bbox 1217 4657 1388 4707; x_wconf 75' lang='grc' dir='ltr'>εἰπεῖν</span> <span class='ocrx_word' id='word_1_695' title='bbox 1422 4655 1586 4719; x_wconf 87' lang='grc' dir='ltr'>θέλοι,</span> <span class='ocrx_word' id='word_1_696' title='bbox 1614 4655 1697 4709; x_wconf 67' lang='grc' dir='ltr'><strong>τὸν</strong></span> 
     </span>
    </p>
   </div>
   <div class='ocr_carea' id='block_1_91' title="bbox 1804 4637 3387 4741">
    <p class='ocr_par' dir='ltr' id='par_1_91' title="bbox 1811 4637 3387 4710">
     <span class='ocr_line' id='line_1_91' title="bbox 1811 4637 3387 4710; baseline 0.003 -19"><span class='ocrx_word' id='word_1_697' title='bbox 1811 4637 1971 4693; x_wconf 83' lang='lat' dir='ltr'><strong>fuerit</strong></span> <span class='ocrx_word' id='word_1_698' title='bbox 2008 4640 2094 4693; x_wconf 92' lang='lat' dir='ltr'><strong>illa</strong></span> <span class='ocrx_word' id='word_1_699' title='bbox 2125 4657 2246 4695; x_wconf 89' lang='lat' dir='ltr'><strong>esse</strong></span> <span class='ocrx_word' id='word_1_700' title='bbox 2267 4642 2390 4695; x_wconf 90' lang='lat' dir='ltr'><strong>tria.</strong></span> <span class='ocrx_word' id='word_1_701' title='bbox 2412 4641 2546 4694; x_wconf 85' lang='lat' dir='ltr'><strong>Nam</strong></span> <span class='ocrx_word' id='word_1_702' title='bbox 2575 4651 2626 4695; x_wconf 91' lang='lat' dir='ltr'><strong>et</strong></span> <span class='ocrx_word' id='word_1_703' title='bbox 2653 4642 2719 4695; x_wconf 91' lang='lat' dir='ltr'><strong>de</strong></span> <span class='ocrx_word' id='word_1_704' title='bbox 2754 4641 2861 4696; x_wconf 87' lang='lat' dir='ltr'><strong>illis</strong></span> <span class='ocrx_word' id='word_1_705' title='bbox 2883 4643 3210 4710; x_wconf 65' lang='lat' dir='ltr'><strong>quaesierim,</strong></span> <span class='ocrx_word' id='word_1_706' title='bbox 3245 4644 3387 4698; x_wconf 85' lang='lat' dir='ltr'><strong>sint-</strong></span> 
     </span>
    </p>
   </div>
   <div class='ocr_carea' id='block_1_92' title="bbox 155 4742 1709 4818">
    <p class='ocr_par' dir='ltr' id='par_1_92' title="bbox 155 4742 1709 4818">
     <span class='ocr_line' id='line_1_92' title="bbox 155 4742 1709 4818; baseline 0.006 -27"><span class='ocrx_word' id='word_1_707' title='bbox 155 4742 289 4796; x_wconf 65' lang='grc' dir='ltr'>αὑτὸν</span> <span class='ocrx_word' id='word_1_708' title='bbox 315 4747 544 4799; x_wconf 76' lang='grc' dir='ltr'>ἀκούσει</span> <span class='ocrx_word' id='word_1_709' title='bbox 559 4745 635 4815; x_wconf 80' lang='grc' dir='ltr'>τῷ</span> <span class='ocrx_word' id='word_1_710' title='bbox 667 4746 868 4818; x_wconf 86' lang='grc' dir='ltr'>πρώτῳ</span> <span class='ocrx_word' id='word_1_711' title='bbox 896 4745 1082 4814; x_wconf 88' lang='grc' dir='ltr'>λόγον·</span> <span class='ocrx_word' id='word_1_712' title='bbox 1112 4748 1160 4798; x_wconf 81' lang='grc' dir='ltr'>εἰ</span> <span class='ocrx_word' id='word_1_713' title='bbox 1191 4746 1235 4798; x_wconf 81' lang='grc' dir='ltr'>δ’</span> <span class='ocrx_word' id='word_1_714' title='bbox 1266 4748 1332 4799; x_wconf 78' lang='grc' dir='ltr'>αὑ</span> <span class='ocrx_word' id='word_1_715' title='bbox 1359 4746 1519 4800; x_wconf 88' lang='grc' dir='ltr'>πάλιν</span> <span class='ocrx_word' id='word_1_716' title='bbox 1543 4765 1709 4817; x_wconf 87' lang='grc' dir='ltr'>κεχω-</span> 
     </span>
    </p>
   </div>
   <div class='ocr_carea' id='block_1_93' title="bbox 158 4832 1708 4908">
    <p class='ocr_par' dir='ltr' id='par_1_93' title="bbox 158 4832 1708 4908">
     <span class='ocr_line' id='line_1_93' title="bbox 158 4832 1708 4908; baseline 0.003 -24"><span class='ocrx_word' id='word_1_717' title='bbox 158 4832 329 4898; x_wconf 65' lang='grc' dir='ltr'>ρίσθαι,</span> <span class='ocrx_word' id='word_1_718' title='bbox 365 4840 426 4890; x_wconf 82' lang='grc' dir='ltr'><strong>οὐ</strong></span> <span class='ocrx_word' id='word_1_719' title='bbox 467 4837 726 4906; x_wconf 74' lang='grc' dir='ltr'>φεύξεται</span> <span class='ocrx_word' id='word_1_720' title='bbox 759 4840 858 4908; x_wconf 83' lang='grc' dir='ltr'><strong>τὴν</strong></span> <span class='ocrx_word' id='word_1_721' title='bbox 890 4838 949 4902; x_wconf 72' lang='grc' dir='ltr'><strong>ἐξ</strong></span> <span class='ocrx_word' id='word_1_722' title='bbox 981 4837 1225 4908; x_wconf 84' lang='grc' dir='ltr'>ἀνάγκης</span> <span class='ocrx_word' id='word_1_723' title='bbox 1261 4838 1353 4890; x_wconf 78' lang='grc' dir='ltr'>τοῦ</span> <span class='ocrx_word' id='word_1_724' title='bbox 1383 4837 1708 4908; x_wconf 75' lang='grc' dir='ltr'>χωρίζοντος</span> 
     </span>
    </p>
   </div>
   <div class='ocr_carea' id='block_1_94' title="bbox 159 4922 1708 5002">
    <p class='ocr_par' dir='ltr' id='par_1_94' title="bbox 159 4922 1708 5002">
     <span class='ocr_line' id='line_1_94' title="bbox 159 4922 1708 5002; baseline 0.002 -24"><span class='ocrx_word' id='word_1_725' title='bbox 159 4922 562 4982; x_wconf 70' lang='grc' dir='ltr'>ἀπόστασιν.“”Αν</span> <span class='ocrx_word' id='word_1_726' title='bbox 586 4931 631 4983; x_wconf 80' lang='grc' dir='ltr'><strong>δ’</strong></span> <span class='ocrx_word' id='word_1_727' title='bbox 665 4931 772 5000; x_wconf 82' lang='grc' dir='ltr'><strong>ἄρα</strong></span> <span class='ocrx_word' id='word_1_728' title='bbox 793 4949 876 4995; x_wconf 82' lang='grc' dir='ltr'><strong>τις</strong></span> <span class='ocrx_word' id='word_1_729' title='bbox 907 4931 999 4984; x_wconf 77' lang='grc' dir='ltr'><strong>καὶ</strong></span> <span class='ocrx_word' id='word_1_730' title='bbox 1016 4931 1198 5002; x_wconf 79' lang='grc' dir='ltr'>τρίτον</span> <span class='ocrx_word' id='word_1_731' title='bbox 1218 4925 1355 4982; x_wconf 82' lang='grc' dir='ltr'>εἶναι</span> <span class='ocrx_word' id='word_1_732' title='bbox 1384 4929 1525 4994; x_wconf 80' lang='grc' dir='ltr'>λέξοι</span> <span class='ocrx_word' id='word_1_733' title='bbox 1551 4930 1708 4998; x_wconf 81' lang='grc' dir='ltr'>λόγον</span> 
     </span>
    </p>
   </div>
   <div class='ocr_carea' id='block_1_95' title="bbox 158 5015 1708 5094">
    <p class='ocr_par' dir='ltr' id='par_1_95' title="bbox 158 5015 1708 5094">
     <span class='ocr_line' id='line_1_95' title="bbox 158 5015 1708 5094; baseline 0.005 -27"><span class='ocrx_word' id='word_1_734' title='bbox 158 5015 436 5082; x_wconf 65' lang='grc' dir='ltr'>ἁρμόζοντα</span> <span class='ocrx_word' id='word_1_735' title='bbox 473 5040 542 5074; x_wconf 84' lang='grc' dir='ltr'><strong>πε</strong></span> <span class='ocrx_word' id='word_1_736' title='bbox 555 5023 604 5091; x_wconf 75' lang='lat' dir='ltr'><strong>9i.</strong></span> <span class='ocrx_word' id='word_1_737' title='bbox 644 5023 752 5074; x_wconf 82' lang='grc' dir='ltr'><strong>τῶν</strong></span> <span class='ocrx_word' id='word_1_738' title='bbox 785 5024 1058 5094; x_wconf 74' lang='grc' dir='ltr'>ἀγενήτων</span> <span class='ocrx_word' id='word_1_739' title='bbox 1086 5021 1352 5091; x_wconf 74' lang='grc' dir='ltr'>λελέχθαι,</span> <span class='ocrx_word' id='word_1_740' title='bbox 1379 5023 1623 5074; x_wconf 82' lang='grc' dir='ltr'>τουτέστι</span> <span class='ocrx_word' id='word_1_741' title='bbox 1648 5022 1708 5074; x_wconf 88' lang='grc' dir='ltr'><strong>τὸ</strong></span> 
     </span>
    </p>
   </div>
   <div class='ocr_carea' id='block_1_96' title="bbox 161 5105 1707 5185">
    <p class='ocr_par' dir='ltr' id='par_1_96' title="bbox 161 5105 1707 5185">
     <span class='ocr_line' id='line_1_96' title="bbox 161 5105 1707 5185; baseline 0.004 -24"><span class='ocrx_word' id='word_1_742' title='bbox 161 5105 273 5174; x_wconf 69' lang='grc' dir='ltr'>μήτε</span> <span class='ocrx_word' id='word_1_743' title='bbox 315 5114 651 5184; x_wconf 76' lang='grc' dir='ltr'>κεχωρίσθαι</span> <span class='ocrx_word' id='word_1_744' title='bbox 696 5115 786 5166; x_wconf 88' lang='grc' dir='ltr'><strong>τὸν</strong></span> <span class='ocrx_word' id='word_1_745' title='bbox 825 5115 957 5168; x_wconf 84' lang='grc' dir='ltr'>Θεὸν</span> <span class='ocrx_word' id='word_1_746' title='bbox 985 5115 1085 5185; x_wconf 82' lang='grc' dir='ltr'>τῆς</span> <span class='ocrx_word' id='word_1_747' title='bbox 1112 5114 1262 5184; x_wconf 85' lang='grc' dir='ltr'>ὕλης,</span> <span class='ocrx_word' id='word_1_748' title='bbox 1303 5111 1513 5185; x_wconf 78' lang='grc' dir='ltr'>μήτάὖ</span> <span class='ocrx_word' id='word_1_749' title='bbox 1549 5115 1707 5167; x_wconf 87' lang='grc' dir='ltr'>πάλιν</span> 
     </span>
    </p>
   </div>
   <div class='ocr_carea' id='block_1_97' title="bbox 216 5241 1706 5316">
    <p class='ocr_par' dir='ltr' id='par_1_97' title="bbox 216 5241 1706 5316">
     <span class='ocr_line' id='line_1_97' title="bbox 216 5241 1706 5316; baseline 0.005 -23"><span class='ocrx_word' id='word_1_750' title='bbox 216 5241 315 5316; x_wconf 70' lang='grc' dir='ltr'>(ιι)</span> <span class='ocrx_word' id='word_1_751' title='bbox 357 5246 479 5297; x_wconf 79' lang='grc' dir='ltr'>Ὀτι</span> <span class='ocrx_word' id='word_1_752' title='bbox 527 5250 639 5306; x_wconf 72' lang='grc' dir='ltr'><strong>μὲν</strong></span> <span class='ocrx_word' id='word_1_753' title='bbox 683 5242 815 5302; x_wconf 81' lang='grc' dir='ltr'><strong>οὖν.</strong></span> <span class='ocrx_word' id='word_1_754' title='bbox 859 5247 983 5302; x_wconf 72' lang='lat' dir='ltr'><strong>Haec</strong></span> <span class='ocrx_word' id='word_1_755' title='bbox 1038 5247 1166 5301; x_wconf 89' lang='lat' dir='ltr'><strong>item</strong></span> <span class='ocrx_word' id='word_1_756' title='bbox 1219 5256 1516 5300; x_wconf 89' lang='lat' dir='ltr'><strong>occurrunt</strong></span> <span class='ocrx_word' id='word_1_757' title='bbox 1564 5247 1706 5316; x_wconf 91' lang='lat' dir='ltr'><strong>apud</strong></span> 
     </span>
    </p>
   </div>
   <div class='ocr_carea' id='block_1_98' title="bbox 160 5308 1708 5387">
    <p class='ocr_par' dir='ltr' id='par_1_98' title="bbox 160 5308 1708 5387">
     <span class='ocr_line' id='line_1_98' title="bbox 160 5308 1708 5387; baseline 0.006 -24"><span class='ocrx_word' id='word_1_758' title='bbox 160 5308 382 5387; x_wconf 78' lang='lat' dir='ltr'><strong>Photium</strong></span> <span class='ocrx_word' id='word_1_759' title='bbox 431 5317 469 5369; x_wconf 93' lang='lat' dir='ltr'><strong>l.</strong></span> <span class='ocrx_word' id='word_1_760' title='bbox 505 5335 583 5387; x_wconf 80' lang='lat' dir='ltr'><strong>c.,</strong></span> <span class='ocrx_word' id='word_1_761' title='bbox 617 5319 684 5373; x_wconf 90' lang='lat' dir='ltr'><strong>iis</strong></span> <span class='ocrx_word' id='word_1_762' title='bbox 731 5319 914 5371; x_wconf 87' lang='lat' dir='ltr'><strong>statim</strong></span> <span class='ocrx_word' id='word_1_763' title='bbox 947 5317 1215 5387; x_wconf 86' lang='lat' dir='ltr'><strong>subjecta,</strong></span> <span class='ocrx_word' id='word_1_764' title='bbox 1261 5333 1493 5386; x_wconf 88' lang='lat' dir='ltr'><strong>quorum</strong></span> <span class='ocrx_word' id='word_1_765' title='bbox 1548 5308 1708 5372; x_wconf 73' lang='lat' dir='ltr'><strong>modo</strong></span> 
     </span>
    </p>
   </div>
   <div class='ocr_carea' id='block_1_99' title="bbox 160 5385 712 5441">
    <p class='ocr_par' dir='ltr' id='par_1_99' title="bbox 160 5385 712 5441">
     <span class='ocr_line' id='line_1_99' title="bbox 160 5385 712 5441; baseline 0.013 -7"><span class='ocrx_word' id='word_1_766' title='bbox 160 5385 511 5439; x_wconf 77' lang='lat' dir='ltr'><strong>meminimus:</strong></span> <span class='ocrx_word' id='word_1_767' title='bbox 541 5386 712 5441; x_wconf 50' lang='grc' dir='ltr'>(λιιι.</span> 
     </span>
    </p>
   </div>
   <div class='ocr_carea' id='block_1_100' title="bbox 184 5453 1707 5537">
    <p class='ocr_par' dir='ltr' id='par_1_100' title="bbox 184 5453 1707 5537">
     <span class='ocr_line' id='line_1_100' title="bbox 184 5453 1707 5537; baseline 0.003 -33"><span class='ocrx_word' id='word_1_768' title='bbox 184 5453 499 5537; x_wconf 46' lang='grc' dir='ltr'>τμξὶβωω</span> <span class='ocrx_word' id='word_1_769' title='bbox 532 5458 711 5537; x_wconf 65' lang='lat' dir='ltr'><strong>igitur,</strong></span> <span class='ocrx_word' id='word_1_770' title='bbox 736 5457 884 5537; x_wconf 41' lang='lat' dir='ltr'><strong>.quod</strong></span> <span class='ocrx_word' id='word_1_771' title='bbox 913 5457 1575 5537; x_wconf 42' lang='lat' dir='ltr'><strong>nul_10_mo_do,_etc..&quot;0n</strong></span> <span class='ocrx_word' id='word_1_772' title='bbox 1609 5459 1707 5537; x_wconf 55' lang='lat' dir='ltr'><strong>usu</strong></span> 
     </span>
    </p>
   </div>
   <div class='ocr_carea' id='block_1_101' title="bbox 161 5524 1704 5595">
    <p class='ocr_par' dir='ltr' id='par_1_101' title="bbox 161 5524 1704 5595">
     <span class='ocr_line' id='line_1_101' title="bbox 161 5524 1704 5595; baseline 0.005 -21"><span class='ocrx_word' id='word_1_773' title='bbox 161 5524 236 5595; x_wconf 70' lang='grc' dir='ltr'>οὖν</span> <span class='ocrx_word' id='word_1_774' title='bbox 261 5524 536 5578; x_wconf 73' lang='grc' dir='ltr'>ἀδύνατον.</span> <span class='ocrx_word' id='word_1_775' title='bbox 581 5524 776 5595; x_wconf 77' lang='lat' dir='ltr'><strong>Incipit</strong></span> <span class='ocrx_word' id='word_1_776' title='bbox 825 5529 914 5582; x_wconf 87' lang='lat' dir='ltr'><strong>hic</strong></span> <span class='ocrx_word' id='word_1_777' title='bbox 963 5528 1218 5583; x_wconf 70' lang='lat' dir='ltr'><strong>Methodii</strong></span> <span class='ocrx_word' id='word_1_778' title='bbox 1269 5525 1516 5580; x_wconf 84' lang='lat' dir='ltr'><strong>doctrina</strong></span> <span class='ocrx_word' id='word_1_779' title='bbox 1547 5570 1559 5588; x_wconf 87' lang='lat'><strong>,</strong></span> <span class='ocrx_word' id='word_1_780' title='bbox 1613 5524 1704 5581; x_wconf 81' lang='lat' dir='ltr'><strong>ubi</strong></span> 
     </span>
    </p>
   </div>
   <div class='ocr_carea' id='block_1_102' title="bbox 163 5590 1706 5665">
    <p class='ocr_par' dir='ltr' id='par_1_102' title="bbox 163 5590 1706 5665">
     <span class='ocr_line' id='line_1_102' title="bbox 163 5590 1706 5665; baseline 0.003 -21"><span class='ocrx_word' id='word_1_781' title='bbox 163 5590 314 5647; x_wconf 77' lang='lat' dir='ltr'><strong>Photii</strong></span> <span class='ocrx_word' id='word_1_782' title='bbox 367 5596 451 5649; x_wconf 88' lang='lat' dir='ltr'><strong>vel</strong></span> <span class='ocrx_word' id='word_1_783' title='bbox 507 5590 779 5665; x_wconf 76' lang='lat' dir='ltr'><strong>interpres</strong></span> <span class='ocrx_word' id='word_1_784' title='bbox 827 5601 913 5652; x_wconf 82' lang='lat' dir='ltr'><strong>vel</strong></span> <span class='ocrx_word' id='word_1_785' title='bbox 960 5600 1265 5653; x_wconf 88' lang='lat' dir='ltr'><strong>librarius:</strong></span> <span class='ocrx_word' id='word_1_786' title='bbox 1305 5596 1456 5662; x_wconf 83' lang='lat' dir='ltr'><strong>Quod</strong></span> <span class='ocrx_word' id='word_1_787' title='bbox 1509 5599 1554 5650; x_wconf 84' lang='lat' dir='ltr'><strong>si</strong></span> <span class='ocrx_word' id='word_1_788' title='bbox 1591 5600 1706 5662; x_wconf 81' lang='lat' dir='ltr'><strong>ﬁeri</strong></span> 
     </span>
    </p>
   </div>
   <div class='ocr_carea' id='block_1_103' title="bbox 164 5665 1706 5736">
    <p class='ocr_par' dir='ltr' id='par_1_103' title="bbox 164 5665 1706 5736">
     <span class='ocr_line' id='line_1_103' title="bbox 164 5665 1706 5736; baseline 0.005 -22"><span class='ocrx_word' id='word_1_789' title='bbox 164 5665 286 5718; x_wconf 76' lang='lat' dir='ltr'><strong>nullo</strong></span> <span class='ocrx_word' id='word_1_790' title='bbox 326 5667 478 5719; x_wconf 88' lang='lat' dir='ltr'><strong>modo</strong></span> <span class='ocrx_word' id='word_1_791' title='bbox 516 5669 706 5734; x_wconf 80' lang='lat' dir='ltr'><strong>possit,</strong></span> <span class='ocrx_word' id='word_1_792' title='bbox 739 5674 871 5732; x_wconf 90' lang='lat' dir='ltr'><strong>etc.,</strong></span> <span class='ocrx_word' id='word_1_793' title='bbox 907 5668 1259 5723; x_wconf 88' lang='lat' dir='ltr'><strong>conditionali</strong></span> <span class='ocrx_word' id='word_1_794' title='bbox 1299 5668 1506 5736; x_wconf 85' lang='lat' dir='ltr'><strong>adjecta</strong></span> <span class='ocrx_word' id='word_1_795' title='bbox 1533 5675 1706 5722; x_wconf 88' lang='lat' dir='ltr'><strong>totum</strong></span> 
     </span>
    </p>
   </div>
   <div class='ocr_carea' id='block_1_104' title="bbox 165 5739 714 5818">
    <p class='ocr_par' dir='ltr' id='par_1_104' title="bbox 165 5739 714 5818">
     <span class='ocr_line' id='line_1_104' title="bbox 165 5739 714 5818; baseline 0 0"><span class='ocrx_word' id='word_1_796' title='bbox 165 5739 714 5818; x_wconf 53' lang='grc' dir='ltr'><strong>εειξεξξηρεξτίιηεηεςο</strong></span> 
     </span>
    </p>
   </div>
   <div class='ocr_carea' id='block_1_105' title="bbox 220 5805 1708 5878">
    <p class='ocr_par' dir='ltr' id='par_1_105' title="bbox 220 5805 1708 5878">
     <span class='ocr_line' id='line_1_105' title="bbox 220 5805 1708 5878; baseline 0.002 -20"><span class='ocrx_word' id='word_1_797' title='bbox 220 5807 322 5876; x_wconf 77' lang='grc'><strong>(16)</strong></span> <span class='ocrx_word' id='word_1_798' title='bbox 365 5805 476 5860; x_wconf 82' lang='lat' dir='ltr'><strong>Erit</strong></span> <span class='ocrx_word' id='word_1_799' title='bbox 510 5805 769 5878; x_wconf 73' lang='lat' dir='ltr'><strong>siquidem</strong></span> <span class='ocrx_word' id='word_1_800' title='bbox 794 5808 1188 5878; x_wconf 73' lang='lat' dir='ltr'><strong>unumquodque</strong></span> <span class='ocrx_word' id='word_1_801' title='bbox 1218 5807 1401 5861; x_wconf 83' lang='lat' dir='ltr'><strong>horum</strong></span> <span class='ocrx_word' id='word_1_802' title='bbox 1431 5810 1708 5876; x_wconf 81' lang='lat' dir='ltr'><strong>propinqui</strong></span> 
     </span>
    </p>
   </div>
   <div class='ocr_carea' id='block_1_106' title="bbox 164 5875 1708 5948">
    <p class='ocr_par' dir='ltr' id='par_1_106' title="bbox 164 5875 1708 5948">
     <span class='ocr_line' id='line_1_106' title="bbox 164 5875 1708 5948; baseline 0.005 -24"><span class='ocrx_word' id='word_1_803' title='bbox 164 5887 281 5948; x_wconf 54' lang='lat' dir='ltr'><strong>pag.</strong></span> <span class='ocrx_word' id='word_1_804' title='bbox 306 5875 497 5948; x_wconf 77' lang='grc' dir='ltr'>Μέρος</span> <span class='ocrx_word' id='word_1_805' title='bbox 529 5875 625 5929; x_wconf 78' lang='grc' dir='ltr'>τοῦ</span> <span class='ocrx_word' id='word_1_806' title='bbox 655 5875 901 5948; x_wconf 59' lang='grc' dir='ltr'>πλησίον,</span> <span class='ocrx_word' id='word_1_807' title='bbox 942 5875 1067 5931; x_wconf 85' lang='lat' dir='ltr'><strong>Sola</strong></span> <span class='ocrx_word' id='word_1_808' title='bbox 1096 5875 1239 5933; x_wconf 79' lang='lat' dir='ltr'><strong>enim</strong></span> <span class='ocrx_word' id='word_1_809' title='bbox 1270 5879 1335 5930; x_wconf 84' lang='lat' dir='ltr'><strong>ad</strong></span> <span class='ocrx_word' id='word_1_810' title='bbox 1369 5880 1466 5930; x_wconf 77' lang='lat' dir='ltr'><strong>hoc</strong></span> <span class='ocrx_word' id='word_1_811' title='bbox 1496 5875 1708 5931; x_wconf 78' lang='lat' dir='ltr'><strong>videtur</strong></span> 
     </span>
    </p>
   </div>
   <div class='ocr_carea' id='block_1_107' title="bbox 167 5944 1701 6018">
    <p class='ocr_par' dir='ltr' id='par_1_107' title="bbox 167 5944 1701 6018">
     <span class='ocr_line' id='line_1_107' title="bbox 167 5944 1701 6018; baseline 0.002 -18"><span class='ocrx_word' id='word_1_812' title='bbox 167 5944 388 6004; x_wconf 70' lang='lat' dir='ltr'><strong>sufﬁcere</strong></span> <span class='ocrx_word' id='word_1_813' title='bbox 411 5944 607 6008; x_wconf 76' lang='grc' dir='ltr'>ἰνωσις</span> <span class='ocrx_word' id='word_1_814' title='bbox 661 5956 713 6002; x_wconf 87' lang='lat' dir='ltr'><strong>et</strong></span> <span class='ocrx_word' id='word_1_815' title='bbox 751 5944 1115 6006; x_wconf 57' lang='lat' dir='ltr'><strong>&#39;continuitas.</strong></span> <span class='ocrx_word' id='word_1_816' title='bbox 1168 5949 1440 6018; x_wconf 89' lang='lat' dir='ltr'><strong>lntcrpres</strong></span> <span class='ocrx_word' id='word_1_817' title='bbox 1476 5947 1652 6003; x_wconf 79' lang='lat' dir='ltr'><strong>Photii</strong></span> <span class='ocrx_word' id='word_1_818' title='bbox 1691 5969 1701 6003; x_wconf 96' lang='lat'>:</span> 
     </span>
    </p>
   </div>
   <div class='ocr_carea' id='block_1_108' title="bbox 1810 4731 3387 4803">
    <p class='ocr_par' dir='ltr' id='par_1_108' title="bbox 1810 4731 3387 4803">
     <span class='ocr_line' id='line_1_108' title="bbox 1810 4731 3387 4803; baseline 0.001 -19"><span class='ocrx_word' id='word_1_819' title='bbox 1810 4746 1878 4784; x_wconf 90' lang='lat' dir='ltr'><strong>ne</strong></span> <span class='ocrx_word' id='word_1_820' title='bbox 1899 4731 1966 4783; x_wconf 91' lang='lat' dir='ltr'><strong>ah</strong></span> <span class='ocrx_word' id='word_1_821' title='bbox 1996 4731 2226 4785; x_wconf 80' lang='lat' dir='ltr'><strong>invicem</strong></span> <span class='ocrx_word' id='word_1_822' title='bbox 2261 4740 2534 4801; x_wconf 90' lang='lat' dir='ltr'><strong>separata,</strong></span> <span class='ocrx_word' id='word_1_823' title='bbox 2563 4732 2648 4785; x_wconf 91' lang='lat' dir='ltr'><strong>vel</strong></span> <span class='ocrx_word' id='word_1_824' title='bbox 2691 4734 3117 4802; x_wconf 87' lang='lat' dir='ltr'><strong>unumquodque</strong></span> <span class='ocrx_word' id='word_1_825' title='bbox 3161 4735 3387 4803; x_wconf 79' lang='lat' dir='ltr'><strong>propin-</strong></span> 
     </span>
    </p>
   </div>
   <div class='ocr_carea' id='block_1_109' title="bbox 1808 4822 3386 4892">
    <p class='ocr_par' dir='ltr' id='par_1_109' title="bbox 1808 4822 3386 4892">
     <span class='ocr_line' id='line_1_109' title="bbox 1808 4822 3386 4892; baseline 0.004 -19"><span class='ocrx_word' id='word_1_826' title='bbox 1808 4836 1917 4891; x_wconf 92' lang='lat' dir='ltr'><strong>quo</strong></span> <span class='ocrx_word' id='word_1_827' title='bbox 1947 4822 2158 4875; x_wconf 91' lang='lat' dir='ltr'><strong>unitum</strong></span> <span class='ocrx_word' id='word_1_828' title='bbox 2189 4822 2299 4876; x_wconf 88' lang='lat' dir='ltr'><strong>sit?</strong></span> <span class='ocrx_word' id='word_1_829' title='bbox 2329 4823 2385 4875; x_wconf 88' lang='lat' dir='ltr'><strong>Si</strong></span> <span class='ocrx_word' id='word_1_830' title='bbox 2414 4823 2632 4891; x_wconf 88' lang='lat' dir='ltr'><strong>quidem</strong></span> <span class='ocrx_word' id='word_1_831' title='bbox 2663 4839 2794 4876; x_wconf 85' lang='lat' dir='ltr'><strong>vero</strong></span> <span class='ocrx_word' id='word_1_832' title='bbox 2825 4826 2953 4877; x_wconf 89' lang='lat' dir='ltr'><strong>velit</strong></span> <span class='ocrx_word' id='word_1_833' title='bbox 2976 4825 3172 4892; x_wconf 91' lang='lat' dir='ltr'><strong>aliquis</strong></span> <span class='ocrx_word' id='word_1_834' title='bbox 3202 4825 3386 4879; x_wconf 87' lang='lat' dir='ltr'><strong>dicere</strong></span> 
     </span>
    </p>
   </div>
   <div class='ocr_carea' id='block_1_110' title="bbox 1809 4914 3385 4984">
    <p class='ocr_par' dir='ltr' id='par_1_110' title="bbox 1809 4914 3385 4984">
     <span class='ocr_line' id='line_1_110' title="bbox 1809 4914 3385 4984; baseline 0.003 -19"><span class='ocrx_word' id='word_1_835' title='bbox 1809 4914 1981 4978; x_wconf 89' lang='lat' dir='ltr'><strong>nnita,</strong></span> <span class='ocrx_word' id='word_1_836' title='bbox 2009 4914 2063 4966; x_wconf 91' lang='lat' dir='ltr'><strong>id</strong></span> <span class='ocrx_word' id='word_1_837' title='bbox 2097 4914 2273 4982; x_wconf 88' lang='lat' dir='ltr'><strong>ipsum</strong></span> <span class='ocrx_word' id='word_1_838' title='bbox 2323 4929 2386 4967; x_wconf 89' lang='lat' dir='ltr'><strong>ac</strong></span> <span class='ocrx_word' id='word_1_839' title='bbox 2418 4915 2571 4984; x_wconf 87' lang='lat' dir='ltr'><strong>prius</strong></span> <span class='ocrx_word' id='word_1_840' title='bbox 2609 4916 2897 4972; x_wconf 89' lang='lat' dir='ltr'><strong>auditurus</strong></span> <span class='ocrx_word' id='word_1_841' title='bbox 2931 4924 3034 4970; x_wconf 88' lang='lat' dir='ltr'><strong>est.</strong></span> <span class='ocrx_word' id='word_1_842' title='bbox 3068 4916 3161 4967; x_wconf 88' lang='lat' dir='ltr'><strong>Sin</strong></span> <span class='ocrx_word' id='word_1_843' title='bbox 3192 4923 3385 4970; x_wconf 89' lang='lat' dir='ltr'><strong>contra</strong></span> 
     </span>
    </p>
   </div>
   <div class='ocr_carea' id='block_1_111' title="bbox 1809 5005 3389 5077">
    <p class='ocr_par' dir='ltr' id='par_1_111' title="bbox 1809 5005 3389 5077">
     <span class='ocr_line' id='line_1_111' title="bbox 1809 5005 3389 5077; baseline 0.003 -19"><span class='ocrx_word' id='word_1_844' title='bbox 1809 5005 2007 5058; x_wconf 78' lang='lat' dir='ltr'><strong>dixerit</strong></span> <span class='ocrx_word' id='word_1_845' title='bbox 2041 5015 2312 5073; x_wconf 86' lang='lat' dir='ltr'><strong>separata,</strong></span> <span class='ocrx_word' id='word_1_846' title='bbox 2350 5021 2459 5058; x_wconf 90' lang='lat' dir='ltr'><strong>non</strong></span> <span class='ocrx_word' id='word_1_847' title='bbox 2497 5006 2736 5077; x_wconf 73' lang='lat' dir='ltr'><strong>eﬂ‘ugiet,</strong></span> <span class='ocrx_word' id='word_1_848' title='bbox 2767 5017 2823 5061; x_wconf 89' lang='lat' dir='ltr'><strong>ut</strong></span> <span class='ocrx_word' id='word_1_849' title='bbox 2851 5024 2918 5061; x_wconf 88' lang='lat' dir='ltr'><strong>ne</strong></span> <span class='ocrx_word' id='word_1_850' title='bbox 2949 5008 3261 5060; x_wconf 78' lang='lat' dir='ltr'><strong>necessario</strong></span> <span class='ocrx_word' id='word_1_851' title='bbox 3290 5010 3389 5063; x_wconf 87' lang='lat' dir='ltr'><strong>de-</strong></span> 
     </span>
    </p>
   </div>
   <div class='ocr_carea' id='block_1_112' title="bbox 1810 5094 3379 5169">
    <p class='ocr_par' dir='ltr' id='par_1_112' title="bbox 1810 5094 3379 5169">
     <span class='ocr_line' id='line_1_112' title="bbox 1810 5094 3379 5169; baseline 0.003 -21"><span class='ocrx_word' id='word_1_852' title='bbox 1810 5095 1881 5148; x_wconf 90' lang='lat' dir='ltr'><strong>sit</strong></span> <span class='ocrx_word' id='word_1_853' title='bbox 1923 5094 2065 5164; x_wconf 89' lang='lat' dir='ltr'><strong>quod</strong></span> <span class='ocrx_word' id='word_1_854' title='bbox 2108 5106 2319 5165; x_wconf 80' lang='lat' dir='ltr'><strong>separet</strong></span> <span class='ocrx_word' id='word_1_855' title='bbox 2368 5097 2502 5169; x_wconf 83' lang='lat' dir='ltr'><strong>(l7).</strong></span> <span class='ocrx_word' id='word_1_856' title='bbox 2534 5098 2689 5166; x_wconf 88' lang='lat' dir='ltr'><strong>Quod</strong></span> <span class='ocrx_word' id='word_1_857' title='bbox 2722 5101 2765 5152; x_wconf 91' lang='lat' dir='ltr'><strong>si</strong></span> <span class='ocrx_word' id='word_1_858' title='bbox 2793 5100 2916 5167; x_wconf 89' lang='lat' dir='ltr'><strong>quis</strong></span> <span class='ocrx_word' id='word_1_859' title='bbox 2965 5098 3129 5151; x_wconf 88' lang='lat' dir='ltr'><strong>etiam</strong></span> <span class='ocrx_word' id='word_1_860' title='bbox 3162 5100 3379 5154; x_wconf 86' lang='lat' dir='ltr'><strong>tertiam</strong></span> 
     </span>
    </p>
   </div>
   <div class='ocr_carea' id='block_1_113' title="bbox 1813 5247 3382 5316">
    <p class='ocr_par' dir='ltr' id='par_1_113' title="bbox 1813 5247 3382 5316">
     <span class='ocr_line' id='line_1_113' title="bbox 1813 5247 3382 5316; baseline 0.001 -14"><span class='ocrx_word' id='word_1_861' title='bbox 1813 5247 2146 5316; x_wconf 65' lang='lat' dir='ltr'><strong>Unaquazque</strong></span> <span class='ocrx_word' id='word_1_862' title='bbox 2175 5250 2311 5302; x_wconf 79' lang='lat' dir='ltr'><strong>enim</strong></span> <span class='ocrx_word' id='word_1_863' title='bbox 2334 5265 2457 5316; x_wconf 80' lang='lat' dir='ltr'><strong>pars</strong></span> <span class='ocrx_word' id='word_1_864' title='bbox 2491 5249 2676 5302; x_wconf 83' lang='lat' dir='ltr'><strong>horum</strong></span> <span class='ocrx_word' id='word_1_865' title='bbox 2715 5249 2812 5300; x_wconf 79' lang='lat' dir='ltr'><strong>erit</strong></span> <span class='ocrx_word' id='word_1_866' title='bbox 2847 5247 3002 5299; x_wconf 79' lang='lat' dir='ltr'><strong>alteri</strong></span> <span class='ocrx_word' id='word_1_867' title='bbox 3032 5248 3242 5308; x_wconf 83' lang='lat' dir='ltr'><strong>similis,</strong></span> <span class='ocrx_word' id='word_1_868' title='bbox 3275 5258 3382 5303; x_wconf 85' lang='lat' dir='ltr'><strong>etc.</strong></span> 
     </span>
    </p>
   </div>
   <div class='ocr_carea' id='block_1_114' title="bbox 1809 5318 3386 5385">
    <p class='ocr_par' dir='ltr' id='par_1_114' title="bbox 1809 5318 3386 5385">
     <span class='ocr_line' id='line_1_114' title="bbox 1809 5318 3386 5385; baseline 0.001 -15"><span class='ocrx_word' id='word_1_869' title='bbox 1809 5318 2017 5384; x_wconf 84' lang='lat' dir='ltr'><strong>Quibus</strong></span> <span class='ocrx_word' id='word_1_870' title='bbox 2069 5334 2168 5371; x_wconf 90' lang='lat' dir='ltr'><strong>nec</strong></span> <span class='ocrx_word' id='word_1_871' title='bbox 2219 5319 2548 5372; x_wconf 72' lang='lat' dir='ltr'><strong>Methodium</strong></span> <span class='ocrx_word' id='word_1_872' title='bbox 2599 5319 2772 5371; x_wconf 80' lang='lat' dir='ltr'><strong>reddit</strong></span> <span class='ocrx_word' id='word_1_873' title='bbox 2805 5360 2817 5376; x_wconf 86' lang='lat'><strong>,</strong></span> <span class='ocrx_word' id='word_1_874' title='bbox 2866 5333 2966 5371; x_wconf 91' lang='lat' dir='ltr'><strong>nec</strong></span> <span class='ocrx_word' id='word_1_875' title='bbox 3012 5318 3131 5385; x_wconf 88' lang='lat' dir='ltr'><strong>ejus</strong></span> <span class='ocrx_word' id='word_1_876' title='bbox 3185 5319 3386 5372; x_wconf 86' lang='lat' dir='ltr'><strong>rationi</strong></span> 
     </span>
    </p>
   </div>
   <div class='ocr_carea' id='block_1_115' title="bbox 1809 5388 3384 5458">
    <p class='ocr_par' dir='ltr' id='par_1_115' title="bbox 1809 5388 3384 5458">
     <span class='ocr_line' id='line_1_115' title="bbox 1809 5388 3384 5458; baseline 0 -18"><span class='ocrx_word' id='word_1_877' title='bbox 1809 5390 1969 5440; x_wconf 88' lang='lat' dir='ltr'><strong>aliam</strong></span> <span class='ocrx_word' id='word_1_878' title='bbox 2020 5388 2135 5456; x_wconf 90' lang='lat' dir='ltr'><strong>ipse</strong></span> <span class='ocrx_word' id='word_1_879' title='bbox 2183 5391 2516 5458; x_wconf 85' lang='lat' dir='ltr'><strong>probabilem</strong></span> <span class='ocrx_word' id='word_1_880' title='bbox 2545 5390 2825 5442; x_wconf 75' lang='lat' dir='ltr'><strong>substituit</strong></span> <span class='ocrx_word' id='word_1_881' title='bbox 2859 5407 2870 5440; x_wconf 86' lang='lat'>:</span> <span class='ocrx_word' id='word_1_882' title='bbox 2900 5388 3204 5456; x_wconf 86' lang='lat' dir='ltr'><strong>aliquorum</strong></span> <span class='ocrx_word' id='word_1_883' title='bbox 3237 5388 3384 5441; x_wconf 90' lang='lat' dir='ltr'><strong>enim</strong></span> 
     </span>
    </p>
   </div>
   <div class='ocr_carea' id='block_1_116' title="bbox 1809 5458 3382 5526">
    <p class='ocr_par' dir='ltr' id='par_1_116' title="bbox 1809 5458 3382 5526">
     <span class='ocr_line' id='line_1_116' title="bbox 1809 5458 3382 5526; baseline 0.001 -15"><span class='ocrx_word' id='word_1_884' title='bbox 1809 5458 2106 5511; x_wconf 90' lang='lat' dir='ltr'><strong>similitudo</strong></span> <span class='ocrx_word' id='word_1_885' title='bbox 2131 5475 2236 5512; x_wconf 93' lang='lat' dir='ltr'><strong>non</strong></span> <span class='ocrx_word' id='word_1_886' title='bbox 2270 5460 2466 5525; x_wconf 81' lang='lat' dir='ltr'><strong>arguit,</strong></span> <span class='ocrx_word' id='word_1_887' title='bbox 2492 5475 2612 5512; x_wconf 87' lang='lat' dir='ltr'><strong>esse</strong></span> <span class='ocrx_word' id='word_1_888' title='bbox 2635 5460 2864 5511; x_wconf 83' lang='lat' dir='ltr'><strong>alterum</strong></span> <span class='ocrx_word' id='word_1_889' title='bbox 2896 5468 3100 5526; x_wconf 87' lang='lat' dir='ltr'><strong>partem</strong></span> <span class='ocrx_word' id='word_1_890' title='bbox 3135 5459 3382 5512; x_wconf 89' lang='lat' dir='ltr'><strong>alterius.</strong></span> 
     </span>
    </p>
   </div>
   <div class='ocr_carea' id='block_1_117' title="bbox 1809 5526 3383 5597">
    <p class='ocr_par' dir='ltr' id='par_1_117' title="bbox 1809 5526 3383 5597">
     <span class='ocr_line' id='line_1_117' title="bbox 1809 5526 3383 5597; baseline -0.001 -17"><span class='ocrx_word' id='word_1_891' title='bbox 1809 5527 1964 5593; x_wconf 86' lang='lat' dir='ltr'><strong>Quod</strong></span> <span class='ocrx_word' id='word_1_892' title='bbox 2009 5527 2080 5580; x_wconf 85' lang='lat' dir='ltr'><strong>ibi</strong></span> <span class='ocrx_word' id='word_1_893' title='bbox 2121 5530 2390 5597; x_wconf 86' lang='lat' dir='ltr'><strong>sequitur,</strong></span> <span class='ocrx_word' id='word_1_894' title='bbox 2443 5530 2514 5581; x_wconf 88' lang='lat' dir='ltr'><strong>ita</strong></span> <span class='ocrx_word' id='word_1_895' title='bbox 2568 5529 2939 5596; x_wconf 81' lang='lat' dir='ltr'><strong>punctandnln</strong></span> <span class='ocrx_word' id='word_1_896' title='bbox 2969 5547 2994 5597; x_wconf 12' lang='lat'><strong>7:</strong></span> <span class='ocrx_word' id='word_1_897' title='bbox 3043 5527 3284 5595; x_wconf 81' lang='grc' dir='ltr'>ἀλλήλων</span> <span class='ocrx_word' id='word_1_898' title='bbox 3327 5526 3383 5578; x_wconf 84' lang='grc' dir='ltr'><strong>δὲ</strong></span> 
     </span>
    </p>
   </div>
   <div class='ocr_carea' id='block_1_118' title="bbox 1812 5596 3385 5668">
    <p class='ocr_par' dir='ltr' id='par_1_118' title="bbox 1812 5596 3385 5668">
     <span class='ocr_line' id='line_1_118' title="bbox 1812 5596 3385 5668; baseline 0.001 -19"><span class='ocrx_word' id='word_1_899' title='bbox 1812 5598 1950 5667; x_wconf 84' lang='grc' dir='ltr'>μέρη</span> <span class='ocrx_word' id='word_1_900' title='bbox 2006 5596 2372 5667; x_wconf 76' lang='grc' dir='ltr'>τυγχάνοντα,</span> <span class='ocrx_word' id='word_1_901' title='bbox 2429 5599 2718 5668; x_wconf 83' lang='grc' dir='ltr'>ἀγένητον·</span> <span class='ocrx_word' id='word_1_902' title='bbox 2775 5598 2909 5650; x_wconf 82' lang='grc' dir='ltr'>ἀλλ’.</span> <span class='ocrx_word' id='word_1_903' title='bbox 2965 5596 3061 5668; x_wconf 83' lang='lat' dir='ltr'><strong>Ubi</strong></span> <span class='ocrx_word' id='word_1_904' title='bbox 3118 5599 3385 5662; x_wconf 72' lang='lat' dir='ltr'><strong>interpres</strong></span> 
     </span>
    </p>
   </div>
   <div class='ocr_carea' id='block_1_119' title="bbox 1808 5667 3385 5736">
    <p class='ocr_par' dir='ltr' id='par_1_119' title="bbox 1808 5667 3385 5736">
     <span class='ocr_line' id='line_1_119' title="bbox 1808 5667 3385 5736; baseline 0.001 -18"><span class='ocrx_word' id='word_1_905' title='bbox 1808 5679 1982 5735; x_wconf 80' lang='lat' dir='ltr'><strong>partes</strong></span> <span class='ocrx_word' id='word_1_906' title='bbox 2019 5669 2154 5720; x_wconf 83' lang='lat' dir='ltr'><strong>inter</strong></span> <span class='ocrx_word' id='word_1_907' title='bbox 2186 5686 2238 5721; x_wconf 79' lang='lat' dir='ltr'><strong>se</strong></span> <span class='ocrx_word' id='word_1_908' title='bbox 2268 5686 2442 5735; x_wconf 81' lang='lat' dir='ltr'><strong>pares,</strong></span> <span class='ocrx_word' id='word_1_909' title='bbox 2478 5667 2605 5726; x_wconf 72' lang='lat' dir='ltr'><strong>etc.,</strong></span> <span class='ocrx_word' id='word_1_910' title='bbox 2640 5669 2783 5736; x_wconf 88' lang='lat' dir='ltr'><strong>quod</strong></span> <span class='ocrx_word' id='word_1_911' title='bbox 2819 5680 2998 5720; x_wconf 84' lang='lat' dir='ltr'><strong>tamen</strong></span> <span class='ocrx_word' id='word_1_912' title='bbox 3037 5667 3197 5719; x_wconf 77' lang='lat' dir='ltr'><strong>fuerit</strong></span> <span class='ocrx_word' id='word_1_913' title='bbox 3231 5682 3385 5719; x_wconf 82' lang='lat' dir='ltr'><strong>men-</strong></span> 
     </span>
    </p>
   </div>
   <div class='ocr_carea' id='block_1_120' title="bbox 1809 5738 3271 5807">
    <p class='ocr_par' dir='ltr' id='par_1_120' title="bbox 1809 5738 3271 5807">
     <span class='ocr_line' id='line_1_120' title="bbox 1809 5738 3271 5807; baseline -0.002 -16"><span class='ocrx_word' id='word_1_914' title='bbox 1809 5738 1936 5791; x_wconf 89' lang='lat' dir='ltr'><strong>dum</strong></span> <span class='ocrx_word' id='word_1_915' title='bbox 1971 5740 2289 5807; x_wconf 79' lang='lat' dir='ltr'><strong>typographi</strong></span> <span class='ocrx_word' id='word_1_916' title='bbox 2325 5755 2442 5807; x_wconf 88' lang='lat' dir='ltr'><strong>pro,</strong></span> <span class='ocrx_word' id='word_1_917' title='bbox 2477 5748 2650 5805; x_wconf 79' lang='lat' dir='ltr'><strong>partes</strong></span> <span class='ocrx_word' id='word_1_918' title='bbox 2688 5739 2822 5790; x_wconf 76' lang='lat' dir='ltr'><strong>inter</strong></span> <span class='ocrx_word' id='word_1_919' title='bbox 2852 5753 2904 5788; x_wconf 83' lang='lat' dir='ltr'><strong>se</strong></span> <span class='ocrx_word' id='word_1_920' title='bbox 2938 5747 3134 5804; x_wconf 82' lang='lat' dir='ltr'><strong>partes,</strong></span> <span class='ocrx_word' id='word_1_921' title='bbox 3167 5746 3271 5807; x_wconf 65' lang='lat' dir='ltr'><strong>etc.,</strong></span> 
     </span>
    </p>
   </div>
   <div class='ocr_carea' id='block_1_121' title="bbox 1881 5805 3383 5876">
    <p class='ocr_par' dir='ltr' id='par_1_121' title="bbox 1881 5805 3383 5876">
     <span class='ocr_line' id='line_1_121' title="bbox 1881 5805 3383 5876; baseline -0.001 -16"><span class='ocrx_word' id='word_1_922' title='bbox 1881 5805 2005 5872; x_wconf 72' lang='grc' dir='ltr'><strong>(ΓΠ</strong></span> <span class='ocrx_word' id='word_1_923' title='bbox 2042 5805 2161 5860; x_wconf 67' lang='lat' dir='ltr'><strong>Non</strong></span> <span class='ocrx_word' id='word_1_924' title='bbox 2192 5805 2424 5876; x_wconf 63' lang='lat' dir='ltr'><strong>effugiet.</strong></span> <span class='ocrx_word' id='word_1_925' title='bbox 2451 5818 2504 5858; x_wconf 84' lang='lat' dir='ltr'><strong>ut</strong></span> <span class='ocrx_word' id='word_1_926' title='bbox 2537 5826 2596 5860; x_wconf 87' lang='lat' dir='ltr'><strong>ne</strong></span> <span class='ocrx_word' id='word_1_927' title='bbox 2631 5807 2926 5876; x_wconf 81' lang='lat' dir='ltr'><strong>necessario</strong></span> <span class='ocrx_word' id='word_1_928' title='bbox 2961 5808 3094 5859; x_wconf 81' lang='lat' dir='ltr'><strong>desit</strong></span> <span class='ocrx_word' id='word_1_929' title='bbox 3133 5805 3269 5875; x_wconf 82' lang='lat' dir='ltr'><strong>quod</strong></span> <span class='ocrx_word' id='word_1_930' title='bbox 3301 5822 3383 5858; x_wconf 82' lang='lat' dir='ltr'><strong>se-</strong></span> 
     </span>
    </p>
   </div>
   <div class='ocr_carea' id='block_1_122' title="bbox 1809 5875 3380 5947">
    <p class='ocr_par' dir='ltr' id='par_1_122' title="bbox 1809 5875 3380 5947">
     <span class='ocr_line' id='line_1_122' title="bbox 1809 5875 3380 5947; baseline -0.004 -16"><span class='ocrx_word' id='word_1_931' title='bbox 1809 5892 1976 5947; x_wconf 76' lang='lat' dir='ltr'><strong>paret.</strong></span> <span class='ocrx_word' id='word_1_932' title='bbox 2016 5880 2089 5930; x_wconf 70' lang='lat'><strong>0-3</strong></span> <span class='ocrx_word' id='word_1_933' title='bbox 2139 5875 2388 5944; x_wconf 73' lang='grc' dir='ltr'>φεύξεται</span> <span class='ocrx_word' id='word_1_934' title='bbox 2432 5877 2528 5945; x_wconf 83' lang='grc' dir='ltr'>τὴν</span> <span class='ocrx_word' id='word_1_935' title='bbox 2573 5877 2666 5929; x_wconf 79' lang='grc' dir='ltr'>τοῦ</span> <span class='ocrx_word' id='word_1_936' title='bbox 2702 5875 3020 5945; x_wconf 75' lang='grc' dir='ltr'>χωρίζοντος</span> <span class='ocrx_word' id='word_1_937' title='bbox 3065 5878 3380 5939; x_wconf 79' lang='grc' dir='ltr'>ἀπόστασιν,</span> 
     </span>
    </p>
   </div>
   <div class='ocr_carea' id='block_1_123' title="bbox 1812 5948 3384 6019">
    <p class='ocr_par' dir='ltr' id='par_1_123' title="bbox 1812 5948 3384 6019">
     <span class='ocr_line' id='line_1_123' title="bbox 1812 5948 3384 6019; baseline -0.006 -16"><span class='ocrx_word' id='word_1_938' title='bbox 1812 5951 1936 6019; x_wconf 86' lang='lat' dir='ltr'><strong>quia</strong></span> <span class='ocrx_word' id='word_1_939' title='bbox 1980 5949 2236 6003; x_wconf 86' lang='lat' dir='ltr'><strong>nimirum</strong></span> <span class='ocrx_word' id='word_1_940' title='bbox 2290 5950 2465 6016; x_wconf 81' lang='lat' dir='ltr'><strong>ipsum</strong></span> <span class='ocrx_word' id='word_1_941' title='bbox 2500 5962 2780 6017; x_wconf 76' lang='lat' dir='ltr'><strong>separatis,</strong></span> <span class='ocrx_word' id='word_1_942' title='bbox 2818 5954 3068 6014; x_wconf 78' lang='lat' dir='ltr'><strong>oporteat</strong></span> <span class='ocrx_word' id='word_1_943' title='bbox 3104 5964 3224 6001; x_wconf 82' lang='lat' dir='ltr'><strong>esse</strong></span> <span class='ocrx_word' id='word_1_944' title='bbox 3258 5948 3384 5996; x_wconf 56' lang='lat' dir='ltr'><strong>nnis</strong></span> 
     </span>
    </p>
   </div>
  </div>
