4028 6318
637 470 748 527 255

1629 471 1688 527 S.
1722 469 2058 528 METEODII
2097 469 2409 530 EPISCOPI
2449 469 2538 524 ET
2579 467 2936 526 MARTYRIS

3779 472 3879 529 256

639 585 902 642 artificem
956 595 1076 644 arte
1129 603 1296 659 quam
1361 589 1418 643 in
1463 590 1774 646 substantia
1808 592 2027 654 habeat,
2059 591 2211 646 dicas

2315 589 2479 662 τέχνῃ
2509 592 2672 642 ποιεῖ.
2715 589 2860 660 Φημὶ
2918 587 2974 640 δὲ
3021 586 3155 660 πρὸς
3209 585 3399 651 τοῦτο,
3431 589 3515 643 ὅτι
3553 588 3670 642 οὐδὲ
3710 591 3768 642 ὲν
3809 591 3881 661 τῷ

637 676 856 746 operari
886 674 1022 748 (25).
1056 677 1137 733 Ad
1166 679 1269 733 hoc
1299 681 1602 748 respondeo
1631 680 1850 753 :Neque
1877 683 2083 736 homini
2118 683 2217 736 ad-

638 769 794 824 nasci
824 780 995 824 artem
1021 786 1090 826 ex
1141 771 1390 840 subjecta
1440 784 1588 842 arte;
1625 789 1751 828 nam
1780 791 1958 845 neque
1989 775 2216 831 concedi

637 869 834 930 potest,
871 863 1045 930 ipsam
1071 864 1124 917 in
1159 880 1218 918 se
1267 864 1656 925 substantiam.
1703 875 1876 922 artem
1917 883 2060 924 esse.
2110 870 2217 924 Ars

633 954 781 1007 enim
808 954 1190 1010 accidentibus
1218 955 1564 1020 adcensetur,
1608 958 1805 1029 iisque.
1834 976 2065 1030 quorum
2085 971 2217 1016 tunc

635 1045 708 1099 sit
736 1059 880 1106 esse,
921 1060 1049 1099 cum
1107 1045 1163 1100 in
1214 1045 1520 1102 substantia
1553 1049 1732 1120 aliqua
1786 1061 2073 1121 procreata
2099 1053 2217 1108 fue-

634 1138 766 1192 rint.
800 1136 974 1192 Homo
1028 1137 1270 1208 quidem,
1306 1140 1424 1195 sine
1471 1141 1634 1196 etiam
1690 1144 1964 1198 tectonica
1993 1144 2158 1199 fuerit
2196 1161 2212 1197 :

632 1237 689 1282 at
723 1229 835 1295 illa,
868 1230 974 1283 nisi
1017 1230 1173 1300 prius
1227 1233 1527 1287 exsistente
1582 1233 1824 1297 homine,
1884 1235 2036 1289 nulla
2086 1236 2212 1291 erit.

632 1320 815 1387 Quare
844 1321 1138 1376 dicendum
1171 1325 1507 1388 necessario,
1568 1325 1773 1380 habere
1811 1312 1962 1382 artes
1991 1333 2212 1393 natura,

633 1419 695 1467 ut
725 1429 788 1466 ex
819 1413 990 1468 nihilo
1013 1414 1144 1468 ﬁant
1169 1415 1223 1469 in
1255 1415 1594 1472 hominibus.
1651 1417 1793 1487 Ergo
1832 1418 1878 1474 si
1912 1419 1986 1472 ita
2013 1418 2216 1474 habere

633 1504 981 1562 ostendimus
1023 1505 1080 1560 in
1138 1507 1496 1576 hominibus;
1530 1510 1804 1579 quomodo
1857 1524 1968 1564 non
1997 1526 2212 1581 equum

632 1596 742 1648 erit
767 1595 971 1658 dicere,
1007 1613 1168 1666 posse
1198 1614 1226 1652 a
1250 1597 1381 1663 Deo,
1410 1615 1520 1654 non
1574 1601 1749 1655 solum
1775 1601 2087 1672 qualitates,
2119 1607 2214 1659 sed

633 1692 690 1738 et
715 1685 1070 1750 substantias,
1104 1690 1219 1743 ﬁeri
1255 1705 1321 1745 ex
1358 1690 1570 1745 nihilo?
1598 1690 1737 1745 Dum
1782 1693 1929 1747 enim
1953 1693 2215 1764 possibile

632 1774 848 1828 videtur
872 1783 933 1830 ut
959 1778 1178 1846 aliquod
1216 1795 1284 1834 ex
1308 1780 1480 1833 nihilo
1511 1783 1624 1844 flat,
1677 1796 1840 1852 posse
1868 1787 2034 1840 etiam
2082 1787 2215 1843 sub—

634 1868 868 1923 stantias
900 1885 966 1923 ex
996 1871 1171 1923 nihilo
1203 1871 1317 1925 ﬁeri
1349 1874 1676 1928 ostenditur.

708 1957 908 2013 lterum
941 1977 1071 2015 vero
1102 1962 1351 2016 instituta
1385 1963 1451 2018 de
1507 1965 1667 2020 malis
1721 1965 2020 2037 disputatio
2052 1985 2210 2025 resu-

635 2055 839 2102 matur.
875 2048 1036 2114 Mala,
1088 2059 1269 2105 utrum
1304 2053 1630 2112 substantia:
1680 2058 1940 2114 videntur
1963 2061 2048 2117 vel
2079 2077 2218 2132 qua-

631 2138 814 2193 litates
843 2142 1316 2200 substantiarum?

704 2225 862 2283 VAL.
895 2229 1217 2297 Qualitatcs.

703 2320 913 2377 ORTH.
949 2324 1175 2382 Materia
1203 2343 1352 2395 vero,
1393 2341 1583 2386 eratne
1630 2331 1752 2388 sine
1780 2333 2146 2403 qualitatibus
2161 2345 2216 2394 et

629 2413 921 2471 informis?

707 2503 863 2559 VAL.
899 2507 1150 2564 Maxime.

698 2595 910 2651 ORTH.
935 2597 1064 2653 Haec
1114 2615 1246 2667 ergo
1297 2600 1519 2654 nomina
1554 2601 1880 2661 substantiae
1905 2606 2216 2682 junguntur

631 2703 700 2743 ex
734 2687 803 2744 iis
836 2703 958 2756 quae
991 2689 1095 2758 ipsi
1127 2689 1404 2747 accidunt.
1437 2690 1623 2762 Neque
1674 2695 1821 2750 enim
1855 2697 2213 2758 homicidium

630 2787 718 2833 est
745 2778 1074 2843 substantia,
1111 2796 1285 2851 neque
1314 2782 1611 2853 quidquam
1643 2785 1874 2842 aliorum
1909 2793 2209 2861 malorum;

633 2870 727 2925 sed
766 2872 1151 2940 agnominatur
1183 2874 1251 2928 ab
1272 2877 1704 2945 operationibus.
1739 2877 1876 2934 Nam
1906 2897 2084 2952 neque
2113 2884 2215 2940 ho-

631 2961 916 3018 micidium
947 2973 1032 3019 est
1053 2965 1256 3034 homo;
1290 2967 1385 3022 sed
1425 2967 1508 3029 is,
1552 2970 1627 3024 ob
1660 2971 1793 3028 illud
1839 2982 2213 3044 perpetratum

633 3052 868 3121 quadam
901 3057 1049 3111 velut
1093 3059 1333 3115 nominis
1365 3059 1689 3128 deﬂexione,
1743 3064 2018 3118 homicida
2043 3081 2213 3136 agno-

629 3144 902 3214 minatur;
933 3162 1058 3202 cum
1088 3149 1204 3218 ipse
1233 3151 1653 3222 haudquaquam
1702 3153 1774 3207 sit
1813 3153 2208 3228 homicidium]:

629 3246 817 3306 atque,
876 3244 935 3291 ut
990 3239 1318 3309 compendio
1348 3242 1568 3307 dicam,
1623 3243 1760 3296 nihil
1792 3244 2093 3314 quidquam
2143 3263 2212 3302 ex

629 3326 754 3382 aliis
808 3330 968 3383 malis
999 3337 1084 3386 est
1122 3332 1428 3387 substantia
1464 3353 1478 3389 :
1511 3334 1610 3390 sed
1659 3343 1841 3404 potest
1893 3335 2002 3390 dici
2038 3338 2203 3405 mala,
2233 3336 2276 3396 C

628 3417 779 3488 quod
831 3419 1100 3475 malorum
1151 3423 1432 3493 quidpiam
1461 3425 1653 3495 egerit.
1700 3424 1883 3481 Simili
1926 3429 2089 3484 modo
2117 3446 2209 3486 ra-

633 3510 923 3575 tiocinare,
963 3513 1009 3569 si
1035 3514 1168 3584 quid
1211 3517 1358 3572 aliud
1404 3518 1549 3589 quod
1579 3521 1650 3575 sit
1697 3536 1864 3580 causa
1910 3527 2203 3590 malorum,

627 3611 810 3659 mente
831 3606 1162 3665 confinxeris
1197 3625 1210 3663 :
1237 3626 1432 3680 nempe
1465 3613 1628 3667 etiam
1671 3615 1807 3670 illud
1835 3617 2038 3673 malum
2058 3634 2204 3685 esse,

629 3697 776 3766 quod
830 3698 1168 3759 hominibus.
1198 3713 1543 3774 c00peretur,
1579 3718 1634 3763 et
1674 3719 1930 3781 suggerat
1977 3719 2037 3766 ut
2062 3712 2206 3767 mala

628 3787 852 3843 faciant.
908 3791 1004 3847 Est
1033 3795 1177 3848 enim
1207 3803 1262 3850 et
1291 3798 1408 3866 ipse
1442 3799 1640 3866 malus,
1671 3802 1744 3855 ob
1775 3817 1837 3856 ea
1872 3818 1993 3872 quae
2052 3802 2205 3860 facit.

625 3876 923 3950 PrOpterea
947 3885 1090 3938 enim
1113 3887 1316 3941 dicitur
1353 3904 1478 3945 esse
1508 3892 1704 3958 malus,
1739 3894 1885 3964 quod
1917 3897 1988 3966 sit
2017 3904 2210 3952 auctor

626 3972 922 4027 malorum.
951 3973 1144 4040 Porro,
1175 3977 1319 4046 quod
1351 3980 1477 4049 quis
1528 3981 1681 4046 facit,
1723 3994 1833 4040 non
1869 3987 1986 4057 ipse
2009 3989 2208 4060 estqui

628 4061 784 4126 facit,
814 4064 908 4120 sed
932 4066 1051 4135 ejus
1085 4071 1327 4138 operatio
1350 4111 1364 4134 ,
1400 4073 1544 4130 unde
1567 4076 1672 4131 sibi
1724 4093 2028 4150 cognomen
2078 4083 2209 4138 mali

629 4155 870 4212 asciscit.
902 4157 1037 4212 Nam
1094 4163 1139 4217 si
1202 4162 1256 4218 id
1307 4163 1488 4234 ipsum
1539 4167 1844 4227 dixerimus
1905 4189 2028 4228 esse
2062 4173 2208 4244 quod

627 4245 795 4312 facit;
825 4262 948 4302 cum
983 4250 1147 4305 faciat
1167 4256 1342 4310 caedes
1369 4265 1424 4312 et
1456 4257 1725 4317 adulteria
1775 4269 1829 4317 et
1877 4263 1984 4317 hoc
2036 4279 2209 4334 genus

629 4338 862 4404 similia,
891 4343 1007 4410 ipse
1039 4345 1130 4398 illa
1171 4347 1294 4401 erit.
1321 4347 1478 4413 Quod
1509 4352 1554 4406 si
1589 4353 1726 4422 ipse,
1775 4355 1870 4407 illa
1897 4364 2010 4417 est;
2046 4355 2210 4409 habet

629 4445 792 4485 suum
827 4449 970 4500 esse,
997 4450 1120 4492 cum
1151 4438 1240 4491 illa
1272 4447 1400 4493 sunt
1437 4454 1450 4490 :
1489 4442 1583 4496 ubi
1615 4451 1794 4498 autem
1842 4460 1952 4498 non
1983 4444 2207 4512 fuerint,

628 4524 800 4578 etiam,
825 4525 940 4594 ipse
961 4527 1162 4582 desinit
1184 4544 1323 4584 esse.
1367 4531 1529 4586 Fiunt
1561 4543 1742 4589 autem
1773 4536 1888 4589 haec
1926 4536 1994 4590 ab
2032 4537 2211 4591 homi-

630 4615 793 4671 nibus
822 4632 836 4666 :
864 4626 1028 4672 erunt
1063 4635 1192 4690 ergo
1223 4621 1473 4679 homines
1505 4625 1700 4680 horum
1733 4636 2022 4696 auctores;
2063 4637 2118 4684 et
2148 4635 2208 4683 ut

631 4705 742 4758 sint
769 4706 854 4760 vel
880 4723 988 4763 non
1007 4710 1136 4778 sint,
1169 4728 1368 4769 causa.
1395 4716 1558 4787 Atqui
1585 4718 1628 4773 si
1655 4718 1727 4773 ob
1745 4733 1808 4772 ea
1827 4735 1947 4788 quae
1972 4720 2205 4790 quisque

632 4793 784 4859 facit,
816 4798 991 4854 malus
1015 4809 1136 4869 est,
1181 4820 1302 4874 qua:
1330 4815 1513 4861 autem
1559 4806 1709 4869 facit,
1737 4809 2067 4877 principium
2101 4811 2202 4863 ha-

632 4888 797 4955 bent;
834 4905 1176 4962 consequens
1209 4898 1283 4961 fil,
1317 4906 1375 4952 ut
1405 4911 1457 4954 et
1479 4900 1568 4954 ille
1596 4900 1825 4969 coeperit
1851 4916 1972 4956 esse
2003 4904 2202 4965 malus,

633 4983 1008 5052 coeperintque
1038 4987 1199 5040 etiam
1237 4988 1341 5043 ista
1393 4992 1554 5044 mala.
1588 4990 1744 5056 Quod.
1791 4992 1837 5046 si
1870 5009 2053 5047 verum
2097 5005 2201 5057 est,

635 5088 794 5126 nemo
839 5076 1003 5144 igitur
1067 5087 1193 5132 ante
1242 5096 1404 5136 omne
1451 5084 1778 5151 principium
1833 5091 2207 5155 aeternumque

635 5165 812 5220 malus
841 5173 946 5231 est,
981 5183 1043 5221 ac
1077 5185 1251 5238 neque
1280 5172 1420 5225 mala
1451 5182 1577 5228 sunt
1607 5173 1866 5228 increata.

706 5320 818 5443 £25)
849 5320 917 5375 Ut
944 5324 1192 5377 nimirum
1240 5325 1497 5392 artiﬁcem
1521 5335 1635 5379 arte
1656 5343 1813 5394 quam
1836 5328 1889 5380 in
1910 5326 2208 5382 substantia

740 5400 858 5443 eat.
915 5393 1062 5443 dicas
1110 5397 1336 5443 onerari-
1379 5398 1442 5443 τῆ
1478 5397 1537 5443 ὲν
1574 5401 1637 5443 τῆ
1668 5397 1824 5443 οὐσία.
1852 5398 2014 5443 τέννη
2044 5402 2205 5443 ποιεῖ-

635 5391 858 5470 ῥοδέας,
915 5393 1062 5470 dicas
1110 5391 1537 5470 operarilﬁﬁuév
1574 5401 1638 5466 τῇ
1667 5391 1824 5467 οὐσίᾳ
1852 5398 2017 5470 τέχνῃ
2044 5402 2205 5452 ποιεῖ.

635 5460 753 5538 Non
808 5463 942 5538 bene
990 5460 1257 5538 interpres
1309 5460 1522 5538 Photii,
1574 5460 1663 5534 p'e'r
1705 5460 1872 5520 artem
1916 5460 2119 5538 aliquid
2154 5471 2206 5521 in

637 5531 940 5607 substantia
979 5531 1248 5602 ﬁert—Qui
1279 5537 1423 5591 enim
1461 5531 1660 5590 hoc'ad
1691 5531 2026 5606 propositum
2053 5581 2066 5601 ,
2099 5553 2206 5607 quo

637 5605 902 5675 qumritur
925 5643 940 5665 ,
982 5621 1112 5659 num
1148 5622 1238 5660 ars
1261 5623 1326 5660 ex
1361 5608 1684 5675 prtejacente
1717 5605 1832 5661 arte
1864 5610 1988 5671 fiat,
2022 5610 2077 5662 in
2111 5605 2206 5661 lia-

640 5672 831 5745 bente,
867 5675 947 5728 vel
992 5683 1050 5727 ut
1090 5690 1154 5730 ex
1199 5683 1315 5730 arte
1353 5672 1515 5745 quam
1547 5677 1740 5732 artifex
1771 5680 2207 5733 substantialiter

641 5741 859 5804 habeat,
896 5754 955 5796 ut
986 5745 1090 5800 ista
1117 5746 1316 5801 solutio
1345 5741 1658 5812 contendit;
1686 5749 1767 5801 vel
1797 5765 1861 5803 ex
1903 5750 2070 5803 nihilo
2095 5748 2201 5812 sui,

643 5820 913 5884 tanquam,
930 5829 1116 5868 verum
1148 5817 1424 5880 accidens,
1452 5817 1596 5884 quod
1631 5826 1839 5871 tantum
1874 5819 1964 5882 sit,
1993 5834 2116 5871 cum
2147 5820 2204 5872 in

646 5882 952 5937 substantia
1001 5886 1181 5954 aliqua
1229 5887 1392 5942 fuerit
1438 5882 1638 5944 factum
1655 5905 1670 5955 ;
1708 5890 1849 5958 quod
1896 5888 2203 5944 Methodius

2319 681 2590 752 ἀνθρώπῳ
2619 681 2682 733 ἐκ
2709 697 2852 744 τινος
2885 681 3250 751 ὑποκειμένης
3283 680 3475 752 τέχνης
3508 682 3877 751 προσγίνεταιο

2317 773 2436 826 οὐδὲ
2468 773 2576 841 γὰρ
2629 772 2803 825 ἔνεστι
2847 773 2944 841 τὴν
2972 772 3058 841 ἐφ’
3092 772 3291 841 ἑαυτῆς
3348 773 3533 825 οὐσίαν
3565 772 3751 826 δοῦναι
3790 775 3882 840 τὴν

2315 866 2529 936 τέχνην.
2567 865 2688 916 Τῶν
2710 864 2818 936 γὰρ
2863 863 3281 935 συμϐεϐηκότων
3321 864 3459 927 ἐστὶ,
3499 864 3590 917 καὶ
3627 865 3734 917 τῶν
3767 869 3881 917 τότε

2315 954 2377 1007 τὸ
2400 949 2539 1008 εἶναι
2572 955 2802 1026 ἐχόντων
2824 995 2836 1017 ,
2877 955 3077 1008 ὁπόταν
3131 956 3189 1008 ὲν
3221 955 3376 1026 οὐσίᾳ
3405 955 3511 1006 τινὶ
3541 954 3785 1025 γένηται.
3831 951 3883 1008 Ὁ

2321 1045 2420 1116 μὲν
2451 1047 2558 1118 γὰρ
2590 1046 2874 1117 ἅνθρωπος
2907 1047 3000 1099 καὶ
3035 1048 3202 1116 χωρὶς
3233 1047 3331 1116 τῆς
3365 1045 3683 1116 τεκτονικῆς
3714 1046 3882 1109 ἔσται,

2316 1137 2350 1205 ὴ
2371 1135 2428 1188 δὲ
2454 1137 2555 1189 οὐκ
2590 1136 2762 1200 ἐσται,
2794 1137 2890 1191 ἐὰν
2922 1137 2995 1208 μὴ
3024 1137 3286 1209 πρότερον
3318 1136 3599 1207 ἄνθρωπος
3706 1136 3881 1200 Ὅθεν,

2314 1225 2414 1289 τὰς
2446 1226 2640 1295 τέχνας
2684 1229 2742 1294 ἐξ
2775 1229 2874 1281 οὐκ
2901 1228 3066 1284 ὄντων
3106 1229 3186 1290 εἰς
3229 1227 3545 1298 ἀνθρώπους
3588 1227 3883 1294 πεφυκέναι

2315 1318 2580 1387 γίνεσθαι,
2617 1321 2794 1390 λέγειν
2833 1323 3147 1391 ἀναγκαῖον.
3197 1323 3260 1375 Et
3305 1322 3481 1375 τοίνυν
3519 1321 3675 1374 τοῦτο
3715 1321 3883 1385 οὕτως

2315 1410 2461 1481 ἔχειν
2497 1413 2584 1464 ἐπ’
2632 1412 2934 1486 ἀνθρώπιον
2973 1415 3273 1484 ἐδείξαμεν,
3320 1414 3436 1478 πῶς
3489 1413 3606 1484 οὐχὶ
3644 1412 3886 1482 προσῆκε

2315 1502 2406 1554 τὸν
2449 1502 2578 1555 Θεὸν
2614 1504 2687 1574 μὴ
2737 1504 2894 1574 μόνον
2936 1505 3245 1575 ποιότητας,
3295 1507 3353 1572 ἐξ
3383 1506 3482 1558 οὐκ
3523 1505 3689 1558 ὄντων
3724 1505 3887 1572 φάναι

2315 1591 2573 1646 δύνασθαι
2619 1597 2816 1658 ποιεῖν,
2853 1595 2988 1650 ἀλλὰ
3023 1596 3119 1649 καὶ
3158 1597 3375 1662 οὐσίαςς
3417 1596 3490 1650 Τὸ
3529 1598 3634 1666 γὰρ
3669 1595 3888 1649 δυνατὸν

2318 1683 2552 1753 φανῆναι
2586 1686 2646 1739 τὸ
2671 1687 2918 1753 γίνεσθαί
2942 1706 2992 1741 τι
3021 1687 3080 1753 ἐξ
3105 1689 3204 1742 οὐκ
3223 1689 3413 1754 ὄντων,
3446 1689 3540 1742 καὶ
3578 1688 3678 1752 τὰς
3703 1688 3890 1752 οὐσίας

2316 1776 2488 1840 οὕτως
2514 1776 2658 1846 ἔχειν
2689 1779 2986 1833 δείκνυται.

2238 1963 2284 2020 Β
2381 1929 2552 1984 Πάλιν
2596 1931 2653 1984 δὲ
2693 1931 3015 2004 διαληπτέον
3063 1933 3171 1987 τῶν
3202 1933 3390 1988 κακῶν
3421 1934 3566 2005 πέρι.
3619 1934 3704 1988 Τὰ
3751 1935 3896 1989 κακὰ

2319 2023 2544 2095 πότερον
2571 2023 2750 2078 οὐσίαι
2799 2043 2879 2079 σοι
2919 2021 3340 2107 δοκοῦσινβῐναι
3363 2064 3379 2091 ,
3413 2025 3447 2098 ἢ
3481 2025 3763 2097 ποιότητες
3807 2027 3899 2080 οὑ-

2320 2115 2450 2168 σιῶν
2471 2131 2486 2180 ;
2740 2158 2742 2161 τ

2388 2207 2594 2260 ΟΥΔΛ.
2630 2208 2943 2279 Ποιότητες.
3857 2224 3864 2226 '

2388 2299 2624 2352 ΟΡΘΟΔ.
2685 2299 2750 2354 'H
2800 2300 2858 2353 δὲ
2909 2299 3008 2372 ὕλη
3063 2299 3253 2365 ἄποιος
3311 2296 3382 2374 ἦν
3441 2302 3534 2355 καὶ
3587 2302 3903 2373 ἀσχημάτι-

2318 2406 2480 2454 στοςῖ

2387 2482 2589 2537 ΟΥΛΛ.
2633 2481 2810 2537 Οὕτω.

2386 2549 2645 2630 ΟΡΘΟΔῙ
2667 2575 2976 2630 Πέπλεκται
3025 2577 3134 2648 ἄρα
3173 2577 3242 2632 τὰ
3282 2578 3523 2649 ὀνόματα
3587 2575 3768 2631 ταῦτα
3831 2578 3899 2646 τῇ

2314 2662 2474 2734 οὐσίᾳ
2508 2665 2573 2717 ὲκ
2597 2664 2707 2718 τῶν
2747 2666 3169 2737 συμϐεϐηκότων
3192 2669 3350 2739 αὐτῇ.
3386 2667 3523 2722 Οῠτε
3550 2668 3658 2739 γάρ
3695 2669 3848 2720 ἐστιν
3873 2670 3903 2720 ό

2315 2755 2476 2822 φόνος
2520 2757 2553 2825 ἡ
2599 2756 2778 2820 οὐσία,
2818 2757 2941 2810 οὔτε
2973 2775 3026 2811 τι
3058 2759 3165 2812 τῶν
3201 2759 3373 2814 ἄλλων
3411 2761 3628 2815 κακῶν·
3669 2760 3792 2814 ἀλλ’
3838 2763 3904 2814 ὲκ

2314 2847 2424 2900 τῶν
2476 2847 2766 2918 ἐνεργειῶν
2814 2849 3274 2920 παρονομάζεται.
3313 2852 3453 2905 Οὔτε
3501 2853 3611 2922 γὰρ
3664 2854 3833 2922 φόνος
3873 2854 3904 2906 ό

2314 2937 2600 3009 ἄνθρωπος
2616 2956 2628 2969 ·
2658 2939 2793 2993 ἀλλὰ
2814 2940 2892 3012 τῷ
2918 2941 3274 3012 ὲνεργηκέναι
3299 2943 3504 3006 τοῦτον,
3549 2943 3903 3014 παρωνύμως

2315 3031 2508 3098 φονεὺς
2552 3031 2988 3103 παρονομάζεται
3013 3073 3028 3097 ,
3065 3032 3139 3104 μὴ
3182 3033 3256 3087 ῶν
3286 3035 3446 3105 φόνος
3501 3037 3659 3099 αὐτός
3682 3053 3696 3066 ·
3748 3035 3902 3104 οὕτε,

2316 3123 2615 3194 συλλήϐδην
2670 3127 2879 3189 εἰπεῖν,
2935 3125 2990 3179 τὶ
3035 3125 3143 3178 τῶν
3194 3127 3370 3181 ἄλλων
3420 3127 3604 3182 κακῶν
3657 3129 3818 3182 ἐστιν
3866 3130 3902 3201 ἡ

2312 3214 2497 3267 οὐσία·
2541 3215 2679 3269 ἀλλὰ
2715 3216 2794 3287 τῷ
2839 3216 3042 3286 πρᾶξαί
3080 3234 3134 3270 τι
3177 3217 3284 3272 τῶν
3331 3220 3514 3274 κακῶν
3551 3221 3694 3292 κακὴ
3733 3221 3906 3290 ’λέγε-

2313 3304 2438 3359 σθαι
2461 3305 2702 3360 δύναται.
2745 3307 2973 3378 Ὁμοίως
3011 3309 3326 3381 ἐπινόησον,
3359 3310 3414 3363 ετ
3449 3327 3502 3364 τι
3541 3312 3728 3384 ἕτερον
3765 3314 3905 3366 dva-

2311 3400 2562 3464 πλάττεις
2607 3404 2665 3456 ὲν
2704 3401 2782 3472 τῷ
2827 3400 2936 3472 νῷ,
2971 3402 3156 3456 κακῶν
3187 3406 3298 3466 τοῖς
3335 3403 3639 3475 ἀνθρώποις
3681 3406 3902 3471 αἴτιον,

2307 3493 2384 3557 ὡς
2415 3494 2636 3547 κάκεῖνο
2667 3493 2834 3546 κακὸν
2859 3493 2994 3563 (26),
3033 3495 3090 3546 ὲν
3123 3493 3201 3565 τῷ
3232 3495 3442 3559 τούτοις
3481 3497 3725 3569 ἐνεργεῖν
3744 3539 3760 3562 ,
3804 3500 3908 3554 καὶ

2310 3584 2632 3638 ὑποϐάλλειν
2678 3588 2852 3638 ποιεῖν
2905 3585 2972 3639 τὰ
3023 3587 3188 3640 κακά.
3225 3588 3378 3640 Ἐστι
3417 3587 3525 3658 γὰρ
3583 3589 3677 3641 καὶ
3731 3591 3904 3654 αὐτὸς

2309 3675 2502 3741 κακὸς,
2535 3675 2595 3742 ἐξ
2625 3670 2700 3730 ὦν
2730 3681 2890 3731 ποιεῖ.
2921 3679 3020 3733 Διὰ
3044 3680 3153 3752 γὰρ
3181 3680 3339 3734 τοῦτο
3371 3679 3538 3744 κακὸς
3571 3677 3710 3733 εἶναι
3736 3682 3902 3749 λέγε-

2308 3783 2420 3834 ται,
2445 3769 2526 3821 ὃτι
2558 3769 2731 3840 (τῶν)
2775 3770 2960 3823 κακῶν
3005 3773 3118 3824 ἐστι
3149 3772 3409 3842 ποιητήςο
3450 3770 3486 3823 ἃ
3518 3770 3575 3822 δέ
3606 3787 3691 3833 τις
3727 3775 3900 3835 ποιεῖ,

2309 3859 2410 3912 οὐκ
2441 3859 2588 3914 ἐστιν
2643 3861 2826 3924 αὐτὸς,
2870 3861 2985 3913 ἀλλ’
3027 3861 3275 3931 ἐνέργεια
3315 3860 3512 3922 αὑτοῦ,
3557 3860 3648 3928 ἀφ’
3687 3854 3769 3912 ὧν
3798 3863 3901 3932 τὴν

2311 3953 2683 4023 προσηγορίαν
2723 3952 2816 4005 τοῦ
2849 3951 3016 4016 κακὸς
3048 3953 3158 4024 (27)
3202 3952 3454 4020 λέγεσθαι
3487 3952 3777 4022 λαμϐάνει.
3833 3955 3898 4007 Et

2310 4043 2418 4115 γὰρ
2441 4045 2604 4097 αὐτὸν
2643 4045 2890 4113 εἴποιμεν
2927 4040 3065 4096 εἷναι
3099 4043 3136 4096 ἃ
3165 4046 3336 4095 ποιεῖ’
3383 4047 3527 4096 ποιεῖ
3569 4044 3624 4096 δὲ
3656 4045 3859 4112 φόνους
3881 4087 3895 4108 9

2310 4133 2404 4184 καὶ
2436 4132 2701 4202 μοιχείας,
2738 4133 2831 4184 καὶ
2864 4131 2963 4183 ὅσα
2995 4132 3184 4201 ὃμοια·
3215 4132 3377 4195 αὐτὸς
3417 4132 3567 4186 ἔσται
3600 4134 3800 4191 ταῦτα.
3831 4137 3896 4189 Et

2310 4221 2367 4273 δὲ
2397 4222 2557 4284 αὐτός
2586 4224 2701 4273 ἐστι
2734 4219 2934 4274 ταῦτα’
2966 4221 3054 4274 ὅτε
3080 4222 3309 4290 γίνεται,
3331 4223 3428 4295 τὴν
3457 4224 3715 4278 σύστασιν
3742 4226 3892 4296 ἔχει·

2309 4313 2369 4364 οὐ
2409 4313 2667 4382 γινόμενα
2705 4312 2782 4374 δὲ,
2819 4315 2912 4366 καὶ
2959 4313 3053 4366 τοῦ
3090 4309 3226 4368 εἶναι
3269 4316 3520 4370 παύεται.
3571 4317 3789 4370 Γίνεται
3837 4319 3896 4371 δὲ

2309 4403 2483 4456 ταῦτα
2528 4406 2662 4475 πρὸς
2695 4405 3024 4477 ἀνθρώπων·
3070 4407 3279 4462 ἔσονται
3307 4409 3413 4480 ἄρα
3457 4410 3662 4463 τούτων
3701 4412 3753 4462 οἱ
3798 4411 3894 4463 ἇν-

2312 4493 2518 4565 θρωποι
2569 4497 2823 4566 ποιηταὶ,
2876 4497 2968 4549 καὶ
3016 4497 3108 4549 τοῦ
3157 4494 3292 4551 εἶναι
3333 4498 3428 4550 xui.
3479 4498 3574 4550 τοῦ
3622 4498 3694 4567 μὴ
3745 4495 3893 4552 εἶναι

2312 4585 2493 4638 αἴτιοι.
2535 4586 2670 4638 Ἀλλ’
2695 4589 2740 4639 εἰ
2772 4586 2831 4651 ἐξ
2872 4581 2944 4640 ὧν
2972 4589 3183 4658 ἐνεργεῖ
3214 4587 3461 4650 ἕκαστος,
3505 4589 3741 4657 ὑπάρχει
3788 4606 3894 4642 κα-

2240 4677 2282 4732 D
2312 4675 2434 4738 κός·
2465 4675 2500 4728 ἃ
2529 4678 2586 4730 δὲ
2615 4679 2843 4748 ἐνεργεῖ,
2869 4678 3040 4750 ἀρχὴν
3072 4677 3164 4730 τοῦ
3195 4675 3331 4732 εἶναι
3359 4676 3620 4746 λαμϐάνει
3642 4695 3653 4706 ·
3678 4679 3892 4749 ἦρξα-ιο

2311 4767 2559 4830 κάκεῖνος
2589 4765 2723 4821 εἶναι
2753 4770 2919 4832 κακός
2938 4786 2951 4798 ·
2990 4769 3192 4840 ἤρξατο
3215 4770 3270 4821 δὲ
3298 4770 3390 4821 καὶ
3417 4767 3586 4820 ταῦτα
3617 4769 3685 4820 τὰ
3711 4774 3890 4825 κακά.

2310 4857 2374 4907 El
2407 4857 2450 4909 δ’
2481 4857 2650 4922 οὕτως
2685 4860 2815 4933 ἔχει,
2853 4860 2954 4912 οὐκ
2988 4860 3133 4913 ἔστιν
3164 4859 3413 4928 ἀνάρχως
3440 4874 3520 4920 τις
3546 4859 3733 4924 κακός,
3761 4862 3893 4916 οὐδὲ

2312 4948 2582 5021 ἀγέννητα
2613 4950 2681 5003 τὰ
2702 4951 2863 5003 κακά.

2313 5332 2567 5396 intendit,
2600 5342 2652 5386 ut
2683 5347 2747 5406 eo
2767 5333 3012 5406 evincat,
3042 5345 3202 5406 posse
3231 5329 3399 5406 Deum
3427 5333 3629 5406 aliquid
3661 5337 3850 5406 majus
3875 5376 3888 5397 ,

2314 5418 2510 5472 nempe
2551 5418 2615 5456 ex
2664 5403 2836 5456 nihilo
2867 5404 3032 5455 etiam
3064 5401 3291 5469 subjecti
3339 5412 3391 5455 et
3443 5401 3716 5469 absolute;
3751 5401 3891 5460 'nec

2316 5474 2490 5545 solum
2516 5472 2815 5545 accidentia
2838 5511 2856 5535 ,
2890 5473 2982 5527 sed
3017 5481 3069 5524 et
3086 5475 3677 5545 substantiascreare,
3703 5491 3890 5545 eoque

2315 5557 2424 5614 non
2453 5542 2709 5603 habuisse
2742 5557 2879 5614 opus
2907 5543 3133 5595 materia
3156 5541 3457 5614 adjutrice?
3482 5542 3705 5614 Reliqua
3741 5541 3889 5598 nihil

2316 5612 2429 5667 fere
2463 5613 2675 5667 felicius
2711 5612 2920 5666 reddita
2943 5652 2958 5676 ,
2994 5612 3174 5665 conati
3217 5628 3407 5667 sumus
3446 5612 3740 5670 restituere
3778 5633 3789 5667 :
3831 5624 3891 5668 et

2315 5683 2548 5750 quisque
2571 5684 2899 5746 adverterit,
2931 5682 3123 5738 collata
3146 5689 3374 5750 utraque
3396 5685 3666 5747 versione,
3692 5690 3748 5737 et
3775 5685 3891 5739 sibi

2315 5751 2453 5820 ipsa,
2481 5761 2534 5806 et
2565 5752 2758 5805 textui.

2407 5821 2496 5887 ‘26)
2526 5820 2775 5874 Κάκεῖνο
2797 5821 3002 5874 κακόν.
3041 5822 3128 5879 Al.
3161 5824 3411 5888 κάκεῖνος
3437 5825 3626 5886 κακός.

2407 5822 2496 5887 ‘26)
2526 5822 2775 5874 Κάκεῖνο
2797 5822 3002 5874 κακόν.
3041 5822 3080 5875 Α

2383 5822 2494 5962 227)
2518 5893 2731 5956 Καλός.
2757 5889 2838 5945 ΑΙ.
2886 5891 3080 5946 κακοῦ.
