4028 6318
171 319 247 375 257
1268 304 1399 361 LIB.
1442 302 1530 357 DE
1568 297 1819 356 LIBEBO
1857 293 2208 354 ARBITRIO.

3246 295 3356 351 258

221 434 383 489 Ul‘AA.
422 428 580 482 Ἀλλᾶ
614 426 705 479 τδν
734 426 833 495 μὲν
864 422 1000 495 πρὸς
1033 421 1125 476 τὸν
1153 421 1340 491 ἕτερον
1364 419 1521 488 λόγον
1562 421 1683 471 ίκα-

1855 411 2012 466 VAL.
2038 411 2150 482 (28)
2182 409 2492 475 Enimvero,
2524 409 2722 476 amice,
2772 416 3098 480 prasentem
3130 410 3356 478 quidem

172 546 264 591 νως,
302 522 339 579 ὦ
363 524 469 593 φίλε
494 563 508 586 ,
569 516 932 587 πεποιηκέναι
966 531 1057 585 μοι
1098 514 1293 575 δοκεῖς.
1327 513 1414 577 Ἐξ
1448 506 1523 564 ὧν
1569 509 1679 581 γὰρ

171 614 397 687 προλαϐὼν
417 613 579 665 ἔδωκε
605 610 685 679 τῷ
713 610 877 677 λόγῳ,
902 608 965 659 ὲκ
985 604 1188 657 τούτων
1218 603 1469 670 συνάγειν
1494 600 1678 665 ἔδοξας

359 708 434 768 Ὦς
457 704 678 775 ἀληθῶς
707 702 836 773 γὰρ,
872 702 920 754 εί
951 700 1135 761 ἄποιος
1162 696 1450 766 ἐτύγχανεν
1482 696 1514 763 ἠ
1556 693 1677 762 ὕλη,

168 806 248 857 τῶν
272 804 318 855 δὲ
354 800 644 868 ποιοτήτων
684 792 1013 865 δημιουργὸς
1043 790 1071 841 ὁ
1110 789 1270 850 Θεός·
1312 788 1592 857 ποιότητες
1623 786 1680 837 δὲ

167 897 218 949 τὰ
238 893 388 947 κακά·
434 890 545 943 τῶν
588 888 775 943 κακῶν
803 888 952 940 ἔσται
1005 884 1232 953 ποιητὴς
1263 884 1292 934 ὁ
1319 881 1471 944 Θεός.
1528 881 1679 950 Ἐμοὶ

410 981 577 1045 δοκεῖ,
612 978 710 1049 τὴν
742 976 873 1047 ὕλην
912 974 1097 1028 ἄποιον
1150 971 1355 1038 λέγειν·
1411 967 1533 1020 οὐδὲ
1571 966 1681 1036 γὰρ

163 1081 328 1131 ἔνεστιν
371 1075 543 1126 εἰπεῖν
598 1071 727 1141 περὶ
783 1068 882 1137 τῆς
922 1083 1065 1127 τινος
1122 1062 1346 1125 οὐσίας,
1409 1060 1482 1122 ὡς
1535 1058 1679 1111 ἔστιν

164 1174 328 1232 ἄποιος.
366 1166 525 1221 Ἀλλὰ
549 1166 675 1237 μὴν,
711 1162 805 1217 καὶ
832 1163 889 1213 ἐν
911 1153 955 1226 ᾧ
984 1160 1173 1212 ἄποιον
1208 1152 1345 1207 εἶναι
1385 1154 1552 1221 λέγει,
1582 1152 1680 1223 τὴν

162 1262 372 1331 ποιότητα
416 1258 586 1326 αὐτῆς
616 1252 755 1308 εἶναι
810 1250 1062 1323 μηνύεις,
1114 1246 1271 1301 ὁποία
1316 1244 1464 1297 ἐστὶν
1513 1242 1678 1313 ἡῦλη

161 1352 569 1423 διαγραφόμενος’
599 1349 733 1415 ὅπερ
766 1343 882 1397 ἐστὶ
921 1341 1201 1409 ποιότητος
1231 1333 1389 1399 εἶδος.
1422 1335 1602 1395 Ὅθεν,
1631 1331 1685 1384 εί

163 1462 223 1501 σοι
247 1444 379 1513 φίλον
400 1444 568 1506 ἐστὶν,
592 1439 797 1494 ἄνωθεν
837 1436 1004 1505 ἄρχου
1038 1432 1131 1486 τοῦ
1166 1431 1325 1500 λόγου
1345 1445 1359 1459 ·
1407 1428 1532 1498 ἐμοὶ
1571 1425 1681 1495 γὰρ
1744 1500 1747 1503 ἰ

161 1540 187 1608 η
210 1537 289 1607 ὕλη
316 1535 595 1603 ποιότητας
626 1529 877 1600 ἁνάρχως
910 1525 1049 1595 ἔχειν
1070 1518 1234 1577 δοκεῖζ
1267 1520 1423 1575 Οὕτω
1450 1517 1561 1589 γὰρ
1588 1516 1683 1608 καὶ

536 1623 636 1691 τῆς
662 1618 963 1688 ἁποῤῥοίας
1009 1616 1179 1685 αὐτῆς
1232 1608 1370 1666 εἶναι
1419 1609 1583 1677 λέγω,
1634 1601 1681 1661 ὦ

211 1990 413 2045 οΡθοΔ.
461 1989 530 2042 ει
577 1986 803 2056 ἕμποιος
853 1980 921 2054 ἦν
963 1982 1213 2053 ἀνάρχως
1256 1983 1289 2053 ἡ
1344 1979 1479 2051 ὕλη,
1538 1976 1683 2040 τίνος

160 2084 274 2153 (ἄρα)
296 2082 433 2134 ἔσται
466 2079 699 2149 ποιητὴς
732 2080 760 2131 ό
799 2077 965 2141 Θεός;
1013 2074 1139 2128 Είτε
1164 2074 1273 2145 γὰρ
1305 2071 1493 2132 οὐσίας
1524 2067 1683 2139 ἐροῦ-

164 2192 253 2245 μεν,
275 2176 502 2246 προεῖναι
534 2187 743 2243 φαμεψ
777 2170 889 2223 είτε
922 2165 987 2224 αὖ
1022 2175 1332 2236 ποιότητας,
1358 2165 1453 2217 καὶ
1484 2163 1686 2224 ταύτας

160 2267 378 2335 ὑπάρχειν
441 2264 693 2334 λέγομεν.
742 2261 951 2316 Οὐκοῦν
994 2260 1183 2322 οὐσίας
1233 2275 1291 2311 τε
1343 2256 1545 2326 οὕσης,
1592 2255 1685 2307 καὶ

161 2359 443 2427 ποιοτήτων,
496 2354 754 2426 περιττὸν
802 2349 939 2406 εἷναί
992 2369 1083 2422 μοι
1130 2349 1305 2412 δοκεῖ,
1355 2346 1687 2418 δημιουργὸν

159 2448 301 2515 λέγειν
330 2448 415 2501 τὸν
441 2447 593 2500 Θεόν.
635 2446 795 2499 Ἀλλὰ
826 2444 1121 2514 ἀπόκριναι
1165 2439 1545 2512 ἐρωτώμενος·
1579 2438 1685 2491 τίνι

158 2541 278 2610 τόπῳ
314 2539 631 2611 δημιουργὸν
663 2534 800 2592 εῖναι
834 2539 939 2610 φῂς
968 2536 1061 2590 τὸν
1091 2535 1255 2600 Θεόν;
1302 2533 1560 2605 πότερον,
1605 2533 1689 2586 ὅτι

158 2631 233 2694 τὰς
260 2633 425 2696 οὐσίας
455 2632 683 2705 ἔτρεψεν
711 2630 924 2693 ὲκείνας
949 2632 1029 2693 είς
1067 2628 1129 2682 τὸ
1168 2627 1365 2699 μηκέτι
1401 2627 1685 2697 ὑπάρχειν,

159 2709 287 2795 αίπερ
306 2720 434 2795 ἦσάν
462 2740 593 2779 ποτε
613 2740 629 2755 ο
659 2724 693 2795 ἢ
728 2723 810 2777 ὅτι
839 2722 937 2785 τὰς
973 2721 1072 2793 μὲν
1104 2720 1290 2784 οὐσίας
1310 2717 1689 2790 ὲφύλαξε,’τὰς

157 2816 199 2869 δὲ
218 2820 481 2890 ποιότητας
506 2818 714 2871 τούτων
747 2816 975 2887 έτρεψες
1456 2822 1461 2826 ’

211 3001 387 3055 ΟΥΔΛ.
413 3001 545 3056 Οὕτι
585 3018 678 3072 μοι
706 3001 853 3054 δοκεῖ
888 2998 1124 3070 ἀλλαγὴν
1152 2996 1350 3051 οὐσιῶν
1379 2995 1685 3066 γεγονέναι,

1785 504 2238 574 disputationem,
2281 503 2413 557 mihi
2446 509 2641 557 contra
2690 503 2858 557 alium
2887 504 3251 573 opportunius
3278 506 3362 559 vi-

1783 598 1932 654 deris
1984 597 2309 651 instituisse.
2374 594 2531 650 Unde
2583 596 2729 651 enim
2786 597 2876 651 ille
2905 597 3061 668 prius
3102 598 3255 655 visus
3275 607 3364 656 est

1783 690 2024 747 orationi
2074 689 2397 753 concedere,
2426 688 2552 744 inde
2594 694 2653 743 tu
2705 689 2843 744 bene
2880 691 3031 746 visus
3054 706 3114 746 es
3136 693 3365 746 conclu-

1784 784 1933 838 dere.
1966 782 2101 837 Nam
2126 797 2317 836 verum
2362 781 2557 847 habet,
2595 783 2761 837 semel
2786 796 3069 845 concesso,
3097 798 3219 837 esse
3243 799 3365 838 ma-

1785 876 1979 928 teriam
2014 876 2133 930 sine
2158 873 2419 943 qualitate
2459 881 2513 927 et
2568 873 2857 929 informem
2884 917 2900 941 ,
2940 872 3215 945 Deumque
3238 892 3364 932 esse

1784 966 2114 1034 qualitatum
2171 972 2491 1033 auctorem,
2556 980 2620 1020 ac
2672 966 2962 1036 qualitates
3001 982 3125 1021 esse
3175 969 3360 1035 mala;

1786 1056 1903 1111 fore
1925 1056 2094 1111 Deum
2122 1058 2390 1111 malorum
2440 1065 2738 1112 auctorem.
2774 1057 2844 1111 At
2893 1058 3027 1113 mihi
3056 1059 3251 1114 falsum
3281 1062 3367 1115 vi-

1791 1148 1954 1203 detur
1997 1165 2119 1205 esse
2164 1149 2449 1203 materiam
2499 1149 2618 1205 sine
2648 1151 2912 1220 qualitate
2968 1164 3021 1205 et
3052 1152 3360 1208 informem.

1786 1239 1863 1294 De
1908 1242 2057 1295 nulla
2109 1242 2255 1296 enim
2315 1242 2623 1295 substantia
2674 1244 2854 1311 possis
2915 1242 3185 1299 afﬁrmare
3241 1260 3365 1301 esse

1786 1336 2068 1407 qualitatis
2096 1340 2392 1404 expertem.
2426 1332 2567 1400 Quin
2600 1332 2703 1389 hoc
2733 1334 2853 1403 ipso
2885 1334 3033 1404 quod
3081 1336 3200 1391 sine
3228 1352 3367 1405 qua-

1786 1428 1938 1482 litate
1976 1427 2138 1490 dicis,
2187 1425 2501 1495 qualitatem
2533 1424 2653 1495 ejus
2698 1425 2945 1481 declaras
2973 1466 2989 1491 ,
3044 1426 3367 1483 describens

1785 1520 1967 1590 qualis
2002 1517 2315 1574 sitmateria
2346 1535 2358 1571 :
2399 1516 2543 1587 quod
2571 1523 2656 1571 est
2680 1516 2926 1587 quaedam
2961 1520 3173 1587 species
3222 1530 3364 1589 qua-

1786 1612 1981 1666 litatis.
2014 1609 2219 1675 Quare.
2250 1608 2297 1664 si
2324 1607 2422 1662 tibi
2466 1608 2665 1677 placet,
2713 1608 2878 1662 altius
2904 1609 3091 1663 ordire
3122 1610 3369 1680 disputa-

1787 1702 2014 1754 tionem.
2049 1698 2181 1752 M-ihi
2230 1698 2379 1753 enim
2430 1699 2661 1753 materia
2715 1697 3007 1767 qualitates
3049 1698 3119 1753 ab
3158 1709 3365 1756 aeterno

1707 1794 1752 1849 B
1779 1792 1982 1846 habere
2035 1790 2269 1843 videtur.
2314 1787 2393 1843 Ita
2427 1789 2647 1859 quippe,
2691 1803 2725 1844 ο
2757 1790 2955 1855 amice,
3003 1798 3060 1844 et
3090 1791 3256 1857 mala,
3294 1792 3367 1847 ab

1783 1883 1904 1953 ejus
1931 1896 2055 1936 esse
2084 1878 2328 1944 deﬂuxu,
2360 1880 2681 1950 pronuntio.

1855 1970 2161 2030 ORTHOD.
2189 1970 2247 2025 Si
2268 1973 2498 2028 materia
2526 1974 2643 2030 suis
2673 1972 2865 2028 affecta
2897 1974 3255 2044 qualitatibus
3296 1974 3370 2030 ab

1785 2074 1993 2120 aeterno
2042 2064 2165 2128 fuit,
2215 2061 2375 2132 cujus
2435 2062 2541 2117 erit
2589 2070 2804 2117 creator
2835 2063 3018 2119 Deus?
3074 2062 3199 2119 Sive
3219 2064 3368 2119 enim

1787 2156 2127 2213 substantias
2152 2155 2475 2221 dixerimus,
2502 2155 2614 2224 jam
2649 2161 2777 2209 ante
2806 2153 2976 2210 fuisse
2992 2154 3370 2224 aflirmamus;

1787 2250 1903 2303 sive
1924 2264 2121 2304 rursus
2141 2248 2455 2317 qualitates,
2485 2255 2539 2302 et
2571 2246 2694 2301 illas
2717 2247 2999 2301 exstitisse
3043 2249 3366 2306 asserimua.

1786 2338 1925 2395 Cum
1959 2356 2091 2412 ergo
2106 2341 2218 2395 sint
2249 2340 2367 2395 sine
2390 2338 2500 2394 Deo
2529 2346 2580 2393 et
2619 2338 2939 2394 substantiae
2966 2349 3020 2394 et
3054 2341 3369 2410 qualitates,

1789 2446 2254 2501 supervacaneum
2292 2431 2529 2495 videtur,
2592 2442 2651 2486 ut
2685 2430 2829 2487 Deus
2862 2432 3078 2487 dicatur
3128 2443 3367 2490 creator.

1787 2518 2058 2574 Caeterum
2090 2521 2434 2589 percontanti
2482 2520 2793 2590 responde:
2820 2520 2938 2588 Qua
2980 2523 3192 2579 ratione
3228 2523 3372 2581 dicis

1789 2608 1963 2664 Deum
1992 2625 2117 2666 esse
2150 2610 2513 2666 Creatorem?
2554 2611 2639 2665 An
2663 2612 2810 2680 quod
2865 2614 3202 2669 substantias
3250 2630 3373 2685 qua:

1789 2700 2086 2770 aliquando
2114 2700 2357 2764 fuerunt,
2400 2700 2458 2755 in
2496 2700 2729 2755 nihilum
2781 2702 3085 2773 redegerit;
3121 2719 3189 2757 an
3224 2703 3373 2774 quod

1788 2790 2126 2846 substantias
2181 2791 2402 2859 quidem
2469 2791 2865 2859 conservarit,
2933 2793 3031 2848 sed
3078 2795 3375 2864 quali:ates

1791 2897 1982 2939 earum
2007 2883 2273 2937 mutarit?

1860 2994 2019 3050 VAL.
2046 2994 2206 3050 Nulla
2268 2996 2405 3051 mihi
2456 2997 2676 3053 videtur
2737 2999 3173 3056 substantiarum
3228 3002 3375 3058 facta

156 3087 264 3142 ἀλλὰ
283 3092 425 3161 μόνον
455 3094 789 3162 ποιοτήτων·
826 3090 945 3143 καθ’
970 3090 1035 3154 ἃς
1063 3089 1391 3161 δημιουργὸν
1426 3085 1565 3143 εἶναι
1597 3088 1687 3141 λέ-

1793 3088 2049 3152 mutatio,
2107 3088 2203 3143 sed
2246 3096 2463 3144 tantum
2519 3092 2870 3160 qualitatum,
2915 3109 3149 3164 quarum
3206 3110 3376 3152 causa

155 3199 289 3252 γομεν
315 3185 398 3237 τὸν
428 3184 581 3240 Θεόν.
614 3185 727 3238 Καὶ
755 3182 943 3254 ὥσπερ
969 3185 1017 3235 εί
1044 3182 1194 3253 τύχοι
1221 3183 1398 3251 λέγειν
1436 3185 1501 3236 ὲκ
1524 3182 1688 3237 λίθων

156 3275 293 3327 οίκίαν
338 3276 637 3345 γεγονέναι,
697 3274 784 3345 ἐφ’
828 3268 903 3330 ὧν
932 3274 1038 3329 οὐκ
1092 3276 1297 3330 ἔνεστιν
1343 3278 1551 3340 εἰπεῖν,
1612 3276 1689 3339 ὡς

154 3362 300 3415 οὐκέτι
344 3363 473 3419 λίθοι
522 3365 745 3436 μένουσι
786 3366 852 3434 τῇ
895 3363 1085 3435 οὐσίᾳ,
1130 3364 1275 3418 οἰκία
1311 3365 1591 3436 λεγόμενοι
1638 3368 1687 3419 οἱ

156 3448 289 3505 λίθοι·
321 3456 383 3525 τῇ
433 3455 544 3525 γὰρ
582 3454 830 3523 ποιότητι
866 3452 967 3523 τῆς
1022 3454 1325 3519 συνθέσεως
1366 3456 1467 3527 τὴν
1512 3456 1690 3511 οίκίαν

156 3545 388 3610 γεγονέναι
416 3546 600 3617 φημί·
646 3543 789 3598 οὕτω
824 3562 911 3615 μοι
947 3546 1095 3600 δοκεῖ
1131 3549 1339 3603 καὶτὸν
1367 3550 1521 3615 Θεὸν,
1554 3553 1690 3605 ὐπο-

159 3636 381 3707 μενούσης
418 3637 521 3707 τῆς
566 3638 789 3702 οὐσίας,
818 3638 1027 3710 τροπήν
1066 3655 1190 3694 τινα
1235 3640 1345 3694 τῶν
1390 3645 1690 3715 ποιοτήτων

156 3727 291 3795 αὐτῆς
318 3729 705 3800 πεποιηκέναι,
746 3728 866 3782 καθ’
909 3728 975 3799 ῆν
1014 3729 1113 3800 τὴν
1156 3731 1307 3785 τοῦδε
1348 3731 1442 3786 τοῦ
1482 3733 1688 3805 κόσμου

156 3818 328 3882 γένεσιν
353 3824 486 3894 πρὸς
510 3823 608 3876 τοῦ
644 3821 780 3875 Θεοῦ
804 3822 1084 3892 γεγονέναι
1117 3824 1277 3895 φημί.

211 3911 423 3967 ΟΡθΟΔ.
473 3915 715 3985 Πότερον
738 3914 832 3967 καὶ
861 3914 944 3967 σοὶ
966 3912 1113 3966 δοκεῖ
1135 3914 1203 3967 τὰ
1234 3914 1379 3969 κακὰ
1407 3914 1690 3986 ποιότητες

153 3998 311 4054 οὐσιῶν
336 3998 466 4056 εἶναι
487 4021 503 4070 ;

207 4093 385 4149 ΟΥΑΛ.
412 4098 593 4151 Δοκεῖ.

208 4183 416 4239 ΟΡΘΟΔ.
460 4188 707 4243 ’Δνωθεν
741 4189 800 4243 δὲ
837 4185 977 4262 ἦσαν
1019 4193 1074 4245 al
1115 4192 1397 4263 ποιότητες
1431 4186 1588 4247 αὗται
1632 4194 1691 4247 ὲν

153 4276 205 4343 τῇ
232 4275 337 4350 ὕλῃ,
362 4279 393 4350 ἢ
422 4280 601 4351 ἀρχὴν
631 4280 788 4352 ἔσχον
811 4282 906 4336 τοῦ
932 4278 1104 4351 εἷναι;

207 4366 385 4425 ΟΥΑΛ.
416 4371 670 4425 Συνείναι
696 4389 767 4443 φη
777 4372 839 4442 μὶ
868 4374 1230 4446 ἀγενήτωςτῇ
1266 4373 1365 4447 ὕλῃ
1398 4373 1600 4437 ταύτας
1626 4374 1691 4445 δὴ

154 4456 230 4522 τὰς
248 4463 555 4536 ποιότητας.

208 4552 416 4612 ΟΡΘΟΔ.
456 4558 599 4629 Οὐχί⁵
640 4555 695 4609 δὲ
731 4556 823 4611 τὸν
860 4558 991 4614 Θεὸν
1037 4560 1145 4631 φῂς
1182 4561 1391 4632 τροπήν
1434 4576 1554 4613 τινα
1582 4559 1694 4613 τῶν

155 4649 407 4717 πιστή-των
448 4646 815 4716 πεποιηκέναι
833 4664 848 4715 ;

209 4736 384 4792 OTAA.
420 4740 599 4793 Τοῦτό
636 4756 797 4809 φημι.

209 4827 417 4886 οΡΘοΔ.
448 4833 547 4897 Είς
578 4831 647 4885 τὸ
675 4834 920 4901 κρεῖττον
948 4848 962 4897 ;

210 4918 387 4973 ΟΥΔΛ.
430 4924 591 4991 Ἐμοὶ
626 4922 793 4977 δοκεῖ.

210 5011 417 5068 ΟΡΘΟΔ.
469 5016 693 5071 Οὐκοῦν
728 5019 777 5070 εί
810 5016 1090 5087 ποιότητες
1123 5014 1254 5085 ὕλης
1285 5016 1353 5069 τὰ
1392 5018 1560 5079 κακὰ,
1599 5017 1696 5080 τὰς

160 5100 200 5153 ἃ
224 5106 491 5176 ποιότητας
520 5109 703 5178 αὐτῆς
742 5113 823 5173 είς
849 5109 913 5163 τὸ
941 5111 1186 5181 κρεῖττον
1214 5107 1439 5180 ἔτρεψεν
1466 5112 1496 5163 ὁ
1528 5109 1661 5174 Θεός
1681 5128 1694 5141 ·

159 5194 287 5249 πόθεν
303 5198 365 5251 τὰ
385 5200 533 5254 κακὰ
574 5200 764 5271 ζητεῖν
790 5200 1023 5272 ἀνάγκη.
1050 5200 1122 5253 ’Ἡ
1151 5200 1261 5272 γὰρ
1303 5200 1494 5265 πᾶσαι,
1530 5202 1701 5255 κακαὶ

210 5352 461 5429 (ωιτη.
515 5354 761 5429 Videtur
806 5357 900 5413 hic
943 5372 1067 5414 esse
1111 5356 1305 5413 tertius
1361 5357 1698 5422 collocutor,

162 5425 295 5494 cujus
312 5430 509 5484 mentio
540 5428 710 5483 initio
738 5427 816 5493 ﬁt,
848 5436 908 5482 ut
942 5430 1132 5485 eadem
1157 5428 1346 5484 haeresi
1372 5429 1697 5493 laborantis,

163 5503 287 5564 atque
301 5496 727 5555 Valentinianus
751 5499 845 5567 qui
876 5500 1099 5555 modum
1135 5500 1301 5554 alium
1331 5498 1520 5553 tuendi
1547 5512 1702 5553 erro.

164 5580 278 5641 [ξω.
325 5571 470 5628 socio
528 5585 677 5641 pene
718 5569 960 5634 revicto,
994 5578 1269 5641 suggerat.
1328 5568 1468 5636 Quia
1496 5575 1699 5641 _ta_men

162 5632 344 5710 Pbotins
366 5632 647 5710 ejusmodi
675 5632 953 5710 personas
990 5632 1128 5695 non.
1152 5639 1322 5696 refert
1336 5632 1372 5703 ,⁷
1408 5638 1701 5710 maluimus

164 5708 351 5781 primum
384 5707 518 5767 illud
550 5707 756 5767 nomen
788 5707 1025 5781 retinere
1049 5725 1213 5781 quam
1252 5725 1316 5764 ex
1349 5709 1509 5764 nobis
1553 5707 1702 5781 aliud

163 5776 279 5833 dare.
308 5780 532 5841 Rullum
573 5782 716 5842 lucis
745 5778 909 5842 alert
937 5776 1220 5853 expressio
1258 5792 1619 5853 personarum
1644 5778 1702 5833 in

1795 3177 1965 3234 Deum
1999 3195 2122 3236 esse
2162 3189 2465 3237 creatorem
2517 3182 2772 3267 diqimus.
2823 3183 2889 3238 Et
2917 3189 3375 3257 quemadmodum

1795 3272 1842 3327 si
1879 3274 2004 3344 quis
2040 3275 2209 3338 dicat,
2267 3273 2466 3329 factam
2512 3290 2581 3329 ex
2633 3276 2908 3345 lapidibus
2965 3278 3227 3346 domum;
3265 3298 3378 3351 quo

1795 3377 1979 3422 tamen
2005 3368 2229 3422 minime
2247 3365 2411 3421 fuerit
2437 3368 2743 3436 negandum
2777 3368 2914 3441 (29),
2949 3385 3169 3426 manere
3196 3374 3378 3428 adhuc

1795 3456 2005 3526 lapides
2023 3459 2323 3513 secundum
2348 3460 2735 3523 substantiam,
2756 3462 2848 3530 qui
2866 3461 3125 3517 dicuntur
3143 3464 3375 3522 domus:

1795 3547 2017 3601 domum
2050 3549 2195 3603 enim
2235 3552 2653 3620 compositionis
2680 3554 2943 3622 qualitate
2978 3556 3102 3611 dico
3129 3556 3326 3612 factam
3357 3578 3373 3616 :

1796 3635 1871 3689 ita
1899 3651 2117 3703 censeo,
2146 3636 2339 3706 Deum,
2365 3650 2621 3697 manente
2650 3643 2980 3710 substantia,
3017 3649 3374 3705 mutationem

1795 3728 2087 3797 quamdam
2132 3730 2457 3800 qualitatum
2489 3731 2709 3800 fecisse,
2740 3737 2955 3793 ratione
3001 3738 3162 3808 cujus
3214 3757 3380 3797 mune-

1796 3820 1926 3874 dum
1960 3836 1990 3873 a
2031 3818 2142 3875 Deo
2164 3831 2409 3876 creatum
2442 3823 2670 3880 afﬁrmo.

1868 3909 2172 3966 ORTHOD.
2208 3910 2511 3967 Videturne
2554 3916 2716 3969 etiam
2747 3912 2845 3969 tibi
2872 3912 3015 3967 mala
3042 3913 3383 3971 substantia-

1794 4011 1920 4052 rum
1954 4009 2078 4050 esse
2110 3997 2440 4068 qualitates?

1871 4092 2027 4147 VAL.
2064 4093 2307 4148 Videtur.

1802 4185 1807 4189 ’
1869 4184 2517 4241 0RTHOD.Fueruntne
2561 4185 2647 4240 hae
2703 4186 2999 4257 qualitates
3052 4189 3121 4242 ab
3167 4199 3375 4246 aetemo

1798 4277 1854 4332 in
1884 4278 2136 4342 materia,
2167 4291 2236 4330 an
2278 4276 2609 4346 principium
2638 4275 2855 4331 essendi
2885 4276 3234 4331 habuerunt?

1880 4368 2033 4424 VAL.
2069 4367 2265 4423 Fuisse
2319 4368 2421 4424 has
2448 4368 2740 4438 qualitates
2772 4369 2842 4423 ab
2862 4376 3067 4423 aeterno
3095 4384 3219 4423 cum
3250 4385 3372 4425 ma-

1725 4498 1771 4553 D
1798 4463 1936 4517 teria
1969 4461 2245 4517 existimo.

1865 4550 2078 4607 URTH.
2144 4550 2265 4607 Non
2316 4550 2603 4608 arbitraris
2658 4552 3018 4607 mutationem
3078 4552 3373 4622 quamdam

1793 4645 2119 4715 qualitatum
2149 4659 2275 4699 esse
2301 4658 2331 4696 a
2367 4642 2477 4698 Deo
2507 4643 2707 4698 factam
2732 4644 2756 4697 ἓ

1865 4736 2022 4791 VAL.
2046 4738 2295 4791 Arbitror
2316 4735 2539 4791 factam.

1867 4828 2078 4885 ORTH.
2114 4829 2174 4882 In
2206 4828 2442 4883 melius?

1872 4920 2027 4977 VAL.
2055 4920 2184 4974 Mihi
2208 4920 2449 4978 videtur.

1867 5011 2078 5070 ORTH.
2112 5013 2170 5067 Si
2200 5028 2329 5084 ergo
2371 5012 2615 5069 materiae
2643 5013 2939 5083 qualitates
2996 5009 3140 5063 mala
3202 5018 3330 5063 sunt
3353 5052 3369 5076 ,

1799 5108 1944 5163 Deus
1998 5113 2177 5161 autem
2227 5122 2321 5162 eas
2374 5105 2430 5159 in
2469 5106 2665 5159 melius
2718 5100 3008 5167 convertit,
3059 5102 3375 5157 necessario

1799 5198 2151 5273 quaerendum
2181 5206 2287 5262 est,
2318 5198 2464 5253 unde
2508 5196 2651 5251 mala
2684 5194 2814 5250 sint.
2852 5194 2960 5247 Aut
2990 5193 3142 5254 enim.
3182 5207 3377 5249 onmes

1802 5356 2005 5412 talibus
2036 5354 2288 5425 dialogis.

1874 5426 1986 5497 (29)
2020 5425 2137 5491 Quo
2162 5420 2366 5497 ﬂamen
2413 5421 2627 5497 minime
2670 5420 2831 5497 fuerit
2875 5426 3166 5497 negandum
3192 5458 3227 5497 ,n
3264 5422 3371 5470 etc.

1802 5488 2108 5565 Qu‘od'so'la
2134 5488 2363 5550 mutatio
2407 5488 2761 5565 accidentalis
2794 5488 3125 5565 accesserit,
3162 5488 3379 5565 aliaque

1802 5559 2013 5622 tantum
2031 5574 2085 5621 et
2114 5566 2219 5619 alia
2239 5563 2586 5633 compositio.
2606 5564 2757 5617 salva
2772 5561 3088 5633 substantia
3112 5559 3377 5633 lapidum:

1804 5641 2081 5707 lnterpres
2127 5634 2308 5689 Photii
2354 5626 2528 5687 totum
2577 5635 2891 5704 oppositum
2937 5626 3227 5699 exprimit,
3278 5626 3380 5683 sed

1806 5709 1960 5765 nullo
1992 5722 2166 5775 sensu.
2180 5710 2316 5764 satis
2339 5718 2601 5775 congruo.
