4028 6318
629 322 739 381 259

1612 316 1673 373 S.
1717 313 2048 372 lETlIODll
2081 313 2392 373 EPISCOPI
2431 313 2520 370 ET
2550 315 2908 372 MARTYBIS

3777 311 3889 374 260

633 456 763 498 eum
793 441 954 496 bona
1007 446 1215 505 essent,
1247 439 1302 494 in
1337 436 1536 493 melius
1585 442 1718 490 sunt
1763 449 2043 490 conversa:
2072 452 2086 488 :
2117 442 2202 488 aut

2314 429 2492 498 οὖσαι,
2526 435 2619 488 ἐπὶ
2659 434 2720 486 τὸ
2764 436 3010 507 κρεῖττον
3045 432 3455 506 ἐτράπησανοῆ
3507 435 3563 488 αἱ
3593 434 3694 506 μὲν
3728 430 3886 491 οὕσαι

634 548 763 590 cum
799 533 919 588 alia;
969 531 1190 602 quidem
1225 530 1385 584 bona:
1439 534 1648 590 essent,
1686 526 1804 580 alia:
1845 525 2029 592 malae;
2059 526 2202 578 malm

2313 526 2591 587 κακαὶ,⁹αἱ
2616 525 2673 579 δὲ
2713 528 2786 596 μή
2808 543 2822 556 ο
2860 525 2916 579 al
2951 525 3051 594 μὲν
3086 525 3254 578 κακαὶ
3292 525 3393 578 οὐκ
3437 527 3750 599 ἐτράπησαν
3791 528 3886 582 ἐπὶ

635 623 856 696 quidem
885 640 997 679 non
1030 628 1158 678 sunt
1184 628 1407 676 mutata
1438 620 1496 673 in
1543 617 1738 672 melius
1763 633 1778 681 ;
1804 616 2028 685 reliqua:
2058 629 2210 681 vero,

632 729 971 788 quaecunque
997 721 1155 769 erant
1209 708 1533 776 commodae,
1569 714 1796 764 ornatus
1842 719 2009 761 causa
2049 703 2212 761 aDeo

632 814 852 861 mutatae
887 812 1036 861 sunt.

701 898 858 954 VAL.
888 897 980 953 Sic
1010 911 1112 968 ego
1133 895 1252 967 jam
1288 893 1418 949 olim
1449 891 1768 948 sentiebam.

697 991 910 1048 ORTH.
961 988 1249 1058 Quomodo
1294 1003 1426 1057 ergo
1481 986 1652 1039 malas
1703 982 2028 1054 qualitates,
2089 994 2149 1038 ut
2178 997 2209 1035 a

629 1087 900 1159 principio
928 1082 1171 1147 fuerunt,
1204 1079 1426 1135 relictas
1478 1076 1656 1132 dicis?
1698 1074 1794 1130 Vel
1848 1077 1942 1142 ita,
1990 1081 2051 1128 ut
2082 1090 2211 1145 pos-

629 1187 713 1236 set
749 1180 892 1234 Deus
918 1191 1012 1231 eas
1069 1173 1303 1239 tollere;
1343 1170 1428 1225 vel
1461 1178 1522 1224 ut
1560 1168 1796 1224 voluerit
1841 1165 2082 1238 quidem,
2111 1167 2208 1221 sed

627 1287 740 1327 non
771 1267 1044 1340 potuerit?
1075 1263 1134 1319 Si
1163 1263 1408 1336 potuisse
1441 1259 1544 1325 ais,
1594 1268 1649 1315 et
1673 1258 1945 1321 noluisse,
1983 1270 2209 1311 necesse

627 1373 713 1420 est
745 1368 806 1416 ut
839 1366 1032 1414 auctor
1061 1357 1254 1411 horum
1281 1355 1498 1408 dicatur
1533 1370 1548 1406 :
1580 1350 1725 1422 quod
1759 1349 1998 1420 potuerit
2030 1346 2209 1402 elliee—

628 1471 691 1510 re
713 1463 773 1508 ut
793 1469 901 1508 non
918 1457 1108 1506 essent
1130 1449 1301 1514 mala;
1329 1453 1384 1501 et
1423 1452 1606 1498 tamen
1635 1443 1747 1507 illa,
1778 1449 1838 1495 ut
1876 1447 2053 1503 erant,
2086 1453 2209 1493 esse

628 1544 940 1621 permiserit
970 1560 987 1597 ι
1026 1542 1188 1612 idque
1221 1540 1477 1602 maxime,
1501 1543 1790 1606 postquam
1819 1533 2076 1601 coepisset
2094 1545 2211 1584 ma-

628 1641 823 1694 teriam
879 1635 1135 1690 formare.
1170 1631 1230 1686 Si
1280 1631 1427 1685 enim
1480 1627 1686 1681 nullam
1725 1640 1954 1696 prorsus
1978 1623 2098 1692 ejus
2125 1637 2208 1677 ra-

627 1733 835 1786 tionem
885 1725 1195 1788 habuisset,
1221 1720 1397 1777 videri
1439 1719 1711 1790 potuisset
1761 1731 1870 1770 non
1893 1726 2084 1770 auctor
2112 1730 2207 1770 eo-

2311 616 2373 668 τὸ
2405 619 2681 685 κρεῖττον
2719 617 2774 670 αἱ
2800 615 2858 668 δὲ
2885 615 3098 679 λοιπαὶ,
3133 615 3257 668 ὅσαι
3290 615 3534 688 διάφοροι
3572 617 3883 688 ἐτύγχανον,

2309 708 2410 780 τῆς
2437 709 2850 779 διακοσμήσεως
2880 707 3044 762 ἕνεκα
3067 707 3204 780 πρὸς
3227 707 3363 762 Θεοῦ
3386 707 3722 782 ἐτράπησαν.

2380 885 2585 940 ΟΥΔΛ.
2613 885 2800 950 Οὕτως
2828 885 3034 942 ἄνωθεν
3055 884 3199 957 εἶχον
3223 886 3356 956 ἐγώ.

2379 974 2618 1028 ΟΡΘΟΔ.
2669 974 2795 1039 Πῶς
2836 977 3015 1030 τοίνυν
3045 977 3145 1040 τὰς
3176 976 3286 1032 τῶν
3319 977 3536 1047 φαύλων
3573 981 3879 1053 ποιότητας,

2309 1065 2385 1129 ὠς
2414 1062 2583 1137 εἶχον,
2621 1066 3064 1122 καταλελοιπέναι
3105 1067 3322 1138 λέγεις;
3363 1070 3616 1142 Πότερον,
3649 1073 3884 1146 δυνάμε-

2308 1173 2397 1210 νον
2423 1157 2521 1227 μὲν
2543 1156 2758 1220 ὲκείνας
2791 1157 3000 1211 ἀνελεῖν
3024 1175 3038 1188 ·
3063 1158 3096 1230 ἢ
3125 1157 3452 1230 βουληθέντα
3477 1159 3597 1230 μὲν,
3627 1163 3701 1232 μὴ
3729 1162 3891 1219 δυνά-

2312 1264 2472 1318 μενον
2515 1248 2607 1312 δές
2642 1249 2705 1302 El
2734 1247 2834 1319 μὲν
2856 1248 2963 1320 γὰρ
3003 1249 3301 1321 δυνάμενον
3337 1250 3537 1320 λὲγεις,
3570 1253 3646 1326 μὴ
3691 1253 3887 1326 βουλη-

2308 1339 2470 1392 θέντα
2511 1338 2567 1393 δὲ
2607 1339 2770 1393 αὑτὸν
2815 1339 2986 1394 αῐτιον
3031 1341 3235 1396 τούτων
3265 1342 3410 1412 (51),·
3465 1344 3547 1398 ὅτι
3589 1344 3891 1416 δυνάμενος

2308 1433 2531 1517 ποιῆσαι
2561 1432 2636 1503 μὴ
2663 1429 2803 1517 εἶναι
2830 1434 2995 1499 κακὰ,
3022 1434 3400 1507 συνεχώρησεν
3430 1438 3568 1492 αὐτὰ
3600 1439 3784 1509 μένειν
3811 1439 3892 1504 ὡς

2307 1514 2403 1589 ἦν·
2449 1521 2543 1574 καὶ
2576 1514 2809 1592 μάλιστα
2843 1523 2934 1577 ὅτε
2974 1523 3322 1597 δημιουργεῖν
3362 1525 3461 1597 τὴν
3497 1527 3628 1599 ὕλην
3661 1529 3888 1601 ἤρξατο.

2309 1609 2371 1662 Εἰ
2415 1609 2524 1682 γὰρ
2572 1612 2706 1684 μηδὲ
2738 1611 2876 1676 ὅλως
2925 1613 3116 1684 ἔμελεν
3151 1615 3300 1687 αὑτῷ
3343 1617 3441 1688 τῆς
3491 1618 3643 1690 ὕλης,
3684 1621 3788 1675 οὐκ
3819 1621 3891 1676 ἂν

2309 1699 2481 1765 αῐτιος
2526 1697 2626 1772 ἦν,
2663 1695 2738 1756 ῶν
2784 1703 3129 1776 συνεχώρησε
3185 1707 3383 1777 μένειν.
3425 1709 3578 1764 Ἐπεὶ
3617 1711 3676 1766 δὲ
3721 1713 3890 1785 μέρος

626 1835 749 1876 rum
779 1833 902 1890 quae
935 1815 1185 1888 permisit
1212 1825 1455 1866 manere.
1505 1808 1800 1878 Postquam
1845 1814 2046 1871 autem,
2082 1822 2202 1878 par-

2315 1792 2413 1862 μέν
2436 1801 2488 1845 τι
2516 1791 2695 1890 αὐτῆς
2718 1792 3058 1890 δημιουργεῖ,
3085 1776 3250 1868 μέρος
3281 1797 3338 1850 δέ
3359 1815 3412 1852 τι
3438 1800 3575 1872 αὐτῇ
3606 1803 3689 1873 ἑᾷ,

626 1922 737 1968 tem
781 1909 1003 1981 quidem
1049 1905 1292 1960 materia:
1350 1901 1549 1956 format
1601 1909 1654 1955 et
1703 1897 1935 1969 perﬁcit,
1994 1908 2204 1968 partem

626 2003 881 2073 negligit;
926 2013 1050 2054 cum
1080 2007 1134 2053 et
1183 1997 1330 2051 illam
1376 2000 1560 2064 posset
1622 1993 1681 2047 in
1725 1993 1922 2046 melius
1965 1998 2200 2056 mutare,

626 2094 762 2150 mihi
793 2091 1012 2147 videtur
1055 2089 1322 2143 malorum
1374 2100 1562 2148 causa,
1590 2084 1684 2154 qui
1716 2089 1922 2154 partem
1962 2081 2205 2136 materia:

625 2188 824 2242 malam
877 2184 1179 2254 reliquerit.
1234 2182 1474 2236 Alteram
1517 2192 1651 2247 ergo
1708 2184 1914 2246 partem
1960 2173 2015 2226 in
2040 2172 2203 2242 hujus

623 2279 853 2336 exitium
877 2275 1134 2331 formavit
1165 2294 1180 2329 :
1217 2275 1349 2338 imo,
1399 2279 1455 2327 et
1487 2271 1541 2324 in
1568 2269 1673 2321 hoc
1717 2268 1971 2327 maxime,
1994 2273 2201 2331 partem

623 2372 768 2426 hanc
817 2369 1064 2424 materia:
1093 2382 1256 2437 quam
1290 2361 1580 2433 disposuit,
1614 2373 1843 2429 qumque
1872 2356 1984 2425 jam
2025 2354 2203 2424 perci-

624 2465 738 2536 piat
767 2465 1036 2518 malorum
1065 2456 1435 2518 incommoda,
1485 2453 1689 2522 injuria
1731 2449 1994 2504 affecerit.
2031 2447 2204 2502 Ante-

626 2533 788 2626 quam
819 2553 963 2607 enim
994 2557 1246 2604 ornatum
1278 2545 1546 2612 reciperet
1570 2540 1704 2610 (50),
1729 2537 1911 2592 nullus
1931 2535 1980 2589 ei
2016 2533 2204 2588 aderat

625 2649 896 2703 malorum
923 2656 1121 2697 sensus
1153 2657 1169 2696 :
1202 2652 1352 2692 nunc
1372 2650 1523 2698 vero,
1559 2631 1731 2686 amba:
1784 2635 1965 2699 partes
1997 2626 2202 2679 malum

627 2738 892 2794 sentiunt.
935 2731 1017 2788 Sit
1039 2732 1136 2786 tibi
1165 2731 1232 2784 ab
1266 2728 1488 2783 homine
1514 2721 1844 2791 exemplum.
1873 2717 2202 2787 Priusquam

625 2831 770 2886 enim
806 2829 956 2883 fieret
1009 2823 1232 2886 animal,
1285 2820 1433 2876 omni
1463 2830 1692 2890 prorsus
1736 2811 2006 2866 malorum
2035 2821 2201 2862 sensu

624 2923 873 2976 vacabat.
902 2918 981 2972 Ex
1011 2933 1120 2987 quo
1170 2921 1353 2969 autem
1385 2911 1595 2966 ellictus
1641 2907 1803 2962 homo
1827 2903 2201 2970 formatusque

621 3015 859 3083 imagine
887 3009 1115 3065 ellicitur
1140 3021 1170 3060 a
1192 3005 1323 3066 Deo,
1356 3002 1522 3057 etiam
1552 2998 1919 3054 incumbentis
1953 2993 2080 3048 mali
2109 3007 2202 3045 ac-

623 3107 759 3174 cipit
786 3115 1031 3158 sensum.
1066 3099 1241 3166 Atque
1284 3094 1440 3156 adeo,
1475 3091 1620 3160 quod
1656 3088 1896 3144 materiae
1948 3087 2002 3139 in
2037 3086 2200 3139 bene-

626 3198 732 3251 ficii
762 3202 968 3265 partem
995 3207 1023 3244 a
1057 3190 1171 3243 Deo
1200 3187 1455 3242 collatum
1480 3184 1640 3244 dicis,
1678 3181 1858 3250 potius
1883 3179 1950 3232 ad
1975 3178 2202 3232 exitium

624 3287 927 3343 accessisse
972 3278 1417 3352 deprehenditur.
1474 3273 1534 3328 Si
1564 3287 1692 3327 vero
1725 3271 1902 3335 dicas,
1951 3285 2061 3323 non
2107 3283 2205 3336 po.

623 3380 799 3433 tuisse
828 3392 856 3430 a
889 3374 998 3429 Deo
1027 3369 1234 3426 aboleri
1259 3367 1402 3422 mala
1438 3384 1451 3419 :
1493 3379 1619 3418 cum
1683 3359 1955 3430 ejusmodi
2001 3360 2205 3428 impos-

625 3473 884 3533 sibilitas,
910 3479 1003 3520 aut
1026 3473 1223 3518 natura
1255 3458 1592 3515 imbecillum
1632 3462 1847 3526 arguat,
1885 3460 1979 3505 aut
2008 3453 2204 3505 timore

623 3565 878 3618 vincente
923 3556 1134 3613 fortiori
1187 3553 1350 3607 alicui
1392 3551 1784 3619 mancipatum,
1847 3545 1970 3599 vide
2018 3553 2200 3596 utrum

621 3658 816 3709 horum
845 3647 1203 3719 omnipotenti
1233 3653 1286 3700 et
1312 3646 1458 3699 bono
1473 3643 1579 3698 Deo
1596 3643 1731 3697 velis
1758 3634 2201 3694 ascribere.Por-

621 3760 685 3800 ro
714 3745 910 3798 iterum
966 3737 1257 3809 preposita:
1291 3733 1440 3787 circa
1485 3728 1770 3783 materiam
1793 3724 2084 3796 quaestioni
2115 3737 2203 3776 re-

622 3835 851 3906 sponde.
880 3833 1047 3887 Estne
1067 3827 1293 3883 materia
1329 3823 1580 3894 simplex.
1615 3836 1685 3875 ait
1710 3818 2040 3886 composita?
2067 3815 2199 3869 Nam

625 3930 671 3984 si
697 3926 925 3981 materia
951 3922 1180 3991 simplex
1206 3917 1309 3972 fuit
1366 3924 1422 3970 et
1451 3906 1763 3974 uniformis,
1807 3925 1929 3962 cum
1966 3907 2200 3961 mundus

622 4016 966 4088 compositus
999 4015 1070 4068 sit
1100 4021 1152 4065 et
1183 4026 1252 4064 ex
1283 4006 1518 4062 diversis
1564 4001 1892 4057 substantiis
1944 4006 2196 4062 constet,

623 4125 737 4165 non
763 4114 945 4178 potest
967 4104 1076 4159 dici
1106 4102 1286 4155 factus
1331 4114 1398 4154 ex
1430 4097 1687 4159 materia;
1721 4093 1863 4162 quod
1928 4107 2036 4145 non
2071 4103 2199 4158 pos-

622 4204 734 4258 sint
803 4214 923 4269 qua:
983 4204 1112 4251 sunt
1174 4192 1519 4262 composita,
1573 4201 1683 4240 uno
1743 4186 1924 4253 aliquo
1978 4179 2199 4235 informi

621 4293 903 4351 constitui.
957 4287 1332 4357 Compositum
1385 4283 1551 4345 enim,
1601 4277 1930 4348 simplicium
1984 4275 2194 4342 aliquo-

621 4402 746 4440 rum
809 4381 1121 4437 mistionem
1181 4375 1405 4429 indicat.
1465 4369 1622 4436 Quod
1679 4369 1725 4423 si
1782 4368 1976 4420 iterum
2031 4371 2200 4417 mate-

2314 1897 2476 1951 μενος
2534 1883 2755 1936 κάκεῖνο
2785 1884 3006 1955 τρέπειν
3036 1886 3116 1950 εἰς
3165 1885 3226 1939 τὸ
3278 1890 3522 1959 κρεῖττον
3543 1907 3558 1921 ·
3592 1893 3768 1959 αἴτιός
3796 1913 3894 1966 μοι

2309 1972 2418 2026 τῶν
2447 1975 2631 2027 κακῶν
2665 1973 2874 2043 (δοκεῖ),
2908 1976 3221 2033 καταλιπὼν
3247 1979 3410 2052 μέρος
3451 1980 3584 2052 ὕλης
3623 1986 3889 2057 πονηρόν.

2323 2065 2438 2119 Ἐπ’
2465 2066 2670 2138 ὀλέθρῳ
2696 2063 2790 2122 οὖν
2811 2069 3208 2143 ἐδημιούργησε
3235 2072 3434 2143 μέρους
3451 2091 3467 2105 ο
3488 2074 3623 2129 ἀλλὰ
3653 2077 3763 2147 μὴν
3791 2078 3893 2133 καὶ

2308 2158 2377 2212 τὰ
2409 2160 2670 2229 μέγιστα,
2713 2162 2856 2216 κατὰ
2889 2163 3079 2229 τοῦτο,
3112 2164 3272 2218 τοῦτο
3295 2166 3357 2220 τὺ
3393 2167 3556 2240 μέρος
3595 2168 3894 2240 ἠδικῆσθαί

2312 2267 2400 2320 μοι
2429 2251 2592 2316 δοκεῖ,
2623 2254 2758 2325 ὅπερ
2801 2256 3173 2310 κατεσκεύασε
3201 2257 3304 2327 τῆς
3345 2257 3476 2330 ὕλης
3518 2261 3702 2333 μέρος,
3738 2264 3898 2318 ἀντι-

2307 2340 2716 2416 λαμϐανόμενον
2757 2346 2827 2400 τὰ
2885 2348 2949 2400 ὲκ
2994 2347 3101 2401 τῶν
3141 2350 3345 2403 κακῶν.
3387 2343 3524 2425 Πρὶν
3564 2356 3671 2428 γὰρ
3716 2356 3900 2428 αὐτὴν

2306 2433 2777 2507 διακοσμηθῆναι,
2825 2439 2887 2493 τὸ
2937 2441 3072 2511 μηδὲ
3123 2442 3472 2498 αἰσθάνεσθαι
3529 2446 3638 2500 τῶν
3696 2449 3899 2504 κακῶν

2310 2530 2487 2598 παρῆν
2536 2532 2707 2601 αὐτῇ·
2749 2529 2844 2584 νῦν
2897 2532 2955 2585 δὲ
3022 2531 3251 2586 ἕκαστον
3295 2535 3404 2588 τῶν
3470 2536 3654 2607 μερῶν
3716 2539 3900 2611 αὐτῆς

2307 2621 2557 2691 αἴσθησιν
2591 2623 2856 2693 λαμϐάνει
2885 2623 2996 2676 τῶν
3025 2625 3232 2680 κακῶν.
3265 2628 3376 2680 Καὶ
3417 2646 3506 2699 μοι
3546 2631 3630 2682 ἐπ’
3670 2629 3898 2703 ἀνθρὼ-

2309 2727 2410 2763 που
2433 2712 2564 2764 λάϐε
2589 2713 2650 2764 τὸ
2686 2713 3053 2784 παράδειγμα.
3102 2715 3239 2786 Πρὶν
3276 2716 3426 2786 (γὰρ)
3465 2715 3602 2780 ζῶον
3639 2719 3896 2792 γένηται,

2307 2801 2630 2873 ἀναίσθητον
2660 2797 2728 2872 ἦν
2780 2801 2888 2854 τῶν
2938 2801 3140 2856 κακῶν.
3204 2802 3318 2871 Ἀφ’
3368 2798 3428 2855 οὗ
3473 2804 3530 2856 δὲ
3589 2808 3901 2863 εἰκονισθὲν

2307 2890 2592 2964 ἄνθρωπος
2620 2892 2756 2964 πρὸς
2788 2889 2924 2944 Θεοῦ
2958 2890 3199 2959 γίνεται,
3232 2891 3349 2945 τότε
3383 2895 3477 2947 καὶ
3513 2894 3611 2965 τὴν
3637 2895 3902 2966 αἴσθησιν

2306 2984 2400 3037 τοῦ
2445 2985 2878 3057 προπελάζοντος
2915 2983 3083 3037 κακοῦ
3131 2985 3555 3055 προσλαμϐάνει.
3589 2989 3696 3042 Καὶ
3729 2989 3902 3044 τοῦτο

2306 3077 2443 3147 ὅπερ
2472 3077 2592 3129 ἐπεὶ
2628 3077 2920 3149 εὐεργεσίᾳ
2957 3075 3057 3144 τῆς
3085 3074 3218 3148 ὕλης
3249 3077 3383 3148 πρὸς
3430 3076 3565 3131 Θεοῦ
3605 3080 3903 3148 γεγονένα.

2229 3130 2276 3194 C
2307 3130 2504 3236 λέγεις,
2535 3130 2846 3238 εὑρίσκεται
2884 3130 3086 3238 μᾶλλον
3113 3130 3214 3220 ἐπί
3235 3130 3313 3237 τῶ
3355 3130 3556 3239 έείρονι

2310 3275 2467 3328 μενον
2501 3259 2658 3328 αὐτῇ.
2691 3259 2754 3311 El
2787 3258 2844 3311 δὲ
2882 3259 2955 3329 μὴ
2988 3257 3245 3312 δύνασθαι
3290 3259 3493 3314 παῦσαι
3520 3260 3586 3314 τὰ
3617 3263 3769 3317 κακὰ
3800 3265 3902 3318 τὸν

2304 3349 2435 3401 Θεὸν
2488 3349 2627 3420 φῄς·
2682 3351 2742 3403 τὸ
2787 3350 2842 3403 δὲ
2891 3350 3148 3404 ἀδύνατον
3189 3351 3306 3422 ἢτοι
3352 3355 3417 3424 τῇ
3467 3352 3622 3421 φύσει
3680 3353 3900 3427 ἀσθενῆ

2308 3440 2569 3512 ὑπάρχειν
2613 3441 2847 3511 ὲστὶν,ἥ
2895 3441 2971 3512 τῷ
3017 3442 3266 3496 νικᾶσθαι
3309 3443 3385 3513 τῷ
3430 3444 3578 3513 φόϐῳ
3621 3443 3900 3498 δεδουλω-

2310 3532 2466 3600 μένον
2516 3530 2650 3601 πρός
2699 3547 2844 3593 τινος
2897 3532 3243 3602 κρείττονος;
3294 3533 3395 3603 ὅρα
3443 3535 3623 3586 ὁποῖον
3680 3533 3900 3587 τούτων

2307 3623 2639 3692 προσάπτειν
2669 3621 2873 3685 ἐθέλοις
2896 3621 2974 3692 τῷ
2999 3625 3397 3695 παντοκράτορι
3422 3624 3514 3676 καὶ
3538 3621 3727 3692 ἀγαθῷ
3743 3622 3896 3693 Θεῷ.

2319 3715 2475 3769 Ἀλλὰ
2529 3716 2689 3768 πάλιν
2739 3715 2868 3787 περὶ
2925 3717 3025 3788 τῆς
3086 3716 3216 3787 ὕλης
3269 3717 3579 3786 ἀπόκριναι.
3649 3716 3899 3787 Πότερον

2304 3808 2446 3878 ἁπλῆ
2481 3809 2563 3870 τίς
2605 3809 2753 3860 ἐστιν
2782 3809 2814 3877 ἡ
2846 3806 2964 3879 ὕλη,
3003 3807 3034 3876 ἦ
3072 3807 3356 3874 σύνθετος;
3392 3811 3455 3862 Ei
3484 3808 3588 3882 γὰρ
3622 3806 3768 3879 ἁπλῆ
3804 3825 3898 3872 τις

2304 3901 2596 3972 ἐτύγχανεν
2621 3900 2719 3972 ὕλη
2754 3901 2848 3954 καλ⁵
2882 3902 3178 3972 μονοειδὴς,
3209 3901 3459 3964 σύνθετος
3481 3902 3536 3954 δὲ
3588 3904 3615 3954 ὁ
3655 3902 3893 3973 κόσμος,

2303 3997 2396 4047 καὶ
2438 3998 2500 4048 ὲκ
2537 3994 2807 4065 διαφόρων
2853 3994 3049 4047 οὐσιῶν
3084 3993 3352 4059 συνεστώς
3400 3997 3576 4048 ἐστιν·
3621 3995 3898 4053 ἀδύνατον

2301 4090 2485 4142 τοῦτον
2511 4088 2570 4152 ἐξ
2601 4088 2734 4158 ὕλης
2770 4089 3049 4156 γεγονέναι
3075 4089 3253 4157 λέγειν
3278 4106 3292 4119 '
3322 4088 3400 4159 τῷ
3441 4087 3511 4142 τὰ
3544 4089 3774 4142 σύνθετα
3811 4090 3894 4161 μὴ

2301 4177 2410 4235 οἷον
2453 4200 2513 4234 τε
2557 4181 2613 4243 ἐξ
2665 4181 2782 4244 ἑνὸς
2811 4181 3002 4234 ἀποίου
3035 4181 3133 4252 τὴν
3168 4180 3423 4234 σύστασιν
3457 4181 3616 4251 ἔχειν.
3653 4181 3724 4233 Τὸ
3773 4181 3892 4253 γὰρ

2303 4273 2555 4326 σύνθετον
2588 4271 2775 4326 ἁπλῶν
2807 4289 2967 4326 τινων
3004 4271 3148 4343 μίξιν
3183 4274 3394 4344 μηνύει.
3440 4273 3501 4325 Εἰ
3529 4273 3573 4323 δ’
3604 4266 3668 4325 αὖ
3716 4272 3892 4328 πάλιν

2303 4365 2552 4418 σύνθετον
2597 4366 2775 4433 λέγεις
2821 4364 2918 4436 τὴν
2948 4363 3113 4434 ὕλην,
3158 4365 3372 4426 πάντως
3417 4360 3476 4426 ὲξ
3524 4361 3709 4414 ἁπλῶν
3759 4379 3893 4416 συν-

621 4482 761 4533 riam
814 4473 968 4526 dicas
999 4470 1131 4539 quid
1182 4465 1577 4534 compositum,
1624 4459 1845 4514 omnino
1894 4457 2083 4510 debuit
2129 4471 2197 4509 ex

2306 4459 2475 4526 ετέθη·
2503 4458 2594 4510 καὶ
2618 4454 2684 4528 ἦν
2710 4473 2837 4510 ποτε
2867 4456 2985 4509 καθ’
3011 4456 3178 4509 ἑαυτὰ
3207 4455 3371 4510 ἁπλᾶ·
3395 4448 3468 4507 ῶν
3497 4451 3888 4523 συντεθέντων,

625 4563 969 4634 simplicibus
993 4555 1283 4626 componi;
1315 4561 1581 4620 erantque
1624 4551 1754 4604 olim
1784 4553 2031 4616 separata
2066 4546 2198 4598 sim-

621 4660 809 4730 plicia,
860 4668 1092 4725 quorum
1147 4645 1547 4717 compositione
1600 4643 1740 4697 facta
1794 4647 1878 4694 est
1934 4640 2195 4707 materia;

623 4747 928 4819 composita
986 4751 1167 4797 autem
1204 4737 1548 4808 simplicibus
1597 4735 2047 4789 constituuntur:
2082 4740 2199 4786 erat

622 4844 782 4914 plane
814 4854 938 4894 cum
974 4835 1204 4890 materia
1238 4846 1348 4885 non
1371 4839 1510 4893 erat,
1556 4828 1708 4898 prius
1750 4826 2009 4880 nimirum
2034 4837 2199 4893 quam

621 4930 890 5000 simplicia
917 4927 1149 4983 coirent.
1187 4921 1344 4990 Quod
1402 4921 1450 4974 si
1501 4925 1619 4974 erat
1657 4917 2006 4987 quandoque,
2073 4929 2198 4967 cum

624 5022 851 5080 materia
883 5038 989 5076 non
1013 5025 1166 5084 erat;
1197 5028 1478 5084 nunquam
1504 5026 1632 5067 vero
1669 5011 1790 5073 fuit,
1825 5025 1948 5063 eum
1998 5006 2201 5076 ingeni-

626 5123 741 5168 tum
766 5128 874 5165 non
900 5117 1046 5165 esset
1078 5128 1091 5162 :
1123 5121 1230 5162 non
1265 5117 1396 5172 ergo
1413 5101 1638 5155 materia
1668 5098 1910 5168 ingenita
1928 5104 2033 5152 est.
2067 5094 2199 5148 Por-

624 5220 689 5260 ro
743 5204 1012 5274 sequitur,
1073 5210 1135 5254 ut
1199 5192 1538 5253 admittenda
1597 5192 1710 5248 sint
1753 5193 1907 5263 plura
1931 5191 2194 5262 ingenita.

695 5398 827 5471 (50),
845 5398 1138 5471 Antequam
1159 5395 1297 5471 enim
1326 5401 1573 5471 ornatum
1609 5388 2051 5471 reciperenllptv
2081 5388 2196 5471 δια-

627 5459 1202 5540 κοσμηθῆναιξΔιιοη
1230 5465 1392 5540 lectio
1417 5461 1793 5540 διακριθῆναι,
1827 5459 1988 5540 quani
2028 5459 2199 5539 inter-

662 5515 768 5595 τέξ-
1009 5515 1201 5603 aiis
1426 5515 1463 5585 ξ’
1479 5515 1686 5601 ήυιιίῳιὲ
1739 5515 1940 5603 ιοιιίιξῐιΔ
1955 5530 2199 5597 loquitur

680 5610 932 5666 etliodius
961 5607 1029 5662 de
1066 5597 1262 5659 ornatu
1287 5645 1302 5668 ,
1347 5597 1674 5659 formatione
1716 5610 1771 5655 et
1819 5597 2154 5668 perfectione
2179 5637 2194 5661 ,

621 5697 787 5750 quam
838 5676 1519 5750 materiatjuxtaetiam
1563 5674 1888 5750 haereticos,
1929 5669 2195 5740 δημιουρ-

627 5743 748 5824 γίᾳ,
777 5765 807 5806 a
836 5747 947 5806 Deo
966 5743 1203 5819 accipiat
1229 5764 1244 5802 :
1279 5744 1351 5802 ad
1376 5759 1542 5818 quam
1582 5743 1769 5807 etiam,
1793 5750 1947 5812 parte
1981 5748 2196 5797 tantum

2298 4549 2518 4618 γέγονεν
2549 4552 2582 4621 ή
2609 4550 2707 4622 ὕλη
2729 4567 2742 4580 ·
2777 4549 2847 4604 τὰ
2866 4550 2922 4602 δὲ
2948 4548 3179 4601 σύνθετα
3203 4547 3261 4613 ἐξ
3289 4544 3473 4600 ἁπλῶν
3502 4545 3599 4612 τὴν
3624 4543 3891 4598 σύστασιν

2300 4642 2431 4711 ἔχει.
2456 4638 2563 4695 Ἦν
2591 4660 2719 4695 ποτε
2749 4642 2956 4712 καιρὸς,
2981 4642 3066 4694 ὅτε
3093 4640 3190 4710 ὕλη
3219 4639 3316 4692 οὐκ
3344 4633 3438 4705 ἦν’
3467 4636 3707 4688 τουτέστι
3737 4637 3889 4708 πλὴν

2299 4732 2366 4785 τὰ
2395 4733 2539 4785 ἁπλᾶ
2564 4733 2856 4786 συνελθεῖν.
2889 4734 2951 4786 Ei
2983 4733 3040 4784 δὲ
3074 4728 3143 4802 ἦν
3175 4745 3306 4783 ποτε
3338 4725 3548 4796 καιρὸς,
3577 4726 3666 4778 ὅτε
3703 4728 3735 4796 ἡ
3774 4727 3886 4801 ὕλη

2299 4824 2397 4876 οὐκ
2427 4819 2522 4894 ἦν·
2551 4827 2649 4878 οὐκ
2695 4822 2762 4896 ἦν
2799 4825 2855 4878 δέ
2903 4842 3032 4878 ποτε
3063 4823 3251 4893 καιρὸς
3275 4860 3288 4881 ,
3337 4820 3423 4871 ὅτε
3458 4817 3714 4887 ἀγένητον
3761 4819 3887 4891 (52)

2299 4919 2400 4970 οὐκ
2425 4914 2518 4989 ἦν’
2553 4920 2652 4972 οὐκ
2682 4920 2808 4990 (ἄρα
2830 4919 3003 4985 ἔσται)
3032 4916 3294 4985 ἀγένητος
3319 4913 3352 4983 ἢ
3383 4911 3502 4980 ὕλη·
3527 4912 3598 4964 Τδ
3622 4911 3666 4964 δ’
3692 4912 3889 4966 έντεῧ·

2301 5007 2391 5062 θεν
2420 5010 2557 5081 (ἄρα
2587 5012 2771 5078 ἔσται)
2807 5011 2974 5064 πολλὰ
3017 5009 3087 5064 τὰ
3125 5007 3381 5076 ἀγένητα.
3419 5006 3481 5058 El
3511 5005 3617 5079 γὰρ
3646 5001 3713 5078 ἦν
3742 5005 3888 5075 ἀγέ-

2301 5117 2459 5170 νητος
2501 5103 2529 5153 ὁ
2564 5103 2715 5168 Θεὸς,
2742 5098 2811 5172 ἦν
2856 5103 2914 5154 δὲ
2958 5102 3196 5169 ἀγένητα
3228 5097 3327 5149 καὶ
3355 5095 3424 5149 τὰ
3449 5097 3614 5160 ἁπλᾶ,
3648 5096 3706 5162 ἐξ
3734 5090 3817 5152 ὧν
3845 5100 3883 5167 ὴ

2302 5191 2401 5262 ὕλη
2452 5193 2738 5264 συνετέθη’
2786 5193 2888 5246 οὐκ
2943 5192 3052 5261 ἄρα
3106 5188 3327 5256 (ἔσται)
3358 5187 3450 5241 δύο
3482 5189 3576 5243 καὶ
3621 5190 3756 5260 μόνα
3807 5187 3887 5242 τὰ

2300 5398 2628 5459 perornata,
2681 5387 2930 5457 sequitur
2999 5381 3267 5453 ejusmodi
3319 5379 3617 5442 discretio,
3674 5382 3881 5430 contra

2298 5476 2461 5530 quam
2495 5471 2688 5515 auctor
2713 5459 2916 5530 arguit.

2373 5512 2483 5601 (ει)
2517 5512 2712 5585 Ain.-
2752 5512 2956 5601 Jtmr
3013 5522 3259 5578 τούτων.
3308 5521 3391 5576 Al.
3449 5520 3612 5578 αὐτὸν
3662 5512 3883 5569 τούτων

2298 5599 2524 5672 ποιητὴν
2556 5603 2729 5672 εἰπεῖν
2753 5599 2988 5672 ἀνάγκη.

2369 5666 2493 5743 (32f
2526 5670 2851 5740 Ἀτένητον.
2891 5666 3198 5740 ’Δγένητος.
