4028 6318
669 234 779 303 263

1626 237 1688 293 S.
1729 236 2064 294 METHODII
2105 237 2415 297 EPISCOPI
2451 241 2540 296 ET
2585 240 2946 298 MARTYRIS

3820 244 3918 299 εει

668 348 783 402 lum
835 345 1040 405 dixeris
1070 365 1213 415 esse,
1275 350 1372 406 sed
1428 351 1662 422 alicujus
1685 355 1882 408 malam
1935 356 2246 411 actionem:

2355 357 2514 427 νητδν
2572 359 2735 412 αὑτὸν
2778 358 3043 429 ὑπάρχειν
3083 355 3326 428 μηνύεις.
3384 358 3448 410 Ἠ
3494 359 3602 432 γὰρ
3648 359 3743 414 τοῦ
3789 379 3922 423 τινος

670 448 785 494 tum
823 441 1065 510 genitum
1101 456 1166 496 ac
1194 443 1327 513 quid
1391 443 1620 507 factum,
1653 443 1830 513 ipsum
1871 444 2059 500 doces.
2094 445 2250 512 Quod

671 533 820 586 enim
853 533 1087 602 alicujus
1117 537 1262 590 actio
1296 541 1404 602 est,
1466 536 1683 590 initium
1715 538 1934 591 essendi
1965 547 2249 607 acceptum

671 625 857 679 habet.
891 625 969 679 Ad
1003 626 1140 689 haec,
1173 629 1386 682 nullum
1411 636 1668 698 praeterea
1705 629 1852 684 aliud
1877 631 2076 684 malum
2108 631 2250 684 assi-

670 731 837 785 gnare
861 726 1034 786 potes.
1067 718 1242 784 Quam
1271 720 1417 773 enim
1449 721 1610 774 aliam
1639 722 1933 785 actionem,
1982 732 2174 792 preter
2197 722 2251 777 id

669 809 814 878 quod
863 811 1217 865 committunt
1271 812 1563 876 homines,
1619 814 1904 884 assignare
1958 815 2252 870 habueris?

667 898 804 953 Nam
827 901 978 970 quod
1001 902 1050 957 is
1078 902 1174 972 qui
1210 911 1488 973 operatur,
1525 921 1634 960 non
1669 907 1740 960 sit
1769 907 1886 976 ipse
1919 907 2122 960 malum
2163 923 2251 962 se-

667 989 909 1050 cundum
943 998 1210 1054 rationem
1229 1001 1568 1064 substantiae,
1605 1004 1700 1056 sed
1730 1001 2033 1057 secundum
2077 1001 2250 1069 ipsam

667 1090 792 1142 mali
829 1090 1220 1158 operationem,
1272 1092 1386 1160 jam
1439 1101 1720 1148 ostensum
1765 1092 1892 1147 fuit.
1943 1091 2079 1146 Nam
2111 1094 2250 1146 nihil

665 1189 752 1234 est
787 1181 991 1234 malum
1049 1192 1268 1249 natura,
1320 1185 1416 1239 sed
1471 1200 1574 1239 usu
1604 1184 1739 1238 ﬁunt
1792 1185 1932 1238 mala
1961 1201 2080 1254 quae
2110 1185 2252 1238 mala

667 1282 822 1330 sunt.
855 1273 1244 1346 Quippe.dico,
1272 1278 1446 1347 inquit
1470 1276 1842 1348 (Methodius),
1875 1285 2118 1330 creatum
2153 1277 2252 1331 ho-

669 1363 874 1418 minem
906 1366 1064 1420 liberi
1114 1368 1352 1432 arbitrii,
1394 1385 1504 1423 non
1551 1368 1701 1423 velut
1731 1367 1875 1421 malo
1930 1367 2250 1436 aliquojam

667 1458 993 1523 exsistente,
1026 1460 1184 1530 cujus
1212 1461 1467 1532 eligendi,
1512 1461 1558 1515 si
1589 1460 1769 1522 vellet,
1801 1466 2122 1529 potestatem
2154 1458 2252 1511 ha-

677 1548 883 1605 heret:
935 1551 1029 1606 sed
1087 1565 1308 1622 propter
1359 1567 1678 1606 concessam
1734 1550 2044 1604 facultatem
2091 1548 2252 1604 obse-

668 1641 871 1711 quendi
906 1642 1016 1698 Deo
1037 1647 1122 1700 vel
1145 1661 1255 1698 non
1285 1643 1645 1714 obsequendi.
1681 1642 1792 1697 Hoc
1816 1642 1961 1697 enim
1993 1641 2096 1696 sibi
2119 1650 2250 1694 tunc

2354 448 2551 519 πρᾶξις
2591 451 2765 521 ἀρχὴν
2811 451 2907 502 τοῦ
2945 444 3084 502 εἶναι
3129 448 3412 518 λαμϐάνει.
3455 451 3598 521 Πρὸς
3635 453 3692 506 δέ
3725 453 3920 520 τούτοις

2351 537 2504 590 οὐδὲν
2542 537 2727 610 ἕτερον
2759 538 2909 610 παρὰ
2952 537 3125 592 ταῦτα
3156 539 3323 613 κακὸν
3359 540 3530 591 εἰπεῖν
3570 539 3734 610 ἔχεις.
3767 542 3918 595 Ποίαν

2351 629 2460 700 γὰρ
2491 629 2686 700 πρᾶξιν
2717 631 2912 701 ἑτέραν
2956 631 3106 702 παρὰ
3134 630 3195 682 τὸ
3228 629 3334 700 (58)
3376 631 3434 682 ἐν
3481 630 3787 702 ἀνθρώποις
3821 633 3918 686 δει-

2351 721 2534 774 κνύειν
2579 721 2759 791 Exite;
2794 724 2916 774 Ὀτι
2961 721 3070 792 γὰρ
3111 721 3378 793 ἐνεργῶν,
3418 723 3479 774 ού
3514 722 3656 775 κατὰ
3699 723 3791 776 τὸν
3833 725 3919 793 τῆς

2351 812 2540 876 οὐσίας
2598 813 2753 882 λόγον
2813 815 3045 884 ὑπάρχει
3090 813 3291 878 κακία,
3347 813 3484 866 άλλά
3527 813 3647 866 κατ’
3690 813 3821 865 αὐτὸ
3867 815 3920 866 τὸ

2352 905 2594 975 ἐνεργεῖν
2620 904 2679 956 τὸ
2711 904 2878 956 κακὸν
2899 904 3000 975 ἤδη
3025 904 3312 957 δέδεικται.
3343 905 3464 957 Ὀτι
3485 907 3551 974 τῇ
3581 903 3740 972 φύσει
3765 906 3921 956 κακὸν

2350 996 2501 1048 οὐδέν
2537 997 2706 1060 ἐστιν,
2740 997 2875 1049 ἀλλὰ
2911 999 2977 1068 τῇ
3012 998 3205 1068 χρήσει
3236 997 3445 1065 γίνεται
3495 995 3640 1048 κακὰ
3668 994 3737 1046 τὰ
3766 996 3919 1046 κακά.

2355 1087 2474 1141 Ὀτι
2503 1085 2866 1152 αὐτεξούσιον,
2913 1090 3068 1158 φησι,
3111 1089 3392 1158 γεγονέναι
3424 1087 3564 1157 φημὶ
3606 1086 3696 1138 τὸν
3727 1085 3928 1156 ἄνθρω-

2353 1197 2474 1244 πον,
2509 1183 2608 1251 ούχ
2634 1183 2708 1244 ὡς
2732 1183 3200 1256 προῦποκειμένου
3232 1183 3377 1244 τινὸς
3394 1183 3492 1252 ήδη
3526 1179 3716 1242 κακοῦ,
3749 1172 3809 1231 οὗ
3837 1180 3928 1248 τὴν

2353 1272 2600 1336 ἐξουσίαν
2623 1314 2636 1337 ,
2673 1276 2720 1326 εί
2749 1274 3008 1344 βούλοιτο,
3052 1273 3145 1327 τοῦ
3189 1273 3400 1327 ἑλέσθαι
3449 1272 3733 1342 ἄνθρωπος
3765 1273 3927 1340 ἐλάμ-

2353 1363 2534 1425 ϐανεν,
2556 1365 2690 1418 ἀλλὰ
2723 1367 2820 1437 τὴν
2851 1365 2946 1418 τοῦ
2973 1364 3267 1419 ὑπακούειν
3289 1365 3399 1435 (59)
3425 1363 3524 1435 [τῷ
3553 1363 3690 1432 Θεῷ,
3727 1364 3823 1415 καὶ
3859 1364 3928 1432 μὴ

2353 1454 2672 1528 ὑπακούειν]
2695 1456 2864 1509 αἴτιον
2900 1458 3058 1527 μόνον
3079 1453 3167 1527 ἦν.
3187 1456 3355 1510 Τοῦτο
3380 1456 3490 1527 γὰρ
3511 1456 3571 1509 τὸ
3589 1455 3932 1520 αὐτεξούσιον

2353 1547 2603 1600 ἐϐούλετο
2649 1548 2790 1600 τότε.
2856 1549 2967 1602 Καὶ
3029 1550 3323 1620 γενόμενος
3385 1549 3666 1618 ἄνθρωπος
3713 1545 3932 1617 ἐντολὴν

2353 1637 2617 1707 λαμϐάνει
2651 1639 2798 1710 παρὰ
2829 1638 2923 1692 τοῦ
2957 1639 3110 1693 Θεοῦ.
3155 1641 3267 1694 Καὶ
3297 1639 3545 1692 ἐντεῦθεν
3588 1639 3687 1708 ἤδη
3719 1637 3785 1690 τὺ
3829 1655 3929 1690 xa-

665 1733 905 1797 volebat,
945 1748 1009 1788 ac
1036 1741 1178 1798 erat,
1212 1735 1441 1788 liberum
1469 1734 1777 1787 arbitrium.
1814 1731 1986 1786 Porro
2030 1739 2250 1784 creatus

2353 1729 2448 1781 κὸν
2473 1729 2718 1801 ἄρχεται.
2743 1731 2815 1783 Οὐ
2847 1729 2955 1803 γὰρ
2982 1731 3230 1784 πείθεται
3259 1731 3338 1800 τῷ
3358 1730 3486 1800 θείῳ
3515 1730 3927 1800 προστάγματιο

665 1823 832 1876 homo
867 1831 1193 1892 pmccptum
1222 1839 1252 1875 a
1287 1821 1397 1878 Deo
1433 1824 1633 1892 accipit
1669 1841 1682 1877 :
1723 1829 1948 1892 tumque
1980 1820 2109 1873 hinc
2133 1835 2251 1873 ma-

668 1913 780 1966 lum
813 1913 1017 1982 incipit.
1056 1911 1174 1968 Non
1212 1914 1355 1968 enim
1405 1921 1560 1984 paret
1593 1914 1778 1968 divino
1828 1911 2086 1965 mandato
2125 1907 2252 1963 :id-

668 2017 776 2071 que
827 2009 881 2057 et
909 2001 1085 2058 solum
1140 2003 1346 2060 malum
1377 2011 1517 2069 erat,
1577 2004 1947 2060 inobedicntia
1975 2017 2096 2074 qua
2125 2016 2249 2056 esse

668 2095 856 2164 etrapit.

791 2204 1172 2266 HETHODII
1233 2208 1336 2263 EX
1396 2207 1618 2264 LIBRO
1683 2207 1783 2262 DE
1845 2205 2119 2262 LIBERO

1269 2278 1645 2334 ARBITRIO.

2354 1821 2448 1875 καὶ
2479 1821 2636 1874 τοῦτο
2677 1823 2770 1874 καὶ
2803 1821 2961 1892 μόνον
2992 1817 3060 1892 ἦν
3093 1822 3153 1875 τὸ
3186 1822 3376 1884 κακὸν,
3421 1823 3456 1891 ή
3485 1820 3739 1891 παρακοὴ
3761 1858 3776 1882 ,
3810 1820 3928 1889 ἥτις

2349 1907 2440 1959 τοῦ
2467 1908 2576 1978 (40)
2609 1903 2748 1962 εἶναι
2772 1909 2992 1980 ἠρξατο.

2359 2200 2721 2255 ΜΕΘΟΔῙΟΥ
2774 2200 2875 2254 ΕΚ
2931 2197 3305 2323 ΤΟΙὲῙῦΙΞΡΙ
3369 2198 3511 2253 ΤΟΥ
3560 2197 3933 2254 ΑΥΊΕΞΟΥ-

1798 2407 2139 2480 (Excerptum
2162 2405 2227 2460 R.
2256 2404 2321 2459 Ρ.
2349 2404 2624 2460 Sirmondt’
2654 2402 2710 2458 S.
2736 2403 2820 2476 J.)

739 2527 913 2585 Homo
939 2528 1082 2586 enim
1107 2533 1432 2597 potestatem
1466 2528 1679 2598 accepit
1699 2568 1714 2592 ,
1748 2535 1809 2582 ut
1838 2544 1899 2584 se
1927 2529 2044 2600 ipse
2077 2525 2250 2581 servi-

2424 2519 2742 2587 Ἀνθρωπος
2771 2518 2881 2590 γὰρ
2914 2518 3248 2590 προσέλαϐεν
3283 2518 3555 2586 ἐξουσίαν,
3587 2520 3785 2575 ἑαυτὸν
3816 2524 3937 2577 δου-

662 2620 768 2676 tuti
805 2619 1114 2683 addiceret,
1144 2635 1254 2674 non
1311 2620 1563 2675 vincente
1623 2621 1952 2676 necessitate
1997 2626 2245 2682 natum;

2353 2609 2633 2679 λαγωγῶν,
2660 2609 2759 2662 οὑκ
2787 2609 3002 2682 ἀνάγκῃ
3025 2611 3125 2680 τῆς
3152 2609 3366 2679 φύσεως
3393 2612 3784 2683 κρατούμενος,
3813 2617 3937 2669 οὐδὲ

666 2726 844 2782 neque
868 2711 1126 2766 facultate
1149 2709 1450 2776 auferente,
1485 2712 1628 2782 quod
1658 2719 1775 2766 erat
1804 2713 2040 2778 melius;
2088 2710 2248 2778 cujus

2353 2704 2446 2773 τῆς
2477 2701 2756 2772 δυνάμεως
2784 2701 3182 2772 ἀφαιρούμενος
3212 2700 3345 2773 (41),
3380 2704 3516 2774 ὅπερ
3551 2704 3701 2775 αύτῷ
3749 2711 3937 2778 κρεῖτ-

666 2804 828 2857 etiam
866 2803 1061 2872 gratia,
1085 2801 1211 2858 dico
1255 2800 1431 2860 fuisse
1455 2819 1778 2859 concessam
1815 2822 1827 2857 :
1881 2811 1938 2857 ut
1983 2802 2246 2857 nimirum

2353 2811 2471 2849 τον·
2525 2789 2587 2848 οὗ
2634 2794 2793 2847 ἕνεκα
2838 2793 3162 2865 κεχαρίσθαι
3213 2793 3385 2864 φημί·
3431 2794 3516 2846 ἵνα
3557 2813 3608 2848 τι
3649 2796 3816 2850 πλέον
3860 2791 3939 2852 ὧν

667 2895 913 2948 accessio
941 2895 1124 2964 aliqua
1176 2895 1336 2949 bonis
1366 2896 1643 2966 prioribus
1676 2896 1858 2962 ﬁeret;
1892 2896 2037 2966 quod
2083 2896 2132 2950 ei
2177 2909 2244 2949 ex

2353 2887 2463 2959 ἔχει
2497 2886 2800 2960 προσλάϐῃ,
2840 2887 2978 2958 ὅπερ
3025 2884 3176 2956 αὑτῷ
3220 2884 3370 2955 παρὰ
3395 2884 3489 2938 τοῦ
3531 2887 3846 2957 κρείττονος
3872 2891 3938 2942 ἐκ

667 2985 976 3040 obedientia
1008 3001 1038 3039 a
1065 2985 1276 3040 meliori
1297 2986 1512 3040 accedit
1533 3026 1548 3051 ,
1579 2993 1710 3041 etut
1735 2987 1978 3042 debitum
2014 2985 2250 3058 exigitur

2353 2983 2452 3053 τῆς
2481 2982 2725 3052 ὑπακοῆς
2749 2979 3122 3053 προσγίνεται,
3150 2979 3244 3032 καὶ
3270 2978 3346 3042 ὡς
3373 2977 3592 3049 ὀφειλὴν
3617 2979 3937 3035 άπαιτεῖται

667 3076 739 3129 ab
767 3085 1012 3131 auctore.
1045 3076 1163 3129 Non
1193 3077 1338 3130 enim
1363 3078 1486 3132 dico
1517 3077 1686 3132 fuisse
1713 3089 1954 3132 creatum
1976 3079 2245 3134 hominem

667 3162 726 3217 in
766 3163 1065 3228 interitum,
1114 3164 1208 3218 sed
1235 3173 1456 3234 propter
1483 3166 1728 3221 meliora.
1785 3165 1922 3225 Nam
1970 3167 2017 3222 si
2070 3166 2248 3221 factus

667 3259 815 3309 esset
840 3253 985 3306 velut
1031 3253 1249 3323 aliquod
1297 3254 1366 3308 de
1396 3255 1677 3309 elementis
1709 3255 1824 3310 sive
1881 3253 2006 3310 aliis
2055 3255 2134 3310 sic
2163 3255 2249 3308 in-

669 3355 889 3399 sensate
922 3345 1288 3400 servientibus
1340 3344 1470 3411 Deo,
1502 3363 1614 3402 non
1663 3347 1776 3416 jam
1832 3349 2110 3417 proposito
2157 3346 2245 3401 di-

669 3452 829 3506 gnam
857 3437 1160 3492 mercedem
1190 3439 1485 3508 reciperet;
1533 3441 1627 3496 sed
1661 3449 1806 3496 esset
1837 3443 1978 3497 velut
2008 3441 2248 3498 auctoris

669 3529 1115 3593 instrumentum,
1148 3531 1325 3584 aliene
1357 3546 1386 3584 a
1425 3532 1656 3597 ratione,
1686 3534 1757 3588 ob
1783 3533 1924 3588 male
1953 3541 2107 3604 gesta
2158 3547 2248 3588 re-

669 3623 1019 3692 prehensioni
1064 3623 1356 3678 obnoxius.
1394 3623 1577 3678 Causa
1622 3626 1769 3680 enim
1827 3624 2025 3682 horum
2099 3635 2248 3681 esset

669 3721 852 3766 utens.
880 3714 997 3767 lmo
1021 3729 1197 3783 neque
1227 3714 1371 3783 quod
1406 3722 1489 3768 est
1519 3717 1714 3772 melius
1747 3717 1910 3772 homo
1952 3733 2248 3788 cognosce-

669 3814 776 3872 ret,
801 3806 905 3860 nisi
939 3806 1083 3862 illius
1110 3809 1455 3877 cognovisset
1487 3817 1764 3865 auctorem
1785 3853 1800 3874 ,
1829 3811 1923 3866 sed
1955 3811 2085 3865 illud
2123 3820 2248 3866 tan-

673 3905 787 3949 tum
821 3895 887 3949 ad
911 3896 1057 3966 quod
1086 3913 1209 3952 csse
1237 3909 1406 3954 natus
1432 3908 1535 3955 est.
1570 3898 1750 3965 Quare
1782 3902 1925 3966 dico,
1956 3918 2080 3957 cum
2103 3901 2246 3958 Deus

673 3985 948 4042 hominem
977 3989 1246 4045 honorare
1277 3999 1333 4046 et
1354 3993 1496 4047 scire
1525 4008 1650 4064 eum
1678 3994 1903 4048 meliora
1933 3995 2127 4058 vellet,
2152 3995 2249 4051 de-

669 4077 752 4134 dit
791 4081 840 4134 ei
873 4089 1241 4149 potestatem,
1276 4099 1382 4152 qua
1423 4096 1605 4155 posset
1654 4085 1832 4142 facere
1877 4104 1998 4158 quae
2046 4090 2244 4156 vellet;

669 4173 901 4243 ejusque
933 4181 1254 4242 potestatem
1292 4176 1359 4230 ad
1395 4177 1621 4232 meliora
1651 4179 1919 4245 hortatur,
1951 4197 2060 4235 non
2101 4180 2246 4252 quod

672 4279 868 4320 rursus
901 4263 1115 4319 auferat
1152 4273 1472 4335 potestatem
1507 4269 1731 4324 liberam
1757 4286 1920 4341 quam
1954 4273 2128 4338 dedit,
2151 4271 2247 4327 sed

2354 3074 2503 3145 παρὰ
2545 3073 2640 3127 τοῦ
2689 3072 3071 3143 πεποιηκότος.
3108 3072 3182 3124 Ού
3224 3070 3333 3142 γὰρ
3367 3071 3459 3123 ἐπὶ
3493 3069 3663 3143 βλάϐῃ
3707 3073 3804 3125 τὸν
3838 3073 3936 3127 άν-

2353 3164 2569 3234 θρωπον
2613 3166 2892 3234 γεγονέναι
2930 3165 3099 3236 φημί·
3141 3163 3304 3217 ἕνεκα
3335 3164 3392 3216 δέ
3435 3163 3544 3217 τῶν
3579 3166 3938 3234 κρειττόνων.

2352 3255 2416 3308 Εί
2436 3255 2544 3326 γὰρ
2571 3256 2646 3318 ὼς
2679 3256 2736 3307 ἐν
2763 3275 2814 3309 τι
2839 3255 3031 3324 γέγονε
3062 3256 3170 3310 τῶν
3205 3257 3505 3326 στοιχείων,
3536 3257 3568 3326 ἢ
3599 3256 3708 3309 τῶν
3728 3257 3941 3328 ὁμοίως

2351 3346 2709 3400 δουλευόντων
2735 3346 2875 3418 Θεῷ,
2908 3349 3010 3401 οὐκ
3040 3347 3118 3401 ἐτι
3152 3349 3341 3419 μισθὸν
3373 3349 3521 3414 ἀξιον
3548 3349 3648 3418 τῆς
3678 3351 3946 3423 προαιρέ-

2353 3458 2491 3504 σεως
2535 3439 2799 3510 λαμϐάνει
2819 3457 2832 3470 ⁸
2885 3439 2999 3493 ἀλλ’
3035 3439 3226 3512 ὥσπερ
3255 3441 3488 3512 ὄργανον
3525 3441 3590 3494 ἂν
3617 3438 3684 3512 ἦν
3712 3442 3808 3494 τοῦ
3845 3445 3946 3513 δη-

2351 3533 2640 3606 μιουργοῦ,
2680 3533 2777 3606 τὴν
2827 3533 2911 3604 ἐφ’
2961 3527 3042 3596 οἷς
3081 3534 3143 3586 ού
3192 3532 3373 3596 καλῶς
3419 3533 3671 3605 ἔπραξεν,
3719 3534 3944 3602 ἀλόγως

2354 3627 2562 3698 μέμψιν
2593 3627 2901 3698 ὑπομένωνο
2931 3625 3134 3678 τούτων
3168 3623 3276 3693 γὰρ
3304 3624 3474 3686 αἴτιος
3499 3623 3610 3694 (42)
3630 3619 3699 3694 ἦν
3720 3626 3750 3676 6
3785 3626 3945 3696 χρώ-

2354 3737 2534 3791 μενος.
2585 3718 2724 3771 Ἀλλ’
2756 3716 2878 3770 ούδέ
2915 3715 2978 3768 τὸ
3021 3717 3268 3783 κρεῖττον
3317 3713 3600 3785 ἄνθρωπος
3641 3714 3940 3783 ἠπίστατο,

2355 3813 2431 3883 μὴ
2465 3812 2556 3865 τὸν
2599 3809 2767 3864 αἴτιον
2819 3807 2994 3870 εἰδὼς,
3038 3805 3153 3858 ἀλλ’
3201 3807 3376 3858 ἐκεῖνο
3430 3805 3590 3876 μόνον
3635 3808 3717 3871 είς
3761 3807 3796 3860 ὃ
3843 3810 3945 3862 πέ-

2354 3919 2523 3970 φυκεν
2556 3896 2714 3953 εἶναι.
2746 3899 2894 3968 Φημὶ
2924 3896 3214 3968 τοιγαροῦν
3245 3896 3339 3950 τὸν
3370 3896 3503 3951 Θεὸν
3532 3897 3673 3951 οὕτω
3713 3899 3810 3953 τδν
3845 3901 3943 3954 ἇν-

2354 3993 2570 4063 θρωπον
2596 3991 2820 4061 τιμῆσαι
2851 3988 3302 4060 προαιρούμενον,
3341 3988 3433 4043 καὶ
3465 3989 3572 4043 τῶν
3603 3993 3944 4062 κρειττόνων

2352 4085 2691 4155 ἐπιστήμονα
2721 4080 2982 4149 γίνεσθαι,
3025 4081 3126 4152 τὴν
3166 4081 3411 4146 ἐξουσίαν
3450 4081 3600 4152 αὐτῷ
3627 4082 3721 4136 τοῦ
3766 4083 3943 4138 δύνα-

2353 4177 2476 4230 σθαι
2509 4178 2681 4229 ποιεῖν
2707 4175 2742 4229 ἃ
2775 4174 3044 4245 βούλεται,
3071 4173 3357 4229 δεδωκέναι
3378 4191 3392 4201 ·
3423 4175 3517 4228 καὶ
3549 4173 3646 4245 τὴν
3678 4173 3944 4238 ἐξουσίαν

2351 4269 2516 4323 αὑτοῦ
2547 4272 2626 4332 εἰς
2661 4271 2905 4340 κρεῖττον
2936 4271 3242 4340 παραινεῖν,
3275 4268 3374 4321 οὐκ
3399 4265 3806 4338 ἀφαιρούμενον
3841 4268 3946 4320 πά-

672 4364 936 4424 tanquam
975 4357 1118 4426 quod
1140 4357 1335 4412 melius
1360 4366 1465 4421 est,
1495 4360 1774 4416 declarare
1794 4363 1939 4417 velit.
1972 4361 2143 4417 Habet
2171 4363 2248 4417 si-

2353 4360 2435 4415 λιν
2463 4363 2555 4416 τὸν
2588 4361 2948 4426 αὐτεξούσιον,
2982 4360 3116 4414 ἀλλὰ
3154 4361 3246 4413 τὸν
3279 4363 3524 4431 κρεῖττον
3565 4355 3793 4427 μηνύειν
3843 4357 3943 4413 θέ-

673 4448 891 4518 quidem
940 4454 1298 4518 potestatem,
1342 4458 1398 4504 et
1443 4451 1757 4506 mandatum
1799 4453 1995 4523 accipit
2043 4471 2057 4507 :
2107 4453 2250 4510 Deus

604 4531 606 4533 ’
674 4545 857 4594 autem
889 4536 1166 4606 admonet,
1199 4549 1258 4594 ut
1287 4541 1472 4607 homo,
1504 4535 1856 4608 voluntatem,
1892 4559 1997 4613 qua
2047 4553 2246 4615 potest,

679 4628 735 4682 in
773 4627 975 4682 bonum
1025 4627 1311 4684 inﬂexerit.
1351 4629 1422 4685 ω
1454 4631 1621 4696 enim,
1653 4646 1776 4687 cum
1809 4640 1962 4703 pater
1997 4649 2246 4704 puerum,

676 4720 879 4788 alioqui
929 4719 1217 4776 habentem
1271 4722 1585 4778 facultatem
1626 4723 1694 4777 ad
1737 4724 2124 4794 perdiscendas
2163 4725 2249 4779 di-

678 4809 960 4878 sciplinas,
996 4817 1051 4865 et
1087 4813 1262 4882 magis
1305 4827 1494 4868 earum
1541 4815 1724 4869 studio
1773 4815 2247 4872 adhaerescendum
2293 4803 2298 4807 ’

678 4898 948 4966 hortatur,
977 4901 1266 4958 declarans
1310 4919 1433 4960 esse
1472 4904 1521 4958 ei
1571 4905 1624 4959 id
1654 4905 1881 4971 melius,
1933 4923 2044 4962 non
2073 4909 2250 4977 privat

677 5007 902 5060 puerum
953 5001 1222 5063 potestate
1246 5009 1410 5066 quam
1441 4997 1603 5051 habet
1622 5007 1983 5067 ;-quanquam
2011 5001 2058 5054 is
2111 4999 2249 5054 nolit

676 5084 854 5140 libens
880 5085 1060 5142 dicere
1088 5105 1101 5141 :
1126 5087 1202 5141 ita
1227 5097 1281 5142 et
1309 5086 1501 5152 Deum,
1533 5105 1656 5142 cum
1699 5090 1972 5146 hominem
1999 5092 2250 5146 hortatur

679 5185 740 5230 ut
763 5177 1034 5233 mandatis
1068 5187 1279 5248 pareat.
1313 5180 1737 5252 haudquaquam
1788 5184 2024 5238 arbitror
2048 5185 2248 5240 volun-

677 5267 810 5322 tatis
868 5276 1190 5338 potestatem
1217 5270 1450 5337 auferre,
1480 5288 1589 5344 qua
1622 5275 1671 5328 is
1699 5275 1872 5346 possit
1922 5277 2085 5332 etiam
2138 5292 2248 5331 non

751 5435 863 5562 (ἐξ)
900 5439 1069 5509 Παρὰ
1095 5439 1185 5523 τέ.
1210 5440 1297 5495 Δὶ.
1330 5442 1482 5514 παρὰ
1512 5460 1562 5525 τι

751 5513 764 5562 (
850 5516 862 5562 )
904 5509 1022 5562 Thr
1065 5527 1171 5562 του
1215 5514 1316 5562 ὑπ.
1373 5511 1562 5562 Przmi

751 5511 862 5572 (59)
904 5511 1022 5576 Τὴν
1065 5512 1171 5565 τοῦ
1215 5514 1316 5565 ὑπ.
1373 5511 1819 5576 P'rarnittendum
1867 5513 2098 5571 fortasse
2137 5514 2244 5568 διά.

680 5573 804 5719 :3:
849 5573 1200 5637 scribendum
1245 5582 1424 5636 αἰτίαν
1476 5584 1681 5656 μόνην,
1716 5573 1815 5643 vel
1874 5584 2046 5640 αῐτιον
2086 5585 2246 5640 δύνα-

1512 5442 1626 5498 τοῦ.

2354 4453 2529 4507 λοντα.
2556 4454 2629 4507 Τὸ
2661 4454 2757 4525 μὲν
2779 4453 2888 4524 γὰρ
2915 4451 3172 4505 δύνασθαι
3206 4451 3469 4523 πάρεστιν
3493 4446 3641 4518 αὑτῷ
3660 4463 3675 4478 ο
3703 4448 3805 4503 καὶ
3834 4449 3944 4519 τὴν

2354 4547 2573 4617 ἐντολὴν
2611 4544 2909 4615 λαμϐάνειν
2955 4542 3054 4613 τὴν
3085 4543 3142 4596 δέ
3179 4543 3274 4598 τοῦ
3317 4539 3578 4595 δύνασθαι
3607 4539 3944 4612 προαίρεσιν

2355 4641 2434 4700 εἰς
2462 4639 2521 4695 τὸ
2542 4639 2788 4708 κρεῖττον
2817 4634 3038 4705 τρέπειν
3064 4635 3093 4688 ὁ
3122 4633 3254 4697 Θεὸς
3279 4633 3553 4702 παραινεῖ.
3581 4631 3797 4704 Ὥσπερ
3826 4638 3944 4707 γὰρ

2355 4729 2540 4800 πατὴρ
2576 4726 2724 4780 παιᾶ
2753 4727 3040 4795 παραινεῖ,
3073 4721 3323 4788 ἐξουσίαν
3355 4721 3531 4792 ἐχοντι
3566 4723 3944 4792 ἐκμανθάνειν

2353 4819 2420 4870 τὰ
2449 4817 2771 4889 μαθήματα,
2803 4818 2895 4868 καὶ
2942 4816 3139 4885 μᾶλλον
3167 4812 3386 4884 ἔχεσθαι
3411 4811 3522 4866 τῶν
3557 4812 3944 4884 μαθημάτων,

2351 4908 2455 4970 ὃτι,
2487 4909 2733 4977 κρεῖττον
2757 4903 2912 4958 τοῦτο
2938 4905 3177 4976 μηνύων,
3207 4903 3268 4956 ού
3292 4902 3391 4974 τὴν
3412 4902 3507 4957 τοῦ
3537 4902 3802 4957 δύνασθαι
3837 4905 3941 4958 τοῦ

2353 4999 2542 5062 παιδὸς
2585 4997 2832 5060 ἐξουσίαν
2876 4997 3118 5067 ἀφαιρεῖ,
3167 4995 3269 5048 κᾶν
3327 4995 3402 5068 μὴ
3439 4995 3580 5050 ἐκὼν
3635 4995 3942 5066 μανθάνειν

2354 5088 2638 5159 βούληται·
2672 5085 2812 5140 οὕτω
2858 5103 2947 5156 μοι
2974 5085 3069 5138 καὶ
3106 5083 3195 5137 τὸν
3232 5083 3364 5138 Θεὸν
3397 5086 3460 5138 ού
3503 5085 3669 5148 δοκεῖ,
3698 5085 3942 5157 προτρέ-

2352 5195 2524 5232 ποντα
2557 5175 2648 5230 τὸν
2686 5175 2970 5246 ἄνθρωπον
3013 5174 3296 5230 πείθεσθαι
3331 5179 3445 5240 τοῖς
3486 5175 3938 5246 προστάγμασιν,

2352 5271 2604 5341 ἀφαιρεῖν
2651 5266 2813 5321 αὑτὸν
2855 5267 2954 5338 τὴν
2991 5265 3237 5333 ἐξουσίαν
3273 5268 3372 5339 τῆς
3414 5266 3786 5339 προαιρέσεως
3836 5266 3937 5320 τοῦ

2426 5447 2540 5520 (ιο)
2585 5445 2714 5520 Τοῦ.
2749 5445 3028 5520 Αιηαῠτοῡ

2427 5516 2511 5579 (Η
2586 5516 3055 5586 Ἀςοαιρούμενος.
3096 5517 3275 5572 Scrib.
3312 5520 3740 5592 ἁφαιρουμᾶννς.

2427 5517 2540 5657 (λεί
2587 5588 2815 5640 Τούτων
2847 5588 2956 5657 γᾴρ
2983 5587 3099 5642 ait.
3132 5587 3312 5643 Locus
3341 5589 3545 5645 citatur
3571 5607 3602 5646 a
3642 5561 3735 5645 έν.

2427 5587 2540 5657 (ΔΞ)
2587 5588 2815 5640 Τούτων
2847 5588 2956 5657 γᾴρ
2983 5587 3099 5642 ait.
3132 5587 3312 5643 Locus
3341 5587 3602 5646 citatur'a
3642 5587 3735 5645 Fr.
3773 5587 3926 5647 Tur-

2356 5655 2638 5714 ria'no'lib.
2670 5673 2724 5711 iv
2747 5655 3044 5728 pro'Epiu.
3079 5657 3260 5727 Pont.,
3283 5672 3403 5729 cap.
3427 5657 3482 5714 2.
