4028 6318
603 304 710 361 367

1582 305 1640 362 S.
1675 305 2012 364 METHODH
2051 307 2359 366 EPISCOPI
2398 309 2485 365 ET
2519 309 2877 367 MARTYRIS

3760 316 3869 374 268

605 426 816 493 primis,
875 421 968 478 Dei
1028 428 1281 477 mandata
1336 424 1632 495 negligere,
1685 440 1749 482 ac
1800 425 2026 494 justitiat
2065 442 2162 497 qua

2286 446 2441 498 γεται
2503 430 2690 484 κακόν.
2743 429 3027 501 Baptizati)
3079 429 3136 482 δὲ
3188 430 3358 503 βλάϐη
3409 433 3470 486 τὸ
3520 433 3866 505 παρακοῦσαι

605 515 862 585 adjuncta
891 514 1130 568 libertati
1159 523 1263 580 est,
1287 514 1488 570 limites
1508 516 1806 585 preter-ire.

675 689 735 744 ll.
768 689 900 744 lllud
923 705 1051 746 vero
1076 691 1189 760 jam
1225 699 1380 746 antea
1412 690 1750 761 disputatum
1777 701 1882 757 est,
1904 703 2180 752 monstra-

600 789 846 856 tumque,
899 784 1147 853 pelliceaa
1183 785 1388 838 tunicas
1419 786 1460 850 ⁷,
1492 783 1640 840 aliud
1671 802 1794 841 esse
1823 796 2020 857 praeter
2053 804 2178 844 cor-

598 891 751 945 pora.
812 873 919 931 Sed
983 877 1338 932 nihilominus
1400 878 1544 931 idem
1595 894 1815 934 rursum
1865 880 2174 950 (dicendum

597 971 738 1023 enim
769 970 970 1039 saepius
999 969 1102 1040 est)
1130 970 1232 1024 hoc
1253 970 1373 1026 loco
1403 978 1730 1040 repetamus.
1765 970 1981 1028 Primus
2013 974 2177 1044 igitur

596 1062 713 1128 ipse
763 1077 985 1132 parens,
1047 1069 1337 1132 antequam
1386 1078 1464 1117 eae
1512 1065 1709 1117 tunicae
1756 1077 2172 1132 consuerentur,

593 1166 720 1206 ossa
743 1167 801 1207 se
825 1161 879 1208 et
903 1167 1122 1207 carnem
1150 1153 1350 1208 habere
1380 1154 1704 1220 conﬁtetur;
1729 1171 1854 1209 cum
1891 1158 2172 1220 nimirum,

591 1242 913 1312 perductam
967 1243 1035 1296 ad
1090 1258 1211 1299 sese
1253 1236 1534 1299 mulierem
1599 1247 2020 1314 contemplatus,
2057 1247 2174 1302 Hoc

591 1350 730 1387 nunc
762 1352 843 1398 os,
873 1335 1072 1404 inquit,
1108 1350 1172 1388 ea:
1195 1336 1400 1390 ossibus
1427 1338 1578 1397 meis,
1630 1347 1679 1390 et
1729 1353 1854 1389 caro
1905 1340 1970 1391 de
2018 1357 2174 1394 carne

591 1439 726 1477 mea.
763 1423 827 1478 Et
881 1440 1102 1479 rursum
1137 1445 1148 1479 :
1184 1425 1312 1479 ch
1358 1427 1630 1479 vocabitur
1667 1428 1876 1492 mulier,
1922 1432 2171 1498 quoniam

591 1513 655 1568 de
682 1516 790 1569 viro
819 1525 1028 1584 sumpta
1073 1527 1171 1572 est.
1203 1517 1430 1586 Propter
1461 1518 1557 1572 hoc
1589 1518 1842 1587 relinquet
1881 1519 2032 1572 homo
2061 1536 2173 1588 pa—

590 1615 720 1660 trem
772 1624 924 1660 ruum
969 1619 1018 1662 et
1061 1618 1303 1672 matrem,
1336 1619 1384 1662 et
1419 1607 1707 1662 adhaerebit
1744 1612 1900 1663 uxori
1927 1628 2038 1664 sua:
2071 1628 2089 1664 :
2120 1624 2170 1666 et

589 1709 737 1752 erunt
769 1700 872 1753 duo
909 1703 963 1754 in
997 1717 1207 1755 carnem
1227 1717 1389 1754 unam
1416 1701 1458 1752 ⁸.
1493 1699 1676 1770 Neque
1698 1703 1840 1756 enim
1862 1713 2042 1758 certos
2073 1704 2171 1758 ho-

2286 521 2442 586 Θεοῦ,
2471 525 2596 586 τοὺς
2618 524 2776 595 ὅρους
2796 523 2894 592 τῆς
2926 523 3066 592 κατᾲ
3091 523 3150 576 τὸ
3177 523 3520 592 αὐτεξούσιον
3550 527 3865 598 ὑπερϐάντα

2284 611 2655 684 δικαιοσύνης.
3323 609 3325 613 ’

2357 703 2432 756 B'.
2472 704 2855 776 Ilpo'qrté‘p'qrat
2887 705 2996 776 (49)
3014 705 3072 758 δὲ
3104 706 3230 777 ἤδη,
3254 707 3350 760 καὶ
3376 705 3687 778 ἀπεδείχθη,
3718 707 3864 774 τοὺς

2284 792 2675 862 δερματίνους
2699 795 2953 863 χιτῶνας
2989 796 3065 868 μὴ
3098 793 3235 851 εἶναι
3272 797 3343 851 τὰ
3380 796 3628 868 σώματα.
3670 801 3862 869 Ὅμως

2282 884 2339 937 δὲ
2367 885 2475 954 ,καὶ
2529 885 2690 939 πάλιν
2745 885 2834 957 (οὺ
2887 887 2998 959 γὰρ
3058 888 3204 956 ἅπαξ
3253 889 3480 960 ῥητέον)
3540 889 3858 962 φράσωμεν.

2281 977 2454 1040 Αὐτὸς
2498 978 2604 1048 πρὸ
2638 978 2734 1049 τῆς
2769 980 3112 1050 κατασκευῆς
3159 980 3336 1034 αὐτῶν
3364 984 3393 1034 6
3438 981 3863 1053 πρωτόπλαστος

2281 1067 2530 1136 ὁμολογεῖ
2572 1070 2667 1122 καὶ
2700 1071 2834 1123 ὀστᾶ
2861 1071 3003 1141 ἔχειν
3050 1072 3144 1125 καὶ
3189 1072 3418 1144 σάρκας,
3471 1073 3630 1126 ὁπότε
3658 1072 3722 1144 δὴ
3757 1073 3862 1145 τὴν

2281 1163 2514 1226 γυναῖκα
2555 1161 2702 1232 αὐτῷ
2729 1167 3129 1234 προσαχθεῖσαν
3153 1164 3507 1234 θεασάμενος,
3542 1163 3721 1219 Τοῦτο
3741 1163 3861 1219 νῦν

2281 1250 2523 1318 ὀστοῦν,
2564 1252 2863 1325 ἐφώνησεν,
2909 1255 2976 1308 ἐκ
3002 1254 3120 1308 τῶν
3156 1253 3354 1308 ὀστῶν
3379 1272 3520 1322 μου,
3572 1255 3670 1307 καὶ
3698 1255 3859 1322 σὰρξ

2277 1347 2345 1395 ἐκ
2384 1343 2492 1411 τῆς
2529 1346 2755 1412 σαρκός
2797 1363 2948 1414 μου·
2986 1347 3082 1398 καὶ
3125 1345 3316 1398 πάλιν·
3357 1345 3517 1412 Αὕτη
3550 1346 3856 1414 κληθήσε-

2277 1450 2372 1487 ται
2395 1435 2571 1504 γυνὴ,
2603 1436 2690 1489 ὅτι
2713 1437 2782 1489 ἐκ
2805 1437 2909 1490 τοῦ
2939 1437 3161 1506 ἀνδρὸς
3185 1437 3374 1506 αὐτῆς
3395 1437 3646 1508 ἐλήφθη.
3682 1442 3858 1496 Ἕνε-

2277 1543 2384 1579 κεν
2433 1529 2646 1582 τούτου
2700 1531 3052 1598 καταλείψει
3101 1529 3409 1597 ἄνθρωπος
3467 1531 3571 1584 τὸν
3625 1532 3858 1602 πατέρα

2274 1618 2483 1682 αὑτοῦ,
2520 1621 2619 1673 καὶ
2668 1620 2781 1689 τὴν
2816 1621 3073 1690 μητέρα,
3111 1621 3209 1674 καί
3249 1623 3856 1693 προσκολληθήσεται

2275 1709 2350 1778 τῇ
2390 1713 2625 1781 γυναικὶ
2672 1714 2856 1768 αὐτοῦ
2893 1713 3032 1785 (50)·
3090 1713 3189 1766 καὶ
3227 1714 3469 1767 ἔσονται
3514 1718 3567 1767 οι
3615 1715 3724 1769 δύο
3763 1720 3857 1784 είς

589 1792 760 1846 mines
808 1792 951 1847 ferre
1006 1807 1266 1862 possum,
1323 1792 1416 1860 qui
1467 1793 1719 1847 consulto
1773 1802 2048 1863 nugantur
2107 1809 2162 1849 ac

2273 1801 2471 1870 σάρκα
2492 1807 2659 1873 μίαν.
2690 1806 2762 1858 Οὐ
2797 1805 2905 1876 γὰρ
2933 1806 2996 1876 δὴ
3027 1806 3286 1876 ἀνέξομαι
3321 1805 3737 1876 φληναφούντων
3769 1826 3858 1861 τι-

588 1880 902 1952 Scripturas
952 1883 1427 1952 impudentissime
1474 1885 1823 1955 detorquent,
1849 1902 1957 1956 quo
2007 1903 2168 1941 suum

588 1975 694 2030 illis
717 1975 784 2029 de
827 1977 1229 2032 resurrectione
1272 1977 1391 2032 sine
1435 1993 1602 2034 carne
1634 1979 1832 2049 dogma
1859 1980 2121 2049 procedat
2151 1998 2164 2034 :

587 2067 679 2123 aui
723 2066 863 2131 ideo,
900 2075 953 2121 et
1006 2083 1132 2122 ossa
1184 2070 1430 2138 quaedam
1463 2071 1844 2140 intelligibilja,
1875 2077 1931 2124 et
1972 2087 2168 2127 carnes

586 2155 833 2210 similiter
866 2157 1232 2227 intelligibiles
1283 2159 1579 2214 commenti
1613 2168 1762 2223 sunt,
1799 2174 1863 2212 ac
1893 2159 2009 2213 suis
2031 2160 2154 2214 alle-

584 2248 747 2317 goriis
783 2248 918 2303 alias
960 2249 1116 2303 aliter
1169 2266 1386 2305 sursum
1441 2252 1807 2320 deorsumque
1855 2267 1979 2307 sese
2034 2266 2167 2307 con-

584 2346 820 2398 vertunt.
861 2342 1026 2411 Atqui
1061 2342 1174 2396 hanc
1214 2343 1441 2410 perinde
1487 2357 1552 2396 ac
1611 2343 1815 2412 scripta
1866 2353 2026 2408 sunt,
2072 2359 2166 2398 ac-

582 2432 828 2502 cipienda
881 2448 1038 2498 esse,
1093 2433 1299 2488 Christi
1349 2433 1637 2488 conﬁrmat
1682 2435 2019 2502 auctoritas;
2069 2436 2162 2489 ubi

582 2525 1044 2594 tnterrogantibus
1087 2523 1380 2579 Pharisaeis
1432 2525 1499 2578 de
1531 2527 1718 2578 uxoris
1764 2524 2019 2591 divortio,
2076 2542 2163 2582 re-

582 2616 866 2687 spondet:
927 2615 1051 2671 Non
1109 2618 1326 2687 legistis,
1389 2618 1514 2688 quia
1572 2619 1661 2687 qui
1721 2617 1845 2685 fecit
1902 2621 2162 2672 hominem

582 2710 644 2763 ab
697 2710 867 2774 initio,
916 2710 1212 2763 masculum
1249 2721 1302 2764 et
1333 2711 1584 2780 feminam
1628 2709 1747 2778 fecit
1797 2725 1883 2763 eos
1908 2712 1935 2766 ἲ
1975 2713 2044 2764 Et
2078 2711 2163 2762 di-

581 2802 658 2854 xit
687 2817 705 2854 :
744 2801 968 2870 Propter
1015 2804 1110 2856 hoc
1160 2803 1413 2873 relinquet
1473 2802 1627 2856 homo
1679 2812 1884 2871 patrem
1942 2811 1992 2854 et
2047 2817 2162 2854 ma-

579 2902 709 2947 trem
732 2896 775 2959 ⁹,
807 2905 913 2950 etc.

644 2985 733 3043 ιιι.
769 2988 876 3042 Sed
907 2995 960 3041 et
997 2987 1130 3042 illud
1165 2989 1450 3058 perspicue
1503 2987 1798 3042 absurdum
1855 2995 1976 3050 est,
2011 2986 2160 3040 arbi-

582 3079 708 3130 trari
732 3093 934 3146 corpus
968 3079 1024 3131 in
1052 3087 1254 3131 aeterna
1288 3079 1378 3130 illa
1409 3078 1519 3130 vita
1565 3080 1786 3132 minime
1817 3093 1944 3132 cum
1974 3079 2156 3130 anima

582 3169 843 3235 futurum,
873 3168 1018 3238 quod
1067 3168 1199 3220 illud
1239 3176 1499 3236 tanquam
1533 3170 1811 3222 vinculum
1846 3183 1911 3221 ac
1965 3168 2154 3236 pedica

581 3261 677 3325 sit;
713 3267 771 3312 ut
801 3259 1065 3327 ne,juxta
1098 3259 1243 3328 quod
1277 3259 1592 3327 opinantur,
1633 3258 1982 3327 sempiternis
2027 3257 2152 3312 vin-

581 3351 714 3405 culis
748 3351 1113 3420 corruptionis
1140 3349 1341 3404 addicti
1365 3351 1666 3414 videamur,
1691 3350 1783 3419 qui
1819 3349 1876 3402 in
1897 3349 2038 3404 lucis
2061 3349 2153 3405 illo

581 3459 739 3513 regno
769 3444 943 3498 simus
968 3441 1286 3496 habilaturi.
1310 3441 1447 3496 Cum
1477 3443 1621 3497 enim
1647 3440 1861 3495 abunde
1885 3440 2153 3496 dissoluta

581 3548 636 3587 ac
663 3532 896 3588 refutata
949 3534 1019 3589 sit
1065 3533 1156 3586 illa
1189 3535 1477 3599 sententia,
1514 3549 1621 3605 qua
1650 3533 1846 3587 animae
1874 3532 2153 3587 vinculum

579 3642 794 3681 carnem
825 3641 945 3681 esse
974 3624 1332 3691 deﬁniebant;
1364 3627 1529 3679 etiam
1577 3626 1712 3679 illud
1754 3626 1992 3680 solutum
2032 3632 2147 3689 est,

578 3733 686 3774 tore
717 3727 775 3772 ut
809 3719 930 3773 ideo
965 3733 1095 3772 caro
1125 3733 1234 3771 non
1257 3727 1530 3789 resurgat,
1563 3735 1632 3773 ne
1666 3720 1712 3774 si
1767 3735 1888 3773 eam
1938 3734 2150 3773 resum-

577 3810 864 3879 pserimus,
894 3808 1061 3863 vincti
1093 3817 1315 3878 propter
1340 3823 1462 3862 eam
1492 3809 1545 3862 in
1575 3825 1742 3878 regno
1774 3810 1866 3864 illo
1897 3810 2037 3864 lucis
2062 3809 2146 3863 fu-

577 3900 678 3954 .uri
707 3900 902 3954 simus.

635 3988 724 4044 1V.
767 3991 937 4063 Igitur
967 4007 1037 4045 ne
1067 3991 1375 4046 immortale
1421 3992 1695 4062 quoddam
1745 4007 1810 4046 ac
1860 3993 2150 4063 sempiter-

574 4097 696 4136 Jum
725 4083 930 4136 malum
966 4092 1110 4137 esset
1139 4083 1321 4149 homo,
1371 4090 1431 4136 ut
1470 4083 1583 4152 jam
1638 4083 1876 4137 diximus
1902 4124 1915 4148 ,
1949 4085 2002 4137 in
2039 4099 2149 4153 quo

573 4182 850 4240 peccatum
907 4174 1210 4243 potioribus
1259 4183 1519 4237 auctum,
1574 4174 1875 4228 dominium
1935 4174 2150 4228 obtine-

574 4274 648 4319 ret
679 4265 826 4337 (48);
854 4267 1000 4320 velut
1022 4264 1166 4336 qu'od
1197 4267 1492 4321 immortali
1525 4267 1578 4320 in
1607 4283 1838 4337 corpore
1882 4267 2150 4337 pullulas-

2273 1898 2398 1960 νῶν,
2424 1900 2517 1952 καὶ
2547 1898 2879 1970 βιαζομένων
2912 1899 3445 1971 ἀπηρυθριασμένως
3476 1900 3573 1970 τὴν
3602 1901 3853 1972 Γραφὴν,

2270 1989 2358 2043 ἶνα
2401 1991 2584 2053 αὐτοῖς
2621 1989 2742 2061 δίχα
2770 1991 2967 2062 σαρκὸς
2993 1989 3128 2044 εἶναι
3158 1993 3492 2063 προχωρήσῃ
3519 1991 3630 2062 (51)
3657 1995 3690 2063 ἡ
3719 1994 3859 2048 ἀνά-

2272 2096 2479 2142 στασις,
2504 2080 2636 2132 ὀστᾶ
2657 2079 2844 2149 νοητὰ,
2869 2081 2961 2133 κα)⁵
2987 2082 3190 2150 σάρκας
3208 2082 3402 2152 νοητὰς
3423 2081 3852 2152 ὑποτιθεμένων,

2269 2170 2362 2222 καὶ
2417 2170 2606 2224 ἄλλοτε
2653 2171 2827 2235 ἄλλως
2874 2170 2987 2224 ἄνω
3031 2172 3126 2224 καὶ
3167 2171 3318 2224 κάτω
3362 2171 3855 2242 μεταϐαλλομένων

2268 2260 2637 2332 ἀλληγορίαις.
2672 2263 2781 2314 Καὶ
2802 2261 2971 2315 ταῦτα
2999 2260 3190 2325 οὕτως,
3215 2263 3291 2324 ὡς
3312 2260 3638 2332 γέγραπται,
3673 2279 3858 2334 παρα-

2265 2353 2655 2424 λαμϐάνεσθαι,
2684 2354 3040 2424 κρατύνοντος
3080 2353 3172 2406 τοῦ
3203 2353 3438 2424 Χριστοῦ
3476 2354 3572 2424 τὴν
3599 2354 3853 2426 Γραφὴν,

2265 2447 2391 2500 ἔνθα
2446 2446 2867 2518 πυνθανομένοις
2904 2450 3018 2510 τοῖς
3054 2449 3370 2518 Φαρισαίοις
3401 2447 3527 2517 περὶ
3559 2446 3854 2518 χωρισμοῦ

2263 2539 2519 2606 γυναικὸς
2553 2539 2937 2610 ἀποκρίνεται·
2981 2542 3101 2593 Οὐκ
3140 2539 3459 2609 ἀνέγνωτε,
3494 2538 3581 2591 ὅτι
3606 2539 3707 2592 ἀπ’
3737 2538 3854 2607 ἀρ-

2264 2629 2381 2696 χίᾐς
2404 2631 2435 2681 ό
2464 2629 2678 2693 κτίσας
2715 2628 2904 2695 ἄρσεν
2934 2630 3033 2683 καὶ
3064 2630 3220 2696 θῆλυ
3269 2629 3556 2695 ἐποίησεν
3583 2629 3811 2696 αὐτούς
3829 2644 3855 2694 ;

2264 2719 2375 2771 Καὶ
2416 2719 2586 2771 εἶπεν
2608 2735 2622 2749 ·
2669 2720 2911 2772 Ἕνεκεν
2955 2722 3168 2773 τούτου
3219 2723 3569 2788 καταλείψει
3619 2719 3854 2789 ἀνθρω-

2264 2827 2376 2876 πος
2402 2810 2508 2864 τὸν
2533 2808 2776 2878 πατέρα,
2802 2811 2897 2864 καὶ⁸
2923 2811 2992 2865 τὰ
3019 2810 3164 2881 ἑξῆς.

2334 2989 2408 3040 Γ¹.
2453 2988 2684 3039 Ἀτοπον
2717 2985 2826 3055 (52)
2856 2985 2912 3038 δὲ
2941 2986 3163 3040 κάκεῖνο
3193 2989 3507 3058 προφανῶς,
3539 2989 3598 3041 τὸ
3630 2989 3851 3048 οἴεσθαι

2260 3078 2320 3131 τὸ
2344 3077 2502 3147 σῶμα
2529 3079 2586 3131 ὲν
2607 3080 2672 3148 τῇ
2701 3077 2776 3139 είς
2795 3076 2994 3139 αἰῶνας
3014 3076 3255 3148 διαγωγῇ
3282 3077 3356 3149 μὴ
3382 3078 3698 3133 συνέσεσθαι
3724 3083 3850 3152 (55)

2184 3132 2227 3190 C
2256 3174 2322 3240 τῇ
2370 3132 2536 3239 ψυχῇ,
2582 3132 2672 3222 διέί
2696 3132 2774 3220 τὸ-
2800 3132 2996 3237 δεσμὸν
3033 3132 3165 3220 αὐτὸ
3199 3132 3309 3221 Qui
3345 3132 3514 3232 ἶπέδας
3541 3132 3851 3227 εἶναιοὶὶῖνα

2261 3259 2335 3330 μὴ
2363 3259 2569 3312 αἰώνιοι
2595 3256 2883 3327 γενώμεθα
2917 3259 3236 3329 κατάκριτοι
3264 3260 3558 3331 δεσμῶται,
3593 3264 3714 3316 κατ’
3745 3267 3856 3318 αὐ-

2255 3351 2401 3415 τοὺς,
2435 3350 2640 3421 φθορᾶς
2667 3349 2782 3419 (54)
2808 3351 2864 3403 ὲν
2885 3353 2950 3421 τῇ
2983 3349 3228 3422 βασιλεία
3249 3352 3342 3405 τοῦ
3369 3355 3544 3422 φωτὸς
3562 3356 3848 3426 ἐσόμενοι.

2254 3443 2393 3496 Λελυ
2402 3442 2562 3513 μένου
2597 3442 2704 3513 γὰρ
2744 3442 2960 3505 ἱκανῶς,
2988 3444 3080 3494 καί
3103 3442 3508 3514 ἐξελεγχθέντος
3530 3448 3622 3500 τοῦ
3648 3447 3847 3517 λόγου,

2255 3535 2313 3585 ὲν
2351 3528 2396 3602 ᾧ
2433 3534 2629 3604 δεσμὸν
2658 3533 2756 3604 τῆς
2793 3531 2970 3603 ψυχῆς
3022 3532 3280 3604 ὡρίζοντο
3316 3532 3455 3589 εἶναι
3488 3538 3584 3609 τὴν
3629 3538 3847 3607 σάρκα,

2255 3625 2471 3679 λέλυται
2507 3626 2599 3679 καὶ
2627 3625 2706 3689 τὸ,
2745 3625 2829 3678 ἵνα
2860 3626 2935 3697 μὴ
2969 3626 3245 3698 δεσμῶται
3275 3629 3332 3679 ἐν
3363 3631 3428 3698 τῇ
3463 3628 3707 3698 βασιλείᾳ
3739 3630 3846 3683 τοῦ

2257 3719 2452 3787 φωτὸς,
2478 3720 2525 3770 εἰ
2547 3718 2909 3789 ἀπολάϐωμεν
2937 3719 3050 3790 (55)
3075 3718 3263 3790 αὐτὴν,
3286 3718 3541 3789 ἐσόμεθα,
3563 3719 3649 3772 διὰ
3676 3719 3850 3775 τοῦτο

2254 3811 2354 3863 οὐκ
2379 3810 2766 3880 ἀναστήσεται.

2323 3992 2393 4042 A'.
2421 3992 2538 4044 ’Ὶνα
2562 3990 2739 4042 τοίνυν
2758 3989 2869 4060 (56)
2902 3988 2976 4060 μὴ
3079 3987 3246 4042 κακὸν
3279 3987 3540 4042 ἀθάνατον
3560 3989 3589 4040 6
3616 3986 3845 4060 ἄνθρω-

2252 4097 2351 4143 πος
2378 4121 2393 4144 ,
2459 4080 2492 4150 ἢ
2555 4080 2780 4142 ἀείζωον
2806 4120 2820 4144 ,
2872 4080 3011 4150 ἔχων
3061 4083 3118 4133 ὲν
3166 4079 3344 4150 ἑαυτῷ
3398 4080 3494 4152 τὴν
3553 4083 3844 4154 ἁμαρτίαν

2252 4170 2728 4241 κρατιστεύουσαν,
2764 4170 2861 4224 ἆτε
2906 4172 2961 4223 ὲν
3003 4170 3254 4242 ἀθανάτῳ
3299 4171 3677 4242 βλαστήσασαν
3715 4171 3840 4226 σώ-

2253 4280 2405 4332 ματι,
2446 4262 2540 4315 καὶ
2578 4263 2842 4317 ἀθάνατον
2878 4263 3103 4334 ἔχουσαν
3135 4266 3359 4336 τροφὴν,
3404 4267 3435 4317 6
3475 4264 3606 4326 Θεὸς
3659 4265 3840 4319 αὑτὸν

574 4365 664 4420 set,
695 4364 747 4412 et
779 4357 1072 4412 immortali
1101 4358 1327 4428 perinde
1371 4359 1627 4413 alimento
1681 4360 1934 4429 glisceret
1966 4379 1977 4413 :
2012 4374 2143 4428 pro-

2273 4356 2334 4408 ῐιὰ
2373 4354 2529 4408 τοῦτο
2569 4355 2757 4426 θνητὸν
2802 4357 3117 4426 ἀπεφήνατο
3163 4356 3446 4427 νεκρότητι
3497 4353 3835 4425 περιϐαλών.

571 4455 746 4516 pterea
775 4448 1060 4502 mortalem
1105 4449 1254 4502 illum
1289 4448 1430 4503 Deus
1453 4463 1576 4502 esse
1615 4450 1825 4513 voluit,
1880 4464 1943 4503 ac
1972 4457 2147 4503 morte

2273 4446 2421 4500 Γοῦτο
2453 4448 2562 4518 γὰρ
2595 4449 2643 4500 oi
2673 4448 2986 4519 δερμάτινοι
3030 4447 3253 4518 χιτῶνες
3289 4447 3599 4508 ἐϐούλοντο,
3640 4446 3725 4498 ἶνα
3762 4448 3837 4520 δὴ

572 4539 857 4594 lamnavit.
895 4539 1010 4594 Hoc
1032 4541 1176 4595 enim
1209 4547 1437 4595 scortea:
1489 4541 1593 4594 illae
1639 4545 1834 4597 tunicae
1864 4543 2141 4612 signiﬁca—

2273 4539 2338 4593 ίιὰ
2369 4541 2467 4611 τῆς
2497 4540 2804 4604 ἀναλύσεως
2827 4540 2938 4612 (57)
2971 4539 3063 4594 τοῦ
3100 4539 3352 4610 σώματος
3449 4539 3692 4609 ἁμαρτία
3719 4541 3836 4594 κά-

571 4639 713 4694 oant,
750 4638 810 4685 ut
841 4631 1100 4686 nimirum
1150 4646 1379 4702 corpore
1408 4633 1674 4695 resoluto,
1705 4649 1866 4688 omne
1915 4649 1982 4688 ex
2029 4634 2139 4687 imo

2273 4631 2419 4685 τωθεν
2465 4632 2841 4704 αὑτόπρεμνος
2883 4633 3030 4685 πᾶσα
3076 4630 3384 4700 διαφθαρῇ,
3419 4628 3492 4691 ὡς
3539 4628 3670 4697 μηδὲ
3718 4631 3838 4686 κᾶν

637 4773 664 4825 ’⁷⁸
687 4797 814 4851 Gen.
846 4813 929 4861 ιιι,
960 4795 1048 4848 21.
1127 4797 1148 4826 ⁸
1173 4793 1301 4849 Gen.
1340 4810 1400 4859 ll,
1433 4793 1522 4856 25,
1547 4791 1635 4845 24.
1718 4794 1737 4823 ⁹
1764 4791 1958 4845 Matth.
1996 4808 2110 4854 xu,
2135 4789 2189 4856 4,
2226 4789 2278 4843 5.

636 4952 745 5022 (48)
781 4951 1084 5010 Potioribus
1128 4960 1362 5022 auctum,
1406 4949 1696 5022 dominium
1731 4945 2135 5022 obtine_ret._.Sic
2241 4943 2625 5022 COtll_t_i_.>Rtlpifl.
2665 4949 2717 4996 et
2751 4941 2915 5022 ξὶῐτιιτ

570 5015 741 5077 visum
768 5031 852 5077 est
875 5021 1234 5092 circumloqui
1257 5020 1337 5092 τὸ,
1364 5017 1840 5092 κρατιστεύουσαν·
1868 5015 2139 5092 signiﬁcat

568 5095 710 5147 enim
744 5108 937 5144 novam
978 5093 1122 5144 illam
1162 5087 1537 5145 excellentiam
1566 5089 1774 5151 peccati
1807 5087 1860 5138 in
1897 5088 2136 5151 homine,

568 5179 629 5218 ex
665 5163 893 5230 subjecti
938 5162 1370 5225 immortalitate,
1419 5160 1524 5212 nisi
1556 5159 1698 5210 Deus
1735 5159 1911 5225 ipsum
1948 5173 1978 5210 a
2008 5170 2138 5225 pec-

567 5241 709 5296 cato,
741 5241 914 5284 morte
943 5233 1274 5283 damnasset.

637 5301 747 5370 (49)
791 5305 1014 5367 Ιιροηπ.
1055 5301 1246 5370 Ιέρὶρὶι.
1278 5301 1408 5353 ῘΙΞΙΞΓ.
1437 5314 1494 5351 n.
1540 5297 1609 5349 25
1633 5337 1644 5359 ,
1681 5297 1895 5352 cmend.
1930 5312 1993 5350 ex
2037 5310 2134 5348 au-

566 5369 708 5439 togr.
743 5371 805 5423 Β.
845 5373 900 5422 Ι).
942 5369 1103 5422 Sirm.

636 5437 746 5510 (50)
791 5440 866 5507 Τῇ
907 5439 1141 5508 γυναικὶ
1187 5439 1390 5494 αὑτοῦ.
1436 5441 1545 5503 AL,
1582 5439 1715 5508 πρὸς
1764 5437 1862 5506 τῆν
1903 5439 2135 5504 γυναῖκα

565 5529 747 5562 αυτου.

639 5582 749 5650 (Si)
771 5581 911 5647 Λίχα
936 5579 1159 5647 σαρκὸς
1180 5576 1330 5650 εἶναι
1348 5578 1728 5648 προχωρήσῃ.
1751 5575 1894 5630 Edit.
1913 5575 2132 5646 Epiph.,

565 5647 818 5719 malum}
852 5652 1048 5720 σαρκὸς
1068 5651 1150 5720 Δμὴ
1176 5647 1309 5703 εἶναι
1341 5647 1702 5720 προχιῦρησις,

641 5723 748 5790 (se,
794 5716 987 5779 Ἅτςζτ,
1037 5716 1113 5774 Ex
1141 5716 1342 5791 lipiph.
1381 5716 1539 5786 ibi—(1.,
1585 5716 1637 5772 υ.
1673 5719 1761 5785 43,
1807 5716 2020 5774 crzzcnd-
2068 5731 2131 5771 οι

2317 5015 2428 5082 (55)
2467 5007 2883 5067 Σὺνέσεσθαι..
2911 5010 3000 5064 Sic
3033 5011 3188 5082 edit,
3211 5011 3280 5063 At
3322 5008 3504 5078 Rupil'.
3541 5016 3594 5064 et
3625 5007 3828 5075 Sirm.,

2250 5081 2614 5142 συνενοῦσοαι.
2651 5085 2840 5134 anima:
2870 5098 2973 5135 non
2999 5081 3303 5134 uniendum.

2319 5155 2429 5222 (54)
2463 5155 2598 5208 Κατ’
2622 5152 2863 5215 αὐτοὺς,
2901 5152 3141 5219 φθορᾶς.
3181 5153 3342 5222 impr.
3373 5151 3510 5202 κατὰ
3531 5149 3657 5211 τοὺς
3688 5149 3831 5216 φθο..

2251 5224 2394 5292 ρέας,
2416 5221 2898 5292 (λλονῐ-ιιριεδὶιηηη
2927 5223 3022 5274 καὶ
3055 5221 3259 5273 ταυτοί.

2456 5299 2523 5347 Et
2556 5289 2962 5358 ἀπολάϐωμεν.
2990 5293 3151 5360 impr.
3181 5299 3233 5344 et
3266 5289 3452 5354 Sirm.,
3485 5291 3550 5360 ἦν
3577 5289 3832 5358 ἀπολαμ.

2242 5364 2488 5417 ϐάνοτιεν.

2317 5417 2427 5506 (iiii)
2467 5438 2591 5506 Ἵνα
2620 5432 2766 5506 τοίγ’.
2806 5431 2882 5484 Ex
2917 5430 3108 5499 Epiph.
3146 5431 3179 5481 Ι.
3220 5446 3268 5482 c.
3303 5446 3453 5483 num.
3479 5430 3568 5494 9-4,
3595 5429 3818 5484 emend.

2244 5521 2306 5561 ex
2328 5503 2461 5558 cod.
2495 5505 2705 5571 Rupif.,
2743 5503 2794 5553 in
2819 5516 2928 5568 quo
2954 5511 3006 5554 et
3035 5517 3153 5568 quae
3184 5509 3504 5571 sequuntur:

2315 5578 2422 5645 (ῧῗ)
2459 5567 2957 5645 Τῆς-ςὶιτιλύσεως
3003 5567 3106 5626 τοῦ
3149 5567 3438 5641 σώματος.
3487 5569 3672 5636 lmpr.,
3718 5567 3824 5637 τῆς

2241 5643 2442 5709 λύσεως
2478 5647 2568 5699 καὶ
2600 5643 2926 5712 διαιρέσεως.
