4028 6318
86 446 157 502 ξω

82 566 340 641 βραχύτατον
363 563 515 637 ῥίζης
537 564 775 635 ὲαθῆναι
803 562 985 635 μέρος,
1013 561 1107 631 ἀφ’
1128 555 1189 616 οὗ
1210 560 1331 617 νέαι
1355 558 1581 630 βλάσται
1608 565 1656 620 Α

82 661 196 715 πάλιν
217 658 604 731 ἁμαρτημάτων
638 654 1067 720 ἀναϐλύζωνται.

123 836 180 889 E’.
209 832 449 903 Καθάπερ
475 831 614 903 (57‘)
642 830 753 902 γὰρ
784 831 842 883 ὲν
873 828 1266 899 οἰκοδομήμασι
1299 826 1444 881 ναῶν
1480 844 1578 880 κα-

77 929 154 989 iai;
181 924 275 995 (58)
300 925 433 994 συκῆ
461 922 807 995 γεννηθεῖσα,
836 922 931 974 καὶ
960 923 1040 983 είς
1074 919 1330 973 ἔκστασιν
1356 920 1452 972 καὶ
1484 918 1580 986 μέ-

76 1016 186 1083 γεθος
219 1018 613 1087 εύτραφὴσασα,
652 1015 748 1068 καὶ
795 1014 887 1066 ἐπὶ
936 1012 1118 1075 πάσας
1174 1010 1273 1075 τάς
1317 1009 1579 1082 ἁρμονίας

75 1108 434 1179 αλούημάτοις
458 1107 639 1177 ῥίζαις
660 1106 770 1160 τῶν
788 1105 948 1158 λίθων
970 1103 1265 1175 κεχυμένη,
1296 1104 1357 1157 οὐ
1383 1103 1580 1176 πρότε-

77 1216 136 1268 ρον
152 1197 227 1252 τοῦ
245 1197 385 1265 φύειν
408 1197 707 1261 στέλλεται,
729 1196 832 1259 ἕως
852 1198 1002 1250 πᾶσα
1022 1194 1371 1266 ἀποσπασθῇ,
1397 1193 1582 1247 λυθέν-

72 1306 144 1340 των
163 1288 252 1341 τῶν
278 1287 392 1340 καθ’
434 1286 530 1351 οὓς
561 1286 861 1356 ὲόλάστησε
893 1286 1092 1350 τόπους
1119 1285 1227 1340 τῶν
1259 1286 1451 1340 λίθωψ
1491 1286 1582 1338 δυ-

74 1380 182 1431 νατὸν
205 1378 299 1447 γὰρ
316 1382 393 1442 εις
417 1379 545 1443 τοὺς
570 1378 779 1441 ἑαυτῶν
807 1378 1208 1451 ὲναρμοσθῆναι
1230 1380 1430 1443 τόπους
1456 1380 1581 1441 τοὺς

73 1470 213 1533 ἶὶθους,
235 1471 323 1539 τῆς
352 1469 524 1539 συκῆς
554 1468 935 1542 ἀφῃρημένης,
960 1472 1110 1532 ὅπως
1132 1472 1161 1523 6
1191 1470 1290 1541 μὲν
1318 1470 1444 1533 ναὸς
1476 1468 1582 1522 σώ-

74 1568 199 1633 ζηται,
216 1563 366 1633 μηδὲν
389 1563 495 1615 τῶν
524 1561 897 1631 ἀφανιζόντων
926 1562 1089 1616 αὐτὸν
1117 1561 1302 1616 κακῶν
1324 1563 1381 1615 ὲν
1406 1560 1583 1631 ἑαυτῷ

73 1658 213 1727 μηκέτι
238 1654 404 1724 φέρων
424 1694 439 1717 ,
460 1656 495 1725 ἡ
530 1654 589 1706 δὲ
614 1654 755 1724 συκῆ
783 1654 1147 1725 προθέλυμνος
1170 1654 1583 1707 ἀποσπασθεῖσα

72 1748 279 1819 ἀποθάνῃ·
313 1748 448 1801 κατά
481 1746 658 1801 ταῦτα
680 1746 779 1800 καὶ
804 1750 833 1800 6
855 1746 986 1808 Θεὸς
1007 1749 1036 1800 6
1063 1746 1309 1818 τεχνίτης
1338 1747 1429 1798 τὸν
1458 1747 1584 1798 ὲαυ-

70 1838 260 1902 raised),
300 1838 387 1893 τὸν
436 1838 749 1909 ἄνθρωπον,
794 1837 950 1909 δίκην
998 1839 1198 1909 ἀγρίας
1246 1838 1438 1908 συκῆς,
1483 1837 1582 1906 τὴν

70 1929 278 1998 ἁμαρτίαν
305 1927 701 1997 βλαστήσαντα,
731 1925 1024 1979 διεκώλυσε
1051 1926 1282 1980 θανάτου
1317 1925 1581 1996 προσκαί-
1615 1919 1655 1972 Β

72 2036 147 2089 ιγιις
170 2018 469 2091 προσϐολαῖς
490 2036 503 2049 ·
531 2018 894 2085 ἀποκτείνων,
920 2018 1058 2071 κατά
1085 2019 1146 2071 τὸ
1173 2017 1578 2089 γεγραμμένον,

73 2113 133 2163 ut
154 2113 427 2175 ζωοποιῶνο
459 2113 551 2166 ῐνα
581 2110 741 2166 πάλιν
778 2111 887 2163 τῶν
917 2110 1097 2163 αὐτῶν
1135 2113 1169 2181 ἡ
1205 2107 1341 2181 σὰρξ
1377 2110 1577 2181 μερῶν,

72 2203 165 2271 μετὰ
188 2204 237 2257 τὸ
261 2203 588 2276 ξηρανθῆναι
616 2204 711 2258 καὶ
738 2202 1028 2258 ἀποθανεῖν
1057 2203 1117 2255 τὸ
1150 2203 1471 2273 ἁμάρτημα,
1503 2200 1582 2253 δί-

70 2308 141 2359 κην
160 2294 710 2364 ἀνακαινοποιηθέντος
740 2291 891 2357 ναοῦ,
923 2291 1193 2353 ἀθάνατος
1219 2292 1316 2344 καὶ
1346 2291 1581 2360 ἀπήμων

70 2384 230 2456 ἐγερθῇ,
273 2385 461 2449 τελέως
508 2388 577 2439 ὲκ
614 2386 828 2457 βάθρων
876 2382 1218 2453 ἀπολομένης
1258 2383 1356 2452 τῆς
1398 2383 1581 2452 ἁμαρ-

69 2478 164 2539 τίας.
192 2477 382 2541 Ζῶντος
413 2478 525 2549 γὰρ
566 2476 649 2530 ἔτι
689 2475 782 2530 τοῦ
816 2475 1086 2545 σώματος,
1122 2472 1229 2547 πρὸ
1266 2472 1361 2526 τοῦ
1391 2472 1583 2544 τεθνή-

68 2569 223 2637 ξααθαι,
257 2570 413 2642 συζῇν
446 2571 667 2642 ἀνάγκη
701 2568 795 2623 καὶ
826 2568 923 2639 τὴν
965 2566 1263 2639 ἁμαρτίαν,
1293 2565 1439 2619 ἔνδον
1484 2566 1583 2629 τάς

68 2661 178 2727 me;
198 2662 347 2731 αὐτῆς
378 2664 437 2715 ὲν
470 2662 611 2732 ἡμῖν
654 2658 1145 2731 ἀποκρύπτουσαν,
1185 2658 1233 2709 εί
1267 2657 1360 2709 καί
1384 2654 1582 2721 ἔξωθεν

66 2754 205 2821 τομαῖς
220 2756 328 2818 ταῖς
352 2753 460 2807 ἀπὸ
482 2753 597 2806 τῶν
620 2749 1013 2826 σωφρονισμῶν
1044 2749 1179 2819 (59),
1208 2747 1303 2801 καὶ
1325 2746 1433 2800 τῶν
1464 2762 1584 2800 νου-

65 2842 270 2913 ﬁeri,er
294 2845 665 2900 ἀνεστέλλετο.
714 2843 865 2897 Ἐπεὶ
896 2839 989 2897 οὖν
1012 2844 1111 2895 οὐκ
1133 2840 1198 2895 ἂν
1226 2838 1364 2912 μετὰ
1384 2838 1446 2892 τὸ
1477 2852 1585 2907 φω-

65 2933 251 3005 τισθῆναι
293 2937 609 2991 συνέϐαινεν
648 2937 874 3000 ἀδικεῖν,
918 2935 1013 2988 ἆτε
1051 2935 1396 2988 παντάπασιν
1449 2933 1581 2985 εἰλι-

64 3027 211 3095 κρινῶς
228 3030 581 3101 ἀφῃρημένης
612 3028 705 3097 ἀφ’
740 3027 896 3099 ἡμῶν
926 3027 1029 3097 τῆς
1060 3025 1352 3097 ἁμαρτίας.
1385 3024 1500 3078 Νῦν
1525 3024 1583 3077 δὲ

60 3121 127 3173 καὶ
155 3121 270 3191 μετὰ
294 3122 351 3175 τὺ
387 3121 715 3187 πιστεῦσαι,
749 3122 846 3173 καὶ
874 3121 966 3172 ἐπὶ
996 3121 1058 3172 τὸ
1098 3119 1243 3191 ὕδωρ
1283 3118 1457 3172 ἐλθεῖν
1489 3116 1583 3171 τοῦ

64 3212 291 3283 ἁγιασμοῦ,
323 3214 589 3278 πολλάκις
610 3216 667 3267 ὲν
693 3211 987 3283 ἁμαρτίαις
1011 3212 1165 3275 ὄντες
1188 3210 1579 3282 εὑρισκόμεθα.

65 3301 200 3364 Oiei:
229 3304 327 3376 γὰρ
352 3305 528 3369 οὕτως
556 3305 835 3376 ἁμαρτίας
868 3303 1025 3365 ὲκτὸς
1053 3299 1193 3357 εἶναι
1223 3304 1579 3374 καυχήσεται,

134 3394 239 3464 μηδὲ
257 3396 352 3451 κᾶν
369 3396 748 3466 ἐνθυμηθῆναι
766 3394 825 3446 τὸ
842 3393 1056 3446 σύνολον
1072 3393 1207 3457 ὅλως
1228 3394 1324 3465 τὴν
1345 3393 1578 3447 ἀδικίαν.

69 3480 181 3535 Ὥπε
210 3485 510 3556 συμϐέϐηκε
543 3485 657 3555 (60)
695 3485 1078 3538 συστέλλεσθαι
1111 3486 1229 3551 μὲν,
1271 3486 1366 3539 καὶ
1389 3501 1583 3537 κατευ-

66 3574 255 3636 vitam:
278 3580 339 3648 τῇ
370 3578 559 3631 πίστει
584 3576 681 3631 νῦν
708 3577 808 3647 τὴν
834 3577 1130 3647 ἁμαρτίαν,
1166 3579 1247 3641 είς
1278 3577 1341 3630 τδ
1376 3578 1450 3648 μὴ
1482 3575 1584 3647 φιλ

69 3677 127 3716 an
152 3664 241 3738 (61)
269 3669 514 3740 καρποὺς
560 3666 935 3737 βλαόοποιοὺς,
971 3668 1031 3720 οὺ
1080 3666 1186 3739 μὴν
1234 3667 1585 3737 ἀνασπασθῆ-

66 3774 125 3809 ut
160 3761 235 3813 καὶ
272 3762 376 3813 τῶν
416 3759 593 3833 ῥιζῶν
652 3760 830 3831 ἄχρις.
876 3758 990 3813 Νῦν
1039 3760 1136 3829 μὲν
1197 3760 1431 3813 ἐνταῦθα
1485 3762 1584 3825 τάς

270 3854 455 3922 αὐτῆς,
505 3848 625 3906 οἷον
666 3852 767 3915 τὰς
812 3850 1139 3922 ἐνθυμήσεις
1194 3852 1292 3916 τὰς
1318 3854 1579 3925 πονηρὰς,

64 3944 373 4015 σαπέὶλομεν,
419 3947 495 4016 μή
543 3961 632 4007 τις
668 3944 793 4014 ῥίζα
820 3943 1045 4015 πικρίας
1080 3944 1191 3999 ἀνω
1250 3945 1457 4015 φύουσα
1497 3948 1583 3999 ὲν-

65 4032 233 4107 σχλήςῃ,
272 4038 342 4107 μὴ
371 4038 579 4097 ἐῶντες
606 4035 892 4106 ἀναμύειν,
914 4037 1008 4088 καὶ
1041 4036 1370 4105 διοίγνυσθαι
1396 4037 1465 4090 τά
1490 4054 1586 4108 με-

67 4127 219 4190 μυκότα
242 4129 429 4198 στόμια
461 4128 612 4198 πρὸς
650 4127 747 4192 τὰς
780 4129 1070 4197 ἐκφύσεις·
1115 4129 1212 4183 τοῦ
1239 4131 1395 4199 λόγου
1430 4131 1585 4200 δίκην

69 4214 199 4288 ἐξίνης
238 4220 364 4285 πρὸς
407 4220 512 4282 τὰς
564 4218 721 4289 ῥίζας
763 4219 935 4289 αὐτῆς
976 4220 1074 4283 τὰς
1111 4223 1261 4275 κάτω
1310 4223 1586 4293 φυομένας

67 4310 306 4375 τέμνοντος.
339 4313 475 4365 Τότε
521 4312 625 4365 καὶ
668 4312 728 4364 τὸ
769 4312 904 4377 ὅλως
949 4312 1423 4385 ἐνθυμηθήσεσθαι
1458 4315 1586 4385 περὶ

68 4400 207 4464 κακίας
229 4404 682 4475 ἀφανισθήσεται.

1072 438 1165 494 EX
1204 434 1413 494 LIBRO
1449 434 1539 491 DE
1576 429 2186 491 RESURRECTIONE.

3152 426 3260 483 270

1684 562 1970 627 peccatum
2003 553 2257 624 stirpitus
2286 557 2607 608 enecaretur
2630 588 2647 613 ,
2699 562 2764 602 ac
2808 562 2879 605 ne
2925 546 3265 603 tenuissima:

1680 645 1904 717 quidem
1934 644 2083 700 ﬁbra:
2122 649 2488 706 remanerent,
2519 639 2664 696 unde
2694 653 2835 695 nova
2873 636 3108 695 subinde
3136 652 3261 708 ger-

1677 738 1829 793 mina
1864 744 2216 806 peccatorum
2258 744 2624 805 erumperent.

1752 827 1819 883 V.
1868 827 1939 882 Ut
1968 828 2114 883 enim
2148 826 2456 898 magniﬁcis
2487 826 2812 897 templorum
2853 826 3145 881 structuris
3171 841 3265 881 ca-

1681 917 1908 987 priﬁcus
1938 932 2215 981 crescens,
2253 927 2418 985 atque
2444 917 2500 971 in
2532 915 2823 970 maximam
2844 914 3262 984 amplitudinem

1684 1009 2026 1076 adolescens,
2061 1016 2117 1064 et
2144 1008 2539 1079 multiplicibus
2588 1008 2833 1062 radicum
2886 1008 3128 1064 brachiis
3165 1024 3261 1079 per

1682 1117 1875 1159 omnes
1899 1102 2141 1172 lapidum
2172 1100 2369 1157 diﬁ‘usa
2394 1116 2706 1172 compages,
2737 1116 2845 1157 non
2878 1102 3032 1171 prius
3076 1116 3265 1157 excre-

1685 1209 1839 1250 scere
1873 1209 1937 1249 ac
1990 1194 2256 1264 pullulare
2315 1193 2535 1257 desinit,
2568 1209 2734 1264 quam
2784 1193 3029 1263 disjectis
3086 1210 3151 1248 ex
3200 1208 3266 1250 eo

1686 1286 1830 1342 unde
1860 1298 2020 1343 enata
2059 1300 2144 1345 est
2200 1287 2320 1342 loco
2364 1287 2656 1357 lapidibus,
2689 1295 2804 1342 tota
2833 1287 3049 1359 penitus
3078 1288 3267 1342 evulsa

1684 1379 1943 1435 concidat
1973 1400 1986 1433 :
2025 1390 2141 1435 tum
2173 1380 2340 1447 enim,
2374 1380 2586 1435 sublata
2604 1382 2884 1451 capriﬁce,
2912 1380 3121 1450 lapides
3150 1380 3267 1436 suis

1687 1472 1823 1526 locis
1851 1478 2083 1541 possunt
2105 1471 2341 1534 restitui,
2382 1477 2441 1523 ut
2473 1478 2527 1526 et
2550 1472 2811 1541 templum
2836 1473 3015 1541 ipsum
3049 1471 3265 1526 incolu-

1684 1579 1772 1618 me
1800 1571 2071 1630 servetur,
2119 1578 2241 1617 cum
2276 1563 2483 1617 nullum
2538 1564 2771 1633 amplius
2827 1579 2895 1618 ex
2944 1565 3012 1618 iis
3068 1564 3269 1634 quibus

1686 1644 2054 1722 evertebatur,
2086 1655 2447 1711 incommodis
2472 1656 2698 1722 habeat;
2728 1656 3019 1725 capriﬁcus
3037 1674 3168 1712 vero
3200 1659 3271 1713 ab

1687 1751 1813 1805 imis
1853 1750 2136 1805 radicibus
2164 1750 2354 1805 evulsa
2386 1750 2693 1805 moriatur:
2726 1748 2796 1803 ad
2828 1750 3077 1805 eumdem
3108 1752 3271 1821 plane

1687 1842 1909 1896 modum
1939 1840 2131 1897 artifex
2164 1841 2256 1896 ille
2282 1840 2449 1905 Deus,
2475 1843 2736 1911 templum
2759 1857 2942 1906 suum,
2968 1842 3265 1907 hominem,

1684 1920 2113 2002 quipeccatum,
2142 1932 2385 2002 caprifici
2444 1932 2728 2001 cujusdam
2774 1933 2967 1993 instar,
2995 1933 3273 2002 produxe~

1683 2033 1789 2089 rat,
1838 2025 2029 2078 mortis
2090 2023 2158 2077 ad
2212 2033 2424 2093 tempus
2480 2025 2876 2095 impressione,
2915 2024 3270 2081 fruticatione

1683 2115 1920 2169 inhibuit
1965 2114 2075 2185 (63)
2105 2134 2117 2166 :
2154 2118 2248 2185 qui
2269 2114 2424 2184 juxta
2451 2115 2597 2185 quod
2620 2118 2882 2186 scriptum
2916 2126 3001 2172 est
3023 2119 3087 2181 “,
3121 2120 3269 2172 occi-

1684 2206 1778 2259 dat
1810 2212 1864 2260 et
1889 2204 2074 2259 vivere
2098 2203 2296 2260 l'aciat:
2326 2215 2386 2260 ut
2419 2206 2613 2260 iisdem
2647 2205 2893 2276 partibus
2911 2222 3062 2269 caro,
3090 2210 3271 2263 exsico

1684 2302 1809 2348 cato
1854 2294 2327 2364 intermortuoque
2352 2301 2597 2363 peccato,
2633 2294 2778 2348 velut
2807 2295 3061 2364 templum
3093 2296 3271 2365 quod-

1682 2385 1808 2441 dam
1837 2387 2223 2451 instauratum,
2259 2387 2583 2443 immortalis
2618 2387 2895 2458 illaasaque
2915 2427 2930 2451 ,
2987 2389 3205 2443 sublato
3236 2404 3268 2443 a

1684 2476 2056 2534 fundamentis
2120 2477 2516 2550 proliigatoque
2593 2486 2856 2550 peccato,
2937 2490 3269 2550 resurgeret.

1684 2570 1898 2627 Etenim
1927 2570 2170 2642 quandiu
2199 2586 2401 2641 corpus
2443 2572 2597 2637 vivit,
2632 2586 2735 2627 nec
2780 2571 2960 2626 adhuc
2989 2585 3266 2628 mortuum

1683 2673 1799 2731 est,
1832 2678 1958 2718 cum
1986 2678 2052 2719 eo
2076 2665 2259 2719 vivere
2287 2672 2573 2734 peccatum
2626 2678 2851 2720 necesse
2910 2672 3028 2728 est,
3072 2648 3133 2719 et
3170 2681 3269 2718 οε-
3320 2680 3333 2695 ·

1685 2754 1863 2823 cultas
1898 2755 1952 2808 in
1986 2755 2145 2809 nobis
2178 2754 2395 2810 radices
2427 2770 2622 2825 agere,
2656 2755 3009 2823 quantumvis
3038 2755 3263 2824 quibus-

1685 2844 1811 2899 dam
1839 2846 1990 2900 velut
2018 2845 2436 2914 castigationum
2486 2845 3079 2915 reprehensionumque
3108 2855 3268 2915 puta-

1685 2934 1925 2990 tionibus
1961 2942 2302 2988 coerceatur.
2359 2933 2613 3002 Alioquin
2638 2941 2760 3001 post
2788 2934 3113 3002 baptismum
3143 2936 3269 2989 nul-

1685 3026 1799 3080 lum
1830 3026 1942 3096 jam
1973 3026 2154 3102 scelus
2200 3032 2612 3095 perpetramus,
2664 3033 3017 3097 posteaquam
3076 3042 3272 3096 pecca-

1685 3125 1801 3172 tum
1831 3131 1863 3169 a
1890 3116 2052 3171 nobis
2078 3116 2341 3173 ~funditus
2384 3123 2529 3172 esset
2560 3115 2855 3170 sublatum.
2906 3117 3067 3187 Atqui
3102 3120 3271 3173 etiam

1684 3218 1807 3280 post
1828 3218 2139 3279 susceptam
2170 3208 2351 3273 ﬁdem,
2376 3224 2439 3263 ac
2478 3218 2765 3280 postquam
2799 3210 2866 3264 ad
2900 3224 3095 3279 aquam
3120 3210 3271 3265 illam

1687 3302 2123 3358 sanctiﬁcantem
2154 3303 2523 3369 accessimus,
2579 3306 2719 3373 διξερε
2771 3304 3012 3373 peccatis
3047 3302 3269 3357 obnoxii

1688 3395 2020 3451 invenimur.
2056 3394 2244 3466 Neque
2276 3396 2421 3451 enim
2450 3395 2584 3450 adeo
2610 3411 2668 3450 se
2702 3396 3000 3450 immunem
3024 3395 3091 3448 ab
3119 3394 3271 3448 omni

1688 3480 1914 3557 peccato
1947 3486 2169 3558 gloriari
2198 3486 2468 3556 quispiam
2507 3493 2707 3554 potest,
2745 3494 2803 3538 ut
2830 3500 2900 3541 ne
2938 3486 3271 3553 cogitatione

1690 3577 1909 3648 quidem
1965 3578 2144 3633 scelus
2194 3577 2363 3631 ullum
2400 3576 2667 3630 admittat.
2699 3576 2880 3642 Quare
2938 3577 3170 3640 accidit,
3210 3585 3271 3631 ut

1690 3670 1855 3724 modo
1879 3668 2099 3739 quidem
2145 3677 2431 3736 peccatum
2485 3669 2591 3723 ﬁde
2628 3670 2957 3738 reprimatur
2988 3676 3041 3722 et
3070 3682 3272 3722 conso-

1689 3762 1891 3831 piatur,
1925 3769 1984 3814 ut
2008 3776 2077 3815 ne
2101 3760 2440 3829 perniciosos
2482 3760 2695 3815 fructus
2739 3761 2991 3825 emittat;
3032 3774 3141 3813 non
3188 3767 3271 3813 ta-

1691 3869 1814 3908 men
1834 3862 1890 3906 ut
1912 3854 2135 3907 omnino
2168 3869 2233 3907 ac
2262 3854 2527 3908 radicitus
2551 3855 2953 3923 exstinguatur.
2970 3851 3263 3917 Quocirca,

1690 3960 1836 3999 nunc
1864 3946 2083 4015 quidem
2114 3945 2261 4001 illius
2296 3946 2557 4016 germina,
2592 3960 2790 4015 pravas
2836 3945 3093 3998 nimirum
3122 3945 3273 4014 cogi-

1687 4038 1942 4101 tationes,
1978 4036 2319 4104 inhibemus;
2353 4054 2414 4091 ne
2433 4055 2535 4109 qua
2565 4035 2724 4090 radix
2751 4035 3126 4088 amaritudinis
3154 4051 3271 4088 sur-

1688 4144 1805 4181 sum
1836 4128 2136 4198 germinans
2164 4129 2227 4194 “,
2258 4130 2564 4183 molestiam
2615 4127 2772 4182 nobis
2814 4127 3003 4181 allerat
3031 4142 3042 4175 :
3074 4141 3137 4179 ac
3168 4142 3270 4181 nec

1688 4230 1905 4291 apertas
1938 4221 2004 4275 ad
2046 4221 2422 4291 pullulandum
2473 4222 2586 4275 vias
2631 4236 2696 4275 ac
2733 4222 3065 4290 spiramenta
3102 4218 3261 4272 dehi-

1678 4328 1845 4369 .scere
1871 4329 1934 4367 ac
1960 4313 2205 4383 pateﬁeri
2256 4314 2487 4368 sinimus
2510 4353 2522 4377 ,
2565 4314 2749 4368 divino
2782 4312 2960 4367 Verbo
2986 4350 3002 4376 ,
3060 4312 3271 4366 securis

1691 4405 1886 4467 instar,
1921 4403 2256 4472 l‘ruticantes,
2288 4404 2581 4459 identidem
2636 4404 2704 4458 ab
2734 4403 2916 4457 radice
2946 4403 3145 4472 stirpes
3169 4417 3268 4457 ex-

67 4492 237 4551 cidentia.
263 4498 329 4551 At
369 4497 425 4551 in
460 4495 658 4550 futuro
683 4494 778 4548 illo
806 4501 977 4561 statu,
1008 4496 1138 4549 mali
1162 4496 1343 4551 omnis
1369 4496 1454 4550 vel
1484 4494 1668 4549 futura
1698 4495 1966 4565 cogitatio
2005 4496 2249 4550 tolletur.

112 4583 178 4648 ς’.
208 4587 331 4660 Φέρε
516 4586 651 4656 γὰρ,
689 4586 908 4639 ἐπειδὰν
942 4586 1151 4640 πολλῶν
1183 4588 1263 4640 δεῖ
1293 4586 1401 4640 τῶν
1454 4587 1583 4657 περὶ

1758 4588 1849 4641 Vl.
1892 4588 2003 4658 Age
2030 4589 2200 4654 enim,
2227 4589 2485 4659 quoniam
2506 4588 2693 4641 multis
2717 4602 2900 4641 rerum
2930 4585 3270 4654 ejuscemodi

69 4674 110 4725 τὶ
138 4681 325 4734 τοιαῦτα
365 4677 857 4752 παραδειγμάτων,
886 4679 1136 4732 ἐντεῦθεν
1169 4678 1311 4732 αύτὰ
1350 4678 1584 4750 μάλιστα

74 4769 383 4841 ςιεπτώμεθα,
429 4772 508 4843 μὴ
566 4770 925 4838 ἀφιστάμενοι
969 4772 1097 4841 πρὶν
1132 4771 1198 4823 ἂν
1245 4773 1325 4833 εἰς
1372 4770 1589 4840 εύδηλο-

68 4856 182 4924 τέραν
215 4863 501 4936 ἑρμηνείαν
564 4861 985 4931 ἁποτελευτήσει
1012 4863 1104 4914 καὶ
1134 4860 1406 4927 ἀπόδειξιν
1438 4864 1466 4914 6
1498 4861 1586 4913 λό-

70 4959 141 5011 Τις.
162 4951 383 5009 Φαίνεται
412 4958 606 5009 τοίνυν
632 4954 817 5024 ὥσπερ
846 4952 899 5005 εἴ
928 4971 1010 5016 τις
1039 4954 1372 5025 δημιουργὸς
1398 4954 1584 5025 ἄκρος,

117 5144 291 5203 "Deut.
320 5169 499 5219 xxx",
536 5154 633 5209 59.
700 5152 741 5184 “
780 5149 912 5207 Heb.
942 5167 1043 5218 ιιι,
1076 5151 1131 5207 5.

116 5326 217 5403 (ξῖέ)
244 5332 464 5387 Καθάπ.
503 5333 594 5387 Ex
615 5331 964 5403 Epiph.haal:.
989 5346 1047 5385 n.
1070 5330 1162 5385 25.
1221 5401 1230 5403 _
1404 5402 1407 5403 ν
1456 5390 1465 5403 _.

481 5398 895 5475 Ιίάίξξκαλῶνἐ
920 5401 1151 5475 Etmox,
1183 5400 1584 5475 εὐτροφήσασα.

225 5464 687 5543 Σωφρᾷνισμῶᾑ.
728 5474 825 5527 Ms.
862 5471 1072 5542 Rupif.,
1104 5464 1419 5543 συμφόρῶνξ

117 5537 198 5613 (Ψ)
223 5537 584 5613 Συλιόἐΰηκξ.
638 5537 1152 5613 Εᾱίι.,συνέ’στηκε.
1179 5537 1301 5596 Mei
1324 5556 1425 5612 pro
1454 5557 1588 5593 κατ-

74 5610 335 5681 ητᾲζεσθαι,
357 5615 485 5668 cod.
526 5611 715 5681 I’iup.1
732 5610 1099 5678 κατευνάζειν.

119 5678 198 5745 liii]
226 5685 424 5745 Φύσέιι.
454 5677 639 5746 Εᾱίι.,
666 5677 828 5735 οἷσαι.

120 5748 199 5824 {5})
224 5754 374 5824 ῥέρε,
410 5772 465 5807 κ,
497 5770 553 5806 τ.
589 5753 641 5806 λ.
674 5750 978 5824 E__\'_Epiph.
1017 5770 1072 5807 n.
1100 5753 1191 5808 27.

122 5820 209 5893 ἐῶ),
226 5820 585 5878 Ρήιιὶεαιὶοπε
656 5820 905 5893 inhibuit;
932 5824 1256 5890 Διεκὼλυσε,
1276 5838 1472 5893 nempe
1495 5820 1587 5876 τοῦ

81 5880 337 5954 etiam.
364 5897 492 5953 Alia
531 5895 697 5953 lectio
724 5892 993 5964 Epiphan.
1029 5880 1425 5953 διέλυσεέιίοηί
1455 5908 1586 5951 con-
1646 5970 1651 5973 _

1691 4680 1954 4749 exemplis
1980 4694 2120 4750 opus
2155 4687 2239 4735 est
2272 4678 2385 4751 (64)
2406 4719 2421 4745 ,
2473 4680 2597 4733 hinc
2627 4680 2970 4748 potissimum
3003 4680 3107 4733 ista
3139 4694 3273 4732 con—

1695 4772 2032 4837 sideremus;
2065 4789 2241 4843 neque
2289 4773 2441 4841 prius
2472 4772 2538 4825 ab
2568 4786 2633 4826 eo
2663 4779 2984 4841 argumento
3022 4771 3272 4826 disceda-

1695 4880 1819 4917 mus
1845 4904 1858 4927 ,
1899 4879 2061 4934 quam
2095 4865 2150 4917 in
2180 4865 2464 4918 clariorem
2496 4863 2914 4932 explicationem
2948 4879 3012 4916 ac
3072 4862 3269 4931 proba—

1695 4954 1895 5009 tionem
1945 4962 2133 5009 nostra
2181 4955 2403 5010 desierit
2442 4955 2636 5010 oratio.
2670 4954 2900 5010 Perinde
2946 4956 3107 5024 igitur
3132 4970 3270 5008 con-

1732 5329 1859 5383 ruit.

1696 5345 1880 5469 εΐῗθῗ)
1916 5396 2182 5469 Quoniam
2221 5399 2404 5453 multis
2448 5416 2623 5454 rerum
2673 5399 2990 5467 ejuscemodi
3020 5400 3270 5467 exemplis

1699 5468 1825 5539 opus
1855 5468 1954 5543 est.
2004 5468 2261 5543 Ἐπειδὰν
2283 5468 2492 5543 πολλῷν
2521 5471 2600 5523 δεῖ
2645 5471 2744 5523 τῶν
2777 5473 2904 5543 περὶ
2941 5472 3007 5543 τὰ
3050 5488 3272 5543 τοιαυτα

1698 5539 2177 5611 παραδειγμάτων.
2220 5539 2495 5595 Transitio
2527 5549 2611 5594 est
2649 5543 2716 5593 ab
2754 5539 3001 5608 exemplo
3027 5541 3269 5609 capriﬁci

1697 5621 1750 5667 et
1782 5609 1967 5679 templi
2001 5609 2069 5661 ad
2098 5611 2401 5679 exemplum
2436 5611 2636 5676 simile,
2668 5612 2785 5664 vitii
2814 5612 3078 5677 labisque,
3116 5618 3168 5664 et
3193 5613 3271 5664 si-

1696 5680 1960 5745 mulacri;
2004 5680 2060 5733 in
2090 5680 2289 5748 quibus
2318 5681 2585 5736 ambobus
2618 5682 2828 5735 destrui
2865 5688 3111 5748 oporteat
3138 5684 3240 5735 sub

1696 5752 1894 5820 jectum
1921 5751 2115 5804 iterum
2143 5751 2579 5813 instaurandum,
2605 5761 2663 5804 ut
2683 5759 2867 5819 pereat
2895 5751 3039 5818 quod
3070 5753 3268 5803 malum

1696 5822 1948 5875 accessit.
1974 5822 2091 5891 Non
2115 5822 2249 5875 satis
2277 5821 2489 5875 videtur
2519 5822 2823 5891 exprimere
2853 5822 3119 5888 interpres
3148 5821 3270 5891 Epic

1693 5893 1877 5962 phanii
1908 5911 1921 5948 :
1953 5890 2213 5959 Quoniam
2246 5892 2422 5950 multis
2453 5891 2520 5948 ad
2552 5890 2607 5947 id
2636 5892 2884 5961 exemplis
2912 5908 3037 5959 opus
3056 5900 3163 5951 ,εει
