4028 6318
169 460 263 514 ΞΠ

1231 452 1316 507 EX
1359 449 1562 506 LIBRO
1600 448 1687 503 DE
1722 440 2328 502 RESURRECTlONE.

3281 419 3385 476 278

169 580 373 650 μένους,
419 577 455 647 ἢ
499 575 880 647 γαμήσοντας,
923 575 958 646 ἢ
1005 574 1454 645 γεννησομένους,
1506 571 1618 624 ἀλλ’
1651 570 1719 631 ὡς

1830 579 1930 620 nec
1959 560 2210 618 morituri
2246 557 2357 612 sint
2409 550 2666 622 amplius,
2689 559 2789 601 nec
2836 539 3126 614 copulandi
3163 538 3387 608 nuptiis,

2230 649 2236 650 '
2400 645 2413 650 ‘
2472 643 2506 650 ⁵·
2818 635 2886 650 ἐι
2949 632 2977 650 ν’
3041 630 3128 650 --.1
3174 626 3379 650 -..ρ-ΑΙ-.

165 669 416 735 ἀγγέλους
464 665 898 736 ἀμεταστρὸφως
942 667 1000 718 ὲν
1055 665 1329 735 ἀφθαρσίᾳ
1399 663 1468 716 τά
1527 662 1723 730 ἄριστα

166 759 477 830 πράξον-αις.
507 755 599 809 Arb
633 756 879 828 ληρῶδες
905 757 965 810 τὸ
1003 758 1062 808 ὲν
1086 757 1212 826 ποίᾳ
1240 757 1478 824 διαγωγῇ
1507 754 1628 806 τότε
1659 752 1722 824 δὴ

165 828 240 902 cf
253 849 480 918 σώματα
509 849 722 902 ἔσονται
753 848 1022 916 λέγεσθαι,
1062 850 1197 918 μήτε
1225 849 1402 918 ἀέρος,
1435 847 1569 916 μήτε
1598 845 1720 914 γῆς,

166 943 296 1010 μήτε
331 939 437 993 τῶν
468 939 642 993 ἄλλων
679 940 974 1010 ἐσομένων.

227 1201 281 1252 l'.
328 1199 516 1264 Ἀξιον
561 1198 621 1251 δὲ
659 1197 767 1268 (88)
815 1197 1038 1250 κάκεῖνο
1081 1197 1213 1268 πρὸς
1261 1197 1372 1258 τοῖς
1418 1195 1725 1266 εἰρημένοις

161 1290 498 1350 ἐπισκοπεῖν,
521 1286 596 1350 ὠς
625 1286 738 1355 ἔχει
761 1285 958 1355 πολλὴν
979 1283 1272 1337 διάπτωσιν
1292 1323 1306 1346 ,
1348 1285 1394 1336 εἰ
1416 1283 1496 1336 δεῖ
1513 1285 1726 1354 παρρη-

163 1377 275 1430 σίαν
310 1379 470 1444 ἄγειν
505 1376 633 1446 περὶ
667 1374 1016 1446 τηλικούτων,
1069 1373 1400 1442 Ἀγλαοφῶν.
1443 1375 1725 1444 Ἔφρασας

161 1469 261 1540 γάρ
291 1468 681 1538 ἀποφήνασθαι
707 1468 800 1519 τὸν
832 1466 1055 1536 Κύριον,
1078 1465 1154 1530 ὡς
1184 1466 1233 1517 οἰ
1253 1465 1352 1534 τῆς
1381 1465 1727 1526 ἀναστάσεως

160 1560 472 1628 τευξόμενοι
517 1560 760 1611 ἔσονται
792 1557 911 1610 τότε
950 1557 1030 1622 ὡς
1073 1557 1334 1626 ἄγγελοι,
1379 1556 1504 1609 ἔνθα
1533 1555 1726 1624 πειρά-

158 1650 339 1712 ζουσιν
381 1650 542 1702 αὑτὸν
569 1651 619 1702 oi
655 1649 1017 1701 Σαδδουκαῖοι.
1073 1648 1365 1719 Ἐπέφερες
1404 1643 1496 1698 οὖν
1521 1664 1532 1674 ·
1566 1646 1627 1698 Oi
1671 1646 1728 1698 δὲ

160 1739 398 1806 ἄγγελοι,
425 1739 582 1802 ἐκτὸς
605 1738 755 1802 ὄντες
790 1738 1010 1808 σαρκὸς,
1044 1739 1102 1792 ὲν
1140 1738 1538 1810 μακαριότητος
1564 1737 1729 1808 ἀκρό-

161 1848 294 1902 τητι,
324 1831 416 1883 διά
456 1830 614 1882 τοῦτο
664 1831 761 1883 καὶ
810 1829 967 1901 δόξης
997 1829 1137 1884 εἰσί”
1185 1831 1278 1884 καὶ
1315 1831 1458 1900 ἡμᾶς
1493 1828 1548 1881 δὲ
1596 1828 1726 1898 ἀρα,

1825 663 1917 708 aut
1943 649 2292 723 procreanda:
2335 643 2509 701 soboli
2549 651 2770 710 operam
2801 632 3003 695 daturi,
3037 630 3130 688 sed
3173 626 3391 697 διιςοίον

1826 722 1960 799 rum,
2000 729 2181 809 ωσι-εξ
2203 741 2322 796 sine
2374 737 2485 790 ulla
2539 729 2857 789 mutatione,
2901 722 3195 778 immortali
3245 726 3388 775 statu

1826 832 2137 890 felicissime
2159 827 2356 882 victuri
2385 824 2519 895 (90).
2543 817 2884 886 Proindeque
2906 821 2988 868 est
3005 812 3229 871 stultum
3244 824 3386 880 qua:-

1825 942 1970 992 rere,
1994 938 2232 995 quanam
2254 921 2379 975 vitae
2402 916 2617 971 ratione
2647 926 2815 967 usura
2847 909 2956 964 sint
2987 917 3240 974 corpora,
3265 913 3388 955 cum

1825 1030 2000 1086 neque
2033 1029 2144 1080 aer,
2171 1024 2348 1079 neque
2369 1015 2538 1069 terra,
2558 1017 2733 1073 neque
2755 999 3047 1070 quidquam
3070 1000 3390 1049 caterorum

1826 1108 1896 1162 sit
1924 1104 2157 1173 amplius
2194 1098 2463 1153 futurum.

1896 1196 1964 1251 Χ.
1997 1195 2078 1249 Ad
2106 1195 2222 1247 hate
2250 1204 2382 1244 vero
2437 1193 2521 1242 est
2553 1193 2606 1240 et
2658 1183 2790 1238 illud
2817 1180 3010 1235 merito
3040 1173 3391 1231 consideran-

1826 1288 1955 1344 dum
1981 1327 1996 1351 ,
2027 1294 2086 1337 ut
2113 1282 2372 1337 nimirum
2412 1276 2608 1329 habeat
2640 1274 2862 1327 multam
2906 1268 3122 1322 ruinam
3143 1263 3279 1334 (9t),
3312 1267 3392 1312 at-

1827 1394 1932 1450 que
1954 1393 1984 1430 a
2016 1390 2146 1430 vero
2176 1376 2452 1427 incautum
2483 1366 2716 1421 abducat
2750 1383 2764 1418 :
2793 1360 3060 1432 siquidem
3102 1363 3185 1410 est
3227 1355 3393 1450 iri-re-

1826 1443 1930 1526 bus
1962 1467 2129 1522 tantis
2159 1464 2418 1518 audacter
2451 1456 2803 1527 loquendum,
2837 1473 2869 1506 υ
2898 1448 3239 1522 Aglaophon.
3259 1443 3393 1497 Nam

1828 1561 2013 1616 dixisti
2049 1553 2397 1626 respondisse
2434 1548 2719 1604 Dominum
2768 1542 3086 1597 Sadducaeis
3133 1537 3392 1593 tentantiv

1829 1654 1929 1708 bus
1954 1692 1968 1717 ,
2006 1650 2141 1711 fore,
2187 1653 2246 1700 ut
2305 1644 2398 1713 qui
2454 1635 2868 1695 resurrectionis
2899 1641 3180 1702 compotes
3212 1636 3394 1689 erunt,

1828 1744 1933 1797 sint
1989 1743 2123 1795 sicut
2174 1735 2426 1807 angeli".
2471 1729 2707 1786 lntulisti
2767 1741 2940 1796 ergo:
2976 1723 3140 1792 Atqui
3198 1720 3395 1787 angeli,

1831 1833 1958 1903 quia
1989 1831 2173 1886 carnis
2220 1834 2492 1896 expertes,
2534 1825 2588 1878 in
2636 1834 2847 1875 summa
2894 1819 3101 1886 degunt
3137 1812 3395 1866 felicitate

159 1920 502 1985 ὲξισάζεσθαι
553 1921 840 1994 μέλλοντας
865 1923 1136 1991 ἀγγέλοις,
1167 1922 1376 1991 ἀνάγκη
1399 1920 1483 1990 δὴ,
1516 1918 1719 1988 σαρκῶι

1832 1928 1887 1975 et
1913 1920 2084 1990 gloria
2120 1934 2135 1972 :
2173 1930 2346 1985 quare
2376 1922 2431 1969 et
2459 1927 2560 1968 nos
2590 1925 2729 1981 quos
2757 1907 2960 1976 aequari
2991 1909 3204 1974 oportet
3230 1915 3396 1967 ange-

160 2011 416 2076 ὡσαύτως
457 2013 686 2076 ἐκείνοις
726 2015 985 2084 γυμνοὺς,
1030 2012 1292 2081 ἀγγέλους
1336 2010 1551 2064 ἔσεσθαι
1592 2010 1724 2061 δεῖν·

159 2104 251 2156 οὐκ
294 2105 616 2174 ἐπιστήσας,
675 2097 720 2160 ὦ
780 2103 1006 2175 ἄριστε,
1051 2103 1126 2167 ὡς
1157 2106 1185 2156 ὁ
1216 2103 1446 2172 ποιήσας
1489 2100 1581 2152 καὶ
1613 2099 1727 2151 δια-

162 2197 438 2266 κοσμήσας
475 2195 533 2261 ἐξ
573 2197 673 2249 οὐκ
707 2195 875 2248 ὄντων
915 2194 976 2247 τὸ
1009 2197 1136 2258 πᾶν,
1170 2195 1268 2264 τὴν
1304 2193 1412 2245 τῶν
1445 2191 1724 2245 ἀθανάτων

161 2287 337 2355 φύσιν,
379 2287 439 2339 οὐ
469 2287 628 2356 μόνον
681 2289 759 2349 εἰς
803 2285 1064 2353 ἀγγέλους
1108 2286 1203 2337 καὶ
1233 2284 1572 2355 λειτουργοὺς
1613 2283 1726 2334 δια-

161 2378 346 2446 νείμας
384 2377 762 2445 διεκόσμησεν,
813 2375 947 2428 ἀλλά
987 2378 1081 2430 καὶ
1132 2378 1210 2439 εἰς
1253 2376 1446 2446 ἀρχάς,
1492 2375 1582 2427 καὶ
1611 2374 1728 2445 θρό-

161 2485 294 2528 νους,
329 2466 425 2518 καὶ
454 2466 718 2531 ἐξουσίας.
752 2467 914 2519 Ἀλλο
935 2466 1042 2537 γὰρ
1067 2466 1220 2534 γένος
1241 2468 1301 2518 τὸ
1326 2466 1431 2518 τῶν
1461 2465 1723 2534 ἀγγέλων,

161 2559 246 2609 καὶ
269 2558 398 2610 ἄλλο
425 2558 488 2610 τὸ
514 2557 623 2610 τῶν
659 2557 842 2628 ἀρχῶν
875 2558 969 2610 καὶ
1009 2555 1293 2624 ὲξουσιῶνσ
1324 2557 1405 2608 ὄτι
1439 2555 1510 2626 μὴ
1540 2557 1725 2626 τάγμα

159 2645 231 2709 ἓν,
257 2648 352 2700 καὶ
382 2646 479 2717 μία
505 2649 781 2711 σύστασις,
811 2647 905 2700 καὶ
928 2647 1088 2716 φυλὴ,
1112 2647 1204 2700 καὶ
1233 2646 1435 2717 πατριά
1458 2647 1563 2700 τῶν
1593 2648 1725 2701 ἀθα-

161 2739 363 2791 νάτων·
432 2739 569 2793 ἀλλά
622 2741 776 2810 γένη,
833 2740 927 2792 καὶ
979 2739 1164 2808 φυλαὶ,
1192 2740 1284 2792 καί¹
1314 2739 1596 2810 διαφοραί’
1629 2740 1723 2792 καὶ

159 2828 272 2882 οὔτε
297 2830 366 2884 τά
395 2830 684 2901 χερουσίμ,
713 2831 812 2901 τῆς
845 2830 977 2894 ἰδίας
1012 2829 1338 2900 ὲξιστάμενα
1371 2829 1605 2898 φύσεως,
1641 2832 1721 2893 εἰς

159 2920 247 2991 τὴν
289 2921 398 2974 τῶν
445 2922 690 2990 ἀγγέλων
746 2923 887 2976 ἰδέαν
937 2920 1467 2993 μετασκευάζονται⁶
1513 2920 1622 2974 οὔτ’
1651 2918 1718 2973 αὖ

158 3012 312 3065 πάλιν
359 3013 440 3076 εἰς
487 3012 680 3083 ἑτέραν
713 3013 824 3083 (89)
865 3015 912 3066 οἱ
959 3013 1199 3082 ἄγγελοι.
1232 3009 1388 3066 Εἶναι
1433 3012 1541 3083 γὰρ
1585 3013 1722 3066 αὺτά

157 3103 254 3174 χρὴ
283 3109 377 3156 καὶ
403 3105 432 3155 ὃ
465 3106 591 3167 εἰσι,
622 3103 716 3156 καὶ
749 3103 778 3154 δ
814 3103 1117 3172 γεγόνασιν.
1160 3101 1324 3172 Ἀτάρ
1349 3103 1442 3154 καὶ
1468 3103 1496 3152 ὁ
1519 3101 1724 3170 ἄνθρω-

1829 2013 1915 2073 lis,
1949 2022 2175 2064 necesse
2204 2013 2289 2060 est
2324 2005 2390 2057 ad
2417 2002 2666 2058 eumdem
2698 1998 2916 2053 modum
2945 2009 3108 2048 carne
3138 1990 3395 2054 nudatos,

1828 2102 2048 2171 angelos
2081 2098 2217 2152 ﬁeri.
2254 2093 2365 2149 Nec
2408 2093 2562 2154 illud,
2616 2091 2817 2161 optime
2845 2087 3112 2147 virorum,
3149 2081 3396 2137 animad-

1826 2189 2036 2247 vertisti
2064 2207 2078 2255 ;
2106 2201 2251 2250 eum,
2284 2185 2378 2254 qui
2416 2199 2483 2238 ex
2519 2180 2690 2235 nihilo
2720 2177 2982 2232 mundum
3016 2172 3301 2228 fabricavit
3332 2185 3395 2223 ac

1826 2282 2132 2342 constituit,
2163 2292 2270 2332 non
2307 2274 2514 2345 angelis
2557 2271 2722 2326 modo
2771 2277 2824 2323 et
2863 2263 3201 2321 administris
3237 2261 3347 2333 (92';
3377 2278 3394 2328 ;

1827 2373 1920 2427 sed
1953 2380 2007 2427 et
2030 2366 2427 2441 principatibus
2454 2373 2509 2419 et
2537 2361 2750 2417 thronis
2778 2368 2832 2416 et
2851 2357 3214 2429 potestatibus
3251 2369 3373 2408 eam

1826 2463 1948 2518 dem
1977 2460 2402 2516 immortalitatis
2433 2465 2686 2511 naturam
2717 2451 3040 2521 impertisse.
3067 2447 3228 2501 Aliud
3248 2446 3392 2500 enim

1827 2554 2141 2624 angelorum
2178 2565 2372 2621 genus,
2407 2546 2662 2614 aliudque
2705 2541 3105 2613 principatuum
3149 2546 3202 2591 et
3244 2535 3391 2588 aliud

1825 2651 2196 2715 potestatum;
2237 2656 2301 2696 eo
2329 2639 2473 2710 quod
2507 2652 2615 2691 non
2648 2650 2790 2689 unus
2821 2632 2975 2693 ordo,
3010 2644 3217 2683 unusve
3273 2641 3388 2680 caa-

1826 2743 1916 2792 tus
1950 2751 2013 2790 ac
2035 2735 2211 2788 tribus
2244 2731 2559 2800 familiaque
2598 2728 2670 2783 sit
2707 2724 3093 2791 immortalium
3130 2741 3141 2774 :
3175 2721 3268 2774 sed
3300 2735 3391 2788 geo

1825 2840 2038 2889 uerum,
2072 2838 2135 2877 ac
2166 2823 2314 2876 velut
2344 2821 2581 2873 tribuum
2612 2824 2666 2871 et
2715 2813 2995 2867 nationum
3027 2811 3278 2866 divortia.
3316 2810 3392 2862 Ac

1826 2931 2003 2985 neque
2037 2913 2337 2974 cherubim,
2366 2906 2726 2965 desciscentia
2760 2920 2788 2957 a
2823 2910 3017 2957 natura
3048 2916 3168 2965 sua,
3206 2901 3262 2955 in
3295 2915 3391 2953 an-

1826 3010 2068 3079 gelorum
2101 3005 2336 3074 speciem
2369 3007 2656 3056 transeunt
2681 3015 2695 3063 ;
2725 3009 2900 3065 neque
2930 2999 3120 3047 contra
3150 2991 3204 3043 in
3234 2997 3389 3043 natu-

1826 3114 1943 3152 ram
1981 3098 2144 3150 aliam
2193 3094 2369 3164 angeli
2423 3095 2848 3146 commutantur.
2899 3085 3128 3155 Quippe,
3152 3096 3275 3138 esse
3302 3082 3390 3137 illa

157 3210 250 3255 πος
289 3194 382 3246 τὸν
428 3193 634 3264 κόσμον
679 3195 880 3256 οἰκεῖν,
925 3193 1020 3244 καὶ
1051 3191 1158 3243 τῶν
1209 3192 1266 3245 ὲν
1316 3190 1464 3260 αύτῷ
1507 3192 1719 3245 πάντων

1825 3190 1970 3260 quod
2015 3195 2161 3250 sunt,
2197 3196 2251 3240 et
2306 3184 2611 3254 cujusmodi
2668 3182 2932 3251 producta
2992 3185 3138 3241 sunt,
3169 3190 3389 3230 necesse

158 3282 503 3352 ἡγεμονεύειν
534 3254 780 3352 ταχθεὶς,
828 3254 927 3351 τῆς
960 3281 1021 3345 ἐξ
1071 3281 1247 3352 ἀρχῆς
1290 3254 1719 3350 διακοσμήσεως,

1829 3254 1930 3337 est.
1973 3279 2335 3346 Quamobrem
2369 3277 2530 3331 etiam
2553 3275 2717 3328 homo
2749 3272 2881 3339 (93),
2917 3273 3011 3342 qui
3043 3277 3101 3324 ut
3123 3269 3388 3323 habitaret

155 3373 414 3436 ἀθάνατος
446 3373 544 3436 ὢν,
575 3373 670 3425 τοῦ
693 3369 830 3426 εἶναι
860 3371 1142 3442 ἄνθρωπος
1169 3371 1361 3425 οὖποτε
1396 3372 1725 3443 μεταϐληθῆ-

157 3480 299 3517 σεται
337 3465 462 3516 οὗτε
497 3466 576 3527 εἰς
600 3465 699 3534 τὴν
737 3463 844 3516 τῶν
891 3464 1132 3532 ἀγγέλων
1181 3463 1302 3518 οὗτε
1357 3467 1436 3528 εἰς
1484 3465 1579 3534 τὴν
1610 3465 1722 3516 τῶν

156 3554 349 3625 ἐτέρων
383 3555 630 3624 μορφήν·
659 3554 742 3606 ὅτι
791 3553 922 3624 μηδὲ
965 3556 1016 3607 οἰ
1054 3555 1271 3624 ἄγγελοι
1312 3558 1392 3619 εἰς
1430 3555 1527 3626 τὴν
1558 3556 1722 3625 ἄλλην

155 3647 246 3717 τῆς
265 3645 326 3710 ἐξ
353 3644 532 3716 ἀρχῆς
572 3645 714 3708 ἰδέας
739 3647 1239 3717 μετακοσμούμενα
1278 3648 1716 3718 μεταϐάλλονται.

165 3739 220 3794 ’0
242 3740 353 3810 γάρ
383 3737 617 3810 Χριστὸς
648 3733 782 3808 ἦκεν
811 3737 910 3791 ούκ
937 3739 1017 3800 εἰς
1044 3738 1234 3809 ἑτέραν
1276 3739 1720 3810 μεταπλασθῆναι

156 3831 440 3902 κηρύσσων
467 3830 503 3900 ἢ
545 3827 1048 3900 μετασκευασθῆναι
1093 3828 1193 3899 τὴν
1244 3830 1583 3900 ἀνθρωπείαν
1621 3830 1722 3898 φύ-

248 3984 295 4014 ¹²
335 3981 537 4037 Matth.
566 3997 708 4038 ml.
744 3982 833 4037 ὅθ.

216 4097 331 4165 (88)
366 4097 564 4161 Ἄξιον
585 4098 670 4152 δέ.
701 4099 778 4151 Ex
801 4095 992 4166 Epiph.
1019 4095 1172 4166 hang,
1201 4111 1257 4166 n.
1285 4095 1372 4149 ³55.

219 4162 335 4235 (89⁷)
378 4171 481 4230 Εἰς
503 4167 730 4235 ἑτέραν.
756 4162 920 4231 Ειὶῖἰὶ,
953 4170 1031 4228 εἰς
1061 4165 1322 4236 (τὴντῶν)
1353 4163 1570 4234 ἐτέρων.
1603 4162 1725 4217 Mox

152 4236 334 4307 iidem,
373 4239 589 4307 vitiose,
620 4241 669 4290 εἰ
703 4237 813 4307 γάρ
839 4245 962 4306 post
993 4237 1300 4307 γεγόνασιν.

216 4306 330 4375 (90)
381 4303 725 4360 Felicissimo
755 4303 960 4368 victuri,
1013 4303 1081 4359 τὰ
1137 4306 1331 4375 ἄριστα
1381 4303 1719 4375 πράξοντας.

152 4373 376 4430 Ρίιτεεὶε
407 4377 544 4429 nihil
573 4391 734 4439 nova,
766 4376 1067 4445 rudiusque
1089 4373 1348 4445 expressa
1379 4374 1486 4428 illis
1514 4373 1718 4437 verbis,

153 4453 347 4512 Optima
376 4462 586 4514 qumque
616 4447 831 4513 facturi.

216 4463 347 4500 mna
446 4463 586 4514 mque
616 4463 831 4513 jactari.

216 4517 328 4586 (91)
489 4517 738 4568 nimirum
777 4516 963 4568 habeat
986 4514 1214 4586 multam
1230 4514 1464 4586 ruinam,
1491 4511 1721 4586 εις.οφ

151 4583 327 4651 gimur
355 4588 518 4652 longa
541 4585 641 4637 hac
678 4585 996 4653 paraphrasi
1025 4599 1194 4652 pauca
1227 4585 1315 4636 illa
1346 4584 1505 4653 verba
1533 4583 1717 4653 expri-

149 4667 312 4716 mere,
343 4656 420 4719 ὡς
452 4658 564 4726 ἔχει
592 4655 789 4724 πολλὴν
813 4654 1130 4726 διάπτωσιν,
1155 4654 1246 4726 ubi
1268 4653 1355 4726 τὸ,
1375 4652 1483 4726 ἔχει
1513 4652 1720 4726 accipio

152 4733 203 4794 ut
227 4722 564 4785 absolutum,
590 4722 864 4794 quomodo
890 4730 975 4794 est
1001 4722 1203 4794 Graecis
1235 4722 1715 4794 elegantissimum.

151 4789 236 4844 Est
261 4795 443 4849 littera
469 4789 649 4849 minus
672 4808 804 4848 sana
828 4812 840 4845 :
865 4793 943 4858 τὸ,
960 4789 1341 4862 διαλεγόμενος
1357 4793 1409 4845 in
1436 4792 1718 4859 impressis

151 4865 428 4931 propalam
482 4867 736 4920 vitiosum
794 4871 877 4916 est
935 4882 948 4917 :
1005 4863 1395 4930 omisimusque
1423 4875 1588 4931 _cunr
1629 4876 1716 4914 se-

151 4929 331 4997 quenti
375 4936 740 5004 πραγμάτων,
765 4933 939 5004 secuti
962 4932 1125 5004 alium
1153 4929 1394 4986 codicem
1423 4929 1630 5004 Rupit,
1651 4946 1716 4984 ex

151 5013 252 5068 quo
297 5010 354 5055 et
399 5001 562 5059 editis
614 5018 776 5057 unam
820 5003 976 5055 nobis
1020 5001 1250 5055 litteram
1285 5001 1714 5068 composuimus.

152 5068 415 5137 lmpressa
465 5075 612 5126 velut
657 5072 904 5141 Origenis
936 5077 987 5124 et
1020 5070 1074 5141 in
1105 5071 1262 5123 tertia
1289 5085 1541 5139 persona,
1575 5069 1714 5141 refe-

150 5148 300 5209 runt;
328 5154 434 5194 nos
462 5157 585 5196 cum
623 5158 726 5197 ms.
761 5139 820 5194 ut
849 5139 1260 5209 Aglaophontis,
1294 5147 1347 5194 et
1374 5141 1427 5192 in
1453 5139 1710 5202 secunda,

149 5208 284 5332 Suod
332 5211 511 5278 magis
550 5219 816 5267 consonat
858 5208 1100 5278 reliquis.
1147 5208 1497 5278 lmpugaatur
1540 5224 1712 5263 novus

191 5279 596 5332 rizenianorum
635 5298 809 5332 error.
851 5297 914 5332 ex
958 5281 1136 5332 nriorc
1168 5279 1259 5332 illo
1299 5280 1712 5332 resurrectionis

191 5279 596 5345 rigenianorum
635 5298 809 5345 error,
851 5297 914 5336 ex
958 5281 1136 5347 priore
1168 5279 1259 5332 illo
1299 5280 1712 5333 resurrectionis

150 5349 349 5417 absque
377 5363 546 5402 carne
573 5359 968 5418 ortum-nempe
988 5348 1304 5403 mutationis
1328 5350 1630 5402 animarum
1657 5352 1713 5401 in

150 5421 388 5486 angelos,
423 5420 477 5471 in
521 5435 629 5487 quo
665 5429 749 5475 est
783 5424 949 5475 multa
993 5419 1081 5471 illa
1113 5433 1298 5471 eorum
1333 5420 1708 5487 παράπτωσις,

149 5491 363 5562 οπεηεὶο
399 5503 421 5562 :_
452 5489 601 5562 relut
628 5489 1070 5562 impingentibus,
1099 5487 1265 5543 semel
1293 5502 1323 5540 a
1356 5490 1585 5542 veritate
1616 5488 1712 5542 de-

151 5562 242 5611 viis
275 5558 610 5614 hominibus.

215 5632 323 5697 (ευτ’.)
359 5628 426 5680 Et
459 5629 811 5692 administris,
864 5631 955 5684 καὶ
998 5627 1360 5698 λειτουργούς.
1408 5630 1618 5699 Accipit
1650 5635 1708 5682 ut

151 5700 391 5774 ordinem
420 5699 664 5767 angelico
696 5702 1052 5774 superiorem,
1083 5709 1143 5752 ut
1187 5700 1528 5774 exsequenti
1556 5703 1707 5752 loca-

155 5768 288 5822 tione
311 5780 684 5823 creaturarum
715 5784 816 5837 pro
843 5772 1106 5838 cujusque
1150 5767 1321 5838 gradu
1366 5767 1537 5836 liquet
1563 5787 1576 5832 ;
1601 5784 1707 5836 qua

157 5840 308 5893 delos
339 5842 576 5901 assignat
607 5839 848 5902 angelis;
882 5840 1080 5892 lumina
1101 5854 1246 5898 vero.
1275 5839 1480 5900 potiora
1506 5840 1557 5891 in
1592 5853 1704 5891 cm-

1774 4843 1778 4848 _
1820 4797 1950 4840 sunt
1998 4789 2099 4841 ista
2160 4789 2338 4842 minus
2393 4788 2720 4857 Dionysiana
2751 4808 2782 4857 γε

1828 3370 2092 3423 mundum
2120 3368 2484 3434 omnibusque
2512 3363 2568 3417 in
2589 3377 2655 3416 eo
2679 3361 2844 3414 rebus
2875 3365 3153 3428 praeesset,
3186 3372 3250 3410 ex
3277 3358 3389 3425 pri-
3465 3414 3473 3422 ,

1828 3475 1916 3515 ma
1947 3459 2302 3530 dispositione
2331 3454 2661 3509 constitutus
2691 3462 2775 3505 est
2800 3491 2814 3514 ,
2852 3451 3000 3504 velut
3039 3447 3386 3509 immortaiis,

1827 3553 2106 3623 nunquam
2137 3550 2193 3602 in
2222 3547 2538 3617 angelorum
2571 3549 2664 3595 aut
2699 3541 2926 3595 alterius
2957 3539 3250 3608 cujuslibet
3279 3535 3388 3589 for-

1795 3635 1968 3698 "mam
1995 3659 2062 3697 ex
2092 3640 2311 3695 homine
2337 3634 2737 3691 convertendus
2761 3641 2843 3689 est
2869 3651 2882 3698 ;
2914 3630 3131 3702 quando
3164 3643 3264 3684 nec
3292 3643 3387 3682 an-

1825 3734 1930 3799 geli
1973 3735 2042 3788 ab
2067 3746 2128 3787 ea
2156 3744 2322 3801 quam
2345 3728 2501 3782 initio
2524 3726 2704 3781 sortiti
2730 3731 2857 3779 sunt
2879 3722 3058 3793 specie
3086 3730 3136 3775 et
3168 3726 3386 3780 natura,

1822 3824 2204 3883 transformari
2226 3831 2298 3879 .et
2330 3820 2529 3876 mutari
2565 3827 2814 3890 possunt.
2846 3817 2912 3870 Et
2943 3830 3071 3871 vero
3114 3815 3386 3879 Christus,

1838 4091 1927 4156 lis,
1955 4098 2008 4163 et
2034 4092 2415 4161 respondentia
2449 4092 2761 4163 purioribus
2780 4090 2891 4149 illis
2920 4088 3230 4163 luminibus
3246 4091 3385 4146 assis

1837 4159 2321 4233 gnatisgsupremis
2369 4159 2681 4233 spiritibus,
2715 4177 2908 4230 nempe
2960 4159 3294 4233 seraphinis;
3326 4168 3386 4233 ut

1827 4241 1879 4302 et
1907 4231 2476 4302 sedibusthronisque
2501 4231 3201 4302 potestatum,resﬁpondent
3236 4231 3383 4302 caeli.

1826 4299 2091 4372 Ministris
2120 4301 2226 4355 illis
2253 4321 2265 4354 :
2307 4299 2606 4372 respiciens
2669 4301 2806 4355 forte
2837 4301 2968 4353 illud
3012 4300 3145 4372 psal.
3171 4313 3286 4363 cur,
3308 4300 3340 4352 4
3371 4319 3382 4353 :

1827 4370 1932 4435 Qui
1975 4371 2105 4438 facit
2141 4371 2348 4440 angelos
2391 4369 2512 4426 suos
2554 4372 2791 4436 spiritus,
2843 4379 2891 4422 et
2923 4369 3217 4440 rministros
3262 4387 3384 4422 suos

1823 4440 2094 4510 ﬂammam
2117 4441 2250 4509 ignis
2276 4456 2293 4491 :
2326 4457 2443 4509 qua:
2467 4449 2550 4497 est
2580 4443 2768 4510 purior
2801 4439 2991 4509 spiritu
3013 4453 3121 4510 seu
3152 4447 3311 4510 vento
3332 4449 3384 4492 et

1821 4509 1951 4563 ﬂatu
2005 4510 2116 4563 illic
2139 4507 2474 4579 'signiﬁcato,
2509 4507 3073 4581 propiusque'accedit
3129 4507 3196 4559 ad
3215 4516 3384 4581 _natu-

1821 4594 1937 4632 ram
1963 4580 2225 4649 luminqu
2256 4582 2486 4649 igneam,
2509 4578 2943 4640 rel'formaliter,
2971 4578 3126 4649 juxta
3177 4579 3384 4645 pleros-

1821 4664 1927 4716 que
1954 4648 2164 4710 Patres,
2197 4646 2297 4703 vel'
2316 4652 2506 4704 saltem
2539 4652 2758 4710 virtute,
2792 4649 2947 4716 juxta
2997 4646 3383 4716 Peripateticos

1820 4715 1872 4771 et
1903 4719 2216 4773 invehentes
2241 4721 2486 4787 quintam
2518 4720 2662 4771 illam
2689 4715 2998 4772 essentiam.
3034 4715 3215 4770 Vidu‘i
3254 4733 3382 4785 pos-

2847 4788 2939 4840 sed
2997 4787 3131 4839 nihil
3185 4787 3380 4838 mirum

1820 4857 2003 4924 ignoto
2045 4857 2302 4926 Dionysio
2352 4874 2459 4911 non
2518 4854 2691 4910 solum
2750 4856 3040 4920 Methodio,
3078 4854 3381 4926 sed_etiam

1817 4922 2225 4996 Chrysostomo,
2256 4928 2347 4993 qui
2386 4936 2440 4981 et
2492 4927 2608 4995 ipse
2643 4926 2776 4978 nihil
2811 4926 3134 4996 Dionysiane
3168 4922 3236 4976 de
3279 4940 3378 4976 an-

1817 4995 1948 5066 gelis
1974 4998 2131 5050 sentit
2161 5007 2214 5048 et
2246 4996 2422 5060 docet,
2454 5010 2576 5048 cum
2605 5005 2797 5064 praeter
2826 5006 2982 5066 notos
3007 4995 3160 5046 nobis
3191 5008 3380 5047 eorum

1817 5065 2062 5136 papulas,
2092 5067 2289 5137 ἄπειρα
2318 5065 2441 5136 ἔθνη
2478 5067 2570 5118 καὶ
2593 5065 2732 5134 φῦλα
2766 5065 3033 5137 ἀμύθητα,
3055 5076 3157 5137 nec
3186 5078 3252 5115 ex
3282 5079 3380 5137 ηρ.

1815 5131 1962 5190 inine
1997 5143 2125 5189 nota
2182 5131 2481 5200 contendit,
2513 5144 2567 5190 et
2605 5131 2816 5204 probat
2837 5150 2897 5187 ex
2930 5131 3024 5204 illo
3055 5131 3276 5204 Ephes.,
3312 5133 3380 5187 Et

1817 5221 1964 5259 omne
2001 5220 2184 5258 nomen
2213 5208 2349 5274 quod
2379 5202 2685 5258 nominat—ur
2715 5221 2815 5256 non
2857 5203 3114 5274 solumiin
3148 5202 3244 5274 hoc
3280 5221 3380 5274 saa—

1815 5277 1951 5337 culo,
1987 5276 2098 5337 sed,
2132 5273 2263 5339 etc.,
2291 5277 2436 5330 hom.
2474 5276 2527 5338 4,
2566 5275 2642 5328 De
2671 5277 2920 5340 incompr.
2953 5279 3006 5325 et
3033 5273 3086 5335 5,
3115 5273 3380 5327 cherubin

1813 5348 1958 5401 velut
1973 5345 2208 5466 ltlhronos
2230 5345 2346 5410 Dei,
2383 5360 2556 5414 eoque
2591 5345 2667 5398 illi
2695 5343 3122 5411 conjunctiores,
3162 5341 3381 5412 praefert

1813 5431 1968 5466 seran
2011 5431 2086 5466 in.

1813 5431 2086 5470 seraDnrn.

1882 5431 2371 5607 ἱὲἓὲῗὸιιωηοὸνεηι
2424 5486 2583 5538 etiam
2611 5485 2782 5545 homo,
2823 5482 2962 5554 ἀτὰρ
2990 5483 3084 5535 καὶ
3111 5483 3138 5533 ό
3167 5480 3376 5550 ἀνθρω-

1882 5574 1928 5607 c.
2009 5571 2056 5607 rc
2090 5557 2234 5607 clare
2285 5555 2526 5607 nrocedit
2568 5553 2908 5607 Methodiana
2952 5554 3370 5607 argumentatio.

1811 5553 1928 5619 πος.
1966 5553 2056 5607 Sic
2090 5557 2234 5608 clare
2285 5555 2526 5624 procedit
2568 5553 2908 5608 Methodiana
2952 5554 3370 5624 argumentatio,

1810 5641 1970 5696 quam
2013 5621 2555 5696 impressa—pinnino
2599 5625 2967 5696 obscurabant
3021 5621 3374 5696 conditionali

1811 5691 1901 5749 illa
1922 5697 1990 5749 εἰ.
2015 5691 2269 5762 lnterpr.,
2303 5694 2508 5747 Etenim
2542 5702 2592 5746 et
2635 5693 2807 5756 homo,
2860 5701 2990 5753 etc.,
3022 5705 3128 5760 quo
3163 5691 3372 5762 signiti-

1809 5774 1964 5820 catur
1995 5772 2052 5817 ut
2102 5760 2448 5830 antecedens,
2507 5767 2652 5833 quod
2710 5763 3012 5817 Methodius
3054 5760 3283 5815 assumit
3313 5767 3374 5814 ut

1807 5850 2164 5895 consequens.
