4028 6318
644 398 751 459 279

1635 405 1692 462 S.
1733 406 2063 465 METHODII
2104 409 2408 467 EPISCOPI
2446 410 2532 466 ΕΤ
2573 411 2930 469 MARTYRIS

3764 422 3872 481 380

649 522 966 582 adveniens.
994 536 1102 577 non
1127 524 1181 577 in
1218 522 1443 581 alteram
1471 524 1744 581 demutari
1785 530 2030 599 vertique
2052 539 2211 585 natu-

2315 550 2417 596 σιν,
2440 533 2573 587 ἀλλὰ
2605 536 2684 597 εἰς
2714 535 2741 587 ὃ
2772 531 2931 605 ἦνὲξ
2962 537 3135 607 ἀρχῆς
3166 538 3273 611 πρὸ
3296 540 3389 593 τοῦ
3431 542 3701 607 Ξκπεσεῖν,
3738 545 3875 599 ἀθά-

644 630 759 668 ram
796 614 1030 670 hominis
1064 626 1314 687 oportere
1347 619 1695 688 praedicavit;
1730 622 1823 676 sed
1859 623 1913 676 in
1952 625 2005 677 id
2033 625 2210 681 redire

643 704 789 775 quod
825 704 977 759 initio
1012 706 1211 770 fuerat,
1244 716 1533 777 antequam
1585 710 1881 775 excideret,
1908 719 2025 766 tum
2082 729 2207 769 cum

643 805 790 851 esset
828 797 1171 853 immortalis.
1215 798 1497 869 Siquidem
1526 815 1753 855 necesse
1782 811 1885 866 est,
1914 811 1973 856 ut
2004 821 2207 859 unum-

642 888 893 958 quodque
939 900 1220 953 creatum,
1282 904 1394 944 sure
1460 889 1838 945 constitutioni
1893 902 2211 965 naturaeque

640 995 883 1051 congruo
903 982 1025 1035 loco
1054 981 1344 1050 persistat;
1383 992 1440 1037 ut
1466 984 1719 1038 omnibus
1748 985 1931 1038 omnia
1961 987 2209 1056 replean-

640 1077 765 1137 tur;
800 1076 923 1126 coeli
958 1072 1199 1142 quidem,
1224 1073 1469 1142 angelis;
1500 1074 1681 1128 throni
1701 1082 1900 1139 autem,
1926 1080 2200 1145 potestati-

639 1162 742 1216 bus
777 1162 890 1233 (94)
911 1181 926 1230 ;
950 1161 1243 1227 ministris,
1262 1162 1465 1216 lumina
1487 1182 1497 1216 :
1517 1163 1813 1219 diviniores
1834 1180 1999 1234 porro
2023 1168 2203 1230 sedes,

637 1253 970 1322 purioraque
1012 1261 1067 1307 et
1104 1254 1398 1309 sinceriora
1440 1254 1672 1318 lumina,
1723 1256 2050 1325 seraphinis,
2110 1258 2204 1326 qui

638 1358 837 1411 magno
862 1342 939 1396 illi
970 1343 1202 1397 consilio
1241 1343 1558 1397 assistentes
1578 1380 1596 1407 ,
1626 1343 1940 1398 universum
1980 1359 2200 1399 conser-

637 1438 767 1484 vant
793 1448 807 1497 ;
843 1430 1080 1486 mundus
1112 1430 1345 1500 denique
1374 1430 1707 1488 hominibus.
1737 1430 1916 1501 Atque
1950 1433 1997 1486 si
2024 1432 2201 1485 homi-

638 1538 735 1577 nes
764 1522 819 1575 in
848 1523 1069 1591 angelos
1098 1523 1293 1577 mutari
1316 1524 1649 1586 dederimus,
1674 1538 2016 1591 consequens
2036 1534 2120 1579 est
2143 1533 2201 1578 ut

2312 640 2471 686 νατος
2510 623 2605 676 ὥν.
2650 625 2771 697 Χρὴ
2808 627 2916 699 γὰρ
2961 630 3019 680 ὲν
3061 628 3138 699 τῷ
3186 630 3301 702 ἰδίῳ
3343 630 3443 700 τῆς
3493 633 3657 700 ἕξεως
3702 637 3875 690 αὐτῶν

2308 715 2458 785 τόπῳ
2487 716 2598 786 (96)
2637 717 2744 771 τῶν
2775 717 3051 785 γεννητῶν
3089 719 3315 775 ἕκαστον
3347 723 3548 793 μένειν,
3589 726 3675 779 ἵνα
3710 730 3877 782 πάντα

2311 806 2527 858 πάντων
2571 801 2672 861 ὦσι
2717 808 3119 880 πεπληρωμένα
3140 830 3153 843 ·
3193 814 3411 884 οὐρανοὶ
3458 815 3557 891 μὲν
3600 818 3873 886 ἀγγέλων·

2310 895 2489 965 θρόνοι
2520 898 2577 949 δὲ
2630 898 2917 965 ἐξουσιῶν·
2973 901 3129 969 φῶτα
3170 902 3227 955 δὲ
3272 903 3631 976 λειτουργῶν·
3690 909 3782 961 καὶ
3828 912 3878 963 οἱ

2311 987 2568 1060 θειότεροι
2595 991 2769 1055 τόποι,
2793 992 2885 1044 κα)⁵
2911 991 2979 1044 τὰ
3004 992 3285 1064 ἀκράτητα
3306 999 3397 1050 καὶ
3427 999 3699 1069 ἀκραιφνῆ
3727 999 3879 1067 φῶτα

2307 1078 2417 1132 τῶν
2447 1082 2705 1151 σεραιρὶμ,
2746 1081 2781 1135 ἃ
2821 1084 3198 1154 παρεστήκασι
3230 1090 3296 1158 τῇ
3331 1088 3541 1162 μεγάλῃ
3579 1089 3740 1160 βουλῇ
3770 1089 3881 1142 δια-

2306 1171 2609 1239 κρατοῦντα
2663 1173 2776 1243 (97)
2823 1174 2884 1226 τὸ
2931 1177 3067 1227 πᾶν·
3119 1178 3147 1229 ὁ
3187 1178 3245 1231 δὲ
3298 1179 3501 1249 κόσμος
3556 1180 3875 1250 ἀνθρώπων.

2318 1261 2441 1313 Ἐὰν
2472 1262 2526 1314 δὲ
2580 1263 3006 1332 μεταϐάλλεσθαι
3043 1265 3221 1337 δῶμεν
3275 1270 3400 1332 τοὺς
3444 1269 3763 1341 ἀνθρώπους
3805 1272 3878 1334 εις

2308 1353 2568 1419 ἀγγέλους
2592 1396 2605 1418 ,
2640 1356 2758 1426 ὦρα
2802 1352 3230 1427 μεταϐάλλεσθαι
3276 1362 3452 1429 λέγειν
3484 1365 3576 1416 καὶ
3614 1364 3740 1427 τοὺς
3785 1364 3880 1431 ἁγ-

2304 1443 2493 1509 γέλους
2522 1446 2603 1507 εἰς
2635 1445 2898 1510 ἐξουσίας,
2935 1449 3029 1501 καὶ
3065 1449 3267 1514 ταύτας
3303 1453 3383 1515 εἰς
3431 1452 3556 1506 ἄλλο
3599 1455 3691 1507 καὶ
3728 1454 3871 1509 ἄλλο,

2307 1532 2415 1583 ἔστ’
2453 1533 2517 1586 ἂν
2542 1537 2570 1587 ὁ
2598 1535 2753 1603 λόγος
2785 1538 2991 1601 ἀναϐὰς
3022 1540 3101 1602 εἰς
3128 1539 3369 1597 κίνδυνον
3399 1544 3633 1614 ἐμπέσῃ.

636 1624 690 1669 ει
722 1617 941 1685 angelos
986 1616 1041 1670 in
1100 1625 1421 1687 potestates,
1458 1626 1511 1672 et
1556 1617 1656 1673 has
1684 1617 1741 1670 in
1788 1618 1937 1672 aliud
1986 1628 2039 1673 et
2081 1620 2224 1675 aliud
2272 1629 2600 1685 transituras
2651 1632 2866 1697 dicere,
2924 1636 3099 1690 oratio
3147 1651 3407 1707 processu
3455 1640 3759 1710 periculum
3796 1639 3881 1694 in-

637 1719 838 1765 currat.

707 1801 797 1856 ΧΙ.
835 1801 1021 1873 Neque
1057 1818 1188 1858 vero
1216 1803 1362 1873 quod
1393 1803 1539 1858 velut
1586 1802 1789 1857 malum
1822 1803 2094 1859 hominem
2128 1806 2211 1861 fa-
2243 1818 2284 1870 Β

635 1895 929 1949 brieaverit
962 1894 1126 1957 Deus,
1160 1901 1254 1947 aut
1294 1894 1349 1948 in
1392 1910 1457 1950 eo
1507 1894 1757 1963 ﬁngendo
1783 1897 2071 1965 aberrarit,
2108 1913 2207 1953 an-

635 1986 813 2055 gelum
842 1993 1029 2054 postea
1069 1984 1249 2039 facere
1274 1984 1423 2039 illum
1466 1987 1672 2051 voluit,
1705 1987 1865 2058 quasi
1894 1988 2093 2058 ipsum,
2126 1991 2207 2044 vi-

634 2075 972 2130 lissimorum
1030 2074 1283 2144 opiﬁcum
1316 2076 1509 2143 instar,
1574 2078 1899 2147 poenitentia
1952 2080 2203 2149 cepisset.

634 2165 822 2235 Neque
854 2181 978 2220 cum
1017 2168 1266 2237 angelum
1297 2169 1571 2239 principio
1597 2170 1777 2225 facere
1804 2173 2203 2237 Constituisset,

635 2272 809 2325 nequc
833 2258 886 2311 id
909 2266 1055 2313 esset
1101 2268 1410 2325 assecutus,
1444 2260 1724 2314 hominem
1755 2263 2084 2330 procreavit.
2114 2262 2209 2316 Ni-

635 2349 831 2402 mirum
880 2350 1023 2403 istud
1048 2350 1378 2405 imbecillum
1423 2360 1525 2406 est.
1577 2351 1689 2407 Cur
1739 2351 1905 2421 igitur
1932 2352 2207 2408 hominem

635 2438 867 2494 faciebat
886 2455 995 2499 non
1024 2442 1298 2511 angelum,
1330 2442 1378 2495 si
1406 2442 1660 2511 angelum
1690 2442 1963 2497 hominem
2008 2444 2206 2509 facere,

633 2547 744 2586 non
774 2531 1051 2587 hominem
1077 2535 1354 2603 cogitabat
1377 2532 1399 2585 ἲ
1424 2534 1507 2587 An
1529 2534 1659 2602 quia
1689 2549 1795 2587 non
1833 2538 2086 2606 poterat?
2114 2536 2210 2592 Est

636 2623 739 2676 hoc
794 2623 1197 2693 blasphemum.
1260 2624 1343 2678 An
1420 2625 1478 2679 in
1542 2626 1815 2681 deteriore
1867 2637 2206 2699 occupatus,

633 2714 779 2785 quod
809 2716 1158 2784 praestantius
1182 2724 1267 2771 cst
1298 2715 1578 2773 differebat
1601 2719 1624 2771 ?
1646 2717 1740 2771 Est
1769 2726 1823 2773 et
1853 2719 1986 2772 illud
2011 2721 2205 2774 absur-

634 2807 787 2861 dum.
820 2805 1006 2876 Neque
1050 2810 1195 2863 enim
1247 2811 1301 2862 in
1358 2811 1634 2865 moliendo
1662 2812 1806 2865 bono
1864 2812 1949 2866 vel
1997 2811 2214 2864 aberrat

644 2898 811 2962 Deus,
868 2900 951 2953 vel
985 2899 1041 2951 in
1069 2900 1213 2955 aliud
1265 2909 1481 2972 tempus
1521 2903 1722 2973 rejicit,
1778 2903 1866 2958 vel
1917 2903 2215 2958 destitutus

644 2987 856 3043 viribus
909 2996 1032 3044 est:
1073 2991 1167 3045 sed
1218 3001 1271 3047 et
1307 3002 1589 3064 utcunque
1636 2995 1873 3059 libuerit,
1906 3003 1961 3049 et
1998 2994 2217 3064 quando

644 3079 887 3144 libuerit,
917 3081 1109 3150 agendi
1131 3089 1393 3152 potestate
1425 3095 1508 3139 est
1538 3086 1829 3155 praeditus,
1869 3088 1963 3156 qui
1995 3088 2066 3142 sit
2099 3087 2215 3155 ipsa

643 3172 906 3239 potentia.
940 3171 1301 3238 Quamobrem
1337 3177 1611 3231 hominem
1640 3194 1763 3233 esse
1810 3179 2083 3233 hominem
2114 3193 2213 3232 vo-

642 3261 781 3325 lens,
814 3262 973 3317 initio
1008 3264 1285 3333 produxit.
1319 3266 1475 3330 Quod
1510 3268 1557 3321 si
1593 3268 1645 3322 id
1686 3269 1877 3322 volens
1902 3268 2067 3336 fecit;
2096 3270 2215 3323 vult

634 3361 814 3407 autem
872 3354 1019 3423 quod
1075 3356 1277 3411 bonum
1309 3366 1433 3425 est;
1479 3359 1641 3414 homo
1690 3375 1821 3413 vero
1854 3360 2056 3414 bonum
2088 3369 2209 3425 est;

634 3446 887 3516 idemque
924 3460 991 3500 ex
1038 3447 1220 3500 anima
1272 3459 1487 3504 constat
1544 3458 1597 3505 et
1648 3466 1917 3521 corpore:
1966 3452 2215 3521 sequitur

635 3544 792 3591 extra
837 3551 1038 3606 corpus
1088 3524 1363 3594 hominem
1414 3543 1637 3599 minime
1693 3542 1830 3605 fore,
1868 3542 1963 3596 sed
2002 3543 2057 3595 in
2082 3558 2205 3597 cor-

635 3644 769 3698 pore
800 3648 811 3683 :
843 3644 910 3683 ne
949 3628 1089 3685 alius
1134 3640 1327 3699 prmter
1354 3633 1632 3689 hominem
1664 3635 1827 3688 homo
1852 3635 2203 3703 producatur.

637 3720 787 3791 Opus
811 3722 955 3776 enim
987 3731 1091 3789 cst,
1154 3727 1233 3778 uti
1280 3725 1388 3781 Deo
1425 3728 1753 3783 immortalia
1800 3745 1998 3797 genera
2024 3730 2206 3785 omnia

637 3826 1034 3873 conserventur
1063 3838 1076 3873 :
1117 3821 1267 3888 atqui
1298 3820 1460 3872 homo
1499 3831 1583 3873 est
1612 3821 1954 3876 immortalis.
2003 3821 2211 3875 Creavit

636 3909 799 3969 enim,
823 3908 998 3978 inquit
1032 3906 1310 3977 Sapientia
1352 3908 1421 3970 ’³,
1478 3908 1739 3962 hominem
1771 3910 2207 3963 inexterminabi-

2387 1812 2484 1864 IA'.
2524 1812 2663 1864 Ἀλλ’
2692 1812 2813 1866 οὔτε
2840 1815 2915 1879 ὡς
2944 1814 3143 1884 φαῦλον
3168 1820 3565 1893 τεκτηνάμενος
3588 1827 3617 1877 ὁ
3638 1825 3775 1889 Θεὸς
3793 1809 3883 1883 “cev

2309 1901 2611 1974 ἄνθρωπον,
2640 1904 2671 1973 ἢ
2704 1904 3079 1977 διαμαρτήσας
3125 1909 3292 1961 αὑτοῦ
3339 1914 3468 1983 περὶ
3512 1912 3609 1983 τὴν
3656 1916 3887 1972 διάπλα-

2314 2011 2397 2047 σιν
2434 1994 2565 2063 (98),
2599 1995 2829 2064 ἄγγελον
2875 1999 3035 2050 αὑτὸν
3075 1998 3297 2070 ὕστερον
3345 2002 3602 2073 ἐπενόησε
3638 2007 3885 2076 ποιῆσαι,

2310 2090 2625 2157 μεταγνοὺς,
2665 2087 2853 2160 ὥσπερ
2901 2090 2951 2141 οἱ
2994 2089 3316 2156 φαυλότατοι
3364 2093 3473 2146 τῶν
3499 2095 3885 2167 δημιουργῶν

2308 2178 2431 2232 οὔτε
2486 2179 2715 2247 ἄγγελον
2767 2183 2885 2233 κατ’
2917 2182 3089 2254 ἀρχὰς
3143 2184 3375 2255 θελήσας
3404 2187 3645 2257 ποιῆσαι,
3677 2190 3777 2242 καὶ
3810 2189 3886 2261 μὴ

2307 2273 2570 2343 δυνηθεὶς,
2602 2273 2888 2342 ἄνθρωπον
2925 2274 3186 2329 ἔπλασεν·
3228 2277 3449 2341 ἀσθενὲς
3480 2278 3635 2332 τοῦτο
3662 2281 3795 2353 γάρ.
3826 2282 3892 2335 τι

2307 2367 2505 2437 δήποτε
2529 2360 2620 2419 οὖν
2652 2365 2742 2418 τὸν
2773 2366 3055 2439 ἄνθρωπον
3081 2366 3274 2430 ἐποίει,
3304 2369 3398 2421 καὶ
3424 2369 3523 2421 οὐκ
3552 2369 3807 2437 ἄγγελον,
3826 2369 3896 2423 εῐ-

2310 2474 2372 2525 γε
2418 2457 2642 2525 ἄγγελον
2690 2457 2781 2511 τὸν
2830 2458 3134 2530 ἄνθρωπον,
3169 2459 3263 2511 καὶ
3290 2460 3390 2512 οὐκ
3425 2460 3709 2531 ἄνθρωπον
3739 2464 3893 2530 γενέ⁸

2314 2550 2433 2601 σθαι
2473 2548 2772 2619 ἡθέλησεν;
2817 2550 2904 2614 Ὠς
2931 2551 2991 2603 οὐ
3023 2550 3347 2621 δυνάμενοςς
3381 2551 3731 2622 Βλάσφημον.
3753 2553 3894 2606 Ἀλλ’

2312 2638 2630 2690 ἀνεϐάλλετο
2659 2638 2785 2710 περὶ
2811 2640 2904 2691 τοῦ
2925 2640 3232 2711 κρείττονος
3249 2641 3309 2693 τὸ
3334 2644 3511 2712 χεῖρον
3540 2642 3743 2706 ποιῶν;
3784 2646 3895 2697 Καὶ

2312 2730 2465 2782 τοῦτο
2496 2732 2714 2785 ἄτοπον.
2739 2730 2875 2784 Οὔτε
2901 2731 3009 2803 γὰρ
3052 2732 3432 2801 διασφάλλεται
3471 2733 3597 2803 περὶ
3628 2734 3690 2786 τὸ
3720 2737 3899 2790 ποιεῖν

2315 2820 2375 2873 τὺ
2403 2821 2583 2884 καλὸν,
2622 2822 2744 2874 οὔτε
2777 2821 3154 2888 ἀναδόιλλεται,
3178 2821 3302 2875 οὔτε
3326 2823 3606 2877 ἀδυνατεῖο
3635 2823 3778 2877 ἀλλὰ
3800 2826 3897 2878 καὶ

2314 2911 2388 2973 ὡς
2442 2912 2608 2973 θέλει,
2642 2914 2734 2965 καὶ
2784 2913 2871 2965 ὅτε
2917 2913 3081 2977 θέλει,
3114 2912 3174 2965 τὸ
3203 2912 3461 2966 δύνασθαι
3500 2912 3633 2983 ἔχει,
3660 2913 3897 2985 δύναμις

2315 3004 2410 3056 ὢν.
2442 3003 2649 3057 Οὐκοῦν
2678 3001 2813 3056 εἶναι
2853 3004 2943 3057 τὸν
2970 3003 3251 3075 ἄνθρωπον
3285 3003 3569 3072 ἄνθρωπον
3602 3003 3776 3056 θέλων
3836 3007 3893 3072 ἐξ

2319 3096 2489 3167 ἀρχῆς
2516 3096 2748 3151 ἔκτισεν.
2785 3096 2847 3149 Εἰ
2875 3095 2931 3149 δὲ
2958 3095 3155 3149 θέλων’
3188 3093 3330 3147 θέλει
3363 3094 3420 3147 δὲ
3450 3095 3512 3148 τὸ
3548 3094 3709 3148 καλὸν
3732 3112 3746 3125 ·
3796 3113 3898 3148 κα-

2319 3185 2409 3237 λὸν
2451 3184 2506 3237 δὲ
2556 3186 2585 3236 ὁ
2627 3183 2939 3255 ἄνθρωπος’
2990 3184 3273 3255 ἄνθρωπος
3306 3184 3363 3236 δὲ
3395 3184 3454 3236 τὸ
3483 3186 3548 3237 ἐκ
3579 3183 3762 3253 ψυχῆς
3805 3186 3899 3239 καὶ

2323 3272 2570 3343 σώματος
2596 3272 2811 3340 λέγεται
2846 3272 3096 3325 συντεθέν
3116 3289 3129 3303 ·
3158 3274 3258 3325 οὐκ
3284 3272 3435 3326 ἔσται
3463 3273 3571 3343 ἄρα
3602 3273 3766 3335 ἐκτὸς
3794 3274 3901 3327 σώ-

2324 3368 2529 3434 ματοςὸ
2547 3366 2845 3436 ἄνθρωπος,
2876 3364 3010 3417 ἀλλὰ
3034 3364 3170 3435 μετὰ
3199 3364 3463 3435 σώματος,
3502 3364 3587 3416 ἵνα
3624 3365 3697 3435 μὴ
3737 3364 3901 3430 ἄλλος

2320 3456 2600 3526 ἄνθρωπος
2636 3455 2785 3525 παρὰ
2821 3456 2911 3509 τὸν
2940 3456 3222 3526 ἄνθρωπον
3246 3454 3500 3525 γεννηθῇ.
3547 3455 3636 3504 Δεῖ
3669 3452 3788 3523 γὰρ
3818 3452 3900 3523 τῷ

2309 3547 2426 3617 Θεῷ
2442 3548 2507 3599 τὰ
2524 3548 2763 3600 ἀθάνατα
2793 3547 2922 3617 γένη
2950 3546 3124 3599 πάντα
3156 3544 3453 3610 σώζεσθαιο
3489 3543 3756 3597 ἀθάνατον
3786 3543 3843 3595 δὲ
3869 3544 3900 3597 6

2310 3638 2857 3709 ἄνθρωπος.Ἔκτισε
2887 3639 3013 3707 γὰρ,
3049 3638 3270 3707 φησὶνή
3308 3636 3496 3705 Σοφία,
3530 3633 3637 3687 τὸν
3672 3634 3901 3701 ἄνθρω-

2313 3747 2431 3783 πον
2457 3736 2488 3783 d
2517 3728 2660 3795 Θεὸς
2703 3728 2801 3781 ἐπὶ
2834 3729 3154 3797 ἀφθαρσίᾳ,
3217 3726 3317 3781 καὶ
3365 3726 3565 3779 εἰκόνα
3592 3722 3900 3791 τῆςκιΰιας

2315 3820 2650 3886 ἀτδιότητος
2671 3818 2959 3885 ἐποίησεν
2996 3821 3202 3871 αὐτόν.
3224 3820 3338 3870 Οὐκ
3375 3817 3483 3888 ἄρα
3509 3813 3810 3868 ἀπόλλυται
3835 3815 3898 3869 τὸ

2321 3912 2509 3982 σῶμα.⁸
2543 3913 2570 3963 ὁ
2601 3911 2708 3982 γὰρ
2740 3910 3023 3983 ἄνθρωπος
3057 3912 3120 3963 ἐκ
3152 3910 3325 3980 ψυχῆς
3349 3909 3444 3961 καὶ
3475 3904 3746 3978 σώματος.

639 4000 739 4057 lem
775 4002 1001 4073 (95),et.
1030 4002 1312 4072 imaginem
1362 4004 1676 4056 wterm'tatis
1726 4020 1837 4057 suae
1890 4005 2011 4073 fecit
2041 4006 2213 4059 illum.
2272 4006 2482 4076 Corpus
2530 4006 2713 4076 itaque
2767 4020 2878 4059 non
2920 4019 3147 4074 prorsus
3198 4000 3563 4071 exstinguitur
3608 4008 3663 4055 et
3708 4000 3894 4071 perit;

638 4111 765 4151 nam
796 4097 959 4151 homo
982 4112 1049 4151 ex
1073 4096 1252 4149 anima
1280 4104 1333 4150 et
1352 4112 1582 4167 corpore
1608 4098 1884 4153 consistit.

712 4189 757 4222 “
798 4190 926 4257 Sap.
966 4205 1027 4251 ll,
1058 4187 1149 4243 2⁸5.

712 4283 821 4364 ι)
864 4283 908 4337 Τ
913 4284 1067 4337 hroni
1095 4280 1684 4364 σαιρηιηριοιεειαῑὶὺω.
1714 4279 1953 4364 Ῡὶιιεῑυιί
1974 4280 2211 4364 difﬁcile,

638 4353 771 4423 quid
804 4356 857 4407 in
890 4355 1167 4421 corporeis
1187 4353 1453 4423 intelligat
1485 4367 1550 4406 eo
1581 4353 1801 4423 nomine
1827 4353 2214 4423 prmterrcmlos

640 4420 695 4477 et
726 4422 953 4483 lumina,
987 4420 1127 4477 isive
1173 4424 1264 4475 illa
1314 4420 1468 4475 nobis
1491 4420 1784 4488 conspicua
1828 4437 1949 4489 qua:
1979 4421 2215 4474 admini-

641 4493 771 4582 stris
831 4492 1106 4570 assignat,
1144 4492 1259 4544 sive
1316 4490 1584 4582 diviniora
1645 4491 1931 4582 ἀκράτῃτα
1979 4492 2069 4570 illa
2121 4491 2214 4542 καὶ
2245 4530 2289 4582 D

640 4560 917 4631 ἀκραιφνῆ
960 4560 1584 4631 assignataseraphinis,
1617 4576 1736 4628 quae
1764 4560 2016 4631 videntur
2037 4561 2213 4627 ipsum

642 4628 919 4684 immobile
948 4638 1001 4699 et
1025 4628 1481 4699 invisibilepnohis
1514 4645 1850 4699 empyreum,
1884 4629 2117 4683 inﬂuens
2136 4643 2217 4682 se-

641 4699 866 4769 raphica
891 4698 1205 4753 assistentia
1226 4697 1481 4769 univer_so
1512 4697 1651 4752 huic
1668 4699 2215 4769 pernianentiam,_ut

641 4765 858 4823 tandem
917 4769 1096 4821 visum
1127 4773 1211 4820 est
1260 4782 1379 4837 meo
1406 4765 1647 4837 Thema},
1669 4765 2077 4837 _signiﬁcatque
2103 4767 2215 4820 Me-

639 4839 860 4893 thodius
898 4838 1007 4891 illis
1054 4837 1237 4906 verbis
1264 4835 1653 4905 διακρατοῦντα
1679 4835 1904 4895 con-5w,
1952 4835 2105 4906 juxta
2134 4839 2213 4890 le-

641 4909 879 4962 ctionem
936 4905 1123 4977 Rupif.
1175 4920 1339 4977 quam
1392 4920 1582 4958 sumus
1624 4909 1818 4977 secuti.
1859 4905 2020 4962 Forte
2044 4907 2214 4961 voluit

641 4977 870 5033 thronos
897 4993 961 5032 ac
983 4974 1142 5032 sedes
1174 4976 1225 5029 in
1249 4989 1524 5044 empyreo,
1571 4974 1716 5041 quod
1744 4977 2069 5041 respondeat
2095 4992 2214 5031 cae-

642 5046 733 5107 lis,
763 5048 1057 5116 assignatis
1088 5045 1387 5116 spiritibus
1418 5044 1924 5116 ministris,_praeter
1989 5049 2211 5115 puriora

642 5115 743 5186 illa,
770 5116 825 5168 in
854 5113 919 5170 eo
946 5113 1254 5185 seraphinis
1282 5114 1557 5183 assignata
1588 5113 1815 5168 lumina.
1843 5113 2055 5179 Quanta
2084 5133 2215 5186 por-

642 5199 707 5239 ro
732 5185 845 5239 haec
872 5186 1254 5255 probabilitate
1279 5186 1543 5255 nitantur,
1572 5191 1632 5235 ut
1658 5189 1712 5236 et
1728 5186 1893 5255 ‘quod
1916 5185 2107 5239 statim
2128 5203 2213 5240 se-

643 5255 849 5325 quitur,
872 5250 947 5309 lle
982 5257 1161 5309 futura
1190 5264 1315 5326 post
1367 5254 1558 5326 iudicii
1613 5250 2089 5326 conﬂagrationem
2115 5260 2214 5309 hoc

642 5322 853 5380 milium
891 5322 1248 5389 habitatione,
1280 5322 1427 5381 terra
1483 5322 1585 5378 hac
1649 5322 1813 5375 nova
1854 5341 1949 5394 per
2020 5325 2213 5379 Isaiam

641 5397 933 5464 promissa,
965 5396 1207 5465 caeloque
1251 5404 1304 5450 et
1355 5410 1480 5449 aere
1509 5408 1685 5457 novo;
1738 5397 2020 5465 operosius
2052 5396 2213 5449 fuerit

644 5466 937 5527 discutere.
966 5464 1297 5534 alteriusque
1328 5474 1381 5520 et
1429 5466 1524 5519 otii
1554 5472 1607 5519 et
1635 5477 1831 5530 operae.
1882 5464 1994 5519 lloc
2021 5466 2212 5519 saltem

644 5537 972 5599 censtiterit,
1028 5535 1217 5589 abesse
1251 5534 1582 5590 Methodium
1609 5534 1663 5587 in
1689 5548 1786 5587 sua
1816 5534 1905 5587 illa
1958 5536 2214 5603 opinione

644 5606 714 5658 ab
742 5622 927 5661 errore
952 5604 1395 5675 Millenariorum,
1432 5622 1533 5660 nec
1564 5605 1638 5657 ita
1674 5606 2211 5675 ponereparadisum

645 5676 953 5730 sensibilem
986 5678 1044 5731 in
1092 5674 1338 5730 sensibili
1382 5682 1549 5737 terra,
1582 5674 1852 5727 utdivinze
1876 5674 2093 5729 interim
2124 5674 2209 5727 vi-

645 5745 818 5798 sinnis
844 5748 1069 5812 gratiam
1102 5750 1279 5815 neget,
1315 5760 1422 5815 qua
1454 5747 1626 5800 simus
1658 5758 1784 5798 vere
1813 5743 1979 5815 beati,
2010 5753 2065 5799 et
2086 5745 2212 5815 ani-

642 5830 773 5881 mo;
809 5814 1120 5871 conferente
1169 5813 1372 5869 mundo
1432 5816 1758 5881 instaurate,
1792 5813 1859 5867 ad
1889 5814 2208 5870 nonnullam

2322 4281 2748 4334 instauratorum
2782 4296 3012 4349 corpore
3060 4279 3361 4335 incolarum
3404 4276 3743 4349 felicitatem.
3791 4281 3896 4335 mi-

2320 4352 2479 4420 rabili
2534 4353 2625 4403 illa
2670 4348 2940 4420 εὐκρασῖα
2996 4365 3093 4403 sua
3152 4358 3204 4401 et
3262 4348 3688 4420 temperatione,
3722 4366 3893 4418 quam

2320 4419 2482 4479 Dens,
2517 4436 2614 4475 ceu
2641 4416 3049 4474 amantissimus
3082 4426 3255 4488 pater,
3273 4416 3663 4488 administrare
3703 4416 3760 4473 et
3795 4436 3894 4473 cu-

2319 4505 2438 4543 rare
2472 4491 2666 4559 habeat
2710 4509 2720 4541 :
2750 4486 3212 4559 ὲπιτροπεύοντος.
3243 4486 3367 4539 Mihi
3397 4489 3672 4559 enimvero
3694 4492 3895 4545 melius

2321 4576 2441 4614 esse
2470 4575 2594 4613 cum
2627 4556 2951 4623 Christo,'et
2978 4568 3038 4612 ut
3080 4569 3337 4627 tanquam
3372 4556 3672 4610 membrum
3706 4575 3896 4626 quan.

2322 4630 2497 4697 doque
2521 4645 2717 4698 sequar
2741 4632 2795 4683 in
2834 4632 3030 4684 cmlum
3073 4630 3233 4681 etiam
3282 4640 3529 4698 corpore.
3590 4630 3894 4683 exaltatum

2322 4696 2484 4768 super
2516 4696 2706 4753 omnes
2728 4696 3467 4768 caelosilivinissiinumillud
3499 4703 3661 4768 caput
3684 4714 3892 4768 nicum.

2393 4764 2501 4837 i955)
2527 4769 3068 4831 lnexlerminabilem,
3106 4769 3197 4819 ἐπὶ
3225 4764 3519 4837 ἀφθαρσίᾳ.
3581 4764 3671 4819 Sic
3724 4766 3892 4837 Vulg.

2320 4847 2372 4891 et
2400 4840 2536 4892 Sixt.
2566 4839 2683 4893 Non
2712 4840 2851 4892 male
2884 4838 3069 4907 Tignr.
3102 4845 3154 4907 et
3183 4836 3371 4889 eodem
3396 4849 3580 4907 sensu,
3607 4836 3895 4890 immorta—

2323 4910 2480 4969 litali,
2516 4910 2617 4962 hoc
2640 4916 2744 4968 est,
2775 4918 2832 4961 ut
2862 4902 3182 4961 immortalis
3222 4915 3385 4959 esset.
3430 4902 3605 4976 D_linus
3632 4909 3895 4976 exprimit

2321 4980 2547 5047 interpr.
2580 4978 2867 5047 Epiphan.,
2902 4979 2957 5030 in
2992 4974 3525 5047 incorruptione._.'l_‘b.
3551 4975 3654 5028 ,καὶ
3701 4974 3896 5031 εἰκόνα

2322 5043 2938 5118 ευδρίὀειιιιιῖ-Ιὲἓυηάυηι
2990 5045 3108 5098 κατ’
3142 5045 3347 5118 εἰκόνα.
3376 5043 3590 5118 Habent
3612 5047 3897 5101 nihilomi-

2321 5115 2433 5172 nus'
2448 5122 2607 5172 etiam
2640 5115 2801 5179 sm,
2837 5127 3163 5186 quanquam
3196 5115 3464 5183 interpres
3508 5116 3756 5171 videatur
3820 5118 3894 5186 le—

2321 5190 2465 5257 gisse
2493 5189 2584 5240 καὶ
2611 5190 2733 5239 κατ’
2760 5183 3057 5257 εἰκόναὶςε-
3097 5183 3510 5257 ad__imaginem,
3549 5186 3657 5241 nisi
3715 5185 3895 5257 voluit

2319 5252 2585 5327 glossare,
2619 5266 2711 5310 aut
2772 5256 2933 5327 sequi
2959 5253 3117 5327 Yulg.
3153 5252 3271 5327 Non
3303 5252 3458 5310 video
3501 5258 3614 5325 ipse
3646 5256 3778 5325 quid
3819 5255 3893 5309 ibi

2322 5326 2392 5381 sn
2426 5329 2690 5395 scrupuli,
2722 5343 2823 5381 nec
2846 5326 2995 5379 reddi
3023 5326 3212 5396 pgssit,
3243 5336 3291 5379 et
3321 5327 3599 5396 imaginem
3617 5328 3893 5396 intertrigo:

2322 5400 2419 5461 tis;
2455 5392 2671 5466 quando
2691 5406 2743 5451 et
2773 5396 2974 5450 Paulus
3002 5395 3019 5447 l
3048 5392 3174 5448 Cor.
3204 5409 3281 5459 ιι,
3308 5392 3579 5453 hominem
3602 5396 3759 5456 dicit,
3785 5394 3893 5466 Dei

2319 5469 2599 5537 imaginem
2642 5478 2691 5520 et
2748 5468 3157 5538 gloriamhnon
3190 5465 3258 5519 ad
3313 5468 3625 5538 imaginem.
3652 5465 3889 5533 Quidam

2320 5533 2765 5609 pro‘a‘iiaiomtog’
2788 5540 2971 5606 legunt
3001 5533 3285 5609 _i5t61qeo;.

2412 5609 2501 5676 96)
2525 5610 2705 5671 Triae).
2732 5605 2919 5676 lmpt‘.,
2951 5605 3126 5676 τύτιῳ.

2530 5659 2979 5750 Διᾳὲριίτοῖῖινέα.
3020 5659 3182 5750 Ειῖξιί,
3220 5676 3604 5750 διακρατούσῃ.

2411 5742 2501 5820 98)
2525 5742 2874 5802 Διάπξλασιν.
2899 5744 2987 5801 Al.
3020 5744 3235 5803 πλάσιν.
