4028 6318
181 383 274 440 285

1219 377 1311 435 5x
1350 377 1555 434 LIBRO
1595 377 1684 432 DE
1724 375 2339 434 RESUMKECTIONE.

3319 377 3427 435 286

178 497 396 569 θνῆσκον
415 498 449 568 ἡ
480 497 597 569 ζωὴ
625 496 954 568 κληρονομεῖ
973 512 987 526 ο
1019 495 1104 550 ἵνα
1136 498 1224 561 εις
1252 495 1420 562 νῖκος
1447 499 1480 550 ὁ
1501 492 1752 559 θάνατος

1860 493 2226 562 corruptione.
2252 491 2409 546 Nunc
2437 505 2572 546 vero
2620 490 2731 545 vita
2761 496 3034 545 mortuum
3063 489 3328 561 possidet,
3365 500 3427 544 ut

177 585 471 655 καταποθῇ
487 590 610 640 ὑπὸ
632 586 744 654 τῆς
768 585 934 654 ζωῆς,
969 586 1142 640 καὶτὸ
1161 585 1395 657 φθαρτὸν
1425 587 1523 656 τῆς
1545 585 1754 656 ἀφθαρ-

179 682 291 743 σίας
319 681 504 749 κτῆμα
534 681 628 732 καὶ
657 680 756 748 τῆς
784 677 1078 740 ἀθανασίας
1107 680 1270 747 φανῇ,
1298 677 1495 746 ἄφετον
1527 677 1627 746 μὲν
1658 677 1752 728 καὶ

178 770 459 839 ἐλεύθερον
510 767 744 821 θανάτου
792 768 1076 835 γενόμενον
1106 763 1200 817 καὶ
1236 763 1526 834 ἁμαρτίας,
1569 763 1752 816 δοῦλον

177 859 351 914 δὲκαὶ
403 861 646 931 ὑπήκοον
714 857 1042 920 ἀθανασίας·
1101 857 1247 919 ὅπως
1288 856 1386 925 τῆς
1448 854 1751 925 ἀφθαρσίας

175 953 257 1022 εἴη
279 951 341 1004 τὸ
365 951 524 1022 σῶμα
551 951 755 1020 κτῆμα,
795 949 888 1002 καὶ
912 947 986 1018 μὴ
1007 946 1098 999 τοῦ
1122 946 1370 1017 σώματος
1395 949 1427 1016 ἡ
1453 945 1747 1017 ἀφθαρσία.

241 1147 343 1198 ΙΔ⁹.
374 1145 439 1196 Εἰ
466 1145 530 1195 ὲκ
545 1141 799 1212 τοιαύτης
829 1139 904 1210 (6)
935 1140 1192 1207 σταγόνος
1228 1139 1484 1211 βραχείας
1514 1141 1609 1194 καὶ
1650 1159 1754 1211 μη-

172 1235 318 1290 δέπω
364 1234 533 1302 οὔσης
585 1233 644 1285 τὸ
698 1232 937 1292 σύνολον,
994 1229 1128 1300 μηδὲ
1161 1231 1218 1282 ὲν
1257 1229 1493 1302 ὑγρασία
1529 1232 1750 1302 τοιαύτῃ

175 1331 266 1380 καὶ⁵
289 1327 491 1393 συνοχῇ
521 1326 614 1376 καὶ
644 1321 863 1392 manui),
895 1323 960 1373 ὲκ
978 1319 1070 1372 τοῦ
1108 1320 1330 1390 μηδενὸς
1351 1319 1634 1391 ἄνθρωπος
1662 1323 1751 1390 γί-

175 1433 341 1480 νεται,
387 1415 504 1476 πῶς
530 1415 650 1482 οὐχὶ
690 1412 886 1482 μᾶλλον
912 1412 976 1462 ἐκ
1005 1409 1098 1462 τοῦ
1151 1410 1253 1478 ήδη
1290 1411 1630 1480 ὑπάρξαντος
1660 1412 1753 1462 ἁν-

174 1508 393 1581 θρώπου
431 1505 716 1576 ἄνθρωπος
758 1503 910 1555 ἔσται
939 1497 1092 1563 αὖθις
1115 1504 1146 1553 ό
1179 1501 1493 1571 ἀνθρωπος;
1531 1503 1605 1555 Ού
1645 1503 1753 1574 γὰρ

171 1598 312 1652 οὕτω
343 1596 420 1667 (7)
461 1595 598 1666 μετά
612 1595 671 1647 τὸ
692 1595 789 1664 ήδη
817 1593 1178 1661 γεγενημένον
1199 1593 1291 1644 καὶ
1323 1591 1569 1644 διαλυθὲν
1592 1595 1751 1664 ποιῆ-

175 1705 261 1742 σαι
284 1687 475 1746 πάλιν,
503 1687 579 1749 ὡς
613 1683 837 1755 μηδέπω
883 1681 1246 1751 γεγενημένον
1281 1682 1344 1733 ὲκ
1367 1681 1462 1733 τοῦ
1497 1681 1571 1752 μὴ
1601 1682 1754 1746 δντος

173 1779 604 1834 κατασκευάσαι.
667 1780 790 1832 Ἐὰν
826 1776 919 1833 οὖν
946 1781 1291 1852 ὲθελήσωμεν
1338 1781 1506 1846 δεῖξαι
1533 1782 1630 1852 τὴν
1661 1798 1752 1850 γο-

171 1872 262 1942 νὴν
293 1872 394 1942 τὴν
424 1871 534 1924 ἀπὸ
557 1871 652 1924 τοῦ
677 1872 902 1944 ἄρρενος
930 1874 1387 1946 ἀποκρινομένην,
1416 1875 1750 1946 παραγάγω-

175 1978 273 2031 μεν
303 1961 386 2025 δὲ,
407 1960 543 2013 αὐτὸ
563 1960 683 2013 καθ’
717 1962 898 2024 ἑαυτὸ,
923 1964 1016 2014 καὶ
1046 1961 1368 2033 τεθνηκότος
1395 1963 1576 2033 σῶμα’
1604 1965 1752 2016 ποῖον

175 2055 558 2106 πιστεύσουσιν
586 2055 723 2122 ἡμῖν
778 2054 826 2105 οἱ
866 2053 1079 2126 θεωροὶ,
1110 2057 1190 2117 είς
1216 2055 1276 2107 τὸ
1307 2056 1536 2126 φανερὸν
1565 2055 1754 2108 ἐκατέ-

177 2161 280 2214 ρων
314 2145 610 2213 κειμένων,
651 2143 868 2197 ἔσεσθαι
893 2145 1216 2215 ἄνθρωπον;
1248 2142 1356 2216 ἆρα
1387 2147 1486 2218 τὴν
1520 2148 1755 2215 σταγόνα

175 2235 386 2302 ἐκείνην
420 2237 522 2305 τὴν
549 2236 687 2298 ὅλως
702 2237 852 2288 οὐδὲν
880 2238 1250 2307 ὑπάρχουσαν,
1276 2238 1417 2308 ἢτὸν
1443 2239 1540 2308 ἢδη
1568 2239 1754 2308 σχῆμα

176 2327 264 2377 καὶ
317 2325 551 2393 μέγεθος
603 2328 700 2378 καὶ
752 2328 1048 2379 ὑπόστασιν
1099 2327 1316 2396 ἐχοντα;
1364 2329 1425 2380 Εί
1449 2329 1556 2400 γὰρ
1581 2331 1755 2383 ἐκεῖνο

174 2415 230 2466 τὺ
278 2414 417 2477 ὅλως
456 2415 630 2477 οὐδὲν,
696 2417 854 2484 μόνον
901 2417 1254 2488 ἐθελήσαντος
1305 2417 1460 2480 Θεοῦ,
1503 2421 1661 2473 πάλιν
1695 2421 1755 2473 τὸ

176 2504 302 2557 αὐτὸ
328 2503 616 2573 ἄνθρωπος
657 2504 886 2572 γίνεται,
923 2505 1102 2576 πολλῷ
1133 2504 1332 2574 μᾶλλον
1358 2506 1418 2557 τὸ
1449 2506 1551 2576 ἤδη
1578 2507 1754 2579 ὑπάρ-

174 2612 262 2664 χον
298 2597 394 2648 καὶ
437 2594 882 2664 τετελειωμένον,
930 2596 1284 2667 ἐθελήσαντος
1322 2596 1415 2649 τοῦ
1478 2598 1634 2662 Θεοῦ,
1695 2599 1756 2652 τὸ

179 2687 302 2739 αὐτὸ
357 2685 524 2738 πάλιν
565 2686 850 2758 ἄνθρωπος
879 2687 1132 2757 γενέσθαι
1169 2688 1266 2759 (8).
1313 2689 1467 2742 Ἐπεὶ
1491 2692 1544 2742 τί
1575 2690 1758 2761 βουλό-

181 2795 333 2846 μενος
361 2778 436 2846 (9)
473 2778 500 2829 ό
523 2777 767 2846 θεολόγος
790 2779 1049 2850 Μωῡσῆς,
1079 2779 1176 2850 τὴν
1197 2781 1336 2833 κατὰ
1366 2781 1464 2851 τὴν
1491 2799 1760 2853 σκηνοπη-

177 2869 297 2936 γίαν
332 2869 526 2940 ἑορτὴν
569 2871 625 2923 ὲν
670 2869 748 2939 τῷ
771 2870 1041 2940 Λευῖτικῷ
1091 2870 1366 2940 μυστικῶς
1396 2873 1756 2942 είσηγήσατο;

178 2955 318 3030 Ἆρα
340 2961 449 3031 γὰρ
485 2960 571 3013 ἵνα
616 2959 789 3024 οὕτως
834 2961 1181 3032 ἑορτάσωμεν
1216 2962 1295 3032 τῷ
1330 2962 1470 3032 Θεῷ,
1507 2963 1758 3034 καθάπερ

180 3050 500 3121 ἐξηγοῦνται
530 3050 869 3121 χυδαιότερον
891 3053 940 3104 οἱ
957 3053 1202 3105 Ἰουδαῖοι
1230 3053 1475 3117 νοοῦντες
1498 3054 1594 3117 τὰς
1624 3054 1760 3124 Γρα-

1781 1838 1829 1898 Β

1855 599 1996 637 mors
2017 585 2074 635 in
2109 583 2383 638 victoriam
2417 581 2763 635 absorbeatur
2789 599 2820 636 σ
2844 581 2952 633 vita
3005 581 3089 635 ":
3127 589 3294 650 utque
3325 580 3424 635 ob-

1853 674 2079 728 noxium
2123 673 2258 726 illud
2288 673 2649 743 corruptioni,
2670 671 3116 741 .incorrnptionis
3141 673 3426 726 immorta-

1853 763 2134 833 litatisque
2181 763 2462 831 possessio
2513 765 2639 816 liat:
2673 763 3022 830 solutumque
3052 768 3108 814 et
3134 760 3365 814 liberum
3393 774 3425 814 a

1853 864 2028 910 morte
2057 861 2112 908 et
2141 861 2364 923 peccato
2384 892 2400 914 ,
2434 853 2828 907 immortalitati
2870 867 3084 906 servum
3117 850 3426 905 subditum-

1853 963 1959 1018 que
1979 945 2283 1002 concedat:
2326 952 2386 998 ut
2432 945 2504 1000 sit
2551 960 2788 1014 corpus,
2829 941 3254 1013 incorruptionis
3299 956 3427 1011 pos-

1854 1039 2028 1095 sessio
2054 1056 2068 1103 ;
2105 1053 2213 1091 non
2240 1034 2604 1105 incorruptio,
2637 1034 2906 1104 corporis.

1924 1148 2064 1204 XIV.
2113 1149 2251 1203 Cum
2275 1164 2339 1203 ex
2381 1156 2490 1201 tam
2545 1147 2761 1199 modica
2815 1145 3020 1201 stillula
3083 1157 3148 1198 ac
3193 1143 3425 1199 necdum

1853 1256 2081 1314 prorsus
2106 1241 2425 1300 exsistenle,
2451 1252 2520 1291 ne
2541 1237 2762 1307 quidem
2803 1238 2857 1290 in
2889 1236 3158 1306 ejusmodi
3178 1234 3422 1298 humido,

1856 1335 2315 1403 arctitudineque,
2367 1346 2430 1384 ac
2474 1329 2743 1399 parvitate
2797 1329 2944 1400 (l0);
2977 1328 3210 1397 denique
3251 1343 3316 1382 ex
3340 1327 3427 1382 ni-

1854 1426 1988 1486 hilo,
2028 1425 2189 1478 homo
2214 1422 2306 1476 liat
2331 1439 2345 1475 :
2374 1421 2466 1490 qui
2498 1434 2603 1472 non
2635 1420 2817 1488 potius
2846 1433 2913 1472 ex
2935 1419 3156 1473 homine
3178 1418 3271 1488 qui
3299 1417 3424 1482 fuit.

1857 1516 2020 1570 fuerit
2049 1528 2244 1569 rursus
2295 1511 2695 1566 resurrectione
2750 1507 2955 1562 homo?
2999 1507 3178 1562 Minus
3227 1509 3428 1578 quippe

1855 1605 2070 1658 videtur
2099 1602 2334 1664 diﬂicile,
2365 1610 2424 1654 ut
2453 1600 2597 1669 quod
2634 1598 2735 1653 fuit
2763 1605 2816 1652 et
2853 1605 2937 1652 est
2957 1595 3307 1660 dissolutum,
3331 1596 3429 1652 de-

1855 1710 1967 1749 nuo
1999 1703 2360 1763 componatur
2378 1699 2432 1746 et
2462 1698 2775 1759 reparatum
2825 1687 2917 1740 ﬁat
2940 1727 2954 1751 ,
2985 1702 3148 1756 quam
3193 1695 3252 1740 ut
3277 1684 3426 1756 quod

1858 1787 2099 1841 nondum
2127 1784 2250 1848 fuit,
2269 1800 2332 1838 ex
2353 1781 2782 1850 nihiloprodeat.
2812 1777 3008 1844 Quare,
3029 1778 3076 1832 si
3103 1777 3307 1840 lubeat,
3335 1791 3431 1832 ex-

1856 1885 2062 1931 cretam
2094 1889 2124 1927 a
2159 1874 2404 1928 masculo
2439 1871 2705 1936 feturam;
2761 1870 2937 1940 ipsam
2973 1868 3228 1922 nimirum
3273 1881 3426 1922 seor-

1854 1967 1992 2020 sim:
2025 1963 2376 2032 defunctique
2395 1963 2647 2024 cadaver,
2686 1961 2741 2014 in
2773 1961 3010 2015 medium
3034 1959 3423 2030 producamus.

1855 2057 1992 2112 Tum
2013 2071 2168 2125 rogo,
2209 2054 2474 2108 ambobus
2506 2054 2683 2122 palam
2717 2054 2984 2120 expositis
3000 2052 3424 2122 propositisque,

1855 2146 2128 2216 quodnam
2154 2151 2491 2214 spectatores
2517 2141 2792 2197 hominem
2816 2141 2932 2196 fore
2964 2141 3227 2197 credituri
3258 2148 3386 2198 sunt
3402 2140 3432 2198 τ

1853 2251 1984 2291 num
2047 2235 2308 2288 stillulam
2354 2233 2536 2299 illam,
2589 2247 2709 2303 qua:
2764 2232 2899 2286 nihil
2939 2247 3166 2302 prorsus
3199 2233 3304 2288 sit?
3355 2247 3428 2289 an

1854 2333 2131 2379 mortuum
2163 2323 2336 2392 ﬁgura
2363 2322 2474 2390 jam
2507 2323 2760 2392 moleque
2793 2329 2845 2376 et
2895 2322 3199 2377 substantia
3227 2321 3430 2391 praedi-

1854 2417 2015 2472 tum?
2048 2415 2103 2470 Si
2137 2418 2282 2471 enim
2309 2415 2444 2470 illud
2473 2414 2618 2485 quod
2653 2415 2811 2484 plane
2859 2413 2994 2466 nihil
3017 2412 3283 2479 videatur,
3315 2412 3429 2468 Deo

1855 2516 2067 2563 tantum
2111 2508 2325 2562 volente
2369 2507 2550 2576 ipsum
2601 2506 2797 2560 iterum
2851 2505 3013 2559 homo
3056 2512 3423 2574 procreatur:

1856 2600 2054 2670 potiori
2068 2599 2213 2668 jure,
2241 2599 2388 2668 quod
2435 2607 2520 2654 est
2569 2598 2681 2666 jam
2738 2605 2793 2652 et
2834 2596 2936 2651 fuit
2967 2605 3425 2660 consummatum,

1859 2693 2151 2746 accedente
2192 2692 2375 2746 divina
2402 2689 2701 2752 voluntate,
2757 2688 2811 2742 id
2846 2689 3022 2757 ipsum
3060 2688 3237 2742 denuo
3267 2686 3432 2742 homo

1859 2779 1969 2834 ﬁet.
2032 2779 2166 2834 Nam
2237 2780 2489 2847 alioqui,
2554 2778 2684 2848 quid
2739 2778 2930 2832 volens
2998 2777 3279 2848 theologus
3338 2774 3432 2831 illo

1859 2873 2093 2945 Moyses,
2131 2872 2329 2927 festum
2360 2868 2841 2924 tabernaculorum
2901 2869 3221 2939 spiritaliter
3261 2866 3432 2922 edixit

1859 2965 2147 3033 sanxitque
2188 2961 2600 3024 celebrandum,
2631 2961 2687 3013 in
2711 2959 2956 3015 Levitico
2983 2961 3064 3014 “?
3097 2960 3236 3014 Num
3285 2959 3429 3014 enim

1860 3069 1920 3115 ut
1947 3061 2022 3114 ita
2049 3060 2218 3114 Deum
2250 3057 2388 3113 festo
2422 3057 2666 3111 colamus
2699 3095 2714 3119 ,
2751 3053 3210 3124 quemadmodum
3258 3052 3429 3108 Judaei

181 3143 315 3208 φάς
350 3142 428 3204 ὼς
460 3141 554 3193 τοῦ
584 3142 717 3194 Θεοῦ
744 3145 969 3213 σκηναῖς
999 3143 1271 3207 τοιαύταις
1297 3147 1361 3197 ὲκ
1392 3145 1641 3215 καρπῶν,
1668 3146 1757 3198 καὶ

1861 3153 2025 3208 vilius
2057 3151 2446 3222 vulgariusque
2491 3147 2808 3218 Scripturas
2837 3146 3200 3215 intelligentes
3224 3184 3238 3210 ,
3271 3160 3435 3214 expo-

182 3230 387 3282 κλάδων
412 3232 507 3282 καὶ
524 3230 735 3297 φύλλων
761 3234 1294 3304 κατεσκευασμέναις
1320 3235 1708 3304 ἀρεσκομένου,
1725 3234 1762 3288 ἀ

184 3319 378 3383 εύθέως
426 3325 780 3391 μαραίνονται
817 3322 915 3392 τὴν
962 3323 1124 3394 χλόην
1169 3324 1586 3396 ἀποσυλώμενα.
1647 3327 1760 3379 Οὐκ

183 3412 324 3465 ἐστιν
349 3413 546 3465 εἰπεῖν.
565 3413 721 3475 Τίνος
747 3414 896 3483 μὲνὴ
929 3414 1298 3482 Σκηνοπηγία,
1322 3416 1564 3485 φράσατε
1583 3433 1598 3480 ;
1616 3417 1764 3487 εἰσή-

185 3505 281 3576 χθη
336 3506 563 3575 μήνυμα
599 3505 699 3573 τῆς
731 3503 989 3572 ἀληθινῆς
1019 3504 1176 3574 ἡμῶν
1204 3503 1408 3574 ταύτης
1443 3506 1667 3575 σκηνῆς,
1694 3506 1761 3575 ἢν

185 3594 597 3648 κατατπσοῦσαν
659 3595 738 3656 είς
785 3592 990 3665 φθορὰν
1034 3594 1120 3646 διὰ
1166 3592 1264 3662 τὴν
1306 3593 1636 3664 παραδασιν,
1668 3596 1761 3648 καὶ

187 3686 486 3757 λελυμένην
513 3690 580 3757 τῇ
598 3686 862 3758 ἁμαρτίᾳ,
885 3683 1042 3749 αὖθις
1063 3685 1426 3756 συμπήξασαν
1456 3686 1759 3759 ἀνώλεθρον

186 3778 511 3847 ἀναστήσειν
535 3778 709 3841 ὁΘεὸς
735 3778 1107 3848 ἀπηγγείλατο
1126 3777 1188 3847 (Ῑ.
1208 3776 1329 3849 ὲπ-)
1350 3795 1362 3807 ·
1397 3778 1543 3841 ὅπως
1577 3779 1764 3849 ἑορτά-

189 3881 369 3935 σωμεν
407 3865 559 3935 αὐτῷ
597 3867 811 3937 ἀληθῶς
826 3867 923 3938 τὴν
963 3867 1200 3938 μεγάλην
1225 3865 1416 3937 ἑορτὴν
1459 3867 1550 3919 καὶ
1597 3867 1760 3919 πολυ-

187 3955 480 4027 θρύλλητον
528 3958 628 4026 τῆς
669 3959 1044 4029 Σκηνοπηγιας
1068 3960 1124 4011 ὲν
1151 3959 1216 4028 τῇ
1251 3957 1571 4012 ἀναστάσειο
1602 3958 1763 4012 ὁπότε

189 4049 625 4118 συμπηγνύμενα
669 4049 827 4118 ἡμῶν
855 4050 932 4112 είς
973 4050 1380 4120 κατακόσμησιν
1413 4050 1514 4119 τῆς
1556 4049 1760 4103 ἀθανα-

189 4140 304 4201 σίας
363 4140 460 4190 καὶ
500 4140 814 4208 συμφωνίας
852 4139 921 4192 τὰ
978 4141 1333 4211 σκηνώματα,
1390 4143 1454 4194 ἐκ
1500 4141 1594 4193 τοῦ
1642 4141 1764 4211 χοὸς

186 4230 437 4300 ἄφθαρτα
487 4230 828 4282 ἀνίστανταιο
865 4233 1027 4285 ὁπότε
1089 4231 1377 4284 ἀκούσουσι
1417 4233 1486 4284 τά
1527 4233 1659 4285 ὀστᾶ
1697 4233 1766 4286 τά

189 4322 324 4393 ξηρά
355 4322 502 4375 κατὰ
535 4322 630 4392 τὴν
669 4322 1069 4394 ἀψευδεστάτην
1098 4323 1455 4392 προφητείαν,
1500 4323 1765 4393 προσαγό-

191 4433 324 4485 μενα
350 4414 491 4484 πρὸς
512 4413 608 4475 τὰς
647 4413 908 4483 ἁρμονίας
941 4413 1138 4478 αὐτῶν,
1165 4413 1268 4465 ὑπὸ
1292 4413 1384 4466 τοῦ
1417 4413 1763 4477 ζωοπλάστου

1865 3245 2046 3300 nunt!
2098 3243 2244 3298 velut
2295 3242 2553 3296 nimirum
2605 3240 2717 3296 Deo
2750 3241 2997 3311 placeant
3039 3237 3306 3306 ejusmodi
3363 3251 3432 3293 ex

1862 3335 2130 3390 fructibus
2159 3333 2436 3402 ramisque
2474 3338 2528 3385 et
2558 3330 2704 3386 foliis
2739 3331 3002 3386 adornata
3051 3327 3430 3392 tabernacula,

1863 3442 1983 3498 qua:
2015 3425 2175 3481 satim
2191 3423 2491 3493 despoliata
2509 3423 2689 3478 virore
2719 3427 3079 3477 marcescant.
3102 3417 3256 3472 Haud
3273 3419 3432 3487 plane

1862 3517 2026 3572 fuerit
2059 3515 2372 3569 dicendum.
2412 3511 2576 3578 Sane,
2610 3529 2764 3583 rogo,
2799 3514 3089 3582 cujusnam
3121 3511 3192 3566 sit
3225 3509 3430 3564 Sceno-

1863 3606 2056 3678 pegia?
2085 3605 2334 3659 instituta
2396 3613 2482 3658 est
2530 3613 2590 3658 ut
2639 3604 2753 3658 veri
2777 3599 3324 3657 tabernaculi‘nostri
3364 3599 3436 3654 si.

1863 3713 2052 3767 gnum,
2084 3695 2230 3765 quod
2262 3697 2319 3749 in
2372 3695 2779 3764 corruptionem
2828 3691 3274 3763 praevaricatione
3309 3703 3435 3759 pro-

1861 3790 2097 3858 lapsum,
2125 3796 2458 3858 peccatoque
2499 3789 2761 3852 solutum,
2795 3801 2855 3841 se
2890 3785 3033 3839 Deus
3059 3784 3239 3837 denuo
3279 3797 3433 3836 com-

1862 3888 2080 3951 pactum
2140 3884 2615 3950 compositumque
2649 3922 2665 3946 ,
2742 3879 3013 3934 incolume
3069 3876 3432 3931 excitaturum

1865 3973 2148 4043 promisit;
2174 3989 2281 4042 quo
2306 3974 2356 4028 ei
2389 3975 2636 4036 veritate,
2693 3985 2945 4041 magnam
2991 3969 3136 4022 illam
3176 3967 3433 4022 decanta-

1867 4064 2240 4133 tissimamque
2273 4063 2621 4134 Scenopegiaa
2667 4061 3060 4117 solemnitatem
3095 4058 3431 4113 celebremus

1867 4155 1922 4206 in
1951 4155 2381 4218 resurrectione;
2437 4152 2655 4222 quando
2689 4158 2968 4219 compacta
3011 4148 3076 4201 ad
3111 4146 3432 4201 immortali-

1867 4247 1998 4301 tatis
2023 4245 2502 4314 consonantisque
2539 4253 2792 4299 ornatum
2828 4249 3013 4296 nostra
3055 4238 3428 4303 tabernacula,

1868 4336 2130 4389 immunia
2189 4351 2219 4388 a
2274 4335 2623 4404 corruptione
2653 4334 2699 4365 ’δι
2749 4333 2816 4387 de
2856 4333 3074 4402 pulvere
3111 4338 3429 4398 resurgent;

1867 4426 2087 4494 quando
2147 4425 2416 4494 auditura.
2448 4431 2598 4488 sunt,
2660 4430 2719 4477 ut
2749 4423 3031 4476 verissime
3083 4419 3246 4473 habet
3304 4431 3432 4487 pro-

186 4509 317 4561 Θεοῦ
349 4508 445 4560 καὶ
479 4507 855 4576 ἀριποτέχνου
897 4505 1430 4570 ἀνακαινοποιοῦντος
1466 4504 1620 4571 αὖθις
1661 4508 1757 4576 τὴν

1863 4517 2023 4586 pheta
2039 4517 2104 4570 δ’.
2125 4532 2249 4570 ossa
2263 4516 2433 4578 arida,
2454 4516 2568 4571 suis
2594 4515 2786 4569 iterum
2801 4512 3172 4567 commissuris
3199 4509 3431 4574 reddita,

189 4602 368 4672 σάρκα
418 4599 513 4652 καὶ
564 4597 982 4669 συμμιγνύντος,
1026 4599 1084 4650 ού
1115 4599 1376 4662 τοιούτοις
1407 4600 1485 4651 ἔτι
1521 4600 1759 4669 δεσμοῖς,

188 4687 265 4753 οἷς
297 4691 396 4744 καὶ
428 4690 644 4761 πρῶτον
690 4691 981 4760 συνείχετο,
1022 4690 1135 4744 ἀλλ’
1186 4691 1482 4760 ἀκηράτοις
1531 4693 1764 4761 πάμπαν

189 4780 371 4834 λοιπὸν
417 4783 514 4834 καὶ
561 4781 794 4846 ἀλύτοις.
851 4782 1189 4852 Ἐοεασάμην
1242 4781 1348 4852 γὰρ
1397 4784 1453 4834 ὲν
1506 4782 1764 4852 Ὀλύμπῳ

191 4874 296 4941 ἐγὼ
319 4873 466 4944 (ὅρος
488 4874 545 4926 δέ
578 4877 694 4927 ἐστι
724 4875 821 4945 τῆς
851 4875 1089 4944 Λυκίας)
1117 4874 1228 4945 πῦρ
1275 4873 1590 4942 αὐτομάτως
1625 4877 1766 4928 κατὰ

190 4965 283 5035 τὴν
305 4964 621 5035 ἀκρώρειαν
659 4966 751 5018 τοῦ
791 4966 946 5037 ὅρους
970 4966 1212 5019 κάτωθεν
1243 4968 1306 5018 ὲκ
1335 4965 1435 5034 τῆς
1458 4966 1560 5036 γῆς
1583 4967 1764 5019 ἀναδι-

191 5057 442 5128 δόμενον·
488 5059 614 5126 περὶ
656 5057 686 5110 ὃ
728 5058 836 5129 πῦρ
875 5060 1038 5127 ἄγνου
1084 5060 1247 5129 φυτὸν
1283 5057 1469 5122 ἑστὸς,
1492 5058 1634 5111 οὕτω
1664 5059 1762 5128 μὲν

254 5225 298 5258 ³ο
333 5224 352 5276 1
392 5221 518 5274 Cor.
544 5236 636 5284 xv,
665 5221 756 5276 54.
835 5222 881 5253 ⁸⁸
909 5220 1052 5275 Levi‘
1103 5238 1264 5286 xxut,
1296 5221 1363 5275 39
1399 5235 1514 5289 seq.

262 5368 339 5430 (6)
373 5366 438 5417 Ei
464 5363 534 5414 ἐκ
564 5381 614 5415 τ.
651 5361 727 5415 Ex
755 5364 943 5417 eodem
971 5362 1090 5418 cod.
1131 5361 1313 5430 Rupif.

263 5439 339 5504 (7.)
370 5437 451 5486 Οὺ
484 5435 592 5504 γὰρ
613 5434 785 5504 οὕτω.
823 5433 980 5486 Deest
1020 5429 1244 5503 ἄπορον,
1293 5439 1385 5485 aut
1416 5429 1545 5500 quid
1570 5433 1764 5488 simile.

378 5501 688 5556 Γενέσθαι.
721 5500 883 5555 Forte
915 5500 1217 5572 γενήσεται.

265 5569 540 5642 (9)1181
588 5573 644 5624 τί
694 5572 956 5642 ﬂantem.
1008 5569 1152 5626 Idem
1216 5580 1590 5642 argumentum
1645 5586 1763 5640 per-

201 5639 392 5698 tractat
428 5646 484 5697 5.
522 5643 684 5696 Pater
710 5645 764 5695 in
811 5639 1057 5696 Convivia
1106 5639 1301 5695 decem'
1337 5642 1478 5711 Virg.
1503 5639 1654 5694 Orat.
1690 5657 1762 5704 Ix,

206 5712 234 5768 ς
260 5731 296 5768 I.
332 5730 479 5768 scan.
507 5713 676 5768 σω..

260 5731 296 5769 1.
332 5730 479 5769 δεοη.
507 5729 676 5768 UALL.

206 5712 296 5783 ἧι.
332 5730 479 5782 seqq.
507 5713 676 5768 σω..

270 5786 378 5855 (l0)
401 5787 474 5838 Ac
495 5786 778 5854 parvitate,
813 5780 907 5835 καὶ
928 5779 1146 5850 πυγμῷ.
1175 5779 1300 5836 Mihi
1335 5781 1486 5837 valde
1511 5786 1762 5849 suspecta

1873 4606 2194 4669 admovente
2229 4606 2441 4659 vivilico
2489 4605 2662 4674 plaste
2723 4605 3033 4673 Optimoque
3069 4601 3262 4670 opiﬁce
3297 4598 3431 4662 Deo,

1869 4712 2088 4750 carnem
2110 4695 2289 4749 denuo
2316 4703 2610 4749 renovante
2627 4695 3119 4760 commiscenteque
3147 4696 3201 4743 et
3227 4686 3432 4742 astrin-

1869 4795 2044 4856 gente,
2079 4802 2186 4839 non
2209 4787 2322 4855 jam
2356 4786 2610 4855 qualibus
2663 4785 2825 4838 etiam
2875 4784 3028 4837 initio
3053 4780 3434 4834 continebatur

1863 4877 2115 4938 vinculis,
2149 4878 2244 4932 sed
2287 4877 2446 4946 plane
2497 4875 2756 4944 deinceps
2809 4873 3211 4928 immortalibus
3270 4878 3434 4937 atque

1861 4968 2263 5023 insolubilibus.
2315 4967 2451 5020 Nam
2508 4967 2618 5020 vidi
2641 4982 2740 5034 ego
2803 4966 2856 5018 in
2900 4963 3127 5034 Olympo
3172 4963 3242 5032 (is
3268 4973 3432 5029 porro

1863 5074 2021 5113 mons
2047 5066 2130 5112 est
2153 5057 2348 5129 Lyciae)
2382 5059 2559 5127 ignem
2601 5068 2793 5126 sponte
2841 5072 2961 5119 sua,
3010 5059 3064 5108 in
3115 5053 3314 5106 montis
3341 5065 3433 5105 ca-

1596 5221 1638 5252 “
1681 5221 1820 5275 Dan.
1854 5221 2052 5289 xn,2.-
2105 5220 2149 5252 δ’
2189 5221 2377 5275 Ezech.
2415 5235 2616 5282 xxxv”,
2649 5219 2702 5272 4.

1874 5380 1976 5417 vox
2005 5373 2106 5417 est.
2141 5362 2274 5417 Illud
2304 5363 2530 5424 clarum,
2584 5360 2794 5413 elevare
2840 5356 2958 5410 istis
2999 5355 3251 5408 omnibus
3283 5354 3427 5406 fctu-

1869 5450 2006 5495 ram,
2037 5448 2142 5502 qua
2169 5433 2348 5502 proles
2375 5433 2546 5499 primo
2565 5428 2917 5502 ‘concipilur,
2955 5426 3097 5502 velut
3133 5438 3245 5477 rem
3289 5439 3426 5502 pene

1866 5493 2020 5555 nihili
2055 5493 2070 5553 ἶ
2111 5493 2307 5571 εχίιιιει
2342 5493 2532 5571 tamen
2563 5497 2702 5551 Deus
2738 5512 2895 5550 suum
2923 5564 2934 5571 _
2956 5495 3082 5571 illud
3119 5507 3276 5571 opus,
3300 5493 3425 5571 "ho-

1865 5575 2084 5633 minem.
2121 5562 2244 5640 quia
2295 5572 2410 5622 vult
2458 5569 2653 5640 solum,
2693 5573 2883 5640 eruat;
2923 5564 2972 5616 id
3001 5565 3176 5640 ipsum
3213 5562 3425 5640 facilius

1866 5631 2206 5710 prarstiinr'us
2272 5656 2338 5695 cx
2389 5637 2766 5708 prmdcfunctis
2828 5634 3168 5704 corporibus,
3230 5631 3426 5701 majori

1865 5715 2023 5776 mole,
2057 5719 2161 5764 etc.
