4028 6318
591 356 699 413 287

1563 355 1619 410 8.
1654 354 1988 411 METHODII
2026 355 2336 413 EPISCOPI
2375 358 2462 412 ET
2505 357 2867 415 MARTYRIS

3719 358 3834 419 283

590 475 830 540 cumine,
880 490 944 531 ex
1005 475 1116 530 imo
1157 481 1318 530 terra:
1351 465 1769 544 'erumpentem;
1801 477 1956 543 juxta
1997 493 2159 548 quem

2278 477 2484 540 εὐθαλὲς
2511 479 2605 531 καὶ
2637 478 2874 548 χλοερὸν,
2908 477 3049 531 οὕτω
3092 479 3148 532 δὲ
3181 479 3417 543 σύσκιον,
3444 479 3520 545 ὡς
3553 480 3829 534 ὐποτοπάο

589 575 768 622 exstat
799 567 960 620 arbor
1009 566 1190 635 Agnus
1245 567 1468 620 nomine
1492 567 1637 636 (ll),
1669 567 1805 621 adeo
1833 567 2042 632 ﬂorida,
2075 570 2154 623 vi-

590 674 720 712 rens
747 666 799 712 et
821 672 1010 728 opaca,
1048 667 1107 711 ut
1133 656 1354 726 jugibus
1388 657 1565 725 potius
1593 659 1748 726 aquis
1779 659 1980 728 irrigua
2006 661 2160 714 nasci

591 751 859 805 videatur.
915 752 1088 814 Quam
1151 751 1316 818 igitur
1354 749 1425 802 ob
1477 765 1719 809 causam.
1786 767 1907 804 enm
1957 763 2163 807 naturae

591 842 974 912 corruptibiles
1005 841 1136 902 sint,
1162 852 1213 894 et
1240 855 1469 908 corpora
1499 842 1607 910 igni
1631 855 2041 905 consumantur,
2061 861 2163 900 nec

591 933 705 988 ﬁeri
737 933 910 1003 possit
939 939 998 986 ut
1033 931 1144 1002 igni
1181 931 1347 984 illaesa
1403 942 1774 999 permaneant,
1837 948 1957 1003 quae
1996 936 2162 989 semel

590 1043 688 1096 per
716 1035 970 1079 naturam
1007 1031 1133 1078 sunt
1172 1025 1574 1078 combustibilia
1621 1041 1633 1075 :
1676 1033 1887 1079 tantum
1919 1027 2074 1080 abest
2105 1036 2163 1080 ut

590 1119 706 1172 haec
755 1118 918 1172 arbor
973 1124 1272 1180 exuratur,
1340 1126 1398 1170 ut
1440 1117 1624 1180 etiam,
1678 1133 1988 1186 quanquam
2041 1130 2164 1172 nata

592 1208 862 1270 comburi,
892 1207 1408 1262 virentiorvexsistat
1440 1216 1602 1278 atque
1637 1207 1952 1274 florentior;
1979 1209 2161 1278 idque,

591 1314 716 1353 cum
750 1299 814 1352 ad
840 1299 1012 1367 ipsius
1067 1300 1184 1367 ejus
1233 1300 1446 1355 radices
1475 1299 1618 1367 ignis
1654 1298 1898 1352 foveatur
1949 1307 2002 1352 et
2034 1317 2162 1354 eru-

595 1399 721 1445 ctet.
755 1390 896 1445 Sane
923 1408 1022 1460 ego
1051 1391 1338 1461 decerptos
1385 1403 1416 1442 e
1467 1391 1889 1459 circumjacente
1921 1393 2054 1447 silva
2078 1409 2168 1445 ar—

595 1484 811 1545 borum,
843 1501 1047 1545 ramos,
1085 1483 1139 1537 in
1164 1483 1343 1554 ignem
1375 1485 1486 1537 illic
1516 1491 1888 1552 erumpentem
1917 1485 2161 1554 conieci;

594 1575 687 1643 qui
751 1577 933 1629 subito
985 1575 1220 1629 ﬂammis
1275 1575 1535 1642 correpti,
1570 1574 1625 1627 in
1662 1575 1900 1628 cinerem
1958 1576 2163 1630 redacti

597 1674 743 1720 sunt.
779 1665 931 1737 Rogo
985 1669 1196 1737 itaque.
1232 1666 1585 1736 quamobrem
1617 1665 1760 1734 quod
1816 1680 1990 1734 neque
2034 1667 2170 1724 solis

594 1765 785 1810 a-stum
823 1757 965 1812 ferre
996 1765 1194 1826 potest,
1233 1757 1329 1810 sed
1386 1756 1491 1810 nisi
1537 1757 1791 1825 irrigetur
1820 1764 2160 1826 poteturqne,

2265 586 2354 622 σαι
2383 569 2521 641 ὓδωρ
2562 570 2758 640 μᾶλλον
2810 569 3032 623 ᾶένναον
3081 572 3211 624 αὐτὸ
3256 572 3696 643 βεϐλαστηκέναι.
3748 572 3831 625 Δι’

2263 663 2328 732 ἢν
2355 661 2530 714 αἰτίαν
2555 658 2665 726 οῦν,
2694 664 2742 714 εἰ
2767 662 2953 730 φύσεις
2979 663 3082 715 είσὶ
3106 664 3376 734 φθαρτῶν,
3408 665 3500 717 καὶ⁴
3530 666 3632 717 ὑπὸ
3664 664 3836 735 πυρὸς

2261 753 2802 824 καταναλισκομένων
2830 755 3114 824 σωμάτων,
3164 757 3255 809 καὶ
3291 755 3549 809 ἀδύνατον
3585 756 3836 809 ἄκαυστα

2261 845 2530 914 διαμεῖναι
2550 845 2620 897 τὰ
2643 845 2784 911 ἅπαξ
2803 846 3014 915 φύσεως
3033 848 3340 918 ὑπάρχοντα
3369 849 3466 918 τῆς
3499 849 3796 918 καυστικῆς
3814 864 3831 878 ·

2262 937 2322 988 οὐ
2379 936 2536 1005 μόνον
2597 937 2657 988 οὐ
2713 937 3109 1005 καταφλέγεται
3171 940 3231 993 τὸ
3278 938 3442 1008 φυτὸν
3498 939 3671 1002 τοῦτο,
3713 938 3836 992 ἀλλ’

2264 1029 2624 1098 ἀκμαιότερον
2668 1030 2862 1098 μᾶλλον
2894 1032 3124 1102 ὑπάρχει
3161 1032 3254 1084 καὶ
3292 1031 3664 1102 χλοηρότερον,
3709 1030 3736 1082 ὃ
3765 1032 3837 1102 τῇ

2265 1119 2422 1188 φύσει
2446 1121 2561 1172 ἐστὶ
2584 1121 2835 1184 καυστὸν,
2885 1122 2976 1175 καὶ
3011 1122 3180 1175 ταῦτα
3211 1124 3338 1192 περὶ
3359 1122 3523 1184 αὐτάς
3545 1121 3702 1174 αὐτοῦ
3734 1125 3842 1184 τὰς

2266 1210 2421 1280 ῥίζας
2457 1209 2549 1263 τοῦ
2596 1212 2763 1282 πυρὸς
2812 1213 3193 1283 ὲντυφομένου.
3249 1211 3492 1275 Κλάδους
3544 1211 3674 1279 γοῦν
3722 1209 3841 1277 ἐγὼ

2263 1299 2492 1371 δένορων
2543 1304 2608 1352 ὲκ
2657 1302 2753 1370 τῆς
2799 1303 3202 1373 παρακειμένης
3229 1302 3357 1370 ὕλης
3391 1302 3590 1372 ἔρριψα
3621 1301 3740 1354 καθ’
3781 1299 3844 1351 ὃν

2263 1391 2615 1461 ἀνερεύγεται
2663 1393 2723 1444 τὸ
2783 1392 2891 1462 πῦρ
2939 1395 3121 1457 τόπον,
3166 1395 3259 1446 καὶ
3293 1392 3492 1455 εὐθέως
3538 1394 3616 1455 είς
3663 1391 3844 1460 φλόγα

2265 1481 2520 1551 ἀρθέντες
2545 1483 2948 1552 ὲτεφρώθησαν.
2967 1485 3213 1554 Φράσατε
3243 1480 3334 1537 οῦν
3360 1483 3441 1554 δὴ,
3464 1483 3530 1535 δι’
3560 1484 3624 1554 ἣν
3657 1481 3844 1536 αἰτίαν

2264 1573 2324 1624 τὸ
2343 1572 2415 1642 μὴ
2445 1573 2711 1643 ὑποφέρου
2731 1574 2865 1644 μηδὲ
2887 1575 2983 1644 τὴν
3019 1575 3079 1637 ἐξ
3097 1574 3247 1644 ἡλίου
3273 1573 3525 1639 δέξασθαι
3551 1572 3844 1640 ἔκκαυσιν,

2264 1665 2397 1717 ἀλλὰ
2432 1664 2817 1734 ξηραινόμενον
2849 1666 2941 1718 ὲὰν
2971 1665 3044 1736 μὴ
3083 1665 3315 1735 ἀρδευθῇ
3353 1664 3573 1735 βραχὲν,
3598 1662 3848 1732 τοσούτῳ

2272 1756 2442 1824 πυρὸς
2469 1755 2692 1825 φλογμῷ
2718 1758 3065 1826 συνεχόμενον
3103 1758 3163 1809 οὺ
3193 1756 3666 1817 καταναλίσκεται,
3704 1754 3848 1807 άλλὰ

595 1849 816 1915 arescit,
841 1854 1158 1901 eoarctante
1188 1854 1340 1899 tanto
1369 1846 1641 1910 incendio,
1675 1863 1779 1900 non
1803 1849 2160 1911 consumitur;

2278 1843 2332 1914 τῇ
2387 1861 2444 1896 τε
2487 1845 2582 1897 καὶ
2633 1846 2851 1911 θάλλει;
2915 1847 2978 1898 Τί
3004 1843 3096 1899 οῦν
3145 1846 3474 1914 βούλεταιτδ
3505 1845 3849 1916 παράδοξονς

597 1939 729 2007 quin
766 1937 972 1992 vivitet
1023 1936 1219 1990 ﬂoret?
1245 1936 1384 2001 Quid
1428 1937 1527 1990 sibi
1565 1953 1692 2005 ergo
1717 1938 1829 1990 vult
1863 1937 1964 1991 hoc
2001 1938 2165 1991 mira-

599 2029 826 2082 Cnlum?
876 2027 1064 2082 Posuit
1127 2028 1267 2083 Deus
1320 2029 1514 2083 futurae
1571 2029 1678 2084 diei
1709 2031 1853 2083 illius
1902 2029 2164 2083 indicium

600 2121 872 2191 quoddam
896 2130 949 2174 et
975 2121 1220 2184 initium,
1251 2127 1308 2173 ut
1328 2107 1600 2182 sciamus:
1621 2121 1736 2175 fore
1769 2130 1826 2174 ut
1859 2123 1982 2190 igne
2011 2121 2166 2174 caeli—

601 2222 687 2269 tns
709 2216 946 2283 pluente,
973 2214 1444 2268 omnibusobrutis
1474 2214 1904 2281 absumptisque,
1936 2228 2165 2282 corpora

599 2305 690 2358 illa
750 2321 868 2373 quae
921 2305 1234 2358 claruerunt
1268 2305 1322 2356 in
1355 2303 1605 2356 castitate
1665 2311 1719 2356 et
1773 2303 2008 2371 justitia,
2068 2318 2166 2372 per

600 2399 773 2468 ignem
811 2413 916 2450 non
942 2411 1101 2452 secus
1135 2411 1195 2448 ac
1226 2411 1321 2463 per
1365 2409 1559 2462 aquam
1605 2392 1875 2463 frigidam,
1909 2395 2026 2449 sine
2066 2395 2166 2447 ali—

600 2508 708 2559 quo
738 2490 923 2544 dolore
976 2503 1038 2541 ac
1073 2487 1318 2541 molestia
1359 2486 1424 2539 ab
1464 2485 1583 2552 ipso
1635 2486 1989 2541 deducantur.
2028 2486 2167 2543 Vere

599 2582 744 2635 enim
785 2587 1105 2632 nostrorum
1163 2576 1594 2641 commodorum,
1654 2577 2051 2636 studiosissime
2113 2587 2168 2633 et

601 2672 883 2737 Inagnilice
911 2669 1157 2732 Domine,
1197 2669 1288 2720 tibi
1323 2669 1515 2738 [actori
1568 2672 1791 2723 serviens
1842 2682 2086 2723 creatura
2113 2672 2166 2723 in

602 2759 851 2810 ultionem
892 2758 1139 2812 adversus
1172 2759 1376 2829 iniquos
1411 2760 1702 2812 intenditur
1752 2760 2165 2828 obrigescitque:

602 2856 755 2914 atque
776 2847 842 2898 ad
871 2847 1173 2914 beneﬁcium
1214 2863 1307 2914 pro
1353 2849 1416 2901 iis
1459 2849 1546 2918 qui
1583 2846 1852 2914 conﬁdunt
1901 2849 1954 2899 in
1985 2856 2052 2910 te,
2087 2863 2168 2900 re-

602 2938 764 2990 missa
794 2939 1061 2990 emollitur
1083 2938 1126 2969 ⁸⁸
1163 2957 1174 2990 :
1210 2940 1530 3006 volenteque
1560 2946 1633 2999 te,
1661 2938 1801 3006 ignis
1831 2935 2048 3004 quidem
2085 2952 2169 2990 re-

603 3027 879 3093 frigerium
909 3027 1057 3092 facit,
1104 3029 1171 3082 iis
1228 3028 1363 3081 nihil
1402 3028 1543 3080 laesis
1578 3042 1809 3095 quorum
1852 3027 1968 3094 ipse
2007 3026 2166 3079 saluti

603 3123 914 3174 consultum
937 3121 1281 3184 decreveris;
1316 3126 1506 3171 contra
1540 3134 1669 3172 vero
1700 3133 1840 3185 aqua
1881 3118 2166 3172 vehemen-

2271 1939 2479 2006 Δεῖγμα
2538 1937 2694 1989 τοῦτο
2743 1938 2842 2006 τῆς
2891 1937 3187 2008 μελλούσης
3249 1939 3277 1989 ὁ
3323 1937 3452 2000 Θεὸς
3499 1937 3712 2007 ἡμέρας
3755 1933 3854 1989 καὶ

2273 2028 2554 2098 προοίμιον
2610 2029 2778 2093 ἔθετο,
2830 2030 2917 2082 ἵνα
2945 2028 3296 2099 γινιὶισκωμεν
3338 2029 3704 2099 εὺδηλότερον,
3741 2029 3856 2094 ὅτι,

2274 2119 2490 2172 πάντων
2545 2122 2677 2190 πυρὶ
2737 2121 3054 2191 καταϐασίῳ
3099 2120 3614 2190 κατομὸρουμένων,
3669 2117 3740 2170 τὰ
3794 2120 3855 2171 ἐν

2272 2209 2463 2280 ἁγνείᾳ
2488 2213 2708 2280 σώματα
2735 2213 2826 2264 καὶ
2848 2212 3158 2284 δικαιοσύνῃ
3179 2212 3568 2281 διαπρέψαντα,
3592 2208 3856 2280 καθάπερ

2270 2301 2463 2373 ψυχρῷ
2497 2303 2648 2355 ὕδατι
2680 2304 2756 2373 τῷ
2781 2305 2914 2374 πυρὶ
2941 2304 3089 2356 οὐδὲν
3123 2303 3481 2372 ἀλγυνόμενα,
3513 2301 3648 2373 πρὸς
3680 2298 3859 2354 αὐτοῦ

2272 2394 2642 2464 ἑπιϐήσονται.
2679 2395 2914 2466 Ἀληθῶς
2942 2395 3068 2467 γὰρ,
3090 2389 3133 2448 ὦ
3168 2392 3524 2466 μεγαλωφελῆ
3556 2392 3648 2445 καὶ
3678 2408 3859 2461 μεγα’

2271 2488 2472 2560 λόδωρε
2496 2490 2759 2548 Δέσποτα.
2807 2491 2845 2556 ἡ
2875 2489 3072 2554 κτίσις
3113 2503 3209 2540 σοι
3237 2486 3317 2551 τῷ
3342 2484 3660 2550 ποιήσαντι
3691 2486 3858 2548 ὑπη-

2264 2582 2549 2649 ρετοῦσα,
2598 2581 2947 2634 ἐπιτείνεται
2988 2584 3074 2644 εις
3103 2582 3365 2633 κόλασιν
3411 2578 3558 2630 κατὰ
3585 2574 3702 2628 τῶν
3727 2572 3860 2628 ἀδί-

2273 2689 2411 2725 κων·
2438 2672 2532 2723 καὶ
2564 2671 2787 2724 ἀνίεται
2817 2674 2901 2735 sic
2936 2672 3284 2738 εὐεργεσίαν
3313 2667 3464 2735 ὑπὲρ
3490 2665 3722 2719 τῶι-ἐπὶ
3749 2661 3858 2718 σοι

2273 2761 2665 2815 πεποιθότων-ο
2692 2760 2785 2811 καὶ
2812 2758 3054 2820 θέλοντός
3093 2775 3208 2821 σου,
3238 2755 3346 2826 πῦρ
3382 2757 3479 2825 μὲν
3522 2753 3855 2823 καταψύχει,

2275 2852 2667 2922 λυμαινόμενον
2695 2851 2846 2903 οὐδὲν
2890 2844 2965 2903 ὧν
3016 2850 3178 2913 αὐτὸς
3226 2849 3430 2919 κρίνεις
3453 2845 3856 2910 διασώζεσθαι·

2278 2944 2421 3012 ὕδωρ
2470 2944 2561 2995 καὶ
2621 2942 2851 3012 ἔμπαλιν
2896 2941 3245 3013 δριμυτέραις
3296 2937 3623 3007 καταφλέγει
3678 2937 3859 3009 πυρὸς

2279 3033 2629 3104 προσϐολαῖς·
2666 3034 2758 3086 καὶ
2784 3033 2936 3084 οὐδὲν
2970 3030 3343 3084 άντιτάσσεταί
3375 3047 3463 3081 σου
3498 3027 3573 3097 τῷ
3607 3027 3859 3097 άνικήτῳ

2279 3127 2490 3195 κράτει,
2546 3126 2637 3177 καὶ
2664 3128 2728 3194 τῇ
2773 3127 2837 3194 σῇ
2891 3123 3050 3193 ἰσχύϊ.
3080 3123 3259 3176 Πάντα
3285 3120 3392 3192 γὰρ
3432 3121 3649 3181 ἔκτισας
3674 3119 3732 3184 ἐξ
3754 3119 3863 3170 οὐκ

613 3213 724 3265 tius
753 3212 1041 3278 acriusque
1075 3211 1196 3280 igne
1253 3210 1556 3273 comburit,
1607 3223 1708 3262 nec
1740 3209 2035 3276 quidquam
2071 3209 2167 3260 im~

2278 3213 2473 3264 ὄντων·
2520 3213 2597 3265 διὸ
2656 3215 2749 3266 καὶ
2790 3215 2962 3267 πάντα
3003 3212 3364 3284 μεταλλεύεις,
3410 3211 3477 3264 σὰ
3511 3212 3860 3280 ὑπάρχοντα,

615 3302 831 3354 mortali
869 3311 959 3356 tuo
1014 3301 1243 3370 imperio
1290 3310 1342 3353 et
1361 3300 1546 3353 virtuti
1600 3299 1828 3352 resistit.
1874 3297 2067 3352 Omnia
2098 3299 2174 3352 si-

2281 3304 2376 3355 xal.
2407 3303 2847 3372 μετασκευάζεις,
2893 3306 3050 3374 μόνος
3085 3305 3341 3376 ὑπάρχων
3375 3301 3528 3366 Θεὸς,
3552 3303 3626 3364 ὡς
3656 3299 3862 3362 θέλεις.

605 3394 825 3465 quidem
855 3411 918 3449 ex
942 3396 1112 3449 nihilo
1142 3395 1340 3448 creasti
1382 3415 1394 3449 :
1428 3410 1597 3464 quare
1624 3394 1785 3448 etiam
1823 3394 2024 3457 omnia,
2051 3409 2171 3448 cum
2206 3402 2299 3451 tua
2329 3399 2460 3464 sint,
2497 3408 2555 3452 ut
2609 3399 2850 3464 libuerit,
2891 3401 2944 3454 in
2989 3401 3215 3454 formam
3259 3400 3418 3453 aliam
3473 3398 3862 3465 rationemque

605 3489 879 3542 convertis
903 3497 954 3541 et
982 3496 1181 3549 mutas,
1217 3485 1481 3555 quisolus
1513 3484 1655 3540 Deus
1687 3486 1931 3540 exsistis.

677 3579 791 3635 XV.
825 3581 1119 3650 Apostolus
1143 3595 1295 3649 ergo,
1324 3596 1446 3634 cum
1479 3579 1725 3648 plantare
1752 3589 1806 3635 et
1834 3582 2032 3651 rigare,
2067 3581 2170 3634 arti

607 3688 672 3727 ac
706 3681 862 3734 terra:
888 3681 938 3726 et
966 3687 1118 3742 aqua:
1149 3672 1470 3736 tribuisset,
1513 3672 1626 3727 Deo
1657 3675 1756 3728 soli
1808 3675 2172 3728 accretionem

607 3765 900 3827 concessit,
931 3778 1054 3817 cum
1087 3764 1162 3815 ait
1192 3780 1204 3814 :
1247 3760 1426 3830 Neque
1455 3763 1544 3831 qui
1583 3764 1788 3830 plantat
1825 3774 1902 3819 est
1934 3763 2135 3832 aliquid
2155 3804 2169 3827 ,

608 3872 768 3925 neque
795 3856 883 3924 qui
914 3855 1083 3922 rigat;
1133 3853 1224 3906 sed
1247 3856 1336 3922 qui
1364 3853 1456 3905 dat
1486 3855 1860 3908 incrementum
1884 3895 1898 3919 ,
1931 3856 2071 3908 Deus
2104 3854 2170 3906 “.

607 3945 843 4000 Noverat
875 3946 1019 3998 enim
1072 3945 1310 3998 divinam
1345 3945 1513 4009 illam,
1540 3953 1664 3999 ante
1687 3947 1870 4025 omnia
1898 3946 2134 4015 genitam
2157 3985 2171 4011 ,

609 4037 792 4091 omnia
823 4038 1225 4106 progignentem
1253 4039 1606 4106 omniumque
1636 4036 1896 4090 artiﬁcem
1941 4037 2033 4091 Dei
2076 4035 2175 4090 Sa-

609 4132 903 4201 pientiam,
934 4132 1187 4186 universa
1215 4132 1272 4185 in
1311 4130 1573 4184 mundum
1624 4129 1958 4200 producere;
2013 4145 2176 4199 quam

609 4223 772 4275 etiam
805 4221 1014 4290 antiqui
1046 4232 1296 4274 naturam
1322 4232 1655 4276 vocaverunt
1678 4229 1732 4276 et
1757 4222 2174 4290 providentiam,

609 4312 754 4380 quod
788 4326 1011 4380 semper.
1034 4313 1322 4379 providens
1344 4329 1652 4382 curansque
1673 4353 1686 4374 ,
1719 4314 1972 4367 omnibus
2004 4313 2092 4366 det
2121 4319 2179 4365 ut

613 4411 910 4456 nascantur
951 4409 1003 4455 et
1034 4412 1297 4455 crescant.
1335 4402 1504 4466 Nam,
1541 4405 1717 4473 inquit
1741 4404 1808 4470 “,
1844 4404 2004 4458 Pater
2039 4421 2180 4458 meus

2347 3581 2448 3636 lE'.
2491 3581 2546 3633 '0
2574 3578 2702 3648 γοῦν
2741 3579 3058 3643 Ἀπόστολος
3104 3579 3237 3650 (12),
3284 3581 3346 3631 τὸ
3392 3579 3711 3647 φυτεύεσθαι
3762 3582 3863 3636 καὶ

2279 3673 2592 3736 ποτίζεσθαι
2620 3673 2780 3743 τέχνῃ
2826 3674 2917 3725 καὶ
2950 3676 3020 3743 γῇ
3055 3673 3147 3724 καὶ
3171 3672 3317 3724 ὕδατι
3347 3671 3487 3732 δοὺς.
3519 3671 3596 3740 τῷ
3642 3673 3766 3743 Θεῷ
3795 3675 3863 3728 τὸ

2280 3763 2526 3827 αὐξάνειν
2553 3763 2894 3835 συνεχώρησε
2934 3763 3104 3832 μόνῳ’
3143 3761 3297 3826 ἔνθα,
3330 3761 3466 3813 οὔτε
3503 3764 3536 3813 ὁ
3576 3765 3848 3830 φυτεύων

2280 3854 2417 3908 οὔτε
2456 3857 2487 3906 ό
2516 3854 2763 3912 ποτίζων
2802 3854 2937 3906 ἐστι
2983 3869 3059 3916 τι,
3122 3852 3257 3905 ἀλλ’
3297 3853 3329 3903 ὀ
3362 3851 3639 3915 αὐξάνων
3683 3857 3859 3923 Θεὸς,

2281 3941 2407 4012 εφη.
2443 3944 2736 4019 Ἢπίσιτατο
2758 3942 2866 4014 γὰρ
2890 3943 3064 3994 πάντα
3082 3942 3354 4010 γεννῶσαν
3380 3944 3476 4014 τὴν
3509 3946 3860 4016 πρωτόγονον

2285 4034 2477 4103 σοφίαν
2509 4035 2601 4087 τοῦ
2647 4036 2801 4098 Θεοῦ,
2838 4036 2931 4088 καὶ
2978 4036 3194 4088 πάντων
3227 4036 3511 4106 τεχνίτιδα,
3552 4039 3731 4092 πάντα
3776 4043 3861 4105 εἰς

2282 4125 2374 4177 τὸν
2406 4125 2609 4197 κόσμον
2649 4127 2967 4196 προφέρειν
3018 4126 3082 4195 ἣν
3119 4127 3226 4198 γὰρ
3254 4128 3360 4197 (15)
3392 4128 3609 4182 παλαιοὶ
3658 4130 3859 4200 ἄνδρες

2286 4217 2445 4284 φύσιν
2477 4215 2737 4270 ἐκάλεσαν
2778 4219 2870 4269 καὶ
2906 4217 3175 4288 πρόνοιαν,
3213 4219 3362 4288 παρὰ
3391 4221 3450 4274 τὸ
3484 4220 3634 4289 φύειν
3682 4222 3860 4293 αὐτὴν

2288 4311 2502 4362 ἅπαντα
2535 4310 2628 4361 καὶ
2660 4308 2875 4374 αὔξειν,
2926 4311 3324 4381 προνοουμένην
3367 4313 3453 4364 ἀεὶ
3501 4312 3593 4365 καὶ
3633 4314 3858 4382 φροντί-

2288 4399 2516 4464 ζουσαν·
2560 4401 2612 4451 Ὁ
2655 4399 2764 4470 γὰρ
2800 4398 2996 4467 Πατήρ
3039 4418 3156 4468 μου
3205 4401 3314 4466 ἕως
3351 4400 3480 4467 ἄρτι
3532 4389 3858 4468 ἐργάζεται,

613 4510 774 4562 usque
820 4493 971 4546 modo
1013 4505 1278 4560 operatur,
1313 4505 1359 4547 et
1407 4512 1498 4566 ego
1553 4512 1756 4564 operor.
1821 4494 2172 4560 Quamobrem

2291 4493 2442 4561 φησὶ,
2485 4490 2646 4559 κάγὼ
2685 4489 3011 4559 ἐργάζομαι.
3054 4491 3215 4545 Ὅθεν
3260 4491 3346 4544 διὰ
3393 4491 3564 4543 ταῦτα
3597 4491 3656 4561 δὴ
3688 4494 3787 4545 καὶ
3831 4496 3860 4547 ὁ

615 4585 778 4639 etiam
815 4582 1102 4648 Salomon,
1157 4587 1412 4654 artiﬁcem
1449 4587 1712 4650 omnium,
1766 4587 2052 4656 appellavit
2083 4587 2128 4618 ⁸⁸
2163 4605 2177 4640 :

617 4676 816 4748 quippe
845 4691 966 4730 cum
1005 4677 1152 4729 nulla
1182 4678 1250 4731 sit
1279 4678 1332 4730 in
1364 4678 1473 4732 Deo
1514 4678 1809 4748 indigentia
1833 4719 1845 4740 .
1877 4678 1970 4732 sed
2001 4679 2182 4732 omnia

617 4770 904 4835 opulenter
941 4777 999 4822 et
1030 4782 1216 4822 creare
1263 4775 1316 4822 et
1347 4769 1524 4825 facere
1555 4777 1610 4824 et
1644 4770 1854 4824 variare
1886 4779 1939 4824 et
1989 4785 2187 4840 augere

617 4859 817 4913 valeat.

692 4971 736 5003 ”
772 4971 900 5038 Sap.
928 4987 1041 5037 χιιι,
1071 4973 1161 5026 24.
1245 4971 1332 5024 “l
1365 4971 1490 5026 Cor.
1527 4986 1609 5034 ιιι,
1635 4970 1686 5023 7.
1774 4971 1817 5002 ⁵⁸
1840 4969 2061 5034 Joan.v.
2090 4971 2172 5024 l7.

696 5085 809 5157 (ll)
841 5085 1012 5157 Arbor
1045 5086 1222 5155 Agnus
1275 5086 1500 5157 nomine,
1567 5085 1728 5151 ἄγνου
1777 5083 1964 5157 φυτόν,
1996 5081 2190 5157 Hiero:

623 5151 836 5228 nymus
863 5156 1034 5228 iacvit.
1053 5151 1252 5228 sixth,
1284 5155 1373 5228 ιιι,
1405 5155 1620 5228 calicem
1641 5151 1886 5228 torrentis
1915 5154 2068 5228 dicit,
2094 5151 2190 5228 ubi

624 5222 787 5300 etiam
815 5223 957 5300 LEX
1001 5223 1065 5300 ad
1088 5238 1273 5279 vocem
1301 5224 1485 5300 ’ἄγνου
1521 5224 1726 5300 addunt
1754 5223 1845 5300 τοῦ
1874 5222 2196 5300 χειμάρρου,

627 5297 694 5351 ad
730 5294 1141 5364 signiﬁcandum
1179 5293 1706 5364 gaudereejnsmodi
1733 5294 1980 5364 arborem
2013 5293 2194 5364 aquis,

628 5361 987 5434 videmusque
1022 5361 1222 5433 passim
1257 5363 1593 5434 luxuriantes
1620 5361 1687 5414 ad
1728 5363 1874 5430 ripas
1900 5361 2192 5434 fluminum

629 5437 875 5503 locisque
899 5430 1233 5501 palustribus
1259 5449 1271 5483 :
1297 5447 1405 5501 quo
1433 5432 1602 5499 magis
1643 5440 1872 5503 augetur
1900 5430 2194 5503 Methodia-

631 5501 967 5561 num—istud
1024 5519 1148 5557 vere
1209 5504 1413 5571 grande
1464 5501 1828 5555 miraculum:
1869 5501 1956 5571 (εᾏυὶ
2006 5507 2188 5571 tamen

635 5582 888 5630 astruunt
917 5573 1075 5626 tidem
1109 5569 1262 5626 nives
1287 5573 1390 5627 illa:
1416 5571 1656 5640 adgipsas
1680 5571 1864 5624 fauces
1885 5569 2188 5640 ilammjvo-

636 5659 755 5700 mas
794 5644 1048 5696 similium
1078 5643 1341 5696 montium
1388 5642 1443 5694 in
1487 5636 1660 5703 Italia,
1691 5641 1926 5708 olimque
1959 5639 2013 5691 in
2049 5636 2189 5691 Sici-

637 5714 732 5774 lia,
761 5713 853 5767 ubi
874 5713 1165 5766 bituminea
1211 5712 1439 5765 materia
1469 5710 1615 5765 velut
1649 5711 1912 5764 exhausta
1940 5708 2007 5762 ad
2039 5709 2194 5761 llam.

642 5798 761 5839 mas
793 5782 912 5837 illas
960 5782 1231 5838 terribiles
1273 5782 1503 5836 videtur.
1551 5777 1655 5836 Job
1685 5795 1898 5850 quoque
1937 5792 2058 5848 cap.
2102 5794 2192 5844 ιι,

2287 4582 2535 4651 Σολομῶν
2581 4580 2860 4634 ἁπάντων
2893 4583 3058 4653 αὐτὴν
3108 4578 3407 4652 rep-[uda
3453 4582 3740 4636 ἐκάλεσεν·
3778 4587 3860 4648 είς

2287 4677 2439 4731 οὐδὲν
2472 4676 2848 4746 πτωχεύοντος,
2867 4677 2959 4731 τοῦ
3003 4678 3160 4741 Θεοῦ,
3205 4676 3339 4730 ἀλλὰ
3371 4676 3634 4738 πλουσίως
3676 4678 3861 4731 πάντα

2292 4767 2386 4821 καὶ
2423 4765 2646 4829 κτίζειν,
2678 4770 2771 4822 καὶ
2816 4772 3005 4834 ποιεῖν,
3044 4769 3137 4822 καὶ
3179 4766 3505 4831 ποικίλλειν,
3554 4767 3644 4820 καὶ
3672 4765 3862 4833 aliis”

2293 4857 2610 4928 δυναμένου.

2261 4969 2306 5000 ’⁸⁸
2340 4967 2464 5038 Sap.
2493 4987 2591 5036 vn,
2615 4969 2703 5025 21.

2301 5081 2394 5158 ubi
2425 5081 2585 5158 Sixt_._,
2619 5083 2823 5145 κλῶνες
2871 5081 3064 5158 ᾁγροῦ,
3097 5086 3151 5158 et
3186 5080 3406 5158 ἐφιῇ-ιι,
3450 5082 3861 5158 ίτὼι-χειᾷμᾲρ-

2301 5154 2397 5221 ρου
2424 5195 2436 5218 ,
2469 5154 2656 5207 salices
2681 5148 2959 5214 torrentis,
2995 5157 3149 5221 notat
3185 5148 3431 5221 Nobilius
3475 5153 3528 5205 in
3560 5148 3680 5207 aliis
3702 5148 3862 5214 libris

2299 5218 2423 5301 esse
2476 5222 2658 5289 ἄγνου·
2698 5222 2832 5276 forte
2866 5219 3237 5284 scribendum.
3268 5218 3449 5295 ἄγνου.
3481 5221 3682 5276 Catena
3713 5223 3860 5280 Lon-

2300 5291 2519 5344 dmiana
2550 5293 2602 5345 in
2633 5290 2750 5354 Job,
2785 5290 2852 5344 ad
2882 5306 3003 5360 eum
3040 5305 3255 5360 versum
3291 5307 3489 5358 marg..
3524 5309 3611 5360 π).
3645 5289 3854 5359 ἄγνου,

2297 5370 2349 5413 ει
2373 5361 2447 5413 sic
2474 5361 2529 5412 in
2552 5378 2649 5414 ms.
2681 5360 2901 5414 Theclw.
2955 5359 3210 5413 Eamdem
3276 5359 3539 5415 arborem
3579 5361 3745 5414 etiam
3789 5381 3860 5419 ex

2298 5430 2544 5501 profanis
2574 5430 2729 5485 docet
2764 5432 3028 5501 Dioscora
3056 5431 3089 5481 Ι.
3140 5446 3178 5490 ι,
3213 5445 3260 5483 c.
3291 5430 3411 5496 H6,
3435 5432 3667 5501 ejusque,
3689 5447 3860 5501 expo-

2298 5498 2434 5552 Sitor
2465 5499 2795 5554 Matthiolus.
2826 5530 2896 5541 ——
2930 5498 3167 5566 Hujusce
3219 5501 3432 5554 arboris
3455 5498 3701 5554 meminit
3729 5498 3857 5557 iIIem

2299 5567 2356 5641 ξ.
2394 5568 2595 5641 Martyr
2619 5570 2675 5641 in
2702 5569 2954 5641 gonvivio
2975 5568 3148 5623 decem
3175 5570 3360 5641 virgin.
3404 5571 3509 5625 sub
3537 5569 3776 5637 initium,
3803 5578 3859 5626 et

2294 5637 2447 5709 Orat.
2475 5637 2590 5709 x,‘§
2615 5640 2666 5696 5.
2690 5637 2858 5693 αλιι..

2369 5708 2481 5780 ίίὲ)
2503 5706 2741 5780 ’σγοῦν
2789 5710 2917 5780 ’ᾼει
2941 5707 3020 5762 Ex
3052 5710 3240 5764 eodem
3273 5710 3396 5764 cod.
3429 5706 3615 5780 Rnpil‘.

2371 5779 2484 5850 (l5)
2516 5777 2629 5834 Ἦν
2656 5777 2784 5849 γάρ.
2806 5777 2913 5834 Pro
2957 5780 3064 5853 γάρ
3093 5780 3258 5855 scrib.
3293 5780 3408 5834 καί.
