4028 6318
549 381 650 438 291

1528 391 1586 445 5.
1625 386 1959 442 METHODII
2002 386 2308 440 LPleUPl
2347 388 2426 438 l‘.'l
2480 387 2843 440 ιιΑιιίιιξιδ

3703 395 3816 451 292

546 502 741 573 ligatas
783 504 991 558 animas
1033 519 1062 557 ι
1124 501 1352 557 Ieremia
1408 501 1672 571 propheta
1743 500 1848 554 dici
1904 499 1994 563 ",
2050 512 2111 552 eo

2229 497 2558 567 δεσμὼτιδας
2610 499 2710 564 τὰς
2760 501 2940 572 ψυχὰς
3181 505 3333 576 παρὰ
3383 508 3477 561 τοῦ
3526 513 3811 583 προφήτου

546 593 691 662 quod
718 593 772 646 in
801 593 1118 661 corporibus
1146 592 1274 646 sint.
1309 589 1495 659 Neque
1525 589 1668 644 enim
1704 589 1898 642 anima:
1921 600 2116 656 apera-

548 682 724 737 tiones
754 697 782 734 a
807 696 1034 750 corpore
1063 682 1310 751 impediri
1351 680 1611 743 afﬁrmat;
1637 680 1748 734 imo
1774 692 1974 746 corpus
2004 676 2113 730 cir-

545 771 801 826 cumferri
829 775 1029 843 potius,
1046 783 1100 829 et
1114 775 1391 844 cooperari
1425 775 1489 828 ad
1506 789 1568 827 ea
1586 774 1650 827 ad
1673 789 1792 842 qua:
1819 772 1999 826 anima
2025 770 2113 824 in-

547 860 701 914 vitat.
726 859 1040 924 Enimvero,
1065 862 1338 930 quomodo
1361 862 1461 916 hac
1488 862 1540 914 in
1565 869 1713 930 parte
1734 859 2112 931 intelligendus

546 948 838 1018 Gregorius
867 951 1078 1021 (29-21)
1109 949 1434 1022 Theologus,
1463 960 1514 1006 et
1539 950 1627 1004 alii
1658 948 1881 1019 plures?

617 1035 683 1092 ll.
717 1035 876 1102 Quod
899 1034 1179 1105 Origenes,
1214 1042 1339 1105 post
1364 1034 1888 1102 praevaricationem,
1921 1050 2124 1106 corpus

545 1129 741 1182 anima:
773 1126 977 1180 vinculi
1006 1126 1128 1179 loco
1166 1123 1484 1194 adjunctum
1522 1123 1760 1189 dixerit,
1808 1139 1934 1180 cum
1969 1127 2124 1196 prius

544 1223 665 1277 sine
697 1234 931 1290 corpore
965 1217 1190 1272 viveret.
1224 1216 1330 1272 Sed
1357 1226 1413 1271 et
1455 1216 1558 1271 boc
1589 1216 1886 1285 adjecerit,
1921 1232 2123 1288 corpus

541 1313 691 1384 quod
720 1321 1036 1384 gestamus,
1065 1324 1288 1365 causam
1335 1323 1460 1365 esse
1505 1315 1859 1378 peccatorum
1894 1324 1910 1362 :
1953 1323 2126 1379 quare

541 1406 705 1459 etiam
741 1403 1021 1459 vinculum
1047 1400 1357 1470 appellavit,
1396 1407 1456 1452 ut
1481 1399 1628 1470 quod
1649 1399 1889 1453 animam
1914 1413 1946 1452 a
1965 1399 2124 1456 bonis

540 1495 800 1567 Operibus
829 1494 1117 1566 prohibere
1150 1492 1348 1562 possit.

616 1585 702 1640 Ill.
741 1585 893 1652 Quod
923 1586 968 1641 si
1009 1599 1212 1653 corpus
1254 1583 1442 1637 datum
1473 1591 1559 1636 est
1599 1579 1796 1635 anima:
1834 1587 1893 1634 ut
1935 1580 2125 1635 vincu-

540 1682 654 1734 lum
705 1685 826 1747 post
861 1677 1398 1747 przevaricationem,
1452 1673 1536 1728 vel
1581 1680 1667 1728 est
1707 1672 1895 1725 datum
1930 1672 2032 1741 ipsi
2066 1681 2125 1726 ut

539 1769 804 1824 malorum
829 1767 1109 1822 vinculum
1139 1764 1274 1834 (22),
1299 1763 1384 1817 vel
1415 1770 1472 1816 ut
1496 1763 1786 1816 bonorum.
1827 1757 1970 1814 Sane
1993 1771 2125 1812 vero

535 1858 725 1927 nequit
753 1856 872 1910 ﬁeri
906 1864 967 1909 ut
1010 1856 1283 1909 bonorum
1341 1847 1625 1905 vinculum
1676 1866 1688 1900 :

536 1949 786 2004 medicus
846 1947 1059 2002 aliusve
1097 1942 1292 1998 artifex
1335 1941 1633 1997 remedium
1664 1939 1910 2010 peccanti
1945 1939 2124 2011 porri-

536 2040 651 2106 git,
684 2047 744 2092 ut
787 2036 911 2107 plus
957 2042 1186 2106 peccet:
1225 2034 1397 2089 multo
1429 2033 1612 2088 minus
1646 2032 1814 2088 Deus.
1859 2031 2123 2102 Superest

533 2142 667 2197 ergo
720 2134 780 2180 ut
826 2127 897 2180 sit
949 2126 1136 2180 datum
1180 2132 1440 2193 tanquam
1488 2125 1772 2178 vinculum
1822 2125 2116 2179 malorum.

534 2216 701 2288 Atqui
728 2217 995 2280 videmus,
1029 2221 1089 2268 ut
1119 2213 1354 2283 primum
1387 2211 1526 2266 Cain
1554 2212 1659 2266 hoc
1679 2227 1910 2282 corpore
1948 2213 2116 2267 vesti-

533 2317 647 2374 tus,
675 2308 1028 2364 homicidium
1060 2306 1258 2361 fecerit
1286 2324 1299 2358 :
1333 2304 1542 2375 posteri
1593 2318 1725 2358 vero
1755 2305 1822 2359 ad
1855 2319 1975 2375 qua:
2003 2319 2120 2361 sce-

534 2400 649 2459 lera
682 2402 923 2472 prolapsi
975 2400 1118 2466 sint,
1174 2409 1260 2454 est
1320 2397 1698 2454 manifestum.
1749 2398 1890 2469 Ergo
1941 2413 2121 2468 neque

531 2510 735 2565 corpus
781 2502 866 2548 est
905 2491 1186 2547 vinculum
1223 2490 1493 2544 malorum
1546 2507 1562 2543 :
1608 2505 1737 2561 ergo
1783 2506 1961 2560 neque
2008 2493 2120 2546 ullo

530 2586 696 2641 modo
735 2585 1050 2650 vinculum;
1090 2597 1269 2651 neque
1299 2582 1436 2637 illud
1467 2583 1648 2637 anima
1691 2591 1815 2653 post
1857 2584 2118 2652 praevari-

531 2678 805 2732 cationem
838 2660 1081 2745 primum.
1106 2672 1304 2727 induit.

604 2767 694 2822 ιν.
731 2767 938 2832 Homo,
971 2767 1185 2836 inquit,
1223 2768 1270 2822 si
1303 2764 1424 2836 ejus
1457 2772 1711 2820 naturam
1743 2772 1991 2835 spectes,
2027 2781 2119 2820 ve-

529 2862 748 2918 rissime
772 2861 1006 2929 dicitur,
1033 2875 1212 2930 neque
1264 2860 1446 2914 anima
1483 2859 1603 2914 sine
1630 2871 1891 2928 corpore,
1939 2872 2118 2925 neque

529 2961 741 3019 contra,
774 2968 976 3020 corpus
1006 2953 1126 3007 sine
1156 2952 1377 3019 anima;
1413 2950 1509 3007 sed
1544 2950 1676 3004 illud
1699 2949 1849 3019 quod
1882 2965 1948 3003 ex
1989 2965 2118 3003 coa—

529 3046 720 3100 litione
750 3045 946 3098 animm
974 3052 1026 3098 et
1051 3044 1334 3114 corporis,
1362 3043 1417 3097 in
1443 3057 1605 3096 unam
1633 3041 1847 3113 pulchri
1878 3041 2116 3112 bonique

530 3136 762 3192 formam
800 3135 1094 3191 conﬂatur.
1155 3135 1418 3204 Origenes
1472 3149 1633 3200 vero,
1667 3142 1727 3188 ut
1778 3133 1933 3188 Plato
1973 3133 2110 3205 (25),

528 3231 705 3286 solam
744 3229 981 3282 animam
1013 3226 1149 3279 dixit
1179 3227 1515 3280 constituere
1542 3226 1841 3280 hominem.

608 3318 667 3374 ν.
694 3318 1065 3374 Diﬂ‘erentiam
1087 3318 1230 3372 inter
1266 3316 1543 3370 hominem
1592 3323 1648 3370 et
1681 3323 1875 3370 caetera
1906 3316 2114 3369 anima-

526 3409 602 3466 lia
640 3425 760 3465 esse
795 3409 969 3463 dicit:
1006 3415 1172 3476 atque
1209 3406 1296 3460 his
1329 3405 1552 3476 quidem
1577 3421 1702 3460 esse
1741 3405 1901 3458 datas
1932 3404 2114 3460 diver-

525 3517 618 3559 sas
649 3510 858 3556 naturae
905 3502 1117 3570 species
1169 3498 1520 3569 formasque,
1571 3506 1806 3567 quantas
1853 3499 2110 3553 nimirum

525 3596 702 3652 solida
731 3595 844 3665 (ιι)
880 3601 933 3648 et
965 3593 1141 3648 oculis
1188 3592 1437 3662 subjecta
1484 3600 1680 3646 natura
1741 3589 1852 3646 Deo
1885 3591 2113 3662 jubente

526 3687 783 3760 produxit
820 3701 832 3735 :
874 3684 1083 3738 homini
1113 3698 1244 3737 vero
1281 3682 1467 3737 datum
1501 3696 1626 3736 esse
1649 3720 1664 3744 ,
1702 3688 1762 3734 ut
1804 3691 1952 3735 esset
2001 3679 2111 3736 Deo

525 3779 722 3834 similis
745 3785 798 3831 et
817 3775 1100 3831 deiformis
1124 3791 1138 3839 ,
1169 3782 1336 3844 utque
1360 3773 1564 3838 omnia,
1591 3772 1661 3828 ad
1681 3781 1929 3827 exactam
1960 3772 2110 3826 illam

521 3871 892 3940 exemplarem
948 3866 1127 3922 Patris
1186 3866 1578 3936 Unigenitique
1627 3865 1920 3935 imaginem
1982 3881 2110 3935 spe-

522 3963 764 4026 ctantia,
795 3961 1039 4014 haberet.
1084 3957 1272 4017 Fuerit
1315 3972 1445 4011 vero
1473 3956 1931 4013 considerandum
1971 3955 2108 4029 (25),

529 4071 639 4126 qua
673 4063 900 4108 sanctus
932 4052 1143 4106 ratione
1175 4051 1227 4105 id
1262 4049 1428 4104 dicat.

595 4145 683 4200 Vl.
710 4145 957 4199 Phidiam
983 4144 1307 4200 statuarium
1331 4142 1426 4206 ait,
1458 4156 1582 4196 cum
1615 4138 1840 4195 Pisaeam
1868 4147 2108 4192 statuam

523 4254 591 4295 ex
619 4239 783 4293 ebore
835 4237 1150 4302 formasset,
1186 4237 1486 4306 imperasse
1528 4241 1657 4288 ante
1702 4241 1937 4286 statuam
1995 4230 2107 4300 (26)

596 4375 641 4407 ⁸⁷
675 4374 867 4430 Thren.
905 4389 990 4437 ιιι,
1027 4373 1118 4428 54.

597 4506 808 4573 (20-21)
841 4505 1114 4570 Quomodo
1141 4504 1237 4556 hac
1261 4505 1316 4555 in
1344 4512 1490 4573 parte
1513 4498 2101 4573 intelligendusGrcgp-

522 4564 656 4650 rius,
684 4564 802 4650 etc.
820 4564 936 4636 πῶς
952 4574 1168 4650 νο-ητέον
1185 4574 1245 4624 τὸ
1270 4564 1362 4650 tofi
1388 4570 1636 4650 θεολόγοι)
1663 4564 1963 4650 Γρηγορίον
1984 4564 2110 4634 με·
2141 4564 2186 4617 Ι)

518 4649 711 4714 jnnius
767 4645 1134 4706 interseritur,
1186 4644 1427 4714 acvelut
1479 4656 1743 4714 concesso
1795 4644 1914 4714 vim
1951 4649 2100 4696 tanto

524 4710 891 4785 Ol-igenianis,
929 4715 1089 4780 cujus
1122 4714 1189 4785 ab
1216 4713 1467 4785 Origene,
1495 4710 1552 4785 in
1590 4725 1786 4785 errore
1829 4710 2102 4785 hoe__pcs-

525 4779 684 4846 sim'o,
712 4799 818 4837 non
850 4779 1103 4836 occurrat
1135 4779 1448 4836 discrimen.
1503 4779 1695 4834 Melius
1725 4788 1872 4833 certe
1933 4780 2100 4836 Maxi-

524 4857 775 4916 musille,
807 4869 931 4907 vere
960 4854 1228 4906 maximus
1262 4851 1508 4920 Gregorii
1568 4850 1849 4918 expositor
1906 4867 2100 4920 prope-

524 4929 667 4981 diem
705 4925 972 4986 edendus,
1002 4922 1068 4974 ad
1103 4924 1403 4976 orationem
1449 4921 1521 4973 De
1556 4938 1734 4973 amore
1788 4936 2097 4988 pauperum,

525 4999 617 5050 ubi
652 4995 948 5063 Gregorius
983 4994 1297 5046 nonnullam
1334 4991 1702 5063 difﬁcultatem
1726 4990 1964 5060 przefert.

598 5067 710 5138 (22)
751 5061 843 5138 Vel
867 5076 943 5120 est
986 5065 1169 5138 dutuut
1221 5064 1320 5130 ipsi
1357 5072 1428 5138 ut
1486 5062 1749 5114 malorum
1810 5061 2094 5138 vinculum.

525 5133 976 5190 Velut'nimirum
1003 5136 1070 5188 ab
1097 5133 1204 5188 illis
1256 5133 1550 5201 prohibens
1581 5148 1593 5183 :
1622 5140 1681 5184 ut
1731 5148 1796 5185 ex
1848 5136 2098 5201 sequenti

524 5207 866 5278 probatione,
899 5221 1007 5278 non
1038 5204 1298 5278 prohibiti
1343 5203 1480 5278 mali
1503 5204 1558 5254 in
1585 5201 1755 5278 Gaiuo
1784 5210 1836 5278 et
1866 5203 2099 5278 posteris

524 5267 728 5345 liquet;
777 5267 896 5345 quae
929 5267 1178 5344 pluribus
1229 5272 1578 5344 prosequitur
1629 5273 1745 5341 ipse
1789 5267 2096 5327 Me'tliodius

525 5347 668 5418 apud
694 5345 1063 5418 Epiphaniuni
1094 5363 1147 5399 n.
1181 5345 1269 5399 45.
1367 5413 1424 5418 __
1768 5413 1779 5418 ι
1807 5362 1810 5366 ·

600 5416 711 5488 (25)
754 5412 1011 5488 Origenes
1067 5433 1205 5482 vero,
1256 5425 1313 5488 ut
1359 5413 1538 5488 Plato.
1586 5412 1704 5488 Alia
1768 5413 1953 5476 lectio,
1987 5413 2094 5488 οὐδ’

541 5484 842 5555 Ὦριγένης,
870 5484 1048 5539 minus
1077 5487 1327 5555 congruit
1363 5485 1556 5554 :plane
1572 5485 1714 5536 enim
1750 5484 2095 5555 consensisse

545 5506 599 5540 ὐ
640 5506 750 5553 ιγεν
795 5506 842 5549 ς,
870 5506 1048 5539 [HUIUS
1077 5506 1327 5555 COHgTUIl
1363 5506 1714 5554 εριιιιιιευιιιιιι
1750 5506 2094 5538 CUIISCHSISSC

527 5506 739 5612 videtur
756 5506 1020 5625 Brigenes
1050 5556 1282 5617 Platoni,
1306 5557 1559 5625 dogmate
1590 5555 1734 5623 quod
1770 5561 1978 5624 spectat
2026 5554 2094 5606 ad

527 5629 774 5693 animas;
803 5635 860 5680 ut
895 5627 1024 5694 ipsae
1045 5635 1226 5680 essent
1255 5629 1447 5690 homo;
1482 5639 1792 5694 quanquam
1843 5639 1950 5677 non
2004 5639 2090 5677 re-

526 5698 768 5764 ciperent
822 5713 939 5751 eam
990 5697 1508 5757 denominationem.
1550 5697 1658 5749 nisi
1711 5695 1766 5747 in
1801 5695 1992 5747 ordine
2026 5694 2093 5748 ad

524 5781 745 5834 corpus,
799 5775 851 5822 et
882 5768 1012 5820 illud
1063 5768 1404 5821 connutando
1439 5775 1497 5818 ut
1551 5767 1828 5834 proprium
1871 5765 2087 5819 mobile.

528 5832 791 5892 Videntur
818 5854 945 5894 vero
972 5853 1092 5896 esse
1128 5838 1241 5893 haec
1274 5841 1436 5896 verba
1471 5832 1669 5907 Phatii,
1694 5837 1877 5905 priora
1910 5843 2089 5891 autem

2239 587 2505 659 Ἱερεμίου
2533 588 2836 653 καλεῖσθαι,
2860 590 2949 643 διὰ
2969 591 3030 644 τὸ
3063 594 3119 644 ὲν
3150 592 3394 663 σώμασιν
3423 597 3590 661 αὑτὰς
3611 601 3815 671 τυγχά-

2227 697 2361 734 νειν.
2392 681 2470 734 υὺ
2495 681 2605 752 γὰρ
2630 682 2943 752 ἐμποδίζειν
2973 683 3074 746 τὰς
3101 685 3202 755 τῆς
3231 686 3407 758 ψυχῆς
3436 691 3711 761 ἐνεργείας
3748 692 3815 746 τὸ

2231 772 2389 844 σῶμα
2403 773 2610 827 τίθεται
2628 791 2642 804 σ
2665 791 2727 827 συ
2735 775 3138 845 μπεριάγεσθαι
3151 777 3207 830 δὲ
3231 777 3430 848 μᾶλλον
3445 782 3505 834 τὺ
3522 782 3700 853 σῶμα,
3714 786 3816 840 καὶ

2231 868 2572 935 συνενεργεῖν
2604 865 2741 937 πρὸς
2771 866 2808 920 ἃ
2833 869 2866 938 ή
2889 866 3036 939 ψυχὴ
3079 869 3380 940 ἐπιτρέπει.
3427 872 3582 926 Ἀλλὰ
3607 875 3725 940 πῶς
3749 876 3816 931 τδ

2225 955 2321 1009 τοῦ
2355 957 2609 1026 θεολόγον
2637 958 2938 1030 Γρηγορῑου
2970 960 3209 1030 νοητέον,
3249 963 3344 1015 καὶ
3369 963 3543 1017 ἄλλων
3562 968 3772 1022 πολλῶν
3796 987 3812 1035 ;

2298 1049 2374 1103 B'.
2415 1051 2538 1104 Ὅτι
2582 1051 2866 1122 Ὠριγένης
2891 1050 3088 1122 δεσμὸν
3112 1052 3173 1105 τὸ
3207 1054 3365 1124 σῶμα
3394 1056 3545 1126 ἔλεγε
3571 1059 3817 1114 δεδόσθαι

2226 1145 2292 1214 τῇ
2318 1142 2462 1214 ψυχῇ
2490 1145 2631 1214 μετὰ
2660 1143 2761 1215 τὴν
2785 1144 3118 1216 παράϐασιν,
3144 1149 3272 1216 πρὶν
3295 1147 3350 1201 δὲ
3371 1149 3676 1220 ἀσωμάτως
3696 1152 3818 1224 (27)

2226 1234 2394 1306 αὐτὴν
2429 1235 2727 1305 βιοτεύεινο
2765 1236 2903 1289 ἀλλὰ
2945 1238 3041 1290 καὶ
3078 1237 3238 1290 τοῦτο
3269 1239 3329 1292 τὸ
3365 1240 3546 1310 σῶμα,
3588 1242 3616 1294 ὃ
3657 1261 3820 1315 περι-

2227 1325 2480 1396 κείμεθα,
2512 1325 2686 1380 αῖτιον
2739 1323 2878 1381 εἶναι
2910 1328 3020 1381 τῶν
3053 1331 3372 1400 ἁμαρτιῶν·
3403 1333 3490 1385 διὰ
3521 1333 3679 1388 τοῦτο
3721 1340 3818 1389 καὶ

2225 1419 2422 1489 δεσμὸν
2455 1419 2662 1487 ἔλεγεν,
2702 1419 2779 1484 ὡς
2824 1420 2933 1474 ἀπὸ
2963 1422 3074 1475 τῶν
3117 1423 3339 1492 ἀγαθῶν
3369 1425 3548 1498 ἔργων
3582 1427 3820 1481 κωλύειν

2226 1509 2521 1581 δυνάμενον
2551 1510 2650 1582 τὴν
2673 1511 2869 1583 ψυχήν.

2298 1602 2372 1658 Γ’.
2405 1603 2528 1654 ’ὐτι
2552 1603 2601 1654 εἰ
2638 1602 2836 1672 δεσμὸς
2866 1604 3022 1675 ἐδόθη
3054 1607 3116 1659 τὸ
3150 1608 3310 1678 σῶμα
3338 1609 3476 1680 μετὰ
3502 1611 3598 1682 τὴν
3633 1614 3818 1683 παρά-

2228 1693 2406 1757 δασιν,
2441 1693 2474 1765 ἢ
2513 1693 2622 1746 τῶν
2651 1694 2857 1759 κακῶν,
2889 1695 2921 1765 ἢ
2951 1697 3060 1750 τῶν
3093 1698 3312 1767 ἀγαθῶν
3345 1703 3500 1775 ἐδόθη
3542 1707 3606 1774 τῇ
3640 1704 3815 1776 ψυχῇ.

2227 1785 2348 1838 Τῶν
2380 1785 2480 1856 μὲν
2504 1781 2597 1839 οὖν
2629 1787 2870 1855 ἀγαθῶν,
2901 1789 3162 1845 ἀδύνατον
3185 1811 3198 1823 δ
3237 1795 3356 1847 οὐδὲ
3398 1796 3508 1868 γὰρ
3541 1798 3740 1868 ἰατρῶν
3775 1799 3814 1869 ἢ

1740 1847 1925 1900 nullus
1975 1847 2121 1900 enim
2380 1847 2444 1886 ‘_
2678 1847 2689 1855 τ
2774 1877 2798 1889 ,
2860 1847 2867 1851 -
3049 1882 3060 1897 ¹
3411 1847 3497 1868 ,ηε
3782 1847 3814 1869 ,⁸

1947 1939 2090 1957 suae
2155 1853 2198 1913 Β
2226 1891 2486 1945 τεκνίτων
2530 1875 2687 1940 ἄλλος
2731 1894 2810 1948 τῳ
2851 1879 3227 1952 ἁμαρτησαντι
3273 1885 3451 1938 δίδωσι
3495 1888 3815 1957 φάρμακον,

2224 1967 2366 2021 ὥστε
2397 1968 2557 2023 πλέον
2591 1968 2990 2042 ἐξαμαρτῆσαι.
3032 1975 3106 2044 μὴ
3147 1976 3228 2028 ὅτι
3269 1994 3332 2044 γε
3362 1978 3511 2043 Θεὸς.
3545 1983 3822 2037 Λεὶπεται

2223 2060 2286 2132 δὴ
2315 2061 2421 2115 τῶν
2453 2063 2658 2118 κακῶν.
2706 2066 2865 2120 Ἀλλὰ
2898 2069 3006 2139 μὴν
3033 2068 3275 2140 ὁρῶμεν,
3299 2071 3374 2134 ὡς
3410 2075 3528 2125 κατ’
3559 2074 3736 2145 ἀρχὰς
3781 2077 3820 2130 ὁ

2226 2155 2324 2225 μὲν
2354 2156 2516 2239 Κάῖν,
2555 2158 2938 2229 περικείμενος
2977 2158 3132 2213 τοῦτο
3161 2160 3221 2212 τὸ
3271 2164 3452 2232 σῶμα,
3487 2165 3814 2231 ἐφόνευσενο

2221 2249 2268 2300 οἱ
2297 2248 2353 2301 δὲ
2383 2249 2578 2321 ἐφεξῆς
2613 2251 2754 2322 πρὸς
2783 2251 2848 2316 ἃς
2901 2252 3323 2325 ἁθεμιτουργίας
3378 2252 3687 2321 ἐξώκειλαν,
3717 2257 3803 2328 6'7]-

2221 2337 2330 2392 λον.
2361 2341 2495 2394 Οὐδὲ
2523 2342 2632 2395 τῶν
2661 2344 2850 2396 κακῶν
2871 2344 2981 2414 ἄρα
3011 2344 3208 2414 δεσμὸς
3235 2346 3295 2398 τὸ
3327 2345 3503 2417 σῶμα,
3532 2347 3637 2401 οὐδ’
3668 2347 3816 2412 ὅλως

2221 2432 2328 2503 ἄρα
2357 2433 2554 2505 δεσμός
2574 2453 2587 2464 ·
2619 2435 2729 2489 οὐδ’
2760 2436 2989 2509 ὕστερον
3019 2437 3150 2492 αὐτὸ
3180 2438 3490 2508 ἠμφιέσατο
3521 2439 3660 2510 μετὰ
3705 2440 3815 2511 τὴν

2223 2522 2534 2592 παράϐασιν
2571 2527 2605 2596 ἡ

2291 2768 2363 2821 Δ¹.
2401 2769 2522 2820 Ὅτι
2551 2768 2857 2842 ἄνθρωπος,
2883 2772 3036 2843 φησὶ,
3067 2773 3282 2841 λέγεται
3317 2773 3454 2828 κατὰ
3482 2776 3641 2844 φύσιν
3669 2777 3814 2846 ἁλη-

2221 2857 2456 2913 θέστατα
2499 2859 2621 2912 οὔτε
2656 2861 2801 2934 ψυχὴ
2836 2866 3004 2935 χωρὶς
3050 2863 3327 2934 σώματος,
3379 2866 3489 2919 οὒτ’
3518 2864 3584 2921 αὖ
3637 2868 3814 2921 πάλιν

2221 2951 2379 3022 σῶμα
2407 2955 2574 3024 χωρὶς
2632 2953 2844 3025 ψυχῆς*
2892 2955 3026 3009 ἀλλὰ
3060 2956 3119 3009 τὸ
3173 2959 3237 3012 ὲκ
3286 2958 3594 3023 συστάσεως
3622 2961 3815 3032 ψυχῆς

2218 3043 2311 3096 καὶ¹
2345 3044 2597 3114 σώματος
2632 3048 2712 3109 εἰς
2743 3046 2872 3117 μίαν
2898 3047 2997 3118 τὴν
3027 3048 3121 3101 τοῦ
3158 3048 3324 3102 καλοῦ
3363 3052 3574 3122 μορφὴν
3607 3069 3808 3106 συντε-

2219 3132 2328 3188 θέν.
2375 3134 2431 3188 ’0
2461 3135 2508 3188 δ’
2543 3136 2826 3208 Ὠριγένης
2842 3138 2939 3209 τὴν
2965 3138 3141 3210 ψυχὴν
3178 3139 3346 3210 μόνην
3376 3139 3557 3209 ἔλεγεν
3587 3142 3812 3215 ἄνθρω-

2142 3197 2187 3259 C
2219 3241 2341 3290 πον,
2375 3226 2448 3287 ὡς
2470 3227 2498 3277 ὁ
2520 3227 2767 3283 Πλάτων.

2286 3317 2365 3370 E'.
2401 3320 2522 3372 ’Ότι
2555 3320 2817 3390 διαφορὰν
2845 3321 3134 3394 ἀνθρώπου
3182 3327 3276 3380 καὶ
3305 3327 3414 3381 τῶν
3448 3325 3620 3381 ἄλλων
3642 3325 3812 3390 ζώων

2217 3411 2378 3479 φησί·
2414 3411 2506 3464 καὶ
2543 3415 2654 3475 τοῖς
2693 3413 2792 3483 μὲν
2828 3414 3059 3488 διάφορα
3109 3419 3363 3489 σχήματα
3397 3419 3606 3488 φύσεως
3648 3420 3808 3473 δέδο-

2213 3517 2335 3563 ται,
2367 3503 2462 3554 καὶ
2515 3506 2754 3574 μορφαὶ,
2798 3507 3061 3580 ὁπόσαςή
3121 3512 3436 3582 στερέμνιος
3480 3513 3576 3585 καὶ
3624 3515 3809 3587 ὁρατὴ

2215 3593 2374 3660 φύσις
2408 3594 2718 3662 κελεύοντος
2761 3599 3016 3671 ἐγέννησε
3048 3602 3215 3656 Θεοῦο
3252 3605 3330 3676 τῷ
3373 3606 3430 3659 δὲ
3469 3607 3528 3659 τὸ
3566 3606 3809 3672 θεοειδὲς

2213 3687 2305 3738 καὶ
2339 3686 2659 3755 θεοείκελον,
2703 3693 2797 3745 καὶ
2829 3694 3007 3748 πάντα
3049 3697 3185 3768 πρὸς
3219 3697 3435 3770 ἐκείνην
3471 3701 3809 3772 ἀπηκριϐω-

2226 3776 2392 3864 μένην
2433 3778 2491 3847 (ro
2527 3782 2982 3859 ἀπηκριϐωμένα)
3021 3792 3121 3864 τὴν
3165 3795 3516 3864 πρωτότυπον
3540 3797 3633 3848 τοῦ
3677 3799 3804 3850 Πα-

2223 3862 2349 3960 τρὸς
2381 3866 2474 3960 καὶ
2502 3868 2834 3960 Μονογενοῦς
2877 3862 3085 3935 εἰκόνα.)
3105 3862 3223 3935 Kal.
3249 3881 3365 3946 πῶς
3402 3882 3558 3938 τοῦτο
3586 3882 3736 3950 λέγει
3771 3887 3803 3938 ὁ

2223 3953 2375 4016 ἅγιος
2399 3953 2774 4013 ἐπισκεπτέον.

2281 4148 2373 4211 (τ’.
2413 4147 2532 4200 Ὀτι
2570 4147 2704 4216 φησὶ
2732 4144 2943 4198 Φειδίαν
2971 4144 3063 4198 τὸν
3084 4147 3521 4218 ἀγαλματοποιὸν
3540 4191 3554 4213 ,
3597 4151 3658 4204 τὸ
3687 4152 3801 4204 Πι-

2214 4241 2362 4290 σαῖον
2406 4238 2619 4292 εἴδωλον
2665 4240 2968 4309 ποιήσαντα
3013 4239 3074 4302 ἐξ
3122 4240 3411 4310 ἐλέφαντος
3437 4243 3572 4312 (28),
3618 4260 3802 4314 προσ-

2215 4508 2340 4554 sunt
2365 4498 2621 4554 Methodii
2646 4515 2701 4554 n.
2739 4499 2806 4552 l8
2829 4499 2969 4566 apud
3002 4497 3385 4567 Epiphanium,

2287 4572 2398 4640 ('24)
2432 4571 2637 4625 Solida.
2660 4571 2994 4639 στερέμνιος.
3027 4569 3224 4639 [\erupe
3242 4579 3388 4622 terra
3411 4580 3462 4623 et
3487 4582 3644 4637 aqua,
3663 4585 3798 4638 qua:

2205 4641 2321 4708 ipsa
2354 4649 2483 4712 sunt
2511 4643 2541 4710 ἡ
2571 4643 2738 4712 ὁρατὴ
2776 4640 3055 4712 φύσις-μοι(
3101 4656 3208 4707 qua
3242 4655 3397 4694 sacer
3448 4647 3627 4712 textus
3657 4656 3797 4709 pro-

2204 4712 2366 4763 ducta
2401 4708 2565 4763 refert
2605 4708 2892 4765 animalia.
2952 4708 3130 4764 Minus
3162 4725 3291 4765 vero
3338 4709 3590 4780 quadrat,
3631 4708 3790 4780 quod

2202 4781 2516 4834 reddiderat
2542 4783 2811 4850 interpres
2839 4780 3037 4833 valida.

2271 4873 2382 4941 (25)
2418 4870 2599 4925 Fuerit
2627 4890 2746 4926 ,πετο
2780 4873 3242 4930 considerandum.
3278 4879 3382 4925 etc.
3437 4868 3661 4924 Planum
3693 4883 3792 4929 est

2202 4958 2323 4996 esse
2350 4943 2527 4995 Pliotii
2556 4945 2739 5004 verba,
2765 4945 3088 4999 remittentis
3112 4945 3179 4996 ad
3202 4945 3375 5010 ipsum
3408 4941 3738 4996 Methodium
3769 4965 3788 5013 ;

2202 5029 2516 5083 quanquam
2556 5016 2822 5083 interpres
2849 5015 3079 5067 violenta
3105 5021 3157 5083 et
3194 5013 3543 5083 punctatione
3570 5024 3620 5067 et
3650 5030 3787 5066 ver-

2202 5087 2354 5136 sione
2380 5085 2444 5136 ad
2473 5082 2803 5138 Methodiurn
2836 5085 3058 5138 referat.
3095 5082 3220 5136 Fuit
3266 5083 3434 5136 codex
3494 5082 3788 5138 Sirinuudi

2200 5163 2260 5204 ut
2295 5166 2771 5222 reprmsentamus.
2801 5154 2990 5208 Potest
3031 5169 3161 5222 ergo
3191 5152 3365 5206 videri
3395 5155 3508 5221 ipse.
3559 5154 3784 5207 Metho-

2201 5224 2324 5304 dius
2356 5226 2569 5294 plenius
2598 5226 2907 5283 edisserens
2947 5240 3003 5278 ιι.
3035 5225 3101 5276 18
3146 5231 3202 5276 et
3248 5224 3313 5278 i9
3353 5226 3492 5295 apud
3536 5224 3786 5294 Epipha-

2199 5310 2367 5347 nium.

2268 5387 2380 5458 (26)
2431 5389 2564 5442 Ante
2619 5398 2871 5452 statuam,
2931 5383 3238 5458 ἔμπροσθεν
3295 5386 3387 5440 τοῦ
3439 5389 3780 5458 ἀγάλματος.

2201 5456 2289 5511 Sic
2344 5456 2505 5513 etiam
2561 5462 2702 5527 apud
2758 5456 3120 5529 EpiphaniUm
3173 5456 3783 5529 ιι.19,-ἀμφ“ι”πὸδα;ς

2198 5529 2505 5599 ἔμπροσθεν
2544 5526 2637 5584 τοῦ
2671 5526 3005 5600 ἀγάλματος,
3061 5529 3151 5582 ubi
3177 5529 3312 5585 bene
3367 5526 3639 5591 Petavius,
3701 5526 3782 5600 tu!

3619 5595 3784 5670 pata

2268 5759 2380 5830 (27)
2423 5759 2788 5830 Ἀσωμάτως.
2820 5758 2901 5810 Al.
2937 5749 3245 5828 ἀσώματον.

2271 5829 2385 5904 (28)
2429 5829 2628 5903 Ἐλέέλ
2660 5831 2749 5916 ιιι.
2785 5829 3077 5899 ἑλεφάντου
