4028 6318
691 373 798 427 299

1649 363 1706 418 S.
1750 358 2081 417 METEODII
2118 357 2426 415 EPISCOPI
2465 357 2553 414 ΕΤ
2589 357 2948 413 MARTYRIS

3844 360 3940 412 δυο

690 499 1030 556 acceperam,
1079 493 1137 538 ut
1167 483 1243 538 illi
1288 481 1553 538 obediens
1609 483 1871 536 virentem
1921 494 2135 550 semper
2195 494 2241 533 at

2362 479 2452 531 τὸν
2493 478 2766 548 ἁμαρτίας
2821 477 3119 548 ὑπάρχειν,
3163 474 3253 528 διὰ
3292 474 3389 544 τῆς
3427 471 3644 543 ἐντολῆς
3691 473 3941 544 ἀφορμὴν

688 578 1155 634 immortalitatem
1181 584 1236 630 et
1290 573 1550 645 gaudium
1579 573 1745 627 vitam
1797 571 2088 632 haberem,
2122 585 2257 624 con-

689 670 950 724 temnenti
978 668 1132 731 mihi,
1166 668 1336 722 cessit
1371 667 1426 720 in
1463 672 1714 720 mortem.
1749 663 1960 732 Quippe
2007 661 2258 716 diabolus

688 778 848 832 quem
914 762 1003 814 hic
1055 759 1260 814 Paulus
1315 765 1599 830 peceatum
1647 756 2067 826 appellavit,eo
2110 755 2256 823 quod

686 855 803 924 ipse
831 856 1166 908 architectus
1201 852 1277 907 sit
1314 861 1368 906 et
1415 859 1608 904 auctor
1641 848 1872 918 peccati,
1911 847 2199 903 occasione
2225 863 2256 901 a

685 955 909 1016 peccato
941 955 1189 1016 accepta.
1239 953 1298 998 ut
1330 958 1426 1013 per
1475 941 1900 996 inobedientiam
1958 940 2253 1009 deciperet,

683 1041 969 1110 deceptum
993 1039 1226 1104 occidit;
1259 1039 1645 1104 sententiaeque
1666 1035 1810 1088 illius
1837 1033 2043 1103 peregit
2069 1047 2254 1088 reum:

685 1128 751 1182 In
780 1147 885 1200 qua
915 1137 1092 1182 autem
1139 1128 1221 1180 die
1257 1125 1582 1179 comederitis
1631 1139 1697 1178 ea:
1743 1140 1826 1188 eo,
1869 1135 2036 1175 morte
2066 1137 2258 1175 morte-

682 1223 835 1275 mim'.
871 1219 1058 1290 Itaque
1116 1220 1199 1272 lea:
1256 1217 1463 1288 quidem
1512 1224 1698 1269 sancta
1729 1224 1777 1269 et
1808 1214 2117 1267 mandatum
2139 1229 2258 1266 san-

682 1323 846 1376 ctum,
867 1321 914 1365 et
940 1311 1170 1380 justum,
1202 1318 1249 1363 et
1273 1308 1462 1360 bonum
1495 1306 1580 1360 "z
1619 1306 2039 1360 velutnimirum
2070 1303 2138 1357 ad
2168 1318 2257 1358 sa-

683 1406 874 1467 lutem,
907 1417 1016 1456 non
1046 1401 1113 1455 ad
1145 1401 1369 1455 exitium
1399 1397 1768 1453 datum.Nihil
1793 1397 1937 1451 enim
1968 1395 2254 1450 credamus

685 1494 804 1550 fieri
833 1510 864 1547 a
903 1492 1012 1547 Deo
1037 1491 1226 1545 inutile
1275 1497 1330 1545 et
1377 1490 1619 1544 noxium.
1645 1485 1752 1551 Qui
1790 1485 1963 1554 ergo?
1987 1481 2138 1550 Quod
2160 1481 2252 1534 bo-

681 1606 810 1643 num
850 1587 1284 1657 eamihi/actum
1303 1589 1378 1637 est
1396 1591 1533 1632 mors
1565 1578 1648 1631 "‘l
1690 1578 1741 1630 id
1795 1575 2074 1638 nimirum,
2110 1575 2254 1644 quod

679 1682 878 1735 summi
912 1695 972 1733 ac
1001 1677 1260 1748 praecipui
1292 1671 1577 1742 cujusdam
1630 1670 1759 1724 boni
1791 1683 1957 1722 causa
1988 1667 2252 1730 futurum,

679 1772 812 1826 mihi
872 1770 1050 1824 fuerat
1096 1769 1213 1837 lege
1265 1762 1631 1835 praeceptum?
1684 1759 1856 1814 Absit.
1883 1757 2069 1828 Neque
2112 1758 2254 1811 enim

2367 568 2548 623 λαϐὼν
2582 569 2720 640 πρὸς
2751 568 3029 639 παρακοὴν
3058 564 3336 635 ἀπατῆσαί
3373 581 3459 634 με,
3489 565 3777 633 ἀπατήσας
3809 563 3938 616 ἀπέ-

2365 679 2570 716 κτεινε·
2608 661 2705 730 τῷ,
2737 655 2819 731 τῌ
2870 659 2921 712 δ’
2973 657 3050 711 ἂν
3091 657 3278 726 ἡμέρᾳ
3328 654 3552 724 φάγητε
3583 654 3682 707 τίετ’
3731 652 3936 707 αὑτοῦ.

2365 755 2596 821 θανάτῳ
2631 752 3055 815 ἀποθανεῖσθε,
3100 748 3467 819 κατακρίματι
3518 744 3813 800 ὑπεύθυνον
3852 764 3938 813 γε·

2364 846 2549 900 νέσθαι
2591 842 3088 913 κατεργασάμενος,
3117 843 3292 894 Ὥστε
3330 843 3362 894 ὀ
3398 837 3515 908 μὲν
3547 837 3728 906 νόμος
3755 836 3936 905 ἅγιος,

2363 939 2463 992 καὶ
2501 917 2548 1006 ἑή
2600 936 2818 1004 ἐντολὴ
2865 935 2971 988 τοῦ
3019 934 3168 988 Θεοῦ
3219 935 3377 1002 ἁγία,
3422 930 3520 984 καὶ
3574 929 3802 993 δικαία,
3840 930 3934 980 καὶ

2363 1029 2551 1100 ἀγαθή
2576 1047 2589 1060 ’
2624 1031 2705 1082 ὅτι
2752 1029 2826 1099 μὴ
2865 1027 2956 1079 ἐπὶ
2999 1027 3062 1078 τὸ
3107 1025 3325 1095 βλάψαι,
3377 1020 3491 1075 ἀλλ’
3539 1021 3631 1074 ἐπὶ
3661 1021 3724 1072 τὸ
3769 1019 3935 1071 σῶσαι

2363 1122 2538 1192 ἐδόθη.
2576 1120 2669 1190 Μὴ
2716 1119 2824 1188 γὰρ
2867 1117 3105 1188 οἰώμεθα
3155 1114 3426 1183 ἀνωφελὲς
3479 1130 3535 1165 τι
3585 1112 3618 1182 ἢ
3681 1111 3937 1181 βλαϐερὸν

2363 1215 2535 1266 ποιεῖν
2564 1211 2657 1264 τὸν
2688 1210 2839 1263 Θεὸν.
2873 1210 2938 1261 Τί
2982 1204 3106 1272 οῦν;
3147 1207 3215 1261 Τὸ
3268 1204 3492 1275 ἀγαθὸν
3532 1203 3659 1272 ἐμοὶ
3702 1203 3936 1270 ἐγένετο

2362 1303 2651 1368 Θάνατος;
2699 1301 2728 1354 δ
2768 1300 2861 1354 τοῦ
2910 1300 3166 1370 μεγίστου
3214 1316 3303 1368 μοι
3349 1297 3424 1360 ὡς
3474 1297 3643 1356 αττιον
3683 1294 3937 1363 ἐσόμενον

2363 1393 2589 1462 ἀγαθοῦ,
2635 1392 2978 1462 νομοθέτημα
3027 1391 3216 1462 ἐδόθη;
3269 1389 3366 1456 Μή
3408 1389 3632 1458 γένοιτο
3656 1387 3676 1438 .'
3707 1387 3828 1438 Ὀτι
3863 1385 3934 1455 μὴ

2361 1487 2395 1554 ἡ
2423 1485 2609 1555 ἐντολὴ
2639 1483 2734 1535 τοῦ
2764 1483 2898 1535 Θεοῦ
2930 1486 3006 1546 εἰς
3033 1483 3094 1535 τὸ
3124 1479 3595 1550 καταδουλωθῆναί
3631 1496 3697 1550 με
3725 1478 3936 1545 ἐγένετο

2360 1580 2427 1648 τῇ
2459 1577 2633 1647 φθορᾷ
2671 1577 2838 1637 αἰτία,
2860 1575 2972 1628 ἀλλ’
3011 1577 3039 1626 ὁ
3085 1573 3323 1636 διάϐολος
3344 1590 3357 1602 ·
3413 1573 3497 1625 ἵνα
3531 1569 3815 1643 φανερωθῇ
3847 1567 3934 1622 διὰ

2361 1668 2452 1721 τοῦ
2481 1667 2685 1736 ἀγαθοῦ
2715 1668 2774 1720 τὸ
2799 1669 2968 1719 κακὸν
3001 1665 3410 1727 κατασκευάσας
3432 1681 3444 1694 ⁸
3478 1664 3563 1717 ἵνα
3589 1664 3815 1732 γένηται
3843 1665 3934 1714 καὶ

2361 1761 2586 1831 ἐλεγχθῇ
2645 1760 2767 1813 καθ’
2814 1758 3114 1829 ὑπερϐολὴν
3166 1760 3193 1810 ὁ
3241 1757 3467 1826 εὑρετὴς
3518 1756 3616 1824 τῆς
3661 1754 3935 1825 ἁμαρτίας

678 1861 774 1918 Dei
802 1860 1117 1915 mandatum
1143 1855 1274 1911 mihi
1296 1869 1461 1910 causa
1489 1853 1609 1916 fuit,
1640 1861 1697 1907 ut
1731 1851 2241 1922 corruptionisjugc

2352 1851 2693 1921 ἁμαρτωλός.
2730 1849 2984 1918 Οἴδαμεν
3015 1849 3146 1916 γὰρ.
3177 1847 3266 1899 ὅτι
3295 1851 3326 1900 ὀ
3359 1848 3538 1914 νόμος
3581 1845 3713 1898 ἐστὶ
3754 1859 3933 1898 πνευ-

676 1953 1044 2022 maneiparer,
1080 1947 1174 2004 sed
1205 1947 1453 2002 diabolus
1493 1945 1606 2016 (38)
1650 1964 1662 1998 :
1691 1953 1750 1997 ut
1787 1945 1963 2014 palam
1998 1943 2250 2014 prodere-

678 2054 791 2108 tur,
822 2042 916 2112 qui
977 2056 1072 2110 per
1123 2039 1327 2094 bonum
1383 2037 1515 2091 mihi
1558 2043 1708 2091 esset
1739 2037 1961 2089 molitus
2006 2033 2244 2099 malum;

678 2135 938 2203 ﬁeretque
966 2140 1020 2186 et
1047 2131 1472 2185 convinceretur
1526 2129 1778 2181 inventor
1807 2125 2039 2195 peccati,
2081 2139 2246 2192 supra

677 2225 898 2278 modum
925 2229 1200 2294 peccator.
1226 2219 1435 2273 Scimus
1461 2218 1600 2271 enim
1655 2217 1780 2285 quia
1824 2215 1908 2268 lex
1949 2215 2246 2282 sptrilualis

672 2325 751 2368 est
771 2316 816 2346 ⁸⁷
853 2335 867 2368 :
897 2329 1087 2384 eoque,
1137 2311 1273 2366 nulli
1303 2311 1470 2365 ullius
1506 2309 1694 2362 damni
1732 2315 1817 2362 est
1851 2321 2037 2361 causa.
2069 2305 2244 2376 Spiri-

674 2407 838 2460 tualia
867 2406 1033 2468 enim,
1068 2403 1258 2472 procul
1308 2417 1338 2454 a
1401 2398 1698 2468 cupiditate
1727 2398 1900 2451 aliena
1942 2413 1972 2450 a
2012 2399 2244 2464 ratione,

673 2499 864 2568 procul
894 2512 924 2550 a
958 2506 1184 2565 peccato
1212 2492 1479 2546 habitant.
1507 2489 1616 2559 Ego
1645 2503 1819 2544 autem
1848 2489 2082 2542 carnalis
2103 2507 2242 2556 sum,

673 2586 1017 2641 venumdatus
1033 2585 1133 2638 sub
1173 2592 1402 2651 peccato.
1439 2579 1606 2646 Quasi
1635 2582 1880 2635 diceret:
1916 2579 2026 2650 Ego
2063 2590 2245 2633 autem

673 2678 912 2732 carnalis
948 2690 1092 2739 sum,
1119 2685 1173 2728 et
1205 2674 1257 2727 in
1282 2673 1410 2728 boni
1441 2672 1678 2741 malique
1702 2671 1963 2734 conlinio,
1998 2673 2146 2725 velut
2181 2670 2242 2724 li-

671 2769 788 2822 beri
813 2767 1048 2830 arbitrii,
1079 2766 1325 2837 positus;
1353 2775 1411 2818 ut
1438 2764 1492 2818 in
1544 2780 1663 2818 mea
1688 2767 1758 2818 sit
1791 2769 2080 2833 potestate,
2113 2762 2243 2832 quid

671 2860 830 2913 velim
865 2860 1081 2929 eligere.
1120 2859 1282 2912 Posui
1305 2856 1684 2925 enim,inquit,
1721 2865 1841 2908 ante
1867 2854 2059 2922 facient
2097 2864 2242 2907 luant

669 2953 831 3004 vitam
861 2959 910 3004 et
941 2959 1160 3002 mortem
1185 2951 1251 3006 ⁸⁸.
1281 2949 1418 3003 Cum
1469 2949 1650 3018 itaque
1691 2947 2029 3010 annuissein,
2056 2954 2114 3000 ut
2139 2946 2243 3016 legi

669 3043 894 3113 quidem
928 3042 1182 3111 spiritali,
1241 3040 1530 3103 mandato,
1563 3042 1806 3109 inquam,
1840 3054 1948 3092 non
1977 3037 2244 3106 obseque-

669 3147 794 3197 rer;
822 3132 1154 3200 obsequerer
1186 3147 1317 3185 vero
1346 3131 1448 3199 legi
1481 3131 1710 3194 carnali,
1761 3130 2029 3198 serpentis
2076 3129 2240 3182 nimi-

2350 1945 2624 2013 pattxo'o'
2662 1943 2741 1995 διὸ
2769 1942 2862 1993 καὶ
2894 1941 3043 1994 οὐδὲν
3071 1940 3240 2001 αἴτιος
3272 1938 3474 2007 βλάϐης
3510 1937 3702 1989 οὐδενί.
3738 1936 3937 2006 Πόρῤω

2353 2035 2461 2107 γὰρ
2492 2019 2783 2104 ἐπιθυμίας
2823 2035 3015 2102 ἀλόγου
3063 2034 3156 2086 καὶ
3208 2032 3478 2103 ἁμαρτίας
3525 2031 3826 2100 ἐσκήνηται
3871 2029 3938 2080 τὰ

2354 2127 2716 2198 πνευματικά.
2764 2126 2908 2194 Ἐγὼ
2948 2125 3014 2177 δὲ
3056 2125 3340 2192 σάρκινός
3389 2126 3526 2190 ειμι,
3557 2119 3937 2189 πεπραμένος

2352 2220 2470 2274 ὑπὸ
2501 2221 2614 2288 τὴν
2646 2221 2955 2288 ἁμαρτίαν.
2992 2212 3147 2272 Οἶον·
3187 2216 3324 2285 Ἐγὼ
3356 2215 3410 2268 δὲ
3442 2215 3692 2286 σάρκινος
3722 2213 3820 2277 ὢν,
3846 2214 3936 2265 καὶ

2353 2313 2410 2364 ἐν
2463 2312 2610 2381 μέσῳ
2643 2302 2741 2364 τοῦ
2789 2310 2992 2379 ἀγαθοῦ
3047 2311 3140 2362 καὶ
3189 2309 3426 2380 πονηροῦ
3461 2305 3829 2368 κατασταθεὶς
3862 2305 3934 2366 ὡς

2351 2403 2716 2470 αὑτεξούειος,
2748 2404 2832 2455 ἵνα
2864 2405 2947 2455 ἐπ’
2981 2405 3103 2471 ἐμοὶ
3142 2401 3353 2454 ἑλέσθαι
3377 2401 3406 2452 ὃ
3455 2399 3714 2468 βούλομαι
3846 2396 3936 2449 Τέ-

2352 2500 2516 2549 ﬁcum
2547 2496 2656 2564 γὰρ
2688 2496 2798 2562 πρὸ
2829 2495 3149 2563 προσώπου
3176 2511 3313 2556 σου,
3339 2493 3489 2563 φησὶ,
3515 2491 3627 2560 τὴν
3655 2489 3815 2559 ζωὴν
3839 2489 3934 2542 καὶ

2351 2591 2456 2640 τὸν
2497 2587 2770 2640 θάνατον.
2813 2587 3026 2649 Νεύσας
3049 2586 3180 2656 πρὸς
3229 2586 3289 2638 τὸ
3323 2583 3662 2655 παρακοῦσαι
3705 2583 3809 2653 μὲν
3843 2579 3934 2635 τοῦ

2353 2678 2720 2748 πνευματικοῦ
2749 2677 2911 2746 νόμου
2937 2694 2950 2706 ·
2998 2672 3086 2728 οἷα
3127 2677 3226 2744 τῆς
3252 2675 3470 2743 ἐντολῆς
3493 2691 3506 2704 ⁸
3539 2674 3848 2727 ἐπακοῦσαι
3881 2672 3935 2725 δὲ

2350 2769 2444 2821 τοῦ
2480 2768 2692 2821 ὑλικοῦ·
2741 2753 2949 2820 οἷςίτοῦ
2981 2767 3160 2836 ὄφεως
3185 2766 3280 2836 τῆς
3313 2765 3670 2834 συμϐουλίας·
3710 2765 3934 2834 πέπρα-

2346 2879 2450 2930 μαι
2481 2861 2566 2913 διὰ
2599 2860 2696 2930 τὴν
2724 2864 2976 2930 τοιαύτην
3001 2860 3231 2930 αἵρεσιν,
3265 2857 3444 2909 πεσὼν
3481 2857 3584 2908 ὑπὸ
3627 2855 3730 2926 τὴν
3756 2859 3937 2926 ἁμαρ-

2349 2953 2490 3015 τίαν,
2513 2953 2590 3022 τῷ
2617 2952 2866 3022 διαϐόλῳ.
2890 2952 3048 3004 Ὅθεν
3090 2949 3333 3003 ἐντεῦθεν
3372 2947 3739 3017 πολιορκῆσὰν
3780 2963 3846 3017 με
3877 2946 3935 2998 τὸ

2350 3045 2518 3098 κακὸν
2549 3044 2778 3109 ἐνιζάνει
2811 3045 2901 3096 καὶ
2931 3041 3342 3112 ἐμπολιτεύεται
3377 3039 3696 3092 εἰσοικίσθαι
3733 3039 3849 3108 (59)
3881 3040 3934 3089 ἐν

2348 3139 2413 3206 τῇ
2469 3136 2630 3207 σαρκί
2687 3154 2809 3205 μου,
2856 3135 3010 3204 δίκης
3049 3134 3353 3204 ἑντεθεξσης
3410 3151 3519 3202 μοι,
3567 3133 3664 3202 τὴν
3713 3131 3933 3200 ἐντολὴν

670 3239 791 3277 rum
826 3224 1311 3294 consilio,pr0pter
1355 3222 1623 3290 ejusmodi
1685 3223 2007 3278 electionem
2050 3224 2239 3292 lapsus

2350 3228 2687 3297 ἄθετήσαντι,
2713 3227 2985 3297 πραθῆναι
3013 3226 3090 3297 τῷ
3117 3227 3286 3295 κακῷ.
3324 3227 3414 3278 Διὸ
3440 3228 3531 3277 καὶ
3548 3226 3628 3287 τὸ,
3661 3229 3748 3279 Οὐ
3775 3226 3937 3294 γινώ-

669 3318 725 3371 ίη
756 3324 1062 3386 peceatum,
1096 3315 1312 3370 diabolo
1332 3316 1672 3369 venumdatus
1697 3331 1834 3369 sum.
1872 3314 2010 3368 Hinc
2041 3315 2241 3368 malum

667 3409 817 3462 velut
866 3407 1147 3472 obsidens,
1200 3409 1333 3462 mihi
1384 3409 1729 3472 adhaerescit,
1790 3417 1953 3478 atque
1993 3408 2046 3461 in
2079 3424 2244 3464 carne

667 3515 788 3554 mea
821 3507 1082 3570 tanquam
1117 3503 1172 3554 in
1202 3500 1364 3557 domo
1398 3501 1636 3566 habitat;
1674 3502 1775 3554 bac
1806 3501 1988 3555 violati
2041 3517 2241 3570 prince—

667 3595 746 3662 pti
794 3593 965 3646 multa
1021 3591 1295 3662 imposita,
1347 3595 1426 3647 uti
1476 3595 1618 3647 malo
1665 3593 1948 3648 venderer.
2007 3590 2161 3646 Unde
2191 3603 2244 3649 et

667 3683 812 3753 quod
843 3684 1079 3738 dicitur:
1115 3683 1237 3738 Non
1271 3701 1520 3755 cognosco
1547 3684 1681 3754 quod
1713 3700 1926 3752 operor:
1952 3692 2005 3738 et
2040 3702 2054 3737 :
2091 3684 2243 3750 Quod

667 3774 756 3829 odi
788 3774 928 3844 facio
955 3775 1002 3806 ”
1039 3793 1052 3830 :
1085 3790 1196 3830 non
1232 3775 1312 3829 sic
1367 3776 1538 3844 accipi
1573 3776 1752 3839 debet,
1790 3776 1944 3845 quasi
1978 3763 2045 3828 de
2099 3776 2243 3830 malo

663 3881 828 3936 opere
861 3867 1214 3936 intelligatur,
1238 3865 1333 3920 sed
1362 3867 1644 3919 dumtaxat
1668 3865 1733 3920 de
1755 3867 2103 3937 cogitatione.
2121 3865 2240 3922 Non

663 3959 807 4013 enim
839 3962 894 4014 in
924 3968 1114 4014 nostra
1149 3969 1232 4013 est
1259 3966 1545 4029 potestate,
1581 3965 1640 4012 ut
1667 3960 1971 4030 cogitemus
2013 3959 2095 4013 vel
2130 3974 2241 4013 non

662 4052 962 4121 cogitemus
990 4052 1217 4118 absona,
1255 4051 1350 4107 sed
1413 4061 1471 4105 ut
1501 4058 1719 4104 utamur
1763 4051 1848 4106 vel
1875 4067 1983 4106 non
2014 4060 2238 4106 utamur

663 4141 936 4210 cogitatis.
962 4139 1123 4207 Nam,
1177 4158 1245 4197 ne
1291 4141 1450 4196 nobis
1511 4140 1823 4195 istiusmodi
1876 4141 2237 4211 cogitationes

665 4231 948 4299 obrepant,
979 4247 1097 4301 quae
1151 4232 1417 4303 probandi
1470 4234 1645 4287 nostri
1696 4247 1861 4288 causa
1903 4234 2237 4290 intrinsecus

666 4321 1055 4385 immittuntur,
1087 4324 1376 4391 prohibere
1405 4339 1512 4377 non
1554 4339 1883 4392 possumus;
1916 4341 2023 4379 non
2047 4340 2238 4379 asseu-

666 4411 754 4465 tiri
777 4420 830 4464 et
857 4427 962 4464 non
1013 4414 1113 4477 uti,
1170 4429 1485 4483 possumus.
1518 4414 1808 4479 Quocirca,
1864 4416 2135 4485 ejusmodi
2167 4432 2237 4470 ne

2345 3335 2470 3372 σκω
2504 3318 2534 3370 ὃ
2572 3317 2986 3389 κατεργάζομαι
3009 3335 3022 3346 ·
3075 3319 3188 3380 καὶ,
3221 3317 3374 3370 Ποιὼ
3427 3317 3457 3369 ὂ
3490 3315 3668 3385 μισῶ,
3703 3315 3933 3385 λεγόμε-

2345 3428 2460 3464 νον’
2509 3411 2609 3463 οὑκ
2665 3412 2756 3463 ἐπὶ
2806 3410 2899 3462 τοῦ
2943 3410 3134 3479 δρᾶσαι
3181 3410 3240 3460 τὸ
3286 3408 3486 3477 φαῦλον
3526 3408 3930 3479 παραληπτέον,

2343 3503 2456 3555 ἀλλ’
2491 3504 2582 3555 ἐπὶ
2619 3502 2713 3554 τοῦ
2759 3502 2917 3572 μόνον
2960 3501 3345 3570 ἐνθυμηθῆναι.
3393 3502 3468 3554 Οὐ
3518 3501 3624 3571 γὰρ
3666 3499 3756 3569 ἐφ’
3805 3502 3932 3570 ἡμῖν

2343 3597 2403 3647 τὸ
2436 3595 2856 3666 ἐνθυμεῖσθαι,ἦ
2895 3594 2967 3665 μὴ
3008 3594 3374 3664 ἐνθυμεῖσθαι,
3416 3596 3589 3646 κεῖται
3623 3590 3695 3643 τὰ
3734 3591 3929 3653 ἄτοπα,

2351 3687 2485 3741 ἀλλὰ
2515 3689 2574 3740 τὸ
2594 3689 2829 3760 χρῆσθαι
2858 3688 2891 3758 ἢ
2925 3689 2996 3758 μὴ
3022 3687 3256 3759 χρῆσθαι
3278 3689 3385 3749 τοῖς
3419 3684 3787 3755 ἐνθυμήμασι.
3818 3687 3934 3738 Κω-

2349 3779 2506 3832 λῦσαι
2554 3781 2652 3850 μὲν
2677 3779 2783 3849 γὰρ
2814 3780 3032 3832 πίπτειν
3078 3781 3161 3842 εἰς
3200 3780 3348 3849 ἡμᾶς
3391 3778 3514 3838 τοὺς
3546 3775 3843 3844 λογισμοὺς
3871 3780 3930 3828 οὺ

2346 3870 2651 3939 δυνάμεθα,
2696 3871 3139 3942 προσδεχομένων
3187 3869 3296 3939 (40)
3344 3865 3502 3936 ἡμῶν
3559 3864 3760 3928 ἔξωθεν
3817 3868 3929 3918 εἰσ-

2348 3960 2706 4029 πνεομένους·
2743 3961 2816 4031 μὴ
2849 3959 3138 4029 πεισθῆναι
3169 3958 3371 4029 μέντοι,
3398 3957 3430 4027 ἢ
3471 3957 3544 4026 μὴ
3571 3956 3813 4028 χρῆσθαι
3840 3957 3927 4010 δυ-

2341 4050 2570 4119 νάμεθα.
2601 4051 2692 4102 Διὸ
2723 4051 2782 4102 τὸ
2817 4051 2914 4119 μὲν
2943 4051 3114 4103 Θέλειν
3145 4048 3282 4102 αὐτὰ
3318 4047 3391 4117 μὴ
3418 4048 3788 4120 ἐνθυμηθῆναι
3820 4068 3912 4102 πα-

2345 4141 2607 4213 ράκειται·
2630 4143 2690 4194 τὸ
2708 4143 2761 4193 δὲ
2782 4160 2908 4196 κατε
2919 4141 3219 4216 ργάσασθαι
3242 4143 3319 4202 εἰς
3343 4140 3404 4193 τὸ
3429 4141 3706 4210 ἀφανίσαι,
3740 4143 3828 4194 ἵνα
3854 4143 3926 4211 μὴ

2342 4227 2498 4292 αὖθις
2523 4231 2648 4302 περὶ
2663 4229 2754 4283 τὸν
2783 4232 3040 4302 λογισμὸν
3055 4232 3375 4294 ἀνέλθωσιν,
3401 4229 3462 4283 οὕ
3486 4247 3501 4261 ο
3529 4233 3608 4284 ὅτι
3644 4232 3720 4302 μὴ
3749 4236 3924 4285 κεῖται

2342 4321 2498 4375 τοῦτο
2519 4324 2602 4391 ἐφ’
2620 4325 2770 4393 μίν,
2790 4321 2863 4384 ὡς
2889 4309 3132 4391 ἔφην’ὧς
3159 4319 3293 4375 εἶναι
3310 4323 3402 4374 τὸν
3425 4323 3548 4374 νοῦν
3568 4324 3812 4377 τοιοῦτον
3834 4323 3924 4376 τοῦ

2348 4415 2535 4485 ρητοῦ¹
2577 4417 2657 4469 Οὐ
2703 4420 2808 4483 γὰρ
2846 4417 2876 4468 ὃ
2916 4416 3088 4476 θέλω,
3139 4412 3284 4466 ποιῶ
3330 4414 3582 4483 ἀγαθόν·
3639 4413 3782 4467 θέλω
3818 4416 3922 4483 γὰρ

662 4502 905 4571 cogitare
961 4503 1178 4570 quidem
1240 4505 1394 4569 velle,
1439 4514 1637 4558 nostrae
1691 4515 1776 4560 est
1814 4510 2148 4576 potestatis:
2184 4508 2235 4560 id

2350 4507 2423 4577 μὴ
2445 4506 2788 4577 ἐνθυμεῖσθαι
2820 4508 2853 4560 ἃ.
2884 4508 3105 4575 βλάπτει
3135 4525 3218 4577 με.
3263 4507 3478 4575 Ἐπειδὴ
3502 4505 3659 4558 τοῦτο
3687 4508 3748 4559 τὸ
3793 4509 3924 4575 ἀγα-

663 4605 844 4650 autem
901 4594 1120 4662 assequi
1155 4601 1212 4645 ut
1242 4597 1457 4661 penitus
1489 4597 1906 4664 exstinguantur
1943 4613 2115 4666 neque
2147 4613 2238 4651 n0-

660 4686 744 4741 bis
768 4686 1000 4755 amplius
1021 4697 1334 4749 occurrant,
1361 4687 1602 4740 minime.
1634 4686 1790 4752 Nam,
1825 4695 1882 4741 ut
1913 4689 2043 4753 dixi,
2064 4690 2236 4745 haud-

726 4840 930 4896 "Rom.
961 4857 1059 4903 VII,
1093 4841 1176 4893 1Q.
1255 4840 1301 4871 "
1331 4839 1459 4894 ibid.
1495 4842 1579 4894 l3.
1671 4843 1714 4872 ⁵⁷
1750 4843 1878 4896 ibid.
1929 4847 2008 4902 '4.

731 5027 846 5098 (58)
876 5027 979 5083 Sed
1005 5029 1269 5083 diabolus.
1301 5029 1470 5093 Quem
1495 5030 1696 5098 ubique
1717 5029 1848 5086 dicit
1880 5035 2032 5088 Pauli
2089 5034 2224 5089 illud

657 5108 950 5174 peccatum.
991 5100 1083 5154 Est
1134 5101 1484 5174 paraphrasis
1539 5103 1684 5153 velut
1730 5107 2004 5169 continua,
2043 5108 2226 5174 sequi-

660 5180 853 5236 turque
885 5167 1582 5240 Graecam'punctationem,
1619 5187 1725 5240 qua
1757 5176 1915 5227 verba
1948 5167 2056 5238 illa,
2093 5167 2228 5228 ἀλλὰ

655 5241 688 5308 ὴ
733 5240 996 5308 ἁμαρτία,
1030 5241 1340 5309 referuntur
1371 5243 1435 5293 ad
1467 5242 1650 5309 priora
1691 5260 1703 5294 :
1740 5241 1910 5295 Latini
1945 5254 2122 5298 autem
2159 5247 2225 5299 ad

657 5310 941 5383 sequentia
973 5308 1234 5383 referunt,
1255 5327 1418 5366 sensu
1444 5308 1554 5363 non
1581 5311 1651 5363 ita
1678 5312 1854 5380 plano.
1902 5313 2024 5367 Vult
2075 5331 2223 5383 ergo,

657 5392 766 5457 non
799 5379 991 5457 legem,
1029 5381 1121 5432 sed
1157 5391 1442 5457 peccatum
1477 5379 1766 5457 occasione
1811 5385 1960 5450 legis,
1996 5379 2225 5439 mortein

658 5447 963 5527 induxisse.
988 5518 1000 5527 _
1023 5457 1081 5527 ut
1115 5447 1436 5527 ostendatur
1477 5447 1942 5527 convincaturque
1990 5455 2225 5508 maxima

659 5518 778 5591 ejus
811 5518 1210 5591 improbitaset
1253 5523 1486 5589 malitia;
1548 5524 1694 5591 quod
1731 5518 1928 5576 malum
1989 5533 2222 5589 tantum,

660 5584 804 5663 bono
831 5584 926 5642 illo
965 5590 1347 5663 conciliaverit
1401 5608 1415 5642 :
1463 5584 1786 5663 egregieque
1837 5594 2070 5663 quadrat
2112 5584 2225 5647 Me;

657 5655 930 5734 thodiariaa
963 5659 1016 5710 in
1047 5659 1344 5734 diaboluln,
1378 5655 1525 5716 vere'
1558 5655 1868 5734 γενόμενον’
1898 5664 2018 5716 καθ’
2056 5666 2226 5734 ὑπερ-

657 5722 818 5794 σολὴν
869 5725 1228 5800 ἁμαρτωλὸν·
1261 5729 1485 5784 Paulina
1525 5722 1740 5800 phrasis
1774 5752 1784 5784 :
1819 5734 1920 5799 Qui
1956 5736 2027 5788 sit
2051 5722 2225 5788 factus

655 5806 750 5846 Sol
785 5802 1042 5850 ostensus
1064 5813 1129 5853 eo
1167 5799 1340 5857 abusu
1379 5799 1609 5868 bonique
1649 5804 2013 5870 perversione,
2049 5804 2226 5858 excel-

2109 4848 2155 4879 ⁸⁸
2186 4846 2350 4902 Ecclt'.
2385 4863 2474 4912 ΥΓ,
2507 4849 2603 4916 18;
2637 4849 2748 4903 Jer.
2785 4863 2900 4914 ιιι,
2940 4849 2993 4906 8.

2345 4596 2436 4649 θὸν
2461 4600 2818 4668 πανάμωμον.
2842 4601 2948 4652 Καὶ
2976 4598 3148 4652 τοῦτο
3169 4596 3304 4666 μὲν,
3337 4597 3368 4649 ὃ
3401 4597 3554 4651 θέλω
3585 4599 3832 4668 ἀγαθὸν,
3851 4601 3922 4651 οὐ

2331 4690 2525 4744 ιποιῶ·
2576 4691 2607 4743 ὃ
2658 4691 2725 4744 δὲ
2758 4692 2843 4761 μὴ
2885 4694 3054 4754 θέλω,
3094 4691 3343 4758 πράσσω
3389 4692 3603 4744 κακόν
3645 4693 3708 4746 οὐ
3755 4693 3919 4746 θέλων

3098 4849 3144 4882 δ’
3180 4852 3326 4904 Rom.
3362 4864 3458 4911 vii,
3488 4847 3574 4902 45.

2331 5039 2506 5094 lenter
2541 5050 2794 5108 peccator
2827 5059 2840 5094 :
2879 5056 2973 5095 seu
3008 5037 3276 5108 maximus
3305 5043 3575 5108 peccator.
3600 5035 3762 5106 Apud
3793 5034 3915 5108 Epit

2334 5105 2592 5178 phaniuin
2617 5118 2796 5164 tamen
2823 5127 2874 5163 n.
2900 5112 2966 5164 56
2992 5109 3222 5162 habetur
3247 5105 3436 5159 Latina
3459 5105 3745 5176 punctatio
3782 5123 3794 5156 :
3819 5105 3911 5178 sed

2338 5175 2513 5247 potest
2541 5181 2730 5235 vitiosa
2760 5197 2900 5240 esse.
2934 5194 3041 5234 non
3077 5180 3254 5231 minus
3291 5175 3534 5246 quant-.6
3560 5179 3761 5240 αἰτίας,
3796 5175 3912 5229 ἀντὶ

2335 5252 2450 5312 τοῦ,
2482 5252 2650 5313 αἰτία,
2708 5253 2853 5319 quod
2903 5248 3213 5303 immediate
3245 5248 3499 5319 praecedit
3535 5265 3546 5299 ε
3579 5256 3912 5316 possemque

2335 5322 2448 5373 illic
2484 5325 2636 5389 plura
2684 5317 2894 5374 restitui
2931 5337 2997 5373 ex
3040 5321 3244 5372 nostris
3298 5317 3615 5383 Photianis;
3663 5326 3816 5385 puta,
3857 5331 3906 5366 n.

2333 5391 2421 5449 55.
2477 5393 2662 5454 initio,
2717 5391 2935 5460 ἴδωμεν,
2971 5390 3090 5443 ἀντὶ
3126 5389 3240 5453 τοῦ,
3272 5389 3439 5458 ἴωμεν
3464 5409 3477 5420 ·
3527 5389 3905 5455 ἐνεκισσησαν,

2332 5463 2450 5514 ἀντὶ
2474 5462 2565 5514 τοῦ
2590 5463 2935 5531 ἐνεκίσσησα.

2405 5532 2518 5602 (59)
2550 5522 2944 5584 Εἱσοικίσθαι.
2979 5528 3170 5598 Epiph.
3206 5529 3335 5583 liter.
3363 5544 3507 5590 uiv,
3535 5543 3686 5582 num.
3716 5522 3784 5578 56
3809 5522 3905 5575 sub

2335 5600 2517 5663 ﬁtiein,
2549 5605 2928 5654 εἰσοικείσθαι.

2376 5661 2516 5793 ’(4ορ
2549 5671 3072 5794 Πρὲιςδεχομένων.
3107 5669 3250 5740 Lego
3277 5670 3409 5740 πρὸς
3438 5669 3667 5737 δοκιμήν
3692 5679 3760 5720 ex
3781 5661 3903 5734 Epi-

2395 5758 2536 5794 tanio
2560 5758 2592 5794 rt
2717 5783 2729 5794 .

2337 5756 2536 5809 pnanio
2560 5758 2592 5795 η
2643 5756 2729 5795 Dl.
