4028 6318
143 410 213 466 ut
1155 406 1246 460 ex
1284 403 1486 460 LIBRO
1524 389 1610 458 ui:
1643 403 2234 462 RESURRECTIONE.

3187 405 3290 458 50°.

141 525 385 587 ινιιοεῐσθαι,
411 527 496 578 καὶ
525 525 893 595 ἐννοούμενος.
924 525 958 578 ἃ
999 526 1071 595 μὴ
1104 524 1257 578 θέλω.
1280 526 1390 578 Kal.
1413 525 1632 577 ἐπισκέ-

1738 539 2009 593 quaquam
2065 524 2118 577 id
2151 523 2384 594 positum
2433 530 2518 576 est
2548 522 2602 574 iu
2653 528 2839 576 nostra
2879 519 3177 573 facultate-
3232 531 3291 571 ut

137 618 289 687 Ma:
315 617 430 686 (il),
453 619 498 668 εί
527 617 602 686 μὴ
636 616 727 668 διὰ
751 616 923 668 ταῦτα
953 614 1092 668 αὐτὰ
1132 617 1223 668 καὶ
1253 617 1282 669 ὁ
1319 614 1479 668 Δαυῒδ
1515 618 1627 667 ἐνε-

133 707 310 777 τύγχανε
326 707 395 776 τῷ
416 707 546 776 Θεῷ,
584 706 952 777 δυσχεραίνων
981 707 1072 758 ἐπὶ
1100 705 1177 775 τῷ
1196 704 1499 774 λογίζεσθαι
1533 707 1626 758 καὶ

132 798 268 858 αὑτὸν,
286 798 316 850 ἃ
345 797 410 866 μὴ
434 795 646 866 ἤθελεν·
686 798 820 850 Ἀπὸ
859 795 974 848 τῶν
1004 798 1267 864 κρυφίων
1293 814 1412 864 μου
1444 796 1623 850 καθά-

127 890 260 956 ρισόν
278 904 362 956 με,
389 888 479 940 καὶ
521 887 641 940 ἀπὸ
680 887 1014 953 ἀλλοτρίων
1032 887 1231 956 φεῖσαι
1267 887 1372 939 τοῦ
1402 887 1623 940 δούλου

130 996 230 1032 σου.
255 979 368 1030 Ἐὰν
395 979 474 1046 μή
506 995 624 1046 μου
665 979 1191 1044 κατακυριεύσωσι,
1226 979 1359 1030 τότε
1392 976 1627 1045 ἄμωμος

129 1071 305 1144 ἔσομαι,
339 1069 427 1123 καὶ
459 1068 966 1137 καθαρισθήσομαι
995 1067 1112 1122 ἀπὸ
1144 1069 1428 1136 ἁμαρτίας
1450 1067 1628 1136 μεγά-

127 1164 225 1226 Inc.
253 1162 347 1213 Kal.
375 1161 529 1222 αὐτὸς
569 1160 628 1212 δὲ
667 1161 697 1211 ὀ
743 1159 1053 1222 Ἀπόστολος
1075 1161 1132 1210 ἐν
1155 1160 1315 1231 ἑτέρᾳ
1344 1160 1453 1230 (42)
1475 1177 1487 1190 ·
1520 1166 1630 1214 Λο-

126 1252 322 1322 ττσμοὺς
342 1251 773 1318 καθαιροῦντες,
802 1251 897 1303 καὶ
926 1249 1047 1304 πᾶν
1079 1251 1296 1319 ὕψωμα
1327 1252 1629 1320 ἐπαιρόμε-

127 1360 206 1394 rer
234 1344 362 1396 κατὰ
396 1341 497 1408 τῆς
529 1343 803 1410 τνιὶσεως
838 1341 942 1395 τοῦ
984 1342 1161 1395 Θεοῦ’
1204 1342 1300 1394 καί
1334 1345 1630 1410 αἰχμαλω-

127 1433 323 1501 τίζοντες
356 1431 472 1488 πᾶν
507 1434 705 1501 νόημα
747 1435 836 1498 εις
876 1431 990 1501 τὴν
1021 1433 1300 1502 ὑπακοὴν
1346 1435 1451 1487 τοῦ
1495 1436 1628 1501 Χρι-

125 1539 236 1576 στου

1732 617 1844 670 hac
1866 617 1938 670 sit
1958 617 2105 670 illius
2136 615 2240 668 loci
2290 617 2578 677 sententia,
2634 612 2758 667 Non
2805 614 2943 666 enim
2978 611 3117 681 quod
3152 612 3286 673 volo,

1731 708 1868 775 facio
1903 706 2112 761 bonum.
2142 705 2276 760 Volo
2305 706 2448 761 enim
2473 704 2692 758 minime
2721 704 2976 774 cogitare,
3011 717 3132 772 qua:
3158 703 3288 755 mihi

1729 803 1982 849 noceant.
2007 795 2142 849 Nam
2177 803 2260 851 est
2289 797 2394 849 hoc
2421 798 2618 850 bonum
2658 809 2915 865 perquam
2946 793 3292 861 irreprelien-

1730 886 1888 940 sibile
1917 894 1972 939 et
2018 901 2214 954 purum
2275 888 2411 957 (45),
2448 886 2734 946 Caeterum,
2770 889 2957 938 bonum
2988 884 3125 935 illud
3152 881 3290 951 quod

1731 975 1867 1040 volo,
1899 991 2000 1028 non
2032 975 2202 1041 facio;
2237 978 2375 1044 quod
2399 983 2574 1029 autem
2632 975 2772 1036 noto,
2811 990 2903 1042 ago
2929 972 3160 1024 malum:
3195 969 3290 1040 qui

1733 1067 2012 1130 nimirum,
2069 1067 2236 1120 nolim
2287 1070 2551 1137 cogitare,
2602 1075 2657 1122 et
2686 1067 2938 1136 cogitem,
2989 1078 3109 1132 qua:
3141 1064 3288 1116 nolo.

1730 1157 1905 1227 Atque
1960 1157 2091 1211 illud
2131 1173 2314 1226 quaeso
2347 1157 2545 1220 videte,
2583 1173 2713 1211 num
2750 1156 2994 1211 eamdem
3043 1155 3114 1207 ob
3160 1168 3291 1205 cau-

1731 1267 1845 1311 sam
1887 1252 2055 1306 David
2084 1250 2191 1305 Deo
2243 1252 2590 1322 supplicaret,
2623 1266 2764 1320 aegre
2823 1249 3023 1312 ferens,
3065 1245 3207 1316 quod
3238 1253 3291 1299 et

1731 1344 1847 1413 ipso
1896 1344 2157 1413 cogitaret
2184 1358 2305 1411 qua:
2349 1344 2530 1395 minus
2563 1341 2759 1395 vellet:
2813 1338 2893 1392 Ab
2948 1337 3184 1398 occultis,
3209 1335 3291 1387 in—

1734 1435 1871 1503 quit,
1897 1437 2021 1488 meis
2055 1434 2249 1488 munda
2279 1450 2374 1492 me.
2423 1440 2472 1484 et
2523 1431 2587 1482 ab
2612 1430 2797 1482 alienis
2823 1447 2979 1498 parte
3007 1445 3150 1482 servo
3180 1437 3286 1478 tuo.

1739 1525 1799 1580 Si
1821 1527 1922 1580 mei
1953 1543 2057 1580 non
2101 1526 2294 1594 fuerint
2325 1523 2603 1583 dominati,
2630 1535 2752 1573 tunc
2785 1521 3155 1572 immaculatus
3179 1534 3289 1578 ero,

126 1619 455 1675 etenudabor
482 1638 514 1674 α
557 1629 771 1690 peccato
811 1637 998 1690 magno
1026 1622 1093 1676 ⁸⁸.
1125 1619 1232 1675 Sed
1260 1632 1314 1676 et
1362 1620 1654 1691 Apostolus
1686 1622 1742 1676 in
1776 1624 2020 1692 Epistula
2058 1623 2161 1676 alia
2186 1622 2230 1652 “
2267 1640 2278 1673 :
2309 1619 2661 1688 Cogitationes
2685 1615 3031 1676 destruentes,
3083 1625 3132 1664 et
3181 1627 3294 1662 om-

127 1729 211 1767 mt
235 1716 540 1770 altitudinem
584 1716 918 1771 extollentem
959 1731 1013 1770 se
1060 1715 1311 1771 adversus
1348 1693 1619 1771 scientiam
1652 1715 1779 1782 Dei,
1803 1729 1852 1772 et
1891 1720 1945 1771 in
1970 1719 2324 1786 captivitatem
2368 1713 2654 1782 redigentcs
2713 1725 2916 1762 omnem
2975 1705 3295 1758 intellectum

127 1809 166 1860 in
183 1809 438 1880 obsequium
461 1811 681 1867 Christi.

178 1902 235 1954 Β.
267 1903 394 1955 Είδὲ
423 1921 505 1965 τις
537 1905 705 1972 ὁμόσε
735 1902 812 1973 τῷ
837 1904 979 1973 λόγῳ
1013 1904 1147 1956 ἰέναι
1178 1904 1389 1975 τολμῶν
1411 1903 1635 1972 ἀποκρί-

1802 1897 1866 1950 ll.
1902 1895 2056 1961 Quod
2081 1895 2128 1949 si
2162 1896 2305 1963 quis,
2341 1894 2426 1949 bis
2466 1894 2625 1947 dictis
2681 1889 2939 1961 refragari
2987 1905 3172 1950 ausus,
3204 1890 3298 1943 ob'

128 2009 246 2056 νοιτο,
273 1993 338 2056 ὡς
361 1993 460 2065 ἄρα
487 1995 728 2047 διδάσκει
757 1997 786 2048 6
831 1996 1167 2058 Ἀπόστολος,
1205 1996 1279 2057 ὼς
1306 1995 1366 2046 οὐ
1396 1995 1550 2064 μόνον
1575 1995 1632 2044 ἐν

128 2083 181 2150 τῷ
199 2084 470 2151 λογίζεσθαι
501 2087 564 2137 τὸ
599 2086 766 2138 κακὸν
795 2084 1083 2155 μισοῦμεν,
1121 2086 1214 2138 καὶ
1241 2084 1268 2135 ὃ
1295 2084 1354 2136 οὑ
1387 2082 1631 2150 θέλομεν,

130 2173 379 2243 πράττομεν
397 2189 409 2203 ·
437 2173 571 2225 ἀλλὰ
602 2174 697 2226 καὶ
725 2175 782 2225 ἐν
813 2172 892 2242 τῷ
911 2170 1345 2242 κατεργάζεσθαι
1373 2170 1522 2230 αὐτὸ,
1547 2166 1635 2219 διὰ

127 2260 193 2309 τό·
245 2264 316 2312 οὑ
364 2261 467 2329 τὰρ
521 2261 552 2313 ὃ
603 2260 775 2320 θέλω,
828 2259 974 2312 ποιῶ
1036 2259 1278 2328 ἀγαθὸν,
1345 2257 1628 2326 λελέχθαι·

127 2349 227 2401 ἀλλ’
267 2349 294 2402 ὅ
336 2353 408 2404 οὐ
448 2350 599 2404 θέλω
648 2350 857 2414 κακὸν,
899 2350 1072 2403 τοῦτο
1126 2348 1414 2416 πράσσωσ
1473 2345 1632 2410 ἁξιὼ-

129 2440 265 2506 εωμέν
281 2457 370 2492 που
393 2443 439 2493 εἰ
464 2440 640 2509 ἀληθῆ
671 2440 780 2508 (45)
807 2439 955 2506 λέγει
976 2441 1004 2491 ὁ
1032 2439 1206 2492 ταῦτα
1234 2437 1428 2505 λέγων,
1455 2438 1634 2490 διασα-

128 2527 280 2595 φῆσαι·
311 2529 368 2580 Τί
407 2525 473 2598 ἦν
515 2530 577 2581 τὺ
622 2529 813 2592 κακὸν,
836 2527 864 2579 ὃ
892 2527 1068 2596 ἐμίσει
1104 2528 1201 2598 μὲν
1224 2529 1253 2579 ὁ
1294 2527 1629 2588 ’Δπόστολοςν

128 2621 194 2670 καὶ
213 2621 294 2671 οὐκ
321 2620 564 2672 ἐϐούλετο
597 2622 792 2682 ποιεῖν,
827 2619 998 2671 ἐποίει
1025 2619 1081 2671 δέ
1099 2636 1113 2648 ο
1148 2620 1242 2670 καὶ
1287 2618 1350 2670 τὸ
1375 2617 1574 2685 ἀγαθὸν
1604 2617 1634 2670 ὃ

128 2709 317 2762 iisiis-to
363 2718 454 2780 μὲν
486 2714 680 2771 ποιεῖν,
723 2712 822 2763 οὐκ
867 2711 1034 2763 ἐποίει
1067 2711 1156 2762 δέ’
1210 2709 1325 2763 ἀλλ’
1356 2709 1634 2781 ἀντιστρό-

129 2816 208 2864 φως
225 2818 237 2830 '
264 2804 431 2865 ὁσάκις
465 2805 564 2870 μὲν
590 2801 749 2873 ἤθελε
784 2802 1004 2871 ποιῆσαι
1030 2801 1091 2853 τὸ
1116 2800 1336 2869 ἀγαθὸν,
1372 2802 1635 2854 τοσαυτά-

128 2893 252 2955 meo!)
276 2893 330 2944 τδ
352 2894 568 2960 ἀγαθὸν,
593 2894 623 2946 ὃ
649 2894 858 2965 ἤθελεν,
893 2894 1066 2946 ἐποίει
1085 2910 1096 2922 ·
1122 2891 1258 2945 ἀλλὰ
1289 2892 1348 2943 τὸ
1374 2891 1629 2961 πονηρὸν,

125 2975 225 3046 ὁμὴ
250 2979 438 3048 ἢθελεν,
470 2979 681 3045 sitnisi;
715 2981 838 3044 Πῶς
864 2981 920 3034 δὲ
949 2982 1043 3034 καὶ
1083 2981 1252 3050 ἡμᾶς,
1283 2981 1365 3042 εἰς
1399 2979 1460 3031 τὸ
1500 2996 1634 3030 παν-

126 3068 306 3123 τὰπασιν
346 3072 764 3136 άποτινάξασθαι
793 3073 854 3124 τὸ
893 3073 1224 3142 ἁμαρτάνειν
1259 3070 1630 3140 προτρεπόμεο

127 3177 205 3222 νος,
240 3165 472 3231 Mutata!
517 3183 664 3233 μου,
691 3164 1072 3232 ἀποφαίνεται,
1114 3163 1386 3231 γίνεσθε,
1441 3160 1634 3226 καθὼς

1728 1989 1885 2058 jiciat
1919 2005 1934 2040 :
1973 1986 2158 2039 haberi
2187 2001 2253 2038 es
2286 1984 2565 2052 Apostolo,
2608 1983 2751 2052 quod
2801 1996 2907 2035 non
2945 1982 3118 2035 solum
3146 1981 3289 2049 cogi-

1733 2078 1900 2132 tando
1936 2078 2136 2130 malum
2162 2074 2472 2136 oderimus,
2535 2082 2588 2128 et
2634 2073 2779 2142 quod
2819 2075 3073 2127 nolumus
3127 2071 3294 2124 facia-

1733 2185 1884 2234 mus;
1937 2181 2124 2221 verum
2175 2171 2338 2219 etiam
2380 2166 2499 2233 ipso
2554 2178 2738 2232 opere,
2787 2178 2852 2217 eo
2903 2166 3048 2232 quod
3103 2164 3291 2216 dicat:

1737 2260 1859 2313 Non
1887 2261 2024 2314 enim
2045 2256 2180 2327 quod
2207 2257 2320 2310 volo
2346 2256 2557 2318 bonum,
2576 2255 2671 2307 hoc
2692 2255 2831 2322 facio
2855 2255 2984 2306 :aed
3013 2256 3150 2322 quod
3175 2255 3296 2308 nolo

1734 2347 1955 2414 malum,
1988 2345 2082 2398 hoc
2105 2361 2204 2415 ago
2235 2345 2321 2409 “;
2355 2343 2501 2397 hunc
2529 2357 2680 2406 sane,
2716 2343 2807 2411 qui
2833 2343 2908 2395 ita
2936 2343 3082 2395 dicat
3125 2350 3178 2396 et
3209 2358 3297 2394 ra-

1733 2439 2044 2500 tiocinetur,
2073 2439 2120 2491 si
2151 2435 2313 2489 modo
2338 2449 2467 2489 vera
2495 2434 2650 2497 dicit,
2682 2433 3290 2502 explicarejuheamus:

1733 2529 2008 2599 quodnam
2039 2537 2184 2583 esset
2219 2526 2352 2580 illud
2386 2527 2609 2588 malum,
2658 2525 2804 2594 quod
2845 2540 2967 2577 cum
3000 2523 3296 2592 Apostolus

1735 2619 1941 2674 odisset
1968 2633 2072 2672 nec
2107 2618 2266 2672 vellet
2300 2617 2503 2681 facere,
2536 2617 2893 2671 nihilominus
2920 2615 3120 2669 faceret
3148 2634 3160 2668 :
3200 2625 3295 2668 aut

1735 2710 1867 2764 illud
1892 2724 1924 2764 e
1957 2708 2233 2762 contrario
2258 2709 2483 2770 bonum,
2505 2707 2648 2775 quod
2677 2721 2800 2758 cum
2830 2706 2987 2762 vellet
3017 2713 3294 2776 priestare,

1735 2812 1844 2851 non
1870 2804 2052 2866 posset
2088 2815 2099 2849 :
2149 2796 2257 2848 iino
2290 2810 2424 2848 vero
2451 2798 2667 2863 quoties
2708 2804 2924 2865 patrare
2953 2797 3153 2850 bonum
3184 2799 3296 2849 vel-

1735 2889 1830 2951 let,
1859 2904 1966 2941 non
1996 2887 2138 2957 quod
2169 2887 2328 2940 vellet
2356 2887 2594 2950 bonum;
2639 2889 2731 2940 sed
2766 2889 2967 2942 malum
2997 2889 3142 2957 quod
3176 2891 3296 2942 nol-

1735 2979 1828 3040 let,
1855 2977 2136 3046 patraret?
2188 2975 2304 3041 Qua
2340 2976 2618 3030 enimvero
2648 2978 2881 3040 ratione,
2931 2979 3200 3032 hortando
3229 2981 3296 3034 ad

1734 3069 2115 3123 excutiendum
2159 3066 2470 3122 omnimode
2508 3057 2812 3138 peccatum,
2854 3068 3154 3123 Imitatores
3198 3075 3298 3125 mci

1736 3169 1917 3226 estote,
1947 3161 2084 3214 sicut
2109 3169 2158 3212 et
2182 3176 2273 3229 ego
2300 3157 2498 3212 Christi
2526 3161 2592 3224 ⁸³,
2629 3163 2982 3230 pronuntiat?
3034 3160 3124 3214 Sic
3166 3178 3296 3215 sane

127 3252 247 3320 κάγὼ
292 3256 570 3321 Χριστοῦ;
631 3256 815 3318 Οὕτως
857 3256 919 3308 οὐ
959 3255 1036 3325 τῷ
1102 3257 1274 3308 ποιεῖν
1316 3253 1352 3306 ἃ
1395 3253 1468 3323 μὴ
1508 3253 1635 3324 ἢθε-

1739 3268 1848 3306 non
1878 3254 1933 3305 in
1966 3253 2172 3321 agendo
2194 3268 2315 3321 qua}
2346 3255 2531 3312 nollet,
2567 3253 2660 3306 sed
2701 3254 2754 3306 in
2798 3254 2913 3306 sola
2949 3253 3294 3321 cogitatione,

124 3343 205 3404 λεν,
248 3347 454 3399 ὑπέθετο
494 3349 565 3401 τά
611 3348 1004 3417 προειρημένα,
1044 3347 1180 3400 ἀλλὰ
1220 3346 1297 3416 τῷ
1349 3347 1507 3415 μόνον
1557 3345 1640 3396 λοε

127 3433 329 3497 γξεσθαε.
349 3437 493 3488 Ἐπεὶ
518 3437 638 3499 πῶς
664 3437 728 3488 ἂν
755 3433 821 3506 ἦν
855 3437 1096 3507 μιμητὴς
1119 3437 1354 3506 Χριστοῦ
1375 3435 1638 3506 ἀκριϐήςς

127 3523 259 3577 Καλὸν
289 3526 377 3594 μὲν
405 3523 519 3590 οὖν,
564 3528 614 3578 εί
650 3527 724 3596 μὴ
759 3527 995 3595 εἴχομεν,
1022 3522 1091 3595 ἦν
1124 3526 1188 3578 ἂν
1213 3527 1307 3578 καὶ
1334 3524 1640 3595 χαρμιὼτα-

125 3627 202 3678 τον,
225 3617 330 3679 τοὺς
349 3619 812 3688 ἀντιπράσσοντας
840 3619 971 3686 ἡμῖν
992 3617 1086 3668 καὶ
1113 3616 1452 3686 μαχομένους
1472 3632 1486 3644 ·
1516 3614 1638 3666 ἐπεὶ

123 3702 163 3755 δὲ
193 3706 320 3760 τοῦτο
357 3708 637 3771 ἀδύνατον,
674 3709 767 3760 καὶ
796 3707 824 3759 ὃ
851 3706 1073 3777 θέλομεν
1111 3706 1170 3758 οὑ
1203 3705 1494 3774 δυνάμεθα.
1530 3705 1631 3757 Θέ-

125 3792 243 3862 λθμεν
261 3799 356 3870 γάρ
379 3801 450 3870 μὴ
475 3800 624 3870 ἐχειν
650 3800 775 3860 τοὺς
800 3797 1113 3864 ἐξέλκοντας
1133 3798 1210 3860 είς
1235 3796 1379 3864 πάθη
1396 3812 1409 3824 ⁸
1432 3791 1500 3864 ἦν
1525 3794 1632 3865 γὰρ

124 3886 317 3957 animi.
360 3891 625 3961 σωθῆναι’
660 3890 752 3942 καί⁵
787 3888 815 3940 ὃ
861 3888 1103 3957 θέλομεν,
1135 3887 1288 3938 τοῦτο
1314 3887 1376 3938 οὑ
1406 3886 1630 3952 γίνεται,

124 3977 327 4032 annos
357 3981 606 4051 θέλομεν.
637 3983 728 4032 Δεῖ
769 3981 876 4050 γάρ
919 3981 1065 4049 ἡμᾶς
1110 3977 1511 4049 δοκιμάζεσθαι,
1560 3978 1634 4040 ὡς

122 4068 245 4137 ἐχρῆν
413 4073 505 4142 Μὴ
537 4072 827 4140 ὲνδιδῶμεν
849 4067 1008 4143 [οὗν],
1039 4065 1083 4122 ὦ
1121 4071 1287 4140 ψυχὴ,
1326 4070 1397 4141 μὴ
1429 4069 1636 4121 ἐνδιδὼ-

124 4175 191 4223 ilia
219 4163 264 4210 ἐν
288 4163 360 4231 τῷ
383 4163 608 4233 πονηρῷ
626 4180 640 4192 ο
685 4163 820 4224 ἀλλ’,
865 4164 1280 4226 Ἀναλαϐόντες
1310 4161 1423 4228 τὴν
1448 4176 1632 4212 πανο-

121 4248 260 4301 πλὰιγ
284 4252 380 4305 τοῦ
413 4251 588 4312 Θεοῦ,
606 4250 1131 4318 ὑπερασπίζουσαν
1158 4251 1343 4317 ἡμῶν,
1370 4249 1633 4301 ἐνδυσώ-

117 4343 227 4403 μεθα
248 4344 344 4396 τὸν
372 4344 613 4412 θώρακα
639 4343 750 4409 τῆς
777 4342 1184 4409 δικαιοσύνης,
1204 4343 1298 4394 καὶ
1332 4339 1637 4394 ὑποδυσώ-

116 4433 226 4493 μεθα
254 4434 382 4501 τοὺς
422 4435 620 4500 πόδας
652 4434 721 4486 ἐν
757 4433 1064 4500 ἑτοιμασίᾳ
1101 4431 1209 4486 τοῦ
1245 4431 1628 4500 Edam-eximi.

1737 3346 2014 3413 praemissa
2038 3345 2242 3399 docuit.
2264 3346 2480 3414 Alioqui
2502 3345 2668 3409 enim,
2693 3347 2786 3412 qui
2810 3346 2922 3414 ipse
2949 3345 3168 3399 sedulus
3185 3355 3299 3398 erat

1739 3435 1980 3487 imitator
2015 3433 2255 3489 Christi?
2286 3434 2420 3488 Illud
2456 3433 2674 3503 quidem
2709 3435 3003 3502 eptandum
3035 3445 3172 3498 erat,
3210 3437 3299 3488 la:-

1737 3524 1976 3592 titiarque
2034 3525 2439 3594 plenissimum,
2499 3531 2558 3576 ut
2611 3524 2954 3576 adverSarios
3005 3525 3183 3578 nullos
3235 3541 3299 3578 an

1737 3613 1922 3667 hostes
1954 3613 2315 3680 haberemus;
2373 3614 2468 3668 sed
2522 3615 2780 3682 quoniam
2836 3614 2952 3667 ﬁeri
3001 3614 3144 3668 istud
3189 3631 3299 3669 non

1738 3713 1940 3774 potest,
1972 3705 2097 3758 hinc
2124 3720 2340 3774 quoque
2369 3713 2453 3758 est
2485 3713 2546 3758 ut
2576 3703 2719 3773 qqu
2750 3705 3021 3770 volumus,
3041 3720 3148 3758 non
3174 3721 3298 3773 pes-

1739 3798 1933 3853 simus.
1969 3794 2232 3849 Volumus
2265 3797 2431 3858 enim,
2477 3811 2582 3849 non
2613 3795 3073 3862 haberealiquein
3109 3796 3201 3864 qui
3230 3797 3300 3849 ad

1737 3888 2024 3959 passiones
2057 3889 2296 3957 vitisque
2324 3888 2575 3942 detrahat
2605 3906 2617 3940 :
2658 3903 2784 3941 nam
2817 3896 2963 3941 esset
3008 3903 3070 3941 ea
3126 3889 3295 3948 salus,

1740 3981 1958 4037 sudoris
1995 3995 2228 4048 expers:
2266 3987 2520 4032 cancrum
2557 3995 2666 4032 non
2702 3978 2882 4033 evenit
2913 3980 3059 4047 quod
3097 3982 3177 4032 sic
3204 3997 3300 4032 vo-

1741 4069 1942 4130 lumus,
1975 4068 2066 4122 sed
2098 4067 2240 4135 quod
2267 4068 2538 4120 nolumus.
2570 4065 2658 4119 Uti
2686 4068 2828 4120 enim
2852 4067 3109 4132 diximus,
3141 4083 3303 4135 opor-

1739 4163 1815 4209 tet
1843 4171 1942 4208 nos
1976 4155 2214 4223 probari.
2248 4154 2324 4207 Ne
2344 4169 2494 4222 ergo,
2531 4154 2733 4216 anima,
2777 4169 2874 4219 ne,
2918 4169 3069 4222 rogo,
3104 4168 3301 4207 conce-

1737 4245 1930 4298 damus
1987 4246 2042 4297 in
2072 4245 2215 4298 malo
2249 4261 2276 4295 -:
2312 4245 2403 4296 sed
2438 4253 2760 4296 assumentes
2819 4254 3147 4295 armaturam
3206 4244 3301 4297 Dei

1726 4348 1835 4405 qua
1868 4339 2222 4402 prolegamur
2252 4338 2310 4385 et
2384 4335 2485 4386 tuti
2518 4333 2954 4400 simus,justitia:
2974 4334 3190 4386 loricam
3222 4335 3302 4386 in-

1735 4427 1984 4491 duamus,
2024 4436 2072 4481 et
2099 4427 2389 4480 calceemus
2418 4424 2567 4493 pedes
2597 4426 2651 4478 in
2697 4426 3078 4492 pra'paratione
3126 4425 3300 4478 Evan-

175 4608 208 4639 ⁸⁸
237 4609 372 4666 ρωι.
406 4628 571 4675 xviii,
613 4611 699 4673 15,
735 4609 821 4663 14.
891 4609 931 4643 ⁶¹
963 4607 1026 4660 II
1052 4606 1176 4663 Cor.
1204 4623 1258 4670 ι,
1283 4606 1339 4673 4,
1376 4606 1430 4660 5.
1499 4606 1543 4637 “
1573 4605 1636 4659 Πι

1757 4621 1855 4668 vn,
1885 4603 1965 4658 l9.
2009 4604 2053 4635 "
2085 4602 2255 4658 ICor.
2288 4619 2362 4667 ιιι,
2402 4602 2450 4653 l.

171 4785 258 4848 (il)
290 4789 450 4841 Ἐπισ

171 4857 259 4916 (η’)
287 4858 504 4924 Ἑτέρα.
535 4854 647 4916 AL,
673 4854 865 4924 ἑτέρῳ.

170 4913 258 4988 (t5)
301 4913 536 4994 ’Agﬁéﬁ.
583 4913 689 4986 AL,
735 4913 966 4994 άλήθῶς.
999 4919 1297 4994 sumpse
1330 4919 1637 4994 $s6odkmo.

189 4995 263 5062 Η)
293 4989 534 5062 Iunii.
569 4994 694 5062 Leg.
724 4989 878 5061 ἔφην,
908 5007 972 5044 ex
1006 4989 1307 5062 Epiphanio
1335 5005 1394 5062 in.
1431 4990 1499 5062 59

189 4997 239 5045 Η
298 4997 534 5062 Ἐχρῆν.
569 4997 694 5062 Leg.
724 4997 878 5061 ἔφην,
908 5007 972 5044 ex
1006 4997 1307 5058 Epiphanio
1343 5005 1394 5041 n.
1431 4997 1499 5042 59

173 4997 263 5130 ilEi
285 5061 417 5115 Nam
433 5076 512 5119 est
540 5067 638 5117 hac
653 5065 842 5116 bonum
859 5076 1104 5129 perquam
1126 5058 1574 5130 irreprelteusibilc
1592 5066 1640 5109 et

125 5127 283 5204 purum.
311 5132 680 5204 Πανάμωμον,
725 5127 868 5204 velut
891 5127 1128 5182 ἀπάθεια
1157 5130 1245 5204 illa
1282 5130 1356 5180 ila
1391 5127 1641 5180 Patribus

127 5203 400 5275 gltheologis
432 5200 683 5275 mysticis
715 5201 1016 5275 decantata,
1049 5200 1342 5266 paucisque
1357 5211 1636 5275 concessa.

129 5265 646 5344 fuitineiinsi'gtlis,
679 5273 841 5344 cujus
873 5265 1059 5322 hodie?
1082 5265 1328 5344 octavam
1373 5268 1513 5320 diem
1548 5281 1637 5344 so-

129 5337 244 5391 ieiuni
295 5336 516 5404 oﬂicio,‘
535 5336 950 5399 Praedicator-es,
1011 5338 1262 5392 colimus.
1321 5345 1505 5390 noster
1549 5336 1638 5387 ille

130 5404 329 5485 Thomas,
353 5415 442 5481 qui
462 5429 735 5485 nunquam
767 5409 1029 5479 pestifera:
1059 5406 1336 5485 superbiae,
1368 5406 1533 5485 tantis
1584 5411 1637 5458 et

129 5479 330 5539 macet
348 5475 556 5535 natura:
585 5475 741 5535 donis
759 5475 970 5541 auctus,
995 5475 1302 5546 persenserit
1328 5475 1639 5546 stimulant:

133 5548 314 5619 cultique
340 5564 542 5619 postea,
573 5565 601 5602 a
639 5551 968 5619 niiraculose
995 5544 1198 5619 einctis
1241 5546 1484 5619 renibus,
1520 5544 1639 5595 libi-

133 5614 388 5674 dm’s’sens'u
417 5623 650 5674 caruerit
677 5638 694 5674 :
724 5619 807 5672 sic
852 5617 1034 5671 divina
1063 5617 1259 5686 gratia,
1284 5616 1477 5686 ﬁnienti
1509 5627 1633 5686 vere

135 5687 346 5759 “Scuta.
386 5700 605 5759 aptante
645 5687 952 5759 vasculum.
984 5683 1365 5759 Eruendandus
1399 5700 1466 5738 ex
1515 5683 1634 5759 istis

139 5759 266 5830 trtius
288 5753 804 5830 _Epip'bauii,'quam
837 5757 1000 5830 etiam
1041 5753 1472 5830 emendationem
1506 5753 1634 5805 sub-

137 5823 262 5884 llncti
285 5823 432 5886 iu'e'o
461 5823 842 5902 iambijplaue
882 5826 1120 5898 exigunt.
1157 5823 1322 5878 Plano
1351 5835 1497 5886 vero,
1547 5836 1635 5876 so-

454 4789 776 4855 κέψασθιιι.
811 4782 974 4838 Forte
1005 4780 1390 4851 ἐπισκέψασθε.

1671 4783 1716 4836 D
1747 4782 1854 4835 lida
1884 4779 2018 4840 lucc,
2048 4777 2286 4830 Paulinae
2333 4778 2476 4831 illius
2534 4782 2814 4831 sententiae
2869 4777 3188 4846 explicatio;
3240 4795 3299 4833 ut

1739 4849 2000 4920 ipseiam
2025 4849 2207 4914 justus
2241 4848 2505 4914 iustorum
2545 4858 2664 4920 agat
2696 4862 3001 4920 personam,
3030 4856 3083 4899 et
3128 4850 3295 4920 inea,

1737 4917 1843 4976 vini
1871 4919 2036 4979 illam,
2067 4933 2132 4969 ex
2169 4920 2305 4968 niala
2339 4918 2681 4985 suggestione
2704 4918 2982 4975 daemonis,
3017 4924 3109 4968 aut
3131 4917 3293 4970 etiam

1737 5008 1803 5045 ex
1837 4987 2031 5039 virium
2065 4985 2380 5038 inferiorum
2415 4987 2680 5040 seditione
2707 4996 2758 5038 et
2791 4987 3152 5047 contumacia,
3191 4987 3293 5038 im-

1738 5059 1920 5112 missis
1954 5057 2132 5124 pravis
2152 5058 2591 5124 cogitationibus,
2618 5072 2846 5124 quaruni
2870 5070 2973 5124 non
2999 5057 3169 5122 possit
3191 5071 3296 5106 non

1741 5123 2238 5188 liabere’scnsum,’
2265 5137 2522 5193 queratur
2550 5135 2602 5178 et
2635 5123 2832 5192 lugeat.
2871 5123 2927 5176 Si
2963 5133 3140 5177 autem
3172 5139 3296 5176 cum

1741 5199 1882 5256 aliis,
1909 5197 1964 5248 in
1995 5209 2223 5262 persona
2254 5195 2489 5247 hominis
2512 5209 2616 5246 non
2644 5194 2776 5261 justi
2798 5203 2850 5247 et
2883 5196 2935 5246 in
2969 5193 3162 5260 gratia,
3196 5194 3293 5244 ad-

1739 5265 2046 5320 miserimus
2083 5264 2247 5332 loqui,
2283 5265 2628 5317 fueritetiam
2665 5265 2717 5315 in
2747 5264 3002 5331 Operibus
3036 5265 3295 5314 nonnulla

1738 5334 2004 5404 ejusmodi
2031 5333 2109 5386 vis
2125 5333 2464 5404 concedenda
2485 5353 2496 5396 ;
2517 5335 2616 5386 etsi
2642 5349 2748 5386 non
2777 5334 2996 5385 omnino
3026 5332 3293 5404 absoluta,

1739 5402 1792 5458 et
1825 5405 2116 5474 qualisest
2162 5403 2215 5474 in
2271 5404 2687 5469 cogitationibus
2725 5422 2735 5454 :
2775 5418 2934 5474 quam
2972 5410 3149 5452 tamen
3185 5402 3297 5468 ipse

1740 5472 1865 5537 sibi,
1897 5475 1973 5527 sic
1997 5472 2194 5524 diaboli
2223 5474 2488 5540 captivus,
2516 5480 2776 5538 actusque
2817 5472 2883 5523 ad
2913 5472 3082 5537 ipsius
3112 5475 3299 5540 \‘piun-

1740 5555 1900 5596 tatem
1944 5544 1995 5594 in
2025 5544 2203 5595 scelus
2250 5537 2430 5601 onine,
2489 5537 2834 5608 ascripserit;
2900 5542 2989 5606 qui
3044 5547 3096 5590 et
3133 5537 3295 5589 llcum

1741 5614 2059 5673 deseruerit,
2108 5626 2207 5663 nec
2257 5612 2432 5662 adhuc
2469 5611 2759 5664 conciliare
2796 5610 3014 5669 volenti,
3051 5608 3291 5674 acquies-

1741 5698 1865 5735 cere
1891 5683 2038 5734 velit.
2073 5680 2297 5748 Egregia
2349 5689 2476 5734 sunt
2509 5694 2627 5746 qua:
2657 5679 3063 5748 Amphilochius
3114 5685 3292 5728 nos-ter

1745 5752 2086 5819 prosequitur
2119 5747 2264 5801 hom.
2292 5748 2354 5801 de
2386 5751 2687 5814 paenitentia
2714 5747 2774 5800 in
2810 5747 3114 5819 hujusmotli
3137 5747 3292 5819 _(-ogio

1746 5816 1997 5886 taliones,
2021 5833 2336 5891 magnaeque
2361 5832 2413 5873 et
2444 5819 2763 5874 eruditionis
2795 5827 2843 5872 et
2883 5816 3293 5869 consolationis.

2371 5903 2396 5922 ο
