4028 6318
695 386 801 443 305

1648 386 1708 441 s.
1752 384 2082 440 nemon"
2124 384 2431 441 cmscom
2472 358 2573 441 ετ
2602 387 2963 444 nummis

3832 392 3930 446 δα

693 505 836 577 gelii.
871 502 938 560 In
969 502 1207 561 omnibus
1231 514 1406 559 autem
1434 523 1768 560 assumamus
1794 517 2001 561 scutum
2032 507 2179 576 ﬁdei,
2202 509 2255 560 in

2373 510 2428 560 Ἐ
2432 509 2495 561 πὶ
2524 506 2675 563 πᾶσι
2690 527 2753 564 τε
2766 512 3155 579 ἀναλάϐωμεν
3169 511 3277 564 τὸν
3291 511 3504 579 θυρεὸν
3519 510 3632 579 τῆς
3649 514 3924 580 πίστεως,

693 612 802 668 qua
822 597 1082 665 possimus
1111 598 1287 650 omnia
1316 598 1420 651 tela
1450 599 1756 667 nequissimi
1789 599 1942 667 ignea
1970 600 2260 668 exstingue-

693 702 751 742 re
781 704 799 741 :
820 696 869 741 et
891 688 1094 757 galeam
1120 687 1344 751 salutis,
1395 697 1443 741 et
1484 687 1724 757 gladium
1748 690 1990 755 spiritus,
2020 692 2154 758 quod
2182 701 2261 744 est

692 778 901 832 verbum
956 776 1053 831 Dei
1108 792 1128 832 :
1177 784 1235 829 ut
1288 777 1551 844 possimus
1582 787 1725 831 stare
1754 777 2002 831 adversus
2034 780 2257 833 insidias

691 865 892 923 diaboli
923 867 969 900 “
992 884 1010 922 :
1038 868 1381 938 cogitationes
1412 868 1537 922 item
1565 866 1854 931 destruere,
1880 879 1927 922 et
1949 886 2151 923 omnem
2178 870 2260 923 al-

694 958 971 1013 titudinem
1011 958 1345 1013 extollentem
1395 975 1448 1014 se
1492 958 1740 1014 adversus
1784 962 2059 1013 scientiam
2100 960 2257 1015 Chri-

691 1050 761 1103 sti
788 1050 852 1105 ⁸⁸.
889 1049 1152 1116 Quoniam
1187 1064 1289 1103 non
1331 1058 1409 1103 est
1457 1050 1606 1104 nobis
1662 1051 1965 1105 colluctatio
2009 1052 2256 1106 adversus

690 1156 901 1196 carnem
921 1150 972 1195 et
1000 1142 1308 1211 sanguinem
1330 1142 1396 1194 ⁸⁸.
1429 1140 1551 1195 Non
1573 1142 1713 1195 enim
1740 1144 1879 1213 quod
1903 1142 2018 1196 volo
2042 1143 2253 1207 bonum,

692 1232 787 1285 hoc
807 1246 941 1301 ago;
967 1230 1057 1285 sed
1088 1230 1227 1301 quod
1258 1230 1368 1296 odi,
1397 1230 1530 1285 illud
1578 1232 1738 1300 facio.
1801 1233 1862 1289 Si
1906 1243 2080 1291 autem
2119 1234 2257 1303 quod

694 1320 834 1385 nolo,
874 1319 1009 1373 illud
1050 1320 1190 1390 facio
1210 1361 1225 1387 ,
1260 1322 1527 1375 consentio
1558 1323 1679 1393 legi,
1714 1324 1963 1393 quoniam
1994 1322 2129 1377 bona
2157 1334 2253 1379 est.

694 1409 851 1465 Nunc
879 1420 1051 1465 autem
1068 1410 1189 1481 jam
1216 1427 1320 1465 non
1359 1425 1452 1481 ego
1493 1429 1679 1481 operor
1707 1413 1865 1481 illud,
1894 1412 1983 1467 sed
2005 1414 2143 1483 quod
2168 1414 2261 1467 ha-

692 1504 826 1557 bitat
854 1502 911 1556 in
936 1518 1015 1557 me
1034 1510 1324 1571 peccatum.
1353 1502 1476 1558 Scio
1502 1504 1642 1557 enim
1666 1505 1792 1574 quia
1826 1521 1929 1558 non
1967 1504 2171 1558 habitat
2203 1506 2257 1560 in

691 1610 792 1658 me,
820 1594 914 1647 hoc
942 1595 1095 1648 estin
1122 1610 1284 1649 carne
1312 1612 1449 1659 mea,
1482 1595 1674 1648 bonum
1702 1594 1767 1649 "’.
1806 1593 2075 1651 Prmclare
2108 1596 2257 1651 istud

690 1685 928 1755 quidem.
962 1684 1286 1741 Meministis
1313 1686 1479 1749 enim,
1529 1686 1674 1755 quod
1706 1687 1960 1755 superius
1992 1686 2094 1741 fuit
2123 1701 2256 1742 con-

690 1784 939 1831 stitutum
979 1796 995 1832 :
1032 1783 1093 1831 ut
1125 1791 1191 1832 ex
1216 1791 1330 1846 quo
1356 1777 1592 1846 primum
1642 1776 1805 1831 homo
1840 1768 2133 1843 seductus;
2158 1778 2254 1833 Dei

2362 600 2432 653 ἐν
2461 594 2501 670 ᾖ
2525 600 2907 670 δυνησόμεθα
2943 601 3141 654 πάντα
3166 600 3235 654 τὰ
3254 602 3410 669 ,ϐέλη
3442 602 3547 655 τοῦ
3570 604 3836 672 πονηροῦ
3860 607 3932 658 τὰ

2360 689 2753 757 πεπυρωμένα
2774 691 2987 743 σϐέσαι
3007 709 3020 721 ·
3054 690 3154 743 καί
3184 688 3296 755 τὴν
3327 693 3793 759 περικεφαλαίαν
3826 694 3931 746 τοῦ

2359 782 2679 848 σωτηρίου,
2697 782 2794 835 καὶ
2811 781 2927 848 τὴν
2940 781 3243 850 μάχαιραν
3256 782 3360 835 τοῦ
3377 783 3730 851 πνεύματος,
3749 784 3781 836 ὅ
3801 786 3930 837 ἐστι

2351 870 2517 939 ῥῆμα
2559 870 2734 925 Θεοῦο
2774 871 2923 939 πρὸς
2956 871 3021 924 τὸ
3054 872 3346 925 δύνασθαι
3377 871 3597 940 στῆναι
3632 874 3780 941 πρὸς
3817 874 3930 941 τὴν

2352 960 2669 1028 μεθοὸείαν
2695 960 2803 1013 τοῦ
2831 960 3112 1016 διαϐόλου
3133 980 3147 992 ·
3188 964 3515 1032 λογισμούς
3545 979 3609 1015 τε
3633 966 3928 1029 nudatur,

2358 1052 2464 1105 παὶ
2486 1050 2607 1106 πᾶν
2622 1053 2836 1122 ὕψωμα
2851 1053 3243 1122 ἐπαιρόμενον
3257 1056 3405 1108 κατὰ
3418 1053 3528 1121 τῆς
3541 1052 3811 1121 γνώσεως
3825 1054 3933 1107 τοῦ

2356 1143 2761 1210 Χριστοῦ.”οτι
2779 1144 2864 1213 μή
2892 1145 3061 1197 ἐστιν
3084 1146 3229 1213 ἡμῖν
3252 1148 3290 1214 ἡ
3314 1144 3476 1212 πάλη
3502 1145 3650 1212 πρὸς
3670 1140 3813 1213 αἷμα
3836 1146 3935 1197 καί

2357 1232 2573 1302 σάρκα.
2596 1237 2677 1289 Οὐ
2697 1236 2808 1303 γὰρ
2827 1236 2857 1288 ὃ
2879 1237 3032 1290 θέλω
3054 1236 3327 1307 πράσσω,
3351 1238 3489 1291 ἀλλ’
3512 1236 3543 1290 ὃ
3561 1235 3935 1305 μισῶ,τώτο

2357 1323 2521 1377 ποιῶ.
2533 1327 2602 1378 El
2613 1324 2680 1378 δὲ
2693 1324 2723 1378 ὃ
2737 1327 2808 1379 οὐ
2821 1324 2996 1389 θέλω,
3009 1327 3184 1380 τοῦτο
3215 1325 3382 1389 ποιῶ,
3398 1329 3669 1396 σύμφημι
3681 1327 3760 1391 τῷ
3769 1330 3937 1396 νόμῳ

2357 1415 2443 1469 ὅτι
2466 1416 2652 1480 καλός
2670 1415 2802 1485 (49).
2829 1416 2980 1469 Νυνὶ
3014 1416 3082 1469 δὲ
3110 1419 3221 1471 οὐκ
3246 1418 3333 1471 ἔτι
3359 1414 3475 1486 ἐγὼ
3502 1414 3938 1485 κατεργάζομαι

2356 1506 2523 1571 αὐτὸ,
2543 1506 2730 1575 ἀλλ’ἢ
2753 1507 3005 1561 οἰκοῦσα
3020 1508 3089 1560 ἐν
3108 1507 3236 1577 ἐμοὶ
3251 1506 3674 1578 ἀμαρτία.οἷδα
3688 1512 3821 1576 γὰρ,
3846 1507 3939 1560 ὅτι

2357 1599 2468 1651 οὐκ
2487 1597 2639 1651 οἰκεῖ
2651 1598 2721 1650 ἐν
2734 1598 2884 1666 ἐμοὶ,
2899 1598 3171 1653 τουτέστι
3188 1599 3258 1653 ἐν
3273 1598 3347 1668 τῇ
3361 1600 3541 1667 σαρκί
3553 1616 3692 1667 μου,
3708 1598 3774 1651 τὸ
3791 1598 3941 1667 ἀτα-

2358 1689 2484 1741 θόν’
2504 1685 2677 1757 ὀρθῶς
2697 1687 2888 1755 λέγων.
2905 1688 3195 1759 Μέμνησθε
3210 1688 3339 1760 γὰρ,
3352 1688 3425 1752 ὡς
3443 1691 3498 1741 ὲν
3509 1693 3620 1753 τοῖς
3631 1689 3943 1761 ἔμπροσθεν

2357 1776 2734 1849 διωριζόμεθα,
2765 1777 2859 1847 ἀφ’
2891 1772 2952 1831 οὗ
3001 1777 3092 1831 τὸν
3140 1777 3424 1850 ἄνθρωπον
3456 1778 3797 1849 πλανηθέντα
3834 1779 3936 1851 τὴν

690 1866 1002 1923 mandatum
1043 1845 1294 1936 violavit,
1332 1845 1477 1931 inde,
1531 1882 1598 1921 ex
1652 1868 2021 1923 inobedientia
2077 1882 2256 1925 ortum

2362 1845 2590 1939 ivssit-liv
2604 1845 2865 1938 ἀθετῆσαι
2898 1868 3122 1941 συνέϐη,
3153 1845 3400 1924 ἰντεῦθεν
3425 1871 3489 1923 ὲκ
3516 1845 3630 1940 τῆς-
3652 1845 3942 1941 παρακοῆς

689 1965 996 2029 peccatum,
1030 1956 1215 2015 sedem
1262 1958 1319 2012 in
1347 1974 1413 2013 eo
1442 1960 1706 2028 posuerit.
1767 1959 1859 2015 Sic
1886 1963 2261 2019 enimseditio

690 2048 916 2104 conﬂari
942 2049 1109 2120 ccepit
1140 2048 1253 2119 (46)
1308 2066 1321 2103 :
1358 2065 1421 2104 ac
1479 2051 1809 2109 turbulentis
1866 2054 2261 2123 agitationibus

689 2140 1221 2211 cogitationibusque
1253 2140 1568 2211 incongruis
1596 2156 1788 2197 sumus
1821 2143 2039 2211 repleti,
2076 2144 2261 2199 divino

2362 1958 2458 2029 τὴν
2488 1958 2759 2029 ἁμαρτίαν
2790 1957 3059 2012 λαϐοῦσαν
3086 1958 3317 2027 γένεσιν,
3345 1961 3425 2022 εις
3445 1958 3607 2011 αὑτὸν
3637 1960 3945 2029 είσῳκηκὲ-

2361 2065 2468 2101 ναι.
2501 2046 2656 2099 Οὕτω
2704 2046 2814 2117 γὰρ
2865 2046 3052 2109 στάσις
3105 2047 3347 2111 ἐνέπεσε,
3383 2045 3710 2117 σφαδασμῶν
3748 2062 3808 2098 τε
3844 2046 3946 2100 καὶ

2360 2137 2634 2207 λογισμῶν
2681 2137 2960 2190 ἀνοικείων
2995 2137 3421 2208 ἐπληρώθημεν⁸
3458 2136 3779 2200 κενωθέντες
3840 2136 3946 2208 μὲν

2359 2226 2454 2279 τοῦ
2500 2228 2715 2297 ὲμφυσή
2726 2244 2893 2297 ματος
2924 2226 3018 2279 τοῦ
3049 2226 3204 2289 Θεοῦ,
3238 2226 3612 2299 πληρωθέντες
3654 2226 3711 2279 δὲ
3742 2225 3945 2278 ἐπιθυ-

2364 2317 2488 2388 μίας
2538 2316 2747 2387 ὑλικῆς,
2776 2319 2842 2387 ἢν
2884 2318 2913 2369 ὁ
2963 2316 3297 2396 πολύτροπος
3329 2317 3441 2384 (50)
3491 2316 3823 2385 ἐνεφύσησεν
3863 2318 3948 2379 είς

2362 2410 2505 2478 ἡμᾶς
2536 2407 2679 2476 ὄφις.
2714 2406 2804 2460 Διὸ
2831 2406 2925 2459 καὶ
2953 2406 3043 2459 τὸν
3076 2406 3303 2460 θάνατον
3331 2407 3358 2459 ὁ
3390 2406 3523 2469 Θεὸς
3553 2405 3687 2477 πρὸς
3721 2406 3951 2476 ἀναίρε-

2362 2516 2445 2552 σιν
2488 2496 2588 2567 τῆς
2630 2496 2904 2569 ἁμαρτίας
2951 2497 3090 2568 ὑπὲρ
3128 2496 3287 2567 ἡμῶν
3321 2496 3607 2568 ἀνεύρετο·
3647 2496 3735 2549 ἵνα
3772 2496 3856 2566 μὴ
3888 2498 3951 2548 ὲν

2359 2588 2649 2653 ἀθανάτοις
2697 2592 2828 2661 ἡμῖν
2877 2588 3221 2651 ἀνατείλασα,
3248 2588 3323 2651 ὼς
3367 2588 3522 2658 ἔφην,
3562 2586 3830 2650 ἀθάνανος

2363 2678 2523 2731 Ὅθεν
2566 2681 2594 2731 ὁ
2634 2679 2979 2741 ’Δπόστολος·
3024 2674 3166 2730 Οἶδα
3216 2676 3347 2746 γὰρ,
3391 2677 3480 2729 ὅτι
3523 2679 3634 2730 οὐκ
3682 2676 3844 2731 οἰκεῖ
3875 2678 3953 2730 ὲν

2358 2769 2512 2836 ἐμοὶ,
2548 2768 2858 2821 τουτέστιν
2902 2769 2971 2819 ἐν
3005 2766 3079 2835 τῇ
3105 2767 3285 2834 σαρκί
3305 2783 3441 2837 μου,
3488 2768 3552 2820 τὸ
3578 2767 3828 2836 ἀγαθὸν,
3858 2769 3951 2823 λέ-

2359 2876 2491 2929 γων,
2524 2858 2620 2930 τὴν
2663 2859 2772 2911 ἀπὸ
2820 2858 2920 2927 τῆς
2963 2858 3324 2928 παραϐάσεως
3370 2858 3456 2909 διὰ
3496 2858 3593 2927 τῆς
3641 2857 3953 2929 ἐπιθυμίας

689 2966 781 3020 illa
815 2964 987 3022 divini
1020 2966 1259 3021 mandati
1292 2966 1752 3037 transgressione,
1772 2982 1870 3038 per
1902 2946 2256 3040 cupiditatem

2359 2948 2777 3003 εἱσοικισθεῖσαν
2808 2950 2885 3011 είς
2915 2950 3059 3017 ἡμᾶς
3096 2947 3366 3018 ἁμαρτίαν
3394 2946 3639 3015 βούλεται
3672 2946 3950 3018 μηνύειν

688 3055 745 3109 in
779 3069 881 3110 nos
914 3054 1190 3111 invectum
1220 3063 1303 3111 est
1341 3073 1355 3110 :
1409 3036 1477 3112 es
1537 3071 1668 3127 quo,
1727 3036 1826 3113 ceu
1879 3036 2005 3114 novi
2035 3061 2256 3131 quidam

2357 3037 2426 3114 ἧς
2459 3042 2545 3111 δὴ,
2577 3040 2829 3110 καθάπερ
2861 3040 3215 3110 βλαστήματα
3260 3038 3373 3103 νέα,
3401 3039 3452 3090 ot
3492 3036 3760 3109 φιλήδονοι
3811 3041 3956 3112 περὶ

693 3145 900 3199 surculi
928 3143 1249 3215 voluptaria
1285 3160 1384 3200 nos
1414 3145 1797 3215 cogitationes,
1860 3163 1957 3203 ceu
2021 3128 2254 3221 agmine,

2359 3136 2507 3204 ἡμᾶς
2551 3134 2637 3186 ἀεὶ
2678 3132 2928 3202 λογισμοὶ
2960 3131 3321 3184 συνίστανται.
3357 3129 3523 3183 Δισσὰ
3564 3128 3671 3200 γὰρ
3717 3131 3778 3183 ὲν
3803 3132 3959 3202 ἡμῖν

685 3234 1047 3287 circumstant
1068 3245 1284 3300 semper
1306 3237 1361 3285 et
1389 3230 1663 3285 obsident.
1712 3230 1808 3287 Est
1838 3234 1984 3287 enim
2014 3219 2078 3287 in
2098 3235 2255 3290 nobis

2358 3223 2635 3294 λογισμῶν
2678 3223 2843 3292 γένη·
2893 3221 2953 3275 τὸ
2982 3220 3081 3292 μὲν
3112 3220 3220 3275 ἀπὸ
3255 3221 3355 3291 τῆς
3383 3219 3672 3290 ἐπιθυμίας
3701 3221 3803 3293 τῆς
3843 3224 3956 3293 ὲμ-

686 3324 890 3396 duplex
922 3322 1318 3395 cogitationum
1353 3337 1525 3393 genus
1557 3340 1572 3378 :
1610 3322 1757 3377 aliud
1784 3325 1931 3394 quod
1986 3340 2053 3380 ex
2100 3328 2255 3397 cupi-

2359 3313 2705 3384 φωλευούσης
2749 3314 2808 3366 ὲν
2861 3311 2939 3382 τῷ
2993 3310 3203 3383 σώματι
3254 3312 3654 3383 συνιστάμενον,
3703 3313 3834 3383 ἥτις
3888 3316 3954 3383 ἐξ

686 3415 854 3469 ditate
880 3413 999 3479 illa,
1025 3411 1277 3467 latitante
1300 3411 1355 3465 in
1386 3425 1618 3482 corpore
1658 3412 1889 3467 excitari
1935 3414 2105 3481 solet;
2136 3430 2258 3485 quas

686 3502 965 3565 nimirum,
1021 3509 1079 3557 ut
1122 3500 1257 3565 dixi,
1287 3516 1317 3555 a
1354 3501 1548 3557 fraude
1591 3501 1929 3573 artiﬁcioque
1986 3505 2253 3574 procedit,

684 3594 887 3648 addicti
911 3596 1154 3649 materia:
1179 3592 1405 3663 spiritus
1435 3592 1583 3663 (47);
1619 3593 1765 3648 aliud
1792 3602 1994 3659 autem,
2024 3594 2168 3665 quod
2187 3610 2254 3649 ex

686 3685 803 3755 lege
840 3682 1081 3737 mandati
1106 3682 1389 3738 derivatur
1429 3702 1442 3738 :
1485 3685 1626 3755 lege,
1660 3686 1906 3756 inquam,
1950 3686 2064 3750 illa,
2092 3702 2252 3758 quam

687 3775 910 3831 insitam
963 3781 1019 3829 et
1065 3788 1095 3827 a
1150 3785 1346 3828 natura
1381 3775 1678 3845 ingenitam
1736 3776 2021 3831 hausimus
2059 3795 2073 3829 :
2109 3778 2162 3831 in
2200 3776 2254 3831 id

685 3866 927 3918 animum
953 3862 1279 3917 excitantem
1312 3871 1828 3934 provocantemque,
1865 3865 2013 3935 quod
2041 3874 2125 3921 est
2151 3868 2255 3920 ho-

687 3964 925 4010 nestum.
988 3954 1067 4009 Eo
1112 3954 1192 4019 fit,
1234 3962 1292 4009 ut
1344 3962 1528 4009 mente
1560 3954 1777 4023 quidem
1813 3955 2256 4009 condelectemur

688 4047 791 4116 legi
817 4046 912 4101 Dei
947 4064 960 4102 :
994 4045 1098 4099 hoc
1121 4048 1266 4101 enim
1288 4053 1373 4101 est
1400 4044 1565 4101 homo
1597 4045 1688 4100 ille
1723 4046 1956 4100 interior
1988 4064 2001 4101 :
2038 4046 2254 4115 cupidi-

688 4145 800 4191 tate
824 4146 1007 4192 autem
1038 4153 1161 4208 quae
1187 4138 1398 4192 habitat
1436 4138 1494 4192 in
1526 4152 1712 4200 carne,
1749 4136 1852 4207 legi
1888 4134 2110 4192 diaboli.
2130 4136 2255 4191 Haec

691 2233 870 2288 alliatu
898 2234 1079 2299 vacui,
1104 2249 1396 2304 rerumque
1422 2234 1477 2288 in
1504 2233 1736 2288 materia
1754 2242 1809 2288 et
1842 2249 2257 2303 corporearum,

688 2340 852 2395 quam
881 2324 1113 2381 callidus
1147 2324 1305 2381 nobis
1335 2340 1565 2394 serpens
1595 2323 1917 2390 insuﬂlaret,
1963 2327 2261 2396 cupiditate

690 2415 854 2485 pleni.
910 2413 1053 2472 Hinc
1100 2413 1266 2479 Deus,
1321 2423 1552 2469 mortem
1580 2429 1689 2485 qua
1718 2414 1924 2470 deleret
1951 2427 2256 2487 peccatum,

690 2506 865 2561 nostri
886 2520 1055 2562 causa
1076 2507 1431 2575 excogitavit,
1460 2516 1515 2560 ut
1544 2520 1615 2561 ne
1648 2508 1703 2560 in
1736 2506 1895 2563 nobis
1932 2510 2259 2567 immortali-

687 2597 813 2665 bus,
837 2596 1293 2667 quemadmodum
1311 2597 1518 2651 dictum
1546 2607 1653 2663 est,
1681 2597 2061 2669 reﬂorescens,
2094 2605 2259 2659 etiam

688 2690 869 2759 ipsum
909 2688 1215 2744 immortale
1245 2696 1412 2744 esset.
1444 2688 1580 2744 Cum
1612 2704 1745 2765 ergo
1794 2691 1870 2745 ait
1909 2692 2208 2762 Apostolus
2240 2715 2255 2750 :

691 2778 816 2836 Scio
842 2780 982 2835 enim
1011 2780 1150 2852 quod
1173 2798 1276 2835 non
1308 2780 1517 2834 habitat
1545 2782 1599 2835 in
1632 2799 1733 2845 me,
1767 2782 1864 2837 hoc
1895 2793 1993 2849 est,
2017 2787 2071 2839 in
2104 2804 2260 2843 carne

690 2887 831 2937 mea,
852 2872 1064 2942 bonum,
1104 2881 1388 2945 peccatum
1423 2874 1598 2927 voluit
1632 2874 1967 2945 signiﬁcare,
2004 2879 2151 2948 quod
2192 2894 2259 2934 ex

2357 3405 2619 3469 ἐπινοίας,
2649 3404 2724 3467 ὼς
2753 3403 2911 3474 ἔφην,
2948 3403 3175 3473 συνέστη
3216 3402 3310 3457 τοῦ
3359 3402 3542 3458 ὑλικοῦ
3586 3402 3910 3474 πνεύματος
3933 3422 3950 3437 ο

2356 3495 2418 3549 τὸ
2440 3495 2497 3549 δὲ
2525 3496 2632 3549 ἀπὸ
2662 3493 2756 3548 τοῦ
2785 3496 2949 3566 νόμου
2979 3496 3072 3549 τοῦ
3099 3494 3241 3549 κατὰ
3272 3495 3371 3567 τὴν
3396 3495 3633 3565 ἐντολὴν,
3661 3495 3721 3547 ὃν
3760 3494 3957 3566 ἐμφυ-

2356 3605 2447 3643 τον
2479 3584 2745 3660 ἐλάϐομεν
2770 3588 2913 3660 ἔχειν
2938 3590 3032 3643 καὶ
3065 3588 3290 3659 φυσικὸν
3326 3588 3488 3658 νόμον
3514 3587 3649 3659 πρὸς
3680 3587 3744 3640 τὸ
3768 3588 3958 3643 καλὸν

2356 3681 2512 3753 ἡμῶν
2543 3681 2884 3752 ὲξεγείροντα
2916 3681 3006 3734 τὸν
3038 3679 3480 3752 λογισμόν.Ὀθεν
3524 3680 3589 3747 τῇ
3639 3676 3737 3747 μὲν
3768 3694 3955 3747 vapo-

2356 3774 2511 3844 θεσίᾳ
2556 3774 2649 3827 τοῦ
2697 3774 2830 3826 Θεοῦ
2876 3772 3016 3826 κατὰ
3057 3773 3148 3825 τὸν
3196 3771 3321 3825 νοῦν
3367 3768 3729 3840 συνηδόμεθαε
3775 3769 3957 3825 τοῦτο

2354 3864 2463 3935 γὰρ
2493 3866 2521 3917 ὁ
2550 3865 2657 3916 ἔσω
2684 3863 2968 3933 ἄνθρωπος
2986 3879 2999 3893 ο
3041 3866 3107 3933 τῇ
3149 3862 3207 3916 δὲ
3253 3861 3540 3931 νομοθεσίᾳ
3564 3859 3655 3913 τοῦ
3683 3859 3953 3917 διαϐόλου

2356 3952 2499 4006 κατὰ
2524 3953 2621 4023 τὴν
2652 3954 2963 4006 ἐνοικοῦσαν
2991 3952 3280 4022 ἐπιθυμίαν
3319 3954 3377 4005 ὲν
3421 3955 3487 4022 τῇ
3530 3951 3709 4023 σαρκί.
3727 3952 3785 4005 Ὀ
3824 3953 3952 4023 γὰρ

2356 4044 2907 4113 ἀντιστρατευόμενος
2960 4043 3053 4095 καὶ
3100 4042 3479 4113 ἁντιπράσσων
3522 4040 3600 4112 τῷ
3641 4043 3789 4113 νόμῳ
3840 4044 3951 4098 τοῦ

2355 4130 2510 4195 Θεοῦ,
2540 4126 2652 4183 οἷον
2693 4134 2760 4202 τῇ
2808 4132 2942 4202 πρὸς
2979 4130 3040 4183 τὸ
3068 4131 3269 4201 ἀγαθὸν
3303 4133 3446 4203 ὁρμῇ
3476 4130 3569 4185 τοῦ
3595 4132 3732 4195 νοὸς,
3764 4134 3951 4198 αὑτός

2355 4223 2521 4286 ἐστιν,
2551 4224 2580 4275 ὁ
2604 4222 2731 4284 τοὺς
2755 4221 3019 4292 ἐμπαθεῖς
3042 4222 3297 4293 ἀναφύων
3319 4223 3405 4278 ἀεὶ
3434 4225 3527 4279 καὶ
3546 4223 3763 4289 sima;
3791 4222 3949 4297 πρὸς

2356 4312 2587 4383 ἀνομίαν
2620 4313 3051 4385 περισπασμούς.

686 4230 831 4281 enim
861 4244 926 4282 ea
952 4228 1036 4283 lex
1069 4238 1153 4285 est
1188 4230 1329 4301 (ΑΒ),
1362 4244 1487 4284 cum
1540 4229 1723 4283 divina
1776 4242 2045 4298 pugnans,
2096 4229 2257 4299 eique

685 4318 982 4385 resistens;
1028 4318 1105 4372 illi
1145 4319 1405 4373 nimirum
1461 4320 1663 4375 mentis
1698 4319 1755 4373 in
1793 4319 2019 4380 bonum,
2056 4318 2256 4389 impul-

685 4411 863 4477 sioni;
895 4425 1017 4482 qua:
1046 4411 1278 4467 vitiosas
1312 4411 1761 4481 iaculentasque,
1787 4417 1841 4465 et
1874 4410 1943 4464 ad
1990 4410 2257 4482 improbi-

684 4508 847 4557 tatem
879 4503 1174 4572 dissipatas
1200 4502 1563 4573 cogitationes
1587 4503 1859 4573 producit.
2283 4508 2329 4565 Ι)

752 4609 838 4664 Ill.
863 4610 1145 4680 Siquidem
1172 4608 1466 4681 Apostolus
1519 4619 1633 4667 tres
1680 4612 1903 4666 omnino
1952 4612 2098 4683 leges
2147 4612 2250 4667 hoc

2425 4610 2502 4665 1'".
2517 4610 2677 4682 Τρεῖς
2691 4612 2799 4684 γὰρ
2819 4613 3013 4685 νόμους
3027 4614 3413 4685 ὑποτιθέμενος
3427 4617 3456 4667 ὁ
3466 4601 3673 4677 Παῦλος
3694 4614 3944 4686 ἀναφαν-

684 4703 885 4758 inloco
908 4702 1224 4759 distinxisse
1257 4703 1545 4759 manifeste
1596 4702 1830 4758 videtur.
1867 4701 1984 4757 Una
2021 4705 2113 4757 illa
2141 4710 2244 4767 est,

2357 4698 2443 4754 δὸν
2471 4700 2704 4763 ἐνταῦθά
2735 4720 2821 4773 μοι
2852 4704 3405 4772 καταφαίνεται.”Ενα
3428 4704 3524 4774 μὲν
3557 4703 3694 4757 κατὰ
3735 4704 3799 4758 τὸ
3824 4706 3944 4779 ιμ-

679 4794 833 4863 juxta
872 4794 1094 4849 insitum
1137 4794 1297 4852 nobis
1339 4795 1569 4860 bonum,
1623 4808 1787 4864 quam
1836 4802 2022 4864 aperte
2072 4795 2244 4865 legem

2357 4807 2518 4859 φυτον
2568 4794 2625 4845 ὲν
2667 4794 2799 4864 ἡμῖν
2830 4794 3049 4862 ἀγαθὸν,
3079 4795 3136 4848 ὃν
3170 4796 3264 4848 καὶ
3296 4796 3454 4868 νόμον
3481 4794 3662 4864 σαφῶς
3688 4795 3939 4854 ἐκάλεσε

756 4969 802 5001 ⁸⁸
834 4968 1023 5039 Ephes.
1060 4984 1135 5037 νι,
1160 4970 1251 5035 Η,
1293 4968 1488 5025 i347.
1566 4968 1609 5001 “
1640 4966 1703 5022 Il
1732 4965 1857 5021 Cor.
1890 4983 1947 5032 ι,
1978 4969 2030 5023 5.
2109 4968 2154 5000 ⁸⁸
2179 4965 2256 5034 Ep

2357 5008 2367 5018 .
2399 4980 2473 5031 vn,
2506 4965 2595 5019 12.
2670 4966 2713 4999 ⁸⁷
2734 4965 2886 5022 Rom.
2915 4982 3012 5033 vn,
3054 4966 3231 5021 15-17.

2352 5124 2507 5210 illud“,
2535 5124 2763 5210 concreti
2809 5139 2929 5177 cum
2954 5123 3199 5188 materia,
3222 5120 3467 5192 Petavii;
3498 5132 3557 5179 ut
3584 5130 3638 5179 et
3663 5139 3939 5192 corporo-

2351 5195 2702 5335 luitzihii‘gé
2726 5263 2861 5336 enim
2894 5261 3070 5336 ea_le:r
3090 5270 3189 5336 est.
3214 5258 3453 5336 iterem
3503 5264 3693 5336 legem,
3722 5272 3775 5319 et
3800 5264 3943 5336 ἰροθ

2353 5330 2662 5405 contextus,
2684 5341 2737 5387 et
2761 5334 2938 5405 littera
2966 5330 3250 5405 Epiphanii
3276 5347 3382 5405 qua
3403 5330 3751 5405 exprimitur,
3780 5330 3941 5405 satis

2354 5402 2552 5458 docent
2583 5418 2601 5455 :
2638 5418 2811 5460 eoque
2842 5401 3101 5454 Schottus
3124 5401 3303 5455 minus
3324 5402 3461 5457 bene
3476 5401 3683 5457 ’re‘tulit
3705 5405 3772 5457 ad
3796 5404 3940 5460 dia-

2754 5472 2913 5544 iaboli
2935 5471 3193 5544 momine
3223 5488 3236 5524 :
3274 5471 3707 5544 hactenusenim
3742 5474 3937 5544 legem

754 5122 871 5194 (46)
905 5123 992 5179 Sic
1018 5126 1156 5179 enim
1198 5124 1385 5179 seditio
1428 5125 1649 5194 conflari
1680 5125 1849 5191 coepit.
1894 5124 2090 5188 Στάσις
2138 5123 2247 5178 ὲνέ-

683 5208 817 5247 πεσε
841 5210 853 5220 ·
888 5194 1038 5249 velut
1068 5195 1230 5250 irruit
1261 5214 1273 5248 :
1315 5196 1525 5265 justum
1592 5198 1712 5248 lane
1736 5196 2011 5263 praemium
2068 5194 2245 5248 rebel-

684 5264 846 5318 lionis
875 5266 931 5318 in
974 5264 1162 5318 Deum.
1201 5262 1471 5318 lnternres
1506 5214 1682 5318 Ρίίοιὶί
1734 5265 1888 5318 aliter
1930 5264 2141 5318 accenit
2187 5263 2245 5316 τὸ

684 5264 846 5335 lionis
875 5266 931 5318 in
974 5264 1162 5320 Deum.
1201 5262 1471 5335 interpres
1506 5262 1682 5318 Pbotii
1734 5262 1888 5318 aliter
1930 5264 2141 5335 accepit
2187 5263 2246 5316 τὸ

684 5333 890 5403 στάσις,
924 5348 1024 5403 pro
1049 5344 1232 5392 Statu:
1264 5333 1363 5391 sed
1389 5337 1571 5388 minus
1599 5335 1867 5403 congruit.

752 5349 890 5396 ασις,
904 5349 1024 5455 Iro
1049 5349 1232 5392 Statu:
1264 5349 1359 5391 seu
1389 5349 1571 5388 minus
1599 5349 1867 5403 congrunt.

752 5402 867 5471 (47)
971 5403 1157 5471 fraude
1189 5406 1516 5473 artiﬁcioque
1554 5404 1789 5470 procedit
1826 5404 2025 5456 addicti
2074 5412 2243 5473 mate-

682 5470 779 5523 riai
807 5470 1047 5539 spiritus.
1087 5474 1178 5539 Ἐξ

682 5540 875 5612 telligil
908 5544 1203 5612 diabolum,
1234 5558 1392 5612 quem
1445 5545 1697 5612 superius
1745 5557 1867 5612 cum
1904 5540 2245 5612 Athenagora

682 5609 820 5683 in“!
870 5611 1087 5683 Τενεῦμα
1132 5609 1264 5682 περῖ
1304 5612 1401 5683 τὴν
1459 5609 1613 5683 ὓλην
1643 5611 1930 5683 γενόμενον
1996 5609 2244 5683 ὑπὸξτοῦ

681 5678 841 5752 Θεοῦ,
870 5678 1029 5735 Velut
1075 5678 1457 5752 cum'quadam
1494 5678 1813 5752 habitudine
1844 5684 1909 5734 ad
1940 5680 2242 5752 materiam,

681 5756 736 5803 et
770 5748 847 5802 illi
877 5752 1173 5818 addictum,
1210 5748 1256 5805 a'
1280 5753 1575 5809 creatione.
1602 5750 1915 5809 Plusculum
1952 5750 2097 5805 forte
2112 5750 2244 5803 dicit

2354 5471 2536 5526 bolum
2563 5473 2666 5527 sub

2355 5541 2456 5611 legi
2485 5542 2729 5611 opponit,
2754 5538 2985 5595 subinde
2999 5539 3357 5611 expositurus
3404 5551 3458 5595 et
3503 5540 3773 5598 divisione
3798 5538 3939 5601 ’ἁθ-

2353 5610 2678 5673 claraturus,
2698 5610 3013 5680 hujusmodi
3035 5610 3207 5680 leges.

2427 5680 2535 5750 (i9)
2554 5678 2785 5745 Καλός(
2803 5680 2887 5731 Al.
2917 5678 3099 5750 ua1_6v.

2425 5746 2534 5821 (50)
2558 5750 2963 5817 Πολύτροπος.
2998 5746 3215 5819 Epiph.,
3243 5763 3300 5803 η.
3328 5746 3420 5814 60,
3454 5746 3820 5815 πολύπλοτως.

1204 5471 1443 5537 ἐπινοίας
1478 5473 1571 5526 τοῦ
1598 5474 1781 5525 ὑλικοῦ
1806 5473 2131 5543 πνεύματος.
2163 5471 2248 5525 ln-
