4028 6318
675 365 774 426 ,ιιι

1643 365 1700 420 S.
1743 363 2076 421 METUODII
2106 363 2412 422 EPlSCOl’l
2454 365 2542 420 ET
2582 364 2944 422 IABTYRIS

673 479 793 538 suis
819 477 966 532 velut
994 474 1265 541 manibus,
1297 475 1346 530 is
1377 475 1495 546 ipse
1524 483 1804 545 operatus,
1828 476 1976 530 fecit.
1998 476 2130 542 Quae
2159 486 2228 532 esl

2345 477 2415 541 ὡς
2451 477 2605 547 ἔφην,
2638 476 2774 548 αὕτη
2804 478 2936 548 ζωὴ,
2964 479 2998 548 ἡ
3028 477 3125 531 ἀπ’
3160 477 3509 550 ἀνθρωπίνων
3543 480 3740 552 χειρῶν
3783 481 3916 555 δρα·

673 585 806 641 ergo
831 570 1026 624 domus
1055 583 1220 623 manu
1251 567 1394 622 facta
1414 569 1439 621 τ
1492 567 1691 639 Utique
1729 569 1912 625 brevis
1940 573 2054 624 haec
2107 574 2239 632 vita,

672 660 1123 734 quemadmodum
1173 661 1445 724 dicebam,
1499 661 1752 716 humanis
1785 661 2038 716 manibus
2094 663 2242 715 velut

672 757 865 810 affecta
895 765 948 810 et
982 761 1309 809 sustentata.
1337 751 1474 807 Nam
1523 754 1720 824 inquit,
1750 752 1815 807 In
1842 754 2038 808 sudore
2069 755 2242 808 vultus

673 849 749 902 tui
770 848 985 902 vesceris
1017 862 1152 916 pane
1187 853 1275 899 tuo
1309 845 1354 876 ⁷³
1382 861 1401 898 :
1433 860 1538 915 qua
1564 845 1849 910 dissoluta,
1881 846 2241 900 immortalem

670 939 818 992 illam
843 939 1009 992 vitam
1041 954 1150 993 non
1173 952 1339 992 manu
1369 935 1566 990 factam
1582 951 1950 1006 occupamus:
1979 936 2242 1008 quemad-

669 1034 889 1088 modum
913 1034 1031 1104 ipse
1062 1032 1330 1088 Dominus
1359 1031 1674 1096 declaravit,
1705 1048 1832 1087 cum
1858 1031 1998 1087 dixit
2030 1032 2111 1085 "z
2137 1029 2242 1084 Fa-

666 1127 766 1180 cite
813 1125 956 1182 vobis
988 1127 1186 1180 amicos
1221 1126 1286 1180 de
1325 1143 1624 1180 mammona
1653 1126 1830 1195 iniquo
1861 1125 1994 1196 (65),
2019 1135 2079 1177 ut
2121 1141 2242 1178 cum

665 1217 964 1286 defeceritis
994 1255 1008 1279 ,
1063 1217 1318 1285 recipiant
1365 1233 1453 1270 vos
1505 1217 1559 1269 in
1617 1224 1816 1271 eterna
1868 1214 2236 1270 tabernacula.

666 1306 824 1373 Quod
861 1309 1006 1362 enim
1034 1307 1144 1361 illic
1183 1305 1444 1360 Dominus
1473 1305 1816 1360 tabernacula
1842 1303 2056 1358 vocavit
2085 1342 2101 1366 ,
2149 1301 2240 1355 hic

665 1401 962 1472 Apostolus
1015 1405 1174 1454 vocat
1225 1397 1555 1451 indumenta.
1609 1395 1765 1461 Quod
1798 1395 1908 1448 illic
1941 1394 2137 1447 amicos
2175 1391 2240 1447 de

662 1491 964 1562 iniquitate,
990 1492 1077 1546 hic
1093 1490 1388 1562 Apostolus
1407 1488 1590 1542 domos
1617 1484 2001 1541 dissolvendas.
2033 1483 2237 1550 Quem-

667 1584 956 1638 admodum
1005 1598 1156 1654 ergo,
1205 1596 1331 1636 cum
1378 1579 1664 1650 praesentis
1707 1577 1832 1632 vitae
1874 1585 2076 1634 nostra:
2121 1575 2238 1631 dies

665 1675 982 1741 tleieceriot,
997 1683 1216 1730 nostras
1232 1673 1444 1727 animas
1460 1679 1588 1726 sunt
1612 1676 1903 1738 acceptura
1934 1668 2238 1726 beneﬁcen-

664 1768 751 1821 tiae
781 1766 996 1830 merita,
1026 1765 1075 1821 si
1101 1778 1230 1834 qua,
1255 1762 1442 1832 iniqua
1463 1761 1564 1815 hac
1598 1761 1728 1824 vita,
1750 1759 2187 1830 comparavimus
2218 1777 2233 1826 ;

2348 569 2788 640 ματουργημένη.
2835 569 2998 639 Φάνῃ
3044 569 3172 640 γὰρ,
3227 571 3408 641 φησὶν,
3463 572 3533 624 ἐν
3575 572 3768 641 ἱδρῶτι
3802 574 3911 628 τοῦ

2344 660 2665 728 προσώπου
2719 677 2835 714 σου
2899 659 3004 712 τὸν
3058 659 3238 728 ἄρτον
3288 677 3435 715 σου*
3483 657 3549 734 ἧς
3592 664 3911 720 καταλυθει-

2346 766 2465 820 σης,
2512 750 2726 820 ἐκείνην
2764 750 2860 821 τὴν
2899 751 3306 822 ἀχειροποίητον
3348 751 3492 822 ζωὴν
3529 752 3742 823 ἔχομεν.
3794 757 3911 810 Κα-

2343 840 2518 912 θάπερ
2553 843 2646 894 καὶ
2679 843 2707 895 ὁ
2742 841 2943 912 Κύριος
2973 842 3158 907 εἰπὼν,
3191 843 3458 913 ἐδήλωσε·
3488 845 3782 912 Ποιήσατε
3813 848 3911 916 φί-

2341 937 2492 999 λους
2529 933 2597 985 ἐκ
2619 931 2730 1000 τῆς
2757 932 2991 999 ἀδικίας
3020 933 3124 987 τοῦ
3155 932 3466 1004 μαμμωνᾶ,
3488 936 3605 999 ἵνα,
3640 936 3787 992 ὅταν
3813 939 3910 992 ἐκ·

2339 1025 2575 1092 λίπητε,
2618 1024 2901 1090 δέξωνται
2938 1025 3094 1094 ὑμᾶς
3123 1027 3208 1090 είς
3234 1027 3340 1091 τὰς
3355 1029 3628 1093 αἰωνίους
3647 1028 3906 1097 σκηνάς.

2348 1118 2413 1170 Ὃ
2445 1116 2556 1188 γὰρ
2615 1118 2731 1170 ἐκεῖ
2782 1117 3017 1185 σκηνὰς
3052 1117 3080 1169 ὁ
3121 1118 3323 1190 Κύριος
3354 1119 3597 1184 ὲκάλεσε,
3626 1120 3785 1174 τοῦτο
3815 1123 3908 1175 ὲν-

2338 1208 2514 1264 ταῦθα
2551 1211 2582 1262 ὁ
2623 1210 2938 1273 ’Δπόστολος
2983 1210 3300 1280 ἐνδύματα.
3343 1214 3408 1264 Ὃ
3441 1211 3498 1266 δὲ
3534 1213 3650 1265 ἐκεῖ
3688 1214 3912 1280 φίλους

2339 1303 2407 1357 ἐκ
2438 1300 2547 1370 τῆς
2567 1303 2820 1368 ἀδικίας,
2856 1302 3088 1356 ἐνταῦθα
3117 1303 3563 1372 καταλυομένας
3595 1307 3622 1358 ὁ
3651 1306 3912 1358 Ἀπόστο-

2339 1392 2428 1456 λος
2483 1394 2692 1460 οίκίας.
2741 1393 3007 1466 Καθάπερ
3038 1394 3190 1462 γοῦν,
3239 1397 3332 1450 ἐὰν
3363 1395 3671 1466 ὲλλείψωσιν
3713 1399 3770 1449 αἱ
3807 1398 3911 1468 τῆς

2338 1484 2620 1557 παρούσης
2660 1485 2803 1556 ζωῆς
2836 1487 2988 1557 ἡμῶν
3023 1487 3243 1558 ἡμέραι,
3277 1489 3346 1542 τὰ.
3375 1489 3506 1560 πρὸς
3535 1490 3778 1542 εὐποιίαν
3809 1490 3911 1554 τὰς

2337 1574 2513 1647 ψυχὰς
2564 1577 2722 1649 ἡμῶν
2767 1575 3112 1646 ὑποδέξονται
3168 1580 3652 1653 ἀγαθοεργήματα,
3711 1581 3746 1634 ἃ
3799 1581 3912 1633 ἀπὸ

2336 1668 2435 1739 τῆς
2463 1670 2519 1721 ὲν
2540 1673 2607 1740 τῇ
2632 1670 2814 1740 ἀδικίᾳ
2853 1671 3001 1741 ζωῆς
3045 1673 3413 1744 ἐκτησάμεθα,
3440 1675 3517 1745 τῷ
3538 1675 3644 1729 τὸν
3671 1678 3913 1746 κόσμσν

2335 1760 2406 1812 ἐν
2439 1759 2518 1827 τῷ
2564 1762 2803 1830 πονηρῷ
2855 1763 3086 1818 κεῖσθαι
3110 1781 3123 1793 ·
3157 1764 3317 1830 οὕτω,
3351 1766 3448 1836 τῆς
3493 1767 3636 1837 ζωῆς
3665 1767 3911 1822 καταλυ-

663 1876 730 1916 eo
762 1861 970 1930 iniqua,
1004 1857 1150 1930 quod
1180 1855 1408 1910 mundus
1465 1856 1533 1908 sit
1569 1855 1771 1922 positus
1802 1856 1857 1908 in
1883 1852 2116 1923 maligno
2138 1853 2183 1885 ⁷⁸
2217 1869 2228 1906 ;

2337 1849 2523 1923 θείσης
2556 1853 2654 1924 τῆς
2686 1854 2995 1926 ὼκυμόροο,
3021 1856 3118 1927 τὴν
3151 1857 3258 1926 πρὸ
3280 1857 3377 1928 τῆς
3409 1858 3750 1921 ἀναστάσεως
3786 1859 3914 1926 ’ἐξο-

665 1955 740 2009 ita
771 1955 880 2008 cito
916 1952 1159 2023 peritura
1191 1950 1302 2005 vita
1356 1949 1460 2004 hac
1500 1947 1788 2011 dissoluta,
1841 1947 2234 2004 habitationem

665 2047 806 2115 apud
847 2044 1014 2099 Deum
1072 2058 1193 2112 qua:
1247 2050 1331 2098 est
1381 2049 1506 2096 ante
1547 2039 2006 2096 resurrectionem
2036 2081 2052 2106 ,
2107 2039 2231 2110 ipsi,

663 2137 769 2192 hoc
800 2143 883 2191 est
925 2137 1138 2199 animai,
1185 2149 1375 2190 sumus
1406 2133 1644 2188 habituri
1675 2130 1812 2203 (66),
1859 2131 2033 2186 donec
2076 2131 2235 2185 nobis

662 2230 1020 2284 instauratam
1053 2227 1274 2282 domum
1320 2227 1491 2290 illam,
1527 2238 1828 2295 numquam
1867 2237 2118 2280 casuram
2149 2239 2234 2278 re-

657 2324 948 2394 cipiamus.
990 2320 1137 2376 Unde
1184 2331 1234 2377 et
1282 2320 1696 2391 ingemiscimus,
1730 2333 1790 2371 eo
1817 2315 1955 2387 quod
1988 2315 2232 2370 nolumus

655 2411 947 2480 exspoliari
979 2426 1203 2480 corpus,
1239 2411 1329 2464 sed
1363 2415 1576 2465 retento
1607 2407 1722 2472 illo,
1756 2405 1924 2460 vitam
1965 2406 2232 2476 reliquam

659 2503 997 2571 sapereestiri
1016 2503 1087 2557 ".
1110 2501 1256 2556 Illud
1287 2501 1433 2555 enim
1465 2498 1531 2552 de
1561 2497 1689 2550 caelo
1716 2496 2066 2561 domicilium,
2092 2496 2232 2566 quod

659 2595 966 2663 superindui
1009 2595 1268 2663 cupimus,
1325 2592 1707 2647 immortalitas
1749 2599 1833 2647 est
1867 2605 2074 2660 :quam
2105 2605 2230 2645 cum

658 2686 927 2742 fuerimus
979 2685 1346 2755 superinduti,
1403 2683 1770 2738 absorbebitur
1819 2687 2040 2754 penitus
2071 2682 2230 2752 quid-

658 2777 790 2849 quid
819 2778 874 2831 in
904 2794 968 2832 ea
1006 2777 1282 2832 inﬁrmum
1313 2785 1398 2830 est
1430 2783 1485 2831 et
1515 2775 1758 2838 mortale,
1791 2773 1856 2828 ab
1892 2783 2092 2830 eterna
2123 2775 2231 2828 vita

657 2879 1066 2942 consumptum.
1102 2870 1206 2924 Per
1237 2869 1393 2938 ﬁdem
1443 2870 1581 2924 enim
1630 2867 1987 2932 ambulamus,
2035 2876 2085 2921 et
2126 2883 2230 2920 non

655 2981 750 3035 per
772 2965 991 3033 speciem
1021 2963 1088 3018 ".
1129 2961 1246 3018 Hoc
1274 2969 1358 3018 est
1397 2981 1411 3018 :
1453 2961 1591 3017 Nam
1621 2963 1800 3018 adhuc
1831 2977 1929 3033 per
1960 2959 2121 3016 ﬁdem
2151 2960 2230 3014 in.

655 3055 921 3118 cedimus,
956 3061 1154 3110 statum
1181 3054 1330 3107 illum
1364 3053 1755 3109 obscurissima
1789 3052 2228 3108 consideratione

655 3146 1002 3215 aspicientes,
1026 3154 1079 3197 et
1117 3159 1222 3197 non
1253 3143 1400 3197 clare
1426 3159 1441 3208 ;
1468 3149 1527 3195 ut
1555 3141 1763 3206 videre,
1790 3140 1898 3196 frui
1936 3149 1991 3197 et
2016 3156 2140 3196 esse
2168 3140 2225 3194 in

654 3238 750 3292 illo
780 3237 1072 3305 possimus.
1107 3234 1220 3288 Hoc
1252 3244 1426 3288 autem
1463 3235 1603 3300 dico,
1632 3234 1848 3302 fratres,
1877 3234 2002 3302 quia
2020 3249 2147 3286 caro
2177 3240 2227 3285 et

654 3327 871 3396 sanguis
920 3342 1133 3395 regnum
1172 3325 1264 3380 Dei
1293 3324 1559 3395 possidere
1613 3341 1717 3378 non
1764 3331 1985 3392 possunt
2018 3339 2036 3389 ;
2069 3339 2228 3393 neque

655 3418 923 3486 corruptio
974 3418 1418 3486 incorruptionem
1463 3416 1752 3487 possidebit
1783 3417 1850 3472 ⁷⁸.
1898 3415 2095 3470 Carnis
2128 3431 2227 3469 no-

653 3511 801 3566 mine
858 3525 969 3564 non
1017 3510 1191 3581 ipsam
1224 3525 1442 3565 carnem
1496 3508 1847 3579 signiﬁcavit,
1881 3507 1976 3562 sed
2003 3507 2226 3562 brutum

653 3603 954 3674 appetitum
988 3603 1040 3656 in
1071 3603 1302 3656 lascivas
1333 3603 1530 3656 animai
1582 3601 1911 3670 voluptates.
1955 3597 2060 3653 Ubi
2095 3612 2228 3669 ergo

654 3695 906 3753 dixisset.
931 3693 1068 3764 quod
1098 3710 1220 3747 caro
1251 3703 1301 3747 et
1332 3693 1549 3763 sanguis
1583 3708 1799 3762 regnum
1839 3691 1930 3745 Dei
1958 3689 2227 3759 possidere

653 3804 755 3841 non
795 3796 1034 3852 possunt,
1068 3793 1473 3853 consequentur
1495 3785 1888 3853 pronuntiavit,
1920 3799 2080 3854 neque
2107 3799 2225 3836 cor-

654 3881 830 3948 ruptio
890 3878 1334 3946 incorruptionem
1389 3875 1694 3944 possidebit.
1731 3875 1895 3946 Atqui
1949 3876 2227 3943 corruptio

651 3987 763 4027 non
787 3987 876 4026 res
910 3973 1027 4040 ipsa
1073 3977 1158 4026 est
1208 3985 1328 4040 quae
1379 3970 1772 4040 corrumpitur,
1803 3969 1900 4025 sed
1927 3969 2074 4039 quod
2099 3982 2224 4022 eor-

650 4063 876 4134 rumpit.
909 4063 1241 4120 Przevalente
1274 4063 1488 4134 quidem
1524 4070 1700 4118 morte
1721 4101 1737 4126 ,
1796 4062 1972 4132 vergit
2023 4075 2226 4130 corpus

653 4157 710 4212 in
741 4159 1145 4228 corruptionem
1187 4166 1421 4213 :contra
1455 4173 1606 4221 vero,
1653 4163 2008 4226 permanente
2057 4156 2113 4209 in
2160 4169 2226 4208 eo

648 4249 786 4312 vita,
837 4257 944 4303 stat
998 4250 1441 4305 illalvefactatum.
1493 4249 1674 4316 Quare
1726 4265 1851 4304 cum
1899 4262 2030 4303 caro
2083 4248 2227 4300 inter

652 4342 890 4398 confinia
921 4343 1291 4412 corruptionis
1312 4351 1366 4397 et
1394 4341 1847 4412 incorruptionis,
1881 4355 1946 4394 ac
1979 4355 2079 4394 nec
2099 4355 2226 4394 cor-

650 4437 832 4505 ruptio
857 4451 958 4490 nec
989 4436 1328 4504 incorruptio
1355 4436 1494 4488 facta
1549 4444 1694 4490 esset
1719 4452 1734 4500 ;
1761 4434 1901 4488 victa
1931 4449 2060 4489 vero
2091 4449 2222 4503 pro-

650 4535 774 4598 pter
803 4528 1154 4596 voluptatem,
1186 4541 1493 4597 quanquam
1537 4525 1969 4594 incorruptionis
2004 4541 2143 4594 opus
2167 4531 2222 4579 et

2341 1961 2440 2014 μεν
2489 1945 2718 2016 οἴκησιν,
2771 1949 2830 2000 αἱ
2880 1947 3069 2019 ψυχαὶ,
3117 1949 3368 2019 παράτῷ
3405 1949 3524 2020 Θεῷ
3581 1951 3711 2021 (67),
3755 1954 3841 2016 εἰς
3864 1951 3914 2005 τ’

2337 2036 2911 2108 ἀνακαινοποιηθεῖσαν
2956 2041 3087 2109 ἡμῖν
3133 2040 3382 2094 ἄπτωτον
3429 2041 3782 2113 ἀναλάϐωμεν
3811 2045 3917 2116 τὴν

2335 2127 2532 2180 οἰκίαν.
2587 2128 2754 2183 Ὅθεν
2807 2131 2903 2182 καὶ
2964 2130 3339 2202 στενάζομεν,
3378 2133 3464 2204 μὴ
3515 2133 3796 2202 θέλοντες
3853 2137 3919 2190 τὸ

2338 2215 2496 2288 σῶμα
2555 2219 3043 2287 ἀπεκδύσασθαι,
3103 2224 3239 2278 ἀλλ’
3303 2227 3391 2279 ἐπ’
3447 2225 3594 2297 αὐτῷ
3638 2229 3736 2300 τὴν
3803 2230 3920 2284 λοι-

2336 2308 2442 2381 πὴν
2502 2310 2947 2368 ἐπενδύσασθαι
2989 2314 3154 2387 ζωήν.
3203 2317 3277 2370 Τὸ
3319 2317 3428 2390 γὰρ
3469 2319 3815 2390 οἰκητήριον
3848 2332 3919 2378 το

2331 2400 2401 2467 ἐξ
2433 2403 2712 2471 οὐρανοῦ,
2745 2403 2776 2458 ὃ
2803 2405 3248 2464 ἐπενδύσασθαι
3267 2408 3684 2480 ἐπιθυμοῦμεν,
3711 2414 3743 2483 ἡ
3774 2413 3922 2470 ἀθα-

2332 2496 2490 2549 νασία
2517 2497 2662 2552 ἐστίν
2685 2515 2698 2528 ο
2727 2498 2795 2568 ἢν
2828 2498 2924 2552 ἐὰν
2965 2500 3403 2572 ὲπενδυσώμεθα,
3430 2504 3920 2571 καταποθήσεται

2332 2589 2442 2668 πᾶν
2463 2588 2524 2641 τὸ
2557 2590 2616 2642 ὲν
2656 2591 2790 2661 αὐτῇ
2817 2591 3120 2664 ὁλοσχερῶς
3150 2593 3392 2660 ἀσθενὲς,
3413 2597 3529 2650 ὑπὸ
3550 2597 3649 2668 τῆς
3675 2598 3922 2669 ἀχρόνου

2334 2676 2479 2745 ζωῆς
2503 2679 2902 2747 καταναλωθὲν,
2935 2683 3030 2735 καὶ
3061 2685 3299 2751 θνητόν.
3335 2686 3438 2739 Διὰ
3490 2688 3748 2755 πίστεως
3802 2691 3919 2760 τὰρ

2332 2770 2785 2840 περιπατοῦμεν,
2833 2775 2905 2828 οὐ
2955 2775 3053 2829 διὰ
3075 2775 3297 2843 εἴδους.
3348 2776 3635 2833 Τουτέστιο
3665 2782 3768 2836 Διά
3818 2782 3928 2838 πί-

2333 2877 2502 2924 στεως
2527 2860 2636 2932 γὰρ
2657 2862 3007 2934 ὲπισαίνομεν
3040 2865 3139 2930 ἔτι,
3177 2867 3542 2939 ἀτρανωτάτῳ
3566 2871 3825 2944 λογισμῷ
3842 2876 3918 2928 τὰ

2330 2956 2444 3008 ἐκεῖ
2478 2958 2778 3028 πράγματα
2804 2959 3244 3024 κατοπτεύοντες,
3285 2964 3379 3015 καὶ
3411 2964 3471 3016 οὐ
3507 2964 3690 3032 σαφῶς
3712 2982 3728 2996 ⁶
3763 2966 3917 3021 ὥστε

2331 3048 2423 3100 καὶ
2446 3051 2597 3120 ὁρᾷν,
2635 3053 2729 3104 καὶ
2776 3051 3088 3116 ἀπολαύειν,
3123 3055 3219 3106 καὶ
3237 3057 3296 3107 ὲν
3319 3055 3501 3118 αὐτοῖς
3534 3053 3692 3110 εἶναι.
3722 3061 3920 3114 Τοῦτο

2327 3139 2395 3193 δέ
2416 3158 2587 3210 φημι,
2632 3141 2900 3213 ἀδελφοὶ,
2941 3143 3029 3197 ὅτι
3055 3145 3210 3213 σὰρξ
3237 3147 3337 3200 καὶ
3360 3143 3501 3218 αἷμα
3529 3152 3921 3221 κληρονομῆ-

2332 3247 2436 3285 σαι
2461 3233 2787 3296 ,ϐασιλείαν
2831 3235 2980 3289 Θεοῦ
3025 3238 3095 3291 οὐ
3122 3236 3424 3306 δύνανται,
3468 3240 3608 3296 οὐδὲ
3642 3244 3680 3310 ἠ
3714 3247 3921 3314 φθορὰ

2331 3322 2446 3390 τὴν
2469 3325 2812 3393 ἀφθαρσίαν
2848 3323 3222 3397 κληρονομεῖ.
3261 3331 3466 3401 Σάρκα,
3507 3333 3691 3404 φησὶν,
3721 3335 3785 3386 οὐ
3811 3337 3918 3406 τὴν

2333 3413 2508 3485 σάρκα
2569 3417 2739 3488 αὐτὴν
2797 3417 3083 3488 ἐδήλωσεν,
3120 3419 3254 3474 ἀλλά
3288 3423 3386 3494 τὴν
3425 3423 3615 3492 ἄλογον
3638 3426 3779 3497 πρὸς
3809 3428 3918 3491 τὰς

2334 3503 2622 3575 μαχλώσας
2685 3507 2784 3577 τῆς
2838 3508 3015 3581 ψυχῆς
3059 3511 3233 3583 ὁρμὴν
3277 3514 3486 3585 ἡδονάς.
3528 3515 3712 3571 Εἰπὼν
3761 3514 3866 3572 οὖν
3897 3536 3912 3550 ο

2333 3595 2450 3649 ’Ότι
2470 3595 2624 3664 σὰρξ
2649 3598 2745 3651 καὶ
2766 3593 2908 3668 αἷμα
2925 3600 3252 3663 βασιλείαν
3274 3603 3422 3658 Θεοῦ
3451 3607 3919 3676 κληρονομῆσαι

2329 3688 2400 3740 οὑ
2458 3687 2774 3744 δύνανται·
2843 3694 3258 3765 ὲπαπεφήνατο·
3293 3695 3446 3749 Οὐδὲ
3489 3698 3527 3764 ἠ
3564 3698 3756 3765 φθορὴ
3791 3700 3920 3768 τὴν

2327 3780 2669 3851 ἀφθαρσίαν
2703 3788 3078 3856 κληρονομεῖ.
3125 3788 3303 3858 Φθορά
3334 3789 3390 3841 δὲ
3418 3789 3516 3842 οὐκ
3541 3790 3669 3842 αὐτό
3696 3794 3821 3846 ἐστι
3850 3796 3915 3847 τὸ

2329 3872 2703 3945 φθειρόμενον,
2730 3877 2866 3932 ἀλλά
2894 3879 2955 3931 τὸ
2987 3878 3223 3951 φθεῖρον.
3270 3882 3766 3953 Ἑπικρατήσαντος
3804 3887 3913 3957 μὲν

2327 3965 2435 4039 γὰρ
2467 3968 2561 4021 τοῦ
2599 3969 2850 4037 θανάτου,
2881 3971 3120 4026 κλίνεται
3143 3972 3202 4025 τὸ
3227 3971 3384 4043 σῶμα
3411 3975 3488 4036 είς
3516 3973 3748 4046 φθοράν·
3784 3981 3915 4032 ἐπι-

2331 4059 2595 4130 μενούσης
2642 4061 2699 4114 δὲ
2735 4061 2966 4131 ἔμπαλιν
2990 4063 3088 4132 τῆς
3113 4063 3258 4132 ζωῆς
3307 4065 3365 4117 ὲν
3397 4065 3563 4136 αὐτῷ,
3593 4067 3793 4138 ἕστηκε
3829 4073 3914 4143 μὴ

2329 4151 2772 4224 καθαιρούμενον.
2815 4154 2907 4206 Διὸ
2963 4155 3148 4225 ἐπειδὴ
3185 4156 3429 4227 μεθόριον
3465 4158 3566 4228 τῆς
3591 4160 3912 4233 ἀφθαρσίας

2327 4244 2560 4316 ἐγενήθη
2580 4246 2672 4298 καὶ
2697 4247 2795 4316 τῆς
2819 4245 3022 4317 φθορᾶς
3045 4249 3078 4317 ἡ
3110 4246 3264 4319 σὰρξ,
3293 4251 3392 4303 οὐκ
3413 4247 3545 4306 οὖσα
3575 4253 3691 4306 οὐδὲ
3724 4254 3912 4328 φθορά

2326 4333 2446 4386 οὐδὲ
2470 4334 2768 4404 ἀφθαρσία,
2803 4334 3078 4407 ἐκρατήθη
3121 4336 3286 4393 δὲδιά
3321 4339 3418 4409 τὴν
3441 4341 3630 4412 ἡδονὴν
3667 4344 3774 4395 ὑπὸ
3805 4347 3910 4416 τῆς

2328 4427 2553 4499 φθορᾶς,
2606 4428 2814 4499 ποίημα
2868 4429 2964 4501 τῆς
3003 4429 3308 4500 ἀφθαρσίας
3358 4433 3452 4485 καὶ
3505 4435 3687 4506 κτῆμα
3718 4436 3910 4508 ὑπάρ-

2328 4539 2499 4590 χουσα
2523 4538 2536 4550 ·
2597 4521 2685 4574 διὰ
2734 4521 2888 4574 τοῦτο
2940 4523 3228 4596 γεγένηται
3259 4526 3338 4588 εἰς
3364 4525 3585 4597 φθοράν.
3621 4528 3731 4580 Καὶ
3777 4531 3912 4582 ἐπεὶ

648 4621 958 4693 possessio,
1007 4619 1199 4673 fuisset
1241 4633 1269 4670 a
1312 4618 1699 4688 corruptione:
1763 4625 2050 4687 propterea
2096 4632 2222 4673 cor-

2332 4614 2693 4689 συνεκροτηθη
2735 4615 2848 4686 (68)
2893 4617 2999 4669 ὑπὸ
3030 4618 3128 4687 τῆς
3155 4619 3380 4689 φθορᾶς,
3413 4623 3507 4674 καὶ
3563 4621 3780 4696 θανάτῳ
3814 4625 3909 4680 διὰ

714 4735 762 4768 ’³
791 4733 918 4788 Cen.
951 4749 1032 4796 Ill,
1061 4733 1148 4790 19.
1224 4735 1271 4766 ⁷⁸
1298 4733 1428 4791 Luc.
1463 4752 1574 4801 xw,
1603 4734 1657 4790 9.
1733 4737 1780 4768 ⁷⁸
1803 4737 1823 4791 1
1849 4737 2008 4792 Joan.
2041 4756 2093 4801 ν,
2126 4738 2209 4792 l9.

722 4825 836 4895 (65)
883 4823 960 4876 Dc
1007 4840 1307 4877 mammona
1351 4825 1547 4895 iniquo.
1597 4824 1692 4878 Ἐκ
1718 4826 1819 4895 τῆς
1865 4828 2080 4891 ἀδικίας
2123 4826 2218 4880 τοῦ

654 4896 968 4968 μαμμωνᾶ,
1019 4895 1165 4968 velut
1211 4909 1277 4947 ex
1331 4896 1602 4962 jnjustitia
1657 4906 1980 4951 mammonai
2017 4916 2030 4950 :
2073 4898 2218 4968 quod

649 4964 899 5036 magnam
955 4964 1116 5016 habet
1159 4968 1567 5036 expressionem
1611 4983 1624 5016 :
1660 4981 1970 5034 quanquam
2021 4964 2221 5022 habent

650 5033 838 5089 Graeca
877 5033 1008 5086 Luc.
1047 5040 1101 5085 ut
1151 5035 1384 5087 reddidit
1432 5045 1621 5089 noster
1671 5033 1962 5102 interpres,
2009 5041 2074 5091 ὲκ
2125 5037 2219 5090 τοῦ

653 5106 929 5176 μαμμωνᾶ
948 5104 1044 5176 τῆς
1063 5104 1271 5176 ἀδικίας
1300 5125 1310 5158 ;
1338 5121 1438 5158 nec
1469 5106 1606 5160 forte
1637 5107 1768 5159 illud
1803 5106 2053 5161 Methodii
2077 5109 2219 5161 aliud

649 5173 923 5244 estquam
963 5173 1290 5245 ὑπερϐατόν,
1335 5177 1514 5244 qualia
1555 5178 1760 5245 passim
1799 5177 1946 5231 illius
1980 5186 2220 5243 exstant,

652 5263 710 5298 ac
745 5246 884 5297 velut
917 5244 1185 5297 aﬂectata.

721 5314 834 5383 (66)
871 5312 1002 5386 Ipsi,
1035 5315 1130 5386 [ioc
1167 5315 1498 5386 est‘anima’,
1531 5333 1710 5369 sumus
1752 5315 2002 5379 habituri,
2033 5318 2223 5386 ἕξομεν

648 5385 976 5457 οἴκησινμαῑ
1018 5383 1206 5457 ψυχαί.
1242 5383 1338 5457 δίο
1356 5386 1515 5457 paulo
1558 5387 1875 5457 infcriusrn.
1913 5386 1982 5439 7:
2033 5383 2222 5457 Ἡμεῖς

649 5451 825 5526 γὰρ’οῐ
858 5451 1058 5515 ζῶντες
1095 5451 1148 5506 αἱ
1174 5451 1562 5524 ψυχαίίέσμεν,
1592 5473 1684 5508 nos
1718 5456 1806 5524 qui
1839 5457 2074 5518 vivimus,
2102 5451 2223 5510 ani-

650 5543 748 5579 ma:
796 5541 1000 5586 sumus,
1050 5527 1198 5578 velut
1239 5533 1409 5578 totum
1458 5527 1750 5590 hominem,
1783 5542 1941 5578 unam
1981 5529 2218 5580 animam

651 5595 928 5648 l’latonice
973 5602 1252 5660 agnoscat,
1281 5605 1334 5649 et
1364 5595 1490 5648 velit
1521 5612 1548 5648 a
1590 5595 1758 5649 Paulo
1797 5596 2160 5662 signiﬁcatum
2198 5613 2210 5648 :

648 5666 792 5732 quod
840 5665 971 5717 nihil
1003 5663 1296 5719 Viennensi
1342 5672 1395 5717 et
1429 5663 1782 5719 Lateranensi
1824 5667 2072 5732 conciliis
2111 5667 2212 5719 ad-

651 5725 917 5795 ιῗοιδηιιιιο,
952 5735 1427 5802 pronuntiantibus
1469 5736 1730 5790 adversus
1760 5725 2102 5790 Averroistas
2127 5737 2210 5790 vel

649 5807 808 5860 etiam
855 5803 1212 5874 Origenianos
1257 5821 1395 5875 quos
1435 5805 1519 5860 hic
1566 5805 1869 5862 Methodius
1907 5807 2208 5879 impugnat,

2315 4738 2364 4769 ⁷⁸
2391 4735 2435 4790 ll
2457 4737 2582 4791 Cor.
2608 4753 2660 4800 ν,
2681 4735 2738 4802 2,
2770 4736 2822 4791 '5.

2920 4738 2964 4768 ⁷⁷
2998 4735 3125 4792 ibid.
3161 4737 3208 4790 7.
3290 4738 3336 4769 ⁷⁸
3364 4738 3385 4792 l
3416 4737 3541 4794 Cor.
3576 4754 3666 4806 xv,
3698 4740 3789 4797 50.

2322 4836 2586 4896 ponentes
2635 4841 2833 4895 corpus
2865 4827 3011 4880 velut
3039 4825 3263 4879 omnino
3296 4834 3612 4882 extraneum
3656 4830 3900 4897 homini.

2322 4912 2422 4951 nec
2457 4911 2495 4974 a_
2516 4897 2789 4951 creatione
2819 4905 3123 4974 acceptum,
3281 4899 3517 4974 carceris
3553 4900 3669 4974 loco
3690 4903 3743 4954 in
3778 4919 3906 4974 pa;-

2325 4981 2447 5019 nam
2465 4967 2684 5032 datum;
2709 4981 2814 5020 non
2844 4967 3153 5019 damnatam
3172 4967 3445 5035 plerisque
3469 4966 3723 5026 Patribus
3755 4966 3907 5029 ἐντε-

2323 5035 2537 5105 λέχειαν
2560 5038 2703 5090 illam
2735 5035 3068 5095 Aristotelis,
3097 5037 3238 5089 velut
3265 5037 3458 5091 animai
3497 5038 3902 5100 immortalitati

2324 5107 2596 5179 infestam,
2629 5121 2697 5179 ac
2729 5107 2851 5175 plus
2875 5105 3025 5172 justo
3060 5106 3294 5160 materiae
3326 5107 3757 5179 immergentem.
3797 5133 3904 5170 nec

2328 5177 2465 5249 satis
2491 5177 2793 5249 absolutam
2839 5183 3166 5249 servantem,
3196 5191 3302 5249 {tell
3333 5177 3573 5249 divinum
3617 5182 3820 5249 dogma
3847 5196 3902 5238 et

2328 5246 2394 5319 ah
2434 5245 2639 5319 Spiritu
2675 5252 2887 5305 sancto,
2928 5245 3334 5319 delinientihns.
3370 5245 3638 5319 lnterpres
3675 5245 3901 5309 videtur

2327 5316 2734 5389 dissimulasse,
2785 5320 2992 5389 mutata
3032 5315 3480 5389 primapersona
3513 5315 3590 5373 'in
3634 5325 3900 5389 tertiam,

2327 5388 2519 5465 anian
2553 5386 2864 5465 Illibebu‘tili
2901 5384 2994 5465 sed
3038 5384 3344 5465 nondlieuit
3379 5390 3432 5441 in
3477 5391 3722 5459 reliquis.
3775 5384 3900 5465 ipse

2327 5464 2504 5528 tamen
2538 5458 2712 5526 palam
2742 5453 3046 5528 Methodius
3073 5455 3225 5508 initio
3261 5457 3452 5512 horum
3484 5453 3897 5528 exeérptorutn,

2326 5525 2597 5597 hominem
2642 5543 2748 5580 non
2797 5525 2972 5597 solam
3015 5540 3135 5579 esse
3181 5528 3414 5581 animam
3459 5525 3668 5583 statuit:
3714 5525 3902 5597 Quare

2325 5596 2412 5649 hic
2444 5599 2802 5674 metonymice
2833 5595 3094 5663 loquitur,
3123 5602 3174 5649 et
3206 5597 3645 5654 denominatione
3674 5595 3897 5674 sumpta

2319 5682 2348 5719 a
2383 5668 2601 5735 potiori.

2391 5737 2501 5803 (67)
2536 5739 2636 5802 Εὶς
2663 5739 2711 5789 τ’
2740 5737 2913 5789 ἀνακ.
2950 5735 3113 5800 Editi,
3148 5739 3255 5791 ἔστ’
3284 5740 3349 5792 ἂν
3375 5739 3532 5792 ἀνακ.

2389 5806 2499 5878 (68)
2518 5805 2949 5877 Συνεκροτήθη.
2991 5807 3180 5865 Scribe
3212 5810 3585 5881 συνεκρατὴθη
3616 5827 3684 5868 cx
3709 5813 3891 5887 liupii.
