4028 6318
685 389 789 445 5N

1641 391 1698 447 S.
1739 383 2064 492 κετιιρῡιι
2104 382 2410 440 EPISCOPI
2451 384 2538 440 ET
2575 383 2930 442 MARTYRIS

686 504 765 556 vel
801 502 1128 557 resurrectio
1173 502 1364 566 solius,
1401 510 1463 557 ut
1505 502 1694 567 doces,
1737 502 1922 558 formae
1964 512 2078 569 est;
2105 505 2121 523 ‘
2150 516 2242 557 eo-

2349 503 2488 556 ἑστιν
2534 505 2568 574 ὴ
2609 504 2918 566 ἀνάστασις.
2951 503 3106 555 Ἤτοι
3144 499 3253 570 γάρ
3289 497 3383 552 τοῦ
3416 497 3588 561 suum
3618 495 3782 560 ιστὶν,
3812 493 3887 558 ὠς

684 608 792 663 que
837 594 1021 662 nequit
1048 592 1160 660 jam
1195 593 1451 648 Christus
1490 609 1613 650 esse
1655 593 2054 664 Primogenitus
2103 606 2244 645 mor-

686 694 924 744 tuorum,
973 684 1117 754 quod
1165 699 1228 739 ea
1283 685 1458 739 l'orma
1504 694 1630 741 ante
1669 687 1843 756 ipsum
1895 685 2242 754 apparuerint

683 773 1065 830 defunctorum
1123 775 1357 830 anime:
1395 787 1490 829 aut
1522 791 1582 831 re
1638 792 1798 840 vera,
1843 775 2242 845 Primogenitus

683 874 790 929 eat,
825 874 882 920 ut
926 874 1045 931 est;
1077 874 1322 936 tumque,
1355 869 1508 923 nullo
1555 885 1780 940 prorsus
1824 868 2006 929 modo,
2039 875 2098 921 ut
2145 868 2245 921 ali-

685 960 777 1028 qui
803 967 928 1012 ante
957 960 1132 1028 ipsum
1165 973 1286 1013 eam
1317 963 1596 1016 consecuti
1631 963 1741 1017 sint
1764 963 2240 1026 resurrectionem,

685 1064 793 1119 qua
824 1064 890 1101 ne
935 1048 1168 1116 amplius
1212 1059 1576 1114 morerentur,
1607 1051 1722 1106 ﬁeri
1770 1058 1968 1121 potest.
2003 1049 2155 1116 Quod
2195 1048 2242 1103 si

686 1155 845 1194 nemo
873 1147 1000 1192 ante
1027 1139 1178 1193 illum
1212 1142 1544 1208 resurrexit;
1577 1141 1754 1197 loses
1789 1148 1970 1195 autem
2018 1149 2071 1193 et
2102 1138 2244 1196 Elias

687 1246 797 1284 non
833 1229 1010 1284 induti
1060 1245 1301 1294 carnem,
1349 1233 1442 1288 sed
1493 1233 1664 1286 solam
1715 1231 1946 1286 formam
1981 1231 2246 1284 habentes

685 1329 1057 1390 apparuerunt
1097 1324 1358 1392 apostolis
1393 1342 1407 1378 :
1439 1325 1723 1393 perspicue
1766 1323 1949 1376 futura
1990 1323 2042 1375 in
2085 1336 2248 1375 carne

689 1413 1022 1465 resurrectio
1075 1415 1401 1468 ostenditur.
1460 1414 1748 1467 Enimvero
1792 1411 2245 1466 absurdissimum

685 1510 792 1564 est,
829 1509 886 1554 ut
927 1501 982 1555 in
1027 1503 1139 1556 sola
1178 1503 1348 1556 l‘orma
1394 1502 1723 1558 resurrectio
1766 1500 2077 1562 deﬁniatur,
2122 1514 2246 1553 cum

691 1592 866 1661 palam
895 1594 985 1656 sit,
1019 1594 1227 1648 animas
1251 1594 1386 1664 (84),
1428 1604 1713 1662 postquam
1740 1591 1901 1646 etiam
1931 1598 2060 1644 sunt
2084 1603 2250 1642 carne

689 1697 941 1751 egressae,
975 1683 1210 1750 speciem
1243 1683 1389 1734 illam
1420 1679 1757 1748 formamque
1785 1694 1945 1749 quam
1970 1682 2044 1732 ait
2065 1693 2250 1732 resur—

690 1782 985 1835 recturam,
1025 1788 1303 1842 nunquam
1333 1772 1621 1841 deponere.
1647 1771 1807 1837 Quod
1843 1772 1888 1824 si
1920 1771 2009 1823 illa
2041 1769 2250 1826 irrevo-

2341 595 2655 666 παρεγγυᾷς
2687 593 2990 664 (85),μόνου
3024 594 3058 662 ἡ
3083 591 3373 651 ἀνάστασις
3403 591 3441 653 ',
3465 588 3559 641 καὶ
3586 588 3647 642 οὐ
3671 585 3887 640 δύναται

2339 684 2418 736 ιτι
2453 684 2797 755 Πρωτότοκος
2821 679 2958 738 εἶναι
2985 685 3014 736 6
3045 681 3276 753 Χριστὸς
3295 680 3400 732 τῶν
3423 677 3648 749 νεκρῶν,
3679 676 3754 747 τῷ
3785 677 3889 748 πρὸ

2342 774 2504 826 αὑτοῦ
2565 774 2790 842 ἐχούσας
2842 773 2998 826 τοῦτο
3048 772 3184 842 μετά
3237 771 3334 841 τὴν
3364 767 3615 838 τελευτὴν
3649 767 3710 820 τὸ
3755 762 3889 830 εἶδος

2343 866 2635 934 πεφηνέναι
2679 865 2891 935 ψυχάς·
2952 865 2986 936 ἢ
3046 864 3389 934 Πρωτότοκος
3448 861 3656 929 ἀληθῶς
3709 858 3889 930 ῶσπρ

2344 956 2478 1018 ἐστὶ,
2519 955 2613 1008 καὶ
2644 956 2900 1010 ἀδύνατον
2931 957 3065 1019 ὅλως
3094 955 3354 1024 ἠξιῶσθαι
3404 952 3508 1024 πρὸ
3538 950 3700 1005 αὑτοῦ
3743 966 3892 1011 τινας

2341 1047 2441 1115 τῆς
2471 1047 2550 1109 είς
2580 1047 2641 1099 τὸ
2690 1047 2763 1117 μὴ
2810 1041 2965 1109 αὖθις
2998 1044 3284 1100 ἀποθανεῖν
3329 1043 3693 1105 ἀναστάσεως.
3739 1041 3805 1094 El
3837 1041 3892 1094 δὲ

2342 1138 2538 1207 ἀνέστη
2585 1136 2758 1200 οὐδεὶς
2802 1136 2907 1206 πρὸ
2946 1134 3131 1200 αὐτοῦ,
3165 1137 3213 1188 oi
3260 1135 3317 1188 δὲ
3371 1135 3513 1204 ἀμφὶ
3543 1133 3634 1186 τὸν
3663 1132 3896 1186 Mota

2345 1228 2440 1279 καὶ
2469 1226 2561 1279 τὸν
2605 1225 2790 1278 Ἠλίαν
2821 1226 3030 1298 σάρκας
3067 1225 3164 1297 μὲν
3202 1225 3418 1295 ἔχοντες
3449 1226 3559 1288 τοῖς
3591 1223 3897 1285 ἀποστόλοις

2345 1319 2443 1370 οὐκ
2474 1317 2751 1388 ὤφθησαν,
2788 1317 2944 1386 μόνον
2976 1316 3033 1370 δὲ
3073 1317 3133 1370 τὸ
3173 1312 3344 1378 εἶδος·
3381 1316 3414 1384 ἡ
3460 1314 3567 1383 ἀρα
3613 1315 3899 1376 ἀνάστασις

2347 1410 2439 1461 ἐπὶ
2469 1409 2567 1477 τῆς
2600 1408 2795 1477 σαρκὸς
2842 1407 3129 1478 προφανῶς
3175 1405 3445 1478 δηλοῦται.
3491 1405 3599 1458 Καὶ
3630 1404 3738 1475 γάρ
3777 1405 3898 1458 ἀτο-

2349 1497 2594 1552 πώτατον
2627 1498 2718 1550 ἐπὶ
2765 1498 2924 1568 μόνου
2958 1497 3050 1550 τοῦ
3083 1498 3254 1560 εἴδους
3283 1497 3382 1568 τὴν
3413 1497 3706 1552 ἀνάστασιν
3740 1489 3903 1567 διορί-

2351 1589 2558 1652 ζεσθαι,
2607 1589 2768 1642 ὁπότε
2798 1591 2853 1642 αἱ
2879 1589 3068 1659 ψυχαὶ,
3103 1591 3196 1642 καὶ
3234 1589 3372 1660 μετά
3409 1589 3505 1660 τὴν
3539 1587 3756 1660 σαρκῶν
3794 1587 3902 1654 ιξο.

2349 1680 2458 1741 δον,
2507 1679 2756 1732 οὐδέποτε
2798 1679 3074 1748 φαίνονται
3117 1681 3176 1732 τὸ
3217 1677 3372 1744 εἶδος,
3418 1681 3446 1734 ὃ
3485 1697 3646 1752 φησιν
3689 1679 3905 1732 ἀνιστα-

2356 1769 2497 1833 σθαι,
2545 1769 2951 1839 ἀποτιθέμεναι.
2985 1770 3046 1821 Εῑ
3074 1770 3129 1821 δὲ
3160 1770 3536 1841 συμπαρέσται
3570 1768 3679 1838 (86)
3725 1769 3906 1831 αὐτοῖς

687 1863 883 1919 cabilis
928 1861 1100 1925 adest,
1138 1869 1196 1916 ut
1240 1862 1294 1915 in
1339 1863 1518 1916 anima
1563 1861 1726 1916 Mosis
1788 1869 1840 1915 et
1870 1859 2036 1926 Eliae;
2073 1875 2138 1913 ac
2163 1875 2246 1914 ne-

2349 1860 2504 1912 τοῦτο
2523 1859 2898 1929 ἀναφαίρετον,
2923 1858 3169 1929 καθάπερ
3197 1861 3290 1912 καὶ
3315 1859 3405 1911 ἐπὶ
3428 1860 3495 1928 τῇ
3518 1856 3794 1919 Μωῦσέως
3815 1857 3908 1909 καὶ

688 1967 818 2021 que,
846 1960 905 2005 ut
934 1952 1239 2013 existimas,
1266 1953 1637 2022 corrumpitur
1669 1952 1895 2021 peritve,
1927 1952 2126 2020 ubique
2157 1951 2246 2005 in-

690 2042 864 2095 divise
913 2041 1224 2107 adhaerens;
1270 2043 1429 2111 plane
1483 2043 1750 2112 sequitur,
1804 2057 1911 2096 non
1966 2056 2251 2111 resurgere

692 2130 922 2185 l‘ormam
952 2131 1220 2200 ejusmodi
1247 2148 1366 2202 quae
1397 2148 1672 2202 nunquam
1703 2132 1917 2188 cecidit.

760 2218 898 2274 XIV.
941 2219 1096 2285 Quod
1145 2221 1192 2275 si
1244 2222 1366 2290 quis
1417 2222 1638 2291 indigne
1691 2219 1914 2284 ferens,
1971 2218 2156 2273 dicat:
2191 2214 2250 2271 Si

690 2325 867 2372 nemo,
899 2311 1211 2380 priusquam
1240 2312 1491 2366 Christus
1530 2313 1596 2366 ad
1634 2311 1840 2367 inferos
1870 2311 2247 2376 descenderet,

691 2401 1010 2464 resurrexit,
1046 2401 1319 2470 quomodo
1358 2401 1671 2455 referuntur
1705 2401 1872 2470 aliqui
1909 2407 2036 2455 ante
2069 2401 2248 2470 ipsum

689 2488 1034 2553 surrexisse;
1069 2490 1207 2542 inter
1246 2503 1385 2558 quos
1443 2489 1586 2544 ﬁlius
1615 2490 1792 2544 viduat-
1841 2489 2154 2559 Sareptana:
2177 2490 2247 2558 '°,

689 2584 744 2631 et
783 2575 1138 2633 Suaamitidis
1188 2577 1428 2639 illius“,
1481 2580 1718 2650 itemque
1764 2579 2002 2636 Lazarus
2025 2581 2109 2633 "'l
2144 2579 2250 2636 Re-

690 2667 1102 2736 spondendum,
1153 2667 1227 2720 ita
1281 2671 1676 2734 resurrexisse,
1724 2678 1784 2723 ut
1829 2671 2022 2724 iterum
2066 2677 2253 2724 essent

691 2758 942 2810 morituri
976 2775 988 2811 :
1021 2773 1123 2812 nos
1147 2767 1328 2812 autem
1356 2759 1424 2814 de
1449 2760 1514 2814 iis
1541 2761 1980 2830 pronuntiamus,
2011 2763 2103 2830 qui
2133 2769 2254 2830 post

692 2847 1149 2900 resurrectionem
1199 2863 1476 2919 nunquam
1522 2857 1650 2905 sunt
1683 2849 1951 2902 morituri.
2006 2848 2161 2914 Quod
2205 2849 2252 2902 si

690 2939 855 2995 etiam
905 2938 972 2993 de
1015 2939 1192 2993 anima
1236 2939 1367 2994 Eliae
1411 2941 1612 2996 dubius
1657 2941 1874 3005 dixerit,
1909 2941 2064 3010 quasi
2113 2939 2256 2995 Scri-

693 3033 867 3104 pturis
887 3031 1278 3086 allirmantibus
1300 3034 1449 3086 illum
1469 3035 1522 3087 in
1550 3048 1718 3087 carne
1740 3041 2083 3104 assumptum
2106 3049 2249 3100 esse,

695 3138 795 3177 nos
829 3129 1008 3174 autem
1036 3121 1331 3177 doceamus
1378 3124 1528 3178 illum
1559 3125 1818 3192 apostolis
1847 3126 2053 3194 absque
2088 3139 2251 3180 carne

696 3214 1012 3282 apparuisse
1034 3215 1518 3282 :respondendum,
1551 3217 1720 3286 atqui,
1753 3217 1898 3286 quod
1933 3217 2253 3287 apparuisse

695 3299 954 3373 apostolis
987 3303 1040 3356 in
1073 3319 1239 3358 carne
1279 3305 1547 3366 dicamus,
1577 3305 1704 3358 huic
1746 3312 1944 3359 nostra}
1975 3307 2254 3360 sententia:

695 3393 866 3463 magis
890 3392 1050 3447 lavet.
1080 3391 1189 3448 Res
1215 3394 1382 3456 enim,
1406 3409 1608 3464 corpus
1635 3408 1854 3463 quoque
1878 3401 2122 3448 nostrum
2155 3409 2248 3448 ca-

695 3499 799 3552 pax
832 3499 951 3538 esse
997 3485 1422 3542 immortalitatis
1455 3488 1670 3556 probat,
1725 3489 1867 3540 sicut
1897 3495 1950 3540 et
1996 3485 2096 3541 fuit
2127 3503 2254 3556 pro-

696 3573 878 3625 batum
923 3573 977 3626 in
1013 3571 1196 3627 Enoch
1224 3577 1489 3630 translato
1521 3578 1585 3627 ³³.
1611 3577 1675 3630 Si
1717 3579 1860 3632 enim
1890 3579 2254 3646 incorruptio-

694 3665 780 3719 nis
810 3680 981 3735 capax
1009 3681 1116 3720 non
1147 3678 1311 3733 esset,
1347 3671 1762 3740 haudquaquam
1806 3680 1958 3726 tanto
1989 3680 2249 3742 tempore,

695 3754 935 3809 immune
965 3771 995 3807 a
1044 3759 1410 3827 corruptionis
1439 3760 1557 3814 labe
1603 3761 1912 3815 mansisset.
1946 3762 2003 3815 Si
2033 3761 2252 3832 quidem

765 3934 785 3950 ‘
821 3929 1088 3986 Scholion.
1155 3931 1278 3988 Not.
1340 3934 1474 3990 Esse
1531 3936 1634 3992 hoc
1687 3940 1914 3993 minoris
1969 3939 2250 3993 momenti.

696 3998 1018 4080 Quanquam
1051 4004 1194 4056 enim
1227 4020 1334 4058 non
1366 4007 1430 4059 de
1463 4007 1645 4075 specie
1698 4017 1769 4080 et,
1798 4010 1990 4071 l’orma,
2042 4009 2152 4080 sed,
2184 4008 2253 4062 de

694 4078 996 4146 composito
1024 4089 1252 4146 corpore
1280 4079 1572 4129 contendat
1597 4095 1611 4142 ;
1644 4078 1773 4130 nihil
1799 4081 1977 4131 minus
2007 4079 2254 4146 sequitur

694 4139 798 4216 hoc
819 4143 901 4216 _vel
934 4143 1084 4196 illud.
1110 4139 1352 4216 Alterum
1384 4139 1606 4212 quidem
1639 4163 1702 4201 eo
1739 4149 1984 4213 solvitur,
2013 4139 2158 4216 quod
2188 4149 2252 4200 il-

696 4207 786 4288 lud
818 4210 1012 4288 iterum
1038 4213 1360 4265 moriturum
1393 4207 1495 4288 sit;
1527 4218 1798 4288 quomodo
1823 4233 1927 4271 non
1964 4207 2178 4288 proprie
2199 4225 2253 4271 et

695 4278 940 4356 absolute
991 4291 1169 4356 statua
1214 4287 1449 4352 resurgit
1484 4278 1503 4335 ἐ
1545 4278 1787 4356 alterunf
1834 4278 2012 4341 autern
2064 4278 2254 4356 nequit

695 4349 863 4426 solvi;
895 4352 1158 4426 siquidem
1189 4369 1298 4406 non
1328 4349 1511 4426 potest
1534 4355 1732 4426 _l'orma
1765 4357 1960 4412 iterum
1989 4372 2111 4412 esse
2140 4349 2255 4410 {no-

694 4422 884 4481 ritura,
905 4435 1028 4472 cum
1046 4422 1193 4474 nullo
1218 4424 1376 4477 modo
1411 4424 1692 4479 moriatur.

2363 1952 2540 2004 Ἠλίου
2583 1949 2756 2020 ψυχῇο
2807 1952 2900 2002 καὶ
2945 1949 3067 2002 οὗτε
3111 1949 3408 2019 φθείρεται,
3469 1948 3608 2002 κατά
3655 1949 3737 2011 σὲ,
3786 1945 3907 1999 οὔτε

2350 2042 2664 2106 ἀπόλλυται,
2724 2042 2820 2095 σὺν
2872 2043 3059 2104 αὑταῖς
3119 2040 3388 2109 πανταχοῦ
3445 2040 3762 2109 συμπαρόνο
3811 2039 3911 2091 οὐκ

2348 2136 2456 2207 ἀρα
2500 2135 2560 2187 τὸ
2603 2130 2740 2196 εἶδος
2782 2132 3083 2196 ἀνίσταται,
3136 2133 3164 2185 6
3199 2132 3462 2202 μηδέποτε
3494 2132 3806 2184 πέπτωκεν.

2420 2226 2513 2279 1Δ’.
2572 2224 2696 2279 Ἐἀν
2737 2224 2795 2277 δέ
2832 2242 2936 2288 τις,
2969 2224 3323 2294 δυσχεράνας,
3368 2223 3475 2274 Καὶ
3505 2220 3622 2283 πῶς
3657 2220 3744 2291 δὴ,
3779 2221 3912 2273 ἀπο-

2349 2314 2532 2386 κριθῇ,
2576 2317 2623 2367 εἰ
2672 2314 2856 2385 μηδεὶς
2893 2313 3088 2385 ἀνέστη
3122 2313 3228 2384 γρὸ
3273 2312 3367 2366 τοῦ
3411 2310 3684 2364 κατελθεῖν
3717 2311 3798 2372 εἰς
3823 2311 3911 2362 τὸν

2349 2407 2480 2479 ᾅδην
2497 2407 2588 2459 τὸν
2615 2405 2867 2477 Χριστὸν,
2897 2405 3223 2467 ἀναστάντες
3252 2403 3353 2474 ἥδη
3381 2402 3522 2465 τινὲς
3551 2400 3913 2472 ῖστορήθησαν

2349 2498 2457 2569 πρὸ
2485 2496 2646 2551 αὑτοῦ
2668 2515 2682 2529 ·
2717 2499 2776 2552 ιν
2803 2493 2884 2560 οἷς
2906 2497 3005 2568 τῆς
3026 2495 3367 2566 Σαραφθῖνης
3394 2495 3566 2566 χήρας
3591 2495 3619 2546 6
3650 2493 3790 2555 υἱὸς,
3822 2491 3913 2544 καὶ

2351 2587 2450 2655 τῆς
2496 2586 2894 2656 Σουναμίτιδος,
2942 2585 3035 2640 καὶ
3083 2587 3111 2637 6
3145 2585 3426 2655 Δάζαροςς
3475 2582 3718 2637 λεκτέον·
3778 2579 3914 2633 ⁹Δλλ⁸

2351 2671 2496 2730 οὗτοι
2526 2679 2604 2739 εἰς
2631 2677 2692 2728 τὸ
2733 2676 2827 2729 καὶ
2858 2671 3013 2739 αὖθις
3054 2673 3340 2727 ἀποθανεῖν
3389 2674 3710 2742 ἀνέστησαν·
3752 2671 3915 2741 ἡμεῖς

2351 2769 2410 2823 δὲ
2459 2770 2588 2840 περὶ
2631 2767 2737 2820 τῶν
2772 2766 2966 2837 μηκέτι
3011 2763 3149 2836 μετά
3183 2765 3281 2834 τὴν
3318 2763 3531 2834 ἔγερσιν
3571 2757 3917 2832 διοριζόμεθα

2352 2858 2771 2930 τεθνηξομένων.
2829 2857 2952 2910 Ἐἀν
2993 2855 3050 2908 δὲ
3081 2855 3174 2907 καὶ
3215 2854 3344 2924 περὶ
3388 2853 3490 2922 τῆς
3518 2851 3696 2920 ψυχῆς
3727 2850 3918 2903 διαπο-

2355 2949 2526 3020 ρήσας
2558 2947 2739 3018 φράσῃ
2763 2943 2856 2998 τοῦ
2896 2944 3097 3010 Ἠλίου,
3129 2943 3202 3006 ὡς
3228 2944 3334 2995 τῶν
3372 2943 3468 3013 μὲν
3507 2940 3740 3013 Γραφῶν
3774 2942 3916 2993 ἀνει-

2351 3037 2550 3109 λῆφθαι
2579 3037 2739 3091 αὑτὸν
2761 3035 3029 3106 λεγουσῶν
3052 3037 3108 3088 ὲν
3143 3035 3324 3105 σαρκὶ,
3358 3033 3514 3104 ἡμῶν
3543 3033 3598 3084 δὲ
3633 3031 3915 3102 ἀσύμπλο-

2353 3145 2448 3181 κον
2509 3127 2708 3197 σαρκὸς
2768 3129 2883 3191 τοῖς
2953 3124 3267 3187 ἀποστόλοις
3324 3117 3500 3190 ὦφθαι
3558 3121 3911 3189 φασκόντωνο

2353 3220 2589 3283 λεκτέον,
2623 3219 2705 3271 ὅτι
2737 3217 2830 3270 καὶ
2865 3217 2970 3288 μὴν
3019 3216 3213 3287 μᾶλλον
3247 3215 3306 3267 τὸ
3335 3215 3509 3281 λέγειν
3541 3212 3703 3264 αὑτὸν
3737 3205 3916 3280 ὦφθαι

2351 3313 2461 3372 τοῖς
2493 3309 2805 3371 ἀποστόλοις
2831 3310 2888 3360 ὲν
2919 3308 3082 3379 σαρκὶ
3108 3306 3244 3377 πρὸς
3275 3303 3432 3376 ἡμῶν
3465 3307 3600 3356 ἐστι.
3628 3302 3914 3355 Δείκνυται

2351 3400 2459 3470 γὰρ
2487 3401 2580 3452 καὶ
2601 3399 2686 3451 διὰ
2704 3398 2859 3451 τοῦτο
2883 3396 3184 3468 ἀφθαρσίας
3204 3396 3361 3467 ἡμῶν
3382 3396 3644 3466 ὑπάρχον,
3663 3392 3727 3446 τὺ
3759 3393 3915 3464 σῶμα

2351 3489 2611 3551 δεκτικὸν,
2661 3487 2907 3559 καθάπερ
2946 3486 3153 3557 ἐδείχθη
3185 3487 3276 3541 καὶ
3320 3486 3412 3538 ἐπὶ
3454 3484 3546 3538 τοῦ
3603 3482 3775 3553 Ἑνὼχ
3825 3499 3918 3553 με·

2351 3581 2720 3653 τατιθεμένου.
2770 3581 2831 3632 Εἰ
2871 3579 2943 3650 μὴ
2981 3577 3087 3648 γὰρ
3139 3577 3445 3647 ἀφθαρσίαν
3492 3573 3724 3644 ἠδύνατο
3764 3572 3918 3637 δέξα-

2354 3675 2495 3740 σθαι,
2542 3675 2641 3727 οὐκ
2695 3673 2760 3725 ἂν
2809 3671 2929 3724 οὐδὲ
2980 3670 3244 3740 διέμεινεν
3292 3671 3349 3720 ὲν
3395 3666 3632 3736 ἀπαθείᾳ
3673 3665 3918 3734 τοσούτῳ

2351 3768 2547 3840 χρόνῳ.
2619 3765 2681 3818 Εἰ
2711 3756 2886 3818 τοίνυν
2918 3761 3088 3833 ὤφθη.
3119 3760 3256 3832 μετά
3285 3758 3380 3813 τοῦ
3412 3757 3679 3828 σώματος,
3716 3757 3814 3809 καὶ
3849 3752 3917 3827 ἦν

2422 3950 2442 3971 ⁸
2491 3948 2669 4015 Σχόλ.
2703 3943 3033 4015 Σημεειυσαι.
3062 3941 3159 4015 96
3178 3938 3327 4015 παρὰ
3362 3934 3677 4015 τοῦτομκαὶ
3716 3934 3827 4015 γάρ
3868 3937 3915 3986 ει

2353 4017 2446 4070 καὶ
2479 4004 2671 4086 inferri
2695 4004 3011 4086 tofi-_eﬁoyg,
3050 4012 3162 4086 an:
3189 4004 3282 4086 ἐπὶ
3309 4006 3402 4086 τῷ
3433 4005 3682 4086 συνθέτου
3700 4004 3913 4086 ισώραῗ

2351 4104 2441 4148 τος
2463 4074 2712 4142 τείνεται.
2742 4083 2888 4135 οὐδὲν
2919 4078 3077 4152 ἦττον
3107 4080 3168 4132 τὸ
3206 4078 3337 4152 αὺτρ
3363 4077 3552 4152 ἕπεται
3593 4077 3650 4152 ἢ-
3663 4074 3729 4126 τὺ
3763 4074 3910 4152 αὐτό.

2354 4145 2435 4208 T6
2461 4157 2558 4225 μὲν
2589 4154 2694 4225 γάρ
2737 4153 2849 4225 ἔχει
2892 4145 3064 4225 λύσιν,
3103 4152 3186 4225 ῥτι
3228 4147 3386 4224 πάλιν
3415 4146 3778 4225 θνῄξεμὸπευς
3816 4145 3914 4225 οὐκ

2353 4209 2472 4295 ἔστι
2506 4209 2729 4295 κυρᾉίώςῌ
2745 4209 3060 4295 ἀνδριάντος
3090 4210 3378 4295 ἀνάστασίς
3396 4235 3407 4244 ·
3441 4209 3595 4295 ξδ’ρῦ
3615 4231 3628 4244 ο
3659 4216 3824 4286 εἰπερ
3853 4216 3915 4266 τὸ

2353 4292 2490 4359 εἶδος
2512 4284 2782 4364 οὑ’θνηξει
2811 4284 2990 4357 πάλιν,
3024 4292 3103 4343 ὅτι
3135 4288 3253 4360 μηδ’
3283 4287 3416 4350 ὅλως
3447 4284 3686 4355 θνήσκει.

760 4571 806 4601 ⁹⁰
839 4571 908 4623 lll
933 4569 1054 4640 Reg.
1091 4587 1218 4635 xvu,
1248 4573 1338 4627 22.
1416 4575 1460 4604 ³¹
1491 4572 1556 4625 ιν
1589 4575 1709 4645 Reg.
1748 4592 1822 4635 tv,
1846 4577 1934 4631 35.
2013 4580 2058 4610 "
2083 4580 2244 4632 Joan.

2349 4618 2355 4640 ,
2389 4577 2478 4630 Η.
2555 4577 2601 4607 ’³
2634 4575 2759 4629 Gen.
2796 4591 2848 4638 ν,
2878 4573 2969 4628 Ἡ.

689 4726 846 4807 536;,
889 4737 973 4783 est
1012 4731 1156 4807 velut
1180 4733 1512 4807 _distin_r.tiv_a
1566 4737 1887 4807 proprietas,
1921 4751 2024 4805 qua
2074 4739 2245 4804 possit
2277 4741 2320 4794 Ι)
2350 4753 2469 4807 qua:
2495 4749 2620 4793 sunt
2673 4738 2855 4793 minus
2909 4737 3182 4807 spiritales
3218 4754 3230 4788 :
3275 4731 3564 4807 qu_omodo_
3597 4729 3763 4783 etiarn
3789 4729 3905 4807 _alli

689 4800 795 4876 dici
819 4808 875 4876 et
904 4801 1144 4876 agnosci,
1180 4802 1263 4853 hic
1287 4805 1429 4866 talis,
1467 4800 1679 4863 Peli-us.
1703 4804 1900 4859 l'auius
1930 4800 2243 4876 {ipse-idem

688 4872 782 4938 qui
814 4871 987 4948 fuerat
1024 4871 1076 4922 in
1107 4886 1302 4948 carne;
1336 4877 1605 4948 quomodo
1650 4877 1866 4928 fuerunt
1901 4871 2063 4948 agniti
2097 4876 2246 4947 Moy-

691 4956 778 4992 ses
804 4949 856 4993 et
891 4939 1036 5016 Elias
1063 4955 1074 4989 ε
1100 4939 1652 5016 divesquelramrum
1706 4939 1959 5015 agnowt.‘
1999 4939 2243 5016 Explicat

689 5011 1007 5080 non‘procul
1034 5027 1060 5062 a
1093 5011 1195 5064 line
1219 5013 1332 5080 ipse
1363 5012 1686 5068 Methodius.

763 5078 872 5155 (86)
914 5081 1045 5155 (lum
1066 5078 1251 5155 palam'
1277 5084 1365 5142 sit,
1395 5084 1620 5145 animas,
1651 5093 1751 5137 etc.
1773 5085 2026 5140 Crassius
2062 5087 2242 5155 loqui~

685 5151 777 5226 tur
812 5149 877 5199 de
902 5151 1204 5226 animabus,
1240 5161 1493 5220 tanquam
1526 5155 1652 5206 velit
1701 5169 1854 5207 suum
1899 5158 2028 5210 illud
2080 5149 2240 5226 spiri-

691 5218 796 5294 tale
823 5231 1042 5294 corpus,
1078 5222 1129 5272 in
1163 5235 1272 5296 quo
1319 5218 1719 5276 resurrecturas
1748 5227 1999 5296 volebant
2051 5218 2238 5296 Orige-

687 5291 857 5347 niani,
891 5303 1164 5361 nunquam
1205 5291 1506 5361 deponere;
1536 5309 1708 5360 coque
1760 5295 2000 5348 lictitiam
2029 5291 2237 5351 esse'in

687 5371 753 5430 eo
785 5359 1254 5430 resurrectionem,
1274 5359 1363 5415 ’vel
1389 5363 1499 5430 jam
1528 5359 1647 5416 esse
1691 5362 1883 5415 factam
1909 5382 1921 5427 ;
1956 5374 2014 5417 ut
2041 5368 2077 5419 ii
2109 5368 2236 5420 olim

687 5423 953 5499 docebant
979 5443 1113 5492 quos
1145 5427 1345 5485 Paulus
1375 5423 1597 5485 tradidit
1630 5433 1843 5486 Satanae
1879 5423 1918 5487 Il
1947 5436 2083 5490 Tim.
2118 5454 2156 5499 ι,
2182 5454 2233 5490 ν.

688 5493 773 5554 15,
816 5506 870 5569 ut
892 5496 1108 5549 doceret
1133 5513 1235 5569 non
1267 5503 1656 5569 hlasphemarc.
1686 5500 1910 5556 Possent
1966 5493 2236 5558 nihilomi-

688 5578 790 5644 nus
824 5566 933 5644 haec
954 5567 1145 5644 exponi
1180 5576 1235 5620 ut
1265 5571 1328 5644 ad
1364 5566 1631 5631 hominem
1663 5573 1833 5637 dicta;
1870 5574 1971 5627 nisi
2005 5592 2235 5644 sequen-

2349 4800 2551 4876 plures,
2589 4811 2730 4878 iique
2769 4800 3026 4877 perquam
3055 4808 3218 4859 alieni
3264 4800 3598 4878 a'damnatis
3625 4801 3908 4878 erroribus

2347 4871 2592 4950 Qrigenis
2620 4871 2672 4932 in
2705 4871 2930 4950 materia
2983 4878 3308 4950 animarum,
3353 4872 3603 4950 videntur
3643 4871 3902 4950 sensisse.

2345 4941 2481 5002 Νυιῖι
2511 4951 2581 5004 sit
2613 4949 2768 5001 modo
2801 4963 2953 5001 error
2985 4948 3036 4998 in
3064 4945 3184 5004 ﬁde,
3212 4945 3314 4996 ista
3337 4942 3450 4995 sive
3473 4941 3537 4993 de
3561 4941 3768 5008 angelis
3795 4941 3907 4995 sive

2345 5020 2411 5072 de
2480 5020 2732 5073 humanis
2781 5017 3065 5069 animabus
3129 5012 3438 5074 sententia,
3499 5018 3906 5066 contrm'ertunt

2345 5090 2576 5158 theologi
2604 5105 2619 5141 ι
2651 5105 2702 5156 p.
2729 5105 2780 5157 q.
2816 5087 2902 5158 50.
2940 5085 3200 5158 Mitior‘em
3249 5096 3349 5150 ego
3376 5090 3429 5134 et
3464 5090 3751 5158 negantem
3781 5096 3901 5158 c_t_tm

2351 5151 2556 5212 nostris
2581 5151 2845 5219 tiaran-zu,
2882 5157 3052 5215 Sixto,
3094 5153 3373 5218 Cajetano,
3403 5167 3575 5221 exque
3618 5151 3743 5203 aliis
3796 5151 3904 5205 Me-

2347 5230 2505 5290 ratio,
2539 5235 2667 5286 etc.,
2695 5230 3029 5295 amplexatus
3058 5224 3272 5284 luerim,
3307 5223 3454 5295 nullo
3484 5223 3660 5275 adhuc
3711 5235 3902 5295 occur-

2347 5308 2518 5359 rente,
2546 5298 2701 5351 ubiis
2731 5293 2864 5350 satis
2891 5299 2962 5350 sit
2982 5308 3297 5362 expressus,
3353 5294 3435 5344 vel
3491 5309 3556 5346 ex
3604 5293 3902 5345 intentione

2345 5367 2632 5420 damnatus
2684 5382 2836 5420 error
2882 5383 2894 5416 :
2944 5363 3196 5416 Patribus
3254 5361 3746 5422 Lateranensihus,
3798 5361 3902 5414 alio

2383 5439 2520 5496 lane,
2558 5443 2610 5488 et
2633 5436 2698 5488 ad
2727 5435 3119 5504 praedamnatas
3135 5431 3381 5500 Origenis
3414 5434 3667 5492 haereses,
3700 5445 3807 5486 non
3833 5431 3897 5484 ad

2342 5453 2560 5558 gatrum
2588 5507 2869 5558 oniniones
2903 5506 3164 5556 hactenus
3212 5503 3555 5558 obtinentes.
3610 5501 3897 5558 resnicicn-

2386 5519 2560 5559 atrum
2588 5501 2869 5574 opiniones
2903 5506 3164 5556 hactenus
3212 5503 3555 5574 obtinentes,
3610 5501 3900 5568 respicien-

2344 5577 2489 5630 tibus
2524 5595 2537 5628 :
2570 5571 2674 5644 qua
2695 5577 2761 5628 de
2783 5592 2838 5628 re
2865 5574 3126 5628 videndus
3159 5573 3224 5624 ad
3250 5573 3472 5640 primam
3495 5571 3568 5624 De
3589 5581 3749 5625 creat.
3781 5588 3900 5628 vero

685 5632 758 5684 tia
801 5632 1081 5688 obstarent
1112 5638 1394 5716 inquibus
1426 5653 1507 5694 est
1549 5632 1897 5716 expressior:
1931 5632 2240 5716 quanquam
2345 5632 2772 5716 angelus-pacis,
2798 5632 3432 5716 PraeceptorAingelin.

684 5716 792 5755 non
820 5722 1066 5780 magnum
1096 5709 1361 5780 videatur,
1403 5719 1458 5762 nt
1485 5713 1575 5780 qui
1619 5709 1821 5780 angelis
1864 5709 2245 5768 :etlierea-eor-

687 5786 814 5843 pora
837 5782 887 5826 ct
917 5777 1176 5844 spiritalia
1207 5778 1428 5850 allingit,
1483 5777 1644 5834 etiam
1689 5777 1970 5839 animabus
2003 5783 2237 5856 alﬁngat,

2414 5711 2526 5783 (85)
2571 5711 2665 5780 Ὠς
2692 5731 3056 5784 παρεγγυᾳςέ
3093 5711 3450 5784 Διί-ὥσπερ
3485 5711 3706 5780 ἐγγνᾷς.

2415 5786 2525 5856 (86)
2552 5782 2983 5854 Συμπαρέσεαί.
3020 5782 3177 5840 Forte
3213 5782 3569 5854 συμπάρεστι.
