4028 6318
178 384 246 439 Sil

1202 386 1290 440 EX
1331 387 1537 443 LIBRO
1580 386 1665 440 DE
1702 383 2299 443 RESL‘BRECTIONE.

3253 394 3360 448 '59!

179 506 436 573 τελευτήσας
466 506 581 575 μὲν.
620 506 869 571 ἀναστὰς
900 507 952 560 δὲ
991 507 1087 578 ἤδη
1122 508 1185 560 ὲκ
1215 509 1422 580 νεκρῶν
1446 509 1673 563 οὐδέται).

1790 523 1909 578 ergo
1943 507 2054 577 (88)
2090 508 2341 578 apparuit
2368 523 2491 561 cum
2522 523 2771 579 corpore,
2831 516 3059 580 eratque
3080 520 3358 579 mortuus;

178 597 255 650 Kal
274 594 414 648 ταῦτα
441 596 519 647 ἴνα
546 595 610 666 δὴ
648 600 1101 669 συγχωρήσωμεν
1126 599 1202 670 τῷ
1241 600 1523 673 Ὠριγένει,
1564 598 1685 652 καθ’

176 687 295 739 ἑαυτὸ
322 688 372 739 τὸ
413 683 544 751 εἶδος
581 687 799 755 λέγοντι
853 688 990 759 μετὰ
1022 690 1118 759 τὴν
1160 690 1414 761 τελευτὴν
1458 688 1687 753 ἀποζευ-

175 778 384 848 γνᾶμενον
422 780 522 831 ἀπὸ
552 780 647 833 τοῦ
687 780 940 851 σώματος
969 783 1031 851 τῇ
1079 780 1223 851 ψυχῇ
1254 780 1512 844 δίδοσθαι,
1550 783 1686 851 ὅπερ

172 872 283 922 ἐστὶν
308 872 536 924 ἁπάντων
567 871 853 935 ἀδύνατον,
885 872 959 941 τῷ
989 872 1424 944 προαπόλλυσθαι
1458 874 1517 927 τὸ
1548 868 1685 937 εἶδος

172 962 252 1012 τῶν
293 962 486 1033 σαρκῶν
538 964 595 1015 έν
642 966 768 1027 ταῖς
812 963 1146 1026 ἀλλοιώσεσι,
1200 963 1447 1035 καθάπερ
1481 963 1575 1016 καὶ
1628 964 1686 1016 τὸ

170 1054 313 1122 σχῆμα
343 1053 426 1107 τοῦ
458 1055 933 1126 συγχωνιυομένου
975 1056 1287 1127 ἀνδριάντος
1320 1054 1425 1125 πρὸ
1450 1056 1549 1126 τῆς
1572 1055 1685 1108 δια-

170 1142 329 1206 λύσεως
348 1144 433 1197 τοῦ
460 1146 598 1198 ὅλου.
640 1147 765 1199 ὐτι
804 1145 877 1216 μὴ
922 1145 1141 1199 δύναται
1187 1145 1515 1216 χωρίζεσθαι
1560 1144 1683 1200 καθ’

171 1238 409 1289 ὑπόστασιν
438 1237 543 1291 ἀπὸ
583 1238 684 1308 τῆς
717 1237 849 1308 ὕλης
893 1241 925 1309 ἡ
960 1239 1211 1307 ποιότης·
1247 1237 1536 1309 χωρίζεται
1586 1238 1685 1308 μὲν

169 1327 249 1398 γάρ
290 1328 383 1381 ἀπὸ
438 1326 528 1381 τοῦ
582 1330 903 1401 ἀνδριάντος
948 1329 1309 1399 χωνευθέντος
1358 1332 1391 1400 ἡ
1438 1330 1565 1401 περὶ
1608 1330 1686 1401 τῷ

167 1420 311 1490 χαλκῷ
356 1421 525 1492 μορφὴ
557 1421 952 1493 ἀφανιζομένη,
1001 1422 1063 1475 οὐ
1117 1422 1225 1493 μὴν
1272 1422 1560 1491 ὑφεστῶσα
1606 1422 1685 1475 ἔτι

170 1516 258 1565 κατ’
284 1512 468 1568 οὐσίαν.

218 1602 295 1657 lE’.
342 1605 480 1659 Ἐπεὶ
509 1605 565 1660 δὲ
593 1606 817 1675 λέγεται
844 1606 900 1659 ἐν
920 1604 997 1677 τῷ
1019 1605 1235 1676 θανάτῳ
1263 1605 1325 1659 τὸ
1358 1602 1494 1670 εἶδος
1521 1606 1687 1678 χωρί-

169 1695 311 1759 ζεσθαι
338 1698 436 1751 ἀπὺ
476 1698 575 1768 τῆς
614 1700 855 1770 σαρκὸς,
888 1698 1040 1769 φέρε,
1080 1699 1139 1752 τὸ
1173 1699 1535 1769 χωριζόμενον
1586 1716 1686 1750 πο-

170 1788 304 1859 σαχῶς
342 1789 544 1858 λέγεται
594 1789 947 1861 χωρίζεσθαι,
982 1790 1422 1861 ἐπισκεψώμεθα.
1454 1789 1682 1857 Λέγεται

1790 607 1843 652 at
1877 614 1984 653 non
2015 600 2161 654 velut
2188 601 2300 669 jam
2332 618 2397 655 ex
2432 602 2662 661 mortuis
2695 603 3107 658 resurrexiaaet.
3148 603 3213 658 Et
3246 606 3362 662 haec

1787 696 1846 740 ιιι
1868 686 2061 742 demus
2108 690 2310 759 aliquid
2360 688 2602 761 Origeni,
2654 692 2745 761 qui
2791 692 2962 761 ipsam
3008 708 3105 763 per
3153 710 3213 751 ac
3249 695 3366 750 for-

1786 793 1953 841 mam,
1992 788 2115 847 post
2158 788 2386 835 mortem
2440 798 2470 835 a
2506 798 2738 852 corpore
2788 783 3115 852 seiunctam,
3166 788 3365 843 anima:

1787 866 1941 920 reddi
1972 868 2127 933 dicit,
2158 868 2302 938 quod
2344 885 2455 938 prae
2495 872 2752 925 omnibus
2785 872 2965 927 minus
2998 872 3214 928 videtur
3235 890 3367 945 pos-

1786 960 1972 1023 aibile;
2005 975 2068 1014 eo
2091 959 2238 1029 quod
2281 961 2334 1013 in
2385 962 2827 1029 alterationihus,
2856 964 3221 1033 priorlorma
3248 966 3363 1036 (89)

1784 1065 1949 1121 quam
1982 1065 2180 1105 carnes
2212 1062 2637 1122 corrumpatur;
2684 1064 2743 1108 ut
2787 1064 2841 1109 et
2891 1056 3061 1126 figura
3094 1057 3226 1113 hisee
3258 1071 3367 1115 sta-

1786 1149 1891 1196 tua
1922 1140 2263 1213 priusquam
2310 1149 2485 1197 totum
2534 1144 2901 1202 dissolutione
2942 1149 3196 1208 intereat.
3238 1149 3361 1205 Non

1785 1231 1929 1286 enim
1958 1239 2136 1300 potest
2164 1232 2403 1301 qualitas
2435 1248 2464 1286 a
2497 1235 2727 1289 materia
2769 1237 3037 1305 separari,
3077 1238 3152 1292 ita
3180 1244 3236 1292 ut
3268 1254 3366 1310 per

1786 1338 1846 1377 se
1872 1322 2102 1375 exsistat
2134 1341 2146 1374 :
2173 1332 2458 1391 separatur
2481 1322 2704 1393 quidem
2739 1340 2770 1377 a
2796 1326 2917 1382 fusa
2947 1338 3126 1383 statua
3155 1346 3275 1400 qua:
3305 1332 3365 1387 in

1785 1428 1892 1467 stre
1936 1420 2041 1478 est,
2074 1412 2250 1467 deleta
2291 1412 2486 1479 forma,
2526 1414 2605 1469 sic
2654 1420 2840 1471 tamen
2898 1424 2956 1473 ut
2988 1434 3100 1474 non
3132 1424 3367 1494 amplius

1786 1505 2088 1560 secundum
2126 1505 2489 1559 substantiam
2520 1506 2808 1562 subsistat.

1857 1592 1973 1648 XV.
2006 1594 2145 1660 Quia
2160 1610 2292 1648 vero
2315 1594 2488 1647 forma
2509 1610 2538 1647 a
2554 1610 2719 1651 carne
2739 1597 2793 1651 in
2818 1606 2994 1655 morte
3015 1605 3264 1672 separari
3291 1605 3371 1659 di—

1786 1689 1964 1755 citur;
1999 1704 2130 1760 age,
2169 1698 2303 1759 quot
2352 1688 2529 1744 modis
2583 1705 2753 1744 unum
2787 1693 2855 1746 ab
2904 1694 3076 1749 altero
3122 1699 3365 1767 separari

1786 1780 2023 1845 dicatur,
2056 1781 2362 1836 videamus.
2409 1781 2617 1837 Dicitur
2639 1799 2767 1855 ergo
2791 1800 2957 1839 unum
2982 1787 3049 1841 ab
3072 1788 3179 1841 alio
3208 1804 3369 1857 sepa-

167 1879 302 1929 τιίνυν
327 1877 643 1949 χωρίζεσθαί
680 1897 731 1931 τι
765 1879 873 1933 ἀπό
904 1896 1047 1944 τινος
1082 1880 1115 1950 ἢ
1151 1879 1403 1951 ἐνεργείᾳ
1432 1879 1527 1933 καὶ
1560 1881 1688 1931 ὑπο-

1792 1872 1899 1925 rari
1924 1914 1938 1937 ,
1964 1872 2050 1925 vel
2091 1882 2219 1927 actu
2250 1882 2303 1927 et
2338 1874 2718 1939 subsistentia,
2754 1876 2836 1930 vel
2866 1878 3193 1947 cogitatione
3231 1897 3245 1933 :
3282 1880 3368 1935 vel

168 1969 328 2029 στάσει.
348 1969 377 2040 ἢ
401 1971 627 2042 ἐπινοίᾳ·
664 1971 698 2042 ἦ
728 1972 999 2043 ἐνεργείᾳ,
1028 1971 1088 2023 οὑ
1120 1970 1225 2041 μὴν
1250 1971 1342 2023 καὶ
1364 1970 1677 2022 ὑποστάσει.

173 2060 239 2122 Ὠς
260 2063 298 2112 εί
323 2062 515 2131 πυρούς
556 2079 641 2126 τις
690 2061 785 2115 καὶ
825 2062 1020 2135 κριθάς
1064 2062 1374 2133 μεμιγμένα
1401 2061 1685 2131 χωρίσειεν

166 2153 234 2204 ἀπ’
263 2152 517 2224 ἀλλήλων·
641 2155 742 2225 μὲν
784 2154 894 2225 γὰρ
940 2153 1079 2208 κατὰ
1122 2154 1336 2223 κίνησιν
1369 2153 1679 2224 χωρίζεται,

168 2241 368 2309 ἐνέργεια
388 2244 621 2311 λέγεται·
745 2243 803 2296 δὲ
837 2243 1169 2315 χωρισθέντα
1203 2245 1525 2314 ὑφέστηκεν,
1553 2244 1682 2296 imo-

166 2333 309 2386 στάσει
335 2334 537 2403 λέγεται
576 2336 935 2406 κεχωρίσθαι.
996 2334 1238 2406 Ἐπινοίᾳ
1282 2335 1359 2398 δὲ,
1409 2336 1538 2389 ὅταν
1584 2337 1682 2407 τὴν

166 2422 265 2493 ὓλην
290 2426 386 2478 ἀπὸ
420 2426 525 2479 τῶν
566 2427 871 2496 ποιοτήτων
904 2424 1243 2497 χωρίζωμεν,
1278 2425 1373 2478 καὶ
1404 2425 1503 2489 τὰς
1535 2427 1682 2479 ποιό-

163 2531 293 2585 τητας
324 2517 421 2571 ἀπὸ
450 2517 548 2586 τῆς
579 2516 735 2580 ὕλης,
764 2517 1012 2587 ἐνεργείᾳ
1049 2516 1126 2581 δὲ,
1176 2517 1236 2570 οὐ
1274 2517 1380 2588 μὴν
1412 2517 1507 2571 καὶ
1548 2520 1681 2571 ὑπο-

166 2606 327 2669 στάσει,
353 2606 473 2659 ὅταν
503 2604 776 2677 χωρισθέν
797 2621 850 2657 τι
878 2603 985 2658 ἀπό
1015 2620 1161 2667 τινος
1194 2604 1391 2676 μηκέτι
1424 2605 1680 2676 ὑπάρχοι,

164 2696 405 2751 ὑπόστασιν
441 2698 630 2760 οὐσίας
660 2698 762 2751 οὐκ
803 2696 960 2767 ἔχων.
997 2696 1157 2766 Γνοίη
1188 2695 1231 2749 δ’
1270 2697 1337 2751 ἄν
1370 2713 1455 2760 τις
1488 2696 1585 2751 καὶ⁷
1624 2698 1683 2750 ὲν

164 2791 245 2851 τοῖς
267 2790 701 2861 χειροτεχνήμασι
731 2787 807 2852 ὡς
837 2788 969 2859 ἔχει,
1004 2788 1299 2861 ἀνδριάντα
1334 2786 1478 2853 ἰδὼν,
1512 2788 1546 2861 ἢ
1597 2789 1686 2842 ἴπ-

162 2894 238 2933 τον
273 2880 507 2951 χαλκοῦν.
542 2878 731 2934 Ταῦτα
776 2880 886 2952 γὰρ
933 2880 1301 2953 λογιζόμενος,
1349 2880 1539 2952 ὄψεται
1586 2880 1685 2953 τὴν

162 2970 351 3038 ἔμφυτον
398 2972 611 3044 μορφὴν
657 2971 1071 3025 διαλλάττοντα·
1117 2974 1197 3036 είς
1228 2972 1284 3025 δὲ
1328 2972 1520 3043 ἑτέραν
1565 2972 1686 3042 δψιν

164 3060 478 3133 μεθιστάμενα
510 3065 605 3134 ὑφ’
626 3056 698 3134 ἧς
727 3061 837 3135 (87)
869 3062 929 3116 τὸ
958 3063 1352 3135 ξυγγενόμενον
1380 3060 1516 3129 εἶδος
1542 3065 1685 3132 ἁφα-

160 3151 339 3214 νζιται.
369 3154 428 3206 El
472 3154 584 3225 γάρ
622 3170 707 3217 τις
736 3152 806 3207 τὰ
834 3153 968 3225 ἔργα
1000 3154 1069 3209 τὰ
1117 3156 1563 3228 σχηματιζόμενα
1606 3156 1686 3219 είς

160 3236 265 3304 tam;
290 3242 567 3317 ἀνθρώπου
608 3245 646 3316 ἢ
697 3244 865 3299 ἵππου
917 3247 1190 3317 συντήκοι,
1236 3249 1460 3319 εὑρήσει
1488 3246 1550 3300 τὸ
1585 3246 1684 3317 μὲν

159 3331 230 3385 τοῦ
256 3337 510 3407 σχήματος
538 3332 681 3400 εἶδος
702 3336 1118 3409 ἀφανιζόμενον,
1148 3340 1317 3411 αὐτὴν
1337 3340 1393 3393 δὲ
1424 3340 1523 3411 τὴν
1553 3338 1685 3410 ὓλην

162 3424 397 3491 μένωσαν.
433 3428 602 3481 Ὠστι
633 3426 937 3483 ἀσύστατον
971 3428 1032 3483 τὸ
1059 3428 1243 3501 λέγειν
1289 3430 1349 3483 τὺ
1402 3430 1501 3501 μὲν
1546 3427 1685 3494 εἶδος

160 3516 425 3572 ἀνίστασθαι
458 3517 866 3590 ἠμαυρωμένον
892 3518 1076 3591 μηδεν,
1108 3520 1171 3573 τδ
1197 3520 1257 3574 δὲ
1285 3520 1444 3592 σῶμα
1464 3521 1522 3574 ἑν
1543 3514 1589 3588 ᾧ
1616 3516 1685 3592 ἦν

160 3606 204 3659 τὸ
224 3604 340 3673 albo;
367 3609 830 3680 ἐντετυπωμένον,
863 3608 1292 3682 διαφθείρεσθαι.

210 3786 305 3853 ις’.
349 3788 505 3843 Ἀλλὰ
536 3790 647 3853 ναὶ,
678 3789 839 3860 φησίν
858 3807 871 3820 ·
901 3790 961 3844 ὲν
1003 3786 1355 3859 πνευματικῷ
1378 3790 1486 3861 γὰρ
1521 3806 1685 3861 μετα-

158 3878 393 3950 τεθήσεται
422 3883 659 3955 σώματι.
686 3882 895 3937 Οὐκοῦν
921 3884 1131 3955 ἀνάγκη
1159 3883 1220 3937 τὸ
1252 3884 1349 3954 μὲν
1373 3881 1511 3949 εἶδος
1544 3885 1687 3951 ίδίως

157 3968 391 4037 ὁμολογεῖν
430 3975 569 4028 αὐτὸ
614 3975 676 4028 τὸ
709 3974 921 4046 πρῶτον
953 3976 1026 4047 μὴ
1064 3975 1407 4042 ἀνίστασθαι,
1455 3976 1532 4048 τῷ
1567 3994 1689 4030 συν.

158 4060 431 4128 ruma:
473 4067 611 4121 αὐτὸ
652 4068 948 4138 συμφθίνον
993 4070 1057 4140 τῇ
1110 4069 1304 4139 σαρκί·
1345 4069 1446 4123 κᾶν
1489 4069 1598 4142 γὰρ
1630 4072 1688 4123 ὲν

158 4156 460 4226 πνευματικιῷ
496 4158 850 4231 μεταπλασθῇ
891 4158 1122 4231 σώματι,
1150 4160 1283 4213 αὑτὸ
1327 4162 1424 4232 μὲν
1456 4162 1600 4227 ίδίως
1628 4162 1688 4216 τὸ

156 4242 329 4311 πρῶτον
368 4245 728 4316 ὑποκείμενον
761 4249 935 4301 έκεῖνο
980 4250 1080 4303 οὑκ
1128 4249 1299 4311 ἔσται.
1349 4252 1602 4322 ὁμοιότης
1628 4252 1687 4305 δέ

155 4345 218 4394 τις
245 4334 431 4389 ἐκείνου
463 4338 525 4389 ὲν
559 4336 883 4410 λεπτομερεῖ
920 4341 1415 4413 μεταπεπλασμένη
1455 4341 1682 4413 σώματι·

156 4422 258 4478 ast
286 4428 412 4497 μήτε
444 4428 509 4482 τὸ
558 4422 695 4493 εἶδος
728 4429 790 4481 τὸ
817 4430 971 4495 αὑτὸ,
1018 4432 1155 4503 μήτε
1186 4432 1248 4486 τὸ
1281 4432 1438 4503 σῶμα
1470 4433 1688 4487 ἀνίστα-

156 4529 239 4605 ςαι,
265 4518 367 4572 ἀλλ’
406 4521 597 4593 ἕτερον
625 4520 746 4574 ἀντὶ
777 4519 870 4574 τοῦ
899 4522 1186 4594 προτέρου.
1220 4524 1296 4577 Τδ
1335 4526 1441 4598 γὰρ
1474 4526 1679 4596 ὅμοιον,
1714 4544 1765 4605 ι)

154 4603 303 4678 ἓτερον
326 4610 415 4664 τοῦ
448 4610 649 4666 ἑαυτοῦ
670 4610 855 4682 όμοίου
886 4611 966 4676 ὃν,
999 4613 1127 4666 αὐτὸ
1151 4616 1329 4667 έκεῖνο
1354 4614 1416 4668 τὸ
1442 4614 1686 4687 πρῶτον,

156 4696 263 4767 πρὸς
284 4699 310 4751 ό
336 4702 573 4768 ἐγένετο,
608 4697 747 4756 εἶναι
779 4702 839 4755 οὑ
871 4701 1111 4757 δύναται.

222 4912 297 4995 ἓΞὲ
328 4920 612 4995 ἕεθ·,ῠφ’
638 4916 735 4990 ἧς·
772 4921 881 4995 AL;
937 4920 1348 4995 μεθιστάμενος»
1377 4924 1462 4992 ἐφ’
1484 4917 1573 4995 ἦς·

226 4983 302 5050 88)
325 4983 616 5061 δὶφὶαὲπι
654 4983 795 5061 ergo.
819 4983 977 5045 Clara
1006 4983 1286 5046 conclusio
1309 4983 1347 5043 ’ξ
1382 4983 1441 5045 ut
1490 4983 1605 5051 sive
1636 4995 1693 5050 in

155 5064 362 5137 corpore.
386 5057 509 5137 sive
532 5057 869 5137 sola-anima,
900 5063 1211 5137 siveadliuc
1245 5072 1545 5137 superstes,
1578 5066 1694 5137 sive

158 5124 392 5180 redivivus
426 5128 581 5182 visus
615 5130 685 5184 sit
725 5130 891 5193 Elias,
919 5132 1053 5185 nihil
1073 5133 1194 5201 ejus
1233 5124 1501 5201 apparitio
1534 5124 1696 5189 lobsit

157 5202 348 5268 speratae
375 5201 773 5255 resurrectioni
805 5202 1006 5256 carnis.
1043 5203 1305 5256 Schottus
1336 5202 1497 5256 aliter
1517 5205 1691 5268 eﬂ‘ert,

157 5262 585 5345 relut_mortuum
636 5270 863 5345 allirmet
901 5271 1207 5345 Methodius
1242 5272 1444 5345 :quodA
1470 5288 1536 5345 re
1575 5262 1695 5345 ipsa

157 5344 238 5409 non
270 5333 435 5393 facit:
622 5342 887 5413 permittit
948 5342 1170 5412 Origeni
1219 5333 1485 5413 quidquid
1518 5333 1693 5406 ma'lit,

154 5406 345 5473 eiusque
398 5406 515 5459 und
588 5406 763 5478 usque
817 5406 1175 5467 inconsouum
1237 5406 1430 5483 dogma
1490 5415 1691 5479 arguit.

157 5467 341 5539 _Spoctat
365 5475 479 5529 huc
500 5422 768 5539 glmlion,
801 5483 943 5539 quod
970 5483 1134 5539 paulo
1162 5492 1306 5539 ante.
1342 5485 1516 5537 secuti
1538 5493 1695 5538 notas

158 5495 341 5539 opl'cult
365 5495 479 5529 nuc
500 5495 768 5541 scnouon,
801 5495 943 5549 quod
970 5495 1134 5552 paulo
1162 5495 1306 5544 ante,
1342 5495 1516 5537 secuti
1538 5495 1695 5538 notas

157 5536 440 5625 ζωτικῷ.
465 5547 843 5625 ascripsimus,
882 5552 1336 5625 ascribentedhic
1363 5554 1698 5625 gapographo

158 5604 407 5689 Mundi
426 5604 440 5681 ᾖ
461 5604 663 5689 estque
690 5617 815 5687 ejus
832 5604 1055 5677 sensus
1078 5604 1299 5689 iac—ills,
1318 5604 1377 5677 isi
1394 5604 1530 5689 ridi;
1561 5604 1697 5676 {ait}

159 5682 601 5745 tmoluhodiano
628 5682 803 5751 textu,
841 5698 899 5744 ut
929 5691 1034 5746 fuit
1066 5705 1097 5744 a
1118 5682 1292 5747 nobis
1307 5682 1578 5755 redditus,
1606 5694 1696 5747 vel

161 5754 205 5799 Il
225 5750 329 5822 ipse
351 5756 537 5822 habet,
560 5757 882 5813 contulerit.
1242 5812 1249 5822 λ

522 5797 537 5823 ’
560 5795 807 5813 ινιιιυιυι
822 5795 882 5811 I"

215 5812 313 5892 (89)
341 5822 418 5881 Eo
455 5812 683 5901 Min
705 5827 1116 5887 auerationibas
1166 5812 1311 5899 prior
1356 5830 1549 5901 Intnsa,
1592 5840 1697 5887 etc.

1712 3208 1755 3267 C

1785 1970 1933 2025 actu,
1972 1977 2082 2016 non
2119 1963 2247 2017 item
2299 1964 2677 2019 subsistentia.
2714 1964 2783 2019 Ut
2814 1967 2859 2020 si
2883 1970 3008 2037 quis
3036 1969 3272 2022 triticum
3311 1976 3370 2024 et

1783 2052 2045 2107 hordeum
2070 2056 2236 2107 mista
2266 2053 2409 2107 inter
2437 2068 2515 2116 se,
2540 2064 2793 2109 secernat
2818 2075 2831 2110 :
2858 2068 3130 2126 quatenus
3149 2059 3367 2130 quidem

1784 2158 1879 2214 per
1907 2154 2111 2198 motum
2148 2153 2494 2215 separantur,
2520 2145 2725 2201 dicitur
2753 2150 3024 2217 separatio
3055 2160 3176 2204 actu
3205 2159 3370 2221 atque

1783 2249 1878 2299 re;
1914 2245 2187 2304 quatenus
2219 2251 2349 2290 vero
2381 2245 2633 2305 separata
2662 2240 2891 2292 seorsim
2923 2240 3251 2305 subsistunt,
3285 2244 3371 2298 di-

1784 2325 1929 2378 citur
1962 2328 2262 2396 separatio,
2296 2328 2671 2385 subsistentia.
2723 2325 3066 2399 Cogitatione
3094 2341 3273 2385 autem
3311 2342 3368 2387 et

1783 2417 2014 2481 ratione,
2032 2418 2183 2472 velut
2210 2420 2255 2473 si
2289 2422 2568 2475 materiam
2590 2436 2619 2474 a
2643 2422 2999 2491 qualitatibus
3026 2438 3363 2491 separemus,

1786 2521 1849 2562 ac
1880 2508 2171 2578 qualitates
2201 2525 2231 2564 a
2257 2512 2509 2569 materia.
2542 2511 2682 2568 Actu
2714 2512 2949 2583 denique
2973 2521 3071 2580 ,οι
3102 2529 3206 2567 nou
3237 2515 3368 2568 sul)-

1784 2599 2032 2656 sistentia
2055 2638 2071 2665 ,
2104 2616 2229 2656 cum
2264 2609 2577 2670 separatum
2617 2602 2821 2672 aliquid
2855 2603 2921 2657 ah
2948 2604 3054 2656 alio
3075 2642 3089 2664 ,
3116 2618 3223 2655 non
3253 2616 3368 2655 am~

1785 2692 1929 2763 plius
1957 2690 2151 2755 fuerit,
2194 2708 2302 2748 non
2343 2694 2548 2751 habens
2580 2710 2689 2765 quo
2733 2694 3021 2750 subsistat.
3061 2692 3281 2747 Noverit
3308 2700 3367 2747 ut

1785 2783 1899 2838 haec
1928 2782 2166 2838 habeant
2196 2787 2360 2840 etiam
2394 2786 2445 2839 in
2479 2786 2834 2848 mechanicis,
2885 2787 2930 2839 si
2970 2785 3092 2855 quis
3132 2792 3367 2839 statuam

1786 2889 2059 2945 equomve
2104 2890 2214 2931 aere
2264 2879 2445 2928 [usum
2488 2874 2739 2943 aspiciat.
2772 2872 2989 2927 Videbit
3012 2874 3192 2939 enim,
3236 2875 3367 2929 dum

1787 2961 2037 3017 advertat
2082 2966 2349 3028 animum,
2386 2968 2447 3014 ut
2495 2961 2789 3016 immutent
2819 2961 3047 3015 formam
3083 2962 3366 3030 innatam,

1786 3059 1950 3123 atque
2004 3053 2062 3108 in
2114 3052 2341 3125 ﬁguram
2372 3051 2531 3106 aliam
2563 3067 2592 3106 a
2622 3068 2729 3123 qua
2754 3053 2999 3107 deleatur
3028 3053 3203 3108 forma
3231 3070 3367 3111 con-

1788 3144 1970 3215 genita
1997 3184 2009 3207 ,
2036 3142 2398 3200 transierant.
2438 3143 2572 3198 Nam
2616 3143 2660 3199 si
2694 3144 2817 3214 quis
2846 3146 3001 3215 signa
3038 3146 3091 3199 in
3129 3146 3367 3203 hominis

1788 3244 1881 3290 aut
1910 3236 2036 3307 equi
2062 3236 2289 3307 ﬁguram
2307 3235 2539 3308 elligiata
2564 3237 2899 3301 conﬂaverit,
2943 3236 3128 3292 formae
3150 3238 3367 3308 quidem

1788 3326 2015 3399 ﬁguram
2036 3330 2387 3394 exstinctam,
2419 3330 2704 3384 materiam
2752 3345 2882 3385 vero
2912 3332 3258 3400 superstitem
3284 3332 3371 3385 iu-

1787 3429 2051 3476 venturus
2073 3429 2175 3477 est.
2210 3421 2400 3490 itaque
2420 3419 2718 3475 absurdum
2750 3427 2867 3487 est,
2900 3430 2956 3473 ut
2984 3423 3109 3491 quis
3137 3420 3369 3475 formam

1787 3525 1909 3579 qua
1936 3510 2072 3565 nihil
2111 3510 2217 3565 fuit
2246 3510 2519 3566 exstincta
2561 3520 2991 3565 resurrecturam
3028 3512 3208 3576 dicat,
3245 3526 3369 3567 cor-

1786 3617 1999 3673 pusque
2056 3601 2145 3656 cui
2213 3602 2306 3656 illa
2368 3599 2473 3655 fuit
2528 3600 2828 3671 impressa,
2915 3612 3229 3673 corruptum
3302 3604 3370 3658 iri

1788 3695 2103 3751 contendat.

1858 3786 1901 3840 Χ
1916 3785 2000 3841 γι.
2020 3786 2251 3840 Maxime
2270 3786 2569 3851 enimvero,
2599 3788 2804 3859 inquit;
2841 3785 3200 3842 transferetur
3221 3786 3367 3841 enim

1788 3882 1844 3936 in
1867 3894 2068 3949 corpus
2088 3879 2352 3949 spiritale.
2385 3879 2523 3950 Ergo
2555 3879 2712 3936 fateri
2747 3898 2970 3936 necesse
2996 3888 3099 3946 est,
3121 3880 3369 3934 eamdem

1788 3974 2006 4044 proprie
2037 3972 2265 4026 formam
2286 3972 2517 4043 primam
2536 3986 2646 4027 non
2673 3988 2981 4044 resurgere,
3000 3988 3067 4027 eo
3083 3971 3228 4042 quod
3252 3987 3372 4026 mu-

1788 4071 1899 4116 tata
1941 4062 2014 4117 sit
2040 4070 2093 4117 et
2132 4072 2387 4131 corrupta
2410 4102 2424 4126 ,
2457 4078 2566 4118 una
2598 4078 2723 4118 cum
2766 4079 2949 4119 carne.
2996 4062 3109 4118 Etsi
3134 4064 3278 4117 enim
3313 4063 3371 4118 in

1790 4153 2035 4224 spiritale
2084 4167 2283 4223 corpus
2326 4154 2591 4208 translata
2634 4155 2739 4218 sit,
2786 4156 2903 4225 ipsa
2951 4164 3131 4211 tamen
3179 4157 3371 4211 eadem

1789 4259 1897 4298 non
1936 4244 2043 4297 erit
2085 4244 2321 4312 primum
2356 4247 2571 4314 proprie
2599 4247 2906 4314 subjectum
2932 4288 2945 4310 ,
2985 4248 3079 4303 sed
3114 4248 3362 4317 quaedam

1789 4334 1938 4411 illius
1964 4336 2021 4387 in
2057 4334 2246 4387 subtili
2277 4349 2509 4406 corpore
2538 4337 2927 4392 transformata
2951 4340 3270 4395 similitudo.
3308 4338 3369 4393 Si

1788 4436 1967 4479 autem
1986 4439 2094 4479 non
2111 4424 2298 4480 eadem
2331 4425 2503 4481 forma
2533 4444 2670 4503 ;nec
2704 4429 2845 4484 idem
2877 4446 3079 4501 corpus
3110 4430 3369 4500 resurgit,

1792 4516 1887 4573 sed
1918 4516 2067 4571 aliud
2103 4531 2202 4586 pro
2230 4517 2358 4572 alio.
2385 4516 2520 4573 Nam
2569 4520 2775 4587 simile,
2820 4536 2944 4575 cum
2996 4524 3067 4577 sit
3108 4522 3254 4577 aliud
3300 4523 3371 4577 ab

1791 4624 1857 4664 eo
1872 4607 1986 4680 (90)
2018 4607 2163 4679 quod
2192 4608 2294 4678 ipsi
2332 4609 2509 4665 simile
2535 4620 2641 4675 est,
2663 4612 2793 4666 illud
2825 4613 3000 4681 ipsum
3021 4615 3275 4683 primum,
3300 4613 3370 4667 ad

1792 4699 1935 4771 quod
1958 4699 2061 4755 fuit
2094 4698 2296 4755 factum
2324 4709 2379 4757 et
2404 4703 2549 4773 quod
2582 4704 2846 4769 imitatur,
2871 4720 2993 4761 esse
3029 4721 3136 4759 non
3170 4712 3367 4776 potest.

1928 4923 2370 4997 προαπόλλυσθαι
2416 4926 2477 4979 τὸ
2524 4921 2659 4988 εἶδος
2704 4924 2837 4997 τῶν
2866 4924 3103 4993 σαρκῶν,
3153 4924 3275 4997 vel,_
3310 4933 3371 4979 ut

1796 4994 1986 5057 εἰναι..
2022 4996 2319 5065 σαρκικῶν,
2354 4998 2541 5049 eodem
2584 5010 2767 5050 sensu.
2812 4995 3001 5064 Arguit
3032 5004 3217 5049 contra
3254 4994 3368 5047 for-

1794 5081 1937 5119 mam
1968 5064 2115 5118 illam
2139 5064 2545 5133 Origenianam,
2584 5073 2641 5117 ut
2672 5082 2779 5119 non
2806 5067 2978 5133 possit
3012 5065 3101 5117 illa
3152 5066 3369 5120 restitui

1796 5135 2025 5205 animai,
2060 5150 2225 5189 carne
2276 5144 2575 5205 perempta,
2632 5150 2755 5188 cum
2810 5144 2993 5204 pereat
3048 5134 3163 5203 ipsa
3222 5135 3374 5202 prior

1797 5220 1983 5265 carne,
2018 5204 2071 5256 in
2099 5220 2208 5273 qua
2238 5206 2384 5258 velut
2414 5205 2769 5265 subsistebat,
2802 5220 2867 5257 eo
2889 5205 3170 5274 modoquo
3198 5206 3370 5274 ﬁgura

1795 5284 1850 5329 et
1882 5274 2054 5327 forma
2078 5274 2202 5342 equi
2237 5276 2289 5327 in
2315 5289 2439 5328 aere.
2480 5274 2615 5328 Male.
2648 5289 2776 5336 ergo
2813 5273 3071 5327 Schottus
3122 5290 3180 5327 ea
3232 5274 3371 5343 quod

1798 5345 1972 5414 forma
2004 5346 2201 5405 carnis,
2236 5354 2364 5410 etc.,
2396 5346 2656 5413 pluraque
2682 5346 2785 5397 alia
2813 5344 3045 5414 quisque
3081 5359 3373 5413 perspexe-

1797 5415 1869 5468 rit
1895 5413 2075 5467 minus
2104 5421 2228 5483 apte
2262 5416 2343 5467 vel
2378 5414 2607 5468 ﬁdeliter
2638 5416 2868 5469 reddita.

1868 5484 1979 5552 (90)
2007 5482 2225 5537 Cum’sit
2254 5485 2400 5535 aliud
2429 5484 2492 5535 ab
2522 5493 2729 5553 eo,etc.
2769 5483 2859 5536 Sic
2886 5483 3043 5553 plane
3060 5482 3369 5552 legendum,

1800 5550 1985 5623 ἕτερον
2036 5554 2131 5605 τοῦ
2163 5553 2339 5621 ἑαυτῷ
2372 5554 2556 5622 ὁμοίου
2593 5550 2671 5617 ὃν,
2706 5550 2902 5607 suadet
2930 5554 3043 5621 ipse
3084 5550 3372 5607 contextus

1799 5634 1851 5677 et
1910 5623 2132 5676 inducta
2188 5623 2473 5691 probatio;
2505 5638 2625 5691 quae
2656 5624 2813 5675 aliter
2863 5630 3147 5691 concepta,
3188 5624 3369 5744 inepta

1800 5700 1905 5744 est.
1930 5692 2083 5744 Valet
2105 5708 2233 5744 vero
2263 5693 2567 5744 in.creatis.
2597 5694 2688 5744 ubi
2736 5692 2881 5744 nulla
2940 5690 3133 5744 forma.
3188 5708 3275 5744 mu
3300 5691 3369 5744 ti

1800 5700 1905 5747 est.
1930 5692 2083 5747 Valet
2105 5690 2233 5746 vero
2263 5690 2567 5753 in.creatis,
2597 5694 2688 5746 ubi
2736 5692 2881 5745 nulla
2940 5690 3133 5752 forma.
3188 5690 3372 5746 multis

1801 5778 1863 5816 re
1919 5778 2043 5817 vera
2078 5772 2131 5816 et
2162 5762 2439 5817 individue
2472 5762 2780 5815 communis
2812 5767 2915 5815 est.
2946 5762 3003 5815 In
3056 5760 3254 5814 divinis
3285 5770 3369 5814 est

1807 5833 1997 5888 saltem
2028 5832 2162 5889 alter
2186 5832 2337 5887 alteri
2362 5831 2575 5898 similis,
2603 5846 2778 5899 eoque
2808 5830 3098 5899 singularis
3124 5832 3365 5900 quaedam
