4028 6318
683 367 790 426 επ

1657 378 1713 432 S.
1750 379 2079 436 METIIODH
2119 381 2426 437 EPISCOPI
2465 384 2551 438 ΕΤ
2597 385 2950 440 MARTYRIS

3821 389 3928 448 524

744 484 905 542 XVII.
943 486 1032 542 Ait
1077 486 1217 555 εἶδος
1251 501 1305 547 et
1341 495 1570 548 formam
1613 512 1759 562 esse,
1795 501 1942 570 quod
1971 503 2213 556 membro

2427 505 2520 558 IZ'.
2567 507 2682 559 "Ott
2716 504 2852 572 εἶδός
2897 526 3059 578 φησιν
3088 505 3225 562 εἶναι
3255 511 3314 562 τὸ
3342 511 3438 581 τήν
3477 511 3780 581 ταυτότητα
3817 513 3926 563 τῶν

679 590 804 631 rum
831 578 1190 648 identitatem,
1227 583 1280 637 in
1307 586 1476 654 ﬁgura
1503 586 1688 642 forma:
1709 592 2056 662 propriisque
2075 595 2257 648 unius-

677 669 944 738 cujusque
956 671 1307 736 distinctivis,
1323 677 1559 730 exhibet.

751 759 934 816 XVIII.
969 763 1288 834 Exponente
1310 766 1544 836 Origene
1567 784 1732 823 sensu
1766 771 2079 841 allegorica,
2111 777 2253 844 quod

675 852 745 906 ab
773 852 1054 910 Ezechiele
1083 859 1343 926 propheta
1369 859 1573 913 dictum
1595 861 1714 925 fuit,
1735 862 1802 917 de
1820 867 2250 930 resurrectione,

673 952 836 1013 alque
863 946 932 999 ad
976 947 1343 1002 Israelitarum
1376 966 1406 1005 e
1438 951 1765 1022 Babylonica
1824 957 2136 1025 captivitate
2165 974 2252 1012 re-

670 1033 844 1088 ditum
877 1036 1253 1107 detorquente,
1279 1049 1400 1107 post
1439 1043 1629 1104 multa,
1665 1059 1788 1097 eum
1827 1060 2065 1116 arguens
2116 1046 2254 1100 San-

668 1134 814 1188 ctus,
850 1127 952 1180 hoc
982 1128 1171 1195 adjicit
1201 1149 1212 1182 :
1247 1130 1322 1184 Ac
1347 1148 1523 1200 neque
1557 1133 1658 1203 ipsi
1681 1133 1853 1189 Judzei
1886 1139 2102 1205 plenam
2137 1139 2253 1192 sin-

673 1230 964 1286 ceramque
1015 1219 1317 1274 libertatem
1377 1226 1616 1278 assecuti
1669 1234 1828 1290 sunt,
1859 1243 2037 1296 neque
2060 1231 2248 1297 majori

667 1315 940 1375 potestate
972 1309 1201 1367 devictis
1240 1314 1512 1380 hostibus,
1543 1316 1973 1387 Hierosolymam
2001 1319 2248 1373 incolue-

667 1406 827 1453 runt:
847 1414 911 1453 ac
931 1415 1053 1454 cum
1079 1404 1276 1472 saepius
1304 1409 1629 1461 statuissent
1662 1409 1924 1477 templum
1955 1408 2243 1473 mdiﬁeare,

666 1498 736 1551 ab
763 1499 884 1552 aliis
918 1502 1173 1570 gentibus
1219 1505 1478 1573 prohibiti
1507 1516 1652 1560 sunt.
1691 1505 1842 1562 Unde
1862 1508 2026 1561 etiam
2061 1510 2149 1563 vix
2181 1511 2245 1562 il-

665 1589 759 1642 lud
782 1590 924 1644 intra
953 1608 1127 1649 annos
1157 1612 1277 1650 vaI
1304 1596 1678 1660 absolverunt,
1701 1614 1825 1652 cum
1856 1598 2113 1654 Salomon
2148 1616 2244 1654 an-

663 1683 751 1736 nis
768 1693 972 1753 septem
995 1702 1025 1740 a
1045 1687 1414 1743 fundamentis
1429 1692 1724 1743 excitatum
1751 1693 2086 1760 perfecisset.
2102 1692 2241 1758 Quid

661 1788 792 1827 vero
825 1791 1052 1832 necesse
1099 1779 1171 1832 sit
1222 1779 1376 1849 plura
1429 1780 1769 1841 dicere,cum
1809 1797 1838 1836 a
1879 1781 2240 1838 Nabuchodo-

2362 598 2536 666 μελῶν
2583 599 2639 648 ἐν
2675 597 2753 666 τῷ
2791 601 3093 669 χαρακτῆρι
3144 599 3243 669 τῆς
3293 601 3505 670 μορφῆς
3547 603 3775 655 ἑκάστου
3828 605 3930 670 ἐμ-

2359 693 2564 756 φαῖνον.

2426 780 2531 831 ll-l'.
2586 780 2724 844 Ὅτι,
2771 779 2831 832 τὸ
2861 781 3010 849 παρά
3041 780 3134 834 τοῦ
3189 781 3462 851 προφήτου
3503 781 3758 851 Ἶεζεκιὴλ
3796 781 3923 852 περὶ

2355 867 2452 935 τῆς
2497 871 2840 932 ἀναστάσεως
2884 869 2988 922 τῶν
3028 870 3235 940 νεκρῶν
3271 870 3432 940 ῥητὸν
3474 871 3779 941 εἰρημένον,
3827 870 3920 922 τοῦ

2369 961 2671 1030 Ὠριγένους
2707 960 3146 1033 ἀλληγοροῦντος,
3193 962 3286 1015 καὶ
3332 964 3414 1024 εἰς
3446 963 3543 1032 τὴν
3569 962 3677 1014 τῶν
3705 964 3786 1024 εἰς
3820 962 3925 1012 Βα-

2353 1049 2565 1104 ϐυλῶνα
2597 1052 3136 1121 αἰχμαλωτισθέντων
3177 1053 3522 1124 Ἰσραηλιτῶν
3547 1051 3806 1104 ἐπάνοδον
3833 1054 3924 1102 ὲκ-

2353 1140 2670 1211 6ιαζομένου
2691 1144 2959 1214 εἰρῆσθαι,
2987 1141 3280 1212 ἐξελέγχων
3305 1142 3440 1213 μετά
3463 1141 3632 1194 πολλὰ
3655 1145 3681 1194 ὸ
3709 1141 3921 1208 Ἄγιος,

2351 1233 2442 1283 καὶ
2472 1233 2628 1285 τοῦτό
2663 1250 2843 1304 φησιν·
2887 1234 3022 1286 Οὐδὲ
3060 1234 3167 1306 γὰρ
3194 1235 3315 1288 οὐδὲ
3346 1235 3494 1286 αὐτοὶ
3527 1233 3664 1304 πρὸς
3707 1231 3923 1285 ἐλευθε-

2352 1323 2471 1392 ρίαν
2503 1325 2807 1395 ἀνέσφηλαν
2840 1325 3106 1396 καθαρὰν,
3129 1325 3246 1378 οὐδὲ
3277 1325 3383 1377 τῶν
3405 1323 3610 1394 ἐχθρῶν
3643 1341 3925 1394 κατακραρ·

2346 1416 2606 1483 τήσαντες
2674 1415 3219 1487 ὲξουσιαστικὼτερον
3268 1416 3378 1486 (95)
3435 1415 3762 1485 κατῴκησαν
3821 1415 3924 1485 τὴν

2359 1507 2728 1578 Ἰερουσαλήμ.
2763 1509 3021 1578 Εἴργοντο
3052 1509 3179 1576 γοῦν
3205 1509 3309 1561 ὑπὸ
3344 1507 3450 1559 τῶν
3489 1506 3789 1560 ἀλλοεθνῶν
3811 1505 3920 1575 (94)

2346 1599 2600 1661 πολλάκις
2628 1599 2977 1670 οἰκοδομῆσαι
3006 1599 3324 1670 Θελήσαντες
3357 1599 3553 1669 μᾶλλον
3581 1598 3714 1668 (95).
3754 1599 3923 1650 Ὅθεν

2344 1692 2436 1740 καὶ
2487 1693 2543 1741 ὲν
2592 1695 2686 1758 μς¹
2724 1689 2885 1741 αὑτὸν
2932 1690 3026 1742 καὶ
3077 1689 3135 1752 ἐξ
3179 1688 3321 1741 ἔτεσι
3372 1689 3522 1757 μόλις
3570 1685 3921 1757 ἠδυνήθησαν

2342 1779 2650 1847 δείμασθαι,
2701 1778 2794 1832 τοῦ
2848 1779 3188 1848 Σολομῶντος
3233 1780 3290 1829 ὲν
3337 1780 3584 1831 ἑπταετεῖ
3632 1779 3809 1848 χρόνῳ
3854 1778 3923 1828 ὲκ

659 1880 860 1921 nosore
904 1875 958 1921 et
994 1872 1413 1925 successoribus
1449 1873 1568 1941 ejus
1616 1874 1668 1925 in
1704 1873 1979 1944 Babylone
2004 1891 2205 1944 regnan

2343 1871 2604 1940 θεμελίων
2626 1871 2786 1924 αὐτὸν
2816 1870 3330 1941 συμπληρώσαντος.
3356 1871 3461 1922 Καὶ
3486 1869 3537 1921 τί
3571 1870 3674 1940 χρὴ
3696 1869 3919 1936 λέγεινς

658 1956 829 2017 tibus.
853 1973 1027 2027 usque
1060 1959 1126 2013 ad
1147 1959 1436 2016 Persarum
1466 1965 1519 2017 in
1550 1963 1806 2034 Assyrios
1837 1967 2237 2035 expeditionem

657 2055 712 2101 et
762 2049 1062 2104 Alexandri
1106 2051 1397 2122 imperium
1437 2063 1492 2109 et
1541 2055 1740 2109 bellum
1794 2073 1917 2111 cum
1977 2057 2239 2112 Romanis

656 2141 1034 2206 commissum,
1067 2144 1244 2199 sexies
1278 2146 1346 2200 ab
1372 2147 1622 2202 hostibus
1647 2147 2020 2218 Hierosolyma
2053 2151 2105 2201 in
2142 2167 2237 2219 po-

657 2238 911 2287 testatem
942 2234 1163 2288 redacta
1188 2236 1647 2308 sint?Narratque
1671 2237 1961 2305 Josephus,
1994 2240 2184 2294 dicens
2221 2262 2232 2295 :

655 2319 851 2393 [Capta
864 2332 944 2378 cst
975 2324 1369 2398 Hierosolyma]
1395 2345 1531 2381 anno
1552 2329 1774 2380 secundo
1808 2328 2114 2396 Vespasiani
2133 2334 2229 2384 im-

649 2416 931 2482 peretoris.
963 2415 1137 2485 Capta
1162 2427 1210 2470 ct
1243 2427 1362 2470 ante
1397 2418 1512 2484 jam
1546 2420 1816 2488 quinquies
1839 2459 1852 2482 ,
1876 2430 1998 2472 tunc
2037 2423 2225 2475 iterum

649 2515 862 2559 vastata
911 2516 1011 2560 est.
1061 2508 1344 2561 Asoclueus
1384 2510 1522 2560 enim
1551 2509 1771 2578 Egypti
1805 2525 1922 2574 rex,
1968 2520 2018 2565 et
2069 2514 2225 2582 hujus

646 2612 918 2649 successor
951 2597 1274 2660 Antiochus;
1308 2597 1493 2651 deinde
1533 2599 1840 2669 Pompeius,
1889 2613 1938 2656 et
1982 2614 2098 2671 post
2131 2605 2224 2656 hos

644 2702 765 2738 cum
809 2684 1018 2740 Herode
1060 2685 1267 2750 Sosius,
1312 2701 1521 2758 captam
1570 2691 1750 2746 urbem
1786 2710 2053 2747 servavere
2086 2693 2222 2764 (9i).

643 2771 780 2827 Ante
809 2792 926 2831 vero
955 2796 1048 2833 rea:
1071 2779 1481 2850 Babyloniorum
1507 2800 1570 2836 ea
1595 2787 1814 2853 potitus,
1842 2786 2132 2839 exciderat.

2340 1964 2449 2015 ἀπὸ
2477 1964 2585 2032 γὰρ
2613 1963 2675 2032 δὴ
2709 1962 3172 2032 Ναϐουχοδδνόσορ
3210 1963 3304 2014 καὶ
3335 1961 3442 2013 τῶν
3472 1964 3584 2030 μετ’
3619 1962 3781 2014 αὐτὸν
3807 1961 3923 2014 Βα-

2342 2055 2574 2116 6υλῶνος
2621 2055 3051 2123 βασιλευσάντων
3095 2055 3219 2123 ἄχρι
3252 2055 3349 2121 τῆς
3395 2052 3616 2122 Περσίον
3645 2053 3736 2103 ἐπὶ
3785 2054 3921 2116 τοὺς

2353 2146 2668 2216 Ἀσσυρίους
2709 2145 2954 2206 καθόδου,
2986 2145 3080 2213 τῆς
3118 2161 3176 2196 τε
3219 2143 3562 2212 Ἀλεξάνδρου
3592 2143 3919 2212 ἡγεμονίας,

2341 2238 2434 2290 κα).
2462 2237 2552 2290 τοῦ
2597 2237 2882 2306 Ῥωμαίων
2914 2235 3006 2289 τοῦ
3048 2236 3183 2306 πρὸς
3216 2237 3340 2298 τοὺς
3384 2233 3667 2296 Ἰουδαίους
3703 2236 3920 2304 συρρα-

2337 2332 2527 2398 γέντος
2576 2330 2835 2400 πολέμου,
2891 2329 3076 2395 ἑξάκις
3133 2329 3585 2399 κατεστράφησαν
3635 2328 3741 2380 ὑπὸ
3801 2327 3921 2380 τῶν

2337 2423 2607 2492 πολεμίων
2661 2421 2726 2475 τὰ
2794 2421 3157 2492 Ἱεροσόλυμα.
3208 2422 3316 2472 Καὶ
3375 2419 3530 2472 τοῦτο
3601 2417 3918 2487 Ίὼσηππος

2336 2516 2536 2584 ἱστορεῖ
2563 2514 2734 2581 λέγων
2756 2531 2768 2544 ’
2793 2515 2943 2566 Ἔτει
2976 2513 3230 2580 δευτέρῳ
3252 2512 3360 2582 (96)
3383 2512 3492 2580 τῆς
3522 2515 3917 2566 Οὐεσπασια-

2334 2604 2444 2656 νοῦ
2476 2604 2813 2670 ἡγεμονίας.
2853 2602 3108 2655 Ἀλοῦσα
3141 2601 3209 2653 δὲ
3241 2602 3338 2653 καὶ
3365 2605 3652 2669 πρότερον
3688 2602 3921 2655 πεντά-

2331 2713 2442 2758 κις,
2478 2690 2656 2747 τοῦτο
2683 2692 2966 2759 δεύτερον
2989 2691 3282 2758 ἠρημώθη.
3313 2692 3626 2758 Ἀσωχαῖος
3653 2692 3772 2759 μὲν
3797 2695 3919 2761 γὰρ

2332 2789 2363 2837 ὀ
2395 2783 2511 2836 τῶν
2538 2784 2874 2852 Αἰγυπτίων
2898 2782 3216 2846 βασιλεὺς,
3258 2781 3354 2833 καὶ
3381 2783 3505 2847 μετ’
3554 2781 3740 2835 αὑτὸν
3789 2785 3920 2835 ’Λν-

641 2865 864 2936 τίοχος,
899 2869 1100 2923 ἔπειτα
1135 2874 1462 2941 Πομπήως,
1493 2877 1590 2929 καὶ
1618 2877 1716 2928 ἐπὶ
1747 2879 1980 2943 τούτοις
2007 2878 2128 2931 σὺν
2161 2874 2375 2942 Ἡρώδῃ
2411 2875 2636 2939 Σώσιος
2661 2875 2924 2938 ἑλόντες,
2947 2872 3293 2938 ἐνέπρησαν
3320 2871 3434 2939 τὴν
3457 2873 3656 2924 πόλιν.
3683 2873 3806 2939 Πρὸ
3841 2873 3920 2926 δὲ

641 2958 885 3024 τούτων,
923 2964 957 3014 ό
987 2961 1107 3014 τῶν
1136 2965 1537 3018 Βαϐυλωνίων
1558 2967 1882 3031 βασιλεὺς,
1919 2965 2244 3033 κρατήσας,
2285 2965 2604 3034 ἠρήμωσεν
2639 2962 2848 3027 αὐτήν.

712 3046 852 3102 XIX.
887 3048 1034 3117 Haec,
1069 3051 1264 3120 inquit,
1293 3053 1368 3104 ait
1390 3051 1672 3122 Origenes.
1707 3055 1870 3123 Atqui
1902 3064 2079 3124 potest
2103 3069 2218 3108 mo-

639 3139 755 3194 veri
787 3140 1013 3194 dubium
1040 3143 1108 3196 de
1140 3141 1349 3195 Lazaro
1377 3152 1432 3197 et
1461 3142 1663 3196 divite:
1690 3145 1810 3199 aliis
1841 3145 2058 3214 quidem
2088 3147 2218 3198 sim-

638 3231 838 3299 plicius
886 3232 1096 3286 dictum
1149 3235 1506 3303 putantibus,
1541 3237 1698 3304 quasi
1728 3238 1888 3291 ambo
1934 3239 1988 3291 in
2025 3252 2218 3306 corpo-

2401 3055 2496 3106 IG’.
2538 3055 2659 3105 Ὅτι
2715 3053 2997 3123 Ὠριγὲνης
3027 3051 3152 3104 τάδε
3196 3051 3359 3121 φησί·
3393 3052 3527 3122 Περὶ
3561 3051 3619 3104 δὲ
3661 3052 3757 3105 τοῦ
3791 3055 3916 3106 Λα-

2327 3145 2490 3215 ζάρου
2531 3145 2624 3196 καὶ
2673 3140 2765 3194 τοῦ
2815 3143 3065 3194 πλουσίου
3119 3143 3438 3213 ἀπορεῖσθαι
3482 3144 3736 3198 δύναται·
3790 3147 3918 3199 τῶν

2330 3239 2427 3308 μὲν
2474 3234 2854 3305 ἁπλουστέρων
2891 3235 2999 3305 (97)
3036 3235 3293 3304 οίομένων
3322 3236 3494 3289 ταῦτα
3521 3237 3788 3307 λελέχθαι,
3825 3237 3915 3300 ὡς

639 3323 830 3386 ribus,
863 3322 1031 3392 digna
1079 3324 1242 3380 iactis
1273 3327 1329 3379 in
1361 3328 1470 3381 vita
1498 3331 1806 3398 receperint
1839 3349 1852 3384 :
1885 3331 2006 3384 aliis
2037 3341 2213 3384 autem

2328 3306 2647 3399 ἀμφοτέρων
2679 3327 2813 3396 μετά
2841 3326 2947 3378 τῶν
2977 3326 3244 3396 σωμάτων
3265 3306 3650 3398 λαμϐανόντων
3670 3327 3741 3381 τὰ
3771 3329 3914 3393 ἄξια

639 3413 927 3481 subtilius;
951 3430 1072 3468 cum
1093 3425 1216 3486 post
1241 3419 1695 3474 resurrectionem
1713 3420 1822 3492 (92)
1842 3422 2024 3475 nullus
2042 3422 2095 3474 in
2111 3423 2218 3474 vita

639 3504 1013 3576 relinquatur;
1071 3524 1179 3562 non
1221 3512 1661 3568 existimantibus
1709 3515 1825 3568 hinc
1865 3516 1921 3568 in
1970 3529 2218 3569 resurre-

635 3597 815 3652 ctione
857 3600 1173 3669 contigisse.
1203 3599 1340 3656 Nam
1369 3606 1442 3657 ait
1469 3605 1619 3661 dives
1644 3607 1692 3637 “
1726 3625 1740 3660 :
1782 3605 1962 3659 Habeo
1993 3607 2217 3676 quinque

705 3733 752 3768 ”
771 3732 903 3790 Luc.
939 3751 1051 3793 xw.
1073 3719 1164 3792 28.

631 3851 980 3920 similitudo,
1041 3867 1203 3920 quam
1283 3852 1464 3920 aptius
1544 3853 1880 3906 identitatem
1950 3851 2204 3906 dicimus.

630 3919 825 3990 Graeci,
855 3919 1266 3990 ὁμοουσιότηταο
1289 3919 1593 3990 ταυτότητα
1626 3938 1772 3984 vero,
1814 3930 1871 3974 ut
1898 3938 2004 3990 qua
2030 3921 2208 3975 Sabel-

629 3989 918 4044 lianismus
947 3989 1269 4059 explicetur,
1289 3993 1821 4045 omniextremorum
1852 3989 2203 4045 diStmctione

630 4060 868 4118 sublata,
917 4061 1175 4130 reprobat
1213 4059 1566 4130 Epiphanius.
1637 4060 1708 4114 De
1750 4062 1851 4114 hac
1882 4063 2063 4114 divina
2103 4078 2201 4114 ex-

631 4130 848 4183 cellenti
881 4131 1256 4187 similitudine.
1285 4146 1454 4199 pauca
1491 4131 1733 4199 quaadam
1769 4132 1834 4184 ad
1869 4147 2061 4185 novam
2093 4132 2200 4186 (Ja-

630 4200 853 4254 techesin
875 4201 1083 4264 Basilii,
1121 4201 1175 4254 in
1202 4200 1318 4255 Vita
1341 4203 1531 4271 ipsius,
1566 4209 1789 4255 auctore
1819 4203 2198 4272 Amphilochia

627 4278 837 4323 ηοειτο.

698 4339 812 4409 (91)
845 4338 1143 4410 Servavere.
1181 4340 1506 4410 Ἑτήρησαν.
1533 4338 1608 4393 Ita
1637 4340 1921 4404 legendum
1957 4349 2100 4409 patet
2133 4359 2197 4396 ex

627 4408 748 4477 ipso
779 4408 929 4462 textu
970 4409 1210 4477 Joseplii.
1240 4408 1400 4478 quem
1427 4411 1622 4464 melius
1659 4408 1968 4464 Hceschelio
2003 4413 2195 4480 legisse

624 4486 680 4531 et
711 4481 1033 4548 expendisse
1063 4480 1390 4532 Mcthodium
1436 4480 1725 4533 verisimile
1752 4490 1854 4538 est,
1887 4488 1938 4531 et
1971 4497 2033 4532 ex
2086 4498 2196 4532 om-

2324 3419 2430 3471 τῶν
2465 3418 2565 3488 (ἐν)
2615 3418 2690 3488 τῷ
2725 3418 2822 3488 βίῳ
2857 3418 3286 3488 πεπραγμένων·
3335 3418 3441 3470 τῶν
3481 3419 3536 3472 δὲ
3573 3419 3914 3490 ἀκριὸεστέ-

2325 3530 2452 3582 ρων·
2483 3515 2603 3564 ἐπεὶ
2635 3512 2770 3582 μετά
2802 3511 2899 3581 τὴν
2928 3513 3219 3565 ἀνάστασιν
3261 3511 3432 3576 οὐδεὶς
3480 3513 3536 3566 ὲν
3581 3511 3679 3582 βίῳ
3733 3530 3914 3568 κατο-

2322 3603 2583 3661 λείπεται.
2619 3605 2717 3656 οὐκ
2746 3605 2802 3654 ὲν
2829 3607 2893 3675 τῇ
2918 3604 3209 3656 ἀναστάσει
3241 3604 3497 3672 οἰομένων
3528 3603 3699 3656 ταῦτα
3727 3620 3872 3672 γεγο

2312 3867 2435 3905 rum
2487 3853 2857 3922 apparitiones
2903 3852 3128 3921 exponit
3179 3868 3192 3902 :
3246 3866 3369 3920 quae
3419 3861 3565 3922 certe
3613 3854 3908 3911 crassiora

2313 3930 2462 3984 sunt,
2487 3920 2781 3992 putidaque
2799 3932 2851 3976 et
2883 3920 3135 3975 haeretica
3161 3940 3175 3985 ;
3208 3935 3518 3989 quanquam
3546 3920 3684 3975 forte
3705 3925 3904 3982 minus

2312 3991 2541 4045 solide’a
2573 4003 2761 4045 nostro
2790 3991 3062 4045 Methodio
3093 3993 3404 4060 impugnata
3432 3993 3555 4059 :qui
3582 4001 3635 4046 et
3669 3993 3788 4061 ipse
3820 3997 3899 4049 ad

2311 4076 2541 4129 corpora
2570 4069 2840 4124 recurrat,
2868 4062 2962 4115 sed
2993 4062 3142 4113 velut
3171 4069 3427 4129 cognata,
3447 4071 3501 4115 et
3531 4063 3648 4118 sine
3681 4065 3900 4131 quibus

2311 4133 2534 4184 minime
2573 4132 2840 4185 exsistant
2870 4131 3113 4200 _spiritus
3166 4131 3408 4194 humani,
3445 4143 3637 4200 suapte
3682 4144 3893 4191 natura

2306 4203 2577 4269 corporei,
2626 4198 2934 4269 quanquahi
2992 4216 3220 4268 corpore
3273 4203 3495 4256 alterius
3546 4198 3774 4257 rationis
3812 4207 3894 4258 ab

2306 4271 2432 4329 isto.
2465 4272 2608 4341 quod
2640 4287 2738 4341 ceu
2761 4271 3140 4324 indumentum
3162 4279 3445 4326 externum
3481 4280 3757 4340 gestemus
3778 4311 3794 4335 ,
3827 4283 3892 4327 et

2304 4340 2668 4409 corruptibili.
2721 4340 2876 4394 Esset
2911 4356 3047 4410 opus
3081 4343 3310 4411 longiori
3369 4343 3760 4411 disputatione,
3804 4345 3889 4398 ad

2302 4412 2696 4465 ostendendum
2739 4413 3014 4480 quomodo
3075 4413 3189 4464 veri
3249 4411 3496 4480 spiritus,
3556 4422 3889 4480 naturaque

2302 4496 2527 4548 prorsus
2582 4483 2915 4552 incorporeas
2955 4482 3255 4551 patiantur,
3311 4482 3618 4552 praesertim
3663 4481 3733 4534 ab
3762 4483 3884 4552 igni

625 4549 785 4620 nibus
823 4549 1121 4620 historicis,
1160 4550 1472 4620 apudquos
1520 4564 1788 4620 nusquam
1846 4551 1931 4620 illa
1977 4559 2195 4620 exstant
2229 4567 2272 4620 ι)
2301 4566 2565 4619 corporeo
2595 4569 2607 4602 :
2633 4549 2921 4606 sed’l‘uerit
2947 4549 3118 4604 metas
3157 4551 3440 4610 excedere,
3473 4549 3673 4618 quibus
3723 4549 3882 4609 unus

625 4615 1391 4689 Hierosolymammpexcidia:
1418 4615 1839 4686 excepto’primo
1865 4619 1954 4671 illo
1976 4619 2198 4687 Babylo-

623 4689 750 4742 nico
793 4696 846 4742 et
884 4687 1084 4741 ultimo
1132 4687 1394 4741 Romano.
1457 4689 1818 4758 Κατεστρόκρη
1878 4703 2006 4756 ergo
2065 4693 2196 4745 urbs

623 4758 736 4820 illa,
762 4758 983 4811 subacta
1012 4767 1096 4812 est
1123 4768 1175 4828 et
1209 4765 1366 4825 capta
1386 4759 1563 4812 sexies
1587 4777 1597 4810 :
1621 4758 1887 4828 ἠρημώοη
1910 4760 2193 4821 6é,eversa

621 4837 676 4881 et
711 4829 893 4881 excisa
913 4837 996 4882 est
1021 4827 1234 4881 tandem
1261 4831 1456 4898 iterum
1478 4829 1718 4882 secundo
1752 4827 1961 4897 impérii
1990 4829 2192 4898 Vespa-

621 4898 760 4950 siani
793 4912 970 4964 anno;
1011 4899 1155 4966 quod
1184 4905 1237 4950 et
1264 4898 1379 4966 ipse
1405 4897 1785 4952 Metliodianus
1811 4907 2013 4962 textus,
2042 4897 2188 4954 clare

620 4967 974 5037 satis.i.nisua
1003 4968 1168 5022 etiam
1192 4969 1509 5032 vitiositate,
1535 4977 1905 5037 repraesentat.

691 5036 802 5106 (92)
828 5036 961 5090 Cum
987 5048 1102 5105 post
1120 5039 1570 5102 resurrectionem,
1593 5036 1698 5091 etc.
1733 5037 1956 5091 Videtur
1985 5038 2190 5106 signiﬁ-

617 5107 731 5159 cari
766 5107 1011 5161 absoluta
1037 5109 1125 5160 illa
1149 5106 1474 5176 Origeniana
1500 5109 1964 5173 ἀποκατάστασις,
2007 5120 2060 5162 et
2101 5124 2186 5161 re—

617 5175 829 5248 stitutio
853 5179 907 5248 in
932 5177 1220 5247 integrum,
1249 5175 1302 5230 iu
1329 5193 1434 5246 qua
1461 5181 1643 5232 nullus
1679 5180 1752 5232 sit
1797 5179 2185 5248 relinquendus

616 5243 672 5297 in
690 5246 813 5318 _v_ita
840 5243 1143 5318 ;7intelli'ge,
1175 5243 1442 5316 passibili,
1469 5264 1565 5302 seu
1622 5252 1784 5302 etiam
1821 5251 1874 5302 in
1905 5243 2134 5318 corpore
2164 5267 2177 5312 ;

615 5314 702 5366 cui
728 5315 778 5388 _is
809 5314 1274 5388 alligatos'cen—set
1315 5319 1539 5386 spiritus
1594 5320 1646 5371 in
1685 5335 1919 5388 pugnam,
1951 5314 2043 5372 sed
2092 5319 2182 5370 illa

613 5384 830 5460 tandem
851 5387 1090 5460 solubili,
1107 5395 1168 5460 Aet
1204 5384 1459 5460 omnibus
1483 5384 1814 5460 quandoque
1835 5389 2177 5442 remittenda.

613 5451 848 5527 Exponit
875 5471 1005 5525 ergo
1027 5455 1308 5527 Origenes,
1331 5466 1389 5509 ut
1408 5451 1515 5511 ista'
1531 5460 1582 5510 in
1607 5451 1927 5526 corporibus
1954 5475 1982 5510 a
2009 5465 2181 5510 morte

611 5525 851 5604 acceptis
868 5542 887 5604 ξ
921 5528 975 5579 in
1030 5525 1229 5604 quibus
1257 5543 1452 5604 _usque_
1493 5530 1559 5580 ad
1613 5525 2064 5604 resurrectionem
2125 5534 2180 5604 et

610 5596 975 5649 omnimodam
996 5597 1064 5650 ab
1098 5597 1205 5650 illis
1222 5597 1642 5663 absolutionem,
1677 5599 1760 5652 vel
1785 5598 2070 5665 refrigerio
2093 5597 2177 5650 vel

607 5675 791 5742 pmna,
823 5665 1049 5742 spiritus
1080 5667 1410 5742 emigrautes
1460 5671 1801 5742 potiantur;_
1825 5678 1976 5742 gesta
2003 5667 2176 5720 dicta-

605 5746 713 5799 que
739 5734 884 5806 sint;
913 5736 1180 5803 ejusmodi
1198 5734 1383 5791 adhuc
1408 5734 1764 5806 corporibus,
1789 5734 1963 5792 iifstar
1986 5752 2174 5792 carce-

606 5816 784 5857 ruma
805 5803 915 5861 Deo
948 5806 1227 5870 adhibitis,
1259 5803 1532 5877 quomodo
1563 5809 1724 5863 etiam
1750 5808 1886 5863 alias
1928 5817 2172 5863 mortuo-

2301 4621 2558 4674 Methodii
2602 4629 2780 4676 textus
2817 4621 3175 4676 elueidandus
3215 4620 3528 4689 propositus
3572 4628 3674 4673 est.
3714 4620 3881 4677 Miris

2297 4702 2463 4752 certe,
2506 4689 2599 4743 sed
2644 4693 2788 4746 veris
2841 4692 3017 4745 modis
3051 4688 3232 4742 divina
3285 4688 3496 4757 justitia
3555 4704 3686 4743 suos
3744 4691 3883 4750 illos

2297 4776 2419 4814 reos
2453 4769 2668 4829 torquet
2701 4777 2712 4810 :
2753 4777 2854 4815 nec
2885 4760 3038 4813 deest
3074 4768 3132 4811 ut
3152 4766 3414 4829 extraneo
3474 4773 3700 4829 corpore
3759 4771 3884 4816 tor-

2293 4841 2474 4899 queat,
2507 4827 2626 4900 quae
2664 4833 2826 4885 torsit
2861 4830 3176 4900 conjuncta.
3215 4827 3500 4881 Extensior
3527 4828 3709 4883 divina
3746 4847 3875 4886 ma-

2293 4917 2416 4963 nus,
2449 4899 2611 4970 quam
2661 4911 2721 4955 ut
2762 4916 2882 4956 eam
2932 4899 3878 4970 subtilissimusiquisque‘spiritus

2291 4967 2493 5040 fugiat;
2520 4988 2584 5026 eo
2618 4987 2728 5025 non
2780 4971 2940 5040 male,
2976 4977 3030 5022 et
3061 4969 3466 5040 comparatione
3495 4971 3560 5022 ad
3594 4967 3764 5023 Deum
3799 4974 3874 5027 il-

2290 5037 2397 5093 lum
2446 5041 2728 5106 Spiritum,
2769 5049 2823 5093 et
2855 5038 3022 5094 Deum
3081 5041 3393 5106 spirituum,
3433 5037 3770 5093 Damasceno
3810 5053 3877 5096 et

2288 5112 2407 5165 aliis
2431 5128 2444 5176 ;
2472 5106 2598 5166 dum
2628 5113 2701 5164 ita
2730 5111 2817 5179 pie
2845 5125 2971 5166 cum
2993 5109 3054 5162 Ι).
3072 5106 3280 5163 Thoma
3300 5109 3529 5163 velimus
3550 5123 3830 5179 exponere
3853 5131 3871 5178 ;

2286 5181 2466 5236 dictus
2506 5196 2824 5250 corporeus.

2339 5273 2471 5356 ⁵(95)
2514 5271 3168 5341 Ἐξουσιαστικώτερον.
3221 5267 3288 5324 Η.
3347 5269 3451 5335 St.,
3516 5269 3869 5335 ὲξουσιαστι-

2283 5361 2422 5395 κωτε
2431 5362 2510 5396 0οι

2353 5363 2422 5395 ›τε
2463 5363 2510 5396 οι

2353 5363 2464 5505 (94?)
2507 5392 2892 5505 ’λ.ι..ιοεθνῷν.
2917 5432 2983 5486 H.
3016 5431 3121 5505 ει..
3156 5430 3330 5485 ἄλλων
3358 5429 3547 5483 ἐθνῶν.

2351 5503 2464 5572 (⁷95)
2503 5505 2770 5558 Μᾶλλον.
2795 5503 2924 5572 ch.
2949 5503 3095 5555 ναόν.

2351 5566 2462 5645 (9(5)
2504 5578 2661 5628 Ἔτει
2719 5566 2898 5626 δευτῖ
2915 5572 3102 5641 Suppl.
3147 5586 3212 5626 ex
3245 5571 3468 5640 Ioseph.
3504 5566 3645 5622 ἑάλω
3684 5567 3862 5645 Ἱερο-

2280 5649 2403 5700 σόλυ
2414 5663 2509 5715 μα.

2348 5739 2460 5802 (97)
2503 5732 2964 5802 'Anlovo‘répw.
3013 5732 3124 5800 AL,
3181 5733 3563 5805 ἁπλούστερονν
3615 5739 3670 5786 εί
3700 5748 3863 5802 πίστιν

2278 5808 2565 5882 ἀκριϐέστε
2577 5823 2684 5877 ρον.
