4028 6318
201 356 283 414 3'25
1296 354 1385 409 EX
1422 355 1630 410 LIBRO
1671 355 1757 408 DE
1795 352 2404 409 RESURRECTIONE.

3365 351 3472 408 $25

355 467 517 534 Λέγει
559 465 680 538 γὰρ
721 467 756 519 6
791 468 1088 531 πλούσιος.
1139 468 1219 520 ότι
1252 467 1435 520 Πέντε
1478 465 1770 535 ἀδελφοὺς

1887 465 2084 533 fratres
2109 481 2127 518 :
2175 481 2237 518 ne
2266 477 2315 518 et
2344 465 2445 532 ipsi
2487 467 2706 518 veniant
2738 464 2793 516 in
2829 463 2966 516 hunc
2987 463 3160 518 locum
3192 461 3471 520 tormento-

191 561 303 630 ἅχω,
339 559 432 611 καὶ
475 558 582 609 ira
609 556 704 626 μὴ
744 560 1031 612 ἔλθωσιν
1078 562 1165 624 εὶς
1195 559 1299 610 τὸν
1340 559 1525 609 τόπον
1565 559 1779 610 τοῦτον

188 649 283 716 τῆς
301 647 606 712 βασάνου,
643 646 911 716 πέμψον
945 646 1214 715 Λάζαρον
1244 648 1656 714 ἀπαγγέλλοντα
1685 647 1781 699 αὺ-

187 744 283 802 τοῖς
302 739 364 792 τὰ
391 739 664 792 ἐνταῦθα.
692 741 818 792 Καὶ
844 739 939 792 διὰ
964 739 1121 792 τοῦτο
1150 739 1452 809 ζητούντων
1476 741 1573 809 τὴν
1606 739 1780 806 γλῶσ-

189 848 296 895 σαν,
327 832 418 884 καὶ
448 831 544 883 τὸν
577 832 885 894 δάκτυλον,
929 832 1026 884 καὶ
1052 831 1177 893 τοὺς
1225 830 1458 892 κόλπους
1504 829 1778 901 Ἀεραάμ.

188 923 272 974 καὶ
288 924 379 991 τὴν
406 921 728 993 ἀνάκλησιν
750 922 891 992 (98),
910 923 1006 975 καὶ
1020 921 1161 991 τάχα
1189 923 1248 974 τὸ
1269 923 1366 993 τῆς
1385 923 1560 992 ψυχῆς
1583 923 1697 994 ἅμα
1713 927 1777 993 τῇ

186 1013 462 1083 ἀπαλλαγῇ
519 1014 724 1083 σχῆμα
753 1014 1000 1082 ὁμοειδὲς
1043 1013 1102 1066 ὃν
1139 1013 1215 1084 τῷ
1267 1017 1431 1084 παχεί
1473 1016 1568 1066 καὶ
1607 1018 1780 1085 γηΐνῳ

187 1105 406 1174 σώματι,
464 1104 707 1157 δύναται
761 1103 906 1157 οὕτω
954 1104 1347 1174 λαμϐάνεσθαι.
1406 1106 1472 1158 Εἴ
1507 1122 1638 1159 ποτε
1687 1102 1779 1158 οὖν

186 1196 456 1266 ἱστόρηται
475 1213 567 1258 τις
589 1196 709 1248 τῶν
733 1197 1150 1266 κεκοιμημένων
1170 1196 1515 1266 φαινόμενος,
1579 1196 1779 1266 ὁμοίως

187 1287 288 1356 (99}
318 1287 570 1358 ἑώραται
605 1286 692 1356 τῷ
722 1288 813 1339 ὅτε
844 1287 940 1358 τὴν
969 1288 1145 1358 σάρκα
1184 1283 1318 1358 εἶχε,
1350 1289 1610 1358 σχήματι.
1628 1283 1782 1342 Εἶτα·

381 1381 532 1432 ’καὶ
572 1381 604 1430 ὁ
650 1377 913 1449 Σαμουὴλ
938 1379 1280 1448 φαινόμενος,
1312 1380 1384 1442 t'o;
1429 1380 1589 1450 δῆλόν
1635 1381 1783 1432 ἐστιν

180 1471 369 1539 ὁρατὸς
391 1469 494 1533 ὢν,
523 1469 886 1539 παρίστησιν,
909 1471 987 1522 ὅτι
1015 1469 1170 1540 σῶμα
1192 1473 1517 1542 περιέκειτο·
1547 1473 1779 1543 μάλιστα

183 1560 281 1609 ἐὰν
313 1556 762 1628 ἀναγκασθῶμεν
809 1559 913 1612 ὑπὸ
942 1559 1050 1612 τῶν
1093 1561 1419 1627 ἀποδείξεων
1460 1563 1560 1633 τὴν
1593 1563 1780 1615 οὐσίαν

181 1651 283 1719 τῆς
307 1652 487 1721 ψυχῆς
514 1652 810 1724 ἀσώματον
833 1649 1099 1717 εἷναι,καὶ
1148 1649 1351 1718 ταυτὴν
1377 1654 1777 1724 ἀποφήνασθαι.

345 1747 361 1762 ⁶
392 1744 492 1794 καὶ
520 1745 550 1795 6
585 1742 947 1813 κολαζόμενος
982 1743 1252 1807 πλούσιος,
1283 1743 1375 1797 καὶ
1405 1747 1432 1795 6
1460 1747 1518 1796 ὲν
1561 1745 1780 1807 κόλποις

194 1830 458 1902 Ἀϐραὰμ
489 1833 663 1905 πένης
707 1835 1142 1903 ἀναπαυόμενος,
1191 1834 1296 1902 πρὸ
1340 1833 1438 1903 τῆς
1479 1835 1779 1904 παρουσίας

177 1922 275 1976 τοῦ
598 1927 692 1980 καὶ
722 1927 828 1998 πρὸ
851 1927 952 1995 τῆς
987 1927 1294 1988 συντελείας
1313 1927 1405 1978 τοῦ
1436 1927 1650 1989 αἰῶνος,
1685 1926 1778 1977 καὶ

177 2015 268 2070 διὰ
300 2016 472 2069 τοῦτο
517 2018 625 2086 πρὸ
668 2019 766 2088 τῆς
813 2017 1160 2079 ἀναστάσεως
1191 2017 1468 2085 λεγόμενοι
1501 2018 1529 2068 6
1569 2018 1669 2085 μὲν
1719 2018 1776 2068 ὲν

177 2108 308 2179 ᾅδου
375 2110 730 2174 κολάζεσθαι,
768 2109 798 2160 6
848 2109 906 2162 δὲ
951 2111 1009 2162 ἐν
1063 2109 1284 2170 κόλποις
1349 2108 1593 2176 Ἀϐραὰμ
1647 2110 1780 2161 ἀνα-

176 2200 483 2265 παύεσθαι,
505 2201 867 2263 διδάσκουσιν,
890 2201 970 2252 ὅτι
1000 2201 1094 2252 καὶ
1141 2197 1236 2251 νῦν
1259 2201 1324 2267 τῇ
1355 2199 1641 2270 ἀπαλλαγῇ
1675 2201 1773 2270 (1),

175 2290 404 2363 σώματι
459 2293 652 2363 χρῆται
702 2294 734 2362 ἠ
781 2292 946 2360 ψυχή.
1000 2290 1143 2360 Πρὸς
1172 2288 1344 2341 ταῦτα
1389 2292 1416 2342 ὁ
1466 2290 1622 2357 ἆγιος
1651 2291 1776 2343 τάδε

175 2384 311 2454 φησί
331 2403 346 2413 -
387 2383 590 2451 Σχῆμα
620 2383 747 2435 ἄλλο
779 2381 1021 2450 ὁμοειδὲς
1050 2380 1127 2450 τῷ
1153 2379 1397 2450 αἰσθητῷ
1429 2383 1606 2450 τούτῳ
1638 2384 1776 2451 μετά

173 2475 274 2543 τὴν
303 2473 572 2528 ἐντεῦθεν
604 2473 865 2544 ἐκδημίαν
893 2473 1033 2542 ἔχειν
1065 2470 1408 2542 ἐκτιθέμενος
1442 2472 1542 2544 τὴν
1575 2472 1772 2543 ψυχήν·

174 2566 490 2637 ἀσώματον
527 2567 630 2619 ὑπὸ
680 2567 731 2620 τξ
767 2566 1129 2630 Πλατωνικῶς
1167 2569 1524 2635 ἀποφαίνεται
1567 2571 1772 2641 αὑτήν;

176 2657 251 2709 T6
285 2659 410 2727 γὰρ
457 2659 550 2711 καὶ
597 2657 732 2728 μετά
771 2657 866 2730 τὴν
899 2657 1008 2710 ἀπὸ
1033 2658 1126 2710 τοῦ
1163 2659 1369 2728 κόσμου
1415 2663 1775 2733 ἀποφοίτησιν

173 2749 470 2820 ὸῇματος
492 2749 656 2820 αὐτὴν
681 2749 898 2803 δέεσθαι
926 2750 1022 2803 καὶ
1050 2748 1344 2820 περιϐολῆς
1383 2752 1583 2822 λέγειν,
1615 2755 1690 2817 ὡς
1713 2755 1773 2807 οὐ

171 2837 500 2909 δυναμένην
547 2839 945 2909 κατασχεθῆναι
990 2841 1222 2913 γυμνὴν,
1268 2841 1383 2904 πῶς
1414 2843 1515 2895 οὐκ
1556 2843 1623 2896 ἂν
1651 2845 1772 2898 καθ’

173 2931 392 3002 ta'ntv
427 2931 710 3002 ἀσώματος
739 2935 860 3005 sit);
906 2936 1220 3006 Ἀσώματος
1247 2937 1305 2990 δὲ
1335 2932 1488 3001 οὖσα,
1523 2938 1640 3000 πῶς
1673 2940 1773 2991 οὐκ

171 3023 339 3077 ἔσται
394 3024 496 3077 καὶ
530 3026 875 3090 ἀνεπίδεκτος
915 3027 1140 3093 παθῶν;
1200 3029 1504 3081 Ἀκολουθεῖ
1543 3029 1654 3100 γὰρ
1695 3030 1771 3100 τῷ

171 3115 489 3185 ἀσώματον
535 3117 700 3187 αὐτὴν
735 3119 1004 3187 ὑπάρχειν
1049 3121 1141 3172 καὶ
1185 3121 1249 3172 τὸ
1277 3121 1460 3190 ἀπαθῆ
1491 3117 1635 3176 εἶναι
1677 3123 1771 3174 καὶ

170 3206 622 3276 ἀπερίσπαστον.
656 3209 717 3261 Ei
743 3209 842 3280 μὲν
871 3205 966 3263 οὖν
999 3209 1102 3263 ὑπὸ
1133 3210 1324 3277 ἀλόγου
1349 3210 1410 3263 οὐ
1442 3210 1771 3281 παρείλκετο

1887 574 2025 618 rum,
2061 558 2209 609 mitte
2238 554 2507 608 Lazarum
2525 565 2582 608 ut
2606 554 2714 608 illis
2737 554 3042 619 denuntiet,
3061 571 3181 624 quae
3203 555 3290 610 hic
3310 557 3464 613 liunt.

1889 650 2068 718 Atque
2099 650 2234 702 adeo
2266 651 2311 704 si
2342 648 2923 716 quaeramus-linguam
2949 647 3094 699 illam
3126 658 3184 700 et
3211 648 3466 718 digitum,

1884 740 2175 808 sinumque
2204 739 2436 792 Abrahae
2453 747 2506 794 et
2535 737 2841 793 recubitum
2869 756 2882 790 :
2912 735 3048 790 forte
3068 753 3199 791 vero
3228 746 3282 793 et
3302 755 3467 808 quam

1885 832 2068 886 statim
2097 846 2128 884 a
2162 841 2370 894 morte,
2403 846 2594 885 crasso
2649 832 2775 883 huic
2807 837 2860 883 et
2889 836 3108 881 terreno
3141 830 3359 899 corpori
3393 831 3469 883 si-

1884 922 2064 974 milem
2116 921 2345 974 formam
2393 922 2574 972 anima
2614 920 2819 984 induit;
2867 920 2946 973 sic
2985 926 3163 989 potest
3216 919 3465 988 intelligi.

1886 1012 1941 1066 Si
1975 1014 2196 1082 quando
2240 1013 2405 1083 igitur
2455 1014 2700 1068 historiis
2727 1014 2999 1082 proditum
3038 1021 3121 1067 est
3148 1014 3468 1082 apparuisse

1884 1106 2118 1174 aliquem
2151 1117 2448 1166 mortuum,
2481 1105 2644 1158 simili
2684 1102 2858 1157 forma
2895 1121 2956 1159 ac
2983 1104 3112 1158 dum
3154 1111 3468 1159 versaretur

1885 1196 1938 1249 in
1990 1212 2176 1260 carne,
2225 1197 2500 1266 apparuit.
2535 1194 2805 1250 Praeterea
2837 1215 2848 1248 :
2885 1194 3164 1250 enimvero
3202 1199 3218 1216 ⁶
3247 1194 3469 1250 Samuel

1884 1301 2160 1356 apparens
2188 1287 2266 1354 (2)
2297 1287 2445 1340 velut
2465 1287 2641 1341 oeulis
2673 1289 3009 1356 conspicuus
3033 1287 3099 1350 ⁸⁸,
3137 1287 3386 1340 indutum
3409 1300 3470 1340 se

1883 1393 2084 1448 corpus
2111 1377 2352 1432 ostendit
2385 1397 2398 1432 :
2447 1380 2752 1446 praesertim
2777 1381 2822 1430 si
2854 1379 3361 1434 demonstrantibus
3384 1396 3473 1433 ur-

1884 1487 2108 1540 geamur
2142 1472 2298 1524 fateri
2331 1485 2454 1525 esse
2478 1472 2716 1524 animam
2742 1480 2937 1524 natura
2972 1473 3376 1542 incorporeum,
3405 1488 3471 1527 ac

1883 1561 2153 1626 eamdem,
2178 1562 2440 1632 nullaque
2458 1563 2719 1616 varietate
2743 1565 2978 1630 partium
3000 1565 3099 1632 ('5).
3131 1563 3232 1617 Sed
3251 1562 3472 1620 etdives

1883 1656 2130 1724 punitus,
2161 1665 2214 1710 et
2240 1670 2447 1726 pauper
2477 1657 2530 1709 in
2561 1657 2685 1709 sinu
2718 1655 2970 1716 Abraha,
3011 1666 3134 1708 ante
3165 1653 3469 1710 Salvatoris

1886 1747 2175 1801 adventum
2213 1748 2507 1817 saeculique
2549 1748 3113 1808 consummationem,
3147 1757 3308 1816 atque
3333 1747 3470 1801 adeo

1883 1848 2008 1892 ante.
2034 1841 2486 1892 resurrectionem
2508 1839 2687 1909 quiete
2707 1840 2913 1910 potitus
2932 1857 2949 1902 ;
2968 1837 3112 1907 quod
3129 1840 3264 1892 alter
3286 1839 3470 1906 puniri

1886 1933 1940 1984 in
2002 1929 2247 1991 inferno,
2295 1929 2432 1984 alter
2464 1931 2519 1983 in
2565 1931 2689 1985 sinu
2730 1930 2956 1983 Abrahae
2999 1929 3216 1982 dicatur
3250 1930 3470 1999 requie-

1881 2036 2060 2085 scere;
2082 2009 2152 2073 ’id
2184 2022 2402 2084 docent,
2433 2022 2600 2075 etiam
2637 2021 2817 2083 modo,
2855 2021 3038 2074 statim
3065 2035 3094 2072 a
3123 2021 3469 2090 migratione,

1882 2115 1960 2167 uti
2009 2113 2246 2166 animam
2284 2127 2531 2182 corpore.
2571 2111 2652 2165 Ad
2687 2128 2810 2181 quae
2861 2112 2934 2164 ita
2991 2113 3076 2164 vir
3105 2122 3330 2167 sanctus
3381 2128 3468 2166 re-

1881 2205 2140 2273 spondet:
2175 2202 2400 2266 docens,
2428 2203 2625 2256 babere
2646 2203 2881 2254 animam
2916 2202 3005 2254 ubi
3041 2217 3070 2255 a
3101 2217 3335 2271 corpore
3365 2203 3471 2257 mi-

1879 2295 2057 2365 gravit
2082 2336 2095 2358 ,
2142 2293 2373 2347 formam
2407 2293 2572 2347 aliam
2597 2335 2614 2358 ,
2651 2294 2844 2348 huicce
2886 2295 3166 2361 sensibili,
3194 2297 3375 2364 specie
3402 2312 3468 2350 ac

1880 2387 2070 2440 habitu
2112 2386 2370 2440 similem.
2403 2383 2678 2451 Quorsum
2716 2401 2847 2440 vero
2872 2387 3131 2448 animam,
3169 2389 3465 2458 inquit“),

1878 2477 2159 2534 Platonice
2183 2475 2560 2548 incorpoream
2592 2478 2898 2550 (Origenes)
2925 2479 3147 2534 deﬁnit?
3164 2487 3295 2545 Qua:
3315 2483 3464 2537 enim

1876 2579 2002 2638 post
2047 2571 2214 2625 etiam
2260 2586 2547 2626 excessum
2578 2587 2610 2626 e
2645 2573 2778 2636 vita,
2825 2572 3076 2626 vehiculo
3119 2583 3275 2642 egeat
3303 2581 3356 2626 et
3380 2588 3466 2626 ve-

1881 2669 1986 2728 ste,
2021 2663 2170 2716 velut
2200 2661 2346 2716 nuda
2371 2661 2759 2732 comprehendi
2790 2679 2901 2717 non
2933 2665 3110 2734 possit
3145 2675 3240 2718 aut
3267 2665 3464 2728 teneri,

1876 2754 2150 2824 quomodo
2175 2769 2285 2809 non
2311 2754 2427 2823 ipsa
2446 2770 2542 2824 per
2572 2769 2631 2808 se
2656 2755 2978 2823 incorporea
3003 2755 3109 2808 sit?
3137 2754 3465 2825 lncorporea

1874 2861 2030 2910 vero,
2049 2847 2146 2916 qui
2170 2862 2278 2901 non
2309 2849 2470 2901 etiam
2491 2845 2558 2898 ab
2584 2844 2733 2897 omni
2783 2846 3038 2913 passione
3069 2845 3329 2900 immunis
3355 2846 3468 2901 sit?

1873 2935 2244 3005 Consequitur
2281 2935 2426 2990 enim
2453 2969 2468 2995 ,
2509 2939 2569 2984 ut
2599 2936 2920 3003 incorporea
2939 2936 3034 2998 sit,
3052 2943 3105 2990 et
3126 2944 3309 2989 utnon
3332 2952 3462 3006 pos-

1873 3027 1944 3080 sit
1963 3025 2098 3080 allici
2121 3041 2186 3080 ac
2219 3026 2552 3094 perturbari.
2580 3023 2635 3078 Si
2656 3025 2803 3078 nulla
2827 3039 2959 3094 ergo
2975 3027 3205 3089 ratione,
3231 3026 3409 3079 alieno
3428 3040 3460 3080 a

1872 3118 2084 3172 ratione
2108 3118 2352 3186 appetitu
2377 3116 2721 3182 trahebatur,
2756 3117 2919 3185 plane
2952 3133 3055 3171 nec
3086 3118 3322 3173 dolentis
3337 3133 3461 3172 cor-

1871 3208 2023 3276 poris
2039 3208 2582 3278 patientisquesensu
2607 3208 2717 3260 ullo
2738 3207 3147 3262 immutabatur.
3170 3207 3458 3279 Nunquam

171 3297 316 3361 ὅλως
357 3296 680 3369 ἐπιθυμίας,
718 3301 841 3354 οὐδὲ
872 3301 1342 3372 συμμετεϐἀλλετο
1385 3301 1639 3371 ἀλγοῦντι
1677 3305 1769 3356 καὶ

1874 3300 2018 3353 enim
2048 3301 2194 3370 quod
2224 3308 2382 3355 vacat
2405 3314 2652 3370 corpore,
2687 3317 2792 3354 una
2826 3316 2950 3354 cum
2976 3316 3226 3368 corpore,
3263 3318 3326 3355 ac
3358 3319 3460 3358 nec

171 3391 461 3462 πάσχοντι
513 3390 590 3461 τῷ
637 3391 867 3462 σώματι.
928 3394 1240 3464 Ἀσώματον
1287 3393 1394 3466 γὰρ
1447 3393 1680 3464 σώματι,
1728 3396 1761 3464 ἢ

172 3483 346 3552 σῶμα
375 3481 656 3552 ἀσωμάτῳ
681 3482 782 3535 οὐκ
813 3482 878 3536 ἄν
907 3500 1036 3536 ποτε
1079 3484 1374 3554 συμπάθοι,
1409 3485 1497 3538 ἵνα
1527 3483 1596 3537 ἃν
1625 3482 1767 3536 dadi-

244 3643 264 3661 '
296 3637 896 3718 {zdlz‘dutpévtoyﬁv
922 3642 1156 3718 r6_:n:ap&
1175 3646 1274 3716 τῆς
1301 3645 1764 3718 Ἐνγαστριμύθου

170 3711 453 3781 ἀναχθὲν,
473 3711 585 3764 ἀλλ’
603 3713 696 3782 οὐχ
723 3713 751 3763 ό
784 3711 1054 3784 Σαμουὴλ.

241 3849 291 3880 ³⁸
325 3849 350 3902 l
384 3845 517 3916 Reg.
545 3817 735 3914 n‘vul,
762 3847 849 3902 12.

237 3984 364 4052 (98)
419 3984 800 4055 'Ardxlnmr.
833 3983 996 4042 Forte
1018 3986 1314 4041 ἀνάκλισιν.

263 4055 367 4124 99)
415 4055 674 4127 :Oyoiwc.
702 4057 810 4127 AL,
840 4058 1043 4127 ὅμοιος.

267 4130 325 4184 ii
345 4122 448 4188 Τῇ
470 4126 689 4178 dmum.
725 4122 886 4180 Deest
912 4126 1047 4194 ἅμα.
1295 4126 1301 4131 ’
1516 4179 1525 4192 ,

240 4199 326 4278 (ξ.)
363 4195 588 4278 Samuel
611 4211 890 4278 apparens.
922 4195 1118 4278 Paucis
1155 4197 1765 4278 Scholiongsententiam

167 4261 455 4326 modii
483 4261 1270 4336 buic_0rigenian:eadversam
1287 4261 1556 4336 explicat;
1578 4280 1637 4320 ut
1656 4282 1766 4322 non

167 4337 442 4400 Samuel,
470 4335 559 4389 sed
589 4333 798 4387 daemon
841 4333 988 4388 Sauli
1022 4337 1308 4398 illusurus,
1342 4333 1603 4391 ementita
1644 4339 1765 4405 ejus

166 4411 397 4482 specie,
442 4414 694 4459 evocatus
717 4405 1030 4482 apparuerit
1059 4422 1211 4482 :qua:
1239 4416 1320 4461 est
1340 4423 1601 4482 perquam
1624 4423 1769 4482 _eom-

165 4475 366 4534 munis
432 4475 1168 4546 sanctorum»sententiatin
1199 4475 1362 4545 quam
1396 4479 1554 4546 plura
1605 4477 1764 4533 docte

1872 3407 2074 3462 corpus
2106 3408 2215 3446 una
2239 3408 2364 3446 cum
2394 3408 2459 3447 eo
2508 3391 2652 3462 quod
2680 3394 2772 3446 illo
2804 3400 2978 3456 vacat,
3005 3393 3256 3447 habuerit
3280 3393 3458 3461 allici;

1875 3491 1936 3539 ut
1969 3483 2044 3538 ita
2072 3499 2202 3539 sane
2230 3491 2599 3539 consentanee
2626 3485 2787 3539 dictis
2817 3483 2892 3555 (5)
2933 3485 3254 3553 incorporea
3284 3485 3457 3541 videri

1945 3643 1967 3665 ⁶
2005 3638 2182 3695 Schol.
2227 3638 2564 3693 Dmmonium
2605 3646 2724 3692 erat
2761 3640 2904 3709 quod
2946 3639 3048 3692 fuit
3088 3647 3374 3694 evocatum
3422 3655 3454 3694 a

1874 3713 2216 3782 ventriloqua
2243 3719 2297 3766 et
2324 3709 2672 3782 Pythonissa,
2698 3725 2806 3764 nou
2830 3727 2957 3766 vero
2983 3709 3226 3766 Samuel.

1953 3987 2027 4054 (4)
2053 3985 2318 4052 Quorsum
2334 4000 2450 4038 vero
2475 3985 2731 4045 animum,
2763 3983 2953 4051 inquit,
2979 3990 3086 4036 etc.
3133 3982 3450 4054 ᾎσώματον

1874 4057 1988 4112 ὑπὸ
2009 4053 2060 4109 τί
2092 4054 2453 4117 Πλατωνικῶς
2488 4054 2848 4121 ἀποφαίνεται
2898 4054 3101 4122 abripi;
3142 4053 3233 4106 Sic
3272 4055 3449 4108 inter-

1869 4128 2112 4196 rogative
2159 4126 2445 4196 legendum
2483 4126 2599 4191 ipsa
2629 4131 2812 4178 textus
2847 4125 3019 4177 series
3048 4122 3331 4196 exigit,_ut
3359 4126 3448 4180 hic

1873 4193 2101 4266 incipiat
2140 4193 2288 4264 loqui
2326 4194 2632 4249 Methodius
2665 4202 2718 4248 et
2745 4208 2974 4266 arguere
3003 4195 3182 4264 priora
3225 4193 3446 4261 (Photio

1869 4263 2056 4322 verbis
2108 4263 2374 4335 proximis
2415 4274 2723 4335 exponente
2765 4263 3019 4335 Methodii
3068 4266 3444 4335 sententiam),

1869 4353 1992 4407 quae
2039 4333 2300 4390 Schottus
2332 4343 2392 4388 ut
2440 4333 2699 4407 Methodii
2731 4333 3037 4407 confundit,
3085 4334 3160 4386 illi
3203 4336 3445 4403 ascripta

1871 4403 2162 4469 sententia,
2193 4421 2357 4474 quam
2394 4407 2442 4459 is
2467 4406 2578 4474 sibi
2631 4403 3059 4474 impugnandam
3113 4407 3436 4472 assumpsit,

1868 4485 1922 4531 et
1971 4473 2239 4531 sententia
2291 4476 2407 4544 ipsa
2451 4473 2702 4542 Origenis
2741 4491 2752 4526 :
2801 4481 2858 4524 nt
2896 4473 3361 4544 nimirumetiam
3407 4492 3440 4530 ει

163 4545 574 4619 disputat_Leo
601 4544 831 4619 Allatius
854 4545 913 4619 _in
945 4559 1045 4596 suo
1069 4542 1372 4619 Eustathio,
1396 4542 1639 4619 tractatu
1672 4564 1767 4616 pe-
1797 4543 1842 4597 D
1870 4556 2068 4606 morte,
2116 4547 2225 4600 sint
2274 4542 2562 4619 animabus
2613 4550 2874 4619 tanquam
2937 4542 3339 4619 spiritualibus,
3387 4554 3443 4599 et

165 4613 378 4674 culiari
423 4614 492 4668 de
512 4630 574 4669 ea
606 4632 664 4670 re
693 4616 748 4670 in
774 4613 1082 4684 Origenem,
1114 4617 1330 4684 qualem
1357 4618 1520 4671 etiam
1582 4613 1772 4672 noster

165 4687 502 4746 lethodius
544 4683 1012 4748 elaboravit,’sed
1057 4683 1318 4740 hactenus
1365 4686 1768 4742 desideramus.

167 4761 292 4830 Ipse
326 4757 404 4810 Ι).
448 4753 827 4830 Τῒιοωιιελί-ε,
858 4771 913 4824 q.
943 4752 1033 4830 953.
1060 4756 1188 4830 aui,
1220 4755 1361 4830 2,_et
1392 4772 1447 4830 q.
1478 4757 1599 4830 ΓΜ,
1637 4759 1766 4830 a._5,

164 4825 220 4891 ι’,
245 4832 306 4883 in
341 4840 425 4881 ea
453 4826 594 4878 velut
621 4827 891 4880 solutione
919 4825 1173 4892 quiescit,
1201 4834 1261 4877 ut
1285 4825 1446 4880 fuerit
1471 4827 1630 4881 [ictus
1669 4828 1769 4881 Sa-

166 4899 342 4961 muel,
381 4908 458 4949 ea
483 4897 751 4950 solutione
779 4895 1066 4963 utrobique
1117 4895 1308 4948 ultimo
1341 4897 1461 4949 loco
1491 4897 1671 4960 allata,
1704 4914 1768 4953 ac

165 4986 272 5025 nec
295 4973 442 5038 ipsa
459 4967 788 5038 auctoritate
808 4967 931 5021 libri
959 4965 1164 5038 Eccles.
1190 4968 1442 5038 quaesola
1477 4967 1764 5038 videbatur

164 5034 412 5113 obstare
444 5034 514 5097 ,in
543 5050 559 5087 ι
589 5051 643 5104 p.
677 5037 862 5102 tacita,
899 5037 996 5090 sed
1035 5043 1089 5090 et
1129 5036 1247 5105 ipsa
1275 5035 1466 5090 ultimo
1508 5037 1628 5090 loco
1670 5055 1764 5093 so-

237 5182 322 5251 (5)
359 5177 454 5230 Ac
500 5175 756 5251 eamdem,
797 5177 1046 5251 nulloque
1079 5176 1330 5251 parietate
1373 5176 1625 5251 partium.
1683 5176 1760 5251 ita

166 5247 519 5321 exponimus
561 5247 700 5321 quod
746 5248 1324 5321 legendumdduximus
1355 5249 1580 5321 ταυτήν,
1616 5250 1762 5301 velut

163 5316 266 5393 τὴν
298 5316 509 5384 αὑτήν,
535 5317 764 5393 eamdem
793 5319 964 5385 ipsum
991 5319 1092 5371 sibi
1121 5335 1138 5369 :
1169 5333 1278 5387 quo
1312 5318 1466 5393 longe
1500 5316 1653 5393 abest
1703 5326 1760 5370 ut

163 5385 347 5447 videri
395 5385 573 5456 possit
609 5401 670 5457 ea
701 5385 898 5446 forma,
930 5405 1036 5457 qua
1068 5404 1125 5443 se
1175 5385 1532 5457 aspectandas
1565 5389 1759 5441 anima:

165 5478 276 5516 non
313 5455 462 5514 raro
503 5455 880 5524 prabuerunt;
921 5455 1066 5513 velut
1115 5455 1320 5513 retenta
1356 5457 1522 5525 priori
1578 5459 1757 5524 specie

163 5545 216 5588 α
244 5531 460 5587 habitu
483 5541 579 5580 seu
611 5525 975 5598 lineamentis.
1012 5538 1230 5598 totaque
1258 5528 1502 5596 corporis
1534 5542 1756 5595 compo-

165 5605 409 5661 sitione,
435 5611 554 5668 qua;
585 5597 818 5668 partium
842 5597 1285 5668 _dissimiliarium
1343 5598 1578 5668 propriis
1610 5598 1754 5650 notis

166 5611 409 5661 mione,
435 5611 554 5666 qua
585 5611 818 5719 paruum
854 5611 1285 5652 ulssmnharium
1343 5613 1578 5668 propriis
1610 5611 1749 5650 notis

166 5671 460 5728 consistit.
513 5667 582 5722 Sc
623 5674 795 5726 ottus.
834 5663 987 5720 Hanc
1018 5670 1180 5723 videri
1230 5669 1749 5733 demonstrationem,

171 5745 224 5794 in
249 5744 463 5813 quibus
518 5751 619 5813 ego
659 5737 844 5813 verbis
874 5751 962 5813 __ne
1007 5737 1173 5813 hilum
1211 5755 1405 5795 sensus
1437 5739 1614 5803 video,
1652 5753 1750 5791 nec

171 5806 292 5869 icio
319 5828 395 5865 an
429 5806 798 5883 perspicacior
833 5806 973 5861 alius
1005 5810 1217 5865 viderit.

1872 4633 1992 4686 quae
2025 4633 2131 4670 non
2165 4616 2374 4686 possint
2405 4616 2560 4686 aliter
2598 4614 2794 4686 teneri,
2826 4627 2922 4686 sua
2961 4613 3205 4686 vehicula
3236 4621 3444 4686 eteor-

1873 4683 2004 4755 pora
2030 4704 2046 4751 ;
2075 4683 2239 4755 quam
2279 4685 2367 4737 ille
2391 4684 2859 4752 spiritualitatem,
2893 4683 3242 4737 incommodo
3265 4684 3438 4747 ducit,

1870 4757 2192 4810 existimans
2235 4755 2325 4808 illa
2370 4768 2653 4820 concessa,
2693 4770 2801 4807 non
2836 4769 2994 4822 posse
3041 4756 3278 4805 animam
3313 4769 3439 4807 cum

1870 4840 2101 4894 corpore
2133 4833 2188 4878 et
2244 4823 2628 4878 aﬂ'ectionibus
2679 4825 2950 4893 corporis,
2989 4825 3132 4876 velut
3167 4824 3434 4894 e‘xlranei,

1868 4888 2005 4949 allici
2036 4914 2046 4946 :
2081 4894 2223 4963 quod
2269 4902 2322 4947 et
2353 4897 2699 4963 experientia:
2743 4888 3060 4948 adversatur
3089 4902 3139 4944 et
3184 4888 3434 4960 Scriptu-

1868 4968 1967 5020 ris.
2001 4966 2092 5026 T6,
2126 4964 2230 5016 ὑπὸ
2260 4965 2332 5027 τί,
2365 4981 2678 5034 quanquam
2727 4967 2929 5023 rarius,
2966 4964 3270 5034 accipimus
3316 4964 3436 5016 ἀντὶ

1866 5037 1978 5100 τοῦ,
2011 5036 2157 5105 παρὰ
2185 5035 2254 5089 τί.
2293 5032 2457 5089 Forte
2509 5032 2635 5088 vero
2675 5034 2958 5102 scripserit
3006 5032 3312 5086 Methodius
3347 5034 3432 5087 ἵνα

1863 5108 1934 5159 τί·
1970 5107 2050 5160 sic
2102 5120 2202 5158 nos
2263 5107 2463 5174 passim
2505 5106 2981 5175 παραγραμματα,
3021 5105 3072 5175 in
3119 5112 3436 5173 portentosa

1865 5177 2109 5246 quaedam
2143 5176 2449 5243 impellunt,
2500 5174 2776 5242 nunquam
2828 5174 3145 5246 auctoribus
3173 5175 3430 5246 cogitata.

1935 5249 2012 5317 (5)
2042 5245 2225 5317 Ulhita
2267 5264 2393 5298 sane
2443 5255 2784 5317 consentanei:
2821 5245 2998 5297 dictis.
3031 5245 3146 5317 Ἵνα
3190 5244 3256 5317 ᾂν
3290 5244 3429 5296 ἀσώ-

1865 5314 2028 5388 ματον
2060 5315 2206 5379 δόξαι
2254 5317 2441 5388 αὐτὴν.
2487 5316 2827 5388 Ηωευιιοιὶιιε
2876 5315 3136 5388 pulat_r6
3188 5314 3274 5388 ῥέα
3320 5330 3430 5369 non

1861 5382 2048 5443 carere
2071 5389 2231 5451 vitio;
2269 5382 2510 5440 scd'non
2551 5386 2754 5455 detegit
2789 5382 2890 5437 aut
2911 5385 3156 5454 corrigit.
3192 5382 3430 5437 Putavev

1860 5461 1960 5511 rim
1991 5472 2091 5527 ego
2125 5458 2408 5525 legendum
2438 5457 2512 5519 ὡς
2551 5458 2634 5509 vel
2681 5456 2810 5525 quid
2846 5456 3044 5527 simile,
3079 5456 3273 5527 ut_sitA
3297 5468 3430 5527 con-

1857 5523 2048 5582 clusio'
2077 5523 2223 5580 illata
2253 5527 2473 5596 quidem
2509 5523 2767 5595 legitime,
2798 5534 2856 5596 ut
2901 5524 3119 5596 quidem
3157 5523 3429 5596 Methodio

1856 5599 2103 5663 videtur;
2131 5598 2224 5651 sed
2255 5592 2321 5651 ex
2351 5597 2488 5650 falso
2514 5592 2877 5657 antecedenti,
2918 5592 3060 5662 quod
3084 5592 3278 5650 deinde
3310 5593 3426 5647 vel-

1855 5679 1912 5720 ut
1949 5670 2320 5735 assumptione
2374 5668 2641 5731 destruat,
2679 5672 2889 5719 asserta
2916 5676 3115 5735 Amutua
3161 5665 3246 5716 illa
3278 5665 3426 5735 velut

1853 5741 2088 5806 partium
2137 5732 2167 5791 a
2199 5747 2394 5791 natura
2451 5736 2730 5790 unitarum
2785 5732 3039 5802 passione
3081 5749 3243 5802 quam
3296 5732 3422 5788 Ori-

1852 5825 2014 5879 genes
2045 5809 2293 5879 negabat.
