4028 6318
668 365 774 420 327

1639 363 1696 417 S.
1742 359 2076 417 ΜΕΤΗΟΒΙΙ
2115 358 2426 416 EPISCOPI
2465 360 2555 415 ET
2594 360 2958 417 MARTYRIS

3813 364 3924 418 39.5

667 485 862 557 lwssit.
897 485 990 539 Sin
1015 495 1193 540 autem
1224 501 1329 540 una
1352 501 1478 542 cum
1508 499 1740 556 corpore
1769 486 2027 556 patiatur,
2060 493 2119 538 ut
2155 501 2243 539 eo-

2355 501 2522 553 ματον
2555 484 2702 550 δόξαι
2733 485 2900 556 αὐτὴν
2926 483 3233 548 ἀκολούθως
3260 488 3370 548 τοῖς
3399 484 3726 556 εἰρημένας.
3764 483 3831 537 ΕΙ
3860 482 3928 536 σε

668 587 790 628 rum
814 573 906 638 qui
939 583 1309 643 apparuerunt
1335 575 1646 629 testimonia
1680 575 1947 643 probant,
1973 575 2131 643 plane
2161 574 2246 628 in-

667 676 928 733 corporea
953 679 1072 718 esse
1097 664 1304 734 nequit.
1344 664 1484 735 Ergo
1525 666 1675 721 solus
1712 665 1853 719 Deus
1874 705 1888 727 ,
1933 673 2126 718 natura
2155 665 2243 717 in-

668 750 867 817 genita,
896 751 1098 805 nullius
1118 767 1303 821 egens,
1332 768 1395 805 ac
1429 752 1698 808 indefessa
1715 755 2053 820 celebratur;
2075 755 2240 818 velut,

668 855 733 894 eo
768 841 1096 906 invisibilis,
1125 843 1268 913 quod
1299 845 1654 914 incorporeus
1690 866 1702 900 :
1736 846 1902 900 Deum
1959 848 2103 901 enim
2146 863 2240 900 ne-

670 947 754 983 mo
788 931 914 985 vidit
947 932 1015 985 “.
1047 933 1255 987 Anima;
1287 950 1416 988 vero
1444 937 1513 988 ab
1536 936 1779 990 omnium
1808 943 2031 991 auctore
2061 947 2241 1006 patre-

666 1037 792 1091 que,
817 1037 1047 1094 corpora
1074 1025 1410 1096 intelligendi
1442 1025 1696 1081 facultate
1723 1028 1944 1098 praedita
1975 1033 2160 1086 edita.
2191 1027 2246 1081 in

666 1113 916 1168 membra
969 1115 1199 1169 rationis
1248 1117 1407 1171 oculo
1465 1119 1849 1187 aspectabilia,
1913 1119 2249 1187 ejuscemodi

667 1204 1035 1262 delineatione
1081 1215 1326 1277 accepta,
1377 1208 1600 1279 digestae
1644 1217 1793 1264 sunt.
1827 1208 1982 1265 Unde
2017 1217 2072 1264 et
2104 1210 2248 1279 apud

668 1297 878 1354 inferos
899 1339 913 1362 ,
950 1307 1009 1353 ut
1054 1307 1109 1354 et
1157 1301 1211 1354 in
1253 1300 1461 1358 Lazaro
1493 1311 1548 1358 et
1577 1304 1745 1358 divite
1787 1303 1972 1358 videre
2002 1309 2107 1364 est,
2139 1303 2248 1357 lino

666 1405 854 1463 guam,
873 1399 927 1444 et
943 1391 1194 1461 digitum,
1213 1402 1266 1447 et
1289 1393 1393 1447 alia
1415 1395 1658 1449 membra
1682 1394 1993 1449 referuntur
2006 1393 2238 1448 habere:

667 1498 777 1537 non
800 1484 945 1554 quod
961 1487 1195 1540 alienum
1214 1500 1415 1556 corpus
1433 1502 1556 1541 cum
1592 1486 1701 1541 illis
1717 1488 1946 1541 exsistat
1975 1484 2207 1539 informe
2225 1527 2241 1550 ,

667 1576 761 1631 sed
788 1577 931 1646 quod
963 1577 1093 1647 ipsae
1121 1578 1316 1633 animas
1346 1578 1416 1632 ab
1460 1579 1608 1632 omni
1643 1587 1958 1648 tegumento
1987 1578 2239 1644 nudatae,

668 1678 862 1724 natura
893 1686 990 1726 sua
1015 1677 1069 1725 et
1099 1670 1400 1725 secundum
1433 1669 1796 1724 substantiam
1827 1671 1937 1725 sint
1965 1670 2124 1726 tales.

2354 576 2663 646 συμπάσχοι
2707 576 2784 646 τῷ
2830 576 3075 646 σώματι,
3118 577 3366 648 καθάπερ
3413 579 3506 630 καὶ
3547 577 3631 630 διὰ
3671 579 3770 648 τῆς
3801 577 3925 627 ἐπι-

2353 669 2745 738 μαρτυρήσεως
2796 668 2904 720 τῶν
2944 669 3281 738 φαινομένων
3335 668 3728 728 ἀποδείκνυται,
3777 664 3926 720 ἀσώ-

2353 775 2520 828 ματος
2553 755 2691 812 εῐναι
2723 760 2783 812 ού
2812 759 3054 813 δύναται.
3107 762 3312 828 Ἥγουν
3343 759 3603 829 ἀγένητος
3633 760 3724 814 καὶ
3764 759 3924 812 ἀνεν-

2345 848 2471 919 δεὴς
2498 849 2593 901 καὶ
2621 849 2901 919 ἀκάματος
2931 849 3090 918 φύσις
3118 851 3146 902 ὁ
3173 850 3303 913 Θεὸς
3339 849 3498 919 μόνος
3530 849 3708 920 ᾄδεται
3727 865 3738 876 ·
3775 847 3926 902 ἀσώ-

2350 958 2517 1011 ματος
2545 939 2640 999 ὢν,
2667 940 2747 994 διὸ
2775 941 2869 994 καὶ
2899 942 3145 1011 ἀόρατος.
3171 940 3304 993 Θεὸν
3327 940 3436 1012 γὰρ
3458 940 3629 1002 οὐδεὶς
3655 940 3920 1011 ἑώρακεν.

2344 1031 2408 1081 Αἰ
2438 1029 2493 1082 δὲ
2525 1031 2694 1101 ψυχαὶ
2749 1032 2856 1084 ἀπὸ
2903 1030 2996 1084 τοῦ
3037 1031 3365 1103 δημιουργοῦ
3414 1033 3509 1084 καὶ
3559 1031 3768 1104 [ἰατρὸς
3808 1031 3924 1084 τῶν

2345 1121 2502 1186 ὅλων,
2531 1121 2759 1191 σώματα
2801 1122 2966 1194 νοερὰ
2995 1123 3360 1194 ὑπάρχουσαι,
3387 1125 3467 1186 εις
3497 1123 3637 1193 λόγῳ
3667 1123 3924 1194 θεωρητά

2351 1212 2489 1282 μέλη
2541 1213 3022 1286 διακεκόσμηνται,
3068 1216 3272 1286 ταύτην
3308 1215 3569 1269 λαϐοῦσαι
3604 1215 3702 1286 τὴν
3733 1217 3926 1270 διατύ-

2349 1315 2544 1351 τυυσιν.
2591 1300 2752 1355 Ὅθεν
2796 1303 2891 1356 καὶ
2929 1305 2987 1356 ὲν
3014 1303 3091 1374 τῷ
3133 1304 3256 1376 ᾄδῃ,
3297 1304 3547 1376 καθάπερ
3572 1305 3666 1358 καὶ
3700 1306 3792 1358 ἐπὶ
3823 1305 3927 1360 τοῦ

2351 1394 2605 1467 Λαζάρου
2641 1398 2734 1449 καὶ
2753 1397 2846 1450 τοῦ
2880 1398 3156 1461 πλουσίου,
3181 1401 3274 1454 καὶ
3301 1399 3569 1468 γλῶσσαν,
3598 1402 3692 1455 καὶ
3716 1401 3926 1455 δάκτυ-

2349 1485 2458 1551 λον,
2485 1488 2580 1540 ut
2603 1486 2673 1540 τά
2694 1487 2826 1542 ἀλλα
2859 1489 2991 1560 μέλη
3023 1489 3355 1561 ἱστοροῦνται
3377 1490 3520 1561 ἔχειν
3537 1506 3552 1522 ⁸
3581 1492 3677 1562 οὐχ
3699 1490 3777 1555 ὡς
3795 1492 3932 1545 ἐτέ-

2353 1594 2446 1650 ρου
2487 1576 2735 1648 σώματος
2764 1580 3198 1652 συνυπάρχοντος
3225 1582 3416 1649 αὑταῖς
3441 1581 3669 1648 ἀειδοῦς,
3697 1583 3815 1638 ἀλλ’
3837 1584 3932 1637 ὅτι

2349 1661 2512 1722 αὗται
2548 1667 2709 1737 φύσει
2738 1671 2793 1722 αἱ
2835 1671 3025 1742 ψυχαὶ,
3061 1676 3276 1737 πάντως
3309 1675 3785 1746 ἀπογυμνωθεῖσαι
3824 1693 3934 1728 πε-

2351 1762 2703 1834 ριδλήματος,
2741 1763 2987 1819 τοιαῦται
3021 1766 3161 1820 κατά
3190 1767 3290 1839 τὴν
3329 1768 3518 1822 οὐσίαν
3560 1769 3927 1839 ὑπάρχουσιν.

733 1845 851 1904 XX.
879 1847 1041 1916 Addit
1079 1849 1134 1902 in
1181 1847 1285 1904 fine
1314 1850 1398 1904 vir
1437 1857 1661 1905 sanctus
1693 1869 1707 1905 :
1740 1849 1797 1903 id
1844 1852 1990 1923 quod
2035 1853 2240 1910 dictum

2416 1858 2486 1910 Κ.
2531 1857 2655 1909 Ὅτι
2681 1859 2842 1928 φησὶν
2871 1861 2900 1912 ὁ
2925 1860 3074 1927 ἅγιος
3106 1863 3164 1914 ὲν
3194 1859 3364 1912 τέλει’
3399 1861 3563 1912 Ὥστε
3587 1856 3772 1912 τδιδιά
3798 1857 3934 1911 τοῦ·

649 1939 852 2001 εειηε
888 1938 949 1991 In
978 1939 1074 1992 hoc
1117 1939 1364 1995 Christus
1408 1951 1644 1996 mortuus
1680 1952 1777 2007 est,
1809 1952 1863 1996 ut
1907 1957 2236 2000 mortuorum

664 2037 714 2080 et
738 2029 972 2081 vivorum
1003 2029 1347 2086 dominetur:
1384 2031 1452 2087 de
1494 2032 1784 2088 animabus
1809 2040 1863 2088 et
1912 2037 2240 2106 corporibus

665 2119 1044 2188 accipiendum
1070 2137 1193 2176 esse
1225 2143 1236 2177 :
1266 2124 1406 2180 vivis
1445 2124 1656 2180 scilicet
1701 2125 2009 2192 animabus,
2054 2137 2242 2199 utpote

662 2211 1098 2280 immortalibus;
1131 2215 1360 2271 mortuis
1385 2231 1512 2272 vero
1546 2218 1890 2286 corporibus.

734 2302 873 2357 XXI.
904 2303 1063 2369 Cum,
1097 2307 1294 2375 inquit,
1329 2308 1626 2362 humanum
1659 2323 1858 2377 corpus
1881 2307 1981 2380 (6),
2013 2310 2243 2366 aliorum

665 2395 983 2449 animalium
1023 2397 1354 2464 corporibus
1387 2397 1457 2452 sit
1493 2396 1752 2461 nobilius,
1788 2398 1934 2452 velut
1967 2401 2112 2469 quod
2146 2400 2240 2455 Dei

670 2488 925 2543 manibus
969 2487 1190 2542 dicatur
1223 2488 1516 2544 formatum
1538 2531 1552 2555 ,
1597 2491 1921 2560 habeatque,
1955 2501 2014 2545 ut
2047 2495 2242 2548 animae

662 2577 950 2631 rationalis
985 2592 1106 2646 qua:
1139 2585 1223 2631 est
1247 2578 1500 2642 nobilior,
1531 2579 1602 2634 sit
1636 2580 1942 2634 vehiculum
1971 2598 1982 2633 :
2007 2598 2242 2652 quomo~

664 2667 736 2723 do
765 2669 944 2739 ipsum
980 2670 1200 2741 quidem
1243 2680 1352 2726 tam
1383 2671 1565 2728 brevis
1607 2679 1690 2728 est
1731 2673 1853 2738 aevi,
1890 2690 2014 2729 cum
2051 2675 2243 2729 bruto-

665 2774 788 2813 rum
824 2761 1187 2829 quorumdam
1233 2777 1486 2834 corpora,
1525 2765 1648 2819 vita:
1686 2764 1795 2818 sint
1833 2767 2006 2820 multo
2032 2765 2244 2835 longio-

666 2850 782 2905 ris?
808 2850 947 2906 Num
972 2853 1170 2923 palam,
1219 2854 1364 2923 quod
1399 2870 1430 2908 a
1462 2857 1886 2921 resurrectione,
1937 2856 2243 2912 substantia

665 2940 786 3011 ejus
808 2943 1050 3014 longaeva
1080 2945 1262 2998 l'utura
1283 2944 1394 3000 sit?

2341 1967 2404 2004 το
2447 1949 2680 2023 Χριστὸς
2729 1951 3433 2024 ἀπέθανειλεγόμενον,‹ἴνα
3460 1949 3671 2014 ζώντων
3709 1949 3804 2002 καὶ
3835 1966 3937 2003 νε-

2346 2043 2494 2114 κρῶν
2539 2044 2950 2116 κυριεύσῃτιὲπὶ
2978 2045 3085 2097 τῶν
3123 2045 3307 2115 ψυχῶν
3347 2042 3441 2094 καὶ
3474 2042 3568 2093 ἐπὶ
3599 2041 3707 2092 τῶν
3735 2039 3940 2110 σωμά-

2347 2152 2454 2187 των
2509 2134 2920 2207 παραληπτέον-
2971 2134 3188 2198 ζώντων
3250 2135 3346 2205 μὲν
3395 2130 3504 2185 τῶν
3534 2129 3738 2201 ψυχῶν,
3788 2130 3940 2184 καθὸ

2348 2224 2610 2280 ἀθάνατοι
2630 2243 2644 2256 ο
2671 2226 2878 2298 νεκρῶν
2900 2226 2956 2280 δὲ
2979 2227 3086 2280 τῶν
3119 2227 3405 2296 σωμάτων.

2421 2317 2551 2369 KA'.
2595 2319 2717 2370 Ὅτι
2748 2317 2842 2391 [εἰ]
2866 2318 3186 2389 τιμιώτερον
3217 2317 3372 2387 σῶμα
3392 2314 3677 2387 ἀνθρώπου
3699 2312 3808 2367 τῶν
3832 2312 3940 2366 ἀλ-

2348 2406 2455 2460 λων
2482 2407 2657 2472 ζώων,
2686 2411 2767 2462 ὅτι
2795 2411 2951 2481 χερσί
2975 2427 3035 2463 τε
3063 2409 3196 2462 Θεοῦ
3222 2409 3440 2477 λέγεται
3470 2407 3800 2469 πεπλάσθαι,
3831 2407 3941 2458 καὶ

2347 2499 2428 2551 ὅτι
2456 2503 2782 2572 τιμιωτέρου
2820 2502 2922 2574 τῆς
2960 2502 3183 2572 λογικῆς
3212 2501 3391 2572 ψυχῆς
3423 2501 3688 2572 τετύχηκε
3719 2500 3944 2568 ὀχήμαο

2347 2605 2440 2653 τος
2460 2609 2474 2621 ·
2527 2592 2646 2656 πῶς
2691 2593 2848 2646 τοῦτο
2896 2595 2995 2662 μὲν
3028 2594 3407 2665 ὀλιγοχρόνιον,
3440 2588 3656 2661 ἀλόγων
3681 2591 3738 2644 δέ
3761 2607 3941 2644 τινων

2351 2680 2852 2752 πολυχρονιώτερα;
2889 2684 2959 2735 Ἢ
2984 2683 3139 2753 δῆλον
3169 2683 3244 2747 ὡς
3281 2686 3312 2754 ή
3351 2683 3542 2737 τούτου
3576 2681 3941 2756 πολυχρόνιος

2351 2772 2583 2847 ὓπαρξις
2609 2776 2748 2847 μετὰ
2775 2775 2874 2847 τὴν
2899 2777 3194 2830 ἀνάστασιν
3227 2775 3376 2830 ἔσται
3399 2792 3416 2843 ;

1274 3210 1341 3274 S.
1379 3208 1817 3271 METHODII
1851 3209 1960 3270 DE
1988 3210 2230 3275 JON/E
2264 3213 2667 3276 HISTORIA
2700 3215 3316 3281 FRAGMENTUM.

1814 3360 1908 3423 Ex
1944 3362 2108 3425 libro
2147 3363 2238 3424 De
2280 3366 2784 3430 resurrectione.

673 3598 1051 3668 (Fragmentum
1094 3596 1690 3668 istud__1.stlne_pro_l'e_rt
1713 3596 2104 3668 Cgmbensjnsjp
2141 3595 2434 3668 Qibliotlreeq
2455 3596 2829 3668 concionqtoria,
2852 3605 2970 3668 tom.
3000 3599 3058 3656 ll,
3104 3613 3152 3668 ρ.
3181 3597 3272 3646 265
3295 3610 3392 3668 seq.
3429 3602 3482 3668 et
3500 3611 3566 3668 ex
3590 3598 3916 3668 goGalland.

726 3638 1140 3724 ἀὲἓεῐξέξῖρᾴῖ
1153 3638 3392 3724 Em?figit'éﬁibéféiﬁiod'ﬁé"ﬁh‘giéiéié'iHiibFB'Eui'iiiﬁith':‘ZZia‘iiwiinn'Et
3587 3638 3948 3713 ἱῖῶῖιὶὶἷιῖῶ

726 3719 931 3774 Claudio
947 3719 1160 3772 Gothico.
1185 3720 1352 3770 Roma
1374 3719 1515 3782 1792,
1540 3723 1591 3769 in
1614 3721 1720 3782 fol.,
1738 3722 1967 3784 Append.
1995 3736 2043 3784 p.
2070 3719 2204 3782 462.)

1000 3985 1255 4041 Methodii
1280 3988 1507 4057 episcopi
1543 3986 1885 4043 Patarorum.

731 4076 776 4134 1.
803 4076 1058 4149 Magnum
1103 4094 1322 4150 quoque
1361 4079 1607 4134 continet
1634 4082 1950 4151 mysterium
1973 4081 2124 4138 Jonaa
2155 4083 2242 4138 bi-

665 4171 859 4227 storia.
903 4170 1131 4226 Videtur
1175 4172 1320 4227 enim
1363 4187 1458 4242 per
1504 4181 1681 4226 cetum
1725 4180 1938 4244 tempus
1991 4176 2242 4247 intelligi,

666 4263 812 4336 quod
845 4279 1128 4334 nunquam
1161 4264 1451 4328 consistat,
1484 4263 1575 4318 sed
1609 4280 1824 4336 semper
1856 4267 2094 4334 labatur,
2128 4269 2246 4322 lon-

665 4355 858 4429 gis‘ue
886 4371 951 4410 ac
983 4355 1328 4411 brevioribus
1351 4356 1663 4414 interstitiis
1693 4367 1892 4413 cuncta
1935 4366 2242 4413 consumat.

666 4447 769 4513 ρει
798 4455 980 4503 autem
1019 4447 1187 4504 Jonas
1219 4449 1405 4520 fugita
1437 4449 1574 4504 facie
1603 4449 1719 4513 Dei,
1752 4451 1870 4521 ipse
1909 4451 2000 4505 ille
2033 4451 2243 4520 primus

669 4537 832 4593 homo
858 4547 964 4604 est,
991 4539 1104 4609 qui,
1127 4540 1443 4595 mandatum
1469 4550 1867 4612 transgressus,
1903 4557 1966 4596 ac
1994 4558 2090 4612 per
2119 4557 2245 4612 pec-

667 4637 852 4685 catum
896 4631 1097 4686 amissa
1134 4631 1400 4686 adversus
1439 4630 1610 4685 Deum
1653 4631 1870 4699 fiducia,
1915 4633 2096 4687 nudus
2142 4634 2243 4686 im-

667 4722 1003 4777 mortalitate
1024 4721 1105 4775 illi
1129 4736 1188 4776 se
1221 4737 1404 4776 coram
1435 4723 1628 4777 sistere
1652 4723 1873 4794 refugit.
1892 4722 2058 4780 Navis
2076 4738 2242 4794 quam

669 4814 1049 4871 conscendens
1099 4822 1419 4886 tempestate
1455 4814 1691 4884 iactatus
1742 4823 1847 4880 est,
1891 4816 2072 4871 brevis
2127 4816 2243 4869 haec

669 4914 755 4963 est
807 4922 872 4962 ac
904 4921 1122 4962 morosa
1169 4907 1457 4976 przrsentis
1499 4907 1758 4977 temporis
1793 4909 1940 4976 vita;
1984 4917 2242 4979 tanquam

671 4998 930 5052 nimirum
961 5007 1277 5054 nostrarum
1325 5013 1507 5054 rerum
1540 5009 1747 5054 mutato
1781 5009 1952 5065 statu,
1983 5016 2047 5056 ac
2089 5001 2182 5071 qui
2213 5015 2244 5054 a

675 5088 953 5156 felicitate,
987 5098 1216 5162 tutaque
1264 5090 1358 5145 illa
1400 5105 1430 5146 a
1460 5093 1718 5162 periculis
1761 5095 1892 5159 vita,
1939 5094 2006 5150 ad
2053 5095 2248 5150 turbu-

673 5179 875 5236 lentam
905 5196 970 5237 ac
994 5182 1306 5240 instabilem
1342 5183 1484 5238 banc
1516 5185 1685 5239 veluti
1715 5200 1744 5239 a
1767 5195 1912 5241 terra
1936 5187 1990 5242 in
2019 5187 2248 5242 navicu-

755 5335 804 5369 "
823 5333 989 5393 Joan.
1012 5352 1053 5405 ι,
1095 5338 1184 5394 {8.
1288 5340 1333 5372 "
1362 5336 1517 5394 Rom.
1549 5354 1662 5404 xiv,
1699 5339 1752 5394 9.

749 5491 828 5565 (6)
853 5490 988 5571 δέρη
1016 5491 1209 5571 inquit,
1239 5495 1528 5571 humanum
1546 5509 1762 5571 corpus.
1782 5491 1904 5548 Ὅτι
1939 5493 2034 5568 [ει]
2051 5497 2255 5571 ⁸τιμιώ-

679 5561 857 5645 τερον.
890 5561 1020 5645 Non~
1247 5564 1414 5645 sirm.
1441 5564 1525 5645 το,
1545 5561 1716 5645 Δκτίζει
1750 5561 2254 5645 impressa'babent

678 5632 950 5690 clausum.
987 5632 1217 5689 Scbotto
1246 5635 1464 5694 videtur
1490 5635 1777 5707 lcgendum
1810 5632 1866 5706 ἦ,
1900 5644 2124 5707 propter
2156 5650 2244 5690 se-

679 5719 879 5788 quens,
923 5705 1122 5788 inquit,
1151 5703 1186 5776 ἦ
1213 5703 1393 5788 δῇλονο
1427 5721 1591 5788 quem
1621 5715 1802 5788 tamen
1849 5705 1977 5788 inde
2018 5720 2244 5788 sensum

679 5774 866 5830 eliciat
894 5782 947 5831 et
976 5775 1127 5844 velit,
1173 5774 1307 5830 inibi
1351 5774 1620 5833 hactenus
1653 5777 2077 5848 imperspectum
2120 5782 2244 5847 est;

2347 5578 2469 5636 non
2498 5582 2512 5618 :
2545 5581 2656 5636 quo
2700 5578 2878 5621 tamen
2929 5567 3135 5621 omisso
3161 5607 3174 5631 ,
3217 5579 3364 5622 esset
3415 5567 3787 5624 subncctcnda
3829 5585 3860 5621 τ

2815 3982 3106 4039 Μεθοόίου
3140 3980 3441 4050 Πατάρων.

2417 4079 2497 4130 A'.
2539 4075 2789 4147 Περιέχει
2835 4075 2892 4127 δὲ
2931 4075 3026 4127 καὶ
3079 4073 3220 4143 μέγα
3257 4074 3549 4145 μυστήριον
3591 4075 3624 4146 ή
3661 4073 3806 4129 κατά
3837 4077 3944 4130 τὸν

2361 4172 2545 4225 Ἰωνάν
2590 4167 2819 4240 ἱστορία.
2848 4169 3031 4221 Ἐοικε
3058 4167 3168 4238 γὰρ
3214 4167 3274 4219 τὸ
3311 4168 3409 4236 μὲν
3439 4167 3603 4238 κῆτος
3632 4169 3876 4226 νοεῖσθαι
3908 4174 3944 4226 ὁ

2347 4265 2555 4338 χρόνος,
2586 4262 2681 4317 ἀτε
2717 4261 2983 4333 μηδέποτε
3013 4258 3202 4326 ἑστὼς,
3231 4259 3367 4313 ἀλλά
3409 4261 3772 4331 πορευόμενος
3814 4262 3940 4329 ἀεὶ,

2348 4357 2442 4412 καὶ
2469 4354 2860 4410 καταδαωνῶν
2883 4354 2951 4406 τά
2973 4355 3283 4423 γεννώμενα
3321 4356 3551 4425 μακροῖς
3581 4371 3638 4407 τε
3668 4353 3766 4408 καὶ
3792 4354 3944 4427 βρα-

2347 4449 2594 4519 χυτέροις
2621 4449 3000 4519 διαστήμασιν.
3017 4447 3074 4499 ’0
3094 4447 3151 4499 δι
3179 4448 3393 4514 φεύγων
3423 4446 3604 4508 Ἰωνᾶς
3624 4445 3732 4497 ἀπὸ
3758 4461 3948 4516 προσ-

2348 4539 2498 4594 ώπου
2538 4539 2633 4592 τοῦ
2681 4539 2837 4602 Θεοῦ,
2863 4538 3022 4601 αὐτὸς
3062 4539 3265 4601 ἐκεῖνος
3311 4539 3341 4590 ὁ
3378 4536 3592 4607 πρῶτος
3638 4535 3943 4607 ἄνθρωπος

2348 4631 2622 4703 ἀθετήσας
2681 4630 2776 4701 τὴν
2825 4630 3046 4701 ἐντολὴν
3094 4630 3290 4701 ἔφυγεν
3341 4626 3641 4698 ἀφθαρσίας
3692 4627 3942 4702 ὀφθῆναι

2349 4722 2576 4792 γυμνὸς,
2605 4721 2703 4792 τὴν
2733 4723 2867 4795 πρὸς
2897 4722 2958 4774 τὸ
2985 4721 3137 4776 Θεῖον
3166 4722 3270 4774 ὑπὸ
3295 4720 3392 4790 τῆς
3415 4718 3685 4790 ἁμαρτίας
3709 4724 3867 4793 παρῤ
3879 4741 3946 4795 η-

2351 4815 2472 4868 σίαν
2502 4816 2875 4887 ἀφῃρημένος.
2903 4816 2978 4868 Τὸ
3020 4816 3076 4869 δὲ
3106 4814 3287 4867 πλοῖον
3316 4814 3394 4875 εἰς
3421 4811 3450 4864 ὃ
3480 4811 3672 4875 ἐπιϐὰς
3704 4814 3948 4885 ἐχειμά-

2350 4907 2544 4980 ζετο,ή
2568 4909 2708 4962 κατὰ
2725 4909 2815 4963 τὸν
2838 4908 3079 4979 παρόντα
3103 4905 3288 4977 καιρὸν
3305 4902 3596 4974 βραχύῦιός
3613 4906 3761 4957 ἐστιν
3789 4907 3945 4977 αὕτη

2351 5005 2446 5058 καὶ
2476 5005 2802 5076 δυσάρεστος
2835 5004 2976 5075 ζωή·
3007 4998 3117 5057 οἷον
3143 4998 3454 5072 τραπέντων
3483 4998 3772 5069 ήμῶν,καὶ
3800 5020 3948 5070 μετ-

2353 5098 2798 5151 αναστευσὰντων
2842 5096 2950 5150 ἀπὸ
2994 5094 3093 5165 τῆς
3159 5091 3558 5164 μακαριότητος
3589 5091 3807 5160 ἐκείνης
3843 5096 3952 5147 καὶ

2355 5189 2639 5244 ἀκινδύνου
2683 5190 2829 5262 ζωῆς
2870 5189 2952 5252 εἰς
2995 5188 3088 5242 τὸν
3133 5185 3690 5256 πολυχειμαστότατον
3742 5183 3956 5239 τοῦτον

2355 5497 2565 5566 alioqui
2597 5495 2746 5550 clara
2791 5496 2996 5559 littera,
3028 5495 3156 5576 .sive
3204 5495 3335 5551 illud
3361 5497 3408 5550 ei
3448 5499 3749 5582 retineatur
3769 5537 3786 5560 ,
3818 5498 3948 5582 sise

2359 5585 2469 5620 non
2498 5585 2512 5618 :
2545 5585 2656 5636 quo
2700 5585 2878 5621 tamen
2929 5585 3135 5621 omlsso
3161 5607 3174 5631 ,
3217 5585 3364 5622 esset
3415 5585 3787 5624 sunnccwnua
3841 5603 3860 5621 .

2358 5635 2495 5710 πῶς,
2528 5636 2794 5710 particula
2834 5636 2913 5710 δέ,
2948 5645 3043 5710 aut
3078 5636 3291 5693 similis.
3324 5636 3669 5710 Postremum
3707 5585 3947 5710 vero?

2357 5705 2543 5781 liquet'
2567 5706 2946 5781 accipiepdum
2988 5707 3396 5780 interrogative,
3453 5707 3698 5780 solvique
3737 5722 3808 5766 eo
3845 5705 3942 5764 ἰείη

2355 5775 2574 5832 ductam
2603 5775 3015 5835 dubitationem.
