4028 6318
171 368 278 424 35
1286 370 1375 426 ΕΚ
1415 371 1617 428 LIBRO
1643 372 1732 426 DE
1770 371 2376 428 RESURRECTIONE.
3330 385 3398 434 33

159 484 283 557 βίον
317 487 414 539 καὶ
453 486 854 552 ἀκατάστατον,
878 488 1156 557 καθάπερ
1183 489 1284 542 ἀπὸ
1310 489 1414 558 γῆς
1447 491 1526 554 είς
1559 491 1750 543 πλοῖον.

1865 489 1972 541 lam
2001 487 2564 560 commigraverimus.
2596 487 2753 554 Quod
2777 489 2921 544 enim
2955 498 3102 544 terra
3135 487 3202 544 ad
3231 493 3435 558 navim,

170 580 242 632 Ὃ
260 581 368 648 γάρ
398 577 574 631 πλοῖον
597 579 736 647 πρὸς
765 578 902 649 γῆν,
925 578 1099 632 τοῦτο
1120 582 1147 632 ὁ
1175 580 1356 649 παρὼν
1389 580 1498 650 βίος
1521 581 1656 651 πρὸς
1678 582 1761 633 τὸν

1870 577 1972 632 hoc
2001 594 2244 649 praesens
2282 580 2395 634 vita
2423 588 2527 643 est,
2563 581 2610 635 si
2647 588 2993 651 comparetur
3035 598 3161 636 cum
3203 582 3295 635 illa
3331 583 3432 636 im-

160 670 531 723 ἁθάνατον.⁹υ
568 671 622 724 δὲ
655 673 876 741 χειμὼν
921 673 1023 724 καὶ
1056 673 1112 725 αί
1143 671 1615 739 ἐπισυνιστάμεναι
1644 670 1746 724 καθ

1868 671 2108 726 mortali.
2137 670 2460 742 Tempestas
2492 679 2674 727 autem
2720 687 2784 726 ac
2828 675 3074 734 turbines
3106 675 3292 729 navim
3328 691 3433 730 un-

159 761 323 830 ἡμῶν
353 761 619 825 λαίλαπες
642 764 781 815 εἰσὶν
803 765 856 815 οἱ
884 763 1126 816 ἐνταῦθα
1154 765 1444 833 πειρασμοί
1465 779 1478 792 ·
1502 762 1688 832 ῶσπερ
1709 765 1750 814 ιγ

1867 758 2030 828 dique
2059 770 2518 830 conquassantes,
2556 765 2882 819 tentationes
2911 773 3058 829 sunt,
3091 780 3213 834 quae
3240 765 3294 819 in
3327 766 3430 819 hoc

159 852 406 905 κλύδωνι
457 853 535 925 τῷ
574 853 786 924 κόσμῳ,
817 853 1046 917 ἀλύπως
1091 854 1490 925 εὐθυδρομῆσαι
1520 854 1611 907 τὸν
1655 853 1750 924 βίοι

1869 844 2094 909 mundo,
2133 856 2390 916 tanquam
2439 849 2496 902 in
2539 859 2885 906 astuosoac
2912 853 3222 907 turbulento
3269 858 3429 916 mari,

159 943 315 1011 ἡμᾶς
347 944 420 994 ἓν
450 943 655 1015 γαλήνῃ
671 943 767 996 καὶ
794 943 1033 1014 νηνεμίᾳ
1051 944 1234 996 κακῶν
1261 943 1335 1014 μὴ
1359 945 1750 1014 ἐπιτρέποντες

1867 941 2078 988 rectum
2107 950 2210 990 nos
2237 937 2362 992 vita
2389 951 2615 993 cursum
2650 939 2840 997 faciles
2870 951 3072 1005 tenere,
3108 947 3430 1016 tranquillo-

167 1031 236 1084 Ἠ
269 1030 334 1082 δὲ
367 1030 490 1082 ἀπὸ
518 1028 614 1082 τοῦ
645 1031 834 1083 πλοίου
865 1033 947 1094 είς
981 1032 1081 1101 τὴν
1121 1031 1395 1086 θάλασσαν
1432 1033 1645 1103 ἔκριψις
1672 1035 1758 1088 τοῦ

1867 1039 1974 1093 que
2002 1039 2033 1077 a
2060 1025 2221 1081 malis
2265 1034 2383 1080 tum
2425 1042 2666 1097 aequore,
2705 1042 2817 1085 tum
2868 1034 3008 1087 caelo
3035 1035 3269 1103 gaudere
3320 1052 3430 1092 non

170 1120 338 1171 Ἰωνᾶ
365 1120 718 1191 τεγενημένη
747 1121 850 1190 τὴν
877 1120 988 1173 ἀπὸ
1011 1120 1105 1173 τοῦ
1137 1119 1237 1190 ζῇν
1258 1121 1338 1184 είς
1361 1122 1422 1175 τὸ
1447 1124 1761 1195 τελευτῆσαι

1868 1115 2078 1169 sinunt.
2117 1113 2269 1170 Jonas
2317 1117 2374 1170 in
2417 1133 2568 1172 mare
2607 1121 2986 1191 praecipitatio.
3041 1126 3362 1194 protoplasti
3403 1143 3432 1180 a

157 1208 254 1260 τοῦ
291 1209 745 1280 πρωτοπλάστου
769 1210 922 1280 δηλοῖ
943 1211 1303 1280 μετάπτωσιν,
1330 1213 1658 1281 ἀποφάσεως
1682 1232 1748 1268 τυ

1866 1202 1976 1256 vita
2005 1203 2061 1256 in
2104 1212 2334 1259 mortem
2374 1204 2588 1276 lapsum
2616 1207 2870 1279 designat
2897 1227 2908 1261 :
2943 1213 3038 1280 qui
3069 1213 3273 1268 idcirco
3304 1216 3429 1284 quia

159 1300 382 1368 κόπος,
422 1299 548 1352 ἀνθ’
576 1293 651 1354 ὧν
692 1302 1012 1373 ἁμαρτήσας
1040 1303 1248 1372 ἀπέδρα
1276 1303 1376 1372 τῆς
1403 1303 1750 1376 δικαιοσύνης

1867 1294 2143 1363 peccando
2177 1311 2205 1348 a
2245 1296 2458 1365 justitia
2498 1297 2738 1364 deﬂexit,
2777 1300 2924 1354 illam
2956 1305 3171 1375 excepit
3213 1313 3431 1362 senten-

154 1388 246 1451 τιδ,
274 1385 379 1454 Γῆ
412 1385 485 1442 ει
505 1391 604 1443 καὶ
627 1392 712 1456 εις
747 1390 866 1459 γῆν
894 1391 1222 1459 ἁιελεύσῃ.
1261 1393 1336 1446 To
1366 1395 1423 1447 δὲ
1456 1397 1745 1468 καταποθῆι

1866 1386 1998 1440 tiam
2027 1405 2039 1440 :
2070 1385 2232 1440 Terra
2260 1405 2314 1441 es
2349 1397 2400 1442 et
2438 1390 2492 1441 in
2519 1398 2714 1443 terram
2747 1395 3018 1448 reverteris
3041 1395 3105 1448 ".
3143 1396 3318 1466 Ipsius
3341 1415 3431 1453 an-

157 1496 249 1532 ναι
276 1479 474 1532 αὑτὸν
497 1481 602 1533 ὑπὸ
627 1481 718 1534 τοῦ
751 1481 970 1553 κήτους,
993 1483 1094 1553 τὴν
1136 1483 1240 1536 ὑπὸ
1267 1485 1360 1538 τοῦ
1387 1487 1578 1557 χρόνου
1615 1504 1748 1558 τετε

1867 1483 1976 1531 tem
2009 1492 2048 1530 a
2071 1485 2192 1533 ceto
2234 1479 2512 1550 absorptio
2545 1481 2817 1551 signiﬁcat
2857 1483 3229 1544 inevitabilem
3281 1491 3427 1546 illam

159 1571 428 1640 νημὲνην
483 1571 855 1642 ἀπαραίτητον
898 1573 1053 1644 ἡμῶν
1079 1575 1227 1646 δηλοῖ
1251 1577 1630 1649 άναίρεσιν.Ἦ
1660 1579 1750 1652 γὰρ

1866 1563 2064 1630 nostri,
2094 1579 2216 1634 qua:
2252 1579 2284 1620 ιι
2314 1576 2552 1637 tempore
2591 1569 2670 1632 ﬁt,
2702 1569 3110 1629 demolitionem
3155 1591 3221 1632 ac
3265 1579 3433 1636 inter-

157 1659 373 1721 κοιλία,
417 1660 520 1728 ὑφ’
550 1655 620 1732 ἧς
649 1662 922 1734 ὲκαλύφθη
953 1665 1279 1729 καταποθεις
1302 1669 1331 1720 ι
1359 1670 1559 1734 Ἰωνᾶς,
1578 1671 1612 1740 τι,
1636 1650 1748 1722 πω

1868 1650 2041 1719 itum;
2075 1663 2265 1709 venter
2292 1657 2436 1712 enim
2467 1672 2578 1728 quo
2601 1659 2888 1730 absorptus
2929 1660 3099 1720 Jonas
3126 1666 3431 1725 absconsus

156 1749 398 1820 ωδόχος
433 1751 560 1804 ἐστὶ
598 1754 687 1824 γῆ,
716 1754 785 1808 τὰ
815 1754 921 1807 ὑπὸ
948 1755 1041 1808 τοῦ
1067 1758 1260 1828 χρόνου
1297 1758 1652 1831 δαπανώμενα
1682 1761 1747 1814 δε·

1867 1746 1974 1801 est,
2007 1749 2165 1796 terra
2191 1749 2276 1796 est
2311 1745 2558 1800 omnium
2591 1758 2878 1819 susceptor
2917 1753 3095 1818 sinus,
3138 1771 3249 1825 quo
3289 1773 3427 1815 con-

155 1842 413 1911 Ζθμένη.
1518 1825 1530 1831 ⁷
1795 1828 1845 1889 Β
1868 1825 2067 1883 dantur
2093 1847 2434 1904 quacunque
2467 1837 2605 1890 edax
2644 1844 2858 1908 tempus
2885 1843 3177 1898 consumit.

230 1931 314 1986 Β.
359 1931 652 2005 Καθάπερ
695 1929 788 1988 οὖν
829 1935 1031 2002 Ἰωνᾶς,
1061 1938 1120 1991 ιν
1150 1940 1216 2010 τῇ
1245 1939 1422 2012 κοιλία
1443 1939 1538 1994 τοῦ
1570 1942 1768 2012 κήτους

1935 1912 1998 1970 ll.
2029 1916 2494 1984 Quemadmodum
2526 1924 2690 1996 igitur
2706 1927 2875 1986 Jonas
2905 1932 2958 1985 in
2991 1943 3177 1990 ventre
3192 1936 3298 1991 ceti
3318 1944 3432 1995 tres

155 2025 318 2094 spei;
354 2023 591 2095 ἡμέρας
623 2025 961 2098 ἑνδιατρίψας
989 2029 1084 2082 καὶ
1112 2028 1312 2092 νύκτας
1350 2010 1636 2096 τοσαύτας,
1666 2028 1746 2086 αὖ·

1865 2010 1984 2065 dies
2010 2019 2066 2064 et
2112 2014 2336 2068 totidem
2382 2025 2571 2071 noctes
2610 2032 3004 2090 commoratus,
3043 2043 3237 2085 rursus
3265 2046 3432 2089 sanus

155 2114 246 2180 εις
281 2115 474 2186 ὑγιὴς
519 2117 748 2190 ἀπεδόθη
769 2136 782 2149 ⁸
814 2118 957 2173 οὕτω
1000 2120 1056 2173 δὲ
1101 2123 1192 2174 καὶ
1237 2123 1458 2188 πάντες,
1492 2115 1590 2188 τάξ
1619 2128 1746 2195 τρεῇ

1867 2099 1991 2153 inde
2021 2113 2085 2154 ac
2126 2101 2335 2172 integer
2377 2105 2582 2171 evasit;
2624 2107 2705 2161 sic
2731 2116 2786 2162 et
2830 2126 3022 2168 omnes
3070 2116 3162 2171 ubi
3193 2117 3294 2172 tria
3334 2123 3433 2175 cvi

155 2205 258 2258 τοῦ
280 2206 581 2277 παρόντος
601 2208 791 2272 αἰῶνος
814 2210 1120 2275 διαστάσεις
1145 2214 1470 2282 ποιήσαντες
1497 2217 1554 2267 ὲν

1865 2191 2151 2263 praesentis
2177 2194 2458 2248 intervalla
2503 2195 2852 2269 (principium
2899 2203 3148 2269 scilicet,
3195 2211 3431 2268 medium

387 2296 567 2362 λέγω,
601 2300 693 2350 ’καὶ
719 2301 990 2369 μεσότητα
1017 2302 1111 2354 καὶ
1142 2303 1313 2366 τέλος,
1341 2304 1400 2370 ἐξ
1439 2298 1516 2358 ὧν

1866 2298 1932 2338 ac
1970 2284 2150 2346 ﬁnem,
2186 2284 2387 2354 quibus
2429 2302 2668 2356 praesens
2714 2290 2815 2345 hoc
2850 2301 3063 2363 tempus
3097 2311 3257 2354 omne
3301 2315 3434 2357 con~

155 2399 253 2436 τιι
291 2385 418 2446 παις
448 2379 607 2448 οὗτος
643 2387 673 2439 ὁ
716 2387 906 2458 παρὼν
928 2391 1134 2460 χρόνος,
1164 2393 1598 2464 άναστησόμεθα.
1628 2374 1746 2468 Τρίι

1866 2374 1996 2442 stat)
2036 2374 2141 2429 sub
2189 2385 2330 2428 terra
2364 2377 2660 2447 egerimus,
2699 2393 3068 2451 resurgemus.
3115 2382 3175 2440 In
3208 2390 3432 2445 univer~

157 2474 274 2546 γὰρ
321 2475 611 2529 καθολικὰ
649 2478 840 2548 χρόνου
881 2479 1236 2552 διαστήματα,
1271 2486 1638 2557 παρῳχηκὼς,

1865 2477 1985 2519 sum
2010 2466 2154 2520 enim
2179 2467 2280 2521 tria
2311 2476 2437 2523 sunt
2454 2471 2712 2540 temporis
2742 2472 3044 2539 intervalla,
3076 2481 3429 2547 pmteritum.

163 2567 421 2635 μέλλων,
462 2569 558 2619 καὶ
587 2567 792 2638 παρών.
831 2571 941 2624 Καὶ
971 2572 1058 2626 διὰ
1087 2572 1242 2626 τοῦτο
1274 2577 1366 2628 καὶ
1399 2577 1429 2629 ὁ
1454 2577 1655 2649 Κύριος
1679 2597 1754 2634 το-

1866 2557 2132 2622 futurum,
2179 2567 2235 2614 et
2275 2577 2516 2630 praesens
2551 2583 2564 2618 :
2612 2573 2834 2635 propter
2877 2567 3024 2638 quod
3065 2575 3119 2624 et
3171 2569 3431 2631 Dominus

163 2660 388 2721 ταύτας
425 2658 645 2730 ἡμέρας
668 2661 1008 2731 συμϐολικῶς
1035 2665 1265 2735 ποιήσας
1294 2668 1436 2739 ὲντῇ
1466 2671 1535 2740 γῇ
1563 2669 1754 2738 ἐδίδαξε

1865 2651 2090 2708 totidem
2113 2651 2236 2707 dies
2275 2653 2330 2708 in
2361 2661 2507 2709 terra
2536 2667 2927 2722 commoratus,
2965 2659 3069 2714 hoc
3099 2664 3343 2732 symbolo
3369 2682 3431 2720 ac

163 2751 402 2818 σαφῶς,
464 2752 569 2814 ὅτι,
614 2751 1004 2824 πληρωθέντων
1050 2755 1157 2810 τῶν
1209 2760 1621 2830 προειρημένων
1670 2763 1754 2816 τοῐ

1869 2741 2040 2812 ﬁgura
2068 2744 2356 2801 manifeste
2400 2761 2501 2801 nos
2529 2747 2738 2811 docuit,
2770 2760 2896 2818 post
2935 2760 3126 2807 exacta
3173 2771 3294 2826 qua:
3322 2757 3432 2812 dixi

161 2845 368 2911 χρόνου
419 2841 831 2914 διαστημάτων,
869 2846 1018 2900 ἔσται
1062 2850 1216 2920 ἡμῶν
1249 2853 1283 2921 ή
1320 2852 1637 2918 ἀνάστασις,
1671 2856 1752 2909 τοῐ

1867 2835 2128 2904 temporis
2159 2837 2354 2906 spatia,
2389 2849 2633 2893 nostram
2667 2839 2782 2894 fore
2811 2846 3284 2914 resurrectionem,
3314 2866 3432 2920 quae

159 2931 483 3001 μέλλοντος
533 2935 636 3004 μὲν
680 2937 823 3009 ἀρχὴ
865 2939 1058 3003 αἰῶνος
1105 2942 1442 3013 ὑπάρχουσα,
1472 2946 1661 2999 τούτου
1709 2948 1750 3001 δί

1871 2923 2034 2979 futuri
2057 2929 2242 2982 saeculi
2271 2929 2502 2992 initium,
2534 2929 2696 2998 hujus
2727 2929 2851 2986 ﬁnis
2873 2935 3123 2988 exsistat.
3149 2935 3205 2991 In
3232 2943 3433 2995 seculo

158 3022 346 3086 τῦος.
368 3024 472 3076 Ἐν
506 3026 663 3078 αίῶνι
685 3028 792 3098 γάρ
824 3028 948 3082 οὔτε
980 3030 1275 3105 παρῴχηκε
1305 3052 1380 3099 τι,
1411 3035 1531 3088 οὔτε
1561 3037 1749 3107 μέλλει.

1865 3018 2011 3071 enim
2041 3018 2136 3071 illo
2173 3034 2349 3087 neque
2389 3020 2651 3089 praeteriit
2701 3021 2929 3091 aliquid,
2968 3039 3146 3094 neque
3188 3026 3430 3084 futurum

158 3111 308 3164 ma
341 3112 520 3182 μόνον
546 3113 869 3187 ὑφέστηκεν.
880 3120 998 3172 Ἔτι
1022 3123 1049 3174 ὁ
1072 3123 1274 3188 Ἰωνᾶς,
1302 3127 1359 3178 ὲν
1385 3129 1450 3198 τῇ
1474 3127 1648 3199 κοιλίᾳ
1670 3129 1749 3182 τοί

1868 3115 1974 3173 est,
2008 3109 2104 3164 sed
2136 3125 2378 3178 pratsens
2405 3111 2672 3164 duntaxat
2699 3114 2970 3168 consistit.
3013 3113 3180 3172 Jonas
3207 3118 3433 3189 insuper

158 3206 379 3274 κήτως
413 3208 576 3274 τρεῖς
606 3209 815 3278 ἡμέρας
849 3212 942 3264 καὶ
984 3217 1132 3286 τρεῖς
1173 3216 1373 3281 νύκτας
1413 3222 1664 3292 ποιήσας,
1705 3223 1749 3275 o'.‘

1867 3201 2044 3255 tribus
2071 3201 2264 3256 diebus
2279 3209 2332 3256 et
2347 3203 2524 3258 tribus
2551 3204 2806 3260 noctibus
2829 3205 2882 3260 in
2911 3214 3099 3262 ventre
3120 3209 3222 3263 ceti
3249 3218 3430 3264 trans-

159 3296 530 3366 κατεφθὰρη,
567 3301 974 3370 συντηκομένων
1019 3305 1164 3376 αὐτῷ
1209 3307 1319 3360 τῶν
1367 3312 1583 3380 σαρκῶν
1628 3313 1750 3366 κατό

1867 3294 2028 3357 actis,
2073 3307 2183 3348 non
2227 3300 2311 3348 est
2340 3303 2653 3364 corruptus,
2679 3304 2772 3350 aut
2801 3297 2920 3366 ejus
2950 3310 3286 3372 consumpta:
3314 3319 3406 3359 car

162 3389 262 3470 τὴν
297 3389 360 3438 ὲν
398 3388 476 3456 τῇ
506 3388 686 3459 κοιλίᾳ
721 3393 1020 3464 γενομένην
1067 3399 1300 3470 φυσικὴν
1336 3402 1496 3472 σῆψιν
1517 3404 1628 3457 τῶν
1654 3409 1753 3458 είσι

1869 3397 2000 3449 nes;
2035 3382 2115 3435 uti
2147 3391 2376 3437 caeteros
2430 3383 2582 3438 cibos
2610 3385 2666 3437 in
2709 3394 2954 3439 ventrem
3000 3389 3107 3441 ceti
3157 3389 3433 3447 immissos

158 3478 513 3547 ιρερομὲνων
559 3478 861 3550 βρωμάτων
906 3484 994 3538 διὰ
1044 3488 1143 3557 τὴν
1175 3489 1396 3543 πλείονα
1437 3496 1496 3546 ὲν
1535 3499 1649 3558 τοῖς
1688 3499 1749 3549 ὲν

1865 3473 2101 3528 naturali
2148 3475 2500 3543 corruptione
2543 3477 2816 3529 consumit
2865 3477 3171 3549 digeritque
3235 3481 3429 3540 belltne

161 3567 353 3637 eam;
386 3567 729 3638 θερμότητα,
751 3572 840 3625 ἵνα
865 3573 1072 3647 δειχθῇ,
1099 3578 1176 3630 ὅτι
1200 3579 1423 3634 δύναται
1451 3580 1587 3636 εἶναι
1611 3587 1752 3655 ήμῶι

1865 3561 2090 3614 marina
2119 3562 2330 3615 auctior
2355 3562 2570 3616 nativus
2599 3563 2786 3618 calor:
2809 3566 2875 3620 ad
2907 3567 3293 3623 declarandum
3319 3571 3432 3627 ﬁeri

161 3659 232 3711 τὰ
275 3660 532 3730 σώματα
558 3662 730 3715 ταῦτα
763 3664 1063 3737 ἀνώλεθρα.
1092 3669 1218 3722 Νόει
1247 3671 1355 3743 γάρ
1401 3692 1491 3742 μοι
1513 3676 1604 3727 τὸν
1633 3654 1752 3732 δεδι

1864 3666 2048 3720 posse,
2079 3659 2139 3704 ut
2168 3659 2222 3706 et
2252 3663 2440 3708 nostra
2470 3654 2582 3708 haec
2603 3668 2834 3724 corpora
2864 3660 3147 3728 superiora
3177 3659 3429 3724 evadant,

159 3751 263 3812 si;
299 3751 415 3821 μὲν
459 3750 536 3814 ὡς
565 3752 672 3805 ἀπὸ
699 3753 898 3824 χρυσοῦ
920 3762 1433 3830 κατεσκευασμένας
1463 3763 1605 3834 ἔχειν
1629 3767 1750 3819 είκό

1864 3758 2026 3812 quam
2058 3753 2118 3800 ut
2148 3761 2388 3816 unquam
2423 3747 2712 3802 intereant.
2743 3747 2930 3818 Cogita
2959 3752 3128 3813 enim,
3161 3751 3326 3806 Deum
3357 3755 3433 3807 di-

156 3857 260 3902 νας
286 3841 505 3894 ἑαυτοῦ
531 3844 642 3896 άπὸ
671 3844 771 3914 τῆς
814 3849 1186 3919 πνευματικῆς
1233 3852 1624 3926 καθαρωτέρας
1670 3859 1747 3911 οὑ-

1865 3851 2052 3893 versas
2091 3839 2176 3893 sui
2208 3839 2408 3893 habere
2437 3839 2722 3910 imagines,
2758 3841 2893 3896 alias
2921 3843 3139 3911 quidem
3167 3846 3333 3899 veluti
3363 3861 3426 3899 ex

159 3930 307 3994 σίας,
336 3925 470 3984 οἷον
496 3934 626 3996 τοὺς
649 3935 908 4003 ἀγγέλους
928 3954 942 3968 ο
976 3939 1075 4003 τὰς
1099 3939 1155 3992 δὲ
1181 3940 1370 4013 ὥσπερ
1395 3945 1506 3997 ἀπὸ
1527 3925 1700 4016 γύψου
1728 3949 1750 4017 f

1865 3941 2001 3981 auro
2031 3928 2344 3994 fabricatas,
2379 3945 2501 4000 quae
2528 3931 2739 3986 scilicet
2767 3947 2832 3985 ex
2865 3933 3096 4002 spiritali
3127 3947 3189 3988 ac
3223 3937 3428 4004 ραι-ἰυτὲ

159 4022 406 4109 χαλκοῦ,
445 4019 564 4075 οἷον
591 4027 757 4094 ἡμᾶς.
794 4028 882 4098 Τῷ
912 4030 1089 4100 γηίνῳ
1109 4033 1218 4104 γὰρ
1256 4035 1354 4105 τὴν
1385 4035 1560 4108 ψυχὴν
1587 4039 1750 4109 ήνωσε

1866 4019 2170 4073 substantia
2202 4022 2530 4085 consistant,
2577 4023 2655 4074 uti
2703 4025 2959 4092 angelos:
3006 4026 3141 4079 alias
3188 4041 3316 4080 vero
3363 4043 3425 4081 ex

157 4108 259 4178 τὴν
290 4109 433 4160 κατ’
471 4109 658 4162 εἰκόνα
707 4112 841 4166 Θεοῦ
889 4121 1384 4193 γεγενημένην.Ὠς
1441 4122 1535 4178 οὖν
1587 4108 1748 4191 πάσας

1862 4123 2032 4178 gypso
2058 4110 2142 4163 vel
2168 4125 2296 4174 aere,
2336 4112 2411 4164 uti
2447 4111 2714 4167 homines.
2745 4114 2995 4167 Animam
3027 4115 3170 4167 enim
3201 4131 3322 4183 quae
3363 4115 3430 4168 ad

157 4199 415 4251 ἐνταῦθα.
451 4197 549 4250 τοῦ
580 4199 840 4268 βασιλέως
864 4208 960 4270 τὰς
1001 4212 1214 4275 εἰκόνας
1239 4217 1499 4286 τιμᾶσθαι
1528 4221 1632 4290 χρὴ
1677 4221 1748 4274 διὲ

1865 4197 1956 4255 Dei
1991 4201 2279 4270 imaginem
2314 4203 2529 4257 condita
2578 4207 2670 4268 sit,
2705 4215 2932 4259 terrena:
2973 4207 3292 4261 substantia;
3337 4224 3430 4261 co-

156 4291 260 4361 τὴν
295 4292 362 4342 ἐν
397 4290 604 4353 αὑταῖς
637 4293 865 4366 μορφὴν,
895 4299 1036 4352 οὕτω
1061 4301 1124 4372 δὴ
1153 4305 1242 4356 καὶ
1271 4307 1414 4375 ἡμᾶς
1453 4310 1747 4364 ὰνένδεκτόη

1863 4292 2088 4360 pulavit.
2117 4293 2192 4363 (7)
2218 4292 2370 4346 Sicut
2410 4293 2574 4362 igitur
2603 4295 2688 4348 hic
2722 4299 2862 4363 regis
2907 4312 3100 4351 omnes
3141 4296 3427 4368 imagines,

159 4382 280 4433 ἐστι
313 4380 476 4434 Θεοῦ
507 4383 717 4441 εἰκόνας
739 4388 1078 4458 ὑπάρχοντας
1103 4398 1237 4465 πρὸς
1257 4398 1527 4453 ἀπώλειαν
1551 4404 1626 4465 ὡς
1654 4406 1750 4474 ἡτι·

1865 4391 2089 4452 propter
2136 4383 2256 4452 ejus
2281 4399 2387 4454 qua
2437 4393 2566 4440 sunt
2597 4387 2867 4456 insignita:
2889 4387 3138 4458 elligicm,
3170 4389 3222 4442 in
3255 4392 3429 4459 pretio

159 4472 480 4540 μωμένους
523 4474 766 4544 χωρῆσαι
805 4481 1229 4552 παντελῆ.“Οθεν
1258 4489 1350 4539 καὶ
1381 4491 1646 4560 κατῆλθεν
1681 4472 1750 4559 εἰς

1836 4485 1994 4544 ‘sunt
2042 4490 2106 4527 ac
2155 4474 2416 4530 honorem
2465 4478 2692 4543 habent;
2739 4479 2811 4531 ita
2867 4481 3088 4533 minime
3130 4480 3427 4549 putandum

157 4565 260 4634 τὴν
299 4564 446 4617 καθ’
476 4565 620 4633 ἡμᾶς
647 4568 968 4639 οἰκουμένην
994 4574 1022 4624 ὁ
1050 4575 1236 4640 Λόγος,
1260 4579 1354 4629 καὶ
1378 4580 1663 4654 ἐσαρκώθη
1696 4588 1748 4638 ἐκ

1866 4575 1970 4630 est,
2004 4582 2104 4621 nos
2133 4568 2225 4636 qui
2255 4567 2350 4622 Dei
2383 4569 2558 4640 imago
2591 4586 2781 4626 sumus
2811 4587 2875 4626 co
2898 4587 3070 4640 usque
3101 4571 3436 4626 inhonoran-

156 4654 250 4707 τοι]
289 4654 568 4723 σώματος
601 4657 772 4726 ἡμῶν,
797 4659 943 4722 ὅπως
975 4655 1052 4724 είξ
1084 4664 1144 4714 τὸ
1179 4665 1638 4742 θεοπρεπέστερον
1665 4673 1747 4743 rip

1865 4656 1966 4712 dos
1995 4673 2136 4722 esse,
2172 4667 2229 4714 ut
2258 4660 2476 4728 penitus
2500 4662 2672 4716 simus
2694 4662 2962 4717 abolendi.
2988 4662 3253 4727 Quocirca
3272 4664 3431 4716 etiam

158 4747 357 4800 εἰκόνα
389 4748 788 4811 ἐπισκευάσας,
824 4750 1073 4821 καθάπερ
1095 4755 1199 4806 ὑπὸ
1228 4760 1417 4828 χρόνον
1447 4761 1749 4833 διαλελυμέ-

1870 4753 2150 4809 descendit
2184 4752 2418 4808 Verbum
2442 4755 2497 4808 in
2527 4761 2776 4808 nostrum
2808 4754 2954 4807 hunc
2991 4754 3199 4815 orbem,
3235 4768 3296 4806 ac
3331 4754 3431 4805 hn-

160 4853 282 4904 νην,
315 4838 615 4907 ἀναστήσῃ
646 4839 950 4911 ἀνώλεθρον
1003 4845 1109 4895 Καὶ
1131 4847 1257 4913 γοῦν
1283 4851 1380 4919 τὴν
1406 4852 1497 4903 ἐπὶ
1524 4853 1615 4904 τοῦ
1640 4873 1751 4926 προ

1869 4860 2084 4900 manam
2119 4859 2340 4899 carnem
2372 4847 2688 4906 assumpsit,
2730 4852 2788 4896 nt
2833 4843 3093 4896 divinitus
3147 4842 3431 4911 imaginem

163 4929 342 4995 ςήτου
400 4932 795 4998 μ’.)στηριονῧῶς
849 4942 1415 5011 πεπραγματευμένην
1453 4946 1754 5016 οἰκονομίαν

1867 4951 2220 5006 componens,
2258 4945 2514 5005 tanquam
2563 4944 2808 5005 tempore
2863 4933 3206 4995 dissolutam,
3252 4932 3435 4986 incor-

157 5016 492 5087 δηλοῦντες.
527 5018 738 5073 ἅπαντα
787 5023 872 5084 είς
911 5022 1068 5076 τοῦτο
1094 5026 1388 5096 ἀναψανδὸν
1423 5034 1748 5087 συντείνοντα

1868 5034 2080 5089 ruptam
2107 5026 2275 5087 illam,
2317 5035 2579 5095 extraque
2617 5041 2832 5079 omnem
2869 5024 3121 5078 interitus
3155 5023 3323 5076 aleam
3350 5039 3434 5075 re-

159 5108 412 5179 εὕρομεν
443 5107 534 5161 τὸν
563 5109 737 5180 λόγον.

1871 5118 2180 5171 suscitaret.
2209 5116 2287 5170 Ac
2317 5133 2450 5171 sane
2481 5116 2742 5186 quidquid
2773 5115 3002 5183 mystica
3031 5111 3433 5180 dispensatione.

1870 5211 1924 5261 in
1955 5209 2214 5276 prOpheta
2242 5217 2454 5277 gestum
2489 5216 2591 5271 est,
2637 5209 2682 5262 si
2719 5206 2948 5260 velimus
2991 5217 3281 5270 exponere,
3326 5202 3431 5252 hnc

1869 5298 2155 5353 manifeste
2187 5299 2480 5354 collineare
2509 5298 2865 5352 inveniemus.

261 5440 462 5497 "Cen.
487 5459 571 5505 ιιι,
601 5444 695 5498 19.

163 5643 204 5698 c
237 5577 317 5642 (7)
349 5573 482 5628 Hec
508 5574 766 5628 conferas
798 5573 974 5628 velim
1011 5588 1124 5628 cum
1150 5591 1403 5650 excerpto
1433 5595 1494 5634 ex
1529 5580 1582 5634 S.
1606 5580 1760 5637 Juan.
1788 5584 2064 5661 Damasc.,
2099 5605 2234 5649 orat.
2256 5597 2289 5649 3
2321 5597 2395 5650 De
2418 5597 2574 5664 imag.
2611 5595 2862 5663 superius
2923 5591 3092 5644 relato
3138 5590 3243 5644 θοι·
3299 5583 3427 5642 939-

208 5661 332 5699 ιιι.

376 5848 656 5906 ΡΑτιιοι..
693 5847 812 5906 Gn.
852 5845 1081 5907 XVIII.
3038 5858 3108 5913 11
