4028 6318
634 357 736 376 ’.πυ

634 377 739 412 οοη

1612 352 1669 407 S.
1716 351 2048 407 METHODII
2090 352 2396 409 EPISCOPI
2439 354 2524 409 ET
2567 353 2928 410 MARTYRIS

3769 361 3875 414 336

631 483 810 548 ipsum
845 492 873 530 a
905 492 985 541 se,
1011 477 1093 532 sui
1127 475 1300 545 ipsius
1329 473 1608 544 plenitudo
1639 482 1724 528 est
1752 483 2039 544 manetque
2071 477 2124 528 in
2149 490 2208 530 se

2312 477 2443 528 αὐτὸ
2469 475 2661 528 ἑαυτοῦ
2697 477 2971 546 πλήρωμα
3001 473 3089 537 ὂν,
3121 477 3283 546 φαίης
3317 476 3381 529 ἂν
3415 477 3739 548 ἀπροσδεές;
3771 479 3878 531 Οὑ-

630 571 774 640 ipso,
807 569 1103 637 perfectum
1138 568 1473 621 censendum
1507 574 1611 620 est.
1636 563 1933 620 Verissime
1989 581 2199 621 censes.

629 660 770 716 Num
801 676 949 724 vero,
980 659 1124 729 quod
1167 672 1344 727 neque
1369 673 1398 710 a
1429 672 1510 721 se,
1541 672 1717 726 neque
1765 659 1850 710 sui
1885 657 2058 727 ipsius
2091 659 2206 726 ple-

633 750 826 806 nitudo
857 758 962 813 εει,
1005 749 1212 803 nullius
1251 748 1495 818 indigum
1526 748 1768 802 dixeris?
1801 746 2019 802 Minime
2051 763 2197 802 vero.

635 845 776 898 Deus
806 859 934 913 ergo
967 859 1096 898 num
1126 843 1196 895 ab
1226 841 1332 895 alio
1359 841 1631 912 perfectus
1653 841 2202 896 mstimabitur?Nam

631 935 778 1005 quod
807 935 1108 1006 perfectum
1138 941 1222 988 est
1270 934 1339 988 ab
1389 935 1515 998 alio,
1553 949 1731 988 nonne
1764 934 1943 1004 ipsum
1989 950 2088 1003 per
2142 946 2202 984 se

631 1027 945 1083 necessario
976 1024 1352 1096 imperfectum
1380 1026 1501 1080 est?
1525 1025 1618 1080 Est
1659 1027 1836 1093 plane.
1878 1025 2019 1080 Deus
2049 1041 2200 1096 ergo,

629 1135 658 1172 a
687 1135 765 1182 se,
785 1134 894 1173 non
926 1118 994 1172 ab
1022 1117 1130 1172 alio
1159 1114 1784 1186 perfectusjudicabitur
1807 1116 1828 1169 ?
1851 1115 2203 1172 Rectissime.

628 1208 819 1263 Nonne
869 1208 1016 1263 aliud
1069 1215 1154 1262 est
1205 1206 1347 1262 Deus
1393 1224 1424 1262 a
1471 1209 1676 1265 mundo
1738 1211 1888 1280 (I2).
1948 1211 2205 1280 aliudque

629 1298 916 1352 mundusa
945 1296 1358 1355 Deo?0mnino.
1391 1298 1529 1353 Num
1579 1300 1745 1369 igitur
1793 1299 1936 1354 Deus
1983 1308 2206 1370 propter

627 1388 891 1443 mundum
927 1387 1069 1445 Deus
1102 1397 1154 1445 et
1177 1391 1472 1461 perfectus,
1495 1398 1549 1446 et
1577 1389 1782 1460 opifex,
1804 1397 1857 1444 et
1880 1389 2206 1445 universalis

628 1479 891 1534 Dominus
939 1479 1200 1536 dicendus
1257 1483 1378 1538 est?
1421 1481 1777 1552 Nequaquam
1830 1479 1983 1551 (l3);
2034 1490 2094 1534 ut
2141 1497 2206 1536 ne

629 1583 849 1641 propser
876 1572 1162 1637 mundum,
1198 1574 1499 1644 praesertim
1526 1573 1866 1636 mutabilem,
1890 1587 2000 1627 non
2029 1572 2146 1642 ipse
2176 1588 2206 1626 a

627 1679 703 1726 se,
731 1678 827 1733 per
848 1678 906 1718 se
932 1663 1206 1734 perfectus
1226 1665 1554 1719 inveniatur.
1570 1663 1820 1733 Congrue
1836 1678 1982 1718 vero.
2005 1662 2206 1730 Quam-

623 1778 812 1831 obrem
862 1777 1016 1832 dives
1069 1793 1252 1831 nonne
1305 1786 1525 1847 propter
1570 1777 1789 1831 divitias
1821 1777 1974 1833 dives
2015 1777 2204 1847 appel-

625 1867 821 1921 landus
849 1868 973 1922 est?
1024 1865 1209 1922 Recte.
1235 1868 1375 1933 Quid
1405 1882 1532 1922 vero
1588 1867 1826 1936 sapiens,
1861 1883 2043 1923 nonne
2074 1869 2205 1923 sub-

625 1956 900 2010 stantialis
931 1955 1080 2010 illius
1112 1956 1393 2025 sapientia:
1435 1956 1744 2028 participio,
1784 1971 1895 2011 non
1927 1958 2200 2015 exsistens

625 2049 742 2118 ipse
782 2049 1069 2119 sapientia,
1101 2050 1318 2120 sapiens
1371 2051 1755 2121 nuncupatur?
1790 2051 1870 2104 Ita
1915 2066 2065 2106 sane.
2118 2052 2201 2106 An

629 2154 758 2209 ergo
789 2147 841 2195 et
871 2138 1034 2203 Deus,
1057 2141 1148 2211 qui
1199 2141 1270 2196 sit
1297 2140 1443 2194 aliud
1468 2156 1499 2194 a
1525 2140 1729 2194 mundo
1747 2181 1762 2206 ,
1790 2155 1854 2195 ea
1893 2141 2126 2205 ratione,
2149 2150 2205 2196 et

625 2235 778 2291 dives
797 2243 1018 2306 propter
1052 2235 1316 2291 mundum
1347 2245 1401 2292 et
1433 2236 1731 2301 beneﬁcus,
1776 2244 1833 2292 et
1861 2237 2064 2307 epifex,
2107 2253 2205 2291 vo-

625 2329 836 2383 candus
860 2327 1056 2383 fuerit?
1085 2327 1467 2398 Nequaquam;
1503 2343 1691 2400 apage.
1725 2327 1846 2399 Ipse
1898 2330 2065 2400 igitur
2093 2344 2206 2384 suae

625 2419 826 2474 divitia:
864 2427 970 2484 est,
1007 2430 1168 2488 atque
1199 2434 1229 2472 a
1267 2433 1326 2474 se
1363 2419 1482 2488 ipso
1509 2418 1662 2474 dives
1689 2428 1775 2474 est
1804 2429 1853 2474 et
1881 2426 2094 2488 potens.
2128 2419 2206 2474 lta

626 2513 860 2566 videtur.
897 2510 1095 2564 Eratne
1132 2512 1292 2564 etiam
1321 2518 1446 2564 ante
1489 2511 1680 2565 mundi
1714 2511 2050 2566 molitionem
2081 2512 2206 2566 nul-

628 2605 738 2658 lius
778 2602 1048 2672 indigens,
1077 2604 1224 2658 velut
1249 2604 1341 2671 qui
1383 2602 1563 2670 Pater,
1597 2611 1651 2658 et
1691 2602 1958 2660 Dominus
1989 2607 2209 2659 univer—

631 2696 786 2757 salis,
820 2686 1110 2766 opifexque
1138 2702 1313 2763 esset;
1350 2697 1485 2750 adeo
1530 2704 1608 2760 ut,
1642 2711 1671 2748 a
1695 2712 1773 2757 se,
1809 2713 1919 2752 non
1980 2697 2049 2750 ab
2101 2697 2209 2752 alio

628 2790 701 2844 sit
755 2786 941 2842 omnia
987 2787 1136 2842 hazc?
1171 2787 1262 2844 Sic
1291 2796 1439 2843 certe
1482 2803 1709 2844 necesse
1755 2796 1859 2843 εει.
1895 2788 2030 2842 Nam
2087 2789 2134 2844 si
2179 2802 2209 2841 a

631 2879 857 2942 mundo,
904 2894 1014 2934 non
1052 2880 1166 2950 ipse
1198 2895 1227 2933 a
1260 2896 1319 2935 se
1344 2925 1358 2946 ,
1407 2881 1499 2949 qui
1535 2881 1606 2936 sit
1641 2882 1782 2936 alius
1807 2896 1837 2934 a
1867 2881 2093 2944 mundo,
2125 2880 2210 2934 in-

630 2971 967 3040 telligeretur
999 2969 1260 3025 Dominus
1299 2971 1679 3026 universorum
1711 2971 1865 3042 (pace
1894 2981 2014 3037 tua,
2042 2971 2207 3038 Deus,

632 3073 798 3129 cogor
853 3058 934 3112 sic
979 3057 1317 3128 loqui),ipse
1361 3074 1458 3127 per
1511 3073 1569 3113 se
1622 3057 1974 3128 imperfectus
2034 3069 2207 3124 esset,

633 3153 808 3219 iisque
861 3148 1159 3220 indigeret,
1217 3164 1245 3201 a
1295 3149 1494 3218 quibus
1563 3149 1827 3206 Dominus
1883 3150 2211 3205 universalis

2306 567 2509 637 δαμῶς.
2539 569 2652 620 Οὐκ
2681 564 2789 638 ἆρα
2820 571 2848 620 ό
2874 567 3007 630 Θεὸς
3032 566 3233 631 τέλειος
3261 567 3348 620 διά
3374 583 3424 619 τι
3455 568 3872 639 νομισθήσεταις

2313 665 2376 714 ’Ὁ
2409 661 2517 732 γὰρ
2542 661 2631 714 διά
2664 678 2716 713 τι
2753 661 2955 713 τέλειόν
2997 661 3164 722 ἐστιν,
3194 660 3325 712 αὐτὸ
3353 660 3474 713 καθ’
3502 662 3662 714 ἑαυτὸ
3685 661 3872 724 ἀτελὲς

2305 755 2520 823 ἀνάγκη
2545 753 2850 823 τυγχάνειν.
2885 751 3093 804 Οὐκοῦν
3119 751 3214 803 καὶ
3242 753 3271 805 ό
3303 751 3435 814 Θεὸς
3470 752 3628 814 αὐτὸς
3653 754 3720 806 δι’
3743 755 3870 806 ἑαυ-

2303 845 2394 897 τὸν
2421 845 2646 908 τέλειος,
2679 842 2792 898 ἀλλ’
2827 846 2890 895 οὺ
2930 842 2996 895 δι’
3022 841 3206 916 ἓτερον
3240 843 3646 913 λογισθήσεται;
3685 843 3871 914 Ὀρθό-

2303 954 2461 990 τατα.
2498 936 2721 1006 Ἕτερον
2747 935 2875 998 Θεὸς
2905 934 3130 1003 κόσμου,
3154 934 3246 986 καὶ
3270 933 3453 1005 ἕτερον
3486 933 3685 1003 κόσμος
3704 933 3871 999 Θεοῦ;

2305 1029 2610 1092 Παντελῶς.
2647 1030 2760 1082 Οὐκ
2784 1024 2894 1101 ἆρα
2922 1015 3128 1082 τέλειον
3151 1026 3347 1096 φατέον
3364 1065 3378 1089 ,
3405 1027 3500 1079 καὶ
3525 1026 3874 1097 δημιουργὸν,

2305 1131 2400 1184 καὶ
2431 1129 2869 1202 παντοκράτορα,
2904 1128 2991 1180 διὰ
3033 1128 3238 1198 κόσμον
3281 1123 3371 1177 τὸν
3400 1121 3563 1184 Θεόν;
3599 1117 3693 1172 Οὔ·
3727 1117 3877 1179 ὅτως

2307 1224 2433 1297 [μὴ]
2475 1226 2541 1279 δι’
2578 1223 2802 1289 ἑαυτὸν,
2833 1223 2968 1277 ἀλλά
3005 1221 3129 1295 [μὴ]
3175 1218 3266 1272 διὰ.
3305 1217 3529 1286 κόσμον,
3569 1209 3661 1265 καί
3703 1207 3876 1261 ταῦτα

2304 1316 2558 1386 τρεπτὺν,
2584 1315 2744 1378 αὐτὸς
2777 1314 2896 1368 καθ’
2921 1313 3110 1367 ἑαυτὸν
3132 1310 3334 1371 τέλειος
3357 1305 3677 1376 εὑρίσκοιτο.
3700 1300 3878 1372 Προσ-

2308 1407 2654 1478 ηκόπως-στί
2677 1407 2766 1471 δέ;
2795 1407 2886 1460 τὸν
2904 1403 3153 1458 πλούσιον
3172 1401 3260 1454 διὰ
3283 1401 3375 1453 τὸν
3403 1394 3630 1450 πλοῦτον
3653 1389 3878 1445 λεκτέον

2309 1500 2594 1563 πλούσιον;
2627 1497 2852 1569 Ὀρθῶς.
2875 1497 2984 1552 Καὶ
3011 1498 3101 1551 τὸν
3140 1493 3302 1562 σοφὸν
3332 1490 3472 1544 κατά
3510 1483 3736 1558 μετοχὴν
3773 1481 3878 1550 τῆς

2308 1591 2595 1653 οὐσιὼδους
2613 1589 2822 1659 σοφίας,
2845 1589 2944 1641 οὐκ
2963 1588 3125 1642 αὐτὸν
3149 1582 3338 1652 σοφίαν
3348 1580 3503 1653 οντα,
3525 1576 3684 1646 σοφὸν
3701 1590 3847 1646 προα
3860 1601 3880 1613 -

2308 1680 2593 1754 γορευτέον
2613 1680 2674 1750 (f.
2689 1679 2971 1751 προσαγ·);
2987 1677 3093 1731 Ναί
3105 1709 3119 1723 ι
3140 1676 3206 1729 Τί
3221 1675 3276 1727 δέ
3293 1690 3307 1739 ;
3324 1673 3418 1726 καὶ
3439 1672 3529 1725 τὸν
3544 1669 3673 1723 Θεὸν
3689 1667 3880 1735 ἕτερον

2307 1776 2437 1829 ὄντα
2463 1774 2691 1844 κόσμου,
2732 1771 2820 1824 διὰ
2845 1770 3047 1840 κόσμον
3084 1767 3259 1839 ταύτῃ
3297 1763 3549 1818 πλούσιον
3593 1760 3688 1814 καὶ
3718 1757 3878 1827 εὐερ-

2306 1867 2472 1937 γέτην
2521 1865 2615 1917 καὶ
2645 1861 2976 1933 δημιουργὸν
3014 1857 3272 1929 κλητέον;
3323 1855 3604 1925 Οὐδαμῶς·
3654 1848 3879 1917 ἄπαγεί

2307 1955 2519 2011 Οὐκοῦν
2557 1954 2720 2016 αὐτὸς
2755 1950 2947 2005 ἑαυτοῦ
2976 1949 3224 2013 πλοῦτος,
3256 1947 3350 2000 καὶ
3386 1946 3453 1999 δι’
3485 1943 3674 1998 ἑαυτὸν
3716 1938 3885 1994 πλού-

2308 2067 2420 2113 σιος
2455 2049 2550 2102 καὶ¹
2577 2047 2799 2109 δυνατὸς
2819 2044 3096 2113 τυγχάνει.
3123 2041 3360 2094 Ἔοικεν.
3391 2034 3498 2091 ’Ἦν
3520 2036 3629 2107 ἄρα
3651 2034 3750 2088 καὶ
3771 2032 3884 2102 πρὸ

2307 2140 2512 2211 κόσμου
2547 2139 2724 2207 πάντη
2763 2136 3089 2206 ἀπροσδεὴς,
3117 2133 3191 2186 ὢν
3226 2133 3317 2185 καὶ
3345 2131 3535 2200 Πατὴρ
3557 2127 3653 2180 καὶ
3678 2140 3885 2178 παντο-

2306 2235 2547 2304 κράτωρ,
2572 2230 2664 2282 καὶ
2681 2227 3030 2298 δημιουργὸς,
3053 2227 3199 2287 ὅπως
3227 2223 3386 2285 αὐτὸς
3409 2221 3477 2273 δι’
3503 2218 3716 2281 ἑαυτὸν,
3745 2214 3887 2268 ἀλλά

2309 2327 2384 2396 μὴ
2407 2324 2472 2378 δι’
2499 2325 2682 2394 ἕτερον
2707 2320 2885 2374 ταῦτα
2909 2316 2976 2391 ᾖ;
3023 2318 3280 2386 Ἀνάγκη.
3307 2317 3370 2373 εἰ
3392 2312 3501 2383 γάρ
3528 2310 3616 2366 διὰ
3649 2309 3884 2380 κόσμον,

2306 2418 2400 2471 καὶ⁵
2427 2417 2547 2486 οὐχὶ
2571 2415 2636 2467 δι’
2668 2411 2859 2466 ἑαυτὸν
2897 2411 3082 2482 ἕτερος
3122 2407 3199 2463 ὣν
3230 2406 3370 2479 [καὶ]
3409 2406 3614 2476 κόσμου
3633 2446 3648 2469 ,
3678 2419 3887 2455 παντο-

2307 2508 2529 2578 κράτωρ
2562 2504 2883 2577 γνωρίζοιτο
2909 2500 3317 2573 (συγγνώμην,ό
3353 2498 3485 2562 Θεὸς
3505 2537 3521 2562 ,
3575 2494 3890 2564 ἀναγκάζο-

2312 2619 2410 2672 μαι
2434 2599 2543 2668 γάρ
2569 2597 2727 2650 τοῦτο
2759 2593 2976 2664 εἰπεῖν),
2998 2593 3158 2656 αὐτὸς
3189 2590 3307 2644 καθ’
3339 2589 3526 2643 ἑαυτὸν
3543 2586 3742 2658 ἀτελὴς
3766 2583 3887 2658 [ἂν]

2309 2693 2404 2746 καὶ
2437 2688 2704 2762 προσδεὴς
2754 2686 2976 2748 τούτων,
3027 2685 3094 2737 δι’
3141 2682 3178 2736 ἃ
3222 2681 3615 2751 παντοκράτωρ
3655 2679 3756 2732 καὶ
3791 2677 3861 2747 δη

2313 2780 2570 2854 μιουργός
2595 2781 2742 2831 ὲστιν
2772 2775 3082 2846 ὑπερφυῶς.
3120 2774 3232 2825 Οὐκ
3265 2772 3374 2841 ἀρα
3399 2769 3722 2824 ἀποδεκτέον
3755 2767 3893 2821 ταῦ-

2309 2893 2407 2946 την
2434 2875 2533 2946 τὴν
2565 2871 2805 2942 ὀλέθριον
2831 2869 3106 2940 ἁμαρτίαν
3138 2866 3266 2938 περὶ
3293 2864 3429 2917 Θεοῦ
3455 2864 3561 2917 τῶν
3593 2862 3892 2929 λεγόντων,

2311 2965 2727 3037 παντοκράτορα
2774 2964 2868 3017 καὶ
2914 2959 3239 3032 δημιουργὸν
3287 2958 3376 3012 διὰ
3421 2957 3489 3010 τά
3537 2954 3893 3028 κρατούμενα

2311 3060 2404 3111 καὶ
2433 3052 2906 3128 δημιουργούμενα
2930 3049 3158 3123 τρεπτὰ,
3189 3047 3302 3101 ἀλλῖ
3333 3049 3394 3101 οὐ
3430 3047 3498 3100 δι’
3529 3044 3719 3100 ἑαυτὸν
3743 3040 3894 3102 εἷναι

2313 3151 2402 3203 τὸν
2431 3150 2582 3203 Θεόν.

633 3253 932 3314 auctorque
956 3245 1188 3300 mirabili
1221 3245 1429 3299 ratione
1451 3252 1615 3299 esset.
1653 3245 1747 3300 Est
1771 3261 1899 3314 ergo
1932 3246 2274 3314 perniciosus
2309 3246 2400 3301 ille
2431 3260 2587 3301 error
2642 3243 2993 3313 rejiciendus.
3056 3241 3353 3298 dicentium
3395 3237 3453 3292 in
3507 3234 3676 3292 Deum
3704 3271 3724 3301 ,
3777 3248 3895 3288 non

635 3343 810 3412 ipsum
861 3356 891 3395 a
930 3355 1008 3407 se,
1037 3340 1132 3396 sed
1162 3355 1191 3393 a
1223 3339 1485 3410 subjectis
1533 3341 1696 3396 rebus
1742 3350 1794 3395 et
1830 3342 2052 3403 creatis,
2088 3356 2210 3411 quae
2265 3351 2392 3395 sunt
2423 3341 2709 3396 mutationi
2761 3339 3030 3404 obnoxiae,
3065 3338 3428 3392 universalem
3469 3332 3763 3387 Dominum
3829 3343 3898 3384 ac

631 3444 932 3492 creatorem
954 3452 1094 3492 esse.

702 3529 792 3586 lll.
823 3531 996 3583 Etiam
1027 3531 1099 3583 ita
1129 3531 1478 3586 ratiocinare.
1508 3529 1566 3584 Si
1607 3532 1848 3597 tandem,
1879 3533 2084 3602 inquis,
2111 3533 2208 3585 ali-

2384 3527 2456 3579 I".
2495 3525 2634 3594 ὐρα
2667 3523 2722 3577 δὲ
2749 3524 2842 3576 καί
2873 3519 2996 3578 ὧδε.
3028 3524 3092 3575 El
3127 3521 3369 3590 ὕστερον,
3402 3519 3556 3588 ἔφης,
3589 3517 3896 3588 πεποίηται

632 3622 853 3693 quando
883 3631 1100 3677 creatus
1133 3631 1216 3676 est
1248 3623 1504 3686 mundus,
1545 3639 1667 3678 cum
1703 3625 1853 3692 prius
1889 3641 1997 3679 non
2026 3631 2206 3690 esset;

633 3731 862 3770 necesse
908 3722 1011 3776 est,
1042 3713 1336 3768 immunem
1369 3713 1537 3768 Deum
1569 3730 1606 3767 a'
1634 3718 1887 3784 passione
1917 3725 1971 3770 et
2013 3716 2210 3769 altera-

634 3810 802 3873 tione,
837 3805 1058 3858 mutari.
1105 3802 1315 3873 Quippe
1349 3813 1581 3874 oportet,
1615 3806 1903 3858 mutationi
1935 3806 2212 3859 alteratio-

638 3900 800 3968 nique
826 3897 1124 3966 subjaceat,
1159 3899 1252 3966 qui
1285 3895 1352 3949 ab
1379 3897 1490 3951 otio
1549 3898 1894 3966 postmodum
1950 3895 2017 3949 ad
2073 3912 2210 3965 opus

637 3988 902 4058 procedit.
952 3987 1084 4041 Nam
1119 3988 1364 4042 dicebam
1417 3987 1526 4058 (14)
1565 3985 1957 4055 :Requievitne
1987 3985 2128 4041 Deus
2181 4002 2210 4041 a

639 4082 827 4136 mundi
874 4082 1168 4144 creatione,
1224 4079 1438 4133 necne?
1474 4078 1616 4133 Sane
1666 4079 1970 4147 requievit:
2008 4079 2210 4149 alioqui

639 4173 782 4225 enim
815 4171 1045 4224 necdum
1077 4171 1123 4223 is
1173 4177 1319 4223 esset
1372 4172 1668 4239 perlectus.
1707 4167 1782 4220 lia
1815 4178 1918 4224 est.
1976 4167 2031 4222 Si
2082 4184 2210 4239 ergo

639 4262 845 4315 creatio
894 4276 922 4313 a
980 4277 1087 4314 non
1133 4261 1410 4314 creatione
1455 4259 1564 4314 Deo
1609 4260 1979 4314 alterationcm
2036 4259 2208 4323 aﬂ'ert,

641 4365 822 4404 nonne
849 4350 1010 4402 etiam
1045 4364 1152 4403 non
1187 4349 1392 4402 ereatio
1427 4363 1456 4400 a
1505 4347 1816 4401 creatione?
1847 4345 1924 4398 lta
1962 4362 2207 4415 prorsus.

643 4442 856 4495 Dixeris
887 4456 1015 4494 vero
1043 4448 1334 4502 mutatum,
1371 4440 1514 4509 quod
1569 4455 1676 4493 non
1731 4447 1877 4492 creet
1910 4439 2090 4502 hodie,
2148 4455 2213 4494 eo

643 4533 786 4601 quod
833 4529 1124 4599 aliquando
1157 4532 1400 4584 crearet?
1458 4529 1832 4598 Nequaquam.
1866 4529 2051 4599 Neque
2085 4545 2215 4597 ergo

642 4633 726 4678 est
781 4622 1103 4676 necessitate
1146 4630 1382 4675 mutatus
1433 4621 1668 4674 creando
1727 4622 2022 4684 mundum,
2069 4621 2214 4691 quod

643 4715 806 4769 fuerit
835 4712 1052 4783 quando
1083 4727 1190 4764 non
1220 4721 1448 4765 crearet.
1481 4711 1653 4778 Atque
1704 4711 1837 4765 adeo
1869 4726 1978 4766 non
2027 4728 2216 4767 neces-

716 4825 827 4892 (I‘l)
869 4821 1053 4875 Nonne
1086 4821 1232 4873 aliud
1263 4832 1337 4874 est
1374 4820 1509 4874 Dens
1553 4838 1584 4892 ᾳ
1616 4822 1830 4885 mundo,
1863 4831 1996 4885 etc.,
2025 4823 2215 4892 ἕτερον

2312 3623 2340 3672 ὁ
2375 3620 2595 3688 κόσμος,
2636 3617 2710 3687 μὴ
2743 3617 3003 3688 πρότερον
3029 3615 3125 3676 ὢν,
3160 3612 3515 3682 μεταϐάλλειν
3546 3611 3760 3680 ἀνάγκη
3798 3611 3896 3662 τὸν

2312 3707 2500 3777 ἀπαθῆ
2552 3707 2645 3759 καὶ
2709 3705 3059 3758 ἀναλλοίωτον
3118 3701 3269 3754 Θεόν.
3320 3700 3422 3752 Τὸν
3471 3699 3578 3768 γὰρ
3624 3697 3897 3752 ποιοῦντα

2314 3800 2577 3872 πρότερον
2610 3796 2806 3867 μηδὲν,
2839 3793 3062 3862 ὕστερον
3105 3793 3161 3845 δὲ
3203 3791 3310 3845 ἀπὸ
3341 3791 3434 3844 τοῦ
3483 3791 3556 3861 μὴ
3588 3791 3766 3843 ποιεῖν
3813 3794 3896 3854 εἰς

2312 3893 2372 3944 τὸ
2407 3893 2580 3944 ποιεῖν
2617 3888 2746 3958 (15),
2779 3885 3125 3955 μεταϐάλλειν
3159 3885 3249 3936 καὶ
3277 3882 3614 3936 ἀλλοιοῦσθαι
3645 3882 3892 3953 ἀνάγκη.

2318 3983 2540 4050 Ἔλεγον
2569 3981 2693 4051 γάρ·
2730 3978 3010 4030 Πέπαυται
3052 3976 3106 4027 δὲ
3151 3975 3244 4027 τοῦ
3277 3977 3448 4027 ποιεῖν
3480 3975 3571 4025 τὸν
3609 3975 3820 4044 κόσμον
3865 3976 3894 4027 ό

2312 4075 2464 4138 Θεὸς,
2499 4074 2531 4142 ἢ
2565 4071 2623 4125 οὗ
2649 4089 2663 4136 ;
2700 4070 2981 4123 Πέπαυται
3001 4085 3012 4097 ·
3049 4066 3200 4121 οὔπω
3232 4066 3338 4136 γὰρ
3367 4062 3435 4137 ἦν
3465 4065 3896 4136 τετελειωμένος

2313 4167 2397 4220 ἄν.
2442 4164 2680 4234 Ἀληθές.
2714 4164 2777 4215 Εἰ
2810 4158 2900 4214 οὖν
2941 4161 3001 4213 τὸ
3031 4163 3202 4212 ποιεῖν
3231 4162 3294 4211 ἐκ
3327 4158 3420 4211 τοῦ
3466 4159 3539 4229 μὴ
3571 4160 3747 4209 ποιεῖν
3798 4158 3896 4209 ἀλ-

2313 4260 2528 4312 λοίωσιν
2573 4256 2667 4309 τοῦ
2716 4256 2849 4308 Θεοῦ
2898 4252 3358 4323 καταψηφίζεται,
3403 4254 3522 4322 οὐχὶ
3571 4251 3664 4304 καὶ
3711 4250 3777 4302 τὸ
3812 4249 3896 4320 μὴ

2316 4355 2486 4404 ποιεῖν
2514 4354 2576 4402 ἐκ
2605 4350 2699 4402 τοῦ
2745 4352 2950 4412 ποιεῖν;
2993 4347 3250 4416 Ἀνάγκη.
3293 4344 3640 4398 ’Πλλοιῶσθαι
3685 4342 3748 4394 δὲ
3795 4344 3896 4395 αὒ-

2315 4445 2404 4497 τὸν
2458 4443 2623 4512 φαίης
2681 4441 2754 4511 μὴ
2810 4441 3063 4492 ποιοῦντα
3129 4443 3364 4509 σήμερον
3413 4437 3540 4507 παρ’
3593 4434 3622 4485 ὃ
3667 4430 3737 4503 ἦν
3803 4437 3895 4490 ὅτε

2317 4535 2522 4598 emisi;
2556 4533 2839 4602 Οὐδαμῶς.
2890 4531 3010 4584 Οὐδ’
3059 4532 3166 4600 ἄρα
3205 4532 3293 4582 ὅτε
3345 4530 3487 4581 ποιεῖ
3526 4526 3615 4578 τὸν
3649 4527 3893 4598 κόσμον,

2317 4625 2638 4694 ἠλλοιῶσθαι
2673 4623 2832 4676 αὐτὸν
2862 4623 3094 4692 ἀνάγκη,
3125 4623 3252 4692 παρ’
3281 4621 3309 4672 ὃ
3335 4617 3401 4688 ἦν
3430 4619 3517 4670 ὅτε
3561 4618 3892 4673 οὐκ-ἐποίειο

2318 4721 2410 4771 καὶ
2443 4717 2565 4770 οὔτε
2605 4717 2817 4784 ἀνάγκη
2853 4715 3215 4784 συνυπάρχειν
3261 4710 3409 4776 αὐτῷ
3448 4710 3510 4761 τὸ
3548 4712 3653 4762 πᾶν
3689 4711 3778 4763 δεῖ
3807 4713 3897 4764 λέ-

2322 4828 2620 4890 sententia,
2675 4828 2742 4879 ab
2781 4828 2920 4888 otio,
2971 4833 3229 4896 sequente
3269 4836 3427 4896 opus,
3463 4819 3602 4889 quod
3626 4821 3762 4896 ipse
3801 4838 3899 4877 os-

644 4872 776 4956 (dab;
810 4872 1048 4963 κόσμουξ
1087 4893 1226 4956 Quid
1260 4892 1508 4965 planius?
1541 4891 1786 4965 Ostendit
1817 4872 1923 4965 non
1959 4872 2079 4946 esse
2121 4872 2215 4944 bei
2248 4872 2290 4926 ι)
2323 4872 2493 4950 iendit
2517 4900 2584 4950 ab
2607 4872 2954 4957 ’COfiClll,vi‘tl
3001 4872 3178 4965 ipsum
3219 4872 3899 4965 pragcedeii_t_e._8i'hottus

647 4962 1032 5028 perfectionem
1071 4979 1097 5014 a
1132 4963 1354 5021 mundo,
1398 4963 1486 5028 qui
1524 4962 1593 5012 sit
1639 4962 1782 5013 aliud
1814 4964 1879 5016 ab
1913 4963 2065 5029 ipso,
2091 4977 2213 5014 cum

648 5035 827 5085 .livina
861 5043 913 5086 et
944 5035 1190 5086 absoluta
1229 5033 1523 5100 perfectio,
1567 5033 1634 5083 ab
1682 5032 1801 5099 ipso
1849 5032 2007 5099 cujus
2037 5039 2120 5085 est
2165 5038 2218 5084 et

650 5113 865 5173 prepter
917 5105 1090 5171 ipsum
1144 5103 1338 5156 debeat
1392 5118 1529 5173 esse.
1591 5100 1885 5154 Sebotlus:
1927 5101 2111 5154 Nonne
2144 5110 2218 5154 est

649 5171 795 5225 aliud
832 5172 963 5223 Deus
995 5173 1193 5235 mundi,
1228 5183 1356 5237 etc.,
1396 5171 1534 5223 fmda
1572 5179 1718 5224 certe
1742 5173 2006 5225 barbarie.

723 5241 835 5311 (ιδ)
867 5239 1230 5309 Nequaquam,
1264 5243 1324 5293 οὐ
1363 5243 1455 5310 μή.
1523 5239 1612 5292 Sic
1655 5241 1811 5294 facile
1851 5250 2030 5310 potest
2062 5239 2223 5292 resti-

652 5323 727 5366 tui
763 5314 961 5379 littera,
989 5313 1194 5364 reddita
1223 5313 1482 5376 particula
1517 5313 1586 5378 μή
1621 5327 1720 5364 suo
1753 5313 1888 5373 loco,
1916 5326 2086 5379 eoque
2111 5325 2215 5360 non

653 5383 849 5435 inutili.
885 5378 1043 5432 Velut
1086 5381 1378 5434 adversarii
1429 5382 1712 5448 responsio
1764 5382 1832 5432 sit
1863 5384 1928 5433 ab
1957 5378 2022 5433 iis
2047 5380 2215 5446 parti-

654 5455 793 5507 culis
828 5451 1085 5521 usquead
1128 5453 1345 5503 verbum
1382 5452 1705 5521 εὑρίσκοιτο,
1744 5455 1826 5501 cui
1865 5453 2005 5503 velut
2036 5458 2218 5521 gratu-

654 5525 774 5576 lans
809 5520 1108 5575 Methodius
1138 5520 1534 5590 sul-jungattb
1584 5523 1985 5590 προσηκόντως,
2030 5539 2090 5570 ac
2145 5520 2215 5570 ita

656 5595 992 5659 interrogare
1026 5601 1226 5659 pereat.

729 5661 836 5730 (M)
873 5662 1011 5713 Nam
1055 5662 1305 5714 dicebam.
1351 5663 1528 5726 ἱλῖγτιν
1567 5662 1693 5730 γάρ.
1734 5660 1950 5725 Ιίνιιιὴττὶ
1997 5669 2078 5714 est
2112 5660 2218 5710 Μει-

657 5732 848 5791 tbodii,
887 5749 988 5797 qua
1013 5731 1078 5782 ad
1109 5733 1334 5782 homini:
1366 5771 1373 5780 .
1409 5734 1650 5797 infringit
1676 5741 2049 5797 arguinvnluni
2102 5733 2217 5782 (li-i-

657 5804 830 5870 genis,
860 5803 1152 5870 probatque
1182 5802 1318 5854 idem
1347 5803 1494 5868 ni‘llUl
1532 5802 1930 5854 inconnnodum
1963 5819 2020 5854 ex
2053 5803 2218 5870 ipsius

2320 4969 2466 5021 nulla
2495 4969 2879 5021 consecutione
2922 4969 2973 5020 in
3006 4960 3164 5020 tertia
3195 4961 3394 5029 accipit
3422 4980 3433 5012 :
3472 4960 3897 5024 dicebuutenim,

2323 5039 2428 5092 nisi
2453 5041 2658 5106 prelum
2690 5038 2829 5090 male
2856 5037 3095 5098 sudavit,
3122 5032 3583 5106 scripsitqueipse
3612 5030 3858 5106 dicebam
3879 5049 3898 5084 :

2323 5101 2484 5176 quam
2520 5119 2698 5161 tamen
2726 5108 2869 5175 piam
2902 5107 3271 5176 conjecturam
3303 5101 3539 5170 depellit,
3573 5102 3714 5176 quod
3757 5117 3898 5176 pau-

2325 5171 2406 5231 eis
2438 5187 2556 5246 post
2609 5171 2765 5229 lineis
2800 5178 2985 5230 eadem
3003 5171 3319 5246 r'oscitantia
3358 5181 3560 5246 peccat,
3602 5171 3692 5223 ubi
3724 5173 3901 5246 etiam

2327 5240 2520 5301 novam
2572 5248 2951 5299 transitionem
2999 5245 3144 5295 illam
3192 5240 3536 5296 Metliodiiad
3585 5255 3785 5293 novam
3815 5241 3905 5292 in—

2328 5320 2581 5371 stantiam
2612 5317 2742 5368 :Kaf
2777 5334 2864 5384 μοι
2895 5313 3024 5380 φάθι
3056 5312 3148 5384 καὶ
3190 5305 3310 5374 ὧδε,
3359 5314 3438 5365 sic
3474 5311 3646 5384 reddit
3681 5329 3694 5362 :
3732 5309 3904 5384 Atqui

2325 5390 2400 5441 sic
2459 5403 2658 5440 mecum
2719 5378 3010 5451 disputent.
3063 5382 3382 5449 Quanquam
3437 5381 3579 5435 enim
3630 5386 3782 5451 notat
3843 5378 3902 5430 in

2328 5474 2519 5527 marg.
2553 5458 2648 5507 ἀνι.
2676 5449 2845 5521 ςιιινῖ,
2875 5455 3101 5527 planum
3131 5463 3308 5527 tamen
3339 5458 3420 5505 est
3447 5467 3568 5505 esse
3602 5449 3897 5502 lectionem

2328 5520 2472 5579 iliani
2519 5520 3012 5584 mendosamfncc
3066 5520 3450 5592 Origenianum
3511 5528 3901 5590 argumentum

2327 5598 2593 5654 ini-horai,
2629 5596 2722 5648 sed
2758 5594 3180 5646 Methodianum.

2400 5669 2508 5734 (153)
2539 5670 2636 5729 Εἰς
2665 5666 2727 5716 τὸ
2754 5664 2961 5717 ποιεῖν.
3009 5663 3168 5718 Deest
3201 5661 3624 5733 προεληλυθότα,
3671 5664 3765 5711 aut
3797 5655 3902 5710 ali-

2329 5739 2456 5807 quid
2497 5735 2827 5804 bujusmodi.
