4028 6318
677 379 785 436 3-ιὸ

1679 378 1736 435 S.
1782 378 2115 435 METHODII
2154 380 2464 437 EPISCOPI
2500 380 2587 434 ET
2632 378 2993 435 MARTYRIS

3832 380 3937 435 δυ

676 503 821 568 pium
868 499 1017 553 dicat
1065 501 1446 555 auctoritatem
1490 513 1555 553 ac
1583 500 1812 555 liberum
1868 500 2251 570 principatum.

2362 503 2495 566 θεῖν,
2542 502 2684 556 ἔοικε
2728 502 3033 574 σημαίνειν,
3082 501 3180 571 τὴν
3229 500 3476 564 ἐξουσίαν
3524 501 3699 573 ἀρχὴν
3746 500 3935 553 εἰπών.

680 590 811 645 l’ost
834 606 963 661 ergo
998 592 1279 659 singulare
1310 590 1445 645 illud
1492 589 1832 661 Principium
1889 594 2092 662 absque
2120 596 2264 663 prin-

680 683 844 753 cipio,
878 684 970 753 qui
992 690 1077 738 est
1098 682 1277 748 Pater,
1315 683 1374 735 tit
1408 684 1587 751 ipsum
1632 684 1864 737 aliorum
1897 682 2260 755 Principium,

678 788 778 844 per
800 775 943 843 quod
975 775 1159 828 omnia
1186 781 1466 828 creantur.

745 866 835 919 ΙΧ-
866 865 1153 937 Origenes,
1204 868 1401 937 inquit,
1442 877 1729 937 postquam
1778 868 1949 920 multa
1982 882 2261 922 commen-

672 968 761 1013 tus
794 966 941 1014 esset
961 958 1030 1013 de
1074 958 1315 1013 universi
1347 960 1674 1015 aeternitate.
1726 960 1893 1013 etiam
1951 960 2055 1015 hoc
2089 960 2256 1014 addit.

670 1045 862 1120 Neque
913 1064 1046 1120 ergo
1100 1050 1170 1104 ab
1197 1049 1392 1112 Adam.
1451 1060 1510 1104 ut
1544 1050 1766 1120 quidam
1810 1051 2104 1116 alIirmant,
2135 1067 2259 1106 cum

668 1142 824 1212 prius
856 1158 964 1196 non
994 1148 1142 1196 esset
1164 1142 1347 1204 homo,
1381 1151 1509 1196 tunc
1532 1144 1777 1198 omnium
1811 1142 2023 1213 primus
2055 1143 2262 1198 forma-

669 1243 782 1296 tus,
848 1235 902 1287 in
966 1233 1229 1287 mundum
1283 1236 1574 1303 processit.
1640 1234 1827 1304 Neque
1867 1235 2107 1290 mundus
2138 1251 2259 1290 rur-

669 1342 819 1387 sum,
854 1333 982 1381 ante
1030 1341 1125 1381 sex
1181 1325 1298 1380 dies
1328 1341 1493 1395 quam
1545 1336 1831 1381 crearetur
1859 1327 2057 1391 Adam,
2093 1328 2260 1397 cmpit

676 1416 813 1471 tieri.
856 1416 1012 1481 Quod
1033 1418 1078 1472 si
1113 1419 1238 1487 quis
1264 1418 1445 1473 hacin
1484 1426 1639 1487 parte
1690 1418 1956 1473 dissideat
1988 1420 2257 1490 ambigat-

670 1520 797 1573 que,
844 1508 994 1575 prius
1026 1509 1213 1569 cedat,
1270 1525 1401 1562 num
1440 1510 1515 1562 ita
1544 1510 1964 1578 accipientibus,
1998 1510 2156 1566 facile
2189 1512 2258 1565 ad

671 1596 895 1652 Mosaici
930 1600 1055 1653 libri
1091 1602 1384 1663 rationem,
1418 1610 1739 1656 numeretur
1767 1617 1945 1657 annus
1976 1606 2153 1661 unus?
2176 1609 2255 1660 sic

2366 593 2576 647 Οὐκοῦν
2616 593 2759 663 ἁρχὴ
2803 592 2942 662 μετὰ
2982 592 3083 662 τὴν
3130 590 3265 644 ἰδίαν
3307 592 3541 662 ἄναρχον
3585 594 3729 662 app,
3784 634 3801 649 .
3852 593 3939 643 τὴν

2365 684 2617 753 Πατέρα.
2654 683 2815 745 αὐτὸς
2861 681 2970 734 τῶν
3008 679 3183 733 ἄλλων
3227 679 3456 749 γίνεται,
3498 680 3562 733 δι’
3608 676 3674 751 ἦς
3728 682 3942 734 ἅπαντα

2362 776 2557 845 δημιον
2566 778 2797 846 ργείται.

2434 871 2511 923 Θ¹.
2566 872 2686 923 ’Ότι
2742 868 3053 939 Ὤριγένης,
3101 866 3241 937 μετὰ
3287 867 3348 919 τὸ
3391 865 3563 918 πολλὰ
3599 864 3943 935 μυθήσασθαι

2363 968 2489 1037 περὶ
2526 966 2623 1035 τῆς
2663 964 2760 1016 τοῦ
2802 964 3004 1026 παντὸς
3051 961 3376 1049 animm,
3404 960 3600 1027 ὲπάγει
3633 960 3729 1011 καὶ
3765 957 3941 1010 τοῦτο.

2362 1061 2501 1114 Uine
2544 1056 2637 1112 οὖν
2683 1059 2791 1112 ἀπὸ
2834 1056 3025 1126 Ἀδὰμ,
3058 1054 3133 1117 ὥς
3173 1050 3305 1123 φασί
3336 1069 3500 1114 τινες,
3535 1050 3799 1120 πρότερον
3847 1050 3947 1101 οὐκ

2359 1151 2488 1204 ὣνό
2516 1150 2830 1220 ἅνθρωπος,
2877 1146 2998 1199 τότε
3045 1144 3261 1217 πρῶτος
3310 1139 3568 1202 πλασθεὶς
3616 1139 3697 1200 εἰς
3740 1136 3947 1207 κόσμου

2361 1242 2653 1314 παρῆλθεν·
2693 1238 2817 1292 οὔτε
2851 1233 2918 1291 αὖ
2971 1236 3175 1305 κόσμος
3208 1235 3315 1305 πρὸ
3356 1232 3415 1299 ἐξ
3448 1230 3671 1303 ἡμερῶν
3707 1230 3807 1299 τῆς
3849 1227 3945 1280 τοῦ

2374 1335 2542 1404 Ἀδὰμ
2574 1332 2842 1401 γενέσεως
2874 1326 3077 1400 ἦρξατο
3116 1322 3589 1397 δημιουργεῖσθαι.
3614 1323 3678 1374 Et
3710 1321 3769 1373 δὲ
3798 1320 3947 1388 φιλο-

2359 1429 2605 1497 φρονοῖτο
2624 1423 2974 1495 διαφέρεσθαι
3006 1422 3143 1493 πρὸς
3170 1419 3346 1473 ταῦτά
3368 1434 3484 1481 τις,
3516 1414 3781 1485 πρότερον
3810 1429 3951 1483 φρα-

2360 1518 2524 1579 σάτω,
2556 1518 2603 1568 εἰ
2636 1514 2711 1586 μὴ
2754 1513 3120 1585 εὐαρίθμητος
3151 1510 3258 1563 ἀπὸ
3293 1509 3386 1579 τῆς
3432 1506 3521 1560 τοῦ
3552 1502 3760 1573 κόσμου
3795 1502 3951 1571 γενέ-

2359 1625 2515 1672 σεως,
2555 1606 2695 1661 κατὰ
2736 1606 2832 1677 τὴν
2873 1604 3115 1668 Μωσέως
3159 1601 3360 1672 βίϐλον,
3396 1602 3506 1663 τοῖς
3553 1598 3725 1659 οὕτως
3776 1594 3951 1665 αὑτὴν

667 1689 832 1742 etiam
862 1691 953 1746 hic
983 1693 1325 1747 acclamante
1382 1693 1704 1763 prophetica
1738 1709 1871 1749 voce
1890 1696 1911 1725 '
1944 1716 1956 1749 :
1986 1698 2029 1750 Α
2060 1701 2251 1753 secuta

2355 1698 2852 1769 ὲκλαμσανομένοις
2890 1699 2919 1749 ὁ
2951 1696 3141 1766 χρόνος
3184 1689 3297 1757 εἷς,
3340 1692 3438 1762 τῆς
3473 1688 3817 1760 πῳφητικῆς
3853 1687 3951 1739 καὶ

666 1790 715 1831 et
746 1796 909 1849 usque
943 1783 997 1834 in
1028 1782 1283 1835 swculum
1315 1791 1371 1834 tu
1399 1800 1452 1837 es
1479 1801 1496 1837 :
1530 1785 1779 1857 quoniam
1802 1786 1945 1840 mille
1978 1790 2105 1842 anni
2134 1800 2251 1844 ante

2356 1791 2543 1845 ἐνθάδε
2589 1788 2799 1859 βοὼσης
2846 1788 3050 1857 φωνῆς’
3100 1784 3235 1839 Ἀπὸ
3266 1781 3375 1837 τοῦ
3420 1780 3635 1847 αἰῶνος
3684 1780 3784 1833 καὶ
3835 1778 3950 1841 ἓως

668 1875 846 1927 oculos
868 1883 1009 1937 tuos,
1037 1886 1289 1945 tanquam
1324 1878 1705 1933 dies'liesterria
1729 1898 1847 1950 qua:
1872 1885 2152 1949 prwteriit,
2207 1895 2251 1939 et

2361 1885 2467 1939 τοῦ
2511 1882 2729 1948 αἰῶνος
2770 1880 2852 1934 σὺ
2899 1876 2970 1933 εἴ·
3024 1878 3115 1931 ὅτι
3156 1878 3323 1945 χίλια
3364 1874 3468 1941 ἐτη
3500 1874 3569 1926 ἐν
3613 1869 3969 1941 ὀφθαλμοῖς

667 1965 911 2019 custodia
943 1969 996 2020 in
1036 1979 1206 2025 nocte.
1234 1969 1366 2023 Nam
1398 1987 1521 2025 cum
1552 1974 1699 2029 mille
1737 1978 1867 2029 anni
1899 1976 2011 2047 (29)
2032 1979 2087 2033 in
2115 1976 2251 2031 diem

2363 1993 2480 2029 σου
2509 1976 2590 2040 ὡς
2616 1972 2806 2043 ἡμέρα
2831 1973 2869 2038 ἡ
2905 1970 3068 2038 χθὲς,
3113 1967 3246 2035 ἣτις
3286 1965 3517 2033 διῆλθε,
3552 1964 3651 2017 καὶ
3698 1962 3949 2030 φυλακὴ

669 2074 840 2111 uinum
868 2061 1269 2115 concludantur
1294 2063 1348 2117 in
1380 2065 1556 2119 oculis
1588 2064 1705 2130 Dei,
1743 2082 1773 2120 a
1807 2069 1996 2123 mundi
2030 2077 2155 2122 ortu
2193 2068 2251 2123 ad

2359 2069 2431 2120 ἐν
2479 2066 2673 2119 νυκτίο
2723 2062 2908 2134 χιλίων
2941 2062 3057 2132 γὰρ
3094 2059 3230 2112 ἐτῶν
3275 2055 3656 2131 διοριζομένων
3700 2057 3781 2117 εις
3818 2055 3951 2125 μίαν

668 2164 841 2219 usque
876 2154 1153 2222 requiem,
1203 2155 1358 2227 [sunt
1408 2156 1529 2212 dies
1559 2172 1694 2224 sex;
1724 2166 1891 2228 atque
1940 2160 2009 2213 ab
2037 2158 2154 2231 illa]
2191 2160 2259 2216 ad

679 2259 781 2299 nos
817 2244 1016 2300 iterum
1075 2263 1167 2302 sex
1202 2250 1583 2317 praeterierunt
1611 2248 1753 2314 dies,
1780 2258 1840 2304 ut
1870 2252 2061 2320 optimi
2119 2252 2262 2306 θωτ-

668 2347 823 2390 mant
842 2339 1231 2393 calculatores.
1250 2342 1468 2392 Annum
1486 2354 1617 2409 ergo
1630 2340 1811 2395 sexies
1824 2341 2172 2397 millesimum
2191 2345 2262 2399 ab

666 2428 873 2485 Adamo
906 2430 975 2485 ad
1024 2446 1127 2485 nos
1177 2446 1355 2500 usque
1382 2432 1537 2484 aiunt
1566 2433 1785 2487 extendi
1822 2475 1835 2487 .
1879 2449 2005 2488 nam
2056 2435 2146 2491 die
2172 2444 2260 2492 se-

667 2524 859 2591 ptima,
894 2524 1129 2591 septimo
1160 2522 1382 2593 inquam
1409 2526 1597 2579 mundi
1629 2527 1958 2591 millenario,
1986 2528 2256 2597 judicium

664 2616 911 2666 futurum
941 2613 1151 2667 dicunt.
1174 2614 1317 2686 Ergo
1368 2632 1399 2670 a
1434 2617 1595 2672 nobis
1624 2635 1800 2689 usque
1827 2620 1895 2674 ad
1923 2622 2256 2693 principium

665 2706 719 2757 in
750 2720 861 2773 quo
888 2704 1031 2760 Deus
1080 2709 1289 2761 creavit
1315 2710 1512 2763 caelum
1541 2719 1595 2765 et
1655 2719 1881 2777 terram,
1916 2713 2034 2767 dies
2066 2729 2257 2770 omnes

664 2796 928 2851 tredecim
989 2809 1351 2855 numerantur
1380 2820 1393 2855 :
1423 2810 1550 2857 ante
1577 2818 1738 2872 quos,
1772 2819 1897 2857 cum
1946 2804 2094 2859 Deus
2120 2807 2257 2860 nihil

663 2889 891 2943 omnino
914 2899 1172 2959 operatus
1206 2892 1278 2946 sit
1298 2903 1352 2947 et
1381 2898 1676 2963 creaverit,
1733 2895 1915 2951 Patris
1946 2900 2174 2953 nomine
2203 2908 2257 2955 et

668 2980 999 3035 universalis
1027 2986 1437 3040 conservatoris
1460 3002 1524 3041 ac
1576 2988 1791 3043 Domini
1835 2991 2035 3044 caruit.
2068 2991 2257 3046 Enim-

661 3086 813 3134 vero,
874 3073 921 3125 si
976 3074 1240 3127 tredecim
1292 3075 1411 3131 dies
1447 3087 1576 3135 sunt
1632 3080 1687 3132 in
1742 3082 1919 3136 oculis
1954 3081 2169 3138 Domini
2223 3100 2254 3139 a

663 3161 869 3216 mundo
900 3163 1144 3229 condito,
1179 3167 1455 3234 quomodo
1492 3169 1769 3237 Sapientia
1799 3172 1854 3225 in
1883 3170 2016 3227 Jesu
2056 3174 2247 3231 Siracb

662 3256 839 3311 dicit:
877 3256 1107 3311 Arenam
1164 3262 1352 3323 maris,
1378 3271 1425 3313 et
1466 3264 1657 3329 pluvia:
1698 3275 1899 3333 guttas,
1932 3278 1981 3321 et
2018 3269 2128 3322 dies
2155 3288 2251 3324 sa:-

658 3349 771 3405 culi
799 3353 914 3420 quis
940 3350 1298 3407 dinumerabit
1326 3354 1387 3409 ‘7
1436 3354 1563 3409 Haec
1599 3356 1864 3428 Origenes
1898 3360 2043 3417 serio
2066 3362 2253 3433 dispu-

651 3452 800 3507 tans,
826 3443 965 3509 vide,
991 3460 1123 3516 rogo
1144 3486 1159 3511 ,
1183 3462 1347 3517 quam
1380 3458 1635 3520 nugetur.

724 3712 746 3743 '
775 3710 931 3767 Psal.
961 3727 1189 3777 uxxix,
1212 3712 1269 3777 2,
1298 3713 1352 3766 4.
1384 3714 1405 3745 ⁸
1435 3711 1604 3767 Eccli.
1639 3730 1680 3777 ι,
1706 3713 1762 3766 2.

725 3870 842 3941 (29)
877 3868 1022 3924 Nam
1061 3886 1183 3923 cum
1215 3870 1361 3923 mille
1385 3870 1670 3941 anni,etc.
1722 3867 1954 3941 Yidetur
1978 3870 2161 3941 plane,
2189 3878 2243 3923 et

652 3938 747 3999 est.
771 3944 926 3996 locus
956 3942 1210 4001 mutilus.
1235 3941 1376 3993 male
1408 3940 1633 3992 omnino
1672 3938 1919 3993 redditus
1945 3940 2012 3994 ab
2047 3938 2245 3993 Schot-

652 4026 733 4075 to,
775 4027 876 4066 nec
910 4013 1047 4065 bene
1081 4012 1390 4064 illustratus
1419 4010 1487 4062 ab
1521 4008 1854 4063 llmschelio.
1891 4010 1965 4062 Ex
2022 4010 2115 4063 illo
2147 4010 2243 4079 igi-

653 4096 744 4138 tur
768 4082 965 4152 psalgm.
986 4097 1189 4135 Lxxxix
1218 4101 1230 4136 :
1260 4080 1411 4134 Mille
1436 4082 1563 4133 anni
1604 4090 1727 4133 ante
1742 4080 1923 4132 oculos
1948 4090 2089 4152 tuos,
2112 4088 2245 4152 εις..

654 4149 823 4209 infert
868 4151 1137 4220 Origenes
1184 4167 1213 4203 a
1265 4153 1469 4205 mundo
1502 4152 1737 4219 primum
1775 4160 1960 4203 creato
1993 4151 2060 4204 ad
2100 4149 2246 4203 Ada-

654 4239 804 4278 mum
837 4238 1014 4291 usque
1048 4222 1114 4276 ad
1148 4220 1240 4276 Dei
1277 4223 1558 4290 requiem,
1615 4236 1720 4274 non
1755 4228 2025 4282 nostram,
2058 4229 2119 4273 ut
2155 4237 2245 4275 su-

656 4295 840 4362 pinius
865 4294 1145 4352 Schottus,
1178 4308 1271 4346 sex
1307 4293 1454 4346 mille
1489 4306 1667 4345 annos
1702 4291 2119 4355 intercessisse;
2147 4307 2242 4345 sex

654 4378 786 4417 vero
816 4364 1018 4416 iterum
1045 4363 1183 4416 alios
1214 4367 1281 4413 ah
1312 4364 1405 4416 illa
1431 4363 1638 4431 quiete.
1667 4378 1729 4415 ex
1768 4362 2064 4431 probatiori
2085 4362 2244 4414 chro-

655 4432 874 4501 nologia
904 4447 1025 4500 quae
1048 4441 1131 4485 est
1156 4431 1319 4494 LXX,
1355 4434 1420 4485 ad
1458 4448 1554 4486 sua
1590 4448 1764 4500 usque
1807 4440 2052 4501 tempora
2085 4432 2243 4483 colli-

654 4506 734 4575 git
769 4497 961 4556 {velut
997 4500 1109 4568 jam
1146 4513 1339 4575 exacto
1369 4505 1541 4575 altero
1570 4497 1809 4575 senario,
1846 4497 2077 4575 postque
2105 4502 2236 4575 illud

655 4570 916 4626 I-urrcnte
946 4572 1281 4638 septenario,
1314 4586 1376 4624 ac
1406 4572 1555 4625 velut
1582 4574 1814 4640 septima
1855 4571 1963 4633 die,
1995 4585 2102 4638 qua
2128 4572 2243 4624 vult
2276 4570 2320 4625 D

656 4644 775 4697 fore
811 4640 1000 4695 mundi
1024 4643 1576 4694 consummationem.
1610 4641 1685 4693 Ex
1713 4641 1915 4709 quibus
1946 4642 2246 4694 universim

655 4714 866 4782 colligit
894 4709 1225 4769 Methodius.
1254 4727 1375 4763 esse
1400 4720 1613 4763 tantum
1660 4712 1777 4765 dies
1826 4710 2244 4779 quatuordecim

655 4786 728 4853 (et
758 4787 834 4838 sic
876 4783 1015 4853 forte
1045 4782 1207 4853 luerit
1239 4782 1290 4832 in
1319 4790 1463 4833 textu
1489 4782 1905 4853 corrigendum),
1949 4790 2077 4853 ante
2105 4797 2247 4850 quos

655 4851 709 4909 in
765 4855 882 4924 ipsa
922 4852 1414 4924 Origenianorunr
1438 4853 1734 4924 sententia,
1766 4851 1911 4924 Deus
1943 4852 2079 4924 ni_hil
2118 4868 2247 4921 age-

658 4934 740 4979 ret
771 4920 803 4977 ξ
822 4940 999 4993 eoque
1030 4920 1154 4976 ἰιοη
1188 4932 1335 4993 stare
1366 4922 1496 4974 illud
1535 4924 1665 4993 Sap.
1704 4920 1896 4974 Sirach
1936 4940 1951 4993 ξ
1985 4920 2109 4975 Dies
2145 4920 2247 4975 sa:-

657 4995 762 5046 culi
789 4992 1330 5062 quis’dinumerabit?
1370 4994 1517 5046 velut
1552 4993 1625 5044 illi
1657 4992 2086 5046 innumerabiles
2110 4993 2242 5054 sint,

657 5080 945 5131 arenzeque
964 5066 1133 5118 maris
1157 5074 1209 5116 et
1231 5063 1401 5132 guttis
1429 5064 1626 5131 pluvia:
1647 5063 2067 5132 comparabiles.
2088 5063 2246 5115 Nulla

656 5151 788 5203 ergo
827 5135 917 5188 hic
961 5131 1250 5199 jucularis’
1287 5133 1645 5185 hallucinatio
1693 5131 1993 5203 Origenis,
2026 5134 2244 5202 qualem

656 5202 1009 5275 llmschelius
1042 5205 1216 5275 ﬁngit,
1254 5205 1403 5257 velut
1438 5212 1643 5271 septem
1673 5202 2054 5275 protredecim
2102 5204 2243 5275 inje-

655 5276 825 5338 ccrit;
860 5274 956 5328 sed
987 5270 1217 5328 debilior
1250 5270 1651 5344 argumentatio
1674 5270 1747 5344 ex
1782 5270 2065 5340 Scriptura
2104 5270 2246 5326 male

656 5344 962 5414 intellecta,
1005 5359 1169 5412 quam
1221 5341 1528 5399 Mct'hodius
1578 5360 1643 5397 ex
1664 5341 1988 5414 _Scriptura
2024 5359 2245 5414 quoque

655 5414 881 5469 refellit.
906 5412 1155 5467 Notanda
1184 5417 1487 5470 auctoritas
1517 5414 1637 5468 libri
1664 5412 2057 5480 Ecclesiastici,
2082 5412 2243 5480 quem

658 5488 747 5538 vir
777 5494 1005 5539 sanctus
1038 5485 1205 5537 etiam
1232 5484 1467 5541 Psalmis
1511 5493 1795 5555 opponat,
1822 5483 1995 5555 Porer
2026 5483 2245 5555 videtur

655 5572 723 5609 ex
766 5556 859 5608 illo
899 5555 1042 5618 loco,
1077 5555 1345 5609 celebrem
1379 5558 1525 5609 illam
1551 5553 1822 5623 ’Gregorii
1853 5562 1907 5607 et
1946 5553 2059 5609 fere
2096 5554 2246 5608 Gras-

666 5641 858 5679 rorum
890 5627 1239 5687 sententiam,
1290 5627 1357 5680 de
1400 5626 1586 5680 mundi
1642 5625 1907 5693 spiritalis
1934 5634 1986 5676 et
2015 5625 2244 5695 angelici

664 5696 946 5749 creatione
975 5706 1101 5751 ante
1136 5694 1283 5749 liunc
1323 5712 1669 5765 corporeum,
1707 5704 1977 5758 statuere,
2012 5710 2073 5747 ac
2110 5696 2243 5749 insi-

657 5780 855 5827 nuare,
906 5765 1334 5819 innumerabiles
1388 5768 1507 5819 illos
1555 5768 1673 5821 dies
1714 5767 1898 5818 saaculi
1926 5780 2023 5817 seu
2052 5768 2149 5819 ενι
2178 5768 2243 5818 il—

659 5837 791 5898 lius,
829 5849 951 5889 esse
979 5836 1263 5905 spiritalis,
1296 5851 1405 5891 non
1436 5837 1609 5892 nostri
1640 5836 1837 5906 hujus;
1872 5835 2027 5904 cujus
2052 5851 2241 5890 nume.-

2361 2158 2575 2228 ἡμέραν
2628 2158 2684 2209 ὲν
2732 2152 3031 2222 ὀφθαλμοῖς
3081 2148 3252 2214 Θεοῦ,
3300 2147 3411 2202 ἀπὸ
3455 2148 3553 2216 τῆς
3596 2145 3689 2199 τοῦ
3735 2146 3951 2214 κόσμου

2359 2248 2629 2317 γενέσεως
2659 2247 2823 2318 μέχρι
2857 2244 3257 2305 καταπαύσεως
3286 2285 3298 2296 .
3345 2283 3359 2294 .
3406 2279 3419 2292 .
3465 2282 3479 2295 .
3525 2282 3538 2295 .
3583 2279 3599 2293 .
3646 2279 3657 2291 .
3704 2278 3716 2292 .
3752 2238 3955 2308 μέχρις

2360 2340 2535 2411 ἡμῶν,
2567 2340 2644 2404 ὡς
2672 2341 2723 2394 οἱ
2754 2338 2882 2409 περὶ
2920 2338 3018 2408 τὴν
3050 2333 3421 2408 ἀριθμητικὴν
3458 2332 3729 2401 φάσκουσι
3757 2330 3951 2397 δεινοὶ,

2359 2434 2417 2500 ἒξ
2450 2434 2655 2506 ἡμέραι
2686 2429 3171 2502 συμπέραιοῦνται.
3188 2425 3675 2497 Ἐξακισχιλιοστδν
3695 2426 3809 2495 ἄρα
3829 2424 3955 2486 ἔτος

2359 2526 2522 2595 φασὶν
2549 2522 2657 2577 ἀπὸ
2702 2522 2874 2593 ’Δδὰμ
2907 2523 2987 2584 εἰς
3024 2518 3185 2592 δεῦρο
3215 2516 3527 2572 συντείνεινυ
3556 2518 3622 2585 τῇ
3652 2514 3762 2585 γὰρ
3801 2515 3945 2569 ὲὸδο

2360 2616 2486 2687 μάδι
2550 2615 2628 2686 τῷ
2692 2610 3183 2683 ὲπτακισχιλιοστῷ
3240 2610 3351 2663 ἔτει
3416 2609 3595 2681 κρίσιν
3654 2608 3954 2676 ἁφῐξεσθαξ

2356 2726 2541 2778 φασιν·
2578 2707 2773 2762 οὐκοῦν
2820 2698 2875 2759 αἱ
2922 2707 3097 2758 πᾶσαι
3138 2703 3344 2774 ἡμέραι
3381 2700 3513 2753 δέκα
3542 2700 3639 2753 καὶ
3666 2702 3822 2771 τρεῖς
3854 2700 3954 2766 ἀφ’

2355 2801 2512 2872 ήμῶν
2541 2800 2647 2862 ἕως
2675 2802 2754 2861 εἰς
2784 2797 2885 2868 τὴν
2914 2798 2971 2848 ὲν
3005 2797 3171 2867 ἀρχῇ,
3197 2795 3253 2845 ὲν
3283 2786 3317 2866 ᾖ
3351 2790 3608 2861 ἐποίησεν
3632 2792 3659 2842 ὁ
3682 2790 3821 2853 Θεὸς
3856 2790 3955 2843 τὸν

2353 2894 2584 2965 οὐρανὸν
2610 2892 2707 2945 καὶ
2732 2891 2832 2961 τὴν
2855 2889 2983 2959 γῆν,
3018 2883 3364 2957 μετροῦνταιο
3406 2875 3483 2936 ὧν
3513 2885 3542 2935 ὁ
3574 2882 3711 2943 Θεὸς
3733 2880 3949 2935 ausu-

2359 3004 2468 3057 ρον,
2506 2985 2648 3040 κατὰ
2675 2984 2772 3055 τὴν
2801 2982 2954 3051 σφῶν
2981 2980 3159 3034 αὐτῶν
3185 2977 3369 3031 ἄνοιαν
3395 2974 3545 3027 οὐδὲν
3572 2972 3831 3042 οὐδαμῶς
3865 2972 3949 3042 δη.

2360 3080 2721 3152 μιουργήσας,
2752 3074 3104 3146 ὲγεγύμνωτο
3129 3071 3224 3126 τοῦ
3255 3068 3447 3139 Πατὴρ
3478 3067 3588 3137 (50)
3619 3066 3713 3118 καὶ
3744 3084 3947 3119 παντοο

2355 3173 2581 3245 κράτωρ
2607 3167 2767 3225 εἶναι.
2804 3169 2869 3223 Εἰ
2894 3167 2951 3220 δὲ
2977 3162 3442 3238 καὶτρισκαίδεκά
3469 3162 3605 3213 εἰσιν
3633 3159 3845 3230 ἡμέραι
3894 3160 3957 3211 ὲν

2358 3265 2657 3335 ὀφθαλμοῖς
2684 3260 2819 3316 Θεοῦ
2848 3259 2957 3313 ἀπὸ
2998 3259 3264 3327 γενέσεως
3307 3254 3533 3323 κόσμον,
3564 3251 3681 3313 πῶς
3710 3269 3888 3323 φησιν
3920 3256 3954 3323 ἡ

2359 3358 2419 3407 ὲν
2455 3353 2534 3424 τῷ
2562 3350 2765 3423 Σειρὰχ
2793 3350 2973 3419 σοφία·
3005 3350 3225 3418 Ἀμμον
3267 3340 3617 3405 θωασσῶν,
3652 3340 3748 3394 καὶ
3799 3356 3955 3397 στα-

2361 3447 2546 3516 γόνας
2574 3444 2783 3509 ὑετοῦ,
2833 3442 2935 3497 καὶ
2977 3440 3203 3511 ἡμέρας
3251 3434 3466 3501 αἰῶνος
3503 3434 3592 3500 τίς
3622 3433 3953 3505 ἐξαριθμή-

2352 3550 2483 3600 σει;
2517 3536 2705 3591 Ταῦτά
2738 3552 2902 3606 φησιν
2939 3536 2968 3587 ὁ
3007 3531 3289 3604 Ὠριγένης
3331 3524 3672 3592 σπουδάζων,
3703 3526 3803 3579 καὶ
3844 3529 3953 3599 ὅρα

2351 3624 2441 3683 οἷα
2470 3629 2677 3694 παίζει.

2348 3886 2445 3925 rus
2495 3872 2729 3931 dierum.
2781 3871 2944 3925 etiam
2979 3869 3347 3941 Origeniane,_
3379 3866 3615 3941 et_ju_xta
3643 3866 3786 3941 illos
3847 3874 3948 3938 qui

2349 3942 2422 3994 ita
2445 3944 2748 3997 extendunt
2791 3941 2908 3997 dies
2948 3957 3045 3997 sex
3081 3937 3405 3999 creationis,
3440 3937 3598 4009 facile
3642 3938 3767 4009 iniri
3818 3937 3952 4009 pos-

2347 4013 2441 4066 sit.
2466 4012 2672 4067 Contra
2701 4014 2844 4066 hanc
2868 4012 3192 4067 sententiam
3226 4009 3461 4079 aestimat
3499 4006 3789 4079 Cornelius
3818 4006 3949 4079 pro-

2349 4084 2657 4138 nuntiatum
2703 4099 2733 4135 a
2776 4080 3031 4137 Patribus
3080 4078 3545 4135 Lateranensibus
3589 4097 3602 4133 :
3645 4077 3742 4133 sed
3800 4077 3945 4137 mihi

2353 4154 2551 4208 melius
2580 4162 2768 4209 censet
2798 4152 2863 4206 D.
2896 4151 3159 4217 Thomas,
3181 4151 3345 4218 cujus
3367 4149 3575 4201 utinam
3609 4149 3663 4202 in
3695 4163 3937 4204 censen-

2351 4223 2438 4276 dis
2497 4226 2767 4294 dogmatis
2822 4223 3146 4294 modestiam
3190 4229 3244 4275 et
3295 4218 3625 4274 soliditatem
3678 4218 3944 4294 juniores

2352 4294 2509 4347 multi
2545 4290 2913 4357 imitarentur,
2946 4307 3047 4348 nec
3080 4292 3188 4346 nisi
3225 4306 3292 4344 ex
3339 4300 3518 4342 mente
3545 4290 3940 4353 conciliorum,

2350 4365 2440 4417 cui
2468 4365 2633 4419 verba
2664 4365 2865 4419 debent
2893 4363 3169 4431 componi,
3210 4361 3265 4414 in
3307 4357 3575 4431 ejusmodi
3608 4361 3943 4431 pronuntia.

2350 4442 2491 4489 rent.
2525 4434 2825 4488 Damnatus
2852 4449 2983 4504 ergo
3018 4428 3180 4487 fuerit
3201 4445 3392 4504 carcer
3423 4428 3514 4482 ille
3547 4429 3789 4504 damnati
3819 4429 3943 4504 Ol’i-

2349 4506 2526 4571 genis,
2556 4516 2607 4560 et
2640 4504 2877 4559 mundus
2902 4499 2991 4559 ille
3022 4513 3147 4558 ante
3178 4501 3447 4554 Adamum
3470 4514 3560 4551 sex
3586 4499 3735 4552 mille
3755 4502 3940 4565 annis,

2350 4574 2546 4641 plenus
2578 4574 2922 4645 incorporcis
2952 4573 3269 4645 hominibus
3296 4584 3391 4624 seu
3438 4584 3545 4645 non
3584 4571 3933 4634 carnalibus,

2350 4639 2403 4697 et
2443 4646 2709 4701 hactenus
2730 4639 2971 4715 angelis;
2998 4642 3284 4715 spiritalis
3312 4653 3442 4715 vero
3470 4639 3559 4715 ille
3574 4646 3639 4715 et
3670 4655 3801 4715 vere
3838 4658 3939 4695 an-

2348 4716 2579 4783 gelicus.
2612 4732 2771 4784 quem
2804 4708 2967 4768 nemo
2996 4708 3219 4768 Patrum
3244 4709 3450 4784 erroris
3479 4710 3534 4761 in
3570 4708 3669 4762 [ide
3692 4709 3940 4784 insimu-

2349 4778 2497 4848 iarit,
2530 4778 2753 4850 Bas-ilio,
2789 4784 3075 4855 Gregorio,
3098 4792 3229 4855 etc.,
3259 4780 3474 4855 ipsique
3501 4786 3687 4855 nostro
3716 4778 3941 4855 {letho—

2349 4855 2460 4919 dio,
2482 4847 2749 4926 quantum
2771 4872 2839 4910 cx
2862 4847 3023 4910 dictis
3047 4847 3610 4926 colli_gim'us,vvindice
3632 4847 3687 4901 S.
3716 4848 3936 4905 Thoma

2348 4934 2401 4999 et
2423 4920 2636 4999 Angelo
2657 4926 2890 4999 Scholia,
2912 4920 3213 4999 probabilis
3230 4920 3543 4999 constiterit
3572 4936 3584 4971 :
3604 4934 3935 4999 quanquam

2348 4990 2544 5052 eidem'
2557 5000 2791 5069 ejusque
2808 4990 3125 5069 discipulis,
3150 5006 3290 5069 quos
3314 4990 3551 5069 agimus,
3572 4990 3934 5069 simultanea,

2350 5077 2409 5119 ut
2435 5060 2603 5123 unius
2632 5060 2841 5134 mundi,
2895 5060 3104 5121 creatio
3134 5060 3402 5134 omnium,
3435 5060 3772 5134 probabilior
3804 5060 3934 5117 fue-

2348 5138 2441 5192 rit.
2472 5138 2590 5193 Non
2630 5139 2773 5192 male
2798 5129 2865 5193 de
2894 5137 2980 5190 his
3006 5135 3287 5190 Escalant.
3329 5129 3522 5199 διείρεο
3544 5131 3855 5185 concionat.

2420 5208 2533 5279 (30)
2566 5209 2790 5279 Πατήρ.
2825 5205 3140 5279 Legendum
3170 5200 3637 5279 omninoyidetur
3668 5204 3931 5279 ποιητής.

2350 5270 2440 5332 Sic
2468 5270 2637 5341 enim,
2679 5270 2772 5332 ubi
2807 5278 2875 5332 de
2909 5270 3218 5335 creatione,
3277 5270 3426 5339 loqui
3481 5279 3665 5324 amant
3724 5270 3931 5325 Patres

2347 5347 2558 5416 Grieci;
2600 5350 2801 5419 quibus
2836 5347 2981 5419 Deus
3015 5342 3477 5419 diciturnom'rijg
3492 5342 3613 5419 ρῶν
3635 5341 3783 5399 ,ὅλων
3819 5343 3934 5419 3:31

2343 5411 2693 5491 δημιουργὸς.
2728 5418 2809 5474 Cf.
2833 5415 3115 5491 S_.AJu_s_l_ini
3145 5411 3455 5491 Co_hort.’ad
3482 5411 3714 5491 Graecos,
3735 5411 3929 5491 11.32;

2342 5478 2604 5559 A'ﬁologz'
2630 5478 2681 5557 ι,
2734 5506 2793 5545 n.
2841 5488 2932 5543 20.
2980 5486 3119 5540 Hinc
3147 5482 3488 5559 reformanda
3518 5483 3696 5559 versio
3740 5478 3927 5559 :_Cum

2347 5549 2490 5615 Deus
2520 5549 2898 5613 iii/iit'omnino
2929 5565 3181 5625 operatus
3212 5555 3281 5608 sit
3312 5564 3383 5625 iet
3422 5552 3723 5625 creaverit,_
3746 5549 3928 5604 Ern-

2347 5646 2542 5687 cronls
2573 5633 2873 5684 nomine...
2910 5620 3104 5681 caruit.
3140 5624 3325 5678 Mirari
3358 5629 3505 5679 subit
3536 5624 3680 5675 hunc
3711 5620 3923 5681 locum.

2347 5718 2455 5755 non
2514 5704 2689 5757 solum
2755 5699 3063 5763 Sclzottum,
3130 5696 3225 5750 sed
3280 5703 3333 5750 et
3388 5692 3772 5749 Couibciisium
3841 5692 3926 5747 fu-

2344 5774 2508 5841 gissc.
