4028 6318
708 378 805 434 351

1689 382 1746 438 S.
1791 387 2121 444 METIIODII
2161 390 2465 448 EPISCOPI
2508 391 2595 446 ET
2639 390 2997 446 MARTYRIS

3850 401 3946 453 553

703 499 846 550 tuus,
883 501 932 542 et
956 505 1168 558 peccata
1191 505 1284 546 tua
1311 495 1777 568 circumpurgabit.
1805 501 1872 554 Et
1905 505 2083 558 audivi
2103 523 2248 561 vocen

2377 508 2565 561 αὐτοῦ
2605 504 2768 575 εἶχεν
2806 508 3090 575 ἄνθρακα,
3123 508 3194 560 ὃν
3230 507 3305 575 τῇ
3333 509 3527 564 λαϐίδι
3575 511 3792 564 ἔλαϐεν
3833 514 3945 565 ἀπὸ

698 580 916 634 Domini
941 585 1160 639 dicentis
1189 602 1207 637 .'
1232 587 1398 652 Quem
1416 591 1624 643 mittam
1643 595 1668 646 ἱ)
1685 603 1734 646 et
1758 596 1872 662 quis
1901 596 1996 648 ibit
2020 598 2087 650 ad
2108 615 2273 668 popu-

699 672 810 725 lum
840 676 1018 730 Imnc?
1052 675 1118 729 Et
1153 679 1267 733 dixi
1294 697 1310 733 :
1338 680 1469 735 Ecce
1499 699 1621 752 ego,
1669 687 1814 740 mitte
1843 705 1940 742 me.
1987 688 2054 742 Et
2092 692 2226 746 dixit
2253 708 2270 744 .'

707 765 879 830 Vade,
915 778 963 820 et
1005 770 1089 821 dic
1123 771 1316 838 populo
1337 772 1457 824 huic
1481 790 1498 825 :
1534 775 1734 828 Auditu
1780 779 2034 846 audietis,
2073 795 2123 836 et
2168 804 2272 840 non

692 857 997 926 intelligetis
1021 874 1037 910 :
1057 870 1105 913 et
1127 862 1356 914 videntes
1379 862 1639 926 uidebitis,
1663 875 1711 919 et
1734 885 1834 920 non
1854 874 2179 938 perspicietis
2206 877 2266 929 ¹⁷.

694 945 834 998 Sunt
863 962 1028 1015 porro
1055 949 1166 1003 hzeu
1189 953 1464 1019 propheta:
1493 970 1589 1023 per
1618 954 1879 1024 Spiritum
1905 966 2268 1030 praznuntiata

688 1038 932 1092 oracula.
970 1035 1051 1091 Tu
1080 1055 1207 1094 vero
1265 1042 1419 1106 mihi,
1451 1045 1772 1103 charissime
1793 1088 1807 1112 ,
1857 1051 1964 1104 vim
1997 1053 2267 1108 dictorum

688 1126 1004 1190 considera,
1055 1134 1113 1182 ut
1142 1142 1604 1188 sacmmentorum
1634 1147 1888 1193 eventum
1920 1146 2265 1212 assequaris;

689 1218 1022 1287 noverisque
1061 1221 1185 1289 quis
1208 1231 1552 1294 quantusque
1586 1227 1660 1281 sit
1690 1237 1877 1285 noster
1911 1232 1999 1287 hic
2028 1248 2266 1289 conven-

689 1317 798 1361 tus.
834 1308 1083 1383 Cumque
1115 1317 1375 1383 propheta
1419 1319 1548 1371 olim
1595 1319 1920 1376 miraculum
1967 1326 2041 1379 sit
2067 1328 2264 1381 vatici-

687 1407 871 1463 natus,
925 1417 1022 1471 age
1057 1412 1136 1468 tu,
1183 1422 1399 1462 summo
1440 1411 1633 1466 ardore
1683 1414 1960 1484 animique
1998 1418 2183 1471 laetitia
2211 1429 2266 1473 et

684 1488 990 1555 alacritate,
1027 1498 1328 1565 perspicaci
1356 1500 1724 1571 intelligentia:
1761 1513 1863 1558 tua}
1891 1507 2074 1570 oculo,
2103 1507 2266 1564 Beth-

683 1577 860 1634 lehem
897 1582 1044 1637 illam
1074 1602 1336 1656 perquam
1371 1591 1630 1661 inclytam
1652 1594 1771 1659 adi;
1808 1595 2265 1668 manifestamque

683 1673 778 1725 tibi
810 1681 904 1728 tuo
931 1678 1114 1732 animo
1142 1690 1316 1735 tecum
1346 1683 1639 1751 imaginem
1663 1685 1884 1755 elIinge,
1919 1690 2262 1759 prophetiam

681 1778 805 1816 cum
842 1766 961 1834 ipso
1001 1783 1182 1822 rerum
1228 1779 1425 1825 eventu
1455 1788 1812 1843 componens.
1870 1777 2056 1849 Neque
2089 1784 2258 1850 enim,

2377 599 2483 651 τοῦ
2521 601 2976 666 θυσιαστηρίου,
3004 601 3102 652 καὶ
3132 600 3329 668 ἥψατο
3357 602 3462 654 τοῦ
3488 605 3786 671 στόματός
3807 624 3939 674 μου,

2376 686 2474 738 καὶ
2505 687 2692 740 εἶπεν·
2739 687 2893 742 Ἰδοὺ
2931 688 3128 756 ἥψατο
3171 690 3345 742 τοῦτο
3375 690 3492 743 τῶν
3524 694 3777 760 χειλέων
3810 714 3938 758 σου,

2375 779 2475 831 καί
2514 779 2729 847 ἀφελεῖ
2767 779 2873 843 τὰς
2915 781 3166 848 ἀνομίας
3210 797 3345 843 σου,
3378 783 3475 836 καί
3515 785 3622 851 τὰς
3659 787 3942 855 ἁμαρτίας

2373 882 2490 922 σου
2525 869 2942 938 περικαθαριεῖ.
2973 870 3082 922 Καὶ
3101 870 3342 938 ἤκουσα
3364 870 3471 940 τῆς
3497 873 3698 942 φωνῆς
3725 881 3942 946 Κυρίου

2371 958 2678 1027 λέγοντος·
2734 963 2871 1014 Τίνα
2905 962 3280 1027 ἀποστείλω;
3314 963 3413 1016 καὶ
3459 965 3550 1030 τίς
3593 970 3942 1034 πορεύσεται

2370 1050 2524 1117 πρὸς
2548 1051 2654 1105 τὸν
2677 1050 2833 1104 λαὸν
2855 1053 3093 1116 τοῦτον;
3117 1052 3227 1107 Kal
3250 1050 3407 1108 εἶπα·
3465 1054 3611 1108 Ἰδοὺ
3645 1056 3782 1126 ἐγὼ,
3807 1059 3944 1112 ἀπό-

2369 1143 2612 1196 στειλόν
2630 1159 2726 1211 με.
2762 1143 2873 1196 Καὶ
2899 1139 3046 1197 εἶπε·
3080 1146 3363 1213 Πορεύου,
3391 1145 3487 1198 καὶ
3517 1141 3687 1198 εἷπον
3712 1146 3796 1211 τῷ
3818 1149 3942 1212 λαῷ

2372 1235 2580 1297 τούτῳο
2631 1234 2800 1303 Ἀκοῇ
2834 1237 3159 1302 ἀκούσητε,
3201 1235 3303 1288 καὶ
3349 1239 3421 1289 οὐ
3448 1236 3535 1303 μὴ
3565 1234 3814 1304 συνῆτε·
3846 1241 3940 1291 καὶ

2361 1322 2702 1389 ,βλέποντες
2731 1326 3029 1393 βλέψητε,
3076 1325 3174 1378 καὶ
3207 1327 3279 1378 οὐ
3302 1324 3387 1395 μὴ
3417 1324 3599 1391 ἴδητε.
3633 1325 3821 1379 Ταῦτα
3849 1328 3939 1379 τοῦ

2368 1419 2647 1487 προφήτου
2678 1418 2766 1471 διὰ
2803 1417 2898 1470 τοῦ
2939 1417 3254 1487 Πνεύματος
3281 1418 3350 1470 τὰ
3376 1416 3838 1488 προκηρύγματα.
3871 1419 3937 1470 Σὺ

2363 1507 2420 1560 δέ
2445 1527 2556 1578 μοι,
2579 1509 2853 1580 ἁγαπητὲ,
2881 1509 3074 1562 σκόπει
3097 1509 3205 1562 τῶν
3225 1508 3528 1578 εἰρημένων
3557 1508 3656 1578 τὴν
3686 1509 3935 1578 δύναμιν,

2366 1599 2453 1652 ἵνα
2483 1601 2703 1672 συνίσῃς
2739 1600 2848 1653 τῶν
2883 1600 3196 1671 μυστηρίων
3229 1599 3330 1670 τὴν
3362 1598 3604 1665 ἔκόασιν,
3635 1600 3728 1652 καὶ
3760 1601 3937 1672 μάθῃς

2363 1690 2447 1752 τίς
2475 1691 2569 1742 καὶ¹
2613 1691 2830 1762 ποταπή
2857 1691 3015 1762 ήμῶν
3057 1694 3090 1761 ἡ
3138 1689 3500 1760 συνάθροισις.
3537 1691 3648 1743 Καὶ
3690 1707 3936 1761 προχρη-

2369 1782 2691 1850 ματίσαντος
2735 1782 2830 1835 τοῦ
2880 1785 3161 1854 προφήτου
3205 1782 3265 1834 τὸ
3304 1780 3506 1851 θαῦμα,
3553 1781 3712 1852 δεῦρο
3756 1781 3931 1846 ἄπιθι,

680 1854 868 1908 multis
904 1857 1003 1910 tibi
1033 1859 1213 1913 verbis
1242 1877 1380 1928 opus
1405 1861 1568 1917 fuerit
1612 1866 1678 1919 ad
1716 1869 1884 1923 totius
1937 1874 2015 1926 rei
2069 1875 2248 1944 cogni-

2365 1849 2455 1926 καὶ
2484 1874 2779 1944 πρόσ6αινε
2827 1849 3134 1946 θερμότατα
3180 1873 3274 1926 καὶ
3320 1849 3778 1944 φαιδρότατα-καὶ
3809 1890 3938 1944 προ-

680 1945 883 1999 tionem
915 1952 1378 2019 consequendam,
1413 1956 1574 2010 modo
1596 1957 1662 2013 iis
1685 1975 1805 2028 quae
1835 1961 1944 2016 illic
1968 1976 2256 2034 geruntur,

680 2034 882 2087 mentis
903 2037 1092 2091 oculos
1122 2038 1410 2110 diligenter
1436 2045 1710 2104 advertas.
1756 2049 1950 2106 Omnia
1985 2056 2254 2124 siquidem

677 2133 799 2174 sunt
862 2123 1012 2178 obvia
1058 2129 1500 2200 intelligentiam,
1566 2147 1617 2189 et
1673 2149 1814 2192 recta
1875 2123 2255 2199 inreuientibus

676 2210 955 2266 scientiam
987 2217 1049 2270 η.
1083 2217 1220 2275 Ecce
1253 2223 1429 2288 enim,
1483 2240 1582 2280 ceu
1630 2230 1861 2286 thronus
1903 2234 2156 2292 sublimis
2201 2245 2255 2291 et

675 2299 940 2366 elevatus,
973 2306 1043 2361 ob
1075 2309 1194 2377 ejus
1223 2313 1451 2382 gloriam
1482 2317 1576 2385 qui
1607 2325 1691 2372 est
1722 2318 2050 2387 fabricatus,
2088 2325 2254 2398 Virgo

677 2388 849 2447 Mater
871 2397 983 2464 regi
1011 2397 1239 2456 Domino
1271 2400 1532 2471 Sabaoth,
1563 2410 1966 2477 spectatissima
1996 2415 2108 2472 illic
2139 2388 2254 2473 sta-

674 2484 870 2538 tuitur.
901 2485 1077 2558 Super
1112 2491 1205 2552 illo
1237 2509 1386 2548 nunc
1427 2497 1495 2550 ad
1543 2505 1595 2553 te
1621 2501 1922 2557 venientem
1976 2505 2031 2560 in
2084 2523 2253 2566 carne

669 2575 962 2632 Dominum
993 2584 1262 2651 perspice.
1314 2578 1490 2655 Super
1535 2591 1664 2654 illo,
1715 2595 1967 2665 virginali
2025 2598 2248 2669 inquam

670 2666 892 2731 throno,
913 2685 1036 2723 eum
1067 2688 1327 2730 venerare
1350 2679 1442 2747 qui
1475 2696 1669 2735 novam
1702 2683 1842 2739 hanc
1884 2690 2249 2758 omnibusque

671 2755 925 2812 laudibus
955 2766 1389 2833 prosequendam
1435 2771 1499 2823 a.l
1549 2779 1600 2825 te
1642 2773 2035 2842 profectionem
2083 2755 2240 2832 ador-

670 2848 841 2901 navit.
900 2849 1274 2924 Circumspice
1318 2874 1448 2914 vero
1504 2861 1626 2918 ﬁdei
1684 2867 1891 2933 oculis;
1929 2871 2246 2939 regiumque

667 2940 828 2994 etiam
865 2942 997 2998 illud
1035 2949 1445 3017 seraphicorum
1479 2955 1790 3023 spirituum,
1822 2975 1919 3013 ceu
1953 2962 2244 3017 sacerdotii

667 3028 812 3100 lege,
850 3032 899 3086 ei
932 3047 1148 3099 comes,
1196 3038 1520 3109 obsequium
1557 3055 1832 3100 occurret.
1880 3049 2041 3102 Amat
2095 3051 2243 3105 enim

2363 1964 2659 2034 θυμότατα,
2691 1968 2756 2035 τῇ
2791 1965 3035 2036 ὀξυωπίᾳ
3067 1965 3164 2035 τῆς
3195 1963 3433 2026 διανοίας
3462 1964 3554 2014 ἐπὶ
3582 1964 3680 2033 τὴν
3713 1965 3936 2016 εὐκλεε-

2361 2057 2563 2128 στάτην
2606 2057 2871 2127 Βηθλεέμ·
2921 2059 3015 2110 καὶ⁵
3060 2056 3413 2109 ἀνατύπωσαι
3456 2055 3668 2124 σεαυτῷ
3711 2056 3934 2125 ἐμφανῆ

2357 2148 2563 2210 εἰκόνα,
2598 2153 2664 2220 τῇ
2695 2148 2918 2202 ἐκϐάσει
2951 2148 3058 2201 τῶν
3101 2148 3439 2218 πραγμάτων
3467 2148 3566 2215 τὴν
3595 2147 3934 2217 προφητείαν

2359 2241 2691 2311 συγκρίνων·
2725 2240 2784 2292 οὺ
2811 2239 2920 2310 γάρ
2947 2239 3115 2311 δεήσῃ
3147 2237 3372 2309 μακρῶν
3402 2237 3576 2304 λόγων
3609 2239 3689 2299 εἰς
3716 2238 3932 2306 ἑφόδιον

2354 2329 2627 2398 γνώσεως,
2686 2333 2797 2394 τοῖς
2853 2331 3032 2384 ἐκεῖσε
3095 2329 3276 2400 ἔργοις
3338 2326 3676 2392 ὲνατενίζων·
3723 2325 3933 2380 Πάντα

2353 2419 2462 2491 γὰρ
2493 2420 2715 2474 ἐνώπια
2737 2420 2848 2490 (40)
2878 2419 3002 2486 τοῖς
3039 2418 3343 2483 συνιοῦσι,
3370 2417 3469 2470 και
3502 2416 3644 2484 ὀρθὰ
3669 2415 3804 2481 τοῖς

2344 2513 2635 2578 ρίσκουσι
2666 2510 2916 2581 γνῶσιν.
2958 2511 3087 2564 Ἰδοὺ
3125 2511 3236 2582 γὰρ
3259 2509 3442 2563 αὐτόθι
3464 2508 3539 2572 ὡς
3573 2507 3766 2578 θρόνος
3798 2507 3933 2577 ὑψη-

2350 2603 2451 2666 λὸς·
2488 2604 2582 2656 καὶ
2633 2603 2941 2674 ἐπηρμένος
2987 2605 3052 2672 τῇ
3098 2603 3226 2676 δόξῃ
3257 2602 3351 2654 τοῦ
3399 2601 3682 2660 κτίσαντος
3711 2601 3748 2670 ἡ
3783 2599 3932 2670 Παρ-

2351 2693 2665 2764 θενομήτωρ
2721 2692 3100 2764 εὑτρεπίζεται
3164 2691 3521 2762 φανερώτατα
3573 2691 3651 2762 τῷ
3714 2691 3931 2761 βασιλεῖ

2350 2784 2540 2852 Κυρίῳ
2564 2783 2809 2835 Σαϐαὼθ.
2846 2785 2968 2835 Ἐπὶ
2987 2783 3174 2836 τοῦτον
3199 2783 3530 2852 κατανόησον
3553 2782 3643 2834 τὸν
3669 2781 3768 2835 νῦν
3794 2783 3934 2852 πρὸς

2350 2872 2408 2924 σὲ
2453 2871 2541 2924 διὰ
2575 2872 2774 2942 σαρκὸς
2823 2873 3263 2942 ἐπιδημήσαντω
3284 2871 3504 2940 Κύριον.
3569 2872 3691 2923 Ἐπὶ
3736 2870 3929 2925 τοῦτον

2345 2964 2434 3017 τὸν
2470 2963 2792 3034 παρθενικόν
2832 2980 2974 3032 φημι
3007 2964 3194 3033 θρόνον
3241 2963 3615 3032 προσκύνησον
3657 2961 3751 3013 τὸν
3788 2963 3925 3032 πρὸς

2347 3056 2406 3107 σὲ
2435 3055 2530 3125 τὴν
2564 3055 2688 3107 νέαν
2717 3053 2920 3122 ταύτην
2947 3054 3040 3106 καὶ
3071 3054 3415 3124 πανύμνητον
3443 3051 3667 3122 πορείαν
3702 3051 3922 3103 στειλά-

662 3121 826 3174 etiam
860 3123 1131 3192 ejusmodi
1186 3131 1532 3197 satellitium,
1579 3137 1703 3191 talis
1750 3138 1895 3207 regis
1923 3142 2076 3209 sequi
2105 3157 2242 3212 prae-

2351 3121 2524 3216 μενον.
2572 3121 2900 3215 Περίόλεψσι
2929 3145 2985 3196 δὲ
3015 3147 3125 3207 τοῖς
3161 3121 3260 3214 τῆς
3293 3121 3526 3204 πίστεως
3563 3142 3800 3211 ὄμμασι,
3837 3145 3928 3196 καὶ

665 3214 920 3267 sentiam.
961 3214 1116 3272 Unde
1158 3227 1213 3273 et
1258 3237 1323 3275 eo
1373 3225 1523 3286 loco,
1575 3241 1686 3279 non
1740 3229 1916 3282 solum
1981 3231 2243 3287 dicuntur

665 3304 921 3358 laudasse
953 3308 1150 3360 trinam
1189 3309 1334 3363 illam
1365 3312 1562 3368 divinae
1591 3317 1819 3370 unitatis
1841 3320 2201 3376 substantiam
2228 3342 2242 3390 ;

666 3408 855 3446 verum
890 3395 1093 3460 etiam,
1124 3415 1246 3467 quze
1294 3418 1468 3467 nunc,
1508 3404 1616 3460 Deo
1639 3417 1972 3478 apparente,
2010 3411 2063 3466 in
2097 3420 2242 3467 terra

663 3486 932 3551 occurrit,
969 3490 1131 3544 unius
1162 3492 1311 3547 illius
1338 3495 1404 3549 de
1435 3505 1623 3550 sancta
1652 3498 1937 3566 Trinitate,
1985 3505 2239 3562 omnibus

662 3575 996 3630 adorandum
1026 3581 1289 3649 gloriam;
1325 3586 1377 3638 in
1403 3601 1465 3640 eo
1496 3589 1638 3658 quod
1664 3589 1851 3644 dicant
1879 3612 1890 3646 :
1921 3593 2092 3647 Plena
2124 3613 2237 3648 om-

661 3667 743 3718 ttis
786 3676 926 3720 terra
954 3670 1126 3738 gloria
1171 3672 1304 3740 ejus.
1331 3673 1617 3732 Credimus
1648 3679 1792 3733 enim
1813 3723 1827 3747 ,
1861 3680 1998 3735 Filio
2019 3693 2239 3752 propter

661 3773 764 3812 nos
820 3764 1102 3814 secundum
1165 3769 1490 3835 propositum
1545 3772 1586 3800 ¹⁹
1638 3772 1780 3826 facto
1839 3774 2078 3840 homini,
2133 3793 2239 3832 una

661 3847 853 3901 adesse
879 3848 1414 3911 Patrem,divinitatc
1435 3857 1806 3927 inseparabili,
1841 3877 1961 3914 cum
1993 3865 2237 3932 ejusdem

660 3937 766 4006 ipsi
804 3942 1057 3994 essentia:
1097 3941 1321 4011 Spiritu.
1378 3945 1511 4001 Nam
1573 3952 1649 4003 ait
1679 3949 1901 4018 Paulus,
1941 3955 2028 4010 ille
2057 3973 2241 4011 sacro-

661 4043 783 4081 rum
812 4029 1082 4101 interprcs
1121 4053 1131 4086 :
1169 4033 1301 4088 Erat
1333 4036 1472 4092 Deus
1508 4041 1563 4092 in
1597 4041 1807 4096 Christo
1831 4085 1844 4106 ,
1878 4046 2129 4100 mundum
2158 4067 2240 4103 re-

659 4121 950 4175 concilians
976 4123 1098 4191 sibi,
1131 4144 1234 4179 non
1263 4140 1512 4195 reputans
1537 4133 1663 4198 ipsis
1693 4133 1885 4187 delicta
1906 4137 2138 4204 ipsorum
2159 4143 2236 4207 '°;

660 4210 876 4268 Patrem
917 4217 971 4269 in
998 4215 1167 4283 Filio,
1203 4229 1423 4290 propter
1449 4239 1610 4277 unam
1652 4227 2006 4297 eamdemque
2045 4231 2241 4285 volun-

657 4311 825 4358 tatem
861 4321 981 4362 esse
1017 4311 1330 4366 ostendens.

2348 3235 2598 3305 εὑρήσεις
2626 3235 2753 3305 περὶ
2782 3234 2969 3286 τοῦτον
2999 3235 3092 3286 καὶ
3123 3235 3210 3288 τὸν
3245 3233 3517 3304 βασιλικὸν
3539 3232 3645 3284 τῶν
3679 3234 3926 3304 σεραφὶμ

2352 3327 2652 3396 ἱεράτευμα
2676 3326 2807 3396 (41).
2835 3326 3098 3379 Ἕπεσθαι
3128 3327 3236 3398 γὰρ
3264 3326 3406 3395 φιλεῖ
3430 3343 3546 3388 πως
3572 3329 3634 3396 τῇ
3658 3325 3926 3395 βασιλέως

2350 3418 2622 3491 παρουσίᾳ
2664 3421 2757 3472 καὶ
2810 3421 2841 3490 ή
2890 3419 3094 3471 τούτων
3128 3419 3440 3490 δορυφορία.
3477 3416 3638 3471 Ὅθεν
3685 3418 3782 3470 καὶ
3835 3419 3926 3469 ἀν·

2349 3511 2652 3582 υμνηκέναι
2685 3511 2745 3563 τὸ
2777 3511 3074 3580 τηνικαῦτα
3116 3511 3358 3578 λέγονται
3405 3511 3462 3562 οὐ
3501 3509 3657 3579 μόνον
3687 3509 3748 3562 τὸ
3776 3525 3926 3581 τρισ-

2347 3590 2643 3653 υπόστατον
2667 3602 2765 3671 τῆς
2799 3600 2947 3664 θείας
2981 3601 3184 3665 ὲνάδος,
3217 3601 3352 3654 ἀλλὰ
3381 3602 3444 3673 δὴ
3477 3604 3570 3655 καὶ
3593 3603 3691 3672 τὴν
3719 3619 3924 3655 καταν-

2346 3693 2588 3762 τήσασαν
2612 3693 2684 3746 τὰ
2711 3692 2806 3745 νῦν
2840 3695 2932 3747 ἐπὶ
2961 3695 3063 3764 γῆς
3094 3693 3181 3746 διὰ
3209 3694 3308 3763 τῆς
3334 3692 3646 3760 θεοφανείας
3673 3692 3772 3744 τοῦ
3807 3694 3924 3755 ἐνὸς

2346 3783 2444 3851 τῆς
2485 3781 2645 3851 ἁγίας
2682 3783 2908 3853 Τριάδος
2952 3786 3085 3836 πᾶσι
3115 3783 3492 3854 προσκυνητὶψ
3523 3781 3700 3844 δόξαν,
3735 3783 3797 3833 ὲν
3847 3782 3924 3852 τῷ

2345 3871 2553 3939 λέγειν’
2603 3874 2846 3940 Πνίιιζρης
2894 3871 3063 3926 πᾶσα
3108 3874 3145 3939 ἠ
3195 3871 3270 3940 γῆ
3327 3871 3437 3938 τῆς
3476 3871 3660 3937 δόξης
3709 3873 3919 3927 αὐτοῦ.

2341 3966 2716 4034 Συμπαρεῖναι
2752 3964 2859 4032 γὰρ
2904 3963 3349 4031 πεπιστεύκαμεν
3382 3961 3458 4031 τῷ
3485 3962 3553 4015 δι’
3586 3964 3735 4032 ἡμᾶς
3769 3965 3923 4016 ὲνανρ

2337 4054 2689 4125 θρωπήσαντι
2723 4054 2835 4124 Υίῷ
2867 4055 3019 4108 κατὰ
3051 4053 3165 4120 τὴν
3207 4052 3490 4106 εὐδοκίαν
3514 4052 3646 4123 (42),
3685 4055 3783 4106 καὶ
3829 4055 3918 4106 τὸν

2335 4146 2688 4199 ἀδιάστακτον
2732 4145 2897 4201 αὐτοῦ
2940 4145 3156 4216 Πατέρα
3202 4145 3342 4198 κατὰ
3390 4146 3489 4217 τὴν
3527 4146 3791 4217 θεότητα,
3823 4149 3918 4200 σὺν

2333 4235 2412 4304 σιῷ
2457 4236 2726 4306 ὁμοουσίῳ
2769 4236 2934 4288 αὐτοῦ
2986 4236 3282 4306 Πνεύματι.
3333 4238 3475 4302 Θεὸς
3509 4237 3638 4309 γὰρ,
3684 4239 3856 4309 φησὶν
3891 4241 3918 4289 ὁ

2339 4326 2663 4396 ἱεροφάντης
2715 4327 2943 4392 Παῦλος,
3002 4326 3080 4398 ἦν
3123 4330 3192 4381 ὲν
3242 4329 3322 4395 τῷ
3372 4329 3621 4398 Χριστῷ,
3682 4333 3918 4397 κόσμον

655 4397 848 4462 ἐαυτῷ
879 4403 1342 4469 καταλλάσσων,
1371 4406 1456 4476 μὴ
1496 4409 1872 4480 λογιζόμενος
1912 4412 2116 4478 αὐτοῖς
2149 4413 2221 4466 τὰ
2281 4418 2723 4488 παραπτώματα
2749 4419 2944 4474 αὐτῶν
2973 4437 2988 4452 ·
3012 4397 3102 4473 τὸν
3150 4421 3367 4491 Πατέρα
3394 4397 3450 4472 ἐν
3477 4420 3554 4490 τῷ
3577 4417 3690 4488 Υἱῷ
3737 4418 3828 4469 διὰ
3859 4418 3916 4468 τὸ

658 4488 715 4540 ἓν
743 4489 950 4561 θέλημα
984 4495 1285 4562 ἐμφαίνων.

727 4604 792 4659 lll
839 4605 920 4660 Tu
940 4624 1064 4662 vero
1094 4609 1550 4682 festiamans,qui
1571 4614 1650 4668 sic
1685 4615 1920 4683 gloriosa
1951 4614 2236 4671 Bcthlehe-

2409 4617 2479 4673 1".
2519 4621 2871 4692 Κατανοήσας
2897 4622 2972 4686 δὲ,
3013 4617 3341 4690 ὦφιλέορτε,
3378 4621 3504 4689 περὶ
3526 4621 3624 4691 τὴν
3668 4622 3914 4696 Βηθλεὲμ

657 4697 843 4750 mitica
867 4705 919 4752 et
946 4715 1066 4768 qua:
1095 4703 1176 4755 tui
1211 4717 1378 4757 causa
1408 4713 1882 4769 consummantur,
1907 4708 2230 4777 perspicias,

656 4787 976 4843 caelestibus
1026 4792 1222 4846 turmis
1263 4794 1494 4847 salutem
1553 4803 1702 4848 tuam
1759 4797 2050 4866 magniﬁce
2091 4800 2233 4853 cele-

655 4875 941 4935 brantibus
971 4887 1078 4937 tete
1107 4884 1300 4938 lubens
1331 4886 1635 4956 alacrisque
1664 4887 1919 4957 adjunge.
1947 4888 2233 4955 Quomodo

657 4971 787 5024 olim
823 4971 992 5029 David
1019 4990 1204 5031 coram
1255 4994 1382 5033 arca
1412 4982 1480 5046 ²¹,
1505 4984 1585 5037 sic
1618 4982 1735 5052 ipse
1769 4998 1954 5036 coram
1978 4984 2231 5054 virginali

654 5061 872 5128 throno,
913 5065 1066 5119 lactus
1094 5065 1324 5122 choreas
1347 5070 1554 5123 ducito.
1603 5070 1893 5126 Dominum
1945 5075 2145 5143 ubique
2176 5081 2230 5127 et

655 5166 870 5221 semper
895 5165 1237 5223 praesentem,
1264 5159 1468 5228 quique
1509 5175 1538 5211 a
1573 5158 1871 5226 Themanc,
1905 5169 1962 5216 ut
1998 5165 2073 5216 ait
2099 5178 2228 5232 pro~

2339 4711 2408 4764 τὰ
2435 4712 2607 4776 οὕτως
2648 4714 2832 4778 ἔνδοξα
2859 4716 2951 4767 καὶ
2983 4714 3068 4767 διὰ
3106 4715 3164 4765 σὲ
3193 4712 3508 4782 τελούμενα,
3554 4717 3910 4785 συνασμένιζε

2337 4805 2450 4865 τοῖς
2471 4804 2811 4874 ἐπουρανίοις
2840 4803 3194 4872 μεγαλοφυῶς
3212 4803 3307 4873 τὴν
3341 4804 3467 4874 περὶ
3503 4804 3561 4856 σὲ
3595 4806 3911 4875 ἑορτάζουσι

2340 4893 2630 4962 σωτηρίαν.
2693 4893 2896 4962 Χόρευε
2954 4890 3060 4960 πρὸ
3103 4889 3390 4960 προσώπου
3439 4889 3530 4941 τοῦ
3584 4891 3910 4962 παρθενικοῦ

2339 4981 2547 5052 θρόνου,
2577 4983 2653 5044 ὼς
2685 4983 2851 5035 πάλαι
2884 4981 3046 5034 Δαυῒδ
3081 4981 3185 5052 πρὸ
3216 4979 3502 5050 προσώπου
3519 4981 3616 5050 τῆς
3651 4982 3907 5035 κιϐωτοῦ.

2349 5073 2757 5143 Ἀνευφήμησον
2790 5071 2879 5122 τὸν
2918 5070 3230 5139 ἁπανταχοῦ
3269 5070 3496 5122 πάντοτε
3528 5071 3795 5140 παρόντα,
3822 5071 3913 5123 καὶ

2333 5165 2398 5215 ἐκ
2430 5162 2634 5232 Θεμὰν,
2666 5161 2739 5222 ὥς
2793 5177 2954 5232 φησιν
2983 5163 3012 5212 ὁ
3045 5160 3348 5231 προφήτης,
3396 5160 3720 5229 ἐπιφανῆναι
3772 5160 3916 5214 κατὰ

730 5307 769 5336 ¹⁷
805 5305 940 5362 Isai.
977 5324 1050 5372 v1,
1089 5311 1204 5364 1-9.
1281 5311 1325 5343 ’³
1355 5309 1514 5366 Prov.
1551 5313 1744 5376 vut,9.
1825 5315 1865 5347 ³⁸
1897 5315 2091 5384 Eplies.
2121 5331 2159 5378 I,
2192 5315 2246 5369 5.

2351 5316 2367 5346 ⁰
2403 5314 2608 5369 IICor.
2649 5331 2702 5379 γ,
2734 5312 2818 5368 19.
2898 5315 2940 5346 ²¹
2983 5312 3164 5382 IReg.
3199 5328 3273 5377 v1,
3313 5313 3397 5367 14.

724 5460 837 5531 (Ιιθ)
870 5463 1136 5533 Ἐνώπια.
1165 5464 1396 5533 Thcod.,
1426 5466 1626 5521 εὐθεῖα.

726 5533 838 5608 (4η
867 5532 1211 5608 Ἱεράτευμα.
1244 5532 1434 5608 Visum
1477 5546 1559 5591 cst
1582 5539 1762 5591 minus
1790 5552 2113 5608 expressum
2145 5537 2226 5598 τὸ,

654 5601 1024 5678 sacerdotium.
1060 5601 1175 5668 Est,
1209 5618 1350 5678 auct.
1391 5606 1582 5669 Arist.,
1637 5612 1666 5678 ή
1723 5601 2026 5678 περ“ι’τοὺς
2073 5606 2223 5669 θεοὺς

655 5671 960 5739 ἐπιμέλεια,
997 5676 1176 5727 cultus
1208 5676 1296 5755 ille.
1330 5686 1383 5729 et
1409 5671 1732 5755 obsequium
1780 5671 2224 5755 religioque,.sa-

653 5742 965 5794 i-urdotihus
990 5745 1242 5802 maxume.
1273 5744 1437 5797 Deum
1470 5742 1817 5814 divinumque
1845 5742 2219 5798 eiccllentiam

652 5826 718 5863 cx
755 5814 980 5866 cllcntci'
1015 5815 1394 5882 reicrcntihus,
1433 5821 1731 5884 respectch
1756 5815 2080 5869 adhibenda.

2407 5467 2518 5537 (42)
2562 5467 2723 5539 Κατὰ
2769 5469 2882 5535 τὴν
2931 5467 3242 5539 εὐδοκίαν,
3279 5468 3412 5538 Eph.
3460 5485 3498 5531 ι,
3530 5486 3641 5539 quo
3691 5470 3903 5523 alludit.

2333 5537 2941 5619 Nempeljustabonam
2983 5539 3131 5590 illam
3167 5537 3259 5592 Dei
3285 5537 3616 5619 voluntatem
3643 5539 3899 5619 adgere-

2331 5617 2447 5660 tum
2478 5608 2672 5685 salutis
2715 5607 3032 5685 hominum;
3065 5623 3127 5660 ex
3159 5624 3264 5685 qua
3287 5624 3402 5685 una
3453 5608 3631 5685 Patris
3668 5617 3728 5685 et
3759 5606 3901 5685 Filii,

2334 5677 2548 5729 Patrem
2588 5676 2668 5754 .in
2715 5676 2852 5729 Filio
2899 5677 3079 5758 statim
3120 5677 3345 5758 colligit,
3381 5693 3446 5730 ex
3476 5682 3664 5731 eodem
3692 5676 3902 5758 Pallio;

2329 5760 2501 5812 eoque
2530 5744 2710 5798 minus
2745 5754 2866 5813 apte
2901 5744 3179 5814 Paulinus,
3225 5744 3285 5801 ob
3321 5762 3625 5815 propensam
3665 5764 3815 5800 suam
3855 5751 3902 5801 iu

2335 5832 2426 5867 nos
2465 5815 2805 5869 voluntatem.
