4028 6318
674 304 784 361 355

1638 302 1699 360 s.
1743 301 2077 359 Μετυοοη
2113 302 2430 360 EPlSCOPl
2470 282 2557 355 Er
2599 300 2963 358 HARTYRIS

3835 309 3939 365 εδδ

670 416 1157 487 virginitatemque
1194 415 1465 472 naturalis
1492 416 1722 473 unitatis
1767 417 2060 471 indivisam
2108 417 2250 474 inse-

2357 414 2444 477 δος
2504 415 2791 485 νυμφικῶς
2850 414 3127 467 ἑνώσαντα
3184 416 3363 487 ἐαυτῷ
3410 419 3501 471 τὸν
3570 419 3743 491 ’Δδὰμ
3780 422 3941 493 ἀτρέ-

670 508 1084 581 parabilemque
1121 510 1469 564 conservavit
1508 528 1519 561 :
1562 508 1765 577 quique
1810 509 1864 561 in
1910 509 2103 568 terris.
2152 524 2256 561 nu-

670 600 825 671 ptiali
861 598 1096 670 Virginis
1127 598 1541 667 tbalamo,Ad:e
1568 598 1672 654 sibi
1700 608 1950 654 naturam
1988 600 2255 655 immobili

674 693 877 747 unione
903 708 1003 747 ceu
1034 708 1273 763 sponsus
1292 692 1617 760 conjunxit;
1654 707 1718 745 ac
1745 690 1934 747 Matris
1959 692 2253 761 puritatem

673 782 1000 837 indivulsam
1042 784 1533 853 incorruptamque
1580 784 1816 837 servavit
1869 802 1881 835 :
1922 798 2046 837 eum
2100 782 2258 837 deni-

2363 523 2511 569 πτως
2546 505 2679 577 (47),
2721 505 2815 557 καὶ
2862 505 3228 559 ἀδιάσπαστον
3264 510 3355 561 καὶ
3388 511 3657 580 ἀκήρατον
3698 512 3808 583 τὴν
3850 534 3945 586 μη.

2360 600 2554 671 τρικὴν
2597 598 2819 667 ἁγνείαν
2855 598 3287 669 διατηρήσαντα·
3342 601 3435 653 τὸν
3477 604 3589 657 ἄνω
3619 606 3942 676 ἀρρώστως

2363 687 2723 757 γεννηθέντα,
2772 688 2865 740 καὶ
2914 687 3065 741 κάτω
3108 689 3400 760 ἀφράστως
3457 692 3736 762 τεχθέντα.
3808 695 3938 747 .m.

2363 780 2457 834 ἐπὶ
2483 781 2544 834 τὸ
2568 780 2925 852 προκείμενον
2946 780 3303 850 ἑπανάξωμεν
3318 782 3407 835 τὸν
3431 783 3609 852 λόγον.

670 892 799 944 que,
834 878 926 945 qui
980 877 1039 930 in
1101 878 1358 945 supernis
1420 875 1567 929 nulla
1622 862 1977 945 corruptione
2019 875 2260 943 genitus,
2319 872 2583 930 inell'abili
2630 874 2687 926 in
2728 873 2884 928 hisce
2941 870 3296 929 inferioribus
3345 875 3558 929 ratione
3602 886 3774 935 natus
3835 884 3941 939 est.

672 966 943 1021 Caeterum
979 967 1284 1019 orationem
1327 964 1394 1018 ad
1430 964 1771 1033 propositum
1809 962 2160 1018 reducamus.

745 1055 836 1112 IV.
870 1057 1062 1125 ltaque
1091 1054 1283 1109 eduxit
1333 1056 1596 1125 prapheta
1634 1055 1913 1125 Virginem
1970 1070 2035 1110 ex
2079 1053 2259 1109 Nau-

674 1150 815 1213 retb,
840 1154 901 1203 ut
928 1150 982 1201 in
1022 1146 1329 1201 Bethlehem
1364 1146 1534 1201 fetum
1572 1148 1722 1200 illum
1752 1147 2048 1201 salutarem
2081 1147 2257 1201 enite-

670 1246 860 1303 retur;
914 1235 1269 1305 eamdemque
1325 1236 1521 1290 iterum
1581 1236 1842 1307 prOpheta
1898 1236 2136 1300 reduxit,
2200 1246 2259 1289 ut

670 1346 824 1402 spem
860 1331 1005 1383 illam
1032 1329 1154 1383 vita
1186 1328 1385 1382 mundo
1410 1328 1804 1383 manilestaret.
1830 1325 2059 1382 Solvens
2087 1327 2257 1396 igitur

668 1418 766 1475 Dei
799 1432 925 1473 arca
972 1434 1039 1471 ex
1095 1418 1546 1473 Betlilehemitico
1604 1418 1909 1474 diversorio
1940 1417 2075 1487 (illic
2106 1417 2253 1472 enim

669 1512 835 1567 solvit
887 1511 989 1579 legi
1029 1512 1400 1581 quadraginta
1433 1510 1668 1577 dierum,
1723 1525 1832 1563 non
1876 1509 2123 1578 iustitiae,
2157 1507 2253 1564 sed

668 1600 858 1671 gratiae
890 1600 1174 1669 debitum),
1208 1600 1479 1669 requievit
1510 1599 1565 1653 in
1590 1598 1865 1652 montibus
1901 1596 2030 1651 Sion
2060 1618 2071 1651 ε
2107 1598 2255 1652 acci-

2436 1051 2509 1103 A'.
2537 1049 2829 1119 Προφήτης
2879 1048 3168 1122 τοιγαροῦν
3198 1050 3262 1103 ὲκ
3282 1050 3537 1124 Ναζαρὲθ
3564 1054 3815 1125 ἀνήγαγε
3846 1059 3948 1129 τὴν

2362 1139 2638 1211 Παρθένον
2657 1137 2965 1210 ἀποκυῆσαι
2994 1143 3051 1192 ὲν
3082 1140 3328 1212 Βηθλεὲμ
3348 1144 3407 1196 τὸ
3438 1146 3707 1217 σωτήριον
3725 1146 3939 1217 κύημα⁸

2361 1235 2455 1287 καὶ
2494 1235 2780 1305 προφήτης
2826 1232 3097 1303 ἐξήγαγεν
3132 1234 3241 1315 (48)
3284 1236 3581 1305 ἐμφανίσαι
3626 1239 3705 1308 τῷ
3750 1241 3943 1311 κόσμῳ

2359 1329 2459 1396 τῆς
2494 1324 2640 1396 ζωῆς
2690 1326 2789 1396 τὴν
2822 1324 3031 1377 ἐλπίδα.
3072 1325 3233 1379 Ὅθεν
3279 1328 3531 1399 ἐπάρασα
3572 1331 3639 1382 ὲκ
3683 1331 3944 1402 σταθμῶν

2364 1417 2610 1488 Βηθλεὲμ
2637 1419 2671 1487 ἡ
2711 1415 2939 1480 κιῦωτὺς
2998 1415 3091 1469 τοῦ
3121 1415 3256 1469 Θεοῦ
3289 1418 3459 1489 (αὑτῷ
3490 1420 3599 1491 γὰρ
3651 1422 3943 1475 ἀπετίννυι

2361 1508 2439 1579 τῷ
2488 1508 2639 1579 νόμῳ
2660 1506 2788 1577 ’τῆς
2838 1507 3328 1578 τεσσαρακοντάδος
3368 1510 3465 1579 τὴν
3488 1508 3552 1563 οὺ
3581 1512 3724 1565 κατά
3752 1513 3943 1582 χρέος,

2359 1598 2493 1651 ἀλλὰ
2550 1597 2691 1651 κατὰ
2739 1597 2898 1668 χάριν
2945 1593 3215 1667 ὀφειλὴν),
3251 1598 3342 1649 ἐπὶ
3383 1598 3451 1651 τὰ
3492 1599 3591 1671 ὄρη
3624 1601 3947 1655 κατέπαυσα

667 1692 941 1763 piensque
969 1692 1283 1747 castissimo
1309 1692 1458 1747 sinu.
1493 1698 1750 1759 tanquam
1783 1689 1999 1744 sublimi
2021 1690 2250 1759 quodam

2361 1691 2462 1761 τῆς
2506 1688 2666 1755 Σιὼν,
2704 1690 2797 1742 καὶ
2844 1686 3189 1742 ἀναλαϐοῦσα
3230 1692 3343 1752 τοῖς
3384 1691 3673 1762 ἀκράντοις
3693 1693 3943 1757 κόλποις,

665 1792 722 1838 et
744 1784 1038 1838 humanam
1058 1798 1276 1839 omnem
1300 1792 1553 1837 naturam
1590 1790 1884 1850 superante
1913 1783 2135 1846 throno,
2157 1779 2257 1836 Re-

666 1892 787 1945 gem
817 1876 968 1929 illum
1008 1874 1287 1940 omnium;
1314 1874 1488 1933 illum,
1526 1873 1771 1941 inquam,
1816 1872 2028 1937 eodem,
2062 1870 2175 1925 Deo
2202 1879 2257 1926 et

668 1966 845 2031 Patri,
883 1967 1085 2020 throno
1119 1966 1411 2021 sublimem
1445 1964 1665 2027 Filium,
1704 1980 1807 2019 nec
1837 1964 1956 2034 ipso
1985 1964 2257 2021 exceden-

669 2069 820 2114 tem:
857 2074 965 2113 una
1007 2059 1119 2112 illic
1149 2074 1271 2112 cum
1324 2070 1606 2128 assumpta
1650 2074 1717 2114 ex
1764 2058 1885 2127 ipsa
1932 2059 2255 2111 intemerata

664 2164 857 2215 carne,
888 2150 1062 2203 eidem
1097 2151 1469 2218 pmsentavit.
1500 2150 1761 2205 Ascendit
1789 2150 1843 2202 in
1868 2150 2127 2216 templum
2161 2164 2253 2203 sa-

666 2254 762 2294 cra
794 2240 986 2307 Mater,
1026 2256 1227 2296 novum
1261 2240 1366 2310 legi
1394 2241 1709 2295 exhibitura
1749 2240 2101 2302 miraculum,
2128 2254 2256 2309 pro-

665 2335 887 2404 lemque
938 2334 1031 2389 diu
1080 2335 1389 2404 quasnam,
1440 2348 1563 2404 qua
1618 2333 1877 2387 nimirum
1930 2333 2252 2400 virginalem

665 2429 884 2483 vulvam
918 2427 1154 2496 aperuit,
1187 2441 1289 2480 nec
1324 2434 1508 2479 tamen
1533 2426 1861 2494 virginitatis
1878 2425 2119 2479 claustra
2142 2425 2255 2478 dis-

666 2521 853 2587 rupit:
888 2520 1098 2586 prolem
1148 2517 1264 2588 lege
1298 2516 1660 2586 superiorem,
1692 2532 1813 2585 quae
1862 2525 2043 2570 tamen
2080 2517 2252 2586 legem

666 2608 979 2679 impleverit
1005 2626 1019 2661 ε
1053 2609 1258 2676 prolem
1287 2618 1410 2661 ortu
1442 2596 1680 2677 priorem
1700 2646 1718 2672 ,
1739 2610 2207 2680 posterioremquc
2235 2625 2250 2660 :

666 2702 877 2771 prolem
918 2700 1154 2769 denique
1186 2715 1252 2753 ex
1292 2700 1409 2769 ipsa
1459 2700 1803 2755 incarnatam
1858 2714 2027 2770 supra
2080 2698 2253 2767 legem

665 2803 895 2848 natura.
917 2791 1053 2846 Nam
1088 2792 1292 2860 alioqui
1315 2790 1499 2845 omnis
1520 2789 1701 2853 vulva,
1718 2805 1784 2844 ex
1808 2790 1909 2843 viri
1941 2789 2095 2859 prius
2120 2804 2254 2842 con-

661 2885 950 2955 junctione
982 2891 1168 2951 aperta
1197 2890 1250 2937 et
1301 2882 1510 2937 semine
1560 2896 1881 2951 conspersa,
1920 2880 2252 2952 principium

664 2975 911 3046 pariendi
948 2976 1154 3044 accipit
1192 2992 1206 3028 :
1240 2974 1636 3043 doloribusque
1668 2973 1829 3028 linem
1866 2974 2045 3042 partui
2078 2973 2253 3042 impo-

666 3069 948 3129 nentibus,
982 3067 1195 3120 ratione
1224 3066 1442 3119 tandem
1468 3066 1753 3134 pneditum
1794 3074 2253 3121 consentaneum-
2280 3040 2321 3097 ο

666 3176 773 3230 qne
805 3169 1015 3213 natura:
1038 3159 1295 3219 fructum,
1333 3156 1426 3210 Dei
1449 3157 1730 3211 Creatoris
1768 3157 2055 3227 sapientia,
2081 3160 2135 3210 in
2171 3157 2254 3210 lu-

668 3266 787 3307 cem
824 3252 1139 3320 edit,juxta
1186 3250 1316 3303 illud
1355 3250 1599 3303 divinum
1654 3251 1896 3305 scitum:
1933 3249 2165 3304 Crescite
2205 3260 2253 3306 α

666 3343 1116 3409 rmltiplicamini,
1153 3351 1203 3397 et
1253 3344 1445 3412 replete
1502 3351 1697 3394 terram
1720 3341 1805 3407 ’3;
1848 3342 2016 3411 hujus
2070 3350 2253 3396 autem

665 3446 879 3501 uterus,
913 3451 1091 3505 neque
1150 3436 1303 3505 prius
1354 3444 1600 3504 apertus,
1646 3449 1823 3504 neque
1875 3434 2085 3488 semine
2120 3450 2252 3503 con-

663 3542 913 3599 sparsus,
952 3529 1189 3582 fructum
1223 3528 1375 3582 illum
1409 3542 1576 3597 supra
1622 3535 1897 3591 naturam,
1930 3534 2143 3582 natura:
2176 3536 2253 3581 ta-

663 3636 790 3677 men
826 3629 1141 3690 cognatum,
1168 3621 1515 3691 germinavit,
1540 3620 1703 3690 idque
1734 3620 1871 3673 citra
1908 3621 2078 3673 ullum
2116 3620 2254 3675 indi-

662 3714 833 3769 vulste
888 3713 1118 3767 unitatis
1173 3713 1565 3768 detrimentum
1588 3753 1605 3776 ,
1639 3712 1708 3766 ad
1742 3713 2012 3768 intensius
2047 3714 2253 3782 impen-

662 3801 891 3873 siusque
914 3804 1240 3857 miraculum
1268 3820 1282 3869 ;
1323 3804 1473 3856 salva
1504 3805 1764 3857 nimirum
1813 3806 2059 3873 pristinae
2084 3805 2251 3873 virgi-

662 3892 859 3949 nitatis
882 3892 1265 3963 praerogativa.
1290 3890 1552 3945 Ascendit
1584 3891 1748 3961 igitur
1778 3891 1832 3943 in
1855 3893 2138 3961 templum,
2158 3891 2247 3944 illa

658 3984 866 4054 templo
906 3986 1124 4049 celsior,
1157 3983 1432 4053 duplicem
1464 3984 1654 4035 imluta
1687 3983 1917 4052 gloriam
1956 4002 1967 4037 :
2010 3984 2247 4038 inteme-

658 4084 815 4141 rata‘,
842 4075 1090 4144 inquam,
1119 4076 1473 4145 virginitatis,
1506 4084 1559 4131 et
1591 4076 1881 4132 inell‘abilis
1934 4078 2246 4134 fecundita-

658 4168 775 4221 tis:
821 4167 957 4235 legis
1011 4168 1471 4228 benedictionem,
1512 4177 1567 4221 et
1615 4172 1805 4239 gratiae
1856 4172 2248 4226 sanctificatio-

664 4272 811 4311 nem.
847 4255 1215 4322 Quamobrem
1253 4259 1328 4311 ait
1363 4260 1451 4314 ille
1480 4260 1669 4314 videns
1701 4280 1713 4313 :
1747 4259 1815 4313 Et
1849 4262 2004 4331 plena
2057 4261 2244 4315 domus

2358 1784 2434 1847 ὼς
2467 1784 2559 1836 ἐπὶ
2613 1781 2802 1853 θρόνου
2855 1779 3081 1850 ὑψηλοῦ,
3122 1780 3217 1833 καὶ
3262 1780 3359 1851 τὴν
3389 1782 3738 1854 ἀνθρωπείαν
3766 1787 3943 1858 ὑπερ-

2358 1876 2613 1929 ϐαίνοντα
2645 1873 2826 1943 φύσιν,
2880 1872 2969 1927 τὸν
3004 1872 3225 1943 βασιλέα
3264 1873 3373 1925 τῶν
3403 1875 3683 1941 ἁπάντων,
3707 1877 3790 1949 τῷ
3824 1878 3946 1948 Θεῷ

2357 1972 2450 2025 καὶ
2505 1970 2699 2041 Πατρὶ,
2734 1968 2825 2021 τὸν
2880 1965 3168 2038 σύνθρονον
3220 1965 3386 2018 αὐτοῦ
3427 1968 3521 2021 καὶ
3548 1969 3946 2041 ἀνεκφοίτητον

2356 2063 2505 2129 Υἰὺν,
2556 2060 2869 2129 ἐνεφάνισεν
2916 2059 3032 2111 ἐκεῖ
3079 2055 3218 2126 μετὰ
3265 2057 3364 2126 τῆς
3406 2056 3465 2121 ἐξ
3496 2057 3668 2128 αὐτῆς
3695 2062 3945 2133 ageam-

2354 2157 2500 2227 ψεως
2520 2154 2790 2227 ἀχράντου
2809 2151 2943 2223 (49).
2983 2152 3223 2203 ’Δνεισιν
3242 2150 3336 2202 ἐπὶ
3358 2152 3419 2202 τὸ
3446 2151 3589 2223 ἱερὸν
3616 2154 3650 2222 ἡ
3672 2154 3797 2223 ἱερὰ
3822 2154 3946 2224 Μή-

2354 2266 2459 2319 τηρ
2488 2246 2783 2318 ἐμφανίσαι
2826 2244 2905 2314 τῷ
2938 2242 3087 2312 νόμῳ
3138 2242 3289 2309 ξένον
3327 2242 3529 2313 θαῦμα,
3580 2247 3675 2299 καὶ
3708 2245 3807 2298 τὸν
3853 2247 3949 2315 ζη-

2354 2341 2615 2411 τούμενον
2666 2339 2845 2398 τόκον,
2880 2335 2969 2387 τὸν
2995 2334 3332 2400 διανοίξαντα
3365 2336 3580 2406 μήτραν
3614 2335 3945 2408 παρθενίας,

2356 2438 2451 2486 καὶ
2478 2432 2703 2504 κλεῖθρα
2732 2428 3027 2500 παρθενίας
3063 2426 3138 2497 μὴ
3168 2426 3536 2501 διαρρήξαντα
3556 2449 3569 2462 ·
3609 2430 3706 2484 τὸν
3737 2429 3949 2485 ἀνώτε-

2360 2541 2451 2595 ρον
2466 2526 2653 2595 νόμου,
2686 2525 2780 2577 καλ⁹
2796 2525 3088 2595 πληρωτὴν
3118 2527 3281 2596 νόμου
3307 2543 3320 2556 ·
3354 2526 3445 2580 τὸν
3479 2525 3943 2598 προγενέστερον,

2357 2618 2450 2671 καὶ
2471 2615 3294 2689 μεταγενέστερον’τὸνέξαὺτῆς
3322 2619 3669 2690 σαρκωθέντα
3706 2616 3949 2687 ὑπερνό-

2358 2728 2458 2782 μον
2481 2710 2714 2779 φύσεως.
2735 2713 2878 2764 Διότι
2896 2713 3045 2765 πᾶσα
3078 2715 3279 2783 μήτρα,
3300 2717 3363 2766 ὲκ
3392 2712 3687 2779 συναφείας
3721 2712 3944 2782 πρῶτον

2354 2798 2729 2871 διανοιγομένη
2748 2801 2840 2855 καὶ
2855 2803 3265 2873 ὲνσπειρομένη,
3284 2802 3453 2873 ἀρχὴν
3466 2803 3558 2855 τοῦ
3579 2803 3787 2856 τίκτειν
3804 2800 3949 2867 λαμ-

2355 2892 2529 2957 6άνει,
2546 2894 2641 2947 καὶ
2654 2894 2995 2965 τελεσφόροις
3010 2895 3160 2947 ὠδῖσι
3171 2896 3262 2947 τὸν
3273 2895 3485 2963 λογικὸν
3498 2894 3591 2947 καὶ
3603 2892 3947 2963 κατάλληλον

2355 2986 2457 3055 τῆς
2487 2984 2702 3055 φύσεως
2730 2986 2960 3056 καρπὸν,
2988 2988 3053 3057 τῇ
3073 2986 3163 3038 τοῦ
3191 2986 3254 3056 δη
3265 2983 3645 3057 μιουργοῦντος
3666 2986 3836 3055 σοφίᾳ
3865 2988 3944 3047 είς

2355 3079 2447 3131 τοὺ
2456 3078 2661 3147 μφανὲς
2682 3077 2965 3148 προφέρει,
3006 3077 3147 3130 κατὰ
3172 3077 3252 3139 τὸ,
3284 3076 3630 3141 Αὺξάνεσθε
3657 3076 3765 3129 καὶ
3789 3080 3944 3141 πλη-

2355 3172 2628 3232 θύνεσθε,
2657 3170 2755 3223 καί
2785 3167 3139 3237 πληρώσατε
3166 3169 3279 3237 τὴν
3305 3167 3443 3237 γῆν.
3466 3168 3559 3221 τοῦ
3588 3168 3726 3221 Θεοῦ
3750 3169 3943 3237 λέγον-

2353 3282 2461 3328 τος.
2492 3266 2555 3318 Ἡ
2588 3266 2646 3319 δὲ
2682 3265 2887 3335 ταύτης
2938 3266 3171 3337 γαστὴρ,
3207 3264 3330 3319 οὔτε
3363 3267 3458 3336 μὲν
3499 3265 3945 3337 προδιανοιγείσα

2353 3356 2477 3410 οὔτε
2502 3358 2915 3429 ἐνσπειρομὲνη,
2952 3359 3206 3432 ὑπερφυᾶ
3243 3374 3303 3410 τε
3339 3359 3431 3410 καὶ
3467 3358 3689 3427 συμφυᾶ
3725 3359 3945 3429 καρπὸν

2353 3448 2673 3520 ἐϐλάστησε,
2725 3449 2845 3503 καθ’
2885 3450 3077 3503 ἕνωσιν
3112 3447 3499 3503 ’ἀδιάσπαστον
3528 3449 3833 3517 ἀλωὸήτως
3863 3451 3948 3513 είς

2353 3542 2605 3595 ἐπίτασιν
2650 3540 2954 3611 θαύματος,
3002 3541 3061 3593 ἐν
3111 3540 3397 3610 ταυτότητι
3460 3539 3791 3609 διαμείνασα
3842 3540 3947 3609 τῆς

2352 3633 2667 3703 παρθενίας.
2722 3634 2929 3686 Ἀνεισι
2976 3632 3262 3703 τοιγαροῦν
3313 3633 3394 3695 είς
3436 3632 3495 3684 τὸ
3524 3630 3719 3702 ίερὸν,
3765 3632 3801 3701 ἡ
3847 3629 3944 3684 τοῦ

2352 3725 2498 3795 ἱεροῦ
2559 3725 2887 3797 ὑψηλοτέρα,
2917 3726 3099 3780 δισσὸν
3132 3725 3287 3789 κλέος
3319 3721 3697 3795 περικειμένη,
3730 3720 3945 3795 παρθε-

2351 3817 2469 3880 νίας
2494 3819 2637 3888 φημὶ
2661 3818 2950 3887 ἀχράντου,
2974 3817 3069 3871 καὶ
3093 3816 3430 3877 παιδοποιΐας
3450 3814 3757 3884 ὰφράστου,
3782 3813 3943 3896 £610:-

2348 3912 2475 3979 γίαν
2499 3911 2686 3980 νόμου,
2720 3912 2814 3963 καὶ
2866 3910 3135 3980 ἁγιασμὸν
3162 3910 3402 3979 χάριτος.
3438 3906 3528 3960 Διό
3562 3923 3727 3976 φησιν
3761 3909 3793 3960 ό
3820 3904 3941 3975 βλέ-

2350 4021 2467 4057 πων
2492 4020 2504 4033 ·
2541 4004 2650 4056 Καὶ
2684 4004 2921 4070 πλήρης
2967 4006 2999 4056 ό
3024 3998 3188 4069 οἶκος
3224 3999 3335 4067 τῆς
3362 3998 3549 4065 δόξης
3574 3998 3763 4052 αὑτοῦ
3789 4014 3806 4029 ·
3839 3993 3941 4051 καὶ

2348 4096 2607 4164 σεραςρὶμ
2643 4093 3027 4160 είστήκεισαν
3082 4095 3287 4158 κύκλῳ
3314 4090 3533 4144 αὑτοῦ·
3566 4090 3663 4143 καὶ
3687 4088 3941 4158 ἐνέκρο-

2348 4206 2452 4256 γεν
2482 4189 2681 4256 ἕτερος
2713 4187 2865 4255 πρὸς
2898 4184 3003 4239 τὸν
3038 4184 3261 4252 ἕτερον,
3294 4184 3391 4237 καί
3429 4184 3647 4251 ἔλεγον
3668 4199 3681 4212 '
3714 4182 3938 4251 Ἄγιος,

2348 4282 2532 4350 ἅγιος.
2564 4282 2729 4347 ἅγιος
2765 4281 2979 4346 Κύριος
3009 4271 3276 4331 Σαϐαὼθ·
3312 4276 3547 4343 πλήρης
3569 4273 3739 4329 πᾶσα
3786 4277 3828 4341 ἠ
3859 4273 3935 4345 τῆ

662 4351 836 4419 gloria
864 4351 1019 4418 ejus:
1050 4360 1097 4403 et
1128 4352 1388 4419 seraphin:
1419 4354 1634 4407 stabant
1667 4356 1722 4405 in
1750 4354 1978 4405 circuitu
2026 4353 2159 4417 ejus,
2192 4364 2242 4407 et

2355 4372 2451 4438 τῆς
2473 4371 2657 4437 δόξης
2690 4369 2900 4424 αὐτοῦ.
2949 4367 3119 4421 Τοῦτο
3167 4366 3231 4436 δὴ
3271 4365 3429 4418 τοῦτο
3463 4367 3556 4419 καὶ
3594 4365 3622 4416 ὁ
3662 4364 3934 4435 μακάριος

659 4444 965 4498 clamabant
994 4448 1129 4500 alter
1154 4447 1221 4499 ad
1258 4449 1484 4501 alterum
1512 4463 1529 4499 :
1567 4447 1817 4509 Sanctus,
1853 4457 2091 4509 sanctus,
2112 4467 2239 4502 san-

659 4546 775 4589 ctus
811 4535 1067 4590 Dominus
1120 4536 1411 4591 Sabaoth:
1452 4540 1607 4606 plena
1657 4540 1826 4591 omnis
1878 4548 2018 4591 terra
2065 4541 2237 4609 gloria

657 4626 868 4695 ejus";
900 4627 1043 4696 quod
1076 4636 1129 4681 et
1158 4628 1337 4697 ipsum
1366 4628 1556 4682 beatus
1590 4628 1856 4697 propheta
1890 4627 2146 4682 Habacuc
2168 4630 2240 4683 le—

2352 4465 2635 4533 προφήτης
2679 4459 3000 4529 Ἀμϐακοὺμ
3050 4456 3279 4519 ἀστείως
3325 4454 3631 4526 ὲμελῲδησε
3682 4453 3931 4520 φάσκων·

2355 4554 2448 4603 Ἐν
2455 4551 2623 4621 μέσῳ
2658 4550 2766 4602 δύο
2795 4546 2948 4610 ᾄὸων
2968 4546 3330 4615 τνωσθήσῃτ
3367 4547 3439 4599 ἐν
3479 4544 3558 4610 τῷ
3582 4542 3836 4612 ἐγγίζειν
3866 4542 3936 4598 τὰ

2340 4644 2443 4711 ἐτη
2519 4639 2942 4710 ἐπιτνωσθήσῃ
2964 4657 2977 4671 σ
3042 4640 3113 4691 ἐν
3165 4638 3247 4705 τῷ
3311 4636 3583 4705 παρεῖναι
3624 4636 3731 4687 τὸν
3800 4653 3931 4688 και-

656 4727 781 4796 pido
810 4726 1144 4789 modulatus,
1181 4728 1256 4778 ait
1286 4745 1299 4779 :
1341 4725 1409 4779 In
1456 4727 1625 4781 medio
1659 4728 1888 4782 duorum
1922 4730 2237 4782 animalium

2355 4735 2448 4787 οὸν
2487 4732 2911 4800 ἀναδειχθήσῃ.
2943 4731 3079 4801 Ὅρα
3118 4747 3207 4801 μοι
3257 4725 3541 4801 τηλαυγῶς
3593 4724 3687 4778 τοῦ
3750 4727 3927 4780 Πνεύ-

656 4821 888 4874 nosceris
928 4834 946 4871 :
976 4818 1104 4871 dum
1143 4820 1672 4889 appropinquaverint
1705 4823 1853 4885 anni,
1887 4824 2184 4892 agnosceris
2216 4840 2233 4875 :

763 4977 807 5009 ³⁸
841 4978 971 5031 Gen.
996 4993 1035 5041 ι,
1067 4975 1158 5030 22.
1234 4976 1279 5007 ”
1318 4974 1454 5030 Isai.
1488 4992 1564 5040 vx,
1592 4977 1645 5030 ’5.

723 5109 840 5179 (47)
872 5110 1189 5181 Νυμφικῶς
1213 5110 1525 5165 ἐνάπαντα
1540 5110 1730 5175 ἐαυτῷ
1753 5111 1856 5163 τὸν
1885 5111 2057 5181 Ἀδὰμ
2072 5110 2235 5179 ἀτρέ-

655 5194 835 5251 πτῳς.
873 5179 941 5233 Ut
963 5179 1317 5250 'signilicetur
1349 5182 1645 5234 immobilis
1678 5182 1827 5240 unio,
1861 5198 1957 5234 ceu
1991 5179 2107 5251 lege
2148 5183 2232 5234 in-

656 5250 928 5304 violabilis
990 5252 1259 5336 conjugii,
1302 5262 1511 5336 natura:
1559 5252 1809 5336 humanae
1839 5252 1903 5333 ad
1937 5250 2177 5336 Verbum
2218 5270 2231 5305 :

655 5335 967 5387 quanquam
1002 5330 1186 5387 posset
1213 5322 1271 5374 τὸ
1301 5321 1588 5392 ἀτρέπτως
1626 5321 1830 5376 referre
1874 5324 2049 5391 ipsum
2097 5321 2235 5375 Ver-

655 5387 807 5469 bunt,
836 5399 891 5469 et
922 5391 1141 5469 modum
1173 5394 1394 5447 unionis
1422 5408 1490 5447 ex
1514 5399 1670 5469 parte
1694 5393 1863 5457 illius,
1883 5394 2033 5447 nulla
2058 5408 2090 5447 a
2112 5408 2237 5463 pro-

653 5458 793 5529 priis
820 5461 1209 5515 demutatione.
1515 5457 1533 5461 ’
1564 5459 1567 5461 “

728 5528 974 5603 (ξω-Καὶ
1022 5530 1333 5603 προφήτης
1384 5532 1697 5603 ἐξήγαγον.
1758 5531 1961 5603 Nempe
2015 5536 2079 5588 ὲκ
2127 5533 2227 5603 τῆς

655 5596 921 5673 numera,
981 5596 1179 5673 ut‘illi’c
1210 5596 1409 5655 editam
1436 5596 1687 5673 prolem,
1719 5619 1869 5672 spem
1897 5596 2050 5658 illam
2082 5596 2227 5665 vitae,

657 5669 713 5722 in
734 5671 1011 5743 montibus
1041 5670 1195 5731 Sion,
1220 5680 1275 5726 et
1298 5669 1500 5739 templo
1521 5669 1997 5743 Jerosolvrnitaiio,
2027 5675 2233 5727 mundo

660 5738 1031 5795 manifestaret
1077 5751 1185 5795 :ut
1243 5738 1537 5813 utrumque
1600 5738 1957 5815 signiﬁcetur,
2000 5762 2099 5800 ceu
2163 5762 2227 5799 ex

2346 4839 2516 4893 ματος
2573 4822 2671 4892 τὴν
2724 4822 3036 4893 ἀκρίϐειαν·
3103 4820 3306 4889 γνῶσίν
3368 4834 3533 4888 φησιν
3596 4818 3924 4885 ἐπίγνωσιν,

2343 5110 2571 5183 oraculo
2601 5110 2828 5167 factum.
2856 5110 3123 5167 Pantinns
3157 5127 3256 5166 sua
3289 5113 3509 5183 ingerit,
3535 5124 3589 5171 et
3620 5115 3926 5173 Hethodia-

2342 5182 2430 5235 nis
2451 5181 2703 5243 adversa,
2739 5183 2886 5237 velut
2916 5184 2985 5237 de
3012 5181 3451 5241 manifestatione
3493 5188 3547 5240 in
3580 5186 3921 5248 Bethlehem.

2342 5266 2450 5305 non
2484 5255 2537 5324 in
2565 5254 2785 5321 templo,
2814 5260 3068 5323 ageretur
3104 5272 3118 5307 :
3153 5253 3270 5319 Quo
3296 5256 3563 5313 consilio?
3606 5255 3831 5324 Nempe,
3867 5272 3921 5310 ιιι

2344 5321 2537 5376 mundo
2561 5325 2680 5402 uita
2703 5324 2824 5402 jam_
2852 5321 2960 5402 iure
2982 5340 3141 5402 _spem
3181 5325 3588 5402 demonstrargt.
3629 5321 3921 5402 Declaragt

2344 5395 2626 5475 sequentia
2682 5390 2828 5475 quod
2884 5390 3123 5463 diximus
3158 5413 3170 5448 :
3204 5393 3327 5447 ὅθεν
3375 5390 3630 5469 ἐπάρασα
3675 5396 3922 5465 κ.τ.ιξ.,

2345 5464 2435 5517 ubi
2472 5479 2570 5517 nec
2596 5461 2860 5519 Pantmus
2889 5465 3028 5519 [ldus
3051 5472 3154 5519 est.

2677 5480 2860 5519 nunus
2889 5480 3028 5519 110118
3051 5480 3154 5520 εει.

2407 5532 2519 5612 (4.9)
2565 5535 2957 5612 Ἐ’ῖεφάνισεν
2973 5535 3260 5612 έξξῖμετά
3283 5535 3397 5612 τῇς
3410 5535 3919 5612 sicaniae”-

2338 5601 2582 5681 .Zrhlrch
2633 5601 2959 5681 ἀκράτων.
3016 5601 3220 5681 Nempe
3272 5601 3519 5681 τῷίθέῷ
3576 5601 3698 5681 καῖ’
3724 5601 3915 5681 Πατρί.

2343 5626 2582 5670 ,ιηψεως
2633 5626 2959 5677 αχραντου.
3016 5626 3220 5676 nempe
3272 5626 3305 5662 τ
3399 5626 3519 5679 usq)
3576 5626 3669 5662 και
3726 5626 3915 5681 υατρι.

2343 5676 2487 5754 quod
2521 5673 2721 5757 .lmcas.
2755 5675 2857 5757 sit,
2890 5677 3238 5757 impacti”;
3266 5626 3353 5749 :3)
3373 5680 3583 5757 Κυρίῳ.
3613 5677 3719 5757 Res
3765 5681 3917 5749 plana

2343 5746 2537 5801 scienti
2567 5747 2861 5816 terminos;
2891 5745 3159 5803 Palatinus
3184 5745 3365 5806 tamen
3390 5745 3781 5806 male'oscitatI
