4028 6318
83 363 176 421 587

1170 360 1407 418 εειωο
1444 359 1534 415 οε
1574 358 1878 416 SIIEONE
1916 357 2006 414 ΕΤ
2047 358 2254 415 ΔΝΝΑ.

3222 363 3359 421 358‘

85 473 357 537 ἀνάδειξιν,
388 471 548 526 ἅτινα
577 471 750 543 δηλοῖ,
781 471 841 526 τὸ
877 473 976 543 μὲν
994 513 1009 536 ,
1046 476 1148 529 Ἐν
1164 476 1332 544 μέσῳ
1355 475 1465 529 δύο
1495 473 1652 536 ζώων

1777 475 1888 528 lum
1928 485 2129 544 tempus
2171 474 2376 537 aderit,
2409 475 2695 528 ostenderis
2727 475 2792 528 ⁸⁸.
2829 474 3045 546 Inspice
3083 490 3214 532 vero
3237 493 3331 532 ac-

80 564 421 634 τινιωσθήσῃ,
447 565 547 634 τήν
566 580 628 617 τε
662 563 808 618 κατὰ
823 565 985 636 νόμον
1011 569 1069 619 ὲν
1100 568 1208 630 τοῖς
1239 566 1453 630 ἀδύτοις
1496 568 1658 636 ὑπερ-

81 652 278 707 άνωθεν
309 651 407 706 τοῦ
435 653 756 724 ῑλαστηρίου
788 655 885 726 τῆς
925 653 1159 707 κιϐωτοῦ
1187 654 1394 724 μεταξὺ
1421 655 1529 707 τῶν
1563 673 1655 708 τυ-

82 745 249 797 e:th
297 743 572 816 χερουόὶμ.
619 745 931 800 ἑπισκίασιν
951 746 1051 816 τῆς
1097 746 1245 810 θείας
1279 746 1447 799 αὑτοῦ
1478 744 1655 814 δόξης,

80 835 148 899 ὥς
173 853 308 906 φησι
336 836 475 907 πρὸς
524 837 768 908 Μωῦσῆν
788 875 804 899 ,
848 834 1153 890 Ἐντεῦθέν
1177 850 1277 890 σοι
1308 836 1659 906 moneo-

78 943 208 995 μαι,
271 928 376 998 τήν
432 945 494 980 τε
553 929 972 999 καταντήσασαν
1031 927 1101 979 τὰ
1146 925 1242 981 νῦν
1273 928 1361 981 διὰ
1393 927 1659 997 τὴνκατὰ

87 1018 253 1090 σάρκα
303 1018 656 1089 πανύμνητον
706 1018 872 1072 αὑτοῦ
906 1017 1000 1072 τοῦ
1046 1020 1293 1091 Σωτῆρος
1341 1019 1659 1087 θεοφάνειαν

84 1111 376 1183 ἀγγελικὴν
413 1111 744 1175 συνέλευσιν,
779 1112 828 1163 εί
861 1112 955 1164 καὶ
981 1113 1119 1184 πρὸς
1145 1112 1302 1182 ἡμῶν
1329 1110 1659 1181 ἀθεώρητος,

88 1201 258 1266 καθὼς
301 1202 709 1275 προδεδήλωκεν
759 1203 1014 1266 Ἡσαΐαςο
1043 1204 1106 1257 τὸ
1134 1203 1212 1268 δὲ,
1265 1205 1361 1256 Ἐν
1390 1202 1470 1268 τῷ
1506 1202 1662 1273 ἐγγί-

88 1297 196 1354 ζειν
232 1297 309 1350 τὰ
365 1296 496 1363 ἐτη,
544 1295 1001 1365 ὲπιτνωσθήση,
1049 1295 1148 1368 τὴν
1191 1293 1531 1359 πανένδοξον,
1585 1293 1664 1358 ὡς

91 1385 425 1457 προείρηται,
453 1386 594 1438 κατὰ
637 1386 816 1459 σάρκα
840 1381 1136 1454 ἐπίγνωσιν
1165 1385 1261 1439 τοῦ
1291 1384 1527 1455 ἀοράτου
1557 1383 1662 1436 Σω-

92 1477 248 1548 τῆρος
273 1475 432 1546 ἡμῶν
461 1474 622 1539 Θεοῦ,
647 1475 724 1538 ὣς
750 1492 851 1528 που
881 1475 1046 1546 φησιν
1073 1478 1102 1528 ὁ
1131 1474 1301 1546 μέγας
1339 1473 1666 1544 ίερομύστης

93 1567 294 1631 Παῦλος
314 1585 329 1597 ·
383 1568 522 1622 Ὅτε
546 1567 615 1621 δὲ
650 1565 801 1638 ἦλθε
832 1568 900 1620 τὸ
939 1567 1231 1636 πλήρωμα
1276 1566 1385 1620 τοῦ
1418 1567 1664 1636 χρόνου,

93 1661 516 1732 ἐξαπέστειλεν
547 1662 580 1713 ό
612 1658 757 1726 Θεὸς
798 1657 905 1712 τὸν
947 1657 1087 1712 Υἱὸν
1111 1657 1319 1720 αὑτοῦ.
1343 1657 1668 1727 γενόμενον

92 1753 154 1805 ἐι
183 1752 486 1826 τυγαςκὸς,
511 1752 836 1823 γενόμενον
859 1750 979 1805 ὑπὸ
999 1751 1205 1819 νόμον,
1237 1752 1340 1804 ἵνα
1382 1749 1525 1813 τοὺς
1546 1747 1666 1803 ὑπὸ

1757 576 2004 624 curatam
2062 570 2280 639 penitus
2333 564 2572 637 Spiritus
2624 568 2982 638 diligentiam.
3042 566 3329 624 Notionem

1756 661 1917 725 dixit,
1950 661 2285 729 agnitionem
2321 667 2376 714 et
2412 659 2814 725 ostensionem;
2851 675 3087 728 quorum
3115 659 3333 729 singula

1757 754 1873 808 haec
1894 752 2204 818 declarant;
2235 751 2368 806 illud
2393 751 2611 822 quidem
2649 772 2662 805 :
2689 751 2752 805 In
2779 753 2948 806 medio
2965 753 3192 806 duorum
3222 753 3314 814 citi

1758 845 1979 899 molium
2010 843 2348 906 nosceris;in
2382 844 2598 913 primis,
2627 843 3034 913 divinazipsius,
3069 844 3224 911 juxta
3256 844 3334 897 le-

1757 953 1903 1006 gem,
1933 937 1989 991 in
2017 937 2221 1008 adytis,
2245 951 2412 1008 super
2435 951 2578 991 arca:
2594 937 3052 1006 propitiatorium,
3073 938 3125 988 in
3150 936 3336 990 medio

1758 1028 2068 1097 typicorum
2104 1026 2412 1090 cherubim,
2436 1026 2626 1096 gloria
2648 1026 2792 1081 velut
2817 1026 3331 1095 obumbrationem;

1758 1133 1886 1172 nam
1926 1117 2004 1171 ait
2057 1116 2125 1172 ad
2156 1115 2375 1188 Moysen
2411 1134 2424 1168 :
2457 1115 2592 1170 Inde
2618 1117 2715 1170 tibi
2753 1118 3076 1170 innotescunt
3094 1116 3170 1170 ⁸¹;
3199 1130 3335 1185 pra-

1760 1217 1910 1263 terea
1934 1209 2120 1272 etiam,
2155 1222 2305 1262 nunc
2334 1207 2514 1273 nobis,
2563 1221 2662 1276 per
2701 1206 3004 1263 Salvatoris
3051 1208 3222 1277 ipsius
3245 1222 3332 1262 sco

1762 1300 2003 1355 cundum
2037 1314 2280 1363 carnem,
2304 1298 2544 1352 divinam
2581 1298 2943 1368 laudibusque
2970 1300 3222 1354 omnibus
3241 1314 3333 1353 ce-

1763 1388 2082 1444 lebrandam
2114 1388 2528 1458 apparitionem,
2549 1385 2749 1439 factum
2774 1387 2992 1442 obvium
3019 1389 3331 1458 angelorum

1766 1494 2142 1535 concursum:
2175 1493 2484 1549 quanquam
2524 1479 2593 1542 is,
2634 1485 2829 1532 natura
2878 1493 3001 1544 sua,
3048 1478 3208 1533 nobis
3251 1478 3336 1531 in-

1766 1577 2121 1650 aspectabilis
2142 1587 2246 1641 est,
2273 1583 2332 1630 ut
2351 1577 2461 1646 jam
2489 1583 2614 1630 ante
2638 1572 2807 1629 Isaias
2832 1574 3150 1629 declaravit.
3177 1571 3337 1638 Quod

1765 1679 1948 1726 autem
1973 1672 2049 1724 ait
2072 1690 2084 1724 :
2111 1669 2250 1722 Dum
2273 1669 2796 1740 appropinquaoerint
2820 1666 2967 1728 anui,
2994 1666 3290 1733 agnosceris
3314 1677 3336 1718 :

1769 1764 1995 1818 omnino
2025 1763 2280 1832 inclytam
2311 1761 2482 1826 illam,
2514 1770 2575 1816 ut
2611 1761 2721 1830 jam
2755 1758 2961 1812 dictum
2992 1765 3098 1822 est,
3132 1770 3334 1811 secun-

95 1847 270 1912 νόμον
290 1841 654 1911 ἐξαγοράσῃ.
670 1843 773 1894 Ira
791 1839 909 1909 rip?
917 1840 1225 1897 υἱοθεσίαν
1246 1839 1662 1906 ἀπολάϐωμεν.

1777 1856 1896 1910 dum
1929 1869 2173 1916 carnem,
2216 1853 2508 1908 invisibilis
2553 1851 2758 1922 alioqui
2791 1849 2885 1904 Dei
2920 1847 3218 1902 Salvatoris
3247 1860 3339 1899 no-

95 1936 161 1988 Τὸ
174 1936 229 1988 δὲ
249 1935 613 2004 ἐπαγόμενον,
630 1934 726 1984 Ἐν
743 1933 810 1986 τὸ
826 1933 890 2001 (f.
905 1930 1003 2002 τῷ)
1029 1931 1299 1999 παρεῖναι
1311 1931 1420 1984 τὸν
1436 1927 1660 1995 καιρὸν,

95 2025 518 2094 ἀναδειχθήσῃ,
553 2025 714 2087 ποίας
759 2024 826 2077 ἂν
855 2024 949 2076 καὶ
975 2023 1146 2076 δέοιτο
1183 2020 1558 2093 ἀντιφράσεως
1585 2019 1664 2090 τῷ

98 2117 348 2170 εῦσκοπον
409 2116 546 2187 πρὸς
615 2117 676 2168 τὸ
742 2113 1129 2185 ἐορταζόμενον
1185 2112 1539 2165 ἀπευθύνοντι
1605 2111 1666 2163 τὺ

98 2207 264 2278 δμμας
298 2207 694 2279 Ἀναδειχθήσῃ
711 2206 839 2278 γὰρ,
877 2205 1147 2274 φησὶν,ὠς
1177 2206 1268 2258 ἐπὶ
1298 2205 1484 2257 πίνακι
1513 2203 1666 2272 βασι-

99 2298 246 2368 λαῷ,
267 2300 373 2352 ὑπὸ
415 2299 517 2366 τῆς
561 2297 829 2367 τεκούσης
868 2312 929 2348 σε
961 2295 1229 2365 ἀχράντου
1264 2295 1466 2366 μητρὸς
1492 2296 1550 2347 ὲν
1588 2294 1666 2366 τῷ

102 2388 222 2458 ναῷ,
251 2392 308 2441 ὲν
334 2392 401 2459 τῇ
452 2389 552 2457 τῆς
587 2384 916 2457 σαρκώσεώς
955 2401 1050 2438 σου
1109 2385 1434 2456 εὐπρεπείᾳ.
1481 2382 1668 2437 Ταῦτα

99 2481 150 2532 δὲ
171 2479 732 2549 ἀνακεφαλαιούμενος
765 2479 798 2531 ὀ
836 2477 1122 2548 προφήτης
1159 2477 1296 2549 πρὸς
1319 2478 1381 2530 τὸ
1405 2476 1667 2546 σαφέστε-

105 2588 208 2641 ρον,
244 2569 590 2640 ὰναχέκραγε
641 2567 849 2636 λέγων’
883 2570 1099 2640 Κύριος
1132 2570 1201 2622 ἐν
1233 2568 1360 2634 ναῷ
1395 2570 1541 2639 ἁγιῳ
1569 2568 1668 2621 αὑ·

108 2661 197 2714 τοῦ
215 2677 226 2690 ⁸
251 2661 618 2714 εὐλαϐείσθω
633 2660 750 2714 ἀπὸ
773 2659 1101 2728 προσώπου
1123 2661 1308 2716 αὑτοῦ
1329 2660 1548 2728 adorari
1563 2658 1658 2730 τῆ.

1769 1948 1868 2002 stri
1896 1944 2227 2014 agnitionem
2254 1943 2559 2012 signiﬁcat;
2586 1953 2643 1994 ut
2673 1940 2910 2012 quodam
2943 1941 3080 2000 loco,
3109 1953 3338 2007 magnus

1769 2036 1858 2088 ille
1887 2046 2172 2088 sacrorum
2228 2038 2435 2100 mystes
2483 2029 2688 2086 Paulus
2737 2031 2858 2082 ait:
2892 2027 3117 2094 Quando
3166 2036 3339 2081 autem

1771 2126 1908 2180 venit
1936 2121 2205 2191 plenitudo
2240 2122 2511 2189 temporis,
2545 2122 2722 2174 emisit
2761 2121 2901 2174 Deus
2931 2119 3132 2173 Filium
3162 2135 3338 2181 suum,

1771 2217 1971 2285 factum
1999 2230 2064 2268 ea:
2110 2214 2346 2276 muliere,
2380 2213 2582 2282 factum
2612 2210 2706 2264 sub
2739 2211 2868 2280 lege,
2915 2220 2972 2263 ut
3013 2227 3099 2264 eos
3128 2215 3216 2280 qui
3245 2209 3343 2264 sub

1773 2309 1880 2377 lege
1899 2315 2048 2360 erant
2079 2303 2379 2364 redimeret;
2406 2310 2462 2354 ut
2494 2302 2822 2369 adoptionem
2835 2300 3069 2367 ﬁliorum
3091 2300 3346 2368 recipere-

1773 2413 1890 2451 mus
1915 2396 1979 2451 ³⁹.
2017 2394 2172 2460 Quod
2194 2401 2374 2448 autem
2419 2393 2767 2462 subjungitur
2797 2410 2810 2446 ε
2847 2391 2988 2443 Dum
3019 2401 3216 2458 tempus
3247 2388 3346 2440 ad-

1772 2491 1892 2553 erit,
1934 2487 2262 2550 ostenderis;
2297 2487 2446 2540 nulla
2489 2486 2678 2554 utique
2721 2484 3062 2554 expositione
3114 2482 3342 2551 indiget,

1773 2585 1819 2640 si
1848 2583 1970 2654 quis
1998 2581 2250 2643 solerter,
2289 2578 2356 2632 ad
2396 2578 2592 2632 festum
2625 2577 2770 2646 quod
2801 2593 2947 2632 nunc
2984 2577 3342 2636 celebramus,

1772 2676 1962 2732 oculos
2001 2673 2201 2726 mentis
2224 2670 2535 2725 intenderit.
2579 2668 2897 2725 Ostenderis
2935 2669 3098 2730 enim,
3147 2664 3344 2735 inquit,

107 2782 351 2844 tanquam
391 2773 446 2827 in
484 2773 639 2828 disco
681 2774 943 2844 quopiam
997 2790 1095 2833 ceu
1150 2774 1358 2831 ferculo
1385 2774 1558 2845 regio,
1622 2772 1692 2825 ab
1732 2770 2056 2829 intemerata
2117 2772 2209 2815 tua
2256 2761 2426 2816 Matre
2469 2764 2524 2815 in
2578 2761 2800 2829 templo,
2849 2758 3012 2828 idque
3057 2757 3113 2810 in
3165 2755 3350 2809 carnis

109 2863 196 2917 abs
222 2871 274 2917 te
294 2872 588 2935 assumpta
607 2866 805 2922 decore
829 2873 884 2919 et
912 2862 1108 2927 forma.
1142 2867 1273 2933 Quae
1311 2864 1625 2922 summatim
1660 2862 1922 2930 colligens
1950 2857 2239 2927 Propheta,
2297 2852 2577 2922 amplioris
2623 2851 2888 2904 claritatis
2928 2849 3124 2918 gratia,
3151 2848 3206 2901 in
3233 2847 3348 2900 haec

109 2957 417 3010 exclamavit
433 2957 598 3012 verba
630 2977 645 3012 :
688 2956 948 3012 Dominus
980 2958 1037 3010 in
1067 2937 1253 3026 templo
1273 2967 1456 3012 saneto
1496 2973 1592 3010 suo
1612 2954 1656 2986 ³³
1691 2972 1704 3006 :
1734 2958 2029 3006 revereatur
2058 2964 2090 2999 a
2118 2946 2252 3013 facie
2278 2943 2391 3012 ejus
2425 2943 2592 2994 omnis
2626 2951 2766 2993 terra
2784 2940 2848 2993 “.

172 3047 244 3100 E’.
277 3048 506 3118 Φρικτὸν
529 3049 642 3120 γὰρ
667 3048 836 3112 ὖντως
859 3047 923 3102 τδ
950 3049 1080 3121 περὶ
1109 3049 1168 3102 σὲ
1198 3050 1514 3119 μυστήρ;ον,
1541 3048 1666 3117 Μῆ-

1844 3039 1910 3095 V.
1959 3037 2320 3093 Tremendum
2371 3035 2514 3088 enim
2565 3047 2749 3085 revera
2779 3069 2796 3093 ,
2851 3045 2884 3083 ο
2936 3028 3104 3082 Mater
3140 3026 3346 3098 Virgo,

107 3155 194 3211 τερ
224 3139 486 3212 Παρθένε,
515 3119 619 3194 ut
637 3142 792 3211 νοητὲ
825 3141 1002 3212 θρόνε,
1027 3119 1380 3211 δεδοξασμένε
1416 3141 1508 3194 καὶ
1538 3138 1673 3192 Θεοῦ

1778 3131 1934 3188 sedes
1975 3129 2261 3199 spiritalis,
2293 3125 2589 3196 gloriﬁcata
2625 3121 2838 3190 Deoque
2877 3122 3054 3189 digna,
3086 3127 3237 3174 tuum
3276 3119 3346 3172 il-

109 3211 318 3298 tzﬁte,
350 3234 674 3304 Προήγαγες
707 3232 817 3304 τὰρ
857 3211 1042 3304 Θαῦμα
1069 3233 1413 3303 ἐπουρανίοις
1444 3232 1537 3285 καὶ
1567 3233 1674 3284 ὲπι-

1778 3224 1870 3278 lud
1905 3231 2329 3277 sacramentum.
2365 3213 2674 3270 Produxisti
2707 3213 2850 3266 enim
2881 3211 3194 3266 cmlestibus
3237 3217 3348 3265 ter-

111 3325 266 3389 γείοις
289 3303 544 3390 ἐξαίσιον.
571 3325 683 3378 Καὶ
713 3303 1063 3396 παράδειγμα
1090 3325 1292 3379 τούτων
1313 3325 1407 3379 καὶ
1432 3323 1674 3396 ἀρραγὴς

1779 3317 2180 3384 ηςιτίὒιιεῳιο,
2212 3309 2592 3378 exsuperantia
2617 3306 2944 3375 stupendum
2977 3303 3302 3357 miraculum
3333 3321 3346 3356 :

113 3415 337 3484 ἐλεγχος·
358 3417 418 3468 τὸ
434 3416 580 3468 κατὰ
601 3416 667 3468 τὸ
694 3415 879 3469 καινὸν
895 3418 993 3486 τῆς
1016 3417 1330 3487 ὑπερφυοῦς
1354 3433 1446 3469 σου
1465 3414 1674 3485 λοχείας

1782 3409 1942 3476 cujus
1983 3406 2062 3460 rei
2105 3404 2366 3458 indicium
2419 3410 2504 3452 est
2553 3397 2876 3466 ﬁrmumque
2919 3399 3302 3463 argumentum
3331 3431 3348 3454 ,

113 3505 358 3572 ἀγγέλους
403 3507 497 3558 ἐπὶ
533 3507 638 3575 τῆς
681 3505 860 3576 ᾄδειν·
906 3506 1061 3571 Δόξα
1100 3508 1170 3560 ἐν
1203 3508 1486 3575 ὑψίστοις
1522 3505 1674 3570 Θεῷ.

1785 3498 1932 3569 quod
1959 3497 2012 3550 in
2045 3505 2210 3557 terra,
2242 3491 2309 3545 ad
2343 3504 2540 3544 novum
2580 3489 2730 3541 illum
2761 3488 2980 3556 augusti
3019 3489 3094 3538 tul
3128 3501 3356 3554 puerpe-

116 3600 200 3651 καί
251 3599 347 3652 ἐπὶ
409 3596 527 3667 τῆς
576 3596 827 3663 εἰρήνη,
897 3598 967 3654 ἐν·
1015 3596 1349 3664 ἀνθρώποις
1398 3597 1677 3650 εὐδοκία·

115 3689 182 3759 τῷ
220 3689 645 3761 τριπλασιασμῷ
674 3691 772 3760 τῆς
805 3688 949 3759 ᾠδῆς
991 3688 1084 3741 τὸν
1118 3688 1552 3760 τριπλασιασμὺν
1583 3688 1682 3758 τῆς

117 3782 384 3855 ἁγιότητος
407 3784 521 3853 (50)
548 3782 956 3852 εἰσαγαγόντες.
991 3781 1254 3852 Μακαρία
1286 3782 1350 3834 σὺ
1381 3781 1440 3834 ὲν
1472 3781 1685 3848 γενεαῖς

118 3876 388 3938 γυναικῶν,
417 3873 824 3946 Θεομακάριστε
844 3889 858 3902 ·
885 3873 966 3926 i‘m
992 3871 1080 3926 διὰ
1107 3871 1199 3925 σοῦ
1225 3870 1516 3942 ἐπληρώθη
1550 3872 1584 3942 ἡ
1610 3870 1684 3938 γῆ

117 3963 204 4030 τῆς
230 3963 377 4027 θεία-ς
405 3962 566 4032 δόξης
596 3961 691 4016 τοῦ
717 3961 873 4026 Θεοῦ,
889 3962 965 4025 ὼς
986 3961 1081 4016 καὶ
1107 3963 1166 4014 ἐν
1185 3961 1440 4030 Ψαλμοῖς
1479 3960 1681 4031 ᾅδεται·

120 4053 448 4121 Εὐλογητὸς
468 4055 686 4130 Κύριος
715 4057 748 4107 ό
782 4053 926 4119 Θεὸς
955 4051 1215 4119 Ἰσραὴλ,
1242 4052 1340 4104 καί
1374 4050 1686 4118 πληρωθή-

120 4162 267 4200 σεται
285 4144 394 4213 τῆς
411 4144 602 4212 δόξης
613 4145 799 4199 αὐτοῦ
819 4144 985 4200 πᾶσα
997 4146 1035 4213 ἡ
1052 4145 1147 4214 γῆ·
1167 4145 1419 4214 γένοιτο,
1434 4143 1684 4214 γένοιτο.

121 4237 214 4290 Καὶ
242 4235 473 4303 ἐπήρθη
493 4277 508 4300 ,
550 4236 686 4304 φησὶ
704 4276 720 4300 ,
749 4236 816 4290 τὸ
842 4237 1182 4304 ὑπέρθυρον
1205 4236 1323 4290 ἀπὸ
1349 4235 1456 4302 τῆς
1485 4236 1690 4304 φωνῆς

121 4325 184 4396 ἦς
202 4329 550 4396 ἑκέκρατογ·
579 4325 611 4376 ὃ
633 4325 890 4396 σημαίνει
919 4326 1013 4379 τοῦ
1036 4326 1165 4379 ναοῦ
1184 4326 1246 4378 τὸ
1268 4326 1686 4393 καταπέτασμα,

123 4419 176 4472 τὸ
203 4419 493 4482 συσκιάζον
527 4415 666 4470 κατὰ
701 4416 991 4486 πρόσωπον
1034 4417 1132 4488 τῆς
1159 4416 1596 4488 πρπυπωσάσης
1629 4432 1689 4467 σε

128 4511 339 4564 κιϐωτοῦ
365 4508 668 4580 Διαθήκης,
701 4506 790 4559 ἴνα
825 4525 914 4577 μοι
941 4508 1231 4579 φανερωθῇ
1263 4506 1502 4576 τάληθὲς
1537 4506 1688 4575 (51),

129 4602 206 4653 καὶ
251 4603 340 4656 διὰ
380 4601 494 4654 τῶν
551 4599 1027 4671 προηγησαμένων
1079 4600 1261 4654 τύπων
1296 4603 1372 4650 ’τε
1415 4598 1508 4650 καὶ
1561 4598 1692 4650 ὑπο-

130 4690 413 4762 διτγμάτων
451 4689 863 4760 παιδαγωγηθιῦ
891 4689 1030 4742 αἰδοῖ
1060 4691 1153 4744 καὶ
1180 4691 1368 4762 τρόμῳ
1406 4691 1569 4759 τιμᾷν
1597 4689 1692 4742 καὶ

132 4787 434 4852 προσκυνεῖν
460 4783 525 4836 τὸ
557 4783 688 4853 περὶ
716 4783 776 4834 σὲ
815 4781 1134 4851 μυστήριον,
1174 4779 1603 4850 χαλιναγωγηθῶ
1631 4797 1692 4832 τε

132 4867 185 4923 αὖ
212 4873 294 4926 διὰ
333 4873 437 4942 τῆς
467 4873 700 4943 νομικῆς
746 4869 1114 4942 σκιαγραφίας
1150 4872 1250 4942 τῆς
1292 4870 1568 4940 τολμηρᾶς
1597 4870 1691 4923 καὶ

135 4962 358 5026 ave-.506;
407 4961 867 5036 ἀσκαρδαμύκτου
913 4959 1361 5032 ὰντοφθαλμῆσαι
1413 4961 1691 5022 ἁντωπίας

220 5113 263 5147 ⁸⁸
291 5114 428 5168 Hab.
456 5130 541 5177 tit,
573 5116 628 5170 2.
732 5117 778 5148 ³¹
813 5112 981 5170 Exod.
1007 5132 1134 5180 xxv,
1161 5115 1249 5172 2%.

137 5182 320 5240 “Ptol.
350 5201 502 5252 Lxxt,
537 5186 626 5240 18.
697 5188 746 5234 .³’
769 5185 882 5242 Isa.
907 5187 1080 5251 vn,4..

191 5360 292 5431 (50)
331 5364 441 5416 Τὸν
463 5361 950 5432 τριπλασιασμὸν
980 5361 1086 5428 τῆς
1120 5363 1449 5430 ἁγιότητος.
1506 5358 1693 5432 Panti—

136 5448 240 5490 nus.
270 5433 529 5499 triplicem
562 5431 869 5488 sanctitatis
901 5435 1178 5492 rationem,
1233 5432 1412 5484 minus
1450 5432 1500 5483 id
1540 5431 1694 5482 theo-

137 5503 302 5571 logica.
345 5504 552 5558 Alludit
588 5503 656 5557 ad
713 5503 986 5555 canticum
1043 5500 1390 5570 seraphicum
1438 5501 1558 5571 Isai.
1600 5515 1686 5571 ,vt,

133 5570 254 5640 quod
286 5577 555 5642 pneipue
588 5574 848 5643 explicat,
873 5573 1180 5643 triplieique
1209 5571 1261 5643 in
1288 5585 1355 5643 eo
1382 5570 1692 5643 sanctitatis

131 5639 509 5706 acelatitatioiii,
565 5646 622 5697 in
664 5639 894 5711 'signum
936 5639 1107 5695 trime
1145 5641 1383 5702 deitatis,
1422 5639 1689 5711 triplicem

132 5721 174 5764 et
209 5715 375 5783 ipsum
399 5714 626 5768 Christo
659 5709 826 5783 natoL
848 5713 1051 5765 dictum
1090 5712 1394 5783 angelicum
1426 5709 1688 5783 bymnnm

132 5777 432 5854 respondere
461 5785 775 5840 contendit.
799 5781 891 5838 Sic
903 5783 1058 5853 juxta
1087 5777 1295 5850 Graeca,
1321 5777 1531 5835 Latinis
1563 5791 1690 5831 vero

1356 5119 1401 5150 “
1445 5115 1568 5173 Gal.
1605 5134 1676 5178 tv,
1711 5116 1830 5172 4-5.

1781 3594 1848 3646 rii
1896 3591 2135 3650 modum,
2180 3586 2353 3655 angeli
2387 3578 2932 3638 concinuntzGloria
2971 3579 3026 3630 in
3076 3577 3355 3630 altissimis

1782 3682 1927 3745 Deo;
1959 3689 2007 3733 et
2047 3679 2100 3731 in
2137 3687 2278 3730 terra
2308 3689 2435 3744 pax,
2485 3671 2783 3727 hominibus
2819 3671 2955 3724 bona
2999 3668 3240 3722 voluntas
3265 3668 3308 3698 ³³
3335 3686 3352 3721 :

1784 3771 1981 3841 triplici
2013 3770 2272 3823 nimirum
2307 3765 2540 3825 cantico.
2574 3765 2774 3817 trinam
2808 3763 3126 3817 inducentes
3149 3760 3357 3816 sancti-

1786 3870 1993 3917 tatem:
2025 3861 2191 3914 Beata
2234 3867 2292 3912 tu
2343 3858 2398 3910 in
2446 3856 2730 3909 mulierum
2784 3851 3250 3922 generationibus,
3321 3862 3354 3902 a

1786 3956 1898 4011 Deo
1927 3956 2238 4011 beatissima
2269 3970 2282 4005 :
2313 3966 2438 4005 nam
2487 3965 2584 4020 per
2612 3958 2664 4002 te
2696 3949 2914 4016 impleta
2963 3952 3046 3998 est
3086 3952 3230 3998 terra
3271 3942 3357 3997 di-

1786 4051 1913 4102 vina
1963 4048 2054 4100 illa
2087 4045 2180 4097 Dei
2218 4044 2411 4112 gloria,
2464 4042 2608 4096 sicut
2654 4039 2814 4093 etiam
2860 4037 3075 4091 canitur
3105 4037 3161 4089 in
3203 4033 3358 4089 Psal-

1788 4143 1894 4193 mis
1923 4139 1967 4169 ³⁸
1995 4157 2006 4190 :
2032 4136 2344 4190 Benedictus
2371 4133 2629 4187 Dominus
2650 4131 2789 4184 Deus
2820 4129 2991 4183 Israel
3017 4145 3033 4181 :
3056 4137 3105 4181 et
3131 4126 3358 4194 replebi-

1793 4240 1878 4284 tur
1903 4230 2178 4298 majestate
2213 4231 2326 4294 ejus
2358 4226 2526 4279 omnis
2555 4234 2738 4278 terra:
2770 4224 2885 4291 ﬁat,
2921 4222 3037 4290 ﬁat.
3070 4249 3140 4260 —-
3162 4219 3229 4273 Et
3254 4220 3360 4274 ele-

1791 4334 1966 4377 uatum
1995 4329 2093 4384 est,
2139 4320 2317 4389 inquit
2360 4317 2622 4388 propheta
2655 4316 2720 4379 ³⁷,
2755 4314 3207 4382 superliminarea
3241 4327 3360 4364 uoce

1791 4433 1895 4486 qua
1950 4412 2252 4467 clamabant
2296 4427 2314 4464 :
2356 4425 2465 4479 quo
2512 4407 2871 4478 signiﬁcatur,
2933 4406 3119 4474 templi
3179 4405 3358 4457 velum

1796 4506 2117 4559 inumbrans
2161 4517 2346 4556 coram
2397 4515 2523 4554 arca
2556 4500 2888 4560 testamenti,
2923 4513 3044 4566 quae
3073 4504 3125 4550 te
3172 4496 3362 4565 praesi-

1794 4600 2033 4669 gnabat;
2065 4603 2124 4649 ut
2156 4595 2291 4648 mihi
2333 4594 2534 4648 veritas
2565 4591 2916 4662 panderetur,
2951 4588 3225 4657 simulque
3262 4588 3362 4641 do-

1795 4703 1950 4743 cerer
1996 4702 2092 4755 per
2117 4693 2274 4755 typos
2317 4693 2369 4738 et
2411 4683 2614 4752 ﬁguras
2660 4696 2780 4750 quae
2818 4678 3250 4749 praecessissent,
3301 4683 3363 4731 ut

1797 4795 1921 4834 cum
1950 4777 2254 4832 reverentia
2293 4782 2347 4830 et
2375 4782 2633 4838 tremore,
2670 4773 2735 4826 ad
2781 4781 3182 4827 sacramentum
3215 4769 3362 4838 quod

1796 4873 1852 4926 in
1885 4880 1938 4925 te
1967 4870 2255 4924 exhibetur
2295 4866 2659 4930 adorandum,
2701 4864 3015 4918 accederem
3050 4879 3063 4913 :
3097 4870 3260 4930 atque
3287 4860 3366 4914 le-

1796 4963 1902 5032 gali
1938 4962 2041 5014 hac
2082 4961 2263 5031 priore
2295 4958 2682 5020 delineatione,
2717 4956 2785 5010 ab
2823 4971 2890 5011 eo
2923 4955 3016 5024 qui
3055 4954 3365 5022 incompre-

1937 5115 2156 5170 "Psal.
2185 5115 2316 5178 x,5.
2391 5113 2436 5145 “
2472 5111 2622 5166 Psal.
2650 5125 2769 5174 xcv,
2800 5109 2850 5163 9.
2932 5107 2977 5139 "
3012 5105 3141 5160 Luc.
3177 5115 3238 5170 tt,
3276 5105 3364 5163 ιι.

1802 5363 1887 5412 est
1916 5355 2115 5424 duplex
2151 5352 2224 5405 ita
2256 5349 2646 5424 punctantibus
2687 5368 2698 5400 :
2741 5345 2926 5424 _Gloria
2980 5347 3034 5424 in
3089 5343 3368 5424 altissimis

1802 5427 1932 5486 Deo,
1967 5416 2014 5478 ei
2040 5427 2093 5477 in
2119 5416 2394 5488 terra—pax
2422 5419 2717 5471 hominibus
2748 5417 2892 5470 bona:
2920 5416 3224 5488 voluntatis.

1871 5483 1982 5566 (5|)
2022 5497 2141 5548 Ἵνα
2165 5507 2266 5566 μοι
2289 5483 2606 5566 ’φανερωθῇ
2649 5488 2926 5566 τᾴληθές.
2954 5565 2959 5566 ν
2985 5485 3062 5566 Ut_
3088 5483 3368 5566 utriusque

1802 5551 2066 5620 rationem
2103 5551 2312 5621 reddat,
2341 5570 2394 5613 et
2420 5551 2759 5614 elevationis,
2790 5551 2967 5610 velut
2999 5555 3063 5605 ad
3095 5551 3364 5605 ostensio-

1799 5653 1921 5691 nem
1950 5638 2208 5704 aliquam,
2242 5629 2424 5683 divina
2477 5626 2920 5697 dispensatione;
2946 5632 2999 5680 et
3026 5622 3151 5687 veli,
3189 5621 3253 5673 ad
3283 5632 3367 5675 re-

1799 5707 2115 5763 verentiam.
