4028 6318
681 355 784 411 359

1639 351 1696 404 S.
1743 349 2075 403 METHUDII
2117 350 2430 401 uiscum
2467 351 2546 398 In
2600 352 2958 398 ΜΑιιιιιιιδ

3816 340 3980 394 56υὲ

680 465 969 523 liensibilis
1001 479 1164 536 super
1212 465 1397 518 omnia
1442 464 1658 519 locatus
1691 471 1795 527 est.
1832 463 2123 519 audentius
2154 463 2251 515 im-

2357 461 2448 512 τὸν
2479 461 2547 514 τά
2574 463 2752 514 πάντα
2776 463 2833 512 ὲν
2861 458 3205 530 ἀκαταληψίᾳ
3233 459 3659 532 ὐπεριδρυμένον
3697 459 3834 531 (5'2).
3868 462 3926 514 El

679 555 1085 628 pudentiusque
1138 555 1245 607 fixa
1299 554 1585 608 oculorum
1631 553 1746 606 acie
1800 551 2252 622 contemplando,

682 648 1011 702 refrenarer.
1045 646 1102 700 Si
1127 645 1274 698 enim
1300 659 1462 707 arcae,
1487 653 1594 697 tute
1616 643 1764 698 illius
1790 642 2097 698 sanctitatis
2117 641 2256 696 imae

676 740 790 810 gini
827 747 1084 809 typoque,
1124 743 1316 791 tantus
1363 749 1394 788 a
1445 733 1556 788 Deo
1593 735 1770 789 honor
1802 733 2020 789 babitus
2058 740 2166 795 est,
2197 743 2257 788 ut

677 831 907 895 nemini,
945 831 1053 886 nisi
1076 836 1294 884 tantum
1317 827 1498 883 ordini
1529 827 1878 891 sacerdotali,
1911 825 1979 880 ad
2011 840 2129 879 eam
2161 840 2257 896 pa-

679 929 820 976 teret
853 936 1136 984 accessus,
1171 925 1333 974 autve
1380 917 1560 973 facilis
1600 925 1746 973 esset
1781 917 1849 971 ad
1887 918 2255 988 cognitionem

681 1017 967 1084 ingressus
1003 1031 1016 1066 :
1044 1011 1416 1081 distinguente
1451 1010 1660 1066 velo'ac
1693 1025 1794 1066 ceu
1825 1011 2048 1080 reginae,
2081 1009 2149 1064 ad
2173 1010 2257 1079 ja-

679 1119 846 1158 nuam
905 1103 1180 1159 vestibula
1231 1103 1678 1174 servantezquis
1730 1103 1950 1158 tandem
2007 1102 2258 1172 qualisve

677 1195 1050 1252 venerationis
1076 1195 1260 1251 cultus
1294 1209 1324 1249 ε
1368 1195 1528 1251 nobis
1567 1195 1833 1260 minimis,
1861 1195 1960 1250 tibi
1982 1210 2109 1250 vere
2150 1192 2256 1249 Re-

677 1285 818 1356 ginae
846 1284 1015 1340 fuerit
1049 1284 1431 1341 exhibendas?
1463 1300 1612 1350 vere,
1642 1286 1887 1356 inquam,
1919 1283 2014 1339 Dei
2041 1282 2258 1354 legisla-

677 1378 814 1432 toris
863 1377 1121 1431 animatae
1165 1391 1307 1432 arca
1353 1394 1367 1432 :
1412 1377 1556 1432 calo
1589 1391 1717 1432 vere
1760 1375 1857 1431 Dei
1900 1375 2114 1447 capaci,
2162 1375 2257 1446 qui

678 1481 954 1536 nusquam
983 1466 1105 1536 capi
1146 1475 1347 1538 potest.
1379 1465 1457 1522 'l‘e
1482 1468 1652 1531 enim,
1685 1466 2039 1522 sanctissima
2068 1463 2255 1536 Virgo,

679 1564 942 1627 tanquam
979 1557 1067 1612 die
1097 1557 1407 1614 clarissima
1453 1555 1662 1611 mundo
1693 1554 2008 1624 affulgente,
2055 1555 2258 1610 solem-

677 1663 786 1719 que
817 1649 970 1705 illum
995 1647 1227 1718 justitize
1253 1649 1612 1720 producente,
1641 1647 1870 1701 odiosus
1899 1646 2256 1701 tenebrarum

677 1741 874 1796 horror
908 1740 1172 1813 depulsus
1199 1749 1287 1797 est
1316 1758 1330 1793 :
1357 1740 1578 1810 tyranni
1607 1739 1851 1810 potentia
1889 1737 2034 1794 facta
2064 1738 2254 1807 irrita;

2357 552 2464 623 γὰρ
2505 555 2569 622 τῇ
2607 551 2777 603 εικόνι
2820 552 2918 622 τῆς
2949 552 3048 621 σῆς
3088 552 3370 620 ἁγιότητος
3402 551 3640 621 τοσαύτη
3670 551 3807 621 πρὸς
3839 550 3926 603 τοῦ
3981 550 3984 612 Ι

2355 643 2492 697 Θεοῦ
2529 644 2849 714 ἀπενεμήθη
2874 644 3038 714 τιμὴ,
3075 643 3150 707 ὼς
3187 643 3372 714 μηδενὶ
3401 643 3684 715 βάσιμονῆ
3715 645 3927 714 πρόχει-
3987 641 3989 660 ⁵

2362 752 2452 806 ρον
2501 736 2580 798 είς
2612 735 2938 805 κατανόησιν
2966 731 3102 786 εἶναι
3133 735 3232 805 τὴν
3259 733 3461 803 ταύτης
3493 734 3694 788 εῐσοδον
3723 735 3760 806 ἢ
3801 735 3927 805 μόνῃ

2355 831 2422 898 τῇ
2459 831 2708 899 ίερατικῇ
2739 826 3025 898 εὐκοσμίᾳ,
3052 826 3147 880 τοῦ
3171 827 3658 896 καταπετάσματος
3674 826 3927 898 διορίζον-
3989 826 3991 892 !

2355 939 2448 985 τος
2479 923 2572 974 καὶ
2604 919 2977 993 πυλωροῦντος
3001 919 3080 982 ὡς
3111 918 3341 990 βασιλίδι
3370 917 3440 971 τά
3480 917 3798 989 προπύλαια
3817 935 3832 948 ’
3878 918 3928 969 τί

2356 1015 2465 1085 ἀρα
2493 1015 2587 1066 καὶ
2620 1012 2864 1067 ποταπὸν
2889 1011 2950 1065 τὸ
2987 1011 3119 1081 παρ’
3158 1010 3313 1082 ἡμῶν
3343 1010 3454 1063 τῶν
3493 1009 3795 1079 ἐλαχίστων
3832 1010 3927 1062 ἑπ-

2356 1108 2704 1178 οφειλὸμενόν
2751 1123 2836 1159 σοι
2864 1105 3047 1170 σέϐας,
3075 1107 3140 1176 τῇ
3174 1106 3345 1168 ὅντως
3374 1101 3606 1174 βασιλίδι
3623 1141 3641 1166 ,
3667 1104 3734 1173 τῇ
3764 1101 3929 1166 ὅντως

2356 1200 2588 1272 ἐμψύχῳ
2625 1197 2844 1268 κιϐωτῷ
2873 1196 2969 1250 τοῦ
3013 1195 3300 1266 νομοδότου
3328 1191 3497 1260 Θεοῦ,
3530 1195 3600 1265 τῇ
3632 1191 3802 1255 ὅντως
3829 1209 3930 1261 χω-

2361 1289 2746 1364 ρητῷ,οὐρανῷ
2779 1288 2872 1342 τοῦ
2896 1289 3179 1358 ἀχωρήτου
3210 1286 3345 1340 Θεοῦ
3374 1283 3641 1356 γενομένῃ
3661 1301 3676 1348 ;
3699 1282 3804 1337 Σοῦ
3828 1284 3927 1353 γὰρ

2356 1381 2455 1450 τῆς
2489 1379 2756 1447 παναγίας
2787 1377 2862 1440 ὡς
2885 1375 3205 1445 φωταυγοῦς
3237 1377 3454 1448 ἡμέρας
3478 1374 3838 1445 ἐπιφανείσης
3856 1373 3931 1444 τῷ

2349 1462 2570 1543 κόσμῳ,
2592 1471 2800 1526 καὶτὸν
2821 1471 2920 1540 τῆς
2945 1469 3289 1540 δικαιοσύνης
3316 1469 3468 1539 ἥλιον
3488 1469 3927 1540 προαγαγούσης,

2357 1563 2602 1616 ἐκποδὼν
2638 1563 2738 1632 μὲν
2770 1562 2958 1630 γέγονε
2980 1561 3050 1615 τὰ
3081 1561 3176 1614 τοῦ
3200 1563 3423 1624 σκότους
3454 1561 3702 1632 στυγηρὰ
3727 1600 3743 1624 ,
3769 1559 3931 1632 φροῦ-

2356 1654 2446 1717 δος
2473 1652 2529 1704 δὲ
2562 1652 2656 1705 καὶ
2689 1653 2718 1704 ὁ
2745 1650 3007 1721 τύραννος
3038 1651 3274 1722 κατέστη
3298 1668 3314 1683 ο
3349 1651 3442 1704 καὶ
3471 1650 3689 1706 διόλωλε
3722 1651 3822 1722 μὲν
3851 1651 3933 1705 θάο

2359 1761 2538 1807 νατος,
2555 1742 2830 1813 κατεπόθη
2859 1741 2915 1794 δὲ
2937 1741 3070 1795 καὶὸ
3085 1740 3238 1813 ᾅδης,
3255 1743 3348 1795 καὶ
3369 1743 3518 1796 πᾶσα
3538 1743 3573 1813 ἡ
3597 1741 3773 1812 εχῇοα
3805 1758 3932 1794 κατ-

678 1849 827 1890 mors
899 1835 1217 1898 destructa;
1262 1831 1511 1888 infernus
1565 1832 1892 1903 absorptus;
1965 1833 2251 1889 inimicitia

2357 1836 2518 1908 ελύθη
2567 1835 2675 1906 πρὸ
2708 1831 2999 1905 προσώπου
3027 1833 3126 1902 τῆς
3157 1833 3377 1904 είρήνης
3397 1832 3583 1897 ’τνόσοι
3629 1833 3688 1884 δὲ
3736 1833 3931 1903 φθορο-

676 1923 856 1978 omnis
917 1931 1044 1977 ante
1103 1922 1254 1992 pacis
1309 1929 1662 1990 conspectum
1717 1921 2017 1990 dissoluta;
2073 1921 2250 1978 morbi

623 2085 627 2088 ρ
688 2013 862 2078 noxii,
903 2014 1216 2069 sanctitatis
1247 2013 1513 2070 beneficio
1541 2024 1886 2086 erumpente,
1913 2013 2109 2086 procul
2135 2029 2255 2070 om-

679 2119 778 2160 nes
807 2103 1084 2161 facessere
1129 2104 1308 2174 iussi;
1341 2105 1744 2178 universusque
1775 2116 2044 2162 terrarum
2078 2105 2251 2170 orbis,

679 2196 927 2252 veritatis
969 2197 1294 2253 clarissimae
1343 2199 1765 2268 purissimaque
1820 2199 1944 2253 luce
1997 2197 2254 2268 perfusus

678 2293 782 2340 est.
821 2286 902 2340 Ad
929 2301 1051 2356 quae
1083 2286 1344 2342 Salomon
1378 2289 1434 2343 in
1466 2287 1714 2344 Canticis
1747 2287 2017 2350 alludens,
2054 2287 2130 2342 ita
2163 2301 2249 2341 or-

677 2376 825 2431 ditur
849 2396 862 2431 :
885 2377 1124 2434 Dilectus
1153 2395 1300 2433 meus
1324 2379 1475 2441 mihi,
1511 2388 1561 2432 et
1588 2394 1680 2447 ego
1712 2379 1796 2432 illi
1828 2393 1845 2431 :
1871 2378 1962 2449 qui
1993 2380 2167 2447 pascit
2199 2379 2256 2433 in

677 2470 808 2526 liliis
848 2471 1017 2525 donec
1043 2471 1262 2540 respiret
1303 2470 1439 2533 dies,
1476 2479 1526 2525 et
1555 2470 1922 2526 dimoveautur
1965 2471 2164 2528 umbra
2187 2472 2252 2525 ⁸⁸.

677 2557 816 2626 Quia
857 2575 1031 2630 ergo:
1068 2559 1226 2613 Visus
1273 2567 1352 2612 est
1393 2555 1534 2612 Deus
1565 2557 1785 2613 deorum
1830 2561 1886 2614 in
1936 2557 2066 2615 Sion
2087 2559 2154 2622 ⁸⁸,
2199 2565 2256 2628 et

680 2651 1074 2722 magniﬁcentia
1092 2648 1298 2703 decoris
1331 2649 1448 2718 ejus
1475 2651 1526 2703 in
1551 2647 1855 2706 Jerusalem
1894 2651 2204 2720 apparuit“
2234 2668 2250 2704 :

680 2735 898 2807 Luxque
919 2749 1000 2791 est
1029 2745 1150 2790 ortu
1170 2736 1343 2805 justo,
1359 2747 1412 2790 et
1436 2738 1591 2792 rectis
1631 2739 1786 2794 corde
1810 2740 1998 2795 latitia
2015 2740 2254 2810 “,juxta

679 2826 894 2880 beatum
937 2825 1194 2881 Davidem
1237 2846 1249 2880 :
1291 2827 1810 2906 sanctificandorum
1871 2828 2254 2884 Sanctiﬁcator

679 2914 769 2968 ille
799 2922 854 2969 et
884 2913 1172 2981 Dominus,
1224 2918 1360 2996 legis
1390 2919 1674 2976 doctorem
1712 2929 1876 2991 atque
1913 2921 2251 2986 ministrum,

679 3007 734 3060 in
785 3015 996 3078 partem
1047 3012 1293 3067 muneris
1337 3019 1392 3067 et
1439 3014 1816 3067 testimonium
1871 3013 2088 3069 illorum
2131 3031 2253 3086 qua:

680 3097 1004 3168 agebantur,
1037 3115 1134 3170 per
1167 3099 1430 3171 Spiritum
1456 3113 1707 3158 sanctum
1737 3106 2078 3161 convocavit.

750 3186 837 3242 γι.
880 3188 1066 3258 quue
1100 3207 1267 3246 senex
1313 3191 1574 3262 Symeon,
1607 3195 2033 3250 imbecillitatem
2063 3199 2246 3253 carnis

677 3293 907 3343 exuens,
947 3281 1172 3350 speique
1194 3283 1420 3341 indutus
1461 3286 1653 3349 robur,
1704 3297 1831 3343 ante
1866 3289 2000 3359 legis
2031 3289 2247 3352 faciem.

679 3371 1215 3428 subministratorem
1253 3374 1388 3445 legis
1420 3374 1652 3431 festinus
1681 3379 1893 3446 excepit
1925 3396 1936 3430 :
1971 3380 2247 3434 doctorem

679 3462 836 3516 illum
864 3478 930 3517 ex
975 3472 1246 3534 potestate
1279 3486 1294 3520 :
1327 3475 1382 3520 et
1412 3467 1580 3522 Deum
1627 3469 1900 3524 Abraham
1930 3490 1942 3526 :
1977 3480 2250 3541 protecto-

679 3566 792 3605 rem
824 3551 975 3609 lsaac
1006 3572 1019 3609 :
1058 3563 1311 3612 sanctum
1353 3557 1518 3614 Israel
1551 3578 1565 3612 :
1603 3559 1803 3632 Moysis
1839 3571 2247 3633 mystagogum;

676 3656 826 3707 eum,
873 3645 1120 3714 inquam,
1160 3647 1256 3717 qui
1306 3649 1543 3704 divinam
1592 3667 1747 3705 suam
1793 3654 2248 3718 incarnationem,

681 3741 938 3802 tanquam
971 3737 1300 3804 posteriora,
1339 3739 1516 3793 eidem
1551 3756 1610 3794 se
1643 3743 1969 3810 promiserat
1997 3751 2250 3797 ostensu-

686 3845 808 3884 rum
831 3831 877 3863 δ’
910 3852 924 3885 :
958 3832 1180 3886 divitem
1213 3834 1362 3888 illum
1393 3837 1448 3888 in
1481 3836 1831 3891 mendicitate
1864 3856 1878 3892 :
1913 3837 1966 3890 in
1999 3838 2251 3902 infantia,

679 3920 898 3977 saeculis
945 3924 1311 3990 anteriorem;
1373 3926 1430 3978 in
1474 3926 1727 3989 visione,
1790 3927 2112 3981 invisibilem
2150 3946 2161 3980 :
2194 3928 2254 3982 in

679 4011 1192 4079 comprehensione,
1251 4013 1856 4084 incomprelieusibilem
1899 4035 1911 4067 :
1948 4015 2002 4068 in
2067 4017 2252 4084 parvi-

680 4106 812 4164 tate,
843 4101 1272 4171 magnitudinem
1299 4118 1513 4156 omnem
1545 4113 1887 4172 superantem
1925 4123 1935 4159 :
1963 4105 2016 4159 in
2053 4105 2254 4173 templo

682 4195 868 4255 simul,
904 4202 958 4248 et
992 4195 1045 4248 in
1083 4196 1366 4251 altissimis
1399 4215 1411 4251 :
1446 4198 1497 4250 in
1548 4199 1745 4250 throno
1791 4199 1960 4268 regio,
2005 4209 2056 4252 et
2089 4213 2253 4251 curru

687 4282 987 4337 cberubico
1031 4304 1044 4338 :
1091 4285 1344 4354 supernis
1400 4286 1862 4356 inferioribusque
1910 4288 2256 4340 continenter

681 4381 1002 4442 praesentem
1035 4394 1049 4428 :
1081 4377 1134 4428 in
1182 4376 1354 4429 forma
1399 4378 1562 4438 servi,
1609 4387 1661 4431 et
1711 4379 1882 4432 forma
1915 4377 2006 4432 Dei
2037 4378 2250 4438 Patris:

2357 1928 2502 1982 mto‘t
2532 1925 2754 1980 ἀταυθεν
2797 1924 3029 1995 ἔστησαν
3067 1923 3167 1994 τῆς
3211 1923 3484 1994 σωτηρίας
3530 1924 3932 1995 προκυψάσης.

2357 2019 2450 2072 καὶ
2494 2019 2671 2086 φωτὸς
2735 2016 3020 2080 ἀνάπλεως
3069 2015 3291 2084 γέγονεν
3331 2017 3367 2085 η
3409 2015 3503 2068 ὐπ’
3549 2014 3782 2086 οὐρανὸν
3839 2016 3935 2085 τῆς

2354 2109 2688 2180 ἀκραιφνοῦς
2737 2109 3012 2181 ἀληθείας.
3052 2109 3243 2161 ’Δτινα
3296 2105 3669 2177 προοιμιάξων
3711 2106 3774 2158 ὲν
3823 2108 3934 2166 τοῖς

2361 2203 2633 2273 ’ᾼσμασιν
2665 2201 2849 2269 ἔλεγεν
2871 2201 2899 2252 6
2923 2198 3178 2270 Σαλομιὶιν
3198 2215 3212 2228 ·
3259 2197 3598 2267 Ἀδελφιδός
3620 2214 3744 2266 μου
3773 2198 3900 2266 ἐμοὶ
3917 2237 3930 2259 ,

2357 2295 2518 2365 κάγὼ
2547 2293 2709 2359 αὐτῷ
2727 2311 2740 2323 ·
2791 2295 2823 2347 ό
2867 2293 3195 2361 ποιμαίνων
3217 2291 3287 2345 ἐν
3313 2289 3437 2357 τοῖς
3469 2290 3697 2361 κρίνοις
3723 2289 3839 2354 ἕως
3865 2283 3934 2342 οὗ

2355 2386 2396 2452 ἠ
2449 2383 2639 2454 ἡμέρα
2683 2381 3018 2449 διαπνεύσῃ
3043 2421 3059 2447 ,
3107 2379 3208 2434 καί
3263 2376 3588 2446 κινηθῶσιν
3641 2380 3703 2430 at
3748 2377 3932 2432 arctat.

2369 2477 2522 2530 Ἐπεὶ
2564 2470 2659 2530 οὖν
2702 2475 2891 2543 Ὠφθη
2927 2477 2961 2527 ό
3002 2471 3147 2539 Θεὸς
3185 2470 3303 2526 τῶν
3343 2471 3496 2527 θεῶν
3524 2469 3596 2524 ἐν
3619 2469 3805 2532 Σιὼν,
3848 2468 3938 2521 καὶ

2374 2560 2890 2635 Ἡεὺπρέπειατῆς
2915 2564 3272 2632 ὡραιότητος
3309 2562 3496 2617 αὐτοῦ
3525 2563 3595 2615 ἐν
3642 2563 3936 2632 Ἰερουσα-

2350 2653 2479 2722 λὴμ
2508 2650 2831 2721 caseum],
2863 2651 2963 2704 καὶ
2996 2651 3124 2719 φῶς
3153 2651 3421 2707 ἀνέτειλε
3451 2649 3532 2715 τῷ
3558 2649 3808 2715 δικαίῳ,
3841 2649 3938 2702 καὶ

2354 2744 2477 2810 τοῖς
2505 2745 2711 2798 εὐθέσι
2741 2740 2815 2808 τῇ
2841 2741 3054 2809 καρδίᾳ
3072 2744 3448 2812 εὐφροσύνη,
3464 2741 3605 2796 κατὰ
3630 2741 3726 2794 τὸν
3762 2740 3936 2812 μακά-

2356 2853 2472 2908 ριον
2515 2833 2678 2888 Δαυῒδ
2695 2873 2712 2893 .
2751 2833 2782 2884 ό
2821 2831 2929 2886 τῶν
2971 2831 3309 2902 τελουμένων
3350 2831 3642 2902 τελειωτὴς
3679 2829 3796 2902 (53)
3846 2831 3939 2882 καὶ

2353 2924 2631 2994 Δεσπότης
2664 2925 2757 2976 τὸν
2784 2922 2878 2975 τοῦ
2906 2920 3070 2991 νόμου
3095 2918 3399 2974 διδακτικδν
3435 2922 3529 2973 καὶ
3561 2917 3935 2990 λειτουργικδν

2356 3015 2714 3070 συνεκάλεσεν
2757 3015 2836 3076 είς
2879 3013 3220 3082 λειτουργίαν
3257 3011 3352 3065 καὶ
3387 3009 3692 3081 μαρτυρίαν
3725 3010 3818 3063 διὰ
3843 3009 3936 3062 τοῦ

2354 3108 2671 3177 Πνεύματος
2693 3106 2788 3160 τοῦ
2814 3106 2972 3174 ἁγίου
3001 3104 3110 3158 τῶν
3136 3102 3539 3175 πραττομένων.

2425 3203 2516 3267 (τ’.
2565 3198 2730 3252 Ὅθεν
2765 3195 3206 3268 ἀπεκδυσάμενος
3228 3195 3290 3248 τὸ
3314 3196 3498 3250 ἄτονον
3525 3194 3626 3264 τῆς
3653 3192 3878 3264 ἡλικίας
3910 3193 3937 3244 ὁ

2351 3292 2665 3362 πρεσϐύτης
2693 3289 2935 3360 Συμεὼν,
2959 3292 3054 3343 καὶ
3078 3290 3140 3342 τὸ
3160 3289 3373 3342 εὐτονον
3400 3288 3500 3358 τῆς
3531 3286 3747 3361 ἐλπίδος
3773 3288 3939 3340 ἐπεν-

2350 3373 2685 3446 δυσάμενος,
2743 3376 3034 3430 ἀπολαϐεῖν
3079 3375 3337 3429 ἔσπευδεν
3376 3376 3456 3438 είς
3503 3376 3803 3448 πρόσωπον
3842 3372 3937 3426 τοῦ

2351 3468 2517 3537 νόμου
2549 3468 2638 3521 τὸν
2668 3467 2760 3520 τοῦ
2788 3468 2952 3539 νόμου
2980 3469 3244 3539 πάροχονο
3272 3468 3362 3520 τὸν
3382 3467 3645 3536 αὐθέντην
3672 3465 3937 3520 διδάσκα-

2351 3559 2443 3612 λον
2470 3557 2580 3630 (54)
2603 3578 2617 3589 ο
2653 3564 2744 3612 τὸν
2776 3559 2908 3614 Θεὸν
2931 3559 3026 3612 τοῦ
3060 3558 3311 3630 Ἀϐραάμ
3332 3576 3345 3589 ο
3376 3558 3468 3610 τὸν
3493 3557 3814 3624 σκεπαστὴν
3841 3555 3936 3607 τοῦ

2365 3651 2548 3704 Ἰσαάκ
2566 3667 2579 3680 ·
2608 3650 2699 3704 τὸν
2734 3651 2884 3721 ἆγιον
2907 3649 3002 3704 τοῦ
3049 3650 3263 3722 Ἰσραήλ
3287 3668 3301 3681 ο
3326 3651 3417 3703 τὸν
3452 3646 3818 3719 μυσταγωγὸν
3844 3643 3936 3698 τοῦ

2352 3741 2661 3805 Μωῦσέως’
2698 3741 2789 3794 τὸν
2824 3743 2921 3811 τὴν
2952 3741 3100 3794 θείαν
3135 3739 3542 3810 ὲνανθρὼπησιν
3590 3737 3665 3799 ὡς
3710 3735 3933 3788 ὀπίσθια

2351 3834 2616 3902 γνωρίσαι
2642 3832 2792 3904 αὐτῷ
2834 3833 3231 3904 ὑποσχόμενον·
3263 3831 3357 3883 τὸν
3387 3830 3445 3882 ὲν
3473 3828 3723 3898 πτωχείᾳ⁵
3772 3825 3935 3878 πλού-

2355 3940 2498 3975 σιον·
2551 3925 2644 3977 τὸν
2685 3927 2746 3977 ὲν
2785 3925 3071 3993 νηπιότητι
3103 3920 3458 3995 προαιώνιον·
3501 3918 3595 3971 τὸν
3641 3920 3703 3971 ὲν
3743 3916 3935 3990 ὁράσει

2353 4011 2583 4082 ἀόρατον
2602 4031 2616 4042 ·
2641 4014 2731 4066 τὸν
2760 4014 2818 4065 ὲν
2851 4013 3138 4084 περιλήψει
3164 4011 3535 4082 ἀπερίληπτον
3557 4026 3570 4038 ³
3596 4007 3688 4061 τὸν
3716 4011 3778 4063 ὲν
3810 4025 3935 4078 σμι-

2356 4106 2578 4176 κρότητι
2614 4104 2965 4176 ὑπερμεγέθη
2990 4121 3003 4134 ·
3049 4103 3141 4156 τὸν
3174 4106 3231 4156 ἐν
3266 4103 3378 4173 ναῷ
3418 4102 3513 4155 καὶ
3544 4102 3602 4153 ὲν
3645 4100 3926 4169 ὑψίστοις

2355 4198 2446 4248 τὸν
2480 4198 2572 4248 ἐπὶ
2601 4196 2790 4266 θρόνου
2826 4195 3100 4264 βασιλικοῦ
3141 4194 3251 4265 (55)
3278 4195 3372 4247 καὶ
3402 4194 3488 4246 ἐπ’
3515 4193 3796 4262 ὀχήματος
3847 4204 3933 4260 χε-

2362 4287 2640 4357 ρουῶκού·
2690 4287 2780 4340 τὸν
2821 4289 2970 4339 κάτω
3016 4289 3109 4340 καὶ
3153 4287 3264 4340 ἄνω
3307 4285 3675 4345 ἀδιαστάτως·
3726 4283 3821 4334 τὸν
3876 4283 3930 4332 ὲν

2362 4383 2540 4454 PQ???)
2570 4380 2779 4446 δούλου,
2815 4380 2906 4432 καὶ
2933 4381 2989 4432 ὲν
3019 4383 3197 4450 μορφῇ
3227 4377 3362 4431 Θεοῦ
3393 4376 3603 4447 Πατρός
3623 4390 3637 4404 ’
3667 4373 3766 4425 τὸν
3795 4373 3934 4440 ὑπή-

680 4461 1009 4530 subjectum,
1069 4475 1122 4519 ct
1151 4463 1351 4534 Regem
1400 4469 1797 4522 universorum.
1843 4467 1972 4520 Erat
2020 4479 2164 4523 lotus
2201 4470 2251 4522 in

2360 4484 2483 4519 κοον
2523 4466 2617 4518 καὶ
2657 4465 2882 4534 βασιλέα
2928 4467 3037 4520 τῶν
3081 4467 3355 4520 ἁπάντων.
3390 4466 3546 4526 Ὀλος
3593 4460 3790 4529 γέγονε
3831 4460 3929 4525 τῆς

680 4552 984 4621 desiderio;
1020 4565 1168 4611 totus
1210 4558 1262 4610 in
1299 4574 1428 4626 spe;
1469 4568 1616 4612 totus
1655 4560 1707 4610 in
1748 4561 1963 4627 gaudio.
1994 4559 2110 4613 Non
2135 4560 2247 4626 jam

682 4661 815 4700 suus
845 4647 960 4715 ipse
988 4657 1125 4711 erat,
1159 4650 1252 4703 sed
1283 4650 1402 4718 ejus
1425 4651 1583 4717 cujus
1611 4665 1703 4717 spe
1727 4651 1934 4704 delixus
1963 4661 2098 4705 erat.
2125 4651 2251 4721 Spi-

682 4737 818 4790 ritus
869 4748 1091 4793 sanctus
1144 4742 1380 4796 faustum
1423 4742 1842 4794 annuntiaverat
1874 4760 1885 4794 :
1922 4739 2091 4812 [velut
2134 4745 2247 4811 jam

2356 4559 2626 4626 ἐφέσεως·
2661 4558 2779 4622 ὅλος
2810 4559 2998 4627 γέγονε
3033 4559 3130 4628 τῆς
3163 4557 3406 4619 ἐλπίδος·
3444 4555 3562 4615 ὅλος
3603 4553 3798 4620 γέγονε
3835 4551 3929 4618 τῆς

2357 4651 2550 4719 χαρᾶς.
2591 4649 2786 4701 Οὐκέτι
2820 4645 2884 4720 ἦν
2924 4649 3120 4711 αὐτοῦ,
3149 4647 3283 4701 ἀ).λά
3323 4646 3415 4700 τοῦ
3456 4642 3823 4706 ἑλπισθέντος.
3857 4641 3927 4694 Τὸ

2357 4740 2580 4811 Πνεῦμα
2612 4742 2671 4793 τὸ
2698 4741 2850 4808 ἅγιον
2877 4741 3259 4812 εὐηγγελίσατο
3277 4781 3290 4803 ,
3330 4739 3423 4792 καί
3458 4737 3584 4807 πρὶν
3611 4734 3643 4805 ἧ
3673 4735 3927 4802 κατειλη-

751 4889 794 4920 ⁸¹⁵
830 4889 986 4942 Cant.
1012 4906 1071 4956 ιι,
1105 4891 1192 4952 16,
1223 4891 1305 4943 17.
1383 4891 1425 4924 ³⁹
1451 4891 1598 4944 Psal.
1635 4907 1865 4955 Lxxxut,
1891 4891 1944 4945 8.
2019 4893 2064 4923 ‘°
2096 4891 2245 4945 Psal.
2275 4906 2396 4951 xcv,
2424 4893 2476 4943 6.
2556 4891 2598 4922 “
2626 4891 2777 4946 Psal.
2838 4907 2979 4954 xcvr,
3029 4892 3116 4945 ll.
3194 4889 3238 4920 δ’
3274 4887 3446 4941 Exod.
3482 4901 3562 4949 ut,
3586 4885 3680 4942 25.

755 5001 865 5068 (5⁸2)
906 5002 1016 5072 ’ζ’ρν
1063 5003 1134 5055 τὰ
1178 5005 1370 5056 πάντα
1401 5005 1470 5057 ἐν
1498 5005 1881 5072 ἀκαταληψίᾳ
1931 5005 2247 5072 ὑπεριδρυ-

683 5071 888 5140 μένον.
913 5069 1069 5124 Velut
1092 5077 1343 5126 omnibus
1379 5076 1431 5127 in
1466 5069 2117 5142 incouipt‘eln-usibilitate
2137 5069 2246 5127 sua

684 5142 1033 5211 eminentem,
1068 5143 1176 5197 fele
1202 5142 1426 5196 Paulina
1454 5145 1637 5211 phrasi
1669 5160 1773 5211 qua
1808 5144 2007 5197 dicitur
2034 5144 2246 5197 inhabi-

685 5218 799 5260 tare
833 5209 1004 5262 lucem
1037 5209 1485 5274 inaccessibileui,
1522 5213 1538 5263 l
1573 5209 1711 5264 Tim:
1739 5229 1810 5266 Vl.
1863 5212 2126 5267 Paulinus
2157 5229 2244 5265 re—

689 5280 790 5330 fert
829 5279 1204 5350 adcreaturas
1261 5281 1441 5334 minus
1475 5297 1735 5350 congrue,
1781 5285 1869 5350 qui
1898 5285 2140 5336 universa
2166 5283 2248 5334 iu-

686 5347 1138 5415 comprelwusibili
1165 5350 1394 5415 quadam
1425 5347 1626 5403 ratione
1655 5347 1942 5405 constituit.

758 5417 869 5487 (55)
899 5417 968 5491 ΔὈ
999 5417 1116 5491 τῷν
1141 5419 1512 5491 τελουμένων
1545 5421 1876 5491 τελειωτής.
1911 5422 1986 5474 lta
2043 5421 2244 5491 passim

691 5486 1000 5560 Dionysius,
1035 5486 1349 5555 Gregorius,
1395 5497 1499 5560 etc.
1557 5489 1734 5545 Minus
1793 5503 1914 5560 apte
1958 5486 2241 5552 Pantinus,

687 5556 943 5622 perfectus
979 5567 1182 5618 auctor,
1203 5560 1381 5625 potius
1412 5559 1674 5621 initiator,
1693 5556 2118 5624 consummator,
2135 5570 2242 5614 etc.

691 5625 826 5699 Male
857 5625 1018 5678 etiam
1050 5629 1130 5699 τὸ.
1161 5627 1366 5699 διάντού
1402 5628 1713 5697 Πνεύματος
1766 5631 1921 5697 ἁγίου
1983 5632 2123 5699 quod
2159 5645 2246 5682 sc-

688 5698 895 5767 quilur.
937 5696 1118 5767 rcl_ulit
1150 5698 1214 5748 ad
1249 5698 1377 5750 illud
1408 5699 1513 5749 τῶν
1551 5696 1954 5767 πραττομένων.
2000 5696 2130 5754 cum
2172 5701 2244 5750 sit

691 5763 912 5816 unmino
946 5764 1282 5820 referendum
1313 5768 1379 5821 ad
1411 5763 1628 5822 verbum
1675 5763 2042 5834 συνεκάλεσεν,
2096 5769 2244 5823 velut

2355 5005 2556 5059 alludat
2586 5005 2653 5058 ad
2678 5006 2840 5059 verba
2869 5004 3200 5073 evangelica,
3249 5011 3297 5053 et
3357 5002 3493 5053 venit
3535 5001 3588 5053 in
3616 5000 3821 5073 apii-itu
3871 5002 3921 5055 in

2357 5078 2605 5144 templum
2633 5092 2648 5128 :
2680 5077 2827 5128 velut
2849 5070 3104 5128 nimirum
3135 5074 3394 5127 instinctu
3428 5075 3584 5125 actus
3614 5070 3669 5122 in
3707 5070 3920 5124 Domini

2353 5160 2663 5198 occursum.

2424 5215 2537 5284 (54)
2571 5210 3412 5284 Τὸναὐθέντην-διδάσκαλον.
3441 5208 3648 5264 Alludit
3669 5210 3736 5284 arl
3758 5209 3919 5262 verba

2353 5281 2664 5353 evangelica
2688 5283 2854 5335 Marci
2887 5298 2953 5353 tg:
2991 5281 3120 5333 Erat
3166 5282 3353 5353 duceris
3414 5297 3522 5353 eos,
3575 5281 3731 5346 quasi
3781 5289 3924 5345 pote-

2353 5350 2543 5408 statein
2613 5353 2826 5406 habens.
2888 5351 3064 5424 Minus
3121 5350 3589 5424 aptel‘antinus,
3658 5360 3920 5424 auctorem

2354 5426 2523 5491 ipsum
2549 5435 2596 5477 et
2626 5432 2993 5491 praeceptorem
3026 5423 3172 5491 legis,
3209 5422 3351 5475 velut
3375 5431 3628 5488 suprema
3683 5422 3920 5472 auctori-

2352 5502 2462 5547 tate
2481 5495 2788 5547 docentem.

2423 5564 2534 5634 (55)
2580 5563 2710 5616 Ἐπὶ
2755 5562 2965 5629 θρόνου
3007 5557 3354 5634 βασιλικοῦ.
3406 5556 3602 5634 sancta
3663 5556 3915 5634 nimirum

2352 5628 2581 5704 Dcipara
2615 5637 2738 5686 sinu
2774 5628 3038 5702 gestante,
3102 5638 3159 5684 ut
3211 5630 3408 5698 ubique
3436 5628 3621 5683 divina
3666 5629 3916 5681 humanis

2353 5713 2756 5774 comparentur.
