4028 6318
162 285 255 342 361
1257 285 1490 343 8ΕῆΜο
1526 285 1616 340 DE
1655 283 1732 343 Si]

1830 284 1952 342 DNE
1990 285 2076 340 ET
2115 284 2320 340 ANNA.
3310 289 3415 346 δεῖ

165 407 326 472 φέναι
360 406 460 459 τὸν
488 406 638 472 ναῦν,
661 409 778 470 τοῖς
801 407 901 477 τῆς
923 406 1163 470 διανοίας
1188 407 1484 478 ὀφθαλμοῖς
1514 408 1732 460 ἀναπτε-

1853 414 2048 462 natura
2110 407 2440 462 exstinctum
2499 402 2914 475 suscitaverat;]
2976 417 3040 458 ac
3094 404 3412 474 priusquam

165 497 452 566 ρώμενος,
479 497 557 561 ῶς
579 497 717 568 ἔχων
743 498 844 570 ήδη
874 499 936 552 τὸ
962 497 1290 568 ποθούμενον
1311 496 1578 569 ὲγεγήθει.
1596 497 1732 565 Ἀγό-

1848 498 2108 567 templum
2151 496 2442 565 attigisset,
2497 495 2789 551 subvectus
2819 495 3191 566 intelligentia
3213 494 3412 562 oculis,

162 606 324 657 tam);
357 589 420 642 δὲ
452 590 600 643 οὕτω
619 629 634 654 ,
678 592 775 644 καὶ
818 588 1243 660 μετεωροπορῶν
1273 592 1385 652 τοῖς
1417 588 1732 659 διαδήμασιι

1847 589 1994 643 velut
2020 589 2130 658 jam
2176 586 2542 642 desideratum
2600 587 2842 651 haberet,
2878 587 3075 656 gaudio
3121 588 3409 657 gestiebat.

156 679 500 746 ὡκυτά-ςως,
543 682 636 735 τὸν
679 682 849 734 πάλαι
899 681 1042 750 ἱερὸν
1089 679 1493 749 καταλαμϐάνει
1542 679 1742 750 σηκὸν,

159 772 254 824 καὶ
281 772 346 824 οὐ
377 772 637 844 προσχὼν
659 773 740 843 τῷ
766 769 927 842 ἱερῷ,
955 769 1032 840 τῷ
1054 768 1148 823 τοῦ
1185 769 1331 841 ἱεροῦ
1356 769 1614 841 πρυτάνει
1646 769 1744 832 τὰς

159 864 309 932 ἱερὰς
342 864 563 928 ὠλένας
591 862 905 934 ἐφήπλωσε,
924 859 1100 914 τοιάδε
1125 859 1299 927 λέγων
1330 860 1443 928 ἅμα
1464 860 1557 910 καὶ
1582 857 1740 928 ᾅδων,

157 953 192 1005 ὃ.
241 955 343 1007 καὶ
392 957 462 1024 τῇ
515 957 770 1024 άσπαστῇ
806 953 991 1022 τελετῇ
1038 950 1312 1021 προσῆκε·
1365 948 1432 1001 Σὲ
1467 949 1741 1014 ἐπιποθῶ,

157 1044 400 1098 δέσποτα
435 1045 538 1098 Θεὲ
575 1045 865 1117 πατέρων,
900 1044 994 1095 καὶ
1034 1040 1205 1112 Κύριε
1257 1039 1352 1092 τοῦ
1397 1039 1611 1105 ἐλέους,
1651 1039 1744 1092 τὸν

159 1130 585 1195 ηταξαῦσαντα
629 1135 696 1202 τῇ
729 1132 834 1201 ἰδίᾳ
872 1117 1005 1201 δόξτί
1032 1129 1125 1182 καὶ
1162 1129 1329 1199 ἀρετῇ
1352 1167 1364 1190 ,
1407 1127 1483 1191 ὡς
1526 1127 1743 1182 πάντων

157 1226 500 1293 προνοητικῇ
527 1262 542 1286 ,
572 1223 714 1275 αἰδοῖ
759 1221 858 1292 τῆς
888 1220 1022 1290 πρὸς
1058 1218 1206 1289 ἡμᾶς
1249 1217 1739 1284 συγκατασάσεως,

158 1311 418 1384 καθάπερ
447 1313 804 1383 σπονδηφόρῳ
837 1309 1081 1381 μεσιτείᾳ
1100 1348 1116 1372 ,
1144 1309 1224 1371 είς
1251 1307 1468 1379 φιλικὴν
1507 1307 1742 1378 ὁμηρεῦ-

157 1423 243 1457 σαι
267 1405 597 1474 συμφωνίαν
626 1405 753 1466 τοὺς
782 1401 1132 1470 ὲπουρανίους
1159 1400 1296 1470 πρὸς
1321 1399 1446 1462 τοὺς
1469 1401 1736 1469 γηγενεῖς.

158 1494 223 1546 Σὲ
253 1495 509 1564 ἐπιζητῶ
549 1495 643 1547 τὸν
672 1492 976 1563 αὐτουργὸν
1010 1491 1117 1544 τῶν
1152 1490 1434 1545 ἁπάντων·
1471 1492 1530 1544 σὲ
1573 1506 1741 1560 καρα-

158 1585 334 1647 δοκῶ,
363 1585 458 1638 τὸν
493 1587 821 1656 περιέχοντα
857 1584 1000 1654 λόγῳ
1033 1582 1101 1637 τά
1126 1585 1332 1640 πάντα·
1368 1585 1427 1637 σὲ
1449 1583 1742 1652 ἀπεκδεχο-

167 1693 284 1746 μαι,
314 1679 412 1729 τὸν
442 1678 588 1747 ζωῆς
615 1679 708 1730 καὶ
741 1677 971 1730 θανάτου
997 1676 1324 1741 δεσπόζοντα
1345 1695 1357 1707 ·
1386 1677 1444 1729 σὲ
1467 1675 1738 1745 ἀναμένω,

161 1769 248 1819 τὸν
287 1770 627 1839 νομοδότην,
655 1769 748 1822 καὶ
785 1767 881 1822 τοῦ
925 1768 1088 1839 νόμου
1120 1768 1382 1838 διάδοχον·
1435 1769 1493 1820 σὲ
1538 1765 1738 1830 πεινῶ,

155 1858 241 1912 τὸν
264 1861 531 1926 Cotuatova
547 1861 659 1914 τῶν
683 1861 1122 1931 νενεκρωμὲνων·
1151 1860 1210 1912 σὲ
1233 1857 1390 1928 διψῶ,
1419 1857 1516 1927 τὴν
1534 1856 1734 1925 ἀνάψυ-
1764 1844 1807 1897 Β

159 1952 235 2018 ξιν
260 1955 376 2008 τῶν
402 1958 797 2026 κεκμηκότων·
837 1957 896 2009 σὲ
947 1955 1196 2025 ἐπιθυμῶ
1241 1954 1330 2007 τὸν
1379 1954 1601 2023 κτίστην
1642 1953 1734 2005 καὶ

156 2042 434 2115 λυτρωτὴν
466 2045 564 2096 τοῦ
597 2045 824 2115 κόσμου.
867 2044 940 2096 Σὺ
975 2042 1132 2113 ἡμῶν
1158 2041 1290 2104 Θεὸς
1311 2081 1326 2105 ,
1355 2041 1449 2094 καὶ
1479 2042 1535 2094 σὲ
1569 2057 1734 2111 προσ-

159 2133 443 2202 κυνοῦμεν.
475 2134 549 2186 ΣΞ)
569 2137 602 2205 ἡ
613 2136 727 2204 μῶν
757 2133 882 2195 ναὸς
906 2133 1089 2199 ἅγιος,
1118 2132 1211 2184 καὶ
1245 2133 1304 2183 ὲν
1337 2131 1420 2183 σοὶ
1447 2131 1734 2203 προσευξό-

161 2222 294 2291 μεθα
313 2240 327 2253 ·
361 2225 426 2274 σὺ
449 2223 670 2293 θεσμῶν
699 2222 1053 2292 θεσμοθέτης,
1076 2224 1170 2274 καὶ
1200 2221 1282 2273 σοὶ
1309 2220 1728 2293 πειθαρχῶμεν.

159 2315 224 2366 Σὺ
258 2315 392 2377 Θεὸς
426 2315 662 2385 πρῶτος·
700 2313 1007 2386 ἔμπροσθέν
1048 2331 1142 2367 σου
1172 2314 1272 2366 οὐκ
1316 2313 1576 2384 ἐγεννήθη
1622 2313 1731 2386 (56)

160 2400 286 2463 Geo;
318 2402 478 2465 ἀλλος
511 2404 576 2454 ὲκ
609 2401 745 2454 Θεοῦ
782 2401 1014 2472 Πατρὺς,
1047 2403 1139 2455 καὶ
1176 2402 1314 2474 μετὰ
1347 2404 1409 2456 σὲ
1453 2404 1551 2456 οὐκ
1580 2403 1730 2457 ἔσται

159 2492 310 2555 ἄλλος
348 2493 477 2556 Υἱὸς
518 2493 599 2564 τῷ
624 2493 800 2565 Πατρὶ
840 2494 1121 2565 ὀμοούσιος
1161 2496 1256 2547 καὶ
1290 2494 1568 2564 ὁμότιμος.
1624 2495 1732 2548 Καὶ

159 2583 219 2637 τὸ
243 2585 609 2640 ἐπίστασθαί
636 2603 732 2649 σε,
763 2589 1098 2654 ὁλόκληρος
1130 2585 1503 2654 δικαιοσύνη·
1530 2587 1626 2639 καὶ
1655 2589 1732 2639 ει-

159 2676 316 2734 δέναι
347 2695 463 2733 σου
485 2677 554 2732 τὸ
585 2678 826 2746 κράτος,
847 2677 980 2747 ῥίζα
1010 2680 1361 2744 ἀθανασίας.
1398 2678 1468 2730 Σὺ
1506 2673 1557 2731 εἴ
1585 2679 1617 2731 ό
1643 2677 1732 2732 διὰ

159 2769 250 2840 τὴν
277 2771 554 2844 ἡμετέραν
587 2773 860 2844 σωτηρίαν
882 2774 1049 2840 λίθος
1074 2771 1496 2842 ἀκροτιυνιαῒος
1511 2811 1525 2834 ,
1547 2775 1732 2825 πολυ-

159 2862 333 2929 τελής
372 2881 436 2917 τε
482 2863 581 2917 καὶ
634 2865 906 2933 ἔντιμος,
949 2867 1016 2935 τῇ
1050 2863 1188 2916 Σιὼν
1220 2862 1725 2933 προαναγορευθείς.

170 2952 562 3026 Ύποῦέδληται
607 2954 714 3025 γάρ
770 2971 853 3006 σοι
914 2953 982 3006 τὰ
1038 2953 1215 3006 πάντα
1287 2943 1377 3014 ὡς’
1405 2952 1592 3023 αἰτίῳ·
1654 2951 1729 3013 ὡς

161 3047 528 3115 παραγαγόντι
572 3044 641 3097 τὰ
669 3044 767 3097 ὅλα
805 3046 869 3097 ἐκ
901 3041 976 3114 μὴ
1010 3043 1178 3096 ὄντων
1208 3043 1288 3105 είς
1333 3040 1394 3094 τὸ
1426 3038 1564 3094 εἶναι
1587 3082 1602 3106 ,
1634 3042 1728 3094 καὶ

160 3133 410 3190 σύστασιν
439 3136 658 3206 εὐπαγῆ
676 3139 788 3199 τοῖς
812 3134 1063 3196 ἀστάτοις
1108 3131 1444 3204 παρασχόντι
1462 3148 1476 3163 ο
1501 3132 1577 3196 ὡς
1607 3149 1728 3184 συν-

160 3229 249 3295 οχῇ
296 3228 388 3278 καὶ
427 3228 642 3298 φρουρᾷ
685 3225 796 3278 τῶν
827 3223 1350 3301 παρενηνεγμένων·
1392 3223 1468 3287 ὡς
1513 3223 1725 3294 φύσεων

159 3318 416 3391 διαφόρων
445 3319 796 3392 δημιουργῷ·
840 3319 916 3382 ὡς
941 3318 1241 3382 οίακίζοντι
1275 3317 1500 3390 παλάμῃ
1529 3319 1727 3371 παναλ-

163 3415 384 3487 κεστάτῃ
424 3418 519 3470 καὶ
563 3415 966 3488 πανσοφωτάτῃ
990 3415 1057 3469 τὰ
1099 3415 1388 3485 σύμπαντα
1407 3432 1423 3446 ·
1460 3415 1537 3479 ὡς
1569 3416 1727 3469 εὐτα-

163 3503 269 3571 ξω
297 3509 516 3578 ἁπάσης
560 3506 780 3578 ῥυθμῷ·
809 3506 885 3570 ὡς
913 3507 1231 3578 συμφωνίας
1256 3507 1350 3561 καὶ
1377 3505 1600 3577 είρήνης
1628 3507 1724 3575 ἀρ-

164 3599 303 3669 ῥαγεῖ
323 3600 626 3671 συνδέσμῳ.
659 3600 761 3653 Ἐν
781 3598 877 3652 σοι
907 3600 1018 3668 γὰρ
1034 3597 1238 3669 ζῶμεν,
1263 3598 1361 3652 καί
1382 3597 1722 3664 κινούμεθα,

162 3692 244 3743 καὶ
279 3692 482 3762 ἐσμέν.
511 3693 610 3746 Διὰ
640 3693 830 3756 τοῦτο,
869 3692 1046 3760 Κύριε
1070 3695 1103 3746 ό
1136 3691 1282 3756 Θεός
1308 3706 1460 3760 μσυ,
1488 3686 1733 3750 δοξάσω

162 3796 244 3844 σε,
265 3782 515 3851 ὑμνήσω
538 3783 605 3834 τὸ
629 3779 817 3850 ὄνομά
835 3796 976 3834 σου·
991 3780 1078 3834 ὅτι
1103 3781 1397 3847 ἐποίησας
1413 3777 1726 3846 θαυμαστὰ

161 3874 456 3944 πράγματα
474 3916 489 3938 ,
529 3874 773 3942 ,βουλὴν
798 3873 1056 3941 ἀρχαίαν
1085 3869 1384 3939 ἀληθινὴν
1401 3911 1415 3934 ,
1439 3868 1721 3939 ἐξομολό-

160 3981 324 4029 matr
365 3966 462 4017 καὶ
499 3964 1018 4034 μεγαλοπρέπειαν
1047 3962 1477 4031 ἐνδυσάμενος.
1513 3961 1578 4013 Τί
1615 3958 1725 4029 γὰρ

161 4055 603 4126 πριφανέστερον
630 4055 841 4125 βασιλεί
862 4053 1258 4126 περιανθούσης
1277 4052 1605 4124 πορφυρίδος
1630 4050 1722 4103 καὶ

160 4148 549 4220 ὲπιλάμποντος
572 4147 900 4218 διαδήματος
923 4165 939 4213 ;
964 4148 1036 4200 Ἦ
1068 4147 1120 4201 τί
1151 4142 1724 4218 μεγαλοπρεπέστερον

160 4240 263 4312 Θεῷ
294 4238 660 4311 φιλανθρώπῳ
692 4237 1067 4310 φιλανθρώπου
1096 4237 1574 4307 ὲνανθρωπήσεως,
1604 4235 1723 4295 ταῖς

159 4336 616 4407 παμφανωτάταις
643 4333 951 4401 ὲξαυγείαις
973 4331 1114 4398 τοὺς
1137 4331 1207 4384 ἐν
1230 4331 1430 4384 σκότει
1456 4328 1553 4380 καὶ
1578 4323 1722 4393 σκιᾷ

161 4427 400 4481 θανάτου
445 4423 823 4494 καθημένους
861 4423 1414 4492 καταλαμπούσης;
1460 4419 1569 4472 Καὶ
1614 4417 1721 4489 μὴν

1849 677 1939 732 Sic
1964 694 2126 749 porro
2149 687 2326 743 actus,
2361 694 2423 732 ac
2455 693 2549 749 per
2591 677 2792 748 gradus
2824 678 3107 733 celerrime
3140 693 3411 735 conscen-

1845 771 2002 833 dens,
2061 783 2279 824 sacrum
2329 769 2596 823 hactenus
2638 769 2912 838 penetrale
2972 775 3237 838 occupat;
3269 777 3410 824 tem-

1844 858 2043 928 ploque
2072 857 2299 922 omisso,
2360 858 2535 927 ipsius
2569 857 2753 927 templi
2785 857 2999 927 praesidi
3033 873 3219 912 sacras
3249 858 3410 914 ulnas

1843 946 2131 1018 expandit;
2183 946 2450 1014 ejusmodi
2491 947 2754 1015 quosdam
2802 946 3056 1016 jucundae
3107 946 3408 1003 celebritati

1843 1053 2115 1109 congruos
2163 1053 2446 1094 sermones
2495 1039 2710 1092 cantico
2751 1037 3079 1109 depromens
3105 1059 3118 1092 :
3146 1037 3223 1093 Te
3261 1039 3410 1095 desi-

1841 1128 1994 1196 dero,
2029 1129 2255 1186 Domine
2301 1130 2444 1185 Deus
2476 1139 2712 1200 patrum,
2742 1137 2797 1184 et
2827 1130 3051 1184 Domine
3093 1129 3406 1186 misericor-

1840 1221 1974 1289 diae;
2011 1221 2104 1291 qui
2134 1229 2225 1276 tua
2259 1222 2376 1291 ipse
2407 1223 2675 1277 sententia
2708 1230 2762 1276 et
2793 1221 3014 1286 virtute,
3045 1231 3102 1276 ut
3129 1236 3236 1292 qua
3278 1236 3404 1292 pro—

1839 1311 2025 1368 videas
2055 1313 2327 1375 omnibus,
2359 1313 2672 1382 dignatione
2723 1313 2812 1366 illa
2842 1329 2948 1382 qua
2977 1321 3028 1368 te
3059 1315 3218 1368 nobis
3247 1314 3408 1368 incli-

1839 1418 1959 1469 nas,
1995 1419 2093 1460 ceu
2130 1414 2410 1474 sequestra
2459 1405 2678 1460 ftederis
2702 1387 3105 1470 conciliatione,
3151 1407 3404 1462 caelestes

1841 1495 1984 1548 inter
2015 1496 2442 1564 terrigenasque,
2488 1495 2780 1548 amicitiam
2820 1495 3147 1550 concordem
3189 1511 3402 1553 sancnre

1837 1585 2080 1642 voluisti.
2129 1585 2206 1641 Te
2236 1601 2420 1655 quaaro
2457 1587 2633 1655 ipsum
2683 1591 2958 1639 auctorem
2998 1586 3398 1642 universorum.

1839 1675 1976 1731 Tota
2008 1685 2062 1733 te
2091 1677 2390 1748 cupiditate
2425 1685 2700 1747 exspecto,
2743 1679 2835 1746 qui
2869 1694 3118 1733 sermone
3153 1679 3404 1734 contines

1840 1769 2043 1824 omnia.
2098 1768 2173 1824 Te
2216 1771 2525 1839 prastolor,
2577 1771 2700 1826 vitae
2751 1771 3049 1839 mortisque
3097 1769 3405 1824 dominato-

1835 1874 1969 1914 rem.
2005 1859 2082 1915 Te
2125 1850 2369 1916 sustineo
2395 1859 2639 1914 datorem
2689 1861 2842 1932 legis,
2884 1861 3237 1931 ejusdemque
3267 1876 3398 1920 suc-

1836 1965 2132 2008 cessorem.
2181 1949 2256 2005 Te
2296 1953 2514 2016 esurio,
2566 1951 2658 2019 qui
2710 1952 2953 2006 viviﬁcas
2995 1961 3259 2009 mortuos.
3304 1954 3390 2008 Si-

1835 2044 1912 2098 tio
1945 2050 2018 2104 te,
2053 2041 2470 2113 defatigatorum
2512 2041 2875 2111 refrigerium.
2915 2043 2991 2098 Te
3037 2047 3388 2115 concupisco,

1836 2135 2025 2190 mundi
2061 2143 2360 2188 creatorem
2412 2133 2936 2202 redemptoremquc.
2987 2133 3066 2188 Tu
3113 2135 3258 2191 Deus
3303 2153 3402 2191 no-

1835 2234 1980 2294 ster;
2017 2235 2178 2298 teque
2210 2227 2522 2282 adoramus.
2575 2224 2655 2278 Tu
2706 2234 2954 2280 sanctum
2999 2229 3257 2296 templum
3300 2244 3399 2283 no—

1835 2325 2044 2381 strum;
2093 2325 2326 2386 votaque
2372 2316 2426 2368 in
2473 2323 2527 2369 te
2571 2314 2854 2370 faciemus.
2881 2313 2962 2369 Tu
3006 2315 3184 2385 legum
3219 2317 3394 2380 lator;

1831 2406 2044 2476 tibique
2087 2407 2608 2477 obtemperabimus.
2646 2406 2724 2460 Tu
2747 2406 2888 2461 Deus
2916 2408 3122 2475 primus
3146 2423 3161 2472 ;
3192 2415 3316 2460 ante
3343 2417 3397 2461 te

1832 2512 1942 2551 non
1969 2506 2055 2552 est
2079 2509 2238 2553 natus
2266 2497 2410 2553 Deus
2439 2499 2580 2553 alius
2606 2512 2672 2551 ex
2710 2497 2820 2551 Deo
2853 2495 3010 2552 Patre
3034 2497 3110 2559 “;
3139 2512 3240 2551 nec
3273 2506 3396 2566 post

1831 2598 1886 2644 te
1916 2588 2132 2644 futurus
2155 2598 2240 2644 est
2271 2591 2411 2644 alius
2434 2588 2604 2643 Filius
2630 2588 2772 2642 Patri
2805 2589 3313 2652 consubstantialis,
3341 2600 3398 2643 et.

1832 2679 2077 2749 ejusdem
2109 2695 2233 2734 cum
2281 2681 2401 2750 ipso
2454 2680 2657 2749 gloria.
2701 2681 2874 2748 Atque
2924 2695 3075 2734 nosse
3120 2689 3186 2747 te,
3227 2682 3396 2735 solida

1823 2773 2037 2841 justitia
2064 2783 2140 2827 est
2168 2789 2187 2825 :
2219 2766 2460 2840 “tamque
2488 2771 2622 2823 scire
2657 2771 2964 2839 potentiam,
2998 2771 3154 2824 radix
3183 2773 3395 2827 immor-

1833 2863 2062 2917 talitatis
2090 2862 2159 2915 ⁸⁵.
2191 2860 2273 2915 Tu
2315 2869 2517 2915 nostra:
2557 2861 2750 2916 salutis
2780 2874 2967 2925 causa,
3007 2861 3143 2929 lapis
3182 2865 3271 2917 ille
3301 2881 3398 2917 an-

1829 2953 2034 3024 gularis
2069 2954 2360 3023 exquisitas
2394 2963 2444 3005 et
2477 2956 2736 3021 pretiosus
2762 2951 2828 3015 ⁸⁸,
2860 2951 3010 3007 Sioni
3058 2961 3217 3008 antea
3256 2969 3396 3023 prae-

1830 3043 2026 3098 dictus.
2063 3041 2185 3097 Tibi
2215 3043 2360 3097 enim
2411 3044 2690 3098 substrata
2729 3049 2856 3096 sunt
2894 3043 3076 3096 omnia
3124 3049 3183 3098 ut
3220 3059 3398 3099 causae

1828 3142 1883 3190 et
1913 3133 2148 3195 auctori.
2175 3143 2234 3188 ut
2261 3128 2311 3189 ei
2351 3135 2445 3204 qui
2474 3135 2729 3188 universa
2758 3150 2824 3188 ex
2855 3134 3027 3188 nihilo
3054 3134 3121 3189 ad
3149 3151 3276 3190 esse
3304 3135 3398 3190 de-

1825 3225 2005 3289 duxit,
2030 3225 2304 3296 rebusque
2325 3223 2674 3278 instabilibus
2709 3223 2919 3277 ﬁrmam
2949 3225 3397 3281 constitutionem

1827 3316 2019 3371 tribuit
2046 3334 2059 3370 :
2091 3322 2349 3383 tanquam
2381 3328 2563 3369 rerum
2595 3312 2650 3365 in
2696 3327 2821 3367 esse
2846 3312 3200 3368 deductarum
3233 3317 3396 3369 nexui

1827 3406 2329 3474 commissumque,
2362 3412 2523 3473 atque
2567 3401 2859 3472 praesidio:
2897 3409 3158 3472 tanquam
3199 3411 3395 3457 natura

1825 3499 2168 3553 diversorum
2218 3493 2445 3564 opiﬁci:
2479 3494 2624 3548 velut
2670 3493 2742 3558 ei,
2798 3493 2892 3563 qui
2946 3509 3112 3548 manu
3164 3510 3393 3564 prorsus

1827 3588 2129 3643 fortissima
2164 3583 2681 3656 sapientissimaque
2716 3584 3032 3638 moderatur
3086 3584 3341 3639 universa
3375 3604 3388 3637 :

1825 3681 1972 3735 velut
2019 3679 2307 3751 compositi
2353 3679 2729 3748 cujuscunque
2777 3676 2987 3731 ordinis
3041 3676 3298 3747 rhythmo
3339 3686 3394 3732 et

1826 3773 2186 3830 concinnitati
2217 3791 2232 3828 :
2270 3783 2330 3828 ut
2373 3770 2680 3826 concordiae
2719 3771 2980 3838 pacisque
3023 3768 3390 3824 indissolubili

1823 3862 2065 3917 vinculo.
2119 3859 2187 3914 In
2231 3869 2278 3915 te
2319 3861 2455 3914 enim
2507 3859 2746 3922 vivimus,
2798 3867 2848 3911 et
2886 3873 3171 3923 movemur,
3216 3866 3268 3912 et
3299 3875 3393 3913 su-

1823 3971 1941 4008 mus
1963 3955 2029 4010 “.
2071 3951 2388 4023 Propterea,
2423 3949 2645 4006 Domine
2676 3950 2814 4003 Deus
2861 3966 3028 4014 meus,
3082 3950 3391 4019 ρίου-ἔβραὺο

1827 4051 1872 4097 te
1895 4045 1970 4111 ﬂ;
2001 4041 2229 4096 laudabo
2263 4057 2448 4094 nomen
2493 4050 2662 4104 tuum,
2694 4040 2942 4110 quoniam
2974 4039 3147 4107 fecisti
3180 4055 3261 4092 res
3291 4040 3390 4091 ad-

1826 4137 2124 4200 mirandas,
2167 4134 2449 4188 consilium
2484 4134 2758 4201 antiquum
2790 4148 2967 4185 verum
2997 4131 3070 4197 “;
3100 4131 3390 4199 confessio-

1825 4246 1942 4284 nem
1986 4237 2036 4282 et
2070 4228 2308 4280 decorem
2357 4224 2574 4279 indutus
2597 4225 2664 4278 δ’.
2697 4223 2837 4290 Quid
2875 4223 3019 4277 enim
3062 4223 3198 4292 regi,
3242 4231 3393 4277 veste

1825 4334 2098 4392 purpurea
2128 4317 2380 4372 ﬂoridum
2403 4316 2532 4385 quid
2565 4315 3032 4374 circuunnicante.
3061 4311 3395 4366 diademate-

1821 4429 1929 4482 que
1956 4411 2265 4483 eﬁ'ulgente,
2305 4407 2676 4480 splendidius?
2706 4405 2845 4471 Quid
2891 4419 3041 4464 vero,
3089 4403 3395 4457 clementis-

158 4518 364 4582 εἰκότως
411 4519 509 4572 καὶ
546 4514 1006 4587 προανευφήμησέ
1061 4531 1119 4568 σε
1172 4512 1280 4566 τὸν
1307 4509 1572 4565 Βασιλέα
1603 4507 1722 4561 τῶν

1830 4503 1964 4559 simo
1993 4503 2122 4566 Deo,
2160 4501 2413 4556 clementi
2455 4501 2557 4553 hac
2584 4498 2822 4553 hominis
2846 4494 3244 4564 assumptione,
3281 4494 3393 4547 cla-

161 4607 369 4663 αίώνων
391 4614 421 4665 ὁ
453 4609 788 4681 πρόσκαιρος
824 4603 1072 4676 βασιῗέὺς
1100 4606 1194 4656 καὶ
1212 4605 1448 4674 οἰκέτης,
1468 4600 1710 4669 φάσκων·

170 4696 378 4765 Ὡραῖος
414 4700 626 4754 κάλλει
657 4697 815 4765 παρὰ
851 4695 993 4762 τοὺς
1020 4695 1190 4761 υἱοὺς
1216 4693 1334 4746 τῶν
1361 4690 1712 4760 ἀνθρώπων,

162 4791 184 4841 ὁ
211 4794 260 4845 ὲν
288 4793 602 4860 ἀνθρώποις
625 4792 758 4855 Θεὸς
790 4790 885 4843 καὶ
920 4789 1226 4860 ἄνθρωπος·
1250 4785 1576 4858 Περιεξώσω
1607 4783 1714 4854 γὰρ

160 4881 230 4937 διὰ
274 4887 379 4954 τῆς
417 4887 570 4948 Θείας
610 4904 707 4939 σου
752 4881 1079 4955 σαρκώσεως
1119 4879 1430 4950 δικαιοσύνῃ
1483 4879 1578 4948 μὲν
1617 4876 1716 4947 τὴν

161 4973 372 5042 ὀσφύν·
407 4977 710 5046 ἐνηλείψω
749 4975 819 5029 δὲ
845 4975 942 5028 καὶ
980 4972 1227 5040 ἀληθείᾳ
1268 4972 1374 5036 τὰς
1420 4967 1712 5037 πλευρὰς,

162 5066 464 5139 ιὺτόκρημα
509 5069 820 5139 δικαιοσύνη
869 5067 966 5121 καὶ
1017 5065 1240 5137 ἀλήθεια
1279 5062 1568 5134 ὑπάρχων,
1621 5060 1716 5113 καὶ

243 5227 290 5260 ⁸³
323 5223 438 5278 ha.
481 5238 628 5285 mn,
663 5224 749 5278 10.
825 5221 1021 5290 “Sep.
1049 5237 1140 5282 xv.
1176 5233 1259 5273 ιιι.
1299 5214 1553 5290 μείξεις.
1595 5228 1762 5290 c_xvn.
1790 5211 1905 5290 2|_;

1821 4595 2057 4651 rissimis
2087 4593 2204 4647 suis
2231 4592 2398 4646 radiis
2424 4591 2759 4643 illuminante
2801 4587 3035 4640 sedentes
3071 4587 3126 4638 in
3166 4583 3384 4638 tenebris

1821 4695 1871 4740 et
1915 4684 2104 4738 umbra
2133 4682 2318 4734 mortis
2347 4680 2413 4741 ³⁸.
2447 4675 2920 4749 magniﬁcentius?
2952 4674 3210 4746 Apposite
3257 4687 3384 4728 sane

1824 4777 2010 4847 Regem
2031 4783 2084 4829 te
2112 4777 2426 4827 sacellorum
2448 4773 2516 4838 ³¹,
2545 4780 2932 4840 temporaneus
2968 4768 3057 4821 ille
3083 4781 3178 4818 rex
3205 4779 3268 4816 ac
3309 4761 3388 4814 fa-

1822 4871 2001 4924 mulus
2032 4873 2181 4931 tuus,
2204 4863 2400 4920 faustis
2431 4865 2559 4919 olim
2590 4859 3154 4933 congratulationibus
3188 4856 3390 4910 omini-

1822 4964 2033 5032 busque
2052 4967 2374 5029 prosecutus
2397 4964 2500 5021 est,
2525 4955 2712 5009 dicens
2740 4972 2752 5007 :
2782 4951 3054 5021 Speciosus
3080 4946 3254 5014 forma
3278 4960 3388 5012 pra:

1822 5056 1948 5127 ﬁliis
1979 5051 2246 5105 hominum
2268 5051 2348 5116 ";
2380 5049 2474 5119 qui
2514 5047 2570 5102 in
2601 5046 2936 5106 hominibus,
2967 5039 3110 5094 Deus
3145 5039 3264 5108 ipse
3307 5039 3387 5092 sis

1986 5206 2099 5260 Ita.
2135 5203 2456 5267 xxvnt,16;
2532 5200 2552 5254 l
2585 5201 2728 5253 Petr.
2767 5196 2903 5262 11,6.
2983 5195 3028 5228 ⁸⁸
3067 5193 3384 5267 ⁸ιίᾷιειᾷᾐινιιι,

158 5294 230 5353 ιι.
300 5264 797 5355 aestima.
874 5264 1085 5346 57;;
1101 5264 1259 5352 4.1;;
1286 5289 1335 5342 ι.
1402 5264 1732 5338 amre;

1837 5264 1908 5336 ‘1'.
1985 5278 2030 5309 ⁵ο
2080 5273 2187 5328 lsa.
2232 5264 2381 5329 xui.
2425 5264 2499 5337 7;
2565 5270 2691 5323 Luc.
2765 5284 2812 5333 ι,
2859 5267 2944 5322 79.
3014 5267 3058 5298 "
3101 5265 3120 5319 ι
3163 5264 3298 5318 Tim.
3345 5280 3383 5327 ι,

163 5367 232 5425 l7.
302 5367 353 5398 “
395 5364 546 5419 Psal.
588 5379 738 5430 κων,
777 5363 830 5418 5.

215 5525 324 5596 (56)
341 5517 752 5596 _'Epzp00'9ér_'
783 5535 899 5572 σου
927 5520 1040 5596 οὐκ
1058 5506 1709 5596 ἐγεννήθη..ῥ1-Ιιιά¹ξιηειιι

160 5577 462 5652 veiba'lsai'.
495 5577 653 5650 ίιιιι.
695 5590 896 5658 piaquo
925 5577 1240 5658 detorsione
1276 5577 1512 5658 applicat
1546 5577 1705 5630 Filio.

161 5649 334 5720 Est-ilbi
360 5666 454 5718 οὒκ
473 5649 714 5730 ἐγένετο,
740 5649 841 5711 ιιοῇ
865 5658 966 5730 fuit
990 5657 1127 5730 alius
1171 5649 1549 5730 Deus'fVulgnq
1604 5663 1707 5700 non

161 5734 240 5801 {Iit
261 5720 524 5808 [armatus
541 5733 708 5786 Deus.
736 5720 1002 5782 Paulinus
1026 5728 1164 5782 male
1190 5725 1269 5789 τὸ,
1293 5720 1576 5791 ἐγεννήθη,
1599 5734 1708 5786 quo

406 5829 682 5921 Damon.
720 5822 840 5884 Gn.
886 5818 1116 5882 XVIII.

1819 5503 1910 5557 hic
1943 5509 2065 5569 apte
2098 5497 2396 5569 multitudo
2417 5495 2656 5569 ﬁliorum
2682 5495 2737 5549 in
2767 5493 2878 5550 Deo
2901 5493 3230 5569 excluditur,
3260 5494 3386 5569 ret?-

1817 5573 1917 5632 dit,
1954 5562 2149 5639 factus.
2179 5566 2437 5639 Negando
2459 5566 2603 5639 enim
2635 5563 2807 5639 factos
2839 5579 2865 5616 a
2903 5563 3013 5639 Deo
3042 5562 3204 5618 Patre
3248 5565 3334 5639 alii
3360 5581 3386 5617 s

1818 5634 1976 5704 lilios',
2023 5641 2237 5691 videtur
2265 5634 2376 5690 'hic
2434 5635 2605 5690 asseri
2656 5634 2851 5704 lactus,
2908 5636 3003 5704 qui
3059 5635 3382 5704 supponitur

1816 5715 2009 5770 unicus
2039 5708 2226 5763 Filius.

3037 5792 3112 5852 12
