4028 6318
674 349 784 408 567

1603 342 1661 398 S.
1705 341 2038 399 METHODII
2079 341 2388 399 EPISCOPI
2429 342 2520 398 ΕΤ
2560 343 2920 400 MARTYRIS

3826 352 3932 407 368

675 482 842 540 gnum
878 474 1047 529 ratus,
1083 471 1140 519 ut
1164 463 1310 518 illam
1343 476 1621 516 servorum
1651 469 1868 516 tuorum
1903 464 2130 519 salutem
2155 463 2242 519 be-

2348 465 2444 535 τῆς
2491 466 2587 532 σῆς
2639 465 3008 536 μεγαλοσύνης
3047 466 3140 518 καὶ
3178 467 3562 537 χρηστότητος,
3605 469 3795 543 οἰκέτῃ
3835 472 3935 540 τὴν

674 559 1069 629 nellciumque,
1119 555 1307 612 eadem
1350 555 1662 610 conditione
1697 570 1854 610 servo
1881 555 2244 622 concederes;

675 662 805 708 utve
863 665 958 706 eos
999 648 1094 720 qui
1121 646 1496 708 oﬁ‘endissent,
1532 647 1780 700 ministro
1815 647 2246 702 reconciliandos

675 742 1064 797 committeres.
1102 739 1412 801 Enimvero,
1440 754 1532 808 per
1562 736 1764 794 Lumen
1819 738 1949 792 illud
2001 739 2246 807 ejusdem

675 842 856 888 tecum
885 832 1223 897 substantiae,
1257 830 1439 884 lumen
1477 829 1691 884 donasti
1722 829 1786 882 iis
1815 830 1905 897 qui
1934 828 1986 880 in
2024 827 2246 882 tenebris

671 934 726 981 οι
753 927 810 978 iu
850 925 1037 978 umbra
1089 923 1272 976 mortis
1303 919 1547 976 sedebant
1581 922 1658 986 ⁶⁸;
1710 928 1765 972 ut
1807 920 1859 973 in
1892 920 2085 972 lumine
2129 929 2245 982 luo,

673 1015 911 1071 scientia:
940 1014 1114 1066 lumen
1137 1010 1343 1065 videant
1367 1011 1448 1064 “:
1482 1009 1810 1080 placuitque,
1843 1017 1902 1062 ut
1949 1024 2044 1078 per
2068 1007 2248 1060 Domi-

671 1121 807 1163 num
839 1111 894 1162 et
935 1115 1238 1159 creatorem
1270 1102 1597 1156 reformares
1631 1115 1730 1155 nos
1787 1101 1840 1154 in
1874 1099 2248 1152 immortalita-

669 1205 819 1266 tem;
869 1198 1138 1268 nobisque
1166 1211 1262 1267 per
1295 1196 1469 1264 ipsum
1503 1193 1595 1264 qui
1647 1192 1902 1264 paradiso
1927 1193 2246 1248 deliciarum

672 1289 1149 1351 exterminaverat,
1179 1285 1412 1342 reditum
1458 1285 1769 1355 elargireris
1812 1283 1866 1336 in
1911 1282 2242 1352 paradisum.

673 1381 756 1436 Ad
791 1381 927 1444 haec,
958 1395 1055 1449 per
1097 1393 1218 1434 eum
1271 1378 1362 1448 qui
1401 1376 1554 1429 habet
1596 1384 1903 1443 potestatem
1949 1373 2248 1427 dimittendi

669 1481 887 1546 peccata
918 1471 960 1503 "'
1005 1470 1143 1541 quod
1191 1478 1306 1524 erat
1347 1467 1594 1522 adversus
1641 1483 1735 1520 nos
1771 1465 1954 1518 delein
1978 1466 2248 1535 chirogra-

669 1564 834 1637 phum
863 1564 927 1618 “.
964 1562 1207 1633 Denique
1234 1578 1332 1632 per
1361 1576 1482 1616 eum
1514 1559 1604 1629 qui
1629 1557 1818 1613 eodem
1842 1565 2021 1611 tecum
2051 1556 2249 1609 throno

670 1655 925 1716 sublimis
955 1655 1128 1720 sedet,
1159 1654 1358 1724 quique
1389 1667 1420 1704 ιι
1460 1649 1645 1704 divina
1696 1656 1791 1702 tua
1845 1657 2041 1701 natura
2073 1647 2250 1701 haud-

672 1763 944 1820 quaquam
972 1747 1234 1803 excedere
1255 1750 1454 1815 potest,
1489 1741 1693 1796 ﬁrmam
1726 1740 1882 1796 nobis
1929 1740 2250 1795 reconcilia-

2349 557 2456 611 τῶν
2492 558 2600 609 σῶν
2626 558 2850 610 οἰκετῶν
2881 557 3307 611 κατα-πιστεῦσαι
3349 561 3618 631 σωτηρίαν
3645 563 3736 616 καὶ
3770 564 3921 632 εὐερ-

2349 652 2558 720 γεσίαν,
2597 651 2629 722 ἢ
2674 649 2967 720 λειτουργῷ
3022 649 3334 719 ἐγχειρῆσαι
3377 649 3475 720 τὴν
3536 652 3644 705 τῶν
3690 669 3927 724 προσκε-

2350 744 2660 814 κρουκότων
2717 745 3079 815 καταλλαγήν.
3135 745 3294 798 Ἀλλά
3350 743 3440 798 διὰ
3495 743 3589 796 τοῦ
3642 747 3926 814 ὁμοσυσίου

2347 835 2528 898 dim-rb;
2554 836 2668 903 φῶς
2699 835 2825 903 τοῖς
2856 837 2925 889 ἐν
2947 839 3150 891 σκότει
3179 838 3276 890 καί
3303 835 3446 904 σκιᾷ
3471 835 3725 891 θανάτου
3744 839 3930 900 καθη-

2342 926 2550 997 μένοις
2582 927 2862 998 ἐδωρήσω,
2907 929 3008 982 ἵνα
3056 929 3126 981 ἐν
3159 928 3237 993 τῷ
3278 929 3368 994 σῷ
3405 930 3552 997 φωτί
3595 927 3763 982 ιδωσι
3804 927 3931 997 φῶς

2347 1016 2654 1085 γνώσεως*
2691 1019 2784 1070 καὶ
2817 1017 2905 1070 διὰ
2942 1017 3034 1070 τοῦ
3065 1018 3322 1071 δεσπότου
3355 1020 3448 1072 καὶ
3473 1018 3804 1089 δημιουργοῦ
3835 1019 3928 1072 £6-

2347 1110 2581 1180 δόκησας
2609 1110 2917 1164 ἀναπλάσαι
2943 1112 3088 1180 ἡμᾶς
3116 1113 3194 1174 είς
3225 1109 3553 1180 ἀφθαρσίαν,
3583 1110 3678 1164 καὶ
3705 1109 3798 1162 διὰ
3833 1109 3929 1162 τοῦ

2348 1200 2707 1270 ἀφορίσαντος
2737 1200 2801 1251 ὲκ
2826 1199 3152 1270 παραδείσου
3181 1202 3389 1271 τρυφῆς
3411 1199 3511 1271 τὴν
3553 1201 3632 1261 είς
3665 1197 3932 1270 παράδει-

2350 1307 2438 1346 σον
2465 1287 2618 1354 αὖθις
2645 1291 2997 1354 ἐπανάξευξιν
3021 1291 3258 1362 ἐχαρίσω
3278 1305 3294 1320 ⁸
3320 1292 3413 1345 καὶ
3434 1290 3522 1345 διὰ
3547 1290 3654 1342 τοῦ
3678 1293 3932 1359 ἕχον-τος

2346 1382 2636 1446 ἐξουσίαν
2675 1382 2911 1451 ἀφιέναι
2947 1383 3233 1451 ἁμαρτίας
3270 1381 3336 1435 τὸ
3377 1385 3506 1437 καθ’
3533 1380 3701 1452 ἡμῶν
3733 1382 3930 1451 χειρό-

2347 1488 2576 1540 πκιφον
2605 1470 2960 1538 ἐξήλειψας·
2998 1471 3092 1524 καὶ
3119 1471 3206 1524 διὰ
3231 1469 3324 1523 τοῦ
3365 1471 3651 1544 συνθρόνου
3695 1470 3790 1523 καὶ
3829 1471 3934 1524 ἁν-

2349 1563 2667 1632 εκφοιτήτου
2713 1562 2810 1632 τῆς
2846 1561 2995 1624 θείας
3041 1579 3132 1614 σου
3178 1561 3390 1632 φύσεως
3426 1562 3524 1634 τὴν
3564 1561 3701 1632 πρὸς
3734 1561 3940 1617 σὲκατ-

2352 1653 2586 1724 αλλαγήν
2670 1653 2764 1705 καὶ
2810 1653 3174 1723 προσαγωγὴν
3222 1656 3281 1706 ἐν
3325 1653 3643 1725 πεποιθήσει
3695 1653 3934 1722 ἐφιλοτι-

2351 1745 2538 1814 μήσω·
2591 1745 2738 1807 ὅπως
2789 1745 2875 1798 διὰ
2927 1745 3184 1798 δεσπότου
3231 1745 3606 1809 ἀϐασιλεύτου,
3646 1746 3741 1798 καὶ
3788 1741 3933 1797 Θεοῦ

671 1841 841 1895 tionis
874 1851 1236 1907 accessusque
1264 1835 1480 1890 donasti
1518 1834 1798 1900 fiduciam;
1854 1842 1913 1888 ut
1941 1850 2038 1904 per
2064 1833 2244 1888 Domi-

2347 1835 2599 1906 ἀληθινοῦ
2630 1837 2724 1889 καὶ
2751 1836 3119 1902 ὲξουσιαστοῦ,
3149 1839 3177 1890 ὁ
3219 1837 3326 1890 τῶν
3353 1838 3620 1890 τοσούτων
3653 1839 3750 1890 καὶ
3778 1837 3935 1906 τηλι-

671 1947 847 1994 num,
903 1931 1108 1984 nullius
1163 1937 1540 1999 agnoscentem
1591 1925 1916 1996 imperium,
1969 1925 2245 1995 Deumque

670 2039 861 2079 verum
895 2038 957 2078 ac
979 2030 1280 2093 potentem;
1312 2028 1391 2076 tot
1421 2028 1804 2089 tantorumque
1835 2021 2102 2074 bonorum
2133 2023 2244 2074 vel-

673 2121 731 2169 ut
779 2114 1086 2184 subscripta
1126 2111 1358 2176 sanctio,
1391 2121 1538 2166 certa
1560 2121 1613 2164 et
1639 2110 1937 2165 indubitata
1961 2111 2106 2180 jura,
2137 2111 2244 2163 mi-

672 2206 1026 2262 sericordiam
1084 2205 1395 2260 consecutis
1441 2203 1759 2258 constituat.
1797 2202 1951 2267 Quod
1983 2213 2037 2255 et
2066 2205 2242 2273 ipsum

669 2299 799 2355 olim
846 2298 1301 2368 przcnuntiaverat
1343 2295 1603 2366 propheta
1645 2294 1836 2348 dicens
1879 2313 1892 2347 :
1947 2293 2067 2346 Non
2103 2294 2246 2364 lega-

671 2396 758 2442 tus
783 2427 797 2450 ,
835 2403 939 2440 non
970 2386 1222 2457 angelus;
1253 2384 1344 2438 sed
1402 2384 1510 2451 ipse
1542 2382 1796 2436 Dominus
1841 2383 2064 2437 salvavit
2113 2402 2198 2439 eos
2224 2401 2242 2437 :

670 2492 943 2549 propterea
978 2477 1117 2548 quod
1144 2486 1346 2531 amaret
1377 2492 1486 2540 eos,
1509 2483 1556 2528 et
1590 2484 1824 2543 parceret
1861 2476 1988 2543 ipsis
2015 2487 2094 2530 :et
2120 2495 2240 2532 sus-

672 2571 806 2636 cepit
854 2578 902 2622 et
932 2569 1188 2622 exultavit
1219 2583 1304 2620 eos
1338 2567 1403 2620 °’.
1444 2564 1620 2634 Atque
1660 2565 1772 2619 haec
1793 2566 1997 2630 omnia,
2028 2583 2131 2620 non
2178 2583 2243 2622 ex

673 2659 915 2729 operibus
951 2676 1068 2728 qua:
1113 2658 1387 2727 fecerimus
1447 2657 1550 2727 ipsi
1599 2659 1651 2710 in
1703 2658 1942 2722 iustitia;
1991 2665 2083 2712 aut
2116 2661 2242 2728 quia

672 2762 726 2809 te
753 2752 1106 2806 dilexerimus
1133 2751 1177 2782 ⁷ο
1207 2750 1437 2819 (primus
1475 2748 1619 2802 enim
1659 2746 1748 2802 ille
1801 2762 2000 2817 parens
2058 2755 2245 2805 noster

673 2845 982 2917 terrigena,
1038 2859 1160 2898 cum
1214 2841 1452 2914 paradisi
1480 2839 1704 2895 delicias
1759 2839 2202 2910 domiciliumque
2227 2880 2241 2904 ,

675 2938 902 2994 honoris
948 2938 1301 3008 praerogativa
1337 2940 1689 2997 consecutus,
1716 2939 1870 2985 tuum
1930 2931 2060 2985 illud
2106 2933 2245 2986 divi-

675 3045 805 3085 num
835 3030 1127 3100 sprevisset
1168 3043 1232 3083 ac
1279 3028 1518 3083 salutare
1572 3031 1896 3094 prmceptum
1924 3062 1938 3086 ,
1988 3021 2244 3092 indignus

674 3123 822 3179 vitali
851 3123 944 3176 illo
973 3123 1094 3176 loco
1115 3122 1395 3190 judicatus
1423 3127 1506 3174 est
1531 3135 1545 3184 ;
1582 3131 1847 3185 suumque
1872 3129 2036 3169 omne
2059 3129 2245 3169 semen

2348 1927 2555 1980 κούτων
2598 1928 2815 1994 ἀγαθῶν
2861 1928 3054 1996 δεσμὸς
3099 1930 3544 1999 ὑπογραφόμενος
3586 1928 3937 1999 ἀναμφίϐολα

2345 2020 2454 2082 τοῖς
2493 2019 2829 2088 ὲλεουμένοις
2871 2020 3189 2092 καταστήσῃ
3234 2021 3330 2090 τῆς
3367 2021 3584 2090 χάριτος
3622 2021 3691 2073 τὰ
3727 2021 3931 2073 δίκαια.

2345 2111 2480 2181 Περὶ
2512 2113 2631 2163 ὅτου
2683 2111 2777 2164 καὶ
2823 2113 2850 2164 ὁ
2903 2112 3187 2182 προφήτης
3229 2115 3574 2182 προεμήνυσε
3615 2112 3820 2181 λέγων’
3848 2113 3936 2164 Οὐ

2346 2205 2630 2271 πρέσϐυς,
2663 2208 2773 2259 οὐκ
2797 2205 3070 2274 ἄγγελος,
3099 2206 3236 2258 ἀλλ’
3266 2206 3447 2271 αὐτὸς
3476 2209 3510 2259 ὁ
3544 2207 3762 2273 Κύριος
3783 2207 3938 2260 ἐσω-

2345 2314 2457 2351 σεν
2495 2298 2735 2364 αὐτοὺς,
2771 2297 2929 2365 παρὰ
2976 2297 3040 2350 τὸ
3086 2296 3324 2365 ἀγαπᾷν
3353 2297 3597 2364 αὐτοὺς,
3649 2298 3753 2351 καί
3805 2298 3936 2366 φεί-

2345 2388 2551 2444 δεσθαι
2588 2388 2804 2442 αὐτῶν.
2841 2389 2938 2441 καί
2967 2388 3239 2452 ἀνέλαϐε,
3273 2388 3368 2442 καί
3407 2390 3656 2458 ὕψωσεν
3681 2391 3932 2454 αὐτούς.

2345 2481 2453 2533 Καὶ
2480 2479 2654 2532 ταῦτα
2687 2479 2862 2531 πάντα
2903 2481 3015 2533 οὐκ
3043 2479 3113 2544 ἐξ
3156 2480 3343 2548 ἔργον
3386 2480 3552 2550 ἡμῶν
3579 2479 3698 2533 τῶν
3736 2481 3810 2533 ἐν
3847 2480 3938 2533 δι-

2345 2573 2659 2638 καιοσύνῃ,
2685 2571 2793 2623 οὐδ’
2817 2573 2898 2624 ὅτι
2923 2573 3083 2641 ἡμεῖς
3117 2588 3174 2623 σε
3211 2573 3576 2642 ἠγαπήσαμεν
3609 2570 3658 2641 (ὁ
3690 2572 3802 2640 γὰρ
3834 2587 3938 2641 γη-

2344 2664 2506 2733 γενὴς
2539 2661 2693 2732 ἡμῶν
2728 2662 3026 2731 προπάτωρ
3069 2662 3162 2713 καὶ
3205 2661 3306 2730 τὴν
3344 2663 3403 2712 ὲν
3452 2660 3767 2732 παραδείσῳ
3800 2677 3938 2733 τρυ-

2346 2754 2451 2822 φὴν
2481 2754 2574 2804 καὶ
2607 2751 2880 2820 διαγωγὴν
2917 2748 3184 2818 τιμηθεὶς,
3207 2749 3305 2818 τὴν
3338 2748 3487 2801 θείαν
3526 2748 3619 2801 καὶ
3661 2750 3934 2821 σωτήριόν

2347 2861 2438 2896 σου
2470 2841 2805 2911 ἐκφαυλίσας
2840 2841 3080 2910 ἐντολὴν,
3125 2840 3454 2908 ἀποδὸκιμος
3500 2838 3714 2909 ζωηροῦ
3751 2840 3936 2910 χώρου

2344 2934 2559 3005 ἐκρίθη,
2594 2934 2688 2986 καὶ
2730 2931 2791 2986 τὸ
2829 2931 2937 2985 πᾶν
2965 2929 3128 2984 αὐτοῦ
3165 2930 3384 3000 σπέρμα
3416 2929 3762 2983 ἀκιδνότατον
3799 2947 3936 2983 κατ-

2345 3023 2558 3096 έστησε,
2594 3026 2709 3088 τοῖς
2747 3023 2921 3086 νόθοις
2967 3021 3303 3095 μοσχεύμασι
3347 3021 3444 3092 τῆς
3491 3021 3766 3091 ἁμαρτίας
3791 3039 3934 3092 συμ-

2346 3117 2638 3188 φυράσας),
2679 3116 2817 3170 ἀλλά
2861 3116 2927 3168 δι’
2953 3115 3141 3169 ἑαυτὸν
3181 3115 3277 3167 καὶ
3314 3113 3413 3184 τὴν
3446 3114 3574 3183 περὶ
3610 3113 3670 3167 τὺ
3703 3114 3933 3185 πλάσμα

676 3215 881 3285 spuriis
913 3213 1119 3283 peccati
1148 3211 1454 3266 stolonibus
1474 3208 1855 3266 commiscens.
1887 3206 1942 3260 in
1973 3220 2238 3261 summam

2346 3230 2436 3267 σου
2462 3215 2666 3282 ἄφατον
2697 3211 2939 3284 ἀγάπην,
2971 3209 3345 3283 ἐκραταίωσας
3375 3209 3460 3278 ἐφ’
3487 3211 3635 3281 ἡμᾶς
3670 3211 3734 3264 τὸ
3783 3211 3934 3272 ἔλεός

678 3305 1013 3362 debilitatem
1073 3301 1294 3373 adegit),
1330 3301 1424 3357 sed
1456 3301 1571 3371 ipse
1601 3306 1820 3369 propter
1854 3297 2198 3366 temetipsum
2227 3336 2242 3361 ,

675 3396 1139 3466 inenarrabilique
1169 3394 1260 3448 illa
1303 3401 1395 3448 tua
1427 3407 1554 3463 erga
1592 3392 1904 3461 ﬁgmentum
1934 3389 2241 3452 dilectione,

671 3488 1104 3553 misericordiam
1140 3487 1195 3544 in
1227 3501 1328 3541 nos
1373 3495 1539 3548 tuam,
1569 3483 1812 3546 Domine,
1845 3481 2244 3546 corroborasti;

673 3599 1026 3657 nostramque
1090 3586 1187 3641 abs
1236 3594 1288 3640 te
1347 3577 1742 3655 separationem
1794 3574 2020 3636 dolens,
2081 3572 2244 3626 etiam

673 3682 791 3751 ipse
819 3689 892 3740 te.
926 3674 1089 3747 super
1116 3687 1301 3731 nostra
1327 3677 1696 3745 corruptione,
1730 3673 1788 3722 ut
1811 3663 1966 3720 dares
1998 3665 2051 3716 in
2087 3663 2244 3715 mise-

672 3771 934 3830 ricordias
968 3771 1036 3831 '“,
1059 3769 1286 3839 placaSti
1317 3774 1370 3821 et
1397 3766 1669 3821 inﬁexisti.
1699 3765 1837 3820 Hinc
1864 3774 1964 3820 nos
1989 3755 2247 3827 deinceps

671 3866 802 3920 Adae
827 3861 1043 3916 soboles
1076 3858 1211 3913 festa
1244 3857 1441 3928 plausu
1476 3856 1708 3926 agimus,
1735 3857 1878 3925 quod
1915 3856 2126 3925 primus
2157 3851 2245 3908 ille

674 3957 804 4011 Adae
833 3954 1010 4017 ﬁctor,
1054 3966 1151 4007 sua
1206 3950 1322 4019 ipse
1357 3956 1567 4018 sponte,
1598 3964 1773 4002 novus
1824 3948 1992 4002 Adam
2023 3946 2245 4001 eﬁ‘ectus

676 4048 748 4103 sit
783 4068 794 4102 :
828 4046 1192 4116 splendorque
1224 4039 1434 4094 Domini
1463 4037 1556 4094 Dei
1587 4039 1760 4093 nostri
1806 4038 2092 4093 nobiscum
2122 4051 2244 4090 ver-

675 4147 828 4198 satus
859 4138 1061 4201 est“‘;
1089 4143 1144 4189 ut
1175 4133 1341 4188 Deum
1367 4131 1506 4187 facie
1531 4131 1596 4187 ad
1621 4132 1812 4186 faciem
1843 4130 2161 4189 viderimus,
2192 4134 2246 4180 et

674 4232 811 4287 salvi
865 4230 992 4284 iacti
1053 4228 1246 4281 simus.
1301 4224 1696 4291 Quamobrem,
1747 4221 2128 4285 Domine,ate
2161 4218 2245 4272 di-

675 4318 1168 4390 mittiquzeroNidi
1187 4317 1439 4372 Salutare
1468 4326 1620 4370 tuum
1652 4335 1664 4370 :
1692 4314 1945 4370 absolvar
1973 4326 2100 4382 ergo
2129 4325 2246 4364 cur-

2349 3319 2462 3367 σου,
2493 3303 2686 3374 Κύριε,
2717 3300 3163 3372 κατῳκτείρησάς
3193 3317 3252 3352 τε
3293 3299 3393 3370 τὴν
3411 3301 3711 3372 ἀπαγωγὴν
3741 3302 3927 3372 ήμῶν,

2347 3394 2437 3446 καὶ⁵
2459 3393 2645 3446 ἑαυτὸν
2672 3391 3024 3463 ὲδυσώπησας
3057 3391 3150 3443 ἐπὶ
3178 3392 3243 3460 τῇ
3272 3388 3589 3461 καταφθορᾷ
3609 3391 3765 3461 ήμιῖιν
3793 3391 3933 3463 (σε),

2346 3483 2452 3537 τοῦ
2473 3482 2679 3537 δοῦναι
2698 3481 2856 3552 ἡμᾶς
2870 3486 2956 3548 εὶς
2977 3481 3363 3550 οἱκτειρμούς.
3395 3479 3555 3533 Ὅθεν
3585 3481 3770 3553 ἑορταὶ.
3799 3484 3937 3552 ἡμῖν

2346 3575 2527 3630 λοιπὸν
2575 3575 3033 3646 συγκεκρότηνται
3078 3575 3190 3634 τοῖς
3233 3571 3581 3642 Ἀδαμιαίοις,
3627 3573 3710 3625 ὅτι
3733 3576 3764 3626 δ
3789 3573 3934 3627 πλα-

2349 3667 2607 3738 στουργὸς
2655 3666 2748 3719 τοῦ
2782 3666 2952 3736 Ἀδὰμ
2989 3664 3166 3717 ἑκοντὶ
3207 3664 3325 3726 νέος
3359 3662 3526 3734 ’Δδάμ
3574 3663 3797 3732 γέγονε·
3836 3666 3936 3718 καὶ

2348 3754 2379 3822 ἡ
2407 3753 2721 3823 λαμπρότης
2749 3753 2951 3823 Κυρίου
2985 3750 3076 3805 τοῦ
3106 3751 3240 3805 Θεοῦ
3265 3751 3420 3822 ήμῶν
3451 3751 3569 3821 μεθ’
3600 3753 3763 3823 ἡμῶν
3801 3771 3935 3806 κατ-

2345 3845 2579 3916 εγένετο,
2595 3844 2734 3898 ὥστε
2753 3846 2878 3899 ἰδεῖν
2890 3846 3020 3898 Θεὸν
3037 3844 3322 3913 πρόσωπον
3337 3843 3471 3911 πρὸς
3488 3844 3776 3915 πρόσωπον
3794 3845 3934 3916 (6'5),

2345 3945 2437 3994 καὶ
2485 3937 2740 4015 σωθῆναι.
2788 3936 3059 3998 Τοΰνεκα,
3098 3928 3144 3986 ὦ
3180 3932 3446 3998 Δέσποτα,
3492 3935 3590 4006 τὴν
3634 3936 3789 4007 παρὰ
3835 3936 3935 3991 σοῦ

2345 4035 2602 4089 ἀπόλυσιν
2633 4030 2891 4109 ἐπιζητῶ.
2924 4024 3076 4083 Εἶδον
3106 4027 3168 4079 τὸ
3199 4027 3461 4097 σωτήριόν
3506 4044 3598 4080 σου
3619 4046 3632 4059 ·
3673 4031 3934 4085 ἀπολυθῶ

2345 4127 2436 4180 τοῦ
2489 4129 2958 4198 γραμματοκύφου
3012 4118 3201 4197 ζυγοῦ,
3266 4113 3417 4172 Εἶδον
3475 4119 3696 4189 βασιλέα
3758 4123 3933 4176 ἀΐδιον

2346 4220 2438 4271 καὶ
2470 4220 2771 4290 ἀδιάδοχον·
2824 4219 3078 4273 ἀπολυθῶ
3132 4212 3227 4272 τοῦ
3273 4210 3518 4273 δουλικοῦ
3558 4213 3651 4266 καὶ
3697 4215 3931 4284 ἀχθοφό-

2347 4327 2440 4379 ρου
2483 4309 2683 4362 κλοιοῦ.
2715 4306 2867 4363 Εἶδον
2899 4312 3055 4379 φύσει
3092 4309 3364 4382 Δεσπότην
3393 4313 3486 4364 καὶ
3522 4301 3928 4377 ἐλευθερωτήν·

674 4430 744 4469 vo
773 4413 967 4466 litterae
1009 4411 1159 4481 jugo.
1195 4408 1318 4463 Vidi
1371 4409 1572 4479 Regem
1620 4409 2034 4476 sempiternum,
2069 4411 2123 4458 et
2155 4402 2242 4457 cui

2346 4402 2560 4472 τύχοιμι
2587 4402 2679 4456 τοῦ
2716 4402 3057 4474 ἐλευθερικοῦ
3088 4400 3253 4455 αὑτοῦ
3289 4401 3507 4474 δεσμοῦ.
3531 4405 3707 4457 Λῦσόν
3732 4423 3803 4474 με
3835 4400 3927 4460 τοῦ

675 4503 818 4566 alius
862 4516 970 4555 non
1023 4499 1280 4555 succedat
1308 4519 1322 4554 :
1360 4498 1608 4552 absolvar
1631 4497 1812 4553 servili
1839 4495 2029 4551 collari
2061 4494 2162 4547 hoc
2191 4499 2243 4546 et

2347 4491 2509 4560 ζυγοῦ
2545 4493 2642 4563 τῆς
2675 4491 3070 4564 κατακρίσεως,
3097 4493 3190 4545 καὶ
3222 4491 3515 4558 ὑπόζευξον
3545 4493 3624 4564 τῷ
3653 4495 3803 4566 ζυγῷ
3825 4497 3927 4566 τῆς

677 4595 1003 4666 ponderoso.
1052 4592 1174 4647 Vidi
1205 4599 1402 4646 natura
1428 4589 1715 4644 Dominum
1757 4597 1812 4644 et
1865 4591 2244 4651 liberatorem;

2346 4583 2698 4649 δικαιώσεως.
2735 4584 2907 4638 Λῦσόν
2927 4601 2992 4656 με
3011 4582 3104 4636 τοῦ
3127 4582 3289 4651 ζυγοῦ
3306 4585 3400 4654 τῆς
3418 4586 3556 4654 ἀρᾶς
3572 4587 3778 4640 καὶτοῦ
3799 4590 3931 4642 ἀπο-

675 4703 977 4757 consequar
1004 4701 1134 4756 ergo
1157 4684 1499 4740 liberationis
1534 4697 1667 4737 mea:
1689 4682 1757 4736 ab
1789 4682 1908 4751 ipso
1945 4680 2242 4735 decretum.

2353 4678 2654 4741 κτείνοντος
2679 4677 3000 4752 γράμματος
3016 4695 3030 4710 ’
3059 4677 3153 4730 καὶ
3173 4677 3373 4750 ἐνειρον
3387 4678 3466 4748 τῷ
3485 4677 3701 4751 ἀριθμῷ
3717 4680 3817 4751 τῆς
3833 4682 3926 4736 εὐ-

678 4778 841 4834 Solve
884 4795 968 4833 me
994 4820 1008 4842 ,
1062 4778 1323 4842 Domine,
1375 4776 1506 4845 jugo
1535 4773 2038 4850 condemnationis;
2073 4783 2126 4825 et
2156 4784 2243 4823 me

2348 4767 2530 4836 λογίας
2549 4768 2655 4821 τῶν
2683 4771 2760 4831 εἰς
2786 4767 3056 4820 υἱοθεσίαν
3082 4768 3498 4838 εἰσποιουμένων
3522 4772 3587 4839 τῇ
3617 4772 3801 4843 χάριτι
3831 4773 3925 4827 τοῦ

678 4870 851 4927 subde
879 4870 1011 4940 jugo
1065 4867 1491 4938 justiﬁeationis.
1528 4864 1686 4920 Solve
1715 4879 1800 4919 me
1840 4865 1974 4934 jugo
2025 4862 2243 4916 maledi-

2347 4858 2598 4931 ἀληθινοῦ
2615 4861 2707 4913 καὶ
2726 4858 2977 4930 δμοδόξου
2995 4859 3430 4929 καὶὸμοδυνάμου
3447 4860 3634 4913 τούτου
3655 4862 3789 4916 Υἱοῦ
3806 4881 3923 4921 σου.

676 4967 874 5022 ctionis
921 4981 984 5019 ac
1032 4963 1327 5020 occidentis
1358 4964 1546 5017 littera:
1577 4963 1658 5021 7';
1699 4975 1994 5031 eorumque
2015 4955 2378 5013 benedictioni
2403 4956 2578 5010 insere
2614 4969 2969 5024 accenseque,
2997 4954 3090 5023 qui
3127 4954 3207 5008 tui
3236 4953 3399 5023 hujus
3431 4954 3542 5009 veri
3564 4955 3922 5027 ejusdemque

675 5056 854 5112 tecum
887 5058 1070 5127 gloria:
1098 5066 1149 5111 et
1175 5055 1427 5126 potentia:
1459 5053 1576 5109 Filii
1607 5052 1802 5124 gratia,
1831 5053 1881 5106 in
1904 5053 1995 5121 jus
2021 5052 2253 5105 ﬁliorum
2277 5056 2402 5103 sunt
2431 5050 2677 5118 ascripti.

749 5147 839 5202 IX.
885 5147 1004 5202 Siut
1037 5164 1200 5219 porro
1229 5149 1362 5210 haec,
1396 5147 1608 5217 inquit,
1664 5146 2006 5201 celebrandis
2044 5145 2242 5199 divinis

2419 5141 2495 5193 6’.
2533 5143 2813 5195 Ἔστωσαν
2842 5141 2897 5194 δέ
2931 5158 3042 5212 μοι,
3076 5141 3238 5212 φησὶ,
3269 5141 3338 5195 τὰ
3382 5139 3500 5195 θεῖα
3531 5142 3923 5216 εὐχαριστήρια

678 5238 1019 5299 muneribus,
1053 5238 1372 5292 brevissime
1395 5237 1655 5292 hactenus
1683 5244 2124 5289 commemorata.
2161 5231 2244 5285 Ad

2353 5232 2487 5303 πρὸς
2508 5233 2567 5286 τὸ
2596 5233 2766 5305 παρὸν
2809 5233 2935 5302 ἀχρι
2972 5231 3079 5286 τῶν
3118 5230 3466 5303 βραχυτάτων
3490 5231 3712 5287 τούτων.
3759 5235 3827 5289 Τί
3865 5236 3921 5289 δὲ

750 5398 796 5430 ⁸⁵
835 5396 945 5451 Isa.
991 5414 1066 5459 Ix,
1105 5398 1170 5464 2;
1212 5413 1346 5460 χιιι,
1391 5399 1459 5463 7;
1500 5397 1625 5452 Luc.
1670 5413 1708 5460 ι,
1753 5397 1839 5452 79.
1916 5401 1960 5430 ⁵⁸
1995 5398 2145 5454 Psal.
2188 5414 2348 5460 xxxv,
2393 5399 2480 5452 10.

2589 5402 2633 5432 ⁸⁷
2671 5398 2843 5453 Marc.
2888 5413 2949 5459 ιι,
2992 5397 3079 5451 10.
3157 5397 3205 5430 ⁸⁸
3240 5396 3446 5454 Coloss.
3483 5398 3641 5463 ΠΛ.
3716 5398 3766 5432 ⁶’
3801 5399 3916 5459 ιω.

679 5482 852 5530 um,
893 5471 946 5523 9.
1022 5470 1068 5499 ⁷ο
1111 5461 1214 5522 Tit.
1260 5485 1356 5531 ιιι,
1396 5461 1453 5522 5.
1563 5471 1607 5502 ⁷⁸
1651 5469 1671 5523 ι
1707 5467 1867 5523 Joau.
1909 5485 1982 5535 Iv,
2020 5469 2104 5523 19.
2216 5471 2235 5500 ⁷

2346 5469 2472 5523 Dsal.
2512 5484 2597 5535 cv,
2629 5470 2699 5524 46
2808 5471 2854 5501 ⁷³
2892 5467 2937 5520 ll
2976 5467 3100 5522 Cor.
3141 5483 3236 5534 ιιι,
3279 5469 3331 5523 6.
3550 5461 3556 5463 '
3613 5461 3622 5480 ⁸

2216 5471 2280 5502 τι·
2321 5469 2472 5523 Psal.
2512 5484 2597 5535 cv,
2629 5470 2699 5524 46
2808 5471 2854 5501 ⁷³
2892 5467 2937 5520 ll
2976 5467 3100 5522 Cor.
3141 5483 3236 5534 ιιι,
3279 5469 3331 5523 6.

749 5625 862 5695 (62)
909 5627 1031 5680 Ἐπὶ
1064 5627 1138 5695 τῇ
1176 5627 1513 5697 καταφθορᾷ
1544 5628 1728 5698 ἡμῶν.
1764 5628 2044 5698 Signiﬁcat
2074 5628 2243 5685 Deum
2350 5633 2503 5688 dunt.

679 5709 712 5777 ιι
736 5711 796 5749 se
817 5706 1052 5777 motum,
1104 5700 1216 5777 s_ola
1250 5715 1314 5777 ex
1359 5701 1514 5753 nobis
1548 5697 1755 5777 objecta
1786 5697 2024 5777 miseria,
2058 5709 2116 5777 ut
2144 5718 2244 5756 nos

2422 5702 2896 5777 (65)_Hpria_'wrror
2925 5697 3075 5777 1:de
3102 5700 3443 5777 πρόσωπον.
3479 5698 3692 5777 Nempe
3712 5699 3766 5753 in
3799 5715 3913 5777 ear.

679 5765 825 5845 duret
860 5767 914 5845 in
958 5768 1366 5845 misericordias,
1396 5765 1796 5845 reconciliatos
1837 5771 1888 5821 in
1926 5786 2034 5845 suo
2067 5770 2243 5834 Filio;
2354 5765 2441 5837 ne,
2471 5765 2562 5845 κάι
2590 5765 2852 5845 σωθῆναι,
2875 5779 2923 5823 et
2934 5768 3076 5845 falari
3099 5765 3452 5845 [acti_simus,_
3467 5765 3803 5845 apparitione
3824 5772 3911 5825 illa

683 5835 829 5902 quod
859 5836 1248 5894 incarnationis
1280 5838 1540 5894 motivum
1569 5839 1799 5911 theologi
1830 5841 2016 5894 multis
2045 5856 2242 5909 expcn-
2348 5851 2402 5897 et
2430 5835 2737 5908 ell'uigenlia
2763 5840 3063 5911 splendoris
3085 5835 3252 5894 divini
3277 5841 3332 5894 in
3361 5835 3512 5894 nube
3534 5835 3907 5898 humanitatis.
