  <div class='ocr_page' id='page_1' title='image "/cluster/home/n/w/nwhite01/storage/ocr_20150623/18/pst.000005712038/192.png"; bbox 0 0 4028 6318; ppageno 0'>
   <div class='ocr_carea' id='block_1_1' title="bbox 116 396 1677 463">
    <p class='ocr_par' dir='ltr' id='par_1_1' title="bbox 116 396 1677 463">
     <span class='ocr_line' id='line_1_1' title="bbox 116 396 1677 463; baseline -0.007 0"><span class='ocrx_word' id='word_1_1' title='bbox 116 402 199 463; x_wconf 61' lang='grc' dir='ltr'>π</span> <span class='ocrx_word' id='word_1_2' title='bbox 1184 398 1417 456; x_wconf 70' lang='lat' dir='ltr'><strong>SERMO</strong></span> <span class='ocrx_word' id='word_1_3' title='bbox 1459 397 1544 453; x_wconf 85' lang='lat' dir='ltr'><strong>DE</strong></span> <span class='ocrx_word' id='word_1_4' title='bbox 1584 396 1677 453; x_wconf 77' lang='lat' dir='ltr'><strong>Sll</strong></span> 
     </span>
    </p>
   </div>
   <div class='ocr_carea' id='block_1_2' title="bbox 1777 396 2256 463">
    <p class='ocr_par' dir='ltr' id='par_1_2' title="bbox 1777 396 2256 453">
     <span class='ocr_line' id='line_1_2' title="bbox 1777 396 2256 453; baseline 0.006 -3"><span class='ocrx_word' id='word_1_5' title='bbox 1777 396 1883 452; x_wconf 59' lang='grc' dir='ltr'><strong>’ΝΕ</strong></span> <span class='ocrx_word' id='word_1_6' title='bbox 1921 397 2007 453; x_wconf 79' lang='grc' dir='ltr'><strong>ΕΤ</strong></span> <span class='ocrx_word' id='word_1_7' title='bbox 2046 397 2256 453; x_wconf 77' lang='grc' dir='ltr'>ΔΝΝΛ.</span> 
     </span>
    </p>
   </div>
   <div class='ocr_carea' id='block_1_3' title="bbox 3214 400 3319 456">
    <p class='ocr_par' dir='ltr' id='par_1_3' title="bbox 3214 400 3319 456">
     <span class='ocr_line' id='line_1_3' title="bbox 3214 400 3319 456; baseline 0.01 -2"><span class='ocrx_word' id='word_1_8' title='bbox 3214 400 3319 456; x_wconf 79' lang='lat'><strong>570</strong></span> 
     </span>
    </p>
   </div>
   <div class='ocr_carea' id='block_1_4' title="bbox 114 511 1677 592">
    <p class='ocr_par' dir='ltr' id='par_1_4' title="bbox 114 512 1666 592">
     <span class='ocr_line' id='line_1_4' title="bbox 114 512 1666 592; baseline -0.004 -19"><span class='ocrx_word' id='word_1_9' title='bbox 114 521 226 592; x_wconf 70' lang='grc' dir='ltr'>πρὸς</span> <span class='ocrx_word' id='word_1_10' title='bbox 251 518 306 572; x_wconf 73' lang='grc' dir='ltr'><strong>σὲ</strong></span> <span class='ocrx_word' id='word_1_11' title='bbox 334 515 670 589; x_wconf 73' lang='grc' dir='ltr'><strong>φθέγξομαι,</strong></span> <span class='ocrx_word' id='word_1_12' title='bbox 702 512 750 573; x_wconf 77' lang='grc' dir='ltr'><strong>ὦ</strong></span> <span class='ocrx_word' id='word_1_13' title='bbox 779 519 970 591; x_wconf 82' lang='grc' dir='ltr'>Μῆτερ</span> <span class='ocrx_word' id='word_1_14' title='bbox 1013 517 1274 589; x_wconf 82' lang='grc' dir='ltr'>Παρθένε,</span> <span class='ocrx_word' id='word_1_15' title='bbox 1308 517 1400 570; x_wconf 71' lang='grc' dir='ltr'><strong>καὶ</strong></span> <span class='ocrx_word' id='word_1_16' title='bbox 1427 515 1666 587; x_wconf 84' lang='grc' dir='ltr'>Παρθένε</span> 
     </span>
    </p>
   </div>
   <div class='ocr_carea' id='block_1_5' title="bbox 1777 511 3322 592">
    <p class='ocr_par' dir='ltr' id='par_1_5' title="bbox 1777 511 3322 587">
     <span class='ocr_line' id='line_1_5' title="bbox 1777 511 3322 587; baseline 0.001 -16"><span class='ocrx_word' id='word_1_17' title='bbox 1777 523 1821 571; x_wconf 79' lang='lat' dir='ltr'><strong>te</strong></span> <span class='ocrx_word' id='word_1_18' title='bbox 1848 530 1977 570; x_wconf 83' lang='lat' dir='ltr'><strong>vero</strong></span> <span class='ocrx_word' id='word_1_19' title='bbox 2003 516 2131 585; x_wconf 88' lang='lat' dir='ltr'><strong>quid</strong></span> <span class='ocrx_word' id='word_1_20' title='bbox 2155 514 2351 579; x_wconf 87' lang='lat' dir='ltr'><strong>dicam,</strong></span> <span class='ocrx_word' id='word_1_21' title='bbox 2376 528 2409 569; x_wconf 94' lang='lat' dir='ltr'><strong>o</strong></span> <span class='ocrx_word' id='word_1_22' title='bbox 2443 512 2608 569; x_wconf 74' lang='lat' dir='ltr'><strong>Mater</strong></span> <span class='ocrx_word' id='word_1_23' title='bbox 2623 511 2807 585; x_wconf 75' lang='lat' dir='ltr'><strong>Virgo,</strong></span> <span class='ocrx_word' id='word_1_24' title='bbox 2842 522 2896 570; x_wconf 86' lang='lat' dir='ltr'><strong>et</strong></span> <span class='ocrx_word' id='word_1_25' title='bbox 2926 512 3089 587; x_wconf 82' lang='lat' dir='ltr'><strong>Virgo</strong></span> <span class='ocrx_word' id='word_1_26' title='bbox 3120 514 3322 572; x_wconf 71' lang='lat' dir='ltr'><strong>Mater?</strong></span> 
     </span>
    </p>
   </div>
   <div class='ocr_carea' id='block_1_6' title="bbox 112 600 1667 679">
    <p class='ocr_par' dir='ltr' id='par_1_6' title="bbox 112 600 1667 679">
     <span class='ocr_line' id='line_1_6' title="bbox 112 600 1667 679; baseline -0.003 -16"><span class='ocrx_word' id='word_1_27' title='bbox 112 600 296 679; x_wconf 61' lang='grc' dir='ltr'>Ιῆτεμ</span> <span class='ocrx_word' id='word_1_28' title='bbox 324 603 392 678; x_wconf 83' lang='grc' dir='ltr'>ἦς</span> <span class='ocrx_word' id='word_1_29' title='bbox 416 606 527 676; x_wconf 79' lang='grc' dir='ltr'><strong>γὰρ</strong></span> <span class='ocrx_word' id='word_1_30' title='bbox 554 606 620 659; x_wconf 79' lang='grc' dir='ltr'>τὸ</span> <span class='ocrx_word' id='word_1_31' title='bbox 650 606 817 679; x_wconf 69' lang='grc' dir='ltr'>ἔργρν</span> <span class='ocrx_word' id='word_1_32' title='bbox 840 608 938 660; x_wconf 80' lang='grc' dir='ltr'><strong>οὐκ</strong></span> <span class='ocrx_word' id='word_1_33' title='bbox 968 605 1321 678; x_wconf 77' lang='grc' dir='ltr'>ἀνθρώπινον,</span> <span class='ocrx_word' id='word_1_34' title='bbox 1351 605 1548 676; x_wconf 78' lang='grc' dir='ltr'><strong>ταύτης</strong></span> <span class='ocrx_word' id='word_1_35' title='bbox 1577 607 1667 659; x_wconf 76' lang='grc' dir='ltr'><strong>καὶ</strong></span> 
     </span>
    </p>
   </div>
   <div class='ocr_carea' id='block_1_7' title="bbox 110 696 1670 771">
    <p class='ocr_par' dir='ltr' id='par_1_7' title="bbox 110 696 1670 771">
     <span class='ocr_line' id='line_1_7' title="bbox 110 696 1670 771; baseline -0.004 -16"><span class='ocrx_word' id='word_1_36' title='bbox 110 703 341 762; x_wconf 54' lang='lat' dir='ltr'><strong>“nunc</strong></span> <span class='ocrx_word' id='word_1_37' title='bbox 364 699 507 768; x_wconf 72' lang='grc' dir='ltr'>ὑπὲρ</span> <span class='ocrx_word' id='word_1_38' title='bbox 538 698 860 771; x_wconf 76' lang='grc' dir='ltr'>ἄνθρωπον,</span> <span class='ocrx_word' id='word_1_39' title='bbox 901 697 991 750; x_wconf 85' lang='grc' dir='ltr'><strong>Διὸ</strong></span> <span class='ocrx_word' id='word_1_40' title='bbox 1030 698 1131 767; x_wconf 85' lang='grc' dir='ltr'>τῆς</span> <span class='ocrx_word' id='word_1_41' title='bbox 1173 696 1401 767; x_wconf 82' lang='grc' dir='ltr'>ἀπορίας</span> <span class='ocrx_word' id='word_1_42' title='bbox 1436 696 1495 749; x_wconf 83' lang='grc' dir='ltr'>τὸ</span> <span class='ocrx_word' id='word_1_43' title='bbox 1542 711 1670 747; x_wconf 82' lang='grc' dir='ltr'>σκυ-</span> 
     </span>
    </p>
   </div>
   <div class='ocr_carea' id='block_1_8' title="bbox 110 788 1669 866">
    <p class='ocr_par' dir='ltr' id='par_1_8' title="bbox 110 788 1669 866">
     <span class='ocr_line' id='line_1_8' title="bbox 110 788 1669 866; baseline -0.003 -20"><span class='ocrx_word' id='word_1_44' title='bbox 110 792 296 866; x_wconf 68' lang='grc' dir='ltr'>Θρωπδν</span> <span class='ocrx_word' id='word_1_45' title='bbox 336 792 402 843; x_wconf 70' lang='grc' dir='ltr'><strong>ὲκ</strong></span> <span class='ocrx_word' id='word_1_46' title='bbox 448 789 565 843; x_wconf 79' lang='grc' dir='ltr'><strong>τῶν</strong></span> <span class='ocrx_word' id='word_1_47' title='bbox 602 790 708 844; x_wconf 80' lang='grc' dir='ltr'>τοῦ</span> <span class='ocrx_word' id='word_1_48' title='bbox 748 791 1060 860; x_wconf 84' lang='grc' dir='ltr'>Πνεύματος</span> <span class='ocrx_word' id='word_1_49' title='bbox 1101 789 1229 859; x_wconf 81' lang='grc' dir='ltr'>περὶ</span> <span class='ocrx_word' id='word_1_50' title='bbox 1279 788 1340 841; x_wconf 82' lang='grc' dir='ltr'>σὲ</span> <span class='ocrx_word' id='word_1_51' title='bbox 1393 788 1669 859; x_wconf 85' lang='grc' dir='ltr'>καταλαμ-</span> 
     </span>
    </p>
   </div>
   <div class='ocr_carea' id='block_1_9' title="bbox 111 877 1670 954">
    <p class='ocr_par' dir='ltr' id='par_1_9' title="bbox 111 877 1670 954">
     <span class='ocr_line' id='line_1_9' title="bbox 111 877 1670 954; baseline -0.004 -18"><span class='ocrx_word' id='word_1_52' title='bbox 111 881 272 954; x_wconf 77' lang='grc' dir='ltr'>πρυνῶ</span> <span class='ocrx_word' id='word_1_53' title='bbox 291 880 487 954; x_wconf 71' lang='grc' dir='ltr'>γερῶν,</span> <span class='ocrx_word' id='word_1_54' title='bbox 523 881 627 934; x_wconf 77' lang='grc' dir='ltr'><strong>καὶ</strong></span> <span class='ocrx_word' id='word_1_55' title='bbox 672 880 745 935; x_wconf 80' lang='grc' dir='ltr'>τὰ</span> <span class='ocrx_word' id='word_1_56' title='bbox 782 880 849 933; x_wconf 85' lang='grc' dir='ltr'><strong>σά</strong></span> <span class='ocrx_word' id='word_1_57' title='bbox 893 896 973 932; x_wconf 90' lang='grc' dir='ltr'><strong>σοι</strong></span> <span class='ocrx_word' id='word_1_58' title='bbox 1016 877 1415 949; x_wconf 81' lang='grc' dir='ltr'>προσκομίζων,</span> <span class='ocrx_word' id='word_1_59' title='bbox 1461 878 1525 931; x_wconf 77' lang='grc' dir='ltr'>ἐκ</span> <span class='ocrx_word' id='word_1_60' title='bbox 1564 877 1670 931; x_wconf 84' lang='grc' dir='ltr'>λει-</span> 
     </span>
    </p>
   </div>
   <div class='ocr_carea' id='block_1_10' title="bbox 116 969 1670 1046">
    <p class='ocr_par' dir='ltr' id='par_1_10' title="bbox 116 969 1670 1046">
     <span class='ocr_line' id='line_1_10' title="bbox 116 969 1670 1046; baseline -0.003 -19"><span class='ocrx_word' id='word_1_61' title='bbox 116 974 281 1046; x_wconf 78' lang='grc' dir='ltr'>μώνων</span> <span class='ocrx_word' id='word_1_62' title='bbox 330 973 628 1027; x_wconf 75' lang='grc' dir='ltr'><strong>ἀθανάτων</strong></span> <span class='ocrx_word' id='word_1_63' title='bbox 667 973 769 1044; x_wconf 82' lang='grc' dir='ltr'><strong>τὴν</strong></span> <span class='ocrx_word' id='word_1_64' title='bbox 814 973 959 1044; x_wconf 75' lang='grc' dir='ltr'>ἱεράν</span> <span class='ocrx_word' id='word_1_65' title='bbox 1002 989 1095 1025; x_wconf 86' lang='grc' dir='ltr'><strong>σου</strong></span> <span class='ocrx_word' id='word_1_66' title='bbox 1140 971 1233 1024; x_wconf 77' lang='grc' dir='ltr'><strong>καὶ</strong></span> <span class='ocrx_word' id='word_1_67' title='bbox 1270 969 1531 1040; x_wconf 77' lang='grc' dir='ltr'>θεοστεφῆ</span> <span class='ocrx_word' id='word_1_68' title='bbox 1578 972 1670 1024; x_wconf 88' lang='grc' dir='ltr'>ἀν-</span> 
     </span>
    </p>
   </div>
   <div class='ocr_carea' id='block_1_11' title="bbox 113 1059 1671 1134">
    <p class='ocr_par' dir='ltr' id='par_1_11' title="bbox 113 1059 1671 1134">
     <span class='ocr_line' id='line_1_11' title="bbox 113 1059 1671 1134; baseline 0.01 -22"><span class='ocrx_word' id='word_1_69' title='bbox 113 1064 308 1133; x_wconf 77' lang='grc' dir='ltr'>υμνήσω</span> <span class='ocrx_word' id='word_1_70' title='bbox 359 1062 561 1134; x_wconf 75' lang='grc' dir='ltr'>χάραν.</span> <span class='ocrx_word' id='word_1_71' title='bbox 624 1062 919 1132; x_wconf 82' lang='grc' dir='ltr'>Πατρικοϊς</span> <span class='ocrx_word' id='word_1_72' title='bbox 971 1076 1029 1113; x_wconf 71' lang='grc' dir='ltr'><strong>σε</strong></span> <span class='ocrx_word' id='word_1_73' title='bbox 1079 1059 1266 1131; x_wconf 78' lang='grc' dir='ltr'><strong>ὕμνοις</strong></span> <span class='ocrx_word' id='word_1_74' title='bbox 1305 1059 1671 1131; x_wconf 75' lang='grc' dir='ltr'>προσφθέγξα-</span> 
     </span>
    </p>
   </div>
   <div class='ocr_carea' id='block_1_12' title="bbox 114 1150 1668 1225">
    <p class='ocr_par' dir='ltr' id='par_1_12' title="bbox 114 1150 1668 1225">
     <span class='ocr_line' id='line_1_12' title="bbox 114 1150 1668 1225; baseline 0 -21"><span class='ocrx_word' id='word_1_75' title='bbox 114 1170 215 1222; x_wconf 77' lang='grc' dir='ltr'>μαι,</span> <span class='ocrx_word' id='word_1_76' title='bbox 242 1152 472 1224; x_wconf 78' lang='grc' dir='ltr'>Θύγατερ</span> <span class='ocrx_word' id='word_1_77' title='bbox 494 1152 692 1215; x_wconf 74' lang='grc' dir='ltr'>Δαϐὶδ,</span> <span class='ocrx_word' id='word_1_78' title='bbox 721 1152 814 1206; x_wconf 75' lang='grc' dir='ltr'><strong>καὶ</strong></span> <span class='ocrx_word' id='word_1_79' title='bbox 851 1151 1023 1225; x_wconf 84' lang='grc' dir='ltr'>μῆτερ</span> <span class='ocrx_word' id='word_1_80' title='bbox 1049 1150 1139 1203; x_wconf 79' lang='grc' dir='ltr'>τοῦ</span> <span class='ocrx_word' id='word_1_81' title='bbox 1172 1151 1377 1224; x_wconf 83' lang='grc' dir='ltr'>Κυρίου</span> <span class='ocrx_word' id='word_1_82' title='bbox 1413 1151 1505 1203; x_wconf 80' lang='grc' dir='ltr'><strong>καὶ</strong></span> <span class='ocrx_word' id='word_1_83' title='bbox 1535 1151 1668 1204; x_wconf 80' lang='grc' dir='ltr'>Θεοῦ</span> 
     </span>
    </p>
   </div>
   <div class='ocr_carea' id='block_1_13' title="bbox 114 1240 1672 1315">
    <p class='ocr_par' dir='ltr' id='par_1_13' title="bbox 114 1240 1672 1315">
     <span class='ocr_line' id='line_1_13' title="bbox 114 1240 1672 1315; baseline -0.003 -17"><span class='ocrx_word' id='word_1_84' title='bbox 114 1242 266 1298; x_wconf 74' lang='grc' dir='ltr'>Διϐεδ.</span> <span class='ocrx_word' id='word_1_85' title='bbox 301 1245 536 1315; x_wconf 78' lang='grc' dir='ltr'>Δίσχρδν</span> <span class='ocrx_word' id='word_1_86' title='bbox 567 1244 684 1314; x_wconf 78' lang='grc' dir='ltr'>γὰρ</span> <span class='ocrx_word' id='word_1_87' title='bbox 720 1244 837 1313; x_wconf 76' lang='grc' dir='ltr'>ἅμα</span> <span class='ocrx_word' id='word_1_88' title='bbox 875 1243 970 1296; x_wconf 78' lang='grc' dir='ltr'>καὶ</span> <span class='ocrx_word' id='word_1_89' title='bbox 1018 1240 1326 1311; x_wconf 82' lang='grc' dir='ltr'>ἀνεύφημον</span> <span class='ocrx_word' id='word_1_90' title='bbox 1375 1241 1672 1311; x_wconf 79' lang='grc' dir='ltr'><strong>ἀλλοτρίοις</strong></span> 
     </span>
    </p>
   </div>
   <div class='ocr_carea' id='block_1_14' title="bbox 115 1332 1669 1406">
    <p class='ocr_par' dir='ltr' id='par_1_14' title="bbox 115 1332 1669 1406">
     <span class='ocr_line' id='line_1_14' title="bbox 115 1332 1669 1406; baseline -0.003 -19"><span class='ocrx_word' id='word_1_91' title='bbox 115 1335 307 1406; x_wconf 62' lang='grc' dir='ltr'>κόσμοις</span> <span class='ocrx_word' id='word_1_92' title='bbox 334 1336 619 1406; x_wconf 80' lang='grc' dir='ltr'>κοσμῆσαι</span> <span class='ocrx_word' id='word_1_93' title='bbox 657 1334 757 1405; x_wconf 79' lang='grc' dir='ltr'>τὴν</span> <span class='ocrx_word' id='word_1_94' title='bbox 800 1337 863 1405; x_wconf 77' lang='grc' dir='ltr'><strong>τῇ</strong></span> <span class='ocrx_word' id='word_1_95' title='bbox 905 1334 1080 1405; x_wconf 76' lang='grc' dir='ltr'>οίκείᾳ</span> <span class='ocrx_word' id='word_1_96' title='bbox 1124 1332 1250 1406; x_wconf 78' lang='grc' dir='ltr'><strong>δόξῃ</strong></span> <span class='ocrx_word' id='word_1_97' title='bbox 1292 1332 1669 1405; x_wconf 76' lang='grc' dir='ltr'>διαφέρουσαν.</span> 
     </span>
    </p>
   </div>
   <div class='ocr_carea' id='block_1_15' title="bbox 118 1424 1673 1496">
    <p class='ocr_par' dir='ltr' id='par_1_15' title="bbox 118 1424 1673 1496">
     <span class='ocr_line' id='line_1_15' title="bbox 118 1424 1673 1496; baseline -0.003 -18"><span class='ocrx_word' id='word_1_98' title='bbox 118 1427 254 1496; x_wconf 79' lang='grc' dir='ltr'>Δέχου</span> <span class='ocrx_word' id='word_1_99' title='bbox 278 1426 473 1491; x_wconf 72' lang='grc' dir='ltr'>τοίνυν,</span> <span class='ocrx_word' id='word_1_100' title='bbox 503 1425 899 1496; x_wconf 78' lang='grc' dir='ltr'>εὐμενεστάτη,</span> <span class='ocrx_word' id='word_1_101' title='bbox 930 1424 1076 1496; x_wconf 82' lang='grc' dir='ltr'>δῶρα</span> <span class='ocrx_word' id='word_1_102' title='bbox 1100 1424 1275 1493; x_wconf 86' lang='grc' dir='ltr'>τίμια,</span> <span class='ocrx_word' id='word_1_103' title='bbox 1302 1425 1396 1477; x_wconf 72' lang='grc' dir='ltr'><strong>καὶ</strong></span> <span class='ocrx_word' id='word_1_104' title='bbox 1422 1424 1510 1476; x_wconf 74' lang='grc' dir='ltr'><strong>σοὶ</strong></span> <span class='ocrx_word' id='word_1_105' title='bbox 1539 1424 1673 1493; x_wconf 83' lang='grc' dir='ltr'>μόνῃ</span> 
     </span>
    </p>
   </div>
   <div class='ocr_carea' id='block_1_16' title="bbox 117 1512 1673 1586">
    <p class='ocr_par' dir='ltr' id='par_1_16' title="bbox 117 1512 1673 1586">
     <span class='ocr_line' id='line_1_16' title="bbox 117 1512 1673 1586; baseline -0.004 -15"><span class='ocrx_word' id='word_1_106' title='bbox 117 1517 337 1586; x_wconf 76' lang='grc' dir='ltr'>ἁρμόδια,</span> <span class='ocrx_word' id='word_1_107' title='bbox 363 1512 410 1571; x_wconf 81' lang='grc' dir='ltr'>ὧ</span> <span class='ocrx_word' id='word_1_108' title='bbox 453 1517 656 1571; x_wconf 83' lang='grc' dir='ltr'>πασῶν</span> <span class='ocrx_word' id='word_1_109' title='bbox 700 1516 899 1585; x_wconf 81' lang='grc' dir='ltr'>γενεῶν</span> <span class='ocrx_word' id='word_1_110' title='bbox 950 1515 1273 1586; x_wconf 64' lang='grc' dir='ltr'>ὐιῐπλλοτέρα,</span> <span class='ocrx_word' id='word_1_111' title='bbox 1325 1514 1417 1569; x_wconf 78' lang='grc' dir='ltr'><strong>καὶ</strong></span> <span class='ocrx_word' id='word_1_112' title='bbox 1455 1515 1673 1569; x_wconf 85' lang='grc' dir='ltr'>πάντων</span> 
     </span>
    </p>
   </div>
   <div class='ocr_carea' id='block_1_17' title="bbox 117 1607 1675 1679">
    <p class='ocr_par' dir='ltr' id='par_1_17' title="bbox 117 1607 1675 1679">
     <span class='ocr_line' id='line_1_17' title="bbox 117 1607 1675 1679; baseline 0.001 -20"><span class='ocrx_word' id='word_1_113' title='bbox 117 1608 296 1679; x_wconf 77' lang='grc' dir='ltr'><strong>ὁρατῶν</strong></span> <span class='ocrx_word' id='word_1_114' title='bbox 318 1625 376 1662; x_wconf 86' lang='grc' dir='ltr'><strong>τε</strong></span> <span class='ocrx_word' id='word_1_115' title='bbox 414 1610 513 1663; x_wconf 69' lang='grc' dir='ltr'>καὶ</span> <span class='ocrx_word' id='word_1_116' title='bbox 553 1610 807 1679; x_wconf 79' lang='grc' dir='ltr'><strong>ἀοράτων</strong></span> <span class='ocrx_word' id='word_1_117' title='bbox 841 1607 1332 1679; x_wconf 81' lang='grc' dir='ltr'>δημιουργημάτων</span> <span class='ocrx_word' id='word_1_118' title='bbox 1375 1607 1675 1677; x_wconf 84' lang='grc' dir='ltr'>τιμιωτέρα</span> 
     </span>
    </p>
   </div>
   <div class='ocr_carea' id='block_1_18' title="bbox 121 1697 1675 1771">
    <p class='ocr_par' dir='ltr' id='par_1_18' title="bbox 121 1697 1675 1771">
     <span class='ocr_line' id='line_1_18' title="bbox 121 1697 1675 1771; baseline 0.001 -22"><span class='ocrx_word' id='word_1_119' title='bbox 121 1700 337 1765; x_wconf 75' lang='grc' dir='ltr'>φανεῖσα.</span> <span class='ocrx_word' id='word_1_120' title='bbox 363 1700 638 1771; x_wconf 78' lang='grc' dir='ltr'>Μακαρία</span> <span class='ocrx_word' id='word_1_121' title='bbox 656 1702 690 1771; x_wconf 78' lang='grc' dir='ltr'>ἡ</span> <span class='ocrx_word' id='word_1_122' title='bbox 715 1698 836 1770; x_wconf 74' lang='grc' dir='ltr'>ῥίζα</span> <span class='ocrx_word' id='word_1_123' title='bbox 860 1698 953 1751; x_wconf 83' lang='grc' dir='ltr'>τοῦ</span> <span class='ocrx_word' id='word_1_124' title='bbox 993 1698 1213 1761; x_wconf 80' lang='grc' dir='ltr'>Ἰεσσαὶ,</span> <span class='ocrx_word' id='word_1_125' title='bbox 1251 1699 1346 1752; x_wconf 73' lang='grc' dir='ltr'><strong>καὶ</strong></span> <span class='ocrx_word' id='word_1_126' title='bbox 1367 1697 1675 1769; x_wconf 81' lang='grc' dir='ltr'>τρισμακά-</span> 
     </span>
    </p>
   </div>
   <div class='ocr_carea' id='block_1_19' title="bbox 123 1782 1673 1862">
    <p class='ocr_par' dir='ltr' id='par_1_19' title="bbox 123 1782 1673 1862">
     <span class='ocr_line' id='line_1_19' title="bbox 123 1782 1673 1862; baseline 0 -19"><span class='ocrx_word' id='word_1_127' title='bbox 123 1805 275 1859; x_wconf 77' lang='grc' dir='ltr'>ριστος</span> <span class='ocrx_word' id='word_1_128' title='bbox 300 1791 329 1843; x_wconf 84' lang='grc' dir='ltr'>ὁ</span> <span class='ocrx_word' id='word_1_129' title='bbox 352 1785 505 1853; x_wconf 80' lang='grc' dir='ltr'>οἶκος</span> <span class='ocrx_word' id='word_1_130' title='bbox 533 1791 725 1853; x_wconf 72' lang='grc' dir='ltr'>Δαϐὶδ,</span> <span class='ocrx_word' id='word_1_131' title='bbox 755 1792 811 1843; x_wconf 76' lang='grc' dir='ltr'>ὲν</span> <span class='ocrx_word' id='word_1_132' title='bbox 835 1782 878 1857; x_wconf 84' lang='grc' dir='ltr'>ᾧ</span> <span class='ocrx_word' id='word_1_133' title='bbox 911 1787 1244 1862; x_wconf 79' lang='grc' dir='ltr'>ἐϐλάστησας</span> <span class='ocrx_word' id='word_1_134' title='bbox 1268 1790 1400 1861; x_wconf 74' lang='grc'>(64).</span> <span class='ocrx_word' id='word_1_135' title='bbox 1445 1790 1505 1841; x_wconf 86' lang='lat'><strong>&#39;0</strong></span> <span class='ocrx_word' id='word_1_136' title='bbox 1532 1789 1673 1855; x_wconf 78' lang='grc' dir='ltr'>Θεὸς</span> 
     </span>
    </p>
   </div>
   <div class='ocr_carea' id='block_1_20' title="bbox 119 1860 1747 1957">
    <p class='ocr_par' dir='ltr' id='par_1_20' title="bbox 119 1860 1747 1957">
     <span class='ocr_line' id='line_1_20' title="bbox 119 1860 1747 1957; baseline 0.001 -25"><span class='ocrx_word' id='word_1_137' title='bbox 119 1882 347 1950; x_wconf 76' lang='grc' dir='ltr'>ἐνμέσῳ</span> <span class='ocrx_word' id='word_1_138' title='bbox 374 1898 516 1946; x_wconf 85' lang='grc' dir='ltr'>σου,</span> <span class='ocrx_word' id='word_1_139' title='bbox 548 1884 653 1937; x_wconf 75' lang='grc' dir='ltr'><strong>καὶ</strong></span> <span class='ocrx_word' id='word_1_140' title='bbox 685 1884 757 1957; x_wconf 64' lang='grc' dir='ltr'>οὐ</span> <span class='ocrx_word' id='word_1_141' title='bbox 787 1860 1170 1951; x_wconf 70' lang='grc' dir='ltr'>σαλευθήσῄ·</span> <span class='ocrx_word' id='word_1_142' title='bbox 1207 1860 1422 1951; x_wconf 65' lang='grc' dir='ltr'>ἡγίασε</span> <span class='ocrx_word' id='word_1_143' title='bbox 1462 1884 1571 1951; x_wconf 79' lang='grc' dir='ltr'>γὰρ</span> <span class='ocrx_word' id='word_1_144' title='bbox 1607 1881 1672 1934; x_wconf 81' lang='grc' dir='ltr'>τὸ</span> <span class='ocrx_word' id='word_1_145' title='bbox 1704 1860 1747 1913; x_wconf 75' lang='grc' dir='ltr'>Β</span> 
     </span>
    </p>
   </div>
   <div class='ocr_carea' id='block_1_21' title="bbox 122 1972 1676 2044">
    <p class='ocr_par' dir='ltr' id='par_1_21' title="bbox 122 1972 1676 2044">
     <span class='ocr_line' id='line_1_21' title="bbox 122 1972 1676 2044; baseline -0.019 -1"><span class='ocrx_word' id='word_1_146' title='bbox 122 1972 380 2043; x_wconf 73' lang='grc' dir='ltr'>σκήνωμα</span> <span class='ocrx_word' id='word_1_147' title='bbox 427 1973 625 2027; x_wconf 81' lang='grc' dir='ltr'>αὐτοῦ</span> <span class='ocrx_word' id='word_1_148' title='bbox 660 1976 695 2027; x_wconf 81' lang='grc' dir='ltr'><em>ὁ</em></span> <span class='ocrx_word' id='word_1_149' title='bbox 740 1974 1040 2041; x_wconf 75' lang='grc' dir='ltr'>Ὗψιστος.</span> <span class='ocrx_word' id='word_1_150' title='bbox 1088 1974 1174 2027; x_wconf 87' lang='grc' dir='ltr'>Ἐν</span> <span class='ocrx_word' id='word_1_151' title='bbox 1221 1975 1305 2026; x_wconf 82' lang='grc' dir='ltr'>σοὶ</span> <span class='ocrx_word' id='word_1_152' title='bbox 1352 1973 1459 2044; x_wconf 80' lang='grc' dir='ltr'><strong>γὰρ</strong></span> <span class='ocrx_word' id='word_1_153' title='bbox 1491 1972 1676 2042; x_wconf 79' lang='grc' dir='ltr'>διαθῆ-</span> 
     </span>
    </p>
   </div>
   <div class='ocr_carea' id='block_1_22' title="bbox 123 2060 1674 2133">
    <p class='ocr_par' dir='ltr' id='par_1_22' title="bbox 123 2060 1674 2133">
     <span class='ocr_line' id='line_1_22' title="bbox 123 2060 1674 2133; baseline 0.003 -23"><span class='ocrx_word' id='word_1_154' title='bbox 123 2076 196 2111; x_wconf 67' lang='lat' dir='ltr'><strong>ut</strong></span> <span class='ocrx_word' id='word_1_155' title='bbox 218 2061 320 2129; x_wconf 74' lang='lat'><strong>(65)</strong></span> <span class='ocrx_word' id='word_1_156' title='bbox 358 2063 455 2114; x_wconf 73' lang='grc' dir='ltr'><strong>καὶ</strong></span> <span class='ocrx_word' id='word_1_157' title='bbox 495 2061 837 2133; x_wconf 78' lang='grc' dir='ltr'>ὁρκωμοσίαι</span> <span class='ocrx_word' id='word_1_158' title='bbox 884 2060 1017 2114; x_wconf 82' lang='grc' dir='ltr'>Θεοῦ</span> <span class='ocrx_word' id='word_1_159' title='bbox 1076 2062 1211 2132; x_wconf 81' lang='grc' dir='ltr'>πρὸς</span> <span class='ocrx_word' id='word_1_160' title='bbox 1259 2061 1386 2123; x_wconf 80' lang='grc' dir='ltr'>τοὺς</span> <span class='ocrx_word' id='word_1_161' title='bbox 1432 2061 1674 2132; x_wconf 81' lang='grc' dir='ltr'><strong>πατέρας</strong></span> 
     </span>
    </p>
   </div>
   <div class='ocr_carea' id='block_1_23' title="bbox 124 2147 1673 2219">
    <p class='ocr_par' dir='ltr' id='par_1_23' title="bbox 124 2147 1673 2219">
     <span class='ocr_line' id='line_1_23' title="bbox 124 2147 1673 2219; baseline -0.001 -17"><span class='ocrx_word' id='word_1_162' title='bbox 124 2148 272 2219; x_wconf 73' lang='grc' dir='ltr'>ἡμῶν,</span> <span class='ocrx_word' id='word_1_163' title='bbox 300 2148 451 2212; x_wconf 86' lang='grc' dir='ltr'>τέλος</span> <span class='ocrx_word' id='word_1_164' title='bbox 481 2148 868 2202; x_wconf 78' lang='grc' dir='ltr'>εὐκλεέστατον</span> <span class='ocrx_word' id='word_1_165' title='bbox 914 2148 1177 2212; x_wconf 73' lang='grc' dir='ltr'>ἐδέξαντο·</span> <span class='ocrx_word' id='word_1_166' title='bbox 1211 2150 1292 2201; x_wconf 83' lang='grc' dir='ltr'>ὅτι</span> <span class='ocrx_word' id='word_1_167' title='bbox 1332 2147 1420 2201; x_wconf 88' lang='grc' dir='ltr'><strong>διά</strong></span> <span class='ocrx_word' id='word_1_168' title='bbox 1466 2147 1558 2201; x_wconf 80' lang='grc' dir='ltr'>σοῦ</span> <span class='ocrx_word' id='word_1_169' title='bbox 1582 2148 1673 2215; x_wconf 88' lang='grc' dir='ltr'>γέ-</span> 
     </span>
    </p>
   </div>
   <div class='ocr_carea' id='block_1_24' title="bbox 124 2237 1675 2310">
    <p class='ocr_par' dir='ltr' id='par_1_24' title="bbox 124 2237 1675 2310">
     <span class='ocr_line' id='line_1_24' title="bbox 124 2237 1675 2310; baseline 0 -19"><span class='ocrx_word' id='word_1_170' title='bbox 124 2254 225 2304; x_wconf 80' lang='grc' dir='ltr'>γονε</span> <span class='ocrx_word' id='word_1_171' title='bbox 248 2240 463 2310; x_wconf 77' lang='grc' dir='ltr'>Κύριος,</span> <span class='ocrx_word' id='word_1_172' title='bbox 492 2242 524 2292; x_wconf 83' lang='grc' dir='ltr'><strong>ὁ</strong></span> <span class='ocrx_word' id='word_1_173' title='bbox 566 2240 699 2301; x_wconf 79' lang='grc' dir='ltr'>Θεὸς</span> <span class='ocrx_word' id='word_1_174' title='bbox 727 2240 835 2291; x_wconf 84' lang='grc' dir='ltr'><strong>τῶν</strong></span> <span class='ocrx_word' id='word_1_175' title='bbox 866 2239 1145 2308; x_wconf 84' lang='grc' dir='ltr'>δυνάμεων</span> <span class='ocrx_word' id='word_1_176' title='bbox 1187 2239 1304 2308; x_wconf 85' lang='grc' dir='ltr'>μεθ’</span> <span class='ocrx_word' id='word_1_177' title='bbox 1344 2238 1523 2309; x_wconf 80' lang='grc' dir='ltr'>ἡμῶν.</span> <span class='ocrx_word' id='word_1_178' title='bbox 1571 2237 1675 2291; x_wconf 79' lang='grc' dir='ltr'>Τὸν</span> 
     </span>
    </p>
   </div>
   <div class='ocr_carea' id='block_1_25' title="bbox 130 2326 1676 2397">
    <p class='ocr_par' dir='ltr' id='par_1_25' title="bbox 130 2326 1676 2397">
     <span class='ocr_line' id='line_1_25' title="bbox 130 2326 1676 2397; baseline -0.001 -18"><span class='ocrx_word' id='word_1_179' title='bbox 130 2326 202 2379; x_wconf 76' lang='grc' dir='ltr'>σὺν</span> <span class='ocrx_word' id='word_1_180' title='bbox 224 2327 698 2397; x_wconf 79' lang='grc' dir='ltr'>προδιαγρὰφουσα</span> <span class='ocrx_word' id='word_1_181' title='bbox 725 2326 993 2396; x_wconf 83' lang='grc' dir='ltr'>θεοπρεπῆ</span> <span class='ocrx_word' id='word_1_182' title='bbox 1022 2328 1360 2397; x_wconf 81' lang='grc' dir='ltr'>χαρακτῆρα,</span> <span class='ocrx_word' id='word_1_183' title='bbox 1395 2327 1526 2380; x_wconf 84' lang='grc' dir='ltr'>Θεὸν</span> <span class='ocrx_word' id='word_1_184' title='bbox 1555 2326 1676 2395; x_wconf 74' lang='grc' dir='ltr'>ἐφε-</span> 
     </span>
    </p>
   </div>
   <div class='ocr_carea' id='block_1_26' title="bbox 129 2415 1676 2488">
    <p class='ocr_par' dir='ltr' id='par_1_26' title="bbox 129 2415 1676 2488">
     <span class='ocr_line' id='line_1_26' title="bbox 129 2415 1676 2488; baseline 0.001 -22"><span class='ocrx_word' id='word_1_185' title='bbox 129 2432 203 2484; x_wconf 80' lang='grc' dir='ltr'><strong>ρεν</strong></span> <span class='ocrx_word' id='word_1_186' title='bbox 229 2417 499 2483; x_wconf 55' lang='lat' dir='ltr'><strong>seum</strong></span> <span class='ocrx_word' id='word_1_187' title='bbox 544 2420 579 2487; x_wconf 76' lang='grc' dir='ltr'>ἡ</span> <span class='ocrx_word' id='word_1_188' title='bbox 622 2416 891 2484; x_wconf 70' lang='grc' dir='ltr'>ἄψαυστος</span> <span class='ocrx_word' id='word_1_189' title='bbox 927 2415 1103 2485; x_wconf 81' lang='grc' dir='ltr'>βάτος,</span> <span class='ocrx_word' id='word_1_190' title='bbox 1144 2417 1570 2488; x_wconf 72' lang='grc' dir='ltr'>ὲμφανιζὸμενον</span> <span class='ocrx_word' id='word_1_191' title='bbox 1599 2416 1676 2487; x_wconf 78' lang='grc' dir='ltr'><strong>τῷ</strong></span> 
     </span>
    </p>
   </div>
   <div class='ocr_carea' id='block_1_27' title="bbox 131 2504 1674 2580">
    <p class='ocr_par' dir='ltr' id='par_1_27' title="bbox 131 2504 1674 2580">
     <span class='ocr_line' id='line_1_27' title="bbox 131 2504 1674 2580; baseline 0.004 -24"><span class='ocrx_word' id='word_1_192' title='bbox 131 2508 350 2578; x_wconf 68' lang='grc' dir='ltr'>προφήτῃ</span> <span class='ocrx_word' id='word_1_193' title='bbox 404 2507 482 2570; x_wconf 83' lang='grc' dir='ltr'>ὡς</span> <span class='ocrx_word' id='word_1_194' title='bbox 526 2508 791 2578; x_wconf 76' lang='grc' dir='ltr'>ὁραθῆναι</span> <span class='ocrx_word' id='word_1_195' title='bbox 837 2508 1121 2578; x_wconf 81' lang='grc' dir='ltr'>ηὐδόκησε.</span> <span class='ocrx_word' id='word_1_196' title='bbox 1170 2508 1494 2580; x_wconf 82' lang='grc' dir='ltr'>Στερέμνιος</span> <span class='ocrx_word' id='word_1_197' title='bbox 1526 2509 1570 2562; x_wconf 87' lang='grc' dir='ltr'>δ’</span> <span class='ocrx_word' id='word_1_198' title='bbox 1608 2504 1674 2562; x_wconf 80' lang='grc' dir='ltr'>αὖ</span> 
     </span>
    </p>
   </div>
   <div class='ocr_carea' id='block_1_28' title="bbox 132 2582 1679 2671">
    <p class='ocr_par' dir='ltr' id='par_1_28' title="bbox 132 2582 1679 2671">
     <span class='ocr_line' id='line_1_28' title="bbox 132 2582 1679 2671; baseline 0.002 -21"><span class='ocrx_word' id='word_1_199' title='bbox 132 2598 209 2650; x_wconf 73' lang='grc' dir='ltr'><strong>καὶ</strong></span> <span class='ocrx_word' id='word_1_200' title='bbox 230 2596 394 2669; x_wconf 77' lang='grc' dir='ltr'>πέτρα</span> <span class='ocrx_word' id='word_1_201' title='bbox 432 2599 739 2670; x_wconf 82' lang='grc' dir='ltr'>ἀκρότομος</span> <span class='ocrx_word' id='word_1_202' title='bbox 772 2600 868 2670; x_wconf 82' lang='grc' dir='ltr'>τὴν</span> <span class='ocrx_word' id='word_1_203' title='bbox 902 2601 1237 2671; x_wconf 80' lang='grc' dir='ltr'>παγκόσμιον</span> <span class='ocrx_word' id='word_1_204' title='bbox 1270 2601 1333 2652; x_wconf 82' lang='grc' dir='ltr'><strong>ὲκ</strong></span> <span class='ocrx_word' id='word_1_205' title='bbox 1376 2582 1477 2653; x_wconf 42' lang='grc' dir='ltr'><strong>σοῦ’</strong></span> <span class='ocrx_word' id='word_1_206' title='bbox 1503 2599 1679 2671; x_wconf 81' lang='grc' dir='ltr'>πηγά-</span> 
     </span>
    </p>
   </div>
   <div class='ocr_carea' id='block_1_29' title="bbox 136 2690 1680 2763">
    <p class='ocr_par' dir='ltr' id='par_1_29' title="bbox 136 2690 1680 2763">
     <span class='ocr_line' id='line_1_29' title="bbox 136 2690 1680 2763; baseline 0.003 -22"><span class='ocrx_word' id='word_1_207' title='bbox 136 2705 275 2742; x_wconf 81' lang='grc' dir='ltr'>σασαν</span> <span class='ocrx_word' id='word_1_208' title='bbox 308 2690 465 2762; x_wconf 75' lang='grc' dir='ltr'>χάριν</span> <span class='ocrx_word' id='word_1_209' title='bbox 507 2692 607 2745; x_wconf 70' lang='grc' dir='ltr'><strong>καὶ</strong></span> <span class='ocrx_word' id='word_1_210' title='bbox 652 2691 908 2761; x_wconf 61' lang='grc' dir='ltr'>ἀνάψυξιν</span> <span class='ocrx_word' id='word_1_211' title='bbox 949 2690 1467 2763; x_wconf 74' lang='grc' dir='ltr'>προεξεικονίζουσα,</span> <span class='ocrx_word' id='word_1_212' title='bbox 1503 2708 1680 2763; x_wconf 87' lang='grc' dir='ltr'>παρα-</span> 
     </span>
    </p>
   </div>
   <div class='ocr_carea' id='block_1_30' title="bbox 137 2782 1677 2857">
    <p class='ocr_par' dir='ltr' id='par_1_30' title="bbox 137 2782 1677 2857">
     <span class='ocr_line' id='line_1_30' title="bbox 137 2782 1677 2857; baseline 0.003 -22"><span class='ocrx_word' id='word_1_213' title='bbox 137 2782 295 2852; x_wconf 83' lang='grc' dir='ltr'>μύθιον</span> <span class='ocrx_word' id='word_1_214' title='bbox 340 2783 478 2855; x_wconf 83' lang='grc' dir='ltr'>ίαμα</span> <span class='ocrx_word' id='word_1_215' title='bbox 524 2785 826 2841; x_wconf 80' lang='grc' dir='ltr'>ὲκλείποντι</span> <span class='ocrx_word' id='word_1_216' title='bbox 865 2785 977 2857; x_wconf 80' lang='grc' dir='ltr'>λαῷ</span> <span class='ocrx_word' id='word_1_217' title='bbox 1018 2787 1083 2840; x_wconf 86' lang='grc' dir='ltr'><strong>ὲκ</strong></span> <span class='ocrx_word' id='word_1_218' title='bbox 1126 2786 1364 2854; x_wconf 85' lang='grc' dir='ltr'>λαγόνων</span> <span class='ocrx_word' id='word_1_219' title='bbox 1410 2784 1586 2856; x_wconf 72' lang='grc' dir='ltr'>ξηρῶν</span> <span class='ocrx_word' id='word_1_220' title='bbox 1621 2786 1677 2839; x_wconf 76' lang='grc' dir='ltr'>ὲν</span> 
     </span>
    </p>
   </div>
   <div class='ocr_carea' id='block_1_31' title="bbox 134 2875 1676 2950">
    <p class='ocr_par' dir='ltr' id='par_1_31' title="bbox 134 2875 1676 2950">
     <span class='ocr_line' id='line_1_31' title="bbox 134 2875 1676 2950; baseline -0.012 -3"><span class='ocrx_word' id='word_1_221' title='bbox 134 2875 295 2948; x_wconf 57' lang='grc' dir='ltr'><strong>ἐρήμῳ</strong></span> <span class='ocrx_word' id='word_1_222' title='bbox 316 2876 552 2945; x_wconf 69' lang='grc' dir='ltr'>δαψιλῶς</span> <span class='ocrx_word' id='word_1_223' title='bbox 592 2881 922 2950; x_wconf 84' lang='grc' dir='ltr'>προήγαγεν.</span> <span class='ocrx_word' id='word_1_224' title='bbox 957 2880 1031 2932; x_wconf 75' lang='grc' dir='ltr'><strong>Οὐ</strong></span> <span class='ocrx_word' id='word_1_225' title='bbox 1069 2877 1174 2950; x_wconf 83' lang='grc' dir='ltr'>μὴν</span> <span class='ocrx_word' id='word_1_226' title='bbox 1202 2879 1259 2931; x_wconf 84' lang='grc' dir='ltr'>δὲ</span> <span class='ocrx_word' id='word_1_227' title='bbox 1298 2876 1432 2931; x_wconf 90' lang='grc' dir='ltr'><strong>ἀλλά</strong></span> <span class='ocrx_word' id='word_1_228' title='bbox 1465 2877 1558 2930; x_wconf 73' lang='grc' dir='ltr'><strong>καὶ</strong></span> <span class='ocrx_word' id='word_1_229' title='bbox 1584 2877 1676 2930; x_wconf 80' lang='grc' dir='ltr'>τοῦ</span> 
     </span>
    </p>
   </div>
   <div class='ocr_carea' id='block_1_32' title="bbox 138 2967 1678 3040">
    <p class='ocr_par' dir='ltr' id='par_1_32' title="bbox 138 2967 1678 3040">
     <span class='ocr_line' id='line_1_32' title="bbox 138 2967 1678 3040; baseline -0.008 -8"><span class='ocrx_word' id='word_1_230' title='bbox 138 2967 299 3035; x_wconf 75' lang='grc' dir='ltr'>ἱερέως</span> <span class='ocrx_word' id='word_1_231' title='bbox 332 2971 364 3039; x_wconf 78' lang='grc' dir='ltr'>ἡ</span> <span class='ocrx_word' id='word_1_232' title='bbox 394 2968 617 3038; x_wconf 78' lang='grc' dir='ltr'>ῥάϐδος,</span> <span class='ocrx_word' id='word_1_233' title='bbox 657 2971 756 3023; x_wconf 77' lang='grc' dir='ltr'><strong>οὐκ</strong></span> <span class='ocrx_word' id='word_1_234' title='bbox 794 2970 1049 3040; x_wconf 85' lang='grc' dir='ltr'>ἀδόκιμον</span> <span class='ocrx_word' id='word_1_235' title='bbox 1094 2968 1368 3040; x_wconf 79' lang='grc' dir='ltr'><strong>σύσσημον</strong></span> <span class='ocrx_word' id='word_1_236' title='bbox 1398 2968 1507 3039; x_wconf 84' lang='lat'><strong>(66)</strong></span> <span class='ocrx_word' id='word_1_237' title='bbox 1541 2985 1678 3038; x_wconf 82' lang='grc' dir='ltr'>παρ-</span> 
     </span>
    </p>
   </div>
   <div class='ocr_carea' id='block_1_33' title="bbox 136 3057 1679 3133">
    <p class='ocr_par' dir='ltr' id='par_1_33' title="bbox 136 3057 1679 3133">
     <span class='ocr_line' id='line_1_33' title="bbox 136 3057 1679 3133; baseline 0.001 -22"><span class='ocrx_word' id='word_1_238' title='bbox 136 3057 295 3128; x_wconf 80' lang='grc' dir='ltr'>έσχετο</span> <span class='ocrx_word' id='word_1_239' title='bbox 317 3061 415 3131; x_wconf 79' lang='grc' dir='ltr'>τῆς</span> <span class='ocrx_word' id='word_1_240' title='bbox 445 3061 758 3133; x_wconf 70' lang='grc' dir='ltr'>ὑπερφυοῦς</span> <span class='ocrx_word' id='word_1_241' title='bbox 789 3078 880 3114; x_wconf 82' lang='grc' dir='ltr'><strong>σου</strong></span> <span class='ocrx_word' id='word_1_242' title='bbox 909 3061 1141 3131; x_wconf 81' lang='grc' dir='ltr'>λοχείας,</span> <span class='ocrx_word' id='word_1_243' title='bbox 1167 3058 1514 3131; x_wconf 83' lang='grc' dir='ltr'>ἀγεώργητον</span> <span class='ocrx_word' id='word_1_244' title='bbox 1546 3075 1679 3130; x_wconf 86' lang='grc' dir='ltr'>καρ-</span> 
     </span>
    </p>
   </div>
   <div class='ocr_carea' id='block_1_34' title="bbox 1769 606 3325 677">
    <p class='ocr_par' dir='ltr' id='par_1_34' title="bbox 1769 606 3325 677">
     <span class='ocr_line' id='line_1_34' title="bbox 1769 606 3325 677; baseline 0.003 -16"><span class='ocrx_word' id='word_1_245' title='bbox 1769 606 1928 676; x_wconf 86' lang='lat' dir='ltr'><strong>cujus</strong></span> <span class='ocrx_word' id='word_1_246' title='bbox 1948 607 2093 661; x_wconf 88' lang='lat' dir='ltr'><strong>enim</strong></span> <span class='ocrx_word' id='word_1_247' title='bbox 2127 622 2265 677; x_wconf 89' lang='lat' dir='ltr'><strong>opus</strong></span> <span class='ocrx_word' id='word_1_248' title='bbox 2294 621 2402 661; x_wconf 90' lang='lat' dir='ltr'><strong>non</strong></span> <span class='ocrx_word' id='word_1_249' title='bbox 2429 606 2720 660; x_wconf 87' lang='lat' dir='ltr'><strong>humanum</strong></span> <span class='ocrx_word' id='word_1_250' title='bbox 2746 612 2831 662; x_wconf 86' lang='lat' dir='ltr'><strong>est</strong></span> <span class='ocrx_word' id='word_1_251' title='bbox 2850 645 2865 671; x_wconf 96' lang='lat'><strong>,</strong></span> <span class='ocrx_word' id='word_1_252' title='bbox 2913 606 3032 675; x_wconf 76' lang='lat' dir='ltr'><strong>ejus</strong></span> <span class='ocrx_word' id='word_1_253' title='bbox 3062 618 3112 664; x_wconf 86' lang='lat' dir='ltr'><strong>et</strong></span> <span class='ocrx_word' id='word_1_254' title='bbox 3138 609 3325 664; x_wconf 86' lang='lat' dir='ltr'><strong>lauda-</strong></span> 
     </span>
    </p>
   </div>
   <div class='ocr_carea' id='block_1_35' title="bbox 1768 695 3327 767">
    <p class='ocr_par' dir='ltr' id='par_1_35' title="bbox 1768 695 3327 767">
     <span class='ocr_line' id='line_1_35' title="bbox 1768 695 3327 767; baseline 0.002 -16"><span class='ocrx_word' id='word_1_255' title='bbox 1768 697 1913 751; x_wconf 87' lang='lat' dir='ltr'><strong>datio</strong></span> <span class='ocrx_word' id='word_1_256' title='bbox 1938 695 2151 752; x_wconf 79' lang='lat' dir='ltr'><strong>excedit</strong></span> <span class='ocrx_word' id='word_1_257' title='bbox 2173 696 2467 752; x_wconf 83' lang='lat' dir='ltr'><strong>hominem.</strong></span> <span class='ocrx_word' id='word_1_258' title='bbox 2492 695 2848 763; x_wconf 78' lang='lat' dir='ltr'><strong>Quamobrem</strong></span> <span class='ocrx_word' id='word_1_259' title='bbox 2874 700 3212 767; x_wconf 74' lang='lat' dir='ltr'><strong>paupertatis</strong></span> <span class='ocrx_word' id='word_1_260' title='bbox 3238 700 3327 755; x_wconf 92' lang='lat' dir='ltr'><strong>hic</strong></span> 
     </span>
    </p>
   </div>
   <div class='ocr_carea' id='block_1_36' title="bbox 1768 784 3325 857">
    <p class='ocr_par' dir='ltr' id='par_1_36' title="bbox 1768 784 3325 857">
     <span class='ocr_line' id='line_1_36' title="bbox 1768 784 3325 857; baseline 0.004 -18"><span class='ocrx_word' id='word_1_261' title='bbox 1768 800 1900 840; x_wconf 73' lang='lat' dir='ltr'><strong>mete</strong></span> <span class='ocrx_word' id='word_1_262' title='bbox 1923 785 2335 851; x_wconf 80' lang='lat' dir='ltr'><strong>obscuritatem,</strong></span> <span class='ocrx_word' id='word_1_263' title='bbox 2378 787 2486 841; x_wconf 85' lang='lat' dir='ltr'><strong>tuis</strong></span> <span class='ocrx_word' id='word_1_264' title='bbox 2513 801 2542 840; x_wconf 90' lang='lat' dir='ltr'><strong>a</strong></span> <span class='ocrx_word' id='word_1_265' title='bbox 2578 784 2781 857; x_wconf 86' lang='lat' dir='ltr'><strong>Spiritu</strong></span> <span class='ocrx_word' id='word_1_266' title='bbox 2811 784 3107 844; x_wconf 80' lang='lat' dir='ltr'><strong>honoribus</strong></span> <span class='ocrx_word' id='word_1_267' title='bbox 3134 789 3325 845; x_wconf 85' lang='lat' dir='ltr'><strong>donis-</strong></span> 
     </span>
    </p>
   </div>
   <div class='ocr_carea' id='block_1_37' title="bbox 1769 874 3329 949">
    <p class='ocr_par' dir='ltr' id='par_1_37' title="bbox 1769 874 3329 949">
     <span class='ocr_line' id='line_1_37' title="bbox 1769 874 3329 949; baseline 0 -16"><span class='ocrx_word' id='word_1_268' title='bbox 1769 895 1872 949; x_wconf 89' lang='lat' dir='ltr'><strong>que</strong></span> <span class='ocrx_word' id='word_1_269' title='bbox 1915 877 2239 934; x_wconf 86' lang='lat' dir='ltr'><strong>illustraho:</strong></span> <span class='ocrx_word' id='word_1_270' title='bbox 2282 887 2482 947; x_wconf 90' lang='lat' dir='ltr'><strong>tuaque</strong></span> <span class='ocrx_word' id='word_1_271' title='bbox 2524 877 2620 932; x_wconf 85' lang='lat' dir='ltr'><strong>tibi</strong></span> <span class='ocrx_word' id='word_1_272' title='bbox 2670 874 2900 933; x_wconf 75' lang='lat' dir='ltr'><strong>offerens</strong></span> <span class='ocrx_word' id='word_1_273' title='bbox 2934 892 2965 932; x_wconf 92' lang='lat' dir='ltr'><strong>e</strong></span> <span class='ocrx_word' id='word_1_274' title='bbox 2993 879 3165 944; x_wconf 84' lang='lat' dir='ltr'><strong>pratis</strong></span> <span class='ocrx_word' id='word_1_275' title='bbox 3223 880 3329 933; x_wconf 82' lang='lat' dir='ltr'><strong>im-</strong></span> 
     </span>
    </p>
   </div>
   <div class='ocr_carea' id='block_1_38' title="bbox 1769 968 3329 1040">
    <p class='ocr_par' dir='ltr' id='par_1_38' title="bbox 1769 968 3329 1040">
     <span class='ocr_line' id='line_1_38' title="bbox 1769 968 3329 1040; baseline 0.001 -15"><span class='ocrx_word' id='word_1_276' title='bbox 1769 972 2108 1035; x_wconf 89' lang='lat' dir='ltr'><strong>mortalibus,</strong></span> <span class='ocrx_word' id='word_1_277' title='bbox 2129 978 2280 1025; x_wconf 88' lang='lat' dir='ltr'><strong>tuum</strong></span> <span class='ocrx_word' id='word_1_278' title='bbox 2302 982 2518 1026; x_wconf 85' lang='lat' dir='ltr'><strong>sacrum</strong></span> <span class='ocrx_word' id='word_1_279' title='bbox 2546 976 2600 1025; x_wconf 89' lang='lat' dir='ltr'><strong>et</strong></span> <span class='ocrx_word' id='word_1_280' title='bbox 2626 983 2655 1022; x_wconf 87' lang='lat' dir='ltr'><strong>a</strong></span> <span class='ocrx_word' id='word_1_281' title='bbox 2685 968 2795 1024; x_wconf 91' lang='lat' dir='ltr'><strong>Deo</strong></span> <span class='ocrx_word' id='word_1_282' title='bbox 2817 977 3132 1024; x_wconf 82' lang='lat' dir='ltr'><strong>coronatum</strong></span> <span class='ocrx_word' id='word_1_283' title='bbox 3162 978 3329 1040; x_wconf 86' lang='lat' dir='ltr'><strong>caput</strong></span> 
     </span>
    </p>
   </div>
   <div class='ocr_carea' id='block_1_39' title="bbox 1769 1050 3329 1131">
    <p class='ocr_par' dir='ltr' id='par_1_39' title="bbox 1769 1050 3329 1131">
     <span class='ocr_line' id='line_1_39' title="bbox 1769 1050 3329 1131; baseline 0 -14"><span class='ocrx_word' id='word_1_284' title='bbox 1769 1062 2077 1117; x_wconf 84' lang='lat' dir='ltr'><strong>dilaudabo.</strong></span> <span class='ocrx_word' id='word_1_285' title='bbox 2105 1050 2303 1115; x_wconf 73' lang='lat' dir='ltr'><strong>Patriis</strong></span> <span class='ocrx_word' id='word_1_286' title='bbox 2321 1060 2642 1127; x_wconf 85' lang='lat' dir='ltr'><strong>tecanticis,</strong></span> <span class='ocrx_word' id='word_1_287' title='bbox 2661 1058 2798 1114; x_wconf 85' lang='lat' dir='ltr'><strong>Filia</strong></span> <span class='ocrx_word' id='word_1_288' title='bbox 2827 1058 3016 1125; x_wconf 81' lang='lat' dir='ltr'><strong>David,</strong></span> <span class='ocrx_word' id='word_1_289' title='bbox 3050 1058 3329 1131; x_wconf 73' lang='lat' dir='ltr'><strong>Materque</strong></span> 
     </span>
    </p>
   </div>
   <div class='ocr_carea' id='block_1_40' title="bbox 1770 1150 3325 1225">
    <p class='ocr_par' dir='ltr' id='par_1_40' title="bbox 1770 1150 3325 1225">
     <span class='ocr_line' id='line_1_40' title="bbox 1770 1150 3325 1225; baseline -0.001 -17"><span class='ocrx_word' id='word_1_290' title='bbox 1770 1154 1983 1209; x_wconf 84' lang='lat' dir='ltr'><strong>Domini</strong></span> <span class='ocrx_word' id='word_1_291' title='bbox 2018 1161 2072 1209; x_wconf 82' lang='lat' dir='ltr'><strong>et</strong></span> <span class='ocrx_word' id='word_1_292' title='bbox 2104 1152 2198 1208; x_wconf 85' lang='lat' dir='ltr'><strong>Dei</strong></span> <span class='ocrx_word' id='word_1_293' title='bbox 2236 1152 2423 1214; x_wconf 83' lang='lat' dir='ltr'><strong>David,</strong></span> <span class='ocrx_word' id='word_1_294' title='bbox 2451 1153 2720 1208; x_wconf 87' lang='lat' dir='ltr'><strong>salutabo.</strong></span> <span class='ocrx_word' id='word_1_295' title='bbox 2750 1152 2927 1225; x_wconf 87' lang='lat' dir='ltr'><strong>Turpe</strong></span> <span class='ocrx_word' id='word_1_296' title='bbox 2969 1152 3111 1208; x_wconf 89' lang='lat' dir='ltr'><strong>enim</strong></span> <span class='ocrx_word' id='word_1_297' title='bbox 3142 1150 3325 1217; x_wconf 78' lang='lat' dir='ltr'><strong>fuerit,</strong></span> 
     </span>
    </p>
   </div>
   <div class='ocr_carea' id='block_1_41' title="bbox 1770 1241 3327 1315">
    <p class='ocr_par' dir='ltr' id='par_1_41' title="bbox 1770 1241 3327 1315">
     <span class='ocr_line' id='line_1_41' title="bbox 1770 1241 3327 1315; baseline -0.001 -15"><span class='ocrx_word' id='word_1_298' title='bbox 1770 1246 2011 1315; x_wconf 82' lang='lat' dir='ltr'><strong>adeoque</strong></span> <span class='ocrx_word' id='word_1_299' title='bbox 2040 1243 2458 1313; x_wconf 87' lang='lat' dir='ltr'><strong>inauspicatum,</strong></span> <span class='ocrx_word' id='word_1_300' title='bbox 2489 1250 2549 1296; x_wconf 87' lang='lat' dir='ltr'><strong>ut</strong></span> <span class='ocrx_word' id='word_1_301' title='bbox 2576 1241 2769 1298; x_wconf 88' lang='lat' dir='ltr'><strong>alienis</strong></span> <span class='ocrx_word' id='word_1_302' title='bbox 2797 1245 3030 1306; x_wconf 81' lang='lat' dir='ltr'><strong>emeris,</strong></span> <span class='ocrx_word' id='word_1_303' title='bbox 3056 1258 3177 1313; x_wconf 67' lang='lat' dir='ltr'><strong>quae</strong></span> <span class='ocrx_word' id='word_1_304' title='bbox 3197 1258 3327 1313; x_wconf 89' lang='lat' dir='ltr'><strong>pro-</strong></span> 
     </span>
    </p>
   </div>
   <div class='ocr_carea' id='block_1_42' title="bbox 1772 1331 3325 1405">
    <p class='ocr_par' dir='ltr' id='par_1_42' title="bbox 1772 1331 3325 1405">
     <span class='ocr_line' id='line_1_42' title="bbox 1772 1331 3325 1405; baseline 0.001 -17"><span class='ocrx_word' id='word_1_305' title='bbox 1772 1336 1886 1404; x_wconf 85' lang='lat' dir='ltr'><strong>pria</strong></span> <span class='ocrx_word' id='word_1_306' title='bbox 1907 1334 2076 1405; x_wconf 81' lang='lat' dir='ltr'><strong>gloria</strong></span> <span class='ocrx_word' id='word_1_307' title='bbox 2103 1331 2397 1402; x_wconf 75' lang='lat' dir='ltr'><strong>prtecellas.</strong></span> <span class='ocrx_word' id='word_1_308' title='bbox 2429 1331 2627 1400; x_wconf 86' lang='lat' dir='ltr'><strong>Accipe</strong></span> <span class='ocrx_word' id='word_1_309' title='bbox 2675 1332 2874 1403; x_wconf 88' lang='lat' dir='ltr'><strong>igitur,</strong></span> <span class='ocrx_word' id='word_1_310' title='bbox 2912 1334 3325 1404; x_wconf 86' lang='lat' dir='ltr'><strong>benignissima,</strong></span> 
     </span>
    </p>
   </div>
   <div class='ocr_carea' id='block_1_43' title="bbox 1770 1422 3332 1493">
    <p class='ocr_par' dir='ltr' id='par_1_43' title="bbox 1770 1422 3332 1493">
     <span class='ocr_line' id='line_1_43' title="bbox 1770 1422 3332 1493; baseline 0.004 -18"><span class='ocrx_word' id='word_1_311' title='bbox 1770 1424 1911 1477; x_wconf 88' lang='lat' dir='ltr'><strong>dona</strong></span> <span class='ocrx_word' id='word_1_312' title='bbox 1940 1424 2196 1493; x_wconf 86' lang='lat' dir='ltr'><strong>pretiosa,</strong></span> <span class='ocrx_word' id='word_1_313' title='bbox 2224 1422 2431 1489; x_wconf 87' lang='lat' dir='ltr'><strong>tibique</strong></span> <span class='ocrx_word' id='word_1_314' title='bbox 2459 1422 2549 1475; x_wconf 92' lang='lat' dir='ltr'><strong>uni</strong></span> <span class='ocrx_word' id='word_1_315' title='bbox 2585 1423 2961 1477; x_wconf 77' lang='lat' dir='ltr'><strong>convenientia</strong></span> <span class='ocrx_word' id='word_1_316' title='bbox 2988 1466 3003 1490; x_wconf 93' lang='lat'><strong>,</strong></span> <span class='ocrx_word' id='word_1_317' title='bbox 3055 1439 3087 1479; x_wconf 93' lang='grc' dir='ltr'><strong>ο</strong></span> <span class='ocrx_word' id='word_1_318' title='bbox 3118 1427 3332 1481; x_wconf 89' lang='lat' dir='ltr'><strong>cunctis</strong></span> 
     </span>
    </p>
   </div>
   <div class='ocr_carea' id='block_1_44' title="bbox 1772 1514 3330 1585">
    <p class='ocr_par' dir='ltr' id='par_1_44' title="bbox 1772 1514 3330 1585">
     <span class='ocr_line' id='line_1_44' title="bbox 1772 1514 3330 1585; baseline 0.001 -16"><span class='ocrx_word' id='word_1_319' title='bbox 1772 1517 1971 1570; x_wconf 86' lang='lat' dir='ltr'><strong>celsior</strong></span> <span class='ocrx_word' id='word_1_320' title='bbox 1992 1514 2452 1585; x_wconf 79' lang='lat' dir='ltr'><strong>generationibus,</strong></span> <span class='ocrx_word' id='word_1_321' title='bbox 2476 1528 2703 1584; x_wconf 63' lang='lat' dir='ltr'><strong>quaeque</strong></span> <span class='ocrx_word' id='word_1_322' title='bbox 2743 1516 2884 1567; x_wconf 84' lang='lat' dir='ltr'><strong>inter</strong></span> <span class='ocrx_word' id='word_1_323' title='bbox 2913 1524 3095 1570; x_wconf 85' lang='lat' dir='ltr'><strong>creata</strong></span> <span class='ocrx_word' id='word_1_324' title='bbox 3123 1520 3330 1582; x_wconf 88' lang='lat' dir='ltr'><strong>omnia,</strong></span> 
     </span>
    </p>
   </div>
   <div class='ocr_carea' id='block_1_45' title="bbox 1774 1605 3333 1670">
    <p class='ocr_par' dir='ltr' id='par_1_45' title="bbox 1774 1605 3333 1670">
     <span class='ocr_line' id='line_1_45' title="bbox 1774 1605 3333 1670; baseline 0.003 -11"><span class='ocrx_word' id='word_1_325' title='bbox 1774 1613 1889 1661; x_wconf 91' lang='lat' dir='ltr'><strong>tum</strong></span> <span class='ocrx_word' id='word_1_326' title='bbox 1919 1606 2174 1670; x_wconf 82' lang='lat' dir='ltr'><strong>visibilia,</strong></span> <span class='ocrx_word' id='word_1_327' title='bbox 2212 1615 2322 1658; x_wconf 88' lang='lat' dir='ltr'><strong>tum</strong></span> <span class='ocrx_word' id='word_1_328' title='bbox 2373 1605 2685 1669; x_wconf 80' lang='lat' dir='ltr'><strong>invisibilia,</strong></span> <span class='ocrx_word' id='word_1_329' title='bbox 2720 1605 2904 1660; x_wconf 89' lang='lat' dir='ltr'><strong>multis</strong></span> <span class='ocrx_word' id='word_1_330' title='bbox 2938 1609 3181 1663; x_wconf 88' lang='lat' dir='ltr'><strong>numeris</strong></span> <span class='ocrx_word' id='word_1_331' title='bbox 3228 1608 3333 1663; x_wconf 84' lang='lat' dir='ltr'><strong>ho-</strong></span> 
     </span>
    </p>
   </div>
   <div class='ocr_carea' id='block_1_46' title="bbox 1775 1695 3332 1759">
    <p class='ocr_par' dir='ltr' id='par_1_46' title="bbox 1775 1695 3332 1759">
     <span class='ocr_line' id='line_1_46' title="bbox 1775 1695 3332 1759; baseline 0.001 -8"><span class='ocrx_word' id='word_1_332' title='bbox 1775 1698 2073 1752; x_wconf 88' lang='lat' dir='ltr'><strong>norabilior</strong></span> <span class='ocrx_word' id='word_1_333' title='bbox 2096 1696 2361 1753; x_wconf 88' lang='lat' dir='ltr'><strong>enituisti.</strong></span> <span class='ocrx_word' id='word_1_334' title='bbox 2397 1695 2543 1752; x_wconf 82' lang='lat' dir='ltr'><strong>Felix</strong></span> <span class='ocrx_word' id='word_1_335' title='bbox 2588 1696 2741 1751; x_wconf 86' lang='lat' dir='ltr'><strong>radix</strong></span> <span class='ocrx_word' id='word_1_336' title='bbox 2780 1695 2951 1759; x_wconf 81' lang='lat' dir='ltr'><strong>Jesse,</strong></span> <span class='ocrx_word' id='word_1_337' title='bbox 2982 1704 3033 1751; x_wconf 88' lang='lat' dir='ltr'><strong>et</strong></span> <span class='ocrx_word' id='word_1_338' title='bbox 3064 1704 3147 1752; x_wconf 89' lang='lat' dir='ltr'><strong>ter</strong></span> <span class='ocrx_word' id='word_1_339' title='bbox 3176 1699 3332 1753; x_wconf 83' lang='lat' dir='ltr'><strong>beata</strong></span> 
     </span>
    </p>
   </div>
   <div class='ocr_carea' id='block_1_47' title="bbox 1774 1787 3333 1858">
    <p class='ocr_par' dir='ltr' id='par_1_47' title="bbox 1774 1787 3333 1858">
     <span class='ocr_line' id='line_1_47' title="bbox 1774 1787 3333 1858; baseline 0.001 -15"><span class='ocrx_word' id='word_1_340' title='bbox 1774 1789 1969 1843; x_wconf 89' lang='lat' dir='ltr'><strong>domus</strong></span> <span class='ocrx_word' id='word_1_341' title='bbox 1992 1787 2159 1841; x_wconf 81' lang='lat' dir='ltr'><strong>David</strong></span> <span class='ocrx_word' id='word_1_342' title='bbox 2203 1788 2259 1840; x_wconf 92' lang='lat' dir='ltr'><strong>in</strong></span> <span class='ocrx_word' id='word_1_343' title='bbox 2288 1803 2394 1857; x_wconf 89' lang='lat' dir='ltr'><strong>qua</strong></span> <span class='ocrx_word' id='word_1_344' title='bbox 2417 1788 2752 1858; x_wconf 80' lang='lat' dir='ltr'><strong>germinasti.</strong></span> <span class='ocrx_word' id='word_1_345' title='bbox 2778 1788 2915 1842; x_wconf 77' lang='lat' dir='ltr'><strong>Deus</strong></span> <span class='ocrx_word' id='word_1_346' title='bbox 2947 1789 2999 1841; x_wconf 80' lang='lat' dir='ltr'><strong>in</strong></span> <span class='ocrx_word' id='word_1_347' title='bbox 3029 1790 3195 1844; x_wconf 81' lang='lat' dir='ltr'><strong>medio</strong></span> <span class='ocrx_word' id='word_1_348' title='bbox 3224 1794 3333 1856; x_wconf 73' lang='lat' dir='ltr'><strong>tui,</strong></span> 
     </span>
    </p>
   </div>
   <div class='ocr_carea' id='block_1_48' title="bbox 1773 1878 3333 1950">
    <p class='ocr_par' dir='ltr' id='par_1_48' title="bbox 1773 1878 3333 1950">
     <span class='ocr_line' id='line_1_48' title="bbox 1773 1878 3333 1950; baseline 0.001 -16"><span class='ocrx_word' id='word_1_349' title='bbox 1773 1887 1823 1934; x_wconf 85' lang='lat' dir='ltr'><strong>et</strong></span> <span class='ocrx_word' id='word_1_350' title='bbox 1850 1896 1951 1933; x_wconf 82' lang='lat' dir='ltr'><strong>non</strong></span> <span class='ocrx_word' id='word_1_351' title='bbox 1974 1878 2370 1933; x_wconf 80' lang='lat' dir='ltr'><strong>commoveberis</strong></span> <span class='ocrx_word' id='word_1_352' title='bbox 2398 1896 2417 1933; x_wconf 89' lang='lat'><strong><em>:</em></strong></span> <span class='ocrx_word' id='word_1_353' title='bbox 2446 1880 2791 1950; x_wconf 80' lang='lat' dir='ltr'><strong>sanctiﬁcavit</strong></span> <span class='ocrx_word' id='word_1_354' title='bbox 2819 1880 2952 1934; x_wconf 78' lang='lat' dir='ltr'><strong>enim</strong></span> <span class='ocrx_word' id='word_1_355' title='bbox 2989 1890 3056 1945; x_wconf 83' lang='lat' dir='ltr'><strong>te,</strong></span> <span class='ocrx_word' id='word_1_356' title='bbox 3090 1879 3333 1936; x_wconf 84' lang='lat' dir='ltr'><strong>taberna-</strong></span> 
     </span>
    </p>
   </div>
   <div class='ocr_carea' id='block_1_49' title="bbox 1774 1968 3337 2040">
    <p class='ocr_par' dir='ltr' id='par_1_49' title="bbox 1774 1968 3337 2040">
     <span class='ocr_line' id='line_1_49' title="bbox 1774 1968 3337 2040; baseline 0.003 -20"><span class='ocrx_word' id='word_1_357' title='bbox 1774 1969 1949 2020; x_wconf 74' lang='lat' dir='ltr'><strong>culum</strong></span> <span class='ocrx_word' id='word_1_358' title='bbox 1977 1983 2149 2033; x_wconf 81' lang='lat' dir='ltr'><strong>suum,</strong></span> <span class='ocrx_word' id='word_1_359' title='bbox 2174 1968 2476 2021; x_wconf 73' lang='lat' dir='ltr'><strong>Altissimus</strong></span> <span class='ocrx_word' id='word_1_360' title='bbox 2504 1970 2549 2001; x_wconf 90' lang='grc'><strong>⁷³</strong></span> <span class='ocrx_word' id='word_1_361' title='bbox 2580 1987 2592 2022; x_wconf 92' lang='lat'>:</span> <span class='ocrx_word' id='word_1_362' title='bbox 2627 1970 2683 2023; x_wconf 88' lang='lat' dir='ltr'><strong>in</strong></span> <span class='ocrx_word' id='word_1_363' title='bbox 2711 1979 2764 2026; x_wconf 89' lang='lat' dir='ltr'><strong>te</strong></span> <span class='ocrx_word' id='word_1_364' title='bbox 2785 1970 2927 2024; x_wconf 87' lang='lat' dir='ltr'><strong>enim</strong></span> <span class='ocrx_word' id='word_1_365' title='bbox 2951 1968 3042 2024; x_wconf 90' lang='lat' dir='ltr'><strong>Dei</strong></span> <span class='ocrx_word' id='word_1_366' title='bbox 3064 1968 3130 2023; x_wconf 86' lang='lat' dir='ltr'><strong>ad</strong></span> <span class='ocrx_word' id='word_1_367' title='bbox 3155 1977 3337 2040; x_wconf 79' lang='lat' dir='ltr'><strong>patres</strong></span> 
     </span>
    </p>
   </div>
   <div class='ocr_carea' id='block_1_50' title="bbox 1772 2059 3336 2131">
    <p class='ocr_par' dir='ltr' id='par_1_50' title="bbox 1772 2059 3336 2131">
     <span class='ocr_line' id='line_1_50' title="bbox 1772 2059 3336 2131; baseline 0.001 -17"><span class='ocrx_word' id='word_1_368' title='bbox 1772 2066 2091 2114; x_wconf 83' lang='lat' dir='ltr'><strong>testamenta</strong></span> <span class='ocrx_word' id='word_1_369' title='bbox 2116 2059 2531 2129; x_wconf 86' lang='lat' dir='ltr'><strong>juramentaque</strong></span> <span class='ocrx_word' id='word_1_370' title='bbox 2569 2060 2727 2115; x_wconf 93' lang='lat' dir='ltr'><strong>ﬁnem</strong></span> <span class='ocrx_word' id='word_1_371' title='bbox 2758 2061 3212 2131; x_wconf 83' lang='lat' dir='ltr'><strong>gloriosissimum</strong></span> <span class='ocrx_word' id='word_1_372' title='bbox 3244 2077 3336 2116; x_wconf 89' lang='lat' dir='ltr'><strong>ac-</strong></span> 
     </span>
    </p>
   </div>
   <div class='ocr_carea' id='block_1_51' title="bbox 1773 2150 3338 2221">
    <p class='ocr_par' dir='ltr' id='par_1_51' title="bbox 1773 2150 3338 2221">
     <span class='ocr_line' id='line_1_51' title="bbox 1773 2150 3338 2221; baseline 0.003 -16"><span class='ocrx_word' id='word_1_373' title='bbox 1773 2158 2060 2219; x_wconf 88' lang='lat' dir='ltr'><strong>ceperunt;</strong></span> <span class='ocrx_word' id='word_1_374' title='bbox 2091 2151 2216 2219; x_wconf 86' lang='lat' dir='ltr'><strong>quia</strong></span> <span class='ocrx_word' id='word_1_375' title='bbox 2252 2165 2347 2221; x_wconf 90' lang='lat' dir='ltr'><strong>per</strong></span> <span class='ocrx_word' id='word_1_376' title='bbox 2385 2158 2440 2205; x_wconf 89' lang='lat' dir='ltr'><strong>te</strong></span> <span class='ocrx_word' id='word_1_377' title='bbox 2496 2150 2756 2206; x_wconf 84' lang='lat' dir='ltr'><strong>Dominus</strong></span> <span class='ocrx_word' id='word_1_378' title='bbox 2789 2151 2965 2207; x_wconf 79' lang='lat' dir='ltr'><strong>factus</strong></span> <span class='ocrx_word' id='word_1_379' title='bbox 3016 2160 3099 2208; x_wconf 90' lang='lat' dir='ltr'><strong>est</strong></span> <span class='ocrx_word' id='word_1_380' title='bbox 3123 2195 3138 2219; x_wconf 89' lang='lat'><strong>,</strong></span> <span class='ocrx_word' id='word_1_381' title='bbox 3195 2153 3338 2209; x_wconf 87' lang='lat' dir='ltr'><strong>Deus</strong></span> 
     </span>
    </p>
   </div>
   <div class='ocr_carea' id='block_1_52' title="bbox 1773 2239 3339 2307">
    <p class='ocr_par' dir='ltr' id='par_1_52' title="bbox 1773 2239 3339 2307">
     <span class='ocr_line' id='line_1_52' title="bbox 1773 2239 3339 2307; baseline 0.001 -11"><span class='ocrx_word' id='word_1_382' title='bbox 1773 2243 2037 2297; x_wconf 83' lang='lat' dir='ltr'><strong>virtutum</strong></span> <span class='ocrx_word' id='word_1_383' title='bbox 2067 2241 2370 2297; x_wconf 87' lang='lat' dir='ltr'><strong>nobiscum.</strong></span> <span class='ocrx_word' id='word_1_384' title='bbox 2424 2239 2613 2297; x_wconf 84' lang='lat' dir='ltr'><strong>Rubus</strong></span> <span class='ocrx_word' id='word_1_385' title='bbox 2645 2242 2734 2296; x_wconf 92' lang='lat' dir='ltr'><strong>ille</strong></span> <span class='ocrx_word' id='word_1_386' title='bbox 2784 2242 3019 2297; x_wconf 89' lang='lat' dir='ltr'><strong>intactus</strong></span> <span class='ocrx_word' id='word_1_387' title='bbox 3045 2244 3113 2307; x_wconf 74' lang='lat'><strong>&quot;,</strong></span> <span class='ocrx_word' id='word_1_388' title='bbox 3152 2244 3339 2298; x_wconf 88' lang='lat' dir='ltr'><strong>divina</strong></span> 
     </span>
    </p>
   </div>
   <div class='ocr_carea' id='block_1_53' title="bbox 1773 2332 3337 2403">
    <p class='ocr_par' dir='ltr' id='par_1_53' title="bbox 1773 2332 3337 2403">
     <span class='ocr_line' id='line_1_53' title="bbox 1773 2332 3337 2403; baseline 0.003 -18"><span class='ocrx_word' id='word_1_389' title='bbox 1773 2333 2005 2403; x_wconf 88' lang='lat' dir='ltr'><strong>quadam</strong></span> <span class='ocrx_word' id='word_1_390' title='bbox 2034 2333 2318 2401; x_wconf 85' lang='lat' dir='ltr'><strong>majestate</strong></span> <span class='ocrx_word' id='word_1_391' title='bbox 2339 2332 2550 2401; x_wconf 89' lang='lat' dir='ltr'><strong>plenam</strong></span> <span class='ocrx_word' id='word_1_392' title='bbox 2581 2334 2693 2401; x_wconf 88' lang='lat' dir='ltr'><strong>jam</strong></span> <span class='ocrx_word' id='word_1_393' title='bbox 2726 2340 2839 2386; x_wconf 92' lang='lat' dir='ltr'><strong>tum</strong></span> <span class='ocrx_word' id='word_1_394' title='bbox 2865 2332 3163 2389; x_wconf 80' lang='lat' dir='ltr'><strong>informans</strong></span> <span class='ocrx_word' id='word_1_395' title='bbox 3189 2344 3337 2389; x_wconf 89' lang='lat' dir='ltr'><strong>tuam</strong></span> 
     </span>
    </p>
   </div>
   <div class='ocr_carea' id='block_1_54' title="bbox 1777 2420 3340 2492">
    <p class='ocr_par' dir='ltr' id='par_1_54' title="bbox 1777 2420 3340 2492">
     <span class='ocr_line' id='line_1_54' title="bbox 1777 2420 3340 2492; baseline -0.001 -15"><span class='ocrx_word' id='word_1_396' title='bbox 1777 2421 2222 2492; x_wconf 54' lang='lat' dir='ltr'><strong>ﬁguram-Deum</strong></span> <span class='ocrx_word' id='word_1_397' title='bbox 2284 2420 2559 2492; x_wconf 76' lang='lat' dir='ltr'><strong>propheta:</strong></span> <span class='ocrx_word' id='word_1_398' title='bbox 2612 2430 2977 2490; x_wconf 81' lang='lat' dir='ltr'><strong>apparentem,</strong></span> <span class='ocrx_word' id='word_1_399' title='bbox 3006 2422 3161 2490; x_wconf 88' lang='lat' dir='ltr'><strong>juxta</strong></span> <span class='ocrx_word' id='word_1_400' title='bbox 3190 2422 3340 2491; x_wconf 86' lang='lat' dir='ltr'><strong>quod</strong></span> 
     </span>
    </p>
   </div>
   <div class='ocr_carea' id='block_1_55' title="bbox 1776 2511 3336 2583">
    <p class='ocr_par' dir='ltr' id='par_1_55' title="bbox 1776 2511 3336 2583">
     <span class='ocr_line' id='line_1_55' title="bbox 1776 2511 3336 2583; baseline -0.001 -15"><span class='ocrx_word' id='word_1_401' title='bbox 1776 2515 1824 2568; x_wconf 91' lang='lat' dir='ltr'><strong>ei</strong></span> <span class='ocrx_word' id='word_1_402' title='bbox 1871 2513 2201 2583; x_wconf 89' lang='lat' dir='ltr'><strong>conspicuus</strong></span> <span class='ocrx_word' id='word_1_403' title='bbox 2256 2511 2371 2567; x_wconf 91' lang='lat' dir='ltr'><strong>ﬁeri</strong></span> <span class='ocrx_word' id='word_1_404' title='bbox 2418 2512 2624 2576; x_wconf 86' lang='lat' dir='ltr'><strong>voluit,</strong></span> <span class='ocrx_word' id='word_1_405' title='bbox 2676 2513 3049 2567; x_wconf 82' lang='lat' dir='ltr'><strong>incombustus</strong></span> <span class='ocrx_word' id='word_1_406' title='bbox 3106 2512 3336 2572; x_wconf 82' lang='lat' dir='ltr'><strong>ferebat.</strong></span> 
     </span>
    </p>
   </div>
   <div class='ocr_carea' id='block_1_56' title="bbox 1776 2604 3338 2675">
    <p class='ocr_par' dir='ltr' id='par_1_56' title="bbox 1776 2604 3338 2675">
     <span class='ocr_line' id='line_1_56' title="bbox 1776 2604 3338 2675; baseline 0.001 -17"><span class='ocrx_word' id='word_1_407' title='bbox 1776 2604 1921 2660; x_wconf 90' lang='lat' dir='ltr'><strong>Dura</strong></span> <span class='ocrx_word' id='word_1_408' title='bbox 1968 2613 2147 2659; x_wconf 90' lang='lat' dir='ltr'><strong>autem</strong></span> <span class='ocrx_word' id='word_1_409' title='bbox 2174 2619 2367 2659; x_wconf 87' lang='lat' dir='ltr'><strong>rursus</strong></span> <span class='ocrx_word' id='word_1_410' title='bbox 2392 2618 2456 2658; x_wconf 88' lang='lat' dir='ltr'><strong>ac</strong></span> <span class='ocrx_word' id='word_1_411' title='bbox 2482 2613 2756 2675; x_wconf 62' lang='lat' dir='ltr'><strong>prterupta</strong></span> <span class='ocrx_word' id='word_1_412' title='bbox 2785 2613 2953 2675; x_wconf 85' lang='lat' dir='ltr'><strong>petra,</strong></span> <span class='ocrx_word' id='word_1_413' title='bbox 2984 2604 3125 2674; x_wconf 91' lang='lat' dir='ltr'><strong>quod</strong></span> <span class='ocrx_word' id='word_1_414' title='bbox 3173 2620 3239 2659; x_wconf 83' lang='lat' dir='ltr'><strong>ex</strong></span> <span class='ocrx_word' id='word_1_415' title='bbox 3284 2613 3338 2659; x_wconf 91' lang='lat' dir='ltr'><strong>te</strong></span> 
     </span>
    </p>
   </div>
   <div class='ocr_carea' id='block_1_57' title="bbox 1779 2695 3339 2767">
    <p class='ocr_par' dir='ltr' id='par_1_57' title="bbox 1779 2695 3339 2767">
     <span class='ocr_line' id='line_1_57' title="bbox 1779 2695 3339 2767; baseline 0.001 -17"><span class='ocrx_word' id='word_1_416' title='bbox 1779 2697 1833 2750; x_wconf 91' lang='lat' dir='ltr'><strong>in</strong></span> <span class='ocrx_word' id='word_1_417' title='bbox 1861 2696 2173 2751; x_wconf 89' lang='lat' dir='ltr'><strong>universum</strong></span> <span class='ocrx_word' id='word_1_418' title='bbox 2198 2695 2385 2751; x_wconf 90' lang='lat' dir='ltr'><strong>orbem</strong></span> <span class='ocrx_word' id='word_1_419' title='bbox 2427 2695 2614 2766; x_wconf 79' lang='lat' dir='ltr'><strong>gratiae</strong></span> <span class='ocrx_word' id='word_1_420' title='bbox 2662 2712 2863 2752; x_wconf 91' lang='lat' dir='ltr'><strong>munus</strong></span> <span class='ocrx_word' id='word_1_421' title='bbox 2894 2695 3339 2767; x_wconf 79' lang='lat' dir='ltr'><strong>refrigeratioque</strong></span> 
     </span>
    </p>
   </div>
   <div class='ocr_carea' id='block_1_58' title="bbox 1779 2774 3339 2863">
    <p class='ocr_par' dir='ltr' id='par_1_58' title="bbox 1779 2774 3339 2863">
     <span class='ocr_line' id='line_1_58' title="bbox 1779 2774 3339 2863; baseline -0.001 -21"><span class='ocrx_word' id='word_1_422' title='bbox 1779 2786 2150 2859; x_wconf 85' lang='lat' dir='ltr'><strong>promanavit,</strong></span> <span class='ocrx_word' id='word_1_423' title='bbox 2194 2794 2248 2863; x_wconf 85' lang='lat' dir='ltr'><strong>et</strong></span> <span class='ocrx_word' id='word_1_424' title='bbox 2275 2786 2392 2857; x_wconf 86' lang='lat' dir='ltr'><strong>ipsa</strong></span> <span class='ocrx_word' id='word_1_425' title='bbox 2424 2788 2695 2856; x_wconf 89' lang='lat' dir='ltr'><strong>quondam</strong></span> <span class='ocrx_word' id='word_1_426' title='bbox 2729 2789 3036 2859; x_wconf 76' lang='lat' dir='ltr'><strong>exprimens</strong></span> <span class='ocrx_word' id='word_1_427' title='bbox 3091 2774 3339 2858; x_wconf 77' lang='lat' dir='ltr'><strong>praeﬁgu-</strong></span> 
     </span>
    </p>
   </div>
   <div class='ocr_carea' id='block_1_59' title="bbox 1778 2878 3338 2949">
    <p class='ocr_par' dir='ltr' id='par_1_59' title="bbox 1778 2878 3338 2949">
     <span class='ocr_line' id='line_1_59' title="bbox 1778 2878 3338 2949; baseline 0 -16"><span class='ocrx_word' id='word_1_428' title='bbox 1778 2896 2033 2949; x_wconf 88' lang='lat' dir='ltr'><strong>ransque,</strong></span> <span class='ocrx_word' id='word_1_429' title='bbox 2076 2878 2347 2934; x_wconf 87' lang='lat' dir='ltr'><strong>deﬁcienti</strong></span> <span class='ocrx_word' id='word_1_430' title='bbox 2401 2880 2457 2932; x_wconf 92' lang='lat' dir='ltr'><strong>in</strong></span> <span class='ocrx_word' id='word_1_431' title='bbox 2509 2878 2762 2944; x_wconf 85' lang='lat' dir='ltr'><strong>deserto,</strong></span> <span class='ocrx_word' id='word_1_432' title='bbox 2816 2880 3011 2949; x_wconf 90' lang='lat' dir='ltr'><strong>populo</strong></span> <span class='ocrx_word' id='word_1_433' title='bbox 3056 2881 3338 2949; x_wconf 90' lang='lat' dir='ltr'><strong>copiosum</strong></span> 
     </span>
    </p>
   </div>
   <div class='ocr_carea' id='block_1_60' title="bbox 1778 2970 3341 3039">
    <p class='ocr_par' dir='ltr' id='par_1_60' title="bbox 1778 2970 3341 3039">
     <span class='ocr_line' id='line_1_60' title="bbox 1778 2970 3341 3039; baseline 0.001 -15"><span class='ocrx_word' id='word_1_434' title='bbox 1778 2972 2036 3024; x_wconf 83' lang='lat' dir='ltr'><strong>auxilium</strong></span> <span class='ocrx_word' id='word_1_435' title='bbox 2068 2986 2135 3025; x_wconf 87' lang='lat' dir='ltr'><strong>ex</strong></span> <span class='ocrx_word' id='word_1_436' title='bbox 2164 2970 2403 3025; x_wconf 89' lang='lat' dir='ltr'><strong>hiatibus</strong></span> <span class='ocrx_word' id='word_1_437' title='bbox 2444 2970 2607 3025; x_wconf 88' lang='lat' dir='ltr'><strong>siccis</strong></span> <span class='ocrx_word' id='word_1_438' title='bbox 2640 2970 2894 3039; x_wconf 86' lang='lat' dir='ltr'><strong>produxit</strong></span> <span class='ocrx_word' id='word_1_439' title='bbox 2930 2973 2995 3026; x_wconf 77' lang='grc'><strong>⁷⁸.</strong></span> <span class='ocrx_word' id='word_1_440' title='bbox 3038 2970 3143 3027; x_wconf 88' lang='lat' dir='ltr'><strong>Sed</strong></span> <span class='ocrx_word' id='word_1_441' title='bbox 3172 2980 3227 3026; x_wconf 91' lang='lat' dir='ltr'><strong>et</strong></span> <span class='ocrx_word' id='word_1_442' title='bbox 3253 2987 3341 3027; x_wconf 88' lang='lat' dir='ltr'><strong>sa-</strong></span> 
     </span>
    </p>
   </div>
   <div class='ocr_carea' id='block_1_61' title="bbox 1777 3056 3341 3131">
    <p class='ocr_par' dir='ltr' id='par_1_61' title="bbox 1777 3056 3341 3131">
     <span class='ocr_line' id='line_1_61' title="bbox 1777 3056 3341 3131; baseline -0.003 -17"><span class='ocrx_word' id='word_1_443' title='bbox 1777 3059 2013 3115; x_wconf 89' lang='lat' dir='ltr'><strong>cerdotis</strong></span> <span class='ocrx_word' id='word_1_444' title='bbox 2035 3059 2187 3131; x_wconf 83' lang='lat' dir='ltr'><strong>virga</strong></span> <span class='ocrx_word' id='word_1_445' title='bbox 2216 3059 2284 3122; x_wconf 77' lang='grc'><strong>⁷⁸,</strong></span> <span class='ocrx_word' id='word_1_446' title='bbox 2318 3058 2375 3112; x_wconf 92' lang='lat' dir='ltr'><strong>in</strong></span> <span class='ocrx_word' id='word_1_447' title='bbox 2420 3056 2655 3112; x_wconf 81' lang='lat' dir='ltr'><strong>fructum</strong></span> <span class='ocrx_word' id='word_1_448' title='bbox 2697 3057 2814 3112; x_wconf 89' lang='lat' dir='ltr'><strong>sine</strong></span> <span class='ocrx_word' id='word_1_449' title='bbox 2853 3058 3087 3120; x_wconf 87' lang='lat' dir='ltr'><strong>cultura,</strong></span> <span class='ocrx_word' id='word_1_450' title='bbox 3113 3066 3341 3127; x_wconf 85' lang='lat' dir='ltr'><strong>sponta-</strong></span> 
     </span>
    </p>
   </div>
   <div class='ocr_carea' id='block_1_62' title="bbox 138 3146 1677 3222">
    <p class='ocr_par' dir='ltr' id='par_1_62' title="bbox 138 3148 1675 3222">
     <span class='ocr_line' id='line_1_62' title="bbox 138 3148 1675 3222; baseline -0.002 -19"><span class='ocrx_word' id='word_1_451' title='bbox 138 3151 220 3203; x_wconf 62' lang='grc' dir='ltr'>τὴν</span> <span class='ocrx_word' id='word_1_452' title='bbox 248 3150 602 3222; x_wconf 76' lang='grc' dir='ltr'>ὲξανθήσασα,</span> <span class='ocrx_word' id='word_1_453' title='bbox 638 3151 907 3222; x_wconf 81' lang='grc' dir='ltr'>ίερατείας</span> <span class='ocrx_word' id='word_1_454' title='bbox 940 3150 1242 3220; x_wconf 75' lang='grc' dir='ltr'>ἐνδελεχοῦς</span> <span class='ocrx_word' id='word_1_455' title='bbox 1274 3148 1582 3219; x_wconf 69' lang='grc' dir='ltr'>ἀρραϐῶνα.</span> <span class='ocrx_word' id='word_1_456' title='bbox 1612 3148 1675 3200; x_wconf 87' lang='grc' dir='ltr'>Τί</span> 
     </span>
    </p>
   </div>
   <div class='ocr_carea' id='block_1_63' title="bbox 1777 3146 3342 3222">
    <p class='ocr_par' dir='ltr' id='par_1_63' title="bbox 1780 3146 3342 3221">
     <span class='ocr_line' id='line_1_63' title="bbox 1780 3146 3342 3221; baseline -0.003 -15"><span class='ocrx_word' id='word_1_457' title='bbox 1780 3164 2050 3221; x_wconf 88' lang='lat' dir='ltr'><strong>neumque</strong></span> <span class='ocrx_word' id='word_1_458' title='bbox 2102 3148 2391 3205; x_wconf 89' lang='lat' dir='ltr'><strong>sacerdotii</strong></span> <span class='ocrx_word' id='word_1_459' title='bbox 2448 3148 2704 3218; x_wconf 87' lang='lat' dir='ltr'><strong>perennis</strong></span> <span class='ocrx_word' id='word_1_460' title='bbox 2751 3147 3109 3203; x_wconf 86' lang='lat' dir='ltr'><strong>arrhabonem</strong></span> <span class='ocrx_word' id='word_1_461' title='bbox 3136 3188 3152 3212; x_wconf 92' lang='lat'><strong>,</strong></span> <span class='ocrx_word' id='word_1_462' title='bbox 3192 3146 3342 3202; x_wconf 75' lang='lat' dir='ltr'><strong>etno-</strong></span> 
     </span>
    </p>
   </div>
   <div class='ocr_carea' id='block_1_64' title="bbox 137 3221 1677 3313">
    <p class='ocr_par' dir='ltr' id='par_1_64' title="bbox 137 3221 1677 3313">
     <span class='ocr_line' id='line_1_64' title="bbox 137 3221 1677 3313; baseline 0.001 -21"><span class='ocrx_word' id='word_1_463' title='bbox 137 3240 208 3303; x_wconf 53' lang='grc' dir='ltr'>δὴ</span> <span class='ocrx_word' id='word_1_464' title='bbox 234 3243 316 3293; x_wconf 76' lang='grc' dir='ltr'><strong>καὶ</strong></span> <span class='ocrx_word' id='word_1_465' title='bbox 338 3246 365 3294; x_wconf 81' lang='grc' dir='ltr'><strong><em>ὁ</em></strong></span> <span class='ocrx_word' id='word_1_466' title='bbox 399 3221 576 3313; x_wconf 83' lang='grc' dir='ltr'>μέγας</span> <span class='ocrx_word' id='word_1_467' title='bbox 603 3221 841 3312; x_wconf 79' lang='grc' dir='ltr'>Μωῡσῆς</span> <span class='ocrx_word' id='word_1_468' title='bbox 884 3244 943 3295; x_wconf 80' lang='grc' dir='ltr'>οὐ</span> <span class='ocrx_word' id='word_1_469' title='bbox 993 3242 1185 3313; x_wconf 85' lang='grc' dir='ltr'>κομιδῆ</span> <span class='ocrx_word' id='word_1_470' title='bbox 1234 3242 1562 3312; x_wconf 81' lang='grc' dir='ltr'>παρέστησε,</span> <span class='ocrx_word' id='word_1_471' title='bbox 1592 3239 1677 3293; x_wconf 80' lang='grc' dir='ltr'><strong>διὰ</strong></span> 
     </span>
    </p>
   </div>
   <div class='ocr_carea' id='block_1_65' title="bbox 1777 3221 3344 3313">
    <p class='ocr_par' dir='ltr' id='par_1_65' title="bbox 1781 3238 3344 3312">
     <span class='ocr_line' id='line_1_65' title="bbox 1781 3238 3344 3312; baseline -0.004 -13"><span class='ocrx_word' id='word_1_472' title='bbox 1781 3260 1908 3302; x_wconf 77' lang='lat' dir='ltr'><strong>rens</strong></span> <span class='ocrx_word' id='word_1_473' title='bbox 1936 3246 2005 3308; x_wconf 84' lang='grc'><strong>⁷⁷,</strong></span> <span class='ocrx_word' id='word_1_474' title='bbox 2030 3243 2168 3298; x_wconf 88' lang='lat' dir='ltr'><strong>nihil</strong></span> <span class='ocrx_word' id='word_1_475' title='bbox 2221 3241 2509 3312; x_wconf 89' lang='lat' dir='ltr'><strong>reprobum</strong></span> <span class='ocrx_word' id='word_1_476' title='bbox 2542 3240 2724 3295; x_wconf 78' lang='lat' dir='ltr'><strong>eximii</strong></span> <span class='ocrx_word' id='word_1_477' title='bbox 2758 3239 2836 3294; x_wconf 91' lang='lat' dir='ltr'><strong>tui</strong></span> <span class='ocrx_word' id='word_1_478' title='bbox 2888 3247 3076 3309; x_wconf 89' lang='lat' dir='ltr'><strong>partus</strong></span> <span class='ocrx_word' id='word_1_479' title='bbox 3122 3238 3344 3308; x_wconf 85' lang='lat' dir='ltr'><strong>symbo-</strong></span> 
     </span>
    </p>
   </div>
   <div class='ocr_carea' id='block_1_66' title="bbox 141 3328 1677 3405">
    <p class='ocr_par' dir='ltr' id='par_1_66' title="bbox 141 3328 1677 3405">
     <span class='ocr_line' id='line_1_66' title="bbox 141 3328 1677 3405; baseline 0.002 -24"><span class='ocrx_word' id='word_1_480' title='bbox 141 3332 240 3392; x_wconf 70' lang='grc' dir='ltr'>τοὺς</span> <span class='ocrx_word' id='word_1_481' title='bbox 264 3333 384 3405; x_wconf 75' lang='grc' dir='ltr'>περὶ</span> <span class='ocrx_word' id='word_1_482' title='bbox 410 3333 473 3385; x_wconf 77' lang='grc' dir='ltr'><strong>σὲ</strong></span> <span class='ocrx_word' id='word_1_483' title='bbox 493 3328 968 3403; x_wconf 64' lang='grc' dir='ltr'>δυσκαταλήπῖτους</span> <span class='ocrx_word' id='word_1_484' title='bbox 990 3333 1193 3396; x_wconf 83' lang='grc' dir='ltr'>τύπους</span> <span class='ocrx_word' id='word_1_485' title='bbox 1224 3332 1532 3404; x_wconf 83' lang='grc' dir='ltr'>ὲγχρονίσαι</span> <span class='ocrx_word' id='word_1_486' title='bbox 1566 3331 1677 3403; x_wconf 79' lang='grc'><strong>(67)</strong></span> 
     </span>
    </p>
   </div>
   <div class='ocr_carea' id='block_1_67' title="bbox 142 3420 1679 3493">
    <p class='ocr_par' dir='ltr' id='par_1_67' title="bbox 142 3420 1679 3493">
     <span class='ocr_line' id='line_1_67' title="bbox 142 3420 1679 3493; baseline 0 -20"><span class='ocrx_word' id='word_1_487' title='bbox 142 3420 202 3489; x_wconf 76' lang='grc' dir='ltr'>τῷ</span> <span class='ocrx_word' id='word_1_488' title='bbox 224 3420 326 3491; x_wconf 72' lang='grc' dir='ltr'>δρει</span> <span class='ocrx_word' id='word_1_489' title='bbox 355 3423 496 3490; x_wconf 74' lang='grc' dir='ltr'>ἔγνω</span> <span class='ocrx_word' id='word_1_490' title='bbox 532 3422 605 3475; x_wconf 78' lang='grc' dir='ltr'><strong>τὰ</strong></span> <span class='ocrx_word' id='word_1_491' title='bbox 634 3423 764 3493; x_wconf 76' lang='grc' dir='ltr'>περὶ</span> <span class='ocrx_word' id='word_1_492' title='bbox 795 3422 895 3491; x_wconf 77' lang='grc' dir='ltr'>τῆς</span> <span class='ocrx_word' id='word_1_493' title='bbox 927 3422 1095 3491; x_wconf 83' lang='grc' dir='ltr'>ἁγνῆς</span> <span class='ocrx_word' id='word_1_494' title='bbox 1132 3422 1538 3475; x_wconf 81' lang='grc' dir='ltr'><strong>ἐκδιδάσκεσθαι</strong></span> <span class='ocrx_word' id='word_1_495' title='bbox 1580 3439 1679 3489; x_wconf 88' lang='grc' dir='ltr'>μυ-</span> 
     </span>
    </p>
   </div>
   <div class='ocr_carea' id='block_1_68' title="bbox 146 3512 1679 3585">
    <p class='ocr_par' dir='ltr' id='par_1_68' title="bbox 146 3512 1679 3585">
     <span class='ocr_line' id='line_1_68' title="bbox 146 3512 1679 3585; baseline -0.002 -18"><span class='ocrx_word' id='word_1_496' title='bbox 146 3514 335 3583; x_wconf 60' lang='lat' dir='ltr'><strong>arium;</strong></span> <span class='ocrx_word' id='word_1_497' title='bbox 377 3514 551 3585; x_wconf 79' lang='grc' dir='ltr'>Πῆξαι</span> <span class='ocrx_word' id='word_1_498' title='bbox 600 3513 708 3582; x_wconf 83' lang='grc' dir='ltr'>γὰρ</span> <span class='ocrx_word' id='word_1_499' title='bbox 760 3512 900 3565; x_wconf 68' lang='grc' dir='ltr'>κατὰ</span> <span class='ocrx_word' id='word_1_500' title='bbox 938 3512 1199 3584; x_wconf 82' lang='grc' dir='ltr'>σύμϐολον</span> <span class='ocrx_word' id='word_1_501' title='bbox 1256 3515 1349 3566; x_wconf 74' lang='grc' dir='ltr'><strong>καὶ</strong></span> <span class='ocrx_word' id='word_1_502' title='bbox 1399 3513 1533 3583; x_wconf 81' lang='grc' dir='ltr'>πρὸς</span> <span class='ocrx_word' id='word_1_503' title='bbox 1576 3513 1679 3580; x_wconf 86' lang='grc' dir='ltr'>ἀφ-</span> 
     </span>
    </p>
   </div>
   <div class='ocr_carea' id='block_1_69' title="bbox 146 3603 1677 3674">
    <p class='ocr_par' dir='ltr' id='par_1_69' title="bbox 146 3603 1677 3674">
     <span class='ocr_line' id='line_1_69' title="bbox 146 3603 1677 3674; baseline 0.001 -23"><span class='ocrx_word' id='word_1_504' title='bbox 146 3603 364 3670; x_wconf 68' lang='grc' dir='ltr'>ςμοίωσιν</span> <span class='ocrx_word' id='word_1_505' title='bbox 394 3604 626 3658; x_wconf 77' lang='grc' dir='ltr'>κιϐωτὸν</span> <span class='ocrx_word' id='word_1_506' title='bbox 663 3603 758 3656; x_wconf 74' lang='grc' dir='ltr'><strong>καὶ</strong></span> <span class='ocrx_word' id='word_1_507' title='bbox 790 3603 990 3672; x_wconf 84' lang='grc' dir='ltr'>ταύτην</span> <span class='ocrx_word' id='word_1_508' title='bbox 1038 3603 1410 3674; x_wconf 79' lang='grc' dir='ltr'>προσταχθεὶς,</span> <span class='ocrx_word' id='word_1_509' title='bbox 1444 3603 1505 3655; x_wconf 77' lang='grc' dir='ltr'>οὐ</span> <span class='ocrx_word' id='word_1_510' title='bbox 1536 3618 1677 3673; x_wconf 87' lang='grc' dir='ltr'>παρ-</span> 
     </span>
    </p>
   </div>
   <div class='ocr_carea' id='block_1_70' title="bbox 148 3693 1681 3768">
    <p class='ocr_par' dir='ltr' id='par_1_70' title="bbox 148 3693 1681 3768">
     <span class='ocr_line' id='line_1_70' title="bbox 148 3693 1681 3768; baseline 0.002 -24"><span class='ocrx_word' id='word_1_511' title='bbox 148 3693 292 3763; x_wconf 82' lang='grc' dir='ltr'>έργως</span> <span class='ocrx_word' id='word_1_512' title='bbox 314 3697 583 3768; x_wconf 75' lang='grc' dir='ltr'>ἐχρήσατο</span> <span class='ocrx_word' id='word_1_513' title='bbox 606 3697 715 3759; x_wconf 82' lang='grc' dir='ltr'>τοῖς</span> <span class='ocrx_word' id='word_1_514' title='bbox 752 3694 1255 3765; x_wconf 81' lang='grc' dir='ltr'>προστεταγμένοις,</span> <span class='ocrx_word' id='word_1_515' title='bbox 1284 3696 1331 3747; x_wconf 88' lang='grc' dir='ltr'><strong>εί</strong></span> <span class='ocrx_word' id='word_1_516' title='bbox 1378 3694 1473 3748; x_wconf 78' lang='grc' dir='ltr'><strong>καὶ</strong></span> <span class='ocrx_word' id='word_1_517' title='bbox 1513 3711 1681 3765; x_wconf 81' lang='grc' dir='ltr'>τραγ-</span> 
     </span>
    </p>
   </div>
   <div class='ocr_carea' id='block_1_71' title="bbox 147 3778 1682 3861">
    <p class='ocr_par' dir='ltr' id='par_1_71' title="bbox 147 3778 1682 3861">
     <span class='ocr_line' id='line_1_71' title="bbox 147 3778 1682 3861; baseline -0.001 -21"><span class='ocrx_word' id='word_1_518' title='bbox 147 3778 751 3861; x_wconf 54' lang='grc' dir='ltr'>φούμενίωμϐεϐηκεν</span> <span class='ocrx_word' id='word_1_519' title='bbox 768 3786 859 3839; x_wconf 72' lang='grc' dir='ltr'><strong>ἐπὶ</strong></span> <span class='ocrx_word' id='word_1_520' title='bbox 875 3789 939 3857; x_wconf 79' lang='grc' dir='ltr'>τῇ</span> <span class='ocrx_word' id='word_1_521' title='bbox 965 3785 1277 3851; x_wconf 84' lang='grc' dir='ltr'>καταϐάσει,</span> <span class='ocrx_word' id='word_1_522' title='bbox 1295 3787 1409 3840; x_wconf 88' lang='grc' dir='ltr'>ἀλλ’</span> <span class='ocrx_word' id='word_1_523' title='bbox 1424 3785 1504 3849; x_wconf 85' lang='grc' dir='ltr'><strong>είς</strong></span> <span class='ocrx_word' id='word_1_524' title='bbox 1522 3785 1682 3840; x_wconf 80' lang='grc' dir='ltr'>πέντε</span> 
     </span>
    </p>
   </div>
   <div class='ocr_carea' id='block_1_72' title="bbox 148 3868 1681 3952">
    <p class='ocr_par' dir='ltr' id='par_1_72' title="bbox 148 3868 1681 3952">
     <span class='ocr_line' id='line_1_72' title="bbox 148 3868 1681 3952; baseline -0.003 -18"><span class='ocrx_word' id='word_1_525' title='bbox 148 3879 290 3951; x_wconf 66' lang='grc' dir='ltr'>ἡμίση</span> <span class='ocrx_word' id='word_1_526' title='bbox 317 3868 511 3951; x_wconf 77' lang='grc' dir='ltr'>πήχεις</span> <span class='ocrx_word' id='word_1_527' title='bbox 541 3881 744 3952; x_wconf 78' lang='grc' dir='ltr'>ταύτην</span> <span class='ocrx_word' id='word_1_528' title='bbox 765 3880 1101 3944; x_wconf 83' lang='grc' dir='ltr'>συντελέσας,</span> <span class='ocrx_word' id='word_1_529' title='bbox 1118 3878 1397 3951; x_wconf 85' lang='grc' dir='ltr'>νομοδόχον</span> <span class='ocrx_word' id='word_1_530' title='bbox 1425 3877 1681 3943; x_wconf 82' lang='grc' dir='ltr'>ἀνέδειξε,</span> 
     </span>
    </p>
   </div>
   <div class='ocr_carea' id='block_1_73' title="bbox 149 3968 1682 4042">
    <p class='ocr_par' dir='ltr' id='par_1_73' title="bbox 149 3968 1682 4042">
     <span class='ocr_line' id='line_1_73' title="bbox 149 3968 1682 4042; baseline -0.006 -11"><span class='ocrx_word' id='word_1_531' title='bbox 149 3970 238 4031; x_wconf 75' lang='grc' dir='ltr'>τοῖς</span> <span class='ocrx_word' id='word_1_532' title='bbox 271 3972 527 4042; x_wconf 75' lang='grc' dir='ltr'>χερουϐὶμ</span> <span class='ocrx_word' id='word_1_533' title='bbox 560 3970 1073 4041; x_wconf 80' lang='grc' dir='ltr'>συγκαλυπτομένην</span> <span class='ocrx_word' id='word_1_534' title='bbox 1092 3988 1111 4007; x_wconf 61' lang='grc' dir='ltr'><strong>ἰ</strong></span> <span class='ocrx_word' id='word_1_535' title='bbox 1148 3968 1592 4039; x_wconf 81' lang='grc' dir='ltr'>ὲκφαντικώτατά</span> <span class='ocrx_word' id='word_1_536' title='bbox 1624 3986 1682 4022; x_wconf 90' lang='grc' dir='ltr'>σε</span> 
     </span>
    </p>
   </div>
   <div class='ocr_carea' id='block_1_74' title="bbox 151 4060 1681 4133">
    <p class='ocr_par' dir='ltr' id='par_1_74' title="bbox 151 4060 1681 4133">
     <span class='ocr_line' id='line_1_74' title="bbox 151 4060 1681 4133; baseline 0 -20"><span class='ocrx_word' id='word_1_537' title='bbox 151 4060 229 4129; x_wconf 68' lang='grc' dir='ltr'>τὴν</span> <span class='ocrx_word' id='word_1_538' title='bbox 247 4061 492 4115; x_wconf 78' lang='grc' dir='ltr'>Θεοτόκον</span> <span class='ocrx_word' id='word_1_539' title='bbox 524 4060 1021 4133; x_wconf 82' lang='grc' dir='ltr'>προσημαίνουσαν,</span> <span class='ocrx_word' id='word_1_540' title='bbox 1047 4062 1141 4132; x_wconf 81' lang='grc' dir='ltr'>τὴν</span> <span class='ocrx_word' id='word_1_541' title='bbox 1167 4062 1416 4133; x_wconf 83' lang='grc' dir='ltr'>ἀφθόρως</span> <span class='ocrx_word' id='word_1_542' title='bbox 1444 4063 1681 4131; x_wconf 79' lang='grc' dir='ltr'>ἐγκυμο-</span> 
     </span>
    </p>
   </div>
   <div class='ocr_carea' id='block_1_75' title="bbox 153 4151 1683 4223">
    <p class='ocr_par' dir='ltr' id='par_1_75' title="bbox 153 4151 1683 4223">
     <span class='ocr_line' id='line_1_75' title="bbox 153 4151 1683 4223; baseline 0 -20"><span class='ocrx_word' id='word_1_543' title='bbox 153 4151 377 4217; x_wconf 73' lang='grc' dir='ltr'>νήσασαν,</span> <span class='ocrx_word' id='word_1_544' title='bbox 397 4153 493 4206; x_wconf 76' lang='grc' dir='ltr'><strong>καὶ</strong></span> <span class='ocrx_word' id='word_1_545' title='bbox 519 4152 811 4222; x_wconf 80' lang='grc' dir='ltr'>ἀφράστως</span> <span class='ocrx_word' id='word_1_546' title='bbox 829 4153 1215 4222; x_wconf 82' lang='grc' dir='ltr'>ἀποκυήσασαν</span> <span class='ocrx_word' id='word_1_547' title='bbox 1236 4152 1333 4223; x_wconf 81' lang='grc' dir='ltr'>τὴν</span> <span class='ocrx_word' id='word_1_548' title='bbox 1355 4152 1450 4221; x_wconf 82' lang='grc' dir='ltr'>τῆς</span> <span class='ocrx_word' id='word_1_549' title='bbox 1475 4151 1683 4223; x_wconf 82' lang='grc' dir='ltr'>ἀφθαρ-</span> 
     </span>
    </p>
   </div>
   <div class='ocr_carea' id='block_1_76' title="bbox 154 4240 1683 4313">
    <p class='ocr_par' dir='ltr' id='par_1_76' title="bbox 154 4240 1683 4313">
     <span class='ocr_line' id='line_1_76' title="bbox 154 4240 1683 4313; baseline 0 -18"><span class='ocrx_word' id='word_1_550' title='bbox 154 4240 250 4305; x_wconf 74' lang='grc' dir='ltr'>σίας</span> <span class='ocrx_word' id='word_1_551' title='bbox 278 4240 526 4297; x_wconf 78' lang='grc' dir='ltr'>σύστασιν</span> <span class='ocrx_word' id='word_1_552' title='bbox 564 4244 657 4297; x_wconf 72' lang='grc' dir='ltr'><strong>ἐπὶ</strong></span> <span class='ocrx_word' id='word_1_553' title='bbox 681 4243 822 4296; x_wconf 85' lang='grc' dir='ltr'>τέλει</span> <span class='ocrx_word' id='word_1_554' title='bbox 846 4242 953 4295; x_wconf 83' lang='grc' dir='ltr'>τῶν</span> <span class='ocrx_word' id='word_1_555' title='bbox 993 4242 1152 4297; x_wconf 88' lang='grc' dir='ltr'>πέντε</span> <span class='ocrx_word' id='word_1_556' title='bbox 1183 4244 1423 4313; x_wconf 80' lang='grc' dir='ltr'>ἡμίσεως</span> <span class='ocrx_word' id='word_1_557' title='bbox 1454 4242 1548 4295; x_wconf 82' lang='grc' dir='ltr'>τοῦ</span> <span class='ocrx_word' id='word_1_558' title='bbox 1592 4242 1683 4295; x_wconf 85' lang='grc' dir='ltr'><strong>κό-</strong></span> 
     </span>
    </p>
   </div>
   <div class='ocr_carea' id='block_1_77' title="bbox 155 4332 1682 4406">
    <p class='ocr_par' dir='ltr' id='par_1_77' title="bbox 155 4332 1682 4406">
     <span class='ocr_line' id='line_1_77' title="bbox 155 4332 1682 4406; baseline -0.001 -19"><span class='ocrx_word' id='word_1_559' title='bbox 155 4346 263 4399; x_wconf 75' lang='grc' dir='ltr'><strong>σμω</strong></span> <span class='ocrx_word' id='word_1_560' title='bbox 301 4335 530 4389; x_wconf 77' lang='grc' dir='ltr'>κύκλων.</span> <span class='ocrx_word' id='word_1_561' title='bbox 579 4334 679 4388; x_wconf 81' lang='grc' dir='ltr'>Διά</span> <span class='ocrx_word' id='word_1_562' title='bbox 710 4334 788 4400; x_wconf 83' lang='grc' dir='ltr'>σὲ,</span> <span class='ocrx_word' id='word_1_563' title='bbox 823 4336 917 4388; x_wconf 74' lang='grc' dir='ltr'><strong>καὶ</strong></span> <span class='ocrx_word' id='word_1_564' title='bbox 943 4335 1039 4406; x_wconf 72' lang='grc' dir='ltr'>τὴν</span> <span class='ocrx_word' id='word_1_565' title='bbox 1070 4336 1133 4387; x_wconf 78' lang='grc' dir='ltr'>ὲκ</span> <span class='ocrx_word' id='word_1_566' title='bbox 1164 4334 1257 4387; x_wconf 79' lang='grc' dir='ltr'><strong>σοῦ</strong></span> <span class='ocrx_word' id='word_1_567' title='bbox 1288 4333 1552 4404; x_wconf 76' lang='grc' dir='ltr'>ἄχραντον</span> <span class='ocrx_word' id='word_1_568' title='bbox 1587 4332 1682 4386; x_wconf 83' lang='grc' dir='ltr'><strong>τοῦ</strong></span> 
     </span>
    </p>
   </div>
   <div class='ocr_carea' id='block_1_78' title="bbox 1785 3328 3339 3408">
    <p class='ocr_par' dir='ltr' id='par_1_78' title="bbox 1785 3328 3339 3408">
     <span class='ocr_line' id='line_1_78' title="bbox 1785 3328 3339 3408; baseline -0.005 -17"><span class='ocrx_word' id='word_1_569' title='bbox 1785 3338 1894 3391; x_wconf 93' lang='lat' dir='ltr'><strong>lum</strong></span> <span class='ocrx_word' id='word_1_570' title='bbox 1926 3337 2174 3408; x_wconf 80' lang='lat' dir='ltr'><strong>praebuit.</strong></span> <span class='ocrx_word' id='word_1_571' title='bbox 2209 3336 2347 3402; x_wconf 85' lang='lat' dir='ltr'><strong>Quid</strong></span> <span class='ocrx_word' id='word_1_572' title='bbox 2377 3333 2545 3389; x_wconf 86' lang='lat' dir='ltr'><strong>vero?</strong></span> <span class='ocrx_word' id='word_1_573' title='bbox 2576 3333 2766 3389; x_wconf 85' lang='lat' dir='ltr'><strong>Nonne</strong></span> <span class='ocrx_word' id='word_1_574' title='bbox 2814 3347 3042 3403; x_wconf 87' lang='lat' dir='ltr'><strong>magnus</strong></span> <span class='ocrx_word' id='word_1_575' title='bbox 3072 3330 3162 3386; x_wconf 91' lang='lat' dir='ltr'><strong>ille</strong></span> <span class='ocrx_word' id='word_1_576' title='bbox 3190 3328 3339 3399; x_wconf 81' lang='lat' dir='ltr'><strong>Moy-</strong></span> 
     </span>
    </p>
   </div>
   <div class='ocr_carea' id='block_1_79' title="bbox 1786 3420 3341 3494">
    <p class='ocr_par' dir='ltr' id='par_1_79' title="bbox 1786 3420 3341 3494">
     <span class='ocr_line' id='line_1_79' title="bbox 1786 3420 3341 3494; baseline -0.005 -11"><span class='ocrx_word' id='word_1_577' title='bbox 1786 3444 1875 3484; x_wconf 91' lang='lat' dir='ltr'><strong>ses</strong></span> <span class='ocrx_word' id='word_1_578' title='bbox 1930 3429 2073 3483; x_wconf 90' lang='lat' dir='ltr'><strong>idem</strong></span> <span class='ocrx_word' id='word_1_579' title='bbox 2093 3426 2731 3487; x_wconf 82' lang='lat' dir='ltr'><strong>luculenterdeclaravit,</strong></span> <span class='ocrx_word' id='word_1_580' title='bbox 2750 3434 2968 3494; x_wconf 90' lang='lat' dir='ltr'><strong>propter</strong></span> <span class='ocrx_word' id='word_1_581' title='bbox 2998 3424 3071 3477; x_wconf 89' lang='lat' dir='ltr'><strong>tui</strong></span> <span class='ocrx_word' id='word_1_582' title='bbox 3096 3420 3341 3477; x_wconf 83' lang='lat' dir='ltr'><strong>dilIiciles</strong></span> 
     </span>
    </p>
   </div>
   <div class='ocr_carea' id='block_1_80' title="bbox 1786 3515 3343 3589">
    <p class='ocr_par' dir='ltr' id='par_1_80' title="bbox 1786 3515 3343 3589">
     <span class='ocr_line' id='line_1_80' title="bbox 1786 3515 3343 3589; baseline -0.006 -16"><span class='ocrx_word' id='word_1_583' title='bbox 1786 3520 2065 3573; x_wconf 90' lang='lat' dir='ltr'><strong>intellectu</strong></span> <span class='ocrx_word' id='word_1_584' title='bbox 2120 3518 2359 3589; x_wconf 87' lang='lat' dir='ltr'><strong>ﬁguras,</strong></span> <span class='ocrx_word' id='word_1_585' title='bbox 2408 3517 2613 3571; x_wconf 91' lang='lat' dir='ltr'><strong>diutius</strong></span> <span class='ocrx_word' id='word_1_586' title='bbox 2655 3515 2710 3568; x_wconf 91' lang='lat' dir='ltr'><strong>in</strong></span> <span class='ocrx_word' id='word_1_587' title='bbox 2757 3520 2992 3569; x_wconf 89' lang='lat' dir='ltr'><strong>montem</strong></span> <span class='ocrx_word' id='word_1_588' title='bbox 3038 3526 3343 3569; x_wconf 89' lang='lat' dir='ltr'><strong>commora-</strong></span> 
     </span>
    </p>
   </div>
   <div class='ocr_carea' id='block_1_81' title="bbox 1784 3604 3345 3681">
    <p class='ocr_par' dir='ltr' id='par_1_81' title="bbox 1784 3604 3345 3681">
     <span class='ocr_line' id='line_1_81' title="bbox 1784 3604 3345 3681; baseline -0.004 -17"><span class='ocrx_word' id='word_1_589' title='bbox 1784 3617 1873 3665; x_wconf 88' lang='lat' dir='ltr'><strong>tus</strong></span> <span class='ocrx_word' id='word_1_590' title='bbox 1899 3609 1966 3674; x_wconf 80' lang='grc'><strong>⁷⁸,</strong></span> <span class='ocrx_word' id='word_1_591' title='bbox 1992 3616 2051 3663; x_wconf 85' lang='lat' dir='ltr'><strong>ut</strong></span> <span class='ocrx_word' id='word_1_592' title='bbox 2082 3608 2379 3681; x_wconf 76' lang='lat' dir='ltr'><strong>ignotatua</strong></span> <span class='ocrx_word' id='word_1_593' title='bbox 2402 3616 2761 3670; x_wconf 87' lang='lat' dir='ltr'><strong>sacramenta,</strong></span> <span class='ocrx_word' id='word_1_594' title='bbox 2788 3619 2821 3660; x_wconf 94' lang='lat' dir='ltr'><strong>o</strong></span> <span class='ocrx_word' id='word_1_595' title='bbox 2847 3612 3018 3669; x_wconf 90' lang='lat' dir='ltr'><strong>casta,</strong></span> <span class='ocrx_word' id='word_1_596' title='bbox 3045 3604 3345 3661; x_wconf 82' lang='lat' dir='ltr'><strong>edisceret?</strong></span> 
     </span>
    </p>
   </div>
   <div class='ocr_carea' id='block_1_82' title="bbox 1784 3696 3345 3770">
    <p class='ocr_par' dir='ltr' id='par_1_82' title="bbox 1784 3696 3345 3770">
     <span class='ocr_line' id='line_1_82' title="bbox 1784 3696 3345 3770; baseline -0.004 -16"><span class='ocrx_word' id='word_1_597' title='bbox 1784 3699 1843 3755; x_wconf 84' lang='lat' dir='ltr'><strong>In</strong></span> <span class='ocrx_word' id='word_1_598' title='bbox 1878 3700 1956 3755; x_wconf 90' lang='lat' dir='ltr'><strong>rei</strong></span> <span class='ocrx_word' id='word_1_599' title='bbox 1977 3701 2120 3756; x_wconf 88' lang='lat' dir='ltr'><strong>enim</strong></span> <span class='ocrx_word' id='word_1_600' title='bbox 2142 3701 2306 3769; x_wconf 87' lang='lat' dir='ltr'><strong>hujus</strong></span> <span class='ocrx_word' id='word_1_601' title='bbox 2329 3701 2562 3770; x_wconf 84' lang='lat' dir='ltr'><strong>signum,</strong></span> <span class='ocrx_word' id='word_1_602' title='bbox 2588 3706 2642 3755; x_wconf 89' lang='lat' dir='ltr'><strong>et</strong></span> <span class='ocrx_word' id='word_1_603' title='bbox 2670 3698 2737 3751; x_wconf 88' lang='lat' dir='ltr'><strong>ad</strong></span> <span class='ocrx_word' id='word_1_604' title='bbox 2760 3696 3163 3767; x_wconf 80' lang='lat' dir='ltr'><strong>exprimendam</strong></span> <span class='ocrx_word' id='word_1_605' title='bbox 3197 3696 3345 3750; x_wconf 88' lang='lat' dir='ltr'><strong>simi-</strong></span> 
     </span>
    </p>
   </div>
   <div class='ocr_carea' id='block_1_83' title="bbox 1786 3784 3346 3862">
    <p class='ocr_par' dir='ltr' id='par_1_83' title="bbox 1786 3784 3346 3862">
     <span class='ocr_line' id='line_1_83' title="bbox 1786 3784 3346 3862; baseline -0.004 -18"><span class='ocrx_word' id='word_1_606' title='bbox 1786 3791 2090 3855; x_wconf 89' lang='lat' dir='ltr'><strong>litudinem,</strong></span> <span class='ocrx_word' id='word_1_607' title='bbox 2117 3790 2305 3862; x_wconf 88' lang='lat' dir='ltr'><strong>jussus</strong></span> <span class='ocrx_word' id='word_1_608' title='bbox 2348 3790 2614 3845; x_wconf 80' lang='lat' dir='ltr'><strong>fabricare</strong></span> <span class='ocrx_word' id='word_1_609' title='bbox 2656 3802 2859 3853; x_wconf 88' lang='lat' dir='ltr'><strong>arcam,</strong></span> <span class='ocrx_word' id='word_1_610' title='bbox 2888 3800 2997 3840; x_wconf 91' lang='lat' dir='ltr'><strong>non</strong></span> <span class='ocrx_word' id='word_1_611' title='bbox 3035 3784 3214 3841; x_wconf 89' lang='lat' dir='ltr'><strong>obiter</strong></span> <span class='ocrx_word' id='word_1_612' title='bbox 3246 3798 3346 3838; x_wconf 85' lang='lat' dir='ltr'><strong>ne-</strong></span> 
     </span>
    </p>
   </div>
   <div class='ocr_carea' id='block_1_84' title="bbox 1787 3878 3344 3952">
    <p class='ocr_par' dir='ltr' id='par_1_84' title="bbox 1787 3878 3344 3952">
     <span class='ocr_line' id='line_1_84' title="bbox 1787 3878 3344 3952; baseline -0.004 -17"><span class='ocrx_word' id='word_1_613' title='bbox 1787 3882 2122 3952; x_wconf 82' lang='lat' dir='ltr'><strong>glectiusque</strong></span> <span class='ocrx_word' id='word_1_614' title='bbox 2148 3881 2416 3937; x_wconf 88' lang='lat' dir='ltr'><strong>mandatis</strong></span> <span class='ocrx_word' id='word_1_615' title='bbox 2453 3878 2841 3950; x_wconf 88' lang='lat' dir='ltr'><strong>obtemperavit</strong></span> <span class='ocrx_word' id='word_1_616' title='bbox 2866 3896 2879 3931; x_wconf 89' lang='lat'><strong>:</strong></span> <span class='ocrx_word' id='word_1_617' title='bbox 2912 3890 3222 3947; x_wconf 87' lang='lat' dir='ltr'><strong>quanquam</strong></span> <span class='ocrx_word' id='word_1_618' title='bbox 3250 3889 3344 3929; x_wconf 90' lang='lat' dir='ltr'><strong>ac-</strong></span> 
     </span>
    </p>
   </div>
   <div class='ocr_carea' id='block_1_85' title="bbox 1786 3966 3340 4041">
    <p class='ocr_par' dir='ltr' id='par_1_85' title="bbox 1786 3966 3340 4041">
     <span class='ocr_line' id='line_1_85' title="bbox 1786 3966 3340 4041; baseline -0.004 -17"><span class='ocrx_word' id='word_1_619' title='bbox 1786 3970 2037 4025; x_wconf 89' lang='lat' dir='ltr'><strong>ciderunt</strong></span> <span class='ocrx_word' id='word_1_620' title='bbox 2063 3971 2270 4041; x_wconf 85' lang='lat' dir='ltr'><strong>tragica</strong></span> <span class='ocrx_word' id='word_1_621' title='bbox 2300 3970 2544 4041; x_wconf 82' lang='lat' dir='ltr'><strong>quaedam</strong></span> <span class='ocrx_word' id='word_1_622' title='bbox 2575 3971 2630 4023; x_wconf 89' lang='lat' dir='ltr'><strong>in</strong></span> <span class='ocrx_word' id='word_1_623' title='bbox 2671 3972 2938 4023; x_wconf 87' lang='lat' dir='ltr'><strong>descensu</strong></span> <span class='ocrx_word' id='word_1_624' title='bbox 2974 3981 3004 4021; x_wconf 91' lang='lat' dir='ltr'><strong>a</strong></span> <span class='ocrx_word' id='word_1_625' title='bbox 3043 3966 3293 4020; x_wconf 83' lang='lat' dir='ltr'><strong>monte&quot;</strong></span> <span class='ocrx_word' id='word_1_626' title='bbox 3326 3983 3340 4018; x_wconf 92' lang='lat'><strong>:</strong></span> 
     </span>
    </p>
   </div>
   <div class='ocr_carea' id='block_1_86' title="bbox 1784 4050 3341 4133">
    <p class='ocr_par' dir='ltr' id='par_1_86' title="bbox 1784 4050 3341 4133">
     <span class='ocr_line' id='line_1_86' title="bbox 1784 4050 3341 4133; baseline -0.006 -14"><span class='ocrx_word' id='word_1_627' title='bbox 1784 4063 1879 4119; x_wconf 88' lang='lat' dir='ltr'><strong>sed</strong></span> <span class='ocrx_word' id='word_1_628' title='bbox 1907 4063 2147 4133; x_wconf 89' lang='lat' dir='ltr'><strong>quinque</strong></span> <span class='ocrx_word' id='word_1_629' title='bbox 2171 4062 2478 4119; x_wconf 86' lang='lat' dir='ltr'><strong>cubitorum</strong></span> <span class='ocrx_word' id='word_1_630' title='bbox 2508 4069 2561 4116; x_wconf 86' lang='lat' dir='ltr'><strong>et</strong></span> <span class='ocrx_word' id='word_1_631' title='bbox 2589 4060 2793 4116; x_wconf 86' lang='lat' dir='ltr'><strong>dimidii</strong></span> <span class='ocrx_word' id='word_1_632' title='bbox 2822 4050 3147 4120; x_wconf 77' lang='lat' dir='ltr'><strong>confectam,</strong></span> <span class='ocrx_word' id='word_1_633' title='bbox 3170 4057 3341 4119; x_wconf 90' lang='lat' dir='ltr'><strong>illam,</strong></span> 
     </span>
    </p>
   </div>
   <div class='ocr_carea' id='block_1_87' title="bbox 1779 4149 3345 4224">
    <p class='ocr_par' dir='ltr' id='par_1_87' title="bbox 1779 4149 3345 4224">
     <span class='ocr_line' id='line_1_87' title="bbox 1779 4149 3345 4224; baseline -0.003 -17"><span class='ocrx_word' id='word_1_634' title='bbox 1779 4154 1917 4224; x_wconf 75' lang='lat' dir='ltr'><strong>legis</strong></span> <span class='ocrx_word' id='word_1_635' title='bbox 1965 4154 2383 4223; x_wconf 86' lang='lat' dir='ltr'><strong>susceptricem,</strong></span> <span class='ocrx_word' id='word_1_636' title='bbox 2417 4152 2726 4209; x_wconf 88' lang='lat' dir='ltr'><strong>cherubicis</strong></span> <span class='ocrx_word' id='word_1_637' title='bbox 2758 4152 2857 4205; x_wconf 88' lang='lat' dir='ltr'><strong>alis</strong></span> <span class='ocrx_word' id='word_1_638' title='bbox 2919 4149 3241 4219; x_wconf 89' lang='lat' dir='ltr'><strong>cooperuit:</strong></span> <span class='ocrx_word' id='word_1_639' title='bbox 3292 4156 3345 4202; x_wconf 90' lang='lat' dir='ltr'><strong>te</strong></span> 
     </span>
    </p>
   </div>
   <div class='ocr_carea' id='block_1_88' title="bbox 1784 4241 3347 4313">
    <p class='ocr_par' dir='ltr' id='par_1_88' title="bbox 1784 4241 3347 4313">
     <span class='ocr_line' id='line_1_88' title="bbox 1784 4241 3347 4313; baseline -0.003 -18"><span class='ocrx_word' id='word_1_640' title='bbox 1784 4244 2065 4313; x_wconf 87' lang='lat' dir='ltr'><strong>Deiparam</strong></span> <span class='ocrx_word' id='word_1_641' title='bbox 2092 4244 2433 4313; x_wconf 87' lang='lat' dir='ltr'><strong>apertissime</strong></span> <span class='ocrx_word' id='word_1_642' title='bbox 2465 4245 2876 4313; x_wconf 74' lang='lat' dir='ltr'><strong>pnesignantem</strong></span> <span class='ocrx_word' id='word_1_643' title='bbox 2902 4284 2918 4308; x_wconf 91' lang='lat'><strong>,</strong></span> <span class='ocrx_word' id='word_1_644' title='bbox 2948 4256 3067 4310; x_wconf 69' lang='lat' dir='ltr'><strong>quae</strong></span> <span class='ocrx_word' id='word_1_645' title='bbox 3090 4241 3209 4296; x_wconf 88' lang='lat' dir='ltr'><strong>sine</strong></span> <span class='ocrx_word' id='word_1_646' title='bbox 3227 4253 3347 4292; x_wconf 86' lang='lat' dir='ltr'><strong>cor-</strong></span> 
     </span>
    </p>
   </div>
   <div class='ocr_carea' id='block_1_89' title="bbox 1782 4330 3345 4406">
    <p class='ocr_par' dir='ltr' id='par_1_89' title="bbox 1782 4330 3345 4406">
     <span class='ocr_line' id='line_1_89' title="bbox 1782 4330 3345 4406; baseline -0.005 -17"><span class='ocrx_word' id='word_1_647' title='bbox 1782 4337 2036 4406; x_wconf 89' lang='lat' dir='ltr'><strong>ruptione</strong></span> <span class='ocrx_word' id='word_1_648' title='bbox 2075 4350 2196 4390; x_wconf 82' lang='lat' dir='ltr'><strong>eum</strong></span> <span class='ocrx_word' id='word_1_649' title='bbox 2253 4334 2584 4405; x_wconf 90' lang='lat' dir='ltr'><strong>concepisti,</strong></span> <span class='ocrx_word' id='word_1_650' title='bbox 2643 4332 3101 4401; x_wconf 89' lang='lat' dir='ltr'><strong>inenarrabilique</strong></span> <span class='ocrx_word' id='word_1_651' title='bbox 3133 4330 3345 4383; x_wconf 89' lang='lat' dir='ltr'><strong>ratione</strong></span> 
     </span>
    </p>
   </div>
   <div class='ocr_carea' id='block_1_90' title="bbox 154 4420 1677 4499">
    <p class='ocr_par' dir='ltr' id='par_1_90' title="bbox 154 4421 1677 4499">
     <span class='ocr_line' id='line_1_90' title="bbox 154 4421 1677 4499; baseline 0.002 -23"><span class='ocrx_word' id='word_1_652' title='bbox 154 4421 434 4497; x_wconf 74' lang='grc' dir='ltr'>ΘεοῦΜγου</span> <span class='ocrx_word' id='word_1_653' title='bbox 465 4428 761 4499; x_wconf 78' lang='grc' dir='ltr'>σάρκωσιν,</span> <span class='ocrx_word' id='word_1_654' title='bbox 790 4428 888 4497; x_wconf 76' lang='grc' dir='ltr'>τὴν</span> <span class='ocrx_word' id='word_1_655' title='bbox 933 4429 1011 4490; x_wconf 79' lang='grc' dir='ltr'><strong>είς</strong></span> <span class='ocrx_word' id='word_1_656' title='bbox 1052 4427 1137 4479; x_wconf 71' lang='grc' dir='ltr'><strong>ἀεὶ</strong></span> <span class='ocrx_word' id='word_1_657' title='bbox 1176 4426 1459 4497; x_wconf 80' lang='grc' dir='ltr'>ἀτρέπτως</span> <span class='ocrx_word' id='word_1_658' title='bbox 1486 4442 1546 4478; x_wconf 87' lang='grc' dir='ltr'><strong>τε</strong></span> <span class='ocrx_word' id='word_1_659' title='bbox 1590 4426 1677 4479; x_wconf 72' lang='grc' dir='ltr'><strong>καῖ</strong></span> 
     </span>
    </p>
   </div>
   <div class='ocr_carea' id='block_1_91' title="bbox 1777 4420 3345 4499">
    <p class='ocr_par' dir='ltr' id='par_1_91' title="bbox 1785 4420 3345 4497">
     <span class='ocr_line' id='line_1_91' title="bbox 1785 4420 3345 4497; baseline -0.006 -14"><span class='ocrx_word' id='word_1_660' title='bbox 1785 4427 2060 4497; x_wconf 88' lang='lat' dir='ltr'><strong>peperisti,</strong></span> <span class='ocrx_word' id='word_1_661' title='bbox 2090 4427 2182 4497; x_wconf 89' lang='lat' dir='ltr'><strong>qui</strong></span> <span class='ocrx_word' id='word_1_662' title='bbox 2205 4425 2321 4496; x_wconf 89' lang='lat' dir='ltr'><strong>ipse</strong></span> <span class='ocrx_word' id='word_1_663' title='bbox 2341 4425 2770 4495; x_wconf 88' lang='lat' dir='ltr'><strong>incorruptionis</strong></span> <span class='ocrx_word' id='word_1_664' title='bbox 2790 4424 2935 4478; x_wconf 84' lang='lat' dir='ltr'><strong>velut</strong></span> <span class='ocrx_word' id='word_1_665' title='bbox 2959 4420 3239 4477; x_wconf 86' lang='lat' dir='ltr'><strong>concretio</strong></span> <span class='ocrx_word' id='word_1_666' title='bbox 3261 4428 3345 4475; x_wconf 89' lang='lat' dir='ltr'><strong>est</strong></span> 
     </span>
    </p>
   </div>
   <div class='ocr_carea' id='block_1_92' title="bbox 155 4514 1684 4590">
    <p class='ocr_par' dir='ltr' id='par_1_92' title="bbox 155 4514 1684 4590">
     <span class='ocr_line' id='line_1_92' title="bbox 155 4514 1684 4590; baseline -0.018 -5"><span class='ocrx_word' id='word_1_667' title='bbox 155 4514 421 4586; x_wconf 73' lang='grc' dir='ltr'>ἀμερίστως</span> <span class='ocrx_word' id='word_1_668' title='bbox 449 4521 508 4572; x_wconf 75' lang='grc' dir='ltr'>ὲν</span> <span class='ocrx_word' id='word_1_669' title='bbox 538 4518 688 4590; x_wconf 74' lang='grc' dir='ltr'>αὐτῷ</span> <span class='ocrx_word' id='word_1_670' title='bbox 718 4519 1089 4590; x_wconf 81' lang='grc' dir='ltr'>διαμένουσαν,</span> <span class='ocrx_word' id='word_1_671' title='bbox 1120 4519 1212 4572; x_wconf 71' lang='grc' dir='ltr'>καὶ</span> <span class='ocrx_word' id='word_1_672' title='bbox 1238 4522 1272 4589; x_wconf 83' lang='grc' dir='ltr'>ἡ</span> <span class='ocrx_word' id='word_1_673' title='bbox 1312 4518 1483 4589; x_wconf 85' lang='grc' dir='ltr'>χρυσῆ</span> <span class='ocrx_word' id='word_1_674' title='bbox 1516 4516 1684 4587; x_wconf 78' lang='grc' dir='ltr'>στάμ-</span> 
     </span>
    </p>
   </div>
   <div class='ocr_carea' id='block_1_93' title="bbox 209 4669 1408 4739">
    <p class='ocr_par' dir='ltr' id='par_1_93' title="bbox 209 4669 1408 4739">
     <span class='ocr_line' id='line_1_93' title="bbox 209 4669 1408 4739; baseline 0.003 -16"><span class='ocrx_word' id='word_1_675' title='bbox 209 4669 255 4739; x_wconf 77' lang='lat'><strong>&quot;_</strong></span> <span class='ocrx_word' id='word_1_676' title='bbox 280 4669 424 4728; x_wconf 72' lang='lat' dir='ltr'><strong>Paul.</strong></span> <span class='ocrx_word' id='word_1_677' title='bbox 466 4687 608 4739; x_wconf 80' lang='lat' dir='ltr'><strong>va,</strong></span> <span class='ocrx_word' id='word_1_678' title='bbox 648 4673 712 4736; x_wconf 86' lang='lat'><strong>6,</strong></span> <span class='ocrx_word' id='word_1_679' title='bbox 753 4675 805 4729; x_wconf 86' lang='lat'><strong>5.</strong></span> <span class='ocrx_word' id='word_1_680' title='bbox 881 4674 928 4706; x_wconf 77' lang='lat'>&quot;</span> <span class='ocrx_word' id='word_1_681' title='bbox 971 4672 1141 4728; x_wconf 70' lang='lat' dir='ltr'><strong>Exod.</strong></span> <span class='ocrx_word' id='word_1_682' title='bbox 1206 4689 1306 4736; x_wconf 85' lang='grc' dir='ltr'>ιιι,</span> <span class='ocrx_word' id='word_1_683' title='bbox 1355 4672 1408 4727; x_wconf 74' lang='grc'>2.</span> 
     </span>
    </p>
   </div>
   <div class='ocr_carea' id='block_1_94' title="bbox 158 4734 1293 4807">
    <p class='ocr_par' dir='ltr' id='par_1_94' title="bbox 158 4734 1293 4807">
     <span class='ocr_line' id='line_1_94' title="bbox 158 4734 1293 4807; baseline 0.008 -18"><span class='ocrx_word' id='word_1_684' title='bbox 158 4734 190 4765; x_wconf 77' lang='grc'>’⁸</span> <span class='ocrx_word' id='word_1_685' title='bbox 219 4737 372 4795; x_wconf 71' lang='lat' dir='ltr'><strong>Exod.</strong></span> <span class='ocrx_word' id='word_1_686' title='bbox 412 4760 519 4797; x_wconf 82' lang='lat' dir='ltr'><strong>xxv</strong></span> <span class='ocrx_word' id='word_1_687' title='bbox 543 4784 558 4807; x_wconf 91' lang='lat'><strong>,</strong></span> <span class='ocrx_word' id='word_1_688' title='bbox 594 4734 650 4798; x_wconf 65' lang='grc' dir='ltr'><strong>Β.</strong></span> <span class='ocrx_word' id='word_1_689' title='bbox 700 4734 980 4798; x_wconf 19' lang='lat' dir='ltr'><strong>V&quot;.E.1:oa’.</strong></span> <span class='ocrx_word' id='word_1_690' title='bbox 1017 4760 1200 4805; x_wconf 84' lang='lat' dir='ltr'><strong>xxxn,</strong></span> <span class='ocrx_word' id='word_1_691' title='bbox 1240 4744 1293 4798; x_wconf 74' lang='grc' dir='ltr'><strong>ί.</strong></span> 
     </span>
    </p>
   </div>
   <div class='ocr_carea' id='block_1_95' title="bbox 176 4847 1673 4927">
    <p class='ocr_par' dir='ltr' id='par_1_95' title="bbox 176 4847 1673 4927">
     <span class='ocr_line' id='line_1_95' title="bbox 176 4847 1673 4927; baseline 0.003 -24"><span class='ocrx_word' id='word_1_692' title='bbox 176 4849 306 4927; x_wconf 34' lang='grc'><strong>’(64)</strong></span> <span class='ocrx_word' id='word_1_693' title='bbox 342 4853 437 4906; x_wconf 75' lang='grc' dir='ltr'>Ἑν</span> <span class='ocrx_word' id='word_1_694' title='bbox 462 4847 934 4927; x_wconf 17' lang='grc' dir='ltr'>ᾦίὲϐλάστησᾳς.</span> <span class='ocrx_word' id='word_1_695' title='bbox 963 4852 1034 4927; x_wconf 81' lang='lat' dir='ltr'><strong>_In</strong></span> <span class='ocrx_word' id='word_1_696' title='bbox 1054 4870 1181 4927; x_wconf 71' lang='lat' dir='ltr'><strong>qua,</strong></span> <span class='ocrx_word' id='word_1_697' title='bbox 1209 4854 1589 4927; x_wconf 58' lang='lat' dir='ltr'><strong>quodspectat</strong></span> <span class='ocrx_word' id='word_1_698' title='bbox 1610 4855 1673 4908; x_wconf 85' lang='lat' dir='ltr'><strong>ad</strong></span> 
     </span>
    </p>
   </div>
   <div class='ocr_carea' id='block_1_96' title="bbox 160 4915 1678 4991">
    <p class='ocr_par' dir='ltr' id='par_1_96' title="bbox 160 4915 1678 4991">
     <span class='ocr_line' id='line_1_96' title="bbox 160 4915 1678 4991; baseline 0.003 -19"><span class='ocrx_word' id='word_1_699' title='bbox 343 4915 756 4986; x_wconf 66' lang='lat' dir='ltr'><strong>sacerdotalem,</strong></span> <span class='ocrx_word' id='word_1_700' title='bbox 784 4915 835 4976; x_wconf 81' lang='lat' dir='ltr'><strong>in</strong></span> <span class='ocrx_word' id='word_1_701' title='bbox 857 4915 1076 4991; x_wconf 36' lang='lat' dir='ltr'><strong>Nathanf</strong></span> <span class='ocrx_word' id='word_1_702' title='bbox 1092 4924 1184 4991; x_wconf 93' lang='lat' dir='ltr'><strong>qui</strong></span> <span class='ocrx_word' id='word_1_703' title='bbox 1210 4915 1310 4976; x_wconf 72' lang='lat' dir='ltr'><strong>fuit</strong></span> <span class='ocrx_word' id='word_1_704' title='bbox 1332 4915 1471 4978; x_wconf 70' lang='lat' dir='ltr'><strong>Uria:</strong></span> <span class='ocrx_word' id='word_1_705' title='bbox 1496 4940 1678 4978; x_wconf 78' lang='lat' dir='ltr'><strong>sacer-</strong></span> 
     </span>
    </p>
   </div>
   <div class='ocr_carea' id='block_1_97' title="bbox 162 4986 1677 5061">
    <p class='ocr_par' dir='ltr' id='par_1_97' title="bbox 162 4986 1677 5061">
     <span class='ocr_line' id='line_1_97' title="bbox 162 4986 1677 5061; baseline 0.006 -24"><span class='ocrx_word' id='word_1_706' title='bbox 162 4986 273 5041; x_wconf 86' lang='lat' dir='ltr'><strong>dotis</strong></span> <span class='ocrx_word' id='word_1_707' title='bbox 296 4990 455 5056; x_wconf 85' lang='lat' dir='ltr'><strong>ﬁlius,</strong></span> <span class='ocrx_word' id='word_1_708' title='bbox 500 4994 683 5049; x_wconf 89' lang='lat' dir='ltr'><strong>domui</strong></span> <span class='ocrx_word' id='word_1_709' title='bbox 718 5001 772 5048; x_wconf 89' lang='lat' dir='ltr'><strong>et</strong></span> <span class='ocrx_word' id='word_1_710' title='bbox 807 4993 1021 5061; x_wconf 69' lang='lat' dir='ltr'><strong>familia:</strong></span> <span class='ocrx_word' id='word_1_711' title='bbox 1059 4986 1229 5046; x_wconf 79' lang='lat' dir='ltr'><strong>David</strong></span> <span class='ocrx_word' id='word_1_712' title='bbox 1270 4992 1557 5061; x_wconf 85' lang='lat' dir='ltr'><strong>adoptione</strong></span> <span class='ocrx_word' id='word_1_713' title='bbox 1590 4994 1677 5046; x_wconf 83' lang='lat' dir='ltr'><strong>in-</strong></span> 
     </span>
    </p>
   </div>
   <div class='ocr_carea' id='block_1_98' title="bbox 162 5059 1674 5137">
    <p class='ocr_par' dir='ltr' id='par_1_98' title="bbox 162 5059 1674 5137">
     <span class='ocr_line' id='line_1_98' title="bbox 162 5059 1674 5137; baseline 0.004 -28"><span class='ocrx_word' id='word_1_714' title='bbox 162 5065 352 5137; x_wconf 58' lang='lat' dir='ltr'><strong>sertam;</strong></span> <span class='ocrx_word' id='word_1_715' title='bbox 381 5077 443 5137; x_wconf 63' lang='lat' dir='ltr'><strong>ex</strong></span> <span class='ocrx_word' id='word_1_716' title='bbox 476 5079 585 5132; x_wconf 90' lang='lat' dir='ltr'><strong>quo</strong></span> <span class='ocrx_word' id='word_1_717' title='bbox 623 5064 882 5117; x_wconf 85' lang='lat' dir='ltr'><strong>Dominus</strong></span> <span class='ocrx_word' id='word_1_718' title='bbox 915 5059 1093 5137; x_wconf 81' lang='lat' dir='ltr'><strong>Jesu_s,</strong></span> <span class='ocrx_word' id='word_1_719' title='bbox 1123 5070 1285 5137; x_wconf 84' lang='lat' dir='ltr'><strong>atque</strong></span> <span class='ocrx_word' id='word_1_720' title='bbox 1312 5059 1451 5137; x_wconf 76' lang='lat' dir='ltr'><strong>adeo</strong></span> <span class='ocrx_word' id='word_1_721' title='bbox 1487 5063 1674 5137; x_wconf 74' lang='lat' dir='ltr'><strong>Maria,</strong></span> 
     </span>
    </p>
   </div>
   <div class='ocr_carea' id='block_1_99' title="bbox 163 5124 1676 5201">
    <p class='ocr_par' dir='ltr' id='par_1_99' title="bbox 163 5124 1676 5201">
     <span class='ocr_line' id='line_1_99' title="bbox 163 5124 1676 5201; baseline 0.007 -26"><span class='ocrx_word' id='word_1_722' title='bbox 163 5124 381 5201; x_wconf 65' lang='lat' dir='ltr'><strong>lcgalitef.</strong></span> <span class='ocrx_word' id='word_1_723' title='bbox 413 5124 571 5199; x_wconf 76' lang='lat' dir='ltr'><strong>juita</strong></span> <span class='ocrx_word' id='word_1_724' title='bbox 612 5143 918 5187; x_wconf 83' lang='lat' dir='ltr'><strong>contextam</strong></span> <span class='ocrx_word' id='word_1_725' title='bbox 962 5147 992 5185; x_wconf 90' lang='lat' dir='ltr'><strong>a</strong></span> <span class='ocrx_word' id='word_1_726' title='bbox 1032 5131 1176 5185; x_wconf 87' lang='lat' dir='ltr'><strong>Luca</strong></span> <span class='ocrx_word' id='word_1_727' title='bbox 1192 5124 1392 5201; x_wconf 17' lang='lat' dir='ltr'><strong>i&#39;ipsius</strong></span> <span class='ocrx_word' id='word_1_728' title='bbox 1432 5132 1676 5201; x_wconf 82' lang='lat' dir='ltr'><strong>genealo-</strong></span> 
     </span>
    </p>
   </div>
   <div class='ocr_carea' id='block_1_100' title="bbox 163 5197 1679 5270">
    <p class='ocr_par' dir='ltr' id='par_1_100' title="bbox 163 5197 1679 5270">
     <span class='ocr_line' id='line_1_100' title="bbox 163 5197 1679 5270; baseline 0.004 -21"><span class='ocrx_word' id='word_1_729' title='bbox 163 5208 290 5269; x_wconf 70' lang='grc' dir='ltr'><strong>μω.</strong></span> <span class='ocrx_word' id='word_1_730' title='bbox 324 5197 476 5265; x_wconf 82' lang='lat' dir='ltr'><strong>Quod</strong></span> <span class='ocrx_word' id='word_1_731' title='bbox 509 5210 689 5255; x_wconf 81' lang='lat' dir='ltr'><strong>autem</strong></span> <span class='ocrx_word' id='word_1_732' title='bbox 720 5202 787 5256; x_wconf 90' lang='lat' dir='ltr'><strong>ad</strong></span> <span class='ocrx_word' id='word_1_733' title='bbox 821 5202 1020 5270; x_wconf 80' lang='lat' dir='ltr'><strong>regiam</strong></span> <span class='ocrx_word' id='word_1_734' title='bbox 1058 5217 1153 5269; x_wconf 89' lang='lat' dir='ltr'><strong>per</strong></span> <span class='ocrx_word' id='word_1_735' title='bbox 1184 5197 1546 5264; x_wconf 71' lang='lat' dir='ltr'><strong>Stilomonem,</strong></span> <span class='ocrx_word' id='word_1_736' title='bbox 1583 5217 1679 5269; x_wconf 89' lang='lat' dir='ltr'><strong>po-</strong></span> 
     </span>
    </p>
   </div>
   <div class='ocr_carea' id='block_1_101' title="bbox 164 5270 1677 5341">
    <p class='ocr_par' dir='ltr' id='par_1_101' title="bbox 164 5270 1677 5341">
     <span class='ocr_line' id='line_1_101' title="bbox 164 5270 1677 5341; baseline -0.002 -16"><span class='ocrx_word' id='word_1_737' title='bbox 164 5274 264 5341; x_wconf 56' lang='grc' dir='ltr'>ιιρρι</span> <span class='ocrx_word' id='word_1_738' title='bbox 289 5284 348 5341; x_wconf 58' lang='lat' dir='ltr'><strong>ea:</strong></span> <span class='ocrx_word' id='word_1_739' title='bbox 365 5287 500 5341; x_wconf 76' lang='lat' dir='ltr'><strong>qua;</strong></span> <span class='ocrx_word' id='word_1_740' title='bbox 523 5274 811 5326; x_wconf 88' lang='lat' dir='ltr'><strong>carnaliter</strong></span> <span class='ocrx_word' id='word_1_741' title='bbox 835 5280 1124 5341; x_wconf 82' lang='lat' dir='ltr'><strong>propagata</strong></span> <span class='ocrx_word' id='word_1_742' title='bbox 1139 5271 1257 5339; x_wconf 89' lang='lat' dir='ltr'><strong>ejus</strong></span> <span class='ocrx_word' id='word_1_743' title='bbox 1288 5286 1451 5341; x_wconf 88' lang='lat' dir='ltr'><strong>carne</strong></span> <span class='ocrx_word' id='word_1_744' title='bbox 1479 5287 1544 5324; x_wconf 86' lang='lat' dir='ltr'><strong>ex</strong></span> <span class='ocrx_word' id='word_1_745' title='bbox 1574 5270 1677 5323; x_wconf 86' lang='lat' dir='ltr'><strong>Da-</strong></span> 
     </span>
    </p>
   </div>
   <div class='ocr_carea' id='block_1_102' title="bbox 162 5333 1675 5410">
    <p class='ocr_par' dir='ltr' id='par_1_102' title="bbox 162 5333 1675 5410">
     <span class='ocr_line' id='line_1_102' title="bbox 162 5333 1675 5410; baseline 0.007 -27"><span class='ocrx_word' id='word_1_746' title='bbox 162 5333 277 5410; x_wconf 69' lang='lat' dir='ltr'><strong>ride,</strong></span> <span class='ocrx_word' id='word_1_747' title='bbox 304 5333 453 5410; x_wconf 67' lang='lat' dir='ltr'><strong>juxta</strong></span> <span class='ocrx_word' id='word_1_748' title='bbox 482 5333 722 5395; x_wconf 16' lang='lat' dir='ltr'><strong>’Matthaei</strong></span> <span class='ocrx_word' id='word_1_749' title='bbox 754 5333 1034 5396; x_wconf 71' lang='lat' dir='ltr'><strong>historiam</strong></span> <span class='ocrx_word' id='word_1_750' title='bbox 1067 5357 1082 5393; x_wconf 74' lang='grc' dir='ltr'>ε</span> <span class='ocrx_word' id='word_1_751' title='bbox 1110 5333 1269 5410; x_wconf 81' lang='lat' dir='ltr'><strong>quem</strong></span> <span class='ocrx_word' id='word_1_752' title='bbox 1302 5340 1518 5393; x_wconf 89' lang='lat' dir='ltr'><strong>modum</strong></span> <span class='ocrx_word' id='word_1_753' title='bbox 1542 5355 1675 5393; x_wconf 89' lang='lat' dir='ltr'><strong>con-</strong></span> 
     </span>
    </p>
   </div>
   <div class='ocr_carea' id='block_1_103' title="bbox 164 5405 1676 5481">
    <p class='ocr_par' dir='ltr' id='par_1_103' title="bbox 164 5405 1676 5481">
     <span class='ocr_line' id='line_1_103' title="bbox 164 5405 1676 5481; baseline 0.003 -24"><span class='ocrx_word' id='word_1_754' title='bbox 164 5405 338 5481; x_wconf 62' lang='lat' dir='ltr'><strong>cordiae,</strong></span> <span class='ocrx_word' id='word_1_755' title='bbox 365 5409 746 5481; x_wconf 76' lang='lat' dir='ltr'><strong>Hieronymus,</strong></span> <span class='ocrx_word' id='word_1_756' title='bbox 780 5405 1143 5481; x_wconf 62' lang='lat' dir='ltr'><strong>Augustinus,</strong></span> <span class='ocrx_word' id='word_1_757' title='bbox 1175 5419 1301 5481; x_wconf 47' lang='lat' dir='ltr'><strong>eum,</strong></span> <span class='ocrx_word' id='word_1_758' title='bbox 1351 5416 1676 5481; x_wconf 82' lang='lat' dir='ltr'><strong>acceperunt</strong></span> 
     </span>
    </p>
   </div>
   <div class='ocr_carea' id='block_1_104' title="bbox 166 5470 1675 5549">
    <p class='ocr_par' dir='ltr' id='par_1_104' title="bbox 166 5470 1675 5549">
     <span class='ocr_line' id='line_1_104' title="bbox 166 5470 1675 5549; baseline 0.007 -26"><span class='ocrx_word' id='word_1_759' title='bbox 166 5470 217 5549; x_wconf 56' lang='lat' dir='ltr'><strong>ab</strong></span> <span class='ocrx_word' id='word_1_760' title='bbox 237 5475 511 5549; x_wconf 75' lang='lat' dir='ltr'><strong>Africano:</strong></span> <span class='ocrx_word' id='word_1_761' title='bbox 551 5470 652 5549; x_wconf 69' lang='lat' dir='ltr'><strong>qua</strong></span> <span class='ocrx_word' id='word_1_762' title='bbox 686 5470 755 5534; x_wconf 83' lang='lat' dir='ltr'><strong>de</strong></span> <span class='ocrx_word' id='word_1_763' title='bbox 796 5470 1169 5540; x_wconf 49' lang='lat' dir='ltr'><strong>re&#39;Baronius,</strong></span> <span class='ocrx_word' id='word_1_764' title='bbox 1206 5470 1527 5549; x_wconf 73' lang='lat' dir='ltr'><strong>Tot-niellus,</strong></span> <span class='ocrx_word' id='word_1_765' title='bbox 1568 5488 1675 5533; x_wconf 86' lang='lat' dir='ltr'><strong>etc.</strong></span> 
     </span>
    </p>
   </div>
   <div class='ocr_carea' id='block_1_105' title="bbox 165 5536 1676 5620">
    <p class='ocr_par' dir='ltr' id='par_1_105' title="bbox 165 5536 1676 5620">
     <span class='ocr_line' id='line_1_105' title="bbox 165 5536 1676 5620; baseline -0.001 -17"><span class='ocrx_word' id='word_1_766' title='bbox 165 5536 649 5620; x_wconf 71' lang='lat' dir='ltr'><strong>QuamNicephorus</strong></span> <span class='ocrx_word' id='word_1_767' title='bbox 678 5567 746 5605; x_wconf 88' lang='lat' dir='ltr'><strong>ex</strong></span> <span class='ocrx_word' id='word_1_768' title='bbox 776 5549 1064 5618; x_wconf 79' lang='lat' dir='ltr'><strong>Hippolyto</strong></span> <span class='ocrx_word' id='word_1_769' title='bbox 1084 5536 1316 5618; x_wconf 84' lang='lat' dir='ltr'><strong>martyre</strong></span> <span class='ocrx_word' id='word_1_770' title='bbox 1339 5546 1488 5601; x_wconf 70' lang='lat' dir='ltr'><strong>aﬁert</strong></span> <span class='ocrx_word' id='word_1_771' title='bbox 1510 5536 1676 5602; x_wconf 65' lang='lat' dir='ltr'><strong>Anna:</strong></span> 
     </span>
    </p>
   </div>
   <div class='ocr_carea' id='block_1_106' title="bbox 168 5615 1677 5737">
    <p class='ocr_par' dir='ltr' id='par_1_106' title="bbox 168 5615 1677 5737">
     <span class='ocr_line' id='line_1_106' title="bbox 168 5615 1677 5737; baseline 0.001 -70"><span class='ocrx_word' id='word_1_772' title='bbox 168 5615 486 5737; x_wconf 55' lang='lat' dir='ltr'><strong>mlogiam</strong></span> <span class='ocrx_word' id='word_1_773' title='bbox 518 5635 585 5673; x_wconf 85' lang='lat' dir='ltr'><strong>ex</strong></span> <span class='ocrx_word' id='word_1_774' title='bbox 626 5631 780 5689; x_wconf 89' lang='lat' dir='ltr'><strong>patre</strong></span> <span class='ocrx_word' id='word_1_775' title='bbox 818 5615 1117 5680; x_wconf 78' lang='lat' dir='ltr'><strong>sacerdote,</strong></span> <span class='ocrx_word' id='word_1_776' title='bbox 1164 5615 1451 5687; x_wconf 32' lang='lat' dir='ltr'><strong>(Bt—passim</strong></span> <span class='ocrx_word' id='word_1_777' title='bbox 1498 5620 1677 5670; x_wconf 80' lang='lat' dir='ltr'><strong>verior</strong></span> 
     </span>
     <span class='ocr_line' id='line_1_107' title="bbox 294 5688 1677 5737; baseline 0 0"><span class='ocrx_word' id='word_1_778' title='bbox 294 5701 369 5737; x_wconf 89' lang='lat' dir='ltr'><strong>ur.</strong></span> <span class='ocrx_word' id='word_1_779' title='bbox 401 5688 561 5737; x_wconf 83' lang='lat' dir='ltr'><strong>habet</strong></span> <span class='ocrx_word' id='word_1_780' title='bbox 579 5692 741 5737; x_wconf 80' lang='lat' dir='ltr'><strong>etiam</strong></span> <span class='ocrx_word' id='word_1_781' title='bbox 769 5697 1112 5737; x_wconf 80' lang='lat' dir='ltr'><strong>nervetustus</strong></span> <span class='ocrx_word' id='word_1_782' title='bbox 1139 5688 1316 5737; x_wconf 64' lang='lat' dir='ltr'><strong>regius</strong></span> <span class='ocrx_word' id='word_1_783' title='bbox 1343 5688 1534 5737; x_wconf 83' lang='lat' dir='ltr'><strong>codex.</strong></span> <span class='ocrx_word' id='word_1_784' title='bbox 1566 5688 1677 5737; x_wconf 86' lang='lat' dir='ltr'><strong>nlu-</strong></span> 
     </span>
    </p>
   </div>
   <div class='ocr_carea' id='block_1_107' title="bbox 189 5688 1677 5763">
    <p class='ocr_par' dir='ltr' id='par_1_107' title="bbox 189 5688 1677 5763">
     <span class='ocr_line' id='line_1_108' title="bbox 189 5688 1677 5763; baseline 0.005 -27"><span class='ocrx_word' id='word_1_785' title='bbox 189 5688 369 5763; x_wconf 48' lang='grc' dir='ltr'>μίξεως,</span> <span class='ocrx_word' id='word_1_786' title='bbox 401 5688 561 5763; x_wconf 77' lang='lat' dir='ltr'><strong>habet</strong></span> <span class='ocrx_word' id='word_1_787' title='bbox 579 5688 741 5745; x_wconf 83' lang='lat' dir='ltr'><strong>etiam</strong></span> <span class='ocrx_word' id='word_1_788' title='bbox 755 5697 1112 5763; x_wconf 71' lang='lat' dir='ltr'><strong>pervetustus</strong></span> <span class='ocrx_word' id='word_1_789' title='bbox 1139 5688 1316 5757; x_wconf 83' lang='lat' dir='ltr'><strong>regius</strong></span> <span class='ocrx_word' id='word_1_790' title='bbox 1343 5688 1534 5763; x_wconf 61' lang='lat' dir='ltr'><strong>codex,</strong></span> <span class='ocrx_word' id='word_1_791' title='bbox 1566 5688 1677 5763; x_wconf 64' lang='lat' dir='ltr'><strong>plu-</strong></span> 
     </span>
    </p>
   </div>
   <div class='ocr_carea' id='block_1_108' title="bbox 170 5755 1675 5825">
    <p class='ocr_par' dir='ltr' id='par_1_108' title="bbox 170 5755 1675 5825">
     <span class='ocr_line' id='line_1_109' title="bbox 170 5755 1675 5825; baseline -0.002 -15"><span class='ocrx_word' id='word_1_792' title='bbox 170 5755 285 5809; x_wconf 76' lang='lat' dir='ltr'><strong>ﬂmis</strong></span> <span class='ocrx_word' id='word_1_793' title='bbox 305 5755 526 5815; x_wconf 80' lang='lat' dir='ltr'><strong>diversis</strong></span> <span class='ocrx_word' id='word_1_794' title='bbox 555 5759 879 5816; x_wconf 85' lang='lat' dir='ltr'><strong>tractatibus</strong></span> <span class='ocrx_word' id='word_1_795' title='bbox 904 5772 1001 5813; x_wconf 88' lang='lat' dir='ltr'><strong>scu</strong></span> <span class='ocrx_word' id='word_1_796' title='bbox 1026 5758 1186 5812; x_wconf 85' lang='lat' dir='ltr'><strong>etiam</strong></span> <span class='ocrx_word' id='word_1_797' title='bbox 1206 5755 1482 5825; x_wconf 64' lang='lat' dir='ltr'><strong>&#39;excerptis</strong></span> <span class='ocrx_word' id='word_1_798' title='bbox 1514 5756 1675 5809; x_wconf 76' lang='lat' dir='ltr'><strong>infer-</strong></span> 
     </span>
    </p>
   </div>
   <div class='ocr_carea' id='block_1_109' title="bbox 1499 4671 2052 4738">
    <p class='ocr_par' dir='ltr' id='par_1_109' title="bbox 1499 4671 2052 4738">
     <span class='ocr_line' id='line_1_110' title="bbox 1499 4671 2052 4738; baseline 0 -14"><span class='ocrx_word' id='word_1_799' title='bbox 1499 4672 1543 4702; x_wconf 82' lang='grc'><strong>⁷⁸</strong></span> <span class='ocrx_word' id='word_1_800' title='bbox 1584 4671 1757 4726; x_wconf 74' lang='lat' dir='ltr'><strong>Exod.</strong></span> <span class='ocrx_word' id='word_1_801' title='bbox 1809 4687 1918 4725; x_wconf 82' lang='lat' dir='ltr'><strong>xvn</strong></span> <span class='ocrx_word' id='word_1_802' title='bbox 1944 4712 1958 4738; x_wconf 89' lang='lat'><strong>,</strong></span> <span class='ocrx_word' id='word_1_803' title='bbox 2000 4672 2052 4725; x_wconf 88' lang='lat'><strong>6.</strong></span> 
     </span>
    </p>
   </div>
   <div class='ocr_carea' id='block_1_110' title="bbox 1788 4511 3342 4586">
    <p class='ocr_par' dir='ltr' id='par_1_110' title="bbox 1788 4511 3342 4586">
     <span class='ocr_line' id='line_1_111' title="bbox 1788 4511 3342 4586; baseline -0.006 -14"><span class='ocrx_word' id='word_1_804' title='bbox 1788 4524 1842 4572; x_wconf 86' lang='lat' dir='ltr'><strong>et</strong></span> <span class='ocrx_word' id='word_1_805' title='bbox 1863 4517 2246 4583; x_wconf 83' lang='lat' dir='ltr'><strong>consistentia;</strong></span> <span class='ocrx_word' id='word_1_806' title='bbox 2301 4515 2462 4586; x_wconf 86' lang='lat' dir='ltr'><strong>idque</strong></span> <span class='ocrx_word' id='word_1_807' title='bbox 2506 4517 2561 4570; x_wconf 90' lang='lat' dir='ltr'><strong>in</strong></span> <span class='ocrx_word' id='word_1_808' title='bbox 2606 4516 2709 4571; x_wconf 89' lang='lat' dir='ltr'><strong>ﬁne</strong></span> <span class='ocrx_word' id='word_1_809' title='bbox 2748 4516 2986 4585; x_wconf 90' lang='lat' dir='ltr'><strong>quinque</strong></span> <span class='ocrx_word' id='word_1_810' title='bbox 3038 4522 3090 4567; x_wconf 86' lang='lat' dir='ltr'><strong>ct</strong></span> <span class='ocrx_word' id='word_1_811' title='bbox 3131 4511 3342 4567; x_wconf 88' lang='lat' dir='ltr'><strong>dimidii</strong></span> 
     </span>
    </p>
   </div>
   <div class='ocr_carea' id='block_1_111' title="bbox 2164 4666 3338 4739">
    <p class='ocr_par' dir='ltr' id='par_1_111' title="bbox 2164 4666 3338 4739">
     <span class='ocr_line' id='line_1_112' title="bbox 2164 4666 3338 4739; baseline 0.002 -18"><span class='ocrx_word' id='word_1_812' title='bbox 2164 4671 2211 4702; x_wconf 80' lang='grc'>⁷⁸</span> <span class='ocrx_word' id='word_1_813' title='bbox 2265 4668 2430 4723; x_wconf 86' lang='lat' dir='ltr'><strong>Num.</strong></span> <span class='ocrx_word' id='word_1_814' title='bbox 2487 4685 2630 4735; x_wconf 84' lang='lat' dir='ltr'><strong>xvu,</strong></span> <span class='ocrx_word' id='word_1_815' title='bbox 2666 4669 2739 4739; x_wconf 76' lang='lat' dir='ltr'><strong>j8.</strong></span> <span class='ocrx_word' id='word_1_816' title='bbox 2816 4668 2859 4700; x_wconf 85' lang='grc'><strong>⁷⁷</strong></span> <span class='ocrx_word' id='word_1_817' title='bbox 2898 4666 3060 4731; x_wconf 82' lang='lat' dir='ltr'><strong>Hebr.</strong></span> <span class='ocrx_word' id='word_1_818' title='bbox 3121 4684 3220 4729; x_wconf 76' lang='grc' dir='ltr'>ιχ,</span> <span class='ocrx_word' id='word_1_819' title='bbox 3285 4666 3338 4723; x_wconf 75' lang='grc'>4.</span> 
     </span>
    </p>
   </div>
   <div class='ocr_carea' id='block_1_112' title="bbox 1764 4849 3342 4923">
    <p class='ocr_par' dir='ltr' id='par_1_112' title="bbox 1764 4849 3342 4923">
     <span class='ocr_line' id='line_1_113' title="bbox 1764 4849 3342 4923; baseline -0.002 -15"><span class='ocrx_word' id='word_1_820' title='bbox 1764 4855 1941 4916; x_wconf 72' lang='lat' dir='ltr'><strong>citus,</strong></span> <span class='ocrx_word' id='word_1_821' title='bbox 1975 4853 2160 4923; x_wconf 82' lang='lat' dir='ltr'><strong>ignoto</strong></span> <span class='ocrx_word' id='word_1_822' title='bbox 2192 4851 2510 4919; x_wconf 88' lang='lat' dir='ltr'><strong>collectore;</strong></span> <span class='ocrx_word' id='word_1_823' title='bbox 2550 4851 2824 4922; x_wconf 88' lang='lat' dir='ltr'><strong>antiquior</strong></span> <span class='ocrx_word' id='word_1_824' title='bbox 2856 4849 2994 4904; x_wconf 83' lang='lat' dir='ltr'><strong>forte</strong></span> <span class='ocrx_word' id='word_1_825' title='bbox 3034 4851 3150 4919; x_wconf 89' lang='lat' dir='ltr'><strong>ipso</strong></span> <span class='ocrx_word' id='word_1_826' title='bbox 3183 4850 3342 4905; x_wconf 88' lang='lat' dir='ltr'><strong>Nicc-</strong></span> 
     </span>
    </p>
   </div>
   <div class='ocr_carea' id='block_1_113' title="bbox 1818 4925 1969 4981">
    <p class='ocr_par' dir='ltr' id='par_1_113' title="bbox 1818 4925 1969 4981">
     <span class='ocr_line' id='line_1_114' title="bbox 1818 4925 1969 4981; baseline 0 -4"><span class='ocrx_word' id='word_1_827' title='bbox 1818 4925 1969 4981; x_wconf 83' lang='lat' dir='ltr'><strong>horo.</strong></span> 
     </span>
    </p>
   </div>
   <div class='ocr_carea' id='block_1_114' title="bbox 1778 4940 3342 5063">
    <p class='ocr_par' dir='ltr' id='par_1_114' title="bbox 1778 4940 3342 5063">
     <span class='ocr_line' id='line_1_115' title="bbox 1778 4940 3342 5063; baseline -0.013 0"><span class='ocrx_word' id='word_1_828' title='bbox 1778 4940 1969 5063; x_wconf 57' lang='grc' dir='ltr'><strong>Ρυῗὲἕ)⁸</strong></span> <span class='ocrx_word' id='word_1_829' title='bbox 1996 4990 2411 5063; x_wconf 34' lang='grc' dir='ltr'><strong>Διαθῆκαι-μεὶς</strong></span> <span class='ocrx_word' id='word_1_830' title='bbox 2426 4991 2629 5063; x_wconf 76' lang='lat' dir='ltr'><strong>passim</strong></span> <span class='ocrx_word' id='word_1_831' title='bbox 2654 4993 2976 5063; x_wconf 77' lang='lat' dir='ltr'><strong>interpretes</strong></span> <span class='ocrx_word' id='word_1_832' title='bbox 3004 4987 3342 5063; x_wconf 63' lang='lat' dir='ltr'><strong>sacra;_Scri-</strong></span> 
     </span>
    </p>
   </div>
   <div class='ocr_carea' id='block_1_115' title="bbox 1782 5057 3336 5131">
    <p class='ocr_par' dir='ltr' id='par_1_115' title="bbox 1782 5057 3336 5131">
     <span class='ocr_line' id='line_1_116' title="bbox 1782 5057 3336 5131; baseline -0.003 -16"><span class='ocrx_word' id='word_1_833' title='bbox 1782 5057 1972 5131; x_wconf 66' lang='lat' dir='ltr'><strong>ptui-ae,</strong></span> <span class='ocrx_word' id='word_1_834' title='bbox 2027 5057 2246 5131; x_wconf 84' lang='lat' dir='ltr'><strong>ipseque</strong></span> <span class='ocrx_word' id='word_1_835' title='bbox 2287 5057 2486 5115; x_wconf 82' lang='lat' dir='ltr'><strong>Paulus</strong></span> <span class='ocrx_word' id='word_1_836' title='bbox 2535 5061 2600 5112; x_wconf 89' lang='lat' dir='ltr'><strong>ad</strong></span> <span class='ocrx_word' id='word_1_837' title='bbox 2654 5057 2842 5123; x_wconf 64' lang='lat' dir='ltr'><strong>Hebr.,</strong></span> <span class='ocrx_word' id='word_1_838' title='bbox 2900 5074 3005 5113; x_wconf 90' lang='lat' dir='ltr'><strong>non</strong></span> <span class='ocrx_word' id='word_1_839' title='bbox 3052 5057 3336 5131; x_wconf 64' lang='grc' dir='ltr'>συνθῆκαι,</span> 
     </span>
    </p>
   </div>
   <div class='ocr_carea' id='block_1_116' title="bbox 1781 5126 3339 5200">
    <p class='ocr_par' dir='ltr' id='par_1_116' title="bbox 1781 5126 3339 5200">
     <span class='ocr_line' id='line_1_117' title="bbox 1781 5126 3339 5200; baseline -0.002 -16"><span class='ocrx_word' id='word_1_840' title='bbox 1781 5126 1956 5200; x_wconf 65' lang='lat' dir='ltr'><strong>pacta,</strong></span> <span class='ocrx_word' id='word_1_841' title='bbox 2008 5126 2225 5200; x_wconf 54' lang='lat' dir='ltr'><strong>Modena,</strong></span> <span class='ocrx_word' id='word_1_842' title='bbox 2273 5132 2413 5199; x_wconf 90' lang='lat' dir='ltr'><strong>quod</strong></span> <span class='ocrx_word' id='word_1_843' title='bbox 2451 5138 2586 5183; x_wconf 81' lang='lat' dir='ltr'><strong>teste</strong></span> <span class='ocrx_word' id='word_1_844' title='bbox 2626 5131 2950 5200; x_wconf 80' lang='lat' dir='ltr'><strong>Hieronymo</strong></span> <span class='ocrx_word' id='word_1_845' title='bbox 2980 5144 3080 5200; x_wconf 75' lang='lat' dir='ltr'><strong>vox</strong></span> <span class='ocrx_word' id='word_1_846' title='bbox 3115 5126 3339 5182; x_wconf 65' lang='lat' dir='ltr'><strong>Ilebrma</strong></span> 
     </span>
    </p>
   </div>
   <div class='ocr_carea' id='block_1_117' title="bbox 1784 5199 3339 5269">
    <p class='ocr_par' dir='ltr' id='par_1_117' title="bbox 1784 5199 3339 5269">
     <span class='ocr_line' id='line_1_118' title="bbox 1784 5199 3339 5269; baseline -0.001 -14"><span class='ocrx_word' id='word_1_847' title='bbox 1784 5202 1992 5255; x_wconf 85' lang='lat' dir='ltr'><strong>videtur</strong></span> <span class='ocrx_word' id='word_1_848' title='bbox 2010 5199 2192 5269; x_wconf 83' lang='lat' dir='ltr'><strong>magis</strong></span> <span class='ocrx_word' id='word_1_849' title='bbox 2226 5201 2421 5256; x_wconf 85' lang='lat' dir='ltr'><strong>habere</strong></span> <span class='ocrx_word' id='word_1_850' title='bbox 2457 5217 2469 5249; x_wconf 91' lang='lat'>:</span> <span class='ocrx_word' id='word_1_851' title='bbox 2506 5201 2660 5267; x_wconf 89' lang='lat' dir='ltr'><strong>cujus</strong></span> <span class='ocrx_word' id='word_1_852' title='bbox 2693 5202 2770 5255; x_wconf 90' lang='lat' dir='ltr'><strong>rei</strong></span> <span class='ocrx_word' id='word_1_853' title='bbox 2799 5199 3115 5269; x_wconf 82' lang='lat' dir='ltr'><strong>mysterium</strong></span> <span class='ocrx_word' id='word_1_854' title='bbox 3147 5208 3339 5267; x_wconf 87' lang='lat' dir='ltr'><strong>prose-</strong></span> 
     </span>
    </p>
   </div>
   <div class='ocr_carea' id='block_1_118' title="bbox 1782 5269 2848 5341">
    <p class='ocr_par' dir='ltr' id='par_1_118' title="bbox 1782 5269 2848 5341">
     <span class='ocr_line' id='line_1_119' title="bbox 1782 5269 2848 5341; baseline -0.004 -17"><span class='ocrx_word' id='word_1_855' title='bbox 1782 5279 2022 5341; x_wconf 74' lang='lat' dir='ltr'><strong>quuntur</strong></span> <span class='ocrx_word' id='word_1_856' title='bbox 2051 5269 2292 5341; x_wconf 80' lang='lat' dir='ltr'><strong>ejusdem</strong></span> <span class='ocrx_word' id='word_1_857' title='bbox 2320 5270 2465 5324; x_wconf 87' lang='lat' dir='ltr'><strong>Pauli</strong></span> <span class='ocrx_word' id='word_1_858' title='bbox 2493 5271 2848 5341; x_wconf 73' lang='lat' dir='ltr'><strong>expositores.</strong></span> 
     </span>
    </p>
   </div>
   <div class='ocr_carea' id='block_1_119' title="bbox 1854 5336 3337 5409">
    <p class='ocr_par' dir='ltr' id='par_1_119' title="bbox 1854 5336 3337 5409">
     <span class='ocr_line' id='line_1_120' title="bbox 1854 5336 3337 5409; baseline -0.004 -16"><span class='ocrx_word' id='word_1_859' title='bbox 1854 5340 1965 5409; x_wconf 81' lang='lat'><strong>(66)</strong></span> <span class='ocrx_word' id='word_1_860' title='bbox 1991 5336 2109 5393; x_wconf 66' lang='grc' dir='ltr'><strong>Οὺὶι</strong></span> <span class='ocrx_word' id='word_1_861' title='bbox 2128 5340 2410 5409; x_wconf 79' lang='grc' dir='ltr'>ἀδόκιμον</span> <span class='ocrx_word' id='word_1_862' title='bbox 2428 5336 2767 5406; x_wconf 70' lang='grc' dir='ltr'>σύσσημον.</span> <span class='ocrx_word' id='word_1_863' title='bbox 2787 5339 3081 5409; x_wconf 85' lang='lat' dir='ltr'><strong>Commune</strong></span> <span class='ocrx_word' id='word_1_864' title='bbox 3101 5336 3337 5409; x_wconf 79' lang='lat' dir='ltr'><strong>signum,</strong></span> 
     </span>
    </p>
   </div>
   <div class='ocr_carea' id='block_1_120' title="bbox 1781 5404 3339 5479">
    <p class='ocr_par' dir='ltr' id='par_1_120' title="bbox 1781 5404 3339 5479">
     <span class='ocr_line' id='line_1_121' title="bbox 1781 5404 3339 5479; baseline -0.006 -16"><span class='ocrx_word' id='word_1_865' title='bbox 1781 5409 1925 5477; x_wconf 84' lang='lat' dir='ltr'><strong>quod</strong></span> <span class='ocrx_word' id='word_1_866' title='bbox 1950 5404 2223 5479; x_wconf 66' lang='lat' dir='ltr'><strong>praecipue</strong></span> <span class='ocrx_word' id='word_1_867' title='bbox 2257 5404 2576 5479; x_wconf 29' lang='lat' dir='ltr'><strong>almilitibus</strong></span> <span class='ocrx_word' id='word_1_868' title='bbox 2604 5404 2875 5479; x_wconf 73' lang='lat' dir='ltr'><strong>statuitur,</strong></span> <span class='ocrx_word' id='word_1_869' title='bbox 2904 5408 2991 5459; x_wconf 90' lang='lat' dir='ltr'><strong>cui</strong></span> <span class='ocrx_word' id='word_1_870' title='bbox 3022 5404 3339 5479; x_wconf 75' lang='lat' dir='ltr'><strong>optiniead-</strong></span> 
     </span>
    </p>
   </div>
   <div class='ocr_carea' id='block_1_121' title="bbox 1777 5475 3340 5549">
    <p class='ocr_par' dir='ltr' id='par_1_121' title="bbox 1777 5475 3340 5549">
     <span class='ocr_line' id='line_1_122' title="bbox 1777 5475 3340 5549; baseline -0.004 -17"><span class='ocrx_word' id='word_1_871' title='bbox 1777 5475 1977 5547; x_wconf 76' lang='lat' dir='ltr'><strong>jecttnn</strong></span> <span class='ocrx_word' id='word_1_872' title='bbox 2024 5475 2269 5549; x_wconf 73' lang='lat' dir='ltr'><strong>quadrat.</strong></span> <span class='ocrx_word' id='word_1_873' title='bbox 2309 5477 2587 5537; x_wconf 76' lang='lat' dir='ltr'><strong>Paulinus,</strong></span> <span class='ocrx_word' id='word_1_874' title='bbox 2631 5494 2731 5549; x_wconf 75' lang='lat' dir='ltr'><strong>non</strong></span> <span class='ocrx_word' id='word_1_875' title='bbox 2772 5477 3045 5549; x_wconf 75' lang='lat' dir='ltr'><strong>obscuram</strong></span> <span class='ocrx_word' id='word_1_876' title='bbox 3070 5475 3340 5549; x_wconf 66' lang='lat' dir='ltr'><strong>signiﬁca-</strong></span> 
     </span>
    </p>
   </div>
   <div class='ocr_carea' id='block_1_122' title="bbox 1784 5545 3334 5617">
    <p class='ocr_par' dir='ltr' id='par_1_122' title="bbox 1784 5545 3334 5617">
     <span class='ocr_line' id='line_1_123' title="bbox 1784 5545 3334 5617; baseline -0.006 -16"><span class='ocrx_word' id='word_1_877' title='bbox 1784 5545 1991 5612; x_wconf 79' lang='lat' dir='ltr'><strong>tionem,</strong></span> <span class='ocrx_word' id='word_1_878' title='bbox 2021 5545 2163 5617; x_wconf 73' lang='lat' dir='ltr'><strong>qnod</strong></span> <span class='ocrx_word' id='word_1_879' title='bbox 2192 5558 2335 5601; x_wconf 87' lang='lat' dir='ltr'><strong>certe</strong></span> <span class='ocrx_word' id='word_1_880' title='bbox 2358 5562 2573 5617; x_wconf 82' lang='lat' dir='ltr'><strong>sensum</strong></span> <span class='ocrx_word' id='word_1_881' title='bbox 2602 5547 2764 5599; x_wconf 83' lang='lat' dir='ltr'><strong>altum</strong></span> <span class='ocrx_word' id='word_1_882' title='bbox 2789 5546 3030 5617; x_wconf 64' lang='lat' dir='ltr'><strong>auctoris</strong></span> <span class='ocrx_word' id='word_1_883' title='bbox 3061 5545 3334 5617; x_wconf 76' lang='lat' dir='ltr'><strong>obscurat.</strong></span> 
     </span>
    </p>
   </div>
   <div class='ocr_carea' id='block_1_123' title="bbox 1854 5610 3334 5686">
    <p class='ocr_par' dir='ltr' id='par_1_123' title="bbox 1854 5610 3334 5686">
     <span class='ocr_line' id='line_1_124' title="bbox 1854 5610 3334 5686; baseline -0.005 -17"><span class='ocrx_word' id='word_1_884' title='bbox 1854 5610 1985 5686; x_wconf 61' lang='lat'><strong>(67)</strong></span> <span class='ocrx_word' id='word_1_885' title='bbox 2008 5610 2396 5686; x_wconf 73' lang='grc' dir='ltr'>Ἐγχρονίσαι.</span> <span class='ocrx_word' id='word_1_886' title='bbox 2434 5616 2591 5671; x_wconf 80' lang='lat' dir='ltr'><strong>Forte</strong></span> <span class='ocrx_word' id='word_1_887' title='bbox 2620 5616 2954 5684; x_wconf 84' lang='grc' dir='ltr'>ὲγχρονίσας.</span> <span class='ocrx_word' id='word_1_888' title='bbox 2994 5614 3057 5666; x_wconf 85' lang='grc' dir='ltr'><strong>Ει</strong></span> <span class='ocrx_word' id='word_1_889' title='bbox 3119 5626 3239 5665; x_wconf 82' lang='lat' dir='ltr'><strong>mox</strong></span> <span class='ocrx_word' id='word_1_890' title='bbox 3271 5610 3334 5663; x_wconf 59' lang='grc' dir='ltr'><strong>ἅς</strong></span> 
     </span>
    </p>
   </div>
   <div class='ocr_carea' id='block_1_124' title="bbox 1780 5688 2296 5757">
    <p class='ocr_par' dir='ltr' id='par_1_124' title="bbox 1780 5688 2296 5757">
     <span class='ocr_line' id='line_1_125' title="bbox 1780 5688 2296 5757; baseline -0.004 -19"><span class='ocrx_word' id='word_1_891' title='bbox 1780 5704 1991 5754; x_wconf 84' lang='grc' dir='ltr'>γνωστα</span> <span class='ocrx_word' id='word_1_892' title='bbox 2019 5704 2114 5757; x_wconf 84' lang='lat' dir='ltr'><strong>pro</strong></span> <span class='ocrx_word' id='word_1_893' title='bbox 2142 5688 2296 5752; x_wconf 74' lang='grc' dir='ltr'>ἔγνω.</span> 
     </span>
    </p>
   </div>
  </div>
