4028 6318
683 388 781 446 571

1593 392 1651 450 S.
1692 389 2020 447 METEODII
2061 388 2371 449 EPISCOPI
2412 390 2499 448 ET
2541 389 2899 448 MARTYRIS

3805 394 3918 451 379
3987 394 3989 450 ἕ

681 505 1015 562 circulorum
1052 507 1257 563 mundi.
1286 505 1514 578 Propter
1546 515 1622 574 te,
1651 523 1715 562 ac
1744 511 2119 563 intemeratam
2153 507 2248 563 Dei

2353 526 2461 572 νος,
2493 509 2568 572 ὡς
2595 509 2762 571 τύπος
2789 507 3198 577 ἀψευδέστατος,
3228 508 3288 562 τὺ
3319 509 3452 581 πρὸς
3482 508 3692 581 ἡμέραν
3719 510 3913 580 τρεπό-

681 596 848 655 Verbi
874 616 938 656 ex
985 607 1037 655 te
1068 611 1404 672 assumptam
1445 615 1688 665 carnem,
1720 600 2130 655 immutabiliter
2158 601 2247 654 in-

683 689 963 760 divisaque
991 691 1045 744 in
1065 692 1182 761 ipso
1206 692 1260 745 in
1293 699 1610 762 perpetuum
1639 698 2080 759 permanentem;
2111 707 2250 746 urna

685 780 775 835 illa
807 795 971 836 aurea
1009 782 1090 846 ",
1130 791 1385 852 tanquam
1421 782 1761 837 certissimus
1804 789 1984 852 typus,
2016 797 2249 849 manna,

684 872 829 943 quod
861 873 1062 944 alioqui
1110 889 1206 943 per
1250 872 1392 927 diem
1443 872 1840 936 invertebatur,
1889 875 1941 927 in
1979 890 2039 929 se
2093 874 2249 944 ipsa,

683 962 906 1018 minime
937 969 1242 1026 mutatum,
1290 961 1384 1016 sed
1433 963 1559 1018 totis
1611 965 1823 1019 saeculis
1886 980 2248 1034 permanens,

682 1055 1069 1110 conservabat.
1109 1052 1240 1107 Tuae
1279 1054 1440 1108 etiam
1476 1055 1742 1112 castitatis
1786 1057 2047 1128 praescius
2090 1064 2252 1127 atque

685 1143 926 1200 imitator
960 1143 1014 1197 in
1047 1144 1241 1213 spiritu
1295 1143 1438 1200 Elias
1497 1146 1759 1217 propheta
1806 1147 1886 1210 ",
1926 1146 2049 1201 vita:
2104 1147 2251 1203 illius

683 1233 926 1306 igniferae
975 1233 1078 1290 sibi
1105 1233 1370 1289 redimivit
1398 1251 1653 1292 coronam
1680 1237 1756 1304 θ’,
1781 1235 2044 1292 hactenus
2067 1237 2255 1293 divino

685 1323 946 1396 suﬂragio
994 1324 1301 1380 declaratus
1345 1335 1520 1383 morte
1550 1327 1815 1397 superior.
1855 1326 1932 1382 Te
1979 1326 2253 1381 nihilomi-

683 1432 789 1472 nus
812 1416 932 1486 ejus
956 1432 1241 1474 successor
1274 1416 1500 1474 Elisazus
1531 1420 1598 1482 ⁸³,
1633 1419 1880 1472 initiante
1917 1416 2251 1488 docenteque

683 1509 931 1579 sapiente
951 1509 1234 1580 magistro,
1262 1525 1362 1565 ceu
1394 1526 1634 1580 presens
1662 1509 1884 1564 adesses
1907 1549 1924 1572 ,
1965 1525 2086 1579 qua
2123 1524 2253 1565 nec-

683 1597 813 1652 dum
841 1614 985 1665 eras,
1015 1599 1405 1671 pmﬁgurans;
1432 1600 1604 1656 certis
1635 1616 1816 1656 rerum
1860 1615 1980 1672 quae
2011 1615 2136 1655 vere
2170 1615 2253 1657 es-

681 1698 806 1746 sent
843 1690 1037 1747 futura:
1069 1693 1344 1748 indicibus
1375 1693 1569 1762 signis,
1593 1691 1855 1746 auxilium
1900 1690 2250 1748 medicinam-

680 1796 789 1854 que
834 1782 1240 1853 indigentibus,
1285 1782 1481 1852 majori
1520 1797 1686 1853 supra
1731 1793 1983 1839 naturam
2012 1783 2248 1844 virtute.

2357 618 2515 670 μενον
2555 601 2648 654 καὶ⁵
2687 572 3060 670 ἀλλοιούμενον
3091 600 3285 671 μάννα,
3315 572 3703 670 ἄτρεπτονήὶ
3989 572 3991 680 1

2351 690 2494 756 νίζον
2521 691 2665 744 ἔνδον
2694 691 2863 761 αὐτῆς
2888 690 3223 760 διεφύλαττε.
3252 692 3364 760 Τῆς
3392 692 3488 761 σῆς
3515 691 3738 759 ἁγνείας
3769 695 3861 746 καὶ
3889 694 3914 745 6

2349 785 2634 854 προφήτης
2671 783 2854 846 Ἠλίας
2895 781 3202 853 προθεωρὸς
3247 783 3341 836 καὶ
3379 769 3622 853 ζηλωτὴς
3665 783 3918 854 ὑπάρχων

2349 878 2436 930 διὰ
2473 877 2566 930 τοῦ
2614 875 2944 946 Πνεύματος,
2991 873 3270 945 πυρφόρου
3318 873 3586 935 πολιτείας
3631 874 3922 944 ἀνεδήσατο

2353 962 2632 1032 στέφανον,
2672 963 2933 1034 κρείττων
2975 962 3196 1016 θανάτου
3238 961 3564 1032 ἀναδειχθεὶς
3599 961 3724 1033 θείᾳ

2351 1054 2476 1126 ἀχρι
2503 1056 2600 1127 τῆς
2631 1053 2806 1126 δεῦρο.
2844 1055 2910 1108 Σὲ
2952 1055 3043 1109 καὶ
3066 1057 3093 1106 6
3128 1054 3315 1108 τούτου
3347 1053 3584 1125 διάδοχος
3629 1053 3926 1120 Ἐλισσαῖος

2352 1143 2500 1215 παρά
2553 1143 2717 1213 σοφοῦ
2759 1143 3078 1197 διδασκάλου
3117 1142 3363 1213 μυηθεὶς,
3400 1144 3492 1195 καὶ
3532 1142 3608 1205 ὡς
3649 1141 3926 1213 παροῦσαν

2349 1235 2446 1306 τὴν
2494 1238 2660 1308 μήπω
2701 1232 2864 1290 οὖσαν
2913 1235 3311 1308 προδιατυπῶν,
3349 1233 3639 1306 ὑπερφυῶς
3682 1235 3794 1297 τοίς
3841 1251 3925 1286 τε·

2351 1327 2606 1398 κμηρίοις
2634 1325 2743 1379 τῶν
2779 1327 3048 1398 ἀληθινῶν
3073 1327 3170 1390 τὰς
3204 1326 3523 1396 ἐπικουρίας
3557 1321 3791 1378 ἐποιεῖτο
3822 1324 3928 1376 τῶν

2348 1415 2645 1487 δεομένων·
2683 1416 2767 1487 πῆ
2791 1419 2890 1488 μὶν
2918 1419 2985 1472 δι’
3013 1419 3199 1490 ὑδρίας
3227 1419 3440 1489 καινῆς,
3472 1421 3567 1473 καὶ
3592 1418 3718 1481 τοὺς
3748 1419 3927 1470 νοστί-

2353 1524 2486 1577 μυυς
2515 1507 2744 1580 ἐχούσης
2775 1508 2928 1574 ἀλας,
2957 1509 3028 1562 τά
3053 1510 3350 1582 φθοροποιά
3377 1509 3543 1564 ὕδατα
3574 1509 3822 1581 ἰώμενος,
3851 1512 3930 1573 είς

2352 1597 2573 1666 ινδειξιν
2615 1598 2708 1653 τοῦ
2742 1600 3137 1671 ἀνασφήλαντπ
3172 1600 3284 1672 (68)
3325 1601 3528 1673 κόσμου
3563 1600 3650 1654 διὰ
3693 1601 3792 1654 τοῦ
3838 1601 3929 1653 ἐπὶ

2351 1692 2435 1744 σοὶ
2469 1690 2793 1761 μυστηρίου·
2833 1691 2908 1761 πῆ
2935 1691 2994 1744 δὲ
3025 1689 3240 1761 ἀλεύρῳ
3268 1690 3480 1762 ἀζύμῳ,
3509 1691 3725 1760 λοχείας
3758 1691 3928 1742 ἀσπό-

2354 1795 2448 1852 ρου
2484 1779 2777 1852 ἀντιτύπῳ,
2811 1779 3039 1835 θανάτου
3073 1781 3296 1852 πικρίαν
3327 1781 3663 1834 ἀναστέλλων
3691 1779 3804 1832 ἀπὸ
3823 1779 3930 1831 τῶν

682 1872 1016 1929 adhibebat:
1053 1889 1200 1928 nunc
1245 1874 1461 1943 quidem
1509 1890 1604 1944 per
1649 1890 1844 1930 novam
1895 1872 2142 1946 hydriam
2175 1873 2248 1938 ",

2353 1870 2624 1941 ἐδωδίμων
2644 1886 2659 1904 ⁸
2688 1871 2874 1926 ἄλλοτε
2914 1871 2969 1924 δὲ
3001 1875 3114 1936 τοῖς
3159 1871 3457 1942 ὐπερφυέσι
3489 1871 3556 1923 τά
3593 1870 3736 1923 κατά
3770 1870 3931 1938 φύσιν

682 1964 872 2033 salque
899 1963 1136 2018 salutare
1177 1963 1230 2018 in
1267 1979 1326 2019 se
1375 1965 1770 2031 continentem,
1804 1981 1973 2037 aquas
2003 1965 2251 2022 exitiales

683 2070 888 2110 sanans
919 2073 933 2110 :
970 2054 1038 2108 ad
1075 2055 1487 2124 ostendendum,
1519 2073 1642 2114 esse
1680 2060 2034 2113 recreandum
2085 2073 2248 2112 mun-

683 2144 836 2209 dum,
860 2159 959 2215 per
987 2154 1388 2200 sacramentum
1409 2145 1462 2199 in
1490 2153 1544 2201 te
1571 2147 1876 2202 exhibitum
1905 2166 1917 2200 :
1953 2145 2118 2201 modo
2153 2161 2251 2199 au-

682 2250 824 2301 tem,
869 2235 1046 2291 farina
1092 2251 1278 2308 azyma
1314 2238 1396 2302 ",
1446 2245 1635 2307 partus
1684 2237 1763 2290 tui
1821 2244 1942 2292 satu
1992 2237 2250 2291 immunis

682 2333 813 2398 typo
849 2327 1211 2400 respondente
1231 2367 1246 2392 ,
1284 2331 1476 2383 mortis
1508 2329 1860 2383 acerbitatem
1891 2344 1920 2382 a
1954 2329 2091 2382 cibis
2123 2343 2251 2398 pro—

681 2418 876 2491 Πίελος
935 2441 947 2475 :

2356 1962 2662 2033 Mrspvtxtiiv
2692 1964 2752 2016 ὲν
2773 1962 2850 2033 τῷ
2889 1964 3146 2036 Ἰορδάνῃ,
3175 1965 3266 2017 καὶ
3290 1963 3377 2015 διά
3402 1961 3602 2015 τούτων
3635 1963 3731 2033 τὴν
3762 1964 3932 2015 κατά-

2354 2057 2501 2110 δυσιν
2551 2056 2644 2109 τοῦ
2699 2058 2902 2129 Κυρίου
2950 2059 3105 2128 ἡμῶν
3158 2060 3235 2121 είς
3275 2058 3444 2130 ᾅδην,
3487 2059 3579 2111 καὶ
3626 2057 3932 2128 παράδοξον

2355 2149 2650 2220 ἀνάρρυσιν
2683 2149 2791 2202 τῶν
2820 2150 2877 2203 ὲν
2909 2149 3084 2223 φθορᾷ
3132 2149 3507 2220 κατεχομένων
3567 2147 3930 2219 προϊστορῶν.

2354 2236 2538 2291 Πάντα
2574 2236 2684 2308 γὰρ
2711 2233 2856 2290 είκόν
2893 2254 2952 2289 τε
2999 2240 3092 2292 καὶ
3131 2239 3438 2293 ὐπέκυπτον
3482 2241 3547 2309 τῇ
3595 2241 3660 2309 σῇ
3697 2237 3826 2308 θείᾳ
3858 2241 3933 2291 εί-

2357 2327 2470 2379 κόνι
2495 2327 2849 2398 ἑκνικώμενα.

1005 2437 1398 2492 nonnunquam
1439 2422 1673 2491 denique
1719 2423 1882 2477 rebus
1940 2438 2103 2491 supra
2154 2431 2440 2486 naturam,
2492 2437 2615 2493 qua
2659 2431 2872 2477 naturae
2935 2431 3300 2478 consentanea
3341 2433 3524 2481 essent
3576 2425 3630 2479 in
3681 2423 3929 2480 Iordane

681 2511 882 2567 eximie
913 2527 1178 2580 superans
1224 2512 1304 2577 “;
1352 2527 1524 2580 eoque
1558 2509 1771 2565 Domini
1832 2514 1888 2565 in
1947 2512 2216 2566 infernum
2249 2510 2592 2575 descensum,
2638 2510 3048 2580 mirabilemque
3090 2520 3145 2565 et
3183 2512 3516 2581 inopinatam
3605 2527 3803 2567 eorum
3839 2515 3930 2581 qui

683 2605 741 2659 in
795 2604 1146 2672 corruptione
1198 2602 1570 2658 detinerentur
1638 2603 2012 2658 liberationem
2067 2604 2425 2673 praesignans.
2483 2601 2618 2656 Nam
2682 2611 2966 2659 cesserunt
3034 2605 3250 2669 omnia,
3306 2613 3520 2674 tuaeque
3572 2607 3648 2660 illi
3725 2606 3932 2661 divina:

682 2697 905 2768 imagini
935 2697 1302 2768 exprimendae
1335 2697 1560 2766 imparia
1589 2697 2017 2751 succubuerunt.

757 2789 824 2846 Χ.
858 2790 1000 2857 Quid
1031 2806 1160 2846 vero
1179 2791 1357 2846 adhuc
1388 2791 1658 2847 sermonis
1676 2789 1916 2860 habenas
1945 2791 2115 2845 variis
2145 2790 2251 2847 illis

683 2880 1166 2938 informationibus
1206 2881 1396 2936 laxans
1427 2881 1816 2950 involvensque
1846 2887 1899 2934 et
1929 2879 2214 2949 implicans
2235 2917 2250 2942 .

682 2973 990 3030 orationem
1037 2975 1094 3028 in
1142 2975 1364 3044 longum
1409 2973 1700 3051 protraho;
1748 2989 1811 3028 ac
1847 2977 1934 3028 vel
1980 2971 2250 3036 maxime,

687 3080 813 3120 cum
847 3065 1024 3122 instar
1066 3065 1332 3119 columna:
1376 3066 1552 3135 palam
1596 3065 1770 3120 oculis
1810 3065 2024 3134 objecta
2048 3104 2064 3128 ,
2106 3064 2160 3117 in
2200 3069 2254 3116 te

2430 2791 2484 2841 1'.
2521 2790 2630 2842 Kal
2657 2789 2710 2842 τί
2737 2789 2814 2842 ἔτι
2847 2789 3193 2860 περιπλέκων
3229 2789 3452 2859 μηκύνω
3485 2789 3577 2843 τὸν
3605 2791 3790 2858 λόγον,
3819 2794 3932 2854 τοίς

2360 2880 2618 2945 ποικίλοις
2681 2882 3061 2951 προγράμμοις
3112 2882 3399 2950 ἐπαφήσας
3467 2878 3560 2933 τοῦ
3610 2880 3774 2946 λόγου
3833 2882 3932 2944 τὰς

2360 2974 2536 3040 ἡνίας,
2562 2972 2654 3026 καὶ
2686 2972 2918 3042 μάλιστα
2949 2972 3057 3044 πρὸ
3085 2971 3375 3042 ὀφθαλμῶν
3401 2970 3788 3041 ἐστηλωμένης
3818 2971 3931 3042 (69)

2358 3067 2455 3136 τῆς
2494 3064 2584 3116 ἐπὶ
2621 3063 2700 3116 σοὶ
2727 3064 3036 3133 ἀτρεκείας,
3142 3063 3234 3116 καὶ
3261 3063 3672 3133 κατατρυφῆσαι
3701 3064 3931 3134 ἄμεινον

686 3153 891 3210 veritas
921 3159 1127 3222 pateat,
1159 3154 1214 3208 in
1249 3167 1353 3223 qua
1385 3155 1530 3208 velut
1558 3153 1852 3207 eluxuriari
1889 3152 2248 3221 delectariquc

2358 3158 2448 3210 καὶ
2476 3153 2955 3225 ὲπικερδέστερον;
2983 3153 3299 3225 Τοιγαροῦν,
3323 3153 3531 3224 χαίρειν
3564 3153 3783 3224 φράσας
3818 3159 3931 3219 τοῖς

685 3244 1002 3315 ριάεειίῑοτίι
1033 3259 1097 3298 ac
1133 3245 1472 3300 commodius
1503 3243 1704 3299 fuerit?
1729 3244 1908 3310 Quare
1935 3253 2251 3299 sanctorum

687 3335 932 3390 omnium
965 3351 1060 3406 per
1082 3350 1273 3392 omnes
1301 3337 1681 3407 generationes
1706 3376 1720 3399 ,
1758 3335 2098 3405 spiritalibus
2128 3349 2253 3388 nar-

685 3428 992 3484 rationibus
1024 3427 1292 3497 [actisque
1320 3426 1648 3497 prodigiosis
1680 3428 1856 3480 valere
1883 3419 2075 3495 jussis,
2111 3427 2176 3479 ad
2203 3440 2253 3479 te

687 3518 813 3575 festi
845 3519 1009 3589 hujus
1038 3518 1272 3572 convivii
1303 3520 1448 3573 velut
1483 3519 1696 3572 clavum
1721 3559 1734 3581 ,
1780 3534 1813 3571 ο
1858 3517 2070 3572 ﬂorenti
2108 3533 2252 3573 sem-

683 3623 781 3680 per
821 3608 1065 3664 habenda
1091 3611 1348 3663 memoria
1372 3649 1390 3672 ,
1425 3609 1621 3678 dirigo.
1654 3609 1942 3664 Benedicta
1980 3615 2068 3674 tu,
2097 3623 2251 3678 pror-

684 3713 783 3753 sus
823 3698 1106 3754 benedicta
1145 3697 1510 3766 omnibusque
1545 3697 1940 3752 desiderabilis.
1981 3696 2040 3748 ln
2084 3697 2248 3749 bene-

685 3787 1020 3841 dictionibus
1080 3785 1294 3839 Domini
1354 3801 1552 3840 nomen
1608 3796 1794 3848 tuum,
1852 3786 2031 3839 divina
2077 3786 2249 3854 gratia

684 3878 1063 3949 plenissimum
1091 3892 1152 3931 ac
1183 3893 1395 3933 summe
1433 3877 1542 3931 Deo
1567 3880 1864 3948 gratiosum
1887 3919 1902 3942 ,
1926 3876 2020 3932 Dei
2053 3877 2248 3940 Mater,

684 3983 914 4040 quaeque
939 3976 1034 4023 tuo
1076 3969 1195 4038 ipsa
1235 3968 1523 4037 splendore
1558 3968 1809 4023 ﬁdelibus
1842 3969 2022 4023 lumen
2062 3968 2251 4038 praefe-

682 4077 796 4118 ras.
827 4061 909 4115 Tu
949 4061 1382 4130 circumscriptio
1404 4101 1417 4123 ,
1461 4068 1521 4113 ut
1552 4061 1625 4113 ita
1655 4061 1831 4115 dicam
1855 4101 1869 4123 ,
1903 4061 2020 4130 ejus
2045 4062 2135 4130 qui
2167 4068 2250 4114 est

687 4145 1318 4215 incircumscriptibilis:
1355 4147 1512 4203 radix
1538 4146 1686 4202 ﬂoris
1724 4149 2114 4217 speciosissimi
2151 4149 2194 4181 °"
2235 4169 2244 4201 :

687 4232 857 4288 Mater
890 4234 1266 4303 plasmatoris:
1305 4237 1494 4292 altoris
1521 4238 1705 4292 nutrix
1733 4257 1747 4293 ι
1778 4239 1896 4306 ejus
1923 4240 2245 4310 complexio,

684 4327 778 4393 qui
835 4325 1018 4380 omnia
1058 4328 1345 4396 complecti
1395 4329 1556 4383 habet
1602 4350 1612 4383 :
1673 4339 1895 4399 portans
1937 4347 2058 4384 eum
2088 4369 2101 4393 ,
2159 4332 2251 4396 qui

682 4411 847 4468 Verbo
875 4423 1051 4482 portat
1093 4419 1269 4470 omnia
1300 4419 1381 4470 Im:
1413 4429 1604 4487 porta,
1644 4437 1740 4488 per
1780 4436 1942 4489 quam
1991 4421 2133 4475 Deus
2192 4421 2244 4473 in

2353 3247 2460 3301 τῶν
2495 3247 2664 3314 ἀγίων
2691 3245 2832 3299 κατὰ
2869 3247 3046 3300 πᾶσαν
3086 3244 3277 3314 γενεὰν
3310 3248 3695 3315 πνευματικοῖς
3733 3246 3930 3317 διηγή-

2356 3357 2484 3409 μασι
2508 3340 2601 3391 καὶ
2630 3339 3129 3408 τερατουργήμασιν
3147 3378 3161 3402 ,
3197 3337 3288 3389 ἐπὶ
3313 3338 3372 3390 σὲ
3407 3337 3625 3408 μετάγω
3655 3339 3789 3402 τοὺς
3830 3339 3931 3408 τῆς

2351 3431 2582 3501 εὐωχίας
2616 3431 2804 3491 οἴακας
2827 3469 2840 3493 ,
2877 3429 3401 3500 παντομνημόνευτε.
3444 3430 3803 3500 Εὐλογημένη
3841 3431 3929 3491 σὺ.

2353 3520 2748 3590 παντευλὸγητε
2791 3521 2883 3574 καὶ
2919 3524 3052 3574 πᾶσι
3086 3521 3305 3591 ποθητὲ.
3354 3522 3467 3573 Ἐπ’
3495 3521 3772 3588 εὐλογίαις
3812 3523 3929 3573 Κυ-

2355 3613 2467 3683 ρίου
2497 3613 2554 3666 τὸ
2589 3612 3041 3682 θεοχαριτώτατόν
3071 3629 3163 3666 σου
3193 3613 3384 3681 ὄνομα,
3409 3610 3798 3683 Θεογεννήτωρ
3835 3613 3930 3663 καὶ

2350 3704 2570 3774 δᾳδοῦχε
2600 3704 2706 3756 τῶν
2738 3704 2962 3756 πιστῶν.
2995 3705 3058 3756 Ἠ
3102 3721 3435 3773 περιγραφη,
3471 3702 3537 3754 ἵν’
3559 3701 3736 3763 οὕτως
3761 3701 3929 3763 εἴπω,

2348 3795 2441 3846 τοῦ
2484 3796 2919 3864 ἀπεριγράπτου·
2954 3797 2986 3864 ἡ
3035 3793 3157 3862 ῥίζα
3190 3792 3282 3846 τοῦ
3319 3791 3649 3861 ὡραιοτάτου
3690 3791 3928 3854 ἀνθουςο

2350 3887 2382 3954 ή
2415 3886 2611 3955 Μήτηρ
2654 3883 2746 3934 τοῦ
2786 3883 3116 3944 πλάσαντος·
3149 3886 3180 3952 ἡ
3217 3881 3369 3951 τιτθὴ
3395 3880 3484 3934 τοῦ
3510 3882 3806 3951 τρέφοντος
3833 3899 3848 3914 ⁶
3896 3885 3929 3953 ἡ

2351 3974 2578 4042 περιοχὴ
2626 3971 2719 4025 τοῦ
2756 3974 3128 4044 περιέχοντος·
3177 3977 3207 4041 ἡ
3250 3973 3484 4041 φέρουσα
3528 3972 3618 4024 τὸν
3658 3974 3932 4040 φέροντα

2353 4065 2554 4132 ῥήματι
2585 4063 2656 4116 τὰ
2705 4061 2984 4132 πάνταοή
3030 4063 3170 4132 πύλη
3213 4064 3310 4132 τῆς
3340 4065 3394 4117 ὲν
3442 4065 3602 4134 σαρκὶ
3649 4062 3930 4132 ἀνατολῆς

2351 4153 2442 4205 τοῦ
2493 4153 2658 4206 85013-
2711 4154 2744 4222 ἡ
2789 4154 2945 4216 λαϐὶς
2994 4153 3086 4205 τοῦ
3141 4153 3469 4224 καθαρτικοῦ
3527 4154 3838 4224 ἄνθρακος·
3899 4155 3929 4205 6

2353 4242 2554 4314 βραχὺς
2606 4243 2802 4306 κόλπος
2850 4243 2942 4295 τοῦ
2991 4243 3207 4296 πάντων
3263 4243 3493 4296 κόλπου·
3529 4243 3558 4294 6
3603 4242 3775 4304 πόκος
3827 4242 3927 4310 τῆς

2350 4333 2732 4405 ἀκαταλήπτου
2785 4334 2975 4402 δρόσου
3018 4334 3158 4402 (70)·
3210 4337 3237 4386 6
3283 4334 3381 4402 τῆς
3429 4331 3722 4399 ἐπιθυμίας
3758 4331 3928 4383 Δασῖδ

2351 4421 2608 4494 ζωοδόχος
2665 4425 2773 4492 (71)
2809 4424 3007 4488 λάκκος
3066 4424 3161 4494 τῆς
3194 4425 3469 4494 Βηθλεὲμ..
3525 4422 3614 4488 ἀφ’
3651 4414 3715 4471 οὗ
3770 4422 3924 4490 πόμα

679 4517 845 4558 carne
877 4505 1052 4557 oritur
1079 4505 1145 4568 θ’,
1180 4506 1393 4576 forceps
1427 4509 1683 4564 carbonis
1725 4512 1870 4566 illius
1909 4511 2146 4580 purgarii
2175 4513 2240 4576 9°,

2353 4512 2642 4575 ἀθανασίας
2676 4512 2925 4575 ὲξέϐλυσε
2947 4530 2958 4541 ·
2991 4512 3050 4564 τὸ
3083 4513 3391 4582 ἱλαστήριον
3420 4509 3478 4573 ἐξ
3505 4506 3563 4562 οὐ
3587 4508 3719 4569 Θεὸς
3751 4509 3926 4576 ἐγνώ-

681 4593 838 4649 sinus
869 4595 1098 4663 exiguus
1121 4595 1367 4651 immensi
1403 4600 1645 4652 omnium
1683 4601 1834 4655 sinus
1857 4644 1870 4666 ,
1903 4603 2075 4655 vellus
2101 4603 2243 4654 roris

679 4684 826 4740 illius
870 4685 1436 4756 incomprehensibilis
1468 4691 1545 4756 ",
1597 4691 1747 4746 lacus
1791 4694 1878 4746 ille
1929 4693 2237 4746 Bethlehem

750 4840 799 4872 “
838 4841 971 4897 Heb.
1014 4857 1066 4893 Ix
1092 4883 1107 4898 .
1147 4843 1200 4894 6.

680 4994 733 5033 vi
754 5019 769 5043 ,
810 4980 896 5033 57.

749 5134 861 5264 $68)
904 5137 1397 5205 Ἀνασφήλοντοᾳ
1432 5137 1590 5193 Forte
1618 5140 2041 5207 ἀνασφήλαντος.

773 5204 861 5264 69)
894 5207 1010 5264 Πρὸ
1045 5207 1362 5264 ὀφθαλμῶν
1393 5209 1829 5264 ἐστηλωιιένηρ.
1877 5208 2030 5261 Velut

773 5204 861 5270 69‘)
894 5207 1010 5270 Πρὸ
1045 5204 1362 5275 ὀφθαλμῶν
1393 5204 1829 5274 ἐστηλωμένιιςζ
1877 5208 2030 5261 Velut
2059 5214 2238 5260 erecta

679 5276 953 5344 prOpalaIn
987 5277 1040 5327 in
1072 5278 1287 5330 modum
1322 5280 1604 5338 columnae,
1633 5295 1698 5330 ne
1727 5294 1882 5344 quem
1917 5279 2082 5330 latere
2115 5291 2238 5342 pos-

679 5347 765 5396 sit.
789 5343 978 5416 ’Altera
996 5346 1334 5413 signiﬁcatio,
1355 5357 1413 5399 ut
1441 5346 1522 5407 τὸ,
1551 5343 1928 5416 smmum;
1950 5347 2023 5399 sit
2047 5346 2242 5412 con/ir-

680 5424 844 5467 mata.
873 5413 1083 5466 videtur
1103 5417 1282 5467 minus
1311 5417 1612 5469 commoda.

749 5481 859 5551 (70)
896 5482 1005 5547 Τῆς
1025 5484 1445 5547 ἀκαταλήπτου
1467 5486 1706 5551 δρόσου.
1737 5483 1906 5551 Cujus
1930 5484 2243 5554 mysterium

680 5559 912 5619 nequeat
963 5555 1094 5606 satis
1148 5557 1396 5622 perspici.
1456 5555 1739 5614 Pantinus,
1802 5553 2241 5621 ἱηιρετέιτριίίοίιὶδ,

678 5624 823 5688 quod
853 5623 1030 5676 minus
1065 5624 1311 5692 quadrat.
1346 5624 1511 5676 Plane.
1553 5627 1693 5678 enim
1737 5623 1838 5676 fuit
1875 5639 1963 5676 ros
1999 5625 2086 5676 ille
2123 5638 2240 5689 per-

678 5691 968 5763 ceptihilis,
999 5691 1092 5759 qui
1119 5708 1409 5761 expressus
1442 5695 1656 5758 vellere,
1706 5695 1944 5763 lagenam
1984 5708 2120 5761 aqua
2155 5692 2245 5743 im«

677 5760 860 5828 plevit,
894 5763 1078 5832 utique
1109 5760 1366 5818 sensibili.

1301 4845 1339 4874 ³¹
1383 4843 1446 4896 ιν
1497 4842 1620 4913 Reg.
1663 4859 1725 4908 It,
1768 4845 1854 4899 Η.
1932 4846 1976 4875 ⁸³
2021 4845 2184 4897 Eccli.
2239 4859 2421 4905 XLVIII,
2467 4845 2515 4895 l.

679 4926 754 4972 Ir,
796 4910 885 4981 Η.
961 4912 1008 4941 ⁸⁸
1051 4911 1114 4963 IV
1151 4911 1271 4981 Reg.
1328 4931 1378 4966 ν.
1455 4913 1498 4945 ⁸⁷
1543 4909 1650 4966 lia.
1692 4930 1767 4976 XI,
1813 4915 1860 4968 ‘l.
1938 4915 1983 4946 ⁸⁸
2026 4916 2184 4968 Hebr.
2230 4930 2242 4964 I

2353 4956 2362 4967 .
2446 4914 2487 4944 ‘9
2531 4913 2717 4967 Ezech.
2761 4909 2926 4976 XLlll,
2970 4913 3057 4966 41.
3132 4915 3181 4944 ’θ
3247 4911 3361 4965 Isa.
3403 4927 3490 4976 γε,
3533 4909 3582 4964 6.

2354 4602 2449 4670 σθη
2483 4602 2784 4670 ἀνθρώποις
2831 4601 3336 4672 ἀνθρωπομόρφως·
3375 4600 3434 4652 τὸ
3463 4597 3683 4653 ἄσπιλον
3716 4598 3923 4667 ἔνδυμα

2350 4692 2452 4746 τοῦ
2481 4693 2964 4761 ἀναϐαλλομένου
3001 4693 3123 4760 φῶς
3147 4695 3224 4758 ὡς
3251 4692 3494 4760 ἱμάτιον.
3532 4689 3592 4740 Ἠ
3625 4688 3920 4743 δανείσασα

2621 4844 2665 4876 ³³
2700 4842 2768 4895 IV
2807 4841 2925 4911 Reg.
2998 4858 3054 4896 II.
3134 4845 3178 4874 ⁸⁵
3217 4842 3344 4894 ibid.
3404 4842 3492 4895 20.
3580 4842 3624 4872 ⁸⁵
3665 4841 3743 4895 ιγ
3785 4841 3917 4913 Reg.

2621 4913 2717 4966 ach.
2761 4928 2926 4966 XLIII.
2970 4913 3057 4966 41.
3132 4915 3181 4944 ’θ
3247 4911 3361 4965 Isa.
3403 4927 3490 4966 γε.
3533 4909 3582 4964 6.
3692 4915 3736 4944 ⁹¹
3782 4912 3917 4966 Jud.

3826 4931 3919 4964 ua.

2416 5139 2524 5207 (7i)
2559 5137 2880 5203 Ζωοδίτχος.
2928 5134 3032 5190 Seu
3079 5136 3201 5189 vitae
3241 5138 3719 5207 conceptaculum;
3761 5138 3821 5192 in
3854 5153 3921 5191 eo

2347 5205 2525 5259 Muri-J5
2549 5208 2874 5276 symbolum,
2899 5222 3030 5276 quae
3062 5207 3224 5260 vitam
3260 5205 3410 5276 illam
3443 5207 3505 5262 ad
3531 5223 3628 5261 nos
3666 5207 3918 5276 peregri-

2348 5274 2590 5337 nantem,
2625 5291 2721 5330 ceu
2754 5274 2971 5343 hospitii
3003 5275 3164 5345 jure,_
3199 5274 3358 5345 etiam
3409 5285 3566 5331 utero
3618 5274 3867 5345 snsccpit
3897 5293 3913 5330 :

2349 5361 2507 5413 quam
2541 5347 2657 5413 ejus
2693 5347 3119 5414 praerogativam,
3153 5343 3208 5394 in
3233 5343 3433 5396 Martha
3469 5345 3756 5398 Dominum
3783 5343 3914 5413 sus:

2349 5415 2580 5483 cipiente
2618 5416 2670 5467 in
2704 5413 3156 5483 suam’domum,
3201 5413 3286 5466 die
3327 5414 3667 5483 migrationis
3709 5415 3912 5482 ipsius,

2348 5481 2587 5536 ECclcsia
2636 5493 2820 5536 sancte
2871 5483 3078 5535 recolit.
3130 5481 3424 5544 Paulinus;
3457 5481 3913 5550 vivi/icusgqnod

2385 5554 2528 5605 otius
2559 5563 2700 5606 esset
2726 5550 3005 5620 ζωοδότης.
3032 5550 3202 5603 Simili
3223 5553 3462 5620 epitheto
3483 5553 3649 5619 paulo
3680 5550 3914 5620 inferius

2395 5623 2653 5691 imconﬁem
2709 5628 2895 5684 ornat,
2946 5619 3220 5688 appellans
3258 5619 3517 5691 ίθεοδόχον
3570 5619 3908 5691 πρεσδύτην,

2348 5706 2514 5745 senem
2552 5690 2644 5744 Dei
2673 5700 3035 5756 susceptorcm.
