4028 6318
648 388 755 444 573

1607 385 1666 441 S.
1709 383 2036 441 METHODII
2071 384 2379 442 EPISCOPI
2419 384 2508 440 ET
2549 382 2903 441 MARTYRIS

3765 390 3888 450 376

649 519 809 567 sacra
832 546 848 574 ,
874 504 1231 561 sacerdotium
1249 544 1264 563 .
1323 504 1721 575 prophetiaque
1742 546 1758 569 ,
1791 508 1992 575 pariter
2027 514 2212 561 vocata

2323 524 2402 561 κει
2430 507 2507 578 τῷ
2556 506 2750 577 ἐνδόξῳ
2779 508 2871 559 καὶ
2913 504 3220 577 παρθενικῷ
3268 506 3443 579 θρόνῳ
3482 507 3709 579 ξυνωρὶς
3750 509 3849 564 Geo

652 603 838 652 essent
864 596 1208 667 gloriosoque
1240 593 1482 665 Virginis
1504 595 1725 659 throno,
1752 597 1873 667 biga
1904 599 2016 650 haec
2042 612 2071 650 a
2106 596 2214 651 Deo

653 688 946 744 electorum
981 686 1288 755 justorum;
1327 684 1619 753 Simeonis,
1655 688 1898 757 inquam,
1936 696 1988 742 et
2013 688 2210 756 Annae;

655 780 1027 851 apertissimas
1053 780 1338 848 utriusque
1372 780 1554 849 populi
1600 780 1861 850 imagines
1902 781 1957 834 in
1993 796 2051 835 se
2076 796 2214 851 prte-

652 871 941 928 ferentium
964 912 977 933 ,
1016 871 1283 925 astitisset
1308 870 1453 940 (nam
1484 886 1647 926 senex
1669 870 1886 942 quidem
1956 870 2214 928 Israeliti-

650 979 774 1020 cum
810 965 1104 1035 populum,
1136 961 1357 1032 jamque
1404 972 1771 1018 senescentem
1803 972 1858 1017 et
1878 962 2091 1019 effetam
2131 964 2211 1018 le-

650 1068 769 1123 gem
816 1053 1138 1117 exhibebat;
1188 1052 1346 1106 vidua
1390 1059 1565 1106 autem
1621 1051 1921 1107 Ecclesiam
1970 1056 2211 1123 gentium

649 1150 879 1198 eatenus
906 1142 1198 1211 viduam),
1233 1156 1396 1197 senex
1422 1140 1671 1211 quidem,
1702 1156 1801 1197 ceu
1837 1143 1892 1196 in
1931 1142 2069 1212 legis
2092 1158 2213 1213 per-

653 1249 825 1296 sona,
879 1232 1252 1287 dimissionem
1294 1231 1605 1301 quaerebat;
1640 1232 1802 1286 vidua
1837 1239 2019 1287 autem
2047 1272 2062 1295 ,
2112 1248 2213 1288 ceu

652 1323 909 1380 Ecclesiae
936 1337 1221 1393 personam
1247 1338 1461 1393 gerens,
1483 1322 1886 1377 confessionem
1910 1328 2102 1376 contra
2131 1322 2214 1376 af-

654 1413 863 1469 ferebat
896 1416 937 1482 ¹,
961 1412 1513 1485 exspectantibusque
1560 1412 1991 1481 redemptionem
2034 1412 2092 1466 in
2126 1410 2219 1467 Je-

652 1505 923 1570 rusalem,
974 1520 1094 1575 quae
1134 1504 1201 1560 de
1235 1505 1352 1573 ipso
1389 1511 1547 1559 erant
1572 1503 1822 1557 edicebat
1850 1523 1863 1557 :
1896 1501 2038 1557 sicut
2078 1503 2217 1558 bene

656 1605 821 1666 atque
849 1596 1094 1667 apposite
1121 1609 1184 1649 ac
1209 1594 1366 1650 valde
1388 1592 1605 1663 egregie
1626 1633 1641 1659 ,
1668 1600 1723 1647 et
1753 1592 1893 1647 festo
1918 1592 2048 1647 huic
2088 1609 2214 1648 cum

654 1689 845 1758 primis
871 1702 1129 1759 congrua,
1156 1688 1226 1743 ab
1262 1696 1492 1754 utroque
1520 1682 1691 1751 dicta,
1716 1684 2026 1754 conscripta
2065 1692 2212 1741 sunt.

652 1778 947 1849 Oportebat
977 1780 1121 1834 enim
1169 1791 1232 1831 ac
1266 1777 1426 1847 plane
1454 1762 1741 1832 necessum
1767 1782 1887 1831 erat
1906 1815 1921 1840 ,
1953 1782 2014 1830 ut
2046 1791 2215 1830 senex

2314 599 2527 669 κλήτων
2552 599 2799 668 δικαίων,
2857 597 3136 668 Συμεῶνός
3169 615 3309 670 φημι
3332 600 3424 652 καὶ
3445 601 3662 672 Ἀννης,
3689 599 3860 655 ἑκατέ

2315 707 2423 761 ρων
2452 689 2559 743 τῶν
2586 689 2729 742 λαῶν
2770 687 3166 759 ἐναργεστάτας
3208 688 3480 761 φερόντων
3520 690 3618 755 τὰς
3660 693 3885 756 εἰκόνας

2316 781 2375 851 (ὁ
2408 782 2506 851 μὲν
2536 780 2866 853 πρεσϐύτης,
2901 780 2993 833 τοῦ
3034 779 3248 851 Ἰσραὴλ
3280 782 3375 833 καὶ
3412 778 3505 833 τοῦ
3532 784 3882 853 γηράσαντος

2311 873 2473 942 νόμου
2495 889 2508 901 ’
2541 875 2574 941 ἡ
2608 872 2663 925 δὲ
2695 873 2859 943 χήρα,
2887 871 2985 941 τῆς
3019 870 3079 934 ea
3103 868 3270 923 ἐθνῶν
3297 871 3471 942 χήρας
3500 871 3560 923 τὸ
3580 873 3880 944 τηνικαῦτα

2324 962 2683 1032 Ἐκκλησίας)
2708 979 2723 993 ο
2753 965 2782 1015 ὀ
2815 962 2913 1033 μὲν
2954 959 3047 1016 οὖν
3088 961 3396 1034 πρεσϐύτης
3436 965 3881 1033 προσωποτωιού-

2316 1072 2473 1124 μενος
2505 1054 2595 1107 τὸν
2647 1054 2830 1125 νόμον,
2868 1054 2966 1125 τὴν
3015 1054 3279 1107 ἀπόλυσιν
3320 1054 3559 1125 ἐξεζήτει
3579 1071 3595 1083 ·
3626 1056 3659 1125 ἡ
3690 1055 3751 1107 δὲ
3778 1058 3882 1127 τῆς

2329 1147 2651 1215 Ἐκκλησίας
2680 1147 3093 1218 προσωποποιδς
3122 1146 3218 1217 τὴν
3254 1145 3677 1216 ἀνθομολόγητιν
3708 1163 3883 1215 προσ-

2312 1236 2531 1307 εκόμιζε
2567 1235 2701 1308 (75),
2744 1237 2835 1289 καὶ
2866 1238 2975 1300 τοῖς
3012 1235 3462 1306 ἀπεκδεχομένοις
3506 1235 3773 1306 λύτρωσιν
3816 1236 3883 1286 ὲν

2323 1326 2675 1398 Ἰερουσαλὴμ
2720 1326 2790 1379 τὰ
2835 1329 2963 1398 περὶ
3004 1325 3167 1380 αὐτοῦ
3205 1326 3416 1379 ἐλάλει·
3457 1325 3635 1387 καθὼς
3672 1325 3890 1395 γέγρα-

2314 1436 2443 1472 πται
2476 1414 2536 1473 εὖ
2581 1417 2727 1489 μάλα
2764 1419 3034 1489 ἁρμοδίως
3062 1419 3156 1471 καὶ
3184 1416 3472 1488 ὑπερφυῶς
3504 1416 3572 1468 τά
3593 1417 3723 1486 παρ’
3760 1415 3893 1467 ἑκα-

2312 1509 2493 1579 τέροις
2512 1508 2835 1580 λαλούμενα,
2853 1509 2949 1562 καὶ
2974 1512 3039 1580 τῇ
3066 1511 3187 1580 ἱερᾷ
3209 1508 3394 1578 τελετῇ
3425 1508 3712 1577 σύμφημα.
3735 1504 3892 1558 Ἔδει

2315 1600 2443 1671 γὰρ,
2478 1599 2583 1653 ἔδει
2618 1599 2804 1667 σαφῶς
2831 1599 2923 1651 τὸν
2964 1599 3060 1669 μὲν
3092 1600 3401 1670 πρεσϐύτην
3431 1599 3790 1669 ἐπιστάμενον
3824 1595 3893 1649 τὸ

2315 1692 2521 1759 φάσκον
2544 1690 2637 1743 τοῦ
2670 1691 2832 1762 νόμου
2872 1690 3172 1761 διάταγμα,
3208 1689 3401 1744 Αὑτοῦ
3445 1689 3723 1742 ἀκούετον
3751 1685 3889 1741 καί’

2314 1778 2489 1835 Πᾶσα
2521 1781 2692 1849 ψυχὴ
2737 1782 2869 1848 ἣτις
2895 1778 2972 1834 ἂν
3006 1781 3092 1850 μὴ
3132 1781 3366 1848 ἀκούσῃ
3413 1779 3619 1843 αὐτοῦ,
3669 1778 3896 1842 ἐξολο-

654 1870 910 1940 quidem,
942 1869 1037 1939 qui
1078 1869 1213 1938 legis
1250 1868 1379 1922 illud
1415 1868 1611 1924 scitum
1650 1870 1938 1939 perspicue
1987 1875 2209 1933 nosset,

2323 1873 2622 1939 9peziderat
2664 1872 2733 1925 ἐκ
2773 1871 2879 1924 τοῦ
2929 1870 3081 1924 λαοῦ
3124 1868 3345 1936 αὐτῆς,
3397 1868 3653 1921 ἀπόλυσιν
3692 1865 3898 1935 ἐπιζη-

570 2033 575 2038 _
654 1978 763 2032 quo
800 1960 1003 2017 dicitur
1034 1980 1048 2015 :
1080 1959 1259 2028 Ipsum
1282 1962 1489 2024 audite;
1521 1966 1576 2015 et
1619 1976 1631 2013 :
1669 1957 1851 2015 Omnis
1881 1960 2061 2014 anima
2100 1976 2216 2031 quia

656 2056 828 2121 ipsum
853 2070 954 2109 non
978 2053 1223 2115 audierit,
1254 2052 1691 2106 exterminabitur
1722 2051 1786 2106 de
1812 2050 2001 2120 populo
2021 2067 2117 2104 suo
2147 2052 2168 2081 ¹
2197 2069 2211 2104 :

658 2143 937 2214 paciﬁcam
967 2160 997 2198 a
1046 2144 1201 2213 legali
1247 2142 1592 2212 postmodum
1634 2142 1976 2197 institutione
2025 2140 2217 2197 dimis-

657 2238 864 2292 sionem
895 2242 1178 2306 quaereret.
1211 2234 1421 2290 Revera
1451 2234 1598 2289 enim
1630 2234 1829 2303 injuria
1853 2240 1939 2288 est
1964 2240 2018 2287 et
2048 2241 2217 2287 teme-

652 2327 791 2382 ritas
811 2367 825 2390 ,
850 2336 940 2391 ut,
972 2341 1097 2396 rege
1138 2333 1405 2395 praesente
1433 2338 1495 2378 ac
1521 2325 1683 2378 verba
1711 2324 1925 2393 publice
1950 2321 2213 2387 faciente,

657 2418 948 2474 satellitum
979 2417 1176 2486 aliquis
1210 2432 1274 2473 ex
1315 2416 1548 2471 adverso
1578 2415 1851 2484 loquatur,
1877 2423 2043 2486 utque
2081 2413 2215 2467 sub-

658 2508 757 2562 diti
791 2508 842 2562 ei
870 2507 1087 2561 interim
1125 2520 1286 2560 aures
1329 2506 1760 2561 accommodent.
1791 2504 1899 2560 Sed
1920 2514 1975 2558 et
1996 2504 2215 2559 viduam

655 2614 778 2667 qua:
835 2597 994 2651 donis
1049 2598 1433 2665 superantibus
1494 2598 1758 2651 rationem
1817 2604 1977 2650 aucta
2028 2600 2214 2657 esset,

659 2685 816 2741 festis
842 2685 1075 2739 canticis
1107 2683 1218 2738 Deo
1239 2685 1443 2755 gratias
1468 2702 1626 2756 agere
1653 2701 1752 2755 par
1786 2693 1904 2739 erat
1933 2703 1945 2736 :
1978 2684 2219 2751 adeoque

656 2776 767 2829 illic
808 2782 994 2844 gesta,
1040 2775 1143 2845 legi
1196 2791 1437 2830 consona
1484 2786 1659 2831 erant.
1719 2775 1986 2829 Caeterum
2042 2786 2219 2842 opere

659 2869 891 2938 pretium
943 2868 1147 2931 fuerit,
1190 2868 1569 2937 iuquiramus;
1606 2882 1730 2921 cum
1782 2865 2110 2935 prophetica:
2142 2865 2219 2917 in-

661 2958 1013 3013 formationes
1040 2965 1093 3013 et
1115 2957 1301 3027 figurae
1338 2959 1403 3013 ad
1432 2958 1663 3013 eximias
1704 2958 1867 3012 hasce
1893 2956 2218 3011 festivitates

659 3067 955 3121 congruam
984 3052 1274 3121 quamdam
1298 3052 1613 3105 relationem
1650 3050 1927 3112 baberent,
1962 3049 2220 3116 quemad-

658 3143 876 3196 modum
912 3142 1118 3197 dictum
1148 3150 1232 3196 est
1260 3182 1274 3205 ,
1303 3143 1578 3211 quomodo
1606 3141 1800 3195 domus
1834 3139 1984 3194 fumo
2016 3139 2218 3208 repleta

2316 1960 2479 2031 τῆσαι
2518 1962 2801 2034 εἰρηνικὴν
2841 1962 2938 2032 τῆς
2979 1960 3210 2030 νομικῆς
3261 1957 3649 2027 παιδαγωγίας.
3684 1958 3897 2029 ’Υσρις

2317 2054 2423 2125 γὰρ
2474 2054 2589 2123 ἅμα
2647 2054 2740 2106 καὶ
2786 2050 3117 2123 προπέτεια,
3176 2049 3437 2120 βασιλέως
3478 2047 3744 2120 παρόντος
3793 2048 3899 2099 καὶ

2314 2145 2785 2217 δημηγοροῦντος,
2821 2143 3167 2213 ὑπασπιστὴν
3209 2142 3569 2213 κατάντικρυς
3599 2140 3902 2210 ἀντιφθέγ-

2316 2238 2528 2306 γεσθαι,
2570 2236 2663 2289 καὶ
2689 2236 2863 2305 τούτῳ
2896 2233 3182 2287 ἐπικλῖναι·
3196 2236 3323 2296 τοὺς
3346 2235 3619 2303 ὑπηκόους
3650 2232 3720 2285 τά
3751 2227 3896 2287 ὦτα.

2320 2329 2469 2381 Ἔδει
2497 2327 2551 2379 δὲ
2584 2326 2679 2381 καὶ
2708 2326 2804 2398 τὴν
2847 2326 3043 2396 χήραν,
3074 2324 3340 2395 τυχοῦσαν
3378 2323 3485 2376 τῶν
3518 2324 3655 2394 ὑπὲρ
3704 2323 3897 2391 λόγον,

2315 2420 2385 2472 τὰ
2416 2420 2810 2489 εὑχαριστήρια
2835 2418 3090 2489 ἑορτάσαι
3113 2412 3191 2485 τῷ
3215 2414 3359 2485 Θεῷο
3387 2414 3526 2467 ὥστε
3569 2414 3784 2484 συνῳδά
3815 2414 3901 2484 τῷ

2318 2509 2464 2579 νόμῳ
2497 2508 2563 2561 τὰ
2591 2502 2695 2561 ὦδε
2719 2506 3041 2578 τελούμενα.
3086 2506 3443 2577 Ἐπιξητῆσαι
3472 2506 3530 2558 δὲ
3558 2505 3743 2557 λοιπὸν
3785 2503 3902 2559 τῶν

2318 2600 2629 2666 ἀναγκαίων
2656 2598 3130 2669 καθέστηκεηπῶς
3165 2598 3273 2650 τῶν
3306 2596 3655 2667 προφητικῶν
3687 2613 3903 2667 προτιμ-

2320 2691 2568 2754 πώσεων,
2626 2690 2809 2751 καθὼς
2875 2689 3269 2753 ἀποδέδεικται,
3313 2691 3406 2741 ἐπὶ
3452 2689 3559 2742 τῶν
3594 2689 3900 2758 ὲξαιρίτων

2319 2781 2521 2834 τούτων
2551 2780 2938 2850 ἑορτασμάτων
2976 2778 3258 2850 ἀραρότως
3297 2779 3524 2848 ἐχόντων
3558 2780 3656 2847 τὴν
3687 2780 3903 2847 ἀναφοο

2323 2874 2443 2944 ράν,
2478 2872 2683 2926 καπνοῦ
2728 2872 2815 2925 τὸν
2862 2868 3007 2923 οἷκον
3057 2869 3436 2941 ἐμπεπλῆσθαι
3471 2868 3750 2921 λέλεκται’
3800 2870 3902 2921 καὶ

2320 2965 2477 3018 τοῦτο
2507 2964 2570 3015 οὑ
2615 2962 2961 3033 παρενθέτως
2985 2962 3116 3030 (74),
3157 2961 3270 3014 ἀλλ’
3315 2959 3733 3029 ὲνσημάντρως,
3773 2958 3899 3011 ἀπὸ

2320 3055 2428 3123 τῆς
2451 3054 2739 3127 τρισαγίας
2765 3052 2971 3122 φωνῆς
2994 3054 3217 3121 φάσκων
3254 3054 3283 3104 ὁ
3313 3048 3625 3121 εἰσηγητὴς,
3655 3044 3730 3117 ἧς
3761 3047 3899 3101 ἐκέ-

2324 3162 2546 3213 κραγον
2591 3146 2640 3197 οί
2718 3142 2825 3196 τῶν
2885 3143 3221 3213 ἐπουρανίων
3290 3140 3506 3211 μύσται.
3584 3136 3904 3190 Ἀναλαὸὼν

663 3234 832 3289 fuisse
859 3234 1129 3290 referatur
1170 3253 1184 3289 :
1219 3250 1323 3289 nec
1354 3235 1406 3289 id
1437 3234 1584 3288 velut
1632 3234 1951 3295 incidenter,
2005 3231 2098 3285 sed
2147 3231 2220 3285 si-

2323 3236 2365 3289 δ’
2407 3233 2527 3298 οὖν,
2558 3231 2602 3289 ὦ
2651 3235 2914 3306 φιλήκοε,
2974 3235 3072 3304 τῆς
3123 3233 3359 3303 ἱστορίας
3402 3230 3464 3284 τὺ
3515 3228 3901 3298 ἐπαγόμενον,

663 3335 912 3396 gnanter,
938 3327 1112 3397 inquit
1136 3328 1325 3384 doctor
1357 3327 1747 3397 prophetaque,
1779 3342 1812 3378 a
1832 3341 1949 3377 voce
1982 3332 2063 3376 ter
2085 3320 2223 3376 San-

660 3423 782 3471 ctus
839 3434 941 3486 qua
988 3419 1289 3474 ccelestium
1324 3419 1399 3471 illi
1448 3426 1636 3488 mysta:
1676 3415 2046 3470 clamabant’.
2080 3412 2223 3468 Sane

660 3508 887 3575 hujusce
911 3510 988 3562 rei
1038 3524 1289 3573 causam,
1340 3509 1585 3563 studiose
1637 3507 1871 3570 auditor,
1910 3505 2220 3566 inveneris,

664 3598 824 3651 modo
850 3613 912 3652 ea
952 3614 1072 3667 qua:
1108 3609 1504 3670 consequenter
1539 3599 1702 3654 habet
1743 3600 1985 3654 narratio
2034 3613 2224 3668 perce-

661 3689 824 3757 peris.
846 3689 1047 3742 Audilu
1074 3691 1241 3755 enim,
1271 3691 1468 3757 induit,
1490 3690 1739 3755 audietis,
1770 3700 1820 3744 et
1849 3708 1951 3744 non
1974 3690 2226 3758 intellige-

663 3780 766 3843 tis;
799 3789 848 3833 et
881 3782 1106 3835 videntes
1132 3782 1393 3849 videbitis,
1418 3791 1467 3835 et
1489 3799 1592 3836 non
1621 3784 1945 3851 perspicietis
1985 3783 2027 3837 ‘.
2066 3781 2224 3838 Post.

661 3885 826 3939 quam
853 3871 996 3926 enim
1024 3873 1210 3927 vesani
1239 3870 1432 3937 Judaei,
1463 3872 1701 3942 prodigia
1725 3873 1960 3941 gloriosa
1985 3889 2101 3943 quin
2122 3872 2228 3925 Do-

663 3963 837 4016 minus
864 3963 1087 4030 ponebat
1116 3980 1269 4033 super
1297 3973 1491 4019 terram
1509 3965 1550 4029 ',
1573 3965 1717 4018 sicut
1737 3965 2013 4019 cecinerat
2036 3964 2224 4032 David,

663 4051 1115 4121 conspexissent;
1142 4052 1514 4122 vidissentque
1544 4052 1759 4122 signum
1788 4067 1853 4106 ex
1878 4050 2149 4121 profundo
2174 4058 2229 4107 et

662 4139 730 4193 de
757 4140 973 4195 excelso
994 4142 1035 4205 °,
1070 4142 1416 4198 iuconfusum
1441 4156 1779 4197 concurrens
1803 4141 2224 4211 iudivisumque,

663 4233 1119 4301 quemadmodum
1184 4236 1346 4290 etiam
1375 4232 1545 4291 Isaias
1598 4236 1921 4306 praedixerat
1970 4252 1984 4288 :
2036 4250 2230 4304 nempe

664 4323 888 4380 Matrem
911 4341 1075 4397 supra
1101 4334 1349 4382 naturam
1375 4344 1389 4393 ;
1422 4327 1699 4397 fetumque
1720 4341 1884 4396 supra
1915 4328 2180 4381 rationem
2211 4345 2223 4378 :

665 4424 895 4486 matrem
936 4424 1280 4486 terrestrem;
1330 4428 1384 4474 et
1435 4418 1604 4473 (ilium
1648 4418 1922 4473 caelestem
1951 4438 1963 4471 :
1996 4431 2223 4481 novam,

667 4510 919 4577 inquam,
958 4507 1051 4563 Dei
1086 4509 1186 4563 viri
1220 4518 1490 4574 naturain,
1525 4508 1981 4579 puerperiumque
2010 4509 2225 4578 nuptia-

2323 3329 2572 3398 εὑρήσεις
2619 3327 2717 3397 τὴν
2758 3327 2957 3379 αἰτίαν.
2998 3323 3167 3391 Ἀκοῇ
3193 3313 3322 3394 γάρξ
3353 3320 3535 3392 φησὶν,
3566 3319 3901 3384 ἀκούσητε,

2322 3420 2419 3471 καὶ
2443 3420 2514 3470 οὐ
2545 3417 2630 3485 μὴ
2666 3417 2893 3484 συν-ἦτε
2914 3431 2929 3441 ·
2976 3416 3073 3467 καί
3100 3412 3439 3479 βλέποντες
3467 3408 3765 3476 βλέψητε,
3798 3403 3907 3459 καί

2324 3514 2393 3564 οὐ
2413 3510 2499 3578 μὴ
2531 3509 2714 3575 ἴδητε.
2747 3508 2898 3561 Ἐπεὶ
2919 3507 3098 3559 τοίνυν
3120 3501 3257 3558 εἶδον
3289 3501 3599 3572 ἀγνώμονες
3625 3496 3905 3551 Ἰουδαίων

2327 3603 2512 3664 παῖδες
2536 3600 2749 3669 τέρατα
2773 3599 2979 3665 ἔνδοξα,
3003 3596 3042 3650 ἄ
3071 3598 3238 3650 ἔθετο
3266 3598 3299 3649 ὁ
3324 3595 3466 3658 Θεὸς
3498 3591 3596 3645 ἐπὶ
3637 3589 3751 3656 τῆς
3784 3587 3906 3659 τῆς

2326 3693 2466 3746 κατὰ
2492 3692 2583 3745 τὸν
2620 3691 2854 3762 μελῳδὸν
2894 3688 3086 3741 Δαῦίδ·
3120 3687 3412 3740 ἐθεάσαντο
3436 3684 3494 3736 δὲ
3537 3682 3630 3734 καὶ
3669 3682 3905 3749 σημεῖον

2326 3787 2390 3837 ὲκ
2424 3782 2619 3853 βάῦους
2651 3782 2744 3835 καὶ
2779 3781 2838 3845 ἐξ
2872 3779 3035 3849 ὕψους
3066 3779 3207 3833 κατὰ
3227 3776 3440 3830 σύνοδον
3472 3775 3781 3843 ἀσύγχυτον
3807 3774 3907 3825 καὶ

2327 3875 2626 3945 ἀδιαίρετον
2650 3912 2664 3937 ,
2698 3872 2755 3925 ὃν
2809 3871 3009 3942 τρόπον
3051 3865 3503 3940 προανεφώνησεν
3545 3864 3773 3924 Ἡσαΐας
3820 3861 3906 3933 (τί

2326 3965 2517 4029 τοῦτο;
2555 3965 2767 4036 μητέρα
2791 3964 2934 4035 ὑπὲρ
2968 3964 3152 4031 φύσιν,
3192 3961 3284 4013 καὶ
3311 3959 3467 4011 τόκον
3524 3956 3664 4026 ὑπὲρ
3697 3954 3866 4024 λόγον
3886 3970 3902 3983 ·

2332 4058 2541 4129 μητέρα
2587 4058 2855 4125 ἐπίγειον,
2908 4055 2999 4110 καὶ
3048 4055 3161 4107 υἱὸν
3210 4050 3478 4123 οὐράνιον,
3507 4050 3699 4120 καινήν
3750 4063 3903 4119 φημι

2330 4150 2612 4221 θεανδρίαν
2633 4149 2769 4219 (75),
2804 4150 2897 4202 καὶ
2939 4148 3094 4219 λόχον
3141 4144 3512 4215 ἀπειρόγαμον
3544 4161 3559 4177 ο
3585 4138 3664 4199 ὧν
3702 4141 3758 4193 τί
3806 4140 3905 4193 καὶ

2329 4240 2520 4307 γένοιτ’
2542 4240 2608 4294 ἂν
2640 4239 2972 4311 ἐνδοξότερον
3011 4240 3104 4292 καὶ
3139 4235 3583 4308 περιῦοητότερον
3617 4230 3765 4302 ἀμφὶ
3803 4229 3905 4299 τὴν

2330 4331 2593 4401 κτίσιν;)·
2628 4332 2723 4385 καὶ
2754 4330 2926 4385 ταῦτα
2961 4330 3300 4401 θεασάμενοι,
3332 4325 3643 4397 διετέθησαν
3693 4323 3775 4384 ὡς
3828 4319 3905 4391 μὴ

2330 4420 2690 4493 θεασάμενοι,
2754 4422 3049 4493 μύσσοντες
3087 4422 3181 4475 καὶ
3231 4417 3580 4487 ὑπτιούμενοι
3628 4412 3768 4484 πρὸς
3807 4410 3905 4481 τὴν

2330 4512 2560 4565 αἴνεσιν·
2599 4512 2687 4566 διὰ
2732 4512 2888 4567 τοῦτο
2921 4511 3164 4583 ἐπλήσθη
3190 4513 3220 4564 ὀ
3259 4508 3404 4571 οἶκος
3438 4507 3537 4577 τῆς
3579 4504 3905 4572 καυχήσεως

664 4616 785 4655 rum
807 4616 1002 4671 expers
1035 4621 1048 4656 :
1092 4603 1307 4674 quibus,
1338 4602 1466 4672 quid
1498 4615 1736 4670 unquam
1759 4599 2052 4671 gloriosius
2078 4600 2220 4654 circa

2329 4604 2508 4658 αὑτῶν
2533 4605 2760 4658 καπνοῦ.

666 4702 1009 4757 creaturam,
1044 4694 1171 4762 quid
1206 4710 1334 4748 vero
1362 4695 1627 4749 celebrius
1662 4693 1833 4762 possit
1872 4690 2027 4745 fieri?
2072 4692 2217 4756 lucc,
2250 4694 2466 4764 inquam
2489 4737 2506 4761 ,
2535 4698 2611 4751 illi
2650 4712 2775 4751 cum
2826 4697 3123 4759 vidissent,
3179 4693 3405 4765 perinde
3437 4688 3611 4745 affecti
3650 4693 3786 4743 sunt
3837 4699 3906 4741 ac

668 4790 715 4843 si
746 4805 855 4844 non
884 4788 1183 4853 vidissent,
1222 4791 1537 4846 claudentes
1576 4792 1796 4857 oculos,
1850 4796 1904 4845 et
1959 4788 2024 4844 ad
2066 4788 2279 4844 laudem
2333 4795 2531 4863 supini.
2576 4794 2867 4864 Pr0pterea
2908 4793 3112 4863 repleta
3177 4798 3263 4847 est
3310 4790 3506 4845 domus
3557 4781 3903 4856 gloriationis

667 4900 854 4939 eorum
924 4884 1093 4939 fumo.

776 4982 790 5010 ¹
838 4979 960 5035 Luc.
1001 4996 1060 5045 ll,
1092 4979 1179 5035 58.
1259 4980 1279 5010 ²
1310 4978 1463 5036 Deut.
1495 4984 1754 5045 xvaS,
1786 4982 1872 5037 l9.
1948 4984 1968 5014 ³
1998 4981 2204 5046 Isa.vi,

2361 4979 2381 5010 "
2416 4978 2542 5034 ibid.
2567 4978 2633 5045 9;
2664 4980 2778 5034 Act.
2821 4995 3011 5043 xxvui,
3036 4977 3128 5034 26.
3202 4977 3224 5009 '
3246 4973 3399 5031 Ρεαί.
3431 4988 3556 5039 ιω,
3594 4972 3649 5027 9.
3728 4973 3751 5006 ⁸
3775 4971 3893 5028 ha.

669 5064 768 5111 vn,
794 5050 881 5104 Η.

736 5139 853 5213 (75)
884 5141 999 5213 Thr
1020 5143 1509 5213 ἀνθομολόγησιν
1532 5144 1930 5211 προσεκίμιζε.
1967 5144 2060 5198 list
2089 5143 2231 5213 apud

667 5207 811 5280 Luc.
834 5207 1281 5280 ἀνθωμολογεῖτο.
1314 5207 1457 5280 (illud
1508 5207 1699 5265 auctor
1736 5207 1803 5263 ιη’
1836 5207 2229 5268 adversativum

668 5279 943 5333 subtiliter
971 5279 1210 5350 exponit.
1244 5279 1401 5350 Vulg.
1425 5291 1658 5345 tantum,
1703 5284 2067 5348 confitebatur.
2104 5285 2233 5335 Era-

669 5364 843 5411 smus,
894 5347 1071 5417 palmi:
1114 5347 1464 5421 ronﬁlebdlur
1497 5368 1514 5404 :
1549 5352 1693 5421 quod
1741 5354 2027 5421 adjectum,
2078 5368 2233 5408 sacer

670 5427 872 5484 textus,
908 5420 1086 5473 minus
1112 5420 1309 5475 habere
1336 5423 1563 5475 videtur.

739 5490 849 5557 (74)
885 5489 1275 5557 Παρειϋέῖως.
1322 5489 1482 5546 Velut
1524 5493 1976 5556 eoncomitanler;
2010 5493 2123 5545 ἀλλ’
2153 5511 2239 5544 εν-

670 5559 1015 5630 σημάντρως,
1048 5575 1145 5629 per
1174 5577 1230 5613 se
1257 5570 1307 5613 ct
1331 5561 1649 5624 formaliter,
1680 5578 1795 5623 seu,
1830 5570 1885 5613 ut
1915 5563 1982 5615 ab
2011 5564 2126 5630 ipsa
2148 5578 2241 5615 ea-

670 5628 791 5705 dem
823 5628 1007 5705 causa,
1049 5628 1076 5682 a
1122 5645 1225 5699 qua
1253 5646 1362 5705 nou
1396 5630 1600 5705 iunius,
1632 5632 1723 5685 sed
1757 5632 2011 5699 splendor
2032 5628 2237 5705 etcla-

673 5700 829 5758 ritas,
869 5700 1191 5754 videbantur
1234 5700 1451 5753 domum
1491 5703 1799 5769 repletura:
1839 5718 1995 5755 verso
2027 5704 2236 5755 scilicet

675 5770 727 5820 in
774 5784 1058 5835 venenum,
1109 5770 1341 5823 humana
1384 5772 1606 5838 malitia,
1653 5772 1992 5827 divinissiiuo
2028 5774 2117 5826 illo
2152 5786 2235 5825 rc-

2339 5146 2537 5197 medio.
2576 5143 2862 5203 Pantinus,
2908 5159 3009 5195 non
3040 5142 3233 5204 leviter,
3266 5156 3327 5194 ac
3356 5136 3491 5193 velut
3524 5138 3902 5207 perfunctorie,

2338 5213 2508 5267 levius
2550 5229 2679 5267 sane
2716 5212 3061 5280 defungentis
3091 5212 3337 5280 partibus
3372 5209 3529 5278 probi
3548 5208 3899 5280 interpretis.

2410 5284 2518 5348 (75)
2554 5283 2784 5348 Καινὴν
2809 5274 3142 5347 aedi-5pm}.
3174 5279 3346 5333 Simili
3373 5274 3562 5348 phrasi
3592 5274 3758 5348 alqtie
3779 5274 3905 5348 Dio-

2338 5346 2527 5423 nysius
2557 5346 2755 5421 Areopi.
2792 5353 2949 5423 epist.
2982 5346 3138 5423 ἐίκιιᾶΔ
3161 5346 3721 5423 (Σοίιιηιέθεανδρικὴν
3753 5346 3903 5417 ὲνέρ-

2340 5416 2491 5491 γὲιαν
2522 5416 2730 5484 statuit,
2757 5416 3267 5491 quadam‘uimirum
3290 5416 3576 5471 reﬂexione
3603 5416 3902 5475 uuitorum,

2340 5488 2402 5547 cx
2430 5495 2737 5547 arctissimo
2772 5488 2863 5543 illo
2890 5488 3048 5542 modo
3081 5490 3300 5543 unionis
3332 5502 3455 5541 vere
3474 5501 3764 5556 supremo;
3790 5497 3903 5538 ma-

2340 5566 2593 5617 nentibus
2624 5561 2979 5615 nihilominus
3006 5560 3264 5613 extremis
3288 5559 3340 5610 in
3364 5556 3466 5611 sibi
3495 5558 3732 5626 propriis
3760 5575 3773 5607 :
3800 5568 3901 5626 qua

2340 5634 2406 5685 de.
2432 5650 2486 5687 re
2512 5633 2827 5686 doctissime
2863 5630 3242 5697 fusissimeque
3269 5630 3321 5680 in
3346 5623 3903 5695 eamdem'cpistolam

2338 5704 2648 5772 propediem
2679 5700 2921 5757 cdendus
2948 5708 3134 5756 noster
3162 5698 3449 5753 Maximus.
