4028 6318
134 381 208 438 385

1129 373 1387 433 ORATIO
1424 374 1491 430 IN
1531 370 1766 429 RAMOS
1805 371 2206 429 PALMARUM.

3209 374 3313 431 336

133 517 197 561 νος
223 493 561 567 ἀποκλεισθῇ]
593 495 809 566 Μηδεὶς
855 494 1173 567 σκυθρωπὸς
1206 496 1340 566 πρὸς
1372 495 1469 566 τὴν
1499 496 1632 547 ὁπο-
1666 534 1676 568 Α

1747 507 1860 546 mus
1895 512 1907 546 :
1943 491 1962 563 ]
2010 492 2376 561 suscipiamus
2419 504 2608 548 omnes
2660 490 2830 546 alacri
2867 490 3051 545 animo
3092 497 3315 562 totaque

132 587 250 657 δοχὴν
271 585 443 657 εὑρεθῇ
470 588 526 638 ἐν
557 587 714 656 ἡμῖν,
747 587 838 638 ῐνα
874 587 946 656 μὴ
973 588 1085 650 τοῖς
1115 589 1370 655 πονηροῖς
1397 583 1638 646 πολίταις

136 678 489 750 πγχατακριθῇ.
519 677 759 741 Πολίτας
789 677 849 730 δέ
883 694 1023 746 φημι
1048 678 1173 738 τοὺς
1205 675 1278 746 μὴ
1308 675 1636 745 θελήσαντας

130 770 326 834 δέξασθαι
361 769 446 822 τὸν
488 768 696 840 Κύριον
749 768 956 821 ὲαυτῶν
1003 767 1224 837 βασιλέα
1268 770 1353 836 ἐφ’
1393 765 1633 828 ἑαυτούς.

132 863 308 934 illam;
335 861 560 932 φαιδρῶς
594 861 989 931 συνδράμωμεν
1099 860 1298 922 πάντες
1344 858 1638 929 προθύμως

130 953 466 1023 ὐποδεξὼμεθα,
510 953 606 1006 καὶ
647 952 1033 1023 ὑπερκοσμίως
1073 951 1439 1022 ἐορτάσωμεν.
1494 949 1638 1001 Ἀντὶ

129 1047 326 1114 ἱματίων,
366 1046 466 1112 τὰς
507 1046 764 1114 καρδίας
809 1045 976 1112 ἡμῶν
1037 1043 1333 1110 ἐκχέωμεν
1382 1041 1638 1095 ἐνώπιον

126 1138 268 1191 αὑτοῦ
287 1156 298 1168 ·
329 1142 380 1192 ἐν
402 1139 634 1209 ψαλμοῖς
668 1140 763 1190 κα)⁸
790 1136 977 1206 ὕμνοις
1004 1137 1100 1199 τὰς
1124 1135 1469 1205 εὐχαριστίας
1508 1136 1637 1187 ἀνα-

126 1228 334 1299 τείνωμεν
362 1229 502 1299 αὺτῷ
521 1247 534 1258 ·
565 1230 660 1281 καὶ
681 1229 765 1291 τὸ,
800 1226 1218 1296 Εὐλογημένος
1253 1229 1285 1278 d
1315 1226 1636 1294 ἐρχόμενος

125 1319 176 1369 ὲν
209 1321 416 1388 ὀνόματι
451 1317 699 1387 Κυρίου,
744 1317 1175 1380 ἁκαταπαύστως
1227 1315 1526 1386 βοήσωμεν.
1574 1320 1637 1369 Oi

130 1411 207 1478 γὰρ
234 1412 600 1480 εὐλογοῦντες
624 1411 835 1473 αὐτόν,
875 1411 1230 1478 εὐλόγηνται
1249 1425 1262 1438 ’
1309 1409 1405 1464 καὶ
1447 1412 1643 1462 οἱκατ-

128 1505 355 1574 ορώμενοι
413 1501 619 1564 αὑτὸν,
669 1502 1121 1570 κεκατήρανται.
1174 1500 1342 1554 Πάλιν
1383 1500 1511 1571 ἐρῶ,
1545 1500 1638 1552 καὶ

131 1593 503 1662 προτρεπόμενος
543 1594 640 1646 ἐπὶ
687 1594 747 1646 τὺ
776 1593 975 1660 ἀγαθὸν
1017 1594 1077 1646 οὐ
1120 1592 1420 1662 παύσομαι.
1453 1591 1635 1656 Δεῦτε,

131 1685 363 1753 ἀγαπητοὶ,
392 1685 777 1755 εὐλογήσωμεν
804 1685 894 1737 τὸν
941 1685 1321 1754 εὑλογημένον,
1361 1684 1447 1736 ἵνα
1485 1682 1636 1735 εὐλο-

130 1774 332 1845 ῃθιῦμεν
355 1777 439 1830 ὑπ’
462 1779 652 1832 αὐτοῦ.
684 1780 871 1831 Πᾶσαν
902 1777 1114 1847 ἡλικίαν
1144 1777 1238 1829 καὶ
1265 1776 1420 1840 ἀξίαν
1461 1774 1551 1829 ἐπὶ
1576 1775 1638 1828 τὸ

1741 583 2026 636 honestate
2067 583 2425 638 celebremus.
2477 582 2937 638 Vestimentorum
2976 583 3098 637 loco
3148 589 3313 638 corda

1740 682 1923 725 nostra
1955 672 2287 740 e/fundamus
2323 691 2501 728 coram
2538 674 2632 728 illo
2663 674 2710 705 ³³
2747 695 2758 728 :
2802 674 2966 744 inque
3006 675 3233 744 psalmis
3261 685 3315 730 ct

1740 765 1970 816 canticis
1997 764 2294 832 gratiarum
2324 767 2372 818 ei
2409 766 2650 821 actiones
2685 765 3120 836 pratendamus;
3149 780 3213 820 ac
3249 767 3316 819 il-

1739 854 1854 918 lud,
1891 854 2203 908 Benedictus
2232 857 2324 924 qui
2353 859 2485 910 venit
2514 859 2568 910 in
2589 859 2796 911 nomine
2831 857 3040 911 Domini
3070 857 3136 921 “,
3163 859 3313 911 nulla

1739 946 1927 1016 requie
1946 947 2263 1003 clamemus.
2290 948 2394 1014 Qui
2416 952 2553 1003 enim
2580 953 2680 1021 ipsi
2703 950 3029 1014 benedicunt,
3055 949 3313 1005 benedicti

1737 1049 1893 1102 sunt;
1922 1049 1971 1092 et
1999 1042 2088 1108 qui
2113 1041 2454 1105 maledicunt,
2487 1045 2755 1099 maledicti
2777 1047 2841 1100 ⁸⁸.
2875 1044 3057 1099 Dicam
3092 1046 3308 1112 iterum,

1737 1145 1838 1185 nec
1864 1129 1929 1184 ad
1963 1130 2163 1185 bonum
2191 1132 2395 1185 hortari
2425 1134 2669 1188 desinam
2708 1154 2721 1188 :
2758 1134 3180 1200 \'cnite,dilecti,
3219 1136 3312 1189 be-

1738 1222 2054 1278 nedicamus
2074 1237 2196 1277 eum
2227 1223 2319 1293 qui
2349 1233 2433 1278 est
2460 1225 2800 1289 benedictus,
2838 1235 2897 1280 ut
2928 1227 3314 1281 benedicamur

1738 1315 1808 1369 ab
1839 1314 1976 1384 ipso.
2013 1313 2248 1368 Etatem
2279 1331 2497 1370 omnem
2531 1325 2584 1372 et
2617 1318 2986 1373 conditionem
3055 1319 3110 1373 in
3141 1333 3310 1372 uuutn

1738 1406 1945 1475 pariter
1987 1421 2168 1460 sermo
2224 1407 2417 1461 ascivit
2462 1407 2529 1461 ad
2575 1406 2786 1462 Domini
2850 1409 3063 1466 laudem
3110 1430 3122 1464 :
3168 1427 3310 1481 reges

1741 1505 1893 1550 teme
1919 1507 1968 1550 et
2009 1513 2182 1552 omnes
2225 1499 2440 1568 populos
2471 1515 2488 1551 :
2517 1500 2773 1567 principes
2809 1510 2861 1552 et
2889 1518 3066 1556 omnes
3101 1504 3310 1572 judices

1741 1598 1896 1642 terre
1946 1604 1965 1642 :
2004 1590 2218 1659 juvenes
2265 1599 2313 1644 et
2358 1591 2580 1659 uirgines
2630 1591 2676 1622 ³⁸
2719 1610 2732 1643 :
2795 1591 3049 1661 quodque
3100 1594 3155 1646 in
3207 1595 3310 1648 mi-

1741 1683 1928 1737 raculo
1984 1682 2240 1736 decenter
2274 1697 2474 1736 novum
2516 1681 2782 1747 videatur,
2840 1684 3045 1752 primas
3085 1685 3312 1754 juvenis

1740 1779 1902 1842 atque
1949 1772 2212 1826 innocens
2242 1772 2530 1826 infantium
2565 1781 2618 1827 et
2649 1775 2961 1829 lactentium
2997 1784 3130 1832 aetas
3163 1777 3312 1833 obti-

130 1865 228 1918 αὐτὸ
247 1869 573 1922 συνεκάλεσεν
601 1871 632 1921 ὁ
664 1869 820 1936 λόγος
851 1868 984 1939 πρὸς
1009 1867 1108 1939 τὴν
1132 1867 1226 1920 τοῦ
1261 1869 1465 1938 Κυρίου
1493 1867 1638 1921 αἷνε-
1671 1897 1676 1950 ]

1747 1865 1867 1918 nuit
1900 1874 2103 1932 partes,
2136 1863 2454 1932 auspicandi
2493 1863 2722 1919 Domino
2750 1866 2807 1920 in
2852 1866 3194 1923 confessione
3223 1868 3311 1923 di-

135 1970 214 2006 σιν·
241 1957 494 2023 Βασιλεῖς
515 1958 630 2027 τῆς
651 1958 764 2028 γῆς
793 1957 893 2010 καὶ
923 1957 1152 2023 πάντας
1179 1957 1388 2022 λαοὺς,
1425 1957 1642 2025 ἄρχον-

134 2062 212 2111 τας
231 2050 311 2101 καὶ
339 2049 558 2114 πάντας
589 2051 794 2118 κριτὰς
823 2048 934 2119 τῆς
951 2066 963 2079 ·
990 2049 1348 2114 νεανίσκους
1376 2047 1472 2102 καὶ
1497 2063 1640 2115 παρ-

136 2139 325 2206 θένους·
354 2143 442 2193 καὶ
472 2142 532 2193 τὸ
568 2142 932 2212 καινοπρεπὲς
974 2141 1065 2194 τοῦ
1111 2139 1404 2210 θαύματος,
1445 2140 1527 2191 ὅτι
1569 2142 1636 2209 τῇ

136 2228 205 2299 νέᾳ
228 2232 303 2282 καὶ
319 2233 662 2302 ἀπειροκάκῳ
684 2231 791 2283 τῶν
817 2231 1022 2300 νηπίων
1046 2232 1138 2283 καὶ
1166 2229 1502 2298 θηλαζόντων
1526 2231 1640 2300 ἡλι-

1743 1956 1947 2008 vinitus
1995 1955 2318 2022 inspiratum
2373 1957 2648 2010 canticum
2693 1977 2706 2012 :
2761 1974 2867 2029 qua
2924 1960 3051 2014 olim
3104 1961 3316 2018 ratione

1745 2045 1958 2116 Moyses
1983 2047 2268 2116 prmcinuit
2297 2046 2594 2114 egredienti
2622 2050 2823 2118 populo
2856 2051 2923 2106 de
2944 2050 3181 2123 Egypto
3213 2053 3315 2107 :il-

1744 2139 1836 2193 luti
1866 2139 2121 2193 nimirum
2150 2158 2165 2192 :
2197 2137 2508 2192 Benedictus
2523 2141 2615 2208 qui
2647 2142 2783 2194 venit
2811 2143 2867 2196 in
2889 2145 3096 2197 nomine
3126 2143 3318 2197 Domi-

1744 2233 1800 2283 ni
1824 2231 1889 2284 ³⁷.

137 2297 204 2393 ria
234 2325 290 2377 τὰ
324 2297 572 2396 πρεσϐεῖα
625 2297 966 2396 συνεχώρησε
1018 2326 1112 2378 τοῦ
1154 2326 1374 2397 ἐξάρξαι
1422 2326 1499 2396 τῷ
1547 2297 1736 2412 Κυρίιρ
1780 2329 1838 2380 ὲν
1886 2326 2266 2397 ἐξομολογήσει
2307 2327 2368 2380 τὸ
2412 2297 2742 2382 θεοδίδαζιτον
2791 2325 2969 2402 ᾆσμα,
3015 2329 3158 2384 καθὰ
3205 2333 3316 2387 πά-

136 2417 199 2469 λαι
227 2419 315 2488 (88)
345 2421 573 2492 Μωῡσῆς
602 2421 682 2490 τῷ
712 2421 771 2484 ἐξ
798 2423 1073 2488 Αἰγύπτου
1105 2419 1236 2490 λαῷ,
1269 2422 1349 2486 τὸ,
1377 2422 1794 2491 Εὐλογημένος
1822 2425 1854 2476 ὁ
1886 2421 2203 2491 ἐρχόμενος
2230 2423 2300 2475 ἐν
2327 2423 2568 2492 ὀνόματι
2614 2423 2854 2490 Κυρίου.

188 2513 247 2566 B'.
275 2514 496 2585 Σήμερον
527 2517 674 2586 χαρᾷ
710 2515 888 2586 χαίρει
921 2518 948 2568 ὁ
983 2516 1248 2589 μακάριος
1271 2515 1452 2581 Δαόὶδ,
1481 2533 1638 2569 σεσυ-

139 2602 316 2670 λημὲνος
351 2605 442 2674 τὴν
489 2605 722 2676 κιθάραν
765 2605 870 2658 ὑπὸ
915 2607 1122 2678 νηπίων
1149 2625 1160 2636 ·
1190 2603 1271 2670 οἷς
1313 2609 1406 2660 καὶ
1453 2625 1644 2678 συγχο-

142 2692 270 2759 ρεὺων
311 2694 376 2766 τῷ
412 2697 677 2767 πνεύματι
719 2699 813 2752 καὶ
864 2699 1349 2770 συνευωχούμενος,
1393 2701 1642 2772 καθάπερ

147 2784 183 2836 μδ
206 2787 308 2856 πρὶν
338 2790 433 2860 πρὸ
463 2790 756 2861 προσώπου
783 2791 884 2860 τῆς
927 2791 1154 2844 κιϐωτοῦ
1188 2791 1280 2844 τοῦ
1318 2792 1472 2856 Θεοῦ,
1511 2809 1645 2862 συμ-

143 2883 408 2951 μουσουργεῖ
451 2883 542 2934 καὶ
590 2882 938 2954 συμψελλίζει
987 2884 1189 2953 ήδέως’
1224 2884 1645 2952 Εὐλογημένος

140 2968 165 3018 ό
186 2969 459 3039 ἐρχόμενος
486 2973 552 3026 ἐν
582 2975 824 3043 ὀνόματι
847 2975 1086 3040 Κυρίου.
1120 2974 1262 3044 Πρὸς
1295 2975 1351 3026 δν
1375 2973 1605 3045 ἐροῦμεν
1626 2991 1638 3002 ·

143 3058 246 3126 Λέγε
270 3063 401 3131 ἡμῖν,
429 3058 472 3115 ὢ
493 3064 772 3136 προφῆτα,
797 3065 878 3126 τίς
905 3059 1058 3127 οὗτος
1090 3067 1116 3118 ό
1143 3065 1434 3135 ἐρχόμενος
1458 3065 1514 3114 ἐν
1539 3063 1645 3114 ὀνόο

145 3168 242 3218 past
264 3155 478 3224 κυρίους
512 3157 628 3209 Οὐκ
654 3157 806 3227 ἐμὸν,
839 3158 992 3228 φησι,
1013 3156 1073 3208 τὸ
1103 3155 1461 3209 διδασκαλεῖον
1484 3155 1647 3224 σήμε-

1814 2516 1880 2571 ll.
1913 2517 2083 2572 Hodie
2109 2517 2305 2588 gaudet
2332 2518 2529 2588 gaudio
2559 2517 2750 2573 beatus
2791 2517 2981 2582 David,
3014 2517 3317 2573 infantibus

1744 2609 2107 2680 spoliantibus
2135 2608 2366 2672 cithara,
2395 2610 2723 2678 quibuscum
2760 2611 2922 2665 etiam
2954 2611 3148 2681 spiritu
3180 2611 3317 2664 cho-

1742 2713 1866 2752 reas
1894 2698 2098 2752 ducens
2115 2713 2328 2766 unaque
2347 2699 2666 2760 delectatus,
2702 2701 2842 2754 sicut
2864 2701 2992 2753 olim
3016 2714 3199 2753 coram
3222 2697 3315 2753 Dei

1745 2779 1873 2844 arca
1899 2791 1965 2854 9’,
2001 2791 2240 2846 musicos
2268 2798 2571 2843 concentus
2604 2792 2797 2844 miscet
2841 2807 2904 2844 ac
2938 2792 3177 2846 suaviter
3222 2791 3317 2844 ad-

1749 2881 1979 2934 balbutit
2015 2902 2027 2934 ε
2065 2880 2374 2933 Benedictus
2407 2883 2498 2948 qui
2524 2881 2658 2933 venit
2682 2882 2735 2933 in
2768 2883 2973 2934 nomine
3003 2881 3214 2935 Domini
3247 2882 3314 2934 ”.

1748 2970 1916 3036 Quem
1943 2972 2456 3039 percunctabimur?
2477 2973 2612 3025 cedo
2633 2971 2810 3036 nobis,
2851 2970 3118 3041 Propheta
3144 2991 3156 3026 :
3188 2975 3316 3042 quis

1749 3065 1851 3118 iste
1879 3073 1961 3118 est
2006 3066 2095 3132 qui
2143 3067 2289 3119 venit
2323 3066 2377 3118 in
2411 3065 2628 3118 nomine
2678 3063 2926 3118 Domini?
2951 3065 3018 3118 At
3047 3065 3162 3118 ille:
3195 3065 3317 3120 Non

1751 3171 1905 3219 mete,
1944 3157 2140 3226 inquit,
2171 3156 2331 3210 hodie
2361 3163 2489 3211 sunt
2519 3155 2749 3216 docendi
2774 3165 2984 3225 partes;
3017 3155 3316 3211 infantibus

147 3257 236 3310 ξονι
259 3247 446 3316 νηπίοις
478 3246 586 3318 γὰρ
617 3246 915 3317 ἀφιέρωται
949 3247 1095 3317 παρὰ
1128 3246 1219 3298 τοῦ
1248 3245 1676 3313 κιιταρτήσιιν-⁴

1749 3247 1891 3300 enim
1921 3249 2260 3303 consecravit
2305 3249 2546 3303 scholam
2567 3291 2582 3313 ,
2623 3251 2715 3319 qui
2765 3250 2978 3318 perfecit
3013 3249 3222 3302 laudem
3250 3263 3315 3302 ea:

145 3346 218 3396 τος
245 3335 300 3386 ὲκ
339 3339 626 3404 στόματος
662 3337 896 3403 νηπίων
924 3337 1019 3388 καὶ
1051 3335 1422 3403 θηλαζόντων
1446 3331 1639 3400 αἶνον,

146 3421 223 3475 τοῦ
243 3427 544 3480 καταλῦσαι
589 3428 804 3496 ἐχθρὸν
835 3427 933 3478 καὶ
975 3424 1330 3494 ἐκδικητήνο
1363 3428 1510 3490 ὅπως
1550 3427 1644 3479 καὶ

147 3514 208 3568 tu
237 3519 313 3570 τοῦ
353 3518 615 3589 θαύματος
660 3518 863 3571 τούτων
915 3517 1322 3586 ἐπιστραφῶσι
1373 3519 1643 3587 πατέρων

148 3608 324 3675 καρδίαι
351 3610 439 3664 ἐπὶ
477 3609 673 3674 τέκνα,
710 3609 808 3662 καὶ
839 3607 1098 3675 ἀπειθεῖς
1128 3610 1198 3661 ἐν
1232 3610 1520 3678 φρονήσει
1559 3611 1644 3663 δι-

150 3704 301 3756 καίων.
330 3704 514 3774 Λέγετε
557 3707 707 3776 ἡμῖν,
738 3698 782 3757 ὦ
824 3704 1028 3767 παῖδες,
1067 3704 1229 3756 πόθεν
1271 3705 1398 3774 ὑμῖν
1439 3707 1472 3776 ἡ
1504 3705 1643 3778 καλὴ

151 3791 249 3863 αὕτη
272 3795 351 3846 καὶ
373 3798 617 3868 ἐπίχαρις
647 3794 756 3864 (89)
788 3795 987 3864 ἅμιλλα
1015 3796 1105 3847 καὶ
1132 3795 1274 3865 Quoi};
1311 3796 1404 3858 Τίς
1438 3798 1465 3848 ὁ
1495 3797 1642 3851 διδά-

153 3881 246 3947 im;
275 3887 354 3948 Ti;
394 3891 419 3940 ὁ
453 3888 703 3957 σοφίσαςς
737 3888 831 3951 Τίς
859 3889 887 3938 ὁ
921 3886 1313 3959 συναθροίσας;
1346 3889 1499 3942 Ποῖαι
1524 3890 1641 3942 δέλ-

148 3987 232 4036 tot;
269 3975 403 4040 Τίνες
455 3981 504 4030 oi
556 3977 926 4053 παιδαγωγοί;
972 3977 1443 4048 Συγκοινωνήσατε
1491 3966 1640 4051 ἡμῖν,

151 4065 265 4129 φασὶ,
293 4068 379 4136 τῆς
408 4071 634 4139 εὐωχίας
657 4071 748 4123 καὶ
796 4068 1077 4140 μελῳδίας,
1115 4069 1209 4121 καὶ
1245 4068 1547 4140 μαθήσεσθε
1574 4073 1644 4126 τὰ

151 4155 305 4226 limior}
334 4161 418 4212 καὶ
463 4165 576 4225 τοῖς
616 4163 818 4225 λοιποῖς
863 4162 1165 4232 προφήταις
1198 4162 1255 4212 ἐν
1306 4163 1639 4234 ἐπιθυμίαις.

161 4246 272 4300 Ἐπεὶ
309 4247 389 4304 οὖν
427 4255 871 4326 προετράπημεν,
904 4253 997 4307 καὶ
1030 4253 1231 4318 δεξιὰς
1263 4255 1389 4324 ἡμῖν
1417 4255 1645 4310 ἔδωκαν

150 4338 185 4386 oi
217 4341 371 4404 παῖδες
412 4347 742 4412 κοινωνίας,
791 4342 968 4412 δεῦρο,
1017 4344 1310 4414 ἀγαπητοὶ,
1349 4345 1441 4397 καὶ
1483 4348 1644 4416 ἡμεῖς

153 4426 418 4503 ζῃλὼςωμεν
453 4436 554 4507 τὴν
605 4435 877 4506 θεοπρεπῆ
924 4436 1159 4506 χορείαν,
1212 4437 1304 4489 καὶ
1356 4438 1489 4506 μετὰ
1538 4439 1644 4490 τῶν

152 4520 398 4581 ἀποστόλων
426 4529 870 4599 ὁδοποιήσωμεν
903 4527 984 4594 τῷ
1008 4529 1379 4596 ἐπιϐεϐηκότι
1411 4529 1505 4583 ἐπὶ
1541 4529 1647 4583 τὸν

1751 3355 1839 3394 are
1873 3339 2155 3406 infantium
2203 3348 2254 3393 et
2300 3341 2626 3404 lactentium,
2674 3351 2732 3392 ut
2780 3342 3016 3393 destruat
3047 3342 3317 3393 inimicum

1748 3439 1798 3483 et
1828 3432 2050 3484 ultorem
2071 3433 2115 3463 ‘°
2148 3453 2159 3486 :
2194 3449 2302 3502 quo
2337 3435 2521 3495 etiam,
2560 3433 2790 3486 istorum
2821 3433 3120 3494 miraculo,
3152 3433 3318 3486 corda

1749 3531 1958 3591 patrum
1992 3534 2356 3576 convertantur
2400 3527 2467 3574 ad
2495 3523 2656 3591 ﬁlios,
2694 3532 2744 3575 et
2780 3507 3038 3573 increduii
3082 3522 3152 3573 ad
3185 3538 3315 3590 pru-

1749 3613 1980 3667 dentiam
1989 3615 2256 3683 justorum
2269 3614 2334 3666 δ’.
2353 3612 2543 3673 Nobis.
2562 3613 2736 3682 pueri,
2759 3611 2973 3675 edicite,
3000 3613 3142 3665 unde
3162 3613 3319 3667 vobis

1751 3706 2035 3774 pulchrum
2078 3705 2179 3758 hoc
2221 3704 2630 3773 gratiosumque
2663 3709 2936 3756 certamen
2968 3710 3021 3755 et
3061 3700 3319 3754 carmen?

1751 3795 1884 3861 Quis
1911 3795 2128 3848 docuit?
2171 3796 2295 3864 quis
2333 3793 2600 3848 erudivit?
2627 3792 2750 3862 quis
2780 3793 3158 3860 congregavit?
3195 3803 3319 3861 qua)

1752 3886 1982 3941 tabulae?
2009 3885 2098 3954 qui
2135 3883 2694 3958 lutlitnagistri?_Vos,
2741 3885 3013 3952 inquiunt,
3056 3883 3314 3950 voluptati

1752 3983 1952 4030 nostra:
1981 3973 2326 4043 canticoque,
2355 3989 2462 4026 una
2491 3974 2735 4027 accedite
2769 3974 2925 4036 socii,
2944 3987 3116 4040 eaque
3140 3973 3318 4026 disce-

1751 4069 1843 4131 tis,
1878 4081 1998 4137 qua:
2032 4065 2201 4136 Moysi
2233 4082 2294 4119 ac
2332 4065 2614 4136 prophetis
2648 4064 2872 4132 reliquis
2908 4065 3122 4118 fuerunt
3145 4063 3200 4116 in
3224 4064 3318 4116 de-

1752 4158 1952 4216 siderio
1979 4159 2046 4212 δ’.
2078 4157 2213 4222 Quia
2242 4173 2342 4212 nos
2372 4173 2502 4226 ergo
2555 4156 2704 4225 pueri
2736 4156 3055 4217 invitaruut,
3094 4168 3156 4204 ac
3189 4154 3319 4206 dex-

1752 4261 1892 4306 teras
1947 4249 2196 4303 dederunt
2231 4249 2492 4301 societatis
2522 4246 2590 4311 ⁸³,
2623 4247 2829 4309 adeste,
2867 4245 3070 4306 dilecti,
3099 4245 3290 4296 atmule

1753 4361 1875 4398 mur
1900 4352 1954 4397 et
1983 4341 2084 4411 ipsi
2112 4346 2399 4408 augustum
2432 4340 2564 4393 illud
2588 4339 2906 4407 tripudium,
2941 4353 3003 4390 ac
3033 4353 3154 4390 cum
3184 4351 3288 4403 apo

1753 4436 1929 4499 stolis,
1966 4435 2064 4487 iter
2105 4434 2152 4486 ei
2184 4433 2442 4500 faciamus
2465 4473 2478 4494 ,
2513 4433 2601 4502 qui
2643 4431 2877 4483 ascendit
2932 4444 3086 4496 super
3132 4430 3316 4481 cwlum

1753 4528 1886 4590 ccrli,
1919 4524 1988 4577 ad
2020 4523 2284 4578 Orientem
2328 4524 2395 4586 ⁸⁵,
2439 4527 2641 4594 quique
2679 4537 2779 4592 pro
2808 4523 2949 4575 bona
2985 4536 3082 4572 sua
3118 4520 3314 4573 volun-

155 4614 354 4679 οὐρανὸν
373 4620 474 4674 τοῦ
503 4621 759 4688 οὐρανοῦ
782 4619 909 4672 κατ’
937 4619 1252 4686 ἀνατολὰς,
1284 4620 1376 4674 καὶ
1402 4619 1493 4673 ἐπὶ
1527 4623 1656 4673 ὑπο-

1757 4625 1886 4682 tate,
1921 4618 2190 4685 subjugali
2218 4617 2272 4669 in
2304 4624 2446 4670 terra
2487 4616 2702 4668 vehitur
2728 4614 2793 4667 δ’.
2830 4613 3106 4666 Tollamus
3135 4626 3318 4666 ramos

155 4702 308 4770 ζύγιον,
348 4711 416 4775 ὡς
465 4713 782 4784 ηὐδόκησεν,
838 4712 1183 4783 ἐποχουμένῳ
1232 4711 1324 4763 ἐπὶ
1372 4710 1471 4780 τῆς
1521 4712 1644 4781 γῆς.

156 4795 266 4851 Μετὰ
297 4802 391 4854 τῶν
434 4805 642 4876 νηπίων
683 4802 847 4874 κλάδη
888 4801 1127 4872 ἄρωμεν,
1172 4801 1407 4863 καὶτοῖς
1439 4800 1648 4864 θαλλοῖς

157 4892 460 4968 ιριτῆσωμεν,
485 4899 633 4960 ὅπως
664 4894 960 4964 ἐπιπνεύσῃ
993 4897 1088 4948 καὶ
1111 4896 1238 4964 ἡμῖν
1262 4895 1319 4947 τὸ
1344 4893 1563 4963 Πνεῦμα
1587 4894 1648 4946 τὸ

159 4984 282 5049 ἅγιον,
316 4994 399 5045 καὶ
433 4994 532 5064 τὴν
562 4987 892 5047 ὃεώίδακτον
935 4986 1328 5055 ἀναμέλψωμεν
1372 4986 1648 5048 εὐτάκτως

157 5069 284 5145 ᾠδήν·
310 5083 715 5152 Εὐλογημένος
747 5087 780 5137 ό
807 5078 1130 5149 ἐρχόμενος
1161 5077 1231 5129 ἐν
1262 5078 1502 5143 ὀνόματι
1535 5081 1649 5129 Κυ-

155 5165 265 5231 ρίου,
288 5171 509 5226 ὠσαννὰ
533 5175 600 5227 ἐν
630 5173 749 5239 τοῖς
777 5172 1075 5239 ὑψίστοις.
1105 5168 1349 5243 Σήμερον
1379 5167 1472 5219 καὶ
1495 5169 1522 5219 ό
1546 5184 1651 5218 πα-

158 5259 356 5329 τριάρχης
398 5263 585 5317 Ἰακὼό
626 5267 682 5317 ἐν
740 5262 1003 5331 πνεύματι
1049 5263 1314 5333 ἑορτάζει,
1365 5256 1504 5333 ὁρῶν
1550 5256 1649 5332 τὴν

160 5354 422 5420 προφητείαν
456 5356 621 5408 αὑτοῦ
659 5358 739 5419 εἰς
776 5355 932 5427 ἔργον
967 5354 1254 5424 ἀχθεῖσανο
1299 5353 1393 5406 καὶ
1439 5353 1528 5406 τὸν
1557 5353 1644 5404 δε-

1754 4724 1876 4762 cum
1917 4707 2122 4775 pueris,
2164 4708 2588 4776 plaudamusque
2636 4703 2801 4758 ramis
2837 4704 3132 4766 olivarum,
3171 4709 3317 4754 utet

1753 4816 1853 4854 nos
1891 4797 2127 4866 Spiritus
2159 4808 2382 4853 sanctus
2418 4796 2702 4859 aliiaverit,
2741 4794 3111 4863 divinitusque
3145 4793 3315 4861 inspi-

1754 4902 1928 4945 ratum
1963 4893 2234 4944 canticum
2271 4890 2568 4958 composite
2593 4887 2933 4941 modulcmur
2961 4907 2972 4940 :
3007 4886 3316 4940 Benedictus

1751 4984 1839 5052 qui
1870 4983 2002 5035 venit
2026 4985 2078 5035 in
2102 4983 2308 5036 nomine
2335 4981 2562 5042 Domini,
2592 4977 2845 5032 "osanna
2870 4979 2922 5030 in
2953 4978 3225 5030 altissimis
3246 4977 3312 5030 ".

1755 5073 1857 5128 Sed
1883 5082 1936 5127 et
1963 5075 2267 5142 patriarcha
2294 5071 2462 5125 Jacob
2489 5070 2648 5124 hodie
2674 5071 2727 5124 in
2748 5071 2938 5139 spiritu
2967 5069 3161 5122 festum
3185 5069 3314 5136 agit,

1746 5167 1835 5235 qui
1893 5166 2225 5234 prophetiam
2279 5180 2432 5219 suam
2488 5165 2542 5217 in
2591 5179 2728 5232 opus
2759 5163 3044 5216 deductam
3097 5161 3312 5223 videat,

1745 5271 1995 5324 eumque,
2021 5256 2113 5324 qui
2145 5256 2348 5324 pullqu
2380 5268 2540 5308 suum
2575 5255 2762 5322 alligat
2799 5251 2866 5303 ad
2902 5251 3061 5303 vitem
3083 5250 3151 5313 ⁸⁷,
3175 5261 3317 5300 novo

1744 5347 2056 5422 impositum
2100 5347 2280 5416 pullo,
2332 5359 2396 5398 ac
2436 5344 2674 5398 lidelium
2706 5343 2890 5397 socius
2959 5340 3172 5393 Patrem
3218 5336 3318 5392 ad-

208 5502 241 5533 ”
264 5502 388 5560 Psai.
423 5525 533 5572 ut,
571 5511 623 5565 9.
701 5511 747 5543 “
775 5510 924 5564 Psai.
953 5525 1120 5570 cxvn,
1151 5510 1254 5576 26;
1291 5507 1483 5561 Matth.
1514 5506 1676 5570 nt,9

1747 5506 2020 5576 Momm“:
2058 5503 2124 5570 9;
2158 5503 2291 5576 Luc,
2317 5498 2569 5576 τιμίω-ς
2606 5500 2768 5576 Ιοοη.
2799 5495 3009 5576 iuni}
3161 5491 3290 5576 Gen,

161 5576 389 5633 nm,29.
459 5581 503 5611 ³⁸
533 5579 681 5634 Psal.
731 5595 950 5639 csuvttt.
1005 5581 1092 5640 Η,
1127 5580 1212 5632 l2.
1290 5579 1332 5609 ⁸⁷
1368 5578 1536 5631 Exod.
1590 5593 1678 5635 xv,
1715 5580 1762 5630 Ι.

162 5647 310 5706 1111.3.
373 5650 413 5679 ⁸⁸
450 5649 682 5705 Halaclt.
719 5666 792 5715 tv,
819 5651 884 5716 6;
911 5649 1037 5703 Luc.
1068 5665 1106 5711 ι,
1143 5649 1228 5703 17.
1303 5649 1350 5679 δ’
1382 5649 1509 5703 Luc.
1539 5664 1592 5715 Σ,
1619 5646 1705 5701 24.

164 5717 244 5776 ut,
266 5717 306 5770 5.
370 5719 408 5750 “
429 5720 555 5776 ibid.
586 5722 638 5776 9.
719 5719 764 5751 ⁸⁷
794 5719 918 5774 Gen.
961 5736 1106 5782 xm,
1135 5720 1220 5773 ll).

210 5827 292 5901 (88)
314 5837 458 5895 Καθὰ
485 5837 668 5895 πάλαι
703 5835 776 5892 Π.
809 5838 911 5905 AL,
941 5836 1190 5906 καθάπερ
1218 5836 1291 5890 Μ.

1841 5576 1884 5606 ³⁸
1915 5574 1952 5626 ll
1986 5563 2122 5641 Reg:
2162 5591 2237 5635 γι,
2279 5573 2362 5626 Η.
2417 5563 2482 5602 ’⁸9
2515 5571 2663 5623 Psai.
2699 5567 3002 5641 cx‘i'll:_36.
3038 5563 3315 5641 __‘°-_Psa_i.

1786 5646 1829 5678 "
1855 5644 2032 5698 Gaiat.
2059 5633 2128 5706 ἶι,
2164 5633 2234 5697 9.
2306 5642 2352 5672 ⁸⁸
2385 5641 2535 5696 Psal.
2558 5655 2725 5701 vau,
2757 5639 2812 5702 5,
2842 5637 2931 5691 5i.
3035 5635 3079 5666 ⁸⁸
3112 5633 3308 5689 Matth.

1822 5832 1935 5904 (89)
1967 5831 2218 5898 Καλὴ...
2246 5829 2537 5897 ἐπίχαρις.
2576 5825 2683 5891 AL,
2714 5822 2961 5894 καινὴ....
2990 5816 3311 5891 περιχαρής.
