4036 6320
719 345 816 402 591

1715 346 1771 400 S.
1817 343 2151 401 METEODI!
2181 344 2495 403 EPISCOPI
2531 344 2621 400 ΕΤ
2659 343 3023 404 MARTYRIS

3871 354 3975 409 393

720 463 864 517 Bene
891 461 1058 532 igitur
1075 463 1238 518 etiam
1267 463 1414 517 istud
1440 477 1565 518 cum
1590 463 1712 518 aliis
1767 465 2094 534 praelocutus
2121 473 2205 520 est
2231 465 2279 519 du

2406 466 2581 536 μάτην
2609 466 2930 538 διαφέρεσθε
2960 467 3097 538 πρὸς
3123 467 3193 520 τὰ
3224 468 3391 538 νήπια
3417 510 3433 536 ,
3465 467 3633 524 αὐτοὶ
3661 467 3828 537 ὑμῶν
3851 487 3972 536 κρι-

718 556 878 611 vubis
899 553 1067 611 Isaias
1096 556 1357 628 propheta
1370 557 1560 612 dicens
1587 576 1600 612 :
1639 557 1758 610 Non
1773 559 2118 626 confundetur
2145 559 2298 612 modo

718 645 907 709 Jucob,
944 663 1103 716 neque
1143 663 1278 700 nunc
1307 647 1494 716 faciem
1537 647 1760 700 mutabit
1782 665 1799 701 :
1817 650 1904 702 sed
1924 664 2040 701 cum
2078 650 2296 704 viderint

718 738 859 805 [ilius
900 755 1022 792 suos
1059 739 1310 808 facientes
1341 756 1498 806 opera
1529 755 1640 793 mea
1665 780 1678 802 ,
1709 750 1918 808 propter
1952 758 2031 794 me
2055 743 2298 810 sancti/i-

718 828 909 882 cabunt
950 847 1137 884 nomen
1170 847 1365 893 meum,
1396 839 1446 883 et
1479 830 1885 899 sanctificabunt
1931 841 2170 884 sanctum
2197 830 2296 885 Ja-

716 920 830 983 cob,
859 933 904 975 et
944 922 1108 977 Deum
1152 921 1328 976 Israel
1370 922 1620 975 timebunt
1655 938 1672 975 :
1703 932 1751 976 et
1785 923 1968 986 scient,
1999 925 2088 992 qui
2115 935 2295 979 errant

715 1015 926 1080 spiritu,
959 1015 1364 1084 intelligentiam
1398 1031 1416 1067 :
1442 1025 1492 1068 et
1521 1016 1906 1077 mussitatores,
1937 1016 2138 1070 discent
2169 1016 2293 1071 obe-

714 1103 855 1168 dire;
908 1115 957 1158 et
1002 1104 1194 1174 lingua:
1241 1103 1606 1170 balbutientes,
1637 1105 1834 1159 discent
1864 1107 2005 1175 loqui
2025 1106 2291 1175 pacem".

715 1195 902 1260 Vides,
933 1196 1123 1252 Judaee
1161 1197 1443 1268 insipiens,
1470 1207 1529 1251 ut
1556 1213 1584 1251 a
1617 1199 1887 1254 sermonis
1915 1199 2140 1254 exordio
2164 1215 2296 1254 con-

713 1291 983 1346 fusionem
1037 1290 1191 1345 vobis
1242 1289 1680 1344 incredulitatem
1730 1298 1967 1346 vestram
2031 1292 2293 1361 propheta

713 1385 1079 1455 praenuntiet?
1110 1384 1200 1439 Vel
1239 1385 1308 1440 ab
1337 1386 1457 1455 ipso
1482 1385 1765 1449 noveritis,
1804 1394 1861 1438 ut
1891 1392 2198 1441 vestrorum
2229 1385 2294 1440 li-

712 1480 909 1533 liorum
937 1478 1305 1532 laudationem
1333 1479 1598 1532 divinitus
1629 1476 1951 1547 inspiratam
1990 1479 2244 1546 pradicet
2273 1498 2288 1535 :

710 1568 1168 1640 quemadmodum
1193 1569 1354 1622 etiam
1379 1568 1709 1637 praelocutus
1740 1573 1860 1620 erat
1882 1566 2072 1622 beatus
2101 1567 2288 1633 David,

709 1661 897 1717 dicens
947 1680 958 1715 :
995 1660 1077 1713 Ea:
1111 1677 1202 1715 ore
1237 1659 1528 1724 infantium
1575 1669 1623 1712 et
1671 1657 1975 1712 faetentium
2027 1661 2292 1730 perfecisti

709 1753 919 1806 laudem
949 1753 1014 1806 ".
1057 1751 1148 1807 Vel
1179 1752 1348 1822 igitur
1374 1751 1610 1804 ﬁliorum
1639 1751 1794 1805 vobis
1823 1751 2169 1806 sanctitatem
2199 1749 2290 1823 [ut

2401 557 2495 609 ταί
2525 556 2659 610 ἔσο)
2681 571 2792 616 ται,
2821 556 2962 610 κατά
3007 556 3098 609 τὸν
3133 556 3226 609 τοῦ
3277 558 3530 629 Σωτῆρος
3568 558 3742 626 λόγον.
3782 559 3972 623 Καλῶς

2398 641 2492 700 οὖν
2535 647 2629 700 καὶ
2673 645 2832 698 τοῦτο
2867 651 3002 716 μετά
3043 646 3152 699 τῶν
3182 647 3356 700 ἄλλων
3395 647 3814 720 πῳανεφώνησε
3851 648 3969 720 περὶ

2399 737 2551 808 ὑμῶν
2586 738 2614 789 6
2659 739 2942 808 προφήτης
2984 738 3208 800 Ἡσαΐας
3239 739 3412 807 λέγων
3437 757 3451 769 ·
3482 743 3563 794 Οὐ
3590 742 3706 795 νῦν
3729 745 3968 812 αἰσχυνο

2397 827 2642 896 θήσεται
2678 830 2894 891 Ἰακὼϐ,
2931 828 3072 882 οὐδὲ
3115 831 3228 883 νῦν
3273 830 3338 884 τὸ
3373 832 3694 898 πρόσωπον
3727 834 3968 901 μεταϐα-

2393 918 2520 973 λεῖ·
2564 919 2700 972 ἀλλ’
2736 918 2880 971 ὅταν
2920 917 3089 970 ῑδωσι
3133 918 3205 972 τὰ
3247 919 3429 973 τέκνα
3473 918 3669 974 αὐτῶν
3718 921 3793 974 τὰ
3836 920 3968 992 ἔργα

2389 1029 2510 1081 μου
2555 1011 2842 1066 ποιοῦντα
2882 1011 3012 1081 (97),
3055 1009 3129 1062 δι’
3165 1010 3269 1080 ἐμὲ
3310 1012 3630 1080 ἁτιάσουσι
3674 1011 3741 1066 τὸ
3791 1012 3967 1082 ὄνομα

2389 1122 2530 1174 μου,
2560 1105 2657 1157 καὶ
2683 1103 3001 1173 ἀτιᾶσουσι
3022 1103 3128 1156 τὸν
3160 1103 3329 1173 ἅγιον
3353 1104 3460 1158 τοῦ
3501 1105 3715 1168 Ἰακὼϐ,
3746 1106 3845 1159 καί
3869 1106 3969 1159 τὸν

2397 1197 2544 1252 Θεὸν
2588 1196 2695 1250 τοῦ
2734 1197 2971 1264 Ἰσραὴλ
3011 1195 3470 1263 φοϐηθήσονται.
3509 1195 3617 1250 Kal
3647 1195 3966 1266 γνώσονται

2394 1295 2448 1346 ot
2501 1290 2582 1357 τῷ
2656 1292 2945 1360 πνεύματι
2999 1289 3375 1362 πλανώμενοι
3425 1294 3684 1347 σύνεσιν
3702 1308 3717 1323 ·
3788 1295 3844 1347 oi
3904 1291 3967 1345 δὲ

2393 1385 2778 1456 γογγύζοντες
2795 1385 3167 1454 μαθήσονται
3191 1388 3516 1440 ὑπακούειν
3535 1403 3553 1416 ·
3579 1386 3677 1440 καί
3700 1391 3762 1442 al
3787 1385 3963 1456 γλῶσ-

2392 1495 2496 1532 σαι
2527 1480 2586 1531 αἱ
2626 1475 3017 1546 ψελλίζουσαι
3043 1475 3415 1545 μαθήσονται
3455 1479 3666 1532 λαλεῖν
3700 1477 3963 1548 εἰρήνην.

2403 1570 2587 1642 Ὁρᾷς,
2620 1563 2664 1621 ὧ
2691 1568 2884 1637 ἀνόητε
2919 1567 3158 1630 Ἰουδαῖε,
3185 1567 3300 1631 πῶς
3338 1571 3402 1621 ἐκ
3431 1570 3728 1640 προοιμίων
3755 1569 3851 1622 τοῦ
3887 1569 3967 1622 λό-

2391 1678 2490 1730 γου
2517 1661 2778 1731 αίσχύνην
2826 1661 2954 1729 ὑμῖν
2999 1659 3460 1732 προκαταγγέλλει
3501 1663 3530 1714 6
3569 1662 3857 1734 προφήτης
3885 1661 3966 1714 διὰ

2391 1753 2490 1822 τὴν
2532 1751 2816 1805 ἀπείθειαν
2863 1752 3048 1821 ὑμῶν;
3100 1752 3316 1806 Μάθετε
3357 1753 3460 1806 κᾶν
3494 1754 3622 1823 παρ’
3647 1751 3816 1805 αὐτοῦ
3857 1753 3966 1816 πῶς

707 1860 809 1916 par
854 1845 994 1917 est,]
1033 1845 1346 1910 vindicate;
1384 1844 1469 1898 vel
1512 1845 1670 1898 nobis
1701 1844 1839 1899 filios
1867 1860 1991 1898 eum
2025 1844 2279 1915 religione

2391 1844 2728 1899 θεοδίδακτον
2763 1843 3023 1913 κηρύσσει
3067 1846 3166 1915 τὴν
3211 1845 3320 1897 τῶν
3362 1844 3566 1898 τέκνων
3601 1844 3755 1915 ὑμῶν
3789 1847 3966 1917 ι’)μνῳ⁴

707 1939 1014 1993 concedite.
1066 1936 1178 1993 Nos
1234 1953 1356 1992 cum
1402 1937 1512 1991 illis
1553 1937 1816 1992 ducemus
1864 1937 2130 2002 choreas,
2188 1953 2288 1992 no-

705 2045 897 2099 vaque
949 2030 1136 2099 gloriae
1185 2029 1449 2084 divinitus
1496 2029 1820 2098 inepiratum
1865 2031 2142 2082 canticum
2191 2044 2290 2099 pa-

708 2123 840 2177 riter
865 2123 1181 2191 psallemus.

2390 1936 2538 1991 δίαν·
2586 1939 2662 2002 ὼς
2711 1938 2801 1991 καὶ
2841 1940 2870 1989 6
2911 1938 3180 2008 μακάριος
3227 1935 3392 1989 Δαὸὶδ
3424 1935 3852 2009 προανεφώνησε
3887 1936 3969 1991 λέ-

2391 2049 2505 2102 γων
2529 2047 2542 2061 ·
2592 2031 2686 2083 Ἐκ
2727 2032 3024 2100 στόματος
3057 2025 3289 2097 νηπίων
3321 2028 3422 2081 καὶ
3452 2027 3826 2096 θηλαζόντων
3848 2047 3973 2083 κατ.

2405 2122 2648 2190 ηρτήσω
2689 2117 2881 2174 αἶνον.
2922 2120 2991 2172 Ἦ
3017 2120 3196 2174 τοίνυν
3224 2121 3322 2191 τὴν
3347 2119 3602 2189 ὁσιότητα
3627 2121 3734 2173 τῶν
3767 2120 3970 2174 παίδων

703 2217 1078 2279 οἰκειώσασθε,
1133 2216 1250 2288 [ὡς
1297 2215 1597 2289 χρεὼν,]ἦ
1634 2214 1771 2286 μετά
1805 2215 1919 2287 *τῆς
1969 2214 2249 2278 εὐσεϐείας
2301 2215 2425 2278 τοὺς
2456 2216 2650 2280 παῖδας
2724 2218 2854 2287 ἡμῖν
2905 2215 3222 2286 χαρίσασθε.
3269 2217 3459 2286 Ἡμεῖς
3511 2215 3721 2278 τούτοις
3779 2231 3965 2284 συγχο-

705 2307 990 2380 ρεύσομεν,
1018 2309 1113 2362 καὶ
1138 2312 1205 2379 τῇ
1235 2311 1396 2379 καινῇ
1421 2308 1545 2378 δόξῃ
1571 2309 1631 2360 τὸ
1660 2306 1994 2360 θεοδίδακτον
2016 2302 2165 2378 ᾆσμα
2194 2306 2595 2378 συμψαλοῦμεν.
2757 2303 2770 2316 ⁸

774 2423 838 2478 ν.
872 2424 1018 2480 Sane
1040 2425 1288 2495 quidem,
1321 2441 1445 2479 cum
1469 2427 1599 2482 olim
1636 2425 1857 2480 Simeon
1898 2441 2063 2482 senex
2089 2443 2283 2482 occur-

703 2511 777 2564 rit
835 2510 1106 2565 Salvatori
1151 2513 1221 2575 7',
1277 2513 1533 2583 uinisque
1564 2516 1712 2570 velut
1750 2515 2014 2570 infantem
2046 2520 2286 2588 suscepit

701 2608 1030 2657 saeculorum
1086 2613 1390 2673 auctorem,
1421 2615 1476 2662 et
1508 2606 1796 2662 Dominum
1837 2617 1892 2663 et
1949 2609 2115 2664 Deum
2147 2626 2286 2680 prae-

699 2694 926 2748 dicavit.
958 2694 1113 2750 Nunc
1137 2707 1320 2751 autem
1351 2699 1630 2754 seniorum
1659 2699 2030 2769 improborum
2051 2703 2193 2763 loco,
2225 2711 2286 2755 ut

698 2785 834 2838 olim
884 2783 1126 2852 Simeon,
1179 2789 1334 2858 pueri
1394 2799 1691 2844 occurrunt
1724 2789 2018 2855 Salvatori,
2074 2808 2286 2848 ramos-

697 2893 807 2947 que
840 2879 1096 2934 arborum
1130 2896 1228 2950 pro
1254 2881 1398 2938 ulnis
1432 2883 1863 2949 substerneutes,
1891 2900 2057 2954 super
2076 2887 2283 2956 pullum

697 2976 960 3041 tanquam
1033 2988 1198 3042 super
1258 2975 1542 3029 cherubim
1617 2977 1935 3042 sedentem,
1990 2978 2278 3035 Dominum

697 3061 870 3118 Deum
923 3065 1297 3120 benedicunt:
1334 3066 1592 3121 Hosanna
1644 3069 1755 3135 ﬁlio
1794 3070 1964 3123 David
2003 3087 2021 3124 :
2071 3073 2277 3126 benedi-

2459 2429 2535 2481 E'.
2569 2431 2706 2483 Ποτὲ
2743 2430 2842 2500 μὲν
2882 2428 2992 2499 γάρ
3026 2428 3252 2500 Συμεὼν
3279 2428 3309 2480 6
3340 2427 3654 2500 πρεσϐύτης
3682 2429 3963 2499 ὑπήντησε

2389 2520 2467 2591 τῷ
2510 2523 2742 2594 Σωτῆρι,
2785 2525 2879 2576 καὶ
2929 2527 3049 2587 ταῖς
3098 2522 3368 2590 ἀγκάλαις
3407 2520 3701 2586 ὑπεδέξατο
3730 2521 3830 2574 τὸν
3861 2521 3965 2572 τῶν

2389 2612 2598 2676 αἰώνων
2642 2615 2870 2685 ποιητὴν
2909 2614 2986 2677 ὡς
3036 2614 3255 2686 βρέφος,
3299 2616 3395 2668 καὶ
3434 2614 3638 2686 Κύριον
3688 2615 3787 2668 καὶ
3836 2613 3967 2667 Θεὸν

2389 2705 2655 2774 ἐκήρυττε
2677 2720 2690 2732 ·
2728 2705 2824 2756 νῦν
2857 2705 2914 2757 δὲ
2957 2705 3077 2758 ἀντὶ
3120 2705 3507 2777 πρεσϐυτέρων
3543 2705 3881 2776 ἀγνωμόνων
3919 2706 3966 2757 οί

2390 2796 2579 2859 παῖδες
2625 2795 2702 2866 τῷ
2751 2796 2962 2867 Σωτῆρι
3003 2797 3340 2867 ὑπήντησαν,
3377 2798 3453 2862 ὡς
3495 2796 3742 2866 Συμεὼν,
3779 2799 3875 2851 καὶ
3901 2798 3965 2851 τὰ

2391 2888 2559 2959 κλάδη
2606 2889 2727 2942 ἀντὶ
2769 2889 3024 2957 ἀγκαλῶν
3066 2889 3445 2959 ὐπέστρωσαν,
3488 2890 3585 2942 καὶ
3623 2889 3832 2960 Κύριον
3880 2890 3965 2943 τὸν

2385 2981 2517 3034 Θεὸν
2549 2983 2867 3054 εὐλόγησαν,
2900 2983 2988 3036 τὸν
3013 2983 3107 3035 ἐπὶ
3133 2981 3312 3034 πώλου
3340 2981 3416 3044 ὠς
3443 2981 3536 3034 ἐπὶ
3562 2981 3671 3034 τῶν
3697 2999 3758 3052 χε
3769 2982 3965 3054 ρουσὶμ

2385 3063 2783 3145 καθεζόμενον·
2826 3075 3088 3130 Ὡσαννὰ
3121 3075 3203 3141 τῷ
3243 3073 3352 3139 υἱῷ
3397 3072 3595 3127 Δαϐίδ·
3630 3074 3962 3146 εὐλογημέ-

702 3164 818 3210 3tus
840 3157 931 3224 qui
970 3157 1108 3209 venit
1136 3157 1192 3210 in
1218 3160 1425 3212 nomine
1461 3158 1696 3213 Domini.
1751 3160 1888 3215 Cum
1941 3162 2141 3232 quibus
2170 3165 2279 3217 cla-

2384 3184 2488 3232 νος
2519 3170 2550 3220 ό
2579 3168 2898 3237 ἐρχόμενος
2918 3168 2989 3221 ἐν
3015 3168 3263 3237 ὀνόματι
3288 3167 3530 3235 Κυρίου.
3563 3167 3698 3221 Μεθ’
3731 3161 3810 3222 ὧν
3839 3169 3960 3238 βοή-

697 3261 914 3299 memus
979 3255 1033 3301 et
1064 3261 1213 3301 nos:
1249 3246 1584 3304 Benedictus
1644 3251 1736 3320 qui
1795 3252 1944 3305 venit
1989 3251 2130 3306 Deus
2163 3251 2278 3308 Rex

695 3337 888 3406 gloriae
918 3356 929 3391 :
967 3339 1064 3409 qui
1126 3349 1350 3410 propter
1379 3357 1480 3398 nos
1545 3342 1725 3399 factus
1757 3352 1840 3399 est
1903 3361 2128 3416 pauper,
2162 3348 2279 3418 ipse

697 3425 754 3479 in
791 3430 1029 3498 propriis
1051 3431 1168 3485 suis
1203 3441 1578 3503 paupertatem
1616 3436 1893 3498 nesciens,
1939 3445 1997 3489 ut
2044 3453 2144 3490 sua
2176 3454 2276 3492 nos

693 3518 940 3574 bonitate
970 3523 1168 3577 ditaret
1210 3525 1278 3578 ⁷⁸.
1307 3524 1639 3581 Benedictus
1670 3528 1762 3598 qui
1794 3528 1942 3582 venit
1974 3528 2026 3581 in
2067 3528 2279 3582 humili-

693 3619 826 3676 tate,
877 3613 1074 3666 iterum
1138 3624 1402 3672 venturus
1454 3619 1508 3672 in
1551 3621 1771 3689 gloria:
1841 3622 2074 3691 primum
2112 3638 2277 3692 super

695 3704 904 3771 pullum
941 3715 1283 3772 mansuetus,
1313 3708 1618 3780 faustisque
1641 3713 1916 3768 ominibus
1944 3729 2277 3784 prosequen-

694 3795 846 3849 tibus
912 3797 1252 3864 infantibus,
1310 3811 1368 3854 ut
1426 3803 1743 3872 impleretur
1807 3806 1953 3876 quod
2001 3817 2086 3861 est
2139 3810 2276 3862 scri-

693 3892 846 3954 ptum
869 3888 913 3918 ⁷⁷
942 3907 954 3941 :
985 3888 1098 3942 Visi
1127 3902 1248 3944 sunt
1272 3891 1536 3962 ingressus
1568 3897 1665 3960 tui,
1698 3895 1858 3960 Deus,
1891 3897 2154 3967 ingressus
2185 3900 2278 3953 Dei

694 3977 816 4038 mei,
857 3980 992 4045 regis
1017 3981 1117 4032 mei
1143 3982 1234 4049 qui
1266 3991 1344 4036 est
1375 3985 1428 4037 in
1455 3995 1667 4050 sancto;
1705 3989 2071 4056 postmodum,
2110 3993 2274 4045 terri-

696 4067 820 4124 bilis
853 4086 1018 4138 super
1057 4073 1250 4136 nubes,
1295 4077 1504 4144 angelis
1538 4080 1868 4147 stipantibus
1900 4089 2064 4152 atque
2096 4086 2271 4138 virtu-

695 4161 864 4216 tibus.
892 4161 935 4216 Ο
964 4179 1258 4232 puerorum
1287 4167 1599 4222 melliﬂuam
1627 4171 1865 4238 linguam
1895 4175 1906 4226 !
1941 4189 1974 4229 ο
2001 4175 2271 4231 sinceram

694 4250 806 4307 Deo
839 4254 1164 4323 placitorum
1204 4259 1545 4316 doctrinam!
1584 4261 1870 4335 Prophetia
1903 4267 2074 4322 David
2127 4268 2266 4322 edita

694 4359 916 4398 sensum
942 4349 1046 4401 sub
1077 4350 1259 4405 littera
1305 4357 1635 4425 occultavit;
1698 4362 1874 4430 pueri,
1926 4373 2116 4432 aperto
2152 4365 2271 4418 the-

693 4450 883 4498 sauro,
933 4438 1155 4494 divitias
1209 4446 1554 4510 protulerunt
1620 4450 1675 4502 in
1729 4451 1946 4522 lingua;
2003 4456 2270 4525 plenoque

2382 3276 2563 3330 σωμεν
2595 3261 2688 3311 καὶ
2730 3261 2916 3330 ἡμεῖς·
2951 3259 3326 3331 Εὐλογημένος
3357 3262 3385 3312 6
3415 3257 3584 3311 ἐλθὼν
3625 3258 3763 3323 Θεὸς
3807 3259 3962 3329 βασι-

2378 3350 2502 3413 λεὺς
2543 3351 2652 3420 (98)
2697 3350 2799 3420 τῆς
2838 3351 3034 3421 δόξης·
3072 3355 3100 3406 6
3146 3351 3502 3422 πτωχεύσας,
3549 3351 3608 3403 ἐν
3641 3352 3761 3414 τοῖς
3813 3352 3961 3414 ἰδίοις

2378 3441 2543 3495 αὐτοῦ
2573 3441 2940 3512 ἀπτώχευτος,
2975 3444 3040 3496 δι’
3085 3445 3251 3515 ἡμᾶς,
3281 3445 3365 3497 ἵνα
3403 3444 3549 3514 ἡμᾶς
3583 3441 3853 3514 πλουτίσῖἱ
3896 3445 3959 3511 τῇ

2377 3533 2547 3587 αὑτοῦ
2575 3534 2891 3606 ἀγαθότητι.
2925 3535 3299 3608 Εὐλογημένος
3327 3539 3354 3589 6
3393 3535 3561 3588 ἐλθὼν
3594 3535 3651 3588 ἐν
3685 3534 3960 3587 ταπεινώ-

2379 3646 2481 3692 σει,
2517 3631 2612 3683 καὶ
2636 3629 2796 3683 πάλιν
2819 3630 3111 3700 ἐρχόμενος
3137 3631 3195 3682 ἐν
3222 3629 3347 3700 δόξῃ
3371 3646 3384 3659 ·
3409 3628 3620 3702 πρῶτον
3651 3629 3749 3682 ἐπὶ
3777 3627 3960 3681 πώλου

2377 3722 2577 3794 πραῢς,
2621 3723 2716 3775 καὶ
2762 3723 2865 3774 ὑπὸ
2916 3723 3125 3794 νηπίων
3173 3721 3604 3792 εὐφημούμενος,
3635 3721 3792 3785 ὅπως
3823 3723 3959 3790 πλη-

2379 3814 2525 3886 ρωθῇ
2571 3815 2631 3866 τὸ
2679 3815 3098 3886 γεγραμμένον·
3146 3813 3592 3882 Ἐθεωρήθησαν
3632 3816 3694 3866 al
3722 3813 3961 3882 πορεῖαί

2375 3907 2552 3969 σου,ό
2584 3903 2748 3969 Θεὸς,
2783 3907 2841 3956 al
2868 3903 3097 3972 πορεῖαι
3135 3903 3241 3957 τοῦ
3281 3901 3428 3956 Θεοῦ
3463 3918 3582 3972 μου
3617 3903 3727 3956 τοῦ
3777 3907 3961 3958 Βασι-

2374 3994 2527 4058 λέως
2557 3994 2662 4047 τοῦ
2690 3995 2759 4046 ἐν
2791 3994 2968 4063 ἁγίῳ·
3002 3993 3269 4066 δεύτερον,
3306 3992 3534 4063 φοὸερὸς
3576 3994 3668 4047 ἐπὶ
3713 3994 3829 4047 τῶν
3872 4011 3929 4048 νε

2375 4086 2552 4154 φελῶν
2602 4087 2708 4139 ὑπὸ
2743 4087 2988 4155 ἀγγέλων
3020 4089 3115 4141 καί
3154 4087 3434 4156 δυνάμεων
3464 4085 3953 4159 δορυφορούμενος.

2379 4180 2443 4231 Ὢ
2492 4181 2592 4249 τῆς
2651 4180 2973 4251 μελιρρύτου
3020 4179 3128 4233 τῶν
3177 4179 3379 4231 παίδων
3431 4175 3708 4247 γλώττης,
3757 4178 3804 4231 ὼ
3857 4178 3957 4246 τῆς

2372 4271 2755 4342 άκαπηλεύτου
2778 4272 3123 4334 διδασκαλίας
3146 4271 3252 4323 τῶν
3278 4270 3610 4340 θεαρέστωνί
3636 4270 3810 4324 Δαϐὶδ
3833 4287 3955 4341 προ-

2374 4361 2646 4432 φητεύσας
2671 4364 2775 4416 ὑπὸ
2801 4363 2861 4415 τὸ
2886 4363 3118 4436 γράμμα
3148 4361 3379 4429 ἐκάλυψε
3420 4362 3480 4413 τὸ
3504 4362 3709 4431 νόημα·
3742 4363 3949 4426 παῖδες,

2373 4455 2462 4506 τὸν
2507 4455 2780 4524 θησαυρὸν
2825 4457 3155 4521 ἀνοίξαντες,
3191 4455 3282 4506 ἐπὶ
3314 4452 3558 4522 γλώττης
3585 4453 3675 4506 τὸν
3722 4455 3950 4507 πλοῦτον

695 4528 869 4597 gratia
903 4545 1176 4595 sermone,
1206 4533 1353 4588 clare
1381 4551 1573 4592 omnes
1606 4540 1672 4594 ad
1701 4557 1794 4596 eas
1828 4544 2086 4601 fruendas
2108 4563 2271 4602 voca--

2384 4547 2774 4617 προσήνεγκαν,
2829 4548 2921 4600 καὶ
2961 4547 3104 4618 λόγῳ
3151 4545 3571 4616 κεχαριτωμένῳ
3611 4545 3951 4620 διαπρυσίως

693 4626 842 4673 runt.
878 4618 1214 4677 Hauriamus
1273 4625 1454 4694 itaque
1485 4636 1540 4681 et
1576 4645 1675 4683 nos
1725 4647 1848 4685 cum
1891 4637 2024 4703 ipsis
2052 4639 2269 4695 divitias

693 4725 801 4764 non
833 4710 1168 4768 auferibiles.
1205 4712 1624 4786 lnexplebilibus
1655 4723 1866 4778 sinibus
1910 4727 2269 4800 penubusque

693 4815 1023 4872 reponamus
1061 4805 1245 4861 divina
1272 4809 1626 4865 charismata.
1661 4814 1971 4871 Clamemus
2001 4819 2118 4875 sine
2160 4832 2271 4878 ler-

691 4895 841 4949 mino
873 4916 884 4950 :
922 4897 1238 4952 Benedictus
1267 4902 1356 4970 qui
1385 4904 1518 4955 venit
1551 4905 1603 4957 in
1627 4909 1832 4961 nomine
1850 4909 2065 4964 Domini
2087 4930 2105 4966 :
2125 4912 2266 4971 Deus

690 5001 876 5048 verus,
909 4991 961 5042 in
994 4992 1218 5045 nomine
1246 4989 1339 5045 Dei
1363 4994 1498 5055 veri,
1550 4998 1894 5067 omnipotens
1923 5017 1986 5055 ex
2015 5004 2264 5072 omnipo-

691 5083 858 5142 tente,
889 5080 1058 5137 Filius
1087 5084 1143 5138 in
1173 5087 1390 5139 nomine
1417 5084 1616 5150 Patris,
1654 5089 1760 5144 Rex
1780 5107 1944 5149 verus
1966 5104 2018 5149 et
2044 5111 2109 5150 ex
2134 5111 2264 5150 vero

696 5166 875 5236 Rege;
910 5175 1088 5240 cujus,
1126 5185 1184 5229 ut
1204 5180 1324 5245 ejus
1354 5178 1444 5247 qui
1474 5181 1677 5246 genuit,
1708 5191 2036 5238 coaeteruum
2067 5195 2151 5240 est
2183 5203 2266 5241 re-

696 5275 865 5329 gnum
920 5269 974 5315 et
1009 5277 1401 5333 praeteternum.
1445 5270 1541 5325 Est
1587 5272 1731 5326 enim
1782 5274 1911 5329 illud
1950 5292 2260 5342 commune,

2372 4635 2580 4698 πάντας
2619 4637 2710 4689 ἐπὶ
2759 4637 2856 4705 τὴν
2897 4638 3196 4690 ἀπόλαυσιν
3239 4636 3522 4689 ἐκάλεσαν.
3569 4635 3952 4707 Ἀντλήσωμεν

2368 4727 2658 4799 τοιγαροῦν
2693 4730 2786 4782 καὶ
2825 4731 2985 4800 ἡμεῖς
3021 4728 3156 4800 [σὺν
3188 4725 3409 4799 αὐτοῖς]
3445 4727 3534 4779 τὸν
3585 4727 3949 4801 ἀναφαίρετον

2372 4818 2617 4871 πλοῦτον.
2668 4820 2990 4891 Ἀπλήστοις
3017 4818 3235 4880 κόλποις
3261 4818 3356 4869 καὶ
3380 4818 3646 4886 ταμιείοις
3680 4819 3952 4873 ἐναποθὼ-

2374 4911 2509 4982 μεθα
2541 4912 2610 4965 τὰ
2641 4913 2758 4966 θεῖα
2793 4913 3125 4985 χαρίσματα.
3162 4911 3457 4982 Βοήσωμεν
3487 4912 3769 4983 ἀπέραντα
3790 4918 3947 4968 ·›-Εὺ·
3980 4947 3981 4987 ς

2369 5005 2700 5073 λογημένος
2741 5008 2773 5058 ὁ
2800 5007 3120 5074 ἐρχόμενος
3147 5003 3215 5055 ἐν
3244 5003 3486 5070 ὀνόματι
3526 5006 3781 5072 Κυρίου·
3818 5005 3948 5069 Θεὸς

2369 5097 2623 5167 ἀληθινὸς
2646 5100 2703 5150 ἐν
2726 5099 2948 5168 ὀνόματι
2977 5097 3110 5150 Θεοῦ
3143 5096 3426 5167 ἀληθινοῦ·
3459 5099 3857 5170 παντοκράτωρ
3885 5101 3947 5150 ἐκ

2368 5188 2462 5241 τοῦ
2493 5190 2930 5260 παντοκράτορος
2953 5206 2967 5219 ·
3006 5188 3136 5249 Υἱὸς
3163 5189 3220 5241 ἐν
3258 5187 3479 5259 ὀνόματι
3507 5190 3754 5261 Πατρός·
3787 5191 3947 5244 Βασιρ
3978 5177 3979 5180 η

2369 5279 2493 5344 λεὺς
2520 5283 2791 5348 ἀληθινὸς,
2825 5284 2882 5351 ἐξ
2915 5281 3171 5353 ἀληθινοῦ
3205 5280 3474 5348 Βασιλέως
3497 5301 3510 5313 ·
3544 5284 3819 5338 συναϊδιον
3850 5282 3944 5338 καὶ
3975 5321 3977 5324 ‹

760 5414 808 5446 ’³
828 5412 942 5469 Ιια.
970 5431 1122 5482 xxix,
1153 5417 1335 5478 22-24.
1412 5425 1458 5456 ⁷⁸
1485 5423 1639 5481 Psal.
1670 5441 1788 5492 vm,
1819 5427 1873 5481 3.
1950 5430 1996 5461 ⁷⁸
2023 5429 2151 5484 Luc.
2197 5447 2256 5498 ιι,
2286 5431 2374 5488 29.
2452 5437 2499 5469 ’δ
2527 5436 2568 5490 ιι
2589 5436 2715 5495 Cor.
2747 5456 2864 5508 vm,
2886 5439 2940 5495 9.
3019 5439 3064 5470 "
3094 5437 3250 5495 Psal.
3277 5456 3448 5511 uvu,
3472 5444 3562 5501 25.

762 5566 874 5649 (9'!)
905 5571 1080 5655 "Utar
1113 5571 1281 5628 ἴδωσι
1302 5577 1840 5655 ,τὰτέκνα-αὐτῶν
1868 5582 1938 5636 τὰ
1974 5587 2117 5655 ἔργα
2136 5604 2254 5655 μου

690 5640 990 5724 ποιοῦντα.
1035 5640 1184 5697 Unus
1216 5647 1381 5702 codex
1409 5650 1572 5704 habet
1588 5651 1668 5724 τό,
1688 5653 1957 5715 ποιοῦντα,
1981 5640 2253 5724 adieclutll

2364 5587 2636 5644 Methodiu
2668 5596 2950 5650 sententia.
3974 5555 3975 5597 ι

2435 5661 2565 5738 (98)·
2589 5664 2649 5716 '0
2671 5667 2859 5721 (LL/(mr-
2894 5665 3038 5732 Θεὸς
3059 5666 3273 5731 βασιλ.
3306 5671 3416 5738 AL,
3453 5674 3482 5725 6
3532 5673 3596 5725 ἐκ
3629 5669 3771 5725 Θεοῦ
3806 5671 3936 5736 Θεὸς
3971 5717 3973 5730 ε

907 5713 1230 5780 glossemate
1274 5736 1286 5769 :
1339 5735 1402 5774 ac
1443 5737 1546 5801 nec
1595 5707 1956 5803 Hieronymus
2359 5730 2386 5782 6
2424 5707 2643 5803 ἐξέβην
2671 5707 2843 5721 “ww
2896 5707 3029 5732 ww"
3059 5707 3273 5731 δ’”ν⁶·”·
3306 5707 3416 5738 ωσι
3453 5707 3482 5725 ν
3532 5707 3596 5725 ε·-
3632 5707 3771 5725 νενυ
3807 5707 3935 5736 νυνι

690 5776 945 5848 Cyrillus,
991 5795 1315 5873 constatque
1354 5791 1488 5846 satis
1525 5776 1822 5862 appositive
1864 5776 2119 5865 leg-endii,
2149 5776 2249 5852 sua

3954 6047 3969 6233 Α
