4036 6320
700 345 806 402 ass
1667 341 1725 398 s.
1767 341 2095 400 umenti
2134 314 2439 401 EPlSCOPl
2478 314 2566 401 ετ
2605 346 2963 405 MARTYRIS
3827 354 3925 412 τεο
4002 298 4003 373 ἶ

701 460 908 524 minus,
953 456 1159 513 homini
1214 457 1306 528 qui
1356 466 1653 524 erraverat,
1699 460 1931 514 salutem
1974 459 2240 514 allaturus

2368 461 2705 532 πλανηθέντα
2736 463 3050 533 ἄνθρωπονο
3085 464 3379 520 καταλῦσαι
3404 470 3504 539 τήν
3537 469 3782 541 πλάνην⁸
3816 488 3921 539 φω-
4002 526 4003 529 η

696 565 942 606 errorem
988 554 1371 612 convulsurus,
1413 550 1788 618 impertituros
1838 549 2020 603 lumen
2058 551 2266 619 agenti-

698 639 804 695 bus
829 640 882 693 in
917 640 1177 699 tenebris,
1227 638 1497 694 idolorum
1529 638 1831 693 aboliturus
1884 639 2261 707 imposturam,

695 727 817 797 ejus
849 729 967 783 loco
990 728 1314 781 inducturus
1337 726 1629 781 salutarem
1661 725 1753 780 Dei
1788 726 2059 789 notitiam,
2105 742 2244 779 mun-

2369 736 2603 805 κόσμον
2644 738 2910 791 ἀπελάσαι
2945 745 3007 792 τὸ
3055 741 3223 807 μύσος
3264 742 3357 795 καὶ
3393 742 3554 809 ἄλγος
3581 743 3654 813 (2)
3687 744 3791 813 τῆς
3822 745 3918 796 τῶν
4002 796 4003 799 η

694 820 825 876 dum
885 818 1361 879 sanetilicaturus,
1419 818 1596 871 scelus
1640 817 2022 886 mi‘seriamque
2081 820 2244 871 cultui

2372 832 2615 899 ματαίων
2643 830 2780 883 Θεῶν
2799 832 3107 899 θεραπείας.
3128 834 3544 902 Εὐλογημένος
3562 836 3594 886 ό
3613 834 3919 903 ἐρχόμενος

694 912 936 966 inanium
968 910 1192 964 deorum
1229 908 1602 963 submoturus.
1662 906 1972 962 Benedictus
2006 908 2096 978 qui
2126 910 2244 963 ueni.

2365 921 2438 974 ἐν
2479 922 2723 989 ὀνόματι
2762 923 3011 987 Kvplov'
3063 917 3143 985 εἷς
3169 924 3310 994 ὑπὲρ
3354 923 3581 986 πολλῶν,
3626 926 3921 992 ῥύσασθαι

691 1003 749 1057 in
774 1002 981 1055 nomine
1002 1000 1255 1053 Domini:
1292 1015 1433 1055 unus
1456 1014 1551 1068 pro
1594 1001 1798 1064 multis,
1825 1008 1885 1053 ut
1917 1001 2067 1069 inops
2098 999 2244 1053 hami

2367 1010 2605 1079 πτωχὸν
2630 1014 2802 1081 γένος
2829 1011 3171 1079 ἀνθρώπων,
3212 1014 3281 1066 ἐκ
3311 1014 3506 1081 χειρὸς
3530 1012 3920 1081 στερεωτέρων

690 1110 816 1149 itum
837 1110 998 1165 genus
1039 1094 1229 1161 eripiat
1257 1089 1318 1145 de
1352 1108 1507 1145 manu
1539 1092 1819 1161 fortiorum
1861 1092 2013 1161 ejus;
2066 1100 2115 1146 et
2145 1108 2244 1161 ege-

2365 1101 2571 1164 αῠτοῦ,
2603 1101 2699 1153 καὶ
2732 1101 2969 1169 πτωχόν
2994 1102 3089 1154 καὶ
3124 1100 3352 1168 πένητα
3389 1102 3508 1156 ἀπὸ
3549 1101 3665 1155 τῶν
3686 1102 3919 1170 διαρπα-

691 1203 837 1250 num,
868 1196 917 1240 et
970 1200 1248 1253 pauperem
1276 1200 1307 1236 a
1350 1182 1715 1251 diripientibus
1756 1199 1872 1236 eum
1907 1182 1972 1237 “.
2007 1180 2244 1252 [Benedi-

2367 1191 2583 1251 (drtm
2606 1194 2810 1245 αὐτόν.
2831 1190 3271 1262 [Εὐλογημένος
3293 1197 3325 1247 ὀ
3350 1194 3669 1263 ἐρχόμενος
3692 1195 3767 1248 ἐν
3795 1197 3916 1249 ὀνό-

690 1290 811 1346 ριιιε
834 1277 924 1346 qui
953 1276 1090 1329 venit
1113 1277 1165 1328 in
1188 1276 1390 1328 nomine
1424 1273 1672 1327 Domini:
1697 1275 1878 1327 viuum
1909 1280 1963 1327 et
1993 1275 2173 1327 oleum
2208 1289 2239 1325 e

2359 1298 2500 1350 ματι
2537 1282 2785 1347 Κιιρίου·
2816 1281 3028 1350 ὲπιχέαι
3059 1279 3195 1334 οἶνον
3225 1282 3316 1336 καὶ
3347 1282 3493 1336 ἔλεον
3512 1284 3601 1335 ἐπὶ
3626 1284 3719 1337 τὸν
3756 1285 3918 1354 ὲμπε-

695 1371 980 1425 iniusurus
1010 1368 1101 1438 qui
1134 1366 1396 1421 inciderat
1426 1368 1480 1419 in
1516 1367 1754 1419 latrones
1779 1365 1847 1427 ",
1881 1374 1933 1419 et
1965 1364 2139 1419 fuerat
2174 1364 2244 1417 de

2367 1370 2526 1423 σὸντα
2559 1373 2637 1432 εἰς
2663 1370 2787 1432 τοὺς
2812 1370 3013 1439 λῃστὰς
3042 1371 3133 1423 καὶ
3163 1371 3629 1445 παρεωραμένον.]
3660 1374 3920 1442 Εὐλογη-

689 1461 958 1533 Spectus.]
990 1460 1298 1514 Benedictus
1319 1458 1409 1529 qui
1434 1458 1568 1511 venit
1601 1460 1654 1511 in
1678 1458 1887 1510 nomine
1916 1455 2131 1509 Domini
2153 1471 2170 1507 :
2201 1467 2244 1509 ul

2359 1460 2541 1529 μένος
2590 1464 2621 1514 ό
2669 1462 2990 1530 ἐρχόμενος
3031 1462 3101 1513 ἐν
3149 1462 3392 1531 ὀνόματι
3441 1465 3661 1531 Κυρίου
3684 1480 3699 1493 ο
3759 1462 3921 1519 σῶσαι

690 1568 791 1607 nos
821 1554 935 1619 ipse
975 1567 1068 1623 per
1101 1566 1158 1605 se
1213 1552 1390 1617 ipsum
1436 1550 1629 1610 ealxct,
1697 1546 2152 1617 quemadmodum
2186 1546 2244 1598 aiI

2364 1551 2508 1620 ἡμᾶς
2532 1551 2599 1603 δι’
2627 1551 2839 1614 ἑαυτοῦ,
2859 1550 2933 1614 ὣς
2958 1568 3119 1621 φησιν
3139 1554 3167 1605 ὁ
3193 1556 3471 1625 προφήτης
3489 1571 3503 1583 ’
3530 1556 3611 1608 Οὐ
3636 1554 3919 1621 πρέσϐυς,

689 1644 950 1714 propheta
979 1663 991 1697 :
1027 1641 1150 1695 Non
1183 1641 1409 1717 legatus,
1435 1656 1593 1709 neque
1613 1640 1861 1708 angelus;
1885 1639 1973 1692 sed
2006 1636 2244 1691 Domina:

2363 1639 2504 1693 οὐδὲ
2535 1638 2788 1710 ἄγγελος
2803 1659 2815 1670 ·
2843 1642 2980 1696 ἀλλ’
3005 1643 3186 1709 αὐτὸς
3207 1646 3239 1697 ό
3261 1645 3472 1713 Κύριος
3492 1646 3727 1700 ἔσωσεν
3750 1644 3916 1715 ἡμᾶς.

690 1733 921 1787 salvat-it
944 1749 1038 1785 nos
1085 1733 1152 1785 ⁸⁸.
1184 1731 1476 1798 Propterea
1510 1741 1565 1783 et
1612 1730 1713 1799 ipsi
1737 1728 2108 1784 benedicimus
2136 1729 2244 1794 tibi,

2362 1732 2459 1783 Διὰ
2490 1730 2644 1784 τοῦτο
2683 1732 2776 1784 καὶ
2804 1735 2966 1803 ἡμεῖς
3006 1733 3330 1805 εὐλογοῦμεν
3363 1752 3443 1799 σε,
3478 1737 3646 1809 Κύριε
3667 1755 3679 1766 '
3713 1739 3805 1793 τὸν
3831 1738 3921 1790 σὺν

684 1822 931 1885 Domine,
958 1824 1051 1892 qui
1084 1837 1208 1875 cum
1257 1821 1416 1875 Patre
1439 1829 1493 1875 et.
1550 1820 1755 1889 Spiritu
1789 1828 1980 1877 sancto
2031 1820 2244 1875 benedi-

2356 1822 2529 1893 Πατρὶ
2553 1823 2646 1875 καὶ
2673 1823 2811 1892 ἁγίῳ
2833 1823 3109 1893 Πνεύματι
3136 1825 3239 1894 πρὸ
3272 1826 3480 1879 αἰώνων
3504 1828 3597 1880 καὶ
3619 1830 3699 1890 εἰς
3727 1829 3921 1891 αἰῶνας

685 1923 807 1967 ctus
835 1928 894 1967 es
917 1921 1042 1966 ante
1075 1912 1273 1966 saccum
1303 1920 1375 1966 et
1400 1913 1453 1965 in
1490 1913 1686 1966 saecula
1732 1912 2054 1966 saeculorum
2095 1920 2244 1964 :aute

2354 1913 2564 1967 αἰώνων
2599 1915 2987 1984 εὐλογημένονσ
3021 1916 3125 1986 πρὸ
3156 1917 3253 1986 μὲν
3284 1917 3393 1971 τῶν
3417 1919 3623 1972 αἰώνων
3644 1922 3739 1973 καὶ
3765 1921 3919 1992 μέχρι

683 2005 881 2060 saecula
913 2003 1151 2073 quidem,
1212 2008 1265 2057 et
1296 2018 1465 2071 usque
1508 2003 1669 2057 modo
1722 2018 1951 2074 corpore
2000 2017 2244 2056 vacans:

2351 2006 2449 2076 τῆς
2464 2007 2623 2078 δεῦρο
2642 2008 2929 2078 ἀσώματον
2948 2026 2960 2037 ’
2985 2008 3051 2062 τὰ
3067 2006 3159 2062 νῦν
3180 2010 3239 2063 δὲ
3259 2009 3351 2063 καὶ
3367 2012 3445 2073 εἰς
3459 2012 3657 2075 αἰῶνας
3674 2014 3814 2083 μετὰ
3829 2016 3920 2082 τῆς

683 2112 828 2149 nunc
859 2103 1037 2149 autem
1063 2104 1117 2149 et
1145 2095 1200 2147 in
1234 2096 1452 2159 szecula,
1483 2109 1607 2148 eum
1645 2094 1829 2148 divina
1857 2103 1947 2147 tua
1967 2102 2020 2148 et
2052 2095 2239 2147 immu-

2352 2099 2499 2161 θείας
2522 2100 2614 2152 καὶ
2642 2099 2975 2169 αμεταϐόλου
3004 2102 3097 2155 καὶ
3127 2101 3419 2172 ἀμερίστου
3463 2119 3552 2153 σου
3578 2103 3916 2173 σαρκώσεως.

682 2187 918 2240 tahiliter
951 2185 1288 2254 indivisaque
1309 2192 1587 2254 assumpta
1614 2185 1973 2238 humanitate.

2368 644 2611 715 ἀπάτην·
2662 646 2971 710 ἀντεισάξαι
3013 648 3337 715 θεογνωσίαν
3377 649 3669 722 σωτήριονξ
3707 652 3922 721 ἁγιάσαι

2368 554 2687 625 ταγωγῆσαι
2746 557 2871 619 τοὺς
2923 559 2983 610 ἐν
3036 560 3216 612 σκότει
3238 579 3254 593 ·
3308 560 3644 630 καταργῆσαι
3700 561 3923 616 εἰδώλων
4002 584 4003 587 η

751 2275 861 2329 Yll.
904 2275 1196 2330 Videamus
1223 2276 1384 2330 etiam
1420 2276 1721 2345 sequentia.
1762 2275 1903 2341 Quid
1931 2277 2007 2329 ait
2032 2275 2249 2331 divinus

679 2367 1039 2438 evangelista?
1062 2362 1191 2427 Cum
1238 2366 1382 2420 enim
1430 2366 1679 2421 Dominus
1737 2369 1986 2422 intrasset
2030 2370 2085 2422 in
2120 2378 2250 2422 tem-

681 2462 849 2528 plum,
875 2466 1203 2511 accesserunt
1237 2455 1305 2508 ad
1359 2474 1474 2511 eum
1507 2457 1685 2511 claudi
1714 2468 1763 2513 et
1795 2462 1939 2523 ca'ci,
1964 2471 2013 2514 et
2043 2462 2247 2515 sanauit

676 2562 784 2602 eos.
830 2546 1071 2599 l’identes
1095 2557 1270 2599 autem
1294 2548 1550 2615 principes
1564 2550 1891 2604 sacerdotum
1909 2560 1957 2603 et
1983 2552 2243 2606 Pltaristei

682 2640 955 2691 mirabilia
975 2654 1090 2707 qua:
1121 2636 1262 2708 fecit,
1293 2648 1343 2692 et
1366 2653 1552 2707 pueros
1581 2639 1889 2700 clamantes,
1916 2648 1961 2692 et
1980 2640 2205 2693 dicentes
2231 2656 2247 2692 :

680 2728 940 2783 Hosanna
989 2729 1103 2799 ﬁlio
1136 2728 1306 2782 David
1348 2746 1364 2781 :
1424 2728 1735 2783 Benedictus
1775 2731 1863 2797 qui
1896 2732 2029 2783 venit
2066 2732 2119 2783 in
2162 2748 2251 2783 no-

680 2823 818 2875 mine
847 2820 1059 2875 Domini
1088 2822 1154 2885 ",
1182 2836 1289 2875 non
1324 2823 1563 2876 tulerunt
1610 2821 1912 2875 exhibitum
1968 2822 2249 2882 honorem,

2416 2279 2486 2331 Ζι,
2516 2278 2743 2349 Ἵδωμεν
2770 2279 2864 2331 καὶ
2891 2277 2959 2330 τὰ
2982 2276 3126 2346 ἑξῆς.
3154 2276 3219 2328 Τί
3243 2275 3391 2343 λέγει
3416 2274 3446 2325 ὁ
3474 2273 3749 2337 θειότατος
3770 2278 3916 2342 εὐαγ-

2347 2368 2635 2439 γελιστής;
2688 2369 3089 2433 Εἰσελθόντος
3134 2367 3242 2437 γὰρ
3291 2366 3398 2420 τοῦ
3440 2365 3659 2433 Κυρίου
3714 2369 3805 2432 εἰς
3856 2366 3915 2418 τό

2350 2459 2527 2525 ἱερὸν,
2564 2456 2913 2526 προσῆλθον
2958 2458 3121 2524 αὐτῷ
3169 2458 3349 2527 χωλοὶ
3402 2457 3500 2511 καί
3546 2456 3787 2523 τυφλοὶ,
3821 2455 3917 2509 καί

2349 2545 2749 2613 ἐθεράπευσεν
2783 2550 3022 2614 αὐτούς.
3066 2547 3311 2613 Ἰδόντες
3334 2546 3402 2600 δὲ
3420 2545 3711 2615 ἀρχιερεῖς
3738 2548 3841 2600 καί
3867 2551 3919 2600 οἰ

2351 2639 2652 2705 Φαρισαῖοι
2681 2640 2752 2692 τὰ
2779 2640 3078 2708 θαυμάσια
3101 2642 3139 2694 d
3169 2640 3439 2708 ἐποίησε,
3475 2638 3575 2692 καί
3604 2638 3751 2705 τοὺς
3790 2637 3919 2692 παῖ-

2350 2726 2458 2792 δας
2492 2726 2808 2795 κράζοντας
2853 2730 2949 2781 καί
3000 2730 3318 2798 λέγοντας⁴
3373 2727 3637 2783 Ὡσαννὰ
3686 2728 3774 2794 τῷ
3816 2727 3921 2793 υίῷ

2350 2818 2531 2871 Διιυτδ
2550 2838 2562 2850 ’
2590 2820 3007 2888 Εὐλογημένος
3034 2823 3065 2872 ό
3091 2821 3410 2887 ἐρχόμενος
3436 2822 3504 2873 ἐν
3536 2822 3780 2890 ὀνόματι
3805 2825 3919 2875 Kv-

676 2929 850 2981 eoque
880 2914 1217 2976 accedentes,
1275 2913 1348 2966 ita
1378 2912 1632 2966 dixerunt
1674 2932 1687 2965 :
1742 2909 1866 2963 Non
1912 2912 2065 2964 audis
2129 2916 2244 2980 quid

2349 2912 2503 2978 ρίου,
2547 2911 2646 2963 οὐκ
2677 2911 2911 2978 ἤνεγκαν
2951 2909 3047 2979 τὴν
3075 2910 3264 2962 ⁶ιιούτου
3292 2913 3474 2981 τιμήν.
3511 2911 3670 2965 Ὀθεν
3693 2913 3921 2983 προσελ-

676 3008 765 3059 isti
802 3004 1023 3061 dicunt?
1053 3005 1217 3070 Quasi
1276 3004 1517 3058 dicereut
1551 3023 1562 3056 :
1603 3002 1721 3056 Non
1781 3003 2095 3065 oﬂ'euderis,
2157 3005 2244 3075 qui

2354 3002 2537 3065 θόντες
2577 3002 2748 3063 οὓτως
2778 2998 2955 3054 εἷπον·
3001 3004 3120 3055 Οὐκ
3155 3002 3394 3069 ἀκούεις
3418 3002 3476 3055 τί
3505 2998 3671 3057 οὗτοι
3710 3004 3919 3073 λέγου-

676 3101 825 3151 velut
856 3097 995 3151 Deus
1019 3096 1293 3150 lauderis?
1345 3094 1462 3150 Non
1496 3094 1606 3150 fers
1654 3096 1899 3160 moleste,
1936 3097 2028 3164 qui
2060 3098 2244 3151 audias

2353 3110 2489 3158 cur;
2556 3087 2765 3146 Ὠσαδεὶ
2807 3092 3022 3159 ἔλεγον·
3074 3093 3148 3145 Οὐ
3200 3091 3403 3163 βαρῠνῃ
3447 3090 3803 3162 δοξαζόμενος
3848 3094 3918 3157 ὡς

677 3192 747 3243 ah
767 3189 1039 3243 innocenti
1066 3195 1225 3242 mtate
1252 3202 1370 3255 quae
1398 3185 1506 3240 Deo
1536 3195 1592 3241 et
1626 3187 1726 3241 soli
1755 3188 1855 3256 ipsi
1877 3189 2244 3241 conveniunt?

2352 3184 2512 3246 656;;
2548 3186 2659 3236 Οὐκ
2704 3183 2844 3256 ἄχθῃ
2888 3182 3100 3235 ἁκούων
3144 3182 3292 3254 παρὰ
3328 3181 3439 3234 τῶν
3474 3180 3699 3234 ἀκάκων
3727 3183 3799 3236 τὰ
3844 3182 3920 3253 τῷ

677 3281 869 3335 Nonne
900 3281 1027 3335 oliui
1059 3278 1297 3350 prodidit
1332 3279 1474 3333 Deus
1498 3294 1595 3349 per
1636 3280 1975 3349 prophetam,
2010 3279 2244 3334 Gloriam

2351 3277 2499 3347 θεῷ,
2548 3277 2639 3330 καὶ
2690 3277 2853 3347 μόνῳ,
2884 3278 3188 3348 πρέποντας
3236 3275 3311 3328 Οὐ
3356 3275 3519 3328 πάλαι
3558 3274 3858 3345 δεδήλωκεν
3893 3279 3921 3330 6

676 3390 843 3427 meum
864 3372 1023 3426 alteri
1052 3390 1153 3425 non
1184 3370 1318 3424 dabo
1346 3370 1428 3423 ³⁸7
1456 3369 1520 3423 Et
1549 3370 1639 3441 qui
1673 3381 1750 3434 tu,
1815 3370 1966 3423 Immo
1998 3388 2115 3423 cum
2147 3373 2243 3437 sis,

680 3464 815 3533 facis
848 3473 893 3514 te
923 3464 1091 3531 ipsum
1115 3461 1281 3515 Deum
1306 3462 1351 3493 θ’
1376 3460 1398 3513 ?
1426 3459 1565 3526 Quid
1601 3477 1727 3517 vero
1770 3461 1837 3514 ad
1867 3464 1977 3516 haec
2010 3463 2097 3516 ille
2126 3463 2247 3515 lon-

675 3556 904 3626 gauiuzis
925 3596 937 3616 ,
969 3557 1057 3608 ille
1089 3556 1284 3609 multus
1309 3556 1359 3608 in
1393 3556 1753 3610 ηιίεενίοιτνάέα
1780 3557 1848 3621 ⁹⁰,
1884 3562 1938 3611 et
1966 3556 2149 3611 tardus
2176 3557 2248 3609 ad

673 3649 813 3699 iram
840 3647 920 3699 “'2
964 3647 1196 3701 sustinet
1226 3644 1487 3710 furentes,
1538 3646 1857 3701 defensione
1901 3648 2011 3701 iras
2050 3664 2246 3702 accen-

674 3755 766 3797 sas
798 3739 1035 3799 cohibet,
1091 3736 1404 3807 Scripturas
1454 3753 1517 3791 ex
1554 3737 1779 3792 adverso
1829 3739 1885 3793 in
1925 3744 2241 3796 memoriam

672 3837 916 3891 revocat,
952 3828 1107 3883 affert
1142 3828 1453 3882 testimonia
1491 3844 1679 3883 eorum
1733 3846 1853 3899 quae
1874 3824 2120 3902 aguntur
2144 3849 2245 3888 nec

672 3922 857 3975 renuit
907 3921 1244 3990 interrogare
1278 3938 1291 3973 :
1322 3918 1681 3989 Nunquamne
1726 3930 1781 3976 et
1834 3939 1932 3978 vos
1971 3925 2244 3979 dicentem

675 4029 761 4065 me
791 4028 884 4081 per
944 4013 1261 4081 prophetam
1309 4011 1537 4066 audistis
1570 4032 1581 4065 :
1610 4010 1761 4068 Tunc
1788 4014 1973 4068 scietis
1993 4017 2120 4085 quia
2154 4017 2245 4084 qui

673 4103 940 4173 loquebar,
969 4105 1077 4172 ipse
1108 4102 1296 4175 adsum
1352 4102 1433 4157 ἠ
1460 4102 1569 4157 Nec
1604 4118 1730 4158 vero
1756 4105 1953 4159 iterum
1985 4124 1996 4158 :
2047 4104 2131 4158 Ea:
2157 4122 2244 4159 ore

672 4195 955 4263 infantium
1004 4204 1053 4248 et
1086 4194 1391 4248 laetantium
1439 4194 1703 4263 perfecisti
1749 4195 1979 4260 laudem,
2034 4208 2244 4266 propter

672 4286 912 4339 inimicos
960 4295 1098 4348 tuos,
1130 4295 1186 4337 ut
1233 4285 1477 4339 destruas
1524 4287 1796 4341 inimicum
1822 4298 1870 4341 et
1916 4288 2138 4343 ultorem
2159 4290 2245 4342 "‘3

674 4375 785 4430 V'os
817 4377 1072 4429 nimirum
1112 4377 1205 4446 qui
1236 4378 1515 4434 attenditis
1536 4380 1641 4449 legi
1691 4388 1745 4435 et
1794 4382 2087 4451 prophetas
2118 4382 2241 4453 legi-

2352 3366 2481 3431 Θεὸς
2510 3366 2596 3419 διὰ
2636 3366 2727 3419 τοῦ
2771 3369 3045 3437 προφήτου
3068 3382 3079 3391 ·
3122 3364 3237 3431 Τὴν
3280 3363 3466 3427 δόξαν
3490 3380 3608 3432 μου
3640 3363 3821 3432 ἑτέρῳ
3852 3368 3921 3417 οὐ

2351 3459 2520 3511 δώσω
2542 3474 2561 3521 ;
2588 3459 2679 3509 καὶ
2709 3457 2824 3521 πῶς
2852 3455 2953 3519 σὺ,
2998 3454 3305 3523 ἄνθρωπος
3341 3452 3445 3517 ὢν,
3474 3450 3662 3517 ποιεῖς
3705 3454 3923 3507 ἑαυτὸν

2331 3554 2535 3628 ,Θεόντ
2578 3550 2735 3602 Ἀλλὰ
2759 3549 2811 3601 τί
2842 3548 2975 3620 πρὸς
3007 3546 3176 3601 ταῦτα
3199 3547 3228 3597 ὁ
3260 3543 3627 3615 μακρόθυμος,
3672 3546 3707 3597 ό
3731 3544 3923 3611 πολὺς

2351 3642 2419 3694 ἐν
2445 3642 2600 3694 ἐλέει
2636 3642 2728 3692 καὶ
2751 3639 2985 3707 ,βραδὺς
3022 3640 3109 3703 εἰς
3153 3636 3377 3705 όργήν;
3404 3636 3651 3705 ἀνέχεται
3683 3635 3796 3688 τῶν
3830 3651 3922 3704 με·

2355 3734 2625 3803 μήνότων’
2666 3730 2975 3785 ἀναστέλλει
3028 3731 3094 3799 τῇ
3131 3727 3394 3796 ἀπολογίᾳ
3426 3726 3528 3796 τὴν
3577 3726 3921 3796 φλεγμονὴν

2350 3824 2789 3894 ἀνθυπομνήσκει
2838 3821 3087 3891 Γραφάς·
3127 3818 3425 3889 προσφέρει
3470 3818 3778 3888 μαρτυρίας
3815 3817 3922 3869 τῶι

2350 3917 2706 3987 τελουμένων,
2742 3914 2834 3967 καὶ
2878 3915 2979 3966 οὐκ
3011 3911 3363 3966 ἀπαναίνεται
3404 3908 3537 3979 πρὸς
3564 3907 3663 3978 τὴν
3706 3907 3919 3960 πεῦσιν.

2350 4009 2439 4061 Διό
2474 4025 2667 4078 φησιν·
2713 4007 2977 4059 Οὐδέποτε
3022 4004 3117 4057 καί⁵
3163 4003 3321 4071 ὑμεῖς
3362 3999 3631 4069 ¹ήκούσατὲ
3685 4016 3791 4070 μου
3836 4001 3920 4053 διὰ

2349 4099 2443 4152 τοῦ
2473 4098 2749 4169 προφήτου
2772 4097 3040 4165 λέγοντος
3065 4093 3197 4145 Τότε
3222 4090 3513 4160 γνώσεσθε,
3535 4091 3615 4143 ὃτι
3636 4094 3669 4144 ὁ
3689 4090 3915 4152 λαλῶν.

2350 4188 2529 4253 αὐτὸς
2564 4185 2830 4254 empsim;
2865 4187 2972 4238 οὐδ’
3001 4180 3068 4237 αὖ
3111 4183 3298 4236 πάλιν·
3342 4182 3435 4233 Ἐκ
3473 4185 3775 4251 στόματος
3814 4200 3917 4248 νη-

2351 4283 2501 4334 πίων
2528 4279 2625 4332 καί
2651 4278 3020 4345 θηλαζόντων
3038 4274 3389 4342 κατηρτήσω
3408 4269 3581 4327 αἶνον
3598 4274 3782 4327 ἕνεκα
3806 4271 3920 4327 τῶν·

2350 4369 2575 4440 ἐχθρῶν
2606 4384 2741 4430 σου,
2778 4366 2884 4419 τοῦ
2921 4364 3254 4420 καταλῦσαι
3293 4360 3516 4429 ἐχθρόν’
3536 4361 3634 4413 καί
3685 4360 3918 4428 ἐκδικη-

674 4471 764 4532 tis,
799 4484 991 4536 meque
1021 4470 1112 4539 qui
1142 4469 1198 4521 in
1221 4469 1336 4538 lege
1362 4477 1415 4523 et
1454 4472 1731 4540 prophetis
1765 4473 2027 4541 praedicor
2064 4472 2243 4535 “,as-

2351 4462 2495 4528 ttﬁr;
2548 4461 2754 4523 Οἵτινὲς
2803 4461 2924 4511 ἐστε
2968 4458 3145 4525 ὑμεῖς,
3197 4455 3248 4507 oi.
3292 4452 3439 4521 νόμῳ
3489 4452 3917 4522 προσανέχοντες

676 4560 1001 4628 p-rnamini.
1066 4558 1341 4614 Videmini
1402 4562 1619 4630 quidem
1667 4564 1885 4632 pietatis
1933 4566 2115 4635 specie
2145 4565 2239 4619 Dei

675 4653 899 4715 gloriam
925 4653 1138 4717 ulcisci,
1172 4668 1281 4707 non
1316 4652 1675 4723 intelligentes
1709 4658 1833 4723 quia
1860 4659 1949 4727 qui
1978 4675 2057 4712 me
2092 4673 2238 4725 sper-

674 4743 773 4802 nit,
803 4750 850 4795 et
884 4740 1097 4795 Patrem
1130 4759 1297 4796 meum
1323 4744 1522 4812 spernit
1552 4744 1597 4812 ?'
1634 4762 1646 4797 :
1683 4742 1793 4814 Ego
1832 4746 1967 4799 exivi
1995 4764 2027 4799 a
2060 4746 2163 4800 Deo
2191 4756 2241 4801 et

676 4833 789 4884 veni
813 4834 865 4884 in
897 4834 1144 4886 mundum
1168 4834 1249 4899 ⁹⁶;
1289 4849 1515 4903 meaque
1545 4836 1714 4901 gloria
1733 4837 1894 4890 etiam
1925 4838 2104 4894 Patris
2133 4839 2240 4893 mei

674 4934 758 4977 est
811 4923 1000 4991 gloria.
1046 4922 1134 4977 Sic
1169 4932 1347 4978 autem
1403 4925 1638 4980 convicti
1702 4928 1852 4982 stulti
1897 4944 1924 4981 a
1959 4929 2239 4984 Salvatore

677 5008 864 5066 nostro
896 5013 1001 5067 Deo
1030 5014 1306 5069 desierunt
1334 5015 1552 5084 quidem
1577 5017 1973 5082 contradicere,
2010 5020 2237 5075 veritate

676 5118 769 5153 (ira
835 5106 1153 5158 obstruente
1204 5119 1218 5157 :
1274 5104 1377 5156 alia
1446 5122 1571 5161 vero
1619 5107 1854 5161 dementi
1912 5110 2239 5180 cogitatione

676 5195 865 5255 ascita,
898 5196 1182 5249 consilium
1216 5196 1453 5250 inierunt
1484 5206 1671 5251 contra
1707 5198 1904 5268 ipsum.
1939 5200 2047 5256 Nos
2076 5215 2239 5271 porro

664 5291 966 5362 ῃςτιίἰοιιιιιε
995 5306 1008 5341 :
1044 5288 1266 5358 Magnus
1294 5290 1548 5345 Dominus
1578 5304 1625 5345 et
1656 5311 1849 5363 magna
1890 5298 2054 5351 virtus
2081 5300 2234 5367 ejus;

744 5404 789 5435 3‘
825 5403 970 5457 Psal.
1005 5420 1191 5467 xxstv,
1221 5405 1309 5458 10.
1385 5405 1431 5437 "
1462 5404 1584 5461 Luc.
1609 5423 1664 5468 ι,
1696 5406 1784 5460 54.
1860 5405 1905 5437 ⁸⁸
1930 5404 2042 5459 Isa.
2066 5422 2223 5469 um,
2258 5408 2312 5465 9.
2389 5411 2433 5442 ³⁷
2468 5407 2662 5463 Hatth.
2700 5423 2815 5471 nl,
2840 5407 3025 5462 14-16.

677 5487 735 5533 Χ,
767 5476 851 5529 55.
932 5474 976 5504 ²⁰
1031 5475 1147 5527 Joel
1187 5491 1243 5536 ιι,
1290 5474 1373 5528 15.

678 5546 767 5597 25.
870 5545 915 5577 ⁸⁸
985 5542 1130 5597 lauit.
1165 5560 1276 5605 xw,
1311 5544 1402 5598 28.

1470 5476 1513 5506 ⁹¹
1580 5477 1703 5535 Jac.
1759 5492 1797 5541 Ι,
1827 5476 1912 5532 19.
1986 5477 2031 5507 "
2064 5476 2177 5530 lsa.
2207 5494 2235 5531 ι.

2349 5478 2387 5534 5.
2462 5481 2508 5513 ’³
2537 5478 2690 5534 Psal.
2718 5494 2836 5543 νιιι,
2864 5479 2917 5533 5.
2993 5480 3038 5512 “
3055 5478 3214 5533 Joan.
3259 5496 3313 5542 ν,
3337 5478 3425 5534 59.

2351 4558 2445 4609 καὶ
2488 4556 2771 4625 προφήτας
2817 4548 3296 4619 ἀναγινώσκοντες,
3339 4542 3483 4613 κάμὲ
3530 4542 3624 4594 τὸν
3672 4545 3733 4596 ὲν
3770 4543 3917 4611 νόμῳ

2344 4649 2439 4703 καὶ
2495 4648 2799 4718 προφήταις
2854 4641 3254 4714 κηρυττόμενον
3303 4632 3644 4695 ἀθετοῦντες.
3698 4636 3915 4687 Δοκεῖτε

2347 4742 2443 4811 μὲν
2464 4740 2572 4809 γὰρ
2592 4738 2651 4788 ὲν
2673 4737 2911 4806 σχήματι
2933 4731 3215 4793 εὐλαϐείας
3235 4726 3519 4782 διεκδικεῖν
3541 4725 3641 4794 τήν
3662 4725 3758 4777 τοῦ
3780 4724 3914 4778 Θεοῦ

2343 4829 2519 4893 δόξαν,
2553 4827 2627 4897 μὴ
2650 4825 2937 4887 συνιέντες,
2971 4824 3161 4892 ὅτιπερ
3193 4823 3227 4873 ό
3251 4816 3356 4887 ἐμὲ
3376 4812 3617 4879 ἀθετῶν,
3674 4815 3776 4867 καὶ
3811 4815 3916 4868 τὸν

2341 4919 2572 4988 Πατέρα
2587 4937 2707 4988 μου
2726 4916 2944 4971 ἀθετεῖ·
2984 4912 3126 4983 Ἐγὼ
3136 4910 3305 4979 παρὰ
3325 4907 3432 4961 τοῦ
3454 4906 3598 4959 Θεοῦ
3626 4905 3913 4974 ἐξῆλθον,

2342 5013 2439 5066 καὶ
2471 5010 2741 5077 ἐλήλυθα
2773 5011 2859 5073 εἰς
2882 5006 2988 5060 τὸν
3012 5006 3244 5075 κόσμον
3263 5018 3278 5033 ·
3300 4999 3406 5054 καὶ
3438 5000 3471 5069 ὴ
3497 4998 3603 5069 ὲμὴ
3633 4998 3787 5064 δόξα,
3820 4998 3913 5051 καὶ

2345 5105 2437 5158 τοῦ
2468 5102 2679 5174 Πατρός
2728 5117 2830 5172 μου
2865 5099 3014 5153 ἐστὶν
3039 5098 3183 5165 δόξα.
3234 5091 3604 5162 Ἐλεγχθέντες
3636 5093 3694 5145 δὲ
3741 5090 3913 5151 οὕτως

2344 5200 2393 5250 οἰ
2427 5198 2643 5266 ἀνόητοι
2688 5198 2794 5250 ὑπὸ
2833 5197 2926 5250 τοῦ
2954 5196 3203 5266 Σωτῆρος
3228 5189 3386 5263 ἡμῶν
3414 5186 3568 5253 Θεοῦ,
3604 5184 3914 5239 ἐπαύσαντο

2350 5291 2451 5361 μὲν
2496 5291 2593 5360 τῆς
2620 5289 2943 5359 ἀντιλογίας,
2983 5286 3318 5359 φιμωθέντες
3342 5284 3409 5352 τῇ
3439 5280 3693 5351 ἀληθείᾳ.⁸
3724 5278 3909 5348 ἕτερον

3131 5408 3177 5441 ⁸⁸
3204 5407 3317 5463 Isa.
3350 5422 3483 5469 xui,
3514 5408 3568 5464 8.
3647 5407 3694 5440 "
3743 5405 3904 5463 Ιοαιι.

3131 5496 3214 5532 an.
3259 5496 3313 5532 ν.
3337 5478 3425 5532 59.
3529 5482 3574 5512 "
3604 5478 3770 5532 Joan.
3803 5492 3902 5532 xv.

3754 5513 3902 5540 ,δυ’

752 5656 936 5738 (ξ’-λινοιύ
954 5672 1052 5723 γος
1069 5654 1391 5738 κᾳίιᾶλγος.
1421 5656 1704 5738 _(_3_ongrue_
1734 5661 1787 5712 in
1819 5659 2022 5738 cultum
2042 5658 2244 5738 idolon

2349 5682 2502 5729 ;ve.re
2520 5672 2664 5724 enim
2688 5678 2977 5738 utrumque
3004 5666 3167 5723 habet
3199 5685 3212 5721 :
3245 5681 3418 5738 eoque
3444 5667 3772 5723 immensum
3808 5663 3878 5721 ho

678 5725 951 5794 nelicium,
974 5730 1117 5798 quod
1139 5725 1390 5786 Christus
1420 5729 1515 5784 illo
1541 5725 1801 5784 mundum
1824 5730 2075 5785 absolvrt.
