4036 6320
716 394 822 450 ωδ

1691 393 1748 446 S.
1792 389 2118 448 METHODII
2157 392 2464 451 EPlSCOPl
2507 389 2995 493 ET.MARTYRIS

3821 398 3997 456 “Ml

709 530 832 596 qua
863 515 1235 570 immutantur.
1265 512 1508 585 Namque
1556 522 1609 569 et
1657 515 1904 570 homines
1951 523 2003 569 et
2053 515 2258 585 reliqua

2369 531 2504 584 μενα
2532 515 2625 566 καὶ
2655 513 2725 566 τὰ
2756 513 3023 583 ἐρχόμενα
3053 512 3161 563 τῶν
3184 511 3335 576 ζώων
3353 515 3537 586 χαριαὶ
3562 516 3592 551 ⁸
3610 516 3694 585 ἐφ’
3724 509 3800 571 ὧν
3831 520 3932 588 μὴν

711 605 986 668 animalia,
1033 606 1178 660 circa
1208 621 1272 660 ea
1306 607 1360 659 in
1403 605 1602 673 quibus
1632 605 1835 674 aliquid
1884 615 2109 673 possunt
2141 621 2268 675 ope-

709 705 921 759 rantur,
973 697 1116 751 circa
1167 712 1230 752 ea
1276 699 1331 750 in
1361 697 1561 766 quibus
1591 711 1697 750 non
1730 706 1980 766 possunt,
2029 697 2267 751 resoluta

709 787 914 842 viribus
940 789 1076 842 nihil
1116 796 1303 857 agunt.
1337 785 1625 856 PrOpterea
1657 789 1796 842 hanc
1826 789 1895 842 ob
1923 803 2144 842 causam
2180 787 2266 841 Fi-

709 874 817 931 lius
851 877 940 932 Dei
966 878 1019 931 in
1050 877 1268 930 homine
1293 878 1690 931 circumclusus
1719 885 1822 942 est,
1858 877 2002 945 quod
2043 879 2144 932 hoc
2191 878 2266 930 illi

708 966 1046 1035 impossibile
1077 982 1184 1019 non
1213 975 1349 1020 erat.
1389 966 1594 1022 Virtute
1637 967 1781 1022 enim
1814 983 2012 1036 passus
2042 976 2145 1028 est.
2173 969 2268 1020 im-

707 1060 982 1126 passiliilis
1006 1075 1251 1136 manens.
1285 1070 1337 1114 et
1372 1065 1616 1116 mortuus
1645 1070 1750 1127 est,
1782 1062 2265 1129 incorruptibilita-

705 1157 812 1204 tem
838 1152 1162 1206 mortalibus
1189 1153 1419 1207 donans.
1448 1152 1658 1222 Corpus
1685 1153 1953 1222 siquidem
1985 1169 2013 1205 a
2037 1168 2264 1221 corpore

702 1243 1049 1297 verberatum
1073 1253 1167 1297 aut
1201 1254 1430 1308 sectum,
1461 1245 1799 1301 tantumdem
1830 1248 2147 1300 verberatur
2171 1252 2266 1298 aut

703 1343 946 1399 secatur,
998 1346 1262 1406 quantum
1327 1338 1620 1393 verberans
1674 1340 1920 1393 verberat
1959 1346 2015 1391 et
2069 1350 2262 1391 secans

701 1434 872 1480 secat.
911 1427 1220 1482 Secundum
1251 1431 1395 1484 enim
1443 1431 1521 1483 rei
1572 1431 1832 1498 subjectae
1880 1445 2262 1498 repercussum

700 1516 1007 1572 verberanti
1044 1519 1186 1574 ictus
1209 1523 1300 1584 tit,
1334 1535 1456 1575 cum
1485 1522 1713 1590 aequalia
1763 1521 1872 1589 pati
1915 1535 2140 1574 necesse
2170 1521 2260 1579 sit,

697 1614 754 1663 et
785 1623 970 1678 agens,
1006 1619 1061 1666 et
1099 1611 1152 1665 id
1181 1611 1326 1680 quod
1361 1612 1558 1681 agitur.
1592 1610 1873 1678 Siquidem
1921 1610 1966 1663 si
2001 1609 2145 1678 quod
2178 1626 2264 1663 se-

697 1704 859 1752 catur
886 1713 1010 1752 cum
1047 1715 1210 1769 parva
1229 1700 1549 1754 habitudine
1571 1701 1778 1754 secanti
1806 1716 1913 1753 non
1943 1715 2265 1769 correspon-

697 1787 860 1850 derit,
891 1789 1034 1858 quod
1049 1794 1213 1842 secat
1242 1803 1426 1844 secare
1452 1805 1561 1842 non
1596 1790 1814 1858 poterit.
1869 1787 2083 1842 Lationi
2113 1790 2258 1842 enim

2372 605 2436 658 ἂν
2469 603 2730 658 δύνωνται
2762 621 2817 655 τι
2843 603 3038 674 δρᾶσαι
3068 602 3395 673 ἐνεργοῦσιν,
3428 607 3514 674 ἐφ’
3537 599 3611 660 ὧν
3643 608 3708 661 ἂν
3737 609 3816 679 μὴ
3843 611 3928 663 δύα

2369 711 2563 747 νωνται
2593 693 2840 762 φθίνωσι.
2871 693 3069 763 Διόπερ
3096 693 3269 766 ταύτῃ
3300 696 3494 764 μᾶλλον
3526 697 3840 768 κεχώρηται
3875 704 3928 752 ἐν

2367 783 2635 855 ἀνθρώπῳ
2676 787 2704 837 ό
2739 785 2862 847 Υἱὸς
2903 783 2996 836 τοῦ
3029 784 3185 848 Θεοῦ,
3229 786 3309 838 ὅτι
3359 789 3432 858 μὴ
3476 781 3546 857 ἦν
3589 788 3740 858 αὑτῷ
3777 790 3929 843 τοῦτο

2367 876 2653 930 ἀδύνατον·
2705 877 2786 928 ὅτι
2831 877 3054 946 δυνάμει
3107 879 3198 929 καὶ
3239 876 3433 929 ἔπαθεν
3480 877 3693 948 ἀπαθὴς
3734 880 3927 948 μένων,

2367 969 2460 1020 καὶ
2529 963 2746 1029 ἔθανεν,
2813 966 3110 1019 ἀθανασίαν
3168 964 3249 1034 τῷ
3322 968 3498 1038 θνητῷ
3555 969 3926 1040 χαριζόμενος.

2368 1058 2531 1127 Σῶμα
2583 1059 2678 1128 μὲν
2725 1056 2830 1128 γὰρ
2863 1058 2966 1109 ὑπὸ
3021 1057 3266 1128 σώματος
3295 1061 3624 1130 τυπτόμενον
3663 1059 3697 1129 ἢ
3738 1060 3929 1130 τεμνό-

2369 1169 2526 1221 μενον
2578 1153 2827 1204 τοσοῦτον
2870 1153 3131 1204 τύπτεται
3182 1154 3213 1222 ἢ
3256 1153 3533 1222 τέμνεται,
3579 1153 3700 1204 ὅσον
3750 1152 3817 1205 ἂν
3872 1150 3932 1203 τὸ

2363 1246 2562 1298 τύπτον
2613 1243 2822 1308 τύπτει,
2888 1245 2980 1297 καὶ
3027 1245 3087 1296 τὸ
3137 1245 3463 1314 τεμνόμενον
3516 1245 3722 1314 τέμνει.
3778 1246 3930 1299 Κατὰ

2365 1337 2715 1406 ἀντιτύπησιν
2761 1337 2868 1408 γὰρ
2925 1335 3016 1388 τοῦ
3078 1337 3432 1406 ὑποκειμένου
3473 1337 3551 1406 τῷ
3599 1336 3856 1390 τύπτοντι
3898 1341 3930 1406 ἡ

2365 1427 2544 1496 πληγὴ
2573 1427 2802 1493 γίνεται,
2841 1430 2900 1480 ὲν
2945 1429 3044 1496 imp
3086 1427 3244 1480 πάθει
3285 1429 3393 1480 τῶν
3437 1429 3713 1499 ἑκατέρων
3767 1430 3934 1482 ὅντων

2365 1519 2458 1570 καὶ
2505 1517 2596 1569 τοῦ
2643 1517 2877 1588 δρῶντος
2931 1519 3024 1570 καὶ
3073 1519 3165 1571 τοῦ
3213 1520 3509 1589 δρωμένου.
3577 1521 3794 1588 Ἀμέλει
3842 1520 3935 1572 ἐὰν

2368 1609 2440 1677 μὴ
2493 1605 2554 1659 τὸ
2600 1608 2928 1693 τεμνόμενον
2985 1607 3122 1676 μετὰ
3165 1598 3351 1678 ὀλίγης
3396 1609 3558 1673 ἕξεως
3606 1611 3937 1682 άντιτορὴσῃ

2363 1696 2440 1766 τῷ
2495 1697 2765 1767 τέμνοντι,
2826 1691 2888 1749 τὸ
2940 1698 3266 1768 τεμνόμενον
3319 1699 3534 1768 τέμνειν
3591 1700 3652 1751 οὐ
3709 1701 3937 1770 δυνήσε-

2361 1806 2470 1841 ται.
2508 1790 2584 1858 Τῇ
2619 1788 2725 1859 γὰρ
2753 1791 2891 1858 φορᾷ
2924 1788 3105 1856 ξίφους
3129 1791 3228 1840 οὐκ
3254 1789 3818 1859 ἀντιπαραμείναντος
3842 1790 3934 1843 τοῦ

695 1878 846 1933 ensis
877 1881 921 1934 si
956 1893 1065 1933 non
1089 1880 1680 1948 obstiteritsubjectum
1706 1895 1929 1951 corpus,
1955 1860 2048 1936 sed
2077 1882 2256 1952 potius

2360 1875 2719 1946 ὑποκειμένου
2786 1877 3052 1947 σώματος,
3114 1877 3251 1930 ἀλλὰ
3305 1879 3642 1941 συνείξαντος
3708 1879 3934 1948 μᾶλλον,

695 1969 948 2032 cesserit,
973 1970 1120 2031 ρηιιιί
1153 1969 1348 2024 atl'cctu
1374 1973 1620 2039 Operatio
1653 1969 2029 2035 frustrabitur,
2085 1979 2144 2026 ut
2187 1961 2260 2024 vi-

638 2050 648 2058 ’
697 2058 826 2115 dere
849 2066 933 2115 est
971 2063 1024 2114 in
1060 2063 1380 2131 corporibus
1429 2064 1811 2119 subtilioribus
1843 2065 1984 2134 ignis
2013 2074 2066 2120 et
2094 2067 2258 2121 acris.

698 2148 1024 2204 Dissolvitur
1056 2167 1288 2222 namque
1327 2154 1380 2206 in
1411 2154 1682 2208 similibus
1728 2161 2019 2222 manetque
2055 2153 2260 2222 absque

695 2239 889 2296 ell‘ectu
920 2243 1239 2298 solidiorqu
1266 2259 1557 2312 corporum
1582 2244 1834 2313 impetus.
1865 2241 2019 2308 Quod
2048 2246 2092 2298 si
2119 2245 2260 2313 ignis

695 2340 791 2385 aut
821 2347 935 2395 aer,
973 2334 1108 2401 lapis
1138 2341 1230 2386 aut
1261 2334 1487 2397 ferrum,
1540 2343 1634 2387 aut
1693 2335 1920 2405 lignum,
1964 2342 2054 2387 aut
2089 2334 2258 2402 aliud,

694 2419 838 2489 quod
874 2421 1122 2474 homines
1154 2428 1340 2476 contra
1374 2438 1494 2478 sese
1540 2433 1864 2493 usurpantes
1896 2424 1997 2478 sibi
2028 2426 2256 2478 invicem

693 2513 898 2567 caedem
931 2513 1192 2576 inferunt,
1219 2515 1510 2570 vulnerare
1535 2524 1588 2571 et
1623 2516 1868 2572 dividere
1918 2531 2026 2570 non
2082 2524 2258 2586 potest

692 2605 841 2673 quod
873 2605 1170 2661 subtilioris
1203 2616 1410 2661 natura:
1457 2608 1550 2670 sit,
1601 2623 1836 2678 quanam
1892 2608 2104 2662 ratione
2149 2621 2256 2659 non

693 2694 875 2762 potius
909 2694 1318 2751 invulnerabilis
1361 2699 1562 2750 mansit
1597 2695 1870 2765 Sapientia
1925 2706 1979 2749 et
2011 2696 2258 2764 impassi-

692 2782 842 2845 bilis,
863 2785 1010 2837 nulla
1045 2785 1101 2839 in
1130 2801 1188 2839 re
1210 2786 1278 2839 ab
1307 2786 1488 2854 aliquo
1540 2786 1686 2850 lassa,
1743 2787 1868 2839 licet
1921 2785 2084 2838 simul
2127 2799 2258 2838 con-

687 2875 880 2944 juncta
906 2884 1051 2931 esset
1082 2878 1319 2947 cerpori,
1357 2878 1501 2948 quod
1549 2879 1836 2934 secabatur
1881 2884 1934 2932 et
1984 2877 2157 2931 clavis
2194 2877 2256 2929 ti-

688 2966 937 3035 gebatur,
974 2982 1096 3020 cum
1144 2971 1487 3037 pnestantior
1517 2977 1569 3023 et
1603 2969 1791 3038 purior
1837 2968 1982 3022 omni
2034 2977 2252 3033 natura,

690 3072 861 3109 unum
899 3057 947 3112 si
980 3060 1218 3129 excipias
1257 3060 1402 3115 illius
1435 3063 1736 3132 genitorem
1794 3060 1985 3124 Deum,
2019 3060 2253 3115 exsiste-

685 3146 815 3200 reti

2363 1969 2642 2039 ἄπρακτος
2671 1969 2877 2036 γίνεται
2910 1971 2942 2038 ἡ
2987 1968 3234 2037 ἐνέργεια
3253 1987 3265 1998 ο
3301 1963 3409 2021 οἷον
3437 1968 3686 2039 καθάπερ
3716 1969 3814 2020 xui.
3847 1970 3938 2022 ἐπὶ

2361 2061 2468 2112 τῶν
2542 2061 3051 2132 λεπτομερεστέρων
3128 2060 3396 2129 σωμάτων
3474 2059 3664 2128 πυρὸς,
3747 2061 3933 2130 ἀέρος.

2374 2152 2650 2206 Ἐκλόεται
2675 2153 2780 2222 γὰρ
2811 2155 2866 2205 ὲν
2885 2155 2998 2217 τοῖς
3020 2151 3276 2216 τοιούτοις
3302 2151 3655 2223 ἀνενέργητος
3674 2152 3789 2204 τῶν
3814 2169 3935 2205 στε-

2364 2243 2643 2314 ρεωτέρων
2675 2244 2851 2316 όρμῆς
2883 2244 3168 2313 σωμάτων.
3207 2245 3266 2296 Et
3295 2245 3349 2296 δὲ
3384 2243 3512 2313 πῦρ,
3545 2243 3578 2312 ἢ
3609 2241 3738 2313 ἀὴρ,
3765 2243 3934 2307 λίθος,

2359 2334 2391 2406 ἢ
2420 2335 2653 2406 σίδηρος,
2681 2336 2712 2404 ἥ
2747 2335 2919 2400 ξύλον,
2946 2336 2976 2407 ἢ
3009 2337 3155 2400 ἄλλο,
3183 2341 3263 2399 οἱς
3289 2338 3336 2388 οἱ
3360 2335 3633 2406 ἄνθρωποι
3657 2335 3939 2405 χρώμενοι

2359 2423 2476 2476 καθ’
2513 2424 2717 2476 ἑαυτῶν
2747 2425 3184 2495 ἀλληλοφονοῦσι,
3209 2425 3412 2496 τρῶσαι
3435 2426 3489 2477 δὲ
3523 2425 3614 2477 καὶ
3646 2424 3846 2477 διελεῖν
3875 2425 3934 2477 οὗ

2357 2513 2572 2566 δύναται
2606 2515 2755 2585 παρὰ
2787 2517 2845 2567 τὸ
2877 2517 2972 2587 τῆς
3003 2515 3250 2586 θικτικῆς
3275 2533 3333 2568 τε
3373 2516 3500 2567 αὐτὸ
3535 2517 3627 2568 καὶ
3664 2515 3939 2585 λεπτομε-

2363 2607 2515 2675 ρεστέ
2526 2623 2621 2675 ρας
2648 2609 2860 2675 φύσεως
2883 2608 3192 2675 τυγχάνειν·
3222 2608 3337 2670 πῶς
3365 2609 3424 2659 οὐ
3465 2607 3658 2677 μᾶλλον
3686 2606 3940 2678 ἄτρωτός

2358 2715 2419 2766 γε
2451 2699 2662 2768 ἔμεινεν
2709 2701 2741 2768 ἡ
2778 2699 2948 2767 Σοφία
2975 2702 3068 2752 καὶ
3108 2699 3355 2770 ἀπαθὴς,
3385 2701 3533 2752 οὐδὲν
3559 2700 3691 2770 πρὸς
3716 2697 3937 2763 οὐδενὸς

2359 2789 2718 2858 κακυνομένη,
2769 2789 2870 2842 κᾶν
2896 2792 3222 2860 τεμνόμενον
3258 2790 3420 2860 συνῆν
3448 2791 3541 2843 καὶ
3573 2791 3938 2861 προσηλωμέ-

2357 2895 2444 2932 νον
2497 2879 2573 2948 τῷ
2626 2877 2856 2948 σώματι,
2894 2878 3116 2946 βελτίων
3161 2880 3255 2930 καὶ
3307 2877 3662 2948 καθαρωτέρα
3715 2877 3937 2946 φύσεως

2357 2969 2539 3040 πάσης
2586 2968 2722 3040 μετὰ
2769 2970 2857 3022 τὸν
2909 2970 3306 3041 γεννησάμενον
3365 2969 3534 3039 αὐτὴν
3571 2968 3705 3022 Θεὸν
3758 2969 3940 3041 ὑπάρ-

2355 3077 2522 3129 χουσα
2547 3078 2561 3126 ;

702 3325 3906 3353 MM

1798 3500 2076 3590 ALIA
2150 3504 2812 3596 NONNULLA

1667 3689 1973 3745 EIUSDEM
2013 3690 2071 3747 S.
2114 3691 2448 3749 METHODII
2488 3693 2932 3751 FRAGMENTA.

1270 3993 1378 4065 (Ea;
1417 3993 1622 4051 Nicetw
1653 3994 1854 4052 Catena
1884 4000 1935 4053 in
1971 3999 2094 4066 Job,
2131 4017 2250 4071 cap.
2285 4018 2394 4067 xu,
2419 4017 2539 4072 pag.
2585 4000 2690 4057 ‘29
2727 4001 2853 4056 edit.
2887 4000 3113 4062 Londin.
3147 4003 3327 4073 1637.)

1328 4191 1598 4248 ΠειΙιοόὶἰ.

757 4297 1010 4358 Fortasse
1038 4309 1237 4362 autem.
1283 4305 1539 4372 quoniam
1597 4308 1756 4362 amici
1800 4307 1903 4363 Job
1935 4324 1994 4366 se
2025 4325 2247 4366 causam
2275 4315 2317 4370 C

689 4391 989 4464 intelligere
1017 4402 1236 4464 propter
1264 4411 1427 4465 quam
1469 4397 1597 4450 talia
1641 4408 1940 4469 pateretur,
1997 4402 2251 4455 arbitrati

689 4492 896 4546 essent,
926 4485 1166 4554 longiore
1192 4487 1436 4541 oratione
1481 4490 1548 4543 ad
1597 4505 1692 4544 eos
1735 4507 1876 4545 usus
1923 4493 2008 4544 vir
2045 4492 2251 4559 justus,

690 4569 997 4624 divinorum
1023 4573 1354 4639 iudiciorum
1384 4577 1724 4644 sapientiam,
1751 4595 1859 4632 non
1884 4580 1987 4634 sibi
2019 4587 2250 4647 tantum,

693 4661 790 4716 sed
820 4670 872 4715 et
900 4665 1048 4716 omni
1079 4664 1285 4718 homini
1318 4665 1922 4737 incomprehensibilem
1959 4685 2079 4725 esse
2109 4670 2248 4728 fate-

691 4757 814 4817 tur;
858 4757 910 4806 et
957 4753 1022 4808 ad
1060 4755 1462 4824 suscipiendam
1497 4759 1710 4812 consilii
1736 4759 1904 4812 divini
1942 4761 2248 4831 scientiam,

693 4843 872 4898 locum
903 4853 1218 4900 terrestrem
1253 4847 1398 4899 haud
1429 4847 1683 4903 idoneum
1711 4865 1832 4905 esse
1874 4850 2121 4907 allirmat.
2161 4852 2254 4906 Di-

691 4936 833 4988 xerit
863 4945 1040 4991 autem
1076 4936 1293 5005 aliquis,
1327 4935 1622 5005 perfectam
1681 4942 1734 4994 et
1793 4942 2098 4996 absolutam
2139 4945 2254 5014 pie-

693 5034 882 5089 tatem,
905 5044 1016 5081 rem
1043 5030 1201 5097 plane
1237 5029 1475 5084 divinam
1508 5041 1560 5085 et
1586 5047 1615 5084 a
1645 5030 1755 5087 Deo
1793 5038 1909 5091 solo
1938 5038 2251 5096 hominibus

691 5118 972 5182 tributam,
1011 5120 1111 5174 hoc
1144 5122 1262 5174 loco
1291 5123 1612 5191 sapientiam
1666 5128 1869 5180 vocari.
1921 5127 2126 5185 Sensus
2155 5147 2254 5184 au—

693 5215 800 5260 tem
834 5209 1120 5262 verborum
1149 5213 1234 5266 hic
1261 5222 1342 5266 est
1375 5234 1386 5266 :
1421 5213 1582 5275 Deus,
1615 5215 1809 5284 inquit,
1846 5218 2127 5274 hominum
2155 5238 2252 5274 na-

693 5305 830 5352 tura}
867 5302 971 5352 vim
1003 5316 1064 5354 ac
1086 5301 1394 5360 facultatem
1425 5307 1758 5371 inveniendi,
1801 5326 1905 5363 una
1953 5329 2076 5365 cum
2128 5329 2254 5382 pru-

688 5392 874 5446 dentia
903 5403 954 5447 et
980 5395 1210 5450 artiﬁcio
1232 5399 1500 5466 inserens,
1549 5417 1742 5469 magna
1783 5402 1850 5456 iis
1879 5404 2102 5474 largitus
2129 5413 2248 5469 est;

693 5499 802 5554 qua
831 5496 1053 5557 accepta
1087 5496 1284 5543 terram
1335 5493 1400 5546 ad
1442 5494 1682 5548 eruenda
1718 5495 1932 5548 metalla
1965 5497 2247 5561 effodiunt,

691 5583 744 5628 et
764 5577 983 5642 colunt;
1011 5581 1328 5648 sapientiam
1363 5592 1540 5638 autem
1565 5601 1687 5653 quae
1720 5600 1841 5637 cum
1885 5587 2083 5656 pietate
2116 5604 2250 5642 con-

689 5662 727 5728 j:
754 5676 874 5719 ncta
914 5675 1017 5733 est,
1058 5671 1112 5724 in
1141 5671 1290 5726 nullo
1324 5674 1443 5728 loco
1480 5675 1722 5730 invenire
1775 5676 1916 5731 licet.
1951 5677 2058 5733 Nec
2086 5680 2248 5731 homo

690 5770 813 5814 eam
844 5773 909 5812 ex
938 5774 995 5813 se
1025 5768 1077 5814 ei.
1111 5763 1346 5832 propriis
1377 5767 1614 5837 assequi,
1673 5783 1846 5838 neque
1895 5769 2016 5825 aliis
2047 5769 2248 5839 imper-

2685 4233 2710 4237 -
2984 4199 3319 4254 Msﬂodlov.’

2424 4313 2582 4374 Ἴσως
2612 4311 2688 4374 δὲ,
2723 4312 2844 4365 ἐπεὶ
2875 4313 2924 4363 οἱ
2950 4311 3090 4379 φίλοι
3118 4312 3211 4365 τοῦ
3255 4312 3372 4365 Ἰὼϐ
3405 4313 3570 4383 ᾤοντο
3606 4316 3706 4384 τὴν
3741 4313 3933 4367 αἰτίαν

2355 4392 2736 4471 κατειληφέναι
2775 4390 2842 4454 διδ
2892 4403 2955 4472 ἦν
2997 4403 3168 4456 ταῦτα
3211 4405 3450 4476 ἔπασχε,
3495 4405 3632 4474 πρὸς
3684 4405 3934 4467 ἐκείνους

2353 4492 2768 4562 ἀποτεινόμενος
2789 4495 2816 4546 ὁ
2839 4493 3064 4558 δίκαιος,
3097 4496 3197 4566 τὴν
3230 4495 3358 4565 περὶ
3386 4493 3493 4546 τῶν
3518 4495 3804 4562 χριμάτων
3833 4496 3930 4549 τοῦ

2353 4583 2485 4635 Θεοῦ
2517 4585 2706 4652 σοφίαν
2734 4586 2968 4654 ἄληπτον
2997 4583 3134 4638 εἶναι
3164 4585 3432 4655 ὁμολογεῖ,
3470 4585 3529 4634 οὐ
3561 4583 3718 4652 μόνον
3745 4584 3926 4658 αὐτῷ,

2355 4676 2488 4729 ἀλλὰ
2537 4678 2630 4730 καὶ
2677 4680 2837 4731 παντὶ
2879 4680 3166 4749 ἀνθρώπῳ,
3210 4680 3303 4731 καὶ
3346 4677 3442 4746 τὴν
3475 4676 3785 4746 ἐπιστήμην
3829 4679 3930 4749 τῆς

2357 4769 2546 4838 βουλῆς
2580 4769 2670 4822 τοῦ
2703 4769 2837 4822 Θεοῦ
2875 4771 2948 4838 μὴ
2994 4770 3174 4821 ἱκανὸν
3213 4763 3349 4818 εἶναι
3382 4764 3786 4834 παραδέξασθαι
3833 4770 3929 4822 τὸν

2354 4860 2629 4931 περίγειον
2657 4860 2840 4921 τόπον,
2872 4858 3244 4925 ἀποφαίνεταιδ
3278 4854 3411 4925 Φαίη
3445 4855 3487 4907 δ’
3518 4855 3580 4908 ἄν
3614 4874 3697 4921 τις
3727 4861 3926 4928 σοφίαν

2354 4951 2582 5005 ἐνταῦθα
2627 4953 2722 5020 τὴν
2767 4951 2976 5003 τελείαν
3033 4949 3310 5000 εὐσέϐειαν
3363 4948 3628 5019 εἰρῆσθαι,
3687 4955 3924 5022 πρᾶγμα

2354 5044 2514 5105 θεῖον,
2551 5045 2654 5095 ὑπὸ
2680 5043 2840 5111 μόνου
2876 5039 2970 5092 τοῦ
3005 5038 3137 5090 Θεοῦ
3172 5042 3279 5103 τοῖς
3308 5040 3608 5112 ἀνθρώποις
3639 5044 3925 5115 δωρούμε-

2353 5151 2462 5188 νον.
2504 5136 2562 5184 ’0
2591 5132 2646 5182 δὲ
2676 5128 2798 5192 νοῦς
2827 5129 2933 5180 τῶν
2968 5131 3143 5199 ῥητῶν
3178 5125 3359 5194 οὗτος·
3391 5134 3631 5200 Μεγάλα,
3668 5135 3860 5204 φησιν,
3895 5137 3923 5186 ὁ

2352 5221 2482 5282 Θεὸς
2526 5224 2637 5281 τοῖς
2662 5215 2965 5288 ἀνθρώποις
2999 5217 3322 5288 ἐδωρήσατο,
3364 5223 3420 5273 ὲν
3466 5226 3529 5292 τῇ
3559 5223 3718 5290 φύσει
3747 5239 3922 5276 κατα-

2355 5311 2579 5380 σπείρας
2603 5309 2778 5362 αὑτῶν
2801 5307 2862 5358 τὸ
2903 5309 3262 5378 ὲρευνητικὸν,
3293 5315 3386 5363 καὶ
3415 5313 3594 5381 σοῴν,
3622 5314 3714 5365 καὶ
3742 5329 3922 5380 τεχνι-

2353 5403 2446 5452 κόν
2462 5417 2477 5466 η·
2516 5402 2649 5471 ὅπερ
2683 5399 2933 5462 λαϐόντες
2974 5400 3022 5451 οἱ
3060 5399 3352 5466 ἄνθρωποι,
3390 5403 3492 5472 γῆν
3530 5415 3588 5453 τε
3625 5397 3922 5471 μεταλλεύ-

2352 5509 2476 5544 ουσι
2516 5492 2609 5542 καὶ
2655 5489 2987 5560 γεωργοῦσι·
3034 5489 3135 5560 τὴν
3176 5491 3232 5543 δὲ
3282 5493 3422 5544 κατὰ
3470 5491 3779 5544 θεοσέϐειαν
3831 5503 3918 5539 σο-

2355 5586 2481 5652 φίαν
2528 5585 2624 5635 οὐκ
2677 5585 2732 5634 ὲν
2777 5582 2926 5652 τόπῳ
2953 5584 3077 5650 ιτινὶ
3127 5584 3271 5636 ἐστιν
3317 5587 3525 5652 εὑρεῖν·
3570 5583 3669 5633 οὐκ
3705 5579 3918 5631 οἴκοθεν

2353 5673 2554 5742 ταύτην
2581 5673 2864 5744 ἅνθρωπος
2895 5673 3178 5728 ἀναλαϐεῖν
3202 5673 3441 5726 δύναταιο
3470 5674 3570 5726 οὐκ
3592 5670 3777 5731 ἄλλοις
3812 5685 3918 5722 πα-

2355 5766 2623 5838 ραδοῦναι.
2659 5764 2818 5820 Ὅθεν
2860 5766 2950 5818 καὶ
2974 5767 3022 5818 οι
3062 5764 3326 5835 Ἑλλήνων
3357 5764 3524 5832 σοφοὶ,
3560 5760 3662 5832 ἰδίᾳ
3686 5759 3916 5832 δυνάμει
