4036 6320
640 371 742 429 Ml
1626 374 2023 431 ALEXAND!“
2057 375 2362 432 EPISCOPI
2401 376 2908 433 LYCOPOLITANI
3775 378 3886 433 ΗΞ

636 486 880 561 fugiens,
909 491 1282 549 hreresiarche
1312 493 1458 548 illius
1483 494 1683 563 probra
1706 495 1928 557 detexit,
1962 505 2015 551 et
2041 498 2208 552 male-
2236 506 2283 558 Α
2311 497 2577 553 Henricus
2632 496 2881 553 Valesius
2933 500 3012 553 vir
3068 512 3332 561 summus,
3396 496 3571 564 inquit
3626 494 3889 547 laudatus

640 596 777 638 una
808 583 928 650 ejus
967 582 1217 653 dogmata
1265 585 1437 639 solide
1483 585 1740 640 refutavit
1764 605 1776 640 :
1804 588 1947 655 quod
1991 588 2210 657 quidem
2311 588 2692 645 Comboiisius.
2725 590 2827 655 Qui
2861 601 2916 645 et
2942 590 3010 643 de
3040 604 3098 643 se
3130 588 3248 657 ipso
3278 588 3451 656 deque
3476 601 3574 641 sua
3604 588 3884 655 interprec

639 672 927 743 magniﬁce
969 676 1242 743 praestitit,
1292 677 1557 745 pluraque
1600 678 1761 732 simul
1802 694 1963 748 quam
2007 681 2117 743 alii,
2156 691 2211 735 ut

640 766 916 835 quondam
948 775 1110 823 secta
1141 768 1496 835 domesticus,
1532 770 1597 824 de
1628 772 1774 825 illius
1808 773 2024 840 placitis
2053 774 2210 829 nobis

639 868 917 926 comperta
962 858 1159 915 fecisse
1206 862 1541 929 comperitur
1578 881 1589 915 :
1630 878 1738 931 quo
1786 864 1948 917 etiam
1991 867 2210 921 nomine

639 948 955 1017 hujusmodi
1000 952 1244 1005 auctoris
1276 952 1582 1007 lucubratio
1618 955 1788 1008 multo
1818 956 1873 1009 in
1903 957 2078 1025 pretio
2106 958 2206 1011 ha-

638 1039 815 1096 benda
842 1042 1077 1096 videtur.

710 1128 799 1191 ιιι.
840 1129 997 1185 Hunc
1014 1142 1190 1187 autem
1215 1132 1507 1189 Alexandri
1532 1134 1699 1190 fetum
1718 1137 1926 1205 primus
1950 1139 2003 1192 in
2032 1138 2207 1193 lucem

636 1223 833 1278 extulit
854 1222 1211 1280 Combelisius
1237 1226 1307 1296 (It)
1331 1244 1395 1281 ex
1415 1227 1649 1303 Emerici
1671 1228 1863 1297 Bigotii
1889 1230 2205 1299 exemplari,

637 1316 785 1389 quod
831 1316 919 1370 hic
960 1317 1013 1369 in
1056 1314 1260 1372 Italiam
1299 1319 1577 1387 prolectus
1608 1322 1676 1374 ab
1696 1319 1977 1375 Holstenio
2010 1337 2207 1391 magno

610 1415 863 1467 .tnunere
892 1415 1193 1474 acceperat.
1220 1406 1475 1462 Auctoris
1506 1409 1682 1479 stylus
1710 1409 2083 1473 duriusculus,
2119 1420 2204 1464 at-

635 1507 744 1562 que
791 1495 1058 1565 imperitia
1114 1499 1307 1553 scriba:
1357 1500 1537 1555 adhuc
1590 1501 1912 1567 intricatior,
1968 1504 2102 1573 quin
2152 1512 2207 1559 et

634 1584 809 1653 ipsius
866 1588 1172 1657 argumenti
1229 1591 1561 1661 perplexitas
1612 1591 1871 1645 lectorem
1933 1592 2205 1649 interdum

635 1682 903 1743 inuratur,
965 1677 1102 1732 adeo
1130 1685 1189 1731 ut
1231 1694 1327 1733 nec
1371 1680 1656 1734 lectionem
1706 1681 1975 1750 patienter
2022 1684 2205 1740 tulerit

703 1828 776 1900 (Β)
802 1829 1047 1888 Combef.
1072 1831 1226 1888 Auct.
1255 1835 1470 1897 noviss.,
1503 1841 1641 1905 part.
1671 1849 1731 1899 tt,
1756 1850 1873 1907 pag.
1908 1837 1941 1890 5
1967 1853 2120 1909 seqq.

2231 1840 2278 1895 B

2311 682 2519 736 talione
2559 682 2662 736 ista
2709 682 2892 735 subdit
2936 700 2951 736 :
2997 700 3015 732 ι
3065 680 3195 735 Mihi
3234 694 3468 749 quoque,
3518 676 3712 739 fateor,
3768 692 3879 730 non

2309 786 2474 826 unam
2506 772 2621 825 fuit
2651 788 2889 835 crucem,
2933 787 3041 825 non
3074 779 3185 824 tam
3217 771 3497 838 scriptoris
3526 767 3698 833 λοξὸν,
3736 783 3805 821 ac
3833 768 3880 821 si

2308 861 2439 931 quid
2485 862 2603 928 ejus
2647 864 2812 915 nazvis
2862 861 3063 916 ascribi
3113 868 3290 930 potest
3327 860 3542 928 (quibus
3588 874 3696 912 non
3740 858 3881 912 adeo

2310 953 2535 1008 sordere
2555 954 2881 1023 existimem)
2916 970 3077 1022 quam
3112 952 3723 1011 exscribentis‘manus,
3763 950 3881 1003 sive

2310 1041 2503 1097 menda
2531 1044 2696 1110 priori
2721 1043 3017 1110 exemplari
3046 1042 3342 1102 hazrebant,
3372 1042 3484 1096 sive
3504 1042 3620 1109 ipsa
3651 1039 3875 1107 adjecit.

2308 1131 2536 1187 Factum
2559 1142 2738 1187 tamen
2762 1148 2941 1201 spero,
2969 1141 3026 1186 ut
3049 1148 3155 1202 qua
3177 1132 3424 1185 insudavi
3445 1147 3632 1200 opera,
3654 1146 3876 1184 omnem

2310 1224 2497 1278 lectori
2522 1238 2691 1293 prope
2716 1223 3007 1288 reﬁxerim,
3034 1239 3098 1283 ac
3126 1224 3322 1294 quibus
3350 1225 3569 1287 haereat,
3600 1239 3775 1295 pauca
3798 1240 3879 1279 re-

2308 1316 2581 1385 liquerim.
2619 1336 2637 1367 ι
2674 1314 2794 1369 Haec
2829 1315 2939 1370 ille.
2973 1314 3141 1385 Cujus
3171 1315 3459 1369 editionem
3490 1330 3612 1384 qua
3643 1330 3753 1370 una
3779 1330 3878 1371 ex-

2307 1414 2436 1470 stat,
2485 1407 2909 1462 emendatiorem
2956 1407 3373 1477 nitidioremque
3412 1406 3778 1477 proferimus;
3824 1416 3878 1463 et

2307 1513 2417 1568 quo
2448 1499 2663 1567 planior
2693 1498 2871 1566 operis
2904 1507 3191 1556 contextus
3225 1499 3438 1563 evadat,
3473 1499 3604 1554 illud
3650 1499 3708 1555 in
3752 1515 3876 1556 sec-

2306 1592 2484 1647 tiones
2512 1593 2767 1662 partitum
2801 1592 3141 1651 exhibemus.

640 2031 3853 2063 .__.___________________________________________

1701 2099 2810 2373 ALEXANDRI

1278 2502 1985 2635 EPISCOPI
2045 2507 3213 2636 LYCOPOLITANI

1904 2757 2597 2848 TRACTATUS

1163 2970 1347 3084 DE
1422 2966 2079 3085 PLACITIS
2156 2966 3327 3084 MANICHAEORUM.

1733 3297 1977 3384 2ζέἰᾶ
2019 3298 2198 3384 QE?!-
2224 3325 2267 3384 c
2300 3298 2792 3384 Αὲξξεέένέἕρῐ

631 3289 1067 3353 ALEXAND!”
1118 3293 1610 3353 LYCOPOLITE
1626 3340 1640 3362 ,

708 3361 930 3421 TIBIIS
967 3365 1065 3419 AD
1099 3364 1515 3423 HANICHEI
1553 3361 1680 3425 0P1

710 3434 985 3493 VERSUS
1021 3434 1312 3492 FUERAT
1336 3439 1434 3512 (ι).

1746 3368 1977 3428 IONES
2014 3371 2197 3429 CON-

2370 3298 2792 3357 ιΕΞΑΝΔΡοΥ
2970 3300 3483 3368 ΛΥΚΟΠΟΔΠὉΥ
3523 3301 3871 3357 ΕΠΙΣἸῬΒ-

2696 3368 2791 3424 ΕΞ
2905 3369 3058 3427 NON
3077 3370 3275 3426 ΠΡΟΣ
3298 3372 3429 3424 ΤΑΣ
3448 3369 3874 3427 ΜΑΝΙΧΛῙΟΥ

1118 3554 1245 3614 (Συ).
1277 3556 1318 3613 l.
1350 3556 1705 3628 Philosophia:
1731 3557 2048 3616 Christiana
2076 3561 2408 3632 prudentia.
2433 3558 2499 3615 In
2526 3557 2849 3615 Christiania
2883 3557 3167 3613 Itme
3197 3559 3368 3630 origo.

696 3669 1137 3728 Christianorum
1191 3671 1536 3743 philosuphia
1590 3673 1818 3744 simplex
1865 3659 2187 3747 appellatur.

628 3760 755 3818 Hec
784 3763 1041 3818 nimirum
1072 3763 1419 3818 instituendis
1444 3762 1685 3818 moribus
1708 3764 1999 3833 plurimum
2030 3775 2192 3822 navat

625 3866 884 3923 operam,
928 3852 1181 3908 certioris
1212 3850 1459 3906 veritatis
1511 3852 1577 3907 de
1624 3851 1735 3907 Deo
1768 3868 2049 3911 sermones
2094 3856 2193 3911 ob-

630 3960 791 4003 scure
829 3945 1151 4009 insinuans;
1186 3958 1417 4013 quorum
1444 3953 1627 4015 caput,
1664 3946 1742 4002 rei
1777 3944 1941 4015 hujus
1971 3947 2195 4018 diligen—

626 4041 763 4097 tiam
803 4039 999 4095 merito
1040 4050 1230 4093 omnes
1268 4036 1604 4103 admiserint,
1640 4039 1731 4095 ubi
1757 4055 1923 4095 causa
1954 4040 2193 4097 efﬁciens

628 4130 968 4189 nobilissima
1000 4129 1506 4200 antiquissimaque,
1526 4138 1687 4199 atque
1709 4130 1951 4186 omnium
1980 4141 2191 4201 auctor,

626 4224 699 4281 ab
740 4223 852 4279 illis
888 4214 1164 4279 statuitur.
1200 4218 1422 4277 Relictis
1458 4238 1693 4294 namque
1738 4223 1843 4291 his,
1879 4224 1973 4295 qui
2008 4240 2192 4281 mores

626 4323 1032 4381 conmtantur,
1064 4330 1184 4385 quae
1213 4317 1526 4385 operosiora
1550 4324 1699 4383 sunt,
1732 4318 1911 4388 qualis
1940 4316 2192 4374 videlicet

623 4409 803 4463 virtus
828 4408 1050 4466 moralis
1084 4414 1167 4463 est
1188 4412 1241 4461 et
1275 4408 1555 4463 rationalis
1574 4448 1590 4473 ,
1612 4424 1948 4479 quaecunque
1978 4410 2105 4465 item
2122 4410 2190 4467 de

625 4502 894 4565 moribus,
929 4501 1106 4571 deque
1140 4499 1285 4553 vitiis
1314 4510 1367 4554 et
1396 4500 1677 4557 affectibus
1710 4501 1995 4565 dicuntur,
2042 4496 2188 4559 circa

2367 3672 2706 3747 Χριστιανῶν
2732 3671 3016 3742 φιλοσοφία
3054 3670 3197 3741 ἁπλῆ
3226 3668 3486 3725 καλεῖται.
3509 3670 3656 3739 Αὕτη
3686 3669 3745 3721 δὲ
3774 3664 3869 3723 ἐπὶ

2295 3767 2395 3837 τὴν
2414 3764 2509 3819 τοῦ
2538 3765 2701 3835 ἡθους
2730 3762 3072 3833 κατασκευὴν
3115 3762 3214 3833 τὴν
3257 3761 3514 3833 πλείστην
3551 3760 3869 3831 ἐπιμέλειαν

2298 3860 2549 3921 ποιεῖται,
2588 3855 2933 3925 αἰνιττομένη
2965 3852 3228 3925 περὶτῶν
3263 3853 3663 3924 ἀκριϐεστέρων
3696 3854 3870 3922 λόγων

2300 3951 2429 4021 περὶ
2460 3948 2595 4002 Θεοῦ
2616 3965 2631 3979 ·
2662 3941 2737 4002 ὧν
2765 3946 2826 4000 τὸ
2858 3947 3154 4014 κεφάλαιον
3180 3945 3281 4015 τῆς
3312 3948 3440 4017 περὶ
3478 3946 3649 4000 ταῦτα
3697 3963 3870 4000 σπου-

2298 4042 2393 4114 δῆς
2413 4026 2635 4104 είκότως
2662 4038 2729 4093 ἂν
2759 4042 2995 4101 ᾶπαντες
3034 4035 3399 4103 ἀποδέξαιντο,
3448 4036 3576 4092 ἔνθα
3617 4038 3679 4092 τὸ
3713 4055 3870 4111 ποιη-

2298 4132 2447 4187 τικὸν
2488 4132 2658 4185 αἴτιον
2692 4129 3019 4201 τιμιώτατον
3050 4128 3289 4183 τίθενται
3334 4130 3427 4183 καὶ
3470 4129 3866 4203 πρεσϐύτατον,

2298 4222 2393 4276 καὶ
2425 4224 2641 4276 πάντων
2665 4222 2834 4275 αἴτιον
2855 4220 2963 4274 τῶν
2994 4220 3181 4275 ὄντων.
3227 4220 3378 4275 Ἐπεῖ
3404 4222 3499 4276 καὶ
3528 4224 3640 4285 τοῖς
3657 4221 3868 4293 ἠθικοῖς

2296 4318 2363 4370 τὰ
2397 4316 2769 4387 ὲργωδέστερα
2793 4314 3241 4384 παραλείποντες,
3272 4308 3383 4369 οἷον
3412 4314 3499 4379 τίς
3520 4331 3579 4367 τε
3620 4316 3654 4387 ή
3696 4315 3866 4388 ἠθικὴ

2293 4408 2461 4479 ἀρετὴ
2509 4408 2604 4461 καὶ
2652 4404 2874 4479 λογικὴ,
2917 4407 3012 4461 καί⁵
3040 4408 3141 4461 ὅσα
3178 4405 3394 4475 λέγεται
3429 4407 3557 4476 περὶ
3592 4405 3741 4476 ἠθῶν
3772 4411 3869 4462 καὶ

2294 4498 2501 4563 παθῶν,
2532 4498 2659 4568 περὶ
2682 4498 2774 4551 τὸν
2804 4498 3117 4551 ὑποθετικὸν
3148 4496 3480 4569 διατρίϐουσι
3504 4497 3665 4551 τόπον
3683 4514 3697 4527 ο
3723 4515 3868 4553 στοι-

623 4594 1012 4664 praeceptiones
1058 4600 1343 4648 morantur
1403 4610 1415 4645 :
1463 4591 1606 4646 haud
1656 4592 1873 4662 quidem
1924 4592 2188 4649 elementa

2301 4592 2412 4660 χεῖα
2446 4590 2543 4660 μὲν
2569 4590 2705 4661 πρὸς
2728 4590 2965 4661 ἑκάστης
3001 4590 3201 4662 ἀρετῆς
3235 4588 3504 4659 ἀνάληψιν
3540 4589 3638 4643 οὐκ
3679 4592 3869 4645 ἀποδι-

623 4684 915 4742 reddentes
948 4687 1149 4755 quibus
1187 4699 1523 4755 unaquaque
1578 4684 1753 4739 virtus
1805 4685 2044 4754 paranda
2083 4686 2187 4752 sit;

622 4779 899 4834 crassiora
927 4793 1057 4834 vero
1091 4786 1378 4849 pmcepta,
1420 4776 1499 4831 sic
1553 4776 1712 4846 quasi
1758 4784 1961 4831 temere
1997 4792 2190 4847 conge-

622 4879 805 4925 rentes
849 4887 865 4923 :
903 4886 1134 4939 quorum
1175 4869 1361 4923 auditu
1397 4883 1682 4923 commune
1708 4868 1918 4937 vulgus,
1954 4875 2013 4921 ut
2035 4884 2191 4938 expe-

622 4961 819 5015 rientia
850 4960 1134 5023 discimus,
1171 4959 1239 5012 ad
1277 4958 1595 5013 modestiam
1622 4956 1775 5010 valde
1806 4955 2189 5025 proﬁcit,insi-

620 5046 820 5115 detque
847 5062 1034 5100 eorum
1067 5046 1306 5099 moribus
1325 5046 1539 5114 pietatis
1566 5045 1866 5108 character,
1885 5045 2185 5111 viviﬁcans,

623 5151 744 5204 quae
777 5151 845 5191 ex
870 5137 962 5189 tali
995 5134 1388 5189 consuetudine
1418 5150 1629 5188 morum
1671 5135 1993 5203 compositio
2035 5135 2192 5190 inde.

624 5229 811 5297 lesque
832 5229 1193 5292 contrahitur,
1222 5227 1590 5298 paulatimque
1608 5226 1673 5280 ad
1710 5226 1835 5280 boni
1870 5227 2190 5298 honestique

622 5322 829 5376 ducens
864 5321 1178 5391 appetitum.

700 5413 809 5468 Hac
842 5428 971 5468 vero
1002 5426 1031 5466 a
1065 5411 1405 5483 sequentium
1448 5412 1602 5465 turba
1656 5412 1711 5464 in
1768 5412 1965 5465 multas
2015 5410 2191 5466 divisa

624 5505 977 5574 quastiones,
1033 5502 1287 5557 exstitere
1313 5500 1520 5570 plures,
1553 5508 1613 5554 ut
1662 5498 1775 5553 fere
1807 5500 1863 5553 in
1902 5500 1969 5555 iis
2004 5499 2061 5553 ﬁt
2096 5500 2192 5571 qui

726 5666 777 5734 l)
812 5662 1104 5734 Interprete
1124 5662 1417 5719 Francisco
1448 5662 1791 5734 Combeﬁsio.

720 5732 776 5802 2)
834 5733 1016 5797 Ἀλέξ.
1069 5732 1291 5789 Photius
1340 5736 1394 5788 in
1452 5732 1691 5799 Epitome
1739 5735 1803 5802 de
1846 5732 2191 5802 Mauichm‘s,

622 5800 790 5880 quam
828 5804 992 5859 edidit
1017 5804 1085 5860 cl.
1116 5802 1553 5863 Hontfauconius
1581 5803 1699 5859 Bib.
1731 5800 1894 5859 Coisl.
1921 5821 2042 5879 pag.
2067 5800 2192 5877 554,

2292 4681 2471 4745 δόντες
2494 4698 2506 4710 ·
2539 4681 2975 4753 παραγγέλματα
3004 4681 3061 4735 δὲ
3091 4680 3369 4751 παχύτερα
3390 4719 3407 4743 ,
3434 4680 3510 4744 ὡς
3549 4683 3864 4754 ἐτύγχανεν,

2292 4772 2737 4844 ὲπισωρεὺοντες,
2766 4768 2840 4829 ὧν
2863 4776 2892 4827 ὁ
2930 4773 3097 4837 πολὺς
3120 4773 3292 4844 δῆμος
3313 4772 3547 4837 ἁκούων,
3570 4774 3646 4838 ὡς
3678 4779 3744 4830 ὲκ
3767 4777 3869 4847 τῆς

2292 4864 2489 4934 πείρας
2514 4864 2627 4915 ἔστι
2657 4864 2867 4934 μαθεῖν,
2887 4865 3089 4934 σφόδρα
3115 4863 3421 4918 ἐπιδίδωσιν
3447 4866 3526 4928 είς
3544 4865 3864 4932 ἐπιείκειαν,

2294 4954 2389 5005 καὶ
2438 4957 2538 5023 τῆς
2587 4953 2869 5018 εὐσεὸείας
2918 4953 3201 5026 χαρακτὴρ
3250 4953 3485 5015 ὲνιζάνει
3533 4956 3710 5008 αὐτῶν
3754 4961 3867 5021 τοῖς

2295 5045 2478 5115 ἤθεσιν
2507 5084 2521 5109 ,
2556 5044 2930 5117 ἀναξωπυρῶν
2959 5046 3019 5098 τὸ
3051 5048 3115 5097 ὲκ
3148 5044 3248 5113 τῆς
3290 5044 3541 5116 τοιαύτης
3578 5047 3866 5117 συνηθείας

2297 5136 2738 5207 συνεκλημμένον
2766 5132 2916 5207 ἦθος,
2958 5139 3052 5190 καὶ
3080 5137 3199 5190 κατ’
3219 5135 3396 5203 ὀλίγον
3422 5138 3503 5199 είς
3522 5139 3619 5207 τὴν
3645 5139 3739 5192 τοῦ
3763 5156 3863 5192 κα-

2290 5229 2383 5282 λοῦ
2418 5229 2584 5282 αὺτοῦ
2612 5229 2790 5300 ὄρεξιν
2821 5228 3049 5299 ὁδηγῶν.

2362 5410 2456 5474 Ei;
2484 5411 2711 5465 πλεῖστα
2743 5412 2800 5465 δὲ
2819 5410 3024 5483 ταύτης
3053 5412 3159 5466 ὑπὸ
3184 5411 3293 5469 τῶν
3325 5415 3725 5486 ἐπιγενομένων
3768 5433 3864 5486 με·

2296 5504 2569 5576 ρισθείσης
2600 5502 2855 5575 ζητήσεις
2874 5543 2891 5569 ,
2927 5505 3259 5576 συνέστησαν
3299 5507 3541 5570 πλείονες
3562 5546 3577 5571 ,
3610 5508 3862 5579 καθάπερ

2308 5667 2458 5720 urbis
2511 5665 2787 5739 Lycorum
2821 5668 3105 5739 praesulem
3141 5666 3308 5739 fuisse
3358 5671 3503 5725 hunc
3549 5672 3864 5739 scriptorem

2303 5747 2531 5808 teslatur
2563 5738 2644 5790 his
2681 5737 2858 5791 verbis
2902 5756 2915 5791 :
2942 5737 3010 5790 Ὅ
3036 5754 3094 5790 τε
3127 5737 3225 5808 τῆς
3253 5740 3459 5804 πόλεως
3484 5737 3674 5794 Λύκων
3718 5740 3865 5795 Ἀλέ-

2303 5806 2522 5879 ξανδρος
2548 5807 2677 5874 τοὺς
2706 5808 3119 5879 ἀρχιερατικοὺς
3154 5806 3625 5881 ἐγκεχειρισμένος
3650 5810 3865 5885 νόμους.
