4036 6320
149 387 239 446 ιιει

1030 382 1450 442 TRACTATUS
1491 383 1579 438 DE
1618 383 1930 440 PLACl'ﬂS
1961 380 2518 441 MAN‘CHIEORUM.

3279 380 3384 436 4M

149 508 198 560 ὲν
216 508 315 568 τοῖς
345 505 679 575 ἐριστικοῖς,
708 507 802 574 ἀφ’
829 499 903 560 ὦν
935 507 1378 578 ὲντρεχεστέρους
1407 505 1502 575 μὲν
1525 504 1702 566 ἄλλους

1818 505 2154 560 contentioni
2180 504 2419 569 Student,
2444 503 2532 556 alii
2555 501 2674 556 aliis
2695 502 3032 566 solertiores,
3052 503 3385 572 argutiisquo

147 595 326 669 ἐτέρων
352 595 555 666 μᾶλλον
588 599 692 650 καὶ
725 598 1210 668 ζητητικωτὲρους,
1239 597 1312 656 ὡς
1336 596 1401 648 ἄν
1437 613 1520 658 τις
1547 594 1712 658 εἴποι,

144 689 395 758 γεγονέναι
444 689 781 759 συμϐέϐηκε
806 707 818 719 ·
858 690 950 742 καί
999 706 1139 750 τινες
1187 688 1286 758 ἢδη
1321 689 1414 740 καὶ
1451 686 1712 757 αἱρέσεων

145 779 474 851 προῦστησαν
501 799 516 810 ’
556 784 660 850 ἀφ’
690 778 766 836 ὧν
794 785 826 852 ἡ
859 780 996 834 κατὰ
1039 780 1099 833 τὸ
1140 776 1270 850 ἦθος
1311 779 1500 848 ἄδηλος
1542 794 1711 830 κατα-

145 875 292 943 σκευὴ
320 874 662 944 ἐμαραίνετο
685 894 698 904 ·
731 876 830 945 τῆς
849 875 944 945 μὲν
966 874 1104 927 κατὰ
1127 875 1217 926 τὸν
1242 873 1397 940 λόγον
1430 871 1712 941 ἀκριϐείας

141 962 226 1017 οὐκ
249 962 669 1033 ἐφικνουμένων
701 967 922 1028 τούτων,
957 967 1070 1017 ὅσοι
1123 964 1231 1016 τῶν
1264 964 1522 1034 αἱρέσεων
1564 965 1713 1031 ἡγεῖ-

141 1054 250 1106 σθαι
273 1053 456 1122 ἠξίουν
480 1071 493 1086 ·
528 1056 632 1108 τοῦ
660 1057 719 1108 δὲ
755 1055 947 1108 πολλοῦ
980 1054 1213 1126 πλήθους
1255 1054 1709 1108 στασιαστικιὶντε-

143 1161 221 1216 ρον
252 1147 386 1215 πρὸς
415 1146 552 1198 αὐτὸ
581 1147 936 1210 διατεθέντας.
967 1149 1202 1210 Κανόνος
1228 1147 1284 1200 δὲ
1306 1147 1517 1208 οὐδενὸς
1552 1147 1711 1198 ὑπόν-

138 1253 217 1298 τος
244 1237 362 1288 οὐδὲ
413 1238 627 1307 νόμων,
669 1240 763 1306 ἀφ’
807 1232 879 1291 ὧν
917 1239 1022 1290 τῶν
1064 1239 1342 1310 ζητήσεων
1387 1238 1711 1307 πορίσασθαι

137 1325 290 1392 Μσιν,
315 1327 578 1400 καθάπερ
607 1329 663 1382 δὲ
694 1332 751 1382 ἐν
772 1334 882 1392 τοῖς
904 1329 1133 1400 ἄλλοιςή
1161 1330 1435 1399 φιλοτιμία
1459 1333 1538 1392 εἰς
1555 1332 1719 1400 ὑπερ-

138 1417 281 1480 ὖολὰς
307 1419 679 1483 ἐκπίπτουσα,
706 1421 805 1472 οὐκ
831 1421 973 1472 ἔστιν
992 1422 1020 1472 ὅ
1051 1438 1103 1472 τι
1136 1421 1194 1472 οὐ
1232 1421 1566 1490 λυμαίνεται.

1822 611 1885 649 ac
1913 595 2326 665 quaastionibus,
2364 603 2424 648 ut
2446 595 2525 649 sic
2549 595 2746 657 dicam,
2779 594 3120 663 sagaciores:
3149 597 3224 647 ita
3252 607 3386 648 sane

1820 695 1879 739 ut
1901 687 2011 755 jam
2042 702 2258 756 quoque
2287 687 2556 740 beresewn
2588 693 2967 754 sectarumque
2992 685 3264 739 antistites
3296 699 3387 754 pa-

1817 790 2105 847 rentesque
2142 779 2506 832 emerserint:
2543 793 2635 846 per
2677 793 2814 846 quos
2857 778 2911 830 in
2958 778 3254 831 obscurum
3281 778 3382 832 ad—

1817 872 1981 926 ducta
2018 885 2078 924 ac
2104 869 2424 924 labefactata
2461 886 2672 924 morum
2718 870 2986 926 institutio
3017 878 3100 924 est
3132 886 3150 924 :
3179 868 3308 924 dum
3343 871 3382 924 ii

1817 975 2020 1019 certam
2099 978 2416 1019 sermonum
2485 964 2769 1017 veritatem
2842 978 2948 1016 non
3013 967 3382 1032 assequuntur

1816 1056 2105 1126 (quotquot
2135 1057 2388 1110 nimirum
2419 1058 2584 1111 sectis
2607 1057 2856 1111 antistari
2875 1055 3101 1124 volunt),
3121 1054 3384 1123 plebsque

1815 1165 1877 1203 ac
1907 1151 2099 1218 vulgus
2130 1148 2252 1203 inde
2277 1149 2330 1202 in
2361 1150 2509 1203 rixas
2533 1164 2597 1202 ac
2622 1151 3000 1204 contentiones
3032 1148 3291 1216 majorem
3323 1146 3380 1200 in

1815 1240 2035 1292 modum
2071 1238 2356 1292 excitatur.
2384 1237 2630 1308 Cumque
2673 1240 2819 1291 nulla
2878 1245 3131 1307 suppetat
3170 1235 3377 1304 regula,

1816 1331 1977 1382 nulla:
2015 1339 2210 1398 prmsto
2243 1331 2353 1383 sint
2392 1330 2556 1398 leges,
2595 1336 2736 1400 uqde
2782 1344 2970 1384 eorum
2997 1344 3117 1398 qum
3152 1328 3206 1382 in
3235 1342 3382 1396 qua:-

1815 1420 2047 1474 stioncm
2083 1421 2327 1484 veniunt,
2377 1421 2699 1474 solutionem
2751 1420 2995 1473 nancisci
3048 1421 3244 1482 liceat,
3283 1417 3380 1472 sed

137 1511 265 1564 velut
297 1513 352 1566 in
378 1515 530 1582 aliis,
567 1516 800 1570 honoris
839 1517 1115 1571 contentio
1163 1518 1218 1570 in
1247 1517 1582 1571 nimietatem
1629 1515 1861 1569 adducta
1912 1525 2074 1585 atque
2111 1517 2401 1582 excedens,
2447 1524 2661 1571 nonest
2710 1516 2795 1569 cui
2844 1517 3017 1569 labem
3071 1528 3382 1585 noxamque

137 1620 233 1661 non
258 1609 472 1664 aﬂ'erat.

342 1745 477 1802 οη.
517 1745 587 1800 11.
621 1746 923 1815 .llanicluzi,
952 1766 1042 1804 seu
1076 1748 1324 1817 Manetis,
1349 1758 1498 1805 tetas.
1534 1747 1702 1803 Primi

1805 1752 2000 1818 scipuli.
2037 1751 2157 1806 Duo
2183 1754 2465 1821 principia.
2495 1752 2727 1807 Materia
2763 1751 3113 1807 Manichaica.

197 1882 344 1939 ὒῦτω
369 1886 430 1938 δὲ
463 1885 567 1938 καὶ⁸
596 1888 688 1938 ἐπὶ
710 1886 933 1946 τούτων,
968 1889 1034 1956 τῇ
1079 1887 1352 1956 καινότητι
1391 1885 1498 1938 τῶν
1544 1884 1702 1949 δοξῶν

1890 1884 1979 1938 Sic
2010 1886 2066 1940 in
2118 1887 2204 1942 his
2262 1904 2506 1958 quoque,
2565 1890 2692 1943 dum
2756 1891 3072 1960 opinionum
3134 1892 3376 1948 novitate

140 1974 378 2045 ἑκάτερος
404 1975 502 2029 τὸν
541 1977 650 2046 πρὸ
681 1975 846 2029 αὑτοῦ
892 1975 1323 2046 ὑπερϐάλλεσθαι
1372 1976 1706 2040 σπουδάζων,

138 2068 204 2128 εἰς
228 2066 490 2136 ἀνήνυτον
533 2070 770 2138 πρᾶγμα
798 2069 897 2139 τὴν
914 2069 1090 2138 ἁπλῆν
1111 2069 1314 2138 ταύτην
1340 2068 1709 2138 ὲμσεόλήκασι

141 2154 440 2222 φιλοσοφίαν
460 2172 474 2184 ο
512 2155 705 2226 ὥσπερ
733 2160 762 2208 ὁ
793 2157 1082 2227 λεγόμενος
1112 2159 1437 2228 Μακιιχαῖος,
1476 2159 1533 2221 ὃς
1573 2159 1710 2229 Πέρ-

141 2257 227 2312 σης
255 2243 350 2312 μὲν
378 2261 468 2307 τις
503 2246 625 2296 ἐστὶ
664 2246 723 2298 τὸ
761 2247 943 2312 γένος·
981 2247 1072 2300 καί
1109 2247 1174 2314 γέ
1224 2265 1308 2310 τις
1353 2249 1541 2312 Hirro;
1623 2252 1698 2319 (5)

135 2340 352 2409 τοςνομα
417 2335 566 2403 πρὸς
608 2335 754 2402 ἡμᾶς
800 2334 1016 2401 ἐγένετο
1058 2335 1158 2404 τῆς
1195 2335 1288 2387 τοῦ
1335 2337 1526 2407 ἀνδρὸς
1553 2337 1709 2407 δόξης

141 2423 409 2492 ἐξηγητὴς,
437 2425 538 2475 καί
575 2423 712 2492 μετὰ
739 2422 929 2476 τοῦτον
957 2425 1158 2495 Θωμᾶς
1179 2465 1192 2488 ,
1236 2426 1328 2478 καί
1352 2444 1496 2489 τινες
1531 2427 1706 2500 ἕτεροι

145 2511 245 2578 μετ’
276 2511 496 2574 αὐτούς.
524 2512 696 2574 Αὐτὸς
725 2512 782 2564 δὲ
807 2514 897 2566 ἐπὶ
919 2515 1279 2586 Οὐαλεριανοῦ
1306 2519 1402 2586 μὲν
1426 2521 1706 2586 γεγονέναι

141 2600 357 2666 λέγεται,
399 2601 798 2672 συστρατεῦσαί
828 2620 887 2656 τε
917 2603 1162 2675 Σαπώρῳ
1191 2605 1267 2676 τῷ
1294 2608 1494 2680 Πέρσῃ·
1537 2626 1705 2679 προσ-

143 2691 432 2763 κρούσαντα
481 2694 542 2745 δέ
589 2711 640 2746 τι
668 2694 839 2765 τούτῳ
869 2695 1224 2749 ἀπολωλέναι.
1276 2697 1466 2752 Τοιάδε
1499 2696 1590 2752 οὖν
1623 2719 1706 2763 τις

145 2783 281 2853 φήμη
307 2784 406 2855 τῆς
431 2785 646 2838 ἐκείνου
668 2785 825 2856 δόξης
854 2787 961 2840 ἀπὸ
994 2788 1100 2840 τῶν
1141 2789 1430 2860 γνωρίμων
1483 2791 1572 2844 τοῦ
1614 2794 1707 2845 ἀν-

143 2872 252 2942 δρὸς
279 2876 512 2945 ἀφίκετο
547 2878 682 2947 πρὸς
728 2878 895 2947 ἡμᾶς.
944 2878 1048 2931 Δύο
1099 2880 1271 2950 ἀρχὰς
1316 2880 1539 2943 ἐτίθετο,
1575 2882 1705 2935 Θεὸν

149 2967 230 3019 καὶ
248 2967 394 3038 ὓλην.
429 2966 586 3023 Εἶναι
610 2971 664 3023 δὲ
689 2971 779 3024 τὸν
815 2970 912 3040 μὲν
937 2970 1069 3023 Θεὸν
1099 2972 1322 3040 ἀγαθὸν,
1358 2972 1454 3043 τὴν
1487 2973 1543 3025 δὲ
1576 2973 1708 3045 ὓλην

147 3060 316 3114 κακόν.
375 3062 595 3132 Ἀγαθῷ
642 3062 698 3114 δὲ
740 3063 920 3115 πλεῖον
967 3064 1057 3116 τὸν
1090 3064 1225 3118 Θεὸν
1280 3065 1702 3136 ὑπερϐάλλειν-ἢ

149 3151 283 3220 κακῷ
313 3152 410 3223 τὴν
452 3154 606 3224 ὓλην.
643 3154 754 3223 Τὴν
785 3155 843 3207 δὲ
878 3153 1008 3223 ὓλην
1049 3156 1197 3224 λέγει
1241 3158 1338 3227 οὐχ
1372 3158 1438 3227 ἥν
1478 3158 1704 3212 Πλάτων

150 3241 234 3310 τὴν
295 3245 470 3298 πάντα
531 3248 842 3317 γινομένην,
895 3249 970 3301 ὅτ’
1014 3249 1081 3302 ἄν
1124 3249 1263 3322 λάὸῃ
1311 3251 1566 3322 ποιότητα
1612 3253 1707 3306 καὶ

151 3333 346 3402 σχῆμ’
376 3335 444 3389 δι’
486 3336 515 3388 ὅ
548 3337 784 3408 πανδεχῆ
815 3340 907 3392 καὶ
947 3340 1157 3410 μητέρα
1195 3342 1287 3393 καὶ
1317 3341 1473 3413 τιθὴν
1510 3343 1697 3396 καλεῖ·

149 3421 228 3474 καὶ
266 3424 640 3496 Ἀριστοτέλης
667 3429 729 3480 τὸ
758 3433 1036 3499 στοιχεῖον,
1070 3432 1197 3502 περὶ
1221 3431 1250 3482 ὃ
1286 3431 1344 3483 τὸ
1384 3427 1518 3496 εἶδος
1551 3434 1702 3506 καὶὴ

154 3513 416 3584 στέρησις·
459 3518 575 3569 ἀλλ’
616 3517 801 3588 ἕτερόν
837 3537 888 3572 τι
937 3519 1088 3590 παρὰ
1128 3520 1319 3576 ταῦτα.
1372 3523 1481 3593 Τὴν
1507 3523 1614 3595 γὰρ
1644 3526 1702 3577 ὲν

152 3604 342 3674 ἑκάστῳ
369 3607 478 3660 τῶν
498 3609 668 3661 ὄντων
690 3610 921 3663 ἄτακτον
944 3612 1176 3682 κίνησιν,
1209 3611 1410 3683 ταύτην
1443 3613 1576 3685 ὓλην
1604 3632 1704 3669 κα-

152 3691 236 3746 λεῖ.
267 3696 626 3769 Συντετάχθαι
677 3700 733 3753 δὲ
762 3700 841 3770 τῷ
882 3701 998 3773 Θεῷ
1025 3702 1282 3774 δυνάμεις
1331 3704 1543 3775 ἐτέρας,
1591 3701 1702 3759 οἷον

153 3785 482 3856 ὑπηρέτιδας,
517 3790 727 3858 ἀγαθὰς
759 3791 936 3856 πάσας
960 3810 972 3823 ·
1001 3794 1094 3846 καὶ
1115 3793 1276 3858 ἄλλας
1298 3798 1362 3866 τῇ
1380 3795 1479 3867 ὕλῃ
1500 3797 1701 3866 ὁμοίως

155 3879 311 3943 πάσας
337 3882 531 3945 κακὰς.
565 3883 638 3935 Τὸ
661 3883 718 3935 δὲ
741 3885 988 3956 λαμπρὸν
1009 3887 1102 3939 καὶ
1133 3886 1194 3938 τὸ
1228 3887 1342 3954 φῶς
1355 3888 1451 3939 καὶ
1483 3888 1543 3940 τὸ
1567 3889 1699 3952 ἄνω,

154 3970 308 4023 πάντα
336 3974 508 4026 ταῦτα
543 3975 637 4027 σὺν
667 3974 745 4045 τῷ
780 3975 897 4045 Θεῷ
939 3972 1074 4029 εἶναι
1095 3992 1108 4006 ·
1139 3977 1200 4029 τὸ
1246 3965 1482 4050 ἀμυδρὸν
1515 3978 1570 4031 δὲ
1607 3980 1702 4033 καὶ

154 4062 206 4112 τὸ
234 4062 412 4128 σκότος
443 4066 538 4117 καὶ
563 4065 624 4118 τὸ
653 4067 801 4119 κάτω
824 4069 920 4120 σὺν
950 4070 1016 4138 τῇ
1040 4067 1160 4141 ὕλῃ.
1206 4066 1354 4123 Εἶναι
1401 4071 1458 4124 δὲ
1493 4072 1587 4124 καί
1623 4071 1700 4142 τῷ

151 4149 255 4222 Θεῷ
287 4154 512 4230 ὀρέξεις,
538 4153 671 4209 ἀλλὰ
701 4156 794 4210 καὶ
821 4157 1023 4222 ταύτας
1063 4158 1274 4227 ἀγαθάς
1295 4177 1307 4191 ·
1353 4162 1448 4215 καὶ
1485 4163 1551 4235 τῇ
1600 4161 1701 4234 ὕλῃ

152 4242 349 4310 ὁμοίως,
381 4245 518 4300 ἀλλὰ
543 4247 722 4313 πάσας
751 4247 952 4312 κακὰς.

1812 1977 2042 2046 quisque
2066 1993 2124 2032 se
2159 1979 2390 2047 priorem
2423 1993 2486 2033 ac
2512 1982 2849 2048 superiorem
2885 1998 3142 2052 superare
3162 1992 3378 2039 conten-

1811 2066 1909 2129 dit,
1943 2065 2337 2136 phil050pbiam
2373 2084 2490 2137 quae
2521 2071 2751 2138 simplex
2799 2073 2903 2135 sit,
2932 2088 2998 2126 eo
3024 2073 3239 2127 tandem
3288 2075 3375 2129 ad-

1812 2159 2120 2222 duxerunt,
2155 2168 2214 2212 ut
2249 2162 2495 2230 pra=stari
2548 2176 2656 2214 non
2721 2162 2914 2230 possit.
2949 2161 3098 2218 Talis
3143 2167 3375 2227 exstitit.

1811 2263 1971 2318 quem
2008 2245 2359 2304 Manichaeum
2389 2258 2604 2312 vocant,
2633 2251 2853 2304 natione
2878 2251 3075 2314 Persa;
3117 2256 3276 2321 cujus
3306 2255 3376 2309 ad

1811 2354 1910 2393 nos
1955 2341 2228 2410 Opinionis
2282 2340 2473 2396 doctor
2506 2339 2686 2410 Papus
2717 2341 2957 2404 nomine,
2987 2352 3040 2395 et
3081 2351 3202 2411 post
3247 2358 3374 2398 eum

1748 2479 1761 2488 .
1811 2429 2069 2493 Thomas,
2107 2431 2271 2492 venit,
2303 2447 2507 2500 eosque
2562 2433 2736 2487 secuti
2767 2433 3012 2487 nonnulli
3062 2435 3175 2486 alii.
3211 2433 3376 2488 Aiunt

1811 2521 2083 2574 hominem
2127 2519 2417 2575 Valeriano
2460 2522 2788 2590 imperatore
2834 2523 3052 2585 vixisse.
3082 2538 3144 2577 ac
3184 2522 3374 2594 Sapori

1808 2609 2098 2666 Persarum
2134 2614 2246 2682 regi
2283 2614 2625 2678 militantem,
2656 2628 2778 2667 cum
2823 2616 2965 2684 apud
3017 2617 3168 2669 illum
3205 2615 3377 2671 οπεο-

1808 2703 1997 2766 disse',
2032 2703 2272 2772 periisse.
2309 2703 2652 2772 Ejuscemodi
2686 2718 2815 2758 vero
2845 2705 2944 2757 viri
2988 2705 3135 2759 illius
3164 2706 3375 2774 opinio-

1808 2798 1894 2850 nis
1938 2794 2104 2860 fama,
2140 2797 2207 2851 ab
2259 2797 2377 2865 ejus
2407 2795 2765 2850 familiaribus
2799 2796 2866 2849 ad
2918 2811 3018 2851 nos
3055 2798 3372 2865 permeavit.

1807 2887 1923 2942 Duo
1954 2890 2188 2958 ponebat
2235 2889 2522 2960 principia,
2551 2887 2716 2943 Deum
2770 2896 2824 2943 et
2863 2889 3169 2943 materiam.
3202 2888 3372 2944 Deum

1807 2987 1988 3033 autem
2021 2981 2220 3034 bonum
2253 2979 2487 3044 dicebat,
2518 2982 2797 3033 materiam
2819 2981 3019 3032 malum
3051 2978 3372 3035 afﬁrmabat.

1807 3067 1955 3125 Bono
1989 3069 2157 3124 Deum
2211 3071 2382 3139 magis
2438 3071 2778 3140 praeellere,
2820 3085 2980 3139 quam
3013 3071 3155 3123 malo
3202 3078 3377 3124 mate-

1806 3162 1960 3214 riam.
1999 3159 2274 3216 Materiam
2309 3177 2438 3214 vero
2472 3167 2629 3215 vocat
2664 3176 2774 3214 non
2828 3175 2989 3228 quam
3019 3159 3176 3214 Plato
3217 3160 3374 3222 dicit,

1733 3276 1774 3333 ε
1807 3263 1928 3318 quae
1953 3250 2134 3302 omnia
2164 3249 2274 3312 ﬁat,
2321 3257 2483 3312 tunc,
2535 3264 2659 3303 cum
2691 3248 3003 3318 qualitatem
3041 3248 3377 3328 ﬁguramque

1806 3338 2103 3408 receperit:
2133 3337 2275 3391 unde
2301 3347 2354 3391 et
2381 3338 2624 3391 omnium
2648 3337 3034 3405 susceptricem
3065 3344 3118 3391 et
3145 3345 3376 3391 matrem

1806 3436 1860 3483 et
1882 3430 2147 3484 nutricem
2177 3435 2330 3484 vocat
2359 3448 2371 3482 :
2408 3427 2728 3482 Aristoteles
2781 3442 2994 3497 quoque
3022 3428 3371 3489 elementum.

1807 3520 1953 3574 circa
1981 3519 2126 3589 quod
2160 3518 2334 3573 forma
2363 3525 2416 3574 et
2445 3517 2677 3588 privatio
2713 3526 3038 3582 versantur;
3089 3517 3185 3572 sed
3224 3517 3374 3572 aliud

1807 3615 1937 3684 quid
1969 3621 2162 3682 praeter
2189 3613 2300 3668 illa.
2331 3610 2435 3677 Qui
2467 3611 2610 3665 enim
2656 3610 2712 3664 in
2744 3610 2906 3665 rebus
2940 3609 3170 3678 singulis
3194 3618 3376 3665 motus

1805 3705 2199 3774 incompositus
2226 3711 2330 3768 est,
2376 3703 2521 3758 hunc
2562 3703 2842 3757 materiam
2892 3703 3146 3773 appellat.
3186 3705 3229 3755 Δ
3262 3702 3373 3758 Deo

1807 3804 1953 3852 stare
1977 3797 2205 3851 virtutes
2238 3796 2394 3858 alias,
2450 3794 2594 3848 velut
2647 3794 2892 3858 ancillas,
2925 3809 3113 3849 omnes
3161 3794 3369 3859 bonas;

1807 3888 2052 3956 aliasque
2105 3886 2355 3940 similiter
2385 3900 2415 3938 a
2446 3884 2693 3948 materia,
2728 3900 2918 3939 omnes
2973 3885 3163 3939 malas.
3203 3882 3372 3940 Porro

1807 3975 2148 4045 splendidum
2181 3982 2234 4029 et
2269 3975 2447 4028 lucem
2484 3989 2546 4028 ac
2578 3975 2849 4043 superius,
2873 3982 3068 4028 cuncta
3095 3975 3208 4028 haec
3243 3989 3370 4028 cum

1806 4065 1918 4122 Deo
1945 4083 2101 4134 esse;
2127 4066 2423 4122 obscurum
2461 4081 2591 4121 vero
2619 4073 2675 4120 et
2716 4065 2970 4121 tenebras
3015 4081 3079 4119 ac
3118 4065 3368 4133 inferius,

1806 4172 1928 4211 cum
1965 4157 2211 4212 materia.
2247 4156 2388 4222 Quin
2423 4155 2621 4211 habere
2666 4154 2834 4211 Deum
2879 4157 3371 4225 appetitiones,ve—

1808 4263 1928 4301 rum
1953 4247 2052 4303 has
2082 4261 2298 4317 quoque
2331 4246 2502 4301 bonas
2533 4266 2547 4301 :
2579 4261 2644 4302 ac
2668 4249 2952 4303 materiam
2979 4246 3366 4312 siiuiliter,sed

1805 4355 1998 4395 omnes
2036 4339 2229 4393 malas.

1115 4482 1246 4539 CAP.
1275 4482 1365 4539 ill.
1408 4482 1686 4539 Manichwi
1708 4482 1898 4536 deliria
1923 4482 2066 4534 circa
2091 4479 2392 4533 materiam.

214 4588 298 4653 Εἰς
321 4593 614 4664 ἐπιθυμίαν
640 4587 733 4645 οὗν
766 4608 894 4646 ποτε
921 4592 1018 4662 τὴν
1032 4593 1162 4663 ὓλην
1183 4595 1356 4648 ἐλθεῖν
1381 4598 1460 4659 εἰς
1475 4596 1566 4650 τὸν
1590 4598 1702 4650 ἄνω

1876 4592 2218 4648 Desiderium
2270 4593 2453 4660 itaque
2498 4589 2778 4643 materiam
2817 4589 3138 4658 quandoque
3185 4587 3370 4646 inces-

158 4677 420 4744 ἀφικὲσθαι
471 4683 664 4736 τόπον·
722 4683 1056 4752 ἀφικομένην
1097 4683 1172 4747 δὲ,
1231 4683 1507 4755 θαυμάσαι
1539 4687 1597 4739 τό
1641 4704 1700 4738 τε

156 4768 380 4840 λαμπρὸν
406 4775 503 4826 καὶ
528 4775 590 4827 τὸ
620 4775 732 4844 φῶς
755 4777 876 4828 ὅσον
911 4771 978 4847 ἦν
1006 4775 1156 4845 παρὰ
1186 4775 1264 4844 τῷ
1309 4776 1447 4847 Θεῷ.
1486 4778 1595 4830 Καὶ
1635 4778 1698 4848 δὴ

160 4855 307 4909 θέλειν
335 4860 436 4932 τὴν
465 4862 641 4934 ἀρχὴν
670 4863 869 4934 ταύτην
896 4867 1201 4933 κατασχεῖν,
1225 4863 1317 4916 τὸν
1349 4864 1478 4916 Θεὸν
1514 4881 1696 4934 παρω-

160 4949 390 5020 σαμένην.
429 4951 532 5005 Τὸν
561 4954 620 5008 δὲ
649 4957 742 5009 καὶ
765 4955 1115 5026 βεϐουλῆσθαι
1157 4955 1255 5026 μὲν
1287 4955 1489 5025 ταύτην
1529 4973 1697 5025 τιμω-

163 5039 420 5107 Ρέὶτασθαις
448 5043 674 5115 ἀπορεῖν
703 5047 757 5100 δὲ
785 5047 978 5110 κακοῦ,
1006 5042 1157 5116 ᾧκαὶ
1183 5048 1552 5118 τιμωρήσεται
1572 5064 1585 5076 '
1620 5047 1694 5117 μὴ

158 5131 246 5199 ’ίὲρ
266 5125 398 5184 εἶναι
433 5133 600 5186 κακὸν
627 5137 684 5187 ὲν
716 5136 851 5189 Θεοῦ
875 5139 1027 5208 οἴκῳ.
1060 5138 1279 5211 Πέμψαι
1317 5134 1409 5193 οὖν
1448 5155 1568 5190 τινα
1609 5137 1699 5192 δύ-

159 5233 293 5289 ναμιν
314 5222 414 5292 τὴν
438 5222 527 5289 ὑφ’
551 5225 582 5292 ὴ
591 5225 707 5292 μῶν
729 5227 1066 5299 καλουμένην
1084 5229 1282 5300 ψυχὴν,
1307 5231 1396 5282 ἐπὶ
1425 5229 1521 5300 τὴν
1545 5228 1694 5299 ὕλην,

157 5309 255 5377 ἣτις
278 5314 412 5382 αὐτῇ
447 5311 533 5364 διὰ
567 5315 746 5385 πάσης
793 5319 1132 5391 μιχθήσεται.
1179 5321 1436 5374 Ἐσεσθαι
1464 5321 1570 5392 γὰρ
1599 5321 1699 5391 τῆς

215 5509 282 5591 (ξ)
310 5512 532 5591 Πάπζρς.
558 5511 807 5591 ,Πᾴαπις
863 5516 1088 5591 dicitun
1121 5519 1174 5572 in
1228 5519 1693 5591 Anaﬂwmatismis

164 5579 293 5637 editis
320 5600 372 5657 _a
408 5582 690 5657 tiotelerio
742 5585 810 5637 ad
867 5585 1257 5657 Recognitiones
1317 5588 1688 5655 Clementiuas,

163 5662 285 5704 num.
319 5653 372 5707 5.
407 5651 611 5722 Dicitur
649 5669 867 5722 quoque
905 5651 1120 5721 Πάἆπις
1153 5661 1203 5712 in
1243 5662 1429 5712 iisdem
1466 5651 1690 5714 ΑιιηιΙιεξ

165 5725 394 5797 mattsinis
428 5721 964 5797 a__'_l'ulli_oievulgatis
999 5732 1050 5779 in
1100 5727 1304 5797 lnsigu.
1339 5728 1524 5782 lliner.
1561 5729 1684 5784 Ital.

167 5801 259 5858 ρος.
293 5794 410 5847 MS.
456 5789 588 5848 Hinc
616 5789 987 5850 frustra'sunt
1019 5789 1309 5853 Caveusa
1337 5800 1636 5867 Uusuugius
1673 5819 1682 5828 ο

1803 4684 1963 4747 sisse,
2011 4693 2069 4736 ut
2122 4683 2177 4735 in
2227 4696 2520 4749 supernum
2573 4681 2750 4734 locum
2794 4680 3048 4736 evaderet
3086 4701 3098 4734 :
3135 4695 3370 4753 cumque

1803 4775 1937 4829 adeo
1968 4775 2253 4838 evasisset,
2305 4774 2627 4828 admiratam
2675 4772 3017 4843 splendorem
3049 4788 3113 4828 ac
3170 4774 3367 4839 lucem,

1800 4868 2001 4931 quanta
2027 4861 2165 4930 apud
2193 4861 2358 4917 Deum
2385 4869 2550 4918 esset.
2587 4862 2762 4932 Atque
2794 4861 2940 4916 hunc
2982 4863 3366 4932 principatum,

1800 4953 2019 5022 repulso
2050 4953 2160 5008 Deo
2185 4962 2347 5023 atque
2380 4963 2674 5020 summoto,
2709 4955 2810 5010 sibi
2838 4955 3074 5008 voluisse
3104 4957 3364 5022 arripere.

1799 5039 1969 5096 Deum
2010 5036 2189 5113 'porro
2245 5047 2408 5102 etiam
2455 5048 2785 5102 deliberasse
2843 5048 2898 5100 in
2943 5062 3060 5100 eam
3117 5047 3367 5098 animad-

1800 5142 2054 5200 vertere;
2113 5137 2208 5191 sed
2264 5139 2392 5192 mali
2457 5139 2667 5208 copiam
2721 5152 2828 5206 quo
2882 5138 3052 5205 ipsam
3109 5137 3366 5206 puniret.

1803 5240 1911 5279 non
1953 5225 2233 5294 habuisse,
2267 5230 2466 5300 quippe
2504 5244 2627 5283 cum
2659 5243 2766 5283 non
2802 5228 2870 5282 sit
2910 5228 3111 5281 malum
3145 5228 3366 5296 aliquod

1801 5321 1857 5374 in
1906 5317 1999 5372 Dei
2032 5319 2213 5374 domo.
2276 5320 2489 5377 Misisse
2546 5321 2712 5390 igitur
2756 5321 3012 5376 virtutem
3049 5320 3363 5390 quamdam,

1799 5535 2031 5590 quorum
2098 5520 2187 5575 ille
2239 5519 2778 5590 hocﬁlocorreponit
2827 5513 3367 5590 Agapium‘ﬂanelis

1799 5585 2148 5658 discipulum,
2207 5596 2299 5659 qui
2354 5585 2700 5657 Heptalogum
2734 5585 3068 5658 composuit;
3108 5585 3196 5639 hic
3235 5601 3366 5659 vero

1799 5657 2039 5721 Addunt,
2087 5657 2248 5728 quem
2295 5659 2538 5712 Buddam
2585 5660 2677 5712 alii
2725 5657 2918 5728 vocant
2945 5665 3045 5728 :rut
3079 5663 3223 5710 recte
3243 5657 3363 5728 ani-

1799 5725 2524 5853 nnnlvarirgt'Wcsseliugius
2548 5730 2606 5782 in
2649 5729 2740 5783 lib.
2775 5727 3070 5791 Probabilt,
3111 5740 3231 5796 cap.
3267 5725 3361 5790 9.8,

1799 5816 1918 5853 nua.
2005 5815 2020 5853 ι
2070 5840 2080 5853 .

1797 5816 1918 5870 pug.
1956 5801 2080 5853 2:0.
