4036 6320
632 381 742 438 ιιθ

1643 369 2046 426 ALEXAND!“
2084 368 2392 427 EPlSCOPl
2434 371 2942 430 LYCOPOLITANI

3767 379 3886 435 ιτς)

631 524 764 581 CAP.
797 518 889 577 Vl.
923 519 1338 575 Heuichaorum
1367 520 1471 573 duo
1493 519 1775 586 principia.
1812 515 1942 585 Ipsa
1968 513 2661 586 uxata._Pythagoreorum
2690 516 2754 570 de
2792 516 3065 585 principiis
3111 517 3306 584 opinio.
3344 516 3550 572 Bonum
3588 527 3637 574 et
3668 520 3881 575 malum

1847 584 2129 643 contraria.
2163 584 2204 638 Α
2235 585 2368 638 bona
2400 586 2641 640 victoria.

711 714 826 769 Duo
849 712 1112 784 principia
1158 713 1428 768 statuunt,
1476 703 1645 759 Deum
1679 712 1732 759 et
1775 703 2080 759 materiam.
2116 699 2202 756 Si-

2375 702 2478 754 Δύο
2507 702 2680 772 ἀρχὰς
2711 703 3073 768 ὑποτίθενται,
3105 703 3238 756 Θεδν
3275 707 3368 758 καὶ
3401 706 3548 776 ὓλην.
3589 708 3652 760 El
3684 709 3790 778 μὲν
3819 708 3885 763 τδ

637 801 854 873 quidem
884 799 936 853 id
966 797 1112 867 quod
1163 795 1220 849 lit
1265 803 1428 862 atque
1475 794 1682 856 oritur,
1719 792 1789 846 ab
1821 807 1887 846 eo
1919 790 2064 861 quod
2094 801 2200 858 est,

637 901 886 948 secernat
922 887 1172 960 (Manes),
1228 886 1372 940 haud
1423 883 1648 954 perinde
1675 883 1815 936 mala
1849 881 2152 952 suppositio
2185 899 2200 948 ;

637 989 700 1037 ut
729 997 905 1052 neque
931 981 1155 1034 materia
1187 977 1304 1047 ipsa
1351 991 1411 1031 se
1449 976 1622 1045 ipsam
1653 973 1868 1036 elllciat,
1899 983 1954 1028 et
1984 982 2204 1027 contra-

638 1075 844 1131 riorum
877 1072 1138 1126 rationem
1161 1069 1409 1137 recipiat,
1438 1081 1559 1137 quae
1587 1073 1700 1120 tum
1734 1072 1858 1134 agat
1880 1071 1995 1118 tum
2026 1065 2204 1134 patia-

635 1174 732 1220 tur
761 1180 775 1216 :
807 1177 983 1232 neque
1005 1176 1196 1216 rursus
1228 1160 1332 1212 alia
1362 1157 1490 1212 talia
1514 1157 1581 1212 de
1613 1155 1867 1214 etlectore
1910 1169 2205 1226 rerumque

639 1263 863 1314 auctore
894 1252 1288 1321 intelligantur,
1315 1265 1435 1322 quae
1463 1263 1564 1304 nec
1590 1247 1726 1302 forte
1759 1248 1842 1302 fas
1875 1247 1944 1300 sit
1983 1245 2202 1313 dicere;

638 1347 857 1401 tametsi
885 1343 1030 1398 Deus
1054 1342 1120 1396 ad
1144 1340 1352 1405 ell’ecta,
1394 1340 1620 1393 materia
1650 1354 1759 1392 non
1791 1337 2050 1405 indigeat,
2079 1351 2206 1390 cum

640 1439 826 1494 omnia
853 1437 907 1492 in
934 1433 1236 1491 substantia
1266 1440 1319 1488 et
1351 1448 1471 1502 quae
1504 1445 1631 1484 vere
1656 1430 1924 1483 exsistant
1955 1428 2021 1481 ad
2052 1429 2204 1482 illum

641 1547 806 1588 sensu
834 1527 968 1585 ellici
1001 1527 1133 1580 nihil
1154 1524 1460 1595 prohibeat.
1493 1519 1592 1576 Sin
1617 1527 1820 1581 autem,
1853 1519 1997 1588 quod
2033 1518 2208 1587 magis

640 1622 750 1679 dici
809 1619 1041 1680 videtur,
1081 1618 1184 1672 sub
1237 1616 1358 1685 ipso
1408 1611 1754 1668 inordinatus
1795 1626 1976 1665 rerum
2028 1621 2206 1665 motus

573 1687 576 1692 Ι
641 1712 864 1768 materia
896 1719 999 1774 est,
1027 1709 1259 1778 primum
1290 1706 1507 1775 quidem
1541 1703 1761 1757 incaute
1789 1718 1853 1755 ac
1885 1703 2206 1776 imprudens

642 1802 788 1858 aliud
812 1801 1048 1858 eﬂlciens
1071 1797 1194 1868 (etsi
1225 1794 1551 1863 maleﬁcum)
1577 1794 1864 1848 constituit
1902 1812 1914 1846 :
1947 1809 2048 1847 nec
2076 1794 2206 1863 quid

641 1895 768 1950 inde
797 1899 1058 1961 sequatur
1076 1885 1498 1951 animadvertit;
1527 1899 1742 1954 nempe,
1770 1882 1814 1938 si
1848 1899 2210 1939 necesse-om-

639 1986 774 2041 nino
820 1983 893 2038 sit
937 1987 996 2034 ut
1046 1979 1189 2033 Deus
1217 1985 1270 2031 et
1313 1975 1539 2030 materia
1580 1986 1994 2045 supponantur,
2046 1977 2206 2029 aliam

2303 794 2622 862 γιγνόμενον
2653 793 2746 849 τοῦ
2779 794 2930 857 ὄντος
2958 795 3312 866 ἀποχωρίζει,
3342 797 3436 866 οὑχ
3469 799 3669 866 ,ὁμοίως
3693 800 3880 868 φαύλη

2304 886 2337 954 ἡ
2362 884 2617 948 ὑπόθεσις
2642 923 2656 946 ,
2712 885 2798 938 ἵνα
2824 869 2964 956 μήτε
3006 889 3038 957 ἡ
3068 885 3165 956 ῦλη
3207 887 3406 956 ἑαυτὴν
3440 891 3563 957 ποιῇ
3583 928 3597 951 ,
3645 892 3741 941 καὶ
3773 890 3885 942 τῶν

2306 977 2559 1030 ἐναντίων
2575 975 2904 1047 ἀποδέχηται
2926 975 3104 1044 λόγον,
3129 976 3364 1029 ποιοῦσά
3383 995 3437 1030 τε
3459 979 3551 1030 καὶ
3570 980 3879 1048 πάσχουσα’

2307 1067 2432 1136 μήτ’
2481 1061 2546 1120 αὖ
2597 1065 2823 1119 τοιαῦτα
2861 1066 3022 1120 πάλιν
3073 1067 3235 1138 ἕτερα
3288 1069 3413 1137 περὶ
3449 1069 3540 1120 τὸν
3592 1069 3884 1139 ποιητικὸν

2304 1154 2473 1209 αἴτιον
2507 1155 2797 1228 θεωρῆται,
2831 1157 2867 1210 ἃ
2893 1157 3014 1209 οὐδὲ
3039 1157 3216 1226 λέγειν
3240 1160 3368 1223 ἴσως
3398 1158 3552 1226 Θέμις
3572 1177 3585 1189 ο
3611 1159 3793 1212 καίτοι
3817 1159 3881 1211 οὐ

2304 1247 2555 1318 δεομένου
2583 1248 2676 1301 τοῦ
2711 1249 2846 1302 Θεοῦ
2878 1251 3011 1322 πρὸς
3056 1252 3124 1304 τὰ
3153 1253 3566 1321 ἀποτελέσματα
3614 1250 3748 1320 ὕλης
3768 1291 3784 1314 ,
3822 1252 3884 1305 ἐν

2307 1336 2598 1391 ὑποστάσει
2626 1339 2936 1410 δυναμένων
2957 1342 3236 1410 γίγνεσθαι
3265 1342 3481 1394 πάντων
3509 1342 3646 1413 πρὸς
3669 1344 3887 1395 ἐκεῖνον

2307 1425 2396 1478 τὸν
2420 1426 2542 1481 νοῦν
2563 1443 2576 1457 °
2617 1431 2664 1481 εί
2690 1430 2765 1494 δὲ,
2797 1432 2934 1502 ὅπερ
2957 1433 3154 1502 μᾶλλον
3183 1432 3435 1502 λέγεσθαι
3467 1433 3632 1496 δοκεῖ,
3661 1434 3755 1486 ὑπ’
3785 1435 3889 1486 αὺ-

2306 1516 2399 1568 τοῦ
2427 1519 2459 1587 ἡ
2490 1519 2719 1584 ἄτακτος
2752 1523 2964 1592 κίνησις
2986 1523 3095 1577 τῶν
3126 1525 3295 1579 ὅντων
3325 1527 3472 1579 ὲστίν
3503 1525 3626 1596 ῦλη,
3659 1525 3885 1596 πρῶτον

2312 1609 2410 1679 μὲν
2431 1611 2680 1665 λανθάνει
2707 1615 2894 1668 ἑαυτὸν
2917 1617 3104 1687 ἓτερον
3141 1618 3419 1688 ποιητικὸν
3443 1617 3611 1673 αἴτιον
3646 1617 3888 1685 ὑφιστά-

2313 1717 2471 1769 μενος
2517 1703 2841 1768 (κακοποιὸν
2869 1705 3083 1775 μέντοι)
3116 1723 3128 1737 ·
3169 1708 3267 1777 οὐχ
3311 1708 3413 1779 ὁρᾷ
3451 1708 3502 1761 δὲ
3536 1709 3627 1760 καὶ
3662 1709 3725 1761 τὸ
3752 1707 3887 1760 ἑπό-

2313 1808 2491 1863 μενον,
2507 1795 2607 1856 ὅτι,
2629 1795 2674 1846 εἰ
2691 1793 2821 1847 Θεὸν
2839 1797 3054 1860 πάντως
3072 1799 3400 1855 ὑποπατέον
3427 1805 3518 1854 καὶ
3543 1800 3700 1871 ὓλην,
3721 1800 3890 1871 ἑτέρα

2307 1900 2392 1948 τις
2421 1884 2519 1956 ὕλη
2549 1885 2624 1955 τῷ
2652 1886 2769 1957 Θεῷ
2791 1887 3151 1958 ὑποστήσεται
3172 1907 3184 1920 ·
3215 1892 3300 1944 ἵνα
3322 1893 3568 1964 ἑκατέρω
3590 1891 3703 1946 τῶν
3730 1911 3891 1964 ποιη-

2309 1974 2475 2027 τικῶν
2500 1977 2686 2027 αἰτίων
2713 1978 2746 2045 ἡ
2781 1977 3108 2048 ὑποκειμένη
3144 1981 3363 2053 ὑπάρχῃ
3389 1981 3508 2050 ῦλη,
3543 1978 3685 2035 Ἀντὶ
3705 1983 3894 2037 τοίνυν

641 2086 862 2145 quoque
890 2070 1170 2124 materiam
1199 2067 1310 2123 Deo
1330 2070 1671 2138 suppositum
1707 2068 1774 2122 iri
1805 2087 1818 2121 :
1848 2074 1909 2121 ut
1947 2067 2204 2122 videlicet

2311 2067 2398 2120 δύο
2426 2068 2691 2139 τέτταρας
2715 2069 2846 2138 ἡμῖν
2874 2068 3043 2121 ποιῶν
3074 2071 3247 2141 ἀρχὰς
3279 2073 3740 2142 ἐπιδειχθήσεται.

643 2164 909 2219 ambobus
949 2160 1307 2218 eﬂlcientibus
1329 2162 1554 2217 materia
1574 2161 1821 2232 subjecta
1848 2162 1939 2216 sit.
1990 2159 2099 2216 Pro
2154 2161 2368 2216 duobus
2403 2162 2586 2232 igitur,
2633 2172 2871 2233 quatuor
2904 2162 3063 2219 nobis
3095 2164 3359 2234 principia
3409 2174 3673 2235 prastarc
3723 2181 3892 2222 mon-

645 2257 927 2314 strabitur.

710 2347 1043 2406 Admiranda
1092 2362 1223 2402 vero
1249 2355 1304 2400 et
1335 2346 1404 2401 ab
1431 2346 1525 2400 illo
1553 2347 1732 2416 posita
1787 2347 2064 2416 utrimque
2093 2347 2207 2402 dis-

605 2433 854 2498 ‘tiuctio.
884 2439 942 2494 8i
981 2440 1126 2494 enim
1158 2439 1260 2492 hoc
1285 2436 1451 2492 Deum
1480 2438 1780 2500 existimat,
1807 2436 1955 2508 quod
1978 2439 2204 2501 bonum,

640 2533 865 2601 vultque
892 2546 1018 2586 vere
1061 2528 1329 2584 exsistere
1384 2527 1530 2597 quod
1557 2535 1644 2585 est
1688 2531 1765 2583 illi
1820 2529 2204 2596 contrarium;

638 2622 832 2694 quidni
851 2621 997 2677 velut
1031 2618 1374 2690 Pythagorici
1392 2618 1614 2688 quidam
1637 2621 1840 2674 malum
1873 2621 1973 2690 ipsi
1989 2628 2209 2674 contra-

643 2715 786 2770 rium
824 2713 975 2783 ponit
1001 2712 1023 2765 ἲ
1066 2710 1371 2766 Ferendum
1396 2724 1528 2764 sane
1551 2711 1748 2778 magis,
1775 2719 1834 2763 ut
1861 2707 1929 2764 ab
1962 2711 2071 2765 illis
2095 2711 2206 2766 duo

641 2807 909 2879 principia
923 2805 1198 2866 dicantur,
1224 2802 1430 2856 bonum
1452 2805 1509 2856 et
1541 2802 1744 2854 malum
1771 2819 1787 2867 ;
1825 2801 1968 2854 inter
2001 2817 2059 2856 se
2073 2816 2208 2855 cono

640 2897 794 2952 tinue
825 2896 1142 2968 pugnantia,
1195 2909 1319 2949 cum
1349 2900 1531 2946 tamen
1586 2890 1790 2945 bonum
1833 2892 1974 2944 mulo
2002 2905 2208 2961 praeva-

641 2991 766 3046 leat.
797 2967 932 3042 Nam
965 2987 1013 3042 si
1049 2985 1252 3039 malum
1301 2991 1584 3054 superaret
1614 3023 1631 3048 ,
1677 2983 1963 3038 interirent
2001 2983 2202 3038 omnia.

641 3077 878 3132 Prorsus
909 3075 1053 3131 enim
1083 3074 1310 3129 materia
1336 3072 1637 3127 secundum
1670 3089 1748 3136 se,
1795 3088 1972 3141 neque
2006 3087 2204 3141 corpus

638 3177 749 3237 est,
795 3183 973 3238 neque
1012 3165 1236 3220 omnino
1271 3166 1651 3234 incorporeum
1684 3163 1924 3232 aliquid;
1953 3170 2008 3216 at
2031 3179 2207 3234 neque

641 3262 962 3332 simpliciter
983 3260 1088 3312 hoc
1111 3256 1347 3325 aliquid:
1371 3255 1464 3310 sed
1495 3255 1772 3309 indeﬂnita
1800 3254 2068 3324 quaedam,
2089 3271 2207 3325 quae

2375 2345 2671 2418 Θαυμαστὴ
2701 2347 2756 2399 δὲ
2793 2348 2884 2400 καὶ
2916 2349 2948 2418 ἡ
2982 2346 3385 2418 ἀντιδιαίρεσις.
3407 2347 3593 2418 Είγὰρ
3608 2347 3744 2410 Θεός
3767 2350 3895 2402 ἐστι

2309 2441 2438 2510 παρ’
2464 2439 2632 2510 αὐτῷ,
2661 2440 2796 2510 ὅπερ
2827 2440 2887 2493 τὸ
2909 2439 3128 2508 ἀγαθὸν,
3149 2440 3243 2494 καὶ
3275 2441 3521 2511 βούλεται
3555 2440 3893 2509 ὑφίστασθαι

2308 2532 2454 2601 αὑτῷ
2480 2533 2740 2607 ὲναντίρν,
2776 2533 2864 2586 διὰ
2893 2533 2947 2586 τί
2974 2532 3034 2588 οὑ
3067 2532 3318 2605 καθάπερ
3340 2533 3482 2598 τινὲς
3508 2532 3616 2587 τῶν
3641 2533 3899 2603 Πυθαγο-

2311 2623 2468 2692 ρείων
2497 2621 2556 2674 τὸ
2585 2624 2753 2675 κακὸν
2783 2623 2930 2693 αὐτῷ
2951 2623 3277 2694 ἀντιτὶθησιν
3301 2640 3315 2689 ;
3357 2625 3628 2680 ’Δνεκτότε
3638 2641 3732 2696 ρον
3751 2623 3900 2692 γοῦν

2311 2712 2404 2763 ὑπ’
2433 2711 2654 2764 ἐκείνων
2683 2713 2936 2781 λέγεσθαι
2958 2713 3050 2765 δύο
3073 2709 3208 2766 εἶναι
3243 2715 3435 2789 ἀρχὰς,
3470 2716 3530 2768 τὸ
3551 2716 3755 2783 ἀγαθὸν
3791 2715 3898 2769 καὶ.

2311 2804 2370 2855 τὸ
2398 2802 2594 2855 κακόν·
2630 2803 2939 2866 στασιάζειν
2961 2804 3016 2857 δὲ
3043 2805 3244 2867 ταύτας
3276 2806 3532 2875 συνεχῶς,
3561 2808 3896 2878 ἐπικρατεῖν

2313 2890 2369 2942 δὲ
2395 2891 2454 2942 τὸ
2491 2889 2710 2958 ἀγαθόν.
2746 2892 2808 2943 Et
2833 2891 2941 2961 γὰρ
2972 2892 3032 2945 τὸ
3065 2894 3232 2945 κακὸν
3274 2894 3562 2963 ὑπερέχοι,
3607 2895 3898 2967 φθαρήσε-

2315 2979 2436 3034 σθαι
2455 2980 2651 3032 πάντα.
2684 2980 2856 3044 Ὀλως
2883 2983 2990 3052 γάρ
3020 2983 3139 3036 καθ’
3164 2984 3358 3054 ἑαυτὴν
3393 2985 3491 3054 μὲν
3527 2987 3560 3055 ὴ
3609 2985 3708 3056 ῦλη
3755 2987 3893 3042 οὔτε

2314 3072 2471 3142 σῶμά
2500 3075 2664 3135 ἐστιν,
2689 3071 2812 3126 οὔτε
2839 3073 3079 3146 ἀκριϐῶς
3110 3075 3397 3144 ἀσώματόν
3427 3093 3501 3140 τι,
3533 3076 3654 3129 οῦτε
3690 3079 3892 3146 ἁπλῶς

2311 3165 2426 3217 τόδε
2459 3180 2538 3217 τι·
2581 3163 2716 3217 ἀλλὰ
2745 3165 2993 3231 άόριστός
3014 3183 3097 3228 τις
3126 3166 3504 3236 προσλαϐοῦσα
3530 3169 3592 3220 τὺ
3619 3164 3762 3232 εἶδος
3803 3172 3899 3239 γί-

2309 3272 2458 3308 νεται
2489 3256 2788 3327 ὡρισμένη·
2806 3252 2915 3311 οἷον
2934 3257 3031 3328 τὴν
3055 3258 3332 3330 πυραμίδα
3352 3260 3448 3328 μὲν
3472 3259 3581 3330 πῦρ
3599 3277 3612 3290 ·
3638 3261 3699 3314 τὸ
3717 3263 3898 3318 ὀκτὼ-

644 3355 816 3408 forma
847 3351 1136 3407 accedente
1160 3351 1377 3403 ﬁniatur
1408 3363 1472 3402 ac
1506 3350 1849 3410 terminetur,
1888 3347 2036 3402 velut
2064 3349 2204 3417 ignis

2311 3349 2463 3418 εδρον
2489 3347 2544 3398 δὲ
2571 3349 2708 3418 ἀήρ·
2747 3350 2807 3402 τὸ
2839 3350 3180 3422 εἰκοσάεδρον
3210 3351 3268 3402 δὲ
3293 3349 3438 3422 ὕδωρ
3457 3369 3470 3381 ο
3507 3354 3669 3406 κύϐον
3692 3355 3750 3408 δὲ

641 3452 785 3499 meta
819 3457 881 3496 ac
907 3441 1214 3513 pyramide;
1245 3439 1500 3494 octaedro
1534 3439 1876 3508 (octonorum
1913 3453 2204 3506 corporum

2311 3439 2434 3502 Πῶς
2463 3434 2554 3491 οῦν
2585 3441 2699 3492 ἐστι
2723 3441 2829 3494 τῶν
2854 3443 3131 3512 στοιχείων
3156 3445 3189 3515 η
3216 3445 3448 3509 ἄτακτος
3475 3445 3686 3518 κίνησις
3704 3448 3736 3520 ἡ
3753 3447 3896 3520 ὕλης

641 3533 822 3601 sessu)
855 3547 981 3597 aer;
1025 3529 1312 3585 icosaedro
1337 3529 1696 3598 (vicenorum)
1729 3542 1868 3596 aqua
1894 3547 1908 3594 ;
1933 3529 2206 3596 quadran—

639 3623 757 3686 tali,
789 3630 957 3676 terra.
991 3621 1240 3686 Quonam
1273 3619 1436 3687 igitur
1475 3619 1639 3672 modo
1671 3619 1894 3672 materia
1929 3620 2208 3674 inordina-

641 3719 730 3766 tus
759 3721 939 3767 motus
959 3711 1348 3766 elementorum
1365 3708 1580 3763 exsistit
1603 3707 1626 3759 ?
1650 3705 1751 3762 Per
1772 3723 1830 3762 se
1861 3707 2044 3776 itaque
2075 3710 2206 3764 sub-

643 3801 845 3855 sistens
879 3813 1116 3871 vereque
1160 3799 1434 3853 exsistens
1464 3812 1573 3851 non
1604 3803 1723 3851 est:
1756 3810 1876 3848 nam
1919 3797 1964 3850 si
1998 3807 2199 3862 motus,

2309 3533 2446 3586 Καθ’
2481 3532 2677 3602 ἑαυτὴν
2734 3534 2831 3603 μὲν
2878 3531 2970 3588 οῦν
2998 3536 3098 3588 οὐκ
3151 3536 3296 3590 ἔστιν
3345 3540 3654 3609 ὑποστατή·
3681 3539 3730 3591 εί
3771 3541 3898 3612 γὰρ

2309 3623 2541 3692 κίνησις,
2566 3626 2621 3676 ἐν
2657 3624 2735 3694 τῷ
2769 3627 3067 3697 κινουμένῳ
3085 3645 3099 3657 ο
3136 3629 3199 3680 οὑ
3224 3628 3368 3681 δοκεί
3394 3629 3451 3682 δὲ
3477 3629 3714 3684 τοιοῦτον
3741 3629 3902 3690 εἶναι

2309 3715 2342 3782 ὴ
2380 3714 2498 3784 ὕλη,
2523 3715 2656 3767 ἀλλὰ
2674 3716 2870 3785 μᾶλλον
2899 3718 2959 3770 τὸ
2986 3718 3198 3789 πρῶτον
3226 3721 3579 3791 ὑποκείμενον
3602 3725 3696 3776 καὶ
3711 3724 3899 3796 appo—

2311 3801 2554 3872 θμιστον,
2592 3807 2686 3859 καὶ
2717 3808 2808 3876 ἀφ’
2829 3804 2889 3861 οὗ
2921 3807 2990 3861 τὰ
3019 3810 3170 3863 ἄλλα.

643 3896 700 3947 in
731 3891 974 3960 subjecto
997 3900 1077 3945 ρει
1112 3909 1126 3955 ;
1164 3906 1271 3944 non
1304 3889 1520 3944 videtur
1567 3897 1747 3943 autem
1797 3888 1920 3944 talis
1985 3905 2109 3945 esse
2150 3894 2397 3960 materia,
2445 3899 2578 3966 quin
2636 3901 2746 3954 imo
2790 3901 3026 3969 primum
3081 3903 3385 3972 subjectum
3429 3912 3484 3958 et
3547 3903 3902 3975 incomposi-

639 3996 779 4051 tum,
809 3996 862 4042 et
882 4002 950 4041 ex
973 4001 1082 4056 quo
1111 3985 1341 4054 reliqua.

711 4080 939 4147 Quando
990 4080 1157 4148 igitur
1196 4089 1376 4132 motus
1434 4078 1776 4133 inordinatus
1816 4086 1900 4134 est
1941 4079 2192 4144 materia,

2388 4080 2540 4134 Ἐπεὶ
2565 4082 2795 4153 τοίνυνὴ
2822 4082 3054 4146 ἄτακτος
3077 4082 3288 4154 κίνησίς
3311 4085 3458 4138 ἐστιν
3479 4085 3511 4155 ἡ
3546 4085 3644 4157 ῦλη
3665 4126 3681 4148 ,
3727 4091 3897 4145 πότε-

644 4187 932 4242 semperne
982 4171 1168 4224 mobili
1194 4171 1522 4239 conjunctus
1549 4179 1686 4232 erat,
1718 4178 1808 4224 aut
1827 4171 2120 4239 aliquando
2139 4173 2204 4226 ab

2311 4189 2394 4244 ρον
2453 4168 2520 4241 ἦν
2573 4172 2660 4224 ἀεὶ
2695 4173 2790 4224 σὺν
2825 4171 2901 4240 τῷ
2935 4171 3255 4242 κινουμένῳ,
3290 4173 3323 4243 ἢ
3367 4173 3498 4225 ποτὲ
3546 4174 3895 4248 κεχώρισται

638 4279 705 4317 eo
738 4262 1066 4332 separatus?
1101 4260 1278 4321 Certe,
1317 4263 1364 4315 si
1403 4263 1512 4315 ullo
1545 4278 1782 4331 unquam
1816 4269 2059 4331 tempore
2105 4279 2204 4333 per

2311 4264 2488 4313 τούτου
2515 4278 2528 4324 ;
2557 4261 2619 4313 Εἰ
2642 4261 2738 4331 μὲν
2768 4259 2876 4332 γὰρ
2909 4262 3037 4313 ποτὲ
3063 4257 3130 4332 ἦν
3149 4261 3267 4314 καθ’
3296 4264 3486 4334 αὐτὴν,
3519 4264 3661 4316 οὕτω
3685 4283 3752 4334 γε
3787 4269 3896 4322 οὑκ

640 4369 700 4407 se
727 4361 864 4416 erat,
897 4354 977 4406 sic
1011 4353 1198 4421 utique
1231 4368 1342 4405 non
1400 4360 1517 4406 erat
1545 4371 1556 4404 :
1607 4353 1786 4407 nullus
1831 4353 1977 4406 enim
2022 4362 2203 4410 motus

2311 4352 2368 4405 iv
2389 4349 2488 4422 ἦν·
2519 4346 2742 4421 οὐδεμία
2773 4351 2879 4423 γὰρ
2907 4351 3118 4423 κίνησις
3144 4353 3272 4406 ἄνευ
3304 4353 3398 4405 τοῦ
3441 4355 3764 4424 κινουμένου
3785 4376 3799 4390 ε
3841 4364 3894 4412 ει

641 4443 758 4494 sine
789 4442 1033 4510 subjecto
1063 4451 1164 4497 est.
1199 4441 1256 4496 Si
1282 4458 1410 4496 vero
1433 4459 1648 4512 semper
1682 4445 1736 4496 in
1767 4443 2016 4509 subjecto
2059 4453 2198 4506 erat,

2311 4441 2362 4493 δὲ
2393 4442 2479 4493 ἀεὶ
2512 4444 2568 4494 ὲν
2596 4442 2672 4511 τῷ
2702 4443 3005 4512 κινουμένῳ
3033 4438 3120 4514 ἧν,
3147 4443 3307 4496 πάλιν
3332 4440 3396 4497 αὗ
3426 4444 3518 4496 δύο
3546 4447 3714 4514 ἀρχαὶ
3743 4450 3896 4503 οὕτω

641 4531 721 4582 sic
751 4545 940 4583 rursus
961 4531 1069 4583 duo
1097 4539 1405 4584 statuantur
1436 4534 1734 4602 principia,
1769 4533 1912 4601 quod
1940 4542 2117 4587 movet
2145 4543 2200 4588 et

2311 4549 2370 4598 γε
2393 4535 2805 4604 ὑποστήσονται,
2834 4536 2893 4587 τὸ
2917 4535 3094 4588 κινοῦν
3111 4539 3201 4589 καὶ
3221 4538 3282 4589 τὸ
3298 4536 3630 4604 κινούμενον.
3657 4537 3895 4613 Ποτέρῳ

2307 4618 2397 4674 οὖν
2420 4623 2596 4676 αὐτῶν
2621 4623 2934 4693 ψηφίζεται,
2961 4627 3047 4679 ἵνα
3074 4627 3248 4678 ὲκεῐνο
3273 4626 3409 4697 μετὰ
3435 4625 3528 4678 τοῦ
3558 4625 3691 4680 Θεοῦ
3745 4631 3887 4685 ὑπο-

2232 4704 2276 4758 Ῑ)
2307 4714 2629 4785 στησώμεθα
2651 4717 2893 4788 πρῶτον;

639 4619 782 4687 quod
807 4627 1070 4672 movetur.
1098 4619 1213 4673 Utri
1245 4623 1408 4689 igitur
1440 4624 1631 4675 horum
1657 4621 1950 4686 tribuetur,
1987 4630 2043 4674 ut
2072 4638 2198 4676 cum

639 4708 749 4763 Deo
774 4709 1007 4778 primum
1032 4709 1160 4762 illud
1189 4711 1627 4765 constituamus?

638 4825 765 4880 CAP.
793 4823 904 4880 Vll.
937 4824 1241 4878 Vindicatus
1260 4826 1323 4877 ab
1350 4826 1742 4881 inordinatione
1770 4840 1964 4882 motus.
1985 4829 2300 4884 Circularis.
2328 4832 2538 4887 Rectus.
2573 4833 2934 4888 Generationis
2967 4845 3013 4887 et
3045 4836 3416 4903 corruptionis.
3453 4836 3804 4896 Alteratiouis
3832 4851 3887 4898 et

1781 4916 1990 4953 sensum
2023 4903 2306 4970 efficientis
2337 4906 2635 4972 qualitatis.

706 5014 931 5067 Accedit
985 5014 1219 5069 sermoni
1251 5016 1514 5084 appendix
1553 5017 1642 5070 illa
1678 5033 1906 5086 prorsus
1937 5023 2196 5086 extorris,

2381 5023 2646 5095 Πρόσεστι
2673 5024 2728 5075 δὲ
2753 5021 2827 5090 τῷ
2855 5021 2997 5090 λόγῳ
3025 5020 3270 5087 ἐφόλκιον
3301 5020 3367 5074 τὸ
3400 5023 3656 5080 ἄτακτον
3696 5027 3884 5098 ἐξόρι-

639 5104 1021 5161 ittordinatum.
1058 5107 1286 5172 Quando
1311 5108 1453 5161 enim
1504 5118 1683 5163 motus
1715 5127 1822 5164 non
1878 5112 2061 5177 fuerit,
2093 5129 2200 5166 me-

2311 5133 2429 5168 στον
2461 5113 2738 5175 παντελῶς
2766 5113 2940 5164 τοῦτο.
2989 5112 3177 5164 Ὁπότε
3203 5114 3310 5184 γὰρ
3345 5116 3416 5186 μὴ
3445 5118 3657 5189 κίνησις
3678 5161 3693 5184 ,
3731 5120 3883 5173 εικό-

639 5195 746 5248 rito
772 5195 1004 5254 dicatur.
1023 5196 1282 5264 Qumnam
1318 5215 1447 5253 vero
1476 5201 1635 5254 etiam
1668 5210 1911 5256 motuum
1941 5205 2199 5258 materia?

2311 5226 2409 5270 τως
2443 5207 2508 5260 ἂν
2533 5206 2758 5272 λέγοιτο.
2790 5205 2882 5264 Τίς
2912 5205 2967 5256 δὲ
3001 5205 3091 5256 καὶ
3121 5205 3226 5260 τῶν
3249 5210 3511 5280 κινήσεων
3537 5213 3567 5281 ἡ
3593 5211 3726 5281 mn;
3764 5213 3847 5266 Πό

637 5283 776 5338 Num
807 5287 898 5354 qui
925 5297 1105 5341 rectus
1135 5298 1238 5355 est,
1264 5305 1331 5342 an
1362 5291 1648 5345 circularis
1686 5309 1700 5356 ;
1743 5293 1826 5346 vel
1852 5309 1972 5362 quae
2021 5295 2196 5362 quali-

2311 5313 2455 5364 τερον
2493 5296 2525 5362 ἡ
2557 5293 2677 5345 κατ’
2705 5293 2942 5354 εὐθεῖαν,
2968 5293 2999 5360 ἦ
3024 5295 3055 5364 ἡ
3084 5294 3514 5369 κυκλοςορητική
3535 5318 3548 5329 ·
3592 5300 3625 5369 ἢ
3669 5303 3702 5371 ὴ
3749 5319 3858 5355 κατ

637 5384 748 5431 tate
770 5391 988 5431 sensum
1013 5378 1275 5436 alliciente
1303 5389 1603 5460 mutantur,
1635 5383 1712 5436 vel
1744 5386 2108 5453 generationis
2131 5399 2193 5436 ac

2311 5385 2593 5444 ιλλοίωσιν,
2623 5384 2654 5450 ἦ
2683 5385 2714 5452 ἡ
2740 5383 2877 5434 κατὰ
2914 5383 3122 5449 γένεσιν
3148 5388 3240 5439 καὶ
3274 5388 3413 5441 κατὰ
3443 5389 3648 5460 φθοράν
3673 5407 3687 5451 ;
3727 5392 3874 5444 Ἀλλ’

637 5469 1003 5538 corruptionis
1048 5475 1278 5526 motus?
1333 5473 1620 5529 Enimvero
1656 5477 1939 5531 circularis
1991 5485 2192 5535 motus,

2311 5479 2328 5545 ἡ
2371 5477 2466 5544 μὲν
2494 5474 2926 5544 κυκλοφορητικὴ
2957 5475 3097 5526 οὕτω
3123 5482 3341 5550 κοσμία,
3368 5483 3506 5534 ὣστε
3523 5485 3588 5552 τῇ
3617 5483 3710 5535 τοῦ
3736 5502 3875 5538 παν.

583 5556 588 5561 ’
637 5559 718 5612 sic
742 5560 973 5614 decorus
1000 5568 1084 5614 est
1125 5570 1178 5615 et
1227 5566 1584 5634 compositus,
1618 5576 1675 5619 ut
1716 5582 1895 5620 rerum
1929 5567 2197 5620 universi-

2311 5567 2382 5625 τὸς
2430 5563 2743 5616 ἀποδέδοται
2776 5563 2942 5625 τάξει.
2990 5566 3064 5616 Οὐ
3111 5569 3249 5621 κατὰ
3290 5571 3509 5634 τούτους
3558 5572 3614 5624 δὲ
3661 5573 3873 5645 ταύτην

641 5650 767 5703 tatis
801 5652 977 5706 urdiui
1009 5653 1278 5720 ascriptus
1305 5657 1374 5709 sit
1403 5677 1415 5711 :
1448 5673 1546 5711 nec
1582 5656 1999 5712 Manichaeorum
2033 5671 2194 5709 sensu

2311 5655 2593 5714 ιὶτιᾶσθαι,
2629 5655 2686 5704 ἐν
2778 5656 2804 5706 ὁ
2838 5653 2984 5723 ἥλιος
3037 5660 3130 5710 καὶ
3175 5663 3207 5730 ἡ
3260 5662 3483 5732 σελήνη,
3534 5661 3627 5724 οὓς
3672 5665 3869 5733 μόνους

637 5737 727 5794 hic
757 5742 1057 5811 culpandus
1089 5743 1354 5812 videatut,
1389 5748 1440 5801 in
1471 5764 1579 5818 quo
1610 5751 1688 5802 sol
1737 5758 1790 5803 et
1831 5750 2001 5815 luna,
2060 5763 2196 5816 quos

2311 5745 2436 5798 )5.de
2470 5744 2727 5799 αἰδεῖσθαί
2773 5761 2960 5813 φασιν·
3014 5748 3145 5803 ἀλλὰ
3173 5753 3270 5819 τὴν
3302 5753 3389 5808 ἐπ’
3425 5752 3638 5818 εὐθείας
3664 5772 3677 5785 ·
3732 5755 3872 5810 ἀλλὰ
