4036 6320
232 360 324 418 ω
1130 361 1542 419 TRACTATUS
1580 363 1668 418 DE
1707 364 2022 423 PLACITIS
2056 366 2608 428 MAMCHEORUM.
3381 381 3488 438 m

237 482 330 537 ul
374 479 547 554 ταύτῃ
586 482 771 552 πέρας
797 485 970 548 ἐστὶν,
1004 483 1037 553 ἡ
1079 483 1173 536 τοῦ
1223 484 1354 536 ιδιου
1403 486 1566 537 τόπου
1617 484 1805 548 τεῦξις.

1889 542 1892 552 ,
1925 484 2072 540 solos
2096 486 2322 542 deorum
2348 489 2601 545 venerari
2635 490 2808 546 aiunt.
2835 491 2940 548 Sed
2965 495 3059 565 qui
3085 505 3290 554 rectus.
3320 498 3487 570 Atqui

236 574 420 643 Πάντη
441 572 549 642 γὰρ
572 573 638 625 τὸ
659 574 849 642 γήϊνον
875 573 1147 624 πέπαυται
1172 573 1502 643 κινούμενον,
1534 574 1609 625 ὅτ’
1633 573 1699 625 ἂν
1716 573 1805 642 γῆς

1919 574 2045 627 huic
2074 591 2292 646 quoque
2324 580 2590 653 terminus
2625 589 2729 647 est,
2766 583 2911 652 quod
2940 583 3118 639 locum
3160 602 3320 643 suum
3354 603 3486 645 con-

235 665 564 734 ὲπιλάὁηται
583 681 596 694 ·
625 667 736 718 πᾶν
758 663 817 716 δὲ
844 663 983 728 ζῶον
1011 664 1106 716 καὶ
1132 664 1298 729 φυτὸν
1330 663 1714 734 αὐξανόμενον.
1738 663 1805 717 ὃτ⁴

1917 675 2197 733 sequatur.
2231 665 2467 723 Prorsus
2499 671 2644 724 enim
2672 671 2815 740 quod
2832 679 3106 728 terrenum
3141 685 3244 740 est,
3271 693 3301 732 a
3335 689 3486 737 motu
3532 677 3534 680 ’

234 759 305 810 ἂν
341 758 432 811 τοῦ
475 758 602 810 ιδίου
643 759 780 826 ὅρου
817 757 1090 827 ἐφίκηται.
1128 759 1289 810 Ὥστε
1324 760 1356 827 ἡ
1393 759 1596 810 τούτων
1631 757 1805 818 στάσις

1915 761 2094 808 cessat
2125 754 2214 807 ubi
2259 763 2463 809 terram
2505 758 2763 827 attigerit.
2798 758 2969 822 Omne
3012 779 3144 819 vero
3191 768 3396 823 animal
3429 779 3487 826 et

231 847 601 918 σύλογὼτερος
632 849 697 901 ἂν
727 847 957 910 Θάνατος
986 849 1193 916 γένοιτο
1211 852 1277 919 τῇ
1319 849 1418 921 ὕλῃ
1448 851 1480 918 ἠ
1515 851 1604 901 ὑπ’
1632 847 1805 901 αὐτῶν

1913 845 2094 911 planta
2121 848 2404 900 crescendi
2441 847 2602 902 ﬁnem
2644 851 2792 914 facit,
2822 866 2943 906 cum
2977 857 3270 912 terminum
3319 873 3483 916 suum

229 941 442 1015 ταύτης
468 939 773 1008 πλεκομένη
813 941 1075 1009 ἀνήνυτος
1102 939 1348 1009 τελευτή.
1404 940 1514 1008 Τὴν
1566 939 1622 990 δὲ
1672 937 1811 990 κατά

228 1033 449 1101 γένεσιν
485 1032 577 1084 καὶ
611 1030 814 1103 φθορὰν
865 1031 982 1084 οὑδὲ
1018 1031 1297 1102 ἐπινοῆσαι
1325 1024 1434 1084 οἶόν
1471 1047 1530 1084 τε
1575 1033 1640 1100 τῇ
1677 1031 1808 1082 ὑπο-

227 1123 383 1177 Θέσσι
449 1123 622 1194 ταύτῃ
677 1124 1090 1193 προσήκουσαν·
1154 1123 1416 1192 ἀγένητος
1464 1123 1570 1194 γάρ
1624 1123 1806 1187 αὐτοῖς

228 1216 382 1267 ἐστιν
424 1218 461 1284 ἠ
493 1214 613 1284 ὕλη.
653 1214 716 1267 Εἰ
766 1214 822 1266 δέ
862 1230 924 1281 γε
962 1214 1060 1284 τὴν
1097 1215 1237 1267 κατὰ
1275 1214 1554 1267 ἀλλοίωσιν
1594 1214 1806 1296 κίνησιν

225 1305 605 1361 ἀποδώσουσιν
657 1306 795 1376 αὐτῇ
837 1304 1083 1374 (δοκοῦσι
1122 1305 1228 1376 γάρ
1273 1307 1505 1375 μάλιστα
1538 1289 1694 1359 τοῦτο
1719 1305 1804 1358 λέ-

225 1417 377 1466 γειν,
422 1401 548 1453 ἐπεὶ
569 1400 654 1452 διά
689 1401 789 1469 τῆς
816 1399 944 1470 ὕλης
972 1401 1065 1452 καὶ
1099 1399 1398 1471 μεταϐολὰς
1438 1399 1584 1468 ἠθῶν
1616 1401 1709 1452 καὶ
1747 1401 1804 1452 ὲν

221 1495 290 1562 τῇ
329 1493 478 1562 ψυχῇ
508 1493 703 1556 κακίας
733 1487 872 1545 εἶναι
893 1491 1138 1558 λέγουσιν
1163 1493 1201 1560 )°
1242 1495 1458 1545 σκοπεῖν
1490 1491 1635 1554 ἀξιον
1654 1492 1802 1553 ὃπως

223 1585 362 1636 ποτὲ
396 1585 492 1636 καὶ
520 1583 692 1636 ταῦτὰ
723 1599 907 1652 φασιν.
973 1582 1278 1636 Ἀλλοιοῦσα
1318 1583 1424 1654 γὰρ
1467 1582 1634 1652 αὐτὴν
1661 1621 1674 1645 ,
1717 1583 1802 1636 ἀεὶ

221 1674 450 1744 ἄρξεται
485 1676 577 1727 ἀπ’
623 1675 826 1746 ἀργῆς·
859 1675 950 1726 καί
977 1675 1076 1726 τοῦ
1111 1675 1273 1743 μέσου
1311 1673 1570 1744 προϊοῦσα
1607 1672 1798 1744 ὲπιλήι-

219 1765 407 1832 ψεται,
437 1766 528 1817 καὶ
555 1770 635 1827 et;
662 1764 724 1817 τὺ
748 1764 901 1828 τέλος
929 1763 1100 1827 οὕτως
1130 1765 1398 1832 ἀφίξεταιο
1456 1765 1595 1817 Ἀλλ’
1621 1765 1700 1826 εἰς
1739 1765 1798 1818 τδ

1910 941 2159 987 assecuta
2194 935 2419 993 fuerint.
2454 937 2820 1005 Quamobrem
2848 945 3065 1005 illorum
3097 950 3271 1018 quies,
3307 951 3483 1010 ratio-

1909 1023 2146 1079 nabilius
2174 1040 2321 1080 mors
2356 1030 2601 1084 materiae
2633 1029 2829 1099 fuerit,
2863 1051 3026 1105 quam
3059 1054 3178 1108 qua:
3233 1041 3303 1096 ab
3345 1043 3482 1112 ipsis

1907 1115 2026 1184 ejus
2049 1132 2196 1171 mors
2225 1118 2376 1173 nullo
2404 1122 2670 1191 explenda
2694 1127 2841 1180 exitu
2861 1130 3081 1184 texitur.
3109 1128 3282 1187 Motus
3295 1145 3478 1190 autem

1907 1209 2276 1276 generationis
2308 1214 2764 1282 etcorruptionis,
2800 1230 2868 1274 ne
2889 1219 3113 1292 intelligi
3145 1223 3479 1295 quidcmpo-

1907 1304 2032 1361 test,
2071 1301 2194 1353 huic
2240 1309 2401 1370 aptus
2437 1317 2759 1374 argumento
2791 1325 2806 1372 ;
2837 1311 3041 1382 quippe
3073 1329 3195 1367 cum
3224 1317 3476 1384 materia,

1906 1388 2013 1442 illis
2035 1390 2274 1460 ingenita
2309 1394 2400 1448 sit.
2437 1394 2531 1448 Sin
2576 1409 2754 1452 autem
2797 1409 3003 1456 motum
3033 1404 3393 1472 alterationis,
3418 1418 3482 1466 ut

1902 1491 2120 1548 vocant,
2151 1496 2201 1540 et
2222 1500 2326 1555 quo
2359 1489 2618 1558 qualitate
2641 1506 2860 1546 sensum
2886 1493 3152 1554 alliciente
3173 1508 3480 1569 mutamur,

1904 1573 1978 1626 illi
2030 1577 2382 1650 ascripserjnt
2434 1579 2582 1648 (hoc
2611 1583 2754 1636 enim
2803 1585 3036 1642 maxime
3078 1589 3261 1645 dicere
3285 1593 3480 1651 videl-

1904 1672 2010 1727 tur,
2041 1665 2245 1722 ideirco
2277 1669 2533 1724 nimirum
2561 1672 2704 1740 quod
2729 1688 2824 1742 per
2852 1676 3134 1731 materiam
3166 1680 3327 1734 etiam
3354 1697 3475 1736 mu-

1899 1756 2002 1807 tari
2042 1771 2243 1821 mores,
2277 1765 2330 1810 et
2361 1759 2414 1812 in
2443 1762 2626 1814 animo
2649 1763 2838 1817 vitium
2869 1768 3074 1820 versari
3100 1767 3312 1837 dicunt)
3337 1785 3470 1842 ope.

220 1855 376 1918 τέλος
400 1855 704 1926 ἀφικομένη
733 1857 793 1909 οὐ
819 1857 1091 1924 στήσεται,
1113 1855 1166 1907 si
1186 1872 1247 1922 γε
1275 1855 1427 1906 οὐσία
1455 1856 1600 1907 ἐστὶν
1628 1854 1796 1923 αὐτῆς

1904 1859 1978 1897 ra:
1993 1848 2225 1915 pretium
2257 1850 2328 1902 sit
2354 1861 2411 1902 ut
2434 1851 2814 1920 dispiciamus,
2847 1871 3082 1926 quonam
3118 1859 3332 1914 tandem
3363 1877 3476 1917 mo

216 1948 249 2013 ἡ
289 1947 605 2012 ἀλλοὶωσις·
641 1947 776 2000 ἀλλά
810 1947 968 2001 πάλιν
1007 1947 1316 2016 ἀνακάμψει
1358 1947 1445 1999 διὰ
1489 1947 1592 1998 τῶν
1619 1944 1797 1997 αὐτῶν

215 2037 312 2090 ἐπὶ
365 2038 466 2108 τὴν
497 2038 688 2110 ἀρχὴν,
742 2040 833 2092 καὶ
864 2039 1061 2107 ὁμοίως
1092 2039 1337 2091 ἐντεῦθεν
1379 2038 1469 2088 ἐπὶ
1517 2039 1575 2088 τὸ
1613 2037 1792 2100 τέλοςο

215 2130 310 2179 καὶ
333 2128 529 2180 οὔποτε
560 2129 714 2181 τοῦτο
741 2131 968 2182 ποιοῦσα
997 2129 1281 2181 παύσεται.
1306 2124 1426 2180 Οἷον
1457 2130 1504 2180 εἰ
1533 2127 1792 2179 ἀλλοιοῖτο

215 2232 246 2287 ις
267 2235 309 2271 a
342 2237 400 2287 τ,
427 2221 589 2290 μέσον
607 2221 664 2273 δὲ
683 2221 742 2272 τὸ
770 2221 878 2272 ἀπὸ
910 2221 1007 2290 μὲν
1034 2221 1125 2272 τοῦ
1145 2221 1221 2283 β’
1247 2235 1285 2269 a
1311 2222 1342 2288 ή
1371 2218 1638 2288 μεταϐολὴ
1665 2219 1792 2287 ἀφί-

214 2310 366 2372 ξεται
398 2310 491 2362 ἐπὶ
510 2311 568 2362 τὸ
593 2312 660 2374 β,
694 2312 787 2362 καὶ
811 2311 1018 2362 ὲκείΘεν
1045 2311 1135 2361 ἐπὶ
1172 2309 1231 2362 τὸ
1279 2329 1330 2377 τ.
1379 2309 1545 2361 Πάλιν
1590 2310 1789 2374 τοίνυν,

210 2400 326 2452 ἀπὸ
351 2399 445 2452 τοῦ
480 2400 646 2472 ἀκρου
669 2401 762 2454 τοῦ
791 2421 828 2470 τ
855 2403 946 2452 ἐπὶ
974 2402 1032 2452 τὸ
1054 2401 1100 2464 ,β
1122 2401 1571 2468 ἀνακάμπτουσα,
1609 2400 1792 2467 ἀφίξε-

211 2492 304 2543 ταξ
345 2507 475 2542 ποτε
535 2492 625 2542 ἐπὶ
678 2491 740 2542 τὸ
792 2508 858 2541 α’
921 2492 1015 2544 καὶ
1063 2490 1224 2543 τοῦτο
1276 2490 1424 2542 ἔσται
1479 2491 1788 2554 διαπαντός.

212 2582 431 2649 Ὠσπερ
463 2579 569 2632 ἀπὸ
613 2580 708 2632 τοῦ
755 2581 980 2650 μέλανος
1026 2584 1058 2650 ὴ
1106 2579 1394 2650 μεταὸολὴ,
1455 2581 1616 2650 μέσον
1646 2580 1791 2633 δὲτὸ

210 2671 396 2737 ςαιδν,
431 2671 524 2723 καὶ
556 2672 723 2743 ἄκρον
746 2674 806 2725 τὸ
834 2673 1041 2726 λευκόν.
1083 2673 1251 2725 Πάλιν
1283 2671 1337 2723 δὲ
1377 2673 1642 2725 ἀνάπαλιν
1680 2673 1788 2725 ἀπὸ

206 2763 404 2811 τούτου
436 2762 527 2813 ἐπὶ
556 2761 616 2814 τὸ
641 2762 819 2829 φαιὸν,
851 2763 942 2814 καὶ
965 2764 1160 2832 ὁμοίως
1186 2763 1276 2815 ἐπὶ
1301 2763 1359 2814 τὸ
1390 2763 1555 2832 μέλαν
1578 2780 1591 2793 ·
1627 2764 1786 2816 πάλιν

205 2850 264 2901 δὲ
303 2851 414 2902 ἀπὸ
467 2851 557 2903 τοῦ
605 2851 799 2905 λευκοῦ
832 2853 866 2922 ἡ
895 2852 1036 2923 ἀρχὴ
1069 2853 1166 2922 τῆς
1209 2850 1620 2920 ἀλλοιώσεως,ή
1653 2849 1786 2921 αὑτὴ

205 2940 398 3008 ἔφοδος
433 2942 557 3012 ἥδη.

207 3038 364 3092 hum.
399 3037 640 3094 Rursum
695 3056 725 3095 e
781 3044 1076 3108 contrario,
1111 3041 1178 3092 ab
1211 3041 1335 3094 albo
1368 3041 1434 3093 ad
1465 3039 1697 3109 pu'lum,
1725 3052 1792 3091 ac
1827 3039 2083 3094 similiter
2127 3040 2194 3094 ad
2227 3043 2440 3110 nigrum
2494 3062 2508 3095 z

203 3136 296 3190 nis
328 3135 635 3201 exordium,
665 3137 913 3208 idemque
933 3139 1046 3206 jam
1081 3145 1482 3206 argumentum.

1901 1940 1970 1992 do
2001 1941 2161 1993 etiam
2207 1941 2320 1995 base
2361 1944 2674 2014 loquantur.
2726 1947 2846 2018 ipsa
2891 1967 3126 2021 namque
3166 1956 3482 2025 alte-rando,

1899 2045 2116 2100 semper
2143 2047 2172 2085 a
2205 2035 2478 2104 principio
2510 2039 2671 2091 ducet
2699 2043 2983 2097 exordium
3010 2061 3024 2110 ;
3060 2044 3481 2119 procedensque

1896 2122 2130 2172 medium
2153 2122 2400 2192 attinget,
2426 2125 2590 2192 inque
2618 2140 2741 2181 eum
2771 2130 2988 2183 modum
3020 2131 3181 2186 linem
3209 2150 3478 2207 asseque-

1894 2217 2000 2262 tur.
2044 2209 2332 2266 Enimvero
2365 2231 2486 2268 cum
2519 2215 2584 2268 ad
2618 2214 2778 2271 ﬁnem
2815 2222 3143 2288 pervenerit,
3194 2241 3306 2280 non
3347 2245 3462 2298 quis

1899 2305 2067 2361 escet,
2123 2300 2391 2369 siquidem
2447 2303 2696 2357 alteratio
2739 2307 2859 2374 ejus
2899 2311 3136 2364 essentia
3179 2323 3263 2367 est
3300 2332 3314 2379 ;
3368 2321 3466 2372 sed

1897 2403 2089 2443 rursus
2121 2407 2214 2459 per
2259 2392 2444 2446 eadem
2479 2392 2704 2450 ﬂectens
2727 2438 2742 2461 ,
2772 2398 2839 2452 ad
2869 2399 3193 2469 principium
3228 2415 3468 2461 reverte-

1896 2489 2008 2548 tur,
2057 2483 2181 2538 inde
2227 2486 2477 2540 similiter
2501 2488 2567 2541 ad
2609 2489 2810 2546 tinem:
2846 2502 2947 2546 nec
2995 2493 3098 2546 hoc
3150 2493 3329 2552 facere
3362 2513 3470 2553 un-

1897 2590 2060 2643 quam
2096 2578 2355 2631 cessabit.
2413 2577 2571 2633 Velut
2601 2580 2645 2634 si
2677 2582 3028 2638 alterentura
3058 2595 3111 2640 et
3144 2602 3190 2648 c,
3226 2588 3465 2644 medium

1895 2677 2076 2730 autem
2127 2669 2197 2722 sit
2225 2671 2293 2734 b;
2330 2675 2558 2726 mutatio
2593 2691 2624 2727 a
2659 2683 2712 2728 et
2740 2677 2767 2728 ὁ
2793 2686 3086 2746 perveniet,
3123 2689 3288 2750 atque
3337 2682 3476 2738 hino

1895 2760 1961 2813 ad
1981 2777 2027 2816 c.
2055 2759 2267 2815 Rursus
2292 2763 2454 2830 igitur
2472 2764 2538 2817 ab
2564 2772 2809 2820 extremo
2837 2785 2865 2818 c
2893 2768 2959 2820 ad
2988 2768 3014 2818 b
3033 2767 3277 2835 ﬂectens,
3297 2786 3469 2840 quan-

1895 2851 2072 2921 doqne
2102 2871 2132 2906 a
2165 2863 2485 2922 assequetur
2518 2873 2532 2909 :
2563 2860 2776 2925 eritque
2813 2856 2913 2910 hoc
2939 2861 3216 2920 continue.
3246 2859 3406 2916 Velut
3430 2877 3463 2916 a

1894 2945 2052 3012 nigro
2094 2946 2368 3011 mutatio;
2427 2945 2685 3009 medium,
2727 2947 2970 3016 pullum;
3018 2960 3344 3016 extremam,
3386 2955 3466 3005 al-

2568 3057 2870 3111 rursusque
2910 3044 2978 3098 ab
3030 3045 3154 3099 albo
3186 3047 3467 3102 alteratio“

1060 3251 1189 3306 Car.
1222 3251 1356 3306 Vill.
1383 3255 1465 3305 An
1489 3252 1710 3306 materia
1740 3248 2022 3316 maleﬁca?
2059 3246 2131 3299 De
2155 3246 2262 3300 Deo
2293 3256 2340 3300 et
2371 3246 2614 3300 materia.

276 3373 420 3425 Κατ’
461 3368 743 3422 ἀλλοῑωσιν
805 3369 1096 3431 κακοποιὸς
1143 3370 1288 3422 αἰτία
1348 3371 1494 3422 ἐστὶν
1560 3374 1592 3441 ἡ
1651 3371 1789 3440 ὕλης
1821 3374 1862 3428 C

207 3463 282 3514 0.3
317 3460 520 3530 μᾶλλόν
552 3478 602 3512 τι
633 3459 927 3522 κακοποιὸς
973 3461 1004 3531 ἢ
1041 3461 1385 3528 ἀγαθοποιὸς,
1416 3463 1558 3516 οὕτω
1593 3481 1656 3531 γε
1680 3463 1784 3514 δεί-

207 3570 420 3604 κνυται.
461 3553 637 3604 Ἔστω
670 3552 779 3621 γάρ
811 3554 842 3622 ἡ
881 3552 1021 3622 ἀρχὴ
1052 3553 1150 3620 τῆς
1184 3553 1520 3616 ἀλλοιώσεως
1553 3540 1659 3606 die
1693 3552 1783 3604 τοῦ

207 3642 405 3706 κακοῦ.
431 3643 638 3716 Οὐκοῦν
668 3643 838 3704 οὕτως
872 3643 977 3694 ἀπὸ
1005 3641 1190 3694 τούτου
1221 3644 1308 3695 διὰ
1342 3644 1448 3695 τῶν
1477 3644 1784 3714 ἀδιαφόρων

207 3734 302 3785 ἐπὶ
346 3733 406 3785 τὸ
447 3732 646 3801 ἀγαθὸν
680 3737 712 3805 ἡ
761 3734 1060 3794 ἀλλοίωσις.
1109 3734 1244 3786 Ἀλλ’
1287 3734 1391 3786 ἀπὸ
1421 3734 1512 3786 τοῦ
1556 3735 1778 3803 ἀγαθοῦ.

209 3825 382 3877 Πάλιν
427 3827 604 3878 τοίνυν
636 3826 724 3879 διὰ
766 3826 874 3878 τῶν
924 3825 1228 3896 ἀδιαφόρων
1271 3829 1302 3897 ἡ
1337 3828 1498 3898 ἀρχή.
1549 3827 1660 3878 Εἶτ’
1693 3829 1783 3880 ἐπὶ

203 3914 325 3966 τάδε
354 3915 412 3966 τὸ
439 3918 604 3986 ἄκρον
633 3918 731 3968 εἶτ’
770 3917 861 3968 ἐπὶ
885 3917 946 3969 τὸ
987 3916 1170 3988 ἕτερον
1211 3919 1245 3988 ἡ
1277 3918 1509 3988 κίνησις,
1547 3919 1575 3970 ὁ
1622 3919 1782 3982 αὐτὸς

204 4005 396 4072 λόγος·
432 4007 603 4061 ταῦτα
640 4007 704 4060 ὲκ
736 4007 1049 4078 περιουσίας
1086 4008 1323 4075 λέγεται.

275 4188 435 4239 Πᾶσα
469 4189 564 4255 μὲν
595 4186 705 4256 γὰρ
738 4189 947 4257 κίνησις
980 4192 1107 4260 περὶ
1149 4191 1209 4243 τὸ
1244 4191 1406 4244 ποσόν
1427 4209 1439 4220 ·
1491 4193 1686 4256 κακίας
1724 4194 1779 4245 δὲ

203 4281 298 4329 και
326 4275 762 4346 ἀρετῆςήγεμών
790 4281 937 4329 ἐστιν
956 4281 987 4348 ὴ
1009 4281 1244 4349 ποιότης.
1278 4281 1462 4334 Ταῦτα
1489 4283 1543 4335 δὲ
1573 4285 1655 4336 ὅτι
1684 4281 1777 4336 καὶ

200 4369 278 4437 τῷ
307 4368 454 4435 γένει
484 4369 783 4439 διώρισται,
823 4367 999 4438 ἴσμεν.
1038 4372 1272 4443 Πότερον
1301 4373 1356 4426 δὲ
1401 4375 1557 4444 μόνον
1586 4377 1614 4426 ὁ
1645 4375 1778 4439 Θεὸς

201 4461 295 4512 καὶ
321 4461 355 4525 ἡ
391 4459 490 4527 ῦλη
517 4461 662 4512 ἐστὶν
695 4460 878 4531 ἀρχαὶ,
905 4462 938 4529 ἡ
967 4477 1017 4512 τι
1046 4462 1229 4531 ἕτερον
1263 4465 1564 4527 ἀπολείπει,
1594 4467 1621 4518 ὃ
1650 4466 1774 4518 τού-

199 4565 308 4600 των
336 4549 482 4600 ἐστὶν
510 4549 567 4599 ἐν
600 4549 782 4618 piam;
814 4547 875 4598 Ei
916 4549 1010 4616 μὲν
1041 4549 1145 4617 γὰρ
1188 4551 1350 4620 μηδὲν
1374 4555 1540 4612 ἐστιν,
1568 4552 1776 4620 ἄμικτα

199 4638 374 4690 ταῦτα
403 4639 754 4691 ὑπολείπεται
797 4637 928 4710 πρὸς
964 4638 1135 4690 αὑτά·
1169 4642 1348 4704 καλῶς
1385 4644 1493 4713 γάρ
1537 4642 1772 4710 λέγεται,

1966 3358 2190 3418 Materia
2222 3365 2559 3417 aiterntionis
2608 3363 2820 3418 ratione
2851 3377 3017 3420 causa
3049 3376 3132 3421 est
3163 3368 3407 3426 maleﬁca
3444 3373 3471 3426 ἲ

1888 3455 2008 3509 Non
2051 3457 2222 3524 magis
2254 3455 2552 3509 maleﬁcam
2583 3470 2724 3515 esse,
2756 3471 2918 3523 quam
2977 3456 3272 3512 beneﬁcam
3336 3464 3464 3517 inde

1888 3547 2169 3616 probatur.
2199 3545 2278 3597 Sit
2313 3545 2458 3598 enim
2487 3544 2830 3600 alterationis
2865 3548 3192 3616 principium
3228 3565 3257 3601 a
3289 3557 3458 3604 maln.

1888 3637 1977 3690 Sic
2013 3638 2178 3706 igitur
2212 3636 2278 3688 ab
2309 3637 2430 3695 hoc,
2463 3649 2556 3702 per
2581 3649 2642 3685 ea
2671 3651 2790 3703 quae
2838 3637 3000 3689 medii
3035 3640 3250 3708 generis
3305 3651 3459 3708 sunt,

1887 3732 2135 3783 alteratio
2167 3738 2250 3782 est
2287 3726 2352 3780 ad
2407 3728 2633 3780 bonum.
2675 3724 2871 3781 Verum
2903 3737 3022 3782 esto
3052 3745 3081 3782 a
3117 3732 3278 3784 bono.
3314 3733 3464 3788 Rur-

1884 3838 1979 3874 sus
2015 3821 2176 3890 igitur
2207 3835 2298 3888 per
2319 3834 2380 3872 ea
2421 3835 2541 3889 quae
2574 3819 2734 3872 medii
2772 3821 2985 3888 generis
3011 3830 3157 3885 sunt,
3192 3831 3274 3877 est
3305 3827 3459 3892 prin-

1884 3913 2106 3981 cipium.
2138 3909 2263 3964 Sive
2294 3909 2359 3963 ad
2393 3927 2560 3964 unum
2595 3920 2922 3974 extremum,
2967 3913 3082 3968 sive
3118 3913 3183 3967 ad
3219 3917 3456 3972 alterum

1884 4004 1954 4056 sit
1990 4014 2185 4065 motus,
2239 4003 2428 4056 eadem
2459 4012 2542 4055 est
2575 4004 2712 4056 ratio
2743 4020 2763 4067 ς
2814 4012 2978 4073 atque
3027 4005 3141 4059 haec
3174 4021 3238 4059 ex
3280 4012 3460 4061 abun-

1882 4095 2033 4148 danti
2061 4094 2339 4146 dicuntur.

1893 4216 1902 4227 .
1951 4185 2142 4237 Omnis
2175 4188 2351 4234 motus
2375 4180 2520 4234 circa
2557 4183 2916 4250 quantitatem
2947 4191 3233 4239 versatur:
3286 4203 3456 4254 por'o

1879 4274 2113 4343 qualitas
2141 4272 2254 4324 vitii
2289 4273 2398 4324 dux
2445 4286 2507 4324 ac
2546 4272 2762 4326 virtutis
2809 4273 3045 4326 exsistit.
3081 4274 3298 4328 Scimus
3356 4291 3454 4328 au-

1878 4371 1986 4416 tem
2031 4363 2145 4415 haec
2187 4363 2348 4425 etiam
2382 4376 2579 4428 genere
2630 4360 2912 4429 distingui.
2952 4360 3090 4415 Num
3133 4379 3260 4417 vero
3308 4365 3450 4422 Deus

1878 4453 2140 4506 duntaxat
2173 4451 2507 4519 materiaque
2557 4452 2872 4520 principia;
2937 4469 3004 4506 an
3053 4454 3257 4523 aliquid
3299 4457 3446 4510 aliud

1879 4553 2147 4614 superest,
2180 4543 2322 4612 quod
2353 4542 2543 4596 horum
2581 4543 2818 4596 medium
2845 4545 3075 4599 exsistat
3103 4547 3126 4598 ἲ
3165 4547 3449 4616 Siquidem

1879 4647 2058 4692 autem
2094 4637 2226 4690 nihil
2256 4644 2357 4699 est,
2392 4642 2612 4688 manent
2663 4636 2776 4690 haec
2812 4637 2954 4690 inter
2982 4654 3040 4692 se
3071 4641 3444 4700 incommista.

198 4730 301 4788 ὅτι,
353 4730 439 4780 ἵνα
483 4731 550 4781 τὰ
587 4731 730 4800 ἄκρα
770 4729 960 4799 μιχθῇ,
985 4729 1063 4781 δεῖ
1089 4731 1142 4782 τὶ
1169 4728 1302 4784 εἷναι
1331 4736 1386 4784 ὲν
1418 4734 1587 4804 μέσῳ,
1623 4735 1770 4798 ὅπως
1803 4726 1805 4732 Α

1889 4732 2040 4784 Recte
2060 4729 2201 4783 enim
2221 4727 2420 4781 dicitur
2451 4744 2464 4782 :
2498 4727 2542 4780 si
2568 4728 2785 4796 quidem
2815 4739 3057 4785 extrema
3089 4733 3448 4804 misceantur,

199 4819 374 4872 ταῦτα
405 4821 595 4889 συνδέῃ
619 4839 632 4851 ·
668 4823 718 4873 εἰ
744 4821 798 4873 δέ
833 4839 882 4875 τι
921 4820 1103 4889 ἕτερον
1137 4824 1389 4894 ὑπάρχει,
1425 4828 1636 4896 ἀνάγκη
1672 4829 1774 4879 πά-

200 4912 282 4964 λιν
324 4907 460 4962 εἶναι
500 4913 532 4981 ἢ
579 4913 866 4984 ασώματον
909 4914 942 4983 ἢ
985 4913 1174 4983 σῶμα·
1209 4916 1347 4968 ὥστε
1392 4918 1580 4989 τριττὴ
1631 4918 1770 4989 ἀρχὴ

201 5001 499 5064 ἐπεισόδιος
533 5003 774 5070 γέγονεν.

268 5185 541 5254 Πρότερον
577 5183 633 5235 δὲ
675 5187 724 5236 al
769 5187 906 5251 ὅλως
936 5189 963 5240 ὁ
993 5187 1123 5250 Θεὸς
1163 5189 1256 5241 καὶ
1299 5193 1330 5260 ἡ
1373 5189 1471 5261 ὕλη
1502 5190 1764 5260 ἀσώματα

196 5278 454 5347 ἑκάτερα,
505 5276 785 5347 οὐδέτερον
833 5281 891 5332 ὲν
937 5277 1219 5349 οὐδετέρῳ,
1275 5280 1412 5351 πλὴν
1464 5284 1512 5334 εἰ
1569 5284 1642 5353 μὴ
1691 5282 1765 5344 ὡς

195 5367 556 5441 γραμματικὴ
588 5369 645 5420 ἐν
670 5367 812 5439 ψυχῇ
878 5358 1035 5423 τοῦτο
1070 5369 1124 5422 δὲ
1154 5371 1351 5424 ἄτοπον
1390 5375 1480 5426 ἐπὶ
1504 5373 1637 5425 Θεοῦ
1672 5374 1765 5426 καὶ

197 5462 373 5534 ’Υλης
395 5460 648 5511 ἐπινοεῖν.
677 5457 741 5510 Εἰ
771 5458 829 5510 δὲ
853 5459 929 5522 ὼς
961 5461 1018 5512 ὲν
1050 5459 1210 5529 κενῷ,
1255 5459 1329 5523 ὥς
1353 5479 1495 5524 τινες
1523 5463 1760 5531 λέγουσι,

190 5554 250 5604 τὸ
300 5539 458 5604 κενὸν
484 5548 563 5618 τῷ
597 5549 759 5602 παντὶ
799 5552 1233 5622 περικεχῶσθαι·
1271 5554 1330 5605 τὸ
1373 5555 1557 5625 ἕτερον
1603 5555 1762 5607 πάλιν

189 5643 583 5694 ἀνυπόστατον.
619 5639 786 5692 Οὐσία
817 5639 928 5709 γὰρ
972 5641 1064 5692 τοῦ
1111 5642 1266 5696 κενοῦ
1299 5645 1359 5696 τὸ
1391 5646 1574 5716 μηδὲν.
1614 5647 1674 5698 El
1705 5647 1760 5698 δὲ

185 5735 258 5794 (τις
302 5731 706 5800 συμϐεϐηκότα,
743 5730 963 5803 πρῶτον
1016 5732 1114 5800 μὲν
1154 5735 1411 5788 ἀδύνατον
1449 5737 1634 5790 τοῦτο’
1674 5740 1763 5789 οὺ-

188 5830 314 5888 uia;
376 5823 487 5890 γάρ
548 5825 738 5892 ἄμοιρα
806 5822 958 5890 ὄντα,
1021 5823 1257 5892 οὐδαμοῦ
1324 5824 1459 5884 εἶναι
1517 5828 1757 5898 δύναται.

1871 4836 2096 4875 necesse
2126 4827 2210 4873 est
2243 4833 2363 4872 esse
2394 4818 2598 4888 aliquid
2637 4821 2688 4873 in
2718 4821 2918 4886 medio,
2942 4824 3085 4891 quod
3120 4825 3209 4876 illa
3243 4840 3447 4880 conne-

1870 4921 1998 4967 ctat.
2039 4910 2134 4963 Sin
2193 4917 2370 4963 autem
2403 4911 2547 4964 aliud
2581 4911 2712 4975 quid
2767 4913 3002 4976 exsistit,
3049 4907 3273 4970 necesse
3326 4934 3447 4970 rur-

1870 5021 1963 5060 sus
1997 5010 2082 5055 aut
2122 5002 2502 5069 incorporeum
2539 5011 2632 5056 aut
2662 5017 2862 5071 corpus
2889 5018 3051 5071 esse;
3107 5015 3273 5076 atque
3302 5007 3444 5063 adeo

1866 5097 2088 5149 tertium
2113 5093 2462 5148 adventitium
2490 5095 2816 5164 principium
2841 5097 3081 5149 emersit.

1945 5187 2184 5240 Primum
2229 5188 2412 5256 itaque
2444 5189 2488 5241 si
2545 5186 2684 5241 Deus
2712 5195 2764 5240 et
2790 5188 3015 5240 materia
3037 5188 3194 5243 ambo
3212 5205 3442 5259 prorsus

1875 5281 2190 5349 incorporea
2221 5298 2233 5345 ;
2285 5287 2540 5333 neutrum
2572 5279 2625 5331 in
2667 5279 2859 5338 altero,
2910 5291 3267 5348 praeterquam
3293 5283 3436 5351 quod

1872 5373 2016 5426 sicut
2047 5372 2397 5440 grammatica
2425 5375 2508 5422 est
2544 5368 2596 5421 in
2628 5369 2830 5422 anima.
2856 5367 2969 5422 Hoc
3001 5378 3182 5424 autem
3227 5373 3282 5425 in
3329 5373 3438 5427 Deo

1873 5471 1926 5515 et
1953 5461 2179 5515 materia
2217 5460 2538 5528 intelligen.
2597 5459 2893 5512 absurdum
2927 5469 3030 5514 est.
3081 5461 3136 5514 Si
3169 5475 3346 5517 autem
3378 5471 3437 5516 ut

1873 5556 1928 5607 in
1951 5569 2142 5615 vacuo,
2175 5559 2232 5604 ut
2263 5553 2500 5621 quidam
2548 5552 2867 5620 loquuntur,
2915 5568 3144 5605 vacuum
3179 5555 3438 5608 universo

1869 5645 1997 5698 huic
2030 5642 2419 5696 circumfusum
2454 5657 2603 5707 esse;
2640 5642 2868 5695 alterum
2903 5658 3096 5698 rursus
3127 5645 3434 5698 substanta

1871 5743 2041 5789 caret.
2080 5733 2246 5788 Vacui
2281 5738 2420 5788 enim
2457 5735 2766 5787 substantia
2815 5733 2949 5787 nihil
2985 5743 3089 5788 est.
3122 5733 3216 5787 Sin
3253 5743 3428 5787 autcte'

1873 5837 1931 5881 ut
1963 5827 2290 5892 accidentia,
2337 5825 2569 5895 primum
2617 5825 2833 5895 quidem
2869 5840 2933 5880 ea
2963 5840 3050 5882 res
3080 5826 3437 5897 impossibilia
