4036 6320
759 323 864 379 H7
1730 323 2123 386 ALEXAND!“
2160 328 2273 387 EPI:

2373 337 2460 393 )Pl
2499 338 2996 397 LYCOPOLITANI
3850 337 3945 395 428

762 436 1023 506 insignit,
1074 449 1347 505 unumque
1384 436 1585 490 malum
1626 438 1927 494 materiam.
1986 439 2082 497 Sin
2129 452 2273 500 auter

2373 486 2384 512 ι
2409 467 2490 514 τις
2522 451 2770 522 βασιλεὺς
2793 452 3107 517 ἐπέταττεν,
3140 453 3174 522 ἡ
3198 452 3255 505 δι
3279 451 3372 506 τὸν
3403 450 3562 507 πόνον
3592 452 3684 507 τὸν
3708 451 3946 509 ἀκούσιον

759 525 1006 582 similiter
1039 525 1323 591 habebant,
1356 526 1617 596 quidnam
1670 542 1851 586 causa:
1896 540 2014 595 est,
2066 549 2163 590 cur
2198 536 2273 607 ips

2412 542 2604 614 ἀνέτλη
2642 544 2824 599 τοῦτον
2839 560 2855 610 ;

758 618 904 671 velut
946 631 1038 671 rex
1083 615 1300 687 quidam
1344 616 1680 686 imperaret,
1738 621 1857 689 ipsa
1892 635 2021 677 vero
2071 624 2311 684 laborem

754 707 899 763 hunc
919 708 1086 763 invita
1118 708 1360 764 subiret?

822 800 964 867 Quin
997 800 1065 855 ad
1095 800 1374 855 materiam
1404 813 1618 870 quoque
1644 800 1788 870 quod
1821 803 2045 869 attinet,
2099 822 2273 877 quaere

2477 816 2585 869 Καὶ
2631 815 2724 868 ἐπὶ
2764 814 2861 885 τῆς
2899 813 3029 883 ὕλης
3081 814 3134 868 δὲ
3183 813 3565 886 ζητηθήσεται,
3618 814 3839 885 πότερον
3872 816 3941 877 είς

750 904 861 957 tur,
894 908 1024 946 num
1045 893 1178 947 mali
1219 892 1427 947 ratione
1449 892 1654 947 similes
1674 893 1784 947 sint
1816 909 1887 949 an
1928 897 2166 954 minores
2196 899 2273 953 vir

2406 906 2467 960 τὺ
2499 905 2665 960 κακὸν
2691 907 2871 976 ὅμοιαι
2906 905 2938 977 ἢ
2968 906 3219 969 ἐλάττους
3248 905 3535 974 δυνάμεις;
3566 905 3629 958 El
3666 905 3779 975 γὰρ
3804 903 3940 957 tte:-

750 982 935 1037 tutes?
962 980 1097 1035 Nam
1129 986 1177 1038 si
1218 982 1475 1045 minores,
1507 995 1731 1051 prorsus
1771 984 1980 1039 minore
2006 987 2213 1041 malitia
2242 1002 2273 1042 a

2403 1014 2547 1061 τους,
2589 997 2799 1060 πάντως
2838 1013 2897 1049 τε
2935 998 3127 1059 κακίας
3162 996 3445 1060 ἐλάττουςο
3483 998 3681 1066 μετοχῇ
3716 996 3823 1066 ἀρα
3858 993 3939 1047 τοῦ

750 1075 1031 1144 pravitate.
1066 1072 1197 1127 Boni
1220 1086 1347 1143 ergo
1373 1074 1700 1128 commercio
1717 1077 1985 1131 exsistant
2017 1077 2139 1133 illae.
2166 1077 2273 1133 Cum

2404 1087 2607 1160 ἀγαθοῦ
2650 1080 2809 1141 αὗται
2842 1087 2908 1141 ἀν
2945 1087 3203 1154 γένοιντο.
3255 1087 3358 1140 Δύο
3393 1087 3500 1158 γάρ
3543 1086 3709 1141 ὅντων
3750 1086 3937 1151 κακῶν,

743 1164 889 1221 enim
916 1162 1026 1217 duo
1064 1164 1203 1218 mala
1256 1164 1384 1226 sint,
1416 1164 1561 1234 quod
1609 1167 1939 1231 minusest,
1994 1168 2099 1224 tale
2145 1170 2273 1239 plan

2401 1180 2463 1233 τὸ
2503 1175 2663 1250 ἦττον
2688 1178 2921 1231 τοιοῦτον
2950 1179 3088 1233 κατά
3125 1178 3419 1249 μετάληψιν
3450 1177 3545 1230 τοῦ
3586 1178 3787 1245 ἀγαθοῦ
3818 1178 3940 1230 πάν-

742 1255 873 1311 boni
899 1254 1223 1311 commercio
1246 1260 1465 1309 nactum
1497 1258 1555 1308 ut
1593 1263 1741 1311 esset
1778 1271 1843 1311 ac
1866 1257 1942 1311 ita
1973 1272 2033 1313 se
2053 1258 2273 1315 haberet

2399 1290 2507 1336 τως
2537 1289 2637 1324 που
2671 1270 2843 1334 οὕτως
2870 1270 3115 1341 ἔσχηκεν.
3168 1270 3393 1339 Ἀγαθὸν
3428 1269 3484 1322 δὲ
3514 1269 3665 1323 οὐδὲν
3699 1267 3938 1340 περιτὴν

739 1346 810 1401 At
840 1347 916 1401 illi
945 1346 1090 1401 circa
1125 1347 1406 1411 materiam
1451 1344 1681 1400 nullum”
1716 1347 1918 1401 bonum
1963 1350 2273 1421 relinquunt

2373 1355 2537 1435 [ὕλην
2576 1354 2946 1409 ἀπολείπουσι.
2987 1353 3153 1407 Πάλιν
3216 1354 3392 1407 τοίνυν
3432 1352 3633 1425 ἀπορία
3667 1353 3849 1423 ἑτέρα.
3883 1353 3938 1404 El

741 1437 952 1491 Rursus
1002 1436 1168 1505 igitur
1217 1437 1321 1489 alia
1364 1436 1590 1507 emergit
1621 1437 1871 1505 questio.
1924 1436 2059 1491 Nam
2096 1440 2142 1494 si
2194 1440 2273 1493 ali

2384 1442 2506 1516 ’γάρ
2529 1462 2613 1507 τις
2638 1444 2766 1513 ἄλλη
2806 1443 3029 1514 δύναμις
3053 1442 3131 1513 τῷ
3162 1442 3317 1513 κακῷ
3350 1443 3672 1514 ὑπερϐάλλει
3696 1445 3798 1513 τὴν
3824 1444 3937 1513 ἠγε-

736 1529 980 1598 quazdam
1014 1530 1188 1582 virtus
1214 1528 1340 1582 mali
1370 1529 1582 1583 ratione
1619 1526 1861 1582 materia:
1892 1529 2150 1598 praecellit
2180 1545 2273 1599 qua

2402 1534 2727 1605 μονεύουσαν
2776 1534 2933 1604 ὕλην,
2981 1533 3116 1605 αὕτη
3164 1534 3310 1586 ἐστὶν
3344 1534 3818 1605 ἡγεμονικυιτέρα·
3886 1530 3937 1583 τὸ

734 1620 1241 1691 dominio-polleat,
1290 1620 1407 1689 ipsa
1444 1619 1799 1691 principalior
1849 1619 2083 1676 exsistit.
2142 1619 2273 1686 Quoc

2397 1624 2504 1696 γὰρ
2532 1624 2728 1695 μᾶλλον
2757 1623 2921 1678 κακὸν
2951 1623 3053 1694 τῆς
3077 1624 3250 1695 ἀρχῆς
3278 1623 3376 1695 τῆς
3403 1624 3519 1678 κατ’
3547 1625 3715 1695 αὑτὴν
3744 1624 3933 1694 ἡγοῖτο.

733 1713 877 1766 enim
911 1712 1082 1782 magis
1115 1710 1337 1774 malum,
1370 1710 1545 1780 ipsum
1577 1710 1723 1765 illius
1752 1710 1979 1780 imperio
2007 1711 2222 1781 polleat.

734 1823 863 1879 Car.
886 1821 997 1876 Xll.
1034 1820 1339 1891 lmprobata
1360 1821 1565 1874 virtutis
1602 1822 1945 1895 immissione,
1964 1824 2101 1895 ntali
2128 1821 2447 1895 destructio;
2478 1824 2615 1895 quod
2636 1824 2765 1895 ntali
2792 1840 2858 1879 ea:
2887 1840 2949 1879 ea
2980 1824 3127 1879 nulla
3147 1824 3387 1877 minutio.
3419 1822 3699 1893 Ezpuncta
3720 1821 3933 1879 Zenonis

1672 1892 1869 1960 opinio,
1892 1891 2020 1946 solis
2049 1894 2163 1963 igne
2192 1892 2365 1949 orbem
2395 1889 2505 1949 esse
2536 1889 3010 1966 conﬂagraturum.

803 2007 1017 2064 Misisse
1047 2012 1223 2061 autem
1253 2002 1419 2059 Deum
1460 2004 1717 2060 virtutem
1756 2004 1813 2059 in
1853 2004 2171 2069 materiam,
2205 2004 2273 2060 di-

2460 2006 2537 2079 Τὸ¹
2561 2006 2638 2072 δὲ,
2667 2004 2998 2076 Κατέπεμψε
3027 2006 3056 2057 ὁ
3083 2003 3213 2068 Θεὸς
3238 2003 3466 2075 δύναμιν
3499 2004 3592 2057 ἐπὶ
3620 2005 3719 2076 τὴν
3789 2006 3931 2076 ὕλην,

732 2104 874 2161 citur
903 2099 1118 2172 quidem
1144 2096 1291 2152 nulla
1314 2096 1666 2167 probatione;
1698 2111 1763 2151 ac
1793 2098 1933 2166 quod
1965 2098 2109 2152 omni
2132 2112 2288 2167 ριιοιι-

729 2200 826 2249 sus
850 2189 1226 2263 probabilitate
1245 2196 1444 2243 careat.
1475 2185 1579 2242 Par
1611 2195 1793 2243 tamen
1822 2194 1926 2254 est,
1954 2194 2013 2241 ut
2034 2196 2088 2242 et
2109 2186 2287 2259 ipsum

728 2282 845 2353 pari
874 2280 1083 2335 ratione
1128 2278 1246 2335 suis
1277 2276 1619 2333 sermonibus
1653 2289 1715 2329 ac
1744 2275 2103 2345 explicatione
2153 2289 2287 2347 gau-

726 2375 870 2429 deat.
917 2369 1092 2441 Hujus
1156 2383 1287 2425 sane
1318 2381 1542 2422 causam
1587 2366 1727 2419 hanc
1777 2380 1901 2420 esse
1950 2365 2167 2431 dicunt,
2226 2382 2287 2420 ut

726 2466 930 2520 nullum
971 2463 1041 2519 sit
1075 2460 1300 2522 malum,
1331 2456 1428 2513 sed
1468 2457 1650 2512 omnia
1681 2456 1843 2511 bona.
1877 2454 2112 2513 Decebat
2140 2458 2285 2513 enim

726 2557 977 2610 virtutem
1011 2550 1253 2606 materia:
1308 2547 1547 2613 misceri,
1577 2534 1902 2601 athletarum
1944 2562 2095 2603 more
2117 2590 2131 2614 ,
2193 2547 2286 2619 qui

726 2658 1021 2717 congressu
1052 2641 1396 2714 implexuque
1444 2638 1790 2695 adversarios
1838 2645 2125 2708 superant;
2177 2654 2287 2709 quo

725 2737 932 2795 scilicet
983 2733 1113 2789 mali
1153 2732 1416 2794 victoria,
1469 2728 1648 2799 ipsum
1714 2728 2042 2784 aboleretur.
2103 2728 2287 2802 Longe

724 2843 853 2883 vero
874 2824 1159 2896 augustius
1192 2821 1447 2883 arbitror,
1477 2816 1680 2890 Deique
1700 2820 2018 2876 excellentia
2044 2822 2282 2893 dignius,

722 2919 899 2989 primo
960 2916 1145 2973 statim
1196 2910 1542 2967 existentium
1588 2910 1827 2979 cogitatu
1852 2907 2130 2964 materiam
2154 2912 2287 2967 sub.

728 3005 892 3059 latam
954 3016 1097 3057 esse.
1146 3000 1301 3057 Haud
1360 3011 1535 3057 tamen
1584 3010 1714 3073 puto
1768 3017 1881 3057 rem
1911 3000 2280 3069 admiserunt,

722 3094 865 3166 quod
937 3109 1081 3150 nunc
1127 3107 1339 3166 quoque
1412 3094 1613 3149 malum
1674 3093 1951 3166 quidpiam
2016 3096 2279 3163 exsistat,

720 3184 862 3256 quod
887 3184 1165 3239 materiam
1196 3194 1412 3238 vocant.
1460 3179 1569 3236 Res
1611 3195 1741 3237 vero
1776 3182 1911 3235 nihil
1944 3182 2115 3251 magis
2167 3196 2282 3239 ces-

2386 2097 2599 2166 λὲγεται
2642 2091 2739 2167 μὲν
2767 2098 2882 2168 μετ’
2909 2096 3162 2167 οὐδεμιᾶς
3186 2096 3531 2161 ἀποδείξεως⁸
3559 2097 3671 2151 ἔστι
3696 2099 3757 2153 δὲ
3784 2088 3933 2153 πιθῖι-

2386 2191 2472 2244 νὸν
2503 2186 2609 2243 οὐδ’
2638 2188 2953 2244 ὁπωστιοῦν.
2986 2186 3105 2261 Χρὴ
3143 2187 3199 2241 δὲ
3228 2188 3429 2258 ὁμοίως
3461 2190 3556 2242 καὶ
3586 2189 3719 2244 αὐτὸ
3760 2195 3933 2264 τυχεῖν

2384 2280 2491 2332 τῶν
2527 2280 2741 2335 οίκείων
2774 2274 2966 2349 λόγων.
2994 2277 3067 2332 Τὸ
3100 2279 3196 2351 μὲν
3220 2279 3329 2351 γάρ
3352 2280 3525 2334 αἴτιον
3556 2282 3744 2335 τούτου
3770 2284 3934 2337 ἐκεῖνο

2386 2367 2543 2435 εἶναι,
2587 2372 2734 2434 ὅπως
2785 2371 2949 2442 μηδὲν
2996 2370 3092 2440 μὲν
3131 2367 3387 2443 ᾗκακδν,
3426 2370 3603 2439 ἀγαθά
3639 2370 3701 2426 δὲ
3744 2371 3928 2428 πάντα.

2390 2461 2531 2514 Ἔδει
2560 2460 2811 2531 μιχθῆναι
2835 2462 2931 2533 τὴν
2957 2460 3181 2532 δύναμιν
3226 2458 3291 2533 τῇ
3315 2452 3435 2535 ὕλῃ,
3462 2464 3599 2517 κατά
3624 2464 3751 2527 τοὺς
3776 2465 3930 2535 ἀθλη-

2385 2552 2503 2615 τὰς,
2552 2554 2677 2615 τοὺς
2717 2555 2773 2605 ὲν
2823 2552 2901 2624 τῷ
2955 2554 3355 2624 συμπλέκεσθαι
3412 2556 3932 2628 καταγωνιζομένους

2384 2641 2507 2705 τοὺς
2550 2642 2890 2705 ἀντιπάλους,
2919 2644 3025 2705 ἵνα,
3066 2645 3381 2715 κρατήσασα
3410 2644 3503 2698 τοῦ
3535 2645 3730 2705 κακοῦ,
3757 2645 3929 2714 παύσῃ

2384 2730 2512 2782 αὐτὸ
2543 2728 2634 2782 τοῦ
2673 2725 2829 2783 εἶναι.
2875 2726 3014 2784 Πολὺ
3044 2731 3099 2783 δὲ
3135 2729 3285 2803 οἶμαι
3325 2734 3663 2805 σεμνότερον,
3708 2737 3802 2789 καὶ
3841 2734 3932 2804 τῆς

2382 2817 2475 2870 τοῦ
2503 2816 2635 2871 Θεοῦ
2657 2819 2926 2889 ὑπεροχῆς
2965 2818 3201 2884 ἐπάξιον,
3224 2818 3286 2872 ab
3313 2821 3445 2890 ὁμοῦ
3476 2825 3705 2893 νοήματι
3726 2825 3833 2877 τῶν
3851 2823 3928 2875 θν-

2383 2927 2509 2964 τωγ
2540 2910 2797 2979 ἀφανίσαι
2852 2911 2948 2981 τὴν
3007 2908 3157 2981 ὓλην.
3213 2912 3348 2963 Ἀλλ’
3415 2912 3590 2983 οἶμαι,
3633 2914 3792 2968 τοῦτο
3838 2916 3929 2969 οὐκ

2382 3000 2721 3068 ἀπεδέξαντο,
2754 3000 2843 3054 διὰ
2868 3000 2930 3053 τὺ
2957 3001 3049 3053 καὶ
3079 3001 3172 3054 νῦν
3200 3000 3364 3054 κακόν
3391 3019 3444 3053 τι
3471 3004 3755 3075 ὑπάρχειν,
3785 3006 3813 3058 δ
3836 3005 3927 3075 τὴν

2384 3091 2513 3163 ὓλην
2565 3088 2705 3146 εἷναί
2750 3109 2900 3162 φασι.
2936 3092 3016 3145 Τά
3040 3091 3334 3163 πράγματα
3357 3093 3412 3146 δὲ
3438 3093 3586 3147 οὐδὲν
3623 3095 3824 3165 μᾶλλον
3842 3094 3926 3148 δύ-

2382 3199 2535 3236 ναται
2575 3182 2882 3236 παύσασθαι
2912 3183 3040 3237 ὄντα
3072 3183 3313 3248 τοιαῦτα,
3350 3183 3433 3236 ἵνα
3464 3200 3548 3249 τις
3577 3185 3638 3239 τὸ
3665 3186 3742 3257 μὴ
3772 3194 3937 3258 μετα-’

717 3292 840 3331 sare
870 3291 933 3331 ac
962 3276 1161 3331 aboleri
1194 3273 1450 3345 possibile
1501 3279 1620 3338 est,
1670 3287 1790 3343 qua:
1839 3273 1977 3328 tales
2025 3273 2167 3340 sint,
2210 3289 2273 3329 ne

2385 3273 2669 3329 ϐάλλεσθαι
2714 3276 2794 3339 είς
2827 3274 2894 3328 τά
2937 3275 3101 3346 χείρω
3141 3276 3259 3330 ἔνια
3301 3278 3645 3349 συγχωρήσῃ.
3693 3278 3839 3333 Ἔδει
3875 3278 3928 3331 δέ

716 3366 837 3437 quis
862 3365 917 3420 in
937 3365 1174 3419 deterius
1195 3335 1442 3434 quaedam
1476 3335 2009 3417 mutari-admiserit.
2042 3335 2273 3418 Decehat

2376 3380 2493 3417 τινα
2541 3335 2788 3435 αεσθησιν
2829 3335 3080 3433 γενέσθαι
3125 3365 3328 3431 τούτου,
3788 3369 3926 3429 ὅπως

715 3457 857 3515 enim
893 3456 1054 3527 hujus
1080 3455 1364 3527 quemdam
1416 3469 1637 3509 sensum
1672 3452 1824 3517 ﬁeri,
1883 3452 2029 3523 quod
2084 3470 2276 3525 nempe

714 3548 829 3604 haec
861 3547 1203 3603 mediocriter
1247 3546 1441 3616 quovis
1493 3558 1627 3598 sane
1667 3541 1831 3597 modo
1875 3542 2156 3597 imminuta
2188 3560 2275 3599 es-

712 3646 854 3701 sent,
888 3644 945 3689 ut
972 3643 1025 3691 et
1054 3636 1110 3690 in
1142 3642 1418 3705 posterum
1452 3632 1704 3686 meliores
1744 3630 1902 3686 nobis
1924 3647 2048 3701 spes
2072 3648 2272 3707 suppe-

713 3731 907 3780 terent.
942 3722 1173 3779 Pulchre
1203 3724 1347 3779 enim
1389 3723 1444 3775 in
1473 3720 1707 3777 Zenonis
1745 3721 1904 3777 Citiei
1948 3725 2271 3779 sententiam

713 3815 917 3868 dictum
949 3820 1054 3877 est,
1078 3814 1170 3882 qui
1198 3826 1379 3866 rerum
1406 3811 1806 3866 universitatem
1830 3812 1941 3881 igni
1973 3812 2273 3882 conﬂagra-

713 3907 915 3962 turam,
938 3898 1017 3953 sic
1055 3905 1323 3970 argueret,
1352 3898 1579 3969 Quiquid
1610 3898 1761 3952 habet
1788 3900 1925 3971 quod
1970 3911 2129 3967 urat,
2167 3917 2270 3954 non

712 3988 1019 4055 cessaverit,
1049 3987 1209 4041 donec
1237 3997 1401 4041 totum
1429 3988 1734 4053 comburat;
1777 3990 1954 4061 solque
1992 3993 2129 4061 ignis
2152 4002 2264 4056 est,

710 4095 801 4133 nec
830 4077 966 4149 quod
992 4077 1167 4143 habet,
1212 4078 1523 4133 comburet?
1561 4078 1636 4133 Ex
1669 4094 1778 4150 quo
1802 4080 2152 4147 conﬁciebat,
2208 4089 2267 4137 ut

708 4172 814 4228 sibi
844 4169 1148 4233 videbatur,
1182 4185 1362 4225 rerum
1396 4171 1535 4226 hanc
1564 4172 1972 4227 universitatem
2000 4173 2107 4243 igni
2133 4154 2273 4227 exn;

709 4261 930 4316 rendam
957 4275 1099 4315 esse.
1132 4259 1213 4314 Ad
1235 4276 1392 4330 quem
1419 4260 1735 4316 facetiarum
1752 4263 2039 4332 quemdam
2062 4264 2266 4319 dixisse

707 4354 907 4405 ferunt.
943 4351 1099 4421 Atqui
1132 4367 1224 4420 ego
1261 4350 1404 4413 heri,
1436 4361 1484 4404 et
1522 4362 1641 4403 ante
1671 4367 1887 4415 annum,
1928 4368 1989 4404 ac
2026 4352 2117 4404 diu
2145 4364 2265 4406 ante

707 4442 832 4505 vidi,
864 4457 1097 4511 nuncque
1147 4442 1387 4495 similiter
1432 4440 1616 4504 video,
1671 4442 1870 4496 nullam
1924 4442 2090 4496 labem
2136 4444 2262 4497 solis

705 4536 874 4603 ignem
908 4535 1165 4587 attulisse.
1194 4532 1416 4587 Decebat
1443 4549 1559 4585 cum
1598 4542 1822 4598 tempore
1857 4535 2117 4602 paulatim
2154 4551 2264 4588 rem

2374 3454 2573 3525 δήποτε
2608 3456 2839 3527 ὲμειώθη
2874 3456 3065 3520 ταῦτα,
3099 3459 3186 3513 ῐνα
3231 3458 3323 3511 παλ⁸
3368 3458 3466 3521 τάς
3507 3462 3586 3520 είς
3625 3458 3687 3511 τὺ
3745 3459 3927 3529 μέλλον

2373 3544 2589 3609 ἐλπίδας
2629 3547 2870 3617 βελτίους
2914 3548 3145 3618 ἔχωμεν.
3184 3550 3377 3613 Καλῶς
3409 3550 3517 3622 γάρ
3555 3549 3617 3620 δὴ
3668 3552 3806 3623 πρὸς
3842 3552 3927 3603 τὸν

2371 3638 2612 3709 Ζήνωνος
2643 3641 2733 3693 τοῦ
2767 3643 2997 3707 Κιτιέως
3047 3645 3253 3716 εἴρηται
3289 3643 3465 3711 λόγον,
3505 3644 3562 3706 ὃς
3600 3640 3660 3696 τὸ
3701 3646 3811 3697 πᾶν
3841 3644 3927 3695 ἑκ-

2373 3730 2788 3802 πυρωθήσεσθαι
2808 3733 3001 3801 λέγων,
3029 3734 3159 3789 Πᾶν
3179 3736 3243 3789 τὸ
3271 3734 3441 3788 καῖον
3457 3734 3601 3801 ἔχον
3622 3736 3694 3788 οὐ
3722 3734 3923 3802 παύσῃ

2370 3818 2478 3884 ἕως
2537 3820 2684 3873 ὅλον
2733 3824 2967 3891 παύσῃ·
3015 3825 3111 3877 καὶ
3146 3828 3179 3877 ό
3207 3823 3375 3890 ἥλιος
3417 3820 3534 3889 πῦρ
3569 3823 3722 3889 ἐστι,
3754 3824 3853 3881 καὶ
3896 3823 3925 3875 ὁ

2368 3910 2491 3977 ἔχει
2523 3913 2594 3964 οὐ
2619 3914 2864 3973 καύσεις
2909 3913 2997 3979 Ἐξ
3027 3910 3086 3967 οὗ
3125 3915 3399 3985 συνήγετο,
3436 3911 3508 3976 ὡς
3540 3913 3697 3985 ᾤετο,
3733 3915 3792 3968 τὸ
3824 3916 3923 3967 πᾶν

2369 4001 2868 4073 ὲκπυρωθήσεσθαι.
2902 4003 3046 4073 Πρὸς
3085 4005 3141 4056 ὃν
3182 4022 3261 4067 τις
3302 4004 3409 4056 τῶν
3454 4004 3822 4075 χαριεστέρων
3848 4006 3922 4057 είι-

2370 4091 2592 4161 ρηκὲναι
2640 4092 2887 4161 λέγεται·
2948 4095 3097 4147 Ἀλλ’
3146 4093 3259 4161 ἐγώ
3304 4107 3391 4148 τοι
3439 4095 3633 4163 χθὲς,³
3663 4098 3761 4149 καὶ
3812 4093 3921 4162 πρὸ

2365 4183 2662 4259 ἐνιαυτοῦ,
2718 4183 2815 4237 καὶ
2862 4184 2972 4251 πρὸ
3027 4186 3304 4250 πλείονος
3344 4186 3563 4253 χρόνου
3606 4182 3790 4246 εἶδον,
3828 4184 3919 4236 καί

2365 4276 2480 4329 νῦν
2507 4277 2717 4344 ὁμοίως
2756 4272 2889 4343 ὁρῶ,
2927 4275 3105 4330 οὐδὲν
3125 4276 3241 4330 ὑπὸ
3265 4276 3369 4329 τοῦ
3397 4278 3573 4344 ἡλίου
3605 4277 3915 4340 πεπονθός.

2363 4365 2525 4435 Χρῆν
2564 4367 2630 4419 δὲ
2658 4368 2777 4421 σὺν
2804 4369 2999 4437 χρόνῳ
3026 4370 3152 4421 κατ’
3178 4367 3384 4435 ὀλίγον
3422 4368 3698 4435 γενέσθαι
3730 4367 3915 4429 τοῦτο,

2364 4458 2463 4510 ἵνα
2492 4458 2585 4512 καὶ
2614 4458 2701 4512 ὅτι
2731 4460 2874 4513 ποτὲ
2894 4459 3377 4529 ἑκπυρωθήσεται
3408 4458 3473 4512 τὸ
3512 4459 3659 4513 ὅλον
3686 4460 3917 4513 πιστεύ-

2362 4564 2579 4618 σωμεν.
2615 4551 2724 4604 Καὶ
2772 4553 2905 4623 πρὸς
2945 4553 3035 4605 τὸν
3078 4552 3375 4621 Μανιχαίου
3414 4551 3477 4621 δὴ
3525 4550 3717 4618 λόγον,
3750 4551 3915 4604 καίτοι

707 4625 843 4718 ﬁeri}
876 4634 931 4676 αι
983 4624 1286 4718 qualiaque
1320 4626 1644 4718 λαηίυετδωηᾲ
1675 4624 1771 4679 hoc
1812 4627 2261 4696 οοηίῖαθναιιινειηι
2293 4663 2336 4718 ι)
2368 4642 2461 4692 σὺν
2475 4641 2695 4712 οὐδεμιᾷ
2720 4642 3159 4713 πίστειρηθέντα,
3185 4645 3218 4714 ἡ
3243 4640 3399 4712 αὐτὴ.
3423 4637 3913 4713 οἷμαι,ἀπόκρισις⁶

706 4715 1048 4771 crederemus.
1093 4715 1233 4782 Quin
1266 4716 1332 4771 ad
1369 4716 1649 4771 Manichmi
1680 4733 1895 4786 quoque
1930 4719 2257 4783 doctrinam,

2361 4734 2440 4785 ὅτι
2482 4733 2619 4785 Ἀλλ’
2672 4735 2821 4787 οὐδὲν
2852 4734 3085 4806 ὲμειὼθη
3128 4733 3333 4787 ταῦτα’
3371 4731 3505 4786 ἀλλὰ
3539 4734 3631 4785 καὶ⁵
3662 4734 3916 4805 πρότερον

704 4823 1014 4880 quanquam
1054 4809 1203 4862 nulla
1226 4810 1412 4864 nititur
1444 4807 1543 4863 [ide
1573 4822 1636 4861 ac
1663 4809 1889 4873 ratione,
1922 4809 2107 4864 eadem
2129 4816 2261 4878 puto

2373 4820 2425 4894 ῆν
2450 4822 2541 4877 ἐπὶ
2574 4826 2666 4879 τοῦ
2697 4826 2909 4897 πρώτου
2941 4826 3232 4896 γενομένου
3264 4823 3571 4894 ἀνθρώπου,
3602 4827 3739 4877 ὅπου
3767 4822 3911 4878 ἀδελ-

704 4899 991 4969 responsio
1017 4907 1311 4969 congruat,
1359 4900 1491 4952 nihil
1523 4900 1636 4952 haec
1663 4897 1989 4953 decremeuti
2025 4897 2258 4953 fecisse:

2359 4917 2455 4983 φὺς
2491 4918 3026 4986 ἀδελφὸντὰπόλλυσι,
3060 4921 3151 4970 καὶ
3180 4916 3274 4969 νῦν
3305 4916 3383 4969 ἔτι
3414 4916 3546 4967 ἐστί·
3575 4918 3669 4967 καὶ
3700 4916 3913 4983 πόλεμοι

702 4988 800 5047 sed
837 4998 890 5044 ct
920 4988 1088 5046 fuisse
1118 4990 1288 5059 prius,
1312 4988 1431 5058 ejus
1455 4989 1814 5059 temporibus,
1836 4989 1929 5059 qui
1948 4988 2259 5043 mortalium

2373 5006 2405 5060 >ἱ
2433 5008 2605 5070 αὐτοὶ,
2630 5010 2723 5060 καὶ
2741 5007 3121 5079 ποικιλώτεραι
3144 5005 3445 5075 ἐπιθυμίαι.
3474 5003 3626 5074 Χρῆν
3645 5003 3723 5066 δὲ,
3760 5004 3806 5056 εί
3828 5000 3912 5051 καὶ

704 5077 910 5146 primus
940 5078 1193 5133 conditus
1214 5086 1315 5139 est,
1349 5092 1470 5130 cum
1495 5077 1661 5131 frater
1686 5077 1906 5131 fratrem
1939 5078 2180 5142 sustulit,
2206 5082 2261 5130 et

703 5184 848 5224 nunc
884 5170 1059 5224 adhuc
1086 5185 1244 5225 esse:
1277 5170 1569 5238 eademque
1599 5169 1759 5232 bella,
1784 5179 1838 5222 et
1869 5170 2112 5223 diversas
2143 5182 2259 5219 ma-

703 5262 786 5328 gis
806 5261 1128 5329 cupiditates
1158 5276 1221 5313 ac
1245 5260 1510 5314 libidines.
1541 5260 1772 5315 Decebat
1802 5268 1981 5313 autem
2011 5260 2143 5319 haec,
2175 5260 2257 5312 vel

702 5353 749 5403 si
780 5366 887 5404 non
918 5360 1280 5415 cessaverant,
1306 5358 1451 5403 certe
1503 5353 1707 5405 Initiuta
1734 5366 1876 5413 esse,
1906 5360 1964 5404 ut
2001 5363 2053 5404 et
2080 5365 2255 5419 quaa—

702 5438 878 5509 doque
908 5450 1144 5512 tempore
1187 5450 1463 5498 cessatura
1519 5442 1930 5514 augurarentur.
1981 5441 2116 5493 Dum
2162 5457 2257 5492 au-

702 5539 809 5584 tem
849 5531 1033 5586 eadem
1068 5533 1261 5590 exinde
1290 5542 1675 5605 perseverant,
1722 5550 1971 5603 quaenam
2004 5548 2128 5603 spcs
2172 5534 2251 5586 iu-

702 5630 942 5677 turorum
958 5622 981 5677 ἲ

2364 5098 2438 5167 μὴ
2471 5098 2797 5161 πεπαῦσθαι,
2841 5099 3173 5169 μεμειῶσθαι
3195 5100 3247 5166 γ’
3274 5093 3366 5150 οὖν
3395 5096 3585 5158 ταῦτα,
3620 5097 3711 5149 ἵνα
3740 5093 3911 5164 οἰηθή-

2360 5205 2561 5258 σωμεν,
2591 5191 2671 5241 ὅτι
2697 5193 2788 5243 καὶ
2818 5189 3089 5262 παύσηταί
3117 5206 3243 5241 ποτε
3273 5187 3367 5239 σὺν
3391 5186 3468 5256 τῷ
3493 5188 3689 5257 χρόνῳ.
3719 5187 3912 5238 Ὄντων

2360 5280 2413 5332 δὲ
2447 5282 2553 5333 τῶν
2588 5284 2762 5337 αὐτῶν
2793 5284 3021 5349 ἐκεῖθεν,
3065 5285 3148 5347 τίς
3177 5284 3210 5353 ἠ
3251 5281 3433 5344 πίστις
3460 5278 3567 5331 τῶν
3601 5279 3680 5341 εἰς
3706 5276 3765 5331 τὸ
3796 5274 3910 5346 μέ).-

2358 5374 2447 5427 λον
2463 5392 2477 5439 ;
