4036 6320
127 371 207 427 89
948 367 1368 430 TRACTA'I‘US
1402 368 1492 425 DE
1529 369 1633 426 PL!

1733 365 1842 425 TIS
1880 367 2432 429 MANICHEORUM.

3181 375 3288 436 450

123 509 222 562 ω.
249 503 369 561 XIII.
399 504 608 561 Nolunt
630 507 1200 581 minimeirtsideribus
1229 519 1281 564 et
1312 511 1500 564 stellis.
1534 507 1685 562 Mala
1717 511 1845 581 vita,
1867 511 2045 581 omnia
2077 507 2397 564 Manichaice
2419 527 2572 576 vana,
2594 526 2710 581 qua
2745 513 2862 568 vita:
2887 513 3135 575 inducant
3154 520 3290 576 inte.

597 579 763 630 ritum
787 595 804 632 :
831 578 1015 633 delirio
1037 595 1201 648 supra
1220 583 1456 648 exposito
1479 580 1873 633 transvectiouis
1898 579 2194 632 animarum
2210 596 2274 633 ea:
2294 582 2421 634 luna
2447 581 2513 634 ad
2549 578 2727 637 solem.

174 688 285 743 Τίνα
309 689 362 743 δὲ
388 689 478 743 καὶ
497 690 570 743 τὰ
600 692 750 744 κακά
775 689 910 744 εἶναι
934 693 1115 759 λέγεις
1138 693 1271 764 Περὶ
1301 695 1397 764 μὲν
1416 691 1522 764 γάρ
1546 693 1633 745 τὸν

1807 689 2065 756 Quasnam
2095 708 2222 746 vero
2250 694 2414 746 etiam
2445 694 2583 746 mala
2611 709 2733 750 esse
2775 695 2945 751 dicit?
2987 699 3068 752 Ad
3119 703 3288 756 solem

115 783 237 851 ἥλιον
269 784 351 836 καὶ
373 783 467 854 τὴν
497 784 732 856 σελήνην
765 786 916 838 οὐδὲν
954 785 1258 839 ἀπολείπει·
1303 786 1432 856 περὶ
1457 786 1513 838 δὲ
1545 786 1633 838 τὸν

113 877 300 946 οὐρανὸν
325 879 411 929 καὶ
438 878 569 942 τοὺς
609 878 861 949 ἀστέρας,
886 877 940 931 εῐ
958 897 1012 930 τι
1038 879 1278 932 τοιοῦτον
1303 875 1441 931 εἷναί
1481 894 1633 949 φησι,

116 970 188 1019 καὶ
207 969 250 1018 τί
279 968 388 1020 ποτ’
417 968 534 1022 ἐστὶ
564 969 742 1032 τοῦτο,
776 970 992 1038 εὔλογον
1021 972 1216 1040 ἐφεξῆς
1250 971 1448 1042 ζητεῖν.
1499 970 1635 1022 Ἀλλ’

115 1059 138 1124 ἠ
180 1058 260 1126 μὲν
311 1058 501 1124 ἀταξία
550 1061 674 1112 κατ’
724 1060 918 1123 αὐτούς
975 1063 1088 1113 ἐστι
1132 1061 1192 1113 τὸ
1246 1060 1416 1113 κακὸν
1459 1061 1552 1113 καὶ
1600 1061 1634 1131 ἡ

114 1149 306 1211 ἄτακτος
341 1148 578 1219 κίνησις·
624 1152 796 1205 ταῦτα
837 1152 892 1204 δὲ
941 1153 1028 1204 ἀεὶ
1070 1153 1209 1206 κατά
1249 1154 1319 1207 τά
1362 1153 1499 1205 αὑτά
1545 1155 1638 1206 καὶ

113 1240 330 1302 ὡσαύτως
361 1240 502 1311 ἔχει’
543 1243 641 1294 καὶ
682 1243 802 1296 οῦτε
844 1244 963 1297 τινά
1002 1261 1082 1307 τις
1119 1244 1225 1297 τῶν
1270 1243 1636 1316 πλανωμένων

115 1332 390 1397 αἰτιάσεται,
411 1333 487 1395 ὡς
517 1335 667 1404 παρά
688 1335 776 1386 τὸν
792 1337 1119 1404 τεταγμένον
1144 1337 1331 1406 χρόνον
1359 1337 1636 1407 ἐπιμεῖναι

113 1440 214 1474 ποτε
255 1423 490 1496 ζωδιακῴ
530 1425 856 1490 ἀξιώσαντα,
908 1426 1029 1480 οὗτε
1082 1427 1190 1482 τῶν
1236 1428 1508 1493 ἀπλανῶν,
1561 1429 1638 1492 ὡς

114 1515 258 1567 οὐκέτι
288 1517 382 1585 τῆς
427 1518 600 1586 αὐτῆς
650 1518 873 1587 μένοντα
911 1517 1072 1586 ἕδρας
1115 1520 1208 1572 καὶ
1256 1519 1330 1590 μὴ
1371 1536 1638 1590 συμπερι-

114 1603 332 1658 πολοῦντα
359 1609 422 1677 τῇ
463 1606 559 1660 τοῦ
605 1608 802 1670 παντὸς
839 1609 1128 1679 περιφορᾷ,
1165 1610 1222 1662 ὲν
1263 1611 1456 1664 ἑκατὸν
1491 1611 1635 1664 ἔτεσι

115 1697 214 1763 μίαν
235 1700 540 1772 μάρανιέπὶ
564 1703 632 1755 τά
658 1703 897 1772 ἑπόμενα
923 1703 1238 1773 κινούμενα.
1278 1704 1366 1756 Ἐν
1387 1706 1458 1774 γῇ
1496 1703 1552 1755 δὲ
1589 1704 1636 1754 εἰ

114 1785 156 1836 τὸ
181 1787 424 1859 ἀνήμερον
458 1791 617 1844 ὲνίων
654 1792 868 1862 χωρίων
901 1794 1162 1857 αἰτιᾶται,
1189 1795 1223 1863 ἢ
1259 1793 1561 1864 μέμψονται
1587 1794 1636 1844 ot

114 1877 394 1948 κυϐερνῆται
444 1883 502 1935 ἐν
546 1886 613 1954 τῇ
662 1883 904 1956 θαλάσσῃ
948 1885 1247 1956 χειμῶναςθ
1279 1886 1492 1957 πρῶτον
1540 1885 1636 1954 μὲν

113 1967 202 2018 κατ’
224 1968 400 2034 αὐτοὺς
431 1972 530 2042 τῆς
561 1971 657 2025 τοῦ
694 1972 898 2040 ἀγαθοῦ
942 1975 1138 2045 μοίρας
1181 1972 1249 2026 τά
1279 1973 1522 2026 τοιαῦτα.
1572 1971 1636 2022 Εἰ

1738 782 1954 851 quidem
1981 796 2044 835 ac
2071 781 2253 836 lunam
2297 785 2440 853 quod
2474 785 2702 849 attinet,
2749 787 2898 843 deest
2929 790 3081 845 nihil.
3133 795 3288 860 Quod

1737 889 1866 929 vero
1895 873 1960 927 ad
1991 875 2186 928 caelum
2211 882 2265 928 et
2296 875 2502 939 stellas,
2542 877 2588 932 si
2617 877 2744 947 quid
2783 882 2889 934 tale
2921 895 3041 936 esse
3068 883 3288 951 dixerit,

1738 980 1802 1019 ac
1821 966 2076 1034 quidnam
2108 965 2322 1020 tandem
2351 968 2478 1022 illud
2504 971 2592 1032 sit,
2618 986 2830 1040 asquum
2858 980 2940 1027 est
2970 981 3028 1027 ut
3059 991 3290 1045 sequen-

1737 1056 1884 1111 tibus
1912 1057 2280 1128 exquiramus.
2336 1055 2659 1124 Enimvero,
2706 1061 3066 1128 inordinatio,
3115 1075 3174 1118 ut
3214 1067 3290 1120 illi

1738 1148 2070 1210 existimant,
2094 1149 2294 1202 malum
2327 1158 2430 1213 est,
2456 1157 2741 1222 motusque
2775 1155 3127 1211 inordinatus.
3163 1155 3291 1212 Haec

1737 1248 1919 1294 autem
1945 1242 2240 1296 secundum
2268 1242 2452 1296 eadem
2484 1251 2644 1314 atque
2665 1246 2852 1300 eodem
2885 1260 3095 1316 semper
3129 1248 3292 1302 modo

1737 1331 1975 1387 habent:
2009 1349 2108 1387 nec
2141 1335 2303 1387 ullam
2355 1335 2476 1404 quis
2520 1335 2874 1390 inerrantium
2905 1337 3181 1392 stellarum
3212 1340 3294 1396 vi-

1738 1423 2096 1492 tuperaverit,
2142 1439 2206 1479 eo
2247 1424 2485 1487 nomine,
2515 1425 2657 1494 quod
2687 1434 2884 1495 prater
2933 1428 3290 1483 constitutum

1738 1523 1953 1586 tempus
1976 1517 2032 1570 in
2063 1511 2320 1586 signifero
2343 1516 2549 1571 circulo
2576 1518 2900 1588 quandoque
2946 1521 3150 1574 morari
3197 1536 3292 1574 vo-

1737 1608 2144 1677 luerit;.neque
2175 1608 2424 1670 lixarum,
2447 1609 2601 1678 quasi
2642 1625 2747 1663 non
2778 1607 2964 1665 eadem
2999 1612 3126 1667 sede
3156 1614 3296 1668 situ-

1738 1714 1842 1768 que
1874 1693 2154 1764 manserit,
2177 1713 2276 1753 nec
2297 1699 2537 1753 universi
2561 1699 2966 1756 circumlatione
3011 1702 3063 1755 in
3105 1704 3295 1759 orbem

1737 1791 1940 1861 pariter
1969 1797 2198 1855 rotetur,
2229 1805 2338 1846 uno
2382 1791 2551 1862 gradu
2574 1797 2718 1846 retro
2754 1799 2874 1846 aeto
2899 1792 2965 1844 ad
3013 1795 3295 1864 sequentia

1738 1890 1890 1936 motu
1918 1923 1934 1948 ,
1986 1889 2203 1936 centum
2233 1896 2498 1937 annorum
2536 1884 2729 1952 Spatio.
2759 1881 2818 1937 In
2853 1890 2999 1939 terra
3024 1891 3205 1940 autem
3245 1887 3294 1942 si

1735 1971 2094 2042 quorumdam
2124 1971 2368 2026 locorum
2402 1988 2764 2044 agrorumque
2808 1975 2996 2031 duram
3043 1992 3106 2032 ac
3135 1977 3294 2032 indo-

113 2053 210 2120 γοῦν
247 2059 329 2110 ἐπὶ
381 2060 470 2130 γῆς
532 2061 696 2133 μηδὲν
739 2061 950 2130 φύοιτο,
994 2063 1223 2131 τάχιστα
1266 2061 1330 2114 ἂν
1383 2059 1633 2113 ἀπόλοιτο

1735 2067 1916 2118 mitam
1950 2064 2183 2118 indolem
2211 2067 2577 2132 accusaverit;
2603 2075 2695 2120 aut
2718 2068 3105 2136 gubernatores
3127 2070 3294 2127 maris

113 2148 250 2203 πάντα
272 2152 334 2204 τά
368 2151 500 2216 ζῶα.
548 2154 718 2206 Τοῦτο
750 2154 806 2206 δὲ
841 2155 976 2206 πολὺ
1018 2155 1116 2224 τῆς
1158 2151 1634 2222 ὲναπειλημμένης

112 2244 157 2309 τῇ
197 2242 280 2314 ὕλῃ
320 2244 598 2314 δυνάμεως
634 2245 770 2315 πρὸς
805 2245 897 2297 τὸν
926 2243 1054 2297 Θεὸν
1078 2243 1440 2313 παραπέμψαι
1472 2240 1630 2294 δύνα-

113 2334 288 2385 sanat
316 2333 508 2397 πολλὰς
541 2335 772 2405 σελήνας
792 2335 971 2404 δεήσει
997 2335 1272 2402 γενέσθαι,
1305 2335 1390 2387 ἵνα
1421 2332 1632 2403 ἀθρόως

114 2418 308 2488 χωρῆσαι
329 2422 594 2491 δυνηθῶσι
629 2421 892 2485 τοσαύτας
927 2423 1406 2493 προσπελαζούσας
1433 2423 1626 2492 ψυχάς.

114 2507 172 2560 Τὰ
198 2510 244 2562 δὲ
267 2513 396 2565 αὑτά
421 2513 517 2567 καὶ
562 2515 692 2582 περὶ
719 2514 825 2586 ,τὴν
875 2514 1158 2569 θάλατταν.
1210 2516 1472 2586 Ἕρμαιον
1519 2514 1627 2584 γάρ

114 2598 410 2670 ἀπόλλυσθαι,
460 2606 548 2659 ἵνα
596 2607 824 2676 τάχιστα
873 2607 973 2676 τῆς
1015 2607 1151 2678 πρὸς
1203 2607 1292 2659 τὸν
1340 2606 1471 2659 Θεὸν
1507 2605 1626 2658 ὀδοῦ

113 2688 294 2758 ῑχωνται
329 2698 690 2768 ἀπολλύμενα.
725 2700 786 2753 Oi
823 2699 878 2752 δὲ
911 2699 1136 2769 πόλεμοι
1168 2701 1217 2751 οἱ
1250 2699 1342 2751 ἐπὶ
1379 2699 1502 2768 γῆς,
1535 2699 1628 2751 καὶ

116 2788 225 2854 λιμοὶ
245 2790 327 2841 καὶ
349 2793 453 2844 πᾶν
480 2795 508 2846 ὅ
535 2811 588 2846 τι
622 2793 961 2865 φθοροποιὸν,
1005 2795 1063 2846 ὲν
1092 2792 1316 2862 πλείστῃ
1347 2795 1476 2862 τιμῇ
1508 2794 1624 2845 κατ’

115 2876 283 2942 αὐτούς.
311 2882 416 2936 Πᾶν
443 2884 552 2956 γὰρ
594 2885 655 2937 τὸ
693 2885 910 2955 ἀγαθῶν
942 2884 1114 2939 αἴτιον
1143 2884 1418 2956 τιμητέον.
1468 2885 1627 2952 Ἀγα-

115 2965 182 3020 Boii
203 2971 248 3023 δὲ
283 2975 419 3028 αίτια
447 2977 620 3031 ταῦτα
653 2979 718 3032 ἐκ
746 2977 845 3048 τῆς
873 2976 1275 3047 συμϐαινούσης
1303 2974 1523 3047 φθορᾶς.
1563 2974 1628 3028 ἂν

114 3059 218 3129 πρὸς
249 3063 328 3116 τὸν
365 3066 495 3120 Θεὸν
538 3070 899 3142 παραπέμπει
931 3069 1032 3140 τὴν
1070 3067 1483 3140 διακρινομένην
1522 3065 1628 3120 ἀπὸ

115 3150 195 3204 τῶν
217 3154 576 3230 ἀπολλυμένων
599 3162 843 3233 δύναμιν.

1735 2156 2145 2225 tempestatibus
2177 2169 2240 2209 ac
2268 2144 2522 2226 procellis
2552 2155 2743 2232 on‘ensi
2783 2159 3005 2213 nterim.
3052 2159 3296 2216 Primum

1734 2244 1955 2315 quidem
1984 2253 2042 2298 ut
2069 2245 2144 2299 illi
2181 2246 2438 2310 sentiunt,
2467 2246 2616 2311 talia,
2647 2247 2774 2303 bcni
2827 2251 3092 2320 partionis
3145 2259 3292 2308 sunt.

1733 2334 1946 2390 Etenim
1987 2338 2138 2392 nullo
2179 2345 2335 2391 terrae
2378 2336 2618 2407 germine
2674 2340 2990 2407 exsistente,
3049 2337 3295 2399 futurum

1731 2427 1823 2492 sit,
1851 2435 1910 2482 ut
1943 2428 2195 2481 animalia
2219 2429 2407 2482 omnia
2436 2429 2716 2486 celerrime
2752 2432 3041 2487 intereant.
3077 2431 3133 2487 ld
3164 2450 3296 2490 vero

1732 2517 1860 2572 dum
1897 2518 1970 2571 ita
2000 2519 2309 2589 contigerit,
2334 2519 2454 2588 ejus
2495 2521 2711 2577 virtutis
2754 2538 2873 2592 qua:
2908 2528 3144 2580 materia
3193 2525 3297 2580 im-

1735 2610 1893 2679 plexa
1925 2621 2027 2674 est,
2060 2620 2268 2681 partem
2295 2613 2580 2682 plurimam
2622 2615 2690 2670 ad
2727 2614 2895 2672 Deum
2930 2619 3296 2674 transmittere

1734 2705 1910 2773 possit
1943 2724 1956 2758 :
1994 2719 2057 2758 ac
2106 2720 2329 2762 necesse
2358 2706 2460 2760 erit
2502 2707 2684 2770 plures
2728 2709 2886 2766 lunas
2917 2713 3195 2777 exsistere,
3234 2721 3296 2768 ut

1733 2805 1942 2852 tantam
1974 2807 2195 2868 repente
2240 2797 2714 2870 propinquantium
2764 2803 3068 2858 animarum
3112 2804 3296 2858 multi-

1737 2885 1978 2941 tudinem
2005 2899 2199 2956 capere
2219 2887 2447 2952 possint.
2482 2889 2592 2942 Nec
2621 2890 2777 2945 aliter
2807 2891 2873 2945 de
2896 2892 3034 2946 mari
3073 2892 3297 2962 loquen-

1736 2977 1866 3032 dum
1892 2978 1984 3032 sit.
2021 2976 2257 3031 Lucrum
2294 2980 2438 3033 enim
2490 2980 2822 3051 insperatum
2867 2983 3076 3052 perire,
3131 2993 3192 3036 ut
3230 2998 3298 3038 ea

1736 3084 1855 3138 quae
1884 3069 2175 3134 intereunt,
2207 3085 2369 3139 quam
2396 3071 2658 3127 citissime
2682 3087 2800 3138 quae
2841 3074 2908 3127 ad
2932 3073 3098 3129 Deum
3123 3075 3293 3138 ducit.

1735 3161 1878 3214 viam
1899 3167 2136 3215 teneant.
2168 3158 2298 3227 Quae
2329 3169 2509 3216 autem
2558 3162 2613 3217 in
2644 3171 2788 3218 terra
2829 3172 3090 3235 geruntur
3117 3167 3255 3222 bella
3276 3206 3294 3230 ,

115 3238 360 3317 famesque,
392 3268 454 3306 ac
497 3253 544 3307 si
589 3255 719 3324 quid
756 3263 841 3310 est
895 3254 1042 3324 quod
1080 3253 1299 3308 interitu
1354 3261 1580 3324 mergat,
1639 3251 1855 3306 illorum
1913 3251 2218 3316 sententia,
2259 3253 2522 3306 maximo-
2549 3253 2856 3310 habendum
2917 3259 3122 3314 honore
3182 3265 3290 3316 est.

117 3332 336 3410 Quidquid
365 3348 506 3400 enim
544 3363 717 3401 causa
761 3349 1024 3402 bonorum
1064 3358 1176 3415 est,
1227 3347 1370 3418 quod
1419 3348 1625 3402 honore
1691 3347 1956 3401 habeatur
2017 3345 2240 3416 dignum
2284 3355 2387 3401 est.
2440 3349 2578 3402 Sunt
2621 3364 2751 3404 vero
2782 3351 2896 3404 hinc
2929 3351 3056 3406 boni
3080 3367 3285 3418 causa,

117 3442 164 3484 ex
185 3431 373 3492 interitu
407 3438 504 3510 qui
539 3449 624 3496 est
675 3441 783 3497 illis
832 3457 1040 3508 comes,
1069 3443 1198 3497 dum
1230 3441 1522 3496 discretam
1558 3441 1628 3496 ab
1664 3440 1750 3496 his
1775 3441 1867 3509 qui
1906 3441 2202 3504 intereunt,
2229 3442 2480 3498 virtutem
2513 3442 2579 3497 ad
2605 3441 2772 3497 Deum
2793 3445 3046 3500 traducit.

118 3567 352 3630 Cu.XW.
376 3573 643 3648 ﬁgypliis
664 3579 807 3633 culta
837 3579 1093 3656 animalia
1124 3578 1302 3656 noxia.
1342 3575 1747 3656 Homo-artibus
1783 3575 2073 3656 maleﬁcus.
2101 3573 2435 3656 Libidin‘eset
2461 3576 2763 3656 injustitiw,
2790 3553 3294 3654 legibusrcastigalte

795 3659 844 3704 et
873 3649 1174 3718 disciplina.
1209 3647 1581 3719 Contingentia
1611 3656 1660 3700 et
1693 3647 2009 3709 necessaria,
2040 3645 2225 3714 quibus
2246 3646 2375 3698 nihil
2400 3646 2552 3701 labis.
2840 3645 2855 3647 ’
3153 3645 3175 3654 ⁷
3203 3687 3212 3692 .

178 3787 512 3861 Ἦγνοήκαμέν
534 3807 617 3854 τε,
657 3791 732 3854 ὡς
757 3789 951 3852 ἔοικεν,
974 3790 1054 3842 ὅτι
1082 3789 1137 3840 ὲν
1163 3788 1286 3859 δίκῃ
1309 3788 1398 3841 τὸν
1429 3787 1626 3860 κροκό-

1796 3785 1992 3854 Atque,
2023 3792 2084 3837 ut
2129 3783 2361 3851 videtur,
2408 3781 2752 3839 nescivimus.
2777 3782 3057 3854 rﬁgyptios
3096 3789 3291 3842 merito

117 3875 245 3931 δειλὸν
266 3881 347 3934 καί
362 3883 447 3936 τὸν
458 3882 650 3937 λέοντα
674 3883 764 3936 καί
779 3883 869 3935 τὸν
887 3881 1047 3934 λύκον
1073 3880 1300 3951 τιμῶσιν
1321 3880 1625 3949 Αἰγύπτιοι·

116 3969 262 4041 ἐπειδὴ
284 3974 443 4027 ταῦτα
469 3975 705 4044 μάλιστα
733 3973 879 4047 παρά
903 3974 972 4028 τά
999 3974 1132 4028 ἄλλα
1157 3974 1270 4039 ζῶα
1293 3971 1631 4047 καρτερικώ-

116 4075 220 4115 tata
235 4062 365 4126 ὄντα,
389 4068 771 4120 καταναλίσκει
797 4067 1086 4139 σιτούμενά
1106 4085 1164 4120 τε
1178 4067 1316 4120 αὐτὰ
1340 4067 1431 4120 καὶ
1453 4066 1630 4118 πάντα

117 4154 269 4222 τρόπον
291 4157 692 4230 διαφθείροντα·
726 4161 818 4212 καὶ
859 4159 948 4212 τὸν
989 4160 1146 4213 ἀετὸν
1179 4160 1274 4212 καὶ
1309 4160 1399 4211 τὸν
1438 4158 1629 4231 ἱέρακα

117 4246 176 4296 ὅτι
195 4250 272 4301 καὶ
294 4251 453 4303 ταῦτα
486 4251 598 4303 τῶν
621 4252 678 4302 ὲν
707 4252 827 4323 ἀέρι
862 4255 954 4305 καὶ
987 4252 1077 4305 ἐπὶ
1103 4253 1205 4324 γῆς
1229 4251 1630 4320 ἀσθενεστέρων

118 4333 234 4397 ζώων
257 4342 576 4413 ἀναιρετικά.
620 4341 772 4412 Τάχα
801 4343 856 4395 δὲ
895 4346 1014 4397 κατ’
1045 4345 1241 4406 αὐτοὺς
1280 4345 1308 4394 ὁ
1347 4341 1629 4413 ἄνθρωπος

118 4428 178 4479 ὗιά
196 4430 328 4485 τοῦτο
351 4436 405 4486 ἐν
432 4434 661 4504 πλείστῃ
706 4437 858 4504 τιμῇ,
883 4435 964 4486 ὃτι
1000 4435 1232 4504 μάλιστα
1273 4433 1488 4485 πάντων
1510 4432 1628 4492 ταῖς

118 4518 330 4588 ἐπινοίαις
358 4528 449 4579 καὶ
475 4529 600 4589 ταῖς
635 4525 851 4594 τέχναις
885 4523 1112 4579 πλεῖστα
1143 4525 1251 4577 τῶν
1278 4524 1428 4589 ζώων
1457 4521 1629 4592 δαμά-

119 4607 199 4669 {iw
235 4617 435 4670 εἴωθεν⁸
473 4620 562 4672 ἴνα
596 4618 692 4670 καὶ
744 4615 904 4679 αὐτὸς
952 4617 1024 4687 μὴ
1067 4618 1268 4688 ἀμοιρῇ
1313 4614 1499 4668 τούτου
1533 4611 1626 4664 τοῦ

118 4702 294 4772 ἀγαθοῦ,
321 4710 449 4782 βορά
482 4712 687 4782 ἐτέρων
720 4711 944 4779 γίνεται.
976 4710 1144 4763 Πάλιν
1176 4705 1268 4762 οὖν
1306 4710 1361 4761 αἱ
1390 4707 1628 4775 γενέσεις

122 4790 283 4860 ἄτοποι,
326 4804 440 4855 κατ’
490 4801 710 4864 αὐτοὺς,
751 4801 814 4853 ὲκ
863 4799 1060 4870 μικροῦ
1113 4798 1332 4852 καὶτοῦ
1378 4797 1629 4867 τυχόντος

121 4882 372 4953 πέρματος
403 4894 511 4944 πᾶν
537 4893 682 4962 μέγα
721 4908 772 4943 τι
797 4890 1183 4943 ἀποτελοῦσαιο
1218 4890 1308 4942 καὶ
1334 4887 1466 4940 πολὺ
1501 4885 1631 4939 κάλ-

123 4973 199 5025 λιον
229 4980 330 5031 κατ’
376 4983 572 5047 αὐτοὺς
623 4980 927 5056 ἀνῃρῆσθαι
980 4983 1182 5043 ταύτας
1214 4979 1317 5033 ὑπὸ
1346 4979 1438 5032 τοῦ
1471 4978 1626 5043 Θεοῦ,

123 5064 180 5115 iv:
202 5066 253 5119 ἂν
278 5073 527 5143 σύντομος
561 5076 778 5144 ἐγένετο
811 5074 1098 5146 ἀπαλλαγὴ
1132 5075 1230 5146 τῆς
1258 5072 1489 5127 ἐνταῦθα
1512 5071 1628 5125 δια-

123 5159 264 5228 τμεῆς
285 5163 373 5234 τῆς
394 5165 675 5237 δυνάμεως
700 5169 798 5238 τῆς
828 5166 998 5231 θείας.

180 5252 308 5307 Ἀλλά
336 5255 384 5310 τί
412 5259 504 5312 καὶ
531 5260 670 5330 πρὸς
701 5261 990 5324 ἀκολασίας
1017 5262 1110 5315 καὶ
1134 5261 1365 5324 ἀδικίας,
1391 5258 1486 5313 καὶ
1518 5259 1626 5313 πᾶν

124 5339 253 5394 ὁτιοῦν
287 5349 512 5403 τοιοῦτον
533 5391 548 5413 ,
588 5352 784 5422 φήσειέ
817 5367 901 5415 τις
937 5353 1024 5416 ἂν,
1070 5355 1098 5406 ὁ
1141 5355 1440 5423 Μανιχαῖος
1473 5353 1624 5423 ἐρεῖς

125 5430 278 5488 Οὐκοῦν
307 5441 432 5510 apo;
455 5441 630 5495 ταῦτα
658 5443 847 5514 βοηθὸς
874 5445 1076 5498 δέδοται
1107 5447 1140 5515 ἡ
1170 5445 1447 5507 παίδευσις
1477 5443 1571 5496 καὶ
1598 5443 1626 5495 ὁ

125 5522 264 5592 νόμος·
317 5533 348 5601 ἡ
403 5536 498 5604 μὲν
552 5534 833 5598 παίδευσις
879 5537 1300 5608 ὲκφροντίζουσα
1346 5534 1437 5588 τοῦ
1495 5533 1628 5605 μηδὲ

126 5617 304 5674 τοιοῦτόν
323 5640 372 5678 τι
399 5628 525 5696 περὶ
553 5627 682 5688 τοὺς
711 5627 1028 5698 ἁνθρὼτωυς
1049 5627 1393 5697 συμϐαίνειν
1419 5630 1447 5680 ὁ
1468 5629 1629 5696 νόμος

127 5702 552 5843 ῒτιμωρούμενος
572 5720 667 5773 τὸν
698 5719 890 5772 ἀλόντα
923 5719 978 5773 εν
1006 5735 1112 5772 τινι
1141 5719 1247 5772 τῶν
1278 5719 1626 5789 ἀδικημάτων

149 5814 230 5843 πα-

149 5814 230 5854 πα.

1731 3879 2062 3934 crocodilum
2096 3869 2276 3932 colere
2309 3885 2360 3932 et
2403 3877 2608 3932 leonem
2641 3882 2696 3931 et
2742 3877 2957 3946 lupum,
3006 3880 3146 3948 quod
3178 3881 3292 3936 haec

1731 3970 1965 4026 maxime
2009 3969 2268 4024 animalia
2315 3983 2425 4039 prae
2485 3969 2708 4038 reliquis
2741 3953 3068 4036 robustiora,
3116 3971 3292 4042 ipsam

1730 4062 1967 4132 praedam
1999 4072 2219 4124 vorant,
2244 4063 2499 4130 omnique
2524 4060 3010 4115 modoinlerimunt
3027 4081 3038 4115 :
3055 4064 3292 4132 aquilam

1727 4170 1946 4226 quoque
1979 4164 2032 4209 et
2052 4154 2382 4222 accipitrem,
2413 4153 2556 4222 quod
2581 4160 2634 4206 et
2664 4151 2856 4204 horum
2881 4152 3089 4208 indoles
3115 4155 3208 4217 sit,
3232 4165 3294 4209 ut

1731 4248 2087 4304 imbecilliora
2118 4246 2368 4300 animalia
2416 4245 2468 4298 in
2501 4258 2624 4297 aere
2657 4251 2706 4298 et
2746 4259 2908 4313 super
2935 4252 3131 4298 terram
3158 4261 3290 4301 ene-

1729 4347 1875 4394 cent.
1927 4336 2088 4390 Forte
2132 4350 2258 4389 vero
2299 4335 2460 4388 etiam
2501 4333 2653 4404 juxta
2696 4333 2818 4389 illos
2866 4334 3026 4390 homo
3068 4352 3184 4390 eam
3219 4339 3291 4392 ob

1730 4445 1842 4483 rem
1876 4426 2111 4480 maximo
2131 4426 2336 4480 honore
2355 4426 2763 4495 liabetur,quod
2788 4429 3025 4480 omnium
3055 4429 3290 4482 maxime

1731 4519 2022 4576 subtilibus
2061 4519 2296 4572 inventis
2330 4526 2489 4587 atque
2535 4517 2761 4581 artibus,
2789 4519 3044 4587 pleraque
3079 4521 3285 4574 anima-

1731 4608 1861 4661 lium
1903 4607 2124 4662 domare
2174 4607 2332 4662 solet.
2372 4606 2449 4662 Ne
2489 4622 2617 4661 vero
2644 4617 2696 4662 et
2738 4608 2852 4677 ipse
2881 4609 3043 4676 hujus
3095 4625 3291 4680 expers

1730 4701 1859 4756 boni
1887 4701 2134 4763 exsistat,
2172 4699 2400 4756 aliorum
2436 4700 2550 4768 ipse
2587 4714 2712 4754 esca
2755 4699 2914 4754 cedit.
2949 4685 3159 4754 Rursus
3189 4700 3292 4770 igi-

1732 4799 1818 4846 tur
1847 4792 2094 4846 absurdae
2132 4793 2538 4860 generationes,
2573 4791 2784 4844 illorum
2828 4791 3125 4853 sententia,
3169 4807 3290 4860 quae

1730 4899 1798 4939 ex
1827 4885 2020 4953 exiguo
2050 4884 2252 4952 vilique
2299 4888 2570 4952 spermate
2597 4882 2856 4951 quidquid
2907 4897 3158 4951 magnum
3206 4893 3291 4937 est

1731 4973 2002 5040 eﬂiciant;
2035 4983 2383 5044 praestatque,
2417 4979 2476 5026 ut
2506 4973 2560 5025 hi
2591 4971 2902 5041 Opinantur,
2932 4986 2961 5024 a
3006 4970 3115 5025 Deo
3151 4971 3291 5024 inte-

1734 5069 1879 5132 rimi,
1913 5083 2072 5137 quam
2099 5067 2282 5130 nasci,
2323 5073 2377 5119 ut
2415 5064 2597 5118 divina
2630 5065 2801 5118 virtus
2840 5065 2948 5117 cito
2975 5064 3233 5118 liberetur
3258 5077 3292 5116 a

1659 5151 1704 5206 Β
1732 5161 1919 5217 mundi
1954 5161 2116 5230 hujus
2158 5162 2423 5216 ineolatus
2452 5159 2734 5215 molestiis.

1800 5253 1938 5320 Quid
1974 5254 2250 5307 enimvero
2285 5254 2444 5308 etiam
2490 5252 2555 5306 ad
2595 5250 2846 5305 libidines
2895 5246 3290 5317 impudicitias-

1731 5363 1836 5416 que
1865 5360 1928 5398 ac
1963 5344 2279 5412 injustitias.
2310 5359 2371 5398 ac
2400 5343 2660 5412 quidquid
2694 5341 2813 5411 ejus
2836 5338 3052 5409 generis
3074 5350 3176 5394 εει.
3206 5338 3292 5389 di-

1731 5445 1818 5492 cat
1845 5437 2072 5507 aliquis,
2114 5436 2360 5491 dicturus
2390 5433 2746 5488 Manichacus?
2775 5430 2939 5501 igitur
2970 5430 3034 5482 ad
3066 5428 3176 5482 haec
3203 5426 3292 5483 di-

1733 5529 1958 5598 sciplina
2012 5528 2205 5596 lexque
2252 5527 2526 5595 suppetias
2570 5523 2809 5578 veniunt.
2845 5518 3136 5587 Disciplina
3169 5517 3289 5584 qui-

1732 5621 1876 5683 dem,
1905 5620 1958 5673 in
1992 5620 2093 5673 hoc
2114 5619 2397 5689 diligenter
2421 5616 2758 5676 incumbens,
2782 5611 2994 5680 nequid
3020 5610 3288 5679 ejusmodi

1730 5713 1784 5765 in
1819 5712 2130 5767 hominibus
2169 5711 2483 5779 contingat:
2521 5708 2606 5762 lex
2635 5720 2764 5760 vero
2793 5704 3044 5772 puniens,
3078 5702 3121 5756 si
3161 5702 3288 5770 quis

1731 5805 1994 5865 iniustum
2029 5802 2228 5863 aliquid
2265 5801 2548 5857 admisisse
2581 5798 2949 5857 deprehensus
2979 5793 3160 5850 fuerit.
