4036 6320
758 382 857 439 ισι

758 587 904 659 quod
924 601 1041 641 eam
1066 586 1316 656 subigere
1347 600 1409 640 ac
1438 598 1691 640 exercere
1720 584 1952 654 agricola
1977 585 2310 653 neglexerit’

755 679 901 751 quod
921 677 1012 733 Dei
1036 677 1372 750 principatus
1397 676 1715 730 imminutus
1738 683 1838 741 est,
1867 678 1959 745 qui
1987 677 2041 729 in
2065 676 2196 744 justi
2220 692 2311 731 ra-

759 774 904 828 tione
932 772 1212 834 consistit,
1257 783 1380 825 cum
1421 766 1623 822 fuerint
1664 766 1784 837 ejus
1812 769 2027 838 quidem
2061 768 2165 822 alia
2196 766 2309 823 fru-

751 875 937 921 ctuum
968 862 1291 934 frugumque
1326 858 1555 924 feracia;
1588 859 1798 929 aliaque
1832 858 2107 913 contraria
2129 860 2306 929 quau-

755 964 866 1013 “te
910 956 1165 1026 pmdiu;
1216 960 1309 1006 aut
1360 965 1483 1005 cum
1529 952 1705 1007 ventis
1755 951 2071 1016 ruentibus,
2116 967 2312 1007 secun-

753 1050 881 1106 dum
932 1048 1092 1103 aliam
1123 1046 1409 1107 rationem,
1441 1045 1575 1099 alios
1621 1043 1745 1099 inde
1792 1042 2133 1099 commodum
2180 1058 2307 1099 sen-

750 1140 879 1203 tire,
913 1140 1050 1195 alios
1084 1151 1213 1191 vero
1263 1138 1425 1191 etiam
1473 1135 1670 1190 invitos
1700 1133 1840 1187 mala
1888 1134 2131 1203 quaedam
2164 1132 2307 1189 ferre

752 1230 1078 1302 contigerit?
1108 1228 1311 1299 Nempe
1364 1228 1609 1283 nesciant
1657 1240 1879 1281 necesse
1923 1231 2027 1288 est,
2059 1240 2329 1295 quaenam.

1730 377 2120 435 “summa
2159 378 2462 437 EPISCOPI
2503 338 3005 440 ιγεοροιζιτΑΝι
3088 392 3097 437 l

826 494 1031 549 Deinde
1059 508 1205 557 vero,
1239 492 1368 563 quid
1398 498 1480 547 est
1510 490 1655 562 quod
1682 501 1836 547 terra
1864 493 1993 547 vitio
2022 501 2263 548 vertatur
2285 533 2301 558 ,
2334 507 2379 565 Α

3853 394 3945 450 ιὸἳ

2481 497 2709 549 Ἔπειτα
2750 498 2807 549 δὲ
2850 499 2903 550 τι
2948 500 3009 552 τὸ
3042 500 3289 571 ἔγκλημα
3323 502 3421 572 τῆς
3451 505 3579 574 γῆς,
3629 508 3678 559 εἰ
3726 510 3947 580 γεωργὸς

2404 587 2692 657 ἀμελήσειε
2722 589 2815 641 τοῦ
2840 589 3041 660 ταύτην
3064 591 3334 661 ἡμεροῦν;
3366 594 3447 646 δτι
3469 595 3777 664 ἠλάττωται
3800 600 3831 669 ἡ
3866 599 3942 650 τοῦ

2404 676 2538 736 Θεοῦ
2571 678 2733 749 ἀρχὴ,
2764 679 2885 749 ἥτις
2913 681 3029 734 ἐστί
3072 680 3214 734 κατὰ
3246 682 3307 735 τὸ
3338 683 3563 748 δίκαιον,
3605 688 3682 740 ὅτ’
3725 688 3792 741 ἂν
3835 684 3943 760 ﬁta

2408 769 2506 839 μὲν
2530 770 2759 841 καρπῶν
2784 769 3003 841 γόνιμα,
3032 770 3101 824 τά
3127 771 3186 824 δὲ
3216 772 3289 842 μὴ
3310 772 3531 828 τοιαῦτα
3552 792 3567 805 ο
3595 776 3630 846 ἢ
3654 780 3944 848 φερομένων

2403 861 2511 914 τῶν
2548 863 2871 931 πνευμάτων
2922 863 3039 916 καθ’
3069 863 3260 932 ἑτέραν
3291 864 3490 929 αἰτίαν,
3523 869 3650 931 τοὺς
3684 869 3787 938 μὲν
3819 870 3942 938 ὠφε-

2405 950 2631 1017 λεῖσθαι,
2658 956 2783 1016 τοὺς
2814 954 2872 1007 δὲ
2912 956 3006 1008 καὶ
3046 954 3319 1028 ἀϐούλητά
3347 975 3467 1011 τινα
3498 959 3813 1030 ὑπομένειν,
3833 979 3945 1030 συμ-

2410 1042 2603 1117 6αίνῃ;
2632 1045 2889 1114 ἀπείρους
2918 1043 3140 1110 τούτους
3167 1044 3305 1102 εἷναι
3342 1050 3442 1121 τῆς
3470 1050 3576 1103 τῶν
3605 1050 3947 1123 ἐνδεχομένων

2410 1132 2622 1201 φύσεως
2652 1136 2746 1190 καὶ
2782 1138 2879 1207 τῆς
2910 1138 3019 1191 τῶν
3050 1141 3375 1207 ἀναγκαίων.
3426 1140 3582 1195 Οὕτω
3610 1142 3723 1214 γὰρ
3760 1143 3854 1195 οὐκ
3890 1144 3947 1196 ἂν

2409 1225 2478 1278 τὰ
2507 1226 2729 1282 τοιαῦτα
2762 1228 3156 1299 ὶτερατεὺοντο.

750 1338 941 1380 eorum
979 1323 1207 1386 indoles,
1235 1336 1358 1392 qua
1393 1318 1780 1389 contingentia,
1812 1324 1868 1372 et
1917 1331 2037 1386 quae
2083 1317 2392 1371 necessaria
2444 1327 2589 1376 sunt.
2644 1318 2736 1374 Sic
2764 1320 2911 1375 enim
2957 1334 3067 1376 non
3100 1322 3226 1376 talia
3271 1322 3515 1394 prodigio
3571 1330 3841 1379 verterent
3892 1339 3945 1378 ae

751 1418 1238 1475 calumniarentur.

751 1536 881 1591 Cn.
905 1532 1024 1590 XV.
1050 1532 1236 1588 Libido
1275 1540 1325 1587 et
1352 1531 1615 1601 cupiditas
1645 1545 1819 1586 rerum
1848 1530 2202 1601 sentientium.
2242 1529 2539 1586 Damones.
2586 1531 2847 1585 animalia
2872 1534 3172 1587 sentientis.
3224 1532 3322 1589 Sol
3342 1534 3465 1588 item
3508 1541 3560 1587 et
3588 1534 3738 1595 luna,
3772 1539 3943 1590 stella.

1972 1597 2260 1666 Platonica,
2299 1618 2401 1655 non
2430 1601 2745 1655 Christiane.

823 1718 980 1777 Unde
1036 1718 1200 1789 igitur
1250 1714 1501 1784 voluptas
1534 1726 1631 1768 seu
1686 1711 1854 1767 libido
1894 1718 1949 1767 et
1997 1711 2306 1782 cupiditas?

2478 1712 2647 1766 Πόθεν
2678 1708 2769 1766 οὖν
2803 1713 2965 1786 ἡδονὴ
3009 1715 3099 1767 καὶ
3146 1714 3439 1786 ἐπιθυμίη
3484 1715 3671 1770 Ταῦτα
3706 1717 3815 1788 γὰρ
3861 1718 3950 1787 pd—

753 1810 876 1867 εἴτε
915 1810 1057 1867 enim
1098 1805 1329 1862 maxime
1368 1803 1509 1858 mala
1535 1817 1658 1859 esse
1680 1802 1903 1866 dicunt,
1933 1803 2302 1872 oderuntque;

2407 1804 2561 1858 λιστα
2614 1805 2759 1859 κακά
2810 1801 2947 1859 εἴναι
3001 1805 3215 1873 λέγουσι
3257 1808 3349 1859 καί
3398 1806 3844 1880 διαμεμισήκασιθ
3862 1810 3950 1877 τὴν

750 1913 853 1963 nec
894 1896 1121 1957 materia
1159 1894 1308 1951 aliud
1357 1892 1649 1965 quidquam
1678 1893 1848 1967 magis
1870 1893 2136 1949 videatur.
2167 1889 2309 1949 Sane

750 1992 895 2066 quod
928 1992 1041 2046 hac
1086 1986 1260 2045 solum
1294 1986 1619 2041 animalibus
1667 1986 1928 2040 attineant
1979 1999 2100 2055 qua:
2142 1998 2305 2041 sensu

750 2085 977 2159 praedita
1028 2086 1188 2143 sunt,
1235 2078 1489 2147 nullaque
1524 2077 1629 2132 alia
1683 2092 1768 2131 res
1804 2091 1965 2146 quam
2015 2091 2135 2147 qua:
2183 2091 2307 2131 sen-

751 2178 915 2239 tiunt,
942 2171 1292 2244 cupiditatem
1322 2165 1587 2239 percipiat
1614 2181 1677 2221 ac
1701 2166 1978 2221 libidinem
2020 2182 2114 2223 seu
2152 2165 2301 2222 volu-

749 2277 971 2345 ptatem,
998 2262 1346 2320 manifestum
1382 2267 1483 2316 est.
1509 2257 1644 2325 Quis
1668 2259 1813 2314 enim
1836 2257 1990 2326 stirpi
2013 2257 2306 2327 voluptatis

747 2380 813 2418 ac
834 2360 1066 2417 tristitia:
1091 2356 1404 2423 dolorisque
1430 2352 1665 2407 sensus?
1689 2348 1947 2415 Quisnam
1970 2364 2098 2405 vero
2124 2360 2301 2415 terrae,

746 2463 902 2518 aqua:
927 2455 1021 2502 aut
1046 2446 1195 2502 aeri?
1216 2446 1500 2501 Daemones
1530 2459 1680 2509 vero,
1722 2444 1769 2499 si
1798 2445 2015 2515 quidem
2037 2456 2164 2501 sunt
2191 2445 2309 2501 anl-

746 2540 911 2594 malia
952 2550 1116 2592 sensu
1158 2537 1377 2607 pmdita
1400 2575 1415 2598 ,
1445 2551 1561 2589 eam
1602 2534 1740 2591 forte
1771 2536 1841 2591 ob
1865 2551 1977 2592 rem
2000 2536 2308 2593 constitutis

745 2623 1031 2684 sacriﬁciis
1076 2641 1141 2681 ac
1190 2626 1444 2697 legitimis
1484 2626 1837 2693 delectantur,
1864 2643 2109 2698 aegreque
2129 2627 2310 2685 ferunt

744 2731 870 2773 cum
898 2715 987 2771 illa
1014 2716 1315 2773 defuerint:
1345 2731 1467 2771 cum
1497 2715 1634 2770 nihil
1656 2715 1922 2784 ejusmodi
1943 2720 2008 2771 de
2031 2716 2140 2773 Deo
2161 2718 2311 2786 c0gi-

746 2805 855 2860 tari
878 2804 1066 2876 possit.
1091 2803 1258 2875 Igitur
1279 2806 1371 2876 qui
1392 2805 1580 2861 dicunt
1604 2820 1617 2856 :
1641 2804 1904 2871 Quidnam
1930 2823 2103 2861 causa
2121 2816 2195 2861 est
2218 2824 2311 2860 cur

746 2900 1006 2960 animalia
1046 2899 1308 2971 uoluptate
1352 2894 1647 2966 «iniciantur
1689 2907 1752 2947 ae
1786 2891 2106 2959 cupiditate?
2152 2894 2305 2963 prius

743 3000 870 3058 inde
892 2996 1166 3069 querelam
1198 2999 1481 3054 moveant,
1512 2976 1621 3045 Cur
1648 2989 1757 3043 hac
1782 2988 1887 3041 sint
1916 3003 2070 3049 sensit
2108 2987 2305 3055 praedi-

742 3098 822 3151 ta,
856 3102 1030 3157 qum
1058 3098 1222 3137 causa
1257 3084 1325 3137 sit
1346 3093 1438 3135 cur
1455 3078 1890 3149 ciboindigeant!
1922 3076 1996 3130 Ea
2027 3091 2157 3133 sane
2190 3080 2307 3133 ani-

2404 1894 2535 1969 ὕλην
2559 1897 2634 1967 (ι)
2697 1898 2796 1968 οὐχ
2825 1896 2985 1968 ἑτέρα
3020 1897 3215 1969 μᾶλλόν
3242 1899 3408 1953 ἔστιν.
3436 1902 3557 1955 Ὅτι
3586 1903 3689 1972 μὲν
3712 1898 3807 1957 οὖν
3836 1906 3948 1975 περὶ

2400 1988 2471 2042 τὰ
2501 1987 2789 2059 αἰσθητικὰ
2828 1987 2936 2042 τῶν
2969 1988 3122 2052 ζώων
3168 1989 3343 2060 μόνων
3385 1991 3502 2045 ἑστί
3528 1993 3724 2059 ταῦτα,
3759 1996 3851 2051 καὶ
3871 1996 3951 2049 οὐκ

2401 2081 2487 2137 δὲν
2526 2082 2714 2153 ῑτερον
2744 2081 3198 2152 ἀντιλαμϐάνεται
3231 2082 3523 2153 ἐπιθυμίας
3568 2089 3665 2141 καὶ
3704 2087 3947 2160 ἡδονῆςῆ

2400 2171 2469 2224 τὰ
2495 2174 2875 2244 αἰσθανόμενα,
2910 2174 3158 2245 φανερόν.
3195 2173 3328 2227 Ποία
3350 2174 3460 2247 γὰρ
3488 2178 3743 2249 αἴσθησις
3774 2181 3950 2252 ἡδονῆς

2402 2265 2493 2317 καί
2524 2264 2697 2335 λύπης
2729 2263 2880 2335 φυτῷ
2906 2280 2921 2329 ;
2954 2264 3082 2317 ποία
3111 2264 3167 2317 δὲ
3195 2267 3287 2337 γῇ,
3318 2263 3469 2319 ὕδατι
3498 2267 3531 2337 ἢ
3566 2268 3724 2339 ἀέρι;
3758 2272 3821 2324 οι
3843 2270 3948 2324 δαί-

2405 2353 2561 2423 μονές
2592 2370 2673 2415 τε,
2719 2352 2877 2427 εἴπερ
2930 2355 3066 2406 εἰσιν
3109 2352 3345 2425 αἰσθητά
3374 2353 3449 2424 (5)
3494 2351 3628 2419 ζῶα,
3669 2356 3761 2410 διά
3804 2358 3948 2411 τοῦτο

2404 2445 2537 2507 ἴσως
2584 2445 2695 2508 τοῖς
2743 2445 3145 2515 νενομισμένοις
3194 2447 3322 2518 περὶ
3359 2444 3458 2509 τὰς
3499 2446 3687 2512 θυσίας
3722 2449 3946 2519 ἥδονται,

2402 2533 2497 2586 καί
2539 2533 2981 2605 ἀπολειπομένων
3025 2534 3408 2608 δυσφοροῦσιν
3460 2536 3671 2602 οὐδενὸς
3719 2539 3946 2593 τοιοῦτον

2404 2624 2528 2693 περί
2568 2623 2703 2676 Θεοῦ
2747 2624 3073 2687 ἐπινοεῖσθαι
3103 2625 3423 2697 δυναμένου.
3469 2630 3534 2682 Ol
3586 2629 3651 2701 δὴ
3691 2628 3943 2698 λέγοντες*

2402 2714 2504 2767 Διὰ
2537 2714 2593 2766 τι
2639 2712 2844 2780 ἥδεται
2874 2714 2972 2767 καί
3012 2714 3287 2785 ἐπιθυμεῖ
3316 2718 3388 2770 τὰ
3422 2717 3562 2780 ὤας
3592 2718 3947 2775 αἰτιάσθωσαν

2402 2808 2683 2878 πρότερον
2720 2806 2822 2859 Διᾶ
2847 2807 2905 2860 τι
2928 2808 3099 2861 ἐστιν
3123 2810 3437 2875 αἰσθητικὴ
3463 2809 3687 2874 ταῦτα;
3713 2812 3754 2879 ἢ
3782 2811 3878 2865 διὰ
3898 2811 3947 2863 τι

2402 2900 2627 2969 τροφῆς
2656 2899 2869 2962 δεῖται;
2907 2900 3003 2952 Ἂν
3036 2899 3132 2969 μὲν
3170 2899 3276 2970 γάρ
3314 2895 3383 2969 ἦν
3428 2900 3668 2954 ἀθάνατα
3700 2899 3835 2965 ζῶα,
3863 2899 3948 2955 καὶ

2406 2990 2605 3061 φθορᾶς
2630 2990 2722 3043 καὶ
2745 2990 2915 3061 αῠξης
2946 2990 3306 3060 ἀπήλλακται,
3329 2982 3439 3043 οἷον
3467 2990 3616 3060 ἣλιος
3638 2991 3736 3044 καὶ
3766 2990 3945 3062 σελήνη

2406 3080 2498 3134 καὶ
2523 3081 2768 3151 ἀστέρες,
2796 3079 2971 3133 καίτοι
2994 3079 3122 3134 ὅντα
3154 3078 3461 3150 αἰσθητικά·
3494 3079 3650 3144 ἐκτὸς
3678 3080 3736 3135 δὲ
3757 3081 3949 3135 τούτων

743 3181 905 3238 malia
932 3191 1053 3249 qua:
1076 3174 1399 3230 immortalia
1424 3178 1600 3235 erant,
1624 3185 1655 3224 a
1682 3170 2049 3240 corruptionis
2076 3170 2298 3225 interitu

2403 3175 2517 3226 ἐστὶ
2561 3172 2653 3225 καὶ
2699 3172 2797 3241 τῆς
2827 3172 3081 3242 τοιαύτης
3110 3172 3415 3236 αἰτιάσεως.
3465 3172 3522 3225 '0
3553 3172 3611 3225 δὲ
3651 3171 3947 3245 ἄνθρωπος,

740 3278 1139 3344 augmentoque
1178 3266 1333 3322 fuere
1373 3266 1617 3328 liberata,
1641 3262 1945 3334 cuiusmodi
1974 3268 2101 3317 sunt
2128 3261 2213 3318 sol
2243 3268 2299 3316 et

740 3365 865 3422 luna
894 3373 947 3418 et
980 3361 1149 3417 stella:
1172 3399 1187 3424 ,
1244 3371 1550 3428 quanquam
1588 3366 1716 3412 sunt
1758 3356 1873 3410 haec
1917 3356 2080 3411 etiam
2132 3370 2293 3410 sensu

736 3456 963 3529 praedita
988 3472 1001 3507 :
1032 3460 1184 3508 extra
1216 3458 1396 3506 tamen
1422 3449 1537 3504 haec
1567 3456 1717 3514 sunt,
1748 3447 1989 3518 nihilque
2019 3445 2146 3501 huic
2186 3448 2295 3502 cri-

2402 3268 2496 3318 καὶ
2536 3262 2813 3318 αἰσθέσθαι
2857 3265 2953 3317 καὶ
2997 3264 3201 3333 κρίνειν
3228 3264 3540 3335 δυνάμενος,
3589 3266 3687 3320 καὶ
3735 3266 3947 3331 δυνάμει

2404 3357 2562 3425 σοφὸς
2612 3354 2751 3425 (ἔχει
2788 3359 2895 3427 γὰρ
2925 3356 3150 3426 δύναμιν
3180 3354 3415 3421 τοιοῦτος
3446 3356 3945 3431 γενέσθαι),ἀπολα-

2400 3447 2508 3500 ὁὼν
2536 3445 2596 3499 τὸ
2624 3446 2753 3499 Τδιον
2784 3447 2868 3517 δὴ,
2898 3450 3217 3503 καταπατεῖ.

596 3591 625 3610 ρ
737 3551 1023 3609 minationi
1046 3547 1303 3605 obnoxia.
1334 3544 1507 3601 Homo
1543 3552 1742 3609 autem,
1775 3557 1897 3599 cum
1920 3551 1973 3599 et
2012 3558 2175 3600 sensu
2209 3544 2288 3597 uti
2341 3544 2517 3597 valeat
2543 3552 2596 3598 et
2655 3542 2919 3611 judicare,
2953 3543 3131 3613 sitque
3162 3545 3398 3614 potentia
3429 3543 3645 3614 sapiens
3708 3542 3947 3617 (potesta-

736 3654 845 3703 tem
875 3645 1016 3700 enim
1038 3642 1197 3698 habet
1222 3647 1282 3694 ut
1303 3640 1428 3695 talis
1452 3638 1816 3710 ﬂat),accepto
1842 3638 1984 3709 quod
2006 3638 2283 3709 proprium
2311 3647 2415 3703 est,
2440 3637 2572 3692 illud
2604 3638 2859 3692 nimirum
2887 3639 3190 3693 conculcat.

736 3764 867 3819 Car.
900 3758 1039 3816 XVI.
1063 3757 1108 3825 ρ

1112 3758 1213 3813 uod
1244 3756 1502 3823 sapientes
1526 3755 1709 3825 aliqui,
1743 3753 1875 3807 nihil
1896 3763 2031 3808 vetat
2056 3755 2263 3825 etAalios
2292 3771 2422 3808 esse.
2448 3753 2735 3824 Diligentia
2772 3764 2823 3808 et
2845 3755 3020 3825 studio
3048 3754 3289 3821 paranda
3314 3757 3496 3809 uirtus.
3535 3755 3762 3811 Saniore
3787 3756 3946 3824 pltilo-

943 3821 1125 3899 sophia
1154 3821 1383 3882 homines
1407 3827 1474 3879 ad
1502 3821 1691 3879 bonum
1724 3826 2053 3891 prosehendi.
2091 3821 2375 3878 Commune
2402 3821 2607 3879 uirtutis
2637 3824 2869 3879 stadium
2896 3844 2927 3879 a
2957 3824 3167 3881 Christo
3189 3826 3424 3878 omnibus
3449 3835 3709 3892 apertum.

803 3949 1035 4006 Prorsus
1064 3948 1205 4005 enim
1235 3961 1410 4016 Operae
1447 3946 1679 4016 pretium
1705 3961 1769 4000 ex
1805 3944 1889 4000 his
1922 3946 2053 4000 viris
2086 3961 2296 4015 quaira-

736 4058 858 4096 mus
885 4060 898 4095 :
922 4041 1181 4096 Nullusne
1215 4038 1491 4091 hominum
1524 4036 1802 4093 studiosus
1826 4040 1997 4107 possit
2028 4038 2253 4093 evadere
2277 4076 2292 4101 ,

735 4150 804 4187 an
836 4134 1070 4203 aliquem
1127 4132 1404 4202 contingat
1453 4131 1709 4184 virtutem
1763 4129 2079 4198 capessere?
2125 4128 2203 4183 Ac
2247 4128 2293 4183 si

736 4225 949 4295 quidem
975 4238 1131 4278 nemo
1159 4224 1397 4293 sapiens.
1415 4221 1544 4292 quid
1572 4221 1689 4291 ipse
1708 4219 1923 4275 tandem
1943 4220 2295 4275 Manichacus?

2475 3946 2643 4009 Ὀλως
2680 3945 2789 4017 γὰρ
2833 3944 2979 4011 ἀξιον
3029 3943 3289 3997 πυθέσθαι
3327 3942 3526 3996 τούτων
3571 3944 3682 3996 τῶν
3726 3942 3942 4013 ἀνδρῶν.

2398 4038 2622 4108 πότερον
2661 4036 2850 4090 οὐδένα
2897 4036 3176 4107 ἄνθρωπον
3215 4035 3435 4088 δυνατὸν
3476 4035 3757 4091 σπουδαῖον
3805 4037 3943 4105 γενέ-

2399 4128 2540 4191 σθαι,
2572 4129 2604 4199 ἢ
2633 4130 2752 4182 τινά
2782 4144 2842 4196 γε
2872 4127 3167 4198 ὲνδέχεται;
3198 4127 3260 4179 El
3296 4126 3393 4197 μὲν
3416 4126 3523 4198 γὰρ
3545 4126 3723 4189 οὐδεὶς
3771 4126 3940 4194 σοφὸς.

2394 4219 2447 4270 τί
2489 4219 2684 4289 δήποτε
2728 4217 2888 4280 αὐτὸς
2925 4219 2953 4270 ὁ
3000 4218 3323 4286 Μανιχαῖοςς
3382 4216 3484 4269 Ἐὦ
3523 4216 3652 4286 γὰρ,
3700 4216 3785 4279 δτι
3828 4215 3941 4275 τοὺς

734 4318 888 4370 Mitto
914 4317 1057 4371 enim
1092 4330 1198 4370 non
1215 4316 1391 4370 solum
1414 4316 1551 4368 alios
1582 4312 1855 4368 studiosos
1879 4312 2090 4378 dicere;
2117 4311 2211 4366 sed
2237 4318 2292 4365 et

2399 4306 2586 4369 ἄλλους
2629 4308 2689 4359 οὐ
2735 4306 2891 4377 μόνον
2938 4306 3255 4368 σπουδαίους
3298 4299 3443 4369 εἶναι,
3474 4304 3653 4371 λέγει’
3690 4302 3827 4356 ἀλλὰ
3858 4302 3940 4355 καί

735 4408 869 4463 alios
906 4408 1149 4472 idoneos,
1179 4406 1271 4476 qui
1302 4405 1437 4461 tales
1485 4403 1708 4468 faciant,
1743 4419 1851 4458 non
1882 4408 2092 4459 adesse.
2137 4402 2292 4469 Quod

2399 4397 2587 4459 ἀλλους
2626 4397 2788 4467 φησὶν
2836 4398 3051 4459 ἰκανοὺς
3094 4392 3228 4448 εἶναι
3272 4394 3538 4457 τοιούτους
3587 4394 3834 4463 ποιῆσαι.
3884 4393 3940 4444 Εἰ

734 4496 781 4553 si
804 4498 1027 4552 omnino
1062 4497 1258 4567 aliquis
1282 4505 1386 4558 est,
1414 4495 1546 4565 quid
1569 4503 1715 4551 vetat
1738 4510 1925 4551 omnes
1946 4497 2146 4564 pariter
2168 4504 2285 4551 stu-

2399 4489 2433 4543 5’
2480 4490 2616 4551 ὅλως
2659 4489 2775 4541 ἑστί
2822 4506 2924 4551 τις,
2973 4488 3025 4539 τι
3077 4485 3271 4539 κωλύει
3309 4485 3402 4539 καὶ
3441 4486 3650 4546 πάντας
3696 4482 3938 4550 γενέσθαι

732 4584 920 4642 diosos
949 4586 1213 4642 evadere?
1239 4586 1395 4652 Quod
1426 4590 1571 4645 enim
1619 4588 1687 4641 de
1732 4602 1843 4641 uno
1868 4626 1883 4648 ,
1938 4587 2004 4642 de
2039 4587 2290 4643 omnibus

2399 4578 2742 4641 σπουδαίους
2784 4579 2848 4629 '0
2888 4576 2994 4649 γὰρ
3018 4578 3146 4647 περί
3175 4576 3294 4637 ἕνα,
3336 4576 3430 4628 καὶ
3470 4572 3589 4643 περί
3623 4574 3829 4637 πάντας
3857 4576 3937 4626 ὲν-

728 4691 949 4748 quoque
970 4677 1292 4745 contingens
1336 4684 1452 4742 est;
1486 4684 1541 4731 et
1566 4691 1797 4744 quorum
1843 4690 2003 4742 opera
2028 4676 2292 4745 quibusve

2399 4672 2629 4741 δέχεται·
2667 4671 2760 4725 καὶ
2791 4671 2855 4723 δι’
2890 4664 2965 4722 ὧν
3003 4671 3097 4723 καὶ⁵
3125 4664 3223 4733 εἷς,
3259 4669 3345 4724 διὰ
3376 4668 3577 4722 τούτων
3620 4668 3715 4721 καί
3750 4670 3936 4729 πάντες

730 4766 927 4823 mediis
958 4780 1101 4820 unus
1120 4805 1135 4831 ,
1179 4767 1367 4821 iisdem
1397 4775 1450 4821 et
1478 4781 1667 4821 omnes
1699 4768 1914 4818 virtutis
1953 4781 2130 4820 arcem
2160 4782 2288 4836 pos-

730 4860 842 4915 sint
868 4858 1108 4928 arripere
1135 4876 1149 4911 :
1178 4857 1282 4913 nisi
1301 4856 1430 4925 quid
1456 4855 1747 4925 plurimum
1772 4856 1987 4910 virtutis
2008 4872 2070 4911 ac
2102 4866 2289 4927 potem

727 4948 818 5000 tite
844 4946 1032 5001 dicunt
1060 4946 1259 5000 talibus
1286 4943 1599 4998 intercludi.

800 5035 1013 5092 Rursus
1045 5037 1209 5107 igitur
1231 5034 1466 5105 primum
1504 5051 1518 5085 :
1566 5031 1697 5096 Qua:
1742 5038 2039 5085 necessitas
2086 5032 2289 5089 laboris

729 5124 798 5179 ad
814 5126 1170 5194 capessendas
1196 5124 1514 5196 disciplinas
1538 5122 1720 5193 (liceat
1740 5121 1883 5176 enim
1899 5129 1950 5176 et
1975 5120 2289 5177 dormiendo

727 5214 982 5271 virtutem
1008 5216 1319 5289 nancisci)?
1355 5222 1451 5273 aut
1492 5228 1613 5287 quae
1636 5229 1801 5269 causa
1831 5222 1914 5270 est
1937 5229 2037 5269 cur
2068 5213 2166 5267 viri
2198 5212 2287 5267 isti

728 5305 1003 5361 auditores
1024 5324 1153 5366 suos
1178 5310 1520 5380 potissimum
1545 5306 1599 5361 in
1629 5320 1778 5377 spem
1799 5306 2008 5375 erigant
2037 5304 2287 5375 parandae

728 5396 1031 5453 honestatis
1056 5408 1215 5469 atque
1240 5400 1495 5457 virtutis?
1519 5397 1655 5467 Nam
1702 5397 1797 5452 etsi
1831 5397 2133 5453 volutantes
2156 5410 2280 5449 cum

726 5489 1139 5553 meretricibus,
1182 5491 1460 5560 proprium
1507 5490 1709 5546 bonum
1754 5488 1996 5545 nancisci
2045 5488 2276 5559 possint.

724 5577 875 5644 Quod
906 5582 953 5636 si
978 5580 1262 5651 disciplina
1295 5582 1594 5652 meliorque
1628 5580 1893 5638 institutio
1915 5594 1978 5636 ac
2004 5579 2275 5643 educatio,

788 5747 868 5818 (di
912 5754 1028 5813 Τὴν
1047 5754 1224 5815 ὓλην.
1252 5756 1323 5807 Ἥ
1346 5771 1405 5808 τε
1434 5754 1554 5815 ὕλη.

2392 4761 2632 4830 ἑνάρετοι
2668 4761 2734 4813 ἂν
2771 4756 3039 4827 γένοιντο·
3068 4761 3116 4812 εἰ
3149 4759 3222 4830 μὴ
3257 4760 3309 4811 τί
3338 4774 3499 4827 φασιν
3530 4757 3629 4827 τῆς
3666 4759 3935 4831 δυνάμεως

2392 4848 2635 4900 πλεῖστον
2660 4850 2767 4910 τοῖς
2797 4848 3053 4911 τοιούτοις
3079 4845 3637 4916 ὲναπολαμόάνεσθαι.

2457 5026 2623 5078 Πάλιν
2647 5029 2823 5079 τοίνυν
2856 5027 3072 5097 πρῶτον
3104 5027 3223 5096 μέν·
3256 5027 3351 5090 Τίς
3382 5030 3536 5100 χρεία
3562 5030 3655 5086 τοῦ
3689 5032 3819 5105 περί
3842 5028 3931 5099 τὴν

2385 5116 2661 5171 παίδευσιν
2710 5118 2872 5170 πόνου
2957 5118 3279 5187 (γενοίμεθα
3329 5119 3437 5191 γὰρ
3480 5121 3545 5175 ἂν
3592 5122 3929 5181 καθεύδοντες

2384 5210 2814 5285 σπουδαῖοι);ἢ
2872 5210 2959 5265 διὰ
3000 5210 3054 5263 τί
3107 5211 3337 5281 μάλιστα
3392 5212 3515 5277 τοὺς
3561 5214 3927 5287 ἀκροωμένους

2383 5302 2559 5355 αὐτῶν
2583 5303 2632 5355 οἱ
2656 5301 2884 5355 τοιοῦτοι
2917 5300 3107 5371 ἄνδρες
3136 5304 3213 5365 εἰς
3248 5303 3467 5368 ἐλπίδας
3509 5304 3699 5375 ἄγουσι
3727 5303 3821 5360 τοῦ
3846 5318 3924 5354 κα·

2381 5393 2506 5459 λοῦ;
2542 5396 2651 5449 Καὶ
2682 5394 2787 5465 γὰρ
2821 5392 3225 5462 καλινδούμενοι
3270 5395 3367 5449 σὺν
3410 5399 3528 5461 ταῖς
3574 5396 3830 5467 ἑταίραις,
3874 5388 3925 5441 τδ

2381 5488 2575 5539 οἰκεῖον
2612 5486 2780 5557 ’ἔχειεν
2821 5484 2889 5537 ἂν
2933 5484 3157 5552 ἀγαθόν.
3189 5486 3251 5541 Εἰ
3282 5488 3338 5540 δὲ
3378 5489 3411 5559 ὴ
3456 5488 3733 5549 παίδευσις
3766 5483 3853 5536 καὶ
3890 5481 3921 5547 ή

2382 5578 2698 5647 περιαγισνγὴ
2732 5579 2766 5645 ἠ
2794 5574 3016 5645 βελτίων
3046 5577 3139 5630 καὶ
3171 5578 3232 5633 τδ
3255 5581 3539 5635 σπουδαῖον
3568 5581 3696 5651 περὶ
3716 5576 3811 5646 τὴν
3832 5572 3920 5641 τῆς

2450 5754 2525 5819 (ε)
2563 5751 2845 5817 “omni.
2870 5752 3182 5819 Δίσθητικά.
3252 5746 3263 5761 ⁸
