4036 6320
743 375 850 432 ιδε

1746 387 2146 446 ALEXAND!“
2179 391 2484 452 EPISCOPI
2521 396 3021 456 LYCOPOLI'I'ANI
3128 451 3130 454 ,

3843 413 3930 465 ω
4006 395 4007 406 ,

742 487 812 542 iri
851 500 916 540 ac
945 488 1256 558 perituram.
1289 492 1528 550 Primum
1572 495 1788 567 quidem
1822 515 1929 555 non
1961 503 2262 562 animadch

2362 551 2370 574 ι
2399 508 2650 578 πόμενον,
2675 511 2809 584 ὅπερ
2834 514 2981 566 ἐστὶν
3007 515 3040 584 ἡ
3069 512 3187 586 ὕλη,
3217 515 3458 570 διαλυθὲν
3483 517 3772 590 οἰχήσεται.
3794 519 3931 594 Πρῶ-

744 585 866 633 tunt
889 617 905 644 ,
954 579 1068 634 ﬁeri
1099 597 1205 636 non
1245 599 1406 655 posse
1455 595 1512 641 ut
1549 589 1658 642 ulla
1704 605 1788 646 res
1821 591 1874 645 in
1907 607 2013 648 non
2045 611 2142 651 ens
2173 613 2295 652 cor-

741 681 1040 743 rumpatur.
1067 673 1184 730 Non
1212 692 1320 735 ens
1339 680 1482 735 enim
1515 697 1623 738 non
1658 694 1759 739 est.
1801 684 2086 759 Dissipatis
2115 701 2292 747 autem

740 765 1080 832 corporibus,
1112 783 1175 824 ac
1203 784 1327 824 cum
1357 772 1437 826 eis
1467 774 1694 829 mutatio
1726 778 1965 846 quaedam
2015 782 2311 852 acciderit,

737 854 1144 927 dissolvuntur;
1181 862 1316 916 adeo
1348 872 1407 916 ut
1453 868 1648 936 partim
1697 869 1754 922 in
1810 876 2009 925 terram
2058 875 2289 941 cedant,

735 945 934 1013 partim
967 946 1021 999 in
1053 961 1254 1014 aerem,
1285 953 1587 1025 partimque
1614 955 1668 1009 in
1694 957 1838 1012 aliud
1863 960 2159 1030 quidpiam.

802 1033 1069 1092 Praeterea
1097 1053 1205 1094 non
1233 1044 1610 1112 meminerunt,
1643 1048 1838 1104 docere
1869 1050 1990 1108 illos
2013 1056 2288 1111 materiam

729 1133 937 1182 motum
963 1129 1329 1186 inordinatum
1367 1151 1506 1192 esse.
1537 1137 1702 1205 Quod!
1743 1151 1923 1198 autem
1974 1145 2059 1199 sui
2112 1145 2288 1216 ipsum

727 1218 940 1274 ratione
972 1232 1237 1289 movetur,
1263 1232 1314 1279 et
1336 1227 1492 1296 cujus
1529 1232 1765 1290 essentia
1811 1244 1987 1290 motus
2023 1243 2104 1292 est
2128 1277 2142 1300 ,
2189 1254 2290 1294 nec

725 1323 826 1380 per
850 1311 1102 1366 accidens
1123 1313 1200 1366 illi
1223 1320 1497 1385 competit,
1542 1337 1776 1390 quanam
1815 1327 1907 1381 ﬁat
1951 1330 2160 1384 ratione
2181 1369 2195 1393 ,
2228 1338 2288 1385 ut

724 1398 1052 1456 abscedente
1075 1402 1289 1469 virtute,
1319 1407 1373 1461 id
1402 1409 1547 1478 quod
1585 1421 1734 1476 erat,
1784 1423 1909 1471 ante
1935 1421 2097 1472 etiam
2125 1434 2286 1489 quam

723 1491 899 1545 virtus
922 1491 975 1545 in
1006 1493 1182 1560 ipsum
1212 1495 1583 1565 descenderet,
1616 1518 1737 1557 esse
1765 1505 2023 1561 desinat?
2061 1508 2172 1565 Nec
2207 1513 2288 1566 vi-

721 1581 851 1636 dent
881 1582 1256 1656 differentiam,
1275 1591 1420 1662 quod
1433 1607 1593 1648 omne
1619 1610 1818 1665 corpus
1840 1613 2035 1668 expers
2067 1603 2282 1670 animm,

719 1670 994 1732 immobile
1025 1679 1117 1733 sit.
1170 1678 1306 1744 Nam
1355 1689 1409 1737 et
1454 1683 1652 1754 stirpes
1689 1687 1924 1743 animam
1955 1690 2157 1747 habent
2192 1709 2285 1749 ve-

717 1761 1026 1829 getabilem.
1067 1765 1249 1837 Ipsum
1280 1785 1408 1825 vero
1437 1782 1664 1839 motum,
1697 1781 2045 1846 quantumvis
2068 1782 2278 1839 inordi-

2395 617 2486 652 τον
2532 603 2629 671 μὲν
2661 603 2766 674 γὰρ
2801 605 2898 675 οὐχ
2932 607 3148 677 ὁρῶσιν,
3188 607 3267 659 ὅτι
3299 607 3405 661 τῶν
3450 609 3617 662 ὄντων
3654 612 3801 665 οὐδὲν
3837 609 3928 667 οἷόν

2393 690 2542 743 ἐστιν
2585 689 2897 762 φθείρεσθαι
2940 697 3018 758 είς
3055 696 3116 748 τὸ
3163 695 3237 769 μὴ
3273 696 3350 750 όν·
3389 697 3450 749 τὸ
3489 699 3600 770 γὰρ
3640 700 3713 771 μὴ
3762 701 3818 756 ὃν
3845 705 3926 756 οὐκ

2393 785 2528 840 ἐστι.
2569 788 3070 843 Διασκεδασθέντων
3102 789 3160 844 δὲ
3212 790 3321 844 τῶν
3351 794 3632 862 σωμάτων,
3668 796 3762 848 καὶ
3785 814 3923 866 μετα-

2391 878 2552 950 ϐολήν
2587 895 2708 932 τινα
2755 880 3008 950 σχόντων,
3051 880 3290 944 διάλυσις
3318 882 3543 949 γίνεται·
3578 883 3719 937 ὥστε
3755 887 3812 938 τὸ
3842 887 3924 954 μὲν

2390 972 2470 1032 εις
2498 970 2599 1040 γῆν
2639 970 2911 1033 ἀπελθεῖν,
2948 973 3009 1024 τὸ
3037 972 3093 1023 δὲ
3126 974 3204 1034 είς
3233 971 3392 1041 ἀέρα,
3429 973 3488 1025 τὸ
3517 973 3574 1026 δὲ
3607 976 3688 1037 εἰς
3718 976 3839 1029 ἀλλο
3859 993 3920 1027 τι.

2462 1063 2691 1114 Ἔπειτα
2738 1063 2794 1116 δὲ
2844 1066 2904 1116 οὑ
2956 1064 3276 1134 μέμνηνται,
3323 1064 3404 1116 ὅτι
3449 1064 3663 1136 κίνησιν
3717 1066 3925 1119 ἄτακτον

2387 1151 2723 1206 ὑποτίθενται
2745 1151 2881 1206 εἶναι
2903 1155 3000 1226 τὴν
3023 1155 3170 1225 ὕλην.
3202 1157 3272 1209 Τὸ
3294 1157 3349 1209 δὲ
3364 1157 3430 1210 δι’
3451 1156 3580 1209 αὐτὸ
3609 1156 3924 1228 κινούμενον,

2387 1243 2480 1294 καὶ
2511 1237 2571 1295 οὗ
2599 1245 2744 1296 ἐστιν
2771 1245 2925 1298 οὐσία
3020 1247 3252 1317 κίνησις,
3280 1247 3415 1300 ἀλλὰ
3450 1246 3526 1316 μὴ
3567 1248 3708 1300 κατὰ
3740 1248 3924 1318 συμϐε-

2387 1331 2553 1402 ϐηκὸς
2598 1333 2829 1404 ὑπάρχει
2882 1335 3047 1405 αὐτῷ,
3093 1336 3210 1399 πῶς
3250 1335 3487 1404 εὔλογον,
3525 1337 3624 1406 τῆς
3666 1335 3924 1406 δυνάμεως

2384 1420 2736 1494 ἀπελθούσης,
2779 1423 3086 1477 παύσασθαι
3115 1425 3208 1478 τοῦ
3247 1426 3383 1496 ὅπερ
3426 1419 3515 1495 ἧν,
3545 1424 3675 1494 πρὶν
3719 1424 3810 1478 καὶ
3838 1423 3926 1494 τὴν

2384 1509 2609 1575 δύναμιν
2629 1513 2707 1574 είς
2729 1511 2859 1565 αὐτὸ
2887 1511 3195 1578 κατελθεῖν;
3227 1515 3337 1583 Οὐχ
3364 1511 3529 1584 δρῶσι
3555 1513 3612 1565 δὲ
3639 1513 3699 1565 τὸ
3734 1512 3927 1582 παραλ-

2383 1600 2592 1664 λάττον,
2624 1603 2705 1654 ὅτι
2732 1604 2838 1656 πᾶν
2871 1603 2968 1674 μὲν
2999 1603 3175 1673 σῶμα,
3195 1604 3371 1672 ψυχῆς
3392 1604 3637 1674 ἄμοιρον,
3664 1604 3922 1673 ἀκίνητον.

2387 1693 2535 1762 Ἔχει
2563 1693 2669 1763 γὰρ
2699 1693 2791 1746 καὶ
2817 1693 2884 1746 τά
2924 1694 3064 1762 φυτὰ
3091 1694 3188 1764 τὴν
3224 1695 3451 1766 φυτικὴν
3480 1695 3678 1766 ψυχήν.
3727 1694 3838 1764 Τῆς
3874 1693 3925 1746 δὲ

2382 1782 2513 1855 ὕλης
2538 1785 2707 1855 αὐτὴν
2732 1784 2829 1856 τὴν
2859 1785 3043 1838 ουσίαν
3075 1785 3286 1856 κίνησιν
3315 1783 3451 1839 εἶναι
3484 1787 3666 1854 φασὶν,
3701 1784 3925 1838 ἄτακτον

712 1858 926 1917 natum,
955 1858 1194 1912 materiae
1236 1858 1426 1914 dicunt
1457 1877 1578 1917 esse
1627 1865 2007 1926 substantiam.
2039 1872 2118 1926 Ac
2148 1889 2262 1930 νει-ί

2381 1877 2580 1947 μέντοι.
2631 1876 2862 1931 Κάλλιον
2902 1875 2957 1928 δὲ
3001 1871 3091 1946 ἦν,
3138 1877 3384 1946 καθάπερ
3417 1876 3506 1928 ἐπὶ
3545 1875 3739 1946 λύρας,
3773 1875 3928 1948 mea.

712 1948 831 1996 erat
883 1945 1099 2012 melius,
1146 1949 1291 2003 velut
1338 1951 1390 2006 in
1422 1952 1736 2011 dissonante
1782 1959 1932 2029 lyra,
1985 1964 2276 2022 accedente

713 2030 996 2088 harmonia
1020 2037 1264 2109 iuitoque
1294 2051 1579 2109 concentu,
1607 2049 1868 2118 quidquid
1896 2061 2033 2117 erat,
2066 2057 2275 2114 musice

711 2132 1027 2181 consertum
1077 2130 1521 2204 modulatumque
1569 2138 1838 2195 eﬂicitur:
1879 2144 1960 2198 sic
2015 2146 2270 2204 nimirum

708 2213 949 2272 divinam
1004 2219 1258 2277 virtutem
1318 2223 1626 2282 inordinate
1695 2230 1982 2290 admistam
2061 2241 2266 2304 motui,

705 2319 866 2374 quem
901 2307 1006 2377 ipsi
1035 2314 1316 2369 materiam
1369 2319 1630 2381 sentiunt,
1663 2335 1762 2389 pro
1783 2336 1849 2376 eo
1881 2324 2025 2395 quod
2072 2341 2268 2388 ornatu

704 2397 946 2464 carebat,
981 2403 1268 2471 quemdam
1300 2405 1378 2458 illi
1412 2415 1663 2461 ornatum
1696 2411 1955 2480 adjecisse
1977 2455 1990 2478 ,
2035 2431 2098 2471 ac
2125 2434 2269 2474 sem-

703 2502 800 2560 per
829 2490 1087 2558 adjicere,
1118 2493 1387 2562 ejusmodi
1415 2497 1622 2552 scilicet
1660 2502 1754 2570 qui
1783 2503 1968 2558 divino
1993 2507 2095 2562 rite
2134 2523 2266 2566 con-

701 2593 860 2649 gruat
906 2584 1155 2653 tempori.
1201 2582 1336 2640 Nam
1383 2603 1603 2657 quaso,
1654 2595 2000 2662 quandonam
2047 2601 2263 2656 tandem

700 2668 818 2740 ipse
848 2668 1201 2737 Manichaeus,
1236 2681 1295 2726 ut
1317 2672 1383 2730 de
1415 2676 1499 2730 his
1523 2686 1780 2733 tractaret
1801 2681 2027 2738 idoneus
2055 2681 2177 2748 fuit,
2201 2699 2264 2741 ac

698 2761 918 2831 quando
959 2763 1177 2819 demum
1220 2764 1406 2820 isthaec
1457 2770 1772 2823 enarravit?
1816 2771 1950 2826 Nam
1989 2779 2043 2827 et
2085 2775 2261 2844 ipsum

697 2851 938 2906 materia:
968 2859 1096 2908 tunc
1129 2853 1326 2925 migma
1345 2863 1398 2910 et
1429 2858 1643 2914 virtutis
1673 2860 1728 2913 in
1754 2877 1816 2916 ea
1843 2871 2071 2934 recepta:
2093 2864 2262 2921 fuisse

697 2944 1022 3000 concedunt.
1060 2945 1184 3002 Sive
1216 2947 1381 3018 igitur
1404 2988 1419 3013 ,
1452 2950 1524 3002 ita
1551 2961 1608 3004 ut
1632 2961 1768 3019 erat,
1800 2953 1913 3009 haec
1953 2957 2260 3012 inordinate

694 3045 844 3090 motu
872 3037 1090 3093 locutus
1118 3046 1221 3100 est,
1256 3041 1528 3110 quomodo
1565 3059 1672 3099 non
1723 3047 1861 3100 mala
1889 3049 2112 3118 Opinio?
2144 3052 2258 3106 sive

694 3123 877 3179 divina
937 3128 1136 3185 virtute
1194 3144 1394 3204 anceps
1457 3133 1786 3206 dubiumque
1847 3138 2041 3209 dogma
2103 3150 2186 3197 est
2238 3160 2252 3197 :

693 3230 756 3270 ea
789 3218 1017 3285 ratione,
1042 3235 1145 3292 qua
1178 3229 1262 3277 est
1304 3203 1342 3278 a7
1374 3225 1554 3282 divina
1597 3229 1812 3292 virtute,
1837 3232 2078 3287 veritatis
2106 3248 2255 3287 com-
2281 3203 2322 3260 ϐ

2379 1983 2548 2038 μοστα
2575 1966 2934 2037 μελῳδούσης,
2961 1968 2993 2037 ἡ
3027 1967 3257 2038 ἁρμονία
3287 1964 3512 2019 ἐλθοῦσα
3537 1965 3599 2018 τὸ
3629 1967 3738 2018 πᾶν
3767 1967 3925 2036 ἡρμο-

2375 2059 2570 2129 σμένον
2607 2057 3013 2128 άπειργάσατοο
3057 2058 3199 2110 οὕτω
3230 2056 3292 2128 δὴ
3335 2055 3617 2126 μιχθείσαν
3658 2055 3760 2126 τὴν
3787 2056 3927 2113 θείαν

2370 2149 2596 2220 δύναμιν
2623 2152 2688 2220 τῇ
2723 2149 2943 2219 ἀτάκτῳ
2999 2150 3228 2221 κινήσει,
3266 2149 3401 2219 ὅπερ
3428 2148 3543 2200 ἐστὶ
3571 2147 3690 2200 κατ’
3739 2148 3924 2210 αὐτοὺς

2368 2242 2401 2310 ἡ
2439 2240 2558 2312 ὖλη,
2601 2241 2720 2294 ἀντὶ
2745 2242 2842 2311 τῆς
2875 2240 3101 2310 ἐνούσης
3127 2239 3392 2310 ἀκοσμίας
3423 2238 3627 2308 κόσμον
3653 2238 3775 2292 τινὰ
3794 2239 3922 2306 αὐτῇ

2369 2332 2760 2386 ὲπιτεθεικέναι
2790 2333 2883 2387 καὶ
2898 2333 2984 2385 ἀεὶ
3017 2331 3279 2385 ἐπιθεῖναι
3308 2329 3401 2384 τοῦ
3422 2330 3564 2383 θείου
3591 2329 3782 2401 χρόνου
3797 2329 3923 2381 ἐπά-

2369 2421 2496 2486 ξιον.
2535 2423 2684 2476 Ἐπεὶ
2710 2423 2826 2486 πῶς
2854 2440 2983 2476 ποτε
3006 2423 3166 2485 αὐτὸς
3192 2424 3220 2474 ὁ
3251 2423 3547 2490 Μανιχαῖος
3569 2421 3700 2490 περὶ⁵
3729 2417 3922 2471 τούτων

2366 2509 2582 2578 ἐγένετο
2624 2511 2805 2574 ἱκανὸς
2833 2510 3124 2576 διαλαϐεῖν,
3171 2510 3265 2563 καὶ
3295 2511 3353 2563 τὸ
3388 2509 3515 2561 πότε
3545 2508 3686 2561 αὐτὰ
3719 2506 3922 2578 ἀφηγή-

2367 2616 2526 2663 σατο;
2554 2599 2627 2662 ὡς
2653 2600 2757 2672 γὰρ
2790 2602 2967 2671 μίγμα
2999 2601 3190 2670 γέγονε
3217 2601 3310 2655 καὶ
3338 2601 3505 2663 αὐτὸς
3531 2599 3635 2669 τῆς
3659 2599 3813 2668 ὕλης,
3839 2595 3921 2650 καὶ

2361 2691 2459 2760 τῆς
2504 2691 2962 2762 ὲναποληφθείσης
3004 2693 3139 2763 αὐτῇ
3187 2692 3485 2762 δυνάμεως,
3530 2687 3916 2761 συγχωροῦσιν.

2362 2779 2485 2833 Εῖτιιι
2511 2777 2622 2845 οὖν,
2657 2780 2732 2844 ὼς
2763 2775 2898 2850 εἶχε,
2946 2782 3013 2850 τῇ
3055 2781 3270 2850 ἀτάκτῳ
3306 2782 3513 2850 κινήσει
3543 2772 3717 2833 ταῦτα
3751 2779 3917 2845 ἔλεγε.

2361 2869 2478 2934 πῶς
2502 2870 2563 2924 οὐ
2598 2872 2772 2942 φαύλη
2797 2873 2829 2941 ἡ
2853 2870 3006 2935 δόξας
3031 2871 3138 2924 εἴτε
3157 2871 3223 2942 τῇ
3254 2871 3370 2942 θείᾳ
3391 2871 3614 2941 δυνάμει
3635 2869 3919 2941 ἀμφίδοξον

2359 2964 2460 3036 ήδη
2485 2964 2543 3017 τὸ
2574 2963 2747 3035 δόγμα
2767 2983 2779 2995 ·
2815 2963 2892 3034 τῷ
2924 2963 3022 3034 μὲν
3043 2962 3150 3016 ἀπὸ
3184 2963 3280 3033 τῆς
3307 2962 3456 3025 θείας
3485 2962 3766 3033 δυνάμεως
3785 2958 3918 3016 εἶναι

2361 3056 2583 3126 μέτοχον
2610 3055 2890 3128 ἀληθείας·
2924 3055 3002 3126 τῷ
3042 3055 3098 3109 δὲ
3129 3055 3236 3108 ἀπὸ
3271 3054 3366 3125 τῆς
3401 3053 3632 3108 ἀτάκτου
3660 3055 3920 3125 κινήσεως

2354 3147 2448 3202 τοῦ
2497 3147 2681 3220 ἑτέρου
2735 3147 2931 3219 μέρους
2987 3145 3254 3218 μετέχειν,
3292 3144 3682 3216 μεθιστάμενον
3731 3147 3812 3208 εἰς
3861 3145 3918 3197 τὸ

2352 3238 2562 3307 ψεῦδος.

693 3310 897 3363 mercio
953 3313 1220 3383 gaudens;
1280 3331 1384 3386 qua
1433 3335 1560 3375 vero
1602 3320 1670 3375 ab
1699 3321 2005 3378 inordinate
2055 3333 2236 3391 motu,
2270 3329 2491 3387 alterius
2561 3335 2730 3402 panis
2777 3332 3102 3390 commercio
3155 3332 3223 3388 ad
3264 3330 3602 3387 mendacium
3652 3344 3915 3402 vergens.

688 3397 875 3469 illique
908 3402 1133 3461 haerens.

687 3510 817 3566 CAP.
843 3513 983 3571 XIX.
1029 3517 1214 3573 Altera
1243 3519 1528 3579 Hanichwi
1561 3524 1763 3603 Virtus,
1787 3527 2051 3603 prioribus
2083 3531 2329 3603 novisque
2383 3528 2845 3603 absurdiapetita.
2896 3529 3074 3603 Virtus
3105 3531 3337 3600 efﬁciens
3368 3539 3419 3586 et
3450 3531 3710 3599 patibilis,
3745 3533 3920 3603 opifex

1342 3603 1391 3646 et
1426 3597 1658 3647 materiae
1691 3609 1951 3653 concreta.
1984 3598 2220 3668 Corpora
2243 3597 2547 3654 vManic/awo
2587 3601 2753 3652 tribus
2777 3600 3014 3668 partibus
3037 3597 3259 3666 digesta.

756 3697 914 3763 Quod
939 3701 986 3758 si
1027 3700 1229 3762 dictum
1259 3711 1434 3766 esset,
1466 3705 1701 3762 divinam
1733 3708 1985 3765 virtutem
2019 3725 2243 3767 ornasse

686 3795 972 3843 materiam
1003 3800 1164 3860 atque
1185 3805 1412 3857 ornare;
1431 3795 1586 3866 longe
1631 3801 1925 3868 sapientius
1977 3813 2158 3867 esset,
2190 3811 2244 3858 et

685 3878 753 3930 ad
784 3878 942 3933 ﬁdem
986 3880 1265 3951 Manichaai
1307 3883 1564 3940 doctrinm
1592 3902 1654 3942 ac
1685 3892 2023 3948 sermonibus
2060 3895 2244 3948 conci-

683 3970 924 4026 liandum
949 3974 1362 4031 conducibilius.
1415 3976 1888 4037 Verumenimvero
1917 3985 2075 4038 aliam
2102 3983 2242 4040 Deus

681 4076 712 4114 e
745 4063 993 4131 supernis
1024 4065 1170 4120 misit
1203 4066 1478 4122 virtutem.
1514 4066 1652 4125 Sane
1681 4072 1895 4139 quidem
1936 4090 2055 4144 quae
2099 4073 2239 4128 dicta

683 4162 810 4205 sunt
837 4153 902 4207 de
932 4155 1113 4223 priore
1140 4157 1354 4213 .virtute
1375 4198 1388 4220 ,
1422 4158 1487 4212 de
1534 4161 1633 4213 hac
1687 4165 1890 4230 pariter
1930 4165 2240 4218 communia

681 4248 846 4295 sunt:
880 4245 1166 4315 omniaque
1216 4249 1485 4314 absurda,
1515 4253 1803 4322 conjuncta
1858 4256 2118 4313 doctrina:
2175 4258 2241 4312 de

679 4333 852 4400 prima
894 4332 1109 4388 illorum
1140 4340 1372 4405 virtute,
1431 4345 1611 4398 eadem
1647 4355 1698 4401 et
1753 4349 2234 4417 imprmsentiarum

680 4425 807 4478 licet
849 4425 1057 4483 alTerrc.
1113 4430 1268 4485 Aliud
1305 4451 1430 4488 vero
1486 4440 1605 4506 quis
1656 4441 1827 4494 ferat?
1864 4441 2063 4506 Quidni
2091 4443 2234 4496 enim

2416 3713 2477 3766 Εἰ
2501 3714 2556 3766 δὲ
2579 3713 2782 3784 εἴρητο,
2805 3711 2879 3773 ὡς
2904 3712 2937 3780 ή
2963 3711 3083 3764 θεία
3111 3711 3334 3781 δύναμις
3360 3712 3454 3781 τὴν
3475 3709 3604 3780 ὓλην
3631 3710 3915 3785 ἐκόσμησε

2348 3805 2439 3857 καὶ
2472 3806 2680 3872 κοσμεῖ,
2717 3801 2910 3873 μακρῷ
2938 3800 3000 3852 ἂν
3030 3797 3096 3871 ἦν
3123 3801 3447 3871 σοφώτερον,
3479 3801 3573 3852 καὶ
3604 3803 3745 3873 πρὸς
3770 3805 3915 3871 ἀξιο-

2348 3895 2562 3946 πιστίαν
2585 3894 2690 3945 τῶν
2715 3892 3013 3962 Μανιχαίου
3039 3893 3210 3960 λόγων
3231 3891 3660 3962 συμϐαλλόμενον
3687 3896 3908 3964 μᾶλλον.

2349 3986 2516 4040 «Ἀλλὰ
2550 3985 2656 4054 γὰρ
2698 3985 2891 4054 ἑτέραν
2924 3983 3148 4051 δύναμιν
3191 3982 3534 4052 κατέπεμψεν
3576 3984 3605 4034 ό
3647 3985 3806 4051 Θεός.
3847 3990 3912 4039 Ἀ

2352 4075 2449 4144 μὲν
2479 4075 2542 4146 δὴ
2585 4075 2794 4144 εἴρηται
2825 4073 2951 4145 περὶ
2984 4073 3081 4141 τῆς
3119 4072 3384 4143 προτέρας
3421 4073 3723 4145 δυνάμεως,
3757 4078 3910 4132 κοινά

2348 4168 2438 4220 καὶ
2467 4168 2591 4238 περὶ
2621 4167 2822 4236 ταύτης
2847 4166 2960 4218 ὲστί
2977 4182 2988 4194 ·
3016 4165 3108 4217 καὶ
3133 4166 3233 4217 ὅσα
3257 4166 3428 4218 ἄτοπα
3449 4165 3633 4221 ἕπεται
3657 4169 3739 4237 τῷ
3769 4168 3909 4238 λόγῳ

2345 4259 2422 4329 τῷ
2464 4261 2588 4330 περὶ
2630 4261 2727 4328 τῆς
2779 4258 3002 4330 πρώτης
3045 4257 3220 4309 αὐτῶν
3265 4256 3562 4326 δυνάμεως,
3611 4260 3789 4314 ταῦτα
3820 4261 3909 4313 καὶ

2342 4351 2433 4405 νῦν
2467 4354 2579 4405 ἐστι
2610 4352 2805 4419 λέγειν.
2835 4351 2906 4402 Τὸ
2934 4351 2987 4401 δὲ
3010 4350 3133 4402 ἄλλο
3154 4349 3234 4411 τίς
3255 4342 3566 4417 ἀνάσχω-ξω
3599 4350 3696 4402 Διὰ
3730 4353 3905 4424 τίγὰρ

2343 4443 2404 4514 δὴ
2435 4445 2494 4495 οὐ
2528 4445 2703 4496 πάντα
2737 4445 2862 4512 μίαν
2891 4443 3008 4495 τινὰ
3037 4441 3335 4510 δυναμένην
3364 4439 3589 4509 δύναμιν
3622 4444 3904 4514 κατέπεμ-

684 4518 823 4571 ι)θιιε
851 4533 1014 4571 unam
1057 4523 1341 4590 quamdam
1373 4526 1622 4581 virtutem
1669 4534 1846 4595 misit,
1884 4550 2003 4602 qua:
2058 4536 2239 4586 omnia

2362 4537 2439 4603 μεν
2487 4539 2515 4588 6
2560 4535 2724 4599 Θεός;
2775 4536 2833 4587 Εἰ
2885 4534 3169 4604 ἀνθρώπου
3222 4533 3342 4593 νοῦς
3386 4529 3556 4594 οὕτως
3606 4534 3724 4585 ἐστὶ
3771 4536 3904 4608 πρὸς

681 4609 1053 4675 posset?Cum
1082 4628 1233 4667 mens
1270 4614 1501 4670 humana
1533 4620 1610 4675 sic
1644 4622 1709 4674 ad
1739 4629 1916 4678 munia
1948 4626 2096 4679 varia
2132 4626 2199 4680 sit
2223 4666 2238 4685 .

679 4704 737 4749 ut
764 4699 950 4752 eadem
995 4704 1317 4769 geometrica
1351 4706 1574 4759 scientia
1599 4747 1612 4768 ,
1660 4711 1950 4779 eademque
1983 4724 2236 4768 astrono-

679 4789 816 4841 mica
851 4798 904 4844 et
926 4793 1189 4848 teclonica
1220 4797 1439 4864 praedita
1477 4799 1565 4862 sit,
1605 4813 1666 4853 ac
1698 4800 1742 4853 si
1773 4801 1897 4868 quid
1931 4804 2048 4872 ejus
2078 4819 2238 4874 gene-

677 4880 753 4933 ris
782 4886 897 4943 est;
934 4882 1000 4933 ad
1039 4882 1232 4939 incitas
1263 4885 1402 4940 Deus
1438 4889 1687 4944 redactus
1733 4901 1834 4952 est,
1867 4907 1964 4945 nec
1995 4893 2237 4948 invenire
2276 4911 2282 4919 ι

676 4971 850 5037 potuit
881 4973 1036 5028 talem
1071 4976 1346 5042 virtutem,
1380 4995 1496 5047 quae
1530 4981 1604 5034 illi
1635 4980 1700 5033 ad
1727 4982 1904 5034 omnia
1936 4983 2129 5040 idonea
2154 4999 2235 5039 es-

676 5071 776 5123 set,
796 5069 856 5115 ut
882 5079 990 5120 non
1013 5067 1188 5136 prima
1217 5077 1376 5138 atque
1403 5071 1636 5133 secunda
1663 5072 1957 5141 indigeret?

750 5152 950 5223 thuid
989 5173 1114 5212 vero
1137 5162 1239 5213 alia
1270 5163 1484 5229 quidem
1515 5165 1686 5218 virtus
1721 5164 1950 5232 opiﬁcis,
1983 5167 2088 5220 alia
2121 5167 2231 5219 vim

674 5249 848 5314 magis
878 5251 1132 5319 patientis
1166 5253 1369 5309 habens
1412 5272 1475 5310 ac
1511 5257 1841 5327 recipientis,
1889 5274 1995 5328 quo
2025 5259 2233 5313 scilicet

673 5359 901 5411 pronum
935 5344 1008 5397 illi
1033 5345 1276 5416 beneque
1308 5349 1376 5402 sit
1401 5355 1460 5402 ut
1501 5351 1789 5404 misceatur
1816 5367 1936 5404 cum
1971 5351 2232 5404 materia?

673 5433 788 5487 Non
824 5435 966 5488 enim
1019 5435 1107 5490 hic
1136 5451 1359 5492 causam
1405 5439 1612 5494 ordinis
1656 5442 1780 5495 boni
1814 5442 1994 5506 video,
2041 5440 2232 5497 adver-

673 5539 875 5592 susque
913 5525 1088 5593 ipsum
1128 5543 1404 5583 excessus.
1442 5528 1498 5584 Si
1545 5530 1744 5585 malum
1787 5541 1923 5597 erat,
1965 5548 2073 5587 non
2114 5540 2232 5588 erat

670 5616 724 5673 in
757 5616 918 5670 dumo
953 5617 1066 5672 Dei.
1102 5618 1235 5674 Cum
1270 5623 1412 5676 enim
1460 5621 1602 5678 Deus
1634 5624 1975 5680 solummodo
2003 5626 2226 5690 bonum,

739 5793 815 5860 (6)
856 5797 1072 5849 liam-t7.

2344 4627 2516 4682 πάντα
2544 4628 2802 4689 ποικίλος,
2833 4626 2968 4678 ὥστε
2990 4629 3016 4677 ὁ
3038 4626 3199 4687 αὐτὸς
3224 4625 3320 4694 μὲν
3350 4619 3485 4674 εἶναι
3509 4628 3901 4696 γεωμετρικὸς,

2340 4720 2367 4770 ὁ
2393 4718 2554 4778 αὐτὸς
2592 4717 2648 4768 δὲ
2691 4717 3077 4787 ἀστρονομικὺς
3113 4716 3203 4768 καὶ
3241 4710 3565 4774 τεκτονικὸς,
3616 4714 3711 4766 καὶ
3755 4716 3810 4766 εἴ
3853 4734 3901 4768 τι

2339 4805 2572 4864 τοιοῦτον
2591 4823 2602 4835 ·
2635 4805 2751 4876 Θεῷ
2777 4807 2831 4858 δὲ
2855 4802 2961 4876 ἄρα
2991 4802 3056 4876 ἦν
3091 4807 3290 4876 ἄπορον
3321 4804 3500 4874 εὑρεῖν
3528 4805 3784 4876 τοιαύτην
3815 4806 3902 4858 δύ-

2338 4911 2520 4962 ναμιν,
2554 4895 2672 4963 ἤτις
2696 4894 2845 4963 αὐτῷ
2873 4896 3005 4963 πρὸς
3041 4895 3214 4948 πάντα
3235 4891 3300 4964 ἦν
3332 4892 3506 4962 ἱκανὴ,
3542 4892 3625 4945 ἵνα
3649 4896 3727 4967 μὴ
3756 4895 3902 4968 πρώ-

2340 5001 2434 5053 της
2460 4985 2550 5036 καὶ
2573 4983 2825 5054 δευτέρας
2847 4985 3026 5056 δέηται
3047 5003 3062 5050 ;

2408 5166 2503 5218 Διά
2532 5165 2583 5217 τί
2625 5165 2738 5234 δὲὴ
2789 5165 2885 5235 μὲν
2927 5165 3153 5234 δύναμίς
3188 5167 3298 5218 ἐστι
3341 5161 3719 5235 δημιουργικὴ,
3777 5165 3810 5236 ἡ
3844 5164 3898 5217 δὲ

2335 5258 2607 5329 παθητικὴ
2651 5257 2868 5331 μᾶλλον,
2914 5255 2988 5319 ὡς
3026 5256 3203 5320 καλῶς
3240 5254 3405 5324 αὐτὴν
3442 5252 3582 5322 ἔχειν
3621 5257 3761 5331 πρὸς
3801 5256 3899 5325 τὴν

2336 5350 2465 5421 ὕλην
2510 5349 2900 5420 κεράννυσθαι;
2932 5349 3042 5417 Οὐχ
3083 5349 3192 5419 ὁρῶ
3225 5348 3332 5418 γὰρ
3367 5345 3525 5398 πάλιν
3570 5348 3807 5402 ἐνταῦθα
3837 5348 3897 5400 τὸ

2333 5441 2504 5494 αἴτιον
2545 5441 2634 5510 τῆς
2672 5440 2878 5504 τάξεως
2913 5441 3005 5492 τοῦ
3034 5439 3198 5493 καλοῦ
3223 5438 3298 5509 (6)
3335 5438 3426 5490 καὶ
3459 5437 3555 5507 τῆς
3583 5438 3703 5492 κατ’
3729 5438 3896 5492 αὐτοῦ

2333 5535 2624 5606 ὑπεροχῆς.
2657 5535 2720 5587 Εἰ
2749 5533 2914 5588 κακὸν
2938 5529 3025 5605 ἦν,
3052 5533 3150 5585 οὐκ
3179 5529 3245 5604 ἦν
3271 5535 3329 5584 ὲν
3354 5529 3430 5601 τῷ
3458 5532 3549 5584 τοῦ
3574 5530 3709 5585 Θεοῦ
3740 5531 3892 5602 οἴκῳ.

2333 5627 2395 5681 Et
2433 5629 2540 5700 γὰρ
2575 5634 2733 5698 μόνον
2763 5626 2924 5680 καλὸν
2950 5626 2979 5678 ό
3003 5624 3156 5689 Θεὸς,
3192 5625 3283 5678 καὶ
3311 5623 3469 5694 μόνον
3505 5623 3670 5676 κακὸν
3699 5623 3737 5694 ἡ
3770 5621 3892 5693 ὕλη,
