4036 6320
1669 390 2079 469 sumptu
2104 408 2412 469 EPISCOPI
2434 408 2947 499 *chopomm

3807 410 3908 471 ιω

694 550 801 605 que
843 534 986 591 alios
1022 535 1127 589 (tia
1158 534 1331 591 fuerit
1381 534 1545 590 ratio.
1584 529 1913 590 Existimare
1940 530 2085 587 enim
2122 530 2238 593 liee-

2355 532 2504 603 μιξιν
2559 528 2857 596 tamen”,
2903 532 2993 585 ενα
3046 530 3316 601 μένῃλὶπὶ
3358 530 3457 601 τῆς
3505 529 3641 594 ιδίας
3683 531 3905 603 ἀρετῆς·

694 627 806 690 bat,
851 640 883 680 ι
915 627 1182 699 principio
1210 627 1380 681 solem
1413 633 1468 682 et
1512 626 1720 689 lunam,
1757 622 2025 679 solertiori
2043 621 2251 695 judicio

693 730 757 773 ac
796 718 1103 787 prudentia,
1138 729 1321 791 partes
1352 719 1591 775 materia:
1619 720 1799 774 minus
1842 719 2013 777 malas
2053 716 2251 786 quibus

691 810 999 867 commistio
1023 813 1195 876 ﬁeret,
1225 814 1328 869 sibi
1352 814 1602 884 elegisse,
1626 822 1685 868 ut
1713 815 1765 868 in
1791 828 1889 869 sua
1919 812 2251 884 perfectione

689 914 751 953 ac
799 903 999 960 virtute
1049 905 1454 969 consisterent;
1510 904 1801 959 debilitatis
1862 915 2039 958 autem
2085 911 2251 956 tanta:

686 993 865 1048 etatis
899 995 1206 1059 maleﬁciis,
1239 1004 1443 1050 tantam
1476 998 1529 1049 in
1570 997 1714 1051 bono
1747 994 2123 1051 excellentiam
2163 1010 2253 1049 re-

687 1093 971 1155 portasse;
1003 1089 1242 1159 reliquas
1272 1106 1399 1145 vero
1443 1090 1562 1159 ejus
1597 1098 1780 1160 partes
1809 1089 2077 1158 collapsas
2108 1102 2250 1150 esse,

686 1174 831 1235 haud
887 1180 1106 1248 quidem
1156 1181 1273 1235 sine
1324 1181 1695 1251 providentia;
1749 1195 1873 1233 cum
1908 1179 2025 1249 pari
2068 1186 2249 1233 tamen

687 1267 1051 1334 providentia,
1082 1286 1145 1326 ea
1181 1287 1300 1341 quae
1324 1273 1377 1325 in
1407 1273 1524 1343 ipsa
1558 1280 1662 1337 est,
1700 1270 1927 1331 malitia,
1959 1283 2059 1339 pro
2082 1274 2246 1339 quota

684 1356 951 1426 cujusque
982 1360 1192 1415 ratione
1227 1362 1400 1430 magis
1440 1359 1676 1415 imbutas
1708 1374 1847 1413 esse.
1884 1357 2041 1424 Quod
2070 1356 2244 1410 enim-

2349 620 2818 693 ἐξασθενσισάντων
2874 622 3107 693 τηλίκων
3154 622 3211 675 δὲ
3266 625 3713 694 πονηρευμάτων,
3764 623 3906 677 ἐκσι-

2352 712 2623 768 δάσασθαι
2670 713 2933 785 τοσαύτην
2978 716 3246 787 ὑπεροχὴν
3293 716 3351 767 ὲν
3381 716 3457 788 τῷ
3494 718 3703 789 ἀγαθῷ,
3748 719 3818 773 τά
3855 719 3904 772 δὲ

2350 806 2483 860 ἀλλα
2514 807 2651 877 μέρη
2682 808 2851 878 αὐτῆς
2884 804 2951 879 ἦν
2990 809 3241 873 πεσόντα,
3272 809 3371 861 οὐκ
3403 810 3757 881 ἀπρονοήτως
3792 812 3901 881 μὲν,

2349 900 2411 951 οὺ
2459 900 2563 968 μὴν
2605 900 2742 969 μετά
2775 902 2871 971 τῆς
2915 900 3039 973 ἴσης
3080 900 3331 974 προνοίας
3373 901 3675 954 ἀπολαῦσαι
3713 903 3904 973 μᾶλλον

2350 989 2547 1051 κακίας
2573 990 2671 1059 τῆς
2701 991 2757 1042 ὲν
2785 992 2919 1061 αὐτῇ
2953 992 3090 1045 κατά
3120 993 3181 1045 τὸ
3212 992 3373 1045 ποσὸν
3400 993 3649 1046 ἕκαστον.
3693 994 3904 1063 Ἐπειδὴ

2353 1078 2408 1131 δὲ
2448 1080 2599 1133 οὐδὲν
2632 1080 2883 1152 διάφορον
2921 1084 3047 1153 περὶ
3088 1084 3186 1154 τῆς
3224 1083 3501 1153 δυνάμεως
3542 1084 3752 1153 ταύτης
3783 1083 3904 1153 παρ’

2354 1170 2530 1222 αὐτῶν
2564 1170 2800 1237 λέγεται,
2828 1171 2940 1225 ἀλλ’
2973 1173 3133 1243 ὃμοια
3164 1174 3251 1226 διά
3282 1174 3459 1244 πάσης
3486 1174 3659 1244 αὐτῆς
3688 1173 3908 1243 θεωρεῖ-

2351 1277 2460 1324 ται,
2482 1260 2742 1326 ἀπίθανος
2779 1265 2807 1317 ὁ
2832 1264 2987 1332 λόγος
3007 1284 3019 1296 ·
3064 1267 3183 1319 Ὀτι
3217 1270 3273 1321 ὲν
3304 1267 3403 1336 μὲν
3433 1270 3497 1337 τῇ
3542 1266 3824 1337 συμμίξει,
3852 1265 3911 1318 τὸ

2354 1354 2452 1423 μὲν
2477 1353 2687 1425 ἔμεινεν
2712 1356 2981 1427 ἀκέραιον,
3010 1360 3069 1411 τὸ
3093 1358 3149 1413 δὲ
3174 1359 3428 1432 μετέσχεν
3452 1358 3650 1420 κακίας
3675 1358 3825 1419 τινός

684 1461 813 1502 vero
839 1450 904 1505 de
938 1453 1037 1506 hac
1067 1453 1264 1509 virtute
1309 1454 1445 1508 nihil
1491 1454 1560 1507 ab
1586 1452 1667 1509 eis
1697 1452 1972 1505 diversum
2018 1449 2241 1511 dicitur,
2270 1448 2365 1504 sed
2394 1462 2451 1503 se
2479 1455 2592 1504 tota
2647 1452 2844 1508 similis
2893 1452 3247 1523 ejusdemque
3285 1451 3512 1507 rationis
3565 1450 3908 1519 intelligitur,

684 1540 1063 1613 improbabilis
1084 1545 1331 1600 doctrina
1360 1562 1422 1601 ac
1449 1545 1718 1603 sententia
1746 1551 1860 1598 est:
1893 1541 2040 1612 quod
2101 1555 2293 1611 nempe
2336 1539 2394 1593 in
2442 1542 2819 1599 commistione
2862 1544 3008 1599 aliud
3045 1548 3315 1603 sincerum
3353 1559 3657 1615 purumque
3704 1560 3918 1601 reman-

681 1634 838 1697 serit,
874 1634 1021 1691 aliud
1056 1637 1266 1691 malitia
1299 1638 1536 1707 quadam
1566 1635 1905 1708 impartitum
1939 1633 2030 1688 sit.

814 1768 955 1825 Cn.
989 1769 1155 1827 XXII.
1190 1771 1354 1826 Luna:
1387 1773 1563 1829 lumen
1590 1791 1623 1832 α
1652 1773 1773 1828 sole.
1813 1769 2158 1839 Receptarum
2186 1770 2237 1823 in
2283 1785 2350 1824 ea
2375 1768 2677 1823 animarum
2701 1771 3134 1825 inconvenientia.
3166 1770 3365 1826 Gra'cis
3395 1772 3499 1860 duo
3542 1771 3772 1827 diluvia.

753 1902 921 1956 Aiunt
951 1918 1101 1969 vero,
1138 1904 1305 1959 solem
1340 1915 1391 1961 et
1421 1908 1627 1973 lunam,
1652 1924 1775 1963 cum
1802 1908 2039 1964 divinam
2068 1907 2238 1959 virtu«

2414 1907 2644 1974 Λέγουσι
2676 1908 2754 1973 δὲ,
2776 1908 2858 1961 ὅτι
2888 1909 2981 1961 καὶ
3012 1907 3161 1977 ἥλιος
3188 1909 3281 1960 καί
3312 1907 3505 1977 σελήνη
3527 1907 3625 1977 τὴν
3654 1906 3807 1961 θείαν
3828 1908 3917 1961 δύ·-

682 2000 791 2046 tem
838 2006 871 2045 a
924 1995 1153 2047 materia
1208 1995 1466 2064 paulatim
1524 1997 1907 2059 secrevissent,
1955 1995 2023 2047 ad
2076 1990 2247 2046 Deum

682 2080 1077 2139 transmisisse.
1124 2083 1293 2139 Porro
1340 2086 1387 2141 sl
1435 2087 1519 2141 vel
1567 2102 1761 2156 parum
1805 2094 2247 2141 astronomorum

683 2170 831 2230 fores
865 2173 1164 2243 trivissent,
1191 2176 1246 2229 in
1276 2176 1391 2231 haec
1414 2176 1605 2231 tleliria
1646 2173 1791 2229 haud
1840 2173 2160 2228 incidissent
2188 2178 2248 2226 ut

680 2279 761 2319 sic
805 2266 1100 2332 sentirent;
1150 2282 1252 2322 nec
1296 2266 1678 2328 nescivissent,
1724 2266 1906 2322 lunam
1957 2280 2079 2335 qua:
2110 2279 2246 2335 quo.

679 2358 927 2412 rumdam
958 2360 1249 2422 sententia,
1297 2360 1549 2428 suo‘ipsa
1582 2360 1787 2414 lumine
1815 2366 2022 2423 careat,
2052 2374 2083 2412 a
2130 2358 2245 2416 sole

678 2448 1014 2517 illuminari;
1063 2450 1290 2520 ejusque
1342 2451 1468 2505 inde
1516 2466 1637 2506 esse
1685 2450 2055 2521 ﬁgurationes,
2097 2451 2246 2523 quod

678 2540 761 2593 sic
785 2540 869 2594 vel
921 2540 1002 2595 sic
1041 2540 1204 2597 distet
1252 2558 1281 2595 a
1325 2543 1459 2599 sole.
1498 2542 1760 2614 Tuncque
1796 2544 1953 2615 plena
1988 2546 2239 2609 edicitur,

676 2645 803 2689 Cum
830 2646 859 2685 a
888 2632 1004 2687 sole
1027 2631 1191 2687 distat
1219 2642 1437 2690 centum
1469 2638 1745 2705 octoginta
1779 2637 2059 2706 gradibus.
2085 2635 2241 2691 Tunc

677 2738 807 2777 vero
852 2725 907 2778 in
940 2724 1087 2780 coitu
1129 2734 1233 2791 est,
1271 2742 1396 2781 cum
1445 2729 1500 2782 in
1534 2728 1726 2785 eodem
1757 2744 1881 2783 cum
1909 2730 2024 2783 sole
2070 2726 2243 2799 gradu

680 2812 873 2868 fertur.
909 2814 1135 2883 Deinde,
1175 2820 1449 2890 quomodo
1484 2834 1591 2873 non
1634 2822 1854 2885 mirum,
1888 2835 1993 2890 qua
2023 2818 2239 2873 tandem

676 2906 767 2961 ﬂat
795 2917 1027 2970 ratione,
1060 2920 1174 2963 tum
1222 2911 1405 2963 multae
1445 2910 1553 2965 sint
1588 2911 1782 2964 anima:
1816 2920 1869 2965 et
1904 2927 1933 2965 a
1974 2909 2243 2966 diversis?

675 2997 891 3052 Etenim
936 3005 1063 3053 sunt
1096 2998 1282 3052 mundi
1336 3000 1508 3069 ipsius
1553 3006 1605 3053 et
1641 3000 1978 3062 animalium,
2013 3008 2067 3053 et
2113 2998 2241 3057 stir-

674 3089 823 3156 pium
856 3094 909 3140 et
938 3088 1299 3157 nympharum
1341 3096 1393 3142 et
1432 3088 1737 3143 daemonum
1768 3106 1781 3141 :
1820 3100 1883 3141 ac
1907 3087 1959 3140 in
1991 3086 2077 3141 his
2104 3085 2241 3141 facie

674 3174 1107 3245 distinguuntur,
1145 3177 1470 3243 volucrium,
1520 3177 1862 3231 terrestrium
1899 3175 2235 3241 animalium,

673 3274 725 3319 et
751 3280 941 3321 eorum
966 3281 1087 3336 quae
1120 3267 1393 3337 amphibia
1417 3277 1543 3323 sunt
1573 3287 1586 3322 :
1622 3268 1676 3320 in
1711 3268 1837 3321 luna
1861 3273 2040 3321 autem
2072 3282 2240 3323 unum

674 3356 947 3423 quodnam
992 3357 1169 3411 simile
1200 3374 1399 3428 corpus
1441 3374 1656 3429 semper
1689 3358 1848 3412 nobis
1882 3357 2237 3426 conspicitur.

672 3446 815 3511 Quid
847 3462 977 3501 vero
1002 3455 1055 3502 et
1093 3449 1205 3503 haec
1235 3452 1481 3521 corporis
1512 3450 1886 3506 continuitas?
1917 3451 1992 3504 Ac
2018 3450 2237 3520 quidem

672 3552 797 3589 cum
857 3538 985 3591 luna
1042 3539 1340 3608 semiplena
1384 3550 1489 3607 est,
1549 3552 1771 3613 apparet
1822 3543 2235 3608 semicirculus;

672 3643 909 3703 eumque
950 3629 1239 3700 plusquam
1286 3633 1483 3697 media,
1533 3634 1675 3687 idem
1724 3649 1937 3688 rursus.
1988 3634 2236 3698 Quonam

672 3718 839 3789 igitur
868 3721 1031 3776 modo
1065 3721 1120 3777 in
1153 3724 1335 3778 lunam
1364 3734 1742 3789 assumuntur,
1780 3741 1842 3780 ac
1867 3742 1975 3796 quo
1998 3742 2110 3781 usa:
2141 3742 2235 3779 ve-

674 3810 891 3865 hiculo?
926 3812 981 3866 Si
1028 3816 1173 3870 enim
1224 3817 1341 3871 leve
1383 3828 1467 3872 est
1510 3818 1655 3873 velut
1688 3818 1850 3889 ignis,
1904 3835 2012 3872 non
2058 3820 2234 3873 solum

670 3918 767 3971 par
792 3904 859 3958 ad
896 3905 1080 3960 lunam
1121 3908 1369 3971 evadere,
1404 3910 1499 3963 sed
1546 3913 1797 3979 superius
1838 3912 2101 3982 quidquid
2150 3920 2237 3966 est

671 3996 1060 4053 transcendere
1092 4016 1104 4051 :
1138 4000 1221 4052 sin
1254 4008 1433 4056 autem
1463 4017 1645 4073 grave,
1677 4018 1778 4059 nec
1808 4019 1837 4057 a
1862 4005 2130 4076 principio
2168 4004 2234 4059 ad

670 4084 855 4140 lunam
892 4089 1017 4144 licet
1056 4092 1339 4161 attingere.

738 4176 999 4245 Quanam
1031 4198 1157 4237 vero
1184 4185 1322 4249 ratio
1364 4195 1468 4248 est.
1506 4193 1567 4239 ut
1606 4187 1751 4257 quod
1779 4188 2013 4258 primum
2059 4188 2125 4243 ad
2157 4190 2235 4243 lu-

669 4284 795 4324 nam
840 4273 1077 4339 advenit,
1105 4291 1214 4330 non
1262 4279 1445 4332 statim
1494 4278 1561 4331 ad
1603 4280 1772 4333 solem
1801 4281 2229 4347 transmittatur,

670 4360 764 4414 sed
794 4374 1071 4435 exspectet
1114 4382 1237 4420 cum
1271 4370 1429 4437 plena
1478 4377 1579 4435 est,
1614 4371 1741 4423 dum
1774 4373 1996 4441 reliqua:
2039 4375 2230 4429 anima:

672 4452 1001 4509 adveniant?
1027 4455 1159 4509 Cum
1204 4459 1370 4527 igitur
1402 4460 1527 4513 luna
1562 4477 1681 4531 quae
1716 4463 1873 4531 plena
1920 4473 2085 4530 esset,
2136 4467 2230 4519 de-

2350 2008 2531 2062 ναμιν,
2560 1994 2697 2050 κατὰ
2726 1994 2917 2066 μ’κρδν
2940 1996 3311 2067 διακρίναντες
3334 1996 3438 2048 ἀπὸ
3466 1996 3565 2067 τῆς
3596 1996 3749 2069 ὕλης,
3778 1998 3914 2069 πρὸς

2345 2084 2435 2137 τὸν
2454 2084 2585 2138 Θεὸν
2614 2086 2997 2157 παρέπεμψαν.
3020 2082 3083 2140 Εἴ
3100 2085 3143 2139 δ’
3164 2082 3301 2157 ἦσαν
3328 2088 3420 2141 καὶ
3440 2086 3585 2141 κατά
3613 2089 3813 2159 μικρὸν
3834 2091 3914 2150 είς

2347 2176 2695 2248 ἀστρονόμων
2727 2177 2896 2249 Θύρας
2945 2180 3332 2250 φοιτήσαντες¹
3371 2180 3469 2232 οὐκ
3503 2178 3571 2232 ἄν
3609 2180 3786 2234 ταῦτα
3820 2196 3915 2232 πε-

2344 2267 2611 2322 πόνθεσαν
2638 2286 2650 2299 ’
2697 2272 2819 2324 οὒτε
2870 2271 3141 2343 ἠγνόησαν
3187 2272 3274 2335 ἂν,
3314 2272 3395 2325 ὅτι
3443 2274 3476 2342 ή
3523 2272 3721 2343 σελήνη
3774 2273 3915 2327 κατά

2342 2376 2493 2423 τινας
2517 2360 2743 2433 ἄμοιρος
2783 2350 2916 2417 οὗσά
2951 2364 3079 2416 ίδίου
3113 2364 3307 2435 φωτὸς,
3347 2365 3451 2418 ὑπὸ
3486 2364 3580 2418 τοῦ
3622 2366 3777 2436 ἡλίου
3818 2384 3915 2419 κα-

2340 2453 2699 2523 ⁸δῖα-λάμπεται·
2728 2458 2821 2510 καὶ
2840 2457 2921 2509 ὃτι
2949 2458 2998 2509 οί
3027 2459 3395 2529 σχηματισμοὶ
3423 2458 3594 2527 αὐτῆς
3620 2461 3729 2512 sior.
3761 2458 3914 2529 παρά

2341 2545 2441 2609 τὰς
2475 2546 2570 2599 τοῦ
2598 2545 2747 2618 ἡλίου
2782 2547 3125 2614 διαστάσειςε
3170 2548 3503 2621 πανσέληνος
3540 2568 3600 2603 τε
3642 2551 3911 2620 γίγνεται,

2340 2635 2418 2689 ὅτ’
2446 2636 2513 2690 ἂν
2544 2636 2721 2711 ἀπέχῃ
2756 2638 2851 2693 τοῦ
2893 2639 3040 2710 ἡλίου
3080 2640 3179 2704 τὰς
3217 2642 3409 2695 ἑκατὸν
3447 2642 3542 2696 καὶ
3582 2643 3913 2714 ὀγδοήκοντα

2346 2728 2563 2797 μοίρας·
2610 2729 2825 2793 σύνοδος
2865 2730 2943 2794 δὲ,
2986 2732 3061 2784 ὅτ’
3087 2730 3153 2784 ἂν
3191 2732 3283 2784 ἐπὶ
3324 2733 3424 2802 τῆς
3463 2733 3633 2801 αὐτῆς
3669 2732 3749 2802 τῷ
3777 2734 3915 2803 ἡλίῳ

2341 2817 2573 2888 φέρηται
2601 2819 2811 2890 μοίρας.
2840 2821 3069 2877 Ἔπειτα
3096 2822 3151 2874 δὲ
3176 2822 3289 2884 πῶς
3316 2824 3375 2873 οὑ
3407 2822 3736 2893 Θαυμαστὸν,
3763 2825 3914 2890 ὅπως

2339 2908 2475 2960 ποτὲ
2507 2908 2696 2979 πολλαὶ
2727 2906 2882 2964 οὖσαι
2919 2914 2974 2964 αἱ
3003 2909 3172 2983 ψυχαὶ
3193 2913 3287 2965 καὶ
3326 2912 3433 2965 ἀπὸ
3462 2913 3733 2985 διαφόρων
3758 2932 3775 2981 ;
3802 2918 3914 2971 Καὶ

2341 2999 2450 3072 γᾴρ
2481 3002 2572 3054 τοῦ
2606 3002 2809 3073 κόσμου
2840 3002 3002 3057 αὐτοῦ
3029 3006 3122 3058 καὶ
3146 3004 3297 3068 ζώων
3318 3006 3411 3059 καὶ
3434 3005 3615 3074 φυτῶν
3645 3007 3743 3061 καὶ
3777 3026 3913 3079 νυμ-

2340 3095 2456 3166 φῶν
2480 3097 2573 3152 καὶ
2597 3096 2862 3168 δαιμόνων
2904 3097 3055 3150 είσίν·
3088 3099 3180 3151 καὶ
3202 3099 3259 3150 ὲν
3286 3096 3492 3160 τούτοις
3520 3098 3761 3168 πτηνῶν.
3784 3118 3912 3171 χερ-

2343 3188 2530 3252 σαίων,
2573 3188 2848 3259 ἀμφιόίων
2880 3187 3239 3260 διακρίνονται
3277 3191 3343 3260 τῇ
3389 3188 3537 3257 ὕψει·
3572 3190 3707 3243 ἀλλά
3752 3190 3817 3245 ἓν
3862 3209 3914 3246 τι

2347 3280 2506 3352 σῶμα
2530 3281 2713 3350 ὅμοιον
2745 3283 2831 3337 ἀεὶ
2856 3282 2941 3335 διὰ
2970 3284 3167 3345 παντὸς
3192 3282 3436 3351 φαίνεται
3472 3283 3601 3353 ἡμῖν
3630 3283 3689 3334 ὲν
3718 3286 3791 3355 τῇ
3827 3302 3914 3336 σεο

2342 3374 2496 3449 λὴνῃ.
2530 3373 2593 3426 Τί
2625 3373 2683 3427 δὲ
2710 3375 2804 3427 καὶ
2830 3374 2891 3427 τὸ
2927 3375 3144 3444 συνεχὲς
3166 3371 3259 3426 τοῦ
3297 3373 3543 3444 σώματος
3575 3373 3770 3440 τοῦτο;
3802 3377 3915 3430 Καὶ

2339 3464 2427 3516 ὅτε
2468 3464 2563 3534 μὲν
2597 3463 2879 3537 διχότομός
2913 3465 3059 3522 ἐστιν
3098 3466 3131 3535 ἡ
3166 3464 3384 3536 σεληνη,
3417 3466 3737 3536 φαινόμενον
3772 3470 3913 3537 ἡμι-

2341 3553 2587 3615 κύκλιον
2633 3556 2722 3608 ὅτε
2760 3557 2817 3609 δὲ
2862 3558 3228 3629 ἀμφίκυρτος,
3264 3557 3502 3610 τοιοῦτον
3540 3557 3722 3611 πάλιν.
3785 3560 3916 3624 Πῶς

2339 3646 2804 3716 ἀντιλαμϐάνονται
2851 3649 2943 3700 ἐπὶ
2974 3651 3073 3720 τὴν
3104 3651 3330 3721 σελήνην
3370 3649 3402 3723 ἢ
3446 3648 3583 3723 ποίῳ
3621 3649 3916 3725 χρώμεναι

2340 3740 2607 3809 σχήματι;
2630 3741 2692 3793 Ei
2715 3742 2811 3811 μὲν
2831 3742 2939 3813 γὰρ
2967 3744 3165 3813 κοῦφόν
3190 3745 3336 3796 ἐστιν
3360 3738 3469 3796 οἷον
3492 3742 3620 3815 πῦρ,
3650 3745 3751 3798 οὐκ
3777 3748 3911 3819 ἄχρι

2335 3829 2436 3897 τῆς
2479 3830 2705 3903 σελήνης
2753 3833 2911 3903 μόνον
2948 3834 3093 3897 εἰκὸς
3132 3835 3383 3904 γενέσθαι
3425 3834 3511 3899 ἂν,
3544 3833 3658 3887 ἀλλ’
3693 3837 3913 3892 ἄνωθεν

2333 3918 2639 3987 διαπαντόςο
2668 3924 2715 3975 εί
2746 3922 2802 3976 δὲ
2831 3922 2989 3996 βαρὺ,
3018 3926 3125 3980 οὐδ’
3153 3926 3329 3999 ἀρχὴν
3360 3925 3494 3995 πρὸς
3518 3925 3744 3999 σελήνην
3780 3930 3912 3998 ἀφι-

2336 4012 2527 4066 κέσθαι
2549 4009 2658 4069 οἷόν
2682 4031 2761 4067 τε.
3012 4062 3015 4063 ν
3205 4000 3212 4013 ⁸

2402 4197 2537 4250 Τίνα
2578 4196 2633 4251 δὲ
2674 4198 2827 4267 λόγον
2872 4199 3004 4269 ἔχει,
3041 4200 3102 4253 τὸ
3144 4200 3354 4272 πρῶτον
3388 4202 3717 4273 ἀφικόμενον
3760 4206 3910 4277 πρὸς

2336 4289 2587 4361 σελήνηνι
2618 4291 2692 4362 μὴ
2737 4290 2895 4354 εὐθὺς
2937 4293 3071 4364 πρὸς
3113 4292 3261 4361 ἥλιον
3301 4293 3738 4363 ἀναπέμπεσθαι,
3780 4296 3904 4349 ἀλλ’

2332 4379 2645 4449 ἐκδέχεσθαι
2689 4382 2787 4453 τὴν
2838 4383 3165 4455 πανσέληνον
3212 4383 3307 4447 τάς
3347 4383 3454 4437 τῶν
3493 4385 3670 4439 ἄλλων
3707 4385 3905 4456 ψυχῶν

2332 4472 2653 4543 ὲπιδημίας;
2702 4475 2829 4525 Ὅτε
2875 4474 3053 4527 τοίνυν
3084 4475 3191 4528 ἀπὸ
3218 4474 3319 4544 τῆς
3365 4476 3695 4547 πανσελήνου
3732 4479 3768 4547 ἡ
3811 4496 3902 4533 σε-

672 4546 887 4610 crescit,
936 4547 1107 4603 virtus
1139 4564 1205 4603 eo
1234 4560 1477 4620 tempore
1510 4554 1602 4605 ubi
1634 4563 1849 4620 manet;
1901 4556 2074 4611 donec
2108 4574 2228 4627 quae

2338 4566 2464 4635 λήνη
2511 4564 2753 4635 μειοῦται
2801 4565 3271 4638 ἀποχωριζομένη,
3309 4568 3535 4639 δύναμις
3569 4546 3657 4622 τὸν
3703 4546 3903 4639 χρόνον

668 4646 895 4689 vacuata
929 4638 1105 4692 fuerat
1144 4642 1417 4708 prioribus
1456 4645 1763 4705 animabus,
1797 4646 1938 4699 haud
1973 4663 2133 4702 secus
2165 4664 2228 4702 ac

2338 4656 2517 4709 τοῦτον
2557 4658 2659 4709 ποῦ
2702 4658 2873 4727 μένει,
2912 4658 3015 4722 ἕως
3053 4660 3117 4713 ἂν
3156 4660 3450 4714 κενωθεῖσα
3494 4664 3525 4732 ἡ
3559 4662 3753 4732 σελήνη
3789 4666 3902 4718 τῶν

669 4728 800 4781 urbs
846 4727 1109 4797 desolata,
1153 4733 1314 4786 aliam
1360 4748 1577 4787 rursum
1620 4737 1888 4790 coloniam
1926 4740 2053 4792 luna
2092 4741 2229 4794 reci-

667 4817 823 4895 piat“:
865 4818 993 4873 Erat
1027 4822 1169 4874 enim
1203 4824 1364 4876 etiam
1415 4824 1706 4880 thesaurus
1754 4829 1974 4895 quidam
2008 4831 2062 4884 in
2094 4846 2229 4901 qua—

666 4909 791 4963 dam
819 4917 979 4967 terra:
1010 4922 1160 4982 parte
1195 4915 1586 4984 segregandus,
1633 4921 1717 4973 vel
1760 4920 2007 4987 nubium,
2037 4924 2121 4977 vel
2155 4924 2228 4975 al-

666 5000 836 5055 terius
865 5003 1147 5072 cujusdam
1174 5005 1312 5076 loci;
1338 5007 1429 5061 ubi
1460 5011 1655 5063 anima:
1684 5024 2042 5085 congregatae,
2068 5030 2229 5087 para-

666 5094 737 5146 ta
768 5102 951 5149 essent
974 5105 1033 5150 ut
1062 5096 1130 5153 ad
1159 5100 1346 5156 lunam
1374 5106 1818 5175 commigrarent.

740 5272 938 5329 Verum
974 5278 1079 5335 alia
1118 5296 1311 5341 mrsus
1339 5289 1570 5359 emergit
1593 5291 1842 5359 quaestio.
1876 5290 2018 5357 Quid
2060 5291 2225 5359 igitur

664 5382 847 5424 causa:
877 5374 960 5424 est
985 5384 1083 5425 cur
1112 5388 1221 5428 non
1250 5378 1432 5433 statim
1461 5383 1772 5451 repleatur?
1792 5395 1885 5439 aut
1910 5401 2010 5439 cur
2029 5401 2224 5441 rursus

664 5461 783 5516 dies
811 5461 1124 5533 quindecim
1153 5473 1467 5535 exspectat?
1493 5471 1603 5529 Nec
1636 5476 1781 5530 istud
1820 5477 2085 5533 minorem
2122 5479 2223 5531 ba—

662 5553 754 5608 bet
789 5555 1221 5621 admirationem,
1263 5574 1423 5626 quam
1455 5578 1518 5615 ea
1548 5582 1669 5633 qua!
1708 5566 1859 5622 dicta
1887 5579 2047 5635 sunt;
2078 5571 2223 5639 quod

666 5660 941 5715 nunquam
976 5647 1045 5703 ab
1084 5649 1231 5702 omni
1264 5657 1410 5703 retro
1446 5650 1726 5709 hominum
1777 5660 2036 5712 memoria
2068 5670 2223 5715 extra

664 5735 1185 5804 quintumdecimum
1219 5738 1361 5794 diem
1414 5740 1539 5795 luna
1590 5745 1744 5812 plena
1803 5748 1923 5801 fuit.
1969 5748 2111 5814 Quin
2152 5765 2223 5803 ne

664 5826 857 5886 diluvii
900 5828 1116 5898 quidem
1146 5838 1385 5903 tempore
1416 5832 1517 5887 sub
1560 5832 1905 5904 Deucalione,
1941 5840 2221 5906 magisque

2330 4748 2612 4819 προτέρων
2653 4749 2858 4819 ψυχῶν,
2893 4748 3143 4821 καθάπερ
3182 4752 3333 4814 πόλις
3377 4752 3597 4823 ἔρημος,
3634 4753 3901 4824 δευτέραν

2330 4839 2490 4893 πάλιν
2523 4840 2738 4910 δέξηται
2767 4842 3052 4908 ἀποικίανς
3111 4844 3306 4913 Ἐχρῆν
3334 4843 3441 4914 γὰρ
3469 4843 3776 4912 ἀφωρίσθαι
3802 4851 3901 4902 καὶ

2329 4930 2596 5001 θησαυρόν
2629 4949 2746 4985 τινα
2782 4932 2836 4983 ἑν
2857 4949 2961 4985 τινι
2988 4934 3139 5004 μέρει
3167 4934 3264 5003 τῆς
3287 4934 3406 5002 γῆς,
3442 4933 3473 5003 ἢ
3503 4934 3608 4985 τῶν
3631 4936 3897 5005 νεφελῶν,

2326 5021 2358 5091 ἢ
2389 5018 2572 5089 ἑτέρου
2604 5020 2769 5072 τόπου
2796 5019 2958 5084 τινὸς,
2996 5020 3121 5073 ἔνθα
3144 5022 3197 5072 at!
3221 5020 3387 5088 ψυχαὶ
3415 5023 3896 5092 συναγειρόμεναι.

2326 5112 2538 5181 ἕτοιμαι
2568 5112 2844 5181 γίγνονται
2878 5111 3014 5181 πρὸς
3040 5112 3139 5180 τὴν
3178 5110 3467 5181 ἐπιδημίαν
3492 5112 3589 5182 τὴν
3626 5113 3764 5183 πρὸς
3808 5133 3899 5168 σε-

2325 5200 2509 5272 λήνην.

2410 5294 2566 5346 Ἀλλά
2597 5296 2755 5347 πάλιν
2784 5294 2985 5365 ἀπορία
3022 5292 3199 5363 ἑτέρα.
3246 5292 3342 5346 Διὰ
3374 5295 3424 5347 τί
3455 5296 3630 5348 τοίνυν
3661 5298 3763 5349 οὐκ
3798 5288 3893 5349 eo;

2326 5384 2421 5447 θὺς
2466 5384 2797 5455 πληροῦται;
2841 5385 2873 5455 ἢ
2917 5383 3003 5436 διὰ
3042 5384 3094 5435 τί
3142 5384 3301 5437 πάλιν
3346 5386 3443 5449 τὰς
3498 5388 3889 5439 πεντεκαίδεκα

2323 5477 2538 5547 ἡμέρας
2580 5477 2888 5545 περιμένεκ
2931 5476 3044 5529 Οὐκ
3078 5476 3291 5529 ἔλαττον
3338 5478 3392 5531 δὲ
3424 5479 3531 5530 τῶν
3580 5476 3888 5548 εἰρημένων

2324 5567 2629 5637 θαυμαστὸν
2649 5569 2743 5620 καὶ
2771 5566 2947 5629 τοῦτο,
2976 5567 3035 5619 τδ
3063 5568 3348 5639 μηδέποτε,
3378 5571 3468 5638 ἀφ’
3497 5566 3555 5623 οὗ
3581 5570 3887 5638 μέμνηνται

2322 5661 2373 5713 oi
2402 5660 2696 5728 ἄνθρωποι,
2726 5658 2823 5730 τὴν
2853 5658 3077 5730 σελήνην
3110 5662 3264 5723 ἐκτὸς
3312 5659 3702 5714 πεντεκαίδεκα
3746 5656 3885 5726 ἡμε-

2325 5750 2433 5819 ρῶν
2462 5749 2870 5820 πεπληρῶσθαι.
2914 5750 3071 5803 Ἀλλά
3095 5754 3167 5823 μὴ
3192 5753 3235 5805 δ’
3260 5754 3351 5803 ἐπὶ
3378 5751 3469 5803 τοῦ
3500 5746 3887 5817 κατακλυσμοῦ

2323 5841 2416 5895 τοῦ
2450 5842 2542 5895 ἐπὶ
2573 5840 2774 5896 Δευκαλ
2803 5858 2935 5905 ωνος
2955 5858 2968 5872 ο
3001 5842 3095 5896 καὶ
3120 5842 3197 5895 ἔτι
3232 5842 3428 5895 μᾶλλον
3460 5839 3551 5893 ἐπὶ
3573 5836 3888 5904 Φοοωνέως·
