4036 6320
179 315 275 372 M5

1055 319 1470 383 TRACTATUS
1501 327 1590 383 DE
1627 329 1938 388 PLACITIS
1970 329 2524 388 MANICHEORUM.

3275 329 3382 387 με

178 431 316 498 ιαῖος
337 428 731 502 διαπράττεται
755 432 898 504 λόγῳ
927 434 1052 507 περὶ
1090 438 1278 491 τούτου
1296 438 1576 494 διδάσκων·
1610 444 1708 494 Ὅτ

1833 446 2044 500 facere:
2076 445 2224 514 quod
2253 445 2370 514 ipse
2392 443 2718 499 Manichacus
2737 442 2878 498 libro
2899 441 2967 497 de
2992 457 3056 496 ea
3085 456 3145 497 re
3176 445 3385 511 scripto

175 519 352 588 ήθεία
369 519 599 591 δύναμις
644 525 724 587 είς
764 523 894 594 ὓλην
942 528 1363 598 κατακέκληται,
1424 534 1514 584 καὶ
1563 532 1726 586 πάλιν

175 613 461 682 ἀποχωρεῖ.
499 614 709 683 Τρόπον
742 616 896 669 αὐτοὶ
916 618 1333 674 ἀναπλάττουσι.
1371 622 1443 675 Τὸ
1479 623 1575 692 μὲν
1615 623 1721 695 γὰρ

174 701 305 752 κατὰ
323 701 410 753 τὸν
431 703 882 774 ἐκκλησιαστικὸν
909 707 1061 776 λόγον
1087 711 1256 785 είπεῖν
1280 714 1358 774 εἰς
1386 711 1534 766 λύσιν
1555 714 1723 785 ἁμαρ-

174 792 291 844 τιῶν
317 795 508 846 ἑαυτὸν
539 797 940 862 ἐπιδεδωκέναι,
969 799 1080 870 ἔχει
1105 779 1283 852 πίστιν
1297 802 1418 855 τινὰ
1439 804 1566 874 πρὸς

171 885 288 946 βιοὺς
315 885 422 936 κάκ
459 885 566 937 τῶν
601 887 846 959 ἱστοριῶν
897 890 1003 942 τῶν
1056 891 1173 944 καθ’
1213 893 1493 961 Ἕλληνας,
1546 896 1622 947 ὅτ’
1653 895 1719 949 ἄν

171 993 317 1044 φασι,
347 979 519 1044 Τινὰς
547 979 693 1048 ὑπὲρ
723 984 1013 1050 σωτηρίας
1044 985 1274 1037 πόλεων
1311 985 1559 1050 ἑαυτοὺς
1593 985 1721 1038 ἐπι.

169 1067 504 1125 δεδωκέναι.
542 1072 652 1124 Καὶ
678 1073 1025 1144 παράδειγμα
1073 1073 1168 1126 τοῦ
1217 1074 1377 1142 λόγου
1425 1053 1719 1147 έχειῖιαὶή

180 1159 440 1214 Ἰουδαίων
466 1151 802 1233 inopia,st
837 1166 931 1217 τοῦ
970 1166 1217 1237 Ἀϐραὰμ
1243 1169 1405 1221 παῖδα
1430 1171 1508 1230 είς
1534 1167 1722 1220 θυσίαν

169 1248 239 1317 τῷ
261 1250 381 1320 Θεῷ
413 1255 918 1325 παρασκευάζουσα.
955 1256 1027 1308 Τὸ
1057 1257 1114 1310 δὲ
1148 1259 1224 1321 είς
1254 1258 1572 1328 πράγματος
1599 1257 1724 1312 ἐπί-

168 1339 323 1407 δειξιν
368 1343 445 1414 τῷ
501 1346 780 1418 παθήματι
831 1349 1060 1414 ὑπάγειν
1105 1349 1194 1402 τὸν
1245 1350 1476 1421 Χριστὸν
1526 1349 1725 1421 πολλῆς

168 1432 309 1485 ἔστιν
343 1435 598 1505 ἀμαθίας,
643 1440 722 1502 είς
753 1439 1094 1495 διδασκαλίαν
1138 1442 1230 1501 καὶ
1273 1441 1473 1509 γνῶσιν
1501 1439 1611 1493 τῶν
1632 1438 1721 1492 ὕν-

169 1536 267 1574 των
295 1522 388 1576 τοῦ
416 1525 587 1594 Λόγου
620 1526 769 1591 ὄντος
807 1528 1070 1601 ὑπάρχου.

1829 533 2068 586 instituit
2110 532 2346 598 docere;
2395 531 2541 602 quod
2583 530 2838 584 nimirum
2885 530 3068 584 divina
3108 529 3283 584 virtus
3326 529 3384 584 in

1827 625 2110 678 materiam
2150 624 2370 693 delapsa
2410 625 2502 688 sit,
2545 639 2609 678 ac
2643 639 2832 678 rursus
2879 620 3115 676 recedat.
3164 619 3383 675 Modum

1828 715 1906 769 illi
1938 715 2444 769 comminiscuntur.
2470 712 2613 768 Sane
2640 714 2855 783 quidem
2896 721 2955 766 ut
2987 712 3200 766 dicatur
3224 709 3381 779 juxta

1815 803 2086 876 Ecclesiae
2129 804 2431 859 doctrinam
2468 813 2638 860 semet
2676 805 2852 874 ipsum
2894 802 3179 856 tradidisse
3199 799 3264 854 ad
3296 799 3383 852 di-

1829 892 2025 946 luenda
2071 900 2313 962 peccata,
2348 892 2505 946 ﬁdem
2536 893 2826 961 quamdam
2862 892 3020 961 vulgo
3056 891 3284 950 obtinet,
3312 903 3380 942 ex

1828 981 1962 1050 ipsis
1993 997 2204 1052 quoque
2226 979 2534 1035 Graecorum
2567 981 2827 1043 historiis,
2857 996 2980 1035 cum
3012 980 3182 1041 aiunt,
3224 975 3383 1031 Non-

1826 1072 1998 1126 nullos
2030 1089 2083 1125 se
2110 1074 2249 1139 ipsos
2290 1071 2550 1124 dedidisse
2584 1080 2641 1123 ut
2671 1072 2904 1124 civitates
2937 1070 3218 1123 incolumes
3243 1084 3381 1136 prat-

1824 1174 2043 1218 starent.
2084 1163 2323 1232 Eiusque
2366 1163 2627 1216 doctrinm
2665 1162 2970 1231 exemplum
3010 1162 3170 1216 habet
3208 1167 3260 1212 et
3285 1157 3382 1212 Ju-

1824 1251 2061 1306 daeorum
2087 1252 2365 1315 historia',
2390 1266 2509 1320 quae
2535 1251 2762 1304 Abraha:
2783 1249 2950 1303 filium
2975 1251 3026 1304 in
3054 1248 3382 1304 sacriﬁcium

1825 1341 1935 1397 Deo
1949 1350 2214 1412 praeparet
2238 1349 2508 1412 aptetque.
2527 1337 2624 1395 Rei
2651 1348 2829 1394 autem
2852 1339 3189 1394 ostentandae
3209 1338 3382 1408 gratia

1821 1440 1877 1487 et
1900 1433 1965 1486 ad
1998 1434 2270 1500 specimen
2302 1431 2576 1486 Christum
2600 1430 2838 1501 passiuni
2862 1430 3152 1498 subjicere,
3175 1441 3383 1500 magna!

1827 1522 2058 1578 inscitiae
2087 1529 2190 1588 est,
2217 1536 2340 1576 cum
2378 1521 2614 1576 Verbum
2655 1520 2720 1573 ad
2753 1535 2933 1575 rerum
2969 1519 3274 1575 doctrinam
3316 1534 3382 1574 ac

1824 1613 2108 1668 scientiam
2142 1628 2342 1681 praeses
2371 1626 2434 1666 ac
2463 1612 2669 1682 legatus
2697 1610 2787 1666 sit.

169 1717 294 1775 Cu.
326 1720 492 1777 XXV.
530 1722 948 1787 Manichaeorum
980 1725 1297 1782 abstinentia
1324 1743 1356 1780 a
1383 1723 1690 1792 viventibus,
1723 1719 1969 1792 ridicula.
1999 1719 2153 1784 Quod
2181 1720 2461 1792 abhorrent
2490 1737 2522 1774 a
2549 1721 2767 1788 nuptiis,
2790 1719 3072 1776 denuntia.
3095 1717 3381 1792 Gigantum

1203 1797 1539 1866 mythologia.
1571 1791 1745 1846 Nimis
1781 1789 2062 1858 allegorica
2093 1791 2369 1857 expositio.

248 1902 560 1976 ’Δπέχονται
579 1907 636 1960 δὲ
662 1908 937 1978 ἐμψύχων.
983 1909 1045 1961 Ei
1081 1911 1176 1979 μὲν
1205 1908 1313 1980 γὰρ
1362 1909 1547 1978 ἐτέρου
1577 1905 1713 1968 τινὸς

1892 1901 2180 1956 Abstinent
2229 1909 2407 1953 autem
2461 1901 2530 1954 ab
2585 1901 2858 1955 animatis.
2902 1899 2958 1954 Si
3000 1901 3218 1970 quidem
3261 1900 3383 1969 ejus

171 1996 343 2067 χάριν,
376 2000 436 2052 οὐ
481 1999 923 2070 περιεργαστέον·
975 2001 1023 2051 εἰ
1071 2000 1129 2052 δὲ
1174 2000 1305 2052 διότι
1353 2002 1386 2069 ἡ
1433 1999 1716 2068 δύναμιςή

175 2085 282 2139 θεία
307 2086 505 2140 τούτων
552 2089 759 2158 ἀπέστη
793 2089 989 2158 μᾶλλον
1018 2087 1049 2157 ἢ
1078 2089 1368 2159 ἐνυπάρχει
1397 2087 1594 2153 πλεῖον,
1629 2103 1719 2154 γε-

174 2173 303 2228 λοῖον
324 2177 457 2247 αὐτὴ
481 2177 660 2231 αὐτῶν
686 2181 718 2248 ἠ
765 2177 1081 2248 προαίρεσις
1120 2177 1281 2248 αὕτη.
1339 2179 1463 2231 Εττε
1518 2180 1627 2255 γὰρ
1648 2178 1716 2231 τὰ

173 2267 304 2333 φυτὰ
332 2266 486 2319 ἐνυλα
517 2269 735 2341 μᾶλλον,
767 2271 845 2331 εἰς
868 2270 1070 2340 τροφὴν
1114 2272 1206 2324 καί⁵
1253 2271 1457 2323 δίαιταν
1482 2271 1716 2342 χρῆσθαι

173 2356 245 2427 τῷ
271 2359 460 2427 χείρονι
485 2360 602 2422 πῶς
624 2358 877 2428 εὖλογον;
904 2361 1011 2418 εἶτε
1039 2363 1196 2416 πλέον
1242 2365 1300 2416 ὲν
1323 2364 1529 2427 τούτοις
1552 2366 1584 2435 ἡ
1628 2364 1717 2417 δύ-

171 2463 321 2517 ναμις,
345 2451 374 2519 ή
409 2449 547 2515 θεία,
570 2451 688 2504 ἐστὶ
719 2454 854 2524 πρὸς
879 2454 977 2525 τὴν
996 2455 1200 2526 τροφὴν
1235 2455 1302 2508 τὰ
1336 2455 1558 2509 τοιαῦτα
1584 2458 1717 2528 χρή-

177 2553 321 2607 σιμα,
349 2538 440 2592 τοῦ
467 2538 760 2611 θρεπτικοῦ
803 2544 896 2596 καὶ
920 2545 1211 2618 αὐξητικοῦ
1253 2547 1448 2618 μέρους
1485 2548 1586 2618 τῆς
1611 2548 1716 2618 ψυ-

174 2628 266 2698 χῆς
289 2629 435 2694 δντος
457 2633 933 2704 σωματικωτέρου,

238 2899 305 2952 To
326 2900 378 2953 δὲ
405 2900 700 2971 ἀπέχεσθαι
732 2901 909 2972 γάμου
948 2903 1042 2956 καὶ
1087 2901 1431 2973 ἀφροδισίων,
1450 2902 1718 2964 δεδειότας

177 2987 264 3058 μὴ,
289 2991 416 3044 κατὰ
443 2992 540 3062 τὴν
565 2990 662 3045 τοῦ
684 2992 874 3061 γένους
891 2993 1156 3064 διαδοχὴν,
1175 2995 1265 3047 ἐπὶ
1287 2994 1444 3048 πλέον
1464 2995 1714 3068 ἐνοικήσῃ

177 3081 639 3152 τῇῦλῃήδύναμις
697 3087 731 3154 ἡ
780 3084 916 3148 θεία,
951 3085 1211 3154 θαυμάζω
1270 3085 1386 3148 πῶς
1426 3089 1521 3140 καὶ
1563 3087 1716 3140 αὐτοὶ

174 3171 378 3235 ἑαυτοὺς
410 3173 784 3243 ἀποδέχονται.
811 3174 873 3226 El
908 3174 1013 3247 γὰρ
1045 3176 1120 3244 μὴ
1145 3174 1420 3245 ὲξαρκεῖἡ
1450 3176 1542 3228 τοῦ
1578 3175 1710 3228 Θεοῦ

1821 1993 2165 2048 abstinentia:
2210 1993 2314 2044 alia
2354 1991 2495 2044 ratio
2535 1992 2626 2054 sit,
2658 1991 2803 2045 haud
2846 1992 3117 2046 curiosius
3157 1993 3383 2048 investi-

1821 2083 2077 2153 gandum.
2109 2081 2206 2136 Sin
2232 2089 2412 2135 autem
2443 2096 2506 2135 ea
2541 2083 2775 2145 ratione,
2807 2081 2953 2151 quod
2990 2082 3173 2135 divina
3205 2085 3381 2138 virtus

1818 2175 1928 2228 illis
1955 2173 2128 2246 magis
2167 2173 2341 2237 abest,
2383 2181 2477 2226 aut
2510 2172 2742 2241 amplius
2773 2173 2946 2237 inest;
2978 2171 3246 2226 ridiculus
3290 2171 3383 2226 hic

1819 2266 2036 2319 illorum
2067 2267 2284 2320 animus
2309 2279 2371 2318 ac
2399 2279 2594 2318 sensus
2623 2271 2724 2317 est.
2760 2261 2890 2317 Sive
2925 2263 3068 2316 enim
3102 2263 3300 2332 stirpes
3327 2271 3384 2317 et

1819 2356 2018 2425 plantae
2042 2357 2216 2425 magis
2239 2355 2550 2411 materiales
2579 2360 2726 2416 sunt,
2754 2353 3024 2423 quomodo
3049 2353 3380 2408 conveniens

1818 2461 1992 2515 exque
2017 2447 2250 2510 ratione,
2296 2452 2358 2502 ut
2394 2460 2462 2500 eo
2499 2443 2646 2515 quod
2679 2443 2919 2499 deterius
2952 2453 3056 2508 est,
3097 2443 3154 2497 in
3196 2442 3381 2498 cibum

1815 2537 2129 2608 victumque
2160 2536 2413 2592 utamur?
2434 2537 2547 2592 sive
2573 2537 2747 2605 major
2771 2536 2824 2590 in
2847 2540 2928 2592 eis
2949 2545 3036 2593 est
3066 2535 3248 2591 divina
3270 2536 3385 2590 vir-

1817 2634 1929 2689 tus,
1970 2635 2100 2682 sunt
2136 2628 2446 2683 istiusmodi
2493 2629 2548 2682 in
2586 2628 2770 2685 cibum
2815 2628 2986 2690 utilia,
3026 2642 3149 2682 cum
3191 2626 3385 2681 anima

1818 2716 2051 2773 facultas
2079 2719 2352 2776 nutriendi
2382 2728 2544 2790 atque
2569 2725 2916 2790 augmentum
2949 2715 3182 2771 faciendi
3208 2716 3383 2786 magis

1817 2825 2078 2880 corporea
2111 2825 2175 2864 ac
2219 2811 2456 2865 crassior
2487 2810 2578 2864 sit.

1888 2898 2045 2964 Quod
2086 2907 2266 2956 autem
2305 2913 2337 2953 a
2383 2899 2590 2968 nuptiis
2637 2913 2804 2968 reque
2836 2910 3064 2953 venerea
3113 2909 3173 2951 se
3212 2894 3383 2951 absti-

1816 2999 2002 3057 neant,
2031 2999 2340 3047 metuentes
2380 3007 2449 3046 ne
2487 3007 2584 3062 per
2612 2990 2829 3061 generis
2859 2990 3261 3045 successionem
3290 2989 3380 3044 di-

1816 3083 1944 3135 vina
1975 3084 2151 3138 virtus
2179 3084 2234 3136 in
2264 3085 2491 3138 materia
2521 3083 2694 3152 magis
2721 3081 3007 3146 inhabitet,
3053 3082 3226 3135 miror
3245 3095 3382 3149 quo—

1818 3174 1980 3228 modo
2017 3173 2101 3228 vel
2139 3175 2243 3244 ipsi
2275 3189 2334 3229 se
2375 3175 2548 3244 ipsos,
2594 3173 2740 3243 quod
2776 3174 2850 3226 ita
2889 3175 3151 3236 sentiunt,
3184 3172 3382 3225 admit-

178 3261 397 3330 πρόνοια,
426 3261 566 3314 ὥστε
587 3265 681 3315 καὶ
705 3263 790 3315 διὰ
815 3264 1101 3330 γενέσεων,
1131 3266 1225 3316 καὶ
1265 3265 1353 3320 διὰ
1379 3265 1485 3316 τῶν
1512 3266 1595 3317 ἀεὶ
1621 3267 1712 3317 καὶ

1815 3272 1952 3318 tant.
1987 3263 2044 3318 Si
2082 3266 2225 3318 enim
2273 3281 2372 3320 nec
2420 3265 2515 3319 Dei
2548 3265 2887 3333 providentia
2931 3263 3146 3327 sufﬁcit,
3177 3272 3235 3316 ut
3263 3269 3380 3317 tum

175 3345 405 3411 ὡσαύτως
449 3349 682 3417 ἑχόντων
736 3350 1268 3420 ἀποικονομήσασθαι
1323 3353 1421 3421 τῆς
1455 3351 1583 3421 ὕλης
1617 3353 1714 3420 τὴν

179 3437 308 3497 θείαν
331 3439 572 3510 δύναμιν,
616 3440 698 3503 τίς
753 3442 786 3510 ή
833 3440 922 3494 τοῦ
963 3441 1262 3510 Μανιχαίου
1319 3441 1526 3494 ἐπίνοια
1576 3442 1714 3508 ὑπὲρ

179 3529 345 3583 τούτου
368 3533 869 3602 διαμηχανήσασθαι
896 3531 1114 3584 δύναται
1137 3549 1150 3595 ;
1178 3533 1252 3588 Ού
1297 3533 1404 3601 γὰρ
1436 3533 1606 3604 δήπου
1632 3551 1715 3601 γι·-

179 3624 386 3694 γανταίῳ
434 3624 678 3695 λήμματι
732 3625 807 3687 ὡς
855 3623 1066 3694 ἀληθῶς
1089 3641 1220 3695 φησι
1268 3624 1345 3698 τῷ
1372 3624 1488 3694 Θεῷ
1521 3624 1712 3696 βοηθὸς

178 3711 293 3782 πρὸς
325 3714 475 3767 τοῦτο
530 3715 827 3783 γεγονέναι,
869 3715 974 3777 ἵνα,
1031 3714 1129 3777 τὰς
1183 3716 1423 3783 γενέσεις
1454 3717 1708 3788 ἀναιρῶν,

179 3806 411 3876 σύντομον
441 3808 643 3879 ποιήσῃ
703 3808 799 3878 τὴν
847 3809 946 3880 τῆς
976 3807 1123 3871 θείας
1151 3808 1432 3880 δυνάμεως
1483 3809 1590 3862 ἀπὸ
1612 3811 1711 3881 τῆς

177 3892 287 3964 ὕλης
307 3897 673 3967 ἀναχώρησιν;

237 3987 294 4039 ’Δ
318 3988 371 4039 δὲ
401 3988 612 4055 λέγεται
643 3989 746 4039 ὑπὸ
773 3988 882 4043 τῶν
935 3991 1200 4061 ποιήσεων
1241 3991 1366 4060 περὶ
1393 3991 1501 4044 τῶν
1525 3994 1712 4060 γιγάν-

177 4092 279 4139 των,
300 4079 551 4148 ἄντικρυς
581 4078 745 4148 μῦθός
773 4082 936 4141 ἐστιν,
985 4084 1047 4133 Οἱ
1097 4083 1196 4151 μὲν
1224 4082 1330 4152 γὰρ
1357 4084 1483 4153 περὶ
1510 4086 1710 4144 τούτων

175 4166 512 4232 διατάττοντες
541 4171 594 4221 ὲν
629 4170 970 4241 ἀλληγορίαις
989 4173 1054 4224 τὰ
1079 4174 1298 4226 τοιαῦτα
1325 4177 1705 4246 προφέρονται,

175 4257 226 4308 τὸ
244 4262 421 4331 σεμνὸν
472 4260 566 4313 τοῦ
599 4260 754 4328 λόγου
800 4263 1238 4331 ἀποκρύπτοντες
1269 4268 1334 4335 τῇ
1383 4266 1474 4318 τοῦ
1539 4268 1705 4336 μύθου

178 4347 418 4419 liba-027w
449 4353 578 4404 ὅταν
626 4350 796 4421 ἡτῶν
845 4351 1107 4403 Ἰουδαίων
1159 4354 1364 4423 ἱστορία
1409 4359 1504 4424 φῇ,
1564 4359 1707 4422 Τοὺς

175 4438 436 4507 ἀγγέλους
498 4442 626 4508 ταῖς
677 4442 1001 4512 θυγατράσι
1061 4443 1177 4495 τῶν
1247 4445 1571 4513 ἀνθρώπων
1621 4451 1708 4514 εἰς

176 4528 506 4596 ἀφροδισίων
557 4533 1033 4599 συνεληλυθέναι
1084 4534 1269 4601 μίξιν·-
1305 4538 1405 4600 τὰς
1448 4539 1556 4608 γὰρ
1583 4540 1706 4609 θρε-

177 4623 341 4685 πτικὰς
362 4625 616 4689 δυνάμεις
638 4625 737 4694 τῆς
768 4625 938 4694 ψυχῆς
962 4625 1068 4677 ἀπὸ
1095 4625 1200 4678 τῶν
1233 4627 1344 4680 ἄνω
1374 4629 1464 4680 ἐπὶ
1490 4631 1557 4683 τὰ

176 4711 423 4782 ἡτοιαύτη
455 4717 705 4787 προφορεῑ
753 4716 846 4768 τοῦ
879 4715 1037 4782 λόγου
1083 4717 1353 4786 σημαίνει.
1385 4720 1445 4771 Ol
1479 4723 1701 4790 ποιηταὶ

169 4801 237 4864 δὲ,
264 4805 323 4857 ὲκ
366 4804 476 4874 γῆς
507 4807 806 4871 ἐνόπλους
837 4805 1129 4872 ἀνασχεῖν
1156 4804 1400 4873 λέγοντες
1436 4803 1702 4870 τούτους,

171 4891 247 4945 εἶτ’
276 4895 446 4959 εὐθὺς
479 4896 629 4962 πρὸς
657 4895 829 4961 θεοὺς
855 4895 1192 4964 ἐπάραντας
1219 4893 1612 4961 ἀπολωλέναι,
1647 4895 1708 4948 τὸ

172 4986 274 5053 ταχὺ
302 4984 389 5036 καὶ
422 4985 690 5055 ἐπίκηρον
707 4986 816 5040 τῶν
845 4988 1110 5056 σωμάτων
1141 4985 1542 5057 ὑποδηλοῦντες,
1565 4986 1706 5039 οὕτω

170 5076 247 5145 την
284 5076 492 5146 ποίησιν
543 5078 622 5139 είς
678 5077 1032 5146 ψυχαγωγίαν
1083 5077 1159 5148 τῷ
1207 5077 1440 5148 θαύματι
1475 5095 1707 5130 κατακο-

175 5166 382 5235 σμοῦσιν.
405 5167 466 5219 Ol
494 5165 573 5232 δὲ,
601 5168 752 5220 οὐδὲν
781 5169 980 5232 ειδότες
1013 5169 1233 5234 τούτων,
1271 5170 1395 5223 ἔνθα
1421 5170 1466 5222 δ’
1495 5169 1560 5222 ἂν
1595 5188 1702 5222 πα-

176 5257 466 5328 ραλογισμοῦ
495 5274 639 5320 τινος
669 5259 968 5330 εὐπορῆσαι
997 5260 1276 5324 δύνωνται,
1298 5259 1489 5312 ὁπόθεν
1512 5259 1706 5329 δήποτε

174 5351 319 5404 ἐκεῖνο
354 5352 576 5422 ἓρμαῖον
626 5350 832 5405 ἑαυτῶν
871 5352 1167 5414 ποιοῦνται,
1198 5353 1332 5423 ὅπερ
1362 5351 1707 5423 διαπραγμα-

173 5442 412 5513 τευόμενοι
437 5442 496 5495 τὺ
525 5439 728 5512 ἀληθὲς
756 5443 906 5517 πάσῃ
934 5442 1095 5514 τέχνῃ
1120 5443 1597 5513 καταγωνίζονται.

271 5674 284 5703 ¹
312 5673 431 5729 σοι.
472 5687 610 5737 ntt.
646 5670 699 5728 l.
811 5675 832 5709 ⁸
861 5672 989 5729 Gen.
1021 5691 1092 5737 τι,
1123 5675 1178 5729 2.

1815 3368 1910 3424 per
1942 3355 2338 3424 generationes,
2384 3362 2500 3406 tum
2532 3368 2628 3422 per
2658 3365 2723 3406 ea
2759 3368 2880 3422 quae
2920 3367 3130 3421 semper
3155 3352 3379 3406 eodem-

1815 3461 1921 3513 que
1949 3445 2112 3498 modo
2155 3459 2213 3499 se
2244 3443 2466 3510 habent,
2515 3443 2754 3498 divinam
2796 3444 3050 3497 virtutem
3082 3457 3113 3496 a
3152 3443 3378 3496 materia

1811 3535 2050 3599 eximat;
2077 3535 2206 3604 quid
2243 3534 2522 3588 Manichmi
2555 3535 2775 3588 solertia
2799 3543 2853 3588 et
2882 3533 3154 3588 subtilitas
3183 3548 3302 3586 eam
3320 3533 3376 3586 in

1812 3644 1927 3682 rem
1974 3627 2275 3682 machinari
2327 3627 2539 3696 potest?
2580 3626 2719 3680 Num
2772 3626 3050 3681 enimvero
3131 3623 3377 3691 giganta)

1811 3736 2035 3776 munere
2068 3738 2195 3778 vere
2233 3719 2344 3777 Deo
2383 3719 2437 3773 in
2468 3720 2572 3774 hoc
2602 3719 2734 3774 dicit
2765 3718 2980 3787 adiutor
3009 3718 3288 3783 exsistere,
3317 3725 3377 3771 ut

1811 3814 2044 3869 sublatis
2071 3812 2513 3884 generationibus
2540 3811 2781 3866 divinam
2808 3812 3065 3865 virtutem
3097 3824 3126 3862 a
3147 3809 3375 3864 materia

1809 3903 1957 3959 brevi
1984 3913 2200 3975 praestet
2235 3906 2518 3960 recedere?

1886 3995 2017 4059 Quae
2061 4010 2188 4048 vero
2234 4003 2407 4064 poeta:
2447 3996 2513 4049 de
2556 3992 2864 4065 gigantibus
2906 3990 3149 4052 tradunt,
3193 3987 3373 4057 palam

1809 4085 1994 4140 fabula
2035 4093 2138 4138 est.
2185 4083 2287 4148 Qui
2327 4084 2470 4137 enim
2514 4083 2581 4137 de
2623 4085 2706 4136 his
2746 4087 3016 4138 statuunt,
3051 4077 3157 4129 alio
3208 4089 3373 4144 quam

1809 4177 1973 4231 verba
2004 4183 2219 4237 sonent,
2254 4190 2414 4227 sensu
2434 4214 2447 4236 ,
2480 4175 2608 4226 talia
2631 4173 2933 4242 proferunt,
2970 4167 3163 4224 fabulae
3194 4164 3374 4231 specie

1809 4267 2078 4323 sermonis
2129 4267 2356 4334 gratiam
2399 4274 2767 4334 contegentes,
2811 4273 2872 4316 ut
2911 4277 3032 4316 cum
3075 4262 3240 4315 refert
3274 4255 3375 4312 Ju-

1809 4361 2047 4414 daeorum
2078 4359 2302 4411 historia
2323 4359 2344 4390 ³
2373 4377 2384 4411 :
2426 4357 2634 4411 Venisse
2668 4356 2876 4425 angelos
2909 4364 2964 4405 ιιι
3000 4371 3115 4406 cum
3157 4353 3370 4421 ﬁliabus

1807 4450 2074 4503 hominum
2102 4449 2590 4511 commiscerentur;
2629 4464 2818 4518 nempe
2846 4445 2991 4518 quod
3013 4448 3086 4500 ita
3121 4445 3369 4514 loquitur

1812 4541 1916 4595 hoc
1954 4541 2290 4610 signiﬁcans,
2330 4541 2473 4596 vires
2523 4543 2717 4594 animae
2761 4555 2880 4609 quae
2926 4538 3228 4593 inserviunt
3267 4552 3372 4590 nu-

1805 4633 2036 4694 tritioni,
2081 4648 2109 4684 a
2154 4633 2408 4700 supernis
2449 4632 2514 4685 ad
2567 4641 2782 4686 terrena
2833 4630 3151 4685 descivisse.
3192 4628 3372 4681 Poeta

1807 4731 1986 4777 autem
2022 4723 2114 4791 qui
2159 4721 2365 4785 dicant,
2414 4722 2542 4786 Eos,
2579 4738 2693 4774 cum
2730 4721 2923 4772 armati
2951 4736 2977 4772 ε
3014 4727 3153 4772 terra
3199 4730 3367 4769 emer-

1807 4815 2021 4876 sissent,
2072 4822 2215 4866 mota
2272 4816 2454 4867 statim
2508 4817 2560 4867 in
2610 4815 2731 4865 deos
2789 4810 3061 4864 rebellione
3111 4807 3368 4875 periisse;

1807 4912 1864 4959 ut
1888 4904 2148 4957 caducam
2182 4906 2483 4975 celerisque
2513 4905 2770 4959 interitus
2805 4915 3094 4972 corporum
3130 4899 3367 4953 indolem

1799 4995 2162 5058 insinuarent,
2197 4996 2251 5048 in
2291 4997 2435 5050 hunc
2467 4996 2685 5051 modum
2716 4992 3144 5048 recreandorum
3177 5005 3243 5044 ex
3284 4989 3365 5044 rei

1800 5084 2065 5139 miraculo
2114 5086 2416 5140 animorum
2465 5103 2632 5142 causa
2697 5086 2890 5156 poesin
2956 5089 3245 5138 exornant.
3295 5079 3363 5132 Hi

1799 5190 1947 5232 vero.
1974 5189 2096 5227 cum
2128 5177 2262 5229 nihil
2292 5178 2484 5231 horum
2517 5178 2840 5245 intelligant,
2883 5174 2972 5228 ubi
3003 5173 3169 5227 ullius
3201 5186 3360 5242 para-

1795 5264 2014 5335 10gisrni
2067 5280 2254 5320 ansam
2301 5269 2543 5322 nancisci
2575 5268 2810 5329 licuerit,
2847 5264 3206 5330 undecunque
3239 5269 3359 5315 tan-

1799 5356 1920 5410 dem
1975 5357 2077 5412 sibi
2127 5358 2402 5413 inventum
2453 5358 2605 5413 avide
2650 5358 2939 5427 arripiunt,
2983 5364 3036 5409 et
3089 5353 3157 5407 ad
3208 5367 3360 5406 ever-

1797 5448 2018 5501 tendam
2049 5463 2268 5519 quoquo
2303 5457 2461 5518 pacto
2488 5447 2769 5503 veritatem
2797 5445 2947 5501 omni
2992 5451 3106 5498 arte
3130 5453 3358 5496 consur-

1798 5546 1949 5608 gunL
