4036 6320
702 386 807 446 ιη

1516 389 1912 448 ALEXAND!“
1949 386 2447 451 chorouram
2474 388 2563 445 na
2602 388 2867 445 morr.
2888 386 3169 447 manu.
3689 457 3692 460 ,
3826 392 3907 453 με

1344 522 1474 582 ϐυ.
1502 524 1692 587 XXVI.
1728 525 1873 598 Ignis
1899 524 2261 582 Inimicus

2362 533 2535 579 satus.
2567 522 2719 595 Ignis
2750 524 2862 588 ille,
2888 524 3005 592 ipsa
3038 525 3281 579 materia.

772 641 917 719 Ignis
960 656 1140 704 autem
1192 647 1317 712 ille,
1376 645 1570 703 urendi
1618 646 1837 717 quidem
1886 646 1940 702 vi
1982 648 2261 718 praeditus,

2439 644 2512 697 Τὸ
2544 642 2601 696 δὲ
2641 643 2752 715 πῦρ
2778 642 2959 705 αὐτοῖς
2984 641 3045 694 τὸ
3086 640 3377 695 καυστικδν
3426 643 3546 711 μὲν,
3596 642 3825 714 ἀφεγγὲς
3846 645 3899 709 δὲ,

703 737 841 794 nihil
878 742 1062 794 tamen
1094 740 1233 795 lucis
1276 738 1507 801 habens,
1551 739 1642 809 qui
1682 739 1753 795 sit
1788 747 1941 794 extra
1979 737 2267 805 mundum,

702 843 939 899 quonam
960 830 1039 885 eis
1062 829 1183 883 loco
1204 830 1491 886 consistit!
1513 818 1646 883 Nam
1676 832 1722 885 si
1741 830 1958 900 quidem
1980 831 2036 885 in
2067 833 2269 886 mundo

700 927 806 984 est.
851 936 951 975 cur
999 922 1236 976 mundus
1278 921 1543 978 hactenus
1593 923 1883 977 incolumis
1923 923 2272 992 perseverat?

701 1008 836 1065 Nam
881 1011 926 1065 si
973 1012 1267 1081 aliquando
1316 1014 1517 1084 ipsum,
1568 1014 1618 1068 ei
1658 1015 2095 1085 propinquando,
2149 1029 2272 1067 cor-

702 1112 937 1172 rumpet,
968 1118 1114 1157 nunc
1142 1120 1357 1175 quoque
1406 1105 1511 1175 ipsi
1562 1106 1896 1175 conjunctus
1928 1114 2033 1161 est.
2078 1104 2136 1159 Si
2173 1121 2270 1159 au-

702 1201 808 1247 tem
836 1207 1083 1249 seorsum
1110 1204 1215 1260 est,
1248 1197 1393 1252 velut
1429 1198 1483 1251 in
1514 1198 1737 1269 propria
1772 1198 1903 1254 sede
1930 1212 1994 1251 ac
2026 1198 2145 1253 loco
2181 1214 2272 1253 su-

700 1281 906 1345 blimis,
937 1283 1067 1352 quid
1096 1296 1284 1353 postea
1312 1295 1374 1340 ut
1401 1286 1456 1340 in
1488 1287 1752 1339 mundum
1782 1283 2067 1345 delabatur
2098 1285 2150 1340 ei
2178 1300 2270 1339 ac-

700 1370 886 1428 cidet?
942 1374 1050 1428 Aut
1104 1389 1213 1446 quo
1261 1376 1423 1431 modo
1466 1393 1499 1433 e
1543 1378 1664 1431 loco
1712 1390 1813 1431 suo
1857 1375 2110 1439 excedet.
2160 1392 2270 1445 qua

701 1466 1050 1533 necessitate,
1096 1469 1326 1538 cujusve
1369 1485 1638 1527 excussus
1685 1468 1975 1524 violentia?
2010 1468 2265 1536 Quasnam

701 1572 834 1612 vero
863 1559 1025 1614 etiam
1054 1557 1197 1630 ignis
1228 1561 1535 1624 substantia
1569 1561 1745 1632 possit
1773 1560 1997 1631 intelligi
2022 1562 2141 1619 sine
2165 1578 2265 1634 με

698 1647 866 1705 διιιοῗ
915 1649 1024 1705 Aut
1060 1652 1336 1720 quomodo
1382 1653 1665 1707 humidum
1715 1654 1791 1707 illi
1840 1654 2095 1724 pabulum
2143 1658 2269 1711 est?

698 1740 805 1794 nisi
840 1742 987 1811 quod
1024 1758 1144 1811 qua:
1174 1742 1242 1799 de
1271 1743 1364 1797 illo
1396 1758 1463 1802 ex
1508 1754 1714 1799 natura;
1749 1746 1922 1816 magis
1961 1746 2266 1803 rationibus

696 1826 982 1893 dicuntur,
1022 1845 1131 1884 non
1161 1840 1244 1886 est
1274 1831 1437 1901 hujus
1469 1839 1732 1890 tractatus
1771 1834 2095 1905 disquirere.
2128 1837 2266 1893 lllud

697 1926 879 1974 autem
916 1934 983 1975 ex
1028 1920 1112 1978 his
1141 1937 1263 1992 qua
1293 1923 1437 1978 dicta
1467 1932 1613 1989 sunt,
1650 1940 1878 1996 prorsus
1913 1929 2266 1984 manifestum

2369 733 2430 786 τὸ
2454 731 2609 796 ἐκτὸς
2630 732 2723 785 τοῦ
2763 730 2987 801 κόσμου,
3032 728 3134 783 ποῦ
3191 730 3433 799 ἴδρυταις
3467 732 3531 783 Et
3558 732 3664 801 μὲν
3696 732 3800 803 γὰρ
3833 734 3899 785 ἐπὶ

2368 826 2460 878 τὸν
2480 825 2704 895 κόσμον,
2731 826 2784 877 τί
2820 824 2882 876 τὸ
2919 824 3087 877 αῐτιον
3125 821 3220 875 τοῦ
3248 824 3431 894 ἀπαθῆ
3464 819 3600 879 εἶναι
3646 824 3798 895 μέχρι
3831 824 3898 879 τοῦ

2370 916 2632 988 παρόντος
2660 915 2750 968 τὸν
2774 916 3013 985 κόσμον;
3058 916 3122 973 Ei
3170 915 3278 987 γάρ
3302 915 3579 985 διαφθερεῖ
3612 932 3735 968 ποτε
3768 917 3899 969 αὑτὸν

2370 1008 2694 1081 πλησιᾴσαν,
2725 1008 2819 1061 καὶ
2849 1007 2943 1060 νῦν
2970 1007 3106 1077 πρὸς
3136 1006 3297 1060 αὑτὸν
3326 1006 3615 1074 συνῆπται.
3651 1006 3713 1059 El
3734 1006 3787 1058 δὲ
3814 1023 3885 1075 χω

2372 1098 2457 1170 ρίς
2495 1101 2662 1163 ἐστιν,
2693 1095 2893 1162 οἷονὼς
2914 1100 2971 1150 ὲν
2999 1098 3114 1166 ίδίῳ
3150 1099 3298 1167 τόπῳ
3346 1098 3635 1168 μετέωρον,
3666 1099 3715 1150 τί
3757 1098 3900 1153 παθὸν

2373 1192 2595 1263 ὕστερον
2627 1191 2949 1245 ὲπιπὲσεται
2985 1192 3062 1262 τῷ
3105 1193 3328 1263 κόσμῳ;
3377 1193 3445 1244 Ἢ
3496 1192 3611 1254 πῶς
3653 1190 3742 1243 τοῦ
3795 1191 3900 1244 ἰδίου

2369 1284 2533 1337 τόπου
2566 1284 2887 1354 ὲκστήσεται
2918 1283 3019 1336 ὑπό
3039 1301 3184 1347 τινος
3206 1284 3445 1354 ἀνάγκης
3469 1284 3563 1336 καὶ
3597 1282 3745 1352 βίας;
3791 1283 3902 1335 Τίνα

2367 1372 2425 1426 δὲ
2450 1375 2542 1427 καὶ
2563 1373 2695 1444 ὕλης
2725 1375 2891 1445 χωρὶς
2918 1376 3116 1427 ἐννοεῖν
3145 1373 3239 1425 τοῦ
3274 1374 3445 1444 πυρὸς
3479 1372 3800 1436 ὑπόστασιν;
3845 1371 3904 1423 Ἦ

2370 1464 2486 1529 πῶς
2513 1464 2575 1516 τὸ
2612 1464 2778 1535 ὑγρὸν
2801 1463 2974 1534 τούτῳ
3001 1465 3147 1516 ἐστὶν
3175 1465 3345 1535 τροφῇ
3368 1479 3381 1526 ;
3408 1462 3441 1533 ἢ
3466 1461 3565 1515 ὅσα
3588 1460 3799 1528 λέγεται
3825 1476 3903 1527 φυ-

2369 1555 2684 1628 σικώτερον,
2718 1557 2778 1609 οὐ
2802 1554 2896 1608 τοῦ
2924 1556 3184 1626 παρόντος
3221 1554 3377 1624 λόγου
3418 1553 3587 1615 ἐστίν,
3627 1552 3823 1610 Ἐκεῖνο
3859 1548 3904 1601 δὲ

2369 1648 2584 1711 πάντως
2611 1666 2713 1702 που
2768 1648 2997 1719 φανερὸν
3054 1649 3120 1700 ὲκ
3176 1647 3287 1700 τῶν
3334 1645 3660 1723 εἰρημένων.
3710 1642 3778 1695 Τὸ
3814 1640 3904 1712 γὰρ

2369 1740 2479 1811 πῦρ
2503 1740 2597 1794 τοῦ
2627 1742 2829 1812 κόσμου
2851 1742 3005 1803 ἐκτὸς
3032 1740 3270 1811 ἀκριϐῶς
3305 1742 3453 1793 ἐστιν
3480 1742 3513 1810 ἡ
3544 1737 3801 1807 λεγομένη
3829 1737 3905 1788 ὑπ’

2366 1835 2547 1889 αὐτῶν
2572 1834 2692 1906 ὕλη’
2727 1835 3021 1904 ἐπειδήπερ
3046 1836 3073 1886 ὁ
3098 1834 3244 1902 ἦλιος
3292 1834 3382 1886 καὶ
3414 1835 3447 1903 ἠ
3482 1831 3680 1902 σελήνη
3704 1828 3906 1897 καθαροὶ

2366 1927 2622 1999 καθαρῶν
2650 1927 2801 1990 ὄντες
2830 1927 2916 1980 διὰ
2963 1927 3061 1997 τῆς
3103 1925 3251 1988 θείας
3298 1927 3577 1995 δυνάμεως
3598 1919 3906 1991 mecsst

696 2014 800 2063 est.
832 2007 978 2077 Ignis
1014 2010 1158 2073 enim
1201 2021 1353 2066 extra
1380 2013 1642 2070 mundum
1671 2018 2004 2082 consistens,
2040 2020 2261 2074 omnino

2368 2035 2468 2071 σαν
2495 2018 2588 2071 τοῦ
2624 2018 2793 2089 πυρὸς
2824 2018 3033 2079 τούτου,
3061 2016 3211 2069 οὐδὲν
3235 2015 3437 2067 ἑαυτῶν
3464 2019 3523 2068 ἐν
3554 2014 3633 2085 τῷ
3653 2014 3779 2084 πυρὶ
3798 2011 3905 2064 τού·

694 2108 781 2154 est
805 2114 966 2171 quam
996 2101 1099 2172 ipsi
1130 2110 1326 2159 vocant
1358 2108 1638 2168 materiam
1665 2127 1679 2161 :
1710 2109 2152 2178 quandoquidem
2183 2110 2266 2165 sol

693 2201 748 2249 et
781 2194 933 2263 luna,
966 2197 1089 2266 puri
1123 2211 1385 2271 purorum
1426 2198 1609 2253 divina
1646 2200 1849 2256 virtute
1887 2202 1956 2257 ab
1990 2201 2095 2255 hoc
2141 2202 2267 2271 igne

692 2288 927 2359 sejuncti
966 2298 1114 2353 sunt,
1161 2292 1310 2346 nulla
1349 2305 1571 2347 suarum
1610 2291 1847 2357 partium
1892 2292 1946 2345 in
1989 2292 2094 2347 hoc
2141 2295 2265 2365 igne

692 2380 905 2437 relicta.
936 2378 1068 2438 Erat
1098 2382 1189 2437 hic
1210 2381 1352 2451 ignis
1387 2382 1504 2453 ipsa
1532 2395 1629 2451 per
1656 2396 1718 2436 se
1740 2383 1987 2449 materia,
2020 2384 2087 2438 ab
2112 2386 2263 2441 omni

690 2484 818 2528 cum
870 2472 1055 2528 divina
1098 2473 1301 2527 virtute
1347 2487 1574 2544 prorsus
1629 2482 1872 2532 semotus
1909 2477 2260 2531 commercio.

682 2562 1056 2633 Quamobrem
1100 2566 1194 2622 ubi
1240 2564 1473 2621 mundus
1518 2565 1666 2620 omni
1711 2565 1892 2622 divina
1940 2568 2142 2624 virtute
2182 2570 2260 2626 illi

691 2654 1019 2713 adversante
1056 2656 1430 2722 evacuabitur,
1475 2655 1743 2726 ejusmodi
1778 2673 1974 2714 rursus
2003 2659 2145 2729 ignis
2175 2676 2261 2716 re-

692 2744 996 2816 linquetur;
1030 2738 1266 2815 quonam
1310 2746 1477 2818 igitur
1520 2747 1683 2802 modo
1734 2747 1875 2817 ignis
1913 2754 2006 2800 aut
2051 2748 2257 2818 aliquid

691 2846 1023 2908 corrumpet,
1074 2845 1167 2893 aut
1205 2838 1275 2902 ab
1317 2852 1383 2895 eo
1414 2840 1843 2909 corrumpetur?
1875 2839 1958 2893 Ab
2007 2853 2074 2893 eo
2110 2838 2259 2897 enim

689 2927 837 2996 quod
864 2926 1041 2983 simile
1078 2936 1183 2994 est,
1230 2944 1339 2985 non
1366 2929 1526 2985 video
1562 2945 1671 3000 qua
1721 2930 1931 2982 ratione
1964 2928 2035 2983 sit
2078 2928 2258 2981 futura

689 3020 989 3091 corruptio.
1026 3020 1182 3089 Quod
1230 3022 1377 3077 enim
1414 3020 1505 3076 ﬁet
1554 3021 1814 3083 materia,
1866 3020 2052 3073 divina
2097 3021 2165 3074 ab
2194 3035 2257 3075 ea

688 3112 892 3169 virtute
918 3113 1191 3183 sejuncta,
1231 3112 1336 3172 hoc
1361 3119 1481 3169 erat
1522 3112 1842 3182 priusquam
1869 3110 2051 3168 divina
2083 3114 2257 3170 virtus

689 3218 812 3259 cum
843 3218 909 3259 ea
949 3204 1414 3259 commisceretur.
1454 3202 1512 3258 Si
1541 3204 1758 3274 quidem
1808 3203 1973 3273 igitur
2004 3203 2253 3269 materia,

2364 2126 2443 2179 τῳ
2471 2109 2853 2179 ὑπολείψαντες
2876 2109 2939 2179 μέ
2950 2125 3056 2179 ρος.
3091 2108 3259 2160 Τοῦτο
3279 2103 3345 2176 ἦν
3369 2110 3400 2175 ἡ
3434 2106 3534 2174 ὕλη
3565 2106 3684 2159 καθ’
3709 2103 3903 2173 ἑαυτὴν,

2365 2204 2425 2256 τὸ
2449 2200 2689 2273 ἀκριϐῶς
2718 2202 2944 2271 ἄμικτον
2976 2200 3110 2271 πρὸς
3140 2199 3234 2269 τὴν
3280 2198 3426 2251 Θείαν
3452 2198 3701 2268 δύναμιν.
3743 2197 3903 2256 Ὥστε,

2364 2296 2429 2349 ἀν
2448 2292 2655 2364 κενωθῇ
2686 2293 2885 2363 κόσμος
2925 2292 3024 2360 τῆς
3080 2293 3201 2345 κατ’
3228 2289 3391 2343 αὑτοῦ
3429 2290 3707 2359 δυνάμεως
3755 2288 3902 2350 θείας,

2364 2387 2525 2441 πάλιν
2596 2386 2839 2440 τοιοῦτον
2887 2385 3338 2456 ὑπολειφθήσεται
3396 2382 3531 2452 πῦρ,
3584 2382 3702 2443 πῶς
3746 2376 3904 2434 οὖντὸ

2363 2483 2473 2550 πῦρ
2503 2477 2836 2549 ἢδιαφθερεῖ
2864 2494 2937 2540 τι,
2985 2477 3018 2547 ἢ
3068 2477 3158 2528 ὑπ’
3192 2475 3349 2529 ἄλλου
3384 2473 3752 2544 φθαρήσεται;
3780 2470 3904 2542 Πρὸς

2360 2569 2468 2639 γάρ
2499 2568 2593 2620 τοῦ
2620 2568 2804 2638 ὁμοίου
2837 2569 2933 2637 οὐχ
2964 2568 3074 2638 ὁρῶ
3101 2567 3217 2630 πῶς
3249 2566 3531 2636 γενήσεται
3576 2566 3607 2635 ἡ
3639 2562 3823 2633 φθορά.
3846 2561 3902 2613 '0

2361 2662 2468 2731 γὰρ
2490 2662 2774 2730 γενήσεται
2807 2662 2839 2728 ἡ
2861 2659 2983 2728 ὕλη,
3038 2662 3135 2729 τῆς
3184 2659 3333 2720 θείας
3376 2657 3658 2726 δυνάμεως
3687 2654 3899 2719 ἀποζευ-

2361 2752 2569 2820 χθείσα,
2600 2750 2743 2802 τοῦτ’
2762 2747 2829 2819 ἦν
2854 2750 2983 2820 πρὶν
3015 2751 3108 2803 καὶ
3137 2750 3395 2819 μεμίχθαι
3441 2750 3579 2819 πρὸς
3607 2748 3769 2817 αὐτὴν
3814 2747 3902 2816 τὴν

2361 2842 2511 2895 θείαν
2540 2841 2787 2912 δύναμιν.
2820 2841 2882 2894 Ei
2929 2840 3106 2894 τοίνυν
3135 2840 3412 2893 ἀπολεῖται
3456 2840 3795 2910 ἐρημωθεῖσα
3812 2837 3902 2905 τῆς

2360 2933 2507 2999 θείας
2533 2934 2828 3004 δυνάμεως,
2851 2932 2937 2985 διὰ
2959 2934 3012 2986 τί
3037 2934 3107 3003 μὴ
3132 2933 3225 2986 καὶ
3246 2931 3490 2984 ἀπώλετο
3514 2932 3643 3001 πρὶν
3658 2931 3744 2981 καὶ
3769 2928 3902 2983 θείαν

2357 3024 2583 3097 δύναμιν
2611 3024 2862 3094 γενέσθαι
2884 3024 2916 3095 ἢ
2941 3024 3103 3094 ἄλλην
3134 3022 3508 3093 δημιουργίαν,
3546 3022 3632 3073 ἵνα
3652 3019 3899 3089 ἀπόληται

2358 3118 2393 3189 ἡ
2424 3116 2545 3187 ὕλη,
2568 3117 2663 3170 καὶ
2693 3116 2847 3169 τοῦτο
2870 3116 3070 3187 ποιήσῃ
3111 3114 3302 3185 μέχρις
3331 3111 3596 3181 ἀπείρου;
3626 3109 3735 3163 Καὶ
3776 3109 3822 3161 τί
3850 3108 3903 3159 τὸ

2357 3205 2572 3275 δφελος;
2605 3208 2670 3260 Ὃ
2696 3207 2804 3277 γὰρ
2839 3205 2911 3277 μὴ
2935 3205 3147 3274 ἐγένετο
3177 3205 3241 3256 ἐκ
3267 3202 3359 3255 τοῦ
3404 3200 3618 3273 πρώτου
3651 3198 3901 3270 βουλήμαο

686 3290 873 3349 divina
904 3294 1166 3350 destituta
1194 3294 1397 3351 virtute
1427 3296 1667 3367 peritura
1701 3302 1805 3361 est,
1838 3295 2027 3366 quidni
2070 3296 2250 3366 periit,

2362 3317 2466 3364 τος,
2488 3299 2602 3364 πῶς
2636 3303 2700 3353 ὲκ
2730 3299 2823 3353 τοῦ
2854 3299 3105 3370 δευτέρου
3137 3298 3455 3367 γενήσεταις
3511 3294 3545 3365 ἦ
3586 3295 3668 3357 τίς
3718 3296 3745 3346 ὁ
3766 3293 3903 3359 λόγος

686 3386 983 3452 antequam
1017 3383 1183 3439 etiam
1216 3384 1455 3441 divinam
1495 3386 1751 3441 virtutem
1789 3386 2027 3443 ullumve
2054 3404 2256 3444 munus

686 3476 984 3531 oreationis
1013 3486 1474 3549 consequeretur;
1500 3485 1561 3534 ut
1598 3481 1859 3551 deinceps
1900 3482 2130 3544 materia
2158 3498 2258 3553 pe-

686 3575 827 3634 reat,
860 3575 916 3625 et
957 3569 1015 3624 in
1061 3570 1331 3635 inﬁnitum
1374 3572 1427 3627 id
1471 3571 1669 3627 faciat?
1714 3571 1780 3627 Et
1822 3574 1954 3645 quid
1993 3574 2259 3644 prodest?

687 3658 846 3729 Quod
875 3660 1022 3717 enim
1054 3678 1119 3719 ex
1157 3663 1333 3733 prima
1361 3663 1640 3719 voluntate
1679 3662 1883 3718 factum
1906 3668 2018 3722 non
2050 3672 2156 3733 est,
2188 3681 2257 3725 ex

684 3753 940 3824 sequenti
970 3754 1247 3826 quomodo
1281 3753 1410 3809 (let?
1443 3762 1538 3809 aut
1567 3769 1815 3825 quaenam
1844 3755 1956 3811 Deo
1996 3758 2159 3823 ratio,
2195 3765 2257 3811 ut

684 3848 905 3917 negotia
957 3845 1192 3909 differat,
1232 3861 1352 3916 quae
1390 3862 1460 3902 ne
1501 3847 1558 3902 in
1602 3847 1723 3903 viro
1768 3848 1986 3918 quidem
2030 3864 2089 3905 se
2122 3849 2257 3905 bene

686 3937 893 3994 habere
934 3938 1106 3994 videri
1135 3946 1375 4009 queant;
1411 3938 1523 3993 illis
1553 3940 1699 3995 enim
1736 3942 1882 4010 quod
1918 3941 2256 4012 impossibile

689 4033 763 4089 sit
794 4032 1099 4088 deliberare
1128 4033 1370 4104 proclive
1419 4032 1637 4087 dicatur
1665 4043 1993 4104 competere,
2028 4034 2125 4105 qui
2171 4032 2253 4089 fa-

630 4151 633 4155 <
685 4122 864 4189 ciunt,
896 4131 958 4179 ut
999 4140 1105 4181 nec
1128 4132 1261 4179 tunc
1290 4123 1456 4177 velint
1499 4137 1624 4176 cum
1653 4124 1914 4195 possibile
1941 4132 2045 4181 est.
2084 4124 2256 4180 Caete-

687 4230 834 4281 rum,
863 4214 966 4269 nisi
988 4215 1115 4286 quid
1134 4216 1303 4280 aliud,
1325 4215 1491 4270 Deum
1511 4229 1676 4285 supra
1698 4216 1993 4272 essentiam
2020 4223 2075 4271 et
2093 4230 2255 4286 quem

684 4305 897 4371 dicunt,
919 4307 1067 4361 velut
1096 4322 1291 4362 novam
1320 4308 1609 4379 quamdam
1631 4309 1913 4363 materiam
1948 4307 2214 4362 inducunt
2238 4322 2251 4357 :

686 4413 788 4455 nec
817 4412 937 4452 eam
969 4397 1209 4468 quidem,
1240 4413 1403 4467 quam
1424 4399 1525 4453 viri
1559 4399 1853 4471 prudentes
1886 4399 2111 4453 omnino
2128 4412 2257 4452 con-

682 4488 931 4561 junctam
973 4490 1319 4557 existimant,
1372 4499 1465 4545 aut
1505 4508 1627 4561 quae
1667 4493 1908 4546 omnium
1950 4498 2254 4548 extremum

684 4588 791 4645 est,
824 4580 1022 4650 vixque
1053 4580 1105 4635 in
1132 4590 1363 4637 mentem
1396 4590 1453 4636 ut
1486 4598 1605 4637 eam
1638 4583 1800 4639 homo
1837 4583 2125 4654 intelligat,
2154 4598 2251 4637 ve-

2358 3391 2498 3463 Θεῷ,
2528 3392 2800 3447 ἀναθεῖναι
2828 3391 3146 3463 πράγματα,
3180 3390 3215 3442 ὃ.
3246 3390 3352 3442 οὐδ’
3390 3391 3474 3442 ἐπ’
3514 3387 3789 3458 ἀνθρώπου
3817 3404 3905 3439 κα-

2358 3486 2461 3550 λῶς
2488 3486 2631 3556 ἔχειν
2661 3486 2942 3548 ὑπονοεῖν,
2972 3485 3045 3537 Τὸ
3090 3483 3199 3554 γὰρ
3249 3482 3505 3536 ἀδύνατον
3560 3482 3805 3552 πρόσεστι
3832 3477 3903 3547 τῷ

2358 3576 2705 3647 βουλεύεσθαι
2743 3577 2835 3627 ἐπὶ
2884 3573 2990 3627 τῶν
3052 3574 3345 3627 ποιούντων
3399 3572 3535 3641 πρὸς
3581 3571 3659 3640 τῷ
3707 3567 3905 3639 μηδὲτὸ

2358 3668 2658 3739 βούλεσθαι,
2692 3668 2795 3721 κᾶν
2823 3666 3043 3720 δυνατὸν
3074 3662 3130 3741 ᾗ,
3163 3666 3466 3735 προχείρως
3492 3660 3687 3732 χρῆναι
3717 3661 3901 3727 λέγειν.

2356 3760 2504 3831 Πλὴν
2536 3762 2584 3811 εί
2621 3760 2694 3830 μή
2724 3777 2775 3813 τι
2803 3757 3006 3828 ἕτερον,
3031 3757 3163 3809 Θεὸν
3198 3757 3290 3808 καὶ
3322 3755 3412 3806 τὸν
3451 3752 3706 3806 ἐπέκεινα
3732 3750 3903 3810 οὐσίας

2356 3850 2621 3919 λέγουσιν,
2649 3849 2837 3919 ὥσπερ
2882 3849 3071 3918 καινήν
3114 3863 3237 3898 τινα
3277 3846 3585 3912 εἰσάγουσιν
3631 3842 3776 3913 ὓλην·
3817 3841 3903 3891 καὶ

2356 3944 2475 4013 οὐχὶ
2507 3942 2604 4014 τὴν
2630 3943 3023 4013 ὑπερημμένην
3053 3939 3204 4010 παρά
3253 3941 3361 4001 τοῖς
3388 3938 3513 3991 νοῦν
3536 3938 3763 4008 ἔχουσιν·
3789 3934 3848 4003 ἢν
3870 3932 3900 4000 ἦ

2361 4035 2433 4106 μὴ
2462 4036 2803 4089 παντάπασιν
2828 4030 2991 4088 οὖσαν
3029 4036 3057 4086 ό
3086 4033 3239 4099 λόγος
3268 4032 3529 4103 εὑρίσκει,
3555 4030 3590 4101 ἢ
3617 4029 3676 4082 τὸ
3705 4028 3901 4081 πάντων

2354 4125 2576 4196 ἔσχατον
2591 4129 2684 4181 καὶ
2708 4127 2862 4198 μόγις
2882 4129 2961 4189 είς
2989 4126 3193 4180 ἔννοιαν
3213 4123 3555 4195 ἀνθρωπίνην
3582 4115 3901 4191 ἀφικνεῖσθαι

2352 4217 2666 4289 δυνάμενον.
2735 4218 2891 4272 Ἀλλὰ
2922 4218 3028 4290 γὰρ
3078 4218 3137 4270 τὸ
3168 4217 3278 4288 πῦρ
3324 4215 3384 4269 τὸ
3427 4214 3689 4284 ἀφεγγὲς,
3721 4208 3816 4283 ἆρά
3842 4224 3901 4274 γε

2354 4308 2516 4361 πλέον
2543 4308 2689 4363 ἐστὶν
2711 4310 2809 4381 τῆς
2846 4308 3141 4381 μελλούσης
3172 4306 3629 4380 ὲρημωθήσεσθαι
3661 4303 3783 4371 ὕλης
3802 4299 3901 4351 ἀπὸ

2353 4400 2451 4469 τῆς
2470 4399 2620 4465 θείας
2639 4397 2939 4471 δυνάμεως,
2968 4401 3002 4472 ἢ
3026 4400 3271 4463 ἔλαττον;
3310 4399 3445 4452 Ἀλλ’
3477 4400 3526 4450 εί
3562 4398 3657 4466 μὲν
3681 4396 3897 4452 ἔλαττον,

2354 4492 2472 4556 πῶς
2495 4495 2911 4562 καταγωνιεϊται
2939 4494 2999 4545 τὸ
3024 4492 3212 4555 πλέον;
3242 4493 3288 4543 εί
3327 4490 3382 4542 δὲ
3409 4488 3589 4550 πλέον,
3626 4486 3900 4551 ἐπανάγειν

2357 4582 2455 4653 μὲν
2482 4582 2614 4637 αὑτὸ
2636 4582 2953 4654 δυνήσεται,
3006 4581 3106 4650 τῆς
3157 4581 3323 4651 αὐτῆς
3360 4578 3420 4633 ὃν
3464 4576 3693 4646 φύσεως
3716 4575 3769 4627 οὖ
3802 4570 3900 4641 μὴν

685 4673 804 4727 nire
825 4672 1016 4743 possit.
1045 4671 1334 4729 Enimvero
1365 4674 1504 4744 ignis
1534 4675 1625 4729 ille
1670 4674 2013 4740 tenebrosus,
2050 4674 2247 4744 plusne

2362 4675 2647 4749 Βιαφθείρει
2670 4692 2733 4744 γε
2758 4676 2907 4729 αὐτό·
2930 4674 3117 4745 ὥσπερ
3138 4672 3259 4728 οὐδὲ
3290 4674 3318 4725 ό
3342 4670 3531 4732 Νεῖλος
3564 4669 3684 4731 τοὺς
3704 4666 3788 4719 ἀπ’
3809 4663 3899 4715 αὑ·

686 4764 826 4819 valet
860 4778 1022 4832 quam
1058 4764 1304 4829 materia,
1350 4781 1469 4835 qua:
1495 4766 1677 4821 divina
1719 4763 2014 4821 desolanda
2043 4764 2246 4819 virtute

2362 4766 2443 4822 τοῦ
2472 4767 2940 4838 ἀποτεμνομένους
2964 4768 3217 4828 κόλπους.

684 4862 789 4921 est,
821 4870 891 4915 an
921 4856 1141 4913 minus?
1170 4858 1249 4912 Ac
1272 4859 1320 4912 si
1352 4858 1571 4928 quidem
1622 4858 1831 4924 minus,
1887 4858 2161 4929 quomodo
2202 4861 2531 4929 expugnabit
2572 4860 2719 4931 quod
2758 4866 2842 4915 est
2883 4858 3096 4927 majus?
3146 4857 3241 4911 Sin
3282 4862 3462 4909 autem
3523 4860 3672 4924 plus,
3728 4848 3787 4900 ad
3840 4858 3895 4895 $0

685 4949 902 5021 quidem
941 4951 1203 5008 reducere
1232 4955 1449 5025 poterit,
1477 4969 1601 5011 cum
1627 4954 1699 5010 sit
1730 4952 1973 5024 ejusdem
2012 4963 2223 5010 natura:
2255 4969 2267 5003 :
2304 4953 2448 5010 haud
2497 4964 2679 5012 tamen
2710 4960 3041 5025 corrumpet,
3056 4961 3118 5010 ut
3154 4965 3331 5022 neque
3359 4948 3533 5015 Nilus,
3573 4946 3665 5018 qui
3701 4943 3762 4997 ab
3807 4938 3895 4992 illo

684 5041 1077 5103 abscinduntur
1101 5048 1275 5107 sinus.
