4036 6320
743 348 851 404 ‘55

1758 338 1815 399 s.
1846 338 2049 397 parui
2082 336 2549 397 maxumum
2581 331 2895 397 EPlSCOPl
3833 343 3919 399 tu
4006 304 4007 393 ἰ

745 470 959 514 omnem
988 456 1278 513 sacerdotii
1308 470 1496 513 curam
1528 455 1724 512 diebus
1756 470 1820 511 ac
1867 456 2123 512 noctibus
2150 453 2293 527 vlgl-
2324 451 2597 519 A'illuxit,
2619 462 3007 526 cmperuntque
3035 453 3219 510 ﬁdeles
3246 454 3316 508 ad
3347 449 3643 526 martyrum
3665 458 3919 513 memmi“

746 548 923 604 lanter
944 548 1266 604 desudabat.

816 636 923 694 Sed
952 638 1078 709 quia
1104 654 1321 709 semper
1343 638 1461 693 zelo
1496 637 1801 707 percutitur
1827 637 2032 701 virtus,
2065 635 2297 691 feriunt-

742 744 848 799 que
868 743 1115 785 summos
1140 728 1355 798 fulgura
1380 734 1625 791 montes,
1655 726 1971 781 aemulorum
1998 725 2127 779 hinc
2170 726 2298 781 inde

739 812 1070 873 multifarios
1107 816 1415 888 patiebatur
1444 811 1749 870 conflictus.
1771 813 1910 884 Quid
1929 814 2127 885 plura?
2158 828 2296 883 pene

738 907 1150 977 omnitempore
1174 906 1301 962 vita
1348 920 1461 961 suae
1489 906 1543 959 in
1572 904 1949 975 persecutione
1979 904 2143 974 degit.
2192 902 2297 961 Or-

737 995 945 1054 dinavit
981 998 1185 1052 interea
1214 996 1605 1067 quinquaginta
1640 1002 1692 1049 et
1720 994 1961 1065 quinque
1986 995 2293 1064 episcopos.

737 1088 986 1145 leletius
1037 1088 1269 1158 denique
1291 1127 1305 1152 ,
1359 1088 1576 1143 nomine
1612 1095 1668 1141 et
1699 1094 1881 1142 mente
1921 1085 2249 1155 nigerrimus
2275 1124 2291 1151 ,

737 1180 882 1251 apud
912 1178 1351 1250 Lycopolitanam
1372 1178 1563 1233 urbem
1591 1177 1977 1233 schismaticus
2008 1175 2184 1232 factus
2211 1185 2298 1232 est

736 1268 968 1342 przsul;
996 1266 1163 1322 multa
1194 1267 1411 1338 quidem
1440 1275 1630 1323 contra
1655 1280 1924 1321 canonum
1950 1281 2115 1337 agens
2136 1281 2295 1337 regu-

735 1358 866 1427 lam,
903 1372 1283 1430 superansque
1306 1359 1859 1414 etiamrcruentorum
1890 1358 2125 1413 militum
2164 1358 2295 1413 feri-

734 1455 924 1515 tatem,
940 1451 1034 1521 qui
1056 1450 1111 1505 in
1128 1449 1342 1506 Domini
1366 1451 1626 1522 passione
1636 1451 1796 1506 veriti
1812 1459 1939 1506 sunt
1956 1449 2292 1506 Dominicam

733 1540 983 1598 scindere
1003 1541 1279 1609 tunicam;
1324 1543 1459 1598 adeo
1503 1543 1700 1598 laxatis
1731 1543 1955 1598 insania
1976 1543 2294 1612 raptabatur

732 1622 982 1698 habenis,
998 1633 1399 1689 utcatholicam
1423 1633 1681 1690 scindens
1706 1632 2006 1690 Ecclesiam
2023 1673 2038 1697 ,
2070 1649 2181 1688 non
2203 1648 2296 1689 so-

731 1722 844 1778 lum
866 1726 965 1795 per
989 1725 1238 1780 civitates
1260 1723 1501 1796 Egypti,
1530 1724 1627 1781 sed
1655 1725 1818 1781 etiam
1844 1741 1942 1796 per
1964 1724 2126 1781 villas
2147 1726 2288 1794 ejus,

2397 546 2716 602 catervatim
2772 560 3014 609 sumre,
3046 556 3101 600 et
3137 544 3206 601 ad
3260 544 3465 601 Christi
3496 546 3705 603 laudem
3746 557 3915 603 cretum
4006 592 4007 601 χ

2396 652 2755 710 congregare;
2780 653 2918 707 quos
2955 636 3153 705 divine
3178 637 3314 707 legis
3349 638 3579 697 antistes
3606 639 3785 694 divino
3819 655 3917 693 ora-
4006 664 4007 667 η

2396 728 2520 782 culo
2555 724 2883 791 vivificahat,
2913 727 3153 796 erigebat
3183 733 3346 795 atque
3372 726 3692 791 roborabat,
3745 744 3916 783 cresce-

2392 816 2596 872 batau‘e
2639 815 2842 886 iugiter
2870 816 2925 871 in
2958 815 3201 872 Ecclesia
3256 816 3548 871 multitudo
3597 818 3911 873 credentium.

2396 905 2504 963 Sed
2534 908 2649 962 haec
2694 922 2805 962 non
2856 908 3023 977 aquis
3051 906 3225 962 oculis
3257 906 3348 962 ille
3378 908 3636 977 antiquus
3683 909 3914 977 aspiciens

2393 998 2644 1053 humanae
2668 997 2863 1053 salutis
2886 998 3060 1053 hostis
3085 996 3227 1051 haud
3251 998 3304 1052 in
3328 999 3544 1068 longum
3574 998 3915 1068 quievit.Nam

2394 1090 2578 1149 subito
2621 1091 2951 1161 paganitatis
3000 1089 3163 1145 turbo
3203 1104 3270 1146 ex
3311 1090 3539 1147 adverso
3595 1093 3848 1157 intonuit,
3875 1098 3922 1149 et

2392 1192 2545 1235 more
2577 1179 2877 1234 hihernalis
2898 1178 3088 1239 imbris
3114 1178 3367 1236 Ecclesiae
3388 1179 3736 1237 serenitatem
3756 1195 3922 1253 percu-

2393 1270 2475 1334 lit,
2503 1284 2733 1342 eamque
2760 1271 2947 1341 procul
2975 1271 3200 1342 fugavit.
3232 1270 3338 1328 Sed
3370 1273 3473 1327 hoc
3527 1280 3587 1327 ut
3610 1272 3923 1341 manifestius

2393 1360 2619 1429 intelligi
2645 1361 2836 1429 possit,
2859 1364 3167 1420 necessario
3194 1364 3261 1422 ad
3280 1364 3591 1434 impiissimi
3629 1372 3688 1419 et
3714 1362 3827 1417 Deo
3850 1378 3922 1417 re-

2392 1447 2551 1503 bellis
2575 1446 2900 1503 Diocletiani
2922 1450 3281 1516 atrocitatem,
3296 1452 3609 1522 pariterque
3636 1448 3922 1507 Iaximiani

2393 1536 2596 1594 Galerii
2626 1538 2954 1596 reﬂectimus
2982 1542 3291 1609 articulum,
3335 1543 3431 1613 qui
3459 1556 3526 1600 eo
3553 1551 3796 1613 ternpore
3817 1557 3922 1596 cum

2394 1628 2505 1685 tilio
2534 1644 2637 1686 suo
2666 1629 2958 1688 laximino
3004 1632 3290 1712 tyrannico
3315 1634 3600 1703 dominatu
3649 1634 3925 1689 Orientales

2394 1720 2623 1775 vexabat
2637 1721 2905 1791 regiones.

703 1844 707 1849 -
732 1786 1152 1887 suos-sequaces
1171 1786 1449 1873 ordinaret
1477 1786 1800 1889 episcopos,
1824 1786 1879 1873 et
1916 1818 2049 1873 nihil
2075 1786 2295 1874 ei
2324 1786 2366 1841 Β
2464 1808 2639 1880 Hujus
2667 1786 2902 1881 namque
2948 1814 3281 1883 temporibus
3307 1794 3600 1881 in'tantum
3631 1812 3925 1870 Christiana

732 1905 803 1962 de
830 1905 995 1962 Petro
1015 1914 1153 1971 erat,
1173 1908 1283 1962 imo
1312 1924 1413 1964 nec
1439 1908 1507 1965 de
1525 1908 1747 1968 Christo
1766 1911 1861 1982 qui
1882 1918 2001 1965 erat
2027 1911 2083 1965 in
2107 1908 2289 1965 Petro.

736 2000 875 2057 Huic
901 2001 1155 2073 praefatus
1182 2001 1344 2058 Arius
1377 2003 1555 2058 adhuc
1584 2003 1759 2058 laicus
1782 2001 2120 2065 adhaerebat,
2163 2013 2295 2054 nec-

737 2092 867 2149 dum
900 2092 1138 2149 clericali
1168 2101 1395 2150 tonsura
1422 2101 1642 2149 notatus
1662 2134 1677 2157 ,
1708 2103 1932 2163 eratque
1958 2092 2035 2145 illi
2065 2090 2295 2159 ejusque

734 2183 1233 2241 domui'admodum
1261 2187 1497 2251 charus;
1528 2200 1630 2240 nec
1658 2184 1966 2239 immerito:
1992 2198 2153 2238 omne
2176 2183 2293 2237 ani-

736 2277 867 2341 mal,
901 2284 962 2333 ut
990 2278 1066 2331 ait
1095 2275 1400 2346 Scriptura,
1426 2276 1608 2339 simile
1636 2274 1739 2328 sibi
1761 2273 1956 2344 diligit.
1988 2272 2085 2328 His
2110 2282 2291 2329 autem

732 2369 968 2439 c0gnitis
991 2407 1007 2433 ,
1046 2368 1131 2423 vir
1160 2366 1373 2421 Domini
1400 2378 1631 2421 mwrore
1668 2363 1952 2421 confectus
1992 2364 2132 2432 hanc
2165 2380 2290 2435 per-

733 2460 1070 2516 secutionem
1120 2458 1297 2513 aiebat
1347 2458 1587 2528 pejorem
1625 2473 1748 2515 esse
1800 2458 2002 2527 priore.
2051 2455 2119 2511 Et
2165 2456 2291 2513 licet

731 2551 1057 2624 quibusdam
1089 2550 1313 2607 latebris
1342 2554 1676 2613 absconsus,
1711 2557 1892 2604 tamen
1940 2562 2039 2618 pro
2080 2549 2289 2604 viribus

733 2642 1132 2699 exhortatorios
1162 2642 1361 2713 ubique
1385 2642 1625 2711 dirigens
1654 2641 1857 2710 apices,
1880 2638 2289 2710 praedicansque

733 2729 989 2791 Ecclesia:
1022 2735 1286 2789 unitatem
1308 2770 1324 2797 ,
1350 2730 1637 2801 vegetahat
1663 2745 1759 2784 eos
1784 2729 2045 2785 adversus
2068 2731 2290 2800 imperi-

731 2826 867 2883 tiam
898 2833 953 2882 et
974 2824 1239 2881 nefariam
1271 2821 1472 2877 Meletii
1497 2821 1883 2876 temeritatem.
1905 2819 2059 2875 Unde
2084 2820 2288 2877 factum

733 2927 817 2975 est
849 2925 1038 2973 utnon
1071 2916 1233 2985 pauci
1260 2913 1379 2983 ejus
1410 2914 1744 2969 salutaribus
1772 2912 1995 2968 monitis
2030 2913 2285 2981 animati,

734 3019 769 3064 a
801 3005 1088 3062 Heletiana
1119 3005 1460 3061 discederent
1490 3004 1783 3073 impietate.

804 3098 911 3157 Per
930 3098 1068 3155 idem
1092 3098 1209 3154 fere
1233 3105 1445 3168 tempus
1472 3096 1654 3161 Arius,
1672 3097 1886 3166 viperea
1910 3102 2149 3150 armatus
2172 3111 2289 3186 ver-
2312 3131 2354 3186 ο

738 3194 901 3260 sutia,
951 3190 1107 3262 quasi
1151 3190 1406 3247 deserens
1453 3188 1767 3245 Meletianos
1795 3186 2040 3256 confugit
2087 3185 2152 3239 ad
2187 3179 2288 3243 Pe-

733 3296 916 3350 trum,
965 3284 1062 3355 qui
1106 3291 1327 3355 rogatus
1375 3282 1445 3338 ab
1491 3281 1762 3351 episcopis
1814 3280 2123 3335 sublimavit
2164 3296 2289 3334 eum

733 3374 968 3432 diaconii
998 3377 1225 3441 honore,
1250 3375 1501 3429 nesciens
1524 3372 1723 3443 quippe
1750 3379 1955 3427 tantam
1978 3374 2095 3441 ejus
2121 3373 2288 3443 hypo-

731 3465 921 3521 crisin.
953 3461 1082 3518 Erat
1103 3470 1283 3517 autem
1309 3470 1481 3518 Instar
1508 3461 1715 3515 colubri
1741 3461 1999 3531 pestifero
2031 3460 2289 3519 suffectus

731 3564 961 3606 veneno.
1011 3548 1197 3621 Neque
1250 3565 1395 3604 enim
1428 3548 1735 3618 hujusmodi
1788 3564 1982 3605 manus
2015 3550 2289 3620 impositio

732 3642 859 3697 huic
881 3650 1071 3696 sancto
1098 3642 1153 3695 in
1187 3640 1393 3695 crimen
1414 3640 1657 3709 deputari
1680 3640 1874 3711 potuit,
1908 3639 2049 3695 sicut
2072 3656 2172 3695 nec
2202 3639 2289 3694 Si-

732 3730 911 3785 monis
960 3730 1168 3801 magica
1224 3744 1314 3784 ars
1363 3730 1617 3784 simulata
1670 3729 1961 3784 ascribitur
2018 3728 2283 3801 Philippo.

732 3820 1141 3877 Heletianorum
1177 3821 1380 3875 interea
1425 3820 1738 3876 detestabile
1764 3819 1919 3876 nefas
1964 3836 2126 3890 supra
2172 3836 2288 3875 mo-

729 3914 864 3969 dum
890 3912 1192 3976 crescebat,
1242 3925 1555 3981 pavensque
1600 3911 1949 3967 beatissimus
1996 3910 2188 3966 Petrus
2220 3928 2287 3967 ne

733 4002 983 4059 heretica
1012 4002 1183 4072 pestis
1213 4010 1386 4057 totum
1438 4002 1542 4056 sibi
1572 4001 1835 4056 creditum
1867 4002 2142 4057 invaderet
2165 4017 2287 4072 gre-

730 4108 872 4165 gem,
902 4093 1167 4163 simulque
1197 4093 1375 4147 sciens
1403 4092 1546 4162 quod
1590 4094 1745 4147 nulla
1778 4094 2007 4149 societas
2047 4103 2131 4149 est
2178 4078 2283 4147 luci

730 4197 856 4237 cum
888 4182 1143 4245 tenebris,
1174 4183 1431 4253 nullaque
1455 4183 1746 4239 concordia
1772 4182 1988 4239 Christo
2016 4193 2069 4239 et
2093 4184 2281 4250 Belial,

732 4269 1047 4326 Meletianos
1074 4270 1144 4325 ab
1169 4269 1407 4328 Ecclesia
1456 4288 1552 4343 per
1600 4274 1809 4327 litteras
1847 4276 2165 4344 segregavit.
2218 4275 2283 4329 Et

730 4361 859 4431 quia
893 4361 1029 4413 mala
1055 4361 1305 4416 voluntas
1340 4361 1431 4415 diu
1484 4362 1747 4416 occultari
1792 4378 1900 4417 non
1948 4366 2106 4429 valet,
2137 4365 2283 4419 illico

731 4449 1153 4507 nefandissimus
1179 4452 1360 4516 Arius,
1391 4460 1670 4521 propterea
1698 4453 1841 4523 quod
1872 4469 2001 4509 suos
2048 4453 2282 4509 fautores
2315 4478 2359 4531 ι)

730 4537 800 4593 ab
850 4536 1101 4593 Ecclesiae
1150 4538 1407 4608 dignitate
1454 4550 1699 4595 cerneret
1751 4542 1989 4606 divisos,
2055 4544 2283 4598 tristitiae

732 4629 1069 4697 mancipatus
1129 4629 1395 4700 gemebat.
1451 4630 1606 4696 Quod
1656 4634 2061 4687 sanctissimum
2106 4635 2280 4688 virum

732 4714 956 4771 minime
990 4716 1167 4771 latuit.
1214 4718 1493 4777 Denudata
1540 4736 1772 4792 namque
1814 4724 1932 4792 ejus
1984 4725 2278 4795 hypocrisi,

732 4808 982 4879 protinus
1034 4810 1342 4878 evangelico
1385 4818 1543 4864 utens
1586 4812 1764 4875 ferro,
1817 4814 1877 4868 Si
1929 4816 2109 4868 oculus
2160 4825 2279 4869 tuus

731 4894 913 4950 dexter
962 4894 1292 4949 scandalizat
1324 4904 1393 4958 te,
1437 4912 1555 4949 erue
1590 4914 1707 4951 eum
1753 4910 1800 4953 et
1835 4902 2028 4971 projice
2075 4902 2167 4956 abs
2210 4913 2279 4970 te,

729 4987 920 5046 Arium
970 4986 1041 5042 ab
1100 4984 1356 5043 Ecclesiae
1416 5001 1703 5058 compage,
1760 4999 1944 5059 utpote
2007 4993 2281 5062 putridum

730 5081 1033 5137 membrum
1069 5080 1430 5143 detruncans,
1473 5078 1619 5135 foras
1655 5081 1861 5151 expulit
1907 5088 1961 5135 et
1987 5096 2017 5135 a
2045 5082 2280 5138 fidelium

730 5173 1109 5229 conmunione
1139 5178 1405 5225 extorrem
1427 5182 1549 5223 esse
1570 5169 1862 5224 mandavit.

802 5257 901 5317 llis
924 5263 998 5316 ita
1049 5266 1237 5332 gestis,
1272 5261 1451 5320 subito
1484 5260 1770 5315 admodum
1822 5262 1997 5315 ablata
2026 5276 2281 5331 persecu-

729 5351 897 5407 tionis
921 5354 1175 5423 procella,
1203 5369 1339 5425 pax,
1396 5353 1523 5408 licet
1569 5353 1782 5422 exigua,
1836 5350 2066 5409 refulsit.
2127 5349 2280 5405 Tunc

730 5441 1164 5505 eiqrantissimus
1185 5443 1395 5500 Domini
1439 5440 1677 5498 pontifex
1730 5442 1928 5511 populo
1960 5439 2279 5495 manifestus

804 5592 1251 5667 {aLngctisgime
1316 5604 1501 5656 mter
1544 5596 1709 5667 ponit
1742 5593 1911 5667 Petri
1959 5595 2276 5667 passionem

736 5662 1193 5734 sub'ﬂaximmo,
1222 5682 1327 5720 non
1382 5668 1485 5723 sub
1527 5662 1899 5724 Diocletiano.
1952 5662 2096 5734 quod
2149 5664 2280 5718 facit

734 5729 952 5787 Graecus
1002 5734 1091 5790 ille
1147 5735 1474 5800 biogranhus
1525 5752 1555 5793 a
1614 5734 1937 5792 Combefisio
1971 5729 2274 5792 'vulaatus.

2393 1903 2787 1971 persecutionis
2810 1904 3071 1959 aestuabat
3101 1905 3432 1969 incendium,
3458 1910 3522 1956 ut
3550 1918 3662 1959 non
3688 1903 3851 1960 solum
3880 1905 3927 1957 in

2392 2008 2504 2048 uno
2533 1994 2719 2049 mundi
2741 1995 2976 2061 climate,
3000 1996 3095 2051 sed
3116 1997 3278 2052 etiam
3304 2010 3399 2065 per
3424 1995 3741 2050 universum
3762 1994 3927 2049 orbem

2393 2094 2540 2140 terra
2565 2087 2812 2156 marique
2841 2086 3133 2159 impietatis
3180 2088 3416 2157 procella
3466 2093 3698 2141 tonaret.
3728 2086 3928 2140 Discur-

2391 2177 2635 2232 rentibus
2683 2178 2868 2248 itaque
2927 2180 3053 2234 hinc
3106 2178 3233 2235 inde
3288 2180 3663 2249 imperialibus
3726 2176 3928 2249 syllabis

2391 2276 2553 2340 atque
2582 2270 2977 2326 crudelissimis
3025 2270 3281 2336 decretis,
3312 2270 3653 2328 Christicolz
3681 2283 3823 2324 nunc
3847 2281 3929 2336 pa-

2390 2358 2497 2413 lam
2522 2374 2667 2416 nunc
2690 2360 3043 2417 clandestinis
3066 2348 3454 2433 iugulabantur
3480 2362 3733 2429 insidiis;
3767 2361 3928 2415 nullus

2388 2450 2533 2504 enim
2587 2451 2708 2508 dies
2749 2453 3011 2523 nullaque
3054 2469 3162 2509 uox
3216 2455 3286 2511 ab
3338 2454 3603 2511 effusione
3654 2453 3929 2511 Christiani

2388 2543 2602 2599 cruoris
2630 2546 2896 2600 transibat
2924 2547 3197 2602 immunis.
3230 2545 3339 2603 Nec
3361 2559 3518 2619 typus
3550 2538 3927 2604 interfectionis

2387 2630 2643 2686 horrebat
2665 2634 2927 2703 simplex;
2961 2636 3051 2688 alii
3077 2637 3295 2705 quidem
3314 2638 3545 2693 diversis
3578 2648 3632 2693 et
3664 2638 3926 2711 acerriuns

2387 2722 2721 2778 necabantur
2752 2725 3063 2794 suppliciis;
3097 2726 3190 2781 alii
3212 2742 3358 2792 vero,
3381 2736 3439 2781 ut
3462 2730 3624 2782 etiam
3661 2740 3925 2797 parentum

2387 2812 2724 2868 humanitate
2772 2815 3056 2885 patriaque
3099 2823 3348 2871 carerent
3392 2818 3694 2887 sepultura,
3734 2819 3800 2871 ad
3837 2819 3928 2871 alia

2386 2903 2857 2959 transferebantur
2900 2907 3038 2972 loca,
3079 2908 3237 2962 novis
3279 2909 3607 2978 quibusdam
3657 2918 3712 2965 et
3749 2909 3929 2964 saeculo

2387 2994 2647 3049 inauditis
2697 3009 2978 3064 ptenarum
3033 2998 3523 3055 machinationibus
3583 3000 3653 3063 ad
3701 3000 3927 3072 martyrii

2386 3085 2849 3155 compellebantur
2875 3082 3090 3143 metam.
3125 3087 3270 3143 Proh
3290 3090 3470 3147 nefas!
3507 3100 3660 3148 tanta
3685 3101 3801 3148 erat
3824 3093 3929 3145 illo-

2386 3190 2507 3229 rum
2538 3174 2819 3245 impietas,
2859 3184 2917 3231 ut
2946 3181 3110 3233 etiam
3142 3180 3309 3235 divini
3339 3182 3520 3237 cultus
3566 3184 3873 3239 sanctuaria
3900 3197 3927 3235 a

2385 3262 2753 3321 fundamentis
2778 3275 3102 3338 everterent,
3133 3282 3457 3343 sanctosque
3476 3274 3648 3329 libros
3676 3276 3789 3346 igni
3824 3287 3935 3330 cre-

2384 3364 2613 3412 marent.
2684 3355 2949 3416 Defuncto
3012 3361 3194 3433 itaque
3246 3365 3597 3420 exsecrabilis
3665 3366 3931 3422 memoria

2385 3444 2737 3515 Diocletiano,
2765 3447 3153 3507 Constantinus
3188 3451 3361 3522 Major
3388 3453 3456 3507 ad
3484 3456 3639 3523 regni
3670 3456 3932 3525 guberna-

2385 3538 2506 3591 cula
2535 3538 2740 3595 electus
2767 3548 2870 3605 est,
2900 3555 2953 3597 et
2994 3542 3247 3614 Occiduis
3300 3546 3549 3615 partibus
3600 3548 3930 3617 principatus

2384 3628 2469 3683 sui
2502 3628 2665 3696 coepit
2683 3629 2951 3685 moderari
2991 3631 3249 3689 habenas.

2452 3718 2547 3773 His
2592 3718 2835 3788 profecto
2864 3720 3054 3794 diebus
3096 3722 3385 3779 Maximino
3415 3722 3490 3793 (α)
3530 3737 3560 3775 a
3588 3723 3929 3795 quibusdam

2382 3809 2451 3864 de
2492 3809 2716 3880 praefato
2768 3814 3175 3884 archiepiscopo
3237 3816 3465 3870 relatum
3527 3823 3634 3880 est,
3688 3816 3931 3872 videlicet

2383 3904 2526 3973 quod
2567 3903 2683 3973 ipse
2712 3902 3134 3960 Christianitatis
3159 3906 3455 3977 duxatque
3485 3906 3717 3977 signifer
3752 3898 3925 3971 esset;

2382 3994 2476 4063 qui
2516 3994 2675 4048 solita
2719 3992 3085 4049 inﬂammatus
3134 3996 3411 4062 nequitia,
3439 4011 3469 4051 e
3498 3997 3734 4066 vestigio
3774 3993 3929 4065 jussit

2382 4084 2766 4154 comprehendi
2795 4083 3013 4140 Petrum
3038 4095 3092 4139 et
3120 4085 3173 4139 in
3202 4101 3473 4141 carcerem
3501 4087 3735 4143 retrudi.
3767 4088 3928 4152 uuam

2382 4176 2453 4232 ob
2482 4191 2595 4230 rem
2622 4176 2862 4246 quinque
2887 4176 3135 4233 tribunos
3155 4177 3386 4249 stipatos
3419 4179 3654 4233 militum
3705 4177 3931 4233 catervis

2381 4268 2762 4322 Alexandriam
2793 4268 3117 4337 destinavit;
3170 4272 3263 4341 qui
3292 4271 3570 4327 venientes
3608 4272 3769 4340 juxta
3794 4266 3928 4341 quod

2382 4360 2485 4416 sibi
2512 4362 2687 4417 fuerat
2711 4362 3052 4430 imperatum.
3084 4363 3262 4419 subito
3287 4364 3557 4434 rapientes
3576 4363 3785 4418 Christi
3806 4377 3931 4433 pon-

2382 4452 2582 4506 tificem
2612 4453 2848 4508 carceris
2875 4454 3133 4509 custodias
3180 4454 3577 4524 manciparunt.
3636 4454 3778 4509 lira
3805 4452 3928 4507 fide-

2383 4543 2512 4596 lium
2542 4542 2788 4598 devotio!
2823 4543 2921 4599 Ubi
2960 4551 3293 4613 compertum
3332 4552 3416 4600 est
3459 4543 3604 4615 quod
3643 4553 3829 4601 tantus
3856 4545 3929 4595 vir

2382 4632 2751 4688 carceralihus
2780 4634 3122 4689 clauderetur
3148 4635 3455 4704 ergastulis,
3487 4636 3735 4689 cucurrit
3774 4651 3926 4705 supra

2381 4724 2603 4778 modum
2632 4725 2965 4780 incredibilis
2988 4726 3308 4790 multitudo,
3340 4724 3609 4794 praecipue
3635 4728 3927 4781 monacho-

2381 4830 2501 4868 rum
2540 4831 2604 4869 ac
2632 4816 2898 4885 virginum
2927 4817 3148 4880 chorus,
3196 4808 3392 4873 etnon
3446 4818 3821 4875 materialibus
3849 4833 3929 4871 ar-

2380 4907 2507 4971 mis,
2539 4907 2633 4962 sed
2681 4907 3039 4979 lacrymarum
3072 4907 3263 4961 rivulis
3294 4916 3347 4961 et
3372 4906 3474 4976 pia:
3503 4910 3927 4966 mentis~aﬂectn

2380 4996 2855 5051 circumdederunt
2913 4998 3150 5052 carceris
3209 4998 3506 5065 ambitum,
3562 5009 3618 5056 et
3668 5012 3924 5074 tanquam

2380 5084 2509 5140 boni
2532 5086 2629 5140 ﬁlii
2654 5102 2783 5155 erga
2807 5088 3006 5141 bonum
3037 5096 3265 5157 patrem,
3294 5088 3403 5143 imo
3425 5089 3735 5148 Christiana
3762 5107 3925 5147 mem-

2379 5174 2478 5228 bra
2519 5176 2986 5232 Christianissimo
3034 5178 3237 5248 capiti,
3302 5181 3427 5237 totis
3488 5186 3921 5254 compassionum

2378 5264 2676 5319 visceribus
2708 5265 3067 5327 adhaerebant.
3099 5276 3359 5339 erantque
3389 5272 3464 5327 illi
3496 5289 3706 5340 murus,
3736 5274 3921 5329 obsera

2382 5363 2569 5410 vantes
2596 5371 2664 5410 ue
2686 5358 2810 5426 quis
2840 5370 3171 5426 paganorum
3202 5361 3269 5415 ad
3299 5376 3421 5417 eum
3460 5362 3797 5433 ingrediendi
3833 5372 3921 5412 co-

2379 5446 2524 5514 piam
2561 5447 2803 5502 haberet.
2864 5446 2983 5503 Una
3039 5450 3293 5508 nimirum
3330 5455 3570 5509 omnium
3601 5460 3747 5514 vota,
3794 5462 3913 5503 con-

2379 5602 2660 5744 ggzrgluoﬁﬂ
2716 5603 2906 5659 doctas
2961 5603 3137 5663 editor
3198 5623 3250 5679 p.
3309 5608 3415 5663 222
3476 5620 3717 5664 errorem
3781 5604 3915 5659 hunc
