4036 6320
191 319 294 392 357

1536 337 1717 393 ACTA
1757 335 2042 394 SINCERA
2054 376 2067 395 .

3321 334 3426 394 £58

193 452 482 530 annvus,
510 446 814 520 eademque
851 451 1180 521 compassio.
1211 451 1348 507 mori
1376 451 1558 522 potius
1600 465 1762 521 quam
1791 456 1837 514 Δ
1861 468 1955 510 eos
1989 472 2002 509 :
2037 453 2212 510 Nolite
2244 469 2352 519 me,
2401 453 2618 520 fratres,
2647 461 2905 539 tanquam
2957 452 3313 511 inhumanum
3365 473 3430 512 ac

191 546 446 594 sanctum
482 539 764 612 quidpiam
801 541 926 594 mali
978 545 1184 613 perpeti
1242 545 1488 600 viderent
1531 545 1629 612 (tt).
1666 543 1761 598 Vir

189 638 373 684 autem
398 629 613 685 Domini
651 644 777 686 cum
807 646 1006 701 paucos
1037 635 1154 689 dies
1190 635 1379 690 eodem
1411 651 1578 691 nervo
1611 642 1760 690 tene-

189 727 341 779 retur
360 731 635 790 retrusus,
671 726 872 781 tribuni
929 726 1175 781 fecerunt
1221 727 1288 782 de
1339 728 1458 797 ipso
1485 727 1598 799 regi
1629 741 1760 797 sug-

184 815 521 885 gestionem;
542 816 635 873 ille
677 826 858 874 autem
885 818 1040 888 juxta
1077 834 1282 873 morem
1317 834 1428 874 sua:
1461 817 1759 875 ferocitatis

183 903 485 961 destinavit
509 909 857 972 sententiam,
901 918 961 962 ut
993 908 1370 964 beatissimum
1395 910 1757 980 patriarcham

180 996 407 1067 capitali
461 999 719 1068 punirent
750 999 1084 1055 discrimine.
1139 999 1309 1055 Porro
1355 1001 1480 1054 .lum
1517 1001 1620 1056 hoc
1661 1015 1760 1070 per

182 1102 346 1144 aures
397 1087 838 1145 Christianorum
900 1099 1176 1161 serperet,
1236 1099 1521 1161 coeperunt
1568 1108 1757 1147 omnes

182 1179 520 1234 unanimiter
561 1181 802 1237 careeris
847 1180 1050 1236 aditum
1103 1197 1227 1236 cum
1262 1183 1406 1237 luctu
1453 1191 1507 1236 et
1555 1185 1758 1254 gemitu

182 1269 490 1335 custodire,
541 1281 593 1326 et
620 1271 952 1327 obsistentes
986 1275 1254 1328 neminem
1286 1275 1567 1344 gentilium
1605 1275 1758 1329 illum

181 1357 394 1429 ingredi
451 1360 859 1430 permittebant.
897 1358 1122 1415 Tribuni
1175 1378 1304 1416 vero
1357 1379 1483 1418 cum
1531 1364 1599 1419 ad
1631 1380 1756 1419 eum

177 1449 540 1520 jugulandum
592 1452 904 1508 nullatenus
948 1454 1208 1509 haberent
1260 1455 1603 1526 ingressum,
1655 1455 1757 1509 ha-

180 1539 290 1596 bito
319 1543 556 1599 consilio
601 1552 914 1600 statuerunt
965 1551 1024 1598 ut
1075 1547 1258 1600 cuncti
1297 1547 1495 1602 milites
1539 1545 1758 1602 nudatis

182 1633 538 1689 mucronibus
596 1636 913 1705 popularem
971 1636 1334 1707 irrumperent
1397 1637 1650 1700 turbam,
1703 1643 1757 1690 et

189 1723 266 1776 sic
305 1722 436 1778 eum
476 1725 742 1779 duntaxat
779 1727 848 1780 ad
886 1726 1263 1782 decollandum
1309 1728 1454 1782 foras
1504 1727 1755 1783 extrahe.

1862 542 2096 614 rigidum
2133 547 2409 615 accipere;
2452 560 2638 600 revera
2683 546 2827 600 enim
2861 553 2916 602 et
2968 561 3071 616 ego
3114 547 3278 603 homo
3305 561 3427 602 sum

1860 635 1965 690 sub
1988 635 2102 704 lege
2132 637 2338 704 peccati
2369 635 2597 707 degens;
2633 636 2728 690 sed
2761 635 2962 690 credite
2996 636 3134 690 meis
3168 635 3432 691 sermoni-

1859 723 1981 780 bus.
2010 723 2208 780 Latens
2238 725 2352 780 Arii
2375 726 2534 782 dolus
2565 742 2777 782 omnem
2815 734 3031 797 superat
3057 727 3425 797 iniquitatem,
3481 732 3483 734 ’

1858 826 2183 882 omnemque
2215 814 2625 884 supergreditur
2657 816 2980 884 impietatem
3013 833 3029 880 ;
3091 823 3144 869 et
3176 813 3284 872 hoc
3313 832 3423 871 non

1859 915 1890 954 a
1919 902 2239 972 metnetipso
2273 917 2547 968 asserens,
2572 906 2692 974 ejus
2724 904 2930 958 sancivi
2971 904 3420 975 segregationem.

1857 991 1971 1048 Hac
2001 995 2201 1048 etenim
2235 1003 2397 1050 nocte
2429 995 2558 1048 dum
2599 995 2913 1050 solemniler
2935 1010 3120 1066 preces
3153 995 3220 1049 ad
3252 994 3420 1051 Deum

1858 1083 2159 1147 funderem,
2185 1085 2358 1139 astitit
2378 1084 2511 1137 mihi
2544 1084 2766 1154 quidam
2790 1099 2925 1154 puer
2945 1083 3104 1152 quasi
3134 1082 3419 1138 duodecim

1857 1189 2149 1238 annorum.
2182 1175 2340 1244 cujus
2403 1174 2558 1228 faciei
2590 1174 2891 1228 claritatem
2955 1174 3099 1229 ferre
3140 1190 3246 1230 non
3276 1181 3424 1245 pote-

1856 1282 1994 1332 ram,
2028 1282 2151 1319 nam
2183 1275 2295 1320 tota
2325 1267 2438 1320 haec
2493 1263 2629 1319 cella
2663 1265 2718 1318 in
2756 1281 2861 1334 qua
2895 1273 3105 1323 stamus
3153 1267 3419 1322 immenso

1857 1357 2062 1414 lumine
2089 1358 2357 1412 radiabat.
2379 1358 2498 1427 Ipse
2533 1365 2712 1411 autem
2757 1357 3094 1413 linostimum
3124 1367 3242 1415 erat
3268 1358 3422 1414 indu-

1857 1459 1945 1506 tus
1970 1451 2265 1514 colobium,
2315 1454 2546 1506 scissum
2585 1451 2640 1504 in
2691 1457 2871 1520 partes
2907 1458 3169 1522 utrasque
3215 1467 3244 1506 a
3276 1453 3420 1508 collo

1856 1558 2031 1613 usque
2063 1544 2129 1597 ad
2172 1544 2357 1613 pedes,
2403 1553 2701 1611 teneasque
2733 1542 2946 1612 gemina
2997 1558 3161 1597 manu
3218 1542 3418 1600 colobii

1855 1633 2150 1695 scissuras,
2203 1632 2506 1702 applieahat
2565 1647 2659 1687 eas
2704 1631 2908 1701 pectori
2962 1647 3084 1693 suo,
3150 1642 3418 1702 quatenus

1857 1724 2132 1794 propriam
2166 1732 2372 1793 tegeret
2405 1725 2722 1780 nuditatem.
2756 1724 2836 1777 Ad
2871 1725 3008 1777 hanc
3031 1724 3231 1794 quippe
3253 1726 3418 1778 visio-

181 1821 338 1879 rent;
370 1829 502 1869 mox
533 1831 664 1871 vero
691 1817 737 1872 si
769 1819 891 1887 quis
919 1819 1188 1874 obsistere
1226 1821 1418 1888 vellet,
1453 1819 1630 1889 gladio
1669 1817 1752 1872 in-
1785 1802 1826 1856 Β
1854 1829 1976 1867 nem
2012 1830 2110 1883 ego
2142 1815 2370 1870 miratus
2408 1816 2686 1886 obstupui.
2719 1815 2840 1872 Mox
2867 1818 2957 1871 ubi
2992 1817 3115 1869 data
3151 1825 3234 1871 est
3282 1816 3420 1870 mihi

182 1906 387 1961 teriret.

244 1996 414 2053 Arius
437 1999 647 2054 interea
676 2000 851 2056 adhuc
886 2001 1104 2055 levitico
1141 2007 1347 2054 tantum
1373 1999 1580 2053 honore
1603 1997 1750 2051 colo-

190 2099 338 2143 ratus
372 2090 476 2160 (ὁ),
509 2099 756 2146 metuens
785 2108 853 2146 ne
884 2100 1004 2162 post
1039 2093 1244 2146 exitum
1274 2091 1410 2145 tanti
1444 2089 1622 2144 Patris
1668 2105 1752 2143 re-

185 2181 464 2235 conciliari
511 2183 823 2237 nullatenus
851 2184 1082 2243 valeret,
1117 2183 1248 2236 adiit
1294 2197 1388 2235 eos
1435 2181 1528 2249 qui
1581 2178 1749 2233 nobi—

185 2268 342 2324 liores
391 2279 551 2323 erant
581 2271 636 2324 in
673 2271 839 2332 clero,
869 2281 923 2324 et
952 2272 1202 2325 luctuoso
1236 2270 1483 2340 precario
1511 2269 1752 2324 blando-

183 2375 280 2430 que
321 2375 579 2415 sermone
633 2368 819 2430 utpote
879 2362 1163 2416 simulatnr
1207 2360 1504 2414 conabatur
1559 2367 1749 2415 sancto

183 2455 408 2508 suadere
461 2453 903 2524 archiepiscopo,
964 2463 1022 2507 ut
1056 2454 1130 2506 illi
1167 2451 1540 2507 misericordia
1574 2452 1750 2505 indul-

181 2556 339 2612 geret,
373 2560 612 2616 eumque
659 2546 727 2600 ab
756 2547 1067 2616 huiusmodi
1116 2546 1360 2608 solveret.
1400 2544 1744 2615 obligatione.

185 2632 377 2690 Verum
413 2637 545 2707 quid
578 2639 832 2693 simulato
859 2638 1022 2693 corde
1067 2637 1351 2693 fallacius?
1374 2636 1514 2704 Quid
1560 2646 1750 2692 sancta

183 2729 574 2799 compositione
640 2729 989 2800 simplicius?
1047 2731 1200 2785 Haud
1263 2744 1462 2796 mora;
1519 2731 1750 2802 ingressi

184 2832 302 2874 sunt
339 2822 438 2891 qui
475 2823 650 2892 rogati
683 2821 900 2878 fuerant
939 2824 1006 2877 ad
1055 2823 1257 2879 Christi
1313 2821 1649 2894 pontificem,
1696 2830 1752 2878 et

184 2921 297 2982 post
350 2923 673 2970 consuetam
726 2915 1048 2979 orationem,
1101 2916 1434 2971 consternati
1463 2914 1584 2970 solo
1622 2929 1747 2968 cum

184 3007 375 3076 gemitu
403 3015 459 3059 et
489 3007 745 3077 lacrymis
771 3022 959 3062 sacras
979 3008 1096 3076 ejus
1119 3008 1496 3062 deosculantes
1529 3021 1743 3071 manus,

184 3095 493 3166 flagitabant
542 3113 668 3152 eum
720 3098 958 3154 dicentes
991 3118 1004 3152 :
1039 3097 1115 3152 Te
1149 3099 1364 3168 quidem
1387 3139 1401 3162 ,
1435 3098 1744 3152 beatissime

185 3184 361 3252 Pater,
424 3187 728 3241 secundum
788 3188 910 3240 fidei
971 3187 1286 3256 dignitatem
1353 3187 1610 3240 Dominus
1676 3186 1742 3240 ad

185 3280 418 3348 martyrii
451 3293 709 3332 coronam
732 3279 1146 3346 vocavit,quam
1171 3287 1220 3331 te
1249 3279 1480 3334 celerius
1499 3280 1608 3331 acoi
1620 3294 1744 3346 pere

188 3382 516 3438 nequaquam
545 3367 890 3435 ambigimus.
923 3367 1129 3422 Idcirco
1156 3370 1365 3436 justum
1397 3379 1650 3438 putamus
1686 3377 1742 3422 ut

187 3457 336 3511 solita
385 3459 589 3528 pietate
622 3457 904 3526 indulgeas
940 3459 1104 3524 Ario,
1139 3459 1368 3528 ejusque
1409 3457 1622 3513 fletibus
1654 3475 1744 3512 ve-

188 3548 316 3603 niam
345 3551 583 3605 tribuas.

248 3637 456 3706 Quibus
521 3639 721 3694 auditis
783 3639 864 3693 vir
913 3638 1126 3695 Domini
1189 3653 1314 3692 cum
1367 3637 1741 3708 indignatione

189 3731 447 3784 submovit
482 3747 598 3792 eos,
633 3739 686 3785 et
739 3731 962 3785 elevatis
1005 3745 1221 3783 sursum
1269 3729 1518 3782 manibus
1551 3728 1742 3782 excla—

190 3836 352 3886 mans,
375 3823 544 3877 dixit:
569 3821 675 3877 Pro
702 3823 828 3876 Ario
862 3839 944 3877 me
975 3823 1184 3878 audetis
1214 3822 1553 3890 supplicare?
1582 3822 1742 3875 Arius

188 3920 236 3964 et
263 3913 344 3966 hic
374 3925 426 3966 et
461 3915 518 3966 in
551 3915 733 3968 futuro
787 3916 985 3969 sacculo
1034 3930 1062 3966 a
1113 3915 1280 3983 gloria
1317 3912 1435 3964 Filii
1486 3910 1579 3965 Dei
1613 3911 1740 3965 Jcsu

190 4001 380 4056 Christi
421 4004 634 4056 Domini
672 4007 842 4059 nostri
875 4020 1087 4073 semper
1117 4009 1215 4058 erit
1253 4014 1566 4074 segregatus
1607 4020 1744 4058 sem-

190 4104 375 4160 perque
406 4093 648 4146 manebit
692 4097 924 4148 extorris
956 4096 1046 4164 (c).
1081 4093 1202 4147 llaec
1249 4094 1339 4148 illo
1383 4102 1738 4162 protestante,

189 4197 365 4237 omnes
392 4184 486 4251 qui
515 4185 761 4245 aderant,
795 4187 988 4240 timore
1020 4185 1253 4253 perculsi
1276 4225 1289 4246 ,
1318 4197 1572 4252 tanquam
1608 4184 1740 4235 muti

194 4276 495 4331 reticebant.
530 4273 700 4328 Porro
743 4278 1000 4345 suspicati
1045 4285 1168 4330 sunt
1215 4292 1334 4328 eum
1367 4293 1473 4330 non
1510 4277 1627 4328 sine
1667 4275 1743 4326 tli-

189 4367 304 4422 vino
353 4381 487 4424 nutu
541 4370 703 4423 talem
754 4370 806 4420 in
867 4369 1051 4422 Arium
1105 4369 1344 4437 proferre
1396 4368 1737 4420 sctttcntiam.

1853 1903 2107 1972 loquendi
2164 1903 2382 1965 ﬁducia,
2439 1908 2755 1963 exclamans
2796 1909 2907 1962 dixi
2943 1926 2953 1962 :
2993 1908 3249 1973 Domine,
3291 1908 3416 1978 quis

1851 1996 1949 2048 tibi
1998 1995 2100 2048 hoc
2157 1994 2316 2048 scidit
2375 1996 2788 2052 indumentum?
2835 1999 2897 2055 Et
2933 2001 3023 2054 ille
3062 2018 3076 2055 :
3125 1999 3289 2054 Arius
3329 2013 3416 2054 me

1850 2084 2033 2146 scidit,
2065 2083 2158 2139 sed
2194 2100 2436 2155 praecave
2481 2087 2703 2142 omnino
2728 2105 2795 2144 ne
2828 2106 2949 2144 eum
2983 2093 3038 2145 in
3065 2092 3418 2147 communio-

1855 2191 1979 2230 nem
2010 2177 2276 2246 recipias;
2308 2193 2435 2232 ecce
2464 2180 2608 2232 cnim
2639 2180 2878 2234 crastina
2908 2180 2995 2234 die
3025 2183 3240 2236 venturi
3285 2192 3420 2238 sunt

1849 2267 1940 2338 qui
1975 2276 2029 2322 te
2058 2285 2156 2338 pro
2203 2285 2267 2324 eo
2313 2271 2684 2338 postulabunt.
2715 2270 2850 2328 Vide
2906 2288 3037 2344 ergo
3087 2289 3155 2326 ne
3217 2289 3416 2332 suasua

1849 2359 2169 2428 acquiescas
2214 2360 2321 2414 illis
2357 2379 2369 2415 :
2404 2363 2531 2430 quin
2562 2363 2742 2432 potius
2785 2363 2975 2432 jubeto
3006 2363 3230 2417 Achillae
3273 2370 3415 2434 pari-

1851 2455 2040 2515 terque
2057 2448 2364 2503 Alexandro
2388 2451 2740 2522 presbyteris,
2777 2452 2868 2521 qui
2908 2462 3028 2521 post
3059 2459 3210 2506 tuum
3232 2461 3414 2508 trans-

1848 2536 1980 2590 itum
2020 2541 2218 2592 recturi
2264 2551 2391 2596 sunt
2423 2541 2719 2596 Ecclesiam
2749 2558 2945 2608 meam,
2974 2545 3413 2614 neraliquatenus

1848 2629 2000 2682 illum
2053 2631 2339 2701 recipiant.
2405 2631 2486 2686 Tu
2549 2643 2724 2687 autem
2785 2634 2998 2690 futurus
3049 2651 3110 2691 es
3170 2635 3415 2706 martyrii

1847 2726 2050 2774 sortem
2113 2723 2354 2777 velocius
2412 2724 2648 2791 explere.
2713 2722 2884 2793 Huju‘s
2950 2734 3128 2779 autem
3186 2726 3418 2781 visionis

1849 2825 2014 2867 causa
2067 2814 2144 2866 nil
2182 2813 2414 2880 amplius
2459 2813 2578 2866 fuit.
2630 2813 2769 2868 Ecce
2823 2815 3060 2870 satisfeci
3116 2817 3307 2882 vobis,
3357 2820 3415 2869 et

1847 2915 1966 2969 quae
1995 2900 2150 2968 jussa
2177 2909 2304 2956 sunt
2333 2915 2558 2969 prorsus
2589 2904 2927 2957 annuntiavi.
2977 2903 3242 2959 Caeterum
3283 2899 3412 2975 quid

1846 3010 1912 3048 ex
1951 2995 2035 3048 his
2070 2993 2310 3058 facietis,
2348 3009 2446 3048 vos
2485 2992 2750 3048 videritis.
2792 2993 2857 3046 Et
2902 2995 2968 3048 de
3026 2998 3150 3050 λι·ίο
3194 2995 3412 3066 quidem

1849 3090 1981 3143 haec.
3057 3131 3064 3135 .

1915 3179 2099 3236 Nostis
2120 3187 2399 3250 praeterea,
2431 3179 2762 3241 charissimi,
2791 3189 2842 3233 et
2872 3179 3008 3234 bene
3050 3179 3246 3248 nostis,
3276 3192 3414 3250 quaa

1847 3269 1972 3324 liter
2019 3270 2125 3324 huc
2155 3284 2327 3338 usque
2351 3268 2628 3323 vobiscum
2660 3273 3010 3320 conversatus
3045 3280 3184 3327 sum,
3235 3279 3411 3334 quana

1846 3367 2037 3427 tasque
2068 3357 2499 3413 conflictationcs
2530 3357 2596 3410 ab
2629 3356 2930 3412 idololatris
2963 3357 3198 3412 sustinui
3239 3357 3413 3428 genti.

1845 3449 2008 3511 libus,
2045 3449 2137 3517 qul
2168 3448 2450 3504 Dominum
2483 3445 2819 3501 Salvatorem
2846 3450 3180 3516 ignorantes,
3229 3447 3411 3501 multi-

1845 3538 2086 3591 tudinem
2139 3535 2362 3590 deorum
2411 3536 2504 3604 qui
2554 3550 2660 3588 non
2707 3544 2854 3601 sunt,
2891 3538 3226 3592 insanientes
3259 3537 3412 3590 diffa-

1844 3641 1995 3681 mare
2025 3643 2132 3681 non
2166 3635 2405 3681 cessant.
2449 3625 2610 3678 Scitis
2658 3625 2900 3695 profecto
2931 3630 3203 3696 quomodo
3225 3644 3409 3697 ρει-εει

1843 3730 2091 3773 culorum
2122 3719 2448 3773 declinando
2479 3717 2705 3784 rabiem,
2733 3717 2798 3772 de
2836 3719 2953 3773 loco
2986 3719 3052 3771 ad
3083 3719 3254 3772 locum
3284 3735 3410 3789 pro-

1844 3819 2002 3887 fugus
2052 3819 2216 3872 ibam.
2272 3815 2568 3868 Plurimum
2630 3831 2860 3884 namque
2914 3816 2965 3867 in
3028 3814 3406 3882 Mesopotamia

1843 3911 2063 3964 latitans
2117 3909 2258 3979 degi,
2318 3924 2380 3960 ac
2411 3907 2632 3978 perinde
2667 3909 2808 3975 apud
2863 3907 3073 3976 Syriam
3135 3905 3408 3960 Plitcnicis

1842 4005 2050 4068 delitui,
2086 4004 2137 4054 in
2174 4011 2405 4069 utraque
2460 4001 2622 4054 etiam
2678 3997 2966 4052 Palaestina
3014 3999 3216 4053 diutius
3255 4015 3408 4067 pere‘

1841 4097 2198 4166 grinationem
2243 4093 2511 4156 sustinui;
2573 4099 2624 4144 et
2655 4091 2872 4153 exinde,
2910 4106 2967 4143 ut
3013 4095 3083 4142 ita
3121 4090 3318 4155 dicant,
3355 4092 3405 4143 in

1842 4190 1948 4240 alio
1969 4188 2256 4244 elemento,
2281 4184 2380 4234 hoc
2410 4192 2493 4235 est
2519 4183 2571 4234 in
2610 4183 2802 4235 insulis
2833 4199 2938 4235 non
2975 4197 3140 4250 parvo
3169 4189 3410 4248 tempore

1843 4286 2081 4333 moratus
2113 4291 2252 4329 sum.
2281 4273 2344 4325 Et
2394 4275 2446 4326 in
2486 4275 2568 4325 his
2603 4273 2860 4325 omnibus
2890 4272 3090 4340 degens
3126 4273 3405 4325 calamita-

1842 4372 1988 4423 tibus
2023 4367 2302 4421 Dominico
2329 4365 2476 4434 gregi
2510 4365 2600 4432 qui
2636 4378 2765 4415 mea:
2801 4363 3050 4430 parvitati
3082 4364 3408 4416 commissus

192 4459 324 4525 QUOS
353 4464 480 4516 dum
499 4461 955 4516 Cletl‘ncnliSSimus
983 4461 1139 4515 Pal-cr
1159 4462 1339 4515 cordis
1369 4459 1740 4526 cotltpuuctio-
1771 4474 1814 4528 ι)
1843 4469 1945 4516 est.
1983 4460 2069 4512 die
2099 4467 2369 4523 noctuque
2400 4454 2637 4506 scribere
2687 4470 2791 4507 non
2822 4452 3132 4504 desinebant
3157 4489 3170 4510 ,
3208 4452 3407 4503 confir-

191 4566 249 4605 ne
296 4555 516 4608 silentes
557 4569 619 4606 ac
670 4563 893 4607 molstus
943 4557 1230 4618 aspiceret,
1265 4552 1433 4605 noluit
1493 4561 1739 4603 austcrus

194 4658 529 4712 permanere,
582 4646 667 4698 vel
717 4660 806 4699 eos
871 4645 1027 4711 quasi
1077 4654 1434 4710 contemnens
1494 4642 1610 4693 sine
1660 4657 1742 4693 sa-

195 4734 484 4791 tisfactione
532 4739 865 4804 relinquere;
919 4735 1010 4788 sed
1054 4750 1340 4787 assumens
1375 4731 1640 4784 Achillam
1689 4740 1739 4782 ot

194 4826 584 4890 Alexandrum,
655 4828 747 4895 qui
814 4827 866 4877 in
934 4826 1308 4879 sacerdotibus
1369 4823 1611 4877 seniores
1679 4840 1739 4875 ac

196 4919 481 4972 sanctiores
503 4935 623 4972 esse
653 4918 996 4976 vidtbantnr.
1033 4934 1194 4968 unum
1227 4935 1290 4971 ex
1323 4918 1399 4968 cis
1439 4915 1641 4967 habens
1674 4915 1738 4966 ad

195 5013 471 5073 dexteram,
500 5011 732 5066 alterum
764 5024 978 5078 quoque
1003 5009 1067 5058 ad
1109 5007 1313 5068 iterant,
1349 5005 1620 5073 paululum
1647 5022 1740 5058 eos

196 5103 480 5173 segregavit
534 5119 562 5154 a
612 5106 840 5167 caeteris,
874 5109 926 5154 ct
983 5101 1167 5153 clauso
1204 5113 1450 5153 sermone
1501 5097 1629 5149 dixit
1673 5097 1738 5148 ad

253 5261 322 5326 (ai
383 5259 471 5313 Sic
530 5277 756 5330 prorsus
820 5261 1121 5316 excubabat
1181 5257 1606 5330 Mcdiolancnsis
1656 5258 1736 5323 pia

197 5333 328 5396 plebs
352 5332 492 5384 circa
517 5328 863 5386 Ambrosium
893 5346 1202 5400 episcopum
1253 5342 1432 5400 suum,
1468 5328 1552 5375 cui
1589 5329 1738 5376 furor

195 5400 398 5453 Justinze
426 5404 635 5455 Ariona:
668 5403 1028 5468 imperatricis
1065 5399 1405 5468 monitu-bit,
1447 5403 1580 5446 tt-stc
1611 5413 1738 5446 ocu-

199 5473 279 5522 lari
302 5474 594 5538 Augustino
634 5465 874 5537 Conjcss.
911 5474 1002 5522 lib.
1031 5486 1101 5523 ιχ.
1127 5485 1244 5535 cap.
1287 5465 1335 5516 7.
1439 5535 1446 5538 Α
1595 5535 1600 5538 _

257 5541 320 5600 ib)
346 5535 505 5591 itecte
537 5543 636 5595 hoc
663 5535 882 5596 dicitur.
916 5557 1072 5594 secus
1107 5553 1163 5589 ac
1198 5538 1380 5587 tlrzct-a
1429 5535 1554 5586 Acta
1582 5535 1738 5584 (Zom-

199 5608 350 5661 bclisii
398 5618 450 5661 et
495 5612 614 5663 cod.
654 5610 775 5661 Vat.
810 5611 934 5669 6:22,
993 5613 1045 5661 in
1106 5608 1301 5676 quibus
1358 5606 1491 5657 lalso
1537 5604 1736 5656 dicitur

199 5681 453 5746 prcshytcr
475 5681 631 5735 Arius
654 5683 758 5732 sub
785 5679 963 5729 i’ctro.

261 5755 316 5816 ζτ)
343 5741 554 5803 Addunt
611 5752 701 5802 hic
738 5751 870 5800 Acta
919 5746 1311 5801 Combolisiana
1342 5785 1356 5809 ,
1397 5741 1722 5813 qucmadmo

489 5841 753 5902 Parnon.
801 5841 919 5900 Gn.
970 5839 1194 5898 XVI”.

1844 4562 1998 4599 mans
2038 4561 2132 4598 eos
2168 4545 2220 4597 in
2269 4543 2471 4595 Christi
2524 4543 2750 4594 unitate.
2806 4540 3004 4592 Ilorum
3051 4541 3194 4591 enim
3247 4540 3403 4591 anxia

1843 4637 2152 4693 sollicitudo
2207 4652 2303 4689 cor
2366 4649 2542 4687 meum
2605 4633 2789 4685 sedule
2849 4631 3176 4699 instigabat,
3220 4640 3271 4684 et
3322 4648 3405 4684 me

1843 4733 2122 4801 quiescere
2144 4743 2250 4781 non
2277 4725 2519 4787 sinebat;
2557 4723 2895 4776 solummodo
2921 4723 3088 4774 levius
3109 4738 3190 4774 me
3211 4723 3406 4776 habere

1844 4824 2098 4893 putabam
2157 4817 2374 4889 quando
2407 4831 2499 4869 eos
2551 4830 2797 4883 superna:
2843 4813 3093 4882 potestati
3142 4816 3406 4865 contriuit-

1842 4915 2039 4968 tebam.

1909 5004 2026 5056 Jam
2070 5016 2196 5052 vero
2240 5005 2459 5066 propter
2489 4997 2791 5050 fortunatos
2828 4993 3130 5063 pontiﬁces,
3161 4991 3401 5044 Philemo

1840 5098 1981 5156 dico,
2016 5091 2340 5160 Ilesycliium
2371 5091 2447 5154 (ά)
2484 5097 2643 5155 atque
2668 5086 3034 5144 Theodorum,
3062 5084 3151 5150 qui
3181 5084 3338 5150 digne
3374 5097 3400 5131 a

1839 5249 1962 5301 dum
1995 5247 2079 5298 ille
2119 5244 2211 5295 Dei
2246 5242 2439 5292 Filium
2477 5257 2507 5290 (ι
2537 5250 2752 5306 paterna
2810 5237 2978 5305 gloria
3025 5247 3072 5286 et
3106 5235 3405 5306 substantia

1840 5316 2197 5385 st'qttcstraril.
2231 5311 2384 5366 Male.
2410 5305 2543 5385 quia
2573 5309 2810 5385 nondum
2847 5308 3006 5359 Arius
3038 5319 3188 5385 suam
3223 5305 3405 5385 lucre—

1841 5372 1938 5438 sitii
1963 5394 2152 5453 patric.
2177 5392 2312 5440 crat,
2333 5372 2526 5430 sctl'ob
2559 5380 2793 5453 schisma
2828 5373 3198 5426 tantummodo
3231 5372 3405 5453 bicio-—

1840 5444 2080 5510 tinuum.
2131 5463 2182 5504 ct
2235 5458 2540 5515 suspectam
2598 5448 2787 5516 agendi
2826 5455 3089 5516 rationem
3148 5444 3403 5516 exclusus

1840 5529 2035 5580 fuerat.
2072 5524 2183 5574 lloe
2220 5510 2656 5571 adula'tamcntum'
2686 5532 2751 5568 ne
2791 5516 2923 5567 alter
2966 5513 3181 5580 quidem
3234 5510 3402 5563 codex

1841 5596 1964 5648 Vat.
2003 5595 2105 5646 (3'22
2146 5593 2429 5661 ιιεξιιυςςίῐ.⁸
2473 5656 2480 5661 ⁸
2810 5653 2819 5661 _
2885 5650 2925 5661 __
2969 5657 2977 5661 _
3059 5650 3084 5661 η

1909 5647 1985 5732 (ὠ
2020 5667 2151 5714 Acta
2181 5647 2592 5714 LtLombclisiana
2631 5665 2682 5707 et
2723 5653 2845 5708 cod.
2885 5650 3004 5702 Vat.
3055 5649 3159 5700 6‘22
3203 5647 3406 5701 addunt

1843 5735 2202 5788 Puch-omium.
2226 5765 2238 5783 ι,

3064 5814 3134 5872 15
