4036 6320
617 333 724 387 159

1645 329 1704 385 S.
1748 325 1948 382 PETRI
1991 326 2451 384 ALEXANDRINI
2491 331 2799 389 EPISCOPI

3761 340 3869 394 ‘60

618 455 804 509 divina
833 454 1004 523 gratia
1035 460 1162 506 sunt
1205 453 1404 516 vocati,
1436 467 1599 522 quam
1651 451 1833 521 gravis
1886 467 1971 506 me
2009 451 2198 506 tribu-
2225 454 2269 510 A
2295 453 2622 510 hulationes.
2652 454 2838 526 Neque
2863 457 3006 511 enim
3049 457 3303 514 meliores
3337 475 3528 515 sumus
3577 475 3744 531 quam
3773 477 3870 531 pa-

620 549 753 602 latio
786 547 1091 616 quatiebat!
1128 545 1194 600 lli
1229 548 1396 612 enim,
1427 553 1487 600 ut
1516 545 1616 615 ipsi
1649 544 1829 608 scitis,
1869 544 1943 599 ob
1985 545 2190 600 Christi

623 640 781 693 fidem
804 654 926 693 cum
961 639 1186 708 reliquis
1217 635 1628 694 confessorihus
1672 633 1904 691 diversis
1933 651 2193 691 macera—

618 730 818 784 bantur
845 731 1148 800 suppliciis.
1181 728 1247 783 Et
1289 728 1417 798 quia
1445 728 1497 781 in
1542 727 1637 781 tali
1668 743 1837 798 agone
1867 743 1975 782 non
2011 729 2191 783 solum

616 818 962 882 clericorum,
996 820 1091 875 sed
1124 821 1287 874 etiam
1321 818 1584 872 laieorum
1611 817 1712 886 ipsi
1752 826 1908 872 erant
1943 817 2188 888 signiferi

617 923 672 966 et
711 921 1090 983 praeceptores,
1121 920 1408 980 propterea
1447 910 1600 965 valde
1628 911 1876 974 verebar,
1915 926 1983 965 ne
2014 911 2189 982 longis

618 1005 912 1061 deﬁcerent
966 1003 1336 1065 cruciatibus,
1388 1011 1440 1057 et
1492 1019 1678 1057 eorum
1737 1001 1992 1069 defectio,
2042 1003 2187 1072 quod

615 1097 765 1154 dictu
803 1114 967 1167 grave
998 1104 1104 1158 est,
1155 1094 1404 1163 plurimis
1436 1095 1666 1165 negandi
1702 1092 1841 1150 foret
1876 1093 2189 1148 oﬁ'endicu-

617 1189 726 1241 lum
751 1207 766 1254 ;
792 1195 951 1243 erant
969 1187 1112 1242 enim
1144 1188 1284 1239 ultra
1310 1196 1594 1242 sexcentos
1622 1187 1928 1256 sexaginta.
1952 1186 2186 1254 quicum

618 1279 699 1332 eis
729 1277 1098 1332 carceralibus
1129 1277 1478 1332 arctabantur
1513 1276 1826 1346 ergastulis.
1858 1273 2012 1327 Unde
2068 1287 2186 1326 ma-

613 1385 722 1438 gno
761 1369 948 1423 labore
989 1384 1290 1438 magnoque
1316 1379 1568 1438 satagens
1599 1367 1818 1427 sudore,
1852 1380 1962 1419 non
1989 1378 2187 1418 cessa-

615 1463 738 1515 bam
801 1460 868 1514 de
925 1460 1196 1529 praedictis
1249 1461 1384 1514 locis
1441 1460 1682 1514 scribere
1737 1456 1992 1510 omnibus
2043 1456 2183 1520 illis,

613 1551 909 1607 exhortans
948 1567 1039 1606 eos
1091 1553 1158 1605 ad
1193 1551 1437 1622 martyrii
1472 1549 1706 1619 palmam
1758 1534 2074 1616 magisterio
2106 1544 2188 1598 di-

613 1643 725 1696 vini
755 1641 967 1697 affatus.
1000 1642 1226 1708 Quando
1272 1658 1400 1695 vero
1441 1639 1685 1692 omnium
1715 1652 1903 1692 eorum
1935 1636 2183 1706 magniﬁ-

609 1750 731 1788 cam
763 1735 942 1790 audivi
993 1735 1452 1804 perseverantiam
1487 1741 1541 1784 et
1574 1729 1848 1800 passionis
1886 1729 2180 1800 gloriosum

608 1829 793 1888 ﬁnem.
828 1828 1030 1883 cadens
1058 1827 1114 1880 in
1157 1836 1358 1879 terram
1391 1823 1609 1877 adoravi
1664 1821 1872 1876 Christi
1911 1822 2184 1890 majesta—

607 1927 740 1985 tem,
771 1920 864 1990 qui
905 1933 1000 1973 eos
1029 1918 1172 1972 inter
1219 1916 1462 1986 martyrii
1517 1922 1764 1970 catervas
1823 1929 2183 1969 annumerare

606 2008 862 2076 dignatus
885 2017 983 2060 est.

675 2098 817 2165 Quid
870 2099 1034 2154 etiam
1069 2099 1221 2153 vobis
1264 2098 1331 2152 de
1393 2096 1605 2153 Meletio
1662 2096 2052 2169 Lycopolitano
2103 2098 2179 2168 (a)

605 2191 1070 2244 commemorem?
1110 2190 1202 2258 qui
1255 2197 1492 2258 quantas
1529 2190 1958 2258 persecutiones,
1991 2203 2184 2257 quan—

606 2291 800 2350 tosque
821 2280 974 2335 dolos
993 2281 1126 2334 mihi
1155 2281 1226 2335 sit
1247 2279 1545 2348 jaeulatus,
1571 2294 1670 2333 vos
1696 2278 2012 2332 omnimodo
2039 2277 2181 2334 scire

604 2372 915 2428 nullatenus
949 2372 1186 2441 ambigo.
1240 2370 1384 2424 Proh
1442 2368 1624 2423 nefas!
1683 2369 1934 2423 scindere
1982 2385 2182 2426 sacro—

605 2472 850 2519 sanctam
902 2462 1203 2517 Ecclesiam
1248 2476 1356 2515 non
1407 2461 1621 2520 metuit.
1653 2477 1815 2530 quam
1869 2462 1962 2516 Dei
2007 2462 2178 2517 Filius

603 2557 843 2625 pretioso
885 2553 1148 2622 sanguine
1200 2551 1451 2615 redemit,
1496 2567 1726 2621 eamque
1770 2561 1830 2605 ut
1866 2553 1932 2607 de
1974 2554 2178 2608 diaboli

601 2644 893 2717 tyrannide
917 2643 1194 2706 liberaret,
1235 2642 1472 2696 animam
1525 2658 1728 2713 ponere
1756 2660 1864 2698 non
1904 2645 2175 2698 titubavit.

602 2738 777 2800 Hanc,
814 2743 872 2788 ut
901 2735 1080 2789 dicere
1107 2735 1271 2804 carpi,
1307 2733 1679 2805 nequissimus
1713 2733 1962 2790 Meletius
2016 2736 2179 2790 scin-

601 2832 761 2890 dens,
790 2827 954 2881 etiam
1003 2834 1225 2881 sanctos
1263 2827 1571 2897 episcopos,
1607 2827 1700 2897 qui
1735 2834 1863 2881 ante
1896 2826 2176 2897 paululum

602 2937 698 2991 per
753 2920 1069 2990 martyrium
1129 2919 1299 2974 cmlos
1355 2927 1755 2989 penetrarunt,
1821 2918 1875 2972 in
1936 2917 2175 2973 carceris

601 3014 851 3067 custodia
881 3026 1193 3082 expugnare
1220 3019 1383 3080 atque
1413 3011 1651 3080 afﬂigere
1703 3027 1813 3065 non
1863 3011 2170 3066 desinebat.

2293 555 2406 599 tres
2438 547 2638 601 nostri.
2668 555 2749 601 An
2807 549 3070 619 ignoratis
3097 559 3302 619 quanta
3339 566 3370 603 a
3401 551 3695 620 gentilibus
3739 568 3868 624 per-

2293 651 2487 705 pessus
2527 649 2612 692 est
2645 646 2796 707 pater
2827 654 3012 701 meus,
3046 640 3138 708 qui
3172 655 3260 694 me
3307 641 3551 706 nutrivit,
3583 644 3864 698 sanctissi-

2292 743 2415 782 mus
2446 727 2698 786 Theonas
2737 731 3052 800 episcOpus,
3076 733 3236 800 cujus
3280 731 3643 801 pontiﬁcalem
3677 735 3864 789 cathe-

2289 819 2443 874 dram
2494 836 2682 892 regere.
2713 824 2975 892 suscepi?
3028 822 3072 878 Ο
3115 824 3319 878 utinam
3359 831 3412 879 et
3464 826 3681 881 mores!
3724 825 3864 891 Quid

2287 913 2450 966 etiam
2481 912 2547 967 de
2577 929 2774 984 magno
2808 913 3066 987 Dionysio
3111 916 3352 984 ejusdem
3405 930 3736 985 praecessore
3774 933 3854 972 re-

2290 1001 2504 1057 feram?
2533 1005 2628 1074 qui
2656 1004 2922 1076 profugus
2951 1005 3019 1060 de
3052 1006 3174 1059 loco
3222 1006 3276 1059 in
3326 1007 3502 1060 locum
3537 1007 3741 1062 multas
3773 1021 3863 1060 ea-

2289 1092 2560 1150 lamitates
2613 1097 2681 1150 ab
2728 1097 2922 1152 insano
2964 1098 3226 1152 sustinuit
3277 1096 3557 1153 ελδεῑίἰοῖ
3605 1096 3718 1153 Nec
3768 1114 3865 1154 vos

2286 1192 2604 1254 praeteream
2643 1187 2742 1258 (ι),
2779 1188 3115 1245 sanctissimi
3145 1188 3334 1246 Patres
3367 1205 3432 1243 ac
3478 1190 3678 1244 divinae
3728 1191 3864 1261 legis

2286 1276 2580 1340 antistites,
2638 1276 2850 1333 Heracli
2896 1287 3060 1348 atque
3095 1279 3355 1344 Demetri,
3382 1285 3582 1349 quibus
3622 1279 3866 1345 fabrica.

2286 1375 2372 1422 tor
2406 1370 2648 1439 perversi
2695 1372 2966 1442 dogmatis
3015 1372 3277 1441 Origenes
3327 1371 3654 1426 multifarias
3687 1380 3868 1426 tenta-

2287 1463 2463 1515 tlones
2501 1460 2762 1526 incussit;
2795 1462 2888 1530 qui
2943 1462 3180 1529 conjecit
3213 1463 3268 1516 in
3294 1460 3593 1517 Eeclesiam
3625 1462 3866 1516 detesta-

2285 1547 2393 1602 bile
2417 1547 2679 1610 schisma,
2711 1547 2856 1617 quod
2890 1564 3062 1619 usque
3090 1549 3252 1604 hodie
3281 1550 3568 1604 confundit
3595 1547 3866 1605 eam.Sed

2287 1639 2458 1709 gratia
2493 1637 2609 1701 Dei,
2637 1652 2760 1708 quae
2794 1639 2916 1694 illos
2969 1649 3098 1693 tunc
3130 1641 3482 1710 protegebat,
3514 1641 3682 1696 credo
3713 1643 3863 1696 enim

2285 1731 2432 1800 quod
2454 1738 2507 1784 et
2539 1746 2634 1784 vos
2667 1737 2931 1801 proteget.
2971 1727 3076 1784 Sed
3103 1731 3232 1800 quid
3266 1748 3359 1787 vos
3395 1733 3536 1786 ultra
3581 1733 3862 1796 demoror,

2283 1820 2590 1875 charissimi
2623 1819 2840 1884 fratres,
2877 1820 3071 1890 prolixi
3114 1821 3385 1877 sermonis
3429 1821 3630 1875 aﬁ'atu?
3661 1821 3866 1894 Super-

2283 1921 2448 1968 estut
2479 1912 2668 1965 ultima
2712 1912 2944 1981 apostoli
2998 1912 3244 1966 oratione
3296 1927 3394 1966 vos
3435 1927 3741 1981 prosequar
3790 1915 3866 1966 ita

2284 2006 2557 2076 precantis
2592 2025 2603 2058 :
2640 2013 2695 2060 et
2746 2020 2892 2058 nunc
2943 2003 3267 2059 commendo
3322 2019 3418 2058 vos
3449 2002 3560 2058 Deo
3590 2013 3643 2058 et
3695 2006 3865 2059 verbo

2283 2099 2469 2167 gratiae
2517 2097 2658 2164 ejus,
2693 2099 2786 2165 qui
2839 2105 3031 2165 potens
3075 2103 3160 2150 est
3199 2095 3504 2165 gubernare
3549 2103 3604 2149 et
3656 2111 3756 2149 vos
3811 2105 3867 2150 et

2281 2187 2422 2242 ovile
2451 2201 2632 2242 suum.
2683 2185 2807 2240 llaac
2859 2185 2950 2239 ubi
2997 2186 3145 2239 dicta
3192 2185 3362 2246 dedit,
3400 2175 3593 2254 positis
3625 2185 3864 2255 genibus

2280 2279 2456 2332 oravit
2493 2295 2617 2332 cum
2640 2280 2739 2332 eis.
2774 2277 2994 2344 Expleta
3023 2278 3206 2348 itaque
3233 2279 3510 2342 oratione,
3541 2280 3864 2332 osculantes

2280 2386 2474 2425 manus
2530 2372 2652 2440 ejus
2700 2385 2763 2424 ac
2820 2371 2985 2440 pedes
3029 2371 3268 2426 Achillas
3321 2379 3484 2440 atque
3547 2369 3866 2425 Alexander

2281 2461 2530 2515 conversi
2583 2461 2638 2514 in
2691 2461 2959 2530 laerymas
2993 2461 3236 2532 singultu
3271 2462 3616 2517 amarissimo
3645 2461 3866 2532 quatie-

2280 2551 2500 2614 bantur,
2526 2555 2758 2608 maxime
2790 2554 2919 2623 quia
2946 2554 3230 2608 audierant
3250 2569 3373 2608 eum
3407 2554 3588 2610 dicere
3619 2555 3770 2625 quod
3793 2571 3865 2610 cx

2271 2643 2408 2698 "turne
2453 2647 2804 2714 temporalem
2860 2647 2981 2714 ejus
3039 2647 3206 2699 vitam
3267 2648 3500 2716 amplius
3529 2649 3706 2703 visuri
3746 2663 3863 2703 non

2277 2745 2478 2788 essent.
2514 2734 2722 2788 Dehine
2766 2736 2959 2790 doctor
2989 2736 3342 2791 dulcissimus
3379 2739 3603 2794 veniens
3637 2740 3708 2793 ad
3767 2754 3864 2794 re-

2278 2827 2458 2896 liquos
2503 2827 2851 2890 clericorum,
2907 2826 3022 2896 qui,
3081 2835 3138 2880 ut
3198 2829 3538 2897 praemissum
3591 2837 3703 2889 est,
3757 2845 3865 2901 pro

2276 2918 2405 2972 Ario
2437 2917 2666 2987 ingressi
2698 2915 2933 2980 fuerant,
2970 2916 3185 2971 locutus
3233 2916 3312 2970 eis
3353 2917 3514 2970 verba
3549 2920 3864 2974 novissima

2277 3020 2438 3082 atque
2461 3008 2828 3063 consolatoria
2852 3017 2904 3063 et
2925 3023 3046 3078 quae
3066 3008 3376 3062 necessaria
3405 3016 3599 3072 erant;
3630 3010 3860 3076 deinde.

598 3109 797 3162 Cavete
825 3107 988 3177 igitur
1024 3105 1091 3158 ab
1121 3105 1241 3172 ejus
1273 3101 1510 3158 insidiis.
1558 3103 1672 3174 Ego
1716 3104 1862 3157 enim
1887 3143 1902 3170 ,
1955 3112 2014 3158 ut
2068 3104 2172 3173 ipsi
2199 3144 2242 3202 ϐ
2278 3100 2415 3156 fusis
2445 3099 2511 3154 ad
2546 3099 2712 3156 Deum
2765 3101 3020 3171 precibus
3060 3101 3179 3155 vale
3209 3100 3416 3158 faciens
3472 3102 3604 3166 illis,
3639 3102 3862 3159 dimisit

598 3200 816 3262 videtis,
849 3198 1103 3265 alligatus
1137 3195 1324 3248 divina
1367 3194 1635 3248 charitate
1685 3194 2023 3264 proﬁciscor,
2060 3209 2172 3248 vo-

598 3293 864 3346 luntatem
923 3287 1018 3342 Dei
1081 3286 1338 3342 omnibus
1393 3295 1751 3357 anteponens.
1803 3283 1930 3340 Scio
1978 3301 2172 3354 nempe

594 3383 724 3453 quia
754 3379 956 3434 tribuni
979 3379 1044 3432 de
1071 3394 1190 3434 mea
1219 3394 1351 3434 nece
1373 3379 1709 3448 trepidantes
1739 3378 2049 3442 mussitant,
2074 3377 2168 3431 sed

594 3476 803 3529 nullum
832 3489 900 3527 ex
940 3473 1044 3527 hoc
1085 3472 1165 3526 eis
1200 3487 1506 3526 sermonem
1539 3472 1790 3536 inferam,
1818 3485 1992 3540 neque
2021 3472 2168 3525 enim

590 3565 832 3618 animam
865 3578 1038 3617 meam
1069 3563 1444 3633 pretiosiorem
1488 3578 1575 3617 me
1622 3562 1742 3631 ipso
1769 3560 1986 3615 faciam.
2023 3560 2167 3628 Quin

592 3658 704 3711 imo
731 3665 953 3726 paratus
981 3669 1100 3709 sum
1140 3654 1404 3723 perﬁcere
1429 3668 1652 3707 cursum
1696 3669 1858 3720 quem
1905 3653 2035 3706 mihi
2065 3653 2168 3706 Do-

591 3751 773 3803 minus
803 3763 957 3802 meus
986 3743 1145 3799 Jesus
1187 3743 1440 3799 Christus
1487 3745 1730 3813 polliceri
1772 3743 2030 3813 dignatus
2059 3754 2162 3805 est.

593 3849 653 3894 et
673 3838 1041 3894 ministerium
1065 3835 1211 3905 quod
1246 3835 1316 3890 ab
1345 3836 1466 3906 ipso
1496 3835 1701 3906 accepi,
1733 3835 1782 3891 ei
1817 3834 2048 3890 ﬁdeliter
2073 3849 2163 3889 as-

588 3935 830 4003 signare.
858 3929 1025 3984 Orate
1051 3944 1149 3999 pro
1178 3942 1286 3994 me,
1324 3927 1562 3996 fratres;
1596 3929 1825 3984 ulterius
1855 3943 1940 3982 me
1977 3929 2032 3982 in
2062 3928 2164 3982 hac

589 4025 700 4079 vita
725 4024 1008 4078 vobiscum
1040 4021 1222 4076 vivere
1247 4022 1358 4091 jam
1384 4037 1494 4077 non
1524 4022 1800 4077 videbitis.
1820 4020 2163 4091 Quapmpter

588 4115 854 4171 testiﬁcor
879 4129 1063 4169 coram
1099 4112 1211 4168 Deo
1254 4122 1309 4169 et
1348 4123 1532 4169 vestra
1591 4114 1967 4177 fraternitate,
2015 4111 2161 4182 quod

587 4209 844 4264 omnibus
878 4208 1034 4262 vobis
1073 4205 1332 4260 mundam
1363 4207 1573 4261 servavi
1605 4207 2014 4261 conscientiam.
2040 4203 2160 4258 Non

585 4303 730 4355 enim
758 4298 1060 4370 subterfugi
1080 4299 1404 4353 anuuntiare
1416 4299 1571 4355 vobis
1590 4315 1710 4369 qua:
1728 4299 1858 4352 mihi
1877 4314 1906 4351 a
1932 4297 2160 4354 Domino

586 4397 715 4445 sunt
762 4389 1026 4460 injuncta,
1059 4397 1113 4443 et
1162 4403 1284 4458 quae
1322 4389 1580 4458 deinceps
1633 4389 1945 4444 necessaria
1998 4399 2157 4444 erunt

584 4481 822 4551 pandere
848 4481 1072 4534 minime
1095 4481 1363 4534 recusavi.

653 4573 925 4638 Quocirca
979 4571 1240 4626 attendite
1279 4571 1436 4627 vobis
1492 4581 1545 4624 et
1575 4569 1831 4625 universo
1878 4574 2050 4642 gregi,
2101 4573 2156 4625 in

580 4681 691 4732 quo
718 4680 817 4722 vos
847 4663 1085 4734 Spiritus
1117 4673 1339 4719 sanctus
1369 4664 1610 4719 seriatim
1640 4663 1926 4734 episcopos
1949 4666 2151 4735 posuit.

581 4753 658 4809 Te
705 4755 925 4825 quidem
972 4753 1238 4808 Achillam
1285 4757 1543 4824 primum.
1607 4753 1973 4809 Alexandrum
2023 4771 2154 4808 vero

581 4848 904 4902 secundum.
940 4846 1018 4900 En
1065 4846 1220 4900 vobis
1251 4847 1374 4900 viva
1407 4863 1538 4902 voce
1565 4853 1856 4916 protestor,
1892 4847 2152 4916 quoniam

578 4946 702 5006 post
741 4953 921 4992 meum
955 4938 1244 4992 transitum
1289 4937 1572 5008 insurgent
1602 4937 1822 5007 quidam
1855 4937 1920 4992 de
1960 4937 2150 4991 Eccle-

579 5029 660 5084 sia
697 5030 980 5099 loquentes
1019 5044 1296 5100 perversa,
1320 5045 1622 5100 rursusque
1651 5029 1896 5083 divident
1924 5046 2065 5093 eam,
2093 5037 2152 5081 ut

577 5119 847 5189 Meletius,
879 5122 1160 5175 trahentes
1195 5122 1452 5190 populum
1510 5130 1631 5192 post
1662 5137 1816 5176 suam
1848 5124 2146 5177 vesaniam.

580 5212 714 5265 Ecce
744 5211 968 5279 praedixi
998 5211 1171 5265 vobis.
1209 5209 1336 5271 Sed,
1371 5210 1634 5279 deprecor
1662 5226 1757 5264 vos
1784 5252 1797 5273 ,
1855 5227 1888 5263 o
1937 5213 2148 5264 viscera

579 5317 720 5367 mea,
753 5302 966 5371 vigilate
1000 5319 1010 5354 :
1041 5308 1253 5369 oportet
1278 5303 1422 5355 enim
1450 5318 1542 5356 vos
1583 5303 1781 5356 multas
1819 5303 2001 5356 subire
2035 5303 2150 5354 tri-

645 5476 723 5547 (α)
749 5474 961 5548 Optime
991 5487 1203 5544 noster;
1237 5487 1355 5534 erat
1407 5482 1553 5535 enim
1595 5478 1838 5532 Meletius
1890 5479 2146 5548 Lycope—

573 5548 690 5601 leos
719 5548 771 5599 in
802 5546 1076 5618 Thebaide
1112 5552 1422 5618 cpiscopus.
1469 5549 1710 5603 Pessime
1741 5553 1874 5600 Acta
1901 5546 2145 5603 COII'IDC-

575 5618 766 5671 lisiana
819 5618 873 5669 in
907 5616 1196 5687 Lycaonia.
1233 5616 1353 5674 .lain
1397 5635 1483 5676 res
1516 5619 1709 5672 Meletii
1746 5621 1849 5671 late
1889 5621 2141 5673 seribun-

571 5694 662 5738 tur
698 5701 724 5736 a
754 5689 953 5754 priscis
1007 5689 1282 5745 historicis
1313 5700 1366 5746 et
1416 5707 1444 5743 a
1477 5689 1708 5744 Baronio
1757 5688 1820 5742 ad
1854 5703 1980 5744 ann.
2016 5691 2139 5756 306,

571 5771 626 5810 ιι.
661 5756 730 5810 d5
760 5773 911 5826 seqq.

2273 3209 2464 3248 omnes
2503 3194 2555 3247 in
2587 3209 2738 3262 pace.

2343 3283 2438 3338 His
2483 3285 2554 3337 ita
2587 3286 2845 3354 peractis,
2883 3287 3042 3358 longe
3094 3287 3309 3356 lateque
3342 3287 3540 3357 ubique
3569 3289 3863 3359 vulgatum

2271 3385 2354 3430 est
2386 3377 2528 3446 quod
2582 3377 2746 3431 Arius
2796 3394 2826 3432 a
2874 3381 3140 3434 catholica
3177 3381 3385 3434 unitate
3419 3381 3622 3450 absque
3654 3381 3862 3437 deitieo

2273 3478 2403 3520 nutu
2426 3483 2533 3520 non
2559 3469 2630 3522 sit
2656 3469 2928 3524 abscisus.
2963 3468 3056 3524 Ille
3100 3479 3280 3525 autem
3308 3469 3527 3525 fallendi
3562 3471 3766 3527 artifex
3801 3482 3862 3527 et

2269 3561 2438 3614 totius
2479 3560 2734 3628 nequitia:
2766 3561 3088 3625 seminator,
3130 3562 3183 3616 in
3219 3564 3302 3617 sui
3335 3563 3572 3632 pectoris
3603 3564 3862 3635 labyrin-

2267 3648 2362 3704 tho
2396 3650 2673 3718 vipereum
2703 3652 2852 3706 virus
2882 3652 3162 3706 occultare
3196 3667 3307 3706 non
3361 3651 3673 3715 desinebat,
3723 3669 3859 3722 spe-

2267 3754 2397 3794 rans
2423 3758 2481 3798 so
2506 3743 2576 3796 ab
2603 3743 2814 3796 Achilla
2845 3744 2928 3798 vel
2983 3743 3293 3798 Alexandro
3327 3744 3687 3797 reconciliari.
3749 3745 3857 3800 Hic

2266 3843 2350 3888 est
2381 3835 2470 3888 ille
2501 3835 2664 3889 Arius
2690 3836 3100 3900 haresiarches,
3127 3836 3615 3891 consubstantialis
3658 3846 3716 3892 et
3769 3841 3859 3893 in-

2265 3925 2497 3979 dividua:
2529 3925 2814 3982 Trinitatis
2849 3927 3076 3981 divisor.
3132 3925 3231 3979 Hic
3279 3935 3362 3980 est
3396 3929 3486 3995 qui
3541 3944 3636 3984 ore
3673 3938 3858 3987 teme-

2266 4016 2412 4069 rario
2436 4014 2724 4070 Dominum
2765 4016 3101 4071 Salvatorem
3136 4033 3301 4085 super
3326 4035 3517 4075 omnes
3556 4021 3857 4081 haereticos

2265 4109 2641 4177 blaspliemare
2673 4123 2782 4162 non
2823 4111 3038 4174 metuit,
3072 4107 3358 4165 Dominum
3382 4153 3396 4176 ,
3443 4113 3686 4184 inquam,
3725 4118 3856 4172 Sal-

2263 4207 2524 4262 vatorem,
2574 4201 2665 4269 qui
2719 4201 2985 4255 humanos
3045 4202 3334 4260 miseratus
3383 4221 3618 4272 errores,
3651 4212 3853 4264 morti-

2264 4289 2392 4343 ferae
2441 4289 2808 4346 damnationis
2859 4291 3084 4345 interitu
3115 4295 3414 4350 condolens
3444 4297 3620 4364 perire
3667 4312 3852 4354 sarcu-

2263 4382 2394 4445 lum,
2426 4398 2524 4451 pro
2573 4385 2826 4438 omnibus
2873 4383 3029 4439 nobis
3084 4400 3249 4442 carne
3300 4391 3411 4457 pati
3442 4388 3699 4457 dignatus
3730 4399 3844 4448 est.

2189 4478 2234 4532 D
2264 4473 2447 4544 Neque
2475 4477 2619 4530 enim
2646 4476 2902 4531 divinitas
2923 4518 2937 4541 ,
2975 4492 3092 4546 quae
3136 4479 3322 4548 utique
3353 4479 3705 4548 impassihilis
3732 4491 3846 4544 est,

2265 4568 2573 4635 passionem
2635 4569 2933 4623 incurrisse
3003 4569 3274 4623 credenda
3339 4577 3445 4622 est.
3522 4566 3628 4622 Sed
3706 4574 3848 4640 quia

2262 4659 2496 4729 theologi
2547 4658 2736 4715 Patres
2798 4661 3108 4728 hujusmodi
3153 4659 3518 4728 blasphemias
3565 4675 3595 4712 a
3629 4662 3846 4716 catho—

2262 4750 2382 4804 licis
2420 4752 2645 4806 auribus
2680 4731 2910 4805 meliorf
2944 4753 3085 4822 stylo
3123 4751 3311 4820 proeul
3350 4766 3602 4808 amovere
3655 4770 3844 4809 cura-

2262 4849 2416 4906 runt,
2457 4850 2510 4896 et
2549 4842 2706 4896 nobis
2744 4842 2890 4896 aliud
2932 4843 3208 4906 imminet,
3253 4843 3541 4901 redeamus
3581 4847 3646 4900 ad
3687 4863 3844 4917 pro—

2261 4933 2513 5001 positum.

2331 5022 2728 5092 Sagacissimus
2800 5023 2962 5091 igitur
3033 5021 3315 5089 pontifex,
3389 5026 3841 5085 animadvertens

2257 5117 2691 5170 cruentissimam
2722 5116 3066 5169 tribunorum
3105 5119 3403 5186 stropham,
3441 5119 3584 5187 quod
3608 5120 3678 5173 ob
3705 5123 3839 5188 ejus

2257 5207 2674 5275 perpetrandam
2731 5220 2957 5265 necem,
3000 5221 3214 5259 onmem
3250 5207 3685 5263 Christianorum
3732 5214 3836 5281 qui

2255 5307 2385 5351 tunc
2434 5300 2659 5353 aderant
2716 5299 3120 5352 multitudinem
3157 5301 3336 5370 gladio
3369 5301 3680 5355 interimere
3719 5303 3836 5359 vel-

2326 5479 2658 5551 (blRursusi
2703 5488 2848 5534 recte
2893 5489 3079 5536 noster
3133 5481 3263 5534 vitat
3313 5497 3552 5535 errorem
3599 5482 3832 5551 biogra-

2253 5553 2342 5620 phi
2404 5550 2576 5603 Graeci
2629 5550 3053 5620 conmefisiani,
3094 5553 3203 5620 iqui
3267 5551 3574 5605 lleraclium
3623 5550 3834 5606 aebo-

2251 5623 2502 5744 Htetriuni
2527 5629 2648 5689 post
2678 5619 2970 5675 Sabellium
2999 5635 3060 5673 ae
3091 5619 3400 5692 Dionysium
3423 5621 3592 5677 fuisse
3621 5624 3832 5678 diserte

2291 5699 2403 5744 lett.
