4036 6320
119 322 190 377 ιει

1406 311 1587 371 ACTA
1629 311 1943 370 SINCERA.

3212 318 3320 376 ισς

114 442 398 506 leut,nolnit
427 459 523 500 eos
550 445 763 515 pariter
809 459 995 500 secum
1035 444 1220 500 subire
1255 441 1448 496 mortis
1493 454 1641 497 acer-
1667 443 1715 500 Α
1741 440 1861 508 ejus
1911 439 2174 495 liberator
2222 441 2464 494 omnium
2514 439 2767 495 Christus
2817 440 3000 511 elogit,
3057 438 3155 496 tibi
3193 439 3319 500 fidei

109 535 452 603 bitatem;sed
486 535 664 592 fidelis
699 552 891 592 servus
933 535 1153 590 imitans
1200 533 1488 588 Dominum
1527 529 1640 584 Sal-

110 636 334 691 ratorem,
357 631 446 698 qui
477 628 619 682 dixit
651 638 706 684 et
739 629 902 692 fecit,
959 626 1151 681 Pastor
1196 623 1360 678 bonus
1404 623 1639 676 animum

104 735 230 772 suam
259 719 396 784 ponit
431 730 530 786 pro
556 721 737 774 ovibus
775 719 922 782 suis,
965 733 1032 772 ex
1057 718 1276 786 pietatis
1315 723 1637 785 argumento

106 815 286 861 vocavit
312 823 480 864 unum
512 811 784 865 seniorem
815 824 878 862 ex
907 807 992 862 his
1032 806 1124 877 qui
1158 805 1360 860 ibidem
1409 820 1639 874 respon-v

105 899 163 951 iis
191 898 299 967 ejus
327 900 685 962 inhaerebant,
719 907 772 954 et
800 899 938 952 dixit
963 899 1014 952 ei
1047 917 1062 952 :
1096 897 1244 956 Vade
1287 898 1355 952 ad
1384 898 1637 951 tribunos

102 989 178 1058 qui
216 1004 295 1043 me
330 991 638 1046 interﬁcere
665 997 938 1062 quarunt,
969 999 1024 1043 et
1078 989 1245 1043 dicito
1291 989 1371 1043 eis
1404 1007 1417 1042 :
1447 987 1640 1042 Cesset

102 1081 250 1133 omnis
278 1081 546 1140 anxietas,
577 1095 703 1136 ecce
730 1087 1016 1151 promptus
1039 1096 1159 1135 sum
1193 1082 1498 1134 ultroneum
1553 1093 1639 1132 me

104 1172 184 1225 illis
212 1171 466 1240 ingerere.
524 1169 636 1223 liae
667 1171 867 1224 etenim
899 1179 1059 1226 nocte
1106 1170 1326 1224 veniant
1365 1177 1488 1238 post
1523 1175 1636 1222 tero

99 1275 198 1325 μιιιιι
252 1262 439 1316 domus
497 1263 738 1317 carceris
788 1263 974 1331 hujus,
1005 1271 1061 1318 et
1115 1264 1168 1316 in
1201 1277 1310 1332 quo
1362 1263 1486 1317 loco
1542 1275 1639 1314 au-

101 1353 266 1408 dierint
296 1357 514 1423 signum
543 1355 597 1408 in
631 1355 833 1424 pariete
862 1355 933 1410 ab
966 1355 1115 1409 intus
1136 1353 1363 1416 factum,
1399 1353 1470 1407 ibi
1510 1352 1642 1408 effo-

100 1449 277 1503 dientes
301 1449 582 1518 excipiant
617 1464 736 1512 me,
783 1449 1176 1520 perficiantque
1221 1447 1368 1518 quod
1416 1446 1521 1503 sibi
1555 1452 1640 1501 est

101 1538 404 1606 imperatum.
437 1535 640 1591 Senior
667 1551 820 1603 vero,
855 1538 1245 1607 obtemperans
1291 1535 1641 1607 jussionibus

102 1628 396 1685 sanctissimi
427 1629 538 1684 viri
585 1629 784 1701 (neque
812 1630 956 1686 enim
991 1636 1144 1685 tanto
1182 1630 1330 1684 Patri
1364 1627 1640 1684 contradi-

100 1734 200 1774 cere
224 1721 470 1794 poterat),
510 1721 643 1776 abiit
701 1722 768 1776 ad
819 1722 1071 1779 tribunos
1127 1731 1183 1778 et
1235 1721 1511 1776 intimavit
1559 1721 1640 1775 eis

1748 531 2076 600 praconinm
2103 547 2200 602 per
2221 539 2388 587 totam
2421 530 2712 604 Egyptnm
2739 540 2794 588 et
2823 534 3029 589 circum
3055 535 3321 595 terminos

1746 623 1866 693 ejus
1900 624 2159 680 insonare
2189 625 2485 680 commisit.
2521 623 2625 687 Tu,
2678 625 2920 696 inquam,
2952 629 3318 686 ministerium

1746 715 1998 773 humana
2035 717 2252 779 salutis,
2303 717 2451 788 quod
2500 718 2598 774 tibi
2634 718 2896 773 creditum
2947 718 3143 782 fuerat,
3182 721 3323 793 vigi-

1745 809 1923 863 lanter
1952 810 2214 879 explesti;
2274 809 2437 877 hujus
2489 809 2746 863 nimirum
2779 809 2981 864 laboris
3010 811 3318 867 mercedem

1746 899 1993 970 martyrii
2047 901 2284 969 palmam
2336 899 2619 968 percipere
2680 900 2943 953 meruisti.
2993 897 3150 953 Unde
3205 917 3318 956 non

1748 990 2021 1044 immerito
2048 989 2245 1059 dignus
2276 1005 2336 1044 es
2363 989 2695 1059 evangelista
2728 988 2890 1044 simul
2927 996 2981 1043 et
3023 989 3319 1060 episcopus

1745 1084 2050 1152 pradicari.
2081 1082 2183 1136 Tui
2228 1097 2423 1151 nempe
2477 1097 2764 1138 successor
2821 1081 2923 1136 fuit
2954 1081 3232 1147 Anianus,
3263 1091 3319 1138 et

1746 1174 1942 1243 reliqui
1976 1173 2054 1244 (α)
2090 1188 2187 1243 per
2223 1173 2540 1227 succiduam
2579 1173 2774 1227 seriem
2816 1187 2989 1242 usque
3018 1172 3084 1226 ad
3114 1172 3321 1228 beatis-

1747 1267 1945 1320 simum
1973 1263 2252 1319 Theonam
2288 1263 2381 1333 qui
2409 1279 2541 1318 mea
2581 1262 2824 1318 infantia
2853 1264 3111 1334 colaphos
3163 1262 3317 1328 dare.

1746 1369 1799 1414 et
1832 1375 2005 1414 meam
2034 1359 2267 1413 indolem
2298 1359 2509 1414 nutrire
2539 1357 2794 1427 dignatus
2853 1365 2956 1413 est.
3008 1356 3108 1412 Cui
3153 1357 3318 1411 etiam

1746 1467 1847 1521 ego
1877 1460 2132 1521 peccator
2163 1458 2217 1502 et
2244 1449 2500 1518 indignus
2535 1449 2674 1503 ultra
2705 1448 2956 1504 meritum
2977 1448 3319 1502 itareditario

1748 1543 1916 1614 gradu
1950 1557 2241 1598 successor
2265 1541 2491 1596 effectus
2528 1557 2669 1595 sum.
2705 1540 2771 1595 Et
2803 1540 2949 1610 quod
2975 1539 3318 1610 potissimum

1746 1641 1850 1700 est,
1897 1649 2025 1688 ecce
2072 1634 2364 1689 Dominica
2415 1633 2631 1703 pietatis
2672 1632 2888 1704 largitio
2936 1648 3022 1686 me
3068 1633 3320 1704 pretiosa

1747 1727 1929 1781 crucis
1960 1741 2023 1781 ac
2055 1726 2260 1781 festiva
2289 1726 2562 1782 anastasis
2614 1734 2906 1796 martyrem
2941 1725 3072 1812 ﬁeri.
3113 1725 3320 1780 condo-

100 1813 218 1883 quod
254 1813 352 1868 sibi
398 1813 581 1869 fuerat
625 1815 955 1884 iniunctum.
1009 1814 1166 1881 Quod
1230 1813 1308 1868 illi
1359 1813 1643 1868 audientes
1675 1808 1716 1862 Β
1746 1820 1915 1883 navit,
1945 1819 2194 1873 tribuens
2228 1834 2360 1872 mea
2393 1818 2666 1873 devotioni
2693 1835 2805 1874 sua
2828 1808 3098 1888 passionis
3117 1819 3320 1887 jucun-

100 1904 226 1960 valde
269 1906 434 1976 gavisi
489 1916 657 1971 sunt,
715 1917 768 1963 et
825 1918 1168 1963 assumentes
1210 1908 1442 1962 latomos
1491 1906 1638 1959 circa

102 1998 245 2051 noctis
286 1997 444 2066 hujus
471 2000 802 2053 matutinum
835 2009 1050 2070 tempus
1085 2005 1353 2053 venerunt
1381 1998 1500 2052 sine
1533 1998 1638 2050 mi-

103 2090 253 2145 litibus
287 2090 350 2145 ad
387 2091 572 2145 locum
610 2093 702 2162 qui
735 2092 840 2146 sibi
872 2091 1048 2146 fuerat
1089 2097 1366 2146 ostensus.
1405 2088 1502 2142 Vir
1540 2103 1640 2142 au-

105 2193 186 2235 lem
236 2179 442 2236 Domini
501 2183 633 2252 vigil
691 2184 746 2237 in
813 2185 1065 2238 oratione
1105 2189 1159 2236 et
1209 2181 1412 2251 vigiliis
1464 2188 1637 2236 totam

104 2283 278 2328 noctem
309 2273 618 2329 insomnem
650 2273 906 2329 duxerat.
937 2273 1005 2326 At
1034 2273 1128 2328 ubi
1158 2289 1347 2329 eorum
1385 2272 1639 2342 cognovit

103 2366 368 2428 adventum,
403 2367 625 2420 cunctis
655 2365 748 2436 qui
780 2382 967 2420 secum
997 2367 1222 2420 aderant
1255 2381 1452 2435 sopore
1484 2365 1640 2434 quie-

103 2457 358 2521 scentibus,
385 2459 532 2513 lento
564 2456 735 2528 gradu
786 2458 1068 2527 ingressus
1107 2464 1191 2512 est
1238 2459 1290 2510 in
1324 2456 1638 2511 interiorem

103 2548 300 2603 carceris
345 2558 580 2618 partem.
630 2555 681 2602 et
714 2547 870 2617 juxta
922 2548 1230 2603 condictam
1286 2549 1637 2619 sponsionem

101 2651 260 2692 sonum
315 2640 548 2695 faciebat
601 2645 652 2693 in
710 2641 948 2708 pariete;
997 2656 1160 2711 quem
1205 2641 1283 2694 illi
1332 2639 1638 2695 forinsecus

103 2732 379 2798 audientes,
454 2735 602 2790 facto
669 2734 936 2789 foramine
1003 2744 1367 2804 susceperunt
1433 2733 1636 2788 Christi

104 2824 318 2879 athletam
374 2843 484 2882 non
517 2841 659 2881 area
692 2825 899 2888 lorica,
949 2826 1042 2880 sed
1093 2827 1298 2880 virtute
1343 2823 1639 2880 Bominica

104 2918 249 2973 crucis
274 2919 506 2989 undique
539 2923 810 2975 munitum
833 2964 847 2986 ,
884 2927 1243 2989 paratumque
1293 2917 1517 2987 implere
1551 2916 1605 2968 di

104 3008 248 3061 riuum
279 3026 580 3066 sermonem
617 3014 709 3083 qui
755 3013 887 3066 dicit
921 3031 935 3066 :
973 3009 1155 3064 Nolite
1200 3011 1382 3063 timere
1431 3025 1518 3062 eos
1548 3009 1639 3078 qui

103 3118 253 3169 corpus
289 3104 548 3169 occidunt,
611 3107 844 3159 animam
893 3115 1068 3158 autem
1109 3120 1210 3157 non
1253 3111 1471 3170 possunt
1497 3103 1636 3155 occi-

103 3196 230 3258 dere;
252 3198 332 3250 sed
356 3202 531 3266 potius
563 3217 684 3253 eum
726 3201 903 3252 timete
934 3200 1023 3267 qui
1050 3207 1218 3265 potest
1246 3205 1295 3249 et
1326 3196 1560 3248 animum
1586 3204 1634 3248 et

110 3301 252 3357 toruus
280 3291 486 3359 perdere
520 3292 576 3343 in
609 3291 916 3360 gehennam.
946 3289 1079 3342 Mira
1116 3289 1235 3341 res!
1264 3285 1395 3340 Tam
1425 3287 1635 3342 validus

107 3378 314 3433 imbrium
343 3383 502 3438 turbo
528 3382 955 3450 collisionesque
985 3390 1274 3434 ventorum
1331 3380 1384 3432 in
1440 3380 1631 3433 eadem

107 3479 337 3543 strepuere
383 3482 570 3538 nocte,
606 3485 666 3526 ut
709 3488 867 3526 nemo
899 3487 1086 3526 eorum
1133 3471 1226 3539 qui
1269 3471 1635 3525 observabant

106 3567 296 3620 carceris
343 3567 516 3630 fores,
578 3573 764 3634 posset
812 3564 1000 3618 audire
1058 3561 1346 3618 effodiendi
1413 3579 1630 3618 sonum.

106 3655 540 3716 Constantissimus
588 3667 767 3713 autem
819 3666 1022 3728 martyr
1052 3659 1279 3728 urgebat
1333 3657 1634 3712 homicidas

106 3749 236 3804 illos:
273 3752 469 3815 Facite,
527 3753 806 3822 inquiens,
843 3750 989 3820 quod
1041 3748 1240 3802 facturi
1291 3750 1445 3811 estis,
1481 3749 1632 3818 prius

102 3859 228 3912 quam
253 3847 345 3903 hoc
374 3849 618 3904 sentiant
643 3847 734 3918 qui
759 3863 842 3900 me
869 3845 1274 3900 custodiebant.

154 3940 209 3990 At
236 3940 302 3992 illi
326 3942 583 3995 tollentes
613 3957 738 3996 eum
777 3939 1051 3993 duxerunt
1086 3938 1139 3990 in
1184 3939 1363 3993 locum
1395 3940 1488 4008 qui
1544 3940 1630 3994 di-

103 4026 212 4082 citur
237 4028 477 4096 Bucolia,
513 4032 609 4085 ubi
665 4039 720 4084 et
776 4037 1000 4084 sanctus
1055 4027 1273 4083 hlarcus
1306 4031 1630 4100 martyrium

101 4133 174 4187 pro
202 4119 397 4176 Christo
430 4124 699 4194 suscepit.
727 4122 1005 4193 Stupenda
1045 4129 1362 4175 sanctorum
1413 4121 1624 4176 virtus!

100 4207 205 4265 Cum
244 4229 356 4267 eum
389 4215 678 4278 ducerent,
730 4224 784 4270 et
828 4223 1033 4269 tantam
1066 4212 1212 4266 illius
1263 4213 1626 4266 constantiam

100 4304 209 4358 circa
246 4306 487 4362 funereos
516 4324 683 4362 casus
706 4316 1026 4377 tantumque
1062 4305 1227 4358 animi
1252 4304 1420 4357 robur
1452 4304 1629 4374 inspi-

100 4407 277 4462 cercut,
324 4401 500 4456 subito
534 4401 798 4454 horridus
830 4416 996 4471 pavor
1032 4398 1365 4465 timidusque
1424 4407 1628 4450 trenmr

1663 3149 1704 3204 C

1741 1908 1868 1960 dum
1892 1907 2136 1968 odorem,
2180 1916 2238 1960 nt
2267 1917 2320 1961 et
2355 1924 2457 1974 ego
2491 1909 2724 1962 hostiam
2759 1910 2862 1962 mei
2897 1909 3110 1964 cruoris
3149 1910 3320 1964 libare

1742 1998 1818 2051 illi
1866 1999 2061 2070 dignus
2109 1999 2330 2054 eﬂiciar.
2381 1999 2446 2051 Et
2499 1999 2626 2068 quia
2675 2000 2987 2054 istiusmodi
3039 2002 3318 2056 libationis

1740 2099 1895 2160 urget
1926 2091 2212 2153 articulus,
2247 2106 2342 2144 ora
2398 2105 2496 2159 pro
2547 2106 2633 2145 me
2667 2098 2760 2153 ut,
2794 2091 2977 2144 divina
3017 2093 3318 2162 Opitulanle

1739 2182 1964 2245 virtute,
1986 2181 2219 2236 stadium
2256 2181 2416 2249 hujus
2446 2181 2636 2250 agonis
2667 2179 2831 2234 corde
2863 2180 3091 2236 robusto
3125 2195 3188 2235 ac
3213 2182 3318 2236 fide

1740 2273 2150 2344 promptissima
2186 2271 2448 2342 perficere
2493 2286 2722 2325 merear.
2778 2270 3119 2324 Commendo
3151 2273 3315 2325 etiam

1741 2376 1845 2418 tua
1872 2365 2125 2434 gloriosa
2177 2364 2490 2433 paternitati
2517 2362 2904 2417 Christicolum
2938 2378 3187 2432 gregem,
3221 2364 3315 2432 qui

1741 2459 1874 2512 mihi
1927 2457 2188 2528 pastorali
2231 2457 2496 2527 regimine
2531 2455 2857 2510 commissus
2898 2463 3018 2522 est;
3055 2457 3177 2518 tibi,
3233 2457 3318 2509 in-

1741 2563 1928 2620 quam,
1968 2567 2092 2605 cum
2143 2549 2466 2620 suppliciter
2515 2549 2865 2614 commendo,
2919 2549 3013 2619 qui
3071 2550 3314 2603 omnium

1741 2643 2162 2713 praecedentium
2211 2660 2274 2698 ac
2313 2644 2762 2712 subsequentium
2797 2643 2852 2696 in
2883 2642 2986 2697 hoc
3018 2643 3315 2712 pontificali

1744 2737 1940 2792 throno
1974 2744 2168 2791 auctor
2207 2744 2370 2804 atque
2416 2743 2564 2789 tutor
2615 2749 2738 2789 esse
2789 2734 3071 2803 probaris,
3113 2740 3317 2804 quique

1743 2828 1904 2897 hujus
1948 2829 2240 2898 primatum
2275 2827 2502 2893 habens,
2558 2842 2665 2880 non
2717 2825 2976 2890 hominis,
3012 2825 3105 2880 sed
3137 2825 3229 2880 Dei
3263 2833 3320 2881 εις

1740 2919 1980 2976 hominis
2002 2919 2132 2976 Jesn
2158 2920 2383 2982 Christi,
2404 2933 2695 2974 successor
2722 2918 2963 2973 exsistis.
2989 2916 3055 2970 Et
3083 2917 3196 2971 hac
3231 2916 3319 2969 di-

1740 3028 1891 3076 cens,
1932 3012 2078 3066 haud
2110 3013 2267 3082 longe
2312 3027 2343 3065 a
2392 3027 2549 3066 sacro
2584 3011 2793 3064 tumulo
2823 3011 3046 3065 remotis
3073 3012 3314 3080 vestigiis

1740 3105 2104 3174 manibusque
2135 3105 2189 3157 in
2222 3104 2419 3158 calum
2451 3104 2714 3165 extensis,
2742 3118 2872 3157 voce
2904 3117 3098 3173 magna
3131 3118 3318 3173 preca-

1737 3202 1827 3249 tus
1862 3216 1874 3249 :
1914 3195 2221 3266 Unigenite,
2250 3197 2448 3265 inquit,
2478 3194 2713 3248 Verbum
2746 3195 2932 3249 aterni
2973 3194 3154 3250 Patris
3187 3193 3316 3251 Jesn

1737 3285 1976 3350 Christe,
1991 3289 2188 3342 exaudi
2209 3305 2294 3342 me
2310 3297 2458 3341 tuam
2481 3288 2914 3357 interpellantem
2935 3287 3312 3354 clementiam;

1737 3381 1984 3448 pacifica,
2034 3393 2240 3448 quaso,
2295 3387 2674 3448 tempestatem
2726 3378 2985 3435 Ecclesia
3019 3391 3143 3443 tua,
3179 3379 3318 3434 etin-

1737 3473 1891 3526 sione
1920 3473 2203 3541 sanguinis
2233 3471 2338 3525 mei
2371 3472 2512 3526 servi
2554 3472 2633 3524 tui
2679 3472 2948 3526 conclude
2979 3471 3317 3540 persecutio-

1735 3579 1857 3618 nem
1899 3563 2084 3633 populi
2135 3563 2236 3616 tui.
2271 3559 2427 3616 Tunc
2479 3563 2726 3632 quadam
2769 3563 2922 3631 virgo
2965 3561 3078 3616 Deo
3107 3563 3310 3627 dicata,

1733 3672 1854 3726 qua
1925 3656 2307 3712 asceleriolum
2362 3655 2527 3725 hujus
2595 3656 2942 3726 evangelista
2997 3657 3313 3713 camelerio

1734 3751 2135 3804 conterminum
2172 3748 2428 3811 habebat,
2473 3756 2802 3820 pernoctans
2835 3749 2889 3801 in
2935 3749 3182 3803 oratione
3207 3764 3309 3802 au-

1733 3844 1869 3896 divit
1922 3859 2108 3898 vocem
2164 3843 2231 3898 de
2292 3843 2430 3897 calo
2483 3843 2752 3897 dicentem
2799 3840 3044 3896 :Petrus
3095 3840 3309 3895 initium

1733 3937 2128 4007 apostolorum,
2165 3937 2361 3992 Petrus
2397 3936 2520 3991 finis
2571 3944 2874 4008 martyrum
2927 3935 3312 4006 episcoporum

1731 4030 2094 4084 Alexandria.

1803 4122 2079 4192 Completa
2142 4124 2391 4178 oratione
2453 4123 2780 4179 deosculans
2849 4123 3094 4176 tumbam
3161 4121 3306 4178 beati

1730 4215 2073 4282 evangelista
2101 4223 2153 4268 et
2187 4215 2520 4283 reliquorum
2562 4214 2878 4283 pontificum
2921 4214 3012 4282 qui
3053 4214 3187 4268 inibi
3221 4221 3309 4267 tu-

1729 4301 1916 4354 mutati
1945 4312 2121 4366 erant,
2149 4303 2316 4357 exivit
2355 4304 2421 4356 ad
2449 4304 2720 4358 tribunos.
2755 4304 2824 4356 At
2848 4305 2922 4357 illi
2954 4305 3198 4359 videntes
3226 4304 3306 4357 fa-

1731 4394 1868 4446 ciem
1893 4395 2012 4463 ejus
2039 4402 2295 4464 tanquam
2329 4395 2521 4448 faciem
2565 4396 2763 4464 angeli,
2798 4403 3006 4450 terrore
3042 4397 3302 4466 perculsi,

99 4501 169 4543 eos
194 4491 368 4546 invasit
399 4494 451 4546 in
483 4500 703 4547 tantum
755 4503 814 4546 ut
856 4494 1037 4546 nullus
1091 4506 1156 4543 ex
1201 4490 1282 4543 eis
1336 4488 1390 4541 in
1429 4487 1621 4542 faciem
1656 4494 1700 4546 Ι)
1730 4485 2059 4538 verebantur
2105 4486 2152 4539 ei
2185 4485 2387 4550 aliquid
2423 4487 2489 4540 de
2526 4487 2750 4542 instanti
2793 4502 2965 4557 agone
2999 4485 3168 4558 loqui.
3208 4488 3306 4542 Ve-

99 4579 188 4646 ejus
227 4584 490 4640 intendere
534 4583 789 4637 auderet.
829 4583 1076 4654 Rogabat
1125 4589 1384 4651 praterea
1419 4588 1623 4648 martyr

101 4667 390 4730 beatissimus
421 4684 480 4728 ut
518 4675 767 4730 sinerent
799 4689 921 4728 eum
949 4673 1018 4726 all
1053 4671 1225 4725 sancti
1253 4670 1418 4724 Marci
1459 4688 1622 4726 evan-

102 4763 258 4830 gelis‘ta
285 4769 599 4821 memoriam
648 4766 756 4828 ire;
790 4765 1042 4834 cupiebat
1084 4762 1227 4817 enim
1263 4762 1383 4829 ejus
1415 4777 1474 4816 se
1528 4780 1624 4833 pa-

101 4857 294 4911 trociniis
332 4858 740 4914 commendare.
794 4857 862 4910 At
898 4857 975 4909 illi
1008 4871 1119 4925 pra
1161 4853 1390 4924 pudoris
1431 4855 1622 4909 confu-

102 4946 212 5000 sione
233 4955 414 5003 terram
444 4952 857 5020 despectantes,
885 4946 1096 5008 Facito,
1144 4945 1418 5014 inquiunt,
1473 4947 1617 5015 quod

101 5037 174 5100 vis,
198 5046 383 5094 tantum
414 5044 686 5097 velocius.
740 5041 1023 5094 Accedens
1074 5041 1256 5106 itaque
1298 5039 1620 5107 complexus

101 5139 159 5181 est
178 5133 580 5187 sacratissimum
620 5133 968 5203 evangelista
994 5131 1393 5192 cmmeterinm,
1428 5137 1481 5183 et
1509 5131 1622 5183 vel-

101 5227 152 5273 uti
192 5225 236 5278 in
271 5241 426 5281 carne
463 5226 672 5282 viventi
710 5235 872 5296 atque
926 5224 1167 5281 audienti
1215 5225 1478 5291 loquens,
1515 5222 1620 5275 hoc

100 5313 218 5368 modo
245 5316 558 5384 precabatur
594 5335 607 5369 :
647 5317 808 5370 Pater
840 5317 1247 5374 honestissime.
1300 5321 1353 5366 tu
1383 5328 1620 5382 evange-

101 5402 188 5456 lista
206 5408 440 5477 unigeniti
466 5406 794 5472 Salvatoris,
826 5418 882 5463 tn
909 5410 1065 5464 testis
1100 5408 1415 5478 passionum
1449 5405 1618 5469 illius,

103 5501 136 5546 le
169 5495 369 5566 primum
423 5499 743 5570 pontiﬁcem
791 5509 845 5556 et
904 5500 1304 5555 firmamentum
1347 5495 1621 5550 cathedra

1730 4584 2034 4629 runntamen
2059 4577 2186 4645 quia
2215 4573 2358 4632 Deus
2401 4595 2508 4632 non
2562 4579 2766 4635 deserit
2816 4588 3100 4649 sperantes
3135 4581 3188 4633 iu
3223 4597 3302 4643 se,

1729 4668 1903 4720 noluit
1942 4677 2234 4738 martyrem
2267 4686 2426 4724 suum
2459 4671 2511 4724 in
2543 4672 2777 4725 articulo
2808 4674 2942 4724 tanti
2968 4670 3305 4725 discriminis

1728 4761 1932 4828 absque
1968 4761 2166 4814 solatio
2213 4762 2540 4833 relinquere.
2573 4762 2713 4818 Ecce
2765 4764 2986 4832 quidam
3043 4778 3207 4818 senex
3249 4772 3306 4817 et

1728 4852 1973 4921 quadam
2008 4853 2161 4922 virgo
2201 4857 2376 4909 vetula
2412 4857 2691 4911 venientes
2730 4873 2798 4910 ex
2849 4855 3064 4924 oppidis
3099 4871 3308 4924 prope-

1730 4946 1921 4998 rabant
1948 4945 2000 4998 in
2036 4948 2333 5010 civitatem,
2371 4964 2601 5019 quorum
2647 4965 2787 5002 unus
2817 4957 3052 5018 quatuor
3084 4949 3305 5002 venali—

1729 5036 1843 5090 cias
1876 5036 2154 5093 deferebat
2191 5042 2380 5109 pelles,
2432 5042 2598 5095 altera
2650 5055 2867 5109 quoque
2897 5041 3141 5109 geminas
3175 5040 3308 5097 sin-

1729 5129 1918 5185 dones.
1951 5131 2196 5186 Cernens
2226 5150 2321 5188 eos
2354 5135 2544 5188 beatus
2593 5135 2821 5188 antistes
2843 5176 2856 5198 ,
2891 5134 3145 5205 cognovit
3175 5150 3307 5204 erga

1730 5237 1788 5276 se
1817 5222 2057 5279 divinam
2101 5227 2581 5296 dispensationem.
2629 5226 2781 5281 illico
2822 5236 3174 5297 percontatus
3220 5244 3306 5282 est

1730 5313 1919 5368 dicens
1951 5335 1962 5368 :
1995 5316 2293 5373 Christiani
2327 5320 2502 5374 estis?
2533 5319 2625 5388 qui
2666 5319 2923 5374 dixerunt
2960 5340 2971 5373 :
3007 5319 3201 5372 Etiam.
3240 5318 3305 5375 Et

1730 5406 1824 5467 ait,
1853 5423 1961 5476 quo
1992 5412 2259 5482 pergitis?
2293 5412 2355 5465 Et
2388 5413 2463 5466 illi
2506 5431 2518 5466 :
2563 5411 2643 5464 Ad
2681 5411 2976 5474 nundinas,
3026 5410 3303 5480 inquiunt,

1730 5497 1882 5551 urbis
1910 5507 1971 5552 ut
1997 5503 2372 5557 venundemus
2406 5502 2522 5557 hac
2549 5517 2671 5563 una
2691 5502 3010 5558 deferimus.
3038 5501 3309 5556 Clemen-

151 5676 207 5748 (α)
233 5679 360 5738 Bene
411 5690 624 5749 uoster,
661 5695 759 5749 per
789 5680 930 5736 hanc
986 5678 1326 5736 reticentiam
1391 5677 1520 5730 vitat
1564 5677 1844 5732 nominum
1879 5675 2344 5746 perturbationem
2371 5689 2495 5744 qua
2513 5675 2758 5728 occurrit
2789 5675 2845 5726 in
2881 5670 3032 5725 Actis
3067 5667 3306 5724 Combe-

105 5743 320 5810 ﬂstaniset
340 5756 391 5808 in
420 5753 544 5809 cod.
588 5743 712 5804 Val.
739 5750 861 5804 622.
