4036 6320
760 347 866 400 ιδδ

1779 341 1834 395 5.
1876 340 2078 396 PETRI
2120 341 2582 396 ALEXANDRINI
2626 340 2930 396 EPISCOPI

3860 347 3944 404 464

762 480 1010 537 tissimus
1038 484 1214 532 autem
1243 475 1403 530 Pater
1439 476 1720 544 subjunin
1758 494 1770 529 ;
1808 474 1987 530 Filioli
2042 477 2143 530 mei
2183 477 2326 531 Iide-
2357 485 2398 537 Α
2497 478 2808 532 Convolans
2841 479 3042 532 interea
3093 494 3157 533 ex
3197 480 3462 550 populosa
3493 479 3640 536 urbe
3689 482 3940 550 promiscui

763 573 862 634 les.
899 569 1040 624 Deus
1080 583 1174 623 vos
1207 568 1532 632 destinavit,
1564 574 1904 637 perseverate
1954 582 2184 621 mecum.
2221 567 2324 632 Qui

761 664 1011 735 protinus
1040 677 1160 716 eum
1194 671 1574 730 agnoscentes,
1608 657 1864 712 dixerunt
1916 677 1928 711 :
1974 657 2041 711 Ut
2083 659 2321 727 jussisti,

761 756 994 810 domine.
1051 752 1114 806 Et
1145 763 1443 807 conversus
1478 751 1542 805 ad
1576 750 1825 804 tribunos
1855 770 1866 802 :
1902 748 1996 802 Eia
2033 753 2194 820 agite,
2228 752 2324 804 in-

757 849 894 916 quit,
927 845 1068 917 quod
1102 846 1276 900 acturi
1313 845 1466 904 estis,
1504 843 1838 912 complentes
1872 843 2072 912 regiam
2105 843 2325 911 jussio—

757 955 912 1000 nem,
965 939 1222 1006 quoniam
1263 937 1380 990 dies
1433 935 1544 1003 jam
1606 935 1924 988 illucescere
1977 937 2164 1003 cmpit.
2217 934 2321 1004 Ipsi

755 1038 931 1083 autem
965 1029 1035 1084 ob
1059 1027 1264 1082 nefaria
1300 1027 1560 1096 principis
1592 1025 1806 1080 decreta
1862 1026 2018 1094 quasi
2052 1026 2158 1079 vim
2210 1041 2323 1094 pa-

752 1121 970 1180 tientes.
999 1120 1243 1174 tulerunt
1274 1133 1396 1173 eum
1439 1133 1469 1172 e
1499 1118 1719 1186 regione
1752 1117 2046 1172 sanctuarii
2075 1133 2324 1187 evange-

752 1211 886 1266 listae
920 1212 973 1265 in
1001 1211 1193 1264 vallem
1220 1209 1375 1277 juxta
1407 1209 1678 1277 sepulcra.
1709 1207 1773 1261 Et
1809 1217 2062 1264 sanctus:
2091 1208 2321 1279 Expan-

750 1302 882 1364 dite,
918 1301 1114 1369 inquit,
1137 1315 1170 1354 ο
1201 1315 1379 1362 senes,
1413 1299 1580 1368 pelles
1609 1314 1746 1367 quas
1779 1298 2098 1361 advectatis.
2133 1300 2321 1354 simul-

747 1408 855 1461 que
889 1401 976 1454 tu,
1018 1391 1229 1450 vetula,
1291 1389 1566 1444 sindones.
1614 1389 1825 1454 Quibus
1863 1391 2150 1459 expansis,
2216 1405 2320 1444 ro-

747 1483 1103 1539 bustissimus
1159 1491 1366 1550 martyr
1432 1481 1668 1549 desuper
1721 1480 2060 1543 ascendens,
2111 1482 2318 1550 palmas

749 1584 1009 1642 utrasque
1061 1587 1280 1626 sursum
1339 1572 1620 1633 extendit,
1675 1586 1738 1624 ac
1805 1572 2034 1640 proinde
2087 1573 2318 1641 p0plitcs

748 1664 900 1717 humi
943 1662 1104 1722 ﬁxus,
1137 1661 1375 1714 animum
1427 1675 1641 1730 quoque
1687 1661 1828 1713 cmlo
1873 1660 2133 1722 intentus,
2179 1676 2316 1729 gra-

746 1755 945 1808 tiarum
979 1752 1219 1806 actiones
1251 1751 1605 1820 omnipotenti
1656 1751 1994 1819 agonothetaa
2030 1753 2310 1822 persolvit,

2428 584 2591 622 sexus
2623 569 3012 623 innumerabile
3041 571 3255 640 vulgus,
3289 570 3510 639 plorans
3530 579 3584 624 et
3611 571 3812 639 eiulans
3836 573 3940 626 invio

2425 673 2540 712 cem
2573 675 2632 713 se
2656 659 3040 713 sciscitabatur
3067 661 3326 730 ignorans
3355 661 3590 730 qualiter
3637 663 3737 719 hoc
3772 666 3942 719 evenis-

2425 755 2525 801 set.
2561 746 2768 802 Revera
2822 749 2964 802 enim
3013 764 3042 802 a
3085 751 3310 806 minimo
3357 768 3528 822 usque
3580 753 3646 807 ad
3693 758 3936 809 maximum

2426 841 2728 896 acerrimus
2775 842 2930 896 ﬂetus
2960 858 3148 898 omnes
3196 845 3422 915 rigabat.
3455 845 3709 901 Primarii
3751 862 3940 918 namque

2424 931 2661 988 civitatis
2691 949 2813 987 cum
2837 943 3121 988 cernerent
3153 938 3514 993 multitudinis
3547 939 3850 995 laudabilem
3869 942 3941 994 im-

2425 1024 2834 1091 portunitatem,
2861 1025 2952 1093 qui
2991 1040 3178 1081 sacras
3230 1027 3348 1096 ejus
3381 1029 3608 1084 exuvias
3653 1031 3942 1099 lipsanorum

2422 1114 2594 1182 gratia
2643 1115 2891 1170 scindere
2924 1117 3262 1186 satagebant,
3303 1118 3642 1174 involventes
3673 1136 3788 1174 eum
3824 1122 3943 1190 pelli-

2423 1205 2525 1259 bus
2582 1215 2744 1276 atque
2789 1208 3110 1264 sindonibus
3153 1210 3260 1266 illis
3299 1213 3472 1267 tutius
3525 1214 3941 1281 perstrinxerunt.

2423 1295 2650 1368 Semper
2682 1299 2825 1353 enim
2856 1300 3239 1355 sanctissimus
3267 1301 3360 1357 Dei
3403 1304 3653 1358 minister
3682 1313 3846 1359 vestes
3877 1321 3946 1359 sa-

2419 1389 2722 1442 cerdotales
2754 1389 2860 1442 albi
2894 1389 3094 1444 coloris
3119 1401 3236 1445 erat
3285 1393 3536 1457 amictus,
3577 1394 3683 1449 hoc
3728 1404 3804 1450 est
3829 1396 3948 1449 tuni-

2419 1495 2539 1532 cam
2563 1487 2615 1532 et
2643 1479 2916 1534 colobium
2944 1495 3156 1534 necnon
3193 1490 3245 1535 et
3279 1483 3684 1552 omophorium.
3712 1485 3830 1540 Post
3855 1487 3944 1540 hac

2419 1570 2584 1639 igitur
2617 1578 2737 1623 orta
2767 1580 2849 1625 est
2882 1571 3023 1624 inter
3047 1587 3143 1627 eos
3178 1588 3284 1626 non
3320 1589 3482 1643 parva
3517 1577 3822 1644 contentio;
3853 1579 3947 1646 qui-

2419 1660 2541 1712 dam
2574 1660 2718 1714 enim
2769 1661 3171 1716 sacratissimos
3209 1671 3360 1717 artus
3402 1665 3458 1718 in
3501 1667 3786 1722 ecclesiam
3813 1682 3948 1738 quam

2421 1753 2536 1821 ipse
2564 1750 2942 1814 aediﬁcaverat,
2966 1751 3056 1806 ubi
3086 1761 3140 1808 et
3173 1769 3320 1807 nunc
3347 1755 3664 1824 requiescit,
3697 1757 3950 1812 advectare

745 1845 1104 1914 muniensque
1139 1859 1196 1898 se
1239 1843 1417 1896 crucis
1452 1843 1732 1913 signaculo
1774 1843 1929 1907 dixit,
1957 1841 2147 1896 Amen.
2180 1843 2308 1896 Dein
2343 1818 2385 1878 Β
2414 1844 2759 1914 satagebant;
2793 1843 2882 1896 alii
2911 1852 3090 1898 autem
3117 1844 3182 1898 ad
3214 1849 3585 1902 sanctuarium
3608 1851 3942 1920 evangelista,

743 1935 1122 2004 omophorium
1155 1934 1406 1988 relaxans
1439 1948 1468 1986 a
1501 1934 1641 1987 collo
1663 1974 1677 1996 ,
1727 1935 1996 1988 cervicem
2036 1935 2264 1989 tetendit
2294 1954 2307 1990 :

742 2025 896 2092 Quod
929 2025 1103 2087 vobis,
1142 2025 1412 2094 inquiens,
1462 2025 1677 2094 jussum
1711 2033 1813 2088 est,
1861 2027 2128 2081 maturius
2161 2026 2311 2081 deli-

738 2115 866 2172 bera
875 2127 942 2171 te.

809 2206 1177 2280 Obriguerunt
1227 2207 1432 2262 interea
1481 2207 1826 2262 tribunorum
1877 2223 2106 2274 manus,
2147 2217 2308 2278 atque

740 2302 967 2355 invicem
1024 2316 1083 2355 se
1128 2307 1472 2370 aspectantes
1515 2298 1582 2352 ad
1631 2299 1733 2352 hoc
1792 2297 2002 2354 facinus
2046 2314 2307 2367 provoca-

737 2393 896 2457 bant;
925 2389 1018 2446 sed
1065 2406 1257 2446 omnes
1305 2387 1595 2443 formidine
1627 2388 1772 2458 capti
1807 2387 2117 2456 stupebant.
2149 2386 2309 2442 Tan-

735 2483 855 2537 dem
886 2499 951 2536 ex
981 2497 1250 2537 consensu
1279 2479 1484 2550 placuit
1517 2485 1574 2531 ut
1597 2478 1663 2532 de
1692 2479 1966 2533 communi
2000 2493 2107 2533 aere
2140 2479 2306 2534 inter-

736 2573 987 2628 fectionis
1039 2572 1319 2643 praemium
1350 2575 1733 2639 apponeretur,
1771 2578 1823 2622 et
1857 2568 1902 2621 si
1935 2569 2060 2638 quis
2113 2570 2303 2623 istius-

735 2664 881 2719 modi
917 2664 1098 2718 scelus
1124 2669 1434 2731 perpetrare
1465 2676 1632 2716 ausus
1662 2668 1828 2721 esset,
1878 2661 1992 2728 ipse
2023 2659 2302 2714 homicidii

735 2754 1044 2808 lucraretur
1106 2760 1395 2822 quaestum.
1457 2748 1611 2803 lland
1664 2764 1860 2815 mora;
1928 2750 2302 2818 unusquisque

733 2861 920 2900 eorum
949 2843 1188 2915 quinque
1219 2842 1444 2914 protulit
1478 2840 1705 2896 solidos.
1734 2837 1956 2905 Verum,
1987 2848 2046 2893 ut
2085 2842 2303 2910 gentilis

732 2934 810 2989 ait
838 2943 995 3004 poeta
1022 2953 1036 2990 :

1032 3038 1172 3105 Quid
1212 3053 1314 3090 non
1344 3036 1594 3090 mortalia
1619 3043 1828 3104 pectora
1856 3035 2021 3106 cogis,

909 3110 1043 3163 Auri
1075 3124 1227 3162 sacra
1254 3108 1418 3176 [ames
1446 3106 1466 3158 .'

733 3230 876 3270 unus
909 3230 974 3270 ex
1006 3214 1086 3269 eis
1110 3215 1218 3267 ritu
1255 3211 1550 3282 proditoris
1595 3209 1767 3274 Iudas,
1799 3210 2042 3280 pecuniae
2074 3210 2298 3277 cupidi-

731 3317 840 3363 tate
857 3309 1031 3363 audax
1049 3307 1294 3368 eﬂ'ectus,
1319 3315 1535 3359 exserto
1558 3304 1736 3374 gladio
1757 3297 1960 3358 Christi
1989 3304 2294 3371 pontiﬁcem

729 3399 904 3469 capite
939 3397 1284 3455 obtruncavit
1313 3395 1417 3449 sub
1455 3395 1558 3448 die‘
1581 3394 1789 3448 scilicet
1820 3408 1893 3446 vn
1931 3390 2294 3444 Kalendarum

729 3490 1102 3546 Decembrium
1132 3488 1230 3559 (a),
1263 3504 1386 3542 cum
1446 3486 1668 3540 haberet
1719 3485 1772 3537 in
1809 3481 2128 3554 pontiﬁcatu
2186 3496 2296 3534 an-

727 3596 826 3636 nos
860 3597 958 3643 xn,
993 3594 1222 3649 quorum
1255 3590 1365 3632 tres
1398 3585 1522 3630 ante
1552 3576 2010 3646 persecutionem,
2052 3574 2293 3642 reliquos

724 3689 854 3727 vero
888 3688 1079 3727 novem
1136 3673 1190 3724 in
1241 3669 1475 3724 diversis
1509 3668 1947 3738 persecutionum
1998 3667 2293 3736 generibus

724 3762 926 3831 exegit.
969 3759 1177 3815 Exinde
1229 3762 1447 3815 sublato
1507 3759 1574 3811 ab
1626 3758 1954 3825 spiculatore
2009 3758 2291 3827 sanguinis

725 3852 919 3921 pretio,
950 3851 1076 3902 mali
1120 3857 1396 3917 emptores
1425 3849 1508 3900 vel
1546 3849 1723 3916 potius
1756 3849 1966 3901 cruenti
2006 3848 2291 3902 homicidae

725 3945 836 3994 cito
882 3941 1042 3993 citius
1101 3947 1482 4001 recesserunt,
1540 3939 1852 3992 metuebant
1901 3941 2045 3992 enim
2105 3941 2288 4010 populi

723 4029 1148 4090 multitudinem,
1183 4043 1458 4096 quoniam,
1493 4031 1567 4081 uti
1615 4030 1892 4097 praelatum
1927 4039 2030 4095 est,
2083 4032 2288 4098 absque

723 4121 941 4174 militari
999 4119 1252 4189 praesidio
1292 4127 1465 4172 erant.
1499 4121 1711 4188 Corpus
1761 4129 1939 4174 autem
1984 4123 2282 4177 beatissimi

721 4210 998 4280 martyris,
1053 4207 1510 4278 quemadmodum
1574 4217 1753 4277 patres
1808 4210 2143 4263 allirmabant
2190 4213 2283 4281 qui

722 4301 848 4354 illuc
875 4299 1036 4369 primi
1067 4308 1453 4362 convenerant,
1477 4299 1774 4367 permansit
1807 4309 1995 4353 astans
2024 4309 2281 4371 tanquam

718 4392 950 4446 orationi
1016 4391 1358 4452 incumbens,
1394 4390 1567 4443 donec
1624 4390 1841 4458 plurimi
1895 4403 2281 4447 concurrentes

719 4484 1021 4538 invenirent
1066 4481 1197 4535 illud
1238 4481 1425 4534 eodem
1455 4482 1615 4533 modo
1649 4483 1988 4548 consistens;
2026 4483 2279 4536 nimirum

718 4576 859 4644 quod
898 4576 1088 4629 vivens
1121 4562 1336 4641 Saepius
1373 4581 1577 4639 egerat,
1647 4589 1774 4627 caro
1808 4575 1968 4627 etiam
2016 4575 2283 4630 exanimis

718 4667 1037 4720 testabatur.
1076 4665 1268 4718 Senem
1307 4679 1521 4731 quoque
1542 4672 1701 4731 atque
1737 4681 1897 4717 auum
1939 4665 2082 4717 illam
2119 4679 2285 4733 repe—

716 4765 905 4810 rerunt
937 4758 1296 4812 observantes
1329 4771 1450 4807 cum
1488 4757 1631 4807 luctu
1668 4765 1718 4807 et
1755 4758 1954 4824 gemitu
1989 4755 2282 4824 pretiosis-

716 4849 914 4903 simum
973 4849 1230 4902 Ecclesiae
1300 4848 1519 4900 monile.
1583 4845 1914 4900 lledinantcs
1967 4847 2039 4914 (b)
2100 4848 2281 4914 itaque

714 4937 1036 5005 triumphale
1082 4937 1244 4990 funus
1268 4976 1281 4997 ,
1332 4949 1658 5000 sacrumque
1692 4945 1851 5001 caput
1884 4933 2082 4985 cervici
2115 4946 2282 5000 Oppo-

716 5039 941 5090 nentes,
1003 5035 1402 5098 cooperuerunt
1461 5024 1818 5088 sindonibus;
1892 5039 2107 5078 sacrum
2151 5038 2279 5075 vero

713 5134 962 5172 cruorem
1008 5121 1098 5188 qui
1132 5135 1290 5173 secus
1343 5118 1643 5177 aﬂluxerat,
1676 5116 1920 5183 peniculo
1971 5124 2279 5168 reverenter

713 5212 1048 5280 collegerunt
1079 5212 1149 5279 (ε)

781 5440 857 5505 (α)
896 5437 1029 5491 Cod.
1087 5443 1196 5487 vat.
1241 5434 1365 5496 622,
1419 5452 1556 5487 nona
1597 5443 1645 5484 et
1698 5433 1937 5505 vicesima
1979 5430 2274 5505 die-Athyr

709 5500 922 5561 mensis.
983 5510 1116 5559 Acta
1175 5505 1452 5568 C0mbef.,
1505 5505 1760 5573 πέμπτην
1809 5504 1897 5554 ἐπὶ
1943 5500 2132 5553 εἰκάδι
2181 5501 2270 5552 τοῦ

708 5578 1007 5646 Νοεμᾷρίου
1034 5576 1218 5645 μηνός.

777 5644 848 5714 (ὅ)
879 5644 1132 5714 δοιειίιυδ
1160 5644 1498 5699 vocabulum.

782 5712 850 5778 (ε)
885 5712 958 5764 En
986 5729 1180 5765 novum
1222 5716 1589 5768 tcstin..mium
1624 5714 1688 5767 de
1718 5720 1955 5765 veterum
2005 5712 2264 5764 Christia-

711 5797 902 5837 norum
933 5795 1059 5834 cura
1112 5782 1302 5834 devota
1349 5788 1661 5850 sanguinein
1703 5790 1997 5846 martyrum
2048 5799 2266 5834 conscr—

2413 1933 2504 1988 ubi
2537 1940 2589 1986 et
2619 1933 2865 2004 martyrii
2913 1942 3108 1987 metam
3137 1937 3446 2005 complevit,
3483 1938 3699 1995 deferre
3726 1941 3946 1994 niteban-

2411 2031 2500 2076 tur
2529 2042 2542 2076 :
2571 2031 2623 2077 et
2653 2023 2782 2076 dum
2815 2032 3008 2078 neutra
3039 2039 3167 2094 pars
3196 2026 3352 2080 alteri
3398 2028 3676 2092 cederent,
3702 2031 3950 2101 religionis

2408 2115 2731 2184 obsequium
2780 2123 2991 2170 vertere
3042 2128 3326 2188 coeperunt
3374 2120 3429 2173 in
3481 2136 3677 2191 pugna:
3725 2123 3944 2192 litigium.

2407 2207 2779 2274 Quorumdam
2829 2209 3033 2262 interea
3082 2220 3396 2265 senatorum
3432 2213 3678 2267 animosa
3720 2214 3945 2284 phalanx.

2405 2318 2472 2356 ex
2509 2301 2593 2355 his
2616 2302 2707 2370 qui
2748 2317 2946 2355 cursus
2977 2301 3055 2371 (ά)
3090 2312 3374 2366 vocantur,
3406 2305 3652 2359 videntes
3687 2321 3803 2375 quae
3829 2308 3950 2360 acci-

2406 2395 2617 2457 derant,
2670 2409 2794 2447 nam
2845 2409 3002 2448 secus
3055 2411 3203 2450 mare
3252 2405 3443 2461 erant,
3478 2404 3806 2466 paraverunt
3847 2413 3948 2454 sca-

2405 2485 2589 2554 pham,
2626 2487 2916 2556 subitoque
2967 2486 3294 2556 arripientes
3325 2496 3544 2543 sanctas
3582 2489 3838 2558 reliquias
3865 2491 3950 2542 im-

2406 2587 2704 2644 posuerunt
2733 2577 3017 2643 naviculze,
3057 2585 3110 2632 et
3137 2580 3495 2635 ascendentes
3525 2590 3675 2636 retro
3713 2579 3945 2641 Pharum,

2406 2682 2499 2735 per
2530 2667 2705 2720 locum
2757 2669 2843 2722 cui
2902 2667 3155 2723 Leucado
3186 2671 3506 2725 vocabulum
3556 2681 3678 2737 est,
3712 2681 3949 2727 venerunt

2403 2756 2458 2808 in
2500 2756 2784 2810 ecclesiam
2830 2757 3158 2812 beatissima
3199 2757 3290 2812 Dei
3321 2759 3613 2814 Genitricis
3652 2776 3949 2832 semperque

2403 2843 2628 2912 virginis
2670 2842 2871 2908 Mariae,
2901 2859 3085 2915 quam,
3123 2854 3184 2898 ut
3230 2845 3412 2900 dicere
3457 2845 3820 2916 coeperamus,
3852 2849 3949 2918 ipse

2401 2936 2472 2990 ob
2510 2943 2810 3006 martyrum
2862 2937 3174 2991 ccemeteria
3214 2937 3282 2990 ad
3331 2937 3729 2994 occidentalem
3765 2949 3948 3011 partem

2401 3032 2455 3085 in
2487 3031 2719 3100 quodam
2755 3030 2997 3100 prosatio
3028 3027 3097 3098 (e)
3120 3037 3520 3085 construxerat.
3551 3030 3711 3086 Tunc
3739 3037 3948 3104 pepulo-

2401 3139 2519 3176 rum
2552 3121 2766 3192 agmina
2797 3136 2896 3176 ceu
2945 3130 3103 3191 rapto
3135 3121 3240 3176 sibi
3287 3121 3493 3176 cmlesti
3549 3123 3836 3190 thesauro,
3872 3127 3948 3180 alii

2402 3228 2496 3281 per
2528 3211 2745 3274 itinera,
2790 3211 2882 3264 alii
2935 3226 3031 3280 per
3063 3209 3216 3264 devia
3245 3226 3475 3280 qumque
3505 3215 3756 3281 properis
3793 3216 3949 3269 cursi.

2401 3303 2500 3355 bus
2537 3301 2918 3371 insequuntur.
2976 3300 3078 3366 Qui
3120 3300 3336 3356 tandem
3374 3305 3657 3359 venientes
3697 3319 3804 3358 non
3851 3307 3948 3376 jam

2397 3395 2486 3448 ubi
2520 3404 2811 3463 poneretur
2859 3395 3284 3454 altercabantur,
3321 3395 3413 3448 sed
3459 3398 3740 3450 communi
3770 3404 3824 3452 et
3855 3412 3950 3452 non

2399 3486 2756 3554 improbando
2800 3486 3060 3548 consilio,
3135 3487 3288 3555 prius
3325 3501 3448 3539 eum
3492 3486 3856 3543 decreverunt
3904 3489 3951 3541 in

2396 3591 2494 3629 sua
2548 3576 2804 3631 cathedra
2856 3591 3086 3646 ponere,
3157 3585 3212 3631 et
3266 3578 3346 3632 sic
3400 3577 3618 3632 demum
3674 3580 3953 3649 sepultura

2395 3669 2625 3723 tradere.
3637 3695 3662 3716 ι.

2466 3761 2529 3813 Et
2553 3763 2674 3823 hoc,
2702 3763 3124 3832 prudentissime
3149 3762 3341 3827 lector,
3378 3764 3504 3816 nolo
3532 3772 3796 3835 tanquam
3823 3769 3950 3822 otio-

2393 3869 2512 3907 sum
2549 3853 2965 3907 deliramentum
3018 3855 3299 3919 attendas;
3343 3856 3600 3924 quoniam
3654 3858 3701 3911 si
3741 3874 3948 3913 causam

2393 3943 2619 4011 hujusce
2653 3943 2911 3996 novitatis
2933 3940 3210 4004 didiceris,
3243 3942 3452 3995 mirans
3476 3942 3802 3996 laudabilem
3849 3959 3950 4014 po-

2391 4035 2500 4106 puli
2535 4035 2708 4088 zelum
2741 4033 3054 4101 factumque
3097 4031 3376 4102 probabis.
3428 4029 3527 4084 Hic
3572 4033 3723 4085 enim
3773 4033 3948 4087 beatus

2390 4126 2618 4179 antistes
2666 4126 2884 4193 quando
2916 4124 3084 4178 divini
3125 4121 3369 4192 mysterii
3408 4130 3749 4176 sacramenta
3804 4123 3946 4176 cele-

2388 4217 2602 4278 brabat,
2665 4231 2795 4277 non,
2859 4215 3004 4268 sicut
3049 4212 3456 4268 ecclesiasticus
3508 4227 3626 4267 mos
3679 4213 3859 4279 habet,
3898 4215 3944 4266 in

2387 4307 2687 4378 pontiﬁcali
2717 4307 2933 4364 throno.
2969 4303 3064 4358 sed
3091 4304 3143 4356 in
3175 4303 3295 4371 ejus
3327 4301 3675 4371 subpedaneo
3718 4305 3945 4358 scabello

2387 4401 2687 4464 residebat;
2742 4398 2886 4468 quod
2939 4395 3123 4467 populi
3170 4393 3531 4462 aspicientes,
3593 4409 3739 4464 aegre
3801 4395 3945 4449 acci—

2318 4509 2360 4562 ι)
2388 4492 2626 4562 piehant,
2661 4502 2713 4544 et
2746 4495 3145 4558 conquerentes
3172 4485 3540 4538 acclamabant
3575 4503 3588 4536 :
3630 4486 3874 4554 Oportet,
3915 4501 3943 4538 ο

2387 4581 2565 4644 Pater,
2612 4583 2664 4633 in
2695 4589 2788 4633 tua
2813 4587 2866 4634 te
2892 4579 3080 4634 sedere
3117 4575 3404 4641 cathedra;
3435 4585 3488 4629 et
3523 4590 3647 4628 cum
3677 4578 3871 4632 crebro
3897 4576 3943 4630 id

2386 4675 2562 4743 ipsum
2595 4679 2935 4741 repeterent,
2978 4682 3207 4737 surgens
3257 4665 3469 4721 Domini
3509 4667 3761 4721 minister
3809 4669 3943 4738 ejus-

2385 4767 2529 4821 modi
2589 4763 2839 4834 querelas
2889 4760 3182 4830 tranquilla
3211 4772 3343 4813 voce
3373 4757 3624 4819 sedabat,
3656 4765 3711 4811 et
3759 4760 3940 4814 iterum

2384 4861 2438 4913 in
2483 4857 2672 4911 eodem
2704 4854 2940 4909 scabello
2964 4851 3260 4905 residebat.
3299 4847 3524 4902 Cunctis
3562 4858 3743 4904 autem
3782 4852 3942 4904 humi-

2384 4951 2550 5004 litatis
2597 4948 2771 5017 gratia
2830 4947 2932 4998 hoc
2982 4946 3066 5015 agi
3126 4941 3431 4996 videbatur.
3481 4939 3726 5003 Quodam
3770 4953 3938 4996 autem

2384 5056 2589 5108 niagnzc
2623 5038 2927 5092 festivitatis
2960 5037 3048 5090 die
3083 5049 3204 5088 cum
3247 5045 3404 5086 sacra
3430 5031 3719 5084 missarum
3755 5033 3940 5087 solem-

2381 5136 2469 5188 nia
2503 5142 2709 5203 ageret,
2754 5138 2807 5183 et
2839 5130 2944 5182 tale
2991 5127 3121 5196 quid
3184 5126 3359 5176 facere
3387 5122 3564 5184 vellet,
3627 5139 3739 5177 non
3771 5125 3935 5177 solum

2379 5228 2632 5297 populus,
2662 5223 2755 5279 sed
2782 5223 2945 5274 etiam
2976 5220 3155 5272 clerus
3188 5228 3429 5268 consona
3465 5230 3593 5267 voce
3630 5215 3938 5267 inclaman-

2375 5432 2556 5494 vandi,
2595 5430 2659 5484 de
2702 5441 2805 5496 qua
2839 5440 2895 5477 re
2919 5420 3010 5474 diu
3040 5417 3315 5471 Boldettus
3342 5415 3394 5467 in
3435 5413 3755 5468 Caemeteriis
3803 5410 3930 5468 ΗΠ.

2374 5505 2464 5557 lib.
2506 5520 2542 5564 ι,
2576 5516 2676 5568 cap
2733 5497 2800 5549 ΞΤ
2835 5508 2985 5562 δείια-
3427 5557 3474 5568 ..

2444 5555 2786 5639 (ἀ)Ἰιιιὲίιίεε
2818 5555 3035 5618 cursum
3065 5556 3338 5627 publicum
3366 5557 3724 5612 vehicularem
3750 5555 3830 5609 vel
3849 5565 3934 5606 na-

2374 5646 2685 5696 vicularenl.
3123 5699 3133 5706 .
3223 5699 3266 5706 _.

2441 5721 2507 5780 te)
2539 5710 2887 5767 Graccismus,
2919 5717 3015 5772 pro
3052 5699 3318 5753 suburbio.
