4036 6320
91 402 172 459 κδ
701 422 715 430 ο
1379 402 1562 459 ACTA
1596 402 1609 453 ε

1710 401 1912 458 CERA.

3167 400 3269 455 46⁸

91 523 400 581 ιαάἰιετυηι
430 539 442 574 :
493 520 636 577 Sede
679 523 737 576 in
774 522 902 579 sede
954 530 1084 585 tua,
1119 536 1154 576 ο
1196 523 1470 592 episcope.
1506 521 1599 577 Ille
1629 533 1674 584 Α
1703 522 1933 577 virtutes
1965 521 2076 575 ﬁeri
2136 536 2244 576 non
2274 520 2550 578 deﬁciunt.
2577 520 2675 574 Pia
2727 521 2927 577 etenim
2975 531 3100 577 vota
3131 524 3270 577 felin

88 625 254 676 autem,
296 614 573 684 cujusdam
626 615 870 686 mysterii
927 615 1211 680 conscius,
1264 615 1368 670 hoc
1412 613 1601 669 audire

87 709 442 774 dissimulavit;
507 707 750 778 datoque
805 707 1066 763 reticendi
1122 707 1323 762 indicio
1351 746 1368 770 ,
1427 721 1602 776 neque

86 803 203 856 enim
241 802 285 856 ei
311 802 597 871 quisquam
650 801 917 857 obsistere
957 799 1292 870 pertinacius
1346 799 1599 862 audebat,

89 894 218 948 silere
245 908 423 948 omnes
469 892 637 957 fecit,
687 901 742 948 et
773 892 1127 948 nihilominus
1168 891 1411 961 ejusdem
1457 890 1603 946 sedis

88 983 282 1038 scabello
302 983 575 1048 subsedit;
595 983 988 1052 celebratisque
1024 997 1090 1038 ex
1119 997 1270 1037 more
1314 981 1602 1036 missarum

89 1075 357 1142 solemniis,
393 1074 774 1145 unusquisque
813 1073 1051 1129 ﬁdelium
1087 1074 1154 1128 ad
1191 1075 1408 1146 propria
1437 1088 1606 1142 repe—

87 1164 219 1220 darit.

140 1253 220 1309 Vir
265 1265 435 1310 autem
484 1254 726 1319 Domini,
775 1255 992 1311 clericis
1043 1255 1351 1317 accersitis,
1412 1254 1604 1308 intima

88 1347 332 1402 serenitate
351 1347 701 1417 tranquillus,
725 1362 959 1418 arguens
979 1362 1074 1402 eos
1101 1346 1451 1402 temeritatis:
1471 1346 1603 1408 Cur,

87 1437 246 1506 inquit,
269 1438 528 1494 laicorum
557 1438 783 1493 vocibus
811 1436 1030 1492 admisti
1058 1452 1143 1492 me
1171 1437 1461 1506 objurgare
1497 1450 1604 1488 non

87 1525 648 1581 erubuistis?Attamen
686 1526 814 1596 quia
858 1527 980 1582 talis
1022 1527 1330 1598 objurgatio
1380 1541 1489 1580 non
1540 1527 1606 1580 de

86 1618 316 1686 lactantia:
343 1635 570 1676 cmnoso
597 1629 859 1686 torrente,
893 1623 988 1679 sed
1023 1623 1090 1678 de
1117 1623 1414 1694 purissimo
1459 1623 1608 1678 fonte

89 1709 353 1764 dilectionis
379 1713 641 1776 manavit,
675 1712 915 1781 aperiam
947 1712 1102 1768 vobis
1147 1713 1312 1782 hujus
1363 1713 1605 1784 mysterii

91 1807 335 1857 secretum.
363 1799 693 1874 Plerumque
714 1804 860 1859 enim
889 1820 1014 1860 cum
1058 1806 1256 1860 throno
1285 1807 1359 1860 illi
1395 1822 1607 1876 appro-

1702 613 2047 668 exauditione
2070 613 2339 676 laetantur.
2370 611 2757 668 inﬁrmantium
2788 613 3049 669 sanitates
3071 624 3275 670 restau-

1702 705 2286 773 rantur,eapulsiones
2333 702 2731 758 Immundorum
2781 705 3094 773 spirituum,
3127 722 3272 760 mar-

1702 794 1838 863 tyris
1888 796 2141 848 meritum
2198 795 2577 850 testificantur.
2615 792 2737 848 llaec
2768 810 3013 859 munera,
3047 797 3272 851 Domine

1701 883 1864 948 Jesu,
1915 895 2004 938 tua
2045 895 2209 950 sunt,
2273 891 2360 941 cui
2419 889 2824 944 consuetudinis
2868 897 2953 942 est
3006 897 3272 961 martyres

1701 985 1826 1032 tuos
1876 985 2000 1048 post
2053 978 2242 1032 mortis
2271 979 2495 1033 exitium
2529 982 2608 1035 sic
2640 979 2981 1051 magniﬁcare
3022 980 3266 1047 felicius;

1703 1068 1795 1138 qui
1845 1083 1971 1122 cum
2013 1066 2173 1122 Patre
2216 1076 2272 1123 et
2321 1071 2770 1131 consubstantiali
2819 1078 3006 1127 sancto
3067 1069 3270 1142 Spiritu

1704 1160 1843 1214 vivis
1889 1167 1946 1214 et
2005 1172 2201 1230 regnas
2250 1173 2346 1229 per
2404 1161 2616 1216 inﬁnita
2671 1162 2867 1218 saecula
2927 1163 3268 1220 seculorum.

1704 1251 1872 1306 Amen
1897 1250 1991 1322 (ι).

1779 1343 1908 1400 Post
1963 1344 2077 1398 hac
2109 1342 2342 1412 qualiter
2384 1342 2493 1398 doli
2547 1346 2740 1401 artifex
2802 1349 2993 1418 lupus,
3042 1347 3144 1402 hoc
3190 1354 3275 1401 est

1705 1435 1904 1502 Arius,
1970 1436 2132 1490 ovina
2193 1435 2330 1505 pelle
2373 1443 2680 1501 contectus,
2742 1437 3083 1494 Dominicum
3134 1439 3276 1495 ovile

1707 1526 1970 1582 dilaniare
2009 1527 2310 1590 intraverit,
2347 1527 2429 1580 vel
2457 1544 2564 1596 quo
2601 1537 2760 1598 pacto
2782 1531 3070 1587 sacerdotii
3099 1529 3277 1602 digni-

1707 1627 1872 1674 tatem
1895 1634 2160 1688 usurpare
2186 1620 2432 1686 valuerit,
2459 1621 2605 1676 brevi
2645 1621 2817 1676 relatu
2853 1621 3133 1678 insinuare
3166 1632 3278 1676 sat-

1709 1727 1950 1782 agemns.
1986 1711 2051 1764 Et
2097 1712 2199 1767 hoc
2227 1728 2336 1768 non
2367 1715 2431 1768 ad
2466 1727 2652 1768 eorum
2703 1714 3135 1783 suggillatiouem
3181 1716 3275 1783 qui

1707 1805 1892 1858 lolium
1924 1804 2237 1872 apostaticae
2261 1805 2600 1878 contagionis
2639 1805 2845 1860 caelesti
2877 1806 3175 1862 ventilabro
3208 1806 3277 1860 ab

90 1893 253 1948 ximare
288 1895 425 1960 volo,
457 1895 620 1950 video
646 1898 939 1967 quamdam
985 1898 1040 1952 in
1089 1915 1156 1954 eo
1190 1899 1378 1955 sedere
1421 1901 1608 1954 virtu-
1638 1897 1678 1951 Β
1711 1894 1950 1949 Ecclesia
1976 1896 2276 1964 projectum
2307 1896 2372 1950 ad
2410 1913 2592 1952 aream
2621 1898 2914 1953 Dominicae
2950 1898 3145 1954 messis
3192 1913 3275 1954 re-

89 1991 168 2037 tem
192 1985 279 2054 (ο),
305 1986 508 2056 fulgore
537 1988 762 2044 luminis
791 1990 1080 2045 admodum
1129 1992 1448 2047 radiantem.
1483 1992 1605 2047 Mox

88 2087 186 2140 ergo
205 2073 332 2128 inter
360 2077 621 2146 gaudium
651 2085 706 2131 et
730 2095 980 2147 pavorem
1014 2097 1314 2149 suspensus
1332 2122 1346 2144 ,
1370 2097 1606 2152 agnosco

90 2176 154 2216 me
196 2172 342 2219 tanta:
396 2167 667 2223 sessionis
719 2184 946 2238 prorsus
1013 2172 1326 2242 indignum;
1381 2182 1434 2228 et
1497 2175 1604 2229 nisi

91 2249 287 2303 scandaii
337 2254 692 2309 seminarium
756 2259 959 2327 populo
1005 2259 1206 2315 inferre
1259 2262 1602 2327 titubassem,

90 2336 197 2392 haud
215 2340 422 2394 dubium
472 2343 606 2411 quin
634 2359 738 2399 nec
770 2347 872 2415 ipsi
900 2349 1138 2405 scabello
1165 2351 1407 2406 assidere
1439 2369 1605 2409 ausus

89 2428 285 2485 fuissem.
336 2433 462 2490 Inde
491 2443 599 2498 est,
650 2424 1108 2504 charissimi'ﬁlii,
1163 2442 1307 2512 quod
1351 2443 1506 2498 vobis
1550 2443 1604 2499 in

89 2517 163 2573 hoc
183 2523 519 2590 pontiﬁcalem
549 2527 792 2596 regulam
824 2528 1087 2584 excedere
1117 2531 1323 2586 videor.
1365 2535 1608 2589 Verum-

91 2620 229 2668 tamen
270 2616 542 2672 multoties
588 2619 809 2687 quando
854 2635 976 2676 eam
1027 2633 1310 2679 vacantem
1372 2629 1603 2698 aspicio,

90 2704 198 2759 sicut
236 2708 329 2779 ipsi
359 2718 528 2767 testes
555 2712 794 2779 adestis,
827 2729 980 2772 more
1010 2719 1172 2773 solito
1202 2720 1388 2777 sedere
1421 2725 1474 2777 in
1517 2724 1606 2779 illa

89 2813 170 2853 non
193 2800 375 2858 abnuo.
407 2803 756 2876 Quapropter
808 2807 1122 2878 hujusmodi
1177 2813 1410 2870 scientes
1451 2829 1608 2871 arca—

91 2905 210 2955 num.
237 2901 286 2950 et
310 2911 406 2966 pro
432 2909 587 2953 certo
614 2909 897 2969 expertum
930 2902 1212 2967 habentes.
1241 2906 1371 2977 quia
1401 2907 1445 2963 si
1476 2909 1606 2963 mihi

92 2977 216 3068 fuerit
238 2983 517 3050 indultum,
559 2988 761 3056 sedebo
791 3006 956 3060 super
982 3008 1101 3047 eam
1122 3035 1138 3057 ,
1184 3011 1292 3051 non
1324 2999 1609 3068 parvipen-

88 3066 192 3125 deus
217 3073 408 3132 ordinis
437 3077 782 3148 dignitatem,
817 3081 1054 3138 omittite
1094 3083 1206 3152 jam
1257 3066 1608 3157 popularibus

1708 1999 1902 2039 vocare
1945 1995 2072 2039 sunt
2102 1986 2262 2052 ausi;
2308 1987 2361 2038 hi
2396 1989 2538 2042 enim
2568 1993 2858 2047 sanctitate
2898 1991 3084 2062 procul
3112 1991 3278 2047 dubio

1705 2077 1949 2145 insignes
2001 2076 2286 2138 habentur,
2327 2075 2422 2131 sed
2478 2086 2657 2134 tamen
2703 2089 2857 2135 tanto
2896 2083 3012 2137 viro
3057 2083 3281 2139 credere

1708 2166 2196 2236 parvipendentes,
2231 2165 2430 2222 divina:
2470 2169 2737 2236 jussionis
2786 2171 3072 2227 interdicta
3099 2180 3274 2230 trans-

1705 2263 1877 2331 gressi
1912 2269 2061 2317 sunt.
2097 2262 2234 2329 Quid
2256 2264 2423 2335 ergo?
2475 2265 2924 2335 reprehendimus
2982 2269 3118 2323 eos?
3174 2272 3272 2324 mi-

1707 2355 1870 2409 nime.
1895 2353 2148 2420 Quandiu
2169 2355 2314 2411 enim
2346 2371 2446 2438 nos
2488 2357 2591 2411 hoc
2615 2358 2972 2428 corruptibile
3019 2372 3278 2430 aggravat

1706 2460 1906 2516 corpus
1960 2454 2015 2502 et
2075 2446 2330 2518 deprimit
2393 2459 2605 2503 terrena
2672 2451 2990 2507 inliabitatio
3056 2467 3275 2508 sensum

1706 2546 1907 2592 nostra:
1937 2539 2305 2604 inﬁrmitatis,
2359 2542 2516 2595 multi
2564 2543 2863 2612 cogitantes
2923 2543 3142 2599 facilius
3177 2543 3278 2599 fal-

1706 2631 1914 2695 luntur,
1955 2638 2210 2701 putantes
2266 2632 2472 2702 justum
2529 2649 2652 2689 esse
2683 2634 2828 2704 quod
2880 2642 2964 2691 est
3009 2636 3275 2706 iniquum,

1707 2729 1916 2779 castum
1946 2724 2093 2794 quod
2125 2730 2210 2779 est
2237 2725 2528 2780 incestum.
2559 2725 2872 2781 Gabaonitae
2904 2728 3111 2784 ctelesti
3133 2743 3282 2783 com-

1709 2813 2003 2871 minatione
2033 2815 2248 2885 penitus
2297 2816 2533 2883 delendi,
2583 2831 2706 2870 cum
2760 2817 2907 2872 aliud
2937 2819 3195 2874 haberent
3225 2819 3284 2875 in

1709 2916 1872 2971 voto,
1933 2915 1988 2961 et
2039 2905 2188 2960 aliud
2241 2907 2298 2960 in
2345 2921 2478 2961 voce
2531 2906 2826 2976 habituque
2862 2909 3278 2976 praetenderent,

1706 2996 1889 3054 Iesum
1927 2998 2365 3068 repromissionis
2400 3007 2558 3052 terra.
2585 2995 2949 3067 iustissimum
2987 2997 3281 3053 divisorem

1709 3091 1941 3146 celerius
1973 3090 2156 3146 fallere
2177 3098 2492 3161 potuerunt.
2530 3089 2697 3146 David
2731 3106 2946 3162 quoque
2979 3091 3280 3163 prophetali

90 3161 272 3220 ulterius
298 3165 473 3224 favere
491 3171 991 3230 inclamationibus.
1024 3174 1147 3230 Haec
1169 3178 1609 3236 nimirum-Pater
1654 3252 1684 3257 _
1710 3179 1927 3238 ﬁamine
1965 3183 2157 3252 plenus
2197 3198 2320 3238 cum
2355 3184 2517 3238 verba
2551 3161 2868 3240 mentientis
2891 3185 3044 3254 pueri
3078 3161 3146 3257 (ε)
3180 3201 3282 3239 au-

92 3257 414 3315 tanctissimus
445 3261 579 3315 dum
611 3263 789 3318 adhuc
811 3264 1014 3322 viveret
1048 3268 1116 3324 ad
1155 3284 1372 3326 sacrum
1408 3275 1612 3328 clerum
1640 3252 1685 3315 (ἶ
1715 3272 1920 3338 disset;
1949 3273 2077 3328 licet
2109 3274 2469 3344 investigahili
2511 3275 2768 3344 justoque
2809 3252 3150 3346 Deijudicio',
3199 3285 3281 3329 ta-

91 3354 265 3400 ooactus
288 3349 554 3418 exposuit.

145 3429 315 3487 Horum
344 3452 469 3506 ergo
502 3438 711 3493 Christi
745 3439 930 3498 ﬁdeles
974 3444 1062 3512 pia
1110 3443 1396 3504 devotione
1451 3450 1615 3505 remi-

93 3520 334 3591 niscentes,
361 3528 608 3581 tulerunt
634 3529 754 3598 ejus
807 3534 1240 3589 sacratissimum
1276 3553 1507 3608 corpus,
1561 3549 1615 3596 et

93 3611 327 3684 episcopali
363 3618 500 3673 solio
539 3619 900 3689 supersedere
933 3621 1196 3678 fecerunt.
1240 3626 1411 3682 Tanta
1459 3630 1614 3685 deni-

94 3716 172 3768 que
196 3704 356 3761 latitia
391 3716 656 3781 tantaque
689 3713 981 3768 exsultatio
1015 3715 1232 3771 caelitus
1265 3719 1464 3788 populo
1500 3724 1612 3776 col-

96 3789 174 3844 lata
199 3807 287 3860 est,
315 3812 374 3852 ac
407 3800 452 3854 si
479 3815 604 3853 eum
646 3801 942 3855 animatum
975 3818 1039 3858 ac
1076 3805 1344 3860 viventem
1374 3811 1616 3865 attende-

96 3893 201 3938 rent.
232 3887 414 3946 Deinde
457 3891 752 3947 odoriferis
798 3894 1113 3952 condientes
1145 3901 1480 3956 aromatihus
1528 3903 1614 3956 in-

95 3969 282 4028 duerunt
336 3980 482 4033 illum
544 3982 740 4037 sericis
798 3982 1176 4053 indumentis;
1245 3992 1618 4060 unusquisque

95 4062 204 4115 enim
250 4067 384 4136 quod
442 4071 751 4141 anticipare
803 4070 1025 4128 ferendo
1059 4085 1300 4144 poterat,
1358 4079 1460 4134 hoc
1515 4082 1617 4135 sibi

95 4154 335 4211 maximum
383 4161 594 4217 lucrum
635 4165 946 4235 deputabat.
978 4165 1114 4222 Tum
1167 4171 1410 4226 victricia
1466 4174 1618 4245 signa

98 4246 256 4310 palmas
284 4263 547 4320 gerentes,
603 4257 1010 4315 flammantibus
1041 4263 1215 4317 cereis
1235 4303 1249 4328 ,
1287 4280 1617 4336 concrepan-

98 4335 207 4443 tibus
235 4341 454 4413 hymnis,
487 4349 955 4424 ﬂagrantibusque
1005 4353 1467 4424 thymiamalibIIS.
1508 4375 1628 4443 009-.

99 4427 212 4486 lestis
242 4436 465 4492 victoria:
488 4440 830 4510 triumphum
861 4447 1219 4512 celebrantes,
1248 4431 1619 4520 deposuerunt

1715 3378 1838 3418 men
1883 3365 2041 3435 longe
2091 3365 2237 3419 aliud
2270 3368 2379 3435 egit
2411 3381 2571 3435 quam
2598 3381 2718 3422 esse
2750 3380 2838 3420 res
2879 3367 3086 3422 habuit.
3145 3368 3282 3435 Quid

1712 3454 1878 3508 etiam
1911 3457 2174 3525 apostolis
2224 3457 2530 3518 sublimius,
2575 3457 2665 3525 qui
2701 3473 2760 3511 se
2812 3473 2840 3510 a
2891 3469 3076 3513 nostra
3111 3460 3283 3515 imbe-

1714 3541 1936 3595 cillitate
1964 3551 2311 3612 sequestrare
2359 3543 2724 3597 notaverunt?
2759 3542 2892 3596 Nam
2923 3560 3064 3600 unus
3093 3561 3284 3602 eorum

1714 3629 1973 3685 describit
2027 3650 2041 3686 :
2093 3631 2159 3686 In
2201 3632 2381 3686 multis
2433 3633 2742 3702 offendimus
2802 3650 2975 3688 omnes
3036 3636 3075 3686 ⁸.
3134 3636 3284 3692 Alter

1715 3737 1965 3791 quoque:
1998 3723 2059 3778 Si
2101 3724 2414 3788 dixerimus,
2459 3725 2654 3794 inquit,
2699 3725 2826 3796 quia
2864 3735 3128 3793 peccatum
3180 3745 3282 3782 non

1715 3815 1984 3881 habemus,
2021 3817 2118 3885 ipsi
2147 3834 2241 3871 nos
2273 3816 2568 3871 seducimus
2618 3827 2667 3871 et
2699 3818 2888 3871 veritas
2916 3820 2968 3872 in
2997 3818 3144 3873 nobis
3181 3837 3284 3874 non

1716 3917 1792 3958 est
1822 3909 1864 3958 '.
1903 3903 2008 3960 Sed
2050 3922 2172 3960 cum
2206 3906 2397 3960 horum
2432 3923 2532 3961 nos
2569 3906 2813 3976 pcenitet,
2866 3915 3018 3962 tanto
3070 3907 3286 3963 facilius

1718 3999 1929 4052 veniam
1985 4014 2377 4067 promeremur,
2430 3999 2647 4068 quando
2697 4016 2805 4055 non
2854 4001 3132 4057 voluntate
3191 4002 3284 4056 sed

1718 4090 2024 4161 ignorantia
2052 4093 2135 4145 vel
2176 4091 2468 4161 fragilitate
2506 4094 2870 4161 peccavimus.
2903 4093 2967 4148 Et
2997 4103 3144 4150 certe
3186 4096 3284 4148 hu-

1715 4183 1953 4252 jusmodi
1981 4183 2183 4238 offensa
2214 4201 2320 4239 non
2343 4185 2408 4238 de
2435 4185 2894 4254 praevaricationis
2924 4185 3116 4241 aﬂectu
3136 4228 3151 4251 ,
3192 4187 3285 4242 sed

1717 4276 1784 4330 de
1814 4276 2206 4343 compassionis
2231 4276 2560 4346 indulgentia
2585 4279 2866 4344 processit.
2898 4276 3163 4332 Caeterum
3193 4295 3286 4332 su-

1720 4382 1813 4436 per
1870 4366 1955 4420 his
2012 4367 2401 4438 apologeticum
2468 4368 2775 4422 describere
2835 4369 2958 4424 aliis
3028 4369 3288 4439 relinqui—

1719 4474 1840 4513 mus
1866 4457 1971 4527 (d);
2015 4474 2113 4513 nos
2137 4467 2314 4514 autem
2343 4459 2486 4529 quod
2523 4459 2687 4514 instat
2715 4476 2955 4531 agamus.
2992 4459 3286 4532 Postquam

99 4533 271 4640 sanitas
305 4531 582 4602 reliquias,
613 4542 670 4588 et
696 4537 1022 4605 sepelierunt
1068 4555 1161 4596 eas
1190 4541 1244 4595 in
1281 4548 1612 4612 coemeterio,
1647 4586 1691 4640 ι)
1722 4550 1885 4619 igitur
1921 4549 2241 4620 magniﬁcus
2294 4559 2659 4623 propugnator
2687 4548 2900 4614 Petrus,
2938 4531 3155 4608 nomine
3187 4566 3288 4606 suo

101 4615 205 4677 quod
241 4620 430 4677 dudum
481 4624 552 4677 ab
598 4641 667 4679 eo
713 4624 887 4681 fuerat
934 4639 1337 4697 constructum,
1399 4636 1490 4690 ubi
1546 4653 1613 4692 ex

103 4709 196 4760 tunc
234 4721 280 4765 et
311 4731 479 4786 usque
534 4716 591 4770 in
650 4717 972 4777 hodiernum
1034 4723 1174 4778 diem
1229 4724 1614 4782 miraculorum

153 4864 213 4949 ςᾳ)
239 4866 463 4949 Lntelﬁge
488 4875 573 4929 vel
607 4875 794 4949 ipsum
817 4874 986 4949 Deum
1017 4881 1099 4933 vel
1133 4881 1401 4949 angelum.

237 4936 352 5020 Qua
399 4932 714 5015 ‘sequunt'ur
764 4945 830 4999 de
867 4948 999 5004 Ario
1043 4932 1449 5005 infelic’iterwad
1498 4967 1620 5020 pre—-

106 4999 376 5088 {Piiératum
410 4999 705 5088 assumpto
751 5029 781 5088 a_
823 4999 1335 5088 successore—Petri
1382 4999 1616 5088 λὶιτῖιίξι,

105 5069 500 5201 ῗῇυῐὲῐὲὲωηὶηό
524 5069 531 5070 “
551 5069 631 5139 ab‘
664 5085 817 5138 Actis
851 5069 1370 5145 caenosas}.
1388 5069 1614 5147 "me:

157 5190 360 5278 (ί)νῆίο
388 5224 469 5278 vel
499 5225 859 5281 Absalomum
885 5228 968 5280 vel
1002 5225 1208 5295 Sibam,
1244 5225 1287 5280 11
1329 5227 1458 5298 Reg.
1508 5248 1619 5296 xiv,

155 5367 296 5429 ‘Ju.
318 5391 394 5443 ιιι,
415 5377 468 5432 2.
546 5382 568 5413 ²
609 5379 638 5434 1
671 5377 832 5434 Ιοαη.
869 5397 905 5446 l,
931 5383 982 5438 8.

1717 4639 1934 4710 dignus,
1964 4655 2055 4710 per
2077 4642 2319 4712 martyrii
2342 4641 2764 4712 triumphum...

2176 4731 2396 4803 Reliqua
2447 4733 2830 4786 desiderantur.

1719 4885 2316 5028 ὅὲξάῖέὶιὲὴηβωιε
2366 4958 2644 5022 defensio;
2673 4972 2735 5012 ex
2768 4971 2872 5028 qua
2915 4959 3077 5028 etiam
3116 4959 3289 5027 conji-

1721 5025 1827 5098 cio.
1853 5023 2099 5098 Graecum
2139 5026 2284 5098 Petri
2332 5027 2687 5097 biographum
2720 5023 2904 5098 prope
2934 5027 3174 5082 abfuisse
3219 5023 3289 5082 ab

1722 5095 1966 5168 ejusdem
1999 5097 2354 5168 temporibus,
2385 5095 2822 5168 quandoquidem
2842 5095 3039 5167 'ipsius
3069 5112 3288 5168 succes-

1725 5166 1858 5246 sori,
1890 5166 2048 5246 quasi
2073 5167 2249 5221 adhuc
2293 5166 2525 5224 recentis
2561 5166 2852 5234 memoriae,
2891 5166 3010 5222 tam
3046 5167 3291 5224 studiose

1725 5243 2116 5304 patrocinatur.
