4036 6320
203 427 298 484 ιω

1414 420 1752 479 EPISTOLA
1789 418 2158 478 CANONICA.

3331 421 3439 477 I70

207 540 388 613 phus;
431 537 673 609 διάφορά
704 553 826 591 τινα
852 537 945 589 καὶ
966 535 1257 604 ἀναγκαῖα,
1283 536 1439 606 χάριν
1472 534 1580 587 τῶν
1605 535 1774 606 ἀρνη-

1880 531 2076 586 ﬁniunt
2098 532 2155 587 in
2185 530 2416 602 gratiam
2438 545 2627 588 eorum
2663 529 2757 603 qui
2806 529 2977 586 Deum
3005 506 3365 602 abnegaruut,
3385 541 3441 587 et

208 631 388 687 σιθέων
413 627 724 703 ζητούντων
771 627 1078 699 μετάνοιαν,
1115 627 1212 680 καὶ
1249 628 1375 696 περὶ
1405 625 1510 679 τῶν
1540 627 1769 696 αὐτομοο

205 722 472 792 λησάντων
517 723 603 783 είς
656 720 720 772 τὺ
753 719 1049 793 μαρτύριον
1077 721 1172 772 καὶ
1203 718 1653 779 ἐκπεπτωκότων,
1679 717 1772 770 καὶ

205 813 354 870 πάλιν
400 811 856 883 ὁμολογησάντων
911 811 1010 881 τὴν
1059 808 1260 874 πίστιν,
1299 810 1395 862 καὶ
1429 809 1556 880 περὶ
1598 807 1771 862 ἄλλων

202 903 352 956 τινῶν
410 899 694 953 τοιούτων.
748 901 908 967 Ζὴτει
941 897 1255 966 ἀναγκαίως
1280 899 1372 950 καὶ
1405 900 1529 960 τοὺς
1559 896 1773 959 πλείους

203 995 421 1057 κανόνας
445 993 552 1063 τῆς
576 996 635 1047 ὲν
681 991 924 1064 ’Δγκύρᾳ
953 991 1193 1046 συνόδου.

266 1086 509 1143 ΖΩΝΔΡ.
557 1086 861 1157 Διαιρέσεις
901 1086 1134 1138 ποιεῖται
1160 1084 1189 1136 ό
1226 1083 1380 1152 ἀγιος
1415 1075 1568 1146 οὗτος
1587 1081 1774 1153 Πατὴρ

201 1179 299 1233 τῶν
327 1179 386 1234 ιν
442 1179 707 1250 διωγμοῖς
753 1178 1148 1249 ἀρνησαμένων
1199 1176 1298 1247 τὴν
1347 1176 1530 1229 πίστιν
1560 1178 1657 1244 τὴν
1697 1175 1773 1226 0i—

199 1270 365 1335 κείαν,
399 1270 494 1324 καί
543 1286 728 1340 φησιν,
757 1270 840 1322 δτι
881 1272 992 1332 τοῖς
1025 1267 1236 1338 ἀχθεῖσι
1275 1267 1409 1337 πρὸς
1431 1268 1556 1329 τοὺς
1577 1267 1774 1337 τυράν-

199 1381 334 1428 νους,
363 1366 460 1417 καὶ
481 1365 564 1426 είς
589 1363 836 1434 φυλακὴν
866 1361 1203 1433 ἐμϐληθεῖσι,
1224 1359 1484 1432 βασάνους
1507 1378 1564 1413 τε
1587 1360 1776 1429 ἀνηκέ-

202 1470 347 1517 στους
367 1452 836 1526 ὑπομεμενηκόσι,
861 1453 959 1507 καὶ
988 1451 1327 1524 ἀφρονήτους
1351 1449 1414 1520 (Ῑ.
1449 1448 1776 1521 ἀφορήτους)

203 1545 486 1617 μάστιγας,
502 1544 599 1598 καὶ
623 1544 804 1614 σχεδὸν
823 1544 1074 1606 ἀνιάτους
1096 1543 1190 1596 καὶ
1205 1541 1606 1614 ἀθεραπεύτους
1627 1541 1776 1612 (ἄκος

199 1636 301 1708 γάρ
326 1639 359 1709 ἡ
382 1636 652 1707 θεραπεία
677 1635 814 1696 ἐστὶ,
839 1635 932 1688 καὶ
959 1635 1254 1703 ἀνήκεστον
1273 1633 1334 1686 τὸ
1364 1631 1774 1705 ἀθεράπευτον),

200 1732 287 1784 καὶ
302 1730 468 1792 ἀλλας
489 1729 752 1797 ἀνάγκας,
771 1727 866 1781 καὶ⁵
891 1726 1030 1799 μετὰ
1054 1727 1222 1780 ταῦτα
1251 1724 1560 1794 ὑποκύψασι
1580 1725 1674 1778 καὶ
1693 1724 1779 1776 θύ-

203 1838 369 1885 σασιν,
395 1820 473 1884 ὡς
508 1820 616 1874 ὑπδ
645 1820 744 1890 τῆς
771 1816 1051 1880 ἀσθενείας
1075 1818 1174 1889 τῆς
1203 1818 1404 1890 σαρκὸς
1449 1816 1774 1889 προδοθεῖσι,

1872 623 2246 693 paenitentiam
2268 630 2481 694 petunt,
2511 631 2566 679 et
2587 625 2653 680 de
2684 624 2750 680 iis
2781 625 2875 696 qui
2906 623 2975 679 ad
3005 625 3324 696 martyrium
3360 627 3442 678 ul-

1873 725 1956 772 tro
1988 717 2338 784 advolarunt,
2371 726 2425 774 et
2453 719 2594 791 lapsi
2633 727 2782 785 sunt,
2814 727 2867 774 et
2897 734 3091 774 rursus
3121 718 3282 775 ﬁdem
3311 728 3444 776 sunt

1871 805 2210 871 confessi,et
2243 808 2311 863 de
2363 808 2487 864 aliis
2536 809 2858 879 quibusdam
2905 810 3197 878 ejusmodi.
3251 809 3446 876 Quaere

1872 901 2035 956 etiam
2066 916 2178 955 non
2218 902 2426 972 absque
2456 900 2638 957 fructu
2668 903 2932 973 plurimos
2965 917 3204 959 canones
3246 904 3444 975 synodi

1873 990 2198 1062 Ancyranze.

1945 1083 2147 1138 Zona.
2183 1083 2332 1139 Inter
2354 1099 2449 1139 eos
2467 1086 2559 1156 qui
2588 1085 2918 1141 turbulentis
2945 1085 3280 1156 temporibus
3317 1100 3447 1156 pro-

1874 1176 2049 1246 priam
2083 1174 2239 1230 ﬁdem
2269 1175 2631 1245 abnegarunt,
2649 1175 2943 1232 discrimen
2967 1184 3191 1232 sanctus
3215 1177 3305 1231 hic
3340 1175 3447 1231 Pa-

1875 1278 1958 1323 ter
1999 1267 2212 1329 statuit,
2257 1267 2461 1337 aitque,
2490 1267 2587 1336 qui
2619 1268 2688 1320 ad
2717 1275 2980 1340 tyrannos
3021 1269 3101 1323 rei
3144 1268 3251 1323 acti
3293 1279 3442 1333 sunt,

1876 1375 1941 1414 ac
1964 1362 2022 1416 in
2049 1360 2269 1414 vincula
2304 1359 2560 1428 conjecti,
2597 1366 2975 1430 tormentaque
3008 1361 3328 1431 gravissima
3349 1360 3447 1416 lla-

1878 1453 2124 1523 gellaque
2160 1451 2663 1515 baudtolerabilia,
2697 1467 2926 1522 quaeque
2961 1454 3109 1508 nulla
3154 1469 3445 1526 propemo-

1877 1543 2006 1597 dum
2037 1555 2191 1604 cura,
2224 1549 2318 1594 aut
2345 1538 2614 1595 medicina
2646 1539 2827 1594 sanari
2861 1549 3086 1608 possent
3115 1540 3267 1611 (ἄκος
3292 1557 3451 1596 nam-

1877 1649 1983 1706 que
2025 1635 2351 1686 curationem
2391 1629 2697 1702 signiﬁcat,
2741 1638 2934 1702 estque
2970 1633 3269 1702 ἀνήκεστον
3304 1633 3446 1688 idem

1877 1725 2022 1796 quod
2044 1717 2474 1790 immedicabile),
2505 1723 2750 1791 aliasque
2779 1723 3138 1780 necessitates
3170 1725 3449 1780 sustinue-

1879 1823 2045 1880 runt;
2083 1828 2146 1868 ac
2174 1819 2365 1883 postea
2392 1812 2815 1867 succumbentes
2848 1812 3222 1877 immolarunt,
3255 1813 3449 1867 veluta

205 1914 272 1984 μὴ
319 1913 644 1985 δυνηθείσης
691 1912 853 1983 μέχρι
894 1910 1079 1974 τέλους
1109 1911 1511 1983 ἐγκαρτερῆσαι
1536 1915 1646 1974 τοῖς
1680 1909 1775 1962 άλ-

1880 1907 2060 1962 carnis
2101 1905 2473 1959 imbecillitate
2515 1903 2740 1975 proditi,
2786 1918 2906 1974 qua:
2944 1903 3012 1958 ad
3067 1902 3226 1964 tinem
3275 1920 3451 1974 usque

201 2008 408 2073 γεινοίς,
442 2005 652 2077 ἀρκεῐό
682 2003 965 2074 παρελθὼν
997 2003 1186 2074 χρόνος
1208 2004 1287 2066 είς
1314 2002 1652 2072 ἐπιτίμησιν.
1676 2000 1776 2052 Τέ-

202 2111 389 2165 ταρτον
416 2095 530 2166 γάρ
552 2111 714 2166 φησιν
745 2095 846 2165 ἥδη
893 2093 1085 2163 Πάσχα
1112 2093 1533 2163 ὲπικατείληφεν
1552 2133 1566 2155 ,
1590 2091 1770 2158 ὲξότου

204 2186 518 2241 πεπτώκασι
560 2187 658 2258 τὴν
713 2186 971 2257 μεγίστην
1024 2183 1250 2238 πτῶσιν.
1290 2185 1396 2237 Καὶ
1424 2186 1471 2237 εἰ
1513 2185 1654 2253 τάχα
1684 2185 1777 2238 καὶ

206 2276 260 2339 ἐξ
278 2276 475 2348 ἀρχῆς,
510 2277 598 2329 ὅτε
624 2273 926 2345 προσῆλθον
957 2271 1405 2342 μεταμελόμενοι,
1426 2272 1525 2324 οὐκ
1552 2270 1776 2340 ἐδέχθη-

207 2365 325 2430 σαν,
355 2369 509 2438 ὅμως
544 2369 626 2420 ὅτι
653 2368 714 2419 οὺ
750 2367 889 2420 κατά
949 2367 1265 2437 προαίρεσιν
1288 2358 1453 2434 ἦλθον
1486 2364 1565 2425 είς
1593 2362 1652 2414 τὺ
1684 2360 1777 2414 θῦ-

208 2469 312 2519 σαι,
345 2457 440 2509 καὶ
471 2456 806 2523 ἀντέστησαν
830 2455 1082 2518 ὲκπιπολὺ,
1113 2455 1209 2508 καὶ
1242 2453 1517 2522 στίγματα
1549 2451 1641 2506 τοῦ
1677 2453 1778 2523 Ἰη-

208 2544 317 2611 σοῦ,
344 2547 512 2617 ἡγουν
551 2544 821 2616 μώλωπας
847 2546 955 2598 τῶν
978 2545 1331 2618 τραυμάτων,
1365 2536 1439 2597 ὧν
1468 2543 1777 2614 ὑπέστησαν

208 2640 338 2711 ὑπὲρ
366 2639 461 2694 τοῦ
491 2639 748 2712 Χριστοῦ,
779 2639 982 2710 ἔχουσι,
1019 2639 1114 2693 καὶ
1146 2641 1246 2711 ήδη
1273 2640 1455 2713 τρίτον
1486 2641 1604 2703 έτος
1633 2659 1776 2712 παρ-

208 2730 362 2799 ῆλθεν
391 2731 732 2784 πενθούντων
766 2732 942 2785 αὐτῶν
974 2732 1061 2786 διὰ
1085 2733 1182 2804 τὴν
1212 2732 1438 2796 πτῶσιν,
1459 2747 1775 2803 προσεπιτι-

213 2821 442 2894 μηθῆναι
489 2823 705 2895 ὥρισεν,
742 2824 862 2876 ἀντὶ
886 2823 1003 2887 τοῦ,
1050 2827 1142 2878 ἐπὶ
1182 2824 1340 2877 πλέον
1367 2825 1773 2896 ἐπιτιμηθῆναι,

208 2913 365 2979 ἄλλας
436 2914 847 2988 τεσσαράκοντα
915 2916 1128 2987 ἡμέρας
1219 2916 1401 2980 έξότου
1473 2915 1777 2986 προσῆλθον

210 3002 493 3077 ζητοῦντες
546 3007 802 3079 δεχθῆναι
825 3025 839 3038 ·
881 3009 940 3061 ὲν
984 3003 1073 3072 αἷς
1132 3009 1224 3062 ἐπὶ
1272 3008 1433 3064 πλέον
1473 3009 1778 3078 γυμνασίαν

211 3099 588 3166 έπιδείεαντες,
611 3103 703 3154 καὶ
729 3100 1088 3172 εὐτονώτερον
1108 3099 1394 3172 νήψαντες,
1419 3100 1584 3168 ἧγουν
1615 3116 1778 3152 σπου-

209 3187 477 3262 δαιότερον
532 3193 860 3264 προσχόντες
919 3194 1154 3255 ἑαυτοῖς,
1210 3192 1648 3262 γρηγορήσουσιν
1695 3193 1775 3252 είς

186 3269 510 3354 ’προσευχὰς
533 3325 548 3348 ,
599 3284 1108 3356 καταμελετῶντες,
1173 3284 1339 3353 ἡγουν
1421 3281 1660 3352 συνεχῶς
1716 3284 1772 3334 ὲν

211 3375 440 3443 φροντίδι
490 3375 820 3445 ποιούμενοι,
852 3375 948 3428 καὶ
989 3373 1254 3438 λέγοντες,
1282 3372 1318 3428 ἀ
1341 3375 1370 3426 ό
1402 3372 1604 3444 Κύριος
1638 3373 1772 3444 πρὸς

210 3464 293 3517 τὸν
314 3467 638 3540 πειράζοντα
675 3461 846 3519 εἶπεν·
881 3465 1096 3534 Ὕπαγε
1119 3465 1310 3519 ὀπίσω
1332 3483 1470 3533 μου,
1501 3463 1731 3519 Σατανᾶ
1753 3481 1768 3496 ο

212 3553 519 3624 τέτρωται
544 3554 689 3624 γάρ·
729 3557 944 3623 Κύριον
972 3556 1079 3608 τὸν
1108 3557 1257 3609 Θεόν
1288 3571 1403 3608 σου
1439 3554 1775 3623 προσκυνή-

211 3661 354 3712 σεις,
383 3647 480 3700 καὶ
509 3645 667 3710 αὐτῷ
693 3647 859 3715 μόνῳ
886 3646 1254 3714 λατρεύσεις.

813 3831 1050 3884 ΚΑΝΩΝ
1078 3831 1153 3882 B'.

281 3940 301 3974 ι
345 3924 468 3988 Τοῖς
493 3924 550 3978 δὲ
579 3924 715 3995 μετὰ
745 3923 804 3976 τὸ
838 3923 1240 3993 φυλακισθῆναι,
1277 3925 1434 3990 μόνον
1469 3926 1488 3956 ³
1514 3926 1606 3978 καὶ
1639 3924 1772 3978 imo-

220 4028 239 4062 ι
268 4016 628 4086 μεμενηκέναι
670 4016 769 4079 τὰς
794 4017 850 4069 ὲν
882 4015 959 4086 τῷ
992 4016 1368 4088 δεσμωτηρίῳ,
1402 4017 1476 4080 ὡς
1501 4017 1565 4070 ἂν
1596 4021 1652 4070 ἐν
1678 4036 1774 4072 πο-

219 4117 238 4153 ι
269 4100 502 4175 λιορκίᾳ,
572 4104 778 4174 θλίψεις
833 4123 890 4159 τε
945 4106 1038 4160 καὶ
1094 4106 1383 4171 δυσωδίας,
1442 4107 1666 4180 ὕστερον
1718 4111 1813 4166 δὲ.

219 4209 237 4245 ι
272 4195 435 4265 χωρὶς
457 4194 695 4266 πολέμου
723 4197 969 4266 βασάνων
987 4198 1298 4270 γενομένοις
1318 4201 1360 4231 ⁸*
1388 4202 1772 4271 αἰχμαλώτοις,

220 4302 237 4335 ι
270 4285 405 4341 κατά
457 4288 655 4360 πολλὴν
710 4293 978 4362 πτωχείαν
1016 4291 1314 4362 δυνάμεως,
1348 4295 1439 4346 καὶ
1476 4294 1618 4348 κατά
1660 4313 1776 4348 τινα

219 4392 238 4428 t
272 4377 574 4448 τυφλότητα
649 4380 1102 4452 τεθραυσμένοις,
1172 4384 1463 4454 ἐπαρκέσει
1533 4386 1775 4450 ἐνιαυτὸς

219 4486 236 4518 ι
275 4469 403 4539 πρὸς
449 4469 529 4539 τῷ
571 4470 742 4541 ἑτέρῳ
773 4473 976 4544 χρόνῳ⁸
1021 4473 1142 4526 ἐπεὶ
1178 4473 1314 4538 ὅλως
1352 4475 1444 4527 καὶ
1474 4477 1626 4528 αὐτοὶ
1656 4478 1775 4528 ἐπιο

220 4578 238 4610 ι
267 4560 557 4617 δεδώκασιν
613 4564 839 4626 ἑαυτοὺς
887 4566 1027 4636 ὑπὲρ
1052 4565 1146 4618 τοῦ
1204 4566 1466 4638 ὀνόματος
1505 4567 1596 4619 τοῦ
1639 4570 1776 4639 Χρι-
1809 4599 1855 4657 D

220 4669 238 4702 ι
272 4655 392 4710 στοῦ
420 4656 443 4688 ⁸
469 4655 744 4724 θλιϐἧναιο
793 4658 841 4710 εί
882 4658 977 4710 καὶ
1013 4657 1323 4711 ἀπέλαυσαν
1375 4660 1433 4712 ὲν
1473 4659 1548 4729 τῷ
1570 4659 1778 4730 δεσμω-

220 4761 238 4793 l
269 4749 434 4819 τηρίῳ
473 4750 572 4817 τῆς
623 4746 773 4818 παρά
828 4748 937 4801 τῶν
987 4750 1230 4819 ἀδελφῶν
1285 4749 1487 4820 πολλῆς
1534 4752 1780 4807 ἀναπαύ-

222 4854 241 4888 ι
273 4853 422 4904 σιως.
451 4843 631 4913 ’Δπερ
663 4840 1097 4896 πολλαπλασίονα
1141 4843 1512 4910 ἀποδώσουσι,
1556 4845 1782 4898 ποθοῦν-

227 4946 244 4979 ι
277 4946 361 4994 τες
410 4933 752 5004 λυτρωθῆναι
799 4933 907 4985 ἀπὸ
957 4933 1058 5003 τῆς
1110 4937 1445 5007 πικροτάτης
1500 4938 1778 5007 αἰχμαλω-

223 5039 240 5072 ι
277 5021 392 5087 σίας
414 5025 510 5078 τοῦ
535 5025 802 5089 διαϐόλου,
846 5028 1177 5097 μεμνημένοι
1215 5030 1448 5100 μάλιστα
1473 5029 1564 5083 τοῦ
1590 5031 1774 5098 λέγον.

222 5130 240 5166 ⁸
272 5129 380 5180 τος·
402 5119 646 5188 Πνεῦμα
676 5120 782 5173 τοῦ
805 5118 849 5150 ⁵⁸
876 5121 1098 5186 Κυρίου
1120 5122 1212 5174 ἐπ’
1236 5124 1361 5191 ἐμὲ,
1388 5119 1460 5179 οὗ
1485 5122 1690 5176 ἕνεκεν
1710 5127 1775 5154 ιο·

226 5224 243 5256 ι
275 5201 478 5277 ἕχρισέ
494 5226 570 5276 με
594 5227 606 5239 ·
634 5209 1138 5279 εὐαγγελίσασθαι
1154 5213 1410 5282 πτωχοῖς
1435 5213 1778 5268 ἁπέσταλκέ

225 5313 242 5346 ι
273 5313 364 5366 με,
395 5298 647 5366 κηρύξαι
687 5297 1082 5370 αἰχμαλώτοις
1123 5301 1360 5372 ἄφεσιν,
1398 5304 1496 5360 καί
1528 5304 1778 5374 τυφλοῖς

223 5401 244 5438 t
278 5383 625 5455 ἀνάϐλεψιν,
651 5382 1003 5443 ἀποστεῖλαι
1033 5393 1510 5462 τεθραυσμένους
1538 5395 1607 5447 ἐν
1635 5394 1777 5462 ἀφέ-

1801 3254 1843 3309 C

1878 1995 2149 2051 obdurare
2192 1995 2249 2047 in
2297 1993 2583 2048 doloribus
2635 1993 2780 2047 haud
2830 1994 3090 2065 potuerit,
3123 1994 3190 2051 iis
3233 1995 3450 2050 mulctc

1879 2087 2100 2141 nomine
2145 2085 2440 2140 decursum
2488 2085 2604 2154 jam
2635 2094 2855 2155 tempus
2890 2085 3155 2142 sullicere.
3183 2084 3448 2152 Quartum

1879 2179 2173 2250 siquidem,
2209 2178 2406 2247 inquit.
2441 2176 2652 2232 Pascha
2681 2177 2794 2246 jam
2825 2186 3079 2233 exactum
3125 2188 3229 2244 est,
3252 2193 3320 2232 ex
3342 2194 3452 2248 quo

1878 2272 1936 2326 in
1960 2272 2342 2343 gravissimum
2379 2271 2525 2324 hunc
2578 2269 2819 2324 incidere
2871 2285 3083 2325 casum.
3123 2270 3202 2324 Ac
3237 2271 3452 2326 etiamsi

1878 2361 2020 2418 forte
2051 2362 2208 2416 initio
2241 2376 2366 2415 cum
2399 2359 2722 2431 poenitentia
2751 2359 2900 2414 ducti
2936 2369 3312 2424 accesserunt,
3341 2375 3454 2414 non

1879 2462 2006 2511 sunt
2036 2454 2300 2524 suscepti,
2336 2459 2520 2508 tamen
2553 2450 2684 2522 quia
2731 2465 2841 2505 non
2893 2457 3090 2520 sponte
3133 2464 3456 2520 processere

1878 2543 1947 2599 ad
1988 2544 2384 2599 immolandum
2414 2543 2621 2613 diuque
2663 2550 3054 2611 repugnarunt,
3098 2555 3163 2596 ac
3196 2541 3452 2610 stigmata

1876 2639 2027 2702 Jesu,
2057 2638 2345 2693 vulnerum
2371 2653 2566 2707 nempe
2603 2651 2725 2706 qum
2753 2651 2852 2706 pro
2885 2633 3104 2690 Christo
3136 2635 3451 2690 sustinuere

1877 2729 2163 2785 cicatrices
2193 2736 2425 2799 gerunt:
2460 2728 2765 2796 tertiusque
2788 2727 2901 2797 jam
2933 2724 3137 2781 efﬂuxit
3167 2740 3343 2780 annus
3380 2742 3450 2780 ex

1876 2838 1987 2895 quo
2015 2823 2200 2892 lugent
2230 2821 2446 2891 lapsum
2475 2820 2649 2883 illum,
2672 2819 2895 2889 insuper
2918 2818 3193 2883 mulctari,
3219 2817 3321 2871 hoc
3346 2827 3450 2882 est,

1878 2914 2015 2970 alios
2033 2913 2213 2968 adhuc
2239 2907 2600 2982 quadraginta
2633 2909 2750 2964 dies
2781 2925 2848 2964 ex
2875 2923 2982 2979 quo
3013 2908 3080 2962 ad
3113 2895 3452 2963 communio-

1877 3018 2002 3060 nem
2038 3004 2251 3058 admitti
2299 3003 2642 3073 postulantes
2687 3006 3070 3064 accesserunt,
3101 2999 3320 3052 mulctas
3347 3012 3450 3051 no-

1877 3096 2024 3149 mine
2056 3093 2424 3164 injungendos
2445 3109 2566 3149 esse
2587 3092 2852 3148 decernit.
2876 3089 2935 3145 In
2964 3091 3165 3161 quibus
3188 3090 3451 3159 majorem

1880 3185 2058 3239 adhuc
2099 3185 2454 3240 ostendentes
2503 3184 2831 3255 poenitentiae
2869 3180 3340 3248 exercitationem,
3397 3185 3452 3232 et

1878 3276 2164 3340 intentius,
2199 3275 2304 3330 hoc
2347 3282 2452 3339 est,
2490 3275 2782 3330 attentiore
2822 3287 2958 3329 cura
3003 3272 3339 3342 jejunantes,
3365 3278 3450 3323 at-

1879 3366 2162 3422 tendentes
2195 3366 2574 3436 sibimetipsis,
2594 3366 2819 3436 vigilent
2855 3364 2910 3417 in
2940 3361 3304 3428 orationibus,
3337 3375 3453 3414 me-

1877 3462 2135 3527 ditantes,
2168 3459 2275 3513 hoc
2324 3465 2408 3513 est
2443 3458 2626 3510 animo
2661 3465 2922 3526 perpetuo
2952 3462 3258 3517 versantes,
3289 3467 3452 3508 voce-

1877 3570 1983 3624 que
2007 3559 2340 3621 usurpantes
2374 3563 2495 3619 quae
2526 3547 2793 3601 Dominus
2823 3543 2891 3598 ad
2922 3551 3245 3598 tentatorem
3271 3543 3447 3599 dixit:

1877 3646 1977 3700 Abi
2007 3661 2137 3714 pone
2168 3659 2267 3708 me,
2312 3641 2560 3704 Satana;
2598 3639 2849 3706 scriptum
2873 3644 2951 3690 est
2979 3634 3453 3690 enim:Dominum

1879 3739 2047 3794 Deum
2078 3748 2224 3791 tuum
2247 3733 2520 3798 adorabis,
2547 3742 2597 3784 et
2623 3731 2705 3784 illi
2731 3731 2832 3785 soli
2861 3729 3072 3783 servies.

2491 3822 2720 3879 CANON
2762 3822 2826 3877 ll.

1953 3941 1976 3974 ε
2017 3921 2088 3977 lis
2116 3933 2295 3975 autem
2341 3918 2434 3989 qui
2480 3926 2770 3988 postquam
2817 3916 2876 3969 in
2914 3912 3218 3969 custodiam
3268 3911 3451 3965 traditi

1885 4035 1904 4068 ι
1953 4025 2102 4081 sunt,
2131 4022 2187 4069 et
2218 4015 2274 4068 in
2308 4027 2548 4076 carcere,
2600 4018 2858 4080 tanquam
2912 4009 2967 4062 in
3017 4007 3322 4070 obsidione,
3370 4005 3452 4057 ai-

1887 4125 1905 4157 ι
1953 4103 2223 4158 ﬂictiones
2254 4116 2557 4173 gravesque
2599 4099 2799 4154 fetores
2850 4099 2997 4170 passi
3054 4105 3211 4164 sunt;
3264 4105 3453 4166 postea

1886 4215 1904 4248 ι
1953 4203 2136 4249 autem
2171 4195 2288 4250 sine
2322 4193 2462 4246 bello
2489 4198 2888 4245 tormentorum
2920 4189 3123 4258 captivi
3148 4187 3277 4242 facti
3299 4194 3451 4250 sunt,

1886 4308 1905 4343 ι
1949 4287 2116 4342 nimia
2141 4286 2337 4340 virium
2360 4286 2541 4353 inopia
2564 4293 2616 4337 et
2640 4281 2876 4352 quadam
2898 4283 3145 4336 caecitate
3162 4279 3450 4346 confracti,

1885 4399 1905 4432 ι
1951 4393 2128 4433 annus
2158 4377 2225 4431 ad
2269 4377 2415 4430 aliud
2458 4384 2674 4444 tempus
2705 4374 2985 4444 injunctus
3022 4372 3250 4428 sulliciet
3284 4392 3295 4426 :
3326 4388 3451 4425 nam

1887 4491 1905 4523 ι
1954 4472 2058 4541 ipsi
2082 4485 2300 4539 quoque
2329 4485 2388 4524 se
2425 4466 2650 4524 omnino
2677 4482 2776 4536 pro
2810 4465 3030 4520 nomine
3083 4464 3288 4518 Christi
3318 4464 3455 4517 aflli-

1887 4580 1905 4612 ‹
1947 4559 2153 4632 gendos
2192 4557 2432 4614 dedere:
2481 4559 2525 4613 si
2559 4559 2723 4613 etiam
2755 4573 2785 4610 a
2834 4556 3094 4611 fratribus
3138 4557 3193 4609 in
3234 4571 3455 4609 carcere

1887 4674 1906 4707 ι
1952 4653 2178 4706 multam
2200 4651 2629 4706 consolationem
2677 4650 2912 4705 assecuti
2966 4656 3112 4701 sunt.
3168 4647 3298 4713 Quae
3333 4649 3456 4717 qui-

1888 4766 1906 4798 ι
1955 4747 2076 4801 dem
2109 4744 2471 4815 multiplicata
2509 4743 2771 4807 reddent,
2808 4743 3029 4797 liberari
3076 4743 3360 4811 cupientes
3387 4741 3456 4796 ab

1887 4860 1905 4892 ι
1953 4838 2310 4894 acerbissima
2334 4839 2651 4908 captivitate
2678 4837 2902 4900 diaboli,
2939 4836 3063 4904 ejus
3101 4836 3335 4888 maxime
3371 4849 3456 4886 re-

1888 4949 1908 4983 ι
1954 4930 2245 4985 cordantes
2278 4933 2371 5000 qui
2407 4929 2540 4984 dicit
2573 4947 2586 4981 :
2625 4927 2859 4995 Spiritus
2906 4925 3121 4978 Domini
3163 4939 3318 4991 super
3351 4940 3451 4988 me,

1885 5040 1903 5072 ι
1951 5037 2109 5091 quam
2155 5021 2218 5075 ob
2251 5037 2470 5074 causam
2499 5025 2653 5071 unxit
2697 5034 2777 5070 me
2809 5033 2826 5069 :
2857 5026 2913 5068 ut
2946 5013 3262 5084 pauperibus
3292 5032 3455 5067 evan-

1887 5131 1905 5164 ι
1951 5113 2233 5183 gelizarem
2262 5113 2406 5165 misit
2441 5127 2540 5174 me,
2575 5119 2624 5162 et
2663 5108 3036 5162 annuntiarem
3072 5106 3292 5175 captivis
3328 5105 3457 5160 libs-

1886 5225 1904 5260 ι
1954 5206 2232 5270 rationem,
2267 5215 2316 5258 et
2348 5204 2498 5258 cazcis
2529 5204 2668 5257 visus
2709 5201 3174 5271 recuperationem,
3207 5208 3256 5254 et
3282 5200 3456 5253 mitte-

1890 5319 1907 5350 ι
1951 5315 2058 5352 rem
2113 5297 2312 5365 fractos
2372 5296 2427 5348 in
2479 5295 2861 5358 remissionem,
2916 5292 3205 5358 prcedicare
3256 5307 3453 5345 annum

1890 5412 1907 5444 ι
1955 5390 2171 5445 Domini
2205 5387 2600 5457 acceptabilem,
2624 5397 2673 5442 et
2695 5388 2832 5442 diem
2868 5387 3225 5442 retributionis
3252 5399 3300 5441 ι.
3333 5402 3353 5436 ι

224 5493 241 5527 ι
274 5493 388 5543 σει,
420 5481 671 5548 κηρύξαι
697 5483 973 5537 ἐνιαυτὸν
999 5486 1219 5554 Κυρίου
1247 5487 1480 5552 δεκτόν,
1515 5491 1610 5544 καὶ
1642 5488 1871 5560 ἡμέραν
1886 5487 2365 5553 ἁνταποδόσεως.
2392 5506 2414 5538 ›

286 5645 318 5674 ι
346 5633 450 5691 ha.
483 5653 597 5705 ιιι,
631 5639 774 5709 1,2;
799 5638 927 5695 Luc.
961 5655 1035 5705 tv,
1074 5643 1162 5708 l8,
1197 5645 1280 5699 l9.

1454 5756 1684 5813 VARUE
1722 5751 2123 5810 LECTIONES.

321 5892 341 5925 ³
361 5895 511 5962 μόνον
533 5910 643 5958 om.
719 5897 762 5930 ³⁸
795 5896 1118 5967 γενομένων.
1196 5897 1218 5931 ⁸
1248 5898 1340 5954 τοῦ
1372 5895 1606 5968 Χριστοῦ
1635 5913 1744 5953 om.
1820 5866 1989 5950 δ”τοῦ
2022 5910 2130 5953 om.
2209 5885 2276 5919 ⁸⁶⁶
2299 5895 2525 5951 εἵνεκεν.
