4036 6320
629 381 729 439 nt
1660 381 1717 438 s.
1752 382 1957 439 PETRI
1996 372 2466 442 “eumnam
2505 385 2814 443 Episcopi
3120 430 3123 432 .
3639 366 3645 370 ’
3745 395 3852 452 m

699 495 862 552 Βιιο.
891 491 990 548 Hic
1013 508 1189 551 canon
1218 496 1410 550 statuit
1440 504 1500 550 ut
1527 497 1622 566 qui
1648 496 1704 551 in
1735 497 1984 554 custodia
2016 499 2146 554 solui

2247 511 2268 566 ι
2367 499 2557 552 ΒΔΛΣ.
2592 494 2761 564 Οὗτος
2786 503 2814 555 ό
2833 499 3012 553 κανὼν
3035 501 3390 573 διαλαμϐάνει
3419 508 3542 571 τοὺς
3575 509 3733 578 μόνον
3753 529 3853 566 κα-

625 587 767 644 ιηιιο
794 584 970 641 aﬁ'ecti
1002 592 1150 653 sunt,
1184 597 1237 642 et
1258 587 1379 642 sine
1401 588 1691 644 tormentis
1717 589 1855 658 lapsi
1885 597 2030 657 sunt,
2067 606 2146 662 poi

2293 588 2707 661 κοπαθήσαντας
2739 592 2795 642 ἑν
2826 592 2891 659 τῇ
2929 589 3139 662 φυλακῇ
3169 594 3261 644 καὶ
3279 597 3446 664 χωρὶς
3471 596 3717 666 βασάνων
3746 617 3853 654 πα-

623 675 914 730 triennium
950 675 1089 730 alius
1121 691 1339 745 quoque
1376 675 1506 730 anni
1559 691 1720 746 pmna
1783 680 2098 747 puniantur.
2131 677 2146 732 ξ

2293 677 2738 746 ραπεπτωκότας,
2785 678 3136 747 ἐπιτιμᾶσθαι
3171 681 3307 749 μετὰ
3333 681 3425 733 τὸν
3455 685 3638 755 τριετῆ
3663 686 3854 757 χρόνον

621 763 763 821 forte
789 765 954 826 enim,
973 765 1170 835 inquit,
1198 765 1626 820 consolationem
1658 768 1897 821 assecuti
1927 777 2077 832 sunt,
2101 778 2146 823 ul

2290 769 2379 822 καί
2411 768 2502 820 ἐπὶ
2526 770 2710 838 ἕτερον
2729 769 2991 822 ἐνιαυτόν.
3027 771 3089 822 El
3123 771 3262 842 τάχα
3281 773 3568 845 γάρνφησὶ,
3607 777 3703 830 καὶ
3748 780 3854 832 ἀπ-

618 859 746 927 pote
772 853 1048 923 aliquibus
1075 853 1330 909 ﬁdelibus
1358 855 1482 909 vita
1505 856 1751 911 subsidia
1793 845 2145 928 suppeditant

2287 859 2519 916 έλαυσαν
2565 861 2958 935 παρακλήσεως
2981 903 2995 926 ,
3030 862 3104 926 ῶς
3130 882 3290 918 τινων
3325 867 3850 941 πισῶν-χορηγούν-

615 943 737 1006 bus,
768 944 804 997 ii
837 960 1053 1015 quoque
1086 946 1287 1001 debent
1319 947 1530 1003 veniam
1559 947 1824 1013 obtinere,
1858 957 1917 1002 ut
1941 948 2031 1021 qui
2062 967 2146 1022 ενι

2284 967 2393 1004 των
2425 953 2606 1016 αὐτοῖς
2649 955 2715 1008 τὰ
2751 955 2883 1026 πρὸς
2910 957 3197 1028 διοίκησιν,
3243 957 3377 1011 ἀλλὰ
3413 961 3507 1013 καὶ
3533 943 3676 1015 οὗτοι
3699 963 3850 1032 δεθείη

613 1034 698 1090 via
721 1052 821 1107 pro
854 1037 958 1092 ﬁde
985 1038 1134 1107 passi
1169 1047 1316 1092 sunt.

2284 1041 2433 1095 λουσι
2468 1043 2792 1116 συγγνώμης
2822 1047 3100 1115 ἀξιοῦσθαι
3126 1050 3202 1113 ὡς
3225 1050 3362 1122 ὑπὲρ
3386 1051 3484 1122 τῆς
3499 1050 3731 1118 πίστεως
3749 1071 3849 1109 κα-

2283 1131 2707 1203 κοπαθήσαντες.

680 1237 885 1295 Ζοιιλι.
930 1237 988 1294 lu
1025 1239 1267 1298 secundo
1301 1241 1495 1297 ordine
1526 1257 1622 1297 eos
1644 1243 1789 1298 locat
1813 1243 1908 1314 qui
1941 1251 2146 1298 tantum

2353 1227 2591 1281 ZQNAP.
2632 1227 2720 1279 Ἐν
2757 1227 2988 1300 δευτέρᾳ
3031 1228 3182 1294 τάξει
3214 1228 3395 1299 τίθησι
3415 1229 3541 1292 τοὺς
3565 1229 3726 1300 μόνον
3748 1249 3847 1301 φυ-

605 1330 770 1385 modo
802 1331 858 1385 in
891 1333 1108 1386 vincula
1141 1332 1577 1404 conjecti,atque
1607 1337 1661 1388 in
1687 1349 1910 1389 carcere
1934 1336 2074 1390 male
2108 1349 2146 1390 a1

2279 1315 2648 1380 λακισθέντας,
2678 1319 2771 1371 καὶ
2816 1319 3301 1390 κακοπαθήσαντας
3323 1321 3380 1374 ὲν
3402 1324 3467 1395 τῇ
3491 1321 3726 1394 φυλακῇ,
3752 1326 3847 1379 καὶ

607 1418 736 1474 fecti
772 1429 920 1485 sunt,
956 1431 1069 1475 tum
1104 1423 1269 1477 nullis
1297 1426 1479 1478 vexati
1521 1424 1857 1479 cruciatibus
1912 1439 2146 1494 peccave

2278 1410 2444 1483 χωρὶς
2472 1409 2716 1478 βασάνων
2750 1411 3268 1480 παραπεπτωκότας·
3292 1407 3371 1475 οἷς
3391 1415 3634 1467 ἐνιαυτὸν
3652 1415 3844 1479 ἔταξαν

606 1520 768 1568 runt:
798 1513 998 1582 quibus
1039 1524 1235 1586 praetcr
1265 1514 1562 1570 decursum
1597 1522 1836 1584 tempus,
1882 1516 2146 1572 triennium

2276 1500 2336 1567 (f.
2369 1500 2575 1571 ἔταξεν)
2594 1504 2672 1564 εἰς
2699 1503 2969 1573 ἐπιτίμιον
2998 1504 3135 1573 μετά
3161 1505 3251 1558 τὸν
3276 1503 3612 1574 παρελθόντα
3632 1507 3842 1579 χρόνον,

604 1601 857 1657 videlicet
903 1603 970 1660 de
1011 1622 1118 1675 quo
1171 1622 1338 1675 supra
1387 1606 1593 1661 dictum
1645 1616 1751 1670 est,
1792 1609 1918 1662 anhi
1961 1624 2140 1679 quoqu

2273 1592 2436 1666 ῆγουν
2468 1592 2564 1662 τὴν
2599 1594 2839 1664 τριετίαν
2863 1597 2929 1664 ἢν
2957 1596 3176 1669 εἴρηκεν
3205 1599 3316 1650 ἄνω
3363 1599 3506 1651 Διότι
3534 1598 3629 1652 καὶ
3663 1599 3842 1664 αὐτοὶ,

602 1701 864 1765 praeterea
893 1697 1058 1750 unius
1091 1698 1348 1750 mulctam
1386 1697 1615 1768 irrogari
1644 1700 1840 1767 placet.
1905 1698 2146 1765 Quonian

2273 1683 2452 1752 φησὶν,
2470 1685 2608 1754 ὑπὲρ
2625 1686 2715 1737 τοῦ
2731 1689 2987 1756 ὀνόματος
3002 1687 3289 1759 ὲθλίϐησαν
3305 1689 3397 1742 τοῦ
3410 1683 3664 1768 Χριστοῦ,
3682 1694 3730 1744 ει
3745 1694 3843 1747 καὶ

599 1795 654 1841 et
686 1787 810 1857 ipsi,
844 1786 1042 1855 inquit,
1075 1803 1173 1856 pro
1206 1787 1408 1842 Christi
1457 1791 1677 1844 nomine
1720 1790 1957 1845 divexati
2009 1798 2168 1859 sunt;

2269 1775 2407 1842 τάχα
2433 1775 2741 1828 ἀπέλαυσαν
2778 1778 2836 1829 ὲν
2864 1776 2940 1847 τῷ
2976 1776 3329 1850 δεσμωτηρίῳ
3357 1766 3749 1854 παρακλήσεως
3777 1784 3844 1838 in

598 1879 810 1933 etiamsi
840 1876 980 1933 forte
1011 1873 1190 1930 solatii
1219 1878 1496 1948 quidpiam
1529 1881 1583 1934 in
1607 1897 1824 1936 carcere
1853 1897 1883 1935 a
1910 1881 2146 1938 fratribu:

2271 1867 2376 1920 τῶν
2407 1868 2667 1935 ἀδελφῶν.
2705 1869 2790 1931 Ὡς
2812 1869 2953 1922 ἔοικε
2986 1871 3113 1940 γὰρ,
3147 1873 3196 1924 οἱ
3227 1875 3427 1936 πιστοὶ,
3461 1876 3571 1927 ὅσοι
3611 1877 3672 1928 οὐ
3709 1893 3841 1929 συν-

598 1978 878 2023 consecuti
908 1977 1056 2024 sunt.
1093 1969 1382 2026 Probabile
1419 1973 1562 2026 enim
1585 1985 1667 2027 est
1699 1975 1905 2042 ﬁdeles,
1930 1977 2165 2046 quicun-

598 2075 705 2129 que
737 2060 886 2112 nulla
909 2060 1158 2116 custodia
1195 2063 1601 2126 detinebantur,
1635 2066 1688 2119 in
1732 2068 1950 2122 vincula
1980 2069 2169 2138 conje-

597 2150 701 2204 ctis
726 2150 851 2204 vitae
884 2151 1125 2205 subsidia
1172 2153 1548 2219 ministrasse,
1588 2156 1764 2224 iisque
1813 2157 2038 2225 proinde
2090 2159 2166 2211 le-

598 2241 830 2296 vationis
855 2242 1055 2311 aliquid
1083 2244 1355 2298 attulisse.
1381 2244 1512 2310 Quae
1540 2245 1759 2314 quidem
1805 2236 2164 2315 multiplicata

595 2333 842 2396 reddent,
883 2349 982 2403 pro
1009 2334 1079 2388 iis
1114 2335 1376 2389 nimirum
1413 2336 1615 2405 quibus
1650 2337 1703 2387 in
1733 2335 1980 2389 custodia
2015 2337 2165 2390 oble-

592 2426 721 2479 ctati
747 2433 894 2486 sunt.
923 2426 1304 2497 paenitentiam
1340 2435 1562 2497 agentes
1594 2426 1872 2480 vexabunt
1901 2441 1958 2482 se
1991 2428 2160 2498 ipSuS,

591 2529 657 2571 ac
709 2517 897 2572 multis
930 2518 1111 2572 modis
1137 2517 1502 2582 aﬁlictabunt;
1541 2519 1587 2572 si
1620 2533 1683 2572 ex
1716 2533 1782 2572 eo
1810 2518 1956 2588 quod
1997 2520 2160 2574 Chri-

590 2619 732 2664 stum
764 2594 1138 2680 abnegarunt,
1172 2624 1201 2661 a
1230 2607 1433 2662 diaboli
1465 2610 1777 2678 captivitate
1815 2611 2034 2666 liberari
2066 2627 2160 2667 ve-

590 2699 711 2761 lint,
744 2699 894 2751 illius
922 2697 1123 2769 captivi
1163 2707 1218 2752 et
1254 2700 1398 2754 servi
1435 2699 1585 2753 facti.
1627 2698 1860 2771 Subjicit
1885 2717 2007 2770 mox
2031 2717 2159 2772 pro-

589 2789 764 2862 pheta:
791 2789 979 2851 verba,
1011 2805 1131 2858 quae
1163 2801 1367 2847 suntex
1398 2791 1537 2844 lsaia
1569 2793 1904 2866 deprompta,
1924 2809 2156 2866 quorum

588 2877 905 2935 meminisse
932 2888 1186 2950 oportere
1208 2882 1358 2950 ipsos
1392 2881 1643 2939 aﬁirmat.

1197 2971 1428 3029 CANON
1467 2974 1556 3028 lli.

663 3078 682 3112 ι
727 3059 800 3117 lis
841 3069 1020 3117 autem
1063 3063 1156 3132 qui
1204 3064 1338 3117 nihil
1371 3065 1636 3133 ejusmodi
1685 3072 1832 3139 passi
1873 3081 2020 3138 sunt,
2052 3089 2154 3129 nec

591 3169 610 3205 ι
655 3150 776 3207 ﬁdei
820 3151 1058 3207 fructum
1106 3156 1494 3222 ostenderunt,
1528 3161 1620 3214 sed
1653 3162 1720 3215 ad
1761 3165 1952 3219 vitium
2007 3167 2152 3221 ultro
2178 3198 2223 3260 ο

584 3257 611 3300 ο
655 3242 1088 3314 transfugerunt,
1123 3261 1152 3298 a
1179 3257 1322 3303 metu
1353 3258 1405 3303 et
1429 3249 1716 3305 timiditate
1748 3255 1944 3322 proditi
1965 3274 1979 3322 ;
2000 3271 2148 3311 nunc

589 3353 608 3388 ι
656 3342 837 3390 autem
873 3336 1097 3392 veniunt
1141 3338 1208 3391 ad
1247 3341 1647 3408 ptenitentiam,
1683 3359 1909 3400 necesse
1962 3353 2048 3400 est
2094 3353 2150 3401 et

585 3447 604 3483 ι
649 3429 979 3487 conveniens
1008 3429 1342 3501 infrugilerm
1393 3432 1529 3489 ﬁcus
1577 3437 1891 3504 parabolam
1941 3455 2146 3509 propo-

585 3540 603 3571 ι
647 3537 800 3586 nere,
854 3529 915 3575 ut
964 3522 1225 3577 Dominus
1277 3523 1409 3577 dicit
1461 3544 1474 3578 :
1537 3525 1774 3582 Habebat
1829 3531 1944 3598 quis
1985 3531 2147 3596 ﬁcum

581 3632 600 3664 ι
645 3615 945 3682 plantalam
971 3615 1027 3668 in
1056 3632 1152 3669 suo
1184 3617 1354 3671 vineto
1385 3635 1402 3672 :
1435 3629 1484 3672 et
1526 3622 1660 3674 venit
1702 3630 1941 3690 quarens
1989 3623 2044 3676 in
2084 3639 2148 3677 ea

582 3725 600 3757 ι
645 3707 898 3776 fructum,
943 3716 995 3760 et
1036 3722 1141 3761 non
1193 3711 1409 3766 invenit.
1458 3712 1607 3766 Dixit
1661 3724 1836 3767 autem
1878 3715 2093 3777 vinitori
2123 3730 2143 3770 :

583 3815 600 3848 ι
646 3796 781 3851 Ecce
805 3808 907 3853 tres
939 3816 1126 3861 annos,
1172 3816 1236 3854 ex
1275 3819 1374 3870 quo
1428 3820 1519 3872 ego
1577 3806 1725 3859 venio
1758 3821 1994 3872 quaerent
2025 3806 2144 3874 fru-

581 3906 599 3939 ι
650 3897 791 3945 ctum
821 3891 874 3942 in
902 3890 1000 3943 hac
1042 3891 1167 3958 ﬁcu,
1209 3900 1257 3943 et
1291 3909 1393 3946 non
1432 3896 1671 3958 invenio;
1701 3896 1945 3950 exscinde
1978 3913 2095 3951 eam
2124 3913 2142 3952 .'

579 3997 599 4030 ι
645 3995 739 4034 cur
772 3990 966 4034 terram
989 3983 1220 4036 inaniter
1243 3989 1505 4052 occupat?
1536 3985 1638 4040 Ille
1670 4004 1784 4040 vero
1825 3990 2141 4056 respondeas

579 4094 598 4126 ι
637 4075 765 4128 dicit
789 4075 912 4130 illi:
955 4076 1188 4141 Domine,
1216 4079 1420 4133 dimitte
1447 4079 1596 4132 illam
1627 4081 1722 4134 hoc
1745 4098 1946 4152 quoque
1977 4100 2136 4150 anno,

577 4185 595 4219 ι
639 4166 802 4221 donec
837 4169 980 4223 circa
1027 4187 1143 4224 eam
1173 4169 1374 4239 [σόει-ο,
1420 4181 1470 4225 et
1510 4173 1754 4228 lwtamen
1796 4174 2060 4244 injecero;
2095 4180 2142 4231 si

575 4278 593 4310 ι
639 4260 847 4330 quidem
878 4261 1110 4330 fructum
1145 4263 1362 4332 fecerit;
1402 4265 1486 4319 sin
1530 4267 1725 4328 minus.
1761 4283 1878 4323 eam
1911 4270 1966 4323 in
1991 4269 2140 4338 futu-

574 4371 593 4404 ι
639 4369 756 4406 rum
785 4356 1054 4410 exscinde;
1086 4370 1112 4397 ι
1140 4378 1152 4412 :
1184 4373 1292 4428 qua
1324 4365 1451 4412 ante
1471 4360 1663 4414 oculos
1690 4372 1933 4433 accepta,
1961 4370 2014 4417 et
2040 4379 2135 4419 os-

574 4462 593 4495 ι
639 4451 796 4500 tenso
822 4447 985 4516 digno
1015 4447 1192 4503 fructu
1223 4451 1577 4520 poenitentiae,
1606 4452 1662 4507 in
1701 4462 1852 4509 tanto
1872 4457 2134 4525 temporis

573 4553 591 4587 ι
639 4535 924 4593 intervallo
952 4539 1497 4608 magisjuvabuntur.
1545 4562 1565 4594 ι

633 4787 793 4842 ΒΑιε.
839 4790 946 4842 Eos
973 4790 1064 4859 qui
1095 4800 1315 4860 propter
1344 4792 1520 4847 solum
1554 4803 1754 4848 metum
1785 4806 1838 4850 et
1869 4799 2131 4853 timidita-

561 4891 670 4939 tem
697 4880 1133 4952 transfugerunt,
1169 4883 1233 4936 ad
1265 4884 1640 4952 penitentiam
1672 4897 1850 4944 autem
1875 4907 2126 4960 respexe

560 4980 710 5037 runt,
735 4974 972 5028 triennio
1003 4975 1160 5043 punit
1189 4990 1364 5031 canon
1389 4977 1695 5032 secundum
1723 4981 2036 5048 parabolam
2070 4983 2131 5035 ﬁ-

559 5078 658 5117 cus
684 5078 803 5134 quae
837 5074 922 5119 est
955 5066 1012 5121 in
1049 5065 1381 5136 Evangeliis.
1411 5066 1675 5124 Dominus
1719 5069 1866 5124 enim
1896 5073 2075 5145 inquit
2109 5094 2119 5128 :

556 5153 680 5207 lam
713 5155 880 5212 tribus
911 5158 1066 5212 annis
1091 5157 1160 5211 ad
1191 5158 1325 5212 lianc
1358 5161 1505 5214 venio
1537 5176 1773 5230 quarens
1804 5161 2054 5229 fructum,
2076 5177 2124 5220 et

559 5264 660 5300 non
689 5247 912 5302 invenio.
951 5247 1167 5304 Vinilor
1190 5256 1394 5315 autem,
1434 5251 1654 5308 Dimitte
1697 5252 1871 5316 illum,
1919 5257 2120 5330 inquit,

551 5352 597 5392 et
629 5339 725 5393 hoc
753 5355 910 5393 anno.

626 5430 833 5488 Zona.
873 5430 1196 5502 Quicunque
1241 5450 1390 5498 vero,
1445 5436 1645 5507 inquit,
1695 5439 1828 5493 nihil
1878 5441 2120 5512 perpessi

553 5522 832 5584 acerbum.
861 5522 932 5576 ob
955 5531 1158 5577 metum
1197 5525 1371 5580 solum
1399 5541 1463 5580 ac
1495 5527 1840 5584 timiditatem
1875 5531 2118 5586 transfu-

553 5620 768 5677 gerunt.
795 5627 896 5681 pro
926 5628 992 5669 eo
1019 5613 1166 5686 quod
1215 5615 1322 5685 ipsi
1375 5626 1574 5687 sponte
1622 5621 1942 5689 pravitatem
1990 5633 2116 5680 sunt

555 5704 886 5769 consectati;
912 5719 1036 5758 mox
1057 5705 1300 5762 animum
1327 5709 1395 5765 ad
1434 5712 1812 5782 paenitentiam
1844 5713 2109 5785 adiecere,

623 5848 648 5877 ι
699 5835 829 5893 Luc.
853 5853 979 5905 xm,
1008 5837 1119 5897 6.9.

2268 1959 2585 2028 εσχὲθησαν,
2613 1961 2724 2020 τοῖς
2753 1961 3163 2030 κατειργμένοις
3193 1964 3490 2034 ἐχορήγουν
3513 1966 3579 2018 τὰ
3610 1969 3689 2029 είς
3709 1966 3843 2020 διοί-

2268 2064 2446 2116 κησιν,
2488 2046 2579 2099 καὶ
2615 2045 2886 2099 ἀνέπαυον
2936 2048 3150 2111 αὐτούς.
3187 2050 3364 2120 "Amp
3405 2050 3841 2109 πολλαπλασίονα

2267 2139 2652 2204 ἀποδώσουσιν,
2681 2140 2799 2194 ἀντὶ
2819 2141 2934 2204 τοῦ,
2955 2140 3069 2194 ἀνθ’
3091 2135 3167 2194 ὧν
3200 2143 3518 2212 ἀπήλαυσαν
3549 2145 3606 2197 ἑν
3633 2146 3700 2215 τῇ
3735 2162 3840 2214 φυ-

2265 2226 2401 2298 λακῇ
2457 2229 2838 2298 μετανοοῦντες
2889 2229 3163 2300 θλίψουσιν
3222 2233 3447 2296 ἑαυτοὺς
3501 2234 3593 2288 καὶ
3649 2234 3840 2289 κακὼ.

2266 2335 2416 2371 σουσι
2441 2319 2869 2384 πολλαπλασίως,
2904 2323 2950 2374 εί
2991 2321 3202 2377 θέλουσι
3224 2323 3563 2396 λυτρωθῆναι
3597 2324 3708 2380 ἀπὸ
3731 2326 3838 2398 τῆς

2263 2411 2631 2480 αἰχμαλωσίας
2678 2412 2771 2465 τοῦ
2817 2414 3086 2479 διαϐόλου,
3142 2417 3476 2486 αἰχμάλωτοι
3516 2416 3611 2470 καὶ
3654 2415 3836 2471 δοῦλοι

2261 2503 2540 2571 γεγονότες
2572 2504 2720 2575 αὐτῷ
2767 2506 2856 2560 διὰ
2896 2506 2994 2578 τὴν
3022 2507 3249 2579 ἄρνησιν
3276 2508 3371 2563 τοῦ
3411 2507 3666 2580 Χριστοῦ.
3697 2503 3836 2562 Εἶτα

2259 2595 2453 2665 ἐπάγει
2477 2598 2545 2650 τά
2580 2599 2888 2668 προφητικὰ
2935 2600 3177 2669 ῥήματα,
3212 2600 3356 2672 άπερ
3384 2601 3449 2654 ὲκ
3478 2599 3574 2654 τοῦ
3607 2596 3834 2655 Ἠωαῗου

2258 2688 2385 2754 εἰσὶ,
2417 2688 2585 2756 λέγων
2612 2689 2720 2743 δεῖν
2741 2689 3046 2759 μεμνῆσθαι
3081 2690 3296 2754 αὐτούς.

2860 2956 3100 3012 ΚΑΝΩΝ
3127 2956 3178 3008 Γ¹

2330 3065 2347 3098 ι
2389 3047 2512 3109 Τοῖς
2551 3044 2607 3099 δὲ
2651 3047 2770 3118 μηδ’
2803 3047 2938 3111 ὅλως
2970 3047 3137 3119 μηδέν
3157 3064 3208 3101 τι
3244 3046 3482 3100 τοιοῦτον
3510 3046 3832 3120 πεπονθόσι,

2261 3159 2278 3192 ι
2323 3139 2454 3210 μηδὲ
2492 3138 2883 3210 ἐνδειξαμένοις
2922 3140 3128 3210 καρπὸν
3160 3138 3415 3202 πίστεως,
3449 3137 3561 3192 ἀλλ’
3589 3140 3832 3210 αὐτομοο

2258 3251 2276 3283 ι
2314 3232 2509 3302 λήσασι
2554 3233 2686 3302 πρὸς
2727 3231 2823 3302 τὴν
2875 3231 3092 3297 κακίαν,
3149 3229 3554 3305 προδεδομένοις
3589 3231 3693 3284 ὑπὸ
3724 3231 3832 3287 δειο

2256 3341 2274 3375 ι
2310 3322 2428 3387 λίας
2449 3323 2540 3377 καὶ
2555 3325 2736 3391 φόϐου,
2755 3325 2850 3377 νῦν
2865 3325 2921 3377 δὲ
2939 3326 3017 3388 είς
3035 3325 3320 3396 μετάνοιαν
3341 3323 3672 3395 ἐρχομένοις,
3690 3323 3830 3378 ἀνα-

2255 3435 2274 3467 ι
2315 3415 2500 3484 γκαῖόν
2517 3418 2628 3472 ἐστι
2646 3419 2735 3470 καὶ
2749 3416 2984 3488 ἁρμόζον
3017 3417 3115 3489 τὴν
3142 3417 3238 3488 τῆς
3252 3416 3498 3489 ἀκάρπου
3527 3417 3695 3487 συκῆς
3711 3433 3826 3470 πα-

2254 3528 2272 3560 ι
2314 3508 2541 3580 ροιϐολὴν
2582 3510 2941 3582 παραθέσθαι,
2980 3510 3055 3573 ὡς
3083 3512 3112 3564 ὁ
3141 3509 3342 3582 Κύριος
3380 3509 3554 3577 λέγει·
3609 3507 3826 3576 Συκῆν

2253 3617 2271 3650 ι
2305 3597 2431 3668 εἶχέ
2458 3619 2544 3667 τις
2585 3601 3037 3672 πεφυτευμένην
3067 3601 3136 3654 ὲν
3166 3600 3246 3666 τῷ
3278 3601 3581 3671 ἀμπελῶνι
3602 3602 3819 3656 αὐτοῦ·

2253 3709 2270 3741 ι
2315 3692 2408 3743 καὶ
2446 3687 2590 3762 ἦλθε
2605 3691 2790 3759 ζητῶν
2817 3690 3051 3760 καρπόν
3076 3691 3338 3758 ἐναῠτῇ,
3363 3693 3459 3745 καὶ
3482 3695 3593 3761 οὐχ
3608 3687 3817 3759 εὗρεν.

2251 3799 2269 3832 ι
2307 3783 2451 3836 Eine
2462 3783 2527 3835 δὲ
2544 3784 2689 3849 πρὸς
2706 3784 2810 3836 τὸν
2825 3783 3257 3852 ἀμπελουργόν
3286 3782 3427 3836 Ἰδοὺ
3445 3783 3574 3849 τρία
3589 3782 3691 3849 ἐτη
3709 3782 3819 3850 ἀφ’

2249 3891 2268 3925 ι
2302 3870 2370 3928 οὗ
2399 3874 2639 3942 ἔρχομαι
2659 3871 2840 3941 (inter
2859 3873 3090 3943 καρπόν
3104 3875 3177 3933 ἐν
3205 3872 3279 3941 τῇ
3297 3872 3458 3940 συκῇ
3481 3875 3684 3952 ταύτῃ,
3705 3877 3815 3929 καὶ

2249 3984 2267 4015 ι
2308 3968 2418 4035 οὺχ
2449 3967 2738 4034 εὑρίσκω⁸
2793 3966 3060 4034 ἔκκοψον
3097 3964 3319 4028 αὐτήν-³
3370 3966 3525 4019 irati
3559 3966 3658 4020 καὶ
3692 3966 3821 4036 τὴν

2247 4077 2265 4109 ι
2299 4059 2412 4127 γῆν
2455 4059 2761 4129 καταργεῐ;
2799 4061 2849 4111 '0
2896 4057 2963 4111 δὲ
3011 4057 3353 4125 ἀποκριθεὶς
3410 4057 3571 4111 ,λέγει
3609 4057 3814 4126 αὐτῷ’

2246 4170 2264 4202 ι
2304 4153 2498 4222 Κύριε,
2519 4152 2666 4222 ἄφες
2689 4151 2882 4221 αὐτὴν
2919 4149 3019 4204 καὶ
3051 4148 3226 4203 τοῦτο
3254 4148 3318 4200 τὸ
3344 4148 3498 4215 ἔτος,
3518 4149 3628 4217 ἕως
3665 4150 3817 4207 ὅτου

2242 4261 2263 4295 ι
2305 4243 2518 4312 σκάψω
2568 4243 2641 4297 τὰ
2675 4244 2805 4311 περὶ
2837 4239 3049 4308 αὐτὴν,
3080 4237 3178 4291 καὶ
3215 4237 3386 4302 ,ϐάλω
3409 4241 3656 4309 κόπρια·
3689 4241 3817 4296 κᾶν

2242 4353 2261 4385 ι
2294 4335 2410 4404 μὲν
2437 4331 2661 4402 ποιήσῃ
2693 4331 2925 4400 καρπόν
2944 4346 2957 4359 ·
2982 4332 3034 4382 εὶ
3064 4328 3132 4382 δὲ
3154 4328 3238 4399 μή
3261 4347 3351 4397 τε,
3377 4332 3464 4396 εὶς
3494 4332 3556 4383 τὸ
3570 4330 3814 4400 μέλλον

2242 4446 2259 4479 ι
2297 4429 2573 4497 ἐκκόψεις
2600 4426 2788 4493 αὐτήν
2810 4444 2823 4455 ·
2859 4425 2924 4498 ῆν
2953 4423 3059 4494 πρὸ
3094 4422 3386 4494 ὀφθαλμῶν
3425 4423 3696 4486 λαϐόντες,
3720 4425 3814 4478 ὲν-

2242 4539 2260 4571 ι
2294 4520 2592 4590 δειξάμενοί
2624 4536 2684 4571 τε
2735 4517 2943 4588 καρπὸν
2976 4515 3124 4584 ἄξιον
3161 4515 3257 4587 τῆς
3300 4514 3606 4585 μετανοίας,
3643 4518 3701 4568 ὲν
3726 4516 3814 4591 τῷ

2244 4633 2262 4664 ι
2299 4614 2620 4685 διαστήματι
2673 4611 2767 4665 τοῦ
2807 4610 3061 4665 τοσούτου
3101 4608 3291 4681 χρόνου
3333 4607 3532 4679 μᾶλλον
3585 4609 3808 4685 ὠφελη-

2241 4722 2259 4756 ι
2297 4704 2568 4776 θήσονται».
2602 4725 2622 4756 ι

2303 4797 2494 4850 ΒΑΛΣ.
2519 4798 2655 4862 Τοὺς
2684 4796 2864 4867 μέντοι
2889 4795 2975 4851 διὰ
2999 4794 3160 4868 φόϐον
3184 4795 3343 4864 μόνον
3364 4792 3455 4846 καὶ
3476 4790 3673 4846 δειλίαν
3697 4795 3808 4850 αὐ-

2231 4889 2652 4962 τομολήσαντας,
2710 4885 2826 4942 εἶτα
2871 4891 2952 4950 εἰς
3005 4887 3289 4960 μετάνοιαν
3344 4883 3651 4948 ἀπιδόντας,
3705 4885 3805 4941 διὰ

2231 4984 2471 5055 τριετίας
2508 4984 2736 5058 ἐπιτιμᾷ
2766 4984 2794 5035 ὁ
2828 4980 3032 5046 κανὼν,
3063 4987 3203 5033 κατα
3230 4978 3328 5048 τὴν
3356 4977 3414 5031 ὲν
3446 4976 3800 5046 Εὐαγγελίοις

2233 5075 2540 5147 παραϐολὴν
2560 5076 2658 5145 τῆς
2675 5074 2863 5143 συκῆς.
2883 5073 2940 5125 ’0
2968 5065 3076 5142 γὰρ
3098 5070 3320 5138 Κύριος,
3356 5068 3492 5136 Τρία
3505 5068 3630 5137 ἐτη,
3656 5068 3800 5142 ἔφη-

2223 5182 2338 5228 σεν,
2387 5167 2630 5234 ἔρχομαι
2661 5164 2809 5231 πρὸς
2833 5162 3029 5229 αὐτὴν
3059 5160 3244 5229 ζητῶν
3274 5160 3524 5227 καρπόν,
3549 5161 3645 5215 καὶ
3677 5163 3797 5229 οὐχ

2218 5258 2508 5325 εὑρίσκωο
2551 5258 2581 5308 δ
2614 5257 2671 5311 δὲ
2695 5255 3095 5327 ἀμπελουργὸς,
3145 5255 3338 5322 Ἄφες,
3369 5247 3543 5339 εἶπεν,
3571 5252 3796 5321 αὐτὴν,

2220 5351 2414 5418 Κύριε,
2445 5349 2543 5405 καὶ
2579 5349 2753 5403 τοῦτο
2779 5349 2844 5402 τὸ
2871 5349 3027 5414 ἔτος.

2287 5443 2529 5495 ΖΩΝΔΡ.
2586 5443 2759 5505 Ὅσοι,
2801 5440 2878 5506 δὲ,
2936 5438 3089 5510 φησὶ,
3128 5436 3202 5508 μή
3239 5453 3293 5488 τι
3330 5436 3658 5500 ὑποστάντες
3694 5435 3796 5489 ἀλ-

2218 5533 2416 5602 γεινὸν,
2475 5530 2563 5584 διὰ
2614 5530 2775 5598 φόϐον
2819 5529 2977 5599 μόνον
3022 5529 3116 5582 καὶ
3156 5523 3357 5580 δειλίαν
3386 5526 3788 5598 ηὐτομόλησαν.

2215 5622 2337 5675 ἀντὶ
2382 5620 2497 5684 τοῦ,
2527 5620 2680 5673 αὐτοὶ
2731 5618 2945 5680 ἑκόντες
2985 5614 3286 5687 προσῆλθον
3330 5619 3394 5686 τῇ
3435 5614 3622 5689 κακία,
3667 5610 3792 5687 εἶτα

2216 5713 2294 5774 εἰς
2341 5711 2628 5785 μετάνοιαν
2685 5709 2923 5774 ἀπεῖδον,
2973 5710 3083 5772 τοῖς
3121 5707 3439 5779 τοιούτοιςὴ
3481 5708 3578 5780 τῆς
3617 5707 3790 5778 συκῆς
