4036 6320
190 422 293 482 ιτι

1439 419 1773 478 εριετοιΑ
1811 420 2182 480 CANONICA.

3342 416 3450 472 678

191 540 251 594 οὐ
291 540 516 624 τυμνῶς
568 542 631 593 δὶ
673 542 730 593 τὰ
750 540 883 611 πρὸς
921 540 1149 611 άρνησιν
1186 538 1450 611 ἔγραψαν,
1504 540 1626 592 ἀντὶ
1676 538 1771 590 τοῦ

1895 556 1996 609 [uas
2021 540 2089 594 ad
2128 538 2543 610 abnegationem
2590 542 2840 609 spectant
2869 551 2980 591 non
3013 535 3159 590 lude
3210 533 3452 603 scripse-

191 631 291 685 οὖκ
334 630 861 702 ἀπαρακαλύπτως,
895 629 954 684 οὐ
1007 632 1275 703 φανερῶς,
1325 630 1460 683 ἀλλὰ
1501 631 1591 684 διά
1637 640 1782 685 τινος

192 715 422 795 μεθόδου
448 717 737 785 διέπαιξαν
767 721 891 782 τοὺς
934 718 1215 788 βιάζοντας
1245 720 1459 785 αὐτοὺς,
1496 720 1571 783 ὼς
1608 722 1637 771 ὁ
1674 721 1779 770 Δα-

191 805 279 859 διδ
318 806 419 860 ὅτι
442 808 535 861 τὸν
559 809 857 881 ἐπίληπτον
903 808 1165 879 ὑπεκρίθη
1220 809 1436 877 φεύγων
1465 809 1557 860 τὸν
1590 809 1778 871 Σαοὺλ,

191 899 288 952 καὶ
316 900 465 970 πρὸς
502 902 631 965 τοὺς
682 900 1011 970 ἀλλοφύλους
1039 901 1348 970 γενόμενος,
1382 902 1475 952 καὶ
1516 898 1659 953 οὕτω
1692 899 1781 951 τὸν

193 986 435 1045 θάνατον
484 992 844 1062 διαπέφευγε·
902 992 1183 1057 διέπαιξαν
1237 991 1316 1055 δὲ,
1354 993 1507 1062 φησὶ,
1542 992 1637 1054 τὰς
1675 991 1782 1044 τῶν

193 1082 415 1155 ἐχθρῶν
458 1084 769 1149 ἐπιϐουλὰς,
812 1086 886 1149 t'o;
914 1084 1099 1137 παιδία
1139 1083 1479 1153 βουλευτικὰ,
1513 1082 1779 1153 ἔμφρονα,

194 1173 464 1246 φρόνιμα,
487 1177 576 1229 καὶ
602 1175 836 1237 συνετῶς
853 1175 1052 1245 δηλαδὴ
1076 1175 1454 1245 βουλευόμενα,
1480 1172 1784 1239 διαπαίξου-

194 1282 279 1321 σιν
294 1268 355 1320 ἐν
377 1267 575 1339 ἄφροσι
593 1266 842 1328 παιδίοις.
854 1267 1125 1337 Ἐμφροσι
1138 1268 1193 1320 δὲ
1209 1266 1495 1331 ἀπεικάζει
1511 1268 1636 1330 τοὺς
1649 1268 1786 1320 άπα-

193 1362 479 1429 τήσαντας
494 1361 617 1423 τοὺς
632 1360 866 1423 ἀσεϐεῖς,
890 1361 983 1412 καί
998 1360 1255 1427 δόξαντας
1279 1362 1375 1430 μὲν
1394 1360 1563 1423 θύειν,
1592 1360 1666 1429 μὴ
1693 1359 1785 1412 θύ-

197 1467 403 1514 σαντας
422 1451 501 1504 δέ·
532 1451 805 1521 ἔμφρονας
824 1452 921 1521 μὲν
934 1452 1008 1516 ὡς
1029 1452 1125 1523 τὴν
1146 1453 1334 1505 θυσίαν
1351 1452 1486 1513 τέως
1507 1451 1785 1504 ἐκκλίναν-

195 1558 293 1605 τας
307 1543 383 1573 ¹⁸⁶
404 1559 417 1572 ·
445 1542 718 1607 παιδείους
734 1544 811 1605 δὲ,
833 1544 908 1607 ὡς
930 1544 1003 1614 μὴ
1022 1543 1222 1597 τέλειον
1240 1545 1332 1598 καὶ
1342 1543 1606 1615 ἀνδρῶδες
1619 1545 1785 1597 ἐνδει-

198 1632 470 1704 ξαμένους
488 1634 760 1704 φρόνημα,
784 1636 877 1687 καὶ
892 1636 1153 1704 γενναίως
1166 1638 1662 1700 ἀντικαταστάντας
1676 1640 1787 1700 τοῖς

198 1725 638 1797 εἰδωλολάτραις,
674 1726 788 1780 ἀλλ’
813 1728 961 1798 ὅμως
1007 1728 1369 1800 συνθεμένους
1400 1730 1583 1795 θῦσαι,
1618 1732 1666 1782 εί
1694 1730 1788 1783 καί

196 1830 340 1883 τινες
368 1820 463 1850 ⁸⁸⁸·
496 1818 611 1873 ἀνθ’
639 1820 848 1873 ἑαυτῶν
872 1820 1137 1874 ὑπέϐαλον
1165 1822 1431 1887 ἐθνικοὺς,
1462 1824 1629 1894 ἦγουν
1657 1822 1785 1875 άπί-

1888 639 2035 688 runt.
2062 631 2165 684 hoc
2198 638 2282 686 est
2306 647 2415 685 non
2438 629 2746 692 manifeste,
2771 643 2882 683 non
2906 626 3127 698 aperte;
3158 625 3256 682 sed
3282 624 3457 680 altlﬁo

1884 721 1971 775 cio
1998 719 2237 790 quodam
2266 736 2361 775 eos
2390 722 2484 791 qui
2511 721 2619 775 vim
2653 716 3409 775 inlerebant'ludlﬁcatimt
3435 732 3452 769 :

1886 825 1943 869 ut
1974 813 2162 878 David,
2196 815 2288 883 qui
2316 814 2446 868 dum
2472 812 2697 868 Saulem
2725 812 2951 883 fugeret,
2986 826 3051 865 ac
3093 809 3162 864 ad
3202 808 3458 881 alienige-

1883 924 1983 962 nas
2014 906 2344 967 devenisset,
2396 921 2456 961 se
2506 906 2855 975 epilepticum
2889 903 3062 968 ﬁnxit,
3090 915 3264 972 eoque
3292 904 3458 971 pacto

1882 1007 2114 1053 mortem
2142 998 2384 1051 evitavit.
2414 995 2704 1051 Ludiﬁcati
2732 1012 2895 1068 porro
2924 1003 3073 1058 sunt,
3104 995 3305 1069 inquit,
3340 992 3455 1046 tul-

1885 1088 2151 1142 micorum
2182 1087 2449 1150 insidias;
2477 1087 2646 1140 veluti
2678 1086 2833 1155 pueri
2869 1084 3187 1157 prudentes,
3218 1082 3456 1138 consilio

1885 1175 2143 1229 nimirum
2175 1190 2238 1230 ac
2263 1176 2547 1247 prudentia
2584 1174 2823 1245 praediti,
2859 1175 3064 1246 quique
3110 1174 3320 1229 scilicet
3364 1186 3459 1228 so-

1884 1268 2051 1323 lerter
2082 1271 2372 1325 consilium
2407 1270 2709 1337 capientes,
2745 1268 3069 1337 insipientes
3092 1281 3293 1337 pueros
3328 1266 3458 1320 illu-

1886 1361 2044 1415 dunt.
2076 1359 2444 1415 Prudentibus
2491 1367 2671 1412 autem
2720 1366 3003 1427 comparat
3035 1373 3134 1413 eos
3180 1371 3213 1411 ι
3258 1356 3459 1428 quibus

1886 1453 2099 1522 decepti
2134 1462 2260 1510 sunt
2283 1452 2459 1522 impii,
2483 1454 2687 1522 quique
2710 1467 2835 1507 cum
2863 1468 2973 1507 non
3003 1449 3459 1510 sacriﬁcaverit",

1889 1542 2205 1598 sacriﬁcare
2234 1541 2593 1596 nihilominus
2621 1541 2723 1596 visi
2770 1549 2936 1605 sunt;
2992 1540 3295 1610 prudentes
3339 1538 3463 1608 qui-

1888 1635 2037 1696 dem,
2071 1640 2131 1685 ut
2150 1634 2241 1702 qui
2274 1631 2608 1687 sacriﬁcium
2641 1645 2885 1699 eousque
2924 1628 3247 1683 evitaverilt
3280 1645 3296 1683 :
3327 1640 3465 1699 poe-

1889 1741 1981 1782 ros
2016 1737 2217 1788 autem,
2252 1724 2398 1793 quod
2432 1722 2735 1795 perfectum
2765 1737 2829 1777 ac
2862 1722 3075 1776 virilem
3104 1734 3327 1774 sensum
3360 1720 3465 1773 Iti-

1889 1818 2036 1871 nime
2060 1815 2356 1879 induerint,
2399 1830 2501 1870 nec
2532 1829 2796 1886 generose
2839 1812 3110 1867 idolorum
3155 1808 3466 1865 cultoribus

202 1926 397 1975 στους,
453 1912 549 1962 καὶ
613 1911 836 1965 ἐκείνων
903 1911 1179 1966 θυσάντων
1233 1914 1591 1983 ἐνομίσθησαν
1639 1914 1791 1965 αὐτοὶ

1895 1907 2286 1976 repugnarint;
2322 1921 2510 1960 verum
2561 1921 2620 1960 se
2655 1903 3068 1960 sacriﬁcaturos
3119 1907 3247 1955 sunt
3295 1900 3463 1971 pacti,

199 2000 512 2056 τεθυκέναι.
576 2003 704 2066 Τοῖς
735 2005 1015 2069 τοιούτοις,
1077 2007 1260 2075 φησιν,
1292 2006 1561 2077 ἑξάμηνος
1599 2004 1789 2075 καιρὸς

202 2093 496 2166 ἐξαρκέσει
527 2096 608 2157 είς
661 2096 967 2165 μετάνοιαν.
1013 2097 1131 2149 Κᾶν
1160 2098 1268 2168 γὰρ
1305 2098 1404 2150 ούκ
1430 2096 1646 2159 ἔθυσαν,
1672 2096 1787 2147 ἀλλ’

201 2187 281 2240 ὅτι
331 2186 623 2241 συνέθεντο
674 2188 854 2252 θῦσαι,
900 2190 932 2260 ἢ
995 2192 1076 2243 ὅτι
1114 2190 1333 2260 ἐτέρους
1381 2188 1668 2252 ὑπέϐαλον,
1696 2188 1789 2240 καὶ

201 2275 391 2341 ἔδοξαν
424 2278 583 2329 αὐτοὶ
617 2275 797 2342 θῦσαι,
838 2278 1191 2347 ἐλογίσθησαν
1228 2279 1435 2331 δεῖσθαι
1480 2280 1785 2347 μετανοίας,

204 2366 251 2417 si
276 2364 375 2417 καί
402 2381 548 2416 τισιν
587 2366 766 2417 αὐτῶν
797 2366 1177 2438 συνεχώρησάν
1204 2384 1347 2430 τινες
1382 2367 1489 2419 τῶν
1522 2366 1789 2438 ὁμολογη-

206 2454 439 2507 σάντων.
473 2455 631 2517 Τινὲς
656 2456 762 2526 γὰρ
779 2456 886 2509 τῶν
915 2459 1376 2529 μαρτυρησάντων
1396 2459 1490 2511 καὶ
1510 2457 1791 2513 παθόντων

205 2545 350 2615 ὓπὲρ
378 2546 479 2613 τῆς
533 2546 771 2609 πίστεως
812 2547 1194 2619 συνεχώρησαν
1237 2552 1348 2613 τοῖς
1390 2549 1479 2603 διὰ
1530 2549 1788 2621 μεθόδων,

204 2636 280 2699 ὡς
327 2636 566 2706 εἴρηται,
618 2637 693 2708 μὴ
725 2636 939 2701 θύσασι,
980 2640 1072 2692 καὶ
1105 2639 1351 2705 ἐδέξαντο
1398 2643 1593 2706 αὐτοὺς
1656 2643 1792 2713 μετὰ

206 2727 315 2781 τῶν
369 2728 601 2793 πιστῶν,
653 2730 733 2781 ὃτι
775 2730 1034 2799 ἐξέφυγον
1066 2732 1419 2804 πολυτρόπως
1446 2736 1507 2787 τὸ
1540 2735 1794 2789 θυσιάσαι

209 2819 321 2880 τοῖς
349 2817 591 2887 δαίμοσι.
620 2818 716 2870 Διὰ
744 2818 801 2870 δὲ
820 2818 919 2888 τὴν
960 2818 1228 2891 ἑξάμηνον
1266 2821 1605 2893 προθεσμίαν
1627 2824 1797 2893 ἐμνή-

214 2908 314 2980 σθη
366 2909 463 2963 τοῦ
527 2910 613 2963 διὰ
664 2910 901 2983 Γαϐριὴλ
949 2914 1281 2984 μηνύματος,
1323 2913 1417 2967 τοῦ
1452 2914 1611 2985 ἐντῷ
1652 2916 1797 2985 ἕκτῳ

215 3005 345 3074 μηνὶ
405 3004 507 3074 τῆς
564 3003 873 3075 συλλήψεως
919 3005 1012 3059 τοῦ
1058 3006 1405 3078 Προδρόμου,
1474 3008 1531 3061 ἐν
1578 3001 1623 3076 ᾧ
1671 3025 1797 3061 συν-

213 3095 425 3167 ιληφθη
482 3100 515 3155 δ
560 3096 783 3168 Κύριος.
846 3098 1124 3169 Ἐπιφέρει
1170 3098 1227 3151 δὲ
1269 3100 1363 3152 καὶ
1406 3101 1629 3172 ῥήματα
1655 3101 1796 3153 ἀποε-

219 3187 457 3241 στολικά·

1889 1999 2051 2052 etiam
2070 2000 2113 2051 si
2132 1997 2396 2067 quosdam
2433 2010 2531 2065 pro
2575 2011 2634 2051 se
2666 1995 3045 2060 submiserint,
3068 1993 3341 2056 ethnicos,
3359 1991 3465 2046 hoc

1891 2095 1996 2151 est,
2047 2086 2315 2149 inﬁdeles,
2380 2087 2560 2156 iisque
2608 2086 3077 2148 sacriﬁcantibus,
3122 2085 3224 2156 ipsi
3256 2084 3469 2142 sacriﬁ—

1890 2194 2048 2235 casse
2071 2178 2367 2233 existimati
2406 2186 2555 2233 sunt.
2588 2176 2895 2246 Ejusmodi,
2928 2178 3124 2246 inquit,
3150 2174 3470 2232 hominibus

1892 2278 2158 2323 semestre
2188 2277 2402 2339 tempus
2430 2269 2494 2321 ad
2520 2269 2894 2337 paenitentiam
2928 2266 3180 2321 suiﬁciet.
3204 2263 3339 2318 Nam
3361 2268 3467 2321 etsi

1893 2360 2116 2415 minime
2145 2360 2534 2425 immolarunt;
2578 2369 2755 2412 tamen
2806 2357 2932 2426 quia
2980 2371 3039 2409 se
3088 2354 3468 2410 immolaturos

1892 2460 2021 2508 sunt
2049 2452 2216 2521 pacti,
2249 2453 2330 2506 vel
2380 2451 2527 2522 quod
2584 2452 2721 2505 alios
2772 2448 3095 2512 submisere,
3128 2446 3344 2517 ipsique
3370 2446 3470 2499 im-
3563 2459 3591 2519 ρ

1894 2542 2131 2597 molasse
2186 2550 2315 2596 sunt
2375 2542 2501 2604 visi,
2559 2541 2881 2612 pcenitentia
2931 2538 3176 2607 indigere
3234 2533 3468 2605 iudicati

1895 2641 2026 2689 sunt
2062 2653 2075 2687 :
2111 2635 2217 2689 etsi
2248 2634 2579 2704 quibusdam
2613 2630 2679 2687 ex
2723 2632 2860 2704 ipsis
2908 2628 3159 2684 nonnulli
3182 2625 3469 2683 'coni’esso-

1894 2744 2016 2781 rum
2046 2729 2323 2798 ignovere.
2354 2726 2558 2781 Eorum
2590 2742 2784 2797 nempe
2823 2722 3048 2795 quidam
3096 2724 3193 2792 qui
3241 2735 3303 2776 se
3344 2717 3471 2773 ﬁdet

1896 2830 2065 2876 testes
2097 2798 2464 2875 exhibuerunt
2512 2834 2575 2873 ac
2610 2834 2707 2888 pro
2744 2818 2848 2871 ﬁde
2892 2822 3023 2871 sunt
3053 2815 3225 2884 passi,
3279 2813 3348 2868 iis
3376 2812 3471 2883 qui

1897 2913 2132 2967 artiﬁcio
2162 2911 2425 2984 quodam,
2450 2918 2510 2965 ut
2546 2910 2751 2964 dictum
2780 2913 2887 2971 est,
2917 2921 3030 2961 non
3057 2904 3470 2966 sacriﬁcarunt,

1898 3004 2182 3074 ignovere,
2213 3016 2278 3056 ac
2308 3001 2431 3055 illos
2464 3014 2591 3053 cum
2642 2996 2895 3052 ﬁdelibus
2924 2994 2991 3049 ad
3025 2993 3472 3049 communionem

1900 3095 2192 3158 admisere,
2249 3090 2397 3162 quod
2447 3105 2517 3144 ne
2569 3088 2907 3142 daemonibus
2963 3083 3305 3139 immolarent
3354 3090 3473 3136 stu-

1900 3188 2054 3244 diose
2075 3188 2407 3241 vitaverunt.
2436 3182 2609 3236 Porro
2630 3180 2796 3249 hujus
2827 3176 3107 3235 semestris
3136 3173 3356 3231 termini
3377 3186 3471 3227 oc—

218 3278 461 3341 casione,
502 3278 951 3334 Annunliutionis
985 3296 1081 3350 per
1107 3281 1414 3337 Cabrielem
1475 3281 1632 3337 facta:
1668 3281 1943 3344 meminit,
1981 3286 2139 3335 sexto
2170 3292 2356 3333 mense
2385 3272 2764 3344 conceptionis
2793 3266 3180 3331 Praecursoris,
3208 3279 3317 3337 quo
3336 3277 3471 3319 con-

218 3378 407 3441 ceptus
435 3382 522 3427 est
544 3371 826 3428 Dominus.
863 3372 1000 3427 Tum
1037 3376 1336 3453 apostolica
1362 3378 1525 3431 verba
1548 3377 1865 3447 subiungit:

827 3465 1065 3517 KANnN
1104 3467 1196 3531 σι.

296 3572 315 3605 ι
349 3554 478 3616 Τοῖς
521 3552 577 3605 δὲ
608 3553 825 3617 δούλους
868 3556 1225 3627 Χριστιανοὺς
1264 3555 1380 3608 ἀνθ’
1417 3556 1625 3609 ἑαυτῶν
1670 3559 1801 3609 ὑπο-

228 3664 249 3697 ι
279 3644 624 3715 ϐεϐληκόσιν,
662 3646 711 3697 οἱ
748 3645 843 3715 μὲν
865 3644 1060 3708 δοῦλοι,
1095 3645 1171 3709 ὡς
1194 3645 1260 3698 ἂν
1284 3646 1586 3717 ὑποχείριοι
1621 3646 1793 3711 ὄντες,

231 3757 250 3789 ι
284 3742 375 3793 καὶ
392 3739 595 3811 τρόπον
610 3738 732 3791 τινὰ
750 3740 840 3791 καὶ
861 3739 1013 3791 αὐτοὶ⁸
1028 3737 1451 3807 φυλακισθέντες
1473 3742 1576 3794 ὑπὸ
1592 3742 1699 3794 τῶν
1720 3742 1800 3795 δε-

231 3852 247 3882 ι
277 3832 510 3896 σποτῶν,
525 3830 1011 3902 καταπειληθέντες
1026 3832 1296 3883 τε¹⁸·”⁹ύπ’
1309 3831 1486 3885 αὐτῶν
1503 3834 1597 3886 καὶ
1610 3833 1696 3886 διὰ
1712 3834 1800 3887 τὸν

232 3942 250 3973 ι
288 3924 448 3993 φόϐον
472 3925 652 3977 αὐτῶν
672 3925 751 3986 είς
770 3922 927 3975 τοῦτο
950 3922 1262 3993 ἐληλυθότες
1286 3925 1380 3974 καὶ
1398 3923 1798 3995 ὀλισθήσαντες,

232 4033 247 4062 ι
282 4015 342 4065 ἐν
374 4015 513 4045 ¹⁵·“⁹
543 4012 773 4083 ἐνιαυτῷ
799 4014 867 4066 τὰ
901 4013 999 4082 τῆς
1048 4013 1333 4083 μετανοίας
1364 4013 1503 4086 ἔργα
1547 4013 1800 4078 δείξουσι,

232 4122 250 4153 ι
292 4104 652 4172 μανθάνοντες
672 4104 766 4156 τοῦ
783 4104 990 4167 λοιποῦ,
1010 4104 1081 4167 ὡς
1104 4102 1276 4156 δοῦλοι
1295 4105 1531 4175 Χριστοῦ
1554 4109 1723 4159 ποιεῖν
1742 4108 1803 4160 τὸ

232 4215 251 4247 ι
290 4196 503 4265 θέλημα
538 4194 633 4246 τοῦ
668 4196 902 4264 Χριστοῦ
936 4196 1115 4260 ¹⁸’⁹’⁴“,
1151 4200 1243 4249 καὶ
1288 4196 1569 4263 φοϐεῖσθαι
1604 4199 1798 4251 αὐτόν’

233 4306 250 4336 ι
283 4285 572 4347 ἀκούοντες
611 4284 862 4354 μάλιστα,
894 4287 972 4337 ὃτι
1007 4285 1262 4350 ἕκαστος
1287 4283 1395 4337 ἐάν
1443 4285 1504 4354 [1.
1550 4286 1578 4339 ὃ
1612 4286 1700 4358 άν]
1749 4305 1804 4339 τι

232 4396 251 4428 ι
286 4377 512 4444 ποιήσῃ
544 4374 787 4441 ἀγαθὸν,
824 4377 996 4429 τοῦτο
1024 4377 1327 4445 κομίσεται
1363 4377 1520 4443 παρὰ
1560 4380 1800 4445 Κυρίου,

234 4486 251 4517 ι
288 4469 404 4521 εἴτε
437 4465 659 4529 δοῦλος
686 4465 803 4517 εἴτε
835 4466 1148 4534 ἐλεύθερός
1172 4468 1302 4521 ἐστι
1348 4468 1409 4518 ⁸⁸.
1451 4487 1467 4517 ι

296 4559 493 4612 ΒΑΛΣ.
522 4557 679 4619 Τοὺς
703 4555 844 4608 κατὰ
874 4558 1118 4613 κέλευσιν
1168 4562 1259 4614 καὶ
1299 4559 1526 4629 ἀπειλὴν
1570 4562 1677 4614 τῶν
1718 4563 1803 4615 δε-

154 4718 159 4723 ,
228 4650 439 4703 crva
489 4648 753 4711 θύσαντας
796 4648 1014 4712 δούλους
1060 4653 1151 4705 ἐπὶ
1204 4651 1445 4704 ἐνιαυτὸν
1497 4652 1727 4723 ἐπιτιμᾷ
1776 4656 1804 4706 ὁ

229 4742 412 4812 Πατὴρ
447 4736 639 4805 οὗτος·
674 4741 748 4805 ὡς
790 4740 885 4811 μὲν
913 4740 1021 4813 γὰρ
1052 4744 1317 4797 πεισθεῖσι
1365 4747 1478 4806 τοῖς
1516 4744 1802 4809 δεσπόταις

2504 3453 2742 3512 CANON
2768 3455 2861 3512 Vl.

1979 3573 1997 3606 ι
2036 3553 2075 3609 ii
2098 3561 2279 3609 autem
2313 3552 2407 3622 qui
2454 3565 2643 3605 servos
2670 3546 3014 3603 Christianos
3065 3557 3165 3614 pro
3186 3556 3248 3598 se
3273 3542 3477 3599 submi-

1908 3668 1927 3699 ι
1961 3654 2170 3711 serunt,
2202 3644 2347 3699 servi
2398 3641 2644 3712 quidem,
2704 3647 2763 3693 ut
2794 3636 2887 3709 qui
2910 3636 3014 3706 ipsi
3055 3635 3158 3690 sub
3190 3642 3352 3687 manu
3385 3650 3478 3689 es—

1908 3760 1926 3791 ι
1959 3746 2100 3800 sent,
2130 3744 2184 3791 et
2214 3731 2617 3805 quodammodo
2639 3730 2743 3801 ipsi
2779 3742 2999 3798 quoque
3028 3727 3082 3780 in
3127 3724 3474 3779 dominorum

1908 3851 1927 3883 ι
1967 3827 2218 3885 custodia
2240 3832 2447 3889 essent,
2478 3823 2750 3891 minisque
2782 3819 2854 3875 ab
2889 3819 3024 3889 ipsis
3045 3816 3241 3877 territi,
3264 3823 3318 3871 et
3348 3829 3477 3884 pro-

1909 3940 1928 3973 ι
1965 3931 2084 3991 pter
2109 3933 2302 3974 eorum
2354 3923 2559 3971 metum
2611 3929 2676 3969 eo
2721 3911 2990 3982 compulsi
3024 3916 3079 3966 et
3131 3905 3290 3977 lapsi,
3331 3920 3476 3960 anno

1910 4032 1929 4065 ι
1962 4026 2128 4082 opera
2158 4008 2494 4080 poenitentiae
2536 4005 2844 4068 ostendent,
2876 4014 2929 4059 et
2971 4002 3229 4071 deinceps
3261 3998 3483 4055 discein

1910 4124 1928 4156 ι
1962 4114 2064 4170 tes,
2088 4110 2147 4155 ut
2180 4100 2322 4156 servi
2346 4087 2576 4161 Christi,
2611 4097 2789 4151 facere
2818 4095 3025 4151 Christi
3060 4094 3396 4147 voluntatem
3419 4096 3478 4145 et

1910 4215 1929 4247 ι
1965 4209 2088 4249 eum
2124 4192 2316 4245 timere
2351 4208 2361 4242 :
2395 4188 2680 4242 audientes
2736 4186 2991 4248 maxime,
3016 4184 3159 4254 quod
3195 4181 3479 4249 unusquis-

1911 4304 1929 4336 ι
1971 4300 2088 4355 que,
2131 4282 2334 4351 siquid
2384 4279 2504 4332 boni
2539 4279 2742 4345 fecerit,
2794 4276 2891 4329 hoc
2946 4276 3076 4344 feret
3125 4290 3159 4327 α
3225 4272 3475 4337 Domino,
3527 4346 3530 4349 Δ

1912 4395 1929 4427 ι
1965 4376 2069 4428 sive
2090 4387 2268 4425 servus
2294 4370 2400 4422 sive
2433 4369 2563 4421 liber
2596 4368 2666 4421 sit
2692 4379 2741 4421 ι.
2777 4385 2797 4419 ι

1975 4551 2137 4605 Βιιε.
2166 4548 2365 4605 Servos
2388 4547 2479 4618 qui
2514 4546 2856 4602 dominorum
2887 4544 3047 4614 jussu
3074 4557 3139 4597 ac
3191 4543 3358 4598 minis
3382 4558 3476 4600 sa-

1906 4647 2243 4709 criﬁcarunt,
2270 4656 2412 4697 anno
2438 4639 2592 4710 punit
2621 4639 2711 4693 hic
2739 4636 2901 4691 Pater
2937 4655 2950 4690 :
2988 4643 3047 4689 ut
3083 4633 3175 4705 qui
3199 4634 3345 4689 enim
3372 4634 3477 4689 do-

1904 4736 2055 4791 mino
2084 4734 2386 4806 paruerint,
2420 4730 2675 4801 ignoscit,
2723 4739 2775 4783 et
2821 4744 2985 4798 grave
3009 4727 3337 4797 supplicium
3366 4742 3479 4783 non

230 4835 623 4901 συγγνωμονεῖ,
646 4834 738 4886 καὶ
770 4833 986 4902 βαρεῖαν
1023 4836 1123 4887 οὐκ
1144 4836 1339 4903 ἐπάγει
1363 4835 1578 4887 κόλασιν
1599 4852 1612 4864 ⁸
1644 4836 1719 4899 ὠς
1746 4838 1793 4889 δὲ

1908 4828 2099 4898 inﬂigit
2132 4845 2146 4881 :
2180 4832 2239 4879 ut
2273 4826 2364 4893 qui
2396 4831 2576 4877 autem
2623 4821 2734 4876 sint
2756 4823 2928 4889 magis
2962 4817 3170 4874 Christi
3226 4818 3389 4882 servi,
3423 4828 3479 4872 et

226 4922 426 4986 δούλοις
443 4923 681 4993 Χριστοῦ
701 4924 897 4993 μᾶλλον
915 4918 1052 4989 οὖσι,
1072 4926 1319 4980 κάκεῖνον
1342 4928 1500 4979 πλέον
1520 4926 1797 4994 φοϐεῖσθαι

1906 4937 2030 4977 eum
2054 4921 2254 4975 debent
2280 4918 2454 4988 magis
2481 4926 2745 4976 metuere,
2770 4911 3097 4968 mediocrem
3130 4926 3346 4982 penam
3382 4911 3481 4964 im-

229 5016 517 5083 ὀφείλουσι,
534 5017 768 5085 μετρίως
784 5017 1028 5086 ἐπιτιμᾷ.
1047 5017 1339 5085 ’Ἕκαστος
1354 5019 1483 5087 γὰρ,
1504 5019 1635 5087 φησὶ
1658 5020 1793 5073 κατὰ

1900 5014 2070 5083 ponit.
2108 5008 2642 5079 Unusquisquemim,
2668 5004 2869 5076 inquit,
2898 5004 3199 5059 secundum
3222 5017 3476 5073 magnum

230 5107 315 5159 τὸν
338 5108 510 5178 μέγαν
539 5108 770 5171 Παῦλον,
806 5109 835 5161 ὀ
862 5109 969 5160 ἐὰν
993 5108 1217 5178 ποιήσῃ
1243 5110 1484 5173 ἀγαθὸν,
1518 5110 1793 5178 κομιεῖται

1901 5104 2152 5164 Paulum,
2184 5101 2317 5172 quod
2344 5101 2521 5170 fecerit
2548 5098 2740 5152 bonum
2766 5115 2801 5152 α
2830 5096 3057 5151 Domino
3108 5095 3340 5164 recipiet,
3371 5097 3477 5159 sive

230 5199 399 5253 τοῦτο
428 5202 589 5266 παρὰ
622 5202 863 5267 Κυρίου,
890 5200 1009 5254 εἴτε
1041 5199 1263 5267 δοῦλος
1298 5203 1417 5255 εἴτε
1464 5202 1797 5283 ἐλεύθερος.

299 5291 539 5344 ΖΩΝΑΡ,
582 5290 736 5354 Τινὲς
768 5292 985 5355 δούλους
1017 5293 1248 5357 οἰκείους
1287 5294 1642 5363 Χριστιανοὺς
1684 5294 1800 5347 ἀνθ’

233 5381 431 5436 ἑαυτῶν
457 5384 550 5436 καὶ
578 5382 821 5438 ἀκόντων
839 5385 902 5456 [Ῑ.
919 5384 1451 5457 άκοντας]ύπέϐαλον
1476 5386 1641 5440 θύειν.
1667 5387 1804 5449 Τοὺς

301 5548 326 5575 ι
353 5535 537 5607 Ephes.
566 5554 641 5603 vt,
674 5536 728 5592 8.

1904 5215 2079 5252 servus
2100 5197 2203 5249 sive
2229 5194 2377 5248 liber.

1978 5288 2184 5343 Zama.
2210 5285 2467 5342 Nonnulli
2502 5298 2691 5340 servos
2726 5296 2857 5337 suos
2896 5278 3266 5342 Christianos,
3298 5290 3396 5349 pro
3419 5291 3480 5331 se

1908 5383 2079 5453 ipsis,
2134 5380 2295 5434 etiam
2346 5378 2544 5433 invitos
2590 5375 2658 5429 ad
2718 5372 3108 5429 immolandum
3152 5371 3479 5427 submisere.

1567 5670 1800 5726 VARIAE
1854 5665 2257 5725 LECTIONES.

338 5836 397 5869 ³⁵⁵
426 5842 799 5900 ἐκκλίνοντας.

880 5839 965 5869 ""
995 5838 1029 5905 ἢ
1058 5838 1149 5891 καὶ
1180 5840 1231 5893 εἴ
1252 5854 1410 5901 τινες.
1489 5837 1597 5870 ¹³“’⁹
1624 5855 1683 5891 τε
1711 5854 1818 5893 om.

1923 5837 2054 5869 ίισηο
2085 5837 2142 5890 εν
2176 5851 2284 5893 om.
2364 5834 2517 5865 ""'”
2550 5832 2703 5887 Θεοῦ.
2780 5832 2827 5864 ¹⁶
2855 5830 3005 5889 deest
3034 5829 3171 5885 ἐστι.
