4036 6320
555 384 664 443 ὁ79

1586 383 1644 440 S.
1686 381 1890 440 PETRI
1924 382 2392 441 ALEXANDRINI
2431 379 2742 438 EPISCOPI

3701 378 3804 431 430

556 473 736 530 Home
763 473 930 545 igitur
965 489 1175 539 servos,
1203 474 1457 544 quamvis
1510 474 1858 536 dommorum
1886 476 2135 546 iussione

2242 473 2481 536 δούλους,
2521 474 2570 525 εί
2598 475 2693 527 καὶ
2724 471 2970 526 κελεύσει
3003 469 3111 524 τῶν
3137 467 3408 522 δεσποτῶν
3449 466 3670 531 ἔθυσαν,
3699 467 3812 537 ﬁta-

554 566 758 630 coacti,
788 581 895 620 non
933 573 1114 620 autem
1173 580 1274 620 sua
1320 565 1620 630 voluntate,
1684 567 2136 633 sacriﬁcaverint,

557 672 756 711 annum
787 657 840 711 in
872 658 1192 728 pcenitentia
1233 656 1431 726 degere
1463 657 1550 711 hic
1597 655 1759 712 Pater
1781 659 1936 727 jubet
1969 677 1982 714 :
2017 673 2135 715 me-

556 747 891 816 minisseque
923 761 984 801 se
1019 761 1143 800 cum
1169 747 1280 801 sint
1309 745 1513 810 ﬁdeles,
1535 761 1658 801 esse
1686 745 1895 802 Christi
1923 762 2134 812 servos,

555 848 796 904 eumque
829 835 1005 904 magis
1029 834 1224 888 timere
1245 841 1498 903 oportere
1537 851 1551 888 :
1604 850 1669 889 ac
1697 852 2134 908 unumquemque,

556 930 615 977 ut
645 939 877 996 magnus
904 925 984 992 ait
1013 925 1332 994 Apostolus,
1367 927 1472 982 sive
1495 943 1725 995 servum,
1753 928 1860 983 sive
1890 928 2134 995 liberum,

552 1031 671 1086 qua
701 1015 883 1086 fecerit
907 1026 1323 1084 reportaturum.

1160 1106 1391 1163 CANON
1420 1107 1532 1165 Vll.

632 1215 655 1250 ‹
693 1195 879 1260 Liberi
915 1205 1100 1251 autem
1142 1199 1320 1254 tribus
1349 1202 1515 1257 annis
1566 1201 1621 1255 in
1671 1203 1991 1274 pauitantia
2014 1220 2137 1260 exa-

560 1305 581 1337 s
627 1286 988 1341 minabuntur
1018 1325 1033 1350 ,
1089 1293 1202 1340 tum
1267 1289 1414 1358 quod
1461 1289 1966 1354 dissimulaverint.
2019 1303 2136 1349 tum

559 1395 580 1427 ι
618 1376 766 1447 quod
797 1375 1075 1431 effecerint
1109 1385 1168 1431 ut
1202 1382 1452 1436 conservi
1518 1384 1912 1446 sacriﬁcarent,
1955 1394 2016 1438 ut
2043 1386 2137 1455 qui

558 1486 580 1519 ι
617 1468 880 1538 Apostolo
911 1483 1020 1523 non
1059 1470 1392 1536 obetlierint,
1423 1472 1518 1542 qui
1559 1474 1673 1528 vult
1704 1486 1732 1515 ι
1773 1474 2015 1529 dominos
2045 1493 2140 1531 ea-

562 1579 582 1610 s
623 1559 740 1614 dem
768 1560 939 1626 facere
962 1579 1078 1632 quae
1098 1567 1254 1627 servi,
1296 1568 1616 1621 remittentes
1643 1569 1836 1622 minas.
1878 1566 2135 1636 Scientes,

564 1671 581 1702 ι
625 1652 821 1722 inquit,
851 1654 990 1722 quod
1014 1666 1192 1709 noster
1217 1674 1421 1727 quoque
1445 1668 1495 1712 et
1513 1660 1748 1726 ipsorum
1774 1658 2032 1714 Dominus
2058 1668 2138 1715 est

561 1757 580 1789 ι
620 1739 676 1792 in
710 1741 876 1805 catis,
910 1751 1088 1798 etnon
1120 1755 1198 1798 est
1236 1745 1376 1813 apud
1435 1764 1553 1800 eum
1586 1763 1935 1816 personarum
1982 1766 2136 1805 aeae-

2241 562 2492 627 σθέντες,
2539 563 2654 616 ἀλλ’
2695 564 2796 617 οὐκ
2837 561 2897 626 ἐξ
2937 560 3138 613 οίκείου
3185 559 3519 630 θελήματος,
3571 557 3811 611 ἐνιαυτὸν

2237 655 2296 706 ὲν
2319 652 2575 723 μετανοίᾳ
2601 649 3052 721 διὰγεινόΠατὴρ
3077 644 3230 711 οὗτος
3256 647 3565 718 διορίζεται,
3594 647 3691 699 καὶ
3715 664 3812 716 μα-

2238 744 2372 809 θεῖν,
2397 745 2501 809 δτι,
2535 745 2717 798 πιστοὶ
2744 744 2917 807 ὅντες,
2945 742 3181 814 Χριστοῦ
3204 739 3377 794 δοῦλοί
3411 743 3540 805 είσι,
3567 742 3813 794 κάκεῖνον

2239 837 2444 907 μᾶλλον
2473 835 2756 906 φοδεῖσθαι
2789 834 3090 903 ὀφείλουσι·
3123 833 3215 886 καὶ
3253 832 3336 884 ὅτι
3373 831 3651 897 ἕκαστος,
3682 832 3814 883 κατὰ

2235 925 2327 979 τὸν
2352 927 2523 997 μέγαν
2566 925 2906 986 ’Δπόστολον,
2926 925 2956 980 ὃ
2985 925 3094 978 ἐὰν
3116 921 3340 992 ποιήσῃ
3365 922 3672 991 κομιεῖται,
3701 922 3814 975 εἴτε

2236 1009 2460 1085 δοῦλος
2491 1020 2613 1073 alte
2643 1019 2978 1086 ἐλεύθερος.

2850 1108 3088 1162 ΚΑΝΩΝ
3129 1110 3200 1162 Z'.

2313 1217 2333 1250 ι
2370 1199 2434 1252 Ol
2473 1198 2531 1252 δὲ
2561 1198 2834 1270 ἐλεύθεροι
2869 1200 2927 1251 ὲν
2951 1198 3128 1270 τρισὶν
3160 1197 3336 1249 ἔτεσιν
3367 1193 3814 1264 ὲξετασθήσονται

2243 1308 2262 1340 ι
2303 1291 2363 1343 ιν
2389 1291 2666 1362 μετανοίᾳ,
2690 1294 2784 1346 καὶ
2805 1292 2880 1355 ὼς
2899 1291 3326 1361 ὑποκρινάμενοι
3344 1287 3431 1350 ¹⁶⁹,
3450 1287 3545 1339 καὶ
3558 1287 3636 1350 ὼς
3653 1303 3816 1338 κατα-

2243 1397 2263 1432 s
2299 1381 2670 1448 ναγκάσαντες
2695 1383 2820 1444 τοὺς
2847 1375 3170 1451 ὁμοδούλους
3193 1378 3372 1441 θῦσαι,
3398 1378 3491 1430 ἆτε
3518 1378 3607 1407 ¹⁶⁹⁶
3632 1376 3697 1447 δὴ
3720 1394 3816 1428 παν

2244 1492 2262 1523 ι
2307 1473 2671 1551 ρακούσαιιτες
2714 1473 2808 1526 τοῦ
2866 1472 3186 1526 Ἀποστόλου
3240 1470 3313 1524 τὰ
3369 1472 3522 1523 αὐτὰ
3570 1467 3816 1528 θέλοντος

2243 1582 2262 1616 ι
2299 1564 2492 1618 ποιεῖν
2536 1563 2677 1629 τοὺς
2721 1562 3022 1627 δεσπότας
3071 1561 3195 1627 τοῖς
3235 1559 3495 1624 δούλοις,
3541 1559 3818 1622 ἀνιέντας

2245 1673 2264 1708 ι
2304 1656 2417 1721 τὴν
2448 1653 2741 1718 ἀπειλήν
2791 1653 3015 1719 ειδότες
3055 1654 3117 1716 ³⁷,
3162 1653 3346 1720 φησὶν,
3392 1651 3479 1704 ὅτι
3516 1650 3620 1703 καί
3652 1648 3819 1718 ἡμῶν

2245 1762 2263 1794 ι
2307 1744 2403 1797 καί
2435 1742 2632 1796 αὐτῶν
2663 1743 2726 1773 ⁸⁷·
2749 1746 2781 1796 ὀ
2803 1743 3019 1809 Κύριός
3041 1741 3211 1793 ἐστιν
3235 1741 3278 1771 ⁸⁸
3302 1741 3371 1793 ὲν
3395 1738 3694 1806 οὐρανοῖς,
3724 1739 3818 1790 καί

562 1847 581 1881 ι
616 1833 748 1900 ptio.
779 1831 836 1886 Si
864 1849 1033 1889 unum
1058 1845 1241 1890 autem
1301 1854 1493 1894 omnes
1519 1839 1787 1897 habemus
1818 1841 2133 1907 Dominum,

2245 1855 2264 1888 ι
2303 1835 2787 1903 προσωποληψία
2820 1834 2953 1901 παρ’
2986 1831 3144 1897 αὐτῷ
3173 1835 3284 1886 οὐκ
3314 1833 3503 1885 ἐστιν.
3541 1832 3604 1884 Εί
3643 1831 3701 1884 δὲ
3727 1831 3821 1882 ἕνα

563 1939 581 1971 ι
619 1922 757 1990 apud
805 1940 960 1995 quem
988 1943 1092 1980 non
1144 1937 1222 1980 est
1259 1944 1607 1998 personarum
1639 1933 1874 2000 acceptio
1905 1934 1967 2000 b;
1999 1950 2138 2004 quo-

561 2030 581 2063 ι
620 2015 768 2070 niam
791 2025 839 2070 et
870 2019 1072 2081 omnia,
1105 2029 1155 2072 et
1185 2021 1238 2074 in
1265 2021 1504 2076 omnibus
1528 2032 1608 2077 est
1631 2022 1897 2091 Christus,
1922 2027 1977 2080 iis
2007 2027 2140 2081 Bur-

562 2122 582 2156 s
626 2103 770 2161 baris
809 2117 860 2162 et
887 2106 1122 2180 Scythis,
1155 2114 1318 2168 servis
1351 2125 1401 2168 et
1433 2114 1610 2171 liberis
1648 2127 1674 2158 ε
1709 2136 1723 2172 :
1773 2117 1975 2174 debent
2002 2133 2138 2173 cou-

563 2214 583 2249 ι
625 2198 872 2257 siderare
926 2203 1073 2272 quod
1105 2202 1376 2268 fecerunt,
1407 2207 1652 2262 volentes
1705 2222 1863 2263 suam
1890 2210 2134 2281 ipsorum

561 2310 579 2342 ι
619 2294 861 2348 animam
913 2310 1169 2366 servare;
1206 2301 1298 2369 qui
1357 2315 1656 2355 conservos
1694 2312 1916 2359 nostros
1952 2310 2137 2361 traxe-

561 2400 584 2436 ι
614 2394 744 2440 runt
765 2386 833 2440 ad
865 2387 1250 2451 idololatriam,
1269 2388 1362 2458 qui
1388 2398 1641 2458 poterant
1662 2402 1718 2447 et
1738 2393 1843 2462 ipsi
1873 2392 2131 2466 eﬂugere.

559 2491 580 2524 ι
611 2476 658 2530 si
684 2475 778 2545 jus
807 2483 863 2531 et
887 2477 1255 2547 equalitatem
1280 2477 1415 2547 ipsis
1435 2479 1799 2547 praebuissent
1839 2488 1901 2537 ut
1937 2497 2134 2539 rursus

559 2583 576 2616 ι
611 2565 748 2621 dicit
769 2567 1086 2637 Apostolus.
1126 2584 1146 2619 ι

625 2736 789 2792 Bsts.
837 2736 1053 2796 Liberis
1085 2749 1269 2797 autem
1303 2758 1400 2797 seu
1444 2743 1681 2801 dominis
1721 2763 2006 2803 servorum
2039 2766 2132 2805 sa-

555 2829 807 2885 crificare
830 2841 1172 2897 coactorum,
1207 2835 1431 2890 triennii
1455 2851 1673 2906 poenam
1703 2838 1960 2911 injungit,
1985 2842 2132 2911 quod

555 2927 611 2976 et
640 2919 956 2978 sacriﬁcare
1006 2925 1358 2993 simularunt,
1413 2938 1465 2984 et
1502 2931 1726 2985 omnino
1761 2945 2002 2988 annuere
2030 2933 2133 2988 visi

556 3019 710 3076 sunt,
744 3023 801 3069 et
849 3016 997 3085 quod
1031 3033 1327 3074 conservos
1358 3022 1670 3077 sacriﬁcare
1712 3032 2036 3096 coegerunt,
2078 3034 2135 3082 et

555 3105 708 3175 quod
737 3104 1002 3178 Apostolo
1029 3126 1136 3164 non
1183 3123 1484 3182 paruerunt
1506 3113 1722 3182 jubenti
1767 3117 1930 3171 seruis
1959 3119 2132 3174 minus

2247 1950 2265 1982 ι
2308 1930 2509 2000 Κύριον
2559 1928 2770 1999 ἔχωμεν
2801 1928 2844 1958 ⁸⁸
2873 1928 2922 1979 οἱ
2957 1927 3178 1988 πάντες,
3221 1926 3820 1992 ἀπροσωπόληκτον,

2246 2041 2266 2074 ι
2305 2022 2426 2074 ἐπεὶ
2453 2021 2551 2073 καὶ
2587 2018 2784 2073 πάντα
2822 2019 2921 2072 καί
2974 2019 3045 2071 ἐν
3070 2016 3260 2070 πᾶσιν
3285 2017 3456 2068 ἐστιν
3476 2018 3510 2068 ό
3541 2014 3818 2081 Χριστὸς,

2247 2133 2264 2164 ι
2303 2113 2373 2166 ἐν
2427 2129 2490 2165 τε
2532 2109 2862 2180 βαρϐάροις
2914 2110 3011 2163 καὶ
3069 2109 3360 2172 Σκύθαις,
3416 2105 3661 2172 δούλοις
3723 2107 3818 2159 καί

2243 2221 2264 2255 ι
2302 2203 2671 2272 ἐλευθέροις,
2710 2204 2936 2255 σκοπεῖν
2986 2201 3290 2270 ὀφείλουσιν
3319 2198 3347 2251 δ
3393 2200 3822 2269 κατειργάσαντο

2245 2317 2263 2347 ι
2302 2295 2625 2366 θελήσαντες
2658 2293 2754 2366 τὴν
2781 2293 2957 2364 ψυχὴν
2985 2292 3191 2349 ἑαυτῶν
3224 2291 3393 2344 σῶσαι
3415 2289 3483 2353 ⁸⁸,
3507 2295 3632 2355 τοὺς
3675 2291 3733 2344 δὲ
3753 2292 3819 2324 ⁸⁸⁸

2243 2405 2262 2438 ι
2301 2387 2617 2450 συνδούλους
2634 2385 2839 2440 ἑαυτῶν
2853 2387 2894 2418 ¹¹
2908 2386 3232 2448 ἑλκύσαντες
3248 2384 3339 2438 ἐπὶ
3356 2382 3820 2452 είδιυλολατρείαν,

2245 2497 2262 2529 ι
2299 2478 2636 2548 δυναμένους
2663 2477 2756 2530 xa‘t
2784 2477 2978 2540 αὐτοὺς
3007 2477 3287 2545 ἐκφυγεῖν,
3319 2477 3366 2528 εί
3400 2473 3458 2526 τὸ
3483 2475 3692 2526 δίκαιον
3726 2473 3821 2524 καὶ

2244 2585 2262 2618 ι
2304 2567 2401 2639 τὴν
2440 2567 2661 2637 ἰσότητα
2691 2563 2832 2638 ἦσαν
2878 2568 3061 2632 αὐτοῖς
3095 2564 3467 2637 παρασχόντες
3492 2603 3507 2626 ,
3549 2563 3626 2627 ὡς
3661 2562 3821 2617 πάλιν

2243 2679 2261 2711 ι
2300 2663 2329 2715 ό
2363 2659 2684 2723 ’Δπόστολος
2714 2660 2883 2727 λέγει.
2917 2679 2935 2710 ι

2307 2753 2503 2806 ΒΔΛΣ.
2536 2753 2662 2814 Τοῖς
2692 2752 2749 2804 δὲ
2780 2751 3103 2821 ἐλευθέροις,
3123 2751 3240 2820 ἦτοι
3260 2751 3371 2811 τοῖς
3397 2747 3687 2810 δεσπόταις
3717 2745 3822 2799 τῶν

2238 2844 2569 2915 βιασθέντων
2597 2843 2758 2897 θῦσαι
2785 2843 3006 2906 δούλων,
3039 2843 3133 2895 ἐπὶ
3164 2843 3403 2912 τριετίαν
3440 2840 3672 2910 ἐπιτιμᾷ
3691 2856 3703 2868 ·
3736 2839 3817 2892 ὃτι

2234 2949 2298 2987 τε
2333 2933 2706 3004 ὑπεκρίθησαν
2737 2931 2919 2997 θῦσαι,
2954 2930 3048 2986 καὶ
3075 2931 3211 2993 ὅλως
3245 2928 3426 2994 ἔδοξαν
3459 2929 3817 2989 κατανεῦσαι,

2238 3026 2334 3080 καὶ
2363 3027 2444 3079 ὅτι
2477 3029 2601 3089 τοὺς
2649 3025 2968 3088 συνδούλους
3020 3023 3334 3093 ἠνάγκασαν
3363 3020 3558 3082 θῦσαι,
3596 3021 3691 3073 καὶ
3737 3022 3820 3074 ὅτι

2241 3119 2596 3189 παρήκουσαν
2625 3122 2717 3171 τοῦ
2753 3116 3074 3171 Ἀποοτόλου
3101 3113 3412 3176 κελεύοντος
3435 3111 3668 3167 ἀνιέναι
3697 3113 3822 3178 τοῖς

553 3200 854 3264 remittere;
887 3210 1076 3272 utpote
1109 3177 1234 3258 cum
1266 3205 1371 3274 ipsi
1400 3222 1618 3276 quoque
1647 3207 1856 3263 domini
1896 3209 1989 3265 Dei
2017 3226 2135 3266 ser-

2242 3208 2484 3276 δούλοις
2513 3210 2626 3278 τὴν
2658 3211 2939 3278 ἀπειλὴν,
2990 3209 3066 3272 ὡς
3110 3209 3204 3261 καὶ
3248 3205 3354 3259 τῶν
3389 3206 3665 3259 δεσποτῶν
3703 3207 3826 3262 δού-

557 3287 608 3339 νὶ
634 3288 766 3350 sint,
801 3298 856 3343 et
889 3289 1218 3347 famulorum
1254 3294 1526 3349 conservi.
1563 3294 1740 3366 Atque
1769 3297 1874 3367 ipsi
1915 3299 2135 3369 quidem

556 3375 887 3435 festinarunt
916 3397 1071 3438 suam
1095 3400 1315 3441 servare
1347 3386 1605 3450 animam,
1634 3402 1932 3445 conservos
1953 3397 2136 3446 autem

554 3490 687 3532 suos
715 3476 786 3531 ad
805 3476 1170 3536 idololatriam
1184 3483 1698 3554 compnlerunt,qui
1729 3493 1981 3554 poterant
2001 3486 2139 3541 ell‘u-

549 3581 697 3637 gere.
717 3624 733 3639 ,

624 3658 830 3714 Zona.
863 3659 1077 3717 Liberis
1100 3673 1301 3726 autem,
1334 3665 1439 3719 hoc
1475 3676 1559 3721 est
1585 3667 1823 3722 dominis
1852 3683 2136 3723 servorum

553 3752 648 3820 qui
685 3753 1000 3809 sacriﬁcare
1035 3765 1166 3810 sunt
1217 3758 1418 3820 coacti,
1450 3758 1674 3812 triennii
1700 3771 1918 3827 poenam
1953 3760 2142 3828 injun-

551 3843 629 3912 git
664 3862 676 3895 :
714 3853 830 3896 tum
864 3847 993 3913 quia
1054 3845 1367 3901 sacriﬁcare
1415 3863 1473 3901 se
1516 3849 1870 3913 simularunt,
1908 3864 1972 3903 ac
2010 3865 2136 3904 suc-

551 3936 812 3987 cumbere
865 3936 1091 3990 omnino
1125 3937 1224 3992 visi
1277 3945 1450 3992 sunt:
1488 3948 1602 3992 tum
1663 3941 1792 4010 quia
1839 3956 2137 3997 conservos

549 4035 848 4094 coegerunt
873 4035 931 4081 ιιι
961 4029 1335 4096 immolarent;
1364 4046 1462 4084 nec
1524 4032 1968 4102 obtemperarth
1997 4035 2139 4104 Apo-

552 4118 934 4186 Stolojtrbenti'
962 4122 1128 4174 servis
1178 4123 1350 4176 minus
1376 4124 1670 4188 remittere;
1705 4141 1829 4178 cum
1867 4126 1969 4195 ipsi
2002 4141 2138 4195 quo—

557 4225 664 4278 que
684 4209 890 4265 domini
948 4215 1058 4268 sint
1086 4213 1177 4268 Dei
1204 4217 1367 4280 servi,
1404 4225 1458 4270 et
1487 4216 1816 4271 famulorum
1857 4219 2133 4276 consenvi.

552 4302 635 4354 Ac
660 4302 763 4371 ipsi
796 4305 1014 4372 quidem
1060 4307 1388 4362 festinarunt
1438 4324 1593 4363 suam
1628 4325 1848 4365 servare
1870 4309 2133 4373 animam,

551 4407 849 4447 conservos
874 4409 1075 4460 autem,
1125 4399 1217 4468 qui
1243 4399 1479 4470 effugere
1502 4409 1752 4472 poterant
1800 4399 1869 4454 ad
1902 4400 2134 4456 idolola-

554 4484 714 4538 triam
751 4488 1154 4555 compulerunt.

1150 4577 1374 4632 CANON
1416 4579 1551 4636 Vlll.

635 4685 652 4717 ι
695 4667 764 4719 lis
789 4674 968 4722 autem
995 4667 1085 4735 qui
1112 4669 1309 4737 proditi
1342 4682 1488 4738 sunt,
1520 4683 1573 4728 et
1595 4676 1935 4737 exciderunt,
1966 4676 2056 4735 nui
2085 4686 2138 4731 et

558 4780 577 4812 ι
614 4761 715 4830 ipsi
743 4760 807 4813 ad
852 4769 1125 4815 certamen
1158 4775 1527 4827 accesserunt,
1560 4783 1619 4821 se
1650 4784 1772 4823 esse
1797 4769 2137 4824 Christianos

559 4872 576 4902 ι
615 4853 956 4912 conﬁtentes,
977 4862 1030 4906 et
1054 4854 1106 4907 in
1132 4856 1429 4909 custodiam
1457 4873 1580 4910 cum
1605 4860 1890 4914 tormentis
1906 4862 2133 4930 conjecti

559 4965 576 4996 ι
610 4955 771 5000 sunt:
815 4960 1031 5014 aequum
1072 4955 1158 5001 cst
1195 4948 1248 5001 in
1281 4950 1642 5006 exsultatione
1671 4954 1855 5010 cordis
1881 4957 2020 5011 vires
2056 4956 2132 5009 si-

558 5060 576 5091 ι
611 5040 722 5094 mul
750 5039 966 5102 addere,
995 5051 1049 5095 ct
1071 5042 1150 5096 cis
1175 5044 1229 5096 in
1259 5044 1514 5098 omnibus
1541 5051 1958 5114 communicare,
1993 5061 2047 5105 et
2080 5053 2131 5104 in

562 5148 579 5179 ι
610 5128 976 5194 orationibus,
1011 5143 1059 5184 et
1115 5132 1166 5184 in
1199 5133 1610 5202 participatione
1648 5139 1892 5206 corporis
1926 5149 1980 5193 ct
2007 5156 2135 5193 san--

563 5238 579 5268 ι
613 5220 794 5288 guinis
845 5219 1088 5283 Christi,
1142 5233 1194 5276 et
1250 5224 1518 5278 sermonis
1571 5226 1946 5282 adhortatione

631 5372 654 5398 ι
689 5357 880 5429 Ephes.
919 5378 990 5428 νι,
1026 5366 1081 5420 9.
1158 5369 1184 5409 ιτ
1209 5368 1360 5422 Rom.
1388 5385 1449 5434 ιι,
1489 5343 1573 5424 Η..
1655 5384 1673 5411 ε
1702 5372 1909 5429 Colass.
1942 5389 2025 5439 ιιι,
2061 5373 2145 5426 Η.

2241 3295 2350 3354 λων
2396 3299 2563 3355 ὄντων
2596 3301 2674 3372 τῷ
2708 3302 2917 3373 Κυρίῳ,
2955 3301 3050 3355 καὶ
3079 3302 3193 3363 τοῖς
3218 3299 3455 3362 οἰκέταις
3495 3299 3818 3357 συνδούλων.

2241 3394 2352 3447 Καὶ
2394 3395 2547 3448 αὐτοὶ
2585 3395 2683 3465 μὲν
2725 3395 2995 3446 ἔσπευσαν
3023 3393 3121 3464 τὴν
3157 3389 3362 3444 οἰκείαν
3396 3389 3566 3444 σῶσαι
3602 3391 3822 3463 φυγὴν,

2240 3485 2366 3549 τοὺς
2397 3486 2453 3540 δὲ
2489 3486 2804 3550 συνδούλους
2848 3488 2939 3540 ἐπὶ
2974 3483 3414 3556 εἰδωλολατρείαν
3459 3485 3820 3555 κατήπειγον,

2239 3576 2569 3647 δυναμένους
2598 3579 2876 3645 ἐκφυγεῖν.

2311 3670 2551 3722 ΖΩΝΑΡ.
2606 3670 2730 3733 Τοῖς
2769 3669 2824 3722 δὲ
2869 3668 3192 3740 ἐλευθέροις,
3240 3667 3356 3736 ἦτοι
3384 3669 3494 3730 τοῖς
3531 3665 3822 3732 δεσπόταις

2240 3761 2347 3815 τῶν
2367 3761 2696 3832 βιασθέντων
2719 3760 2877 3814 Θῦσαι
2906 3760 3129 3821 δούλων,
3164 3760 3256 3810 ἐπὶ
3283 3759 3519 3827 τριετίαν
3548 3760 3782 3829 ἐπιτιμᾷ
3805 3777 3818 3790 ·

2239 3855 2320 3907 ὅτι
2347 3873 2406 3907 τε
2428 3854 2798 3925 ὑπεκρίθησαν
2821 3854 3000 3917 θῦσαι,
3030 3854 3125 3906 καὶ
3150 3851 3285 3914 ὅλως
3306 3852 3488 3917 ἔδοξαν
3519 3853 3819 3924 ὑποκύψαι,

2240 3950 2337 4002 καὶ
2369 3949 2451 4000 ὅτι
2491 3948 2584 3999 καὶ
2629 3949 2756 4008 τοὺς
2801 3944 3112 4007 συνδούλους
3161 3943 3474 4012 ἠνάγκασαν
3507 3942 3690 4006 θῦσαι,
3727 3945 3822 4019 καὶ

2240 4041 2322 4092 ὃτι
2353 4040 2705 4108 παρήκουσαν
2733 4037 2828 4089 τοῦ
2875 4035 3197 4088 Ἀποστόλου
3239 4035 3548 4098 κελεύοντος
3586 4035 3822 4089 ἀνιέναι

2240 4129 2363 4194 τοῖς
2401 4130 2641 4195 δούλοις
2672 4129 2786 4196 τὴν
2834 4126 3122 4192 ἀπειλὴν,
3159 4127 3234 4189 ὡς
3272 4126 3366 4180 καὶ
3404 4126 3509 4178 τῶν
3542 4125 3822 4178 δεσποτῶν

2240 4221 2442 4274 δούλων
2483 4222 2650 4274 ὄντων
2691 4218 2903 4291 Κυρίῳ,
2940 4220 3172 4280 καὶτοῖς
3219 4220 3458 4282 οἰκέταις
3495 4217 3816 4272 συνδούλων.

2241 4308 2351 4362 Καὶ
2378 4309 2530 4362 αὐτοὶ
2572 4310 2669 4380 μὲν
2710 4307 2979 4360 ἔσπευσαν
3029 4309 3126 4379 τὴν
3160 4309 3362 4361 οἰκείαν
3399 4309 3566 4362 σῶσαι
3614 4305 3817 4379 ψυχὴν,

2239 4401 2365 4463 τοὺς
2412 4401 2468 4453 δὲ
2502 4401 2816 4462 συνδούλους
2846 4401 2938 4465 ἐπὶ
2987 4399 3425 4470 εἰδωλολατρείαν
3466 4397 3819 4466 κατέπειξαν,

2241 4493 2570 4563 δυναμένους
2593 4495 2870 4564 ἐκφυγεῖν.

2837 4584 3077 4637 ΚΑΝΩΝ
3130 4583 3214 4638 Η’.

2311 4698 2329 4729 s
2369 4680 2491 4740 Τοῖς
2512 4678 2567 4730 δὲ
2603 4677 3053 4748 παραδεδομένοις
3084 4677 3175 4730 καὶ
3198 4678 3241 4706 ¹¹
3267 4675 3668 4741 ἐκπεπτωκόσι,
3703 4682 3814 4741 τοῖς

2239 4787 2258 4816 ι
2293 4785 2351 4819 τε
2377 4768 2555 4829 αὐτοῖς
2579 4767 2624 4799 ³³
2648 4766 3102 4838 προσεληλυθόσιν
3131 4767 3211 4828 εἰς
3239 4766 3328 4816 τὸν
3358 4764 3539 4833 ἀγῶνα
3563 4770 3657 4821 καὶ
3688 4773 3817 4838 ὀμο-

2240 4874 2256 4906 ι
2297 4855 2545 4923 λογοῦσιν
2571 4851 2708 4908 εἶναι
2741 4855 3102 4925 Χριπιανοίς,
3131 4851 3552 4922 ἐμϐεϐλημένοις
3578 4870 3636 4905 τε
3665 4855 3722 4906 ἐν
3746 4857 3810 4924 τῇ

2238 4966 2256 4997 ‹
2300 4947 2509 5017 φυλακῇ
2539 4947 2675 5016 μετὰ
2708 4947 2975 5016 βασάνων,
3005 4944 3222 5011 εὔλογόν
3246 4945 3390 4997 ἐστιν
3417 4946 3474 4997 ὲν
3495 4944 3812 5011 ἀγαλλιάσει

2239 5058 2255 5088 ι
2300 5040 2520 5110 καρδίας
2550 5039 2924 5110 συνεπισχύειν
2957 5042 3051 5092 καὶ
3077 5040 3352 5090 κοινωνεῖν
3381 5038 3438 5090 ὲν
3462 5039 3645 5100 πᾶσιν,
3673 5038 3728 5089 ἐν
3751 5053 3810 5091 τε

2237 5151 2255 5180 ι
2295 5137 2410 5195 ταῖς
2439 5137 2768 5204 προσευχαῖς
2797 5132 2892 5185 καὶ
2921 5133 2984 5200 τῇ
3015 5127 3308 5200 μεταλήψει
3327 5129 3422 5182 τοῦ
3447 5129 3694 5198 σώματος
3717 5129 3811 5181 καὶ

2004 5244 2016 5279 :
2075 5239 2134 5283 ut
2235 5241 2252 5273 ι
2297 5223 2390 5275 τοῦ
2414 5225 2640 5296 αἵματος
2670 5224 2765 5276 τοῦ
2801 5225 3034 5294 Χριστοῦ
3060 5220 3124 5286 ⁸⁸,
3148 5222 3240 5273 καὶ
3265 5224 3328 5292 τῇ
3353 5219 3691 5290 παρακλήσει
3717 5220 3808 5273 τοῦ

1801 5526 2034 5584 VARIE
2070 5526 2474 5584 LECTIONES.

630 5675 695 5749 ’τ’
724 5674 1158 5749 ύποκρι-Ῑόμενοι.
1257 5683 1341 5713 ¹⁶⁸⁶
1370 5685 1471 5736 ὅτι.

1589 5687 1626 5717 ¹⁷
1658 5685 1883 5750 εἰδότας.

611 5752 623 5767 ο
657 5747 677 5762 ι
697 5749 706 5761 ι

651 5767 706 5800 ὀἱ
735 5766 844 5804 οιιι.

2005 5687 2069 5717 ⁸⁷⁸⁵
2101 5687 2252 5755 ὑμῶν
2283 5687 2481 5740 αὐτῶν.

957 5755 993 5783 ﬂ
1026 5754 1197 5822 mnium
1276 5757 1317 5786 η
1346 5753 1437 5806 me
1465 5770 1573 5809 Om'
1654 5759 1697 5788 ’³
1729 5759 1957 5820 ἑαυτοῖς.
2026 5759 2070 5789 ’⁵
2099 5753 2190 5812 τοῦ
2228 5757 2462 5826 Χριστοῦ
2498 5773 2606 5812 om.

3501 5681 3548 5715 ³⁸
3578 5677 3702 5736 add.
3736 5675 3806 5738 ti.

2599 5687 2640 5714 ”'
2665 5685 2813 5743 dces!
2857 5685 3024 5740 ἔστιν.
3128 5688 3169 5718 ¹⁹
3203 5684 3415 5756 ἔχομεν.

3965 64 3993 502 l
