4036 6320
172 359 260 419 εει
1401 360 1734 418 EPlSTOLA
1773 354 2143 421 CANONICA.

3317 371 3425 433 482

177 490 194 523 ι
229 471 403 541 λόγου·
431 471 520 525 ἵνα
543 472 900 543 εὐτονώτερον
926 472 1340 546 ἀγωνισάμενοι,
1366 477 1737 541 καταξιωθῶσι

1851 495 1870 527 ι
1912 477 2007 546 qui
2036 478 2382 535 constantius
2421 478 2846 542 decertaverint,
2877 480 2984 552 ipsi
3010 498 3232 555 quoque
3250 501 3424 554 supero

176 581 193 614 ι
228 563 318 617 καὶ
353 563 510 617 αὐτοὶ
546 563 653 618 τοῦ
677 565 962 631 ,ϐραϐείου
996 564 1107 634 τῆς
1134 566 1255 620 ἄνω
1295 568 1590 636 κλήσεως.
1629 571 1738 624 Καὶ

176 673 194 707 ι
227 655 332 728 γάρ
362 655 632 717 ἑπτάκις.
667 657 819 727 φησὶ,
853 657 1118 711 πεσεῖται
1147 663 1180 713 ὁ
1207 659 1436 726 δίκαιος
1461 661 1558 714 καὶ
1594 663 1738 715 dra»

175 765 194 800 ι
229 750 548 814 στήσεταιο
593 747 733 819 ὅπερ
771 749 819 800 εί
853 750 948 802 καὶ
989 749 1190 814 πάντες
1229 750 1280 803 οί
1323 752 1740 816 ἐκπεπτωκότες

175 859 193 892 ι
229 841 617 909 πεποιήκεσαν,
648 841 990 911 τελειοτάτην
1023 841 1172 914 [add.
1199 840 1290 913 ἂν]
1314 843 1408 895 καὶ
1430 843 1740 914 ὁλοκάρδιον

173 951 191 985 ι
232 935 514 1004 μετάνοιαν
543 933 898 998 ἐνεδείξαντο.
935 952 953 984 ι

234 1025 422 1078 ΒΑΛΣ.
466 1027 621 1090 Τινὲς
676 1024 1159 1098 προσηγγέλθησαν
1217 1027 1311 1079 καὶ
1367 1025 1740 1099 παρεδόθησαν

165 1117 268 1178 τοῖς
295 1116 594 1188 τυράννοις,
629 1117 663 1188 ἢ
696 1117 790 1170 καὶ
816 1116 1077 1179 ἑκουσίως
1106 1118 1290 1180 αὐτοῖς
1329 1118 1554 1183 ἑαυτοὺς
1605 1137 1740 1190 παρ-

168 1207 384 1273 έδωκαν,
413 1208 739 1279 ἡττηθέντες
768 1207 824 1261 δὲ
848 1207 952 1261 ὑπὸ
982 1208 1092 1260 τῶν
1117 1207 1412 1273 κολάσεων,
1448 1211 1737 1264 ἐκπεπτώ-

169 1316 283 1352 κασι
310 1298 410 1370 τῆς
444 1299 779 1371 μαρτυρίας·
825 1294 942 1353 εἶτα
987 1300 1454 1371 μεταμεληθέντες
1487 1302 1581 1356 καὶ
1621 1305 1741 1356 ἐπι-

165 1390 373 1459 γνόντες
407 1391 468 1443 τδ
512 1392 751 1458 ἀγαθὸν,
793 1391 1149 1463 ὡμολόγησαν
1196 1388 1336 1447 εἶναι
1388 1395 1737 1465 Χριστιανοὶ,

165 1481 295 1535 ὥστε
328 1483 420 1535 καὶ
443 1484 522 1544 είς
553 1481 798 1549 φυλακάς
826 1480 1158 1552 ἐμϐληθῆναι
1188 1482 1281 1534 καὶ
1315 1481 1578 1550 βασάνους
1609 1483 1740 1538 ὑπο-

167 1575 365 1644 στῆναι.
403 1575 546 1636 Τοὺς
583 1574 854 1636 τοιούτους
896 1569 987 1627 οὖν
1027 1572 1248 1642 εὖλογον
1294 1576 1470 1647 κρίνει
1522 1579 1550 1628 ὁ
1585 1577 1740 1645 ἆγιος

170 1666 295 1734 μετά
327 1666 594 1738 θυμηδίας
629 1665 878 1736 δέχεσθαι
911 1667 1004 1719 καὶ
1043 1666 1434 1738 ἐπιρῤωννὺειν
1473 1667 1612 1738 πρὸς
1640 1668 1738 1738 τὴν

168 1762 430 1834 ὀρθόδοξον
463 1763 664 1828 πίστιν,
698 1763 791 1816 καὶ
831 1766 1105 1815 κοινωνεῖν
1147 1763 1332 1826 αὐτοῖς
1375 1763 1432 1814 ἐν
1467 1780 1527 1815 τε
1568 1780 1736 1834 προσ-

1855 585 1875 618 σ
1913 583 1996 620 me
2056 569 2346 623 vocationis
2403 569 2588 623 brabio
2659 581 2686 610 ι
2741 570 3054 642 dignentur.
3111 571 3326 632 Etenim
3350 592 3426 633 u-

1845 675 1865 708 ι
1901 659 2060 726 pties,
2092 659 2289 729 inquit,
2317 661 2471 714 cadet
2489 661 2672 730 justus
2688 671 2736 716 et
2767 673 3002 733 resurget
3036 663 3093 732 b;
3118 665 3279 735 quod
3307 685 3426 739 qut-

1845 766 1865 799 σ
1905 749 2029 803 dem
2061 749 2110 804 si
2130 764 2323 804 omnes
2354 766 2573 822 quoque
2607 752 2746 822 lapsi
2774 751 3054 819 fecissent,
3085 755 3423 824 perfectissi-

1844 856 1864 888 α
1896 854 2040 892 mam
2066 848 2120 894 et
2147 847 2261 894 toto
2290 841 2459 897 corde
2480 849 2794 912 susceptam
2821 847 3199 914 pmnitentiam
3226 857 3420 906 osten-

1845 947 1862 980 ι
1906 930 2139 985 dissent.
2180 949 2200 982 ι

1913 1022 2072 1076 lists.
2103 1020 2336 1087 Quidam
2360 1023 2612 1092 tyrannis
2642 1022 2809 1079 delati
2859 1035 2914 1080 et
2945 1027 3147 1096 proditi
3180 1027 3420 1094 fuerant,

1837 1116 1924 1168 vel
1980 1115 2143 1168 etiam
2190 1113 2294 1183 ipsi
2327 1130 2386 1169 se
2412 1115 2566 1185 ipsos
2626 1116 2738 1171 illis
2788 1127 2986 1188 sponte
3033 1120 3420 1177 tradiderant:

1839 1205 1966 1259 victi
1992 1213 2172 1258 autem
2195 1203 2488 1258 tormentis
2506 1204 2828 1260 testimonio
2856 1207 3179 1264 exciderunt
3212 1227 3225 1263 :
3268 1209 3424 1264 dein-

1840 1297 1907 1350 de
1938 1310 2062 1349 cum
2123 1295 2445 1364 pmtiitentia
2479 1296 2626 1350 ducti
2672 1305 2876 1357 essent,
2934 1307 2988 1353 et
3040 1298 3187 1369 quod
3220 1299 3421 1355 bonum

1838 1396 1944 1451 est,
1974 1388 2346 1457 agnovissent,
2375 1403 2433 1440 se
2455 1403 2578 1442 esse
2605 1388 2955 1444 Christianos
2977 1390 3222 1447 confessi
3254 1398 3420 1457 sunt;

1841 1480 1978 1534 adeo
2008 1489 2066 1533 ut
2120 1479 2174 1533 in
2206 1479 2514 1534 custodiam
2573 1479 2834 1549 conjecti,
2900 1490 3170 1538 tormenta
3205 1499 3423 1556 quoque

1841 1569 2226 1624 sustinuerint.
2254 1567 2363 1624 Eos
2398 1584 2529 1639 ergo
2564 1585 2781 1640 atquum
2827 1580 3014 1626 censet
3055 1581 3281 1627 sanctus
3323 1573 3418 1628 l8-

1840 1662 1981 1715 tanti
2016 1662 2198 1715 animo
2249 1659 2554 1729 suscipere,
2613 1669 2668 1715 et
2728 1661 2797 1715 ad
2847 1661 3007 1717 fidem
3058 1662 3420 1718 orthodoxam

1841 1752 2188 1814 confirmare,
2224 1758 2278 1806 et
2311 1753 2393 1806 eis
2457 1753 2867 1807 communicare
2898 1760 2953 1808 et
2995 1752 3051 1810 in
3077 1754 3422 1809 orationibus

180 1833 339 1922 τυχαίς
371 1853 464 1906 καὶ
505 1856 571 1924 τῇ
607 1853 907 1923 μεταλήψει
952 1853 1058 1905 τῶν
1091 1851 1468 1922 ἁγιασμάτων,
1504 1833 1623 1904 καῖέ
1646 1851 1732 1904 διὰ

1843 1851 1897 1895 et
1928 1833 2400 1895 sacramentorum
2427 1841 2868 1912 participatione,
2909 1841 3198 1910 verbisque
3229 1841 3424 1896 adhor-

180 1946 311 2012 ιόγου
345 1947 715 2018 παρακαλεῖν,
748 1947 831 1998 ἵνα
875 1946 1010 2016 πρὸς
1043 1945 1134 1999 τὸν
1165 1943 1351 2011 ἀγῶνα
1385 1942 1734 2014 εὐτονώτεροι

167 2036 455 2103 γένωνται,
503 2038 600 2090 καὶ
642 2034 1017 2102 καταξιωθῶσι
1061 2036 1159 2104 τῆς
1209 2035 1532 2104 ἐπουρανίου
1578 2033 1734 2103 βασι-

166 2127 322 2192 λείας.
355 2130 472 2182 Ἵνα
499 2129 556 2182 δὲ
588 2129 683 2199 μὴ,
714 2127 846 2180 διότι
875 2126 1214 2189 πεπτώκασι,
1242 2125 1568 2196 νομίζωνται
1595 2141 1734 2176 τισιν

168 2219 387 2282 άδεκτοι,
423 2219 619 2284 ἐπάγει
650 2218 742 2270 καὶ
785 2216 1088 2286 μαρτυρίαν
1115 2215 1222 2268 ἀπὸ
1250 2216 1348 2285 τῆς
1384 2215 1625 2286 Γραφῆς,
1652 2213 1730 2264 τό·

175 2307 460 2373 Ἑπτάκις,
488 2309 610 2360 ἀντὶ
647 2308 766 2371 τοῦ,
801 2305 1078 2368 πολλάκις,
1113 2307 1379 2362 πεσεῖται
1414 2309 1447 2359 ὀ
1482 2302 1731 2369 δίκαιος,

170 2398 258 2452 καί
294 2397 723 2463 ἀναστήσεται.
753 2396 923 2449 Τοῦτο
953 2395 1040 2458 δὲ,
1088 2397 1250 2466 φησὶν
1271 2437 1284 2460 ,
1316 2399 1364 2450 εί
1413 2398 1506 2450 καὶ
1536 2397 1737 2459 πάντες

168 2492 212 2543 oi
238 2492 332 2561 τῆς
357 2489 646 2559 ὁμολογίας
680 2489 1094 2553 ἐκπεπτωκότες
1120 2491 1404 2560 ἐποίησαν,
1434 2491 1494 2542 τὸ
1522 2491 1736 2543 ἀναπαυ

167 2580 338 2635 λαῖσαι
360 2584 456 2652 τὴν
491 2580 720 2645 πτῶσιν,
752 2581 843 2633 καὶ
872 2579 1100 2633 ἐνώπιον
1142 2580 1252 2633 τῶν
1295 2582 1573 2652 τυράννων
1604 2582 1738 2652 Χρι-

173 2675 403 2736 στιανοὺς
432 2673 766 2744 ὁμολογῆσαι
800 2673 1044 2737 ἑαυτοὺς,
1087 2672 1416 2739 ἐνεδείξαντο
1443 2671 1508 2726 ἂν
1532 2672 1734 2725 τελειο-

170 2766 325 2836 τάτην
357 2768 660 2837 μετάνοιαν.
696 2766 937 2838 Διαφορὰ
965 2764 1096 2834 γοῦν
1121 2767 1235 2818 ἐστι
1266 2764 1374 2817 τῶν
1399 2765 1457 2817 ἐν
1483 2763 1561 2835 τῷ
1594 2783 1735 2835 παρ-

171 2857 270 2911 όντι
322 2860 505 2914 κανόνι
563 2860 961 2931 διειλημμένων
1013 2859 1106 2912 καὶ
1153 2857 1262 2911 τῶν
1307 2859 1364 2912 ἐν
1406 2857 1482 2928 τῷ
1536 2857 1738 2928 πρώτῳ

173 2954 344 3007 κανόνι
376 2940 782 3027 περιεχομένων
825 2953 963 3024 αὕτη
985 2994 999 3017 ,
1042 2953 1122 3005 ὅτι
1154 2953 1269 3005 ἐκεῖ
1297 2951 1392 3022 μὲν
1431 2952 1478 3003 οἱ
1520 2949 1607 3004 διὰ
1639 2951 1737 3013 τὰς

175 3043 424 3113 βασάνους
468 3042 887 3105 ἐκπεπτωκότες
934 3043 992 3095 οὐ
1030 3043 1480 3112 μετεστράφησαν
1510 3040 1738 3093 ἐνώπιον

173 3137 272 3190 τῶν
304 3139 578 3208 τυράννων
626 3139 705 3198 εἰς
742 3136 836 3206 τὴν
870 3135 1158 3204 ὁμολογίαν
1209 3134 1308 3203 τῆς
1342 3134 1609 3195 πίστεως·
1650 3134 1736 3185 ἐν·

135 3302 138 3303 ν
173 3229 336 3283 ταῦθα
367 3230 420 3283 δέ
457 3233 506 3282 οἱ
554 3227 970 3289 ἐκπεπτωκότες
1010 3226 1096 3279 διὰ
1127 3225 1412 3295 βασάνους,
1444 3225 1505 3289 ἐξ
1531 3223 1736 3293 ἀγαθοῦ

181 3322 466 3392 μεταμέλου
513 3321 608 3372 ἐπὶ
639 3319 746 3371 τῶν
779 3319 1053 3388 τυράννων
1095 3319 1186 3370 τὸν
1220 3317 1422 3388 Κύριον
1460 3316 1739 3388 ὡμολόγη-

179 3431 285 3478 σαν,
313 3415 404 3468 καὶ
432 3413 520 3465 διὰ
546 3411 704 3464 τοῦτο
737 3410 858 3462 οὐδὲ
897 3407 1201 3477 λογίζονται
1232 3410 1508 3460 ἐκπεσεῖν.

241 3528 469 3582 ΖΩΝΑΡ.
511 3526 580 3578 Εἴ
617 3541 761 3586 τινες
791 3524 868 3586 δὲ,
911 3523 1063 3590 φησι,
1111 3519 1598 3592 προσηγγέλθησαν
1647 3517 1739 3570 καὶ

180 3618 532 3691 παρεδόθησαν
557 3619 671 3680 τοῖς
706 3609 1080 3684 τυραννοῦσιν,
1104 3613 1136 3681 ἢ
1166 3612 1317 3662 αὐτοὶ
1348 3610 1574 3669 ἑαυτοὺς
1597 3625 1738 3677 παρ-

180 3710 368 3764 έδωκαν
387 3751 402 3774 ,
453 3709 549 3764 καὶ
577 3704 966 3761 ἐκπεπτώκασι
995 3705 1092 3773 τῆς
1127 3702 1448 3771 μαρτυρίας,
1481 3698 1739 3769 ἡττηθέν-

180 3818 259 3866 τες
293 3804 394 3856 τῶν
450 3802 763 3864 κολάσεων,
821 3799 914 3852 καὶ
967 3795 1039 3867 μὴ
1068 3795 1323 3865 φέροντες
1371 3792 1471 3854 τὰς
1514 3793 1572 3843 ἐν
1622 3787 1740 3855 ταῖς

183 3893 427 3961 φυλακαῖς
468 3893 766 3961 κακουχίας
806 3891 900 3943 καὶ
940 3888 1040 3950 τὰς
1071 3885 1357 3956 βασάνους,
1386 3879 1503 3935 εἶτα
1535 3883 1739 3935 ἀνεπά-

181 3985 355 4037 λαισαν
379 3988 473 4056 τὴν
512 3984 737 4047 πτῶσιν,
777 3983 871 4035 καὶ
911 3978 1270 4051 ὡμολόγησαν
1316 3971 1453 4027 εἶναι
1484 3976 1742 4044 Χριστια-

181 4079 268 4141 νοὶ,
309 4076 442 4128 ὥστε
477 4078 570 4129 καὶ
598 4077 677 4138 εἰς
707 4073 953 4142 φυλακὰς
984 4069 1319 4142 ἐμϐληθῆναι
1349 4069 1442 4120 καὶ
1478 4067 1741 4136 βασάνους

181 4168 483 4230 ὑποστῆναι·
537 4168 664 4229 τοὺς
719 4166 993 4226 τοιούτους
1043 4163 1261 4229 εὔλογον
1314 4159 1486 4229 κρίνει
1520 4163 1546 4212 ὁ
1590 4161 1741 4228 ἆγιος

185 4256 310 4326 μετὰ
348 4256 608 4328 θυμηδίας
651 4254 935 4324 δέχεσθαι,
986 4253 1079 4306 καὶ
1112 4249 1420 4319 ὲπισχύειν,
1473 4249 1593 4301 ἀντὶ
1622 4249 1739 4314 τοῦ,

180 4348 572 4419 ἐπιρῤωννύειν,
608 4345 938 4417 ἐνδυναμοῦ)
986 4345 1080 4397 καὶ
1125 4341 1565 4413 παραθαρρύνειν
1607 4343 1740 4414 πρὸς

182 4439 267 4510 τὴν
291 4440 569 4511 ὁμολογίαν
590 4457 603 4468 ·
647 4440 740 4492 καὶ
771 4439 1045 4490 κοινωνεῖν
1085 4436 1266 4496 αὐτοῖς
1292 4437 1348 4486 ἐν
1379 4436 1562 4497 πᾶσιν,
1597 4435 1652 4488 ἐν
1682 4453 1739 4487 τε

1844 1933 1946 1987 tari
1981 1941 2041 1988 ut
2069 1934 2182 1988 sint
2224 1934 2292 1987 ad
2327 1943 2605 1988 certamen
2649 1935 3076 2001 constantiores,
3127 1942 3179 1990 et
3211 1932 3419 1990 calcati

1841 2040 2010 2094 regno
2067 2024 2217 2095 digni
2264 2024 2595 2080 habeantur.
2655 2022 2734 2080 Ne
2790 2033 2972 2079 autem
3005 2041 3072 2082 eo
3102 2023 3250 2096 quod
3284 2024 3423 2094 lapsi

1841 2123 2004 2179 sunt,
2053 2117 2278 2170 minime
2309 2115 2652 2187 suscipiendi
2695 2114 3007 2180 videantur,
3050 2116 3421 2170 testimonium

1839 2223 2061 2278 quoque
2092 2223 2158 2264 ex
2193 2207 2478 2278 Scriptura
2507 2208 2740 2271 inducit,
2772 2208 2918 2278 quod
2962 2218 3063 2273 est,
3099 2205 3324 2276 Septies,
3365 2209 3420 2262 id

1838 2307 1923 2354 est
1956 2314 2120 2369 saepe,
2161 2299 2312 2353 cadet
2342 2300 2519 2361 justus
2558 2309 2607 2353 et
2659 2309 2913 2369 resurget.
2972 2295 3085 2353 Hoc.
3143 2307 3350 2363 autem,
3372 2297 3422 2351 si

1839 2390 2029 2453 etiam,
2064 2391 2264 2460 inquit,
2296 2407 2488 2446 omnes
2516 2391 2610 2460 qui
2642 2407 2670 2444 a
2696 2389 3041 2446 confessione
3067 2387 3414 2448 exciderunt,

1841 2481 2121 2544 fecissent,
2153 2489 2212 2536 ut
2235 2483 2448 2536 scilicet
2504 2481 2641 2552 lapsi
2685 2482 3108 2544 reluctarentur,
3145 2488 3200 2534 et
3231 2494 3291 2535 se
3319 2492 3414 2532 co-

1840 2586 1959 2626 ram
2007 2572 2260 2641 tyrannis
2311 2571 2658 2627 Christianos
2695 2572 3021 2636 faterentur,
3079 2568 3421 2641 perfectissi-

1839 2680 1984 2718 mam
2012 2664 2388 2734 paenitentiam
2417 2665 2809 2720 ostendissent.
2836 2661 3106 2717 Diti‘erunt
3148 2678 3278 2734 ergo
3299 2680 3422 2734 quae

1840 2753 1896 2807 in
1949 2752 2053 2808 hoc
2105 2768 2318 2808 canone
2358 2753 2757 2824 comprehensa
2814 2761 2964 2815 sunt,
3015 2754 3085 2808 ab
3123 2754 3192 2809 iis
3219 2757 3421 2826 qua-in

1842 2845 2017 2915 primo
2071 2859 2283 2900 canone
2311 2845 2685 2909 continentur,
2730 2845 2892 2914 quod‘
2920 2844 3031 2900 illic
3055 2845 3276 2914 quidem
3323 2847 3418 2917 qui

1838 2941 2059 3004 propter
2087 2942 2354 2988 tormenta
2389 2934 2526 3004 lapsi
2559 2944 2706 3000 sunt,
2745 2933 2813 2988 ad
2843 2933 3203 2989 conﬁtendam
3235 2948 3418 2990 coram

1839 3025 2088 3096 tyrannis
2132 3025 2291 3079 fidem
2325 3040 2670 3095 nequaquam
2700 3025 2951 3082 conversi
3001 3032 3169 3082 sunt:
3204 3025 3293 3080 hic
3321 3040 3422 3080 au-

1840 3123 1949 3171 tem
1977 3117 2070 3186 qui
2099 3124 2318 3185 propter
2377 3124 2650 3172 tormenta
2698 3117 2836 3188 lapsi
2870 3127 3018 3181 sunt,
3043 3133 3112 3171 ex
3139 3117 3280 3171 bona
3303 3132 3424 3187 pe-

1842 3207 2070 3261 nitentia
2096 3207 2198 3260 sub
2229 3209 2477 3276 tyrannis
2502 3207 2793 3263 Dominum
2817 3205 3056 3262 confessi
3082 3213 3251 3273 sunt;
3287 3221 3418 3278 pro-

1841 3308 2023 3368 pterea
2055 3313 2230 3367 neque
2285 3300 2554 3356 cecidisse
2576 3301 2916 3370 iudicantur.

1913 3503 2114 3556 lorum.
2151 3500 2208 3555 Si
2243 3501 2335 3570 qui
2369 3516 2520 3564 vero,
2579 3500 2776 3570 inquit,
2827 3501 2892 3556 ad
2953 3511 3217 3573 tyrannos
3252 3499 3420 3555 delati

1839 3610 1904 3650 ac
1929 3595 2126 3665 proditi
2159 3602 2308 3654 sunt,
2344 3593 2428 3646 vel
2455 3592 2559 3660 ipsi
2591 3607 2712 3647 sese
2747 3593 2882 3662 ipsis
2945 3593 3295 3657 dediderunt,
3322 3609 3419 3648 ex-

1841 3687 2199 3755 cideruntque
2233 3699 2264 3738 a
2294 3684 2611 3738 testimonio
2639 3684 2690 3736 vi
2722 3692 3123 3761 tormentorum
3149 3685 3416 3754 superati.

1840 3794 1941 3833 nec
1971 3792 2244 3832 aerumnas
2268 3778 2469 3847 quibus
2509 3775 2565 3829 in
2614 3791 2837 3830 carcere
2863 3774 3261 3831 afﬂictabantur
3295 3792 3418 3832 cru-

1840 3875 2128 3941 ciatusque
2157 3871 2528 3940 perferentes;
2569 3885 2696 3924 mox
2744 3880 2999 3924 revocato
3028 3870 3328 3924 certamine
3357 3885 3419 3926 se

1840 3965 2180 4020 Christianos
2212 3978 2336 4019 esse
2371 3961 2610 4016 confessi
2643 3968 2875 4023 sunt,ex
2905 3975 3014 4029 quo
3037 3968 3091 4014 et
3117 3960 3173 4013 in
3203 3960 3418 4015 vincula

1841 4057 2100 4127 conjecti,
2133 4062 2186 4111 et
2217 4054 2558 4110 cruciatibus
2592 4062 2723 4109 sunt
2750 4053 2927 4106 allecti
2960 4071 2974 4104 :
3009 4052 3278 4119 ejusmodi
3315 4053 3418 4105 ho-

1842 4153 2019 4205 mines
2043 4165 2166 4202 cum
2226 4148 2593 4203 exsultatione
2633 4145 2808 4214 excipi
2856 4154 3080 4199 sanctus
3107 4143 3193 4195 hic
3219 4143 3416 4195 rationi

1842 4249 2270 4296 consentaneum
2291 4238 2503 4307 judieat
2530 4256 2541 4290 :
2569 4245 2683 4290 tum
2712 4236 2972 4289 roborare
2996 4235 3166 4301 ipsos,
3189 4232 3290 4285 hoc
3306 4241 3416 4295 est,

1846 4334 2014 4394 vires,
2041 4331 2272 4390 animos,
2303 4329 2662 4396 fiduciamque
2683 4325 2882 4379 addere
2898 4339 3005 4393 quo
3034 4322 3418 4400 profiterentur

1845 4422 2038 4487 fidem;
2068 4434 2130 4472 ac
2147 4419 2354 4472 eisdem
2387 4418 2441 4471 in
2465 4415 2721 4470 omnibus
2745 4412 3176 4474 communicare,
3215 4417 3327 4464 tum
3364 4411 3418 4463 in

184 4537 486 4602 προσευχαῖς
517 4534 611 4585 καὶ
647 4535 712 4601 τῇ
760 4529 1058 4600 μεταλήψει
1086 4527 1192 4580 τῶν
1226 4525 1598 4594 ἁγιασμάτων,
1648 4527 1737 4578 καὶ

1847 4511 2275 4584 precationibus,
2296 4521 2410 4563 tum
2437 4510 2492 4562 in
2523 4507 2874 4578 perceptione
2909 4514 3378 4560 sacramentorum
3400 4543 3417 4570 ,

183 4623 261 4675 διὰ
307 4621 458 4689 λόγου
512 4620 886 4692 παρακαλεῖν,
929 4619 1047 4687 ἦτοι
1097 4617 1379 4686 διεγείρειν
1418 4615 1613 4677 αὐτοὺς
1661 4617 1740 4678 είς

184 4717 270 4786 τὴν
311 4715 646 4784 μαρτυρίαν,
701 4712 788 4763 ἵνα
840 4711 976 4780 πρὸς
1023 4708 1112 4760 τὸν
1161 4706 1346 4776 ἀγῶνα
1394 4705 1739 4776 εὐτονώτεροι

185 4806 446 4872 γένωνται,
483 4805 576 4855 καὶ
621 4803 718 4871 τῆς
749 4799 1075 4869 ἐπουρανίου
1112 4795 1385 4865 βασιλείας
1414 4792 1732 4855 ἁξιωθῶσιν.

191 4900 292 4950 ἰνα
323 4896 378 4947 δὲ
415 4895 506 4964 μὴ,
540 4894 672 4946 διότι
722 4888 1041 4943 πεπτώκασι
1093 4887 1350 4947 θύσαντες
1373 4926 1385 4946 ,
1414 4884 1739 4954 νομίζωνται

188 5007 308 5042 τισιν
335 4988 562 5049 άδεκτοι,
597 4987 790 5052 ἐπάγει
818 4985 911 5037 καὶ
946 4981 1249 5053 μαρτυρίαν
1279 4982 1341 5031 ἐκ
1367 4978 1465 5045 τῆς
1495 4977 1736 5046 Γραφῆς,

191 5081 255 5132 τέ’
282 5079 562 5142 Ἐπτάκις,
584 5079 704 5127 ἀντὶ
730 5075 843 5136 τοῦ,
861 5073 1140 5135 πολλάκις,
1159 5070 1422 5123 πεσεῖται
1447 5072 1475 5120 ὁ
1490 5067 1737 5134 δίκαιος,

192 5173 273 5225 καί
309 5168 727 5234 ἀναστήσεται.
761 5166 930 5219 Τοῦτο
970 5164 1048 5225 δὲ,
1090 5163 1282 5233 φησὶν,
1318 5163 1362 5213 εί
1415 5160 1507 5211 καὶ
1541 5159 1740 5220 πάντες

193 5267 232 5316 οἱ
261 5264 351 5332 τῆς
377 5257 1099 5332 ὁμολογίας-ἐκπεπτωκότες
1127 5255 1409 5324 ἐποίησαν,
1440 5251 1499 5302 τὸ
1533 5252 1738 5328 ᾴναπα-

194 5356 356 5409 λαίσαι
385 5353 477 5423 τὴν
511 5351 740 5414 πτιῖισιν,
780 5351 872 5402 καὶ
898 5346 1125 5400 ἐνώπιον
1155 5347 1261 5396 τῶν
1288 5345 1563 5412 τυράννων
1604 5343 1738 5412 Χρι-

199 5445 420 5506 στιανοὺς
455 5441 785 5512 ὁμολογῆσαι
821 5439 1066 5499 ἑαυτοὺς,
1103 5435 1440 5497 ἁνεδείξαντο
1576 5431 1740 5502 ἐνεό-]

199 5540 253 5591 ἂν
277 5535 602 5603 τελειοτάτην
644 5533 948 5584 ’έῐτὰνοιαν.

291 5773 310 5797 ’³
337 5771 552 5839 Philipp.
586 5786 668 5836 Ill,
707 5769 791 5823 l4.
870 5769 896 5809 1³
935 5768 1086 5822 Prov.
1123 5783 1265 5831 xxxv,
1301 5765 1385 5820 16.

1852 4606 2142 4672 verbisque
2172 4602 2472 4664 adhortari,
2506 4600 2610 4652 hoc
2638 4605 2744 4659 est,
2788 4597 2937 4666 ipsos
2962 4597 3028 4650 ad
3051 4595 3415 4650 exhibendum

1833 4698 1972 4751 fidei
2003 4695 2374 4748 testimonium
2406 4694 2666 4755 excitare,
2699 4699 2755 4743 ut
2791 4691 3196 4743 constantiores
3221 4690 3333 4742 sint
3362 4687 3419 4740 in

1844 4788 2162 4851 certamine,
2195 4799 2258 4839 ac
2280 4785 2494 4838 caelesti
2525 4797 2691 4853 regno
2725 4777 3415 4850 dignihabeanturNcrum

1845 4896 1914 4935 ne
1945 4895 2009 4933 ex
2050 4893 2113 4931 eo
2147 4876 2290 4945 quod
2317 4877 2454 4946 lapsi
2479 4883 2607 4929 sunt
2645 4874 3042 4931 sacriﬁcantes,
3075 4870 3225 4922 nullo
3255 4870 3416 4924 modo

1848 4969 2162 5025 admittendi
2187 4971 2256 5024 ab
2290 4969 2564 5038 aliquibus
2597 4968 2997 5028 existimentur,
3044 4961 3415 5016 testimonium

1848 5078 2065 5134 quoque
2096 5063 2227 5116 illud
2253 5078 2317 5116 ex
2349 5061 2521 5116 sacris
2553 5059 2749 5113 litteris
2782 5057 2985 5127 profert
3013 5073 3024 5106 :
3055 5052 3278 5120 Septies,
3314 5052 3418 5104 huc

1849 5165 1931 5210 est
1969 5155 2186 5224 saepius,
2220 5156 2368 5206 cadet
2389 5153 2590 5221 justus,
2627 5167 2688 5204 ac
2724 5157 2975 5217 resurget.
3003 5145 3114 5199 iloc
3141 5159 3291 5206 vero;
3338 5144 3418 5195 in-

1850 5248 1989 5316 quit,
2045 5248 2091 5300 si
2149 5246 2239 5297 alii
2291 5259 2482 5298 omnes
2530 5244 2688 5312 quia
2719 5237 3067 5294 confessione
3097 5237 3419 5292 exciderunt

1852 5338 2129 5396 fecissent,
2169 5344 2228 5388 ut
2260 5345 2380 5404 post
2432 5335 2642 5403 lapsum
2679 5339 2957 5385 certamen
3000 5332 3324 5397 repeterent,
3356 5339 3421 5377 ac

1850 5447 1909 5485 se
1944 5432 2090 5499 ipsos
2121 5444 2301 5481 coram
2329 5437 2575 5488 tvranuts
2629 5424 2967 5480 Christianos
3017 5420 3419 5490 profiterentur,

1854 5523 2160 5578 absolutam
2198 5521 2572 5590 paenitentiam
2608 5514 3019 5572 iudicavissent.
