4036 6320
613 318 726 378 483

1218 437 1451 495 CANON
1492 439 1578 494 lX.

688 549 710 584 ι
751 528 824 587 ιιι
848 547 1067 602 quoque
1087 533 1183 603 qui
1219 542 1482 604 tanquam
1515 549 1581 587 ex
1609 547 1802 588 somno
1834 533 1934 602 ipsi
1967 531 2035 587 ad
2065 547 2183 587 cer-

615 643 638 678 s
683 633 864 679 tamen
894 625 1229 696 parturiens,
1248 632 1304 680 et
1325 625 1541 679 trahere
1569 625 1850 684 din‘erens.
1877 624 2187 694 prosiliunt,

615 736 636 770 s
682 717 787 774 sibi
813 725 992 773 autem
1024 733 1220 788 pugna
1264 718 1588 779 maritimae.
1631 724 1686 771 et
1716 717 1902 771 multa:
1937 715 2185 771 ﬂuxuum

614 830 633 862 ι
680 810 1052 865 inundationis
1105 811 1468 864 tentationem
1521 810 1838 874 attrahunt,
1877 811 1962 865 vel
2005 809 2188 881 potius

615 921 634 952 ι
681 900 945 956 fratribus
976 909 1323 971 peccatorum
1352 901 1646 955 carbonem
1692 901 2020 964 accendunt,
2052 901 2187 970 ipsis

613 1011 632 1044 ι
682 1007 902 1064 quoque
949 991 1464 1047 communicandum
1496 1001 1603 1058 est,
1649 1001 1710 1046 ut
1741 994 1832 1062 qui
1865 993 1919 1047 in
1967 993 2186 1048 nomine

617 1104 636 1134 ι
682 1083 890 1140 Christi
929 1084 998 1138 ad
1038 1082 1088 1138 id
1126 1082 1346 1138 veniant
1377 1103 1388 1137 :
1423 1084 1528 1139 etsi
1556 1085 1723 1138 verba
1754 1085 1875 1154 ejus
1906 1100 2012 1139 non
2065 1085 2185 1139 ani-

610 1192 630 1227 ι
677 1173 1028 1229 madvertant
1063 1211 1077 1231 .
1111 1174 1204 1243 qui
1235 1173 1397 1228 docet
1451 1190 1606 1227 orare
1631 1189 1695 1226 ne
1741 1173 2102 1243 ingrediamur
2131 1176 2186 1228 in

607 1286 627 1320 ι
676 1269 1014 1322 tentationem
1045 1279 1070 1307 ι
1109 1306 1124 1330 ,
1176 1274 1228 1320 et
1266 1281 1390 1320 eum
1421 1280 1618 1320 rursus
1649 1267 1705 1320 in
1732 1267 1981 1319 oratione
2038 1265 2184 1319 Patri

605 1377 626 1410 ι
671 1359 876 1422 dicere,
901 1357 968 1412 Et
987 1376 1048 1412 ne
1074 1376 1167 1412 nos
1197 1358 1421 1412 inducas
1449 1360 1503 1411 in
1533 1358 1994 1421 tentationem,sed
2023 1357 2186 1411 libera

608 1471 629 1504 s
675 1468 769 1506 nos
791 1469 824 1505 α
851 1451 997 1505 malo
1023 1451 1073 1504 δ.
1101 1448 1262 1506 Forte
1279 1461 1464 1504 autem
1482 1449 1647 1504 etiam
1673 1451 1924 1520 ignorant
1949 1458 2186 1519 patrem-

606 1563 628 1596 s
675 1543 912 1598 familias
936 1551 990 1598 et
1021 1541 1308 1596 Dominum
1346 1549 1619 1604 nostrum,
1675 1557 1819 1611 saepe.
1865 1542 1935 1596 ab
1980 1542 2050 1596 iis
2090 1542 2184 1611 qui

607 1652 627 1687 ε
672 1635 750 1690 illi
775 1633 1022 1689 insidiari
1054 1631 1328 1696 volebant,
1361 1631 1749 1693 secessisse.et
1769 1631 1914 1703 quod
1936 1633 2181 1702 quando-

603 1746 623 1778 ι
669 1741 775 1796 que
812 1726 974 1782 etiam
1007 1725 1175 1779 libere
1195 1722 1337 1794 apud
1357 1725 1453 1778 eos
1489 1737 1599 1776 non
1625 1721 1932 1784 incedebat,
1957 1729 2012 1776 et
2036 1721 2184 1792 quod

1640 324 1698 379 S.
1743 323 1948 380 PETRI
1985 321 2457 379 ΑιωΝυειιΝι
2487 321 2794 381 εριδοορι

2911 439 3148 493 ΚΔΝΩΝ
3185 440 3264 498 0'.

2368 548 2386 579 τ
2427 530 2537 582 Καὶ
2558 532 2671 592 τοῖς
2703 529 2758 582 δὲ
2787 530 2937 584 ὼσὰν
2973 530 3033 595 ἐξ
3070 531 3236 585 ὕπνου
3276 533 3500 598 ἑαυτοὺς
3524 533 3572 566 ⁸³
3610 551 3870 607 παραπη-

2295 637 2314 668 s
2350 620 2516 674 δῶσιν
2542 623 2618 683 είς
2646 622 2735 673 τὺν
2764 622 2951 690 ἀγῶνα
2991 622 3246 677 ὠδίνοντα
3282 626 3374 678 καὶ
3403 626 3668 696 μέλλοντα
3707 629 3868 682 ﬁatﬁ-

2296 732 2312 761 ι
2354 729 2463 774 σαι,
2502 714 2714 776 ἑαυτοῖς
2737 713 2794 766 δὲ
2828 715 3131 784 πειρασμὸν
3171 716 3638 788 ὲπισπασαμένοις
3670 719 3870 774 θαλατ-

2295 821 2314 856 t
2352 805 2620 873 τομαχίας
2650 805 2743 856 καὶ
2774 804 2973 874 πολλῆς
3013 805 3399 876 κυματώσεως,
3431 807 3630 878 μᾶλλον
3667 809 3725 862 δὲ
3774 809 3869 863 καὶ

2295 911 2314 942 ι
2350 896 2462 956 τοῖς
2493 895 2742 962 ἀδελφοῖς
2790 896 3244 966 προσεκκαίουσιν
3263 896 3508 966 ἄνθρακα
3530 899 3575 929 ’⁸
3608 900 3868 970 ἁμαρτω-

2294 998 2312 1030 ‹
2353 981 2461 1034 λῶν
2481 999 2494 1011 ·
2525 982 2619 1034 καὶ
2644 984 2825 1046 αὐτοῖς
2856 985 3227 1055 κοινωνητέον,
3259 986 3354 1048 ἅτε
3380 985 3443 1057 δὴ
3465 987 3535 1017 ¹⁶⁶
3563 988 3620 1040 ὲν
3645 989 3867 1059 ὀνόματι
3905 1031 3911 1038 .

2293 1087 2311 1118 t
2351 1071 2586 1140 Χριστοῦ
2608 1073 3036 1142 παρερχομένοις
3054 1075 3134 1137 είς
3148 1074 3386 1139 τοῦτο,εί
3417 1078 3511 1129 καὶ
3538 1077 3613 1148 μὴ
3629 1078 3719 1109 ¹⁸⁰⁹
3745 1095 3871 1149 προ-

2297 1178 2314 1209 ι
2353 1163 2600 1232 σέχουσιν
2623 1161 2786 1214 αὑτοῦ
2811 1165 2920 1226 τοῖς
2953 1162 3147 1232 λόγοις,
3170 1165 3510 1229 διδάσκοντος
3541 1170 3866 1238 προσεύχε-

2293 1271 2311 1303 ι
2353 1257 2491 1306 σθαι
2521 1253 2600 1320 μὴ
2626 1255 2922 1308 εἰσελθεῖν
2944 1259 3031 1322 εις
3056 1258 3386 1326 πειρασμὸν
3413 1259 3548 1325 ³⁸⁸⁸⁸,
3578 1259 3674 1312 καὶ
3707 1260 3865 1314 πάλιν

2293 1366 2310 1396 ι
2353 1349 2411 1399 ὲν
2436 1350 2567 1418 εὑχῇ
2585 1348 2762 1415 λέγειν
2788 1348 2865 1419 τῷ
2884 1348 3076 1419 Πατρίο
3105 1350 3213 1403 Καὶ
3230 1347 3318 1418 μὴ
3343 1349 3692 1419 εἰσενέγκῃς
3712 1349 3869 1421 ἡμᾶς

2293 1456 2311 1488 ι
2348 1442 2434 1503 εἰς
2456 1440 2808 1508 πειρασμὸν,
2835 1441 2995 1494 ἀλλὰ
3012 1439 3198 1507 ῥῦσαι
3227 1438 3383 1508 ἡμᾶς
3411 1442 3526 1494 ἀπὸ
3558 1441 3666 1494 τοῦ
3689 1459 3868 1511 πονη-

2293 1547 2311 1578 ι
2344 1529 2480 1596 ροῦ.
2517 1531 2676 1592 Ἴσως
2707 1529 2763 1581 δὲ
2788 1531 2881 1582 καὶ
2913 1528 3164 1596 ἀγνοοῦσι
3200 1528 3300 1592 τὰς
3333 1528 3593 1593 πολλάκις
3645 1529 3865 1600 γινομέο

2292 1636 2310 1668 ι
2351 1635 2444 1681 νας
2459 1620 2596 1650 “‘“°
2611 1619 2990 1691 ἀναχωρήσεις
3007 1617 3100 1671 τοῦ
3117 1618 3489 1672 οἰκοδεσπότου
3507 1619 3600 1670 καὶ
3613 1617 3866 1672 διδασκά-

2292 1730 2309 1761 t
2351 1712 2441 1764 λου
2467 1711 2624 1781 ήμῶν
2663 1712 2770 1764 ἀπὸ
2797 1712 2905 1764 τῶν
2933 1711 3192 1764 θελόντων
3221 1711 3612 1776 ἐπιϐουλεύειν,
3640 1712 3736 1764 καὶ
3783 1712 3865 1764 ὅτι

604 1838 627 1871 σ
666 1819 830 1875 etiam
880 1817 1098 1888 quando
1142 1817 1415 1886 passionis
1449 1822 1672 1895 tempus.
1701 1814 2167 1886 appmpinquavit.

2288 1823 2306 1854 ι
2346 1803 2456 1856 ἐσθ’
2486 1806 2576 1856 ὅτε
2600 1804 2719 1857 ουδὲ
2752 1804 2793 1834 ’τ
2840 1804 3122 1874 παρρησίᾳ
3165 1803 3485 1874 περιεπάτει
3527 1804 3595 1857 δι’
3641 1805 3862 1868 αὐτοὺς,

603 1930 622 1964 ι
672 1925 779 1967 non
814 1925 873 1965 se
911 1911 1088 1980 ipsum
1125 1907 1367 1970 tradidit,
1393 1905 1487 1962 sed
1526 1908 1861 1976 exspectavit
1902 1907 2076 1961 donec
2113 1906 2167 1959 ad

2289 1915 2306 1945 ε
2346 1896 2439 1948 καὶ
2462 1896 2544 1947 ὅτι
2576 1896 2670 1948 καὶ
2693 1896 2739 1927 ’⁸
2767 1897 2856 1948 ὅτε
2878 1898 2906 1949 ὁ
2937 1895 3128 1967 καιρὸς
3150 1896 3242 1949 τοῦ
3273 1897 3475 1961 πάθους
3501 1898 3664 1951 αὑτοῦ
3693 1916 3868 1968 προσ-

603 2022 623 2056 ι
667 2019 792 2060 eum
821 2005 1071 2058 venirent
1099 2016 1221 2056 cum
1247 1999 1444 2070 gladiis
1494 2007 1551 2054 et
1591 1999 1846 2054 fustibus.
1875 1997 2018 2053 Dicit
2047 2015 2167 2069 ergc

2287 2005 2304 2036 ι
2346 1989 2593 2057 ήτγισεν,
2625 1988 2724 2060 οὐχ
2765 1987 2958 2042 ἑαυτὸν
2997 1987 3332 2058 παρέδωκεν,
3357 1988 3472 2042 ἀλλ’
3506 1989 3724 2053 ἐδέξατο
3756 1989 3864 2054 ἓως

601 2114 620 2148 ι
666 2096 786 2150 eis:
820 2092 1096 2162 Tanquam
1133 2090 1202 2144 ad
1227 2090 1490 2144 latronem
1511 2090 1717 2144 exiistis
1745 2105 1863 2142 cum
1896 2089 2092 2159 gladiis
2128 2102 2167 2141 et

2286 2097 2304 2130 ι
2343 2075 2506 2149 ἦλθον
2538 2081 2624 2131 ἐπ’
2655 2080 2819 2132 αὐτὸν
2855 2080 2992 2150 μετὰ
3031 2081 3314 2153 μαχαιρῶν
3337 2081 3430 2134 καὶ
3459 2080 3652 2147 ξύλων.
3697 2082 3864 2148 Λέγει

2281 2187 2300 2217 ς
2339 2167 2468 2235 γοῦν
2495 2168 2562 2199 ’⁸⁸
2597 2169 2732 2240 πρὸς
2759 2169 2954 2234 αὐτούς
2973 2188 2986 2200 ο
3041 2167 3131 2237 Ὦς
3161 2173 3260 2224 ἐπὶ
3296 2171 3538 2241 λῃστὴν
3570 2171 3865 2236 ἐξήλθετε

2281 2278 2300 2310 ι
2331 2261 2483 2328 μετὰ
2510 2259 2820 2328 μαχαιρῶν
2849 2263 2947 2314 καὶ
2977 2262 3177 2327 ξύλων
3207 2262 3540 2317 συλλαϐεῖν
3559 2263 3738 2332 με.οἶ
3765 2261 3864 2313 καὶ

2279 2369 2297 2401 τ
2339 2352 2689 2420 παρέδωκαν
2720 2353 2942 2417 αὐτὸν,
2979 2356 3132 2424 φησὶ,
3175 2355 3432 2420 Πιλάτῳ.
3483 2355 3622 2408 Καθ’
3675 2355 3862 2425 ὁμοιό-

2279 2459 2296 2489 ‹
2332 2460 2472 2513 τητα
2489 2443 2618 2511 γοῦν
2639 2444 2826 2508 αὑτοῦ,
2842 2447 2934 2498 καὶ
2953 2446 3000 2497 οἱ
3019 2445 3159 2498 κατὰ
3182 2446 3380 2499 σκοπὸν
3399 2444 3560 2499 αὐτοῦ
3581 2445 3860 2516 βαίνοντες

2278 2553 2295 2584 ι
2334 2535 2653 2599 πεπόνθασι,
2692 2538 3026 2607 μεμνημένοι
3071 2538 3182 2591 τῶν
3228 2538 3388 2592 θείων
3433 2539 3596 2592 αὑτοῦ
3637 2540 3816 2607 λόγων
3841 2579 3858 2597 .

2277 2644 2294 2674 t
2335 2625 2401 2678 δι’
2433 2619 2505 2676 ὧν
2535 2629 2898 2696 ἐπιστηρίζων
2919 2631 3064 2698 ἡμᾶς
3094 2631 3222 2701 περὶ
3250 2631 3357 2682 τῶν
3386 2630 3639 2702 διωγμῶν
3667 2631 3821 2701 λέγει
3839 2649 3855 2663 ⁸

2277 2733 2294 2764 ι
2339 2717 2672 2782 Προσέχετε
2708 2719 2752 2747 ’³
2793 2717 3026 2784 ἑαυτοῖς
3050 2737 3062 2748 ·
3099 2721 3521 2788 παραδώσουσι
3555 2723 3663 2791 γὰρ
3695 2724 3856 2792 ὑμᾶς

2277 2826 2293 2857 ι
2332 2811 2417 2872 εις
2437 2808 2743 2875 συνέδρια,
2768 2811 2865 2861 καὶ
2891 2811 2960 2861 ἐν
2989 2810 3117 2876 ταῖς
3136 2813 3509 2880 συναγωγαῖς
3527 2813 3726 2866 αὐτῶν
3740 2833 3859 2884 μη-

2275 2918 2293 2948 ι
2332 2899 2739 2969 στιγιώσουσιν
2777 2900 2950 2969 ὑμᾶς.
2978 2903 3408 2969 Παραὸὡσουσι
3429 2903 3504 2966 δὲ,
3535 2900 3710 2968 εἶπεν,
3735 2908 3854 2959 ἀλλ’

2275 3009 2292 3039 ι
2334 2991 2455 3060 οὐχὶ
2481 2992 2545 3021 ’³⁸
2575 2992 2801 3053 ἑαυτοὺς
2832 2991 3200 3061 παραδώσετε·
3226 2994 3323 3044 καὶ
3345 2993 3442 3045 ἐπὶ
3465 2995 3767 3062 ἡγεμόνας
3785 2998 3858 3049 δὲ

2273 3103 2291 3135 t
2334 3086 2428 3137 καὶ
2453 3086 2735 3151 βασιλεῖς
2755 3088 3098 3156 ἀχθήσεσθε
3136 3089 3234 3142 διὰ
3263 3089 3324 3141 τὸ
3358 3089 3540 3158 ὄνομά
3562 3108 3701 3158 μου,
3734 3093 3855 3146 ἀλλ’

597 2204 618 2239 ι
659 2185 889 2256 fustibus
945 2183 1014 2236 ad
1060 2199 1140 2236 me
1183 2178 1725 2249 comprehendendum
1763 2189 1810 2233 ε.
1863 2178 1966 2244 Qui
2012 2188 2174 2232 etiam

598 2296 617 2329 ι
665 2274 999 2330 tradiderunt
1030 2275 1221 2343 ipsum,
1256 2271 1455 2340 inquit,
1479 2268 1660 2322 Pilato
1693 2267 1743 2323 δ.
1785 2268 1866 2322 Ad
1896 2269 2014 2338 ejus
2032 2282 2171 2338 quo-

597 2390 615 2420 s
661 2384 771 2441 que
795 2367 1206 2422 similitudinem
1241 2366 1308 2420 iis
1341 2364 1565 2424 accidit,
1615 2361 1710 2432 qui
1766 2359 1888 2430 ejus
1945 2374 2172 2429 scopum

597 2477 614 2509 ι
663 2458 769 2514 sibi
799 2465 1161 2529 pr0ponentes
1212 2456 1497 2519 incedunt,
1535 2455 1848 2508 divinorum
1901 2453 2022 2520 ejus
2047 2466 2173 2504 ver-

596 2570 616 2604 ι
661 2550 855 2605 iturum
887 2548 1182 2613 recordati,
1218 2548 1419 2618 quibus
1452 2560 1554 2601 nos
1584 2544 1940 2599 confirmans.
1970 2543 2038 2596 de
2055 2557 2172 2610 per-

596 2657 619 2692 e
663 2638 1036 2696 secutiouihus
1077 2637 1258 2691 dicit:
1321 2636 1588 2688 Attendite
1616 2635 1758 2689 vobis
1799 2634 1932 2701 ipsis
1965 2646 1982 2684 :
2059 2642 2171 2683 tra-

596 2748 619 2781 s
660 2727 789 2783 dent
809 2729 948 2782 enim
972 2745 1062 2783 vos
1094 2729 1145 2779 in
1167 2726 1411 2789 concilia,
1437 2735 1486 2778 et
1527 2726 1583 2779 in
1623 2726 1733 2778 suis
1773 2723 2054 2792 synagogis
2081 2737 2168 2774 vos

596 2839 617 2871 ι
663 2819 1007 2889 ﬂagellabant
1042 2828 1091 2872 ο.
1131 2816 1362 2870 Tradent
1403 2824 1622 2879 autem,
1683 2814 1843 2876 dixit,
1890 2829 2020 2878 non,
2069 2829 2168 2866 vos

596 2929 616 2960 ι
662 2910 813 2979 ipsos
844 2907 1111 2962 tradetis:
1147 2917 1194 2960 et
1224 2907 1292 2959 ad
1339 2907 1596 2974 principes
1641 2913 1690 2958 et
1736 2919 1879 2972 reges
1904 2902 2166 2955 ducemini

594 3022 615 3055 ι
661 3012 871 3072 propter
901 3017 1088 3054 nomen
1117 3017 1286 3053 meum
1325 2998 1370 3060 τ,
1405 3013 1534 3062 non,
1584 3011 1682 3051 vos
1731 2995 1879 3064 ipsos
1929 2993 2161 3048 ducetis.

594 3113 614 3146 ι
660 3092 795 3148 Nam
823 3107 924 3146 nos
959 3106 1177 3162 quoque
1208 3090 1374 3144 vulta
1407 3089 1526 3141 loco
1559 3090 1612 3141 in
1648 3087 1828 3141 locum
1865 3085 2160 3148 transilire,

593 3205 612 3237 τ
661 3187 787 3240 dum
833 3193 961 3238 sunt
996 3185 1087 3254 qui
1137 3199 1236 3238 nos
1277 3191 1679 3251 persequuntur
1709 3185 1930 3248 propter
1961 3192 2158 3231 nomen

2275 3195 2286 3225 ι
2330 3176 2448 3245 οὐχὶ
2474 3178 2584 3241 ”“,
2612 3179 2837 3240 ἑαυτοὺς
2864 3180 3017 3244 ἄξετε
3039 3197 3052 3208 ⁸
3092 3180 3211 3231 ἐπεὶ
3244 3181 3333 3232 καὶ
3359 3181 3670 3251 μεταπηδᾷν
3697 3185 3857 3253 ἡμᾶς

593 3289 612 3324 ‹
658 3274 796 3343 ejus.
837 3271 992 3327 Sicut
1044 3287 1236 3327 rursus
1266 3287 1389 3325 eum
1421 3271 1690 3324 dicentem
1733 3270 2024 3322 audimus:
2093 3267 2161 3320 Et

592 3387 610 3418 ι
651 3366 858 3438 quando
888 3383 976 3420 vos
1007 3364 1072 3417 ab
1104 3363 1201 3417 hac
1223 3364 1434 3418 civitate
1463 3363 1723 3423 persecuti
1745 3361 1965 3430 fuerint,
1994 3361 2162 3429 fugite

590 3479 609 3510 s
657 3461 710 3513 in
745 3460 909 3512 aliam
946 3460 992 3512 ε.
1022 3456 1138 3511 Νοη
1169 3457 1278 3510 vult
1305 3456 1449 3510 enim
1488 3470 1589 3510 nos
1637 3451 1705 3506 ad
1745 3452 1950 3506 diaboli
1988 3452 2160 3520 stipa-

590 3573 608 3602 ι
655 3560 800 3606 tores
852 3553 1220 3620 satellitesque
1271 3549 1600 3619 confugere,
1675 3562 1743 3600 ne
1771 3544 1907 3614 ipsis
1938 3558 2157 3612 quoque

588 3663 609 3693 ο
656 3644 966 3698 multifaria
996 3642 1191 3696 mortis
1224 3654 1393 3694 causa
1427 3639 1622 3698 simus,
1655 3645 1715 3690 ut
1738 3637 1831 3706 qui
1894 3637 2072 3705 ipsos,
2105 3646 2159 3690 et

589 3755 609 3790 ι
657 3737 963 3806 asperiores
990 3748 1113 3787 esse
1143 3747 1431 3801 cogamus,
1463 3738 1517 3783 ct
1548 3743 1708 3797 opera
1728 3727 2004 3781 mortifera
2035 3741 2160 3794 per-

591 3846 611 3876 ι
658 3839 819 3895 agere
849 3842 863 3878 :
918 3823 1009 3879 sed
1062 3830 1404 3891 exspectare,
1441 3828 1495 3872 et
1526 3820 1685 3874 nobis
1717 3833 1932 3881 cavere,
1970 3817 2158 3887 vigila-

591 3935 610 3966 ι
663 3929 814 3984 reque
842 3923 890 3967 et
921 3929 1096 3975 orare,
1149 3928 1210 3964 ne
1263 3911 1515 3962 intremus
1546 3909 1600 3960 in
1627 3909 1967 3960 tentationem
1994 3903 2043 3960 δ.
2080 3907 2157 3959 Ita

591 4027 609 4058 ι
662 4005 971 4077 Stephanus
997 4004 1227 4074 primus,
1259 4001 1380 4070 ejus
1411 4001 1657 4070 vestigiis
1688 4001 1972 4062 insistens,
2011 4014 2156 4052 mar—

587 4119 607 4150 s
651 4098 852 4170 tyrium
881 4111 1098 4168 passus,
1118 4092 1508 4162 Hierosolymis
1532 4092 1599 4144 ab
1625 4091 1824 4160 iniquis
1849 4100 2153 4159 correptus,

590 4213 610 4245 ι
658 4204 711 4248 et
744 4193 798 4247 in
825 4191 1117 4246 concilium
1147 4186 1366 4250 ductus,
1401 4185 1674 4255 lapidibus
1701 4185 1951 4243 obrutus.
1980 4184 2035 4238 in
2067 4201 2156 4238 no-

588 4298 607 4331 ‹
654 4279 799 4333 mine
837 4277 1040 4332 Christi
1072 4274 1409 4345 gloriﬁcatus
1431 4281 1535 4336 est,
1583 4288 1803 4342 rogans,
1838 4281 1888 4327 et
1916 4272 2102 4327 dicens
2137 4292 2150 4325 :

585 4390 604 4421 ι
655 4370 893 4434 Domine,
917 4386 979 4423 ne
1001 4377 1209 4422 statuas
1239 4366 1347 4418 illis
1377 4365 1471 4418 hoc
1503 4375 1774 4433 peccatum
1819 4366 1861 4417 ί.
1897 4363 1973 4417 lta
2001 4363 2155 4418 Jaco-

586 4486 604 4517 ι
653 4466 756 4520 bus
784 4463 1060 4520 secundus
1116 4462 1183 4514 ab
1214 4459 1431 4514 llernde
1463 4458 1914 4526 comprehensus,
1973 4457 2152 4526 gladio

2273 3286 2290 3317 ι
2333 3268 2577 3337 βούλεται
2621 3271 2727 3324 ἀπὸ
2769 3271 2931 3323 τόπου
2972 3272 3051 3333 εἰς
3094 3271 3254 3323 τόπον
3279 3271 3320 3301 ³ο
3362 3271 3721 3341 διωκομένους
3759 3275 3858 3329 διὰ

2269 3380 2289 3410 ‹
2327 3361 2384 3412 τὸ
2414 3361 2583 3432 ὄνομα
2610 3363 2774 3440 αὑτοῦ
2803 3383 2810 3392 ·
2843 3364 2917 3427 ὡς
2961 3365 3120 3418 πάλιν
3149 3363 3416 3433 ἀκούομεν
3450 3364 3612 3416 αὑτοῦ
3656 3365 3857 3434 λέγον-

2269 3469 2286 3502 ι
2325 3469 2415 3513 τος
2435 3468 2448 3480 ·
2487 3452 2598 3505 Καὶ
2626 3451 2763 3505 ὅθεν
2795 3454 2868 3523 (2)
2892 3454 3179 3506 διώκωσιν
3203 3453 3350 3522 ὑμᾶς
3382 3455 3448 3506 ἐκ
3480 3452 3587 3522 τῆς
3606 3457 3854 3525 πόλεως

2267 3563 2286 3594 ι
2327 3547 2543 3611 ταύτης
2566 3547 2630 3609 ³¹,
2667 3547 2912 3616 φεύγετε
2939 3550 3025 3612 εὶς
3053 3546 3166 3614 τὴν
3187 3545 3394 3612 ἑτέραν
3413 3564 3425 3576 °
3463 3547 3522 3599 οὐ
3556 3547 3664 3617 γάρ
3697 3548 3855 3602 θέλει

2267 3655 2284 3686 ‹
2324 3637 2641 3707 αὐτομολεῖν
2678 3639 2822 3708 ἡμᾶς
2855 3638 2992 3707 πρὸς
3045 3640 3170 3700 τοὺς
3199 3636 3291 3690 τοῦ
3325 3638 3568 3691 διαϐόλου
3600 3640 3856 3694 ὑπασπι-

2268 3745 2284 3776 t
2329 3727 2456 3788 στάς
2487 3727 2577 3779 καὶ
2606 3727 2954 3798 δορυφόρους,
2987 3729 3133 3790 ὅπως
3169 3727 3241 3797 μὴ
3273 3729 3366 3779 καὶ
3390 3729 3647 3781 πλειόνων
3676 3729 3854 3786 θανά-

2265 3837 2283 3868 ι
2326 3836 2432 3872 των
2466 3820 2625 3872 αἴτιοι
2654 3822 2836 3883 αὐτοῖς
2864 3819 3140 3890 γινώμεθα
3170 3821 3257 3882 ³¹’,
3290 3821 3362 3884 ὡς
3392 3820 3455 3873 ἂν
3489 3828 3854 3891 καταναγκάο

2265 3928 2283 3959 ι
2324 3909 2504 3973 ζοντες
2533 3912 2727 3973 αὐτοὺς
2765 3912 2962 3982 μᾶλλον
3005 3911 3508 3980 κατατραχύνεσθαι
3548 3913 3643 3965 καὶ
3684 3893 3849 3970 τελε-

2265 4018 2282 4050 t
2328 4004 2595 4071 σιουργεῖν
2644 4003 2712 4055 τὰ
2752 4003 3100 4073 θανατηφόρα
3145 4001 3311 4072 ἔργα·
3363 4003 3474 4056 ἀλλ’
3522 4006 3850 4075 ἐκδέχεσθαι

2265 4113 2282 4144 ι
2324 4095 2418 4146 καὶ
2449 4093 2732 4164 προσέχειν
2772 4097 3014 4156 ἑαυτοῖς,
3048 4094 3352 4161 ῃοηγορεῖν
3391 4111 3454 4148 τε
3501 4097 3597 4148 καὶ
3645 4109 3837 4163 προσ-

2263 4205 2281 4236 (
2321 4188 2622 4255 εὐχεσθαι,
2657 4188 2757 4239 ἵνα
2796 4185 2882 4253 μὴ
2928 4183 3285 4251 εἰσέλθωμεν
3330 4187 3414 4249 εἰς
3475 4189 3844 4254 πειρασμόν.

2262 4296 2280 4328 τ
2321 4277 2476 4331 Οὒτω
2495 4279 2759 4347 Στέφανος
2781 4278 3013 4348 πρῶτος,
3034 4276 3150 4327 κατ’
3182 4276 3324 4343 ἴχνος
3348 4277 3508 4328 αὑτοῦ
3533 4277 3846 4348 μαρτύριον

2261 4388 2279 4420 ι
2319 4369 2731 4439 ἀναδεξάμενος,
2761 4370 2818 4421 ὲν
2867 4367 3255 4436 Ἰεροσολύμοις
3295 4368 3688 4436 συναρπασθεὶς
3726 4371 3845 4424 ὑπὸ

2261 4480 2278 4512 ι
2318 4462 2423 4514 τῶν
2455 4462 2815 4532 παρανόμων,
2849 4461 2943 4512 καὶ
2983 4459 3165 4528 ἀχθεὶς
3194 4460 3252 4509 ἐν
3285 4458 3358 4527 τῷ
3381 4458 3656 4530 συνεδρίῳ,
3685 4459 3844 4514 λιθο-

585 4578 603 4610 ι
652 4558 829 4627 capite
859 4561 1150 4609 truncatus
1175 4560 1273 4606 est.
1311 4552 1386 4605 ita
1417 4549 1614 4604 Petrus
1637 4550 2008 4619 apostolorum
2033 4550 2145 4618 pri-

2275 4571 2278 4601 r
2317 4552 2636 4622 ϐολούμενος
2678 4555 2732 4604 ὲν
2763 4553 2986 4622 ὀνόματι
3028 4549 3263 4620 Χριστοῦ
3313 4549 3600 4620 ἐδοξάσθη,
3643 4570 3839 4624 παρα-

584 4668 604 4699 (
651 4663 792 4709 mus,
830 4660 972 4716 sazpe
1012 4644 1474 4712 comprehensus,
1519 4648 1571 4695 et
1597 4641 1861 4694 custodiae
1890 4639 2142 4701 traditus,

582 4756 599 4787 ε
646 4738 1052 4807 ignominiaque
1108 4733 1354 4795 affectus,
1388 4741 1665 4801 postremo
1696 4731 1878 4784 Roma:
1925 4730 2144 4784 cruciﬁ-

584 4852 601 4882 ‹
653 4849 754 4887 xus
781 4840 885 4886 est.
923 4830 1184 4884 Similiter
1221 4837 1276 4882 et
1321 4829 1558 4897 inclytus
1594 4825 1818 4890 Paulus,
1851 4843 1990 4896 srepe
2033 4838 2146 4880 tra-

598 4943 614 4972 ι
663 4924 832 4986 ditus,
864 4931 918 4977 et
947 4922 1012 4975 ad
1049 4929 1279 4974 mortem
1304 4933 1478 4987 usque
1537 4919 1590 4971 in
1631 4919 1936 4986 periculum
1973 4917 2142 4970 addu-

585 5036 603 5066 ι
651 5024 790 5079 ctus,
810 5017 976 5069 multa
1008 5017 1148 5069 mala
1173 5028 1486 5084 perpessus,
1511 5021 1562 5065 et
1587 5013 1638 5066 in
1667 5013 1851 5066 multis
1887 5027 2142 5082 persecu—

2260 4663 2276 4694 t
2319 4646 2496 4698 καλῶν
2549 4647 2640 4698 καὶ
2686 4645 2890 4712 λέγων’
2947 4646 3153 4710 Κύριε,
3199 4643 3284 4710 μὴ
3343 4643 3578 4711 στήσῃς
3623 4648 3844 4712 αὐτοῖς

2259 4754 2276 4784 ι
2317 4736 2540 4800 ταύτην
2570 4735 2660 4764 ³¹“
2689 4734 2802 4800 τὴν
2823 4733 3133 4802 ἁμαρτίαν.
3155 4728 3339 4791 Οὕτως
3365 4730 3613 4794 Ἰάκωϐος
3645 4732 3845 4785 85-31-3—

2257 4846 2275 4877 ι
2322 4845 2410 4898 ρος
2436 4826 2754 4896 συλληφθεὶς
2777 4826 2880 4878 ὑπὸ
2909 4824 3167 4894 Ἡρώδου,
3201 4823 3441 4893 μαχαίρᾳ
3465 4823 3560 4894 τὴν
3585 4825 3840 4895 κεφαλὴν

2258 4938 2274 4969 ι
2317 4919 2626 4989 ἀπετμήθη.
2657 4919 2841 4976 Οὕτως
2866 4921 2893 4968 ὁ
2924 4916 3213 4987 πρόκριτος
3240 4915 3347 4967 τῶν
3380 4916 3690 4969 ἀποστόλων
3718 4917 3838 4968 Πέο

2258 5031 2276 5060 τ
2316 4996 2484 5080 τροςξ
2530 5011 2787 5073 πολλάκις
2822 5007 3140 5079 συλληφθεὶς
3197 5007 3289 5060 καὶ
3333 5007 3676 5076 φυλακισθεὶς
3730 5009 3835 5062 καὶ

649 5144 672 5172 ι
702 5130 892 5186 Matth.
928 5148 1074 5197 xxw,
1099 5132 1186 5185 41.
1265 5131 1292 5171 b
1326 5129 1518 5183 Matth.
1555 5146 1631 5190 v1.
1667 5131 1747 5184 l5.
1795 5142 1817 5170 ο
1854 5129 2049 5184 Matth.
2087 5146 2238 5193 xxvx,
2275 5130 2362 5183 55.
2431 5129 2456 5168 ά
2490 5128 2683 5184 Matth.
2717 5127 2968 5196 xxvu,2.
3014 5138 3035 5165 ο
3063 5125 3252 5179 Matth.
3278 5143 3331 5189 ι,
3360 5128 3449 5181 i7.
3511 5128 3529 5166 τ
3563 5128 3694 5180 ibid.
3732 5127 3830 5184 18.

575 5211 601 5248 I
635 5200 828 5255 Matth.
856 5219 910 5264 χ,
940 5203 1031 5258 25.
1109 5205 1135 5242 ιι
1171 5200 1365 5256 Matth.
1415 5216 1563 5262 χχιιι,
1591 5200 1677 5253 47.
1760 5201 1774 5238 ί
1809 5203 1928 5254 Act.
1992 5217 2084 5264 vn,
2132 5201 2221 5254 59.

1901 5321 2133 5376 vitam
2181 5296 2581 5376 LECTtoitEs.

644 5433 953 5507 "laureis.
1031 5434 1076 5464 ’⁸
1106 5435 1556 5504 προσεκκαίοντες
1586 5434 1890 5507 ᾆᾶνθρακας.
1980 5437 2048 5467 ’⁸⁸
2087 5435 2162 5488 δέ.

577 5502 837 5574 εἰσελθεῖν
864 5505 946 5564 εις
971 5502 1273 5574 πειρασμόν
1294 5507 1458 5559 deest.
1555 5505 1688 5534 “"“

576 5573 642 5605 ”‘
678 5574 794 5640 οὐχ.
875 5574 965 5604 ³⁸⁸⁸
993 5573 1110 5642 οὐχ.
1183 5576 1227 5605 ³⁸
1253 5576 1431 5627 τόπων
1463 5577 1542 5636 είς
1574 5575 1790 5638 τόπους.

645 5688 721 5757 (2)
752 5691 858 5741 Kac
898 5689 1056 5763 (ὅθεν.
1111 5689 1167 5742 ln
1200 5691 1462 5763 ms.__cod.
1516 5692 1839 5763 bombycino
1873 5695 2146 5763 amplissi-

571 5759 644 5814 mi
683 5761 951 5814 senatoris
997 5759 1258 5816 Bernardi
1311 5760 1469 5826 Nani,
1526 5761 1619 5817 fol.
1657 5759 1781 5830 2'08,
1809 5765 1897 5818 ubi
1929 5759 2148 5819 eistant

1718 5507 2016 5576 γενομένας
2035 5506 2314 5567 πολλάκις.

1867 5578 1906 5606 ³¹
1941 5578 2134 5628 ὅταν...
2173 5579 2230 5628 ὲν
2261 5578 2324 5646 τῇ
2357 5576 2507 5628 πόλει
2534 5575 2729 5646 ταῦτῃ.

2265 5436 2351 5466 ““
2389 5437 2464 5536 μή
2494 5435 2726 5536 deest.“
2749 5435 2896 5536 3"“:
2918 5432 3264 5534 διδάσκοντος
3298 5432 3695 5536 «pessulae-85a:
3745 5431 3835 5506 μὴ

2461 5501 2599 5558 οὔτε.
2682 5505 2726 5542 ³⁸
2749 5505 2902 5558 deest
2933 5505 3045 5557 καί.
3114 5505 3180 5534 ’θ’
3204 5501 3316 5558 οὖν.
3342 5501 3352 5507 ’
3395 5505 3440 5536 "
3472 5501 3828 5573 προσέχεταιξ

2810 5573 2875 5603 ³¹⁵
2909 5573 3210 5645 γενώμεθα.
3287 5577 3377 5606 ³¹⁶⁵
3401 5572 3609 5642 ταύτην
3637 5588 3744 5626 om.

2255 5709 2494 5749 canones
2543 5693 2597 5757 9,
2644 5693 2731 5750 10.
2777 5692 3111 5754 12.15,“,
3160 5694 3250 5750 hic
3301 5692 3497 5762 legitur
3546 5691 3639 5748 nul
3667 5691 3830 5761 ὅταν,

2257 5773 2313 5819 ut
2344 5765 2398 5820 in
2430 5773 2580 5820 textu
2618 5764 2806 5820 Matth.
2839 5781 2894 5835 ι,
2919 5764 3006 5820 ‘33.
