4036 6320
119 414 213 472 489

1337 416 1675 473 EPlSTOLA
1712 416 2077 477 CANONICA.

3230 434 3335 489 490

121 545 137 578 ι
172 527 361 592 οἰτινες
384 527 546 582 πλέον
574 527 832 581 ἁπάντων
850 526 1113 599 αἰσχύνην
1136 531 1229 581 καὶ
1256 528 1453 593 ὄνειδος
1472 530 1670 595 ἕξουσι,

1780 547 1799 580 ι
1842 538 1896 585 et
1921 530 2273 600 ignominiam
2292 530 2862 597 habebunt:sicutille
2894 539 2990 608 qui
3016 538 3337 597 fundamen-

121 636 136 667 ι
172 620 285 670 κατ’
319 620 527 672 ἐκεῖνον
560 619 653 669 τὸν
686 618 965 672 τεθεικότα
991 618 1256 688 θεμέλιον,
1282 620 1375 672 καί
1420 621 1493 691 μὴ
1525 620 1671 690 ἰσχύ-

118 728 136 761 ι
172 727 337 767 σαντα
383 710 685 765 ἐκτελέσαι·
720 709 1028 780 Ἀρξονται
1058 712 1185 784 γάρ,
1227 715 1420 785 φησὶν,
1455 706 1675 781 πάντες

118 821 136 852 ι
169 807 219 856 οι
249 790 800 883 παραπορευόμενοι
830 806 1128 875 ἐμπαίζειν
1145 810 1347 872 αὑτὸν,
1373 806 1672 877 λέγοντεςο

117 910 134 943 ι
171 890 416 959 οὗτοςό
440 894 748 962 ἄνθρωπος
795 897 1072 965 θεμέλιον
1112 899 1291 966 ἔθηκε
1328 900 1394 963 ³⁹,
1438 900 1531 951 καί
1564 902 1675 952 οὐκ

118 1001 137 1035 ι
172 985 434 1052 ῖσχυσεν
461 985 791 1041 ἐκτελέσαι.
828 1007 845 1038 ι
1412 1026 1415 1027 ν

176 1073 372 1127 ΒΔΛΣ.
416 1074 552 1144 Περὶ
598 1078 1079 1151 αὐτομολησάντων
1111 1084 1189 1146 εἰς
1227 1083 1316 1135 τὸν
1349 1082 1441 1135 τοῦ
1475 1100 1675 1153 μαρτυ-

114 1166 221 1236 ρίου
248 1166 441 1232 ἀγῶνα
468 1166 767 1239 διαλεχθεεις
797 1175 825 1225 ὁ
854 1174 1063 1246 Πατὴρ,
1101 1174 1195 1229 νῦν
1235 1176 1327 1229 καίΙ
1371 1177 1496 1247 περὶ
1544 1177 1674 1249 κλη-

116 1256 272 1327 pmth
298 1257 559 1311 τοιούτων
585 1260 678 1313 τὸν
700 1260 857 1330 λόγον
885 1270 1140 1319 ποιεῖται·
1174 1267 1267 1320 καί
1297 1284 1479 1339 φησιν,
1504 1270 1598 1334 ὡς,
1630 1273 1675 1323 εἰ

114 1346 365 1417 κληρικὺς
382 1350 778 1423 ηὐτομόλησεν,
809 1351 925 1409 εἶτα
952 1356 1025 1429 μὴ
1052 1358 1257 1425 στέγων
1285 1359 1382 1423 τὰς
1413 1363 1677 1433 τιμωρίας

111 1434 451 1502 ὲκπέπτωκε,
482 1441 577 1492 καὶ
608 1438 764 1505 αὖθις
804 1446 879 1508 εἰς
917 1446 1109 1499 ἑαυτὸν
1133 1450 1439 1518 γενόμενος,
1475 1451 1677 1503 ἀνεπά-

112 1526 255 1579 λαισε
301 1528 403 1598 τὴν
449 1530 656 1585 οἰκείαν
690 1533 929 1600 πτῶσιν,
980 1536 1074 1589 καὶ
1117 1537 1441 1608 Χριστιανὸν
1490 1540 1677 1593 ἑαυτὸν

112 1617 451 1688 ὡμολόγησεν
474 1621 704 1675 ἐνώπιον
732 1624 837 1677 τῶν
868 1626 1162 1696 τυράννων,
1182 1629 1216 1680 ⁷ὀ
1238 1629 1475 1693 τοιοῦτος
1496 1630 1676 1683 οὐκέτι

115 1711 167 1762 ἰν
187 1712 248 1779 τῇ
280 1708 594 1782 λειτουργίᾳ
618 1713 792 1776 ἔσται,
816 1716 949 1769 διότι
972 1717 1325 1771 καταλέλοιπε
1348 1721 1407 1772 τὸ
1430 1722 1677 1793 ποίμνιον

115 1800 197 1853 τοῦ
224 1801 434 1872 Κυρίου
453 1820 465 1832 ·
505 1806 599 1857 καὶ
622 1805 712 1858 διὰ
742 1808 801 1859 τὸ
828 1808 1197 1879 αὐτομολῆσαι
1243 1814 1335 1864 καὶ
1375 1814 1447 1883 μὴ
1478 1832 1670 1886 καρτε-

1782 639 1800 671 σ
1847 632 1957 675 tum
1989 622 2208 695 posuit,
2256 630 2310 675 et
2344 640 2449 677 non
2491 630 2663 695 potuit
2707 629 2966 700 perficere
3000 651 3013 685 :
3077 629 3335 701 Incipient

1782 731 1799 761 ι
1838 713 2220 783 enim,inquit,
2253 730 2428 768 omnes
2461 720 3073 791 quipnetergredientur,
3100 740 3217 777 eum
3267 726 3335 777 il-

1781 820 1799 853 ι
1847 802 2039 868 ludere,
2070 804 2295 858 dicentes
2313 822 2331 857 .·
2363 804 2465 859 llic
2482 808 2631 861 homo
2651 813 2823 878 posuit
2846 812 3266 881 fundamentum,
3285 825 3335 869 et

1782 911 1799 942 ι
1845 911 1945 947 non
1967 897 2135 965 potuit
2161 897 2409 965 perﬁcere
2446 909 2491 951 ι.
2538 915 2556 946 ι

1846 1069 2003 1125 ΒΑιε.
2051 1070 2123 1125 Dc
2155 1070 2222 1125 iis
2252 1070 2345 1141 qui
2384 1088 2475 1127 sua
2523 1081 2715 1142 sponte
2754 1072 2820 1125 ad
2870 1075 3115 1145 martyrii
3156 1082 3337 1131 certa-

1776 1177 1897 1216 men
1926 1179 2024 1217 con
2034 1162 2056 1216 f
2057 1163 2265 1233 ugiunt,
2289 1165 2507 1223 locutus
2523 1164 2702 1232 Pater,
2720 1179 2868 1219 nunc
2882 1165 2948 1219 de
2966 1164 3179 1223 clericis
3196 1182 3335 1237 quo-

1776 1270 1880 1325 que
1909 1255 1999 1324 qui
2036 1263 2166 1311 sunt
2196 1256 2467 1325 ejusmodi
2514 1256 2757 1327 loquitur
2793 1275 2808 1311 :
2863 1264 2918 1312 et
2946 1257 3078 1311 dicit
3108 1259 3253 1328 quod
3288 1260 3335 1312 si

1776 1346 2008 1401 clericus
2049 1348 2115 1401 ad
2148 1354 2423 1403 certamen
2470 1364 2568 1403 sua
2604 1355 2799 1417 sponte
2846 1346 3110 1419 profugit,
3142 1349 3338 1405 deinde

1752 1430 1899 1490 lcum
1931 1453 2038 1491 non
2062 1447 2242 1507 posset
2274 1436 2415 1493 ferre
2429 1446 2720 1503 tormenta,
2743 1438 2966 1505 excidit,
2988 1447 3042 1494 ct
3068 1454 3191 1493 cum
3215 1455 3339 1493 rur—

1778 1543 1872 1582 sus
1902 1528 1967 1583 ad
1998 1544 2057 1584 se
2084 1528 2362 1593 rediisset,
2409 1530 2617 1599 lapsum
2652 1545 2811 1586 suum
2862 1533 3161 1597 revocavit,
3194 1537 3249 1587 et
3278 1546 3339 1587 se

1777 1634 1962 1673 coram
1998 1622 2247 1690 tyrannis
2276 1617 2652 1675 Christianum
2684 1622 2973 1679 confessus
3006 1633 3119 1691 est;
3151 1625 3200 1678 is
3229 1640 3340 1679 non

1776 1708 2008 1777 amplius
2037 1710 2506 1763 sacratninisteria
2530 1711 2719 1775 obibit,
2746 1726 2811 1766 eo
2826 1712 2971 1782 quod
3002 1728 3217 1782 gregem
3234 1712 3343 1767 Do-

1778 1799 1908 1853 mini
1938 1801 2218 1868 reliquerit
2242 1818 2257 1866 ;
2294 1808 2347 1855 et
2374 1816 2439 1856 eo
2466 1802 2611 1871 quod
2637 1818 2760 1855 cum
2792 1819 2889 1858 sua
2912 1804 3131 1873 quidem
3146 1814 3341 1874 sponte

114 1894 267 1962 ρῆσαι
297 1895 396 1958 τὰς
426 1894 713 1964 βασάνους,
750 1898 936 1968 μῶμον
976 1904 1344 1973 προσήνεγκεν
1383 1884 1579 1975 ἑαυτῷ.
1607 1908 1674 1959 Τὸ

1778 1884 2101 1955 confugerit,
2131 1896 2184 1941 et
2206 1895 2478 1943 tormenta
2509 1888 2737 1944 sufferre
2779 1906 2886 1945 non
2924 1895 3183 1961 potuerit,
3236 1895 3341 1948 sibi

117 1986 166 2037 δὲ
193 1987 605 2057 καταφρονῆσαι
637 1990 737 2059 τῆς
766 1990 1113 2058 διδασκαλίας
1145 1996 1239 2049 τοῦ
1270 1995 1397 2050 λαοῦ
1427 2000 1519 2051 καὶ
1546 2016 1679 2069 προ-

115 2079 441 2149 τιμήσασθαι
490 2082 553 2133 τὸ
591 2081 769 2152 ἑαυτῷ
796 2085 1105 2155 συμφέρον,
1158 2086 1275 2140 οὐδὲ
1309 2092 1354 2143 οἰ
1396 2091 1677 2145 ἀπόστολοι

116 2172 485 2240 πεποιήκασιν.
525 2174 584 2226 '0
616 2174 725 2245 γὰρ
754 2175 925 2244 μέγας
959 2176 1186 2242 Παῦλος,
1218 2181 1354 2249 μετὰ
1394 2182 1453 2233 τὸ
1483 2182 1678 2247 πολλάς

120 2256 374 2327 βασάνους
416 2265 729 2335 ὑπομεῖναι,
756 2269 1098 2337 κατανοήσας
1128 2275 1375 2343 κρεῖττον
1408 2270 1543 2329 εἶναι
1588 2277 1677 2328 τὸν

121 2346 221 2415 βίον
250 2352 541 2407 ἀπολιπεῖν
562 2393 577 2418 ,
613 2361 1015 2429 προετιμήσατο
1046 2358 1145 2431 ζῇν
1177 2362 1269 2414 καί
1301 2362 1675 2432 βασανίζεσθαι

115 2437 193 2492 διὰ
222 2442 319 2512 τὴν
354 2446 628 2515 σωτηρίαν
660 2448 750 2500 καὶ
787 2448 1132 2505 διδασκαλίαν
1159 2452 1250 2506 τοῦ
1299 2454 1450 2510 λαοῦ.
1506 2458 1678 2510 Ἀναί-

121 2529 291 2600 σθητοι
328 2533 463 2600 γοῦν
498 2538 636 2591 εἰσιν
668 2538 715 2590 οἰ
753 2538 1028 2605 αἰτοῦντες
1074 2542 1169 2613 τὴν
1212 2543 1567 2616 λειτουργίαν,
1609 2542 1678 2616 ἦς

120 2619 383 2677 ὶθελονταὶ
429 2628 836 2684 ὲκπεπτώκασι.
873 2632 996 2695 Πῶς
1038 2632 1147 2705 γάρ
1185 2635 1423 2688 αἰτοῦσιν
1478 2636 1506 2688 ὃ
1544 2654 1676 2691 κατ-

117 2712 323 2777 έλιπον,
356 2716 645 2787 δυνάμενοι
691 2722 801 2783 τοῖς
842 2721 1084 2791 ἀδελφοῖς
1118 2722 1403 2794 εὖχρηστοι
1433 2722 1568 2779 εἶναι
1619 2728 1675 2782 ἐν

118 2802 286 2872 καιρῷ
333 2805 595 2875 τοιούτῳ,
648 2807 883 2879 διωγμοῦ
942 2810 1176 2883 δηλαδή;
1218 2814 1279 2865 Εἰ
1330 2816 1427 2883 μὲν
1476 2812 1569 2868 οῦν
1615 2818 1675 2869 οὐ

120 2894 450 2957 πεπτώκασι,
487 2899 670 2967 φησιν,
705 2894 851 2969 εἶχον
880 2899 945 2953 ἂν
980 2901 1309 2971 συγγνώμην
1343 2904 1434 2955 ἐπὶ
1465 2908 1530 2974 τῇ
1570 2924 1676 2959 πα-⁸

122 2982 323 3054 ραλόγῳ
352 2986 533 3037 αὐτῶν
576 2987 789 3058 πράξει,
819 2992 917 3061 τῆς
942 2991 1355 3061 αὐπμολήσεως
1386 2994 1604 3067 δηλαδὴ,
1641 2996 1674 3066 ἢ

121 3074 208 3143 τῆς
250 3078 379 3147 περὶ
415 3079 478 3132 τὸ
504 3079 774 3133 διδάσκειν
809 3083 903 3134 καὶ
945 3082 1218 3155 στηρίζειν
1262 3087 1386 3150 τοὺς
1418 3087 1677 3157 ἀδελφοὺς

124 3166 415 3237 ῥᾳθυμίας
456 3172 504 3222 εἰ
558 3170 613 3223 δὲ
667 3173 1016 3229 πεπτώκασιν
1065 3177 1130 3229 ὲκ
1176 3180 1523 3249 περπερείας,
1559 3181 1676 3251 ήτοι

1780 1977 1883 2047 ipsi
1912 1977 2085 2031 labem
2126 1979 2328 2034 attulit.
2364 1980 2434 2035 Ut
2462 1990 2641 2035 autem
2697 1983 2880 2052 populi
2912 1984 3215 2039 doctrinam
3246 2001 3345 2041 ne-

1779 2066 2063 2135 gligerent,
2093 2077 2149 2121 et
2171 2083 2326 2123 suam
2364 2070 2653 2127 utilitatem
2688 2071 3027 2141 praeferrent,
3080 2089 3180 2128 nec
3214 2089 3345 2145 apo-

1780 2162 1904 2216 stoli
1928 2161 2189 2220 fecerunt.
2214 2162 2441 2233 Magnus
2456 2165 2599 2220 enim
2616 2162 2839 2229 Paulus,
2864 2172 3150 2237 postquam
3175 2170 3349 2223 multa

1779 2260 2047 2307 tormenta
2094 2253 2376 2317 subiisset,
2434 2254 2747 2324 intelligens
2775 2256 2949 2310 multo
2973 2271 3095 2311 esse
3148 2258 3344 2312 melius

1777 2345 1943 2398 vitam
1975 2346 2303 2418 relinquere,
2330 2347 2521 2400 maluit
2542 2347 2723 2402 vivere
2753 2356 2806 2401 et
2838 2350 3077 2417 torqueri
3119 2357 3344 2419 propter

1778 2434 2006 2489 salutem
2039 2444 2091 2492 et
2121 2437 2420 2491 doctrinam
2450 2437 2653 2508 populi.
2713 2434 2889 2492 Sensu
2940 2453 3071 2507 ergo
3119 2439 3343 2492 omnino

1777 2533 1985 2589 carent,
2010 2527 2101 2596 qui
2134 2536 2323 2595 petunt
2356 2542 2572 2583 sacrum
2615 2528 3005 2592 ministerium,
3045 2543 3073 2580 a
3106 2544 3216 2599 quo
3242 2544 3341 2585 sua

1778 2626 1970 2687 sponte
2000 2620 2335 2674 exciderunt.
2367 2620 2650 2687 Quomodo
2681 2622 2827 2675 enim
2873 2626 3063 2689 petunt
3090 2620 3234 2689 quod
3258 2636 3346 2674 re-

1778 2707 2074 2777 liquerunt,
2108 2725 2231 2764 cum
2264 2713 2476 2781 possint
2503 2712 2558 2765 in
2582 2711 2683 2764 hac
2708 2718 3055 2779 tempestate,
3083 2725 3342 2780 persecu-

1778 2800 1942 2854 tionis
1969 2801 2198 2864 scilicet,
2233 2801 2497 2856 fratribus
2528 2818 2653 2857 esse
2677 2802 2884 2858 utiles?
2918 2800 2975 2855 Si
3003 2802 3187 2872 itaque
3233 2819 3343 2856 non

1779 2890 2122 2955 cecidissent,
2160 2891 2359 2962 inquit,
2393 2894 2515 2963 ejus
2549 2893 2693 2962 quod
2724 2902 2923 2959 praeter
2966 2894 3233 2947 rationem
3263 2894 3332 2949 fe-

1779 2986 2003 3049 cissent,
2036 2986 2117 3040 eis
2150 2984 2375 3041 daretur
2390 2988 2573 3053 venia,
2601 2998 2915 3055 spontaneae
2955 2985 3164 3039 scilicet
3181 2984 3341 3054 fugze.

1776 3076 1862 3129 vel
1896 3075 1952 3130 in
1978 3073 2242 3131 fratribus
2267 3074 2528 3130 docendis
2555 3085 2608 3129 et
2637 3074 3029 3130 conﬁrmandis
3059 3075 3341 3130 socordia.

1782 3167 1877 3221 Sin
1906 3175 2082 3223 autem
2108 3176 2330 3237 propter
2346 3183 2500 3223 suam
2532 3168 2877 3222 insolentiam
2903 3176 2956 3222 et
2978 3169 3343 3238 arrogantiam

121 3233 446 3323 ἀλαζονείας,
477 3259 739 3331 [τοιοῦτον
760 3264 867 3336 γάρ
886 3268 1002 3319 ἐστι
1028 3266 1089 3319 τὸ
1112 3233 1523 3341 κατατολμῆσαι

1780 3261 1919 3330 lapsi
1953 3269 2079 3315 sunt
2154 3233 2261 3316 taie
2298 3262 2442 3315 enim
2467 3270 2549 3323 est
2578 3276 2637 3317 se
2667 3268 2871 3316 temere
2898 3262 3184 3317 tormentis
3209 3261 3351 3330 obji-

123 3349 287 3413 τετῶς
316 3350 423 3404 τῶν
455 3351 701 3420 βασάνων
736 3356 828 3407 καὶ
864 3356 938 3426 μὴ
968 3357 1245 3427 ἐμμεῖναι,
1283 3361 1375 3412 καί
1402 3359 1489 3415 διὰ
1523 3360 1679 3413 τοῦτο

125 3439 643 3517 ἱθριαμϐεύθησαν·]
674 3446 854 3500 οὐκέτι
897 3447 1149 3503 δύνανται
1194 3451 1542 3521 λειτουργεῖν.
1588 3454 1676 3506 Διὸ

127 3533 539 3604 φροντιςέτωσαν
580 3538 777 3607 μᾶλλον
818 3540 932 3603 πῶς
977 3543 1316 3597 ὲκτελέσουσι
1357 3546 1454 3617 τὴν
1488 3547 1675 3617 ὁμολο-

127 3625 236 3690 γίαν
273 3627 329 3679 ὲν
371 3630 860 3701 ταπεινοφροσύνῃ,
916 3634 1252 3703 παυσάμενοι
1283 3637 1381 3706 τῆς
1428 3638 1534 3691 ἀπὸ
1581 3638 1674 3690 τοῦ

128 3711 298 3784 ζητεῖν
314 3718 414 3787 τὴν
443 3718 783 3790 λειτουργίαν
811 3721 1114 3787 κενοδοξίας
1132 3743 1143 3755 ’
1178 3726 1337 3796 ἀρκεῖ
1360 3727 1467 3798 γὰρ
1496 3729 1675 3791 αὐτοῖς

126 3806 154 3873 ἠ
185 3808 313 3875 μιτά
336 3809 446 3861 τῶν
484 3812 687 3864 πιστῶν
721 3814 971 3867 κοινωνία
1001 3815 1091 3869 διὰ
1130 3815 1221 3870 δύο
1263 3820 1518 3889 γινομένη
1556 3822 1676 3874 τινὰ

129 3899 251 3967 μετά
289 3902 608 3973 ἐπιστασίας
653 3905 912 3973 ἀκριϐοῦς
946 3910 1040 3961 καὶ
1085 3909 1413 3981 οἰκονομίας.
1459 3912 1520 3964 Εἰ
1569 3914 1678 3983 γὰρ

124 3990 347 4061 εἴπωμεν
375 3994 449 4064 μὴ
495 3993 642 4064 ἔχειν
688 3994 882 4059 αὐτοὺς
926 4002 1305 4066 κοινωνικούς,
1352 4003 1570 4065 τούτους
1615 4021 1673 4055 τε

124 4078 438 4153 λυπήσομεν,
470 4086 547 4149 ὡς
570 4086 992 4158 ἀποφαινόμενοι
1024 4091 1160 4161 μετὰ
1192 4092 1335 4162 βίας,
1362 4095 1525 4164 ἤγουν
1559 4098 1676 4148 ἑπι-

125 4176 499 4244 τετιμημένονς
527 4217 543 4240 ,
597 4178 844 4233 ἐντεῦθεν
910 4180 1172 4236 ἀναλῦσαι
1225 4185 1460 4249 αὐτοὺς,
1509 4188 1674 4257 ῆγουν

125 4265 395 4321 ἀποθανεῖν
422 4294 425 4295 ν
472 4271 717 4334 καὶτοὺς
746 4271 935 4336 ἄλλους
970 4273 1024 4326 δὲ
1058 4276 1388 4340 ἐκπεσόντας
1425 4280 1553 4343 ἴσως
1586 4282 1677 4333 καὶ

126 4354 460 4428 βουλομένους
485 4362 821 4433 ὑποστρέψαι
852 4366 933 4429 εἰς
955 4366 1016 4419 τὸ
1036 4367 1262 4435 ἀγαθὸν,
1294 4370 1677 4441 ἐκλελυμένους

125 4447 246 4518 πρὸς
272 4450 429 4503 τοῦτο
457 4453 551 4504 καὶ
580 4454 801 4523 ἀμελεῖς
826 4458 1143 4527 ποιήσομεν,
1180 4462 1673 4531 προφασιζομένους

1778 3367 1903 3407 cere
1924 3351 2144 3416 audere,
2174 3366 2276 3406 nec
2306 3368 2468 3422 posse
2486 3354 2740 3417 tolerare,
2769 3363 2822 3407 et
2851 3361 3137 3424 propterea
3166 3354 3234 3409 de
3263 3355 3347 3409 eis

1778 3444 2087 3513 triumphus
2117 3454 2272 3498 actus
2323 3442 2451 3515 est),
2496 3459 2604 3497 non
2659 3456 2889 3514 possunt
2926 3446 3161 3515 amplius
3186 3458 3343 3498 saera

1776 3534 2079 3590 ministeria
2096 3535 2267 3589 obire.
2284 3534 2647 3601 Quamobrem
2671 3537 2843 3607 magis
2860 3546 3052 3591 curent
3070 3536 3345 3607 quomodo

1778 3624 2176 3680 confessionem
2204 3624 2259 3679 in
2296 3625 2603 3679 humilitate
2659 3633 2939 3696 peragant,
3002 3634 3283 3682 cessantes
3312 3642 3346 3682 a

1777 3731 1914 3769 vana
1943 3717 2114 3787 gloria
2158 3731 2374 3771 sacrum
2406 3716 2771 3771 ministerium
2826 3718 3043 3787 petendi
3078 3738 3093 3772 :
3148 3717 3345 3773 sumcit

1776 3809 1919 3863 enim
1962 3809 2041 3863 eis
2075 3822 2199 3861 eum
2231 3806 2485 3861 ﬁdelibus
2509 3809 2842 3871 communio,
2875 3823 2995 3879 qua?
3030 3808 3090 3862 ﬁt
3122 3818 3346 3879 propter

1776 3901 1906 3963 duo,
1937 3880 2181 3970 diligenti
2211 3900 2465 3953 cautione
2496 3912 2754 3968 rectoque
2782 3900 3035 3954 consilio.
3090 3898 3145 3953 Si
3199 3902 3344 3953 enim

1778 3993 2073 4048 dixerimus
2125 4008 2225 4046 nos
2273 4008 2369 4047 eos
2404 4007 2511 4046 non
2536 3992 2736 4047 habere
2761 4006 2859 4062 pro
2892 3993 3353 4045 communicanti;

1776 4085 1900 4149 bus,
1931 4095 1984 4140 et
2008 4100 2103 4139 eos
2131 4084 2380 4139 molestia
2412 4084 2709 4139 aﬂiciemus
2732 4093 2988 4155 tanquam
3020 4084 3345 4139 sententiam

1780 4180 2037 4247 ferentes,
2067 4195 2183 4244 eos,
2221 4180 2292 4244 vi,
2332 4194 2428 4234 seu
2456 4178 2771 4243 mulctatos,
2802 4178 2931 4233 hinc
2970 4179 3213 4244 dissolvi,
3249 4194 3345 4233 seu

1778 4271 1949 4337 mori;
1981 4280 2035 4324 et
2064 4270 2201 4325 alios
2237 4284 2456 4339 quoque
2486 4269 2579 4339 qui
2639 4269 2872 4325 fortasse
2915 4271 3053 4339 lapsi
3104 4278 3260 4334 sunt,
3291 4277 3347 4325 et

1777 4364 1963 4417 volunt
1991 4361 2059 4416 ad
2090 4362 2235 4431 quod
2268 4362 2468 4415 bonum
2499 4370 2581 4414 est
2612 4360 2815 4424 redire,
2851 4362 3114 4415 remissos
3143 4361 3209 4415 ad
3241 4362 3344 4416 hoc

1774 4462 1829 4508 et
1850 4453 2179 4523 negligentes
2206 4450 2525 4517 efﬁciemus,
2559 4460 2851 4505 causantes
2873 4467 2931 4506 se
2962 4451 3210 4507 fidelibus
3230 4468 3344 4507 non

125 4540 174 4591 τὸ
203 4542 273 4611 μὴ
302 4544 515 4611 μέλλειν
538 4546 734 4609 αὐτοὺς
762 4543 905 4600 εἶναι
933 4553 1279 4615 κοινωνικούς
1305 4556 1415 4616 τοῖς
1443 4558 1670 4619 πιστοῖς,

1778 4560 1899 4601 esse
1928 4543 2431 4598 communicaturos
2458 4583 2474 4605 ,
2519 4543 2733 4597 etiamsi
2783 4552 2906 4612 post
2938 4543 3148 4613 lapsum
3182 4545 3344 4601 ﬁdem

125 4628 214 4681 κᾶν
256 4634 628 4705 ὁμολογήσωσι
675 4638 775 4709 τὴν
824 4640 1005 4694 πίστιν
1048 4642 1183 4710 μετά
1232 4645 1330 4713 τὴν
1365 4645 1668 4699 ἔκπτωσιν

127 4718 319 4785 οἵτινες,
350 4724 426 4794 μὴ
456 4727 896 4798 ἐπιστρέφοντες,
944 4731 1099 4785 πλέον
1128 4734 1381 4788 ἁπάντων
1420 4736 1505 4789 ἵνα
1536 4738 1673 4790 ὀνει-

127 4809 324 4866 ὃωθῶσι
343 4818 436 4868 καί
457 4817 817 4887 αἰσχυνθιῖωιί
841 4822 984 4878 καθὰ
1005 4823 1067 4894 (f.
1088 4824 1249 4894 κατὰ)
1262 4825 1351 4878 τὸν
1372 4829 1671 4898 ποιήσαντα

130 4899 214 4965 μὲν
235 4901 482 4972 θεμέλιον
498 4947 511 4968 ,
545 4908 620 4980 μὴ
653 4910 1015 4983 πληρώσαντα
1039 4912 1095 4967 δὲ
1110 4915 1332 4985 οἴκημα.
1355 4917 1537 4987 Τούτῳ
1566 4918 1671 4987 γὰρ

128 4989 341 5045 ἐοίκασιν
377 4997 426 5048 οἰ
470 5000 604 5069 πρὸς
640 5000 901 5070 βασάνους
932 5005 1395 5077 αὐτομολήσαντες
1444 5010 1541 5078 μὲν
1584 5010 1669 5063 διὰ

129 5078 338 5150 Χριστὸν
378 5087 475 5139 καὶ
512 5090 676 5142 οἰονεί
707 5091 869 5145 καλὸν
919 5091 1136 5163 θέμενοι
1164 5093 1437 5164 θεμέλιον,
1474 5096 1547 5167 μὴ
1576 5097 1667 5148 δυ-

127 5172 355 5242 νηθέντες
382 5176 440 5229 δὲ
481 5178 764 5236 τελειῶσαι
793 5183 853 5236 τὸ
896 5184 1059 5239 καλὸν
1107 5186 1193 5239 διὰ
1241 5189 1338 5257 τὴν
1379 5188 1666 5242 ἔκπτωσιν.

128 5262 415 5333 Σήμ-ιιωσαι
465 5264 701 5334 οὖν,ὃτι
743 5275 863 5328 οὺδὶ
910 5278 943 5346 ή
994 5277 1084 5330 διὰ
1139 5278 1371 5347 Χριστὸν
1414 5279 1669 5349 ὁμολογία

128 5354 441 5428 ἀποκαθιστᾷ
471 5359 565 5413 τὸν
603 5364 748 5427 ᾶπαξ
791 5369 857 5418 ἐκ
898 5367 995 5420 τοῦ
1028 5369 1227 5440 κλήρου
1266 5369 1669 5437 ἀποξενωθέντα

128 5444 199 5498 διὰ
224 5450 319 5519 τὴν
349 5448 638 5504 ἔκπτωσιν.

186 5612 209 5641 ι
238 5600 366 5658 Luc.
397 5603 617 5668 ιιν,29,
649 5606 734 5659 50.

1775 4635 2013 4693 confessi
2044 4637 2284 4692 fuerint:
2310 4638 2402 4707 qui
2437 4637 2481 4690 si
2506 4652 2615 4691 non
2645 4642 3052 4700 convertantur,
3078 4636 3198 4705 plus
3217 4652 3345 4707 pro-

1775 4730 1861 4784 bri
1893 4740 1947 4784 et
1977 4728 2289 4799 ignominiaa
2312 4742 2475 4797 quam
2489 4743 2678 4781 omnes
2698 4727 3059 4797 susceperint,
3078 4727 3344 4799 quema-io

1775 4821 1994 4877 modum
2022 4829 2076 4876 et
2105 4821 2197 4890 qui
2227 4819 2355 4875 fecit
2385 4817 2824 4881 fundamentum,
2885 4818 3108 4872 domum
3160 4827 3344 4876 autem

1776 4928 1885 4967 non
1910 4912 2151 4983 perfecit.
2174 4910 2234 4964 Ei
2258 4910 2405 4967 enim
2439 4915 2569 4965 sunt
2596 4910 2823 4972 similes,
2851 4910 2944 4980 qui
2970 4909 3033 4965 ad
3072 4917 3343 4965 tormenta

1775 5004 1993 5074 quidem
2036 5012 2257 5072 propter
2310 5000 2591 5057 Christum
2644 4998 3026 5069 confugerunt,
3078 5007 3130 5052 et
3175 5002 3344 5055 veluti

1778 5095 2002 5163 pulchro
2024 5095 2172 5162 jacto
2221 5091 2597 5157 fundamento,
2634 5090 2686 5144 id
2715 5089 2859 5160 quod
2911 5090 3200 5145 honestum
3235 5101 3339 5152 est,

1777 5185 2034 5255 perficere
2056 5192 2277 5254 propter
2305 5184 2517 5254 lapsum
2544 5198 2651 5236 non
2686 5188 3002 5251 potuerunt.
3031 5180 3167 5237 Nota
3187 5196 3339 5251 ergo,

1776 5274 1917 5345 quod
1959 5288 2028 5329 ne
2072 5272 2349 5328 confessio
2381 5272 2597 5344 quidem
2624 5280 2843 5341 prOpter
2873 5272 3150 5329 Christum
3183 5274 3343 5327 resti—

1776 5373 1879 5420 tuit
1905 5381 2049 5430 eum,
2074 5364 2167 5436 qui
2194 5364 2361 5421 semel
2395 5378 2427 5418 a
2465 5363 2613 5417 clero
2646 5363 2985 5420 abalienatus
3013 5371 3098 5421 est
3118 5372 3342 5436 prepter

1774 5459 2007 5530 lapsum.

1404 5729 1630 5785 VARLE
1668 5727 2066 5785 LECTIONES.

215 5834 255 5865 ⁸’
286 5834 514 5889 τέθεεκε.

472 5931 742 5993 Parnm.
784 5932 900 5997 Gn.
950 5934 1179 5994 XVIII.

2896 5937 2974 5998 16
