4036 6320
708 380 804 435 491

1706 382 1764 438 S.
1807 382 2013 441 PETRI
2054 382 2523 439 ALEXANDR'NE
2565 381 2872 440 EPISCOPI

3855 392 3944 447 492

776 495 983 552 lonn.
1018 497 1093 552 De
1122 498 1190 553 iis
1215 499 1311 567 qui
1343 513 1403 553 se
1428 499 1572 553 ultro
1591 502 1842 573 martyrii
1865 501 2154 556 certamini
2183 502 2267 556 ob-

2455 500 2696 554 ΖΩΝΑΡ.
2740 502 2875 573 Περὶ
2916 502 3398 577 αὐτομολησάντων
3441 508 3523 569 είς
3570 505 3661 560 τὸν
3695 505 3789 559 τοῦ
3823 523 3943 577 μαρ-

702 589 953 661 ίθεετωιι
983 590 1197 645 locutus
1223 588 1405 655 Pater,
1461 607 1609 647 nunc
1652 592 1721 648 de
1752 594 1972 649 clericis
2017 594 2112 662 qui
2141 594 2281 647 idem

706 679 952 739 fecerunt
972 680 1272 737 orationem
1291 682 1532 737 instituit
1560 702 1571 739 :
1606 692 1770 754 atque
1800 684 2058 739 clericum
2090 684 2136 739 si
2158 686 2282 753 quis

703 790 764 831 se
793 775 937 830 ultro
989 773 1220 839 dedidit,
1267 790 1395 830 mox
1439 775 1551 830 vim
1600 782 2002 831 tormentorum
2059 776 2283 831 minime

704 866 982 936 perferens
1011 866 1198 934 lapsus
1232 874 1338 928 est.
1369 881 1438 921 ac
1469 881 1690 922 rursum
1710 883 1767 921 se
1802 868 1982 935 ipsum
2016 867 2281 938 colligens

703 959 882 1014 denuo
912 974 973 1012 se
997 957 1065 1011 ad
1097 964 1377 1013 certamen
1402 958 1596 1022 erexit,
1619 971 1683 1012 ac
1713 973 1773 1012 se
1786 956 2163 1013 Christianum
2188 973 2285 1013 co-

702 1068 822 1109 ram
844 1050 1093 1123 tyrannis
1124 1059 1210 1105 est
1234 1048 1535 1122 professus,
1568 1063 1678 1103 non
1708 1063 1833 1103 esse
1867 1048 2138 1118 ejusmodi
2184 1049 2282 1103 bo-

702 1142 904 1198 minem
943 1140 1011 1195 ad
1045 1156 1203 1196 sacra
1236 1139 1539 1197 ministeria
1569 1138 1807 1209 amplius
1856 1138 2277 1194 admittendum.

698 1236 1043 1307 Causamque
1069 1234 1353 1304 subiungit
1382 1252 1395 1287 :
1451 1231 1577 1303 quia
1610 1231 1873 1286 nimirum
1910 1229 2126 1287 Domini
2157 1246 2282 1303 gre-

698 1346 817 1402 gem
842 1328 1105 1394 deseruit,
1136 1342 1200 1383 ae
1232 1343 1303 1389 ex.
1336 1342 1402 1382 eo
1430 1326 1579 1397 quod
1625 1331 1825 1397 sponte
1860 1339 1921 1382 se
1949 1323 2155 1394 obiecit
2184 1324 2281 1379 bo-

699 1412 900 1489 stibu's,
937 1435 1115 1491 neque
1164 1425 1485 1475 constanter
1530 1425 1804 1473 tormenta
1835 1416 2085 1487 pertulit,
2127 1416 2283 1488 igno-

698 1513 924 1570 miniam
955 1513 1058 1568 sibi
1081 1512 1184 1583 ipsi
1209 1510 1541 1566 conciliavit.
1580 1507 1650 1565 Ut
1676 1517 1859 1564 autem
1883 1508 2071 1581 populi
2116 1509 2280 1564 insti-

699 1606 965 1661 tutionem
987 1609 1423 1669 contemnerent,
1457 1617 1724 1672 suamque
1738 1601 2035 1657 utilitatem
2065 1602 2278 1657 caneris

698 1700 955 1755 omnibus
984 1695 1341 1759 anteferrent.
1373 1710 1443 1749 ne
1475 1694 1707 1765 apostoli
1737 1694 1957 1765 quidem
2010 1692 2274 1749 fecerunt.

699 1794 927 1865 Magnus
974 1806 1211 1861 namque
1261 1788 1487 1855 Paulus,
1546 1803 1673 1845 cum
1722 1789 1925 1843 multos
1962 1788 2277 1858 pertulisset

2384 595 2569 663 τυρίου
2624 592 2841 662 ἀγῶνα,
2893 593 3189 665 διαλεχθεὶς
3220 598 3247 649 ὀ
3300 600 3525 671 Πατὴρ,
3568 600 3663 652 νεῖον
3709 598 3942 669 καὶπερὶ

2387 683 2661 754 κληρικῶν
2711 684 2968 737 τοιούτων
3000 685 3091 737 τὸν
3136 687 3292 755 λόγον
3325 694 3594 743 ποιεῖται·
3637 690 3732 742 καί
3778 705 3939 759 φησιν,

2383 775 2479 837 ὡς,
2516 776 2564 827 εἰ
2604 775 2862 847 κληρικδς
2902 776 3291 845 ηὐτομόλησεν,
3341 776 3459 833 εἶτα
3497 780 3575 851 μὴ
3626 782 3830 847 στέγων
3858 780 3939 841 τὰς

2394 864 2653 933 τιμωρίας
2682 866 3025 927 ἐκπέπτωκε,
3054 866 3146 919 καὶ
3174 863 3326 929 αὖθις
3355 870 3433 931 εἰς
3458 871 3651 922 ἑαυτὸν
3676 870 3939 941 γενόμενος

2384 954 2712 1007 ἀνεπαλαισε
2729 956 2825 1027 τὴν
2853 956 3057 1009 οἰκείαν
3078 956 3303 1018 πτῶσιν,
3324 957 3415 1009 καὶ
3434 959 3759 1027 Χριστιανὸν
3775 959 3937 1011 ἑαυτὸν

2382 1046 2730 1119 ὡμολόγησεν
2751 1046 2980 1100 ἐνώπιον
3000 1048 3108 1099 τῶν
3135 1049 3433 1119 τυράννων.
3456 1052 3484 1102 ὁ
3511 1049 3756 1114 τοιοῦτος
3782 1052 3940 1103 οὐκέτι

2382 1139 2441 1191 ὲν
2468 1141 2533 1209 τῇ
2559 1138 2869 1211 λειτουργίᾳ
2907 1139 3078 1192 ἔσται.
3106 1141 3215 1192 Καὶ
3257 1142 3355 1210 τὴν
3386 1141 3565 1194 αἰτίαν
3593 1142 3821 1209 ἐπάγει·
3860 1143 3939 1212 ἥδε

2382 1230 2561 1284 ἐστίν’
2592 1231 2673 1284 ὅτι
2703 1231 2961 1285 κατέλιπε
2993 1232 3053 1285 τὸ
3084 1233 3331 1303 ποίμνιον
3368 1233 3460 1286 τοῦ
3491 1235 3715 1305 Κυρίου,
3759 1237 3847 1289 καὶ
3865 1236 3947 1287 δια

2380 1324 2443 1377 τὸ
2472 1324 2843 1397 αὐτομολῆσαι
2884 1326 2980 1379 καὶ
3015 1325 3089 1399 μὴ
3142 1325 3478 1397 καρτερῆσαι
3529 1325 3628 1389 τὰς
3658 1326 3943 1395 βασάνους,

2383 1416 2576 1487 μῶμον
2610 1418 2981 1490 προσήνεγκεν
3006 1417 3198 1488 ἑαυτῷ.
3230 1417 3304 1470 Τὸ
3338 1415 3393 1471 δὲ
3422 1418 3836 1489 καταφρονῆσαι
3857 1418 3943 1488 τῆς

2379 1508 2727 1575 διδασκαλίας
2754 1511 2847 1564 τοῦ
2882 1510 3030 1577 λαοῦ,
3068 1513 3161 1564 καὶ
3192 1509 3628 1583 προτιμήσασθαι
3659 1510 3717 1562 τὸ
3750 1511 3942 1573 ἑαυτοῖς

2383 1601 2680 1673 συμφέρον,
2727 1603 2847 1657 οὐδὲ
2896 1604 2946 1655 ot
2998 1603 3281 1656 ἀπόστολοι
3325 1604 3711 1674 πεποιήκασιν.
3746 1603 3805 1655 Ὁ
3848 1601 3945 1671 γὰρ

2383 1693 2554 1762 μέγας
2588 1693 2820 1757 Παῦλος,
2854 1694 2989 1765 μετὰ
3027 1695 3089 1747 τὸ
3117 1695 3317 1757 πολλὰς
3347 1693 3611 1763 βασάνους
3653 1696 3941 1765 ὑπομεῖναι,

2382 1787 2723 1863 κατανοήσας
2753 1791 2997 1858 κρεῖττον
3032 1782 3169 1840 εἶναι
3200 1788 3289 1841 τὸν
3324 1786 3435 1858 βίον
3468 1787 3771 1853 ἀπολιπεῖν,
3826 1804 3944 1858 προ-

696 1884 999 1949 crueiatus,
1024 1883 1362 1951 sentiretque
1388 1880 1581 1935 utilius
1615 1894 1739 1939 esse
1769 1878 1873 1933 sibi
1908 1880 2077 1933 vitam
2109 1878 2267 1935 relin-

2382 1858 2680 1949 ετιμήσατο
2709 1852 2808 1950 ζῇν
2852 1881 2945 1933 καὶ
2994 1852 3379 1950 βασανίζεσθαι
3410 1879 3500 1932 διὰ
3543 1880 3641 1950 τὴν
3691 1852 3945 1949 σωτηρίαν

696 1993 890 2049 quere,
919 1984 979 2032 ut
1003 1975 1186 2045 populi
1222 1973 1384 2030 saluti
1437 1987 1502 2027 ac
1556 1970 1889 2026 institutioni
1943 1971 2276 2037 consuleret,

696 2071 863 2127 vitam
914 2067 1019 2122 sibi
1060 2081 1123 2121 ac
1165 2070 1435 2120 tormenta
1475 2062 1686 2133 potiora
1723 2061 1902 2117 duxit.
1953 2059 2195 2117 Promde
2224 2071 2281 2117 et

696 2174 893 2217 sensus
905 2156 1128 2213 omnino
1158 2162 1407 2226 expertes
1423 2170 1518 2210 eos
1546 2153 1909 2219 demonstrat,
1934 2154 2026 2225 qui
2057 2168 2276 2210 sacrum

696 2249 801 2305 sibi
832 2245 1200 2301 ministerium
1229 2242 1555 2313 deposcunt,
1585 2256 1616 2296 a
1647 2257 1759 2312 quo
1783 2244 2030 2298 volentes
2060 2242 2278 2312 ipsimet

693 2341 1033 2398 exciderunt.
1068 2336 1204 2391 Nam
1238 2351 1348 2406 quo
1381 2336 1563 2399 modo,
1622 2334 1838 2406 inquit,
1886 2335 1939 2390 id
1974 2336 2272 2405 postulant,

692 2435 839 2508 quod
897 2431 1189 2503 reliquere,
1216 2444 1342 2485 cum
1360 2426 1630 2498 ejusmodi
1657 2435 1919 2499 tempore,
1937 2428 2276 2483 excitataevi-

692 2528 887 2583 :lelicet
902 2524 1319 2597 persecutionis,
1333 2536 1531 2593 magno
1546 2520 1806 2576 fratribus
1823 2521 2137 2591 adiumento
2151 2534 2274 2576 esse

692 2622 961 2693 possent?
987 2618 1244 2685 Quandiu
1276 2618 1440 2689 igitur
1467 2631 1498 2669 a
1529 2617 1685 2687 lapsu
1715 2616 1987 2671 immunes
2014 2614 2270 2678 fuissent,

692 2714 905 2769 veniam
931 2712 1296 2767 obtinuissent
1326 2708 1559 2763 actionis
1614 2716 1819 2763 temere
1867 2715 2158 2777 susceptae,
2210 2723 2271 2763 se

693 2805 951 2859 nimirum
976 2801 1308 2859 adversariis
1323 2798 1467 2853 ultro
1497 2796 1784 2861 oﬂerendi,
1818 2797 1903 2853 vel
1935 2796 1991 2851 in
2008 2796 2268 2852 erudieno

691 2898 775 2954 dis
812 2896 1072 2951 fratribus
1090 2892 1373 2951 socordiae.
1394 2891 1532 2946 Cum
1562 2904 1695 2944 vero
1722 2888 2041 2953 ceciderint,
2068 2889 2271 2958 quippe

689 2990 785 3060 qni
809 3002 1090 3059 perperam
1106 2985 1335 3057 egerint,
1368 2996 1526 3037 sacra
1542 2979 1846 3035 ministeria
1865 2979 2018 3033 obire
2032 2979 2268 3049 amplius

688 3082 835 3138 haud
893 3080 1303 3153 permittuntur.
1342 3073 1402 3131 Si
1437 3089 1589 3145 ergo,
1629 3068 1826 3143 inquit,
1864 3070 2087 3125 minime
2121 3069 2266 3124 ceci-

2383 1970 2474 2022 καὶ
2514 1969 2861 2023 διδασκαλίαν
2903 1971 2997 2024 τοῦ
3031 1971 3177 2023 λαοῦ.
3216 1969 3324 2033 Οὓς
3370 1970 3466 2022 καὶ
3512 1969 3654 2022 πάνυ
3702 1968 3945 2039 ἀναισθή-

2380 2078 2505 2124 τους
2559 2062 2955 2131 ἀποφαίνεται,
2996 2061 3285 2135 αἰτοῦντας,
3323 2061 3420 2132 τὴν
3468 2061 3839 2132 λειτουργίαν,
3886 2057 3944 2132 ἧς

2378 2152 2653 2206 ἐθελονταὶ
2681 2154 3096 2209 ἑκπεπτώκασι.
3134 2154 3259 2216 Πῶς
3281 2153 3409 2224 γὰρ,
3440 2156 3629 2224 φησὶν,
3661 2154 3894 2206 αἰτοῦσιν
3918 2153 3943 2203 ὅ

2378 2245 2687 2307 κατέλιπον,
2734 2245 3023 2316 δυνάμενοι
3049 2248 3160 2309 τοῖς
3196 2245 3442 2314 ἀδελφοῖς
3484 2244 3771 2315 εὔχρηστοι
3818 2240 3944 2297 εἶναι

2374 2338 2433 2389 ἐν
2465 2336 2641 2407 καιῴ
2679 2336 2931 2408 τοιούτῳ,
2979 2334 3217 2407 διωγμοῦ
3264 2336 3501 2406 δηλαδή;
3535 2338 3682 2399 Ἕως
3724 2339 3819 2400 μὲν
3860 2333 3945 2390 οὖν

2374 2428 2662 2482 ἄπταιστοι
2694 2423 2853 2498 ἦσαν,
2890 2428 3218 2499 συγγνώμην
3252 2426 3394 2499 εἶχον
3427 2431 3524 2481 ἐπὶ
3552 2433 3616 2499 τῇ
3662 2429 3946 2499 παραλόγῳ

2374 2521 2555 2574 αὐτῶν
2599 2521 2816 2593 πράξει,
2861 2524 2926 2593 τῇ
2964 2522 3321 2593 αὐτομολήσει
3366 2522 3585 2593 δηλαδὴ,
3630 2523 3662 2592 ἢ
3708 2525 3772 2593 τῇ
3826 2525 3942 2589 περὶ

2371 2614 2433 2666 τὸ
2468 2614 2738 2667 διδάσκειν
2774 2614 2903 2676 τοὺς
2936 2613 3197 2683 ἀδελφοὺς
3230 2613 3503 2685 ῥαθυμία-
3551 2614 3637 2665 Et:
3668 2612 3721 2664 δὲ
3766 2612 3943 2664 ἐπται-

2374 2724 2492 2768 σαν,
2532 2706 2606 2769 ὡς
2641 2707 2705 2759 ἂν
2755 2708 3282 2778 περπερευσάμενοι,
3327 2706 3509 2759 οὐκέτι
3552 2704 3805 2758 δύνανται
3847 2704 3943 2755 λει-

2372 2800 2637 2869 τουργεῖν.
2683 2800 2745 2851 Εί
2782 2788 2879 2869 μὲν
2920 2796 3012 2852 οὖν
3052 2800 3113 2851 οὐ
3163 2797 3510 2859 πεπτώκασι,
3566 2798 3761 2867 φησὶν,
3808 2792 3940 2864 εἶχεν

2372 2890 2438 2943 ἂν
2492 2890 2820 2961 συγγνώμην
2878 2892 2971 2942 ἐπὶ
3016 2893 3081 2960 τῇ
3134 2889 3449 2960 παραλόγως
3492 2888 3670 2940 αὐτῶν
3719 2886 3934 2959 πράξει⁸

2372 2982 2677 3053 παράλογον
2715 2982 2910 3052 πρᾶξιν
2957 2982 3017 3034 οὐ
3048 2981 3108 3034 τὸ
3146 2980 3509 3051 αὐτομολῆσαι
3547 2981 3705 3050 μόνον
3749 2979 3936 3039 καλῶν,

2371 3077 2506 3129 ἀλλὰ
2545 3076 2742 3146 μᾶλλον
2775 3077 2834 3127 τὸ
2868 3077 3184 3127 καταλιπεῖν
3215 3075 3275 3127 τὸ
3316 3074 3561 3145 ποίμνιον
3589 3073 3683 3126 τοῦ
3721 3075 3939 3145 Κυρίου,

688 3177 920 3239 dissent,
954 3172 1167 3228 veniam
1194 3171 1580 3240 impetrassent
1611 3167 1681 3221 ob
1710 3168 1956 3235 ipsorum
1993 3178 2022 3215 a
2056 3164 2267 3217 ratione

2374 3168 2566 3238 καὶμὴ
2612 3167 2952 3238 παραμένειν
2992 3166 3136 3237 αὐτῷ
3172 3170 3263 3220 καὶ
3316 3167 3586 3237 στηρίζειν
3632 3168 3759 3229 τοὺς
3798 3165 3942 3217 ἀδελ-

686 3269 919 3323 alicnam
952 3264 1218 3319 actionem
1245 3280 1261 3328 ;
1307 3260 1579 3315 actionem
1609 3274 1639 3311 a
1672 3258 1881 3311 ratione
1911 3255 2141 3309 alienam
2172 3270 2265 3308 vo-

683 3378 839 3428 cans,
876 3377 986 3416 non
1019 3359 1196 3413 solum
1228 3354 1373 3426 quod
1407 3369 1465 3409 se
1493 3352 1749 3407 hostibus
1779 3348 2112 3411 dediderint,
2169 3347 2264 3403 sed

682 3455 865 3527 potius
893 3450 1039 3524 quod
1068 3448 1407 3505 deseruerint
1436 3460 1658 3529 gregem
1681 3441 1918 3502 Domini,
1958 3455 2060 3495 nec
2085 3440 2261 3508 ipsum

683 3545 1063 3610 custodierint,
1095 3558 1159 3597 ac
1197 3541 1395 3595 fratres
1422 3539 1516 3609 qui
1564 3534 1965 3606 persecutionis
2019 3542 2264 3601 tempore

686 3642 1023 3697 vexabantur
1044 3635 1445 3693 confirmarint.
1484 3630 1543 3686 Si
1572 3645 1702 3686 vero
1734 3629 2055 3685 ceciderunt
2089 3642 2155 3681 ex
2198 3639 2264 3681 eo

680 3737 825 3809 quod
849 3754 906 3792 se
937 3750 1223 3807 perperam
1260 3730 1555 3802 gesserint,
1598 3728 1913 3799 superbiam
1947 3727 2055 3789 hic,
2090 3740 2143 3780 et
2174 3740 2262 3779 ar-

681 3830 1019 3902 I'Ogantiam;
1068 3828 1168 3898 τὴν
1198 3821 1532 3895 περπερείαν
1586 3834 1810 3885 vocans,
1838 3817 1981 3887 quod
2011 3832 2074 3869 ex
2108 3830 2262 3868 arro-

680 3923 865 3995 gantia
898 3920 1150 3975 ﬁduciam
1178 3918 1230 3972 in
1266 3933 1325 3972 se
1365 3916 1500 3985 ipsis
1535 3928 1801 3984 posuere,
1860 3910 2261 3966 dissolt'erunt-

678 4030 787 4087 que
816 4020 1117 4077 certamen,
1150 4024 1212 4064 ac
1246 4025 1307 4065 se
1358 4009 1509 4078 ipsos
1539 4007 1921 4076 vituperarnnt
1954 4021 1969 4069 ;
2021 4002 2125 4054 hoc
2150 4008 2257 4062 est,

680 4107 787 4163 sibi
810 4106 944 4177 ipsis
978 4104 1247 4159 maculam
1280 4102 1352 4156 ob
1380 4103 1593 4173 lapsum
1633 4101 1983 4159 inusserunt,
2013 4096 2066 4149 in
2102 4108 2260 4149 sacro

678 4197 987 4255 ministerio
1018 4194 1226 4251 versari
1272 4193 1405 4262 ipsis
1455 4192 1691 4260 amplius
1742 4188 1886 4243 haud
1937 4187 2082 4241 licet.
2118 4184 2257 4238 Pro-

679 4299 863 4363 pterea
888 4288 1164 4351 studeant,
1192 4285 1387 4355 inquit,
1415 4284 1598 4354 potius
1622 4282 1675 4337 in
1706 4282 2013 4336 humilitate
2040 4277 2257 4333 confes—

676 4383 885 4436 sionem
912 4390 1194 4449 peragere,
1214 4381 1497 4429 cessantes
1519 4373 1772 4427 videlicet
1796 4372 1863 4426 ab
1885 4372 2033 4425 inani
2056 4368 2255 4440 gloria.

676 4470 831 4539 Quod
877 4469 1023 4524 enim
1075 4480 1233 4523 sacro
1277 4462 1582 4519 ministerio
1628 4462 1831 4517 ascribi
1873 4463 2170 4533 postulent,
2225 4473 2255 4511 a

2370 3262 2502 3329 φους
2544 3260 2927 3330 κλονουμένους
2958 3262 3013 3312 ἐν
3042 3259 3120 3329 τῷ
3153 3260 3329 3330 καιρῷ
3361 3258 3453 3311 τοῦ
3493 3259 3755 3328 διωγμοῦ.
3798 3260 3860 3311 Εἰ
3889 3258 3939 3311 ἃ

2372 3354 2717 3406 πεπτώκασιν
2748 3355 2810 3405 ἐκ
2848 3351 3180 3423 περπερείας
3205 3391 3218 3413 ,
3258 3352 3586 3422 περπερείαν
3628 3352 3672 3402 δ’
3716 3350 3941 3404 ἐνταῦθα

2366 3447 2462 3517 τὴν
2508 3446 2682 3516 οἴησιν
2736 3448 2827 3498 καὶ
2883 3444 2977 3513 τὴν
3024 3442 3337 3507 ἀλαζονείαν
3381 3442 3567 3496 καλεῖ·
3602 3443 3682 3495 ὅτι
3725 3442 3781 3508 ἐξ
3818 3442 3940 3494 ἁλα-

2366 3539 2573 3603 ζονείας
2608 3540 2916 3609 ἐθάρρησαν
2946 3539 3172 3598 ἑαυτοῖς,
3207 3537 3299 3587 καὶ
3331 3535 3418 3586 τὸν
3454 3534 3637 3602 ἀγῶνα
3670 3534 3943 3587 ὑπέλυσαν

2367 3632 2455 3682 καὶ
2489 3632 2713 3693 ἑαυτοὺς
2738 3630 3119 3699 ἐμωμήσαντο,
3163 3628 3279 3679 ἀντὶ
3320 3626 3434 3689 τοῦ,
3477 3626 3566 3679 διὰ
3597 3625 3696 3695 τὴν
3739 3625 3940 3678 πτῶπιν

2368 3724 2556 3794 μῶμον
2587 3726 2891 3794 ἐπήνεγκαν
2921 3724 3163 3783 ἑαυτοῖς,
3198 3720 3377 3772 οὐκέτι
3417 3718 3671 3772 δύνανται
3702 3719 3937 3788 λειτουρ-

2364 3822 2497 3887 γεῖν.
2534 3818 2624 3869 Διὸ
2667 3814 3118 3886 φροντιζὲτωσαν,
3155 3812 3320 3879 λέγει,
3367 3812 3563 3882 μᾶλλον
3600 3812 3654 3862 ἐν
3690 3828 3937 3863 ταπεινοο

2366 3910 2637 3980 φροσυνῃ,
2692 3909 2808 3971 πῶς
2851 3906 3190 3961 ὲκτελέσουσι
3238 3905 3337 3974 τὴν
3370 3904 3686 3973 ὁμολογίαν,
3739 3901 3934 3972 δηλαδὴ

2362 4000 2695 4070 παυσάμενοι
2750 3999 2848 4069 τῆς
2916 3995 3238 4059 κενοδοξίας.
3297 3994 3369 4046 Τὸ
3439 3992 3543 4063 γὰρ
3596 3991 3934 4061 λειτουργίαν

2360 4092 2561 4163 ζητεῖν,
2614 4090 2700 4165 δια
2747 4089 3080 4154 κενοὼξίαν,
3110 4087 3299 4155 ιφησὶ,
3335 4086 3560 4153 γίνεται.
3601 4086 3781 4153 Ἀρκεῖ
3830 4083 3933 4153 γὰρ

2360 4167 2540 4245 αὐτοῖς
2580 4184 2611 4251 ή
2657 4181 2910 4233 κοινωνία
2937 4217 2951 4240 ,
2997 4179 3165 4244 ἤγουν
3213 4177 3273 4228 τὸ
3330 4178 3708 4243 συγκοινι-ινεῖν
3754 4176 3931 4234 αὑτάς

2358 4275 2482 4337 τοὺς
2516 4276 2773 4335 πιστοὺς,
2815 4272 2932 4341 ἦτοι
2980 4267 3365 4339 συνεύχεσθαι,
3483 4269 3574 4319 καὶ
3616 4268 3721 4318 τῶν
3772 4266 3934 4319 (λείων

2362 4366 2673 4435 μυστηρίων
2728 4361 3045 4434 μετάληψις.
3096 4360 3204 4413 Καὶ
3253 4357 3425 4411 ταῦτα
3459 4357 3574 4427 μετ’
3617 4355 3929 4415 ἐπιστασίας

2359 4459 2453 4511 καὶ
2473 4456 2755 4528 ἀκριϐείας
2776 4455 3060 4525 γενόμενα,
3083 4452 3177 4504 καὶ
3199 4450 3285 4502 ἴνα
3311 4449 3384 4520 μὴ
3409 4449 3601 4514 δόξωσι
3624 4445 3925 4504 λυπείσῧαι,

674 4564 859 4623 studio
884 4559 1197 4617 ambitionis
1224 4556 1616 4637 proficiscitur.
1645 4553 1854 4609 Sufﬁcit
1869 4547 2255 4618 namqueipsis

2371 4548 2500 4619 μετὰ
2526 4550 2647 4620 βίας
2678 4546 3159 4619 περιδρασσὸμενοι
3188 4544 3285 4610 τῆς
3328 4541 3574 4594 ἐντεῦθεν
3603 4539 3924 4597 ἀναλύσεως.

673 4655 1011 4719 communio,
1035 4660 1092 4706 ut
1125 4666 1248 4705 cum
1272 4648 1407 4718 ipsis
1432 4648 1693 4702 nimirum
1725 4646 1910 4699 ﬁdeles
1944 4644 2253 4696 communi-

673 4756 819 4815 cent,
850 4762 915 4802 ae
943 4760 1050 4801 una
1078 4750 1368 4816 precentur
1388 4780 1402 4805 ,
1453 4741 1838 4795 velsacrorum
1866 4733 2249 4803 mysteriorum

674 4841 970 4914 perceptio.
1005 4842 1185 4907 Atque
1217 4836 1330 4889 haec
1359 4833 1579 4904 quidem
1630 4840 1785 4888 certo
1815 4832 2051 4887 consilio
2080 4829 2247 4884 scrin-

676 4937 833 5007 taque
864 4929 1342 4989 administratione
1372 4926 1507 4980 fiunt
1526 4967 1540 4991 ,
1573 4933 1689 4991 tum
1718 4941 1787 4980 ne
1814 4924 2103 4978 vidcantur
2131 4932 2250 4975 nio--

674 5028 827 5082 testia
882 5023 1051 5082 allici,
1092 5022 1219 5075 hinc
1265 5018 1682 5073 dissolutionem
1721 5018 1846 5071 vita:
1881 5017 2247 5085 arripientes,

673 5133 741 5172 ne
769 5115 977 5170 scilicet
1010 5110 1283 5172 molestia,
1315 5107 1511 5176 inquit,
1564 5106 1742 5161 affecti
1764 5146 1778 5170 ,
1812 5105 2081 5160 decedant
2134 5104 2250 5157 sol-

671 5218 881 5273 Vcntcs,
913 5223 940 5260 a
965 5219 1196 5276 corpore
1216 5200 1467 5256 videlicet
1501 5199 1885 5279 abscedentes,
1919 5199 1990 5251 ob
2015 5197 2121 5251 vim
2140 5205 2251 5249 tor-

671 5313 1003 5363 mentorum,
1058 5296 1581 5363 alllictationumqne
1617 5306 1755 5361 quas
1805 5291 1859 5344 in
1910 5304 2129 5345 carcere
2155 5302 2249 5356 pa-

668 5394 910 5457 tiuntur;
962 5404 1026 5443 ac
1052 5402 1122 5442 ne
1146 5387 1239 5457 qui
1269 5385 1681 5441 excusationem
1708 5379 2000 5451 pratferant
2031 5379 2249 5432 mulctzP.

2358 4643 2451 4695 καί
2493 4642 2577 4694 ἴνα
2607 4641 2680 4711 μὴ
2714 4638 3072 4709 λυπούμενοι,
3120 4636 3282 4705 φησὶν
3304 4675 3317 4696 ,
3349 4631 3657 4685 ἀπέλθωσιν
3687 4627 3925 4681 ἐντεῦθεν

2358 4736 2699 4799 ἀναλύοντες.
2727 4732 2946 4788 ἀπὸτοῦ
2981 4730 3229 4801 σώματος
3274 4726 3512 4795 δηλονότι
3564 4723 3922 4794 ἐξερχόμενοι,
3962 4786 3965 4789 _

2360 4829 2497 4900 μετὰ
2545 4829 2665 4900 βίας
2697 4830 2796 4899 τῆς
2844 4828 2908 4880 ἐκ
2949 4824 3053 4877 τῶν
3100 4822 3373 4875 κολάσεων
3425 4821 3516 4873 καὶ
3554 4819 3653 4885 τῆς
3704 4821 3757 4869 ὲν
3806 4816 3923 4874 ταῖς

2354 4924 2597 4993 εἱρκταῖς
2647 4919 3044 4982 κακοπαθείας·
3092 4919 3184 4970 καὶ
3228 4917 3313 4968 ἵνα
3363 4916 3437 4984 μή
3471 4929 3613 4975 τινες
3660 4908 3923 4980 πρὸφιΰιν

2357 5016 2525 5085 σχῶσι
2549 5015 2642 5067 τοῦ
2672 5012 2959 5083 ἐκλυθῆναι
2991 5010 3085 5063 καὶ
3111 5006 3449 5080 χαυνωθῆναι
3476 5004 3609 5076 πρὸς
3630 5004 3717 5055 τὸν
3742 4998 3920 5066 ἀγῶνα

2353 5108 2452 5174 τῆς
2476 5106 2793 5177 ὁμολογίας,
2836 5104 2927 5155 καὶ
2973 5101 3061 5155 διὰ
3097 5098 3254 5151 τοῦτο
3284 5097 3534 5150 ἐκπεσεῖν
3557 5134 3570 5155 ,
3612 5093 3708 5163 τὴν
3756 5087 3913 5142 ἐπιτί-

2358 5216 2539 5271 μησιν.
2579 5198 2787 5258 Οἴτινες
2840 5194 3039 5263 μᾶλλον
3082 5190 3549 5262 αἰσχυνθήσονται,
3596 5184 3732 5238 κατὰ
3774 5180 3832 5233 τὸ
3862 5180 3920 5231 ὲν

2354 5290 2706 5360 Εὑαγγελίοις
2738 5286 3054 5359 εἰρημένον·
3091 5287 3195 5351 Ὃς
3221 5282 3492 5353 θεμέλιον
3525 5282 3635 5333 οὐκ
3667 5279 3919 5345 ἷσχυσεν

2351 5381 2683 5435 ἐκτελέσαι.

665 5492 855 5560 hujus,
886 5486 956 5543 ob
978 5501 1142 5558 quant
1172 5486 1228 5539 in
1257 5480 1628 5538 confessionis
1662 5478 1967 5534 certamine
2006 5475 2312 5531 dissolutos
2336 5492 2399 5532 ac
2442 5480 2669 5549 ignavos
2721 5493 2780 5533 se
2836 5483 3147 5547 gesserunt,
3195 5481 3359 5543 atque
3410 5471 3533 5527 ideo
3588 5465 3913 5525 ceciderunt.

663 5582 768 5648 Qui
824 5579 1008 5650 potius
1059 5578 1259 5633 rubore
1296 5574 1700 5637 suﬂ‘undentur,
1746 5570 1902 5641 juxta
1936 5569 2066 5637 illud
2102 5568 2246 5640 qned
2285 5570 2338 5623 in
2371 5570 2663 5643 Evangelia
2693 5570 2894 5627 dicitur
2941 5588 2955 5626 :

662 5675 814 5746 prrﬁc
825 5688 929 5727 ere.

3010 5568 3114 5636 Qui
3158 5567 3554 5640 fundamentum
3602 5577 3705 5617 non
3752 5553 3917 5629 potui:
