4036 6320
144 398 236 453 ινδ

1367 398 1699 456 EPISTOLA
1737 396 2108 455 CANONICA.

3258 402 3361 459 494

156 517 544 587 Ἐπεξήτησις
592 520 886 589 φερομένη
944 521 1092 574 κατὰ
1155 519 1261 574 τοῦ
1322 520 1704 588 Μουζὼῑωνος

1808 516 2073 586 Digressio
2107 530 2223 585 qua:
2250 524 2361 568 tota
2396 512 2647 571 adversus
2688 514 3019 573 Musulanem
3051 520 3358 578 intenditur.

804 604 1024 644 απασα.

217 696 698 766 Ἑπτστησάτωσαν
722 698 781 751 δὲ
812 697 902 751 τὸν
933 699 1055 751 νοῦν
1091 700 1200 761 τοῖς
1231 699 1380 771 παρά
1411 700 1503 753 τοῦ
1541 701 1704 771 μεγά-

140 788 223 840 λου
261 788 418 841 τοῦδε
456 790 671 860 Πατρὸς
704 792 796 843 καὶ⁵
846 792 1232 862 ίερομάρτυρος
1278 794 1580 863 εἰρημένοις
1616 795 1702 845 ὲν-

138 878 305 933 ταῦθα
347 880 398 931 οἱ
443 880 691 950 λέγοντες
725 882 977 935 δύνασθαι
1022 882 1144 945 τοὺς
1190 884 1463 955 ἀρχιερεῖς
1512 902 1705 956 παραι-

136 968 341 1021 τεῖσθαι
386 970 485 1034 τὰς
513 972 802 1042 ἐκκλησίας
844 974 1039 1035 αὐτῶν,
1083 977 1177 1029 καὶ
1212 980 1584 1046 παρακρατεῖν
1608 977 1703 1047 τὴν

140 1060 453 1132 ἱερωσύνην.
488 1063 549 1115 Ei
576 1064 683 1134 γάρ
712 1066 759 1117 οἱ
800 1064 933 1136 πρὸς
957 1067 1239 1137 ὁμολογίας
1270 1068 1455 1135 ἀγῶνα
1491 1070 1705 1132 ἑκόντες

138 1152 471 1223 ὁρμήσαντες
528 1153 796 1227 κληρικοὶ,
831 1158 924 1210 καὶ
969 1158 1315 1223 κολασθέντες
1354 1163 1446 1214 καὶ⁵
1482 1162 1555 1232 μὴ
1595 1164 1705 1215 ἐπι-

141 1245 434 1314 μείναντες,
466 1246 601 1302 άλλά
625 1249 881 1313 ἐνδόντες,
918 1247 1034 1305 εἶτα
1058 1253 1519 1316 ἀναπαλαίσαντες
1554 1254 1705 1325 μόλις

137 1336 407 1403 ἀξιοῦνται
437 1338 782 1411 συγγνώμης,
809 1344 889 1407 είς
922 1342 983 1396 τὺ
1016 1343 1116 1415 τὴν
1136 1343 1474 1415 λειτουργίαν
1503 1344 1705 1399 ἀναδα-

136 1427 261 1481 λεῐν·
290 1430 437 1484 κατά
463 1430 555 1485 τὸν
589 1430 728 1485 θεῖον
752 1432 940 1486 τοῦτον
972 1434 1211 1507 Πατέρα,
1235 1434 1387 1488 οὐδὲν
1414 1435 1597 1505 ἕτερον
1621 1438 1707 1503 ὲγ-

136 1519 473 1591 καλούμενοι,
511 1523 547 1592 ἢ
582 1522 641 1575 τὸ
690 1523 1005 1577 καταλιπεῖν
1046 1522 1172 1587 τοὺς
1226 1524 1509 1593 ἀδελφοὺς.
1549 1524 1705 1578 δυνά-

138 1627 280 1679 μενοι
312 1612 497 1675 αὐτοτς
538 1615 598 1665 ὲν
631 1613 805 1683 καιρῷ
848 1612 1217 1683 περιστάσεως
1254 1614 1540 1685 εθχρηστοι
1568 1610 1704 1667 εἶναι

137 1705 209 1766 είς
234 1704 296 1756 τὸ
329 1704 605 1775 στηρίζειν
633 1706 848 1768 αὐτοὺς,
878 1706 970 1759 καὶ
996 1705 1167 1759 ταῦτα
1200 1707 1501 1778 μαρτυρίας
1538 1705 1703 1771 ἀξιω-

138 1793 329 1859 θένπς,
354 1797 447 1847 καὶ
470 1796 539 1849 τὰ
560 1798 828 1867 στίγματα
852 1798 944 1851 τοῦ
976 1797 1210 1869 Χριστοῦ
1236 1799 1293 1850 ἐν
1318 1802 1383 1870 τῇ
1414 1799 1575 1868 σαρκὶ
1604 1800 1704 1851 αὑ·-

1872 695 2142 764 Adjiciant
2172 708 2335 764 porro
2379 694 2617 748 animum
2665 696 2734 751 iis
2759 712 2878 766 qua:
2914 699 2984 753 ab
3033 699 3135 753 hoc
3166 713 3365 769 magno

1803 784 1983 848 Patre,
2014 800 2077 839 ac
2109 794 2297 839 sancto
2332 790 2569 854 martyre
2600 783 2703 837 hoc
2733 785 2852 839 loco
2879 788 3040 841 allata
3072 797 3223 853 sunt,
3264 791 3360 859 qui

1802 878 1991 932 dicunt
2019 878 2292 947 episcopis
2324 878 2487 931 licere
2530 876 2789 933 ecclesias
2819 894 2945 935 suas
2974 880 3269 945 dimittere,
3295 896 3363 937 ac

1802 969 2089 1022 sacerdotii
2121 968 2438 1036 dignitatem
2489 966 2746 1021 retinere.
2801 968 3010 1024 Etenim
3061 973 3107 1027 si
3147 973 3363 1029 clericis

1804 1059 1897 1128 qui
1921 1066 2113 1129 sponte
2143 1074 2201 1113 se
2233 1058 2519 1113 certamini
2545 1058 2909 1115 confessionis
2940 1063 3271 1132 objecerant,
3298 1080 3363 1119 ac

1803 1149 2087 1203 tormentis
2117 1147 2299 1203 affecti
2331 1149 2514 1203 minus
2544 1156 2861 1205 constanter
2890 1152 3234 1220 obstiterant,
3267 1155 3365 1211 sed

1805 1245 2091 1308 postquam
2137 1247 2439 1304 cesserant,
2470 1240 2527 1297 in
2573 1246 2846 1296 certamen
2883 1242 3235 1302 redeuntibus
3271 1246 3363 1300 vix

1804 1328 2123 1383 conceditur
2151 1329 2328 1393 venia,
2351 1329 2498 1400 quod
2545 1312 2763 1387 sacrum
2808 1333 3171 1389 ministerium
3212 1337 3366 1394 obire

1804 1418 2180 1487 distulissent;
2228 1434 2331 1477 nec
2356 1436 2424 1476 ex
2471 1422 2633 1491 hujus
2676 1424 2845 1478 divini
2878 1422 3058 1481 Patris
3094 1432 3366 1484 sententia

1804 1510 2100 1582 quidquam
2126 1511 2274 1566 aliud
2302 1514 2435 1581 ipsis
2465 1513 2744 1583 obiicitur,
2779 1532 2942 1586 quam
2979 1517 3126 1589 quod
3166 1517 3364 1575 fratres

1803 1602 2193 1667 deseruissent,
2226 1618 2349 1657 cum
2380 1604 2621 1660 adversis
2646 1622 2710 1661 ac
2748 1610 3077 1665 turbulentis
3107 1612 3367 1683 tempori-

1805 1694 1906 1750 bus
1937 1707 2159 1766 possent
2189 1697 2320 1765 ipsis
2356 1698 2411 1750 in
2458 1696 2561 1752 [ide
2589 1698 2975 1756 conﬁrmandis
3014 1717 3137 1758 esse
3165 1705 3361 1770 utiles;

1805 1781 1967 1853 idque
1996 1800 2119 1839 cum
2172 1794 2226 1839 et
2254 1785 2400 1854 digni
2440 1785 2612 1839 habiti
2661 1796 2845 1843 essent
2872 1789 2963 1857 qui
2996 1793 3362 1848 testimonium

137 1885 236 1937 τῶν
282 1888 703 1957 περιφέροντες·
755 1889 871 1954 πῶς
921 1875 1208 1962 ἀρχιερεὺς
1247 1890 1339 1943 καὶ
1385 1889 1603 1960 ποιμὴν,
1643 1890 1702 1953 ὃς

1804 1875 2149 1943 perhiberent
2176 1874 2321 1939 ﬁdei,
2352 1883 2404 1930 et
2437 1875 2693 1947 stigmata
2741 1878 2945 1936 Christi
2972 1883 3027 1936 in
3067 1898 3168 1939 sua
3197 1899 3364 1942 carne

138 1972 327 2039 ὀφείλει
351 1975 559 2030 τιθέναι
582 1977 679 2048 τὴν
706 1977 881 2049 ψυχὴν
910 1980 1047 2051 ὑπὲρ
1072 1980 1179 2032 τῶν
1212 1978 1513 2048 προϐάτων,
1537 1995 1701 2031 κατα-

138 2062 298 2118 λιπὼν
324 2067 423 2137 τὴν
453 2068 905 2138 ἐμπιστευθεῖσαν
930 2072 1161 2141 ποίμνην
1193 2068 1359 2140 αὐτῷ,
1388 2069 1480 2123 καὶ
1503 2086 1701 2142 παραι-

139 2158 430 2228 τησάμενος
468 2161 570 2231 τὴν
612 2163 780 2231 αὐτῆς
819 2163 1072 2233 φροντίδα
1113 2164 1207 2217 καὶ
1246 2161 1578 2233 ἐπιμέλειαν,
1606 2159 1703 2216 καὶ

139 2250 249 2301 ὅσον
296 2251 357 2302 τὸ
406 2254 529 2304 κατ’
570 2254 731 2307 αὐτὸν
773 2259 883 2318 τοῖς
926 2255 1107 2319 λύκοις
1139 2256 1338 2326 ταύτην
1372 2242 1698 2316 ἐκδεδωκὼς,

139 2340 447 2410 ἀντέχεσθαι
478 2343 575 2413 τῆς
604 2344 937 2415 λειτουργίας
960 2345 1165 2409 δίκαιος
1186 2344 1584 2416 λογισθήσεται,
1610 2343 1701 2395 καὶ

138 2431 191 2481 οὗ
228 2430 422 2509 μᾶλλον
479 2433 792 2503 βαρυτάτων
836 2437 1122 2505 ἐπιτιμίων
1166 2436 1482 2507 κριθήσεται
1532 2432 1699 2498 ἄξιος,

139 2526 216 2579 διὰ
248 2531 343 2600 τὴν
384 2530 479 2582 τοῦ
527 2528 871 2591 ἀνατεθέντος
916 2529 1062 2598 αὑτῷ
1110 2530 1237 2583 λαοῦ
1282 2531 1699 2601 Δἐγκατάλειψιη

150 2618 299 2671 Ἀλλά
324 2621 418 2672 καὶ
442 2621 609 2689 γέρας
640 2619 777 2690 ὑπὲρ
821 2619 1020 2689 ταύτης
1047 2622 1279 2691 αἰτήσει,
1306 2623 1339 2693 ἢ
1379 2624 1575 2691 μᾶλλον
1608 2624 1703 2676 αὺ-

140 2707 420 2780 τὺςέαυτῷ
454 2710 712 2780 παρέξει’
752 2711 814 2762 τὸ
863 2710 960 2779 μὲν
1005 2711 1170 2763 κόπον
1223 2712 1513 2782 πριλξενοῦν
1556 2713 1702 2784 αὐτῷ

142 2802 581 2871 παραιτούμενος,
615 2801 712 2869 τὴν
740 2792 1081 2856 διδασκαλίαν
1124 2804 1265 2873 φημὶ
1313 2806 1405 2857 καὶ
1452 2806 1549 2876 τὴν
1593 2806 1703 2858 τῶν

143 2895 515 2965 σεραλλομένων
542 2895 842 2967 διόρθωσιν,
868 2896 925 2948 τὸ
962 2896 1017 2949 δὲ
1050 2896 1202 2959 δόξαν
1238 2898 1331 2950 καὶ
1360 2900 1520 2969 τιμὴν
1547 2916 1702 2972 περι-

142 2988 317 3043 ποιοῦν
364 2989 774 3060 παρακατέχων,
824 2989 916 3040 καὶ
960 2987 1344 3058 οίκειούμενος,
1396 2990 1488 3042 καὶ
1516 2992 1701 3043 τούτου

142 3083 298 3155 ἀπρὶξ
329 3082 602 3154 ἐχόμενος,
628 3081 722 3134 καὶ
758 3080 920 3150 μηδὲν
952 3080 1357 3151 μεθιστάμενος.
1391 3083 1452 3135 Εἰ
1479 3084 1586 3153 γάρ
1612 3084 1703 3136 ἐπὶ

142 3173 401 3245 κληρικῶν
458 3173 764 3243 παράλογος
806 3172 1094 3242 ὠνομάσθη
1138 3172 1350 3241 πρᾶξις,
1389 3173 1448 3224 τὸ
1490 3174 1701 3230 καταλι-

144 3268 255 3317 πεῖν
274 3267 361 3318 τὸν
405 3266 551 3325 λαὸν,
585 3266 680 3316 καὶ
719 3264 853 3333 πρὸς
886 3262 974 3315 τὸν
1004 3262 1141 3332 ὑπὲρ
1163 3261 1439 3325 εὐσεϐείας
1474 3263 1702 3333 αὐτομο-

143 3355 288 3424 λῆσαι
317 3356 499 3423 ἀγῶνα
518 3373 531 3385 ·
560 3356 711 3425 πόσῳ
738 3354 897 3407 πλέον
922 3352 1370 3423 παραλογώτερον
1397 3354 1461 3406 ἂν
1489 3354 1699 3426 κριθείη

146 3446 230 3497 ἐπὶ
273 3448 568 3500 ἐπισκόπου
613 3446 998 3508 καταλιπόντος
1052 3443 1143 3497 τὸν
1187 3447 1385 3497 οίκεῖον
1415 3445 1560 3505 λαὸν,
1606 3447 1701 3499 καὶ

146 3536 200 3587 οὐ
230 3537 359 3605 πρὸς
401 3536 588 3604 ἀγῶνα
639 3534 957 3605 χωροῦντος,
1014 3533 1146 3606 πρὸς
1189 3533 1467 3605 ῥᾳστώνην
1510 3534 1565 3587 δὲ
1611 3536 1701 3588 καὶ

148 3627 448 3689 ἀνάπαυσιν,
467 3627 562 3680 καὶ
582 3626 875 3697 φροντίδων
902 3626 1038 3695 ὑπὲρ
1059 3624 1323 3694 ὡφελείας
1351 3625 1537 3695 ψυχῶν
1571 3626 1702 3679 ἀπό-

148 3716 281 3771 θεσιν
307 3721 398 3772 καὶ
422 3718 751 3788 άπόδρασιν;
778 3718 887 3771 Καὶ
918 3720 946 3770 ὁ
971 3724 1044 3782 ις’
1072 3717 1127 3769 δὲ
1154 3716 1331 3771 κανὼν
1350 3719 1449 3788 τῆς
1471 3717 1700 3789 ἑϐδόμης

148 3812 508 3882 οἰκουμενικῆς
557 3812 770 3864 συνόδου
814 3811 1009 3882 πολλὴν
1042 3811 1366 3880 ἀϐελτηρίαν
1413 3804 1704 3883 κατηγορεῖ

148 3900 243 3953 τῶν
272 3902 648 3973 ψηφιζομένων
671 3902 924 3955 δύνασθαι
974 3903 1099 3965 τοὺς
1150 3904 1425 3972 ἀρχιερεῖς
1464 3903 1559 3966 τὰς
1594 3905 1704 3954 ἐπι-

149 3995 340 4057 σκοπάς
362 3995 759 4064 παραιτεῖσθαι,
785 3996 882 4064 τὴν
904 3997 959 4049 δὲ
990 3998 1030 4048 ίε
1042 3996 1286 4066 ρωσύνην
1312 4001 1697 4067 παρακρατεῖν.

152 4087 203 4138 Ei
227 4089 326 4158 γάρ
348 4090 485 4143 κατά
513 4090 606 4142 τὸν
629 4092 911 4161 εἰρημένον
940 4093 1136 4146 κανόνα
1165 4096 1192 4145 ὀ
1215 4094 1527 4157 ἐπίσκοπος,
1564 4095 1702 4166 ὑπὲρ

150 4176 201 4228 τὸ
230 4178 482 4249 ἑξάμηνον
517 4180 616 4249 τῆς
648 4182 854 4245 οἰκείας
890 4182 1243 4254 ἀποδημήσας
1285 4185 1585 4253 ἐπισκοπῆς
1615 4184 1702 4255 [ἂν

152 4267 239 4339 μὴ]
274 4272 394 4340 μιᾶς
430 4270 540 4323 τῶν
574 4272 1043 4344 ἀπηριθμημένων
1080 4276 1138 4327 ἐν
1176 4274 1322 4345 αὑτῷ
1370 4276 1576 4340 αίτιῶν,
1609 4278 1703 4330 καὶ

148 4362 235 4429 τῆς
263 4366 558 4435 ἐπισκοπῆς
589 4366 685 4419 καὶ
717 4367 811 4437 τῆς
855 4367 1261 4438 ἀρχιερωσύνης
1304 4370 1578 4434 ἐκπίπτει,
1610 4372 1702 4423 καὶ

150 4450 331 4519 ἀμφοῖν
353 4454 707 4525 ἠλλοτρίωται
726 4472 738 4485 ·
768 4455 882 4517 πῶς
905 4458 934 4508 ὁ
958 4458 1425 4526 παραιτησάμενος
1455 4458 1552 4528 τὴν
1586 4460 1703 4511 ἐπι-

153 4546 357 4615 σκοπὴν,
380 4548 475 4599 καὶ
500 4546 881 4616 ἀπαγορεύσας
914 4547 1104 4617 μηκέτι
1136 4546 1438 4616 ποιμαίνειν
1462 4547 1522 4600 τὸ
1540 4549 1701 4617 ἐμπι-
1734 4552 1776 4605 D

152 4636 348 4691 στευθὲν
400 4638 553 4707 αὐτῷ
608 4639 876 4708 ποίμνιον,
907 4640 998 4691 καὶ
1046 4637 1143 4707 τῆς
1188 4637 1376 4690 τούτου
1428 4639 1701 4709 φροντίδος

151 4723 229 4779 διὰ
257 4727 365 4797 βίου
398 4731 835 4800 καταφρονήσας,
866 4730 949 4800 εἴη
992 4728 1056 4782 ἂν
1098 4728 1414 4801 ἁρχιερεύς;
1453 4731 1514 4782 El
1542 4730 1648 4801 γὰρ
1674 4735 1703 4784 ὁ

152 4814 206 4867 τὸ
226 4812 374 4888 ἦττον
402 4821 749 4889 ἁμαρτάνων,
781 4820 841 4873 τὸ
872 4821 962 4872 ἐπὶ
1002 4820 1159 4873 πλέον
1195 4819 1542 4890 ἑξαμηνιαῖον
1585 4838 1703 4874 και-

158 4905 237 4975 ροῦ
273 4911 585 4963 καταλιπεῖν
632 4912 721 4964 τὸν
775 4913 864 4965 ὑπ’
901 4911 1060 4964 αὐτὸν
1106 4911 1231 4964 λαὸν
1276 4911 1605 4981 άποίμαντόν
1644 4929 1702 4963 τε

156 5000 595 5071 καὶάτημέλητον,
618 5002 885 5056 ἐκπτώσει
931 5005 1023 5056 καὶ
1048 5004 1144 5072 τῆς
1170 5001 1472 5073 ἐπισκοπῆς
1501 5004 1592 5055 καὶ
1606 5003 1703 5073 τῆς

158 5090 429 5164 ἱερωσύνης
454 5096 743 5163 ἀφίσταται
781 5114 792 5126 ·
823 5100 850 5150 ὁ
880 5093 939 5150 τὸ
964 5095 1156 5167 μᾶλλον
1188 5096 1279 5147 καὶ⁷
1320 5096 1379 5148 τὸ
1404 5095 1706 5148 πολλαπλά-

156 5197 254 5233 σιον
287 5183 640 5253 πλημμελῶν,
689 5187 749 5238 τὸ
793 5188 856 5240 δι’
887 5188 1005 5240 ὅλου
1040 5187 1354 5240 καταλιπεῖν
1398 5185 1463 5237 τὰ
1502 5186 1701 5256 πλήθη,

156 5270 281 5341 ἅπερ
312 5274 457 5343 αὐτῷ
484 5277 797 5329 ἐπισκοπεῖν
826 5295 883 5330 τε
908 5279 998 5330 καὶ
1024 5280 1154 5348 ὀρᾷν
1179 5279 1211 5346 ἡ
1239 5276 1332 5329 τοῦ
1363 5277 1501 5329 θείου
1533 5278 1707 5330 Πνεύο

161 5382 307 5432 ματος
348 5368 505 5438 χάρις
552 5368 791 5431 ἀνέθετο,
846 5369 1042 5439 μᾶλλον
1076 5369 1139 5421 ἂν
1189 5368 1274 5437 εἴη
1321 5369 1526 5431 δίκαιος
1575 5381 1705 5434 σφο-

157 5452 380 5526 δρὸτερον
411 5454 858 5522 κολασθήσεσθαι,
892 5457 984 5508 καὶ
1035 5454 1253 5524 μείζονα
1301 5452 1565 5523 τιμωρίαν
1603 5453 1704 5520 ὑφ·-

160 5541 282 5607 ἐξειν
299 5546 395 5615 τῆς
410 5548 533 5600 ὅσον
562 5544 650 5596 ἐπ’
674 5544 865 5613 ἐκείνῳ
890 5546 1158 5608 ἀπωλείας
1190 5543 1460 5613 ποιμνίου,
1495 5537 1552 5594 οὗ
1582 5560 1705 5611 προ-

161 5638 406 5707 εχειρίσθη
439 5636 636 5707 ποιμὴν
664 5635 813 5707 παρά
835 5636 926 5688 τοῦ
973 5636 1185 5708 πρώτου
1211 5637 1305 5689 ml.
1338 5634 1567 5704 μεγάλου
1604 5636 1704 5703 ἁρ-

161 5728 364 5801 χιιρέως
382 5731 471 5783 καὶ
502 5727 905 5802 ἀρχιποιμὲνος.
932 5729 993 5779 Οἱ
1022 5728 1079 5780 δὲ
1109 5727 1203 5780 καὶ
1229 5729 1394 5797 γέρας
1429 5725 1577 5796 αὐτῷ
1612 5726 1705 5777 καὶ

169 5819 488 5895 epotaque;
522 5819 901 5892 παραιτήσεως
934 5816 1383 5887 ἐπιψηφιζόμενοι
1424 5816 1521 5885 τὴν
1552 5817 1705 5886 ἱερω-

1800 1965 2213 2020 circumferrent
2243 1986 2256 2020 :
2288 1981 2525 2036 quonam
2558 1968 2720 2023 modo
2750 1984 3001 2028 summus
3030 1974 3289 2031 sacerdos
3309 1986 3365 2032 et

1800 2068 2006 2127 pastor,
2038 2059 2130 2128 qui
2177 2074 2276 2128 pro
2317 2061 2509 2115 ovibus
2544 2060 2703 2116 debet
2733 2065 2969 2118 animam
3002 2080 3226 2135 ponere,
3267 2069 3363 2123 de-

1802 2159 1948 2202 serto
1979 2164 2139 2219 grege
2178 2150 2280 2204 sibi
2320 2155 2636 2220 commisso,
2672 2157 2899 2227 ejusque
2940 2172 3071 2213 cura
3100 2169 3155 2215 et
3184 2160 3362 2215 admi-

1803 2240 2127 2296 nistratione
2169 2243 2471 2311 repudiata,
2508 2256 2562 2301 et
2593 2256 2855 2316 quantum
2894 2250 3114 2319 quidem
3155 2253 3209 2307 in
3240 2254 3361 2327 ipso

1801 2342 1884 2387 est
1910 2348 1976 2387 eo
2002 2334 2141 2403 lupis
2168 2335 2403 2403 prodito,
2440 2337 2633 2407 dignus
2659 2341 2933 2408 putabitur
2959 2343 3051 2412 qui
3083 2346 3226 2399 sacri
3258 2347 3361 2399 mi-

1803 2427 2015 2479 nisterii
2069 2425 2387 2496 dignitatem
2446 2433 2713 2492 retineat,
2762 2446 2823 2486 ac
2861 2449 2970 2488 non
3021 2437 3361 2503 gravissimis

1802 2518 1984 2586 potius
2014 2520 2190 2587 poenis
2218 2520 2363 2587 quod
2395 2522 2497 2574 sibi
2520 2523 2954 2578 commendatum
2984 2529 3241 2595 populum
3264 2530 3361 2584 de-

1802 2608 2057 2672 seruerit,
2092 2609 2440 2666 mulclandus
2468 2626 2591 2667 esse
2613 2613 2982 2681 judicabitur?
3013 2616 3155 2681 Quin
3180 2620 3362 2687 potius

1802 2699 1871 2751 ob
1902 2714 2021 2754 eam
2066 2717 2181 2754 rem
2218 2706 2501 2772 praemium
2544 2705 2821 2776 deposcet,
2854 2710 2962 2761 imo
2995 2710 3097 2763 sibi
3133 2710 3364 2780 ipsemet

1803 2789 2203 2859 suppeditabit;
2247 2795 2390 2864 quod
2416 2796 2632 2865 quidem
2677 2794 2911 2853 laborem
2943 2800 3048 2869 ipsi
3077 2800 3233 2855 all‘ert
3274 2818 3363 2856 re-

1804 2894 2025 2945 cusans,
2082 2881 2310 2939 docendi
2357 2886 2609 2941 videlicet
2660 2904 2857 2945 munus
2901 2891 3142 2961 vitiaque
3188 2894 3363 2946 corri-

1804 2971 1999 3041 gendi;
2048 2973 2193 3041 quod
2219 2988 2349 3028 vero
2382 2976 2610 3045 gloriam
2651 2992 2715 3032 ac
2747 2978 2913 3032 decus
2947 2980 3203 3034 conciliat
3247 2997 3364 3035 am-

1803 3066 2065 3133 plectens,
2100 3065 2312 3136 sibique
2362 3068 2658 3133 asciscens,
2708 3072 3090 3141 mordicusque
3136 3073 3191 3127 id
3234 3076 3364 3128 reti-

1805 3170 1962 3219 nens,
2009 3172 2187 3226 neque
2217 3158 2300 3211 vel
2328 3160 2600 3215 tantillum
2649 3162 2953 3218 remittens.
2993 3163 3050 3218 Si
3081 3166 3226 3220 enim
3272 3167 3364 3219 ubi

1802 3246 1869 3301 de
1899 3247 2115 3302 clericis
2155 3256 2239 3304 est
2286 3266 2486 3314 sermo,
2525 3253 2668 3307 actio
2714 3254 2911 3311 rationi
2952 3258 3156 3311 absona
3189 3258 3365 3312 nomi-

1800 3343 1926 3389 nata
1956 3338 2026 3391 sit
2050 3336 2299 3392 deserere
2340 3341 2618 3409 populum,
2653 3349 2813 3411 atque
2842 3344 2909 3396 ad
2943 3353 3216 3400 certamen
3247 3348 3364 3416 pie-

1799 3425 1928 3479 tatis
1959 3440 2125 3479 causa
2170 3429 2587 3496 transmigrare;
2628 3440 2837 3499 quanto
2880 3432 2930 3484 id
2974 3433 3145 3503 magis
3190 3451 3220 3488 a
3273 3450 3362 3489 ra-

1800 3516 1947 3571 tione
1979 3517 2215 3571 alienum
2261 3520 2316 3572 in
2353 3521 2608 3590 episcopo
2641 3522 2996 3589 judicabitur,
3043 3525 3135 3593 qui
3188 3542 3360 3596 popu-

1802 3608 1913 3662 lum
1940 3625 2099 3663 suum
2139 3610 2361 3673 deserit,
2395 3628 2505 3665 non
2535 3621 2597 3667 ut
2628 3613 2694 3665 ad
2721 3623 2993 3670 certamen
3024 3616 3231 3681 tendat,
3266 3621 3359 3673 sed

1802 3704 1862 3750 ut
1890 3700 2057 3768 quieti
2082 3714 2139 3755 se
2176 3684 2239 3754 ac
2280 3701 2587 3755 remissioni
2616 3703 2818 3764 tradat,
2850 3718 3120 3775 curasque
3146 3722 3244 3775 pro
3273 3725 3361 3761 sa-

1805 3794 1917 3849 lute
1947 3793 2250 3846 animarum
2279 3793 2514 3862 deponat
2538 3808 2601 3847 ac
2627 3793 2867 3864 effugiat.
2894 3794 3147 3851 Decimus
3174 3809 3362 3854 sextus

1804 3901 2021 3956 quoque
2051 3900 2227 3939 canon
2275 3885 2517 3953 septimae
2550 3887 2900 3939 (ecumenira:
2939 3887 3152 3957 synodi,
3184 3889 3363 3942 stulti-

1807 3980 1897 4032 tia!
1921 3977 2157 4047 graviter
2190 3985 2409 4031 accusat
2432 3992 2527 4031 eos
2555 3976 2647 4046 qui
2681 3978 2747 4031 ab
2770 3978 3048 4048 episc0po,
3080 3981 3365 4049 repudiato

1805 4071 2145 4139 episcopatu,
2172 4069 2313 4123 sacri
2334 4068 2619 4122 ministerii
2642 4068 2955 4137 dignitatem
2974 4072 3366 4141 retineriposse

1804 4163 2121 4215 decernunt.
2161 4158 2217 4213 Si
2256 4175 2490 4229 namque
2522 4175 2588 4212 ex
2618 4160 2842 4215 canonis
2889 4160 3038 4213 allati
3070 4164 3361 4226 sententia,

1803 4252 2091 4321 cpiscopus
2121 4252 2214 4320 qui
2244 4252 2383 4303 ultra
2418 4258 2677 4304 semestre
2709 4257 2924 4320 tempus
2962 4268 2992 4305 a
3025 4267 3125 4307 suo
3150 4253 3365 4323 episco-

1804 4354 1930 4415 patu
1966 4344 2221 4407 abfuerit,
2256 4343 2359 4397 nisi
2396 4356 2505 4395 una
2552 4343 2732 4411 aliqua
2761 4358 2827 4397 ex
2871 4344 2938 4399 iis
2975 4360 3094 4414 quae
3141 4346 3212 4399 ibi
3261 4361 3364 4399 nu-

1805 4445 2107 4499 merantur,
2160 4451 2325 4489 causa
2383 4435 2782 4493 intercesserit,
2832 4444 2885 4489 et
2943 4439 3261 4507 episcopatu
3308 4446 3362 4492 et

1806 4524 2003 4578 summi
2027 4524 2317 4577 sacerdotii
2349 4522 2612 4594 dignitate
2641 4524 2864 4587 excidit,
2906 4539 2969 4579 ac
2998 4533 3229 4595 utroque
3250 4529 3365 4596 pri.

1806 4627 1962 4669 vatur
1989 4635 2000 4670 :
2028 4632 2261 4685 quonam
2293 4619 2453 4671 modo
2485 4620 2577 4688 qui
2620 4617 2924 4687 repudiavit
2967 4619 3364 4688 episcopatum,

1805 4710 2178 4779 creditumque
2206 4710 2307 4764 sibi
2335 4727 2550 4781 gregem
2579 4711 2757 4764 adhuc
2778 4725 2999 4779 pascere
3018 4713 3238 4765 omnino
3266 4712 3365 4766 ab-

1805 4800 1943 4867 nuit,
1975 4803 2202 4871 ejusque
2231 4819 2416 4857 curam
2451 4804 2640 4859 inertis
2667 4806 2789 4858 vitm
2822 4804 3003 4859 studio
3041 4804 3361 4867 contemnit,

1806 4895 1984 4949 adhuc
2022 4898 2077 4950 in
2110 4900 2490 4967 episcoporum
2530 4911 2760 4951 numero
2798 4896 3122 4950 habebitur?
3148 4895 3361 4950 Etenim

1807 4987 1851 5039 si
1885 4988 1978 5055 qui
2016 4987 2198 5042 minus
2239 4987 2525 5056 delinquit,
2569 4996 2628 5041 ut
2677 4988 2815 5040 ultra
2847 4994 3109 5041 semestre
3150 4994 3366 5056 tempus

1807 5080 2106 5143 subiectum
2159 5081 2261 5134 sibi
2306 5080 2560 5149 populum
2602 5079 2833 5147 pastoris
2876 5093 3008 5132 cura
3042 5086 3095 5132 et
3132 5077 3366 5133 admini-

1807 5172 2066 5224 stratione
2097 5171 2418 5225 destitutum
2463 5169 2753 5239 relinquat,
2788 5171 3139 5239 episcopatus
3183 5176 3238 5223 et
3276 5184 3366 5223 sa—

1806 5278 1911 5317 crte
1937 5262 2218 5331 dignitatis
2248 5262 2600 5331 privationem
2626 5262 2888 5327 incurrit;
2920 5263 3013 5331 qui
3044 5262 3096 5314 in
3134 5275 3197 5314 eo
3217 5262 3361 5329 quod

1806 5353 1983 5422 majus
2023 5360 2077 5407 et
2115 5354 2302 5408 multis
2348 5353 2592 5424 partibus
2639 5354 2860 5423 gravius
2906 5356 3257 5421 estppcecat,
3306 5360 3365 5404 ut

1808 5447 2209 5501 multitudinem
2234 5463 2397 5517 quam
2417 5449 2520 5517 ipsi
2549 5446 2844 5501 curandam
2875 5455 2927 5501 et
2948 5442 3361 5499 custodiendam

1808 5537 1978 5592 sancti
2022 5535 2258 5605 Spiritus
2299 5537 2472 5606 gratia
2518 5535 2811 5596 commisit,
2856 5534 3079 5587 omnino
3116 5531 3363 5592 deserat;

1807 5629 2000 5682 merito
2030 5629 2187 5698 plane
2228 5628 2483 5696 punietur
2509 5626 2905 5683 vehementius,
2952 5621 3366 5692 graviorcmque

1806 5735 2020 5789 pccnam
2052 5720 2344 5790 persolvet,
2371 5719 2586 5789 perditi,
2618 5716 2761 5787 quod
2791 5718 2845 5770 in
2880 5716 2996 5785 ipse
3026 5720 3131 5773 est,
3163 5725 3361 5781 gregis.

1806 5814 1963 5882 cujus
1990 5813 2103 5882 ipse
2131 5823 2315 5882 pastor
2337 5827 2366 5865 a
2396 5812 2660 5882 primario
2693 5810 2786 5864 illo
2808 5824 2871 5863 ac
2900 5820 3155 5877 supremo
3180 5816 3368 5859 sacer-
