4036 6320
146 405 236 460 891
1358 387 1694 447 EPISTOLA
1729 385 2097 444 CANONICA.

3252 385 3357 442 498

143 521 368 589 νάμενοι,
403 518 522 588 ἦτοι
569 513 645 585 μὴ
688 510 1066 572 τελειώσαντες
1116 505 1176 561 τδ
1225 505 1418 560 καλόνο
1469 502 1704 560 νῦνοκαι

1806 508 2045 557 mentum
2076 505 2277 555 tectum
2297 513 2514 589 quoque
2539 499 2942 565 fabricaverint,
2967 513 3065 556 seu
3085 499 3233 570 quod
3260 500 3360 558 bo-

143 609 475 680 κατασκευὴν
499 605 690 661 τούτου
716 621 776 658 τε
797 604 889 658 καὶ
913 601 1019 656 τῶν
1046 599 1247 654 λοιπῶν
1270 599 1482 666 ἐπάγει,
1507 597 1698 666 λέγων·

145 705 201 759 οι
225 704 330 774 γὰρ
355 703 418 756 ἐν
450 700 528 772 τῷ
557 700 849 772 βράσματι,
879 698 1043 769 ἤγουν
1089 698 1147 750 ἐν
1190 696 1254 765 τῇ
1287 695 1435 764 ἀκμῇ
1463 690 1557 745 τοῦ
1581 692 1705 746 διω-

146 794 277 866 γμοῦ
299 795 598 863 ίστάμενοι,
620 792 714 846 καὶ
740 790 968 862 ὁρῶντες
991 790 1056 842 τά
1089 787 1360 860 μαρτύρια
1381 785 1488 838 τῶν
1515 783 1700 852 ἁγίων,

145 886 233 941 καὶ
284 886 438 949 ὃπως
496 884 780 938 σπεύδουσι
829 883 955 946 τοὺς
1009 882 1068 946 ἐξ
1123 879 1363 951 οὐρανῶν
1416 879 1704 948 στεφάνους

143 976 316 1032 λύειν
363 975 507 1029 κατά
533 975 694 1046 ζῆλον
742 975 901 1040 θεῖον,
954 972 1227 1025 ἐπεδίδουν
1276 970 1500 1031 ἑαυτοὺς
1531 972 1607 1021 εις
1645 967 1704 1022 τὺ

148 1067 439 1139 μαρτύρων
490 1067 626 1138 μετά
665 1066 973 1136 παρρησίας
1034 1063 1268 1131 πολλῆς,
1330 1061 1426 1114 και
1476 1061 1705 1132 μάλιστα

144 1158 220 1212 ὃτι
239 1155 466 1211 tcum
479 1173 630 1220 τινας
652 1155 1103 1225 ὑποσυρομένους,
1127 1153 1246 1206 ἀντι⁸
1273 1152 1387 1216 τοῦ,
1413 1151 1706 1221 κλεπτομέ-

145 1264 259 1312 νους
283 1248 379 1302 καὶ
422 1247 808 1319 ἀπατωμένους
841 1248 945 1302 ὑπὸ
985 1246 1078 1300 τοῦ
1125 1245 1388 1308 διαϐόλου,
1426 1247 1518 1297 καὶ
1549 1243 1704 1296 ἐκπί-

148 1357 386 1406 πτοντας,
424 1343 541 1412 ἢτοι
575 1341 933 1412 ἀρνουμένους
965 1339 1062 1410 τὴν
1097 1335 1406 1391 εὐσέϐειαν·
1435 1331 1509 1388 ὧν
1549 1335 1705 1406 χάριν

145 1434 656 1506 ὑποθερμαινόμενοι
678 1433 894 1496 ἔσωθεν,
920 1432 1037 1502 ἦτοι
1057 1431 1152 1500 τὴν
1179 1429 1401 1500 καρδίαν
1429 1426 1702 1497 πυρούμε-

147 1525 333 1588 νοι,ὼς
373 1526 469 1578 καὶ
511 1525 795 1587 ἀκούοντες
837 1521 1439 1591 καταπολεμῆσαι,ἡτοι
1487 1519 1705 1588 νικῆσαι

146 1615 226 1670 διὰ
250 1614 440 1668 τούτου
485 1616 576 1668 τὸν
627 1614 856 1678 ἀλαζόνα
900 1615 993 1667 καὶ
1031 1611 1402 1680 ἀντικείμενον
1441 1609 1702 1674 διάὸολον,

149 1703 470 1758 ἐσπούδασαν
501 1704 757 1758 ὑποδῦναι
789 1703 848 1756 τὺ
877 1702 1192 1774 μαρτύριον,
1219 1701 1304 1753 ἵνα
1334 1699 1405 1770 μὴ
1431 1700 1705 1770 καυχήση-

149 1814 226 1850 ται
251 1799 279 1852 ό
313 1795 558 1860 διάϐολος
609 1797 704 1850 καὶ
750 1795 875 1866 δόξῃ
922 1795 1096 1864 ἐαυτῷ
1140 1791 1398 1865 φρόνιμος
1444 1789 1598 1855 εἶναι,
1630 1792 1704 1855 ὡς

149 1891 360 1960 νικήσας
374 1887 516 1943 κατά
533 1888 864 1960 πανουργίαν
885 1888 1007 1950 τούς
1028 1887 1499 1956 αὐτομολήσαντας
1514 1901 1525 1915 ·
1547 1886 1592 1938 εί
1613 1886 1704 1937 καὶ

149 1980 389 2036 ἐλάνθανε
411 1981 610 2052 μᾶλλον
638 1979 887 2034 νικᾶσθαι
915 1979 1018 2032 ὑπὸ
1047 1978 1152 2031 τῶν
1188 1978 1431 2048 ἀθλητῶν
1451 1978 1555 2031 τῶν
1581 1994 1704 2046 καρ-

150 2074 477 2145 τερησάντων
517 2074 614 2138 τὰς
662 2074 941 2143 βασάνους.
988 2073 1111 2135 Τοῖς
1157 2070 1284 2138 γοῦν
1315 2073 1523 2132 πιστοῖς
1559 2069 1705 2136 ἄξιόν

150 2167 304 2230 ἐστιν,
339 2166 650 2236 εὐχομένοις
669 2165 809 2236 ὑπὲρ
838 2162 1015 2217 αὐτῶν
1039 2162 1146 2216 τῶν
1171 2161 1586 2234 τιμωρηθέντων
1613 2161 1705 2212 καὶ

149 2256 494 2327 ἡττηθέντων,
523 2257 809 2320 ἐπινεύειν,
841 2258 960 2326 ἦτοι
992 2255 1317 2325 συντρέχειν,
1349 2255 1380 2307 δ
1411 2271 1466 2307 τι
1506 2255 1596 2306 καὶ
1619 2253 1706 2306 δέ-

149 2347 341 2412 δοκται,
371 2349 463 2402 καὶ
495 2348 638 2402 κατά
671 2365 722 2400 τι
761 2348 820 2400 οὐ
851 2348 1075 2418 βλάπτει
1127 2345 1466 2416 συμπάσχειν
1499 2345 1592 2397 καὶ
1620 2344 1706 2396 λυ-

153 2437 354 2492 κεῖσθαι
383 2439 524 2510 μεεά
552 2439 662 2492 τῶν
682 2439 880 2508 γονέων
902 2439 936 2510 ἢ
961 2439 1067 2492 τῶν
1096 2438 1269 2500 ἄλλως
1295 2435 1708 2506 προσῳκειωμέ-

154 2547 249 2582 νων
279 2528 413 2601 ὑπὲρ
462 2531 572 2583 τῶν
605 2530 1091 2602 μαρτυρησάντων,
1136 2530 1230 2584 και
1276 2527 1706 2582 ἐκπεπτωκότων

153 2619 252 2672 ἀπὸ
279 2620 527 2692 μηχανῆς
553 2620 647 2674 τοῦ
668 2619 930 2674 διαϐόλου,
963 2618 1302 2688 Γινώσκομεν
1325 2617 1452 2686 γὰρ,
1484 2617 1556 2679 ὼς
1585 2614 1708 2667 πολ-

154 2709 229 2764 λοι
259 2714 573 2782 ἀπήλαυσαν
617 2712 709 2766 τοῦ
744 2712 923 2776 ἐλέους
967 2712 1190 2780 καὶτῆς
1237 2709 1568 2778 ἀγαθότητος
1613 2705 1706 2761 τοῦ

155 2801 278 2856 Θεοῦ
306 2804 390 2856 διὰ
419 2805 584 2875 εὐχῆς
631 2805 851 2874 ἐτέρων.
882 2804 980 2856 Διά
1008 2820 1086 2855 τοι
1118 2800 1273 2854 τοῦτο
1317 2802 1499 2861 αὐτοῖς
1529 2817 1586 2851 τε
1621 2800 1707 2850 δο-

157 2892 300 2962 θῆναι
332 2893 521 2961 ἇςρεσιν
568 2894 717 2964 παρά
760 2892 852 2944 τοῦ
902 2893 1037 2944 Θεοῦ
1069 2890 1442 2960 ἐξαιτήσομεν,
1470 2891 1563 2942 καὶ
1598 2892 1708 2952 τοῖς

159 2983 322 3047 ἄλλοις
343 2987 453 3047 τοῖς
485 2983 884 3047 ἐκπεπτωκόσι,
914 2984 1003 3037 καὶ
1030 2983 1162 3053 μετά
1190 2983 1361 3036 ταῦτα
1388 2983 1482 3052 τὴν
1506 2981 1710 3051 πλάνην

158 3073 632 3145 ἀνακαλεσαμένοις
685 3075 779 3128 καὶ
834 3074 1197 3144 ὀμολογήσασι
1246 3075 1344 3144 τὴν
1397 3071 1706 3133 εὐσέϐειαν,

165 3169 676 3237 συγκοινωνήσομεν,
725 3167 1054 3237 μεμνημένοι
1081 3165 1188 3217 τῶν
1232 3165 1337 3234 πρὸ
1386 3163 1481 3232 τῆς
1509 3159 1711 3214 ὲκπτώ-
1737 3203 1777 3258 C

162 3275 286 3320 σεως
331 3258 550 3326 ἀγώνων
582 3257 779 3320 αὐτῶν,
830 3251 904 3310 ὦν
939 3257 1248 3325 ὐπήνεγκαν
1290 3255 1378 3307 διὰ
1405 3256 1498 3306 τὸν
1548 3253 1704 3317 Θεὸν,

162 3346 284 3400 ἀλλά
308 3350 408 3419 μὴν
435 3349 530 3401 καὶ
562 3347 654 3401 τοῦ
685 3348 822 3417 μετὰ
847 3347 1017 3400 ταῦτα
1039 3346 1239 3414 ἀγαθοῦ
1267 3345 1566 3415 μεταμέλου
1597 3344 1710 3398 τού-

161 3452 276 3499 των,
304 3439 394 3491 καὶ
426 3439 507 3490 ὅτι
541 3438 952 3509 μεμαρτύρηται
997 3436 1372 3499 ἀπολιτεύτους
1403 3436 1708 3504 λογίζεσθαι

164 3527 364 3592 ἑαυτοὺς
393 3529 479 3582 διά
511 3530 838 3600 ἁμάρτημα·
880 3530 973 3582 καὶ
998 3529 1058 3581 οὐ
1092 3529 1248 3597 μόνον
1285 3529 1708 3597 συγκοινωνήσο-

169 3635 257 3686 μεν
278 3621 470 3683 αὐτοῖς,
503 3619 639 3673 ἀλλά
667 3620 761 3672 καὶ
787 3618 1150 3688 συνευξόμεθα
1179 3618 1315 3687 ὑπὲρ
1353 3617 1579 3687 ἱλασμοῦ
1613 3618 1708 3668 αὐ-

167 3708 261 3762 τῶν
291 3712 419 3780 μετά
445 3711 552 3764 τῶν
595 3710 768 3764 ἀλλων
799 3710 904 3763 τῶν
949 3709 1326 3779 καθηκόντων,
1372 3709 1538 3778 ἥγουν
1571 3707 1708 3778 μετά

169 3800 260 3853 τῶν
282 3803 601 3870 όφειλουσῶν
625 3801 863 3870 γίνεσθαι
885 3801 1137 3854 εὐποιιῶν
1171 3802 1297 3870 περὶ
1325 3801 1564 3862 τούτους,
1626 3818 1710 3870 νη-

169 3893 327 3954 στείας
353 3893 614 3962 δηλονότι,
661 3892 1022 3963 ἐλεημοσύυης
1052 3893 1145 3944 καὶ
1191 3891 1506 3960 μετανοίας·
1547 3891 1612 3942 δι’
1635 3884 1708 3943 ὧν

167 3982 193 4034 ό
220 3985 482 4053 γενόμενος
533 3985 877 4056 παράκλητος
921 3985 1059 4054 ὑπὲρ
1106 3985 1260 4053 ἡμῶν
1311 3983 1708 4052 ἐξευμενίζεται

169 4074 284 4142 ἡμῖν
313 4077 400 4127 τὸν
442 4077 676 4146 Πατέρα.
723 4074 855 4130 Εἶτα
903 4076 994 4128 καὶ
1041 4077 1231 4146 χρήσει
1270 4074 1532 4145 κέχρηται
1574 4090 1708 4144 γρα-

170 4167 305 4234 φικῇ.
350 4165 410 4218 Ἦ
445 4166 503 4218 δέ
536 4169 682 4219 ἐστιν
727 4169 789 4219 ἐκ
833 4167 930 4235 τῆς
977 4165 1197 4236 πρώτης
1245 4162 1535 4232 καθολικῆς
1593 4165 1710 4214 ἐπι-

170 4259 335 4329 στολῆς
360 4259 454 4312 τοῦ
485 4260 639 4328 ἁγίου
670 4259 962 4314 ἀποστόλου
991 4255 1084 4311 και
1113 4255 1490 4325 εὐαγγελιστοῦ
1534 4257 1709 4309 Ἰωάν-

168 4366 263 4404 νου.

225 4444 453 4498 ΖΩΝΑΡ.
508 4445 565 4497 '0
605 4446 726 4507 νοῦς
767 4444 859 4497 τοῦ
901 4444 1164 4513 παρόντος
1204 4442 1421 4502 κανόνος
1471 4438 1708 4499 τοιοῦτός

1802 607 1932 646 num
1964 598 2050 647 est
2097 604 2209 646 non
2250 588 2577 660 perfecerint
2601 612 2615 648 :
2641 605 2791 648 nunc
2823 589 2990 661 hujus
3035 599 3090 646 et
3117 589 3359 660 reliquo-

1802 695 1924 735 rum
1954 679 2423 734 confirmationem
2460 678 2688 745 inducit,
2723 679 2910 736 dicens
2936 698 2950 734 :
2975 678 3081 746 Qui
3117 678 3267 735 enim
3302 677 3360 732 in

1802 769 2199 840 persecutionis
2241 767 2476 835 fervore,
2525 784 2621 826 seu
2655 768 2994 825 vehementia
3034 779 3263 832 stantes,
3307 774 3364 822 et

1802 859 2046 915 videntes
2075 867 2385 915 sanctorum
2414 861 2694 930 martyria,
2727 865 2782 915 et
2810 860 3080 930 quomodo
3109 860 3363 915 cmlestes

1803 965 2034 1007 coronas
2063 951 2247 1006 divino
2277 951 2394 1006 zelo
2437 952 2680 1022 accipere
2728 951 3075 1017 contendant,
3120 967 3179 1008 se
3212 951 3364 1022 ipsos

1805 1040 2009 1094 dabant
2063 1041 2323 1112 martyrio
2351 1057 2478 1096 cum
2529 1041 2698 1096 multa
2738 1041 3007 1107 libertate,
3037 1051 3092 1096 et
3128 1043 3366 1097 maxime

1804 1134 1932 1202 quia
1957 1133 2210 1188 videbant
2240 1133 2505 1204 quosdam
2532 1134 2863 1198 subtractos,
2891 1132 2995 1189 hoc
3024 1140 3107 1188 est
3135 1133 3366 1188 eductos

1805 1232 1860 1279 et
1890 1223 2148 1294 deceptos
2177 1238 2210 1278 a
2253 1224 2491 1290 diabolo,
2523 1232 2578 1279 et
2610 1225 2794 1296 lapsos
2832 1240 2930 1280 seu
2961 1233 3218 1295 negantes
3251 1225 3368 1294 pie-

1806 1323 1972 1371 tatem
2001 1335 2014 1370 :
2049 1317 2396 1387 quamobrem
2430 1318 2659 1374 interius
2700 1319 2918 1374 accensi
2947 1334 3044 1373 seu
3081 1321 3245 1374 corde
3276 1320 3366 1374 in-

1807 1404 2086 1472 flammati,
2115 1415 2175 1462 ut
2199 1408 2292 1478 qui
2331 1408 2578 1464 audirent
2611 1426 2669 1466 se
2695 1425 2790 1480 per
2827 1410 2931 1464 hoc
2973 1408 3274 1464 debellasse
3303 1425 3368 1464 ac

1807 1497 2001 1553 vicisse
2051 1499 2344 1570 superbum
2390 1499 2760 1556 adversarium
2799 1501 3096 1561 diabolum.
3136 1501 3366 1556 studue-

1809 1600 1935 1646 runt
1964 1591 2149 1648 subire
2170 1593 2510 1663 martyrium,
2545 1609 2610 1648 ne
2633 1593 2892 1664 glorietur
2913 1591 3163 1648 diabolus
3187 1599 3240 1647 et
3264 1591 3368 1647 sibi

1807 1683 2047 1754 prudens
2077 1698 2199 1740 esse
2229 1685 2499 1748 videatur,
2530 1693 2590 1738 ut
2613 1684 2702 1754 qui
2730 1684 3026 1740 calliditate
3057 1699 3156 1752 sua
3176 1692 3228 1740 et
3250 1700 3368 1739 ma-

1807 1777 1918 1830 litia
1947 1791 2041 1832 eos
2069 1776 2264 1832 vicerit
2294 1779 2386 1847 qui
2428 1790 2527 1832 sua
2551 1783 2745 1846 sponte
2784 1777 2851 1830 ad
2891 1777 3212 1846 martyrium
3234 1790 3366 1831 con-

1734 1855 1776 1909 Β
1805 1867 2099 1939 fugerunt:
2137 1869 2300 1924 etiam
2349 1869 2396 1925 si
2425 1883 2547 1923 eum
2596 1867 2752 1923 latuit
2792 1882 2848 1922 sc
2895 1867 3068 1938 magis
3113 1866 3258 1920 vinci
3299 1866 3367 1920 ab

1806 1959 2044 2020 athletis,
2075 1959 2169 2029 qui
2202 1965 2470 2012 tormenta
2502 1958 2716 2013 fortiter
2750 1957 2992 2028 perpessi
3023 1963 3169 2012 sunt.
3211 1953 3372 2008 Fide«

1806 2049 1950 2104 libus
1983 2059 2111 2120 ergo
2135 2048 2419 2104 orantibus
2449 2063 2664 2120 acquum
2696 2056 2778 2104 est
2809 2063 2908 2118 pro
2939 2046 3071 2117 ipsis
3101 2047 3371 2116 supplicio

1806 2139 2011 2194 aﬂ‘ectis
2031 2149 2084 2194 et
2112 2139 2338 2211 punitis,
2369 2154 2631 2204 annuere,
2669 2140 2782 2194 sive
2809 2139 2863 2192 in
2890 2137 2994 2193 hoc
3019 2153 3368 2201 concurrere,

1806 2229 1949 2300 quod
1978 2231 2143 2286 etiam
2173 2231 2348 2285 visum
2389 2237 2494 2296 est,
2539 2239 2591 2286 et
2625 2231 2806 2300 aliquo
2839 2229 3002 2286 modo
3034 2231 3168 2284 nihil
3201 2231 3365 2295 laedit,

1807 2338 1913 2376 una
1943 2336 2069 2377 cum
2093 2322 2413 2393 parentibus
2441 2321 2524 2376 vel
2549 2322 2672 2376 aliis
2703 2321 3104 2378 necessitudine
3137 2323 3369 2392 conjun-

1807 2415 1932 2477 ctis,
1961 2429 2061 2484 pro
2096 2413 2162 2470 iis
2191 2415 2285 2484 qui
2313 2413 2688 2470 testimonium
2723 2413 2990 2469 dederunt
3018 2415 3368 2484 martyrium-

1808 2521 1913 2575 que
1941 2508 2254 2571 subierunt,
2287 2507 2379 2564 sed
2423 2505 2562 2577 lapsi
2599 2516 2726 2562 sunt
2757 2506 2958 2562 diaboli
2988 2514 3103 2562 arte
3139 2519 3191 2563 et
3232 2508 3370 2562 insi-

1807 2598 1932 2662 diis,
1980 2598 2166 2654 dolere
2207 2607 2260 2654 et
2311 2599 2533 2654 tristitia
2586 2597 2740 2652 allici.
2778 2596 2994 2654 Scimus
3038 2601 3181 2654 enim
3224 2601 3369 2670 quod

1809 2688 1966 2740 multi
2013 2688 2312 2744 bonitatem
2358 2697 2414 2744 et
2459 2688 2891 2744 miscricordiam
2954 2688 3050 2744 Dei
3088 2691 3369 2744 consecuti

1811 2787 1937 2832 sunt
1968 2794 2064 2848 per
2094 2777 2323 2834 aliorum
2351 2782 2646 2837 orationes.
2686 2781 2916 2851 Ideoque
2942 2790 2995 2838 et
3024 2781 3157 2852 ipsis
3190 2781 3306 2835 dari
3338 2797 3370 2836 a

1810 2869 1918 2924 Deo
1947 2879 2295 2939 peccatorum
2327 2873 2699 2928 remissionem
2722 2873 3140 2943 postulabimus‘,
3170 2880 3223 2926 et
3245 2873 3366 2928 aliis

1810 2966 1902 3034 qui
1936 2966 2071 3035 lapsi
2111 2975 2258 3030 sunt,
2289 2973 2341 3021 et
2372 2974 2558 3035 postea
2592 2982 2832 3021 errorem
2878 2973 3272 3022 revocaverunt
3317 2973 3370 3020 et

1812 3056 2063 3124 pietatem
2099 3054 2337 3110 confessi
2372 3061 2520 3119 sunt,
2573 3056 3118 3119 communicabimus,
3160 3069 3366 3111 memo-

1811 3161 1899 3199 res
1927 3163 2114 3202 eorum
2152 3163 2272 3217 qua:
2319 3157 2444 3202 ante
2482 3149 2690 3217 lapsum
2725 3156 2946 3219 propter
2977 3147 3148 3203 Deum
3200 3149 3368 3202 susti-

1811 3248 2047 3294 nuerunt
2082 3241 2543 3310 ccrtaminum,et
2569 3243 2730 3298 etiam
2768 3245 2921 3298 bona:
2949 3259 3134 3299 eorum
3181 3254 3369 3313 postea

1809 3332 2164 3401 paenitentiae,
2210 3342 2263 3388 et
2308 3335 2453 3404 quod
2477 3349 2535 3389 sc
2578 3336 2724 3403 ipsos
2773 3335 2953 3390 testati
3005 3342 3131 3390 sunt
3174 3350 3296 3390 esse
3338 3349 3371 3388 a

1808 3425 2029 3478 civitate
2069 3425 2276 3480 alienos
2305 3433 2525 3494 propter
2558 3433 2833 3493 peccaturo
2870 3444 2882 3479 :
2934 3432 2988 3479 et
3038 3440 3143 3478 non
3191 3425 3369 3478 solum

1810 3514 1941 3585 ipsis
1972 3519 2514 3580 communicabimus,
2564 3520 2654 3573 sed
2684 3529 2730 3573 et
2762 3533 2860 3587 pro
2890 3532 3077 3572 eorum
3117 3517 3368 3571 reconci-

1810 3607 2028 3663 liatione
2067 3610 2368 3674 orabitnus,
2405 3625 2525 3663 cum
2580 3611 2699 3664 aliis
2728 3624 2848 3680 qua:
2877 3610 3053 3672 decet,
3099 3624 3195 3662 seu
3239 3623 3363 3661 cum

1809 3700 1967 3754 bonis
2011 3701 2267 3770 operibus
2317 3715 2437 3769 quae
2474 3700 2674 3754 debent
2722 3699 2790 3752 ab
2831 3699 2964 3768 ipsis
2995 3697 3128 3760 ﬁeri,
3159 3697 3369 3766 jejunio

1811 3792 2038 3855 scilicet,
2090 3792 2432 3863 eleemosyna
2481 3801 2534 3845 et
2565 3791 2910 3860 pwnitentia;
2953 3805 3046 3858 per
3087 3803 3224 3858 quae,
3274 3790 3368 3857 qui

1811 3898 1908 3952 pro
1953 3883 2110 3936 nobis
2143 3891 2225 3937 est
2261 3883 2574 3944 advocatus,
2608 3881 2820 3935 Patrem
2871 3881 3028 3934 nobis
3072 3880 3362 3948 prOpitium

1811 3974 2236 4043 benevolumque
2277 3973 2454 4028 eflicit.
2501 3973 2704 4029 Deinde
2749 3981 2801 4026 et
2846 3987 3013 4026 sacrae
3069 3969 3366 4039 Scriptura:

1812 4067 2079 4120 sententia
2114 4082 2246 4120 usus
2277 4074 2380 4120 est.
2421 4065 2494 4118 Ea
2525 4081 2653 4120 vero
2681 4073 2763 4120 est
2788 4080 2850 4118 ex
2884 4066 3057 4135 prima
3084 4064 3355 4118 catholica

1809 4158 2036 4226 epistola
2066 4157 2238 4212 sancti
2270 4158 2494 4226 apostoli
2529 4167 2580 4212 et
2605 4157 2946 4228 evangelista:
2973 4154 3219 4210 Joannis.

1881 4422 2080 4474 Zona.
2118 4421 2289 4489 Hujus
2343 4423 2569 4476 canonis
2625 4423 2888 4476 sententia
2943 4422 3208 4491 ejusmodi
3263 4431 3366 4477 est.

169 4535 322 4588 ἐστιν·
349 4539 410 4590 Οἱ
439 4538 498 4588 ἐν
527 4536 603 4606 τῷ
635 4535 926 4606 βράσματι,
951 4535 1104 4604 φησι,
1128 4532 1220 4584 τοῦ
1251 4530 1512 4601 διωγμοῦ,
1538 4533 1704 4599 ἤγουν

1814 4513 1915 4578 Qui
1949 4513 2004 4565 in
2057 4511 2291 4575 fervore,
2335 4515 2531 4581 inquit,
2580 4515 2994 4584 persecutionis,
3026 4515 3130 4567 hoc
3177 4523 3262 4567 est
3315 4518 3366 4567 in

167 4626 300 4697 ἐντῇ
331 4629 484 4699 ἀκμῇ
510 4668 525 4687 ,
567 4630 633 4697 τῇ
676 4628 821 4691 ζέσει
865 4627 1177 4694 ἱστάμενοι,
1228 4623 1320 4675 καὶ
1359 4623 1592 4694 ὁρῶντες
1640 4624 1704 4674 τὰ

168 4718 416 4790 μαρτύρια
441 4717 552 4771 τῶν
581 4719 786 4785 ἁγίων,
831 4718 924 4770 καὶ
964 4717 1110 4776 ὅπως
1151 4714 1436 4766 σπεύδουσι
1487 4717 1612 4777 τοὺς
1648 4714 1704 4776 ἐξ

164 4807 369 4878 οὐρανοῦ
399 4810 696 4878 στεφάνους
725 4808 906 4860 λαϐεῖν
931 4846 944 4870 ,
973 4807 1111 4859 κατὰ
1147 4805 1305 4876 ζῆλον
1353 4803 1494 4857 θεῖον
1527 4804 1706 4856 ἐπεδί-

164 4899 268 4952 δουν
298 4901 524 4964 ἑαυτοὺς
552 4903 630 4964 είς
650 4900 716 4953 τὰ
746 4898 1036 4970 μαρτύρια,
1074 4896 1209 4967 μετὰ
1240 4897 1547 4966 παρρησίας
1576 4895 1702 4947 πολ-

164 4987 248 5059 λῆς
287 4993 624 5064 ὁρμήσαντες
672 4994 750 5053 εἰς
794 4992 885 5043 τὸν
931 4990 1147 5057 ἀγῶνα,
1196 4987 1534 5056 ζηλώσαντες
1582 4988 1706 5050 τοῦῖ

169 5079 329 5145 ἁγίους
351 5082 661 5149 πάσχοντας
681 5123 694 5143 ,
727 5082 819 5133 καὶ
852 5079 1124 5141 ἐπιδόντες
1149 5079 1373 5139 ἑαυτοὺς
1411 5077 1706 5147 προθύμως

165 5173 220 5239 τῇ
268 5172 577 5241 μαρτυρίᾳ,
628 5175 718 5224 καὶ
753 5171 980 5241 μάλιστα
1013 5171 1092 5222 ὅτι
1134 5169 1208 5220 €63

169 5263 502 5333 συρομένους,
552 5263 672 5314 ἀντὶ
703 5264 816 5326 τοῦ,
836 5261 1229 5331 κλεπτομένους
1249 5301 1262 5322 ,

170 5355 248 5406 καὶ
285 5354 644 5427 ἀρνουμένους
677 5356 773 5423 τὴν
803 5354 1078 5406 εὐσέϐειαν
1099 5392 1114 5415 ,
1147 5351 1664 5420 ὐποθερμαινόμενοι
1689 5393 1703 5415 ,

1134 5168 1353 5220 ἕϐλεπόν
1383 5186 1533 5230 τινας
1579 5169 1707 5219 ὑπο-

1309 5259 1705 5327 ἀπατωμένους

171 5447 270 5513 ἠτοι
309 5448 635 5517 πυρούμενοι
673 5446 772 5515 τὴν
819 5445 1077 5514 καρδίαν,
1109 5443 1365 5494 ἔσπευδον
1403 5443 1704 5494 καταπολε-

180 5536 325 5604 μῆσαι
347 5537 432 5590 τδν
464 5537 661 5598 αὐτοὺς
687 5537 1020 5605 ὐποσύροντα
1055 5535 1308 5604 πονηρὸν,
1339 5535 1424 5585 ἵνα
1461 5533 1532 5603 μὴ
1569 5550 1703 5584 καυ-

177 5629 340 5694 χὶται,
370 5630 440 5692 ὡς
469 5629 646 5699 ήττῶν
695 5630 820 5690 τοὺς
868 5630 1110 5691 εὐσεϐεῖς
1135 5645 1149 5658 ·
1197 5630 1243 5678 εί
1279 5629 1371 5678 καὶ
1421 5625 1705 5677 ἐλάνθανεν

185 5716 341 5772 ἑαυτὸν
367 5723 600 5790 ἀγνοῶν,
640 5723 719 5773 ὅτι
767 5720 960 5789 μᾶλλον
1004 5723 1263 5788 ἡττᾶται,
1300 5717 1505 5768 πολλῶν
1547 5719 1703 5786 μέχρι

189 5805 381 5864 θανάτου
412 5813 504 5884 τὴν
537 5814 674 5886 ὑπὲρ
723 5813 817 5881 τῆς
857 5812 1086 5874 πίστεως
1122 5811 1367 5863 ἔνστασιν
1402 5807 1703 5877 ἐνδειξαμέ-

1811 4617 2022 4656 summo
2059 4602 2204 4656 illius
2233 4602 2546 4656 discrimine
2587 4603 3166 4672 vehementissitnaque
3208 4604 3370 4658 dimi-

1808 4694 2021 4748 catione
2071 4697 2372 4758 constituti,
2416 4712 2478 4748 ac
2509 4696 2766 4765 martyria
2809 4703 3117 4751 sanctorum
3152 4697 3368 4749 intuen—

1809 4794 1910 4848 tes,
1948 4797 2000 4840 et
2026 4801 2189 4855 quam
2243 4787 2586 4842 vehementer
2630 4787 2697 4841 ad
2728 4787 3074 4856 accipiendas
3115 4786 3365 4839 caelestes

1809 4894 2038 4934 coronas
2091 4878 2441 4941 festinarent,
2489 4878 2670 4932 divina
2722 4879 3064 4932 temulatione
3114 4894 3172 4931 sc
3222 4878 3370 4948 ipsos

1809 4972 2067 5041 martyrio
2094 4973 2382 5035 tradidere,
2404 4972 2570 5024 multa
2597 4987 2718 5024 cum
2741 4971 2986 5026 libertate
3014 4971 3067 5024 in
3091 4979 3365 5026 certamen

1807 5064 2138 5128 desilientes,
2172 5077 2478 5120 sanctorum
2521 5065 2610 5135 qui
2658 5065 3003 5134 patiebantur
3044 5065 3367 5129 imitatione,

1809 5171 1970 5225 seque
1997 5168 2278 5225 promptos
2307 5157 2371 5210 ad
2403 5157 2558 5211 fidem
2599 5157 2908 5210 testimonio
2939 5155 3365 5208 confirmandam

1808 5252 2073 5314 obtulere,
2113 5259 2225 5302 tum
2257 5252 2326 5304 ob
2359 5250 2409 5303 id
2434 5251 2666 5302 maxime
2691 5249 2816 5317 quia
2851 5247 3050 5301 mullos
3083 5255 3368 5300 cernerent

1808 5345 1897 5416 qui
1935 5342 2416 5405 subtraltcbantur,
2449 5341 2550 5394 hoc
2603 5349 2683 5395 est
2739 5339 3181 5399 traducebantur,
3218 5339 3370 5392 deci-

1809 5437 2109 5506 picbantur,
2138 5437 2390 5504 pietatem
2439 5434 2724 5504 negabant,
2762 5432 3050 5495 ferventes,
3105 5433 3205 5483 hoc
3259 5439 3362 5491 est,

1809 5529 2079 5582 flammato
2105 5529 2288 5593 corde,
2329 5528 2580 5582 infestum
2611 5525 2741 5594 ipsis
2774 5525 3142 5579 adversarium
3183 5522 3366 5575 debei-

1808 5624 1917 5675 lare
1948 5621 2292 5687 studuerunt,
2329 5635 2396 5674 nc
2435 5617 2596 5673 veluti
2639 5617 2850 5685 piorum
2895 5617 3066 5668 victor
3107 5613 3368 5682 gloriare--

1809 5725 1924 5779 tur;
1962 5716 2209 5784 quamvis
2269 5729 2388 5768 eum
2441 5714 2678 5775 latuerit,
2712 5711 2852 5763 vinci
2902 5725 2959 5764 se
3004 5708 3207 5778 potius,
3240 5721 3368 5760 cum

1813 5807 1966 5860 multi
2001 5804 2066 5858 ad
2098 5811 2322 5860 mortem
2354 5819 2525 5873 usque
2559 5817 2656 5873 pro
2714 5802 2817 5854 fide
2862 5800 3222 5853 constantiam
3260 5811 3370 5866 pra)
