4036 6320
671 285 775 344 503

1699 295 1757 349 S.
1797 293 1998 350 PETRI
2041 290 2502 348 ALEXANDRIN!
2541 289 2846 349 EPISCOPI

3790 285 3890 342 5οι

672 423 697 458 ι
743 406 1158 477 appellationem
1189 407 1447 474 nominis,
1475 410 1928 481 quemadmodum
1957 409 2222 479 scriptum

2342 425 2348 458 l
2388 406 2589 478 Κυρίου
2629 406 2886 477 ἐξέφυγεν
2918 404 3052 480 (ιι),
3083 407 3181 478 ἤδη
3231 405 3529 478 ἀρξάμενον
3573 403 3886 474 ταχέως*

675 516 696 547 ι
737 505 822 552 est
850 510 878 539 ι
915 518 928 554 :
967 497 1106 551 Voca
1140 513 1323 552 nomen
1351 500 1488 569 ejus,
1509 502 1746 556 celeriter
1766 501 1954 570 spolia,
1988 499 2229 555 velociter

675 606 692 635 ι
739 587 1076 656 depopulare,
1103 604 1161 641 eo
1182 589 1319 648 quod
1345 588 1651 660 priusquam
1673 593 1847 660 infans
1876 593 2012 645 sciat
2043 604 2229 644 vocare

673 695 690 726 ι
736 687 937 746 patrem
984 685 1032 730 et
1065 688 1306 745 matrem,
1333 683 1499 750 capiet
1529 691 1838 750 potestatem
1889 681 2135 736 Damasci
2177 694 2226 736 et

671 787 690 824 ι
737 767 907 836 spolia
969 765 1253 833 Samaria,
1292 787 1470 824 coram
1518 788 1632 842 rege
1673 772 2034 841 Assyriorum.
2087 771 2226 842 Magi

672 877 690 907 ι
737 873 867 927 ergo
888 863 955 911 ut
995 858 1106 927 jam
1148 861 1365 930 spoliati
1417 869 1470 916 et
1515 862 1935 930 praedationibus
1983 859 2226 915 intestati

673 967 690 997 ι
737 948 1002 1003 infantem
1046 949 1325 1006 humiliter
1360 961 1414 1007 et
1457 953 1772 1022 suppliciter
1820 952 2074 1018 adorant,
2114 955 2229 1010 the-

673 1057 688 1084 ι
738 1052 933 1093 sauros
961 1053 1094 1094 suos
1133 1043 1462 1112 aperientes,
1493 1051 1546 1097 et
1577 1045 1626 1098 ei
1668 1043 1960 1121 ollerentes
1994 1046 2226 1100 maxime

670 1147 688 1180 ι
735 1139 1042 1200 opportuna
1071 1141 1125 1188 et
1157 1135 1440 1204 magniﬁca
1469 1135 1633 1196 dona,
1670 1150 1863 1190 aurum
1899 1145 1952 1191 et
1995 1137 2122 1192 thus
2172 1145 2226 1191 et

671 1239 689 1271 ι
738 1221 1016 1291 myrrham
1037 1224 1086 1285 δ,
1120 1231 1178 1277 ut
1210 1225 1320 1294 regi
1363 1234 1412 1280 et
1457 1223 1566 1279 Deo
1599 1234 1655 1281 et
1687 1227 1889 1281 homini
1927 1229 2111 1282 :unde
2158 1226 2226 1282 ad

668 1328 690 1367 ι
733 1326 915 1382 regem
952 1312 1236 1384 Assyrium
1271 1330 1378 1368 non
1421 1317 1658 1385 amplius
1689 1318 1885 1371 reverti
1914 1319 2223 1380 voluerunt,

671 1419 691 1444 ο
740 1416 770 1455 a
795 1400 1139 1459 Providentia
1167 1405 1341 1460 vetiti.
1378 1404 1639 1461 Divinitus
1663 1409 1810 1462 enim
1843 1410 2121 1474 admoniti,
2147 1413 2230 1466 in-

672 1508 689 1541 ι
735 1491 876 1560 quit,
908 1493 1183 1548 insomnio
1223 1513 1286 1550 ne
1321 1507 1697 1553 reverterentur
1717 1499 1786 1553 ad
1826 1499 2105 1565 Herodem,
2139 1519 2230 1570 per

670 1601 688 1632 ι
735 1583 902 1637 aliam
923 1587 1060 1638 uiam
1086 1590 1308 1657 regressi
1335 1601 1459 1644 sunt
1497 1593 1550 1645 in
1587 1593 1846 1662 regionem
1879 1610 2049 1647 suam.
2078 1594 2230 1650 Unde

671 1690 688 1721 ι
736 1690 858 1728 cum
891 1675 1118 1732 vidisset
1147 1682 1598 1748 sanguinolentus
1636 1680 1876 1737 Herodes
1912 1698 1970 1738 se
1999 1699 2030 1738 a
2059 1688 2230 1756 magis

2331 518 2353 552 ι
2400 497 2678 552 σκυλεύειν
2711 499 2805 552 καὶ
2843 497 3008 561 ὀξέως
3039 498 3390 570 προνομεύειν
3413 538 3428 560 ,
3455 495 3597 549 κατά
3633 497 3736 564 τὴν
3774 496 3891 548 ἐπί-

2336 607 2352 638 ι
2401 588 2590 658 κλησιν
2616 587 2710 640 τοῦ
2742 587 3022 658 ὀνόματος,
3049 586 3227 649 καθὼς
3257 586 3590 656 γέγραπται·
3614 583 3893 638 Κάλεσον

2335 696 2354 728 ι
2400 676 2467 730 τὸ
2513 675 2700 744 ὄνομα
2742 676 2959 739 αὑτοῦ,
3003 674 3228 743 ταχέως
3283 677 3660 737 σκύλευσσν,
3710 671 3889 738 ὀξέως

2333 791 2352 822 ι
2399 770 2829 838 πρανόμευσον,
2842 768 2989 822 διότι
3002 771 3146 836 πρὶν
3160 768 3197 837 ἦ
3209 769 3320 800 ⁵⁸”⁹’
3337 768 3553 838 γνῶναι
3569 767 3630 820 τὸ
3654 765 3890 819 παιδίον

2334 881 2352 914 ι
2398 860 2606 916 καλεῖν
2632 859 2851 927 πατέρα
2876 860 2914 928 ἢ
2944 859 3191 928 μητέρα,
3221 857 3477 926 λήψεται
3501 857 3762 925 δύναμιν
3785 857 3886 908 Δα-

2332 975 2350 1006 ι
2387 953 2649 1023 μασκοιλ
2675 954 2772 1006 καὶ
2806 953 2876 1006 τὰ
2905 952 3108 1006 σκῦλα
3132 953 3458 1021 Σαμαρείας
3487 952 3687 1004 ἐναντι
3713 949 3888 1013 ,βασι-

2332 1063 2351 1096 ι
2394 1045 2544 1110 λέως
2592 1045 2930 1112 Ἀσσυρίων.
2967 1045 3029 1096 Ol
3059 1043 3187 1111 γοῦν
3218 1044 3401 1112 μάγοι,
3435 1041 3508 1105 ὡς
3534 1040 3636 1113 ήδη
3665 1039 3888 1093 σκυλευο

2332 1157 2351 1188 ι
2398 1137 2577 1200 θέντες
2609 1138 2703 1191 καί
2727 1135 3204 1208 προνομευθέντες,
3223 1133 3670 1203 ὑποτεταγμένως
3695 1132 3794 1184 καὶ
3820 1147 3891 1183 τι·

2332 1249 2350 1281 ι
2401 1228 2643 1299 μητικῶς
2694 1225 3055 1299 προσκυνοῦσι
3113 1225 3194 1296 τῷ
3237 1224 3434 1294 παιδίῳ
3457 1225 3525 1287 ⁸³,
3588 1225 3888 1291 ἀνοίγοντες

2333 1340 2351 1373 ι
2394 1321 2517 1382 τοὺς
2539 1320 2840 1390 θησαυροὺς
2873 1319 3051 1373 αὐτῶν
3072 1320 3164 1372 καὶ
3188 1317 3582 1389 προσφέροντες
3605 1315 3752 1386 αὖτῷ
3772 1333 3888 1368 και-

2334 1430 2354 1464 ι
2402 1411 2630 1482 ριώτατα
2656 1413 2748 1464 καὶ
2781 1411 3206 1481 πρεπωδέστατα
3225 1411 3270 1442 ⁸ο
3293 1408 3464 1480 δῶρα,
3488 1409 3684 1478 χρυσὸν
3705 1409 3801 1461 καί
3822 1407 3890 1458 λί-

2334 1522 2354 1554 ι
2399 1503 2556 1557 ὁανον
2587 1507 2680 1556 καὶ
2714 1504 2956 1574 σμύρναν
2980 1545 2994 1567 ,
3037 1503 3111 1566 ὼς
3147 1503 3354 1574 βασιλεῖ
3384 1500 3476 1554 καὶ
3521 1500 3640 1570 Θεῷ
3679 1502 3775 1553 καὶ
3810 1501 3890 1551 ἀν-

2336 1615 2354 1647 ι
2400 1595 2598 1667 θρώπῳ
2621 1613 2632 1624 ·
2663 1595 2783 1648 ὅθεν
2811 1596 2994 1648 οὐκέτι
3043 1594 3175 1667 πρὸς
3223 1595 3314 1646 τὸν
3369 1592 3644 1663 ’Δσσύριον
3678 1591 3889 1660 βασιλέα

2339 1707 2356 1738 ι
2402 1687 2707 1756 ἠξιώθησαν
2757 1687 3126 1757 ὑποστρέψαι,
3173 1685 3590 1758 συνεργούμενοι
3644 1681 3749 1735 ὑπὸ
3799 1683 3890 1752 τῆς

671 1783 689 1815 ι
738 1766 978 1831 illusum,
1006 1769 1161 1824 valde
1192 1769 1294 1824 fuit
1316 1781 1643 1828 commotus.
1672 1771 1740 1825 Et
1774 1777 2005 1838 mittens,
2031 1777 2227 1846 inquit,

2342 1798 2354 1829 ι
2400 1780 2683 1850 Προνοίας·
2711 1779 3220 1848 Χρημοτισθέντες
3241 1777 3348 1849 γὰρ
3366 1819 3380 1843 ,
3407 1778 3571 1847 φησι.
3599 1776 3726 1828 κατ’
3753 1774 3890 1839 ὄναρ

673 1876 689 1904 ι
733 1857 993 1925 interfecit
1021 1875 1197 1914 omnes
1229 1861 1459 1929 infantes
1489 1865 1578 1932 qui
1599 1874 1747 1916 erant
1773 1865 1829 1918 in
1862 1865 2158 1921 Bethlehem
2181 1877 2230 1922 et

672 1965 688 1994 ι
739 1947 795 2000 in
843 1949 986 2001 omni
1025 1949 1139 2018 ejus
1185 1952 1434 2020 conﬁnio,
1477 1969 1509 2005 a
1545 1952 1744 2007 bimatu
1779 1964 1830 2008 et
1883 1957 2050 2025 infra,
2081 1958 2232 2018 iuxta

673 2056 689 2087 ι
737 2047 938 2107 tempus
980 2041 1117 2108 quod
1149 2059 1180 2093 a
1212 2039 1383 2111 Jlagis
1419 2041 1695 2113 diligenter
1724 2045 1988 2098 didicerat
2019 2057 2066 2099 ε.
2093 2047 2229 2101 Cum

673 2148 690 2179 ι
738 2131 958 2199 quibus,
993 2137 1047 2184 et
1071 2132 1234 2186 alium
1267 2135 1417 2203 prius
1457 2143 1643 2189 natum
1676 2135 1962 2199 infantem,
1999 2153 2123 2191 cum
2157 2140 2234 2192 in-

675 2240 691 2270 ι
739 2221 1067 2278 terfecturus
1085 2225 1420 2292 quazsivisset
1452 2232 1507 2279 et
1537 2241 1646 2278 non
1684 2226 2002 2294 invenisset,
2025 2238 2230 2298 patrem

675 2329 693 2359 ι
736 2312 856 2379 ejus
885 2307 1206 2367 Zachariam
1237 2315 1510 2370 interfecit
1540 2316 1684 2369 inter
1712 2317 1973 2386 templum
2015 2327 2069 2372 et
2099 2320 2232 2372 alta-

674 2421 691 2450 ι
739 2417 817 2467 re,
849 2416 974 2456 cum
1004 2401 1283 2471 etl‘ugisset
1330 2402 1470 2457 ﬁlius
1526 2419 1650 2456 cum
1705 2414 1878 2458 matre
1931 2403 2226 2460 Elisabetb.

670 2509 687 2541 ι
740 2489 892 2546 Unde
927 2508 1027 2547 nec
1065 2493 1172 2547 ullo
1204 2494 1365 2547 modo
1396 2493 1888 2563 reprehenduntur.
1938 2515 1957 2544 ι

2338 1889 2358 1921 ι
2397 1871 2482 1938 μὴ
2523 1870 2870 1941 ἀνακάμψαι
2919 1871 3068 1940 πρὸς
3101 1870 3377 1939 Ἡρώδην,
3418 1867 3490 1920 δι’
3520 1867 3717 1933 ἄλλης
3754 1864 3891 1922 ὀδοῦ

2339 1979 2356 2010 ι
2403 1961 2794 2029 ἀνεχώρησαν
2811 1965 2898 2028 είς
2925 1962 3036 2029 τὴν
3074 1963 3271 2030 χώραν
3298 1959 3512 2014 αὐτῶν.
3537 1958 3750 2012 Ὅθεν⁶¹
3777 1955 3890 2008 ίδὼν

2342 2072 2359 2101 ι
2405 2056 2432 2105 ὁ
2466 2054 2755 2125 αίμοδόρος
2791 2053 3030 2124 Ἡρώδης
3064 2055 3144 2106 δτι
3179 2051 3476 2120 ἐνεπαίχθη
3517 2049 3618 2103 ὑπὸ
3655 2048 3761 2102 τῶν
3791 2047 3890 2118 μά-

2339 2161 2357 2193 ι
2407 2161 2552 2209 γων,
2602 2142 2856 2214 ἐθυμώθη
2898 2143 3041 2198 λίαν.
3101 2145 3207 2197 Kal
3258 2143 3660 2206 ἀποστείλας.
3704 2139 3889 2209 φησὶν.

2340 2251 2356 2282 ι
2404 2232 2604 2284 ἀνεῖλε
2633 2233 2861 2298 πάντας
2888 2231 3029 2298 τοὺς
3069 2231 3285 2296 παῖδας
3318 2229 3459 2294 τοὺς
3491 2229 3561 2280 ἐν
3596 2223 3890 2292 Βηθλεὲμ,

2338 2341 2354 2371 ι
2398 2323 2496 2374 καὶ
2526 2322 2597 2374 ἐν
2619 2321 2766 2376 πᾶσι
2796 2322 2919 2389 τοῖς
2938 2324 3122 2390 ὁρίοις
3147 2319 3360 2388 αὐτῆς,
3393 2318 3510 2373 ἀπὸ
3537 2315 3767 2381 διετοῦς
3798 2312 3888 2366 καὶ

2343 2433 2360 2464 ι
2409 2413 2728 2481 κατωτέρω,
2757 2414 2905 2467 κατὰ
2931 2414 3037 2465 τὸν
3069 2415 3289 2482 χρόνον
3319 2411 3392 2463 ἐν
3425 2409 3716 2477 ἠκρίϐωσε
3743 2402 3891 2471 παρὰ

2347 2523 2363 2553 ι
2411 2503 2526 2556 τῶν
2563 2504 2798 2574 Μάγων.
2856 2505 2988 2559 Μεθ’
3024 2500 3096 2557 ὧν
3133 2505 3223 2556 καὶ
3257 2503 3316 2554 τὸ
3365 2501 3470 2572 πρὸ
3503 2497 3664 2552 αὑτοῦ
3706 2513 3891 2565 γεννηο

671 2606 688 2636 ι
734 2586 825 2638 θὲν
869 2588 1056 2658 ἕτερον
1101 2588 1308 2642 παιδίον
1355 2590 1590 2658 ζητήσας
1624 2590 1960 2654 ἀποκτεῖναι,
2005 2596 2097 2645 καὶ
2144 2596 2218 2665 μὴ
2257 2597 2465 2668 εὑρὼν,
2523 2602 2615 2652 τὸν
2674 2600 2882 2670 πατέρα
2912 2599 3072 2652 αὑτοῦ
3101 2597 3375 2668 Ζαχαρίαν
3413 2593 3666 2662 ὲςόνευσε
3700 2588 3889 2661 μεταξῦ

671 2699 688 2729 ι
734 2681 828 2733 τοῦ
857 2683 982 2736 ναοῦ
1026 2683 1116 2738 καὶ
1157 2682 1250 2736 τοῦ
1283 2683 1664 2755 θυσιαστηρίου
1685 2727 1700 2750 ,
1730 2686 2057 2754 ἐκφυγόντος
2086 2690 2178 2741 τοῦ
2233 2694 2416 2757 mist»;
2448 2695 2514 2725 “‘
2540 2697 2674 2765 μετᾶ
2706 2696 2803 2764 τῆς
2832 2695 3034 2766 μητρδς
3076 2690 3352 2745 Ἐλισάὃετ
3372 2706 3386 2718 ⁸
3421 2688 3512 2756 ἀφ’
3543 2679 3616 2739 ὧν
3653 2683 3890 2753 οὐδεμίαν

673 2793 689 2823 ι
736 2775 940 2844 μέμψιν
973 2777 1184 2846 ἔχουσιν
1201 2777 1245 2808 ⁸³
1455 2797 1474 2830 s

739 2871 896 2924 llus.
926 2868 984 2924 Si
1017 2872 1105 2940 qui
1143 2879 1344 2935 autem,
1386 2872 1580 2942 inquit,
1641 2874 1847 2927 relictis
1881 2873 1996 2928 suis
2061 2871 2235 2927 facul-

668 2962 874 3015 tatibus
901 2971 1265 3026 secesserunt,
1304 2977 1369 3016 ne
1399 2961 1598 3016 detenti
1624 2963 1675 3016 in
1709 2966 2010 3033 periculum
2035 2980 2234 3018 vocen-

2411 2879 2604 2933 ΒΛΔΣ.
2647 2880 2708 2930 Ei
2752 2878 2808 2930 δέ
2857 2894 3026 2940 τινες,
3070 2875 3238 2945 (mat,
3282 2873 3568 2925 κατέλιπον
3613 2871 3710 2934 τὰς
3751 2886 3895 2940 περι-

2341 2971 2524 3033 ουσίας
2552 2970 2730 3022 αὐτῶν
2765 2969 2857 3022 καὶ
2891 2969 3263 3040 ἀνεχώρησαν,
3303 2967 3388 3018 ἵνα
3432 2966 3504 3036 μὴ
3543 2963 3892 3034 κατασχεθένο

672 3064 779 3116 tur,
807 3062 864 3105 ut
895 3055 986 3123 qui
1021 3053 1157 3108 forte
1182 3071 1290 3109 non
1314 3054 1525 3125 possint
1545 3055 1610 3107 ad
1635 3061 1794 3109 linem
1835 3073 2008 3126 usque
2027 3058 2079 3110 in
2106 3072 2233 3110 con-

2342 3079 2432 3125 τες
2460 3062 2906 3122 κινδυνεύσωσιν,
2941 3060 3072 3122 ἴσως
3104 3060 3178 3130 μὴ
3222 3058 3507 3126 δυνάμενοι
3537 3055 3695 3126 μέχρι
3723 3055 3893 3116 τέλους

673 3143 911 3198 fossione
942 3147 1252 3213 persistere,
1285 3157 1503 3216 propter
1530 3155 1794 3200 tortorum
1819 3149 2099 3211 smvitiam,
2131 3165 2236 3202 non

671 3235 1054 3303 culpabuntur,
1089 3237 1300 3292 etiamsi
1358 3238 1448 3290 alii
1496 3237 1701 3292 detenti
1755 3247 1882 3293 sunt
1918 3239 2237 3309 prOptcrip-

671 3343 780 3384 sos.
817 3328 880 3381 lit
907 3330 1128 3383 adducit
1156 3330 1207 3383 in
1239 3332 1542 3399 exemplum
1565 3331 1683 3400 ejus
1707 3331 1781 3384 rei
1812 3333 2006 3401 gratia,
2043 3331 2234 3399 Gajum

669 3422 722 3466 et
771 3415 1172 3479 Aristarchum,
1225 3418 1317 3486 qui
1380 3433 1477 3487 pro
1511 3417 1680 3472 Paulo
1718 3419 1921 3473 detenti
1971 3419 2230 3474 fuerunt:

673 3504 873 3559 milites
927 3507 1018 3574 qui
1075 3507 1293 3561 Petrum
1352 3508 1687 3562 servabant:
1748 3509 1984 3565 infantes
2047 3511 2237 3582 quiab

673 3593 884 3649 Herode
935 3599 1204 3652 interiecti
1252 3607 1379 3654 sunt
1425 3608 1648 3669 propter
1699 3601 2025 3656 Christum:
2077 3613 2129 3656 et
2155 3620 2238 3657 vc-

673 3688 930 3744 nerabilis
996 3691 1282 3760 sanctique
1331 3690 1697 3748 Praecursoris
1751 3703 1958 3763 patrem
2030 3694 2222 3748 Zacha-

677 3781 832 3835 riam.

747 3871 951 3926 ΖοιιΑιι.
1008 3872 1064 3928 Si
1099 3877 1190 3944 qui
1241 3885 1442 3944 autem,
1482 3880 1680 3950 inquit,
1727 3895 1856 3935 suas
1905 3879 2240 3948 reliquerunt

677 3966 1051 4030 possessiones
1101 3982 1165 4020 ac
1201 3979 1567 4036 secesserunt,
1618 3988 1686 4026 ne
1734 3971 1938 4027 detenti
1974 3972 2244 4041 periclita-

679 4065 884 4117 rcntur,
912 4059 1035 4126 quia
1070 4059 1206 4114 forte
1230 4061 1299 4114 ob
1333 4069 1599 4117 tortorum
1634 4065 1894 4117 smvitiam
1949 4065 2000 4116 in
2026 4062 2242 4118 confes-

679 4146 831 4200 sione
887 4147 954 4201 ad
1015 4148 1171 4204 tinem
1225 4167 1398 4222 usque
1446 4155 1739 4222 persistere
1805 4155 1946 4209 haud
2007 4159 2238 4224 possint.

677 4236 890 4291 etiamsi
921 4237 1160 4309 ipsorum
1194 4256 1360 4296 causa
1390 4245 1481 4297 alii
1511 4245 1718 4300 detenti
1771 4262 1834 4299 ac
1869 4248 2044 4316 poenis
2067 4247 2241 4300 affecti

680 4325 899 4390 fuerint,
928 4331 1149 4386 minime
1172 4345 1297 4390 sunt
1327 4339 1643 4392 accusandi.
1696 4337 2043 4407 Rursumque
2064 4355 2245 4393 exem-

676 4419 823 4487 plum
873 4437 937 4475 ex
988 4426 1298 4491 apostolicis
1333 4427 1485 4483 Actis
1520 4427 1758 4493 adducit,
1805 4429 1994 4484 dicens
2047 4430 2242 4499 Ephesi

2340 3155 2593 3224 ἐμμεῖναι
2648 3155 2714 3223 τῇ
2761 3151 3019 3222 ὁμολογίᾳ
3060 3150 3146 3202 διὰ
3177 3149 3274 3220 τὴν
3301 3149 3408 3201 τῶν
3442 3147 3769 3212 κολαζόντων
3797 3147 3893 3198 ἀπο

2343 3244 2546 3314 ήνειαν,
2565 3244 2662 3296 οὐκ
2694 3243 3140 3312 ἐγκληθήσονται,
3157 3241 3260 3294 κᾶν
3284 3241 3376 3293 καὶ
3398 3240 3571 3310 ἕτεροι
3589 3237 3896 3307 κατεσχέθη-

2343 3351 2442 3387 σαν
2475 3335 2539 3386 δι’
2570 3334 2780 3397 αύτούς.
2818 3335 2925 3386 Καὶ
2955 3334 3189 3405 παράγει
3214 3333 3372 3403 χάριν
3404 3331 3592 3385 τούτου
3621 3333 3701 3394 είς
3731 3330 3897 3398 παρά·

2343 3425 2540 3494 δειγμα
2591 3425 2680 3477 τὸν
2723 3425 2878 3477 Γάϊον
2925 3425 3016 3476 καὶ
3058 3425 3148 3476 τὸν
3197 3424 3584 3494 Ἀρίσταρχον,
3630 3423 3756 3484 τοὺς
3788 3418 3898 3474 ἀντὶ

2344 3516 2553 3568 Παύλου
2577 3515 3003 3584 κατασχεθέντας
3024 3532 3036 3544 ·
3062 3515 3185 3578 τοὺς
3216 3512 3544 3584 στρατιώτας
3565 3513 3690 3574 τοὺς
3719 3508 3896 3579 φυλάτ-

2343 3625 2532 3671 τοντας
2557 3607 2646 3659 τὸν
2672 3608 2876 3678 Πέτρον
2899 3625 2912 3637 °
2950 3607 3016 3660 τὰ
3048 3607 3216 3676 νήπια
3253 3608 3320 3657 τὰ
3352 3603 3500 3674 παρὰ
3530 3602 3629 3656 τοῦ
3672 3600 3893 3672 ’Πράβου

2347 3699 2696 3770 ἀναιρεθέντα
2739 3698 2826 3752 διὰ
2866 3699 2956 3751 τὸν
3007 3699 3276 3770 Χριστόν
3319 3695 3532 3749 καὶτὸν
3584 3693 3762 3764 τιμίου
3812 3693 3896 3744 καὶ

2345 3790 2496 3856 ἁγίου
2524 3788 2839 3861 Προδρόμου
2869 3790 3074 3860 πατέρα
3102 3791 3397 3859 Ζαχαρίαν.

2376 3886 2380 3892 ’
2417 3881 2658 3933 ΖΩΝΑΡ.
2703 3883 2760 3934 ll.
2790 3881 2843 3933 δέ
2875 3899 3020 3944 τινες
3042 3921 3056 3943 ,
3095 3882 3262 3950 φησὶ,
3295 3879 3586 3932 κατέλιπον
3616 3878 3714 3940 τὰς
3757 3892 3893 3946 περι⁶

2347 3973 2531 4032 ουσίας
2563 3972 2742 4023 αὐτῶν
2767 3975 2858 4024 καὶ
2886 3971 3362 4044 ἀνεχώρησαν,ῖνα
3394 3971 3466 4042 μὴ
3489 3969 3894 4039 κατασχεθέντες

2350 4062 2725 4114 κινδυνεύσωτ.
2747 4105 2779 4123 .,
2820 4063 2947 4126 ἴσως
2982 4062 3055 4132 μὴ
3087 4063 3374 4132 δυνάμενοι
3415 4061 3575 4133 μέχρι
3606 4061 3786 4121 τέλους
3809 4058 3894 4126 ἐμ·

2355 4155 2614 4225 μεῖναιέῇ
2639 4155 2895 4224 ὁμολογία
2914 4155 2999 4207 διὰ
3017 4155 3113 4223 τὴν
3138 4142 3249 4206 τῶν
3273 4153 3607 4216 κολαζόντων
3627 4153 3893 4220 ἀπήνειαν.

2350 4248 2448 4298 οὑκ
2485 4245 2944 4316 ἐγκληθήσονται,
2997 4247 3114 4299 ούδέ
3150 4249 3198 4298 εί
3234 4245 3302 4298 δι’
3349 4245 3547 4307 αὐτοὺς
3587 4244 3759 4312 ἕτεροι
3788 4256 3894 4293 κατ-

2351 4338 2650 4409 εσχέθησαν
2703 4339 2796 4391 καὶ
2841 4337 3230 4408 ἐκολάσθησαν.
3275 4338 3383 4390 Καὶ
3438 4335 3598 4389 πάλιν
3650 4334 3753 4386 ἀπὸ
3799 4329 3892 4382 τῶν

2353 4429 2611 4500 Ηράξεων
2655 4429 2848 4497 ἐπάγει
2907 4428 3255 4499 παράδειγμα
3317 4425 3525 4493 λέγων,
3583 4425 3667 4476 ὅτι
3720 4421 3806 4475 καί⁵
3845 4420 3892 4470 ἐν

679 4525 1014 4580 quoquepro
1042 4512 1211 4569 Paulo
1257 4520 1681 4588 comprehensos
1743 4520 1913 4576 fuisse
1955 4495 2147 4589 Gajuiu
2191 4529 2233 4574 el

2362 4520 2569 4590 Ἐρέσῳ
2615 4521 2732 4573 ἀντὶ
2773 4519 2867 4572 τοῦ
2913 4519 3122 4571 Παύλου
3159 4517 3583 4589 συνηρπάγησαν
3625 4514 3778 4575 Γαῖος
3815 4511 3892 4562 καὶ

678 4599 1094 4670 Aristarchum;
1129 4622 1228 4660 nec
1269 4618 1447 4662 tamen
1502 4611 1572 4664 ob
1622 4613 1672 4664 id
1730 4618 2049 4666 accusatum
2099 4609 2242 4664 Pau-

681 4689 789 4740 lum
819 4708 831 4742 :
869 4706 1044 4761 neque
1067 4692 1284 4749 Petrum
1323 4698 1390 4750 ab
1411 4700 1602 4769 angelo
1631 4716 1660 4754 e
1683 4701 1932 4755 custodia
1963 4699 2240 4761 eductum,

678 4794 801 4832 cum
837 4780 882 4835 is
923 4783 1140 4850 quidem
1175 4787 1361 4856 eﬂ'ugit
1412 4790 1748 4857 periculum;
1797 4792 1889 4859 qui
1941 4806 2068 4845 vero
2093 4790 2240 4843 illum

679 4874 1056 4929 custodiebant
1087 4879 1305 4942 milites,
1341 4882 1410 4934 ob
1433 4881 1580 4934 illum
1599 4883 1864 4950 supplicio
1891 4881 2063 4936 σίτοιςιὶ
2093 4890 2237 4935 sunt.

680 4961 799 5017 Mox
832 4966 977 5020 aliud
1005 4984 1218 5040 quoque
1247 4973 1548 5040 exemplum
1583 4987 1646 5026 ex
1673 4971 1964 5041 Evangelio
2003 4974 2240 5038 adhibet,

678 5066 866 5107 eorum
896 5058 989 5126 qui
1052 5059 1120 5112 ab
1176 5060 1386 5116 Herode
1426 5063 1697 5117 interfecti
1757 5056 1884 5117 sunt
1912 5078 2238 5131 puerorum;

752 5201 780 5230 ι
809 5186 920 5244 Isa.
957 5209 1073 5255 vnn,
1110 5194 1170 5258 3,
1208 5198 1260 5251 4.
1339 5198 1365 5237 h
1391 5196 1584 5251 Matth.
1626 5199 1890 5262 1511-15.

2000 5210 2018 5235 ι·
2049 5198 2176 5255 ibid.
2205 5200 2290 5253 ili.

2363 4609 2714 4680 Ἀρίσταρχος
2733 4629 2746 4640 '
2783 4611 2896 4663 ἀλλ’
2927 4613 2954 4663 ὁ
2980 4609 3189 4672 Παῦλος
3222 4609 3311 4661 διὰ
3341 4606 3496 4658 τοῦτο
3533 4607 3633 4658 οὐκ
3677 4601 3888 4675 ᾐτιάθη¹

2350 4699 2469 4751 οὔτε
2499 4702 2526 4751 ὁ
2557 4701 2760 4771 Πέτρος
2796 4700 2899 4753 ὑπὸ
2927 4700 3160 4768 ἀγγέλου
3192 4699 3293 4762 τῆς
3325 4696 3568 4766 φυλακῆς
3598 4693 3862 4764 ἐκϐληθεὶς
3879 4726 3890 4752 ε

2348 4791 2435 4841 ὅτε
2470 4793 2674 4852 ἐκεῖνος
2705 4791 2801 4860 μὲν
2832 4791 3013 4861 διέδρα
3053 4791 3141 4843 τὸν
3167 4789 3426 4849 κίνδυνον,
3454 4788 3502 4839 oi
3535 4787 3590 4838 δὲ
3620 4786 3890 4854 φυλάσσον-

2347 4898 2435 4942 τες
2482 4883 2643 4936 αὑτὸν
2695 4884 3024 4953 στρατιῶται
3058 4882 3122 4934 δι’
3155 4884 3360 4935 ἐκεῖνον
3388 4878 3771 4948 ἐκολάσθησαν.
3799 4873 3892 4927 Καὶ

2352 4973 2458 5024 ἀπὸ
2491 4974 2582 5024 τοῦ
2612 4975 2941 5043 Εὑαγγελίου
2971 4974 3327 5042 ὑποδείγματι
3381 4972 3638 5040 κέχρηται
3673 4971 3777 5031 τοῖς
3804 4962 3890 5018 ὑπὸ

2346 5064 2439 5116 τοῦ
2492 5065 2726 5136 Ἡρώδου
2772 5067 3103 5138 ἀναιρεθεῖσι
3155 5065 3331 5117 παισί·
3375 5063 3441 5114 δι’
3473 5063 3528 5126 ἂ,
3577 5062 3765 5132 φησὶν,
3810 5058 3889 5111 οὐκ

1963 5319 2190 5373 νΛΠΙᾹΞ
2221 5316 2614 5370 LECTiONES.

738 5424 830 5457 ""
852 5426 1040 5493 ὀξέως.

682 5491 854 5565 ἔσχον.

753 5613 861 5672 (Ml
910 5615 1248 5683 Ἐξέφυγεν.
1300 5615 1418 5673 Mr...
1465 5617 1718 5683 ἐξέφυγε·
1757 5613 1885 5682 δίεπ’
1928 5608 2001 5666 ὧν
2039 5615 2131 5668 καὶ
2177 5614 2235 5666 τὸ

685 5684 788 5753 πρὸ
825 5685 984 5754 αὑτοῦ
1019 5685 1271 5754 γεννηθὲν
1303 5687 1528 5746 παιδίον,
1559 5707 1608 5738 κ.
1639 5705 1686 5738 τ.
1725 5690 1796 5739 λη
1827 5684 2105 5739 sublinetu
2145 5701 2233 5736 ca-

685 5752 862 5806 nduis.
900 5752 1123 5820 Reliqua
1159 5752 1472 5810 iutcrmedia
1503 5757 1694 5809 desunt
1730 5758 1781 5810 in
1814 5757 2016 5810 codicm
2051 5755 2231 5821 Neque

1138 5430 1248 5459 ""‘
1273 5431 1304 5498 ἦ
1331 5449 1436 5484 om.
1498 5435 1542 5463 ⁵⁹
1567 5435 1624 5486 τὸ
1656 5434 1885 5488 παιδίον.
1967 5434 2008 5463 ⁶⁰
2049 5431 2376 5504 καιριώτερα
2404 5435 2494 5486 καὶ
2528 5435 2967 5505 πρεπωδέστερα.
3038 5434 3079 5464 ⁸³
3103 5430 3274 5491 ἔνθεν,
3313 5426 3626 5480 ⁶¹“παιδὶου.
3691 5425 3732 5455 ⁸³
3757 5417 3884 5492 ἐφ’...

2354 5631 2484 5669 sane
2520 5614 2804 5689 Balsamfm
2837 5621 2887 5664 et
2915 5609 3154 5689 gemmas
3179 5607 3468 5689 tia-legisse
3492 5601 3755 5689 fiderit-tr:

2415 5686 2521 5753 (15')
2574 5687 2684 5750 ‘A'p‘
2712 5678 2797 5735 ὧν
2921 5681 3188 5747 ἔχουσιν.
3230 5675 3351 5740 Μδξ,
3382 5675 3462 5741 ἔρρ’
3485 5675 3525 5740 ᾧ
3647 5675 3808 5740 ἔσχον.
