4036 6320
149 387 240 445 515

1584 394 2029 446 FRAGMENTA.

3286 400 3389 451 ιςη

142 513 248 551 σαν.
292 499 394 553 Διὰ
437 504 547 574 γὰρ
581 500 739 554 τοῦτο
776 501 868 553 καὶ
896 500 925 550 6
950 500 1435 572 νενομοθετημένος
1470 502 1575 572 μὴν
1604 502 1704 556 τῶν

1817 511 2001 555 tatem.
2036 500 2161 557 Ideo
2183 503 2381 572 quippe
2409 505 2612 559 mensis
2635 519 2901 559 novorum
2928 520 2957 559 a
2982 506 3099 576 lege
3128 504 3390 565 inductus

142 590 263 644 νέων
288 592 435 665 ἀρχὴ
467 593 673 663 μηνῶν,
718 592 809 644 καὶ
838 590 1052 661 πρῶτος
1081 594 1139 646 ὲν
1166 594 1278 654 τοῖς
1314 594 1448 663 μησὶ
1475 592 1567 645 τοῦ
1599 595 1704 646 ἑνι-

142 682 291 736 αυτοῦ
340 682 647 755 ἐγνωρίσθη
681 685 809 753 ἡμῖν
829 699 842 713 ο
876 684 970 737 καὶ
1002 683 1107 736 ὑπὸ
1150 683 1258 736 τῶν
1300 684 1544 737 παλαιῶν
1576 700 1708 752 συγ-

142 777 388 846 γραφέων
421 778 529 829 τῶν
548 776 653 847 πρὸ
678 777 774 846 τῆς
795 775 1049 840 ἁλώσεως
1080 777 1178 847 τῆς
1222 777 1529 849 Ἱερουσαλὴ
1538 795 1595 848 μ,
1618 780 1709 832 καὶ

139 865 236 918 ὑπὸ
264 865 376 920 τῶν
408 867 547 919 νέων
589 865 699 918 τῶν
746 866 882 935 μετὰ
905 866 1002 937 τὴν
1034 867 1231 921 ἅλωσιν
1272 868 1485 939 ἐδείχθη
1524 869 1707 939 ὁροθε-

140 958 251 1011 σίαν
280 961 430 1027 ἔχειν
457 958 935 1029 είλικρινεστάτην,
972 960 1067 1012 καὶ
1094 962 1599 1031 καταφανεστάτην,
1624 961 1710 1015 διὰ

136 1050 193 1101 τὸ
221 1049 458 1119 μάλιστα
498 1048 606 1102 ἐσθ’
640 1052 727 1103 ὅτε
772 1051 870 1120 μὲν
899 1050 968 1103 τὰ
1009 1051 1104 1105 νέα
1136 1052 1193 1104 εν
1224 1068 1333 1104 τισι
1360 1053 1544 1116 τόποις
1574 1070 1707 1124 προ-

140 1139 466 1211 λαμϐάνεινι,
492 1139 600 1193 ἔσθ’
632 1142 718 1194 ὅτε
739 1141 796 1195 δὲ
826 1143 1068 1212 ὑστερεῖν
1096 1142 1157 1196 τὸ
1188 1144 1317 1197 ποτὲ
1348 1144 1589 1216 πρώϊμα,
1614 1162 1710 1197 πο-

139 1232 191 1284 τὲ
236 1231 411 1301 ὄψιμα
458 1231 738 1300 γενέσθαι·
799 1234 1081 1305 ὼπεροῦν
1126 1238 1219 1288 καὶ
1264 1238 1380 1288 κατ’
1411 1237 1575 1307 αὐτὴν
1612 1236 1708 1306 τὴν

139 1325 304 1394 ἀρχὴν
323 1325 428 1394 τῆς
450 1326 555 1396 πρὸ
580 1325 674 1379 τοῦ
703 1327 895 1396 Πάσχα
923 1327 1244 1397 νομοθεσίας
1271 1329 1497 1397 ἐγίνετο,
1527 1329 1708 1392 καθὼς

139 1415 439 1486 γέγραπται
457 1434 469 1445 ’
506 1418 557 1469 Ὁ
586 1416 653 1471 δὲ
678 1418 869 1485 πυρὸς
896 1419 993 1471 καὶ
1028 1421 1065 1486 ἠ
1097 1418 1287 1487 ὅλυρα
1314 1422 1424 1473 οὐκ
1450 1419 1705 1490 ἐπλήγη,

139 1508 317 1577 lima
347 1508 455 1578 γὰρ
498 1505 764 1579 ἧν.”Οθεν
790 1509 968 1572 καλῶς
1000 1511 1419 1581 νενομοθέτηται
1456 1511 1565 1565 ἀπὸ
1611 1512 1709 1581 τῆς

138 1599 349 1670 εαρινῆς
377 1601 683 1673 ἰσημερίας,
711 1603 788 1664 εἰς
817 1602 1008 1655 ὁποίαν
1034 1601 1081 1654 δ’
1108 1603 1172 1655 ἂν
1197 1603 1465 1673 ἑβδομάδα
1493 1604 1709 1675 ἐμπέσῃ

140 1691 813 1761 ήτεσσαρεσκαιδεκαταία
852 1690 945 1744 τοῦ
985 1691 1202 1761 πρώτου
1239 1692 1424 1761 μηνὸς,
1458 1693 1515 1745 ἐν
1572 1693 1707 1763 αὐτῇ

141 1782 397 1835 ἐπιτελεῖν
430 1783 490 1835 τὸ
521 1784 731 1853 Πάσχα,
768 1783 904 1855 μετὰ
936 1782 1029 1838 τοῦ
1076 1786 1169 1837 καὶ
1207 1784 1457 1855 ἐγκώμια
1492 1802 1711 1855 πρεπω-

1812 594 2079 647 mensium
2107 592 2428 657 exordium,
2465 608 2528 646 ac
2572 595 2779 664 primus
2807 596 2949 651 inter
2994 595 3125 651 anni
3172 612 3390 653 menses

1812 684 1970 739 nobis
1998 692 2164 739 notus
2196 682 2374 739 factus
2400 692 2483 738 est
2512 702 2523 735 :
2556 691 2611 738 et
2642 684 2713 737 ab
2750 686 2989 756 antiquis
3026 686 3390 756 scriptoribus

1811 772 1903 843 qui
1934 782 2081 835 ante,
2106 782 2159 828 et
2189 788 2218 827 a
2249 773 2645 843 posterioribus
2686 774 2779 844 qui
2810 786 2929 843 post
2968 774 3387 848 Hierosolymo-

1811 880 1931 918 rum
1956 864 2227 920 excidium
2262 865 2446 919 vixere
2469 906 2483 929 ,
2519 865 2957 920 sincerissimum
2990 882 3053 921 ac
3083 866 3385 923 evidentis-

1811 956 2008 1009 simum
2040 956 2242 1010 habere
2274 956 2567 1010 terminum
2601 956 3033 1011 demonstratum
3075 965 3159 1014 est
3193 978 3206 1013 :
3241 973 3382 1027 pra-

1810 1047 2033 1109 scrtim,
2077 1046 2221 1115 quod
2251 1062 2389 1100 nova
2433 1046 2705 1101 interdum
2755 1048 3081 1117 quibusdam
3130 1050 3187 1103 in
3248 1050 3387 1104 locis

1809 1138 2059 1210 praeverti
2114 1157 2126 1192 :
2181 1140 2454 1193 interdum
2489 1140 2653 1193 etiam
2706 1140 2891 1200 refici,
2946 1142 3026 1194 vel
3059 1142 3237 1197 serius
3269 1141 3385 1196 ﬁeri

1809 1230 2077 1300 precocia
2120 1232 2435 1300 contingat,
2488 1232 2762 1300 quomodo
2808 1240 2926 1287 erat
2968 1233 3022 1285 in
3081 1233 3203 1303 ipso
3259 1242 3387 1289 ante

1810 1322 2022 1376 Pascha
2074 1321 2434 1389 legislationis
2493 1323 2651 1377 initio
2687 1342 2699 1377 :
2732 1324 2889 1393 juxta
2935 1325 3079 1394 quod
3116 1327 3387 1394 scripturn

1810 1422 1894 1467 est
1920 1414 1976 1466 ¹ε
2015 1412 2273 1465 Triticum
2318 1423 2490 1465 autent
2534 1424 2581 1467 et
2617 1416 2704 1483 far
2735 1432 2839 1468 non
2890 1413 3021 1469 sunt
3052 1418 3213 1477 Ima,
3260 1418 3388 1487 quia

1811 1506 2043 1559 serotina
2078 1514 2249 1558 erant.
2312 1504 2467 1561 Unde
2498 1515 2644 1561 recte
2667 1524 2696 1561 a
2729 1510 2844 1579 lege
2876 1512 3256 1579 przescriptum
3277 1508 3384 1573 est,

1813 1606 1918 1650 uta
1942 1611 2110 1649 verno
2125 1598 2474 1665 acquinoctio,
2501 1601 2553 1653 in
2579 1615 2961 1670 quamcunque
2991 1600 3385 1656 hebdomadem

1813 1686 2019 1740 incidat
2070 1689 2478 1760 decimaquarta
2514 1691 2676 1762 primi
2712 1693 2936 1754 mensis,
2970 1694 3024 1747 in
3058 1694 3148 1748 illa
3175 1691 3385 1749 Pascha

1812 1787 2025 1847 agatur,
2059 1783 2291 1850 sumptis
2320 1783 2475 1851 prius
2509 1783 2577 1836 ad
2610 1782 2742 1837 illud
2768 1785 3152 1839 celebrandum
3182 1786 3385 1842 decen-

137 1872 357 1929 δέστατα
385 1877 477 1929 καὶ
503 1875 954 1946 ἀρμοστικὼτατα
998 1878 1077 1940 είς
1106 1876 1264 1929 τοῦτο
1299 1878 1704 1949 παρειληφέναι.

1816 1870 1959 1925 tibus
1995 1886 2057 1925 ac
2090 1874 2472 1928 consentaneis
2496 1875 2781 1929 encomiis.
2832 1873 3041 1929 Primus
3071 1877 3209 1929 enim
3236 1917 3252 1938 ,
3294 1878 3383 1933 in-

138 1964 364 2031 Πρῶτος
406 1965 537 2035 γὰρ,
567 1968 751 2037 φησὶν,
781 1964 957 2033 οὗτος
977 1968 1103 2036 μὴν
1131 1968 1273 2036 ὑμῖν
1303 2010 1315 2021 .
1344 2009 1355 2020 .
1384 2009 1397 2022 .
1433 1971 1531 2022 καὶ
1553 1969 1707 2038 ἀρχὴ

135 2058 333 2127 μηνῶν
352 2059 423 2111 ἐν
452 2059 576 2126 τοῖς
592 2061 787 2129 μησὶν
804 2061 907 2115 τοῦ
929 2060 1207 2115 ἐνιαυτοῦ
1230 2059 1548 2130 γέγῬαπται
1568 2079 1581 2091 ·
1618 2063 1706 2115 ὅτε

139 2151 165 2202 6
198 2151 291 2219 μὲν
320 2151 470 2221 ἣλιος
502 2153 558 2203 ἐν
592 2152 739 2222 θέρει
772 2153 1060 2223 γενόμενος
1086 2152 1156 2206 τὰ
1182 2154 1336 2222 φῶτα
1369 2154 1585 2206 πλείονα
1616 2154 1706 2207 καὶ

139 2237 483 2310 λαμπρότερα
504 2241 827 2293 ἀποδίδωσιν
848 2258 861 2271 ο
896 2243 927 2312 ἡ
952 2242 1007 2294 δὲ
1053 2244 1230 2315 ἡμέρα
1266 2244 1703 2315 ὲπεκτελινομένη,

144 2330 508 2398 μεγεθύνεται,
536 2332 637 2401 τῆς
667 2332 859 2396 νυκτὸς
899 2334 1367 2404 ὑποστελλομὲνης
1396 2335 1488 2387 καὶ
1528 2351 1707 2403 μειου-

144 2420 331 2490 μένηςο
362 2421 433 2472 τὰ
456 2421 511 2472 δὲ
540 2422 635 2472 νέα
669 2420 959 2491 σπέρματα
1006 2422 1386 2493 ὲπανθήσαντα
1428 2422 1706 2475 διακαθαί-

142 2528 284 2581 ρεται
320 2513 399 2575 είς
442 2511 539 2575 τὰς
583 2513 794 2576 ἅλωνας
835 2514 1291 2583 συγκομιζόμενα.
1323 2514 1395 2567 Οὐ
1430 2514 1537 2584 μὴν
1571 2514 1707 2568 ἀλλὰ

140 2605 226 2653 καὶ
255 2602 430 2654 πάντα
465 2600 535 2654 τὰ
583 2602 854 2675 ἀκρόδρυα
898 2603 1181 2673 βλαστάνει
1217 2606 1309 2656 καὶ
1336 2604 1558 2657 ἐπανθεῖ
1581 2606 1704 2657 ἐπι-

142 2692 319 2763 χωρῆσ
351 2733 364 2746 .
393 2732 407 2746 .
431 2732 445 2745 .
478 2694 811 2763 ὲπαγὸμενα.
839 2695 1057 2757 Εὐθέως
1084 2695 1214 2763 γοῦν
1260 2696 1706 2766 ὲπικαταλαμὸἀ-

141 2799 311 2836 νονται
359 2785 418 2835 ὲν
449 2784 770 2854 παραλλαγῇ
809 2785 1077 2854 διαςὸρων
1126 2787 1221 2838 καὶ
1267 2786 1524 2839 ποικίλων
1566 2804 1703 2858 καρ-

139 2876 282 2930 πῶν·
316 2877 390 2940 ὡς
430 2878 523 2930 καὶ
567 2878 841 2947 σταφυλήν
867 2896 995 2931 ποτε
1022 2879 1365 2948 εὑρίσκεσθαι
1396 2883 1515 2933 κατ’
1545 2881 1705 2933 αὑτὸν

137 2966 223 3018 τὸν
264 2968 469 3039 καιρὸν,
506 2966 689 3031 καθὼς
734 2969 826 3020 καὶ
871 2970 897 3020 6
944 2968 1238 3041 νομοθέτης
1287 2971 1452 3040 φησὶ,
1500 2971 1608 3025 Καὶ
1645 2975 1704 3025 αἱ

138 3059 347 3128 ἡμέραι
392 3061 588 3128 ἔαρος,
636 3061 957 3131 πρόδρομοι
1000 3062 1340 3132 σταφυλῆς,
1394 3064 1555 3133 ἡνίκα
1596 3066 1702 3117 ἀπ-

147 3150 344 3203 έστειλε
375 3154 498 3215 τοὺς
528 3153 1064 3217 κατασκοπεύσοντας
1094 3154 1191 3226 τὴν
1208 3155 1580 3226 γῆν,ἧνεγκαν
1612 3157 1701 3208 τὸν

1810 1963 1928 2030 quit
1968 1965 2011 2023 ',
2062 1962 2146 2016 hic
2203 1965 2397 2017 mensis
2456 1964 2600 2019 vobis
2649 1967 2967 2035 principium
3025 1968 3282 2023 mensium
3328 1971 3385 2023 in

1809 2052 2075 2107 mensibus
2104 2055 2231 2107 anni
2256 2055 2483 2122 scriptus
2522 2063 2601 2108 est
2625 2069 2644 2107 :
2680 2071 2805 2109 cum
2836 2057 2917 2111 sol
2943 2058 3152 2112 scilicet
3194 2060 3385 2114 aestivo

1809 2153 2054 2215 tempore
2101 2146 2257 2215 plura
2301 2148 2460 2216 longe
2492 2148 2695 2202 lumina
2742 2157 2796 2203 et
2843 2149 3076 2204 clariora
3128 2152 3379 2205 emittit:

1807 2238 1925 2291 dies
1956 2253 2084 2291 vero
2114 2239 2457 2307 producitur,
2495 2240 2662 2310 ﬁtque
2692 2240 2889 2309 major,
2942 2242 3071 2295 dum
3106 2257 3213 2295 nox
3246 2258 3383 2297 con-

1809 2332 2047 2384 trahitur
2067 2345 2132 2384 ac
2162 2332 2429 2384 minuitur
2460 2350 2474 2386 :
2510 2347 2651 2385 nova
2684 2347 2847 2401 porro
2879 2335 3086 2387 semina
3124 2349 3247 2387 cum
3283 2334 3381 2389 ilo-

1807 2424 2048 2485 ruerint,
2116 2430 2553 2491 perpurgantur,
2606 2430 2661 2477 et
2714 2424 2780 2476 avl
2822 2439 2979 2478 areas
3033 2423 3373 2479 deferuntur.

1803 2512 1988 2582 Neque
2018 2521 2198 2566 tamen
2233 2513 2336 2567 ista
2384 2512 2667 2576 duntaxat,
2696 2511 2789 2565 sed
2820 2521 2873 2565 et
2912 2515 3164 2567 universa
3202 2516 3379 2582 pullu-

1799 2606 1915 2659 lant
1935 2605 2177 2667 arbusta,
2196 2604 2323 2659 etin
2344 2602 2503 2658 nores
2518 2604 2769 2657 evadunt.
2794 2601 2987 2655 Statim
3016 2604 3177 2671 igitur
3199 2607 3378 2660 varios

1807 2693 2160 2763 diversasque
2194 2694 2405 2748 fructus
2444 2693 2753 2748 alternatim
2800 2693 3047 2747 emittere
3079 2693 3381 2753 deprehen—

1806 2786 2043 2850 duntur;
2075 2787 2149 2837 ita
2185 2791 2243 2837 ut
2272 2786 2541 2839 interdum
2586 2785 2778 2838 botrus
2803 2825 2817 2847 ,
2865 2785 3138 2839 interdum
3170 2785 3381 2841 fructus

1807 2878 1948 2930 alius
1992 2891 2100 2929 uno
2128 2874 2427 2945 eodemque
2468 2885 2710 2946 tempore
2746 2877 3069 2945 reperiatur,
3118 2879 3381 2945 quemad-

1806 2968 2026 3022 modum
2064 2969 2139 3022 ait
2180 2969 2458 3037 legislator
2483 2968 2503 2998 ³
2534 2987 2547 3021 :
2582 2967 2652 3021 Et
2696 2968 2809 3022 dies
2846 2971 2979 3023 veris
3029 2985 3379 3037 precursores

1808 3061 1978 3125 botri,
2037 3058 2259 3130 quando
2312 3061 2463 3115 misit
2517 3061 2611 3129 qui
2662 3061 3077 3130 specularentur
3139 3071 3376 3126 terram,

1807 3152 2110 3205 attulerunt
2142 3151 2414 3221 ingentem
2455 3152 2671 3205 botrum
2723 3154 2775 3205 in
2808 3153 3088 3217 vectibus,
3125 3152 3193 3208 de
3222 3154 3382 3208 malis

143 3242 309 3311 μέγαν
343 3242 530 3315 βότρυν
570 3247 627 3299 ὲν
663 3245 1010 3317 ἀιιαφορεῦσι,
1046 3247 1136 3299 καὶ
1174 3248 1280 3299 ἀπὸ
1308 3248 1416 3300 τῶν
1448 3248 1584 3319 ῥοῶν
1612 3250 1704 3301 καὶ

1807 3258 2024 3314 quoque
2041 3246 2281 3312 grauatis
2301 3251 2356 3297 et
2398 3243 2466 3297 de
2493 3241 2878 3297 iicubus.Tum
2909 3244 3053 3297 enim
3096 3244 3383 3299 aitcoudi-

141 3331 243 3385 ἀπὸ
284 3333 387 3387 τῶν
433 3335 630 3388 συκῶν.
660 3336 790 3388 Τότε
829 3336 957 3406 γὰρ,
988 3336 1061 3399 ὥς
1102 3353 1254 3403 φασι,
1283 3338 1377 3389 καὶ
1417 3340 1445 3389 6
1483 3338 1704 3406 κτίστης

144 3426 229 3477 κιὶ
270 3428 299 3479 6
341 3427 667 3498 δημιουργὸς
696 3428 803 3479 τῶν
844 3428 1097 3481 ἁπάντων
1122 3428 1254 3490 Θεὸς
1281 3428 1434 3496 ἡμῶν
1467 3426 1700 3491 αἰώνιος,

143 3516 205 3571 τὰ
238 3520 406 3572 πάντα
440 3522 824 3589 συνεστήσατο,
856 3523 935 3583 εἰς
963 3520 1105 3591 ἅπερ
1133 3520 1407 3584 κατέλεξε·
1435 3523 1704 3588 Blemm-

142 3611 296 3663 σάτω
321 3612 355 3677 ἠ
383 3611 459 3681 τῆ
478 3611 753 3679 ,ϐοτάνην
780 3611 1016 3679 χόρτου,
1057 3611 1307 3680 σπεζοον
1332 3614 1567 3679 σπέρμα
1594 3630 1700 3665 κα-

142 3700 210 3752 τὰ
234 3700 399 3769 γένος
436 3701 537 3753 καὶ
563 3702 690 3754 καθ’
715 3702 1047 3769 ὁμοιότητα,
1072 3702 1166 3754 καὶ
1197 3702 1387 3765 ξύλον
1412 3701 1703 3771 κάρπιμον

146 3789 347 3843 ποιοῦν
369 3790 618 3858 καρπὸν,
646 3786 716 3845 οὗ
760 3790 825 3844 τὸ
868 3794 1104 3860 σπέρμα
1140 3792 1324 3846 αὐτοῦ
1353 3794 1502 3847 κατὰ
1534 3792 1704 3863 γένος

143 3879 232 3933 ἐπὶ
258 3880 363 3949 τῆς
382 3881 514 3949 τῆς.
561 3882 669 3935 Καὶ
695 3883 1016 3952 ἐπήνεγκεν,
1046 3885 1148 3946 ὅτι,
1180 3876 1289 3938 ¹Καὶ
1330 3884 1566 3953 ἐγένετο
1607 3885 1705 3938 οὔ·

144 3989 233 4029 τω.
263 3975 366 4028 Καὶ
402 3975 546 4045 μάλα
584 3974 761 4037 καλῶς
794 3974 887 4028 καὶ
928 3974 1151 4038 δικαίως
1184 3974 1408 4044 ὲξέφανε
1450 3975 1540 4027 τὸν
1575 3976 1703 4046 παρ’

156 4064 408 4135 Ἑϐραίοις
446 4066 877 4137 νομοθετηθέντα
910 4067 1125 4137 πρῶτον
1160 4068 1302 4137 μῆνα
1326 4086 1337 4098 ⁸
1368 4069 1425 4120 ὃν
1460 4068 1704 4137 ἔγνωμεν

146 4156 541 4227 πεφυλαγμένον
594 4159 742 4229 παρὰ
792 4158 1060 4222 Ἰουδαίοις
1105 4160 1267 4230 μέχρι
1309 4160 1408 4229 τῆς
1452 4160 1704 4224 ἁλώσεως

155 4246 510 4319 Ἰερουσαλὴμ,
542 4249 631 4303 διὰ
676 4251 737 4303 τὸ
784 4250 1016 4320 μάλιστα
1056 4251 1323 4318 Ἐὅραίοις
1348 4251 1487 4303 οὓτω
1527 4268 1705 4324 παραυ

144 4338 445 4393 δεδωκέναι⁸
498 4340 638 4411 μετά
688 4341 745 4393 δὲ
792 4344 888 4412 τὴν
925 4343 1121 4396 ἆλωσιν
1160 4344 1523 4414 λεληρημένον
1563 4345 1704 4397 κατά

144 4445 257 4481 τινα
291 4432 377 4485 καὶ
408 4433 466 4484 ὲν
503 4432 678 4503 τούτῳ
704 4430 957 4502 πώρωσιν
977 4450 990 4462 ο
1022 4433 1189 4505 ὅνπερ
1230 4435 1389 4503 ἡμεῖς
1429 4433 1701 4504 ἑνθέσμως

148 4520 236 4573 καὶ
275 4522 574 4592 εἰλικρινῶς
623 4524 1005 4596 ἐπιτηροῦντες
1059 4523 1454 4595 παρελάϐομεν.
1491 4525 1599 4579 Kal
1644 4526 1702 4577 ὲν

145 4611 308 4683 τούτῳ
341 4615 481 4669 κατά
513 4656 527 4669 .
556 4656 571 4669 .
600 4657 614 4670 .
642 4618 824 4688 ῥητὸν,
849 4617 1022 4685 λέγων
1052 4657 1068 4672 .
1096 4659 1109 4672 .
1139 4658 1154 4671 .
1181 4617 1466 4689 διζομένην
1493 4620 1573 4682 εἰς
1602 4659 1615 4673 .
1644 4660 1658 4672 .
1686 4659 1699 4672 .

146 4720 200 4760 ον
225 4706 425 4778 ἡμέραν
466 4707 567 4777 τῆς
605 4709 763 4777 ἁγίας
802 4710 993 4782 ἑορτῆς
1030 4710 1204 4781 ἡμῶν,
1236 4711 1471 4781 ἥνπερή
1504 4711 1701 4780 ἐκλογὴ

144 4796 386 4867 ἐπέτυχεν
408 4815 422 4828 ·
456 4800 507 4851 οἱ
547 4798 605 4851 δὲ
646 4800 819 4854 λοιποὶ
851 4801 1243 4873 ἐπωρώθησαν,
1279 4801 1460 4865 καθὼς
1486 4798 1636 4856 εἶπεν
1664 4804 1695 4856 ᾖ

146 4887 184 4941 Γ
188 4890 339 4960 pagi).
372 4891 481 4945 Kal
507 4893 636 4961 μεθ’
665 4894 859 4962 ἔτερα·

210 5003 271 5055 ll.
310 5003 416 5056 Kal
446 5003 621 5057 ταῦτα
649 5006 758 5077 γάρ
796 5022 955 5077 φησι·
996 5005 1199 5060 Πάντα
1223 5004 1587 5073 ποιήσουσιν
1615 5007 1692 5069 εις

146 5094 316 5165 τιμᾶς·
361 5096 449 5149 ὅτι
492 5098 605 5150 οὐκ
644 5099 921 5167 ἔγνωσαν
952 5098 1058 5152 τὸν
1090 5096 1409 5168 πέμψαντά
1432 5114 1527 5166 με.
1556 5098 1619 5149 Et
1648 5097 1701 5150 δὲ

147 5187 233 5240 τὸν
278 5188 584 5257 πέμψαντα,
624 5192 717 5242 καὶ
765 5190 856 5244 τὸν
905 5190 1223 5261 πεμφθέντα
1265 5190 1557 5259 ἠγνόησαν,
1605 5188 1703 5241 οὐκ

148 5279 281 5332 [στιν
304 5279 677 5351 ἀμφιϐάλλειν,
706 5282 786 5334 ὅτι
815 5282 908 5335 καὶ
930 5283 1025 5353 τῆς
1052 5280 1369 5352 νομοθεσίας
1389 5280 1483 5333 τοῦ
1512 5280 1703 5350 Πάσχα

148 5369 236 5439 τὴν
272 5371 536 5438 ἀγνωσίαν
582 5368 810 5440 ἐσχοσαν
829 5387 842 5401 ⁶
872 5371 947 5435 ὡς
986 5372 1058 5442 μὴ
1100 5373 1259 5441 μόνον
1289 5371 1387 5441 τῆς
1414 5372 1529 5423 κατ’
1554 5370 1704 5422 ἐκλο-

148 5462 243 5529 γὴν
282 5462 591 5525 τοτεοθεσίας
635 5464 906 5525 ἐκπεσεῖν,
950 5464 1085 5516 ἀλλά
1134 5463 1353 5531 καὶτῆς
1386 5462 1556 5532 ἀρχῆς
1598 5461 1704 5513 τῶν

149 5549 323 5619 μηνῶν
350 5551 443 5604 τοῦ
472 5549 688 5620 πρώτου
718 5552 775 5603 ὲν
800 5554 910 5612 τοῖς
946 5553 1077 5622 μησὶ
1105 5551 1197 5604 τοῦ
1226 5550 1491 5615 ἐνιαυτοῦ,
1515 5546 1574 5604 οὗ
1606 5551 1702 5620 τὴν

152 5641 778 5712 τεσσαρεσκαιδεκαταίαν
796 5643 846 5694 ol
870 5642 1034 5696 πάλαι
1056 5641 1358 5715 εἰλικρινῶς
1380 5641 1700 5714 ἐπιτηροῦν-

1807 3344 1893 3388 ιοι·
1927 3335 2421 3404 universorumquc
2470 3334 2651 3403 opifex
2695 3332 2839 3389 Deus
2884 3342 3067 3388 noster
3104 3344 3377 3397 internus,

1805 3426 1988 3479 omnia
2032 3425 2243 3480 confert
2288 3426 2355 3478 ad
2403 3440 2464 3478 ea
2512 3441 2633 3495 qua:
2671 3426 2835 3495 elegit
2867 3442 2878 3475 :
2914 3425 3185 3479 Germinet
3238 3438 3380 3480 terra

1804 3514 2019 3568 herbam
2040 3519 2289 3569 virentem
2321 3524 2369 3568 et
2400 3514 2601 3583 faciens
2634 3532 2806 3568 semen
2837 3515 2999 3583 juxta
3026 3532 3188 3583 genus
3224 3532 3380 3571 suum

1804 3616 1850 3660 et
1879 3607 2281 3660 similitudinem
2304 3622 2477 3669 suam,
2504 3615 2551 3659 et
2583 3606 2778 3676 lignum
2813 3606 3146 3675 [ructiferum
3179 3606 3379 3676 faciens

1806 3697 2073 3764 fructum,
2111 3698 2259 3765 cujus
2307 3715 2477 3751 semen
2520 3700 2573 3751 in
2606 3715 2659 3751 se
2692 3699 2804 3765 ipso
2836 3699 2903 3750 sit
2930 3715 3082 3765 super
3105 3709 3299 3751 terram
3332 3698 3376 3755 ⁵.

1805 3788 1945 3843 Tum
1988 3791 2172 3845 subdit
2210 3790 2271 3843 ἐ
2336 3788 2404 3847 Et
2459 3789 2660 3858 factum
2708 3798 2787 3843 est
2831 3790 3023 3843 ita:et
3067 3790 3194 3844 vidit
3235 3790 3378 3843 Deus

1806 3882 1943 3953 quod
1970 3893 2102 3935 esset
2138 3883 2350 3936 bonunt.
2378 3880 2520 3945 Quin
2551 3882 2713 3934 etiam
2742 3880 2982 3935 ostendit
3024 3882 3259 3951 primum
3286 3881 3382 3951 qui

1805 3974 1949 4045 apud
1998 3973 2255 4028 llebrzeos
2308 3974 2425 4043 lege
2464 3972 2719 4027 inductus
2764 3983 2848 4026 est
2894 3988 3166 4037 mensem,
3220 3989 3379 4044 quem

1806 4068 2155 4121 observatum
2218 4064 2388 4120 fuisse
2446 4080 2475 4117 a
2526 4063 2729 4119 Judzeis
2774 4065 3025 4119 novimus
3086 4081 3260 4135 Usque
3313 4066 3379 4119 ad

1806 4160 2307 4232 Hierosolymorum
2364 4160 2675 4220 excidium,
2729 4160 2855 4227 quia
2911 4158 2963 4211 id
3015 4161 3247 4213 maxime
3303 4161 3381 4215 sic

1805 4252 2045 4309 Hebrmis
2083 4253 2341 4307 traditum
2390 4258 2494 4307 est.
2542 4252 2675 4304 Post
2731 4249 3003 4305 excidium
3051 4265 3183 4304 vero
3236 4249 3378 4304 idem

1806 4343 2043 4399 ludibrio
2072 4351 2154 4399 est
2177 4343 2396 4397 habitus
2424 4357 2490 4396 ex
2516 4340 2750 4411 quadam
2783 4340 2965 4394 cordis
2996 4340 3377 4404 obduratione,

1804 4450 1965 4505 quem
1995 4452 2097 4491 nos
2127 4437 2365 4506 legitime
2414 4450 2478 4488 ac
2533 4434 2748 4488 sincere
2784 4434 3142 4489 observantes
3176 4434 3379 4504 recepi~

1805 4543 1951 4591 mus,
1986 4535 2041 4583 et
2074 4530 2127 4581 in
2160 4527 2263 4580 hoc
2291 4526 2586 4595 juxta......
2608 4521 3212 4586 verbum,cmnait......
3237 4522 3379 4578 diem

1810 4628 2012 4675 sanctae
2034 4619 2350 4675 festivitatis
2384 4626 2613 4681 nostrae,
2659 4631 2821 4686 quem
2852 4616 3049 4672 electio
3084 4622 3380 4670 consecuta

1808 4720 1893 4766 est
1916 4712 1935 4742 '
1956 4730 1968 4764 :
1994 4709 2175 4765 creteri
2206 4726 2336 4764 vero
2353 4709 2710 4763 occaluerunt
2728 4750 2744 4774 ,
2768 4707 3230 4778 quemadmodum
3244 4706 3381 4762 dixit

1810 4802 2117 4873 Scriptura.
2152 4800 2220 4853 Et
2246 4810 2361 4869 post
2393 4800 2505 4853 alia
2536 4815 2555 4852 :

1876 5002 1943 5057 Π.
1977 4999 2102 5054 Haec
2135 5000 2335 5071 quippe
2363 4998 2439 5051 ait
2472 5017 2485 5052 :
2521 4995 2715 5052 Omnia
2744 4996 2936 5065 facient
2963 4994 3106 5047 vobis
3138 4994 3382 5063 (propter

1807 5110 1993 5149 nomen
2028 5092 2237 5163 meum)
2281 5092 2528 5161 quoniam
2570 5106 2672 5142 non
2717 5096 3061 5156 cognoverunt
3101 5088 3189 5154 qui
3238 5087 3382 5139 misit

1808 5205 1887 5242 me
1908 5188 1953 5241 ⁷.
1986 5186 2043 5240 Si
2074 5192 2255 5239 autem
2286 5194 2342 5238 et
2372 5198 2496 5238 cum
2518 5181 2612 5252 qui
2645 5180 2830 5245 misit,
2859 5186 2913 5231 ct
2938 5177 3031 5246 qui
3067 5177 3272 5231 missus
3298 5185 3383 5230 est

1808 5277 2155 5340 nescierunt,
2219 5272 2471 5328 dubitare
2520 5273 2663 5327 haud
2700 5273 2861 5337 licet;
2918 5268 3051 5339 quin
3106 5265 3316 5323 Pascha
3350 5282 3381 5319 a

1806 5369 1924 5439 lege
1964 5375 2295 5437 praeceptum
2327 5365 2728 5437 ignoraverint,
2776 5372 2837 5416 ut
2881 5376 2992 5416 non
3035 5361 3090 5415 in
3132 5360 3240 5415 loci
3269 5360 3381 5415 cle-

1805 5461 1987 5512 ctione
2020 5457 2286 5510 duntaxat
2309 5495 2325 5517 ,
2375 5456 2470 5510 sed
2505 5455 2665 5507 etiam
2707 5450 2762 5506 in
2798 5453 3001 5507 mensis
3044 5452 3137 5521 qui
3169 5451 3380 5523 primus

1803 5561 1887 5605 est
1924 5551 2066 5605 inter
2098 5550 2227 5602 anni
2288 5562 2506 5603 menses
2527 5590 2543 5615 ,
2576 5546 2806 5603 exordio
2838 5546 3172 5609 erraverint,
3220 5543 3379 5599 cuius

1805 5642 2019 5695 decima
2044 5650 2235 5711 quarta
2258 5641 2470 5696 sincere
2496 5641 2805 5703 observata,
2838 5647 2960 5708 post
2988 5637 3302 5707 ποιήσοεεί

219 5816 413 5875 ’ond.
450 5837 526 5890 ix,
550 5820 641 5877 '52.
717 5822 737 5854 ³
762 5818 935 5875 Exod.
964 5821 1135 5889 xu,2.
1206 5819 1413 5895 (Nam.
1442 5836 1537 5889 xit,
1572 5820 1657 5876 24.
1743 5822 1761 5851 ⁸
1798 5818 1980 5875 Cenes.
2017 5837 2053 5887 ι,
2082 5821 2163 5875 Η.
2192 5819 2499 5875 ’ibid.12.'
2536 5820 2682 5875 Rom.
2715 5836 2791 5886 xi,
2823 5820 2872 5873 7.
2948 5820 2966 5850 '
2988 5816 3146 5871 Joan.
3182 5812 3374 5877 xuii.
