4036 6320
674 376 780 440 515

1742 388 1799 441 S.
1843 388 2045 444 PETRI
2076 385 2546 488 ALEFFANDRINI
2587 389 2895 447 EPISCOPI

3793 398 3874 454 5l6

671 497 882 557 Pascha
934 511 1144 558 veteres
1193 506 1541 562 celebrarunt
1591 507 1746 577 juxta
1798 510 2043 566 divinum
2100 528 2222 582 prae

2342 527 2433 574 τες
2487 510 2623 581 μετά
2666 513 2763 582 τὴν
2812 515 3100 586 ἰσημερίαν
3119 516 3272 569 ἔθυον
3313 516 3370 569 τὸ
3400 516 3612 587 Πάσχα,
3640 518 3768 571 κατά
3800 519 3874 587 τὴν

672 601 887 661 ceptum
911 633 928 657 ,
979 608 1103 648 cum
1129 595 1263 650 illud
1305 597 1467 653 hodie
1497 606 1623 653 ante
1675 599 2063 667 aequinoctium
2095 616 2239 655 nunc

673 694 967 755 peragant,
1014 702 1079 740 ac
1117 690 1457 760 negligenter
1483 690 1700 760 quidem
1756 698 1811 745 et
1839 707 2072 747 erronee
2126 709 2245 748 om-

672 776 839 842 nino;
892 776 1207 847 ignorantes
1266 781 1721 850 quemadmodum
1778 798 1876 837 sua
1936 785 1973 838 ii
2031 793 2241 856 tempe-

670 874 813 922 state
867 866 1154 935 fecerunt,
1211 880 1271 925 ut
1326 873 1554 943 ipsemet
1612 873 1812 927 fatetur
1863 876 1959 945 qui
2009 879 2063 932 in
2120 880 2241 935 istis

667 958 983 1030 descriptus
1011 969 1117 1016 est.

741 1072 829 1127 Ill.
866 1072 993 1132 Sive
1048 1076 1214 1147 igitur
1259 1086 1504 1133 errantes
1553 1078 1725 1134 Judei
1776 1082 1934 1150 juxta
1990 1085 2237 1142 lunarem

665 1178 893 1221 cursum
932 1168 1125 1225 mense
1173 1166 1512 1224 Phameuoth
1561 1188 1719 1226 suum
1755 1174 2032 1230 interdum
2074 1186 2235 1249 agant

668 1252 901 1323 Pascha,
936 1260 1050 1314 sive
1071 1258 1227 1329 juxta
1258 1274 1503 1315 mensem
1551 1262 1933 1321 intercalarem
1982 1283 2236 1340 unoquo-

666 1362 775 1417 que
805 1349 1039 1405 triennio
1064 1365 1251 1405 mense
1277 1348 1619 1420 Pharmuthi,
1638 1363 1827 1411 nostra
1851 1372 1961 1413 non
1984 1358 2233 1417 interest.

665 1432 815 1491 Nihil
846 1438 1046 1509 quippe
1084 1436 1233 1494 aliud
1268 1439 1430 1496 nobis
1459 1445 1798 1513 propositum
1829 1455 1945 1513 est,
1979 1464 2141 1519 quam
2177 1460 2238 1507 ut

663 1526 787 1598 ejus
817 1531 1087 1599 passionis
1118 1530 1438 1586 memoriam
1461 1548 1717 1603 agamus,
1763 1544 1927 1607 atque
1966 1539 2101 1595 adeo
2134 1541 2237 1596 hoc

665 1620 787 1689 ipso
816 1626 1093 1692 tempore;
1122 1624 1398 1692 quomodo
1427 1626 1519 1695 qui
1546 1627 1664 1681 suis
1688 1628 1789 1698 ipsi
1819 1630 1999 1686 oculis
2014 1644 2234 1701 specta-

663 1722 793 1764 vere
855 1710 1233 1779 tradiderunt,
1281 1716 1598 1784 priusquam
1643 1715 1877 1786 Ᾰὶςγριίί
1927 1722 2231 1779 crederent.

662 1797 851 1871 Neque
869 1801 1015 1856 enim
1051 1802 1340 1859 observato
1370 1805 1546 1858 lunari
1584 1821 1749 1860 cursu
1770 1848 1784 1872 ,
1819 1810 1950 1864 illud
1980 1828 2233 1867 necessa-

664 1890 745 1945 rio
796 1901 1063 1961 peragunt
1123 1910 1210 1949 xvi
1280 1896 1369 1951 die
1424 1894 1761 1952 Phamenoth
1794 1938 1809 1961 ,
1866 1903 2032 1956 semel
2103 1920 2229 1958 vero

662 1985 911 2054 quolibet
978 1988 1215 2042 triennio
1263 2006 1449 2046 mense
1503 1990 1825 2048 Pharmuthi
1885 2013 1898 2049 :
1958 1996 2027 2050 ab
2074 1999 2231 2057 initio

658 2076 863 2146 quippe
897 2085 952 2130 et
991 2087 1119 2134 ante
1146 2079 1352 2135 Christi
1390 2083 1821 2140 incarnationem
1854 2086 1927 2140 ita
1978 2088 2232 2143 videntur

657 2168 857 2235 egisse.
890 2166 1042 2223 Unde
1089 2184 1213 2223 cum
1250 2172 1373 2227 illos
1424 2176 1601 2245 arguit
1651 2174 1911 2231 Dominus
1957 2194 2055 2248 per
2096 2179 2230 2235 Pro-

659 2256 913 2325 phetam,
972 2260 1095 2315 ait:
1136 2260 1204 2314 Et
1250 2263 1363 2317 dixi
1402 2280 1421 2317 :
1460 2282 1661 2334 semper
1706 2267 1759 2319 hi
1804 2278 1986 2322 errant
2038 2271 2225 2336 corde,

656 2357 707 2401 et
764 2349 947 2419 ,ἰαναυί
1006 2352 1058 2405 in
1116 2354 1200 2407 ira
1260 2371 1375 2408 mea
1423 2356 1472 2409 si
1525 2357 1820 2411 introibant
1884 2362 1937 2413 in
1998 2363 2224 2431 requiem

656 2455 826 2493 meam
872 2442 913 2495 ί.

728 2551 817 2608 IV.
852 2553 1008 2620 Quod
1059 2557 1312 2625 quidem,
1369 2565 1428 2612 ut
1475 2560 1660 2626 vides,
1700 2562 1784 2616 vel
1837 2565 1891 2617 in
1938 2580 2006 2620 eo
2058 2567 2220 2621 etiam

656 2646 891 2700 maxime
925 2649 1140 2701 mentiri
1191 2658 1445 2717 apparet.
1491 2668 1597 2706 non
1645 2653 1701 2708 in
1736 2655 1985 2712 homines
2021 2660 2219 2723 modo,

652 2732 935 2790 sedetiam
981 2735 1035 2789 in
1066 2735 1254 2790 Deum.
1311 2740 1389 2792 Ac
1429 2741 1633 2809 primo,
1666 2758 1790 2797 cum
1836 2747 1890 2799 in
1937 2747 2039 2803 hoc
2081 2766 2224 2804 nun-

652 2838 818 2895 quam
848 2828 1152 2881 erraverint
1199 2827 1407 2894 Judaei,
1465 2840 1523 2885 ut
1555 2834 1648 2903 qui
1691 2849 1815 2889 cum
1862 2837 1929 2891 iis
1960 2840 2053 2908 qui
2106 2844 2222 2899 suis

652 2916 757 2986 ipsi
787 2917 963 2971 oculis
992 2919 1245 2974 viderunt
1268 2931 1323 2975 et
1358 2923 1595 2977 ministri
1639 2924 1895 2992 fuerunt,
1929 2944 2222 2987 conversa-

652 3009 873 3076 liantur,
928 3012 1099 3069 multo
1144 3014 1319 3083 magis
1370 3032 1546 3086 neque
1600 3018 1671 3072 ah
1720 3020 1875 3075 initio
1927 3032 2219 3095 antequam

650 3102 905 3157 Christus
938 3113 1275 3161 nasceretur.
1319 3108 1504 3179 Neque
1545 3112 1689 3165 enim
1726 3123 1949 3185 propter
1975 3118 2112 3188 legis
2151 3119 2220 3175 de

2264 1861 2303 1913 Β

2348 603 2497 655 θείαν
2530 604 2904 673 παραγγελίαν
2925 624 2938 635 ·
2989 607 3039 659 οἱ
3075 607 3184 677 γὰρ
3210 607 3304 659 νῦν
3338 608 3442 678 πρὸ
3474 608 3752 677 ἰσημερίας
3773 611 3877 663 αὐτὸ

2349 694 2579 757 ποιοῦσι,
2615 696 2755 748 πάνυ
2785 696 3002 766 ἀμελῶς
3032 699 3127 750 καὶ
3159 692 3635 768 κατεσφαλμένως,
3665 696 3872 767 ἀγνοοῦν-

2344 804 2454 848 τες·
2491 786 2776 857 ὼσπεροῦν
2825 788 2919 840 καὶ
2949 789 3141 852 ὲπὲτος
3183 792 3463 859 ἐποίησαν,
3494 791 3569 852 ὡς
3619 789 3709 843 καὶ
3748 787 3875 853 1%;

2350 876 2724 945 συνομολογῶν
2747 880 2777 929 ὁ
2808 879 2866 929 ἐν
2897 877 3109 940 τούτοις
3137 881 3388 949 γραφείς.

2412 1084 2500 1135 Ill.
2527 1082 2636 1151 (29)
2656 1082 2778 1136 Εἴτε
2796 1076 2888 1136 οὖν
2922 1081 3277 1150 σφαλλόμενοι
3290 1081 3532 1135 Ἰουδαῖοι
3559 1081 3695 1136 κατὰ
3713 1080 3792 1134 τιν
3812 1096 3876 1134 σοι

2340 1174 2592 1245 ληνιακὸν
2606 1175 2823 1245 δρόμον,
2850 1174 2979 1227 ποτὲ
3002 1174 3101 1239 μὲν
3121 1171 3381 1241 Φαμενὼθ
3402 1174 3595 1241 ἄγουσι
3621 1173 3680 1225 τὸ
3704 1171 3875 1225 ὲαντῶν

2339 1266 2547 1335 Πάσχαο
2567 1265 2677 1319 εἴτε
2696 1265 2837 1318 κατά
2854 1265 2943 1319 τὸν
2957 1264 3286 1334 ὲμόολισμὸν
3300 1264 3437 1333 (ειν)
3458 1263 3604 1334 μῆνα
3614 1264 3746 1318 κατά
3758 1279 3876 1336 τριε-

2335 1357 2455 1409 τίαν
2500 1356 2579 1427 τῷ
2627 1355 2928 1428 Φαρμουθὶ,
2974 1356 3125 1409 οὐδὲν
3153 1345 3286 1425 μῖν
3326 1354 3593 1425 διαφέρει.
3621 1356 3875 1426 Πρόκιιται

2336 1447 2443 1517 γὰρ
2475 1449 2602 1519 ἡμῖν
2628 1448 2813 1519 ἕτερον
2860 1447 2893 1519 ἢ
2933 1446 3033 1517 τὴν
3060 1446 3363 1518 ἀνάμνησιν
3387 1444 3481 1498 τοῦ
3508 1446 3710 1510 πάθους
3738 1444 3874 1501 αὐτοῦ

2338 1538 2624 1603 ποιεῖσθαι,
2656 1540 2749 1591 καὶ
2779 1539 2917 1591 κατά
2935 1537 3121 1590 τοῦτον
3145 1538 3237 1590 τὸν
3274 1534 3493 1607 καιρόν·
3522 1536 3598 1598 ὡς
3617 1537 3668 1588 οι
3688 1537 3777 1589 ἀπ’
3796 1537 3879 1607 ἀρ-

2335 1633 2435 1701 χῆς
2468 1631 2729 1683 αὐτόπται
2758 1630 3191 1701 παραδεδώκασι,
3218 1629 3346 1701 πρὶν
3381 1628 3666 1695 Αἰγύπτιοι
3689 1626 3879 1680 πιστεῦ-

2338 1740 2444 1775 σαι.
2478 1724 2551 1774 Οὐ
2580 1723 2685 1793 γὰρ
2707 1722 2801 1774 νῦν
2832 1721 3047 1792 πρῶτον
3071 1719 3452 1790 ἐπιτηροῦντες
3474 1718 3568 1772 τδν
3594 1717 3881 1781 σεληνιακὸν

2334 1813 2531 1883 aptium;
2564 1814 2785 1879 ἄγουσιν
2828 1810 2960 1863 αὐτὸ
3006 1810 3065 1875 ἐξ
3102 1809 3345 1878 ἀνάγκης
3376 1813 3448 1871 ις’
3481 1806 3583 1877 μὲν
3620 1806 3698 1875 τῷ
3726 1806 3882 1874 Φαμε-

2333 1904 2461 1963 νὼθ,
2496 1903 2641 1968 ἅπαξ
2665 1903 2721 1956 δὲ
2748 1902 2887 1955 κατά
2915 1900 3155 1972 τριετίαν
3175 1901 3251 1969 τῷ
3272 1897 3550 1969 Φαρμουθὶ
3572 1915 3583 1926 ·
3613 1898 3707 1949 ἀπ’
3729 1896 3883 1967 ἀρχῆς

2332 1997 2441 2066 γὰρ
2488 1996 2580 2048 καὶ
2625 1995 2731 2066 πρὸ
2773 1995 2871 2064 τῆς
2897 1991 3131 2064 Χριστοῦ
3173 1991 3471 2063 παρουσίας
3502 1990 3731 2044 πὰντοτε
3761 1987 3883 2041 οὕτω

2332 2088 2656 2156 ποιήσαντες
2689 2084 3158 2154 φαίνονται.Ὂθεν
3205 2084 3298 2138 καὶ
3340 2081 3663 2152 αἰτιώμενος
3706 2079 3885 2141 cum

2328 2182 2357 2233 ὀ
2410 2180 2540 2242 Θεὸς
2577 2179 2663 2231 διὰ
2700 2177 2793 2230 τοῦ
2828 2177 3107 2248 Προφήτου
3154 2177 3336 2245 ἔλεγεο
3389 2176 3495 2233 Καὶ
3536 2173 3736 2229 εἷπον
3791 2170 3883 2226 Ἀεὶ

2329 2272 2669 2325 πλανῶνται
2694 2269 2769 2337 τῇ
2792 2270 3004 2338 καρδίᾳ
3021 2288 3036 2301 ·
3071 2271 3149 2335 ὡς
3170 2269 3373 2339 ὤμοσα
3404 2270 3472 2320 ὲν
3502 2268 3579 2335 τῇ
3599 2266 3746 2337 ὀρτιῖ
3757 2282 3883 2336 μου,

2327 2367 2375 2417 εὶ
2402 2367 2848 2419 εἰσελεύσονται
2878 2366 2965 2430 εἰς
2993 2362 3106 2431 τὴν
3131 2361 3511 2415 κατάπαυσίν
3530 2378 3672 2430 μου.

2398 2560 2486 2615 ιν.
2532 2561 2667 2613 Ὀπε
2678 2579 2726 2631 ρ,
2750 2561 2824 2624 ὡς
2843 2562 2993 2630 ὁρᾷς,
3024 2559 3116 2611 καὶ
3138 2560 3196 2610 ὲν
3224 2557 3397 2628 τούτῳ
3419 2557 3588 2627 φαίνῃ
3602 2555 3671 2609 τὰ
3693 2554 3884 2626 μεγάλα

2324 2653 2695 2724 ψευδηγορών,
2718 2654 2779 2703 οὺ
2818 2652 2977 2721 μόνον
3008 2652 3148 2704 κατά
3180 2649 3500 2720 ἀνθρώπων,
3530 2647 3665 2699 ἀλλᾶ
3692 2647 3782 2699 καὶ
3801 2664 3885 2697 κα-

2322 2746 2391 2798 τὰ
2424 2745 2517 2797 τοῦ
2560 2746 2716 2797 Θεοῦ.
2764 2743 2986 2816 Πρῶτον
3024 2744 3143 2813 μὲν,
3195 2743 3316 2794 ἐπεὶ
3364 2741 3575 2792 οὐδέπω
3619 2740 3701 2802 εἰς
3744 2736 3885 2789 τοῦτο

2324 2838 2634 2890 ἐπλανῶντο
2675 2835 2934 2896 Ἰουδαῖοι,
2953 2834 3113 2903 ἡνίκα
3136 2832 3372 2900 συνῆσαν
3410 2832 3592 2893 αὐτοῖς
3610 2831 3661 2882 οἱ
3681 2830 3774 2881 ἀπ’
3795 2829 3883 2898 ἀρ-

2322 2929 2421 2998 χῆς
2470 2927 2728 2979 αὐτόπται
2777 2927 2869 2977 καὶ
2921 2923 3213 2995 ὑπηρέται,
3247 2920 3423 2991 πολλῷ
3449 2920 3504 2973 δὲ
3537 2918 3735 2987 μᾶλλον
3777 2916 3885 2969 οὐδὲ

2322 3020 2417 3071 ἀπ’
2440 3018 2612 3089 ἀρχῆς
2637 3018 2742 3085 πρὸ
2769 3016 2865 3085 τῆς
2893 3013 3125 3086 Χριστοῦ
3155 3012 3471 3084 παρουσίας.
3504 3010 3638 3063 Οὐδὲ
3668 3006 3776 3079 γάρ
3796 3012 3885 3076 τὴν

2321 3110 2637 3180 νομοθεσίαν
2680 3107 2773 3159 τοῦ
2817 3106 3007 3176 Πάσχα
3030 3106 3179 3170 λέγει
3210 3104 3407 3165 αὐτοὺς
3432 3104 3460 3154 ὀ
3492 3101 3621 3163 Θεὸς
3648 3101 3738 3154 ἀεὶ
3767 3098 3887 3150 πλα·

652 3192 917 3251 Paschate
946 3206 1274 3267 praeceptum
1311 3201 1435 3256 illos
1485 3203 1562 3256 ait
1608 3204 1751 3260 Deus
1795 3221 2010 3277 semper
2053 3211 2219 3267 corde

2320 3203 2593 3274 νωμένους
2625 3204 2689 3271 τῇ
2714 3200 2929 3271 καρδίᾳ,
2951 3198 3137 3269 ὥσπερ
3170 3193 3534 3267 συνέγραψας,
3566 3192 3704 3246 ἀλλά
3730 3191 3815 3245 διὰ
3832 3208 3885 3242 τε

648 3302 896 3351 errasse,
963 3290 1419 3359 quemadmodum
1472 3297 1786 3366 scripsisti,
1840 3301 1935 3354 sed
1998 3311 2219 3372 propter

2320 3297 2419 3367 τὴν
2464 3294 2628 3363 ἀλλην
2669 3294 2846 3345 πᾶσαν
2874 3290 3175 3361 παρακοήν,
3209 3287 3302 3339 καὶ
3329 3285 3416 3337 διά
3455 3284 3524 3337 τὰ
3554 3282 3768 3353 πονηρὰ
3800 3283 3887 3333 καὶ

645 3378 809 3434 aliam
857 3382 1279 3437 inobedientiam
1331 3393 1385 3441 et
1437 3394 1659 3459 propter
1709 3392 1851 3446 mala
1906 3408 1971 3447 ac
2036 3396 2217 3465 turpia

2320 3386 2472 3455 ἀειδῆ
2506 3384 2684 3439 αὐτῶν
2708 3383 2862 3455 ἔργα,
2888 3381 2982 3435 ἅτε
3007 3379 3070 3449 δὴ
3096 3377 3240 3449 ὁρῶν
3281 3377 3477 3438 αὐτοὺς
3521 3376 3578 3427 ὲν
3608 3372 3888 3427 εἰδωλολα-

643 3485 833 3525 eorum
883 3487 1081 3543 opera,
1128 3489 1251 3529 cum
1310 3477 1521 3534 scilicet
1569 3479 1635 3534 ad
1684 3480 1958 3537 idolorum
2006 3485 2213 3539 cultum

643 3569 700 3616 et
761 3562 829 3616 ad
878 3562 1264 3620 fornicationes
1308 3582 1432 3623 sese
1468 3568 1591 3625 illos
1632 3573 1969 3627 convertisse
2012 3574 2214 3630 adver-

646 3660 806 3708 teret.

717 3765 778 3821 V.
823 3766 890 3820 Et
917 3777 1033 3835 post
1061 3767 1386 3845 pauca:Vel
1426 3770 1481 3824 in
1510 3757 1612 3826 hoc
1644 3773 1872 3830 multum
1895 3816 1910 3840 ,
1945 3778 2207 3832 multum~

640 3871 749 3928 que
806 3858 1067 3919 omnino,
1120 3859 1167 3913 si
1218 3860 1441 3929 quidem
1500 3860 1873 3933 dormitabas,
1929 3876 1981 3921 te
2032 3868 2207 3938 ipsum

641 3946 986 4003 Ecclesiaste
1026 3947 1252 4019 ﬂagellis
1311 3953 1561 4008 excitasti
1591 3995 1605 4017 ,
1663 3970 1870 4009 memor
1909 3961 2209 4027 prmserlim

641 4039 745 4094 loci
779 4040 957 4108 illius,
1010 4042 1100 4094 ubi
1152 4042 1262 4105 ait,
1294 4042 1474 4112 lapsus
1517 4062 1549 4097 a
1582 4053 1723 4100 terra
1762 4048 1838 4101 vel
1886 4066 1917 4101 a
1955 4050 2135 4120 lingua
2161 4055 2204 4108 '.

636 4134 849 4205 Quippe
870 4178 885 4201 ,
921 4144 981 4189 ut
1012 4151 1228 4190 rursum
1264 4136 1414 4191 vides
1436 4178 1452 4203 ,
1486 4138 1757 4206 objectum
1781 4149 1887 4195 ate
1918 4144 2121 4199 crimen
2152 4146 2204 4200 in

637 4228 854 4282 illorum
901 4228 1069 4284 duces
1118 4227 1415 4286 reﬂectitur
1467 4249 1481 4284 ι
1544 4232 1677 4300 quin
1729 4234 1895 4287 etiam
1949 4250 2202 4307 magnum

636 4316 977 4386 subsequens
1019 4318 1317 4387 periculum
1355 4318 1481 4374 licet
1514 4322 1818 4391 suspicari,
1854 4330 2039 4393 utpote
2080 4340 2202 4380 cum

632 4407 956 4474 audiamus,
987 4410 1217 4480 lapidem
1256 4425 1415 4481 quem
1456 4412 1579 4481 quis
1629 4414 1681 4466 in
1714 4414 1881 4468 altum
1911 4417 2203 4485 proiecerit

634 4502 693 4557 in
714 4502 861 4557 illius
909 4512 1073 4573 caput
1127 4503 1390 4559 recidere.
1434 4504 1601 4558 Multo
1644 4506 1818 4576 magis
1877 4510 2199 4563 temerarius

631 4601 751 4658 est,
788 4595 882 4665 qui
909 4596 965 4650 in
1006 4595 1109 4650 hoc
1136 4594 1389 4666 Moysen,
1417 4596 1578 4650 talem
1617 4595 1707 4651 Dei
1743 4614 1991 4660 servum.
2034 4600 2194 4655 audet

630 4686 948 4751 criminari,
982 4687 1067 4743 vel
1092 4689 1183 4757 qui
1216 4688 1265 4741 ei
1300 4689 1568 4743 successit
1606 4687 1789 4743 Jesum
1824 4691 1991 4745 filium
2018 4692 2194 4759 Nave,

631 4778 716 4839 vel
735 4778 829 4849 qui
854 4778 1052 4834 exinde
1090 4780 1191 4835 hos
1217 4786 1366 4834 recte
1392 4790 1519 4834 sunt
1546 4783 1769 4845 sectati,
1810 4784 1896 4838 vel
1932 4784 2023 4854 qui
2072 4785 2197 4855 ipsi-

632 4882 740 4922 met
760 4867 1041 4936 incepere;
1064 4866 1279 4935 judices
1303 4909 1317 4932 ,
1352 4867 1605 4937 inquam,
1631 4882 1693 4922 ac
1725 4885 1879 4940 reges
1903 4911 1918 4935 ,
1952 4873 2036 4926 vel
2058 4890 2195 4943 quos

630 4957 869 5029 Spiritus
891 4966 1117 5014 sanctus
1148 4958 1433 5028 inspiravit
1462 4959 1757 5028 prophetas
1777 5000 1793 5024 ,
1828 4963 2057 5033 illosque
2102 4966 2193 5034 qui

631 5052 772 5106 inter
795 5066 1039 5107 summos
1072 5050 1357 5120 pontifices
1382 5050 1641 5120 inculpati
1674 5054 1960 5119 exsistere,
1994 5057 2195 5125 quique

626 5141 952 5198 traditiones
1008 5142 1181 5198 secuti
1248 5142 1385 5196 nihil
1437 5143 1827 5207 immutarunt,
1887 5162 2073 5201 verum
2138 5148 2189 5199 in

624 5240 932 5306 opportuna
971 5234 1252 5290 Paschalis
1290 5236 1704 5300 observatione,
1759 5245 1817 5291 ut
1867 5246 1920 5293 et
1972 5238 2023 5292 in
2067 5239 2194 5293 aliis

623 5322 743 5379 suis
766 5321 1155 5381 festivitatibus
1174 5366 1189 5391 ,
1218 5336 1634 5383 consenserunt.

692 5532 711 5564 ί
735 5530 1183 5604 Psal.xc1v,10,
1220 5536 1310 5592 ιι.
1385 5539 1407 5570 ι
1436 5534 1602 5591 Eccli.
1632 5553 1726 5602 xx,
1752 5538 1843 5595 20.

2317 3478 2523 3549 τρείαις
2552 3477 2645 3528 καὶ
2676 3473 2951 3546 πορνείαις
2982 3470 3499 3544 ἀναστρεφομένους.

2386 3770 2448 3824 ν.
2490 3770 2600 3825 Καὶ
2628 3770 2754 3839 μετ’
2780 3768 2982 3835 ὀλίγα·
3014 3764 3173 3816 ’Ὥστε
3206 3761 3300 3815 καὶ
3332 3763 3390 3813 ἐν
3412 3756 3585 3827 τούτῳ
3612 3756 3775 3820 πολὺ,
3798 3755 3886 3809 καὶ

2312 3863 2452 3916 πάνυ
2493 3881 2555 3931 γε
2602 3863 2754 3925 πολὺ,
2789 3860 2912 3915 ἐπεὶ
2962 3856 3349 3916 καθύπνωσας,
3384 3850 3651 3920 διέγειρον
3697 3848 3887 3901 ἑαυτὸν

2310 3958 2419 4019 τοῖς
2465 3952 2558 4006 τοῦ
2631 3946 3055 4021 Ἐκκλησιαστοῦ
3110 3943 3481 4014 βουκέντροις,
3533 3937 3885 4009 μεμνημένος

2314 4047 2544 4118 μάλιστα
2596 4044 2689 4096 τοῦ
2735 4044 3009 4110 λέγοντος·
3055 4037 3356 4103 ὀλίσθημα
3394 4030 3512 4086 ἀπὸ
3553 4030 3823 4100 ἐδάφους
3849 4028 3885 4094 ἦ

2308 4138 2425 4193 ἀπὸ
2462 4135 2763 4205 γλώσσης.
2807 4135 2917 4185 Καὶ
2944 4130 3071 4201 γὰρ,
3105 4130 3180 4191 ὠς
3218 4125 3377 4179 πάλιν
3420 4124 3571 4195 ὁρᾷς,
3624 4123 3720 4174 ἐπὶ
3764 4119 3885 4181 τοὺς

2308 4228 2797 4299 καθηγησαμένους
2830 4222 3007 4278 αὐτῶν
3033 4222 3223 4288 φθάνει
3250 4219 3310 4272 τὸ
3335 4215 3622 4287 ἐπενεχθὲν
3651 4212 3762 4266 ὑπὸ
3792 4209 3884 4267 αὗ

2306 4323 2551 4391 ἔγκλημα
2571 4338 2584 4349 ·
2624 4321 2716 4373 καὶ
2740 4308 2897 4370 ’ἔστιν
2925 4313 3223 4384 ὑφορᾶσθαι
3255 4311 3346 4363 τὸν
3374 4304 3883 4379 παρακολουθοῦντα

2307 4413 2478 4481 μέγαν
2508 4410 2747 4462 κίνδυνον
2769 4451 2780 4463 .
2813 4407 2905 4459 ἆτε
2950 4404 3013 4473 δὴ
3042 4402 3344 4455 ἀκουόντων
3381 4397 3555 4469 ἡμῶν,
3579 4397 3665 4448 ὅτι
3693 4398 3724 4449 ὁ
3760 4393 3883 4465 βάλ-

2303 4504 2409 4555 λων
2438 4502 2581 4554 λίθον
2611 4504 2688 4562 εἰς
2722 4498 2852 4567 ὕψος
2883 4498 2975 4549 ἐπὶ
3011 4493 3246 4563 κεφαλὴν
3276 4489 3439 4543 αὑτοῦ
3473 4486 3676 4557 βάλλει.
3707 4486 3879 4555 Εὐχε-

2308 4596 2403 4668 ρὴς
2430 4596 2485 4648 δὲ
2515 4594 2669 4646 ἄλλον
2688 4592 2821 4661 (30),
2841 4588 2934 4643 καὶ
2958 4589 3065 4649 πᾶς
3097 4586 3244 4646 ὅστις
3263 4582 3453 4651 τολμᾷ,
3483 4581 3539 4631 ὲν
3569 4577 3752 4648 τούτῳ
3786 4576 3880 4630 καὶ

2303 4686 2533 4755 Morbi,
2566 4685 2655 4736 τὸν
2688 4678 3001 4751 τηλικοῦτον
3025 4676 3331 4747 θεράποντα
3372 4669 3461 4722 τοῦ
3504 4668 3663 4727 Θεοῦ,
3698 4668 3878 4720 αἰτιᾶ-

2306 4777 2449 4841 σθαι,
2480 4777 2511 4847 ἣ
2538 4774 2629 4826 τὸν
2654 4772 3028 4841 διαδεξάμενον
3051 4766 3212 4819 αὑτὸν
3246 4761 3449 4833 Ἰησοῦν
3469 4761 3557 4812 τὸν
3577 4758 3674 4811 τοῦ
3696 4759 3876 4827 Ναυῆ.

2301 4868 2333 4939 ἢ
2382 4868 2503 4930 τοὺς
2553 4864 2783 4932 καθεξῆς
2826 4862 2949 4923 τοὺς
2989 4854 3047 4911 εὖ
3094 4852 3640 4927 παρηκολουθηκότας
3674 4849 3875 4910 αὐτῶν,

2303 4961 2396 5011 καὶ
2427 4956 2692 5027 ἄρξαντας
2714 4971 2728 4984 ⁸
2760 4954 2905 5020 λέγω
2934 4952 3011 5003 ἔτι
3041 4951 3164 5011 τοὺς
3190 4946 3397 5018 κριτὰς,
3423 4944 3665 5005 καὶτοὺς
3690 4957 3878 5011 φαινο-

2304 5055 2495 5122 μένους
2539 5047 2814 5118 βασιλέας,
2857 5046 2891 5114 ἢ
2941 5042 3041 5114 [δὲ]
3090 5043 3183 5095 καὶ
3228 5042 3352 5102 τοὺς
3393 5036 3877 5107 πνευματοφόρους

2301 5144 2581 5213 προφήτας
2600 5158 2613 5169 ”
2642 5140 2735 5192 καὶ
2766 5138 2845 5190 ἔτι
2881 5137 3005 5198 τοὺς
3035 5133 3354 5202 γενομένους
3388 5133 3442 5183 ὲν
3474 5129 3657 5190 αὐτοῖς
3688 5127 3877 5196 ἀμέμ-

2295 5251 2463 5295 πτους
2487 5231 2773 5303 ἀρχιερέας
2795 5230 2929 5282 οἴσει
2946 5244 2957 5256 ’
2982 5228 3075 5280 καὶ
3094 5230 3214 5296 μη“
3234 5241 3315 5276 σιν
3345 5221 3597 5291 ἑπόμενοι
3624 5215 3877 5270 ἀλλοιοῦν

2293 5343 2377 5393 γε,
2431 5327 2489 5377 ὲν
2537 5327 2601 5394 τῇ
2654 5321 2748 5375 τοῦ
2800 5321 2988 5390 Πάσχα
3029 5314 3470 5387 εὐκαιριμωτάτῃ
3498 5308 3874 5381 παραφυλακῇ

2298 5417 2653 5486 συνεφώνουν,
2674 5415 2747 5479 ὡς
2773 5415 2830 5467 ὲν
2855 5415 2972 5475 ταῖς
2998 5410 3182 5473 ἄλλαις
3214 5406 3391 5462 αὐτῶν
3420 5403 3655 5474 ἑορταῖς.

782 5680 1033 5753 γεαᾶεηι
1063 5682 1271 5752 profert
1295 5681 1554 5753 Petavius
1579 5683 1633 5737 in
1670 5680 2010 5753 Urunotiogio,
2044 5697 2164 5753 pag.
2190 5681 2298 5737 215
2320 5695 2439 5751 seq.

712 5750 829 5824 ἓξ)
854 5750 1286 5824 κίἐμσολισμόν.
1320 5751 1482 5808 Forte
1502 5753 1816 5824 ἐμϐόλιμον.
1847 5750 2005 5806 non.

712 5821 803 5893 ao)
848 5823 1085 5877 Ἀλλον.
1118 5821 1246 5893 Leg.
1276 5823 1468 5887 ἄλλως.
