4036 6320
143 401 239 456 5H

1548 391 1992 450 FRAGMENTA.

3298 395 3402 451 518

208 517 299 576 γι.
345 521 453 575 Καὶ
487 521 618 590 μεθ’
642 519 813 586 ἔτερα
837 537 848 547 ·
880 520 1039 570 Ὥστε
1083 519 1171 568 ἐπὶ
1220 517 1278 568 τὺ
1325 514 1726 584 ἀκινδυνότερον

1903 507 1990 565 Vl.
2031 510 2095 564 Ιιι
2123 521 2237 578 post
2272 511 2423 563 alia:
2447 508 2550 562 Sed
2586 517 2640 562 et
2670 510 2839 566 tutius
2874 523 3207 580 suaviusque
3241 511 3403 584 longe

147 613 366 680 μᾶλλον,
397 613 493 666 καὶ
520 613 895 680 εὐφημότερον
929 611 1092 679 ἐχρῆν
1117 608 1500 678 καταδραμεῖν,
1531 609 1622 659 καὶ
1648 607 1722 676 μὴ

145 704 530 774 ῥιψοκινδύνως
567 703 661 754 καὶ
688 702 981 771 δυσφήμως
1016 701 1266 769 γράφειν,
1311 700 1391 751 ὅτι
1433 699 1526 751 ἀπ’
1550 700 1723 768 ἀρχῆς

147 799 234 850 καὶ
275 799 368 850 ἀεὶ
399 795 677 862 φαίνονται
711 797 837 864 περὶ
866 794 924 846 τὸ
958 794 1146 862 Πάσχα
1175 788 1546 860 πλανώμενοι·
1586 793 1722 858 ὅπερ

143 886 238 937 οὐκ
267 885 415 952 ἔχεις
461 883 649 948 δεῖξαι,
697 883 868 935 ὁπόσα
916 882 1015 934 κᾶν
1050 881 1208 950 Θέλῃς
1252 880 1582 950 δημηγορεῖν
1611 883 1722 941 τοῖς

145 976 256 1026 νυνὶ
306 974 449 1026 κατὰ
493 974 694 1044 πολλὴν
746 973 973 1042 πλάνην,
1020 968 1118 1042 τῆς
1162 988 1218 1022 τε
1273 969 1590 1040 νομοθεσίας
1628 970 1720 1022 τοῦ

146 1065 332 1134 Πάσχα
379 1065 470 1117 καὶ
513 1066 621 1117 τῶν
665 1065 838 1118 ἄλλων
877 1061 1276 1118 ἐκπεπτωκόσι.
1306 1061 1586 1114 Φαίνονται
1615 1061 1721 1131 γὰρ

145 1157 192 1208 οἱ
235 1156 405 1209 πάλαι
461 1156 596 1225 μετὰ
641 1155 858 1226 ἐαρινὴν
913 1154 1200 1224 ἰσημερίαν
1232 1152 1362 1205 αὐτὸ
1403 1153 1678 1216 ποιοῦντες
1704 1171 1716 1182 ·

147 1252 278 1321 ὅπερ
331 1250 556 1304 δύνασαι
594 1251 795 1317 γνῶναι
843 1243 1080 1318 ἐντυχὼν
1141 1247 1562 1318 συγγράμμασιν
1625 1249 1722 1318 ἀρ-

149 1337 341 1413 χαίοις,
388 1336 469 1404 οἷς
518 1343 751 1413 μάλιστα
797 1339 1172 1411 ἀνεγράψαντο
1217 1341 1266 1392 οἱ
1292 1339 1420 1410 παρ’
1455 1337 1723 1410 Ἑϐραίοις

149 1431 297 1502 σοφοί
331 1432 467 1504 (si).

216 1522 330 1578 VI].
376 1524 498 1577 Ὀτι
526 1524 622 1594 μὲν
645 1519 738 1577 οὖν
768 1517 926 1596 μέχρι
959 1523 1051 1577 τοῦ
1081 1522 1359 1594 Κυριακοῦ
1384 1521 1605 1585 πάθους,
1628 1519 1720 1575 άλ-

147 1616 212 1669 λὰ
241 1613 334 1670 καὶ
365 1616 458 1669 ἐπὶ
484 1617 584 1686 τῆς
622 1617 856 1686 ὑστάτης
890 1613 1144 1677 ἁλώσεως
1187 1612 1591 1686 Ἰεροσολύμων,
1620 1613 1720 1681 τῆς

149 1710 439 1778 γενομένης
486 1707 578 1759 ἐπὶ
628 1706 1039 1759 Οὐεσπασιανοῦ
1111 1705 1373 1776 βασιλέως
1411 1704 1716 1772 Ῥωμαίων,

149 1801 396 1861 ἀπλανῶς
424 1798 630 1850 τάττων
661 1798 758 1866 τὴν
788 1797 843 1849 ιδ’
877 1794 970 1849 τοῦ
1001 1797 1218 1867 πρώτου
1251 1797 1418 1867 μηνὸς
1442 1798 1544 1868 τῆς
1571 1797 1720 1867 σελή-

151 1908 241 1961 νης
280 1891 308 1941 ό
347 1889 685 1960 Ίσραηλίτης
711 1890 837 1950 λαὸς
870 1889 930 1941 τὸ
975 1889 1195 1956 νομικὸν
1238 1887 1475 1959 ἑώρταζε
1506 1890 1715 1959 Πάσχα,
1748 1904 1790 1958 Β

150 1981 234 2036 διὰ
258 1982 456 2035 τούτων
483 1978 762 2051 συντόμως
791 1978 1188 2033 ἀποδέδεικται.
1211 1980 1330 2032 Τῶν
1361 1980 1520 2049 ἱερῶν
1542 1980 1718 2034 τοίνυν

153 2075 458 2142 προφητῶν,
493 2074 588 2127 καὶ
611 2074 846 2136 πάντων,
869 2073 943 2136 ὡς
969 2073 1122 2144 ἔφην,
1155 2074 1289 2145 ὁμοῦ
1314 2073 1420 2127 τῶν
1449 2076 1608 2139 ὁσίως
1629 2075 1722 2127 καὶ

151 2163 365 2227 δικαίως
417 2165 476 2216 ὲν
525 2163 603 2232 τῷ
652 2164 802 2232 νόμῳ
854 2163 1058 2232 Κυρίου
1105 2163 1574 2234 πολιτευσαμένων
1625 2167 1723 2217 σὺν

153 2253 309 2306 παντὶ
334 2252 410 2322 τῷ
439 2252 550 2322 λαῷ
577 2252 639 2304 τὸ
673 2251 900 2304 τυπικὸν
931 2252 1025 2304 καὶ
1061 2252 1285 2315 σκιῶδες
1316 2252 1508 2322 Πάσχα
1537 2255 1723 2324 ὲορτα-

158 2343 364 2406 ζόντων,
394 2345 420 2396 6
465 2340 646 2411 πάσης
687 2342 917 2412 ἀοράτου
973 2342 1065 2394 καὶ⁹
1108 2343 1310 2412 ὁρατῆς
1358 2342 1585 2406 κτίσεως
1631 2346 1722 2414 δη-

159 2436 404 2507 μιουργὸς
434 2437 526 2489 καὶ
553 2435 837 2503 δεσπότης,
874 2435 901 2484 6
935 2434 1225 2504 μονογενὴς
1257 2433 1403 2497 Υἱὸς,
1432 2435 1523 2486 καὶ
1552 2435 1720 2502 Λόγος

155 2524 183 2575 ὁ
225 2525 295 2593 τῷ
339 2526 512 2596 Πατρ)⁸
563 2525 655 2577 καὶ
706 2524 784 2592 τῷ
822 2523 964 2591 ἁγίῳ
998 2522 1275 2590 Πνεύματι
1310 2522 1594 2585 συναῒδιος,
1630 2524 1721 2574 καὶ

157 2612 423 2682 ὁμοούσιος
470 2612 759 2681 κατά,τὴν
799 2612 1046 2681 θεότητα,
1088 2613 1115 2662 ό
1159 2604 1358 2682 Κύριος
1405 2611 1580 2680 ἡμῶν,
1630 2614 1722 2665 καὶ

157 2702 282 2766 Θεὸς
317 2701 517 2773 Ἰησοῦς
543 2706 570 2754 6
615 2703 864 2773 Χριστὸς,
920 2703 1010 2754 ἐπὶ
1055 2701 1333 2770 συντελείᾳ
1380 2700 1484 2752 τῶν
1514 2700 1722 2755 αἰώνων

160 2795 290 2848 κατὰ
323 2795 497 2866 σάρκα
525 2795 736 2864 τεχθεὶς
765 2797 826 2847 ὲκ
853 2795 953 2863 τῆς
988 2794 1150 2860 ἁγίας
1195 2792 1404 2857 ἐνδόξου
1439 2792 1722 2861 δεσποίνης

158 2887 306 2955 ἡμῶν
336 2887 594 2939 Θεοτόκου
626 2887 718 2938 καὶ
755 2883 1156 2953 Ἀειπαρθένου,
1189 2884 1280 2934 καὶ
1301 2882 1440 2934 κατὰ
1468 2881 1723 2950 ἀλήθειαν

160 2978 406 3032 Θεοτόκου
440 2978 676 3048 Μαρίας.
710 2975 802 3028 καὶ
843 2976 935 3028 ἐπὶ
978 2975 1076 3043 τῆς
1108 2973 1212 3042 γῆς
1245 2972 1449 3041 ὀφθεὶς,
1485 2973 1578 3025 καὶ
1613 2971 1724 3034 τοῖς

159 3069 448 3137 ὁμοουσέοις
475 3068 614 3121 κατὰ
657 3066 752 3138 τὴν
778 3064 1165 3137 ἀνθρωπότητα
1192 3063 1495 3134 ἀνθρώποις
1530 3065 1602 3125 ῶς
1633 3064 1724 3115 ἆν-

162 3157 364 3228 θρωπος
393 3158 605 3230 άληθῶς
638 3154 1119 3226 συναναστραφεὶς,
1168 3155 1260 3206 καὶ
1310 3155 1469 3215 αὐτος
1517 3156 1612 3206 σὺν
1649 3153 1723 3223 τῷ

1831 602 2001 672 magis
2028 602 2356 657 carrendum
2389 606 2536 665 erat,
2565 613 2674 653 non
2718 617 2846 656 vero
2877 609 3081 657 temere
3107 617 3170 655 ac
3209 616 3402 673 perpo-

1829 707 1946 744 ram
1978 691 2358 755 scribendum,
2396 690 2464 744 ab
2495 691 2651 744 initio
2683 701 2734 744 et
2773 706 2984 760 semper
3014 692 3159 746 circa
3187 685 3397 747 Pascha

1828 797 2043 838 errasse
2078 784 2279 848 videri,
2315 799 2439 836 cum
2493 782 2545 836 id
2589 783 2810 836 minime
2858 784 3036 852 possis
3072 785 3393 846 ostendere.

1830 874 2093 944 quidquid
2125 877 2371 944 ingerere
2401 875 2536 928 velis
2562 874 2663 937 iis,
2696 875 2785 942 qui
2812 889 2956 928 nunc
3002 889 3125 928 cum
3160 876 3395 945 plurimo

1828 979 2014 1018 errore
2047 980 2076 1016 a
2104 966 2236 1033 legis
2280 973 2551 1034 praecepto
2582 964 2650 1018 de
2678 963 2944 1019 Pascbate
2985 972 3040 1020 et
3083 967 3203 1021 aliis
3242 967 3395 1021 aber-

1830 1064 1972 1110 rant.
2007 1054 2270 1110 Videntur
2299 1059 2442 1112 enim
2484 1066 2697 1112 veteres
2730 1056 2862 1110 illud
2900 1057 3077 1127 egisse
3113 1067 3238 1126 post
3274 1074 3391 1113 ver-

1829 1162 1961 1201 num
2009 1148 2428 1217 tequinoctium,
2477 1147 2622 1217 quod
2677 1161 2838 1202 nosse
2869 1146 2966 1201 tibi
3000 1147 3180 1202 licebit
3223 1147 3393 1204 libros

1829 1245 2039 1292 veteres
2075 1238 2305 1307 legenti,
2332 1237 2563 1306 illosque
2592 1237 2829 1292 maxime
2863 1237 2956 1306 qui
2984 1251 3016 1290 δ
3052 1235 3393 1308 sapientibus

1827 1324 2070 1383 Hebraeis
2100 1334 2230 1385 sunt
2246 1327 2564 1397 conseripti.

1901 1496 2012 1554 VII.
2061 1495 2337 1552 Hactenus
2387 1495 2556 1564 igitur
2599 1509 2774 1565 usque
2803 1493 2871 1549 ad
2899 1492 3235 1549 Dominicam
3264 1511 3392 1568 pas-

1827 1590 2067 1651 sionem,
2104 1595 2268 1656 atque
2302 1585 2436 1638 adeo
2477 1586 2530 1636 in
2573 1591 2847 1652 postremo
2900 1581 3393 1653 Hierosolymitano

1823 1679 2065 1741 excidio,
2095 1676 2240 1746 quod
2265 1677 2369 1730 sub
2397 1672 2729 1742 Vespasiano
2760 1673 3129 1726 Romanorum
3164 1673 3392 1744 impera.

1826 1782 1941 1828 tore
1975 1771 2233 1840 conligit,
2266 1771 2521 1838 populum
2551 1765 2844 1820 lsraelitam
2879 1781 2966 1818 xw
2999 1766 3160 1834 primi
3186 1766 3391 1819 mensis

1823 1865 1964 1918 lunae
1992 1873 2138 1917 recte
2174 1868 2375 1915 statuta
2396 1899 2408 1920 ,
2460 1859 2629 1927 legale
2682 1856 2988 1912 celebrasse
3021 1855 3229 1910 Pascha
3262 1856 3390 1909 bre—

1820 1958 1960 2010 viter
2027 1955 2459 2008 demonstratum
2507 1960 2608 2004 est.
2692 1949 2874 2002 Sacris
2931 1963 3060 2017 ergo
3112 1947 3390 2017 prophetis

1819 2047 2215 2114 omnibusque,
2248 2051 2305 2096 ut
2336 2041 2448 2096 dixi
2469 2083 2481 2103 ,
2516 2047 2705 2095 sancte
2736 2039 2901 2094 simul
2933 2038 3152 2107 etjuste
3192 2053 3245 2091 tn
3276 2039 3393 2107 lege

1822 2139 2032 2193 Domini
2063 2137 2432 2196 versantibus,
2468 2149 2589 2188 cum
2619 2133 2875 2186 universo
2900 2131 3121 2199 populo,
3147 2129 3391 2200 typicum

1820 2239 1873 2284 et
1904 2230 2188 2284 umbratile
2242 2227 2452 2282 Pascha
2494 2224 2942 2286 celebrantibus,
2996 2223 3285 2278 invisibilis
3333 2229 3391 2276 et

1819 2322 2048 2376 visibilis
2071 2321 2249 2374 omnis
2279 2326 2544 2373 creatura:
2565 2315 2838 2369 Conditor.
2858 2329 2921 2367 ac
2959 2313 3236 2375 Dominus,
3265 2313 3390 2366 uni-

1821 2411 2036 2479 genitus
2067 2407 2259 2470 Filius,
2309 2417 2360 2461 et
2395 2405 2632 2460 Verbum
2665 2403 2813 2456 Patri
2851 2410 2905 2456 et
2941 2401 3164 2470 Spiritui
3197 2411 3390 2455 sancto

1820 2511 2148 2557 eomternum
2173 2543 2186 2566 ,
2226 2499 2582 2567 ejusdemque
2628 2485 2925 2550 secundum
2964 2494 3219 2545 deitatem
3252 2494 3388 2546 sub-

1821 2596 2034 2648 stantim
2055 2633 2069 2656 ,
2101 2593 2363 2644 Dominus
2389 2599 2576 2642 noster
2605 2596 2659 2640 et
2693 2585 2834 2640 Deus
2861 2583 3018 2638 Iesus
3045 2583 3295 2637 Christus
3331 2582 3388 2636 in

1823 2689 2146 2741 seculorum
2184 2683 2655 2738 consummatione
2684 2678 2984 2734 secundum
3026 2692 3243 2729 carnem
3289 2690 3390 2728 na-

1822 2788 1932 2842 tus,
1954 2794 2018 2832 ex
2051 2783 2237 2830 sancta
2263 2775 2496 2843 gloriosa
2527 2773 2744 2826 domina
2776 2776 2962 2823 nostra
2990 2767 3079 2820 Dei
3115 2766 3389 2821 Genitrice

1823 2878 1876 2921 et
1907 2882 2120 2935 semper
2155 2865 2365 2932 virgine
2385 2902 2400 2925 ,
2436 2877 2498 2915 ac
2536 2875 2722 2914 revera
2753 2858 2844 2911 Dei
2876 2855 3150 2910 Genitrice
3177 2853 3345 2908 Maria
3367 2892 3384 2916 ,

1824 2967 1875 3012 et
1909 2960 1963 3010 in
1986 2965 2128 3011 terra
2162 2959 2314 3010 visus
2341 2995 2353 3013 ,
2387 2961 2439 3007 et
2467 2951 2711 3020 ejusdem
2739 2950 3058 3002 substantia:
3088 2946 3389 3000 secundum

1828 3049 2217 3102 humanitatem
2251 3061 2374 3097 cum
2409 3041 2720 3095 hominibus
2745 3079 2758 3101 ,
2793 3045 2852 3091 ut
2883 3039 3045 3091 homo
3067 3075 3084 3101 ,
3108 3050 3232 3090 vere
3254 3050 3390 3090 con-

1825 3150 2093 3205 versatus,
2127 3140 2349 3207 ipseque
2372 3149 2493 3188 cum
2532 3133 2731 3201 populo
2765 3131 2924 3183 annis
2965 3139 3090 3183 ante
3128 3128 3393 3198 pradica-

163 3249 269 3318 λαῷ
297 3253 349 3303 ἐν
375 3253 481 3314 τοῖς
505 3251 648 3303 ἔτεσι
674 3252 784 3312 τοῖς
819 3249 923 3317 πρὸ
954 3245 1048 3298 τοῦ
1078 3247 1447 3317 κηρύγματος,
1484 3247 1576 3299 καὶ
1616 3248 1722 3307 τοῖς

1829 3234 2047 3292 tionem,
2078 3239 2130 3284 et
2161 3229 2215 3281 in
2243 3224 2627 3297 praedicatione
2656 3220 2824 3291 legale
2847 3228 2899 3272 et
2928 3220 3164 3289 typicum
3184 3217 3393 3272 Pascha

163 3343 216 3395 ἒν
246 3343 318 3412 τῷ
352 3344 660 3413 κηρύγματι
687 3342 745 3393 τὸ
770 3342 991 3410 νομικὸν
1016 3343 1106 3395 καὶ
1136 3340 1360 3402 σκιῶδες
1390 3341 1579 3407 Πάσχα
1630 3340 1725 3390 ὲπ-

167 3434 418 3498 ετέλεσεν,
457 3433 652 3485 ἐσθίων
675 3433 764 3484 τὸν
797 3432 1024 3483 τυπικὸν
1053 3432 1249 3502 ἀμνόν·
1289 3432 1400 3482 Οὐκ
1425 3425 1587 3498 ἦλθον
1618 3429 1724 3498 γὰρ

167 3524 450 3576 καταλῦσαι
476 3524 566 3576 τὸν
592 3522 772 3592 Νόμον
798 3517 985 3592 ἢ,τοὺς
1016 3523 1318 3593 προφήτας,
1345 3521 1490 3571 ἀλλὰ-
1509 3520 1613 3588 πλη
1625 3520 1724 3590 ρῶ-

169 3629 269 3674 σαι,
305 3615 452 3678 αὐτὸς
480 3618 537 3668 ὲν
565 3613 915 3681 Εὑαγγελίοις
958 3613 1177 3684 εἴρηκεν
1207 3616 1234 3666 ὁ
1263 3615 1471 3684 Σωτήρ.
1493 3615 1642 3665 Ἐπεὶ
1670 3614 1724 3666 δὲ

167 3706 430 3777 ἐκήρυξεν,
454 3707 552 3758 οὐκ
580 3707 748 3773 ἔφαγε
771 3706 861 3758 τὸν
881 3705 1047 3774 ἀμνόν
1067 3722 1078 3734 ·
1108 3704 1220 3757 ἀλλ’
1247 3705 1402 3765 αὐτὸς
1425 3704 1624 3755 ἔπαθεν
1651 3704 1725 3766 ὡς

167 3796 402 3865 ἀληθινὸς
427 3799 595 3868 ἀμνὸς
625 3799 682 3849 ὲν
714 3800 780 3867 τῇ
809 3797 902 3849 τοῦ
937 3797 1126 3865 Πάσχα
1152 3798 1332 3866 ἑορτῇ,
1374 3795 1555 3857 καθὼς
1579 3795 1724 3847 διδόμ

170 3902 279 3938 σκει
324 3891 349 3939 6
394 3889 636 3956 θεολόγος
688 3889 782 3941 καὶ
833 3889 1222 3957 εὐαγγελιστὴς
1267 3888 1515 3956 Ἰωάννης
1547 3889 1603 3939 ἐν
1650 3888 1726 3956 τῷ

171 3979 281 4030 κατ’
305 3979 454 4030 αὑτὸν
484 3980 817 4050 Εὑαγγελίῳ,
842 3979 1014 4046 λέγων
1037 3977 1208 4042 οὕτως
1228 3995 1241 4007 ·
1293 3981 1570 4046 Ἄγουσιν
1617 3974 1726 4032 οὖν

171 4067 270 4120 τὸν
308 4069 531 4134 Ἰησοῦν
563 4071 680 4124 ἀπὸ
731 4070 837 4124 τοῦ
868 4070 1102 4137 Καῖὰρα
1133 4073 1218 4135 εὶς
1252 4069 1317 4121 τὸ
1341 4069 1721 4136 πραιτώριον·

171 4155 242 4228 ἦν
269 4159 332 4211 δὲ
353 4164 525 4229 πρωῒ,
551 4163 647 4214 καὶ
686 4163 851 4216 αὐτοὶ
887 4164 997 4215 οὐκ
1023 4162 1311 4230 εἰσῆλθον
1341 4165 1428 4226 εἰς
1463 4161 1527 4213 τὸ
1561 4179 1727 4228 πραι-

171 4249 382 4318 τώριον,
420 4254 517 4305 ἵνα
561 4252 647 4321 μὴ
676 4252 1027 4321 μιανθῶσιν,
1076 4254 1214 4304 ἀλλ’
1245 4253 1342 4304 ἵνα
1390 4250 1621 4319 φάγωσι
1663 4251 1726 4302 τὸ

172 4345 391 4412 Πάσχα.
429 4347 537 4398 Καὶ
573 4345 688 4414 μετ’
728 4346 912 4412 όλίγα’
960 4345 1011 4396 '0
1052 4339 1166 4397 οὖν
1217 4343 1490 4407 Πιλᾶτος,
1543 4343 1719 4396 dicor)-

173 4449 280 4499 σας
310 4435 509 4488 τοῦτον
542 4435 648 4487 τὸν
674 4434 879 4504 λόγον,
921 4432 1144 4502 ἤγαγεν
1175 4431 1290 4495 ἔξω
1322 4429 1428 4483 τὸν
1471 4429 1724 4496 Ἰησοῦν,

174 4526 262 4576 καὶ
288 4525 555 4580 ἐκάθισεν
588 4526 683 4578 ἐπὶ
720 4525 823 4578 τοῦ
846 4523 1118 4591 ,βήματος
1151 4526 1235 4589 εὶς
1269 4525 1455 4576 τόπον
1485 4522 1726 4589 λεγόμε-

176 4632 278 4667 νον
310 4621 728 4685 Λιθόστρωτον,
757 4590 1046 4682 Ἐϐραῗστὶ
1093 4614 1160 4667 δὲ
1208 4617 1256 4667 Γ
1259 4612 1500 4667 αϐϐαοιῖ.
1517 4607 1628 4665 Ἦν
1661 4610 1727 4664 δὲ

1831 4610 1960 4663 hora
1989 4607 2142 4678 quasi
2184 4603 2338 4656 tertia
2391 4615 2408 4652 :

171 4708 503 4778 Παρασκευὴ
521 4709 627 4763 τοῦ
646 4708 880 4776 Πάσχα·
910 4705 1029 4774 ὥρα
1053 4702 1130 4775 ἦν
1152 4705 1291 4759 ὡσεὶ
1317 4704 1480 4771 τρίτη
1501 4744 1515 4767 ,
1548 4701 1728 4764 καθὼς

179 4802 240 4854 τὰ
263 4804 449 4876 ἀκριϐῆ
479 4803 659 4875 βιϐλία
687 4801 929 4874 περιέχει
951 4841 965 4863 ,
993 4801 1124 4854 αὐτό
1154 4817 1214 4853 τε
1244 4799 1303 4851 τὸ
1337 4797 1614 4866 ὶδιόχειρον
1632 4794 1726 4848 τοῦ

183 4891 558 4958 εὐαγγελιστοῦ,
581 4893 717 4961 ὅπερ
751 4891 913 4961 μέχρι
939 4888 1032 4942 τοῦ
1059 4888 1155 4944 νῦν
1181 4887 1516 4957 πεφύλακται
1547 4883 1728 4955 χάριτι

182 4981 302 5033 Θεοῦ
343 4983 396 5035 ἐν
440 4986 504 5054 τῇ
547 4981 806 5050 Ἐφεσίων
841 4979 1120 5052 ἁγιωτάτῃ
1150 4978 1465 5048 Ἐκκλησία,
1488 4976 1582 5028 καὶ
1624 4975 1730 5027 ὑπὸ

184 5072 279 5124 τῶν
306 5073 496 5125 πιστῶν
537 5075 714 5126 ἐκεῖσε
753 5073 1153 5144 προσκυνεῖται.
1182 5069 1292 5121 Καὶ
1323 5066 1480 5120 πάλιν
1511 5069 1538 5119 6
1567 5066 1730 5127 αὐτός

186 5181 332 5233 φησιν
389 5165 774 5235 εὐαγγελιστής
803 5180 818 5195 ·
877 5167 944 5217 οι
993 5158 1106 5216 οὖν
1141 5159 1423 5222 Ἰουδαῖοι,
1482 5159 1582 5211 ἵνα
1640 5157 1726 5225 μὴ

184 5256 336 5322 μείνῃ
375 5255 468 5332 ἐπὶ
513 5255 620 5308 τοῦ
661 5256 923 5323 σταυροῦ
958 5254 1033 5308 τὰ
1053 5251 1298 5330 σώματα
1318 5251 1386 5304 ἐν
1407 5250 1484 5314 τῷ
1507 5247 1726 5303 σαϐϐά-

187 5359 258 5406 τῳ
294 5327 427 5414 (ἐπεὶ
452 5345 814 5412 Παρασκευὴ
838 5341 944 5412 ἦν·
977 5327 1073 5413 ἦν¹
1093 5343 1200 5411 τὰρ
1224 5340 1455 5410 μεγάλη
1478 5341 1515 5407 ἡ
1541 5337 1728 5406 ἡμέρα

189 5433 365 5502 ἐκείνη
389 5435 496 5489 τοῦ
520 5433 863 5503 σαϐϐάτου),
880 5435 1196 5501 ἠρώτησαν
1222 5433 1328 5485 τὸν
1348 5429 1606 5484 Πιλᾶτον
1633 5430 1733 5481 ἵνα

194 5526 530 5597 κατεαγῶσιν
578 5524 775 5579 αὐτῶν
822 5529 895 5578 τὰ
938 5524 1150 5592 σκέλη,
1199 5525 1299 5577 καὶ
1348 5523 1626 5591 ἀρθῶσιν.
1644 5522 1732 5573 Ἐν

195 5619 316 5688 αὑτῇ
357 5616 443 5673 οὖν
491 5621 556 5690 τῇ
601 5617 806 5688 ἡμέρᾳ,
834 5616 893 5666 ὲν
983 5616 1203 5686 ἔμελλον
1238 5618 1288 5670 οἰ
1329 5616 1567 5669 Ἰουδαῖοι
1594 5613 1731 5682 πρὸς

1826 3323 2140 3382 celebravit,
2174 3318 2464 3373 comedens
2498 3328 2695 3383 agnum
2728 3312 2967 3382 typicum
3004 3328 3016 3363 :
3055 3309 3227 3379 neque
3248 3310 3392 3361 enim

1827 3431 1884 3470 se
1907 3415 2120 3469 venisse
2152 3420 2209 3465 ut
2238 3410 2430 3479 Legem
2470 3409 2703 3461 sulveret
2731 3404 2810 3457 vel
2838 3401 3167 3471 Prophetas,
3212 3400 3305 3454 sed
3333 3406 3392 3453 ut

1827 3505 2177 3574 adimpleret,
2219 3503 2445 3570 ipsemet
2489 3499 2542 3550 in
2583 3489 2889 3563 Evangeﬁis
2937 3493 3075 3546 dixit
3122 3490 3390 3544 Salvator.

1827 3599 2119 3666 Postquam
2149 3607 2276 3646 vero
2323 3588 2664 3658 praedicavit,
2713 3601 2821 3640 non
2870 3583 3108 3638 comedit
3151 3594 3390 3650 agnum,

1827 3691 1918 3745 sed
1973 3690 2089 3758 ipse
2139 3698 2336 3754 passus
2374 3687 2456 3734 est
2503 3687 2561 3731 ut
2607 3692 2772 3730 verus
2815 3689 2984 3744 agnus
3034 3671 3091 3725 in
3137 3669 3392 3726 Paschali

1829 3781 2140 3840 festivitate,
2168 3770 2623 3845 quemadmodum
2653 3769 2809 3821 docet
2834 3766 3117 3834 theologus
3146 3772 3199 3816 et
3225 3776 3395 3816 evan-

1825 3873 2013 3943 gelista
2042 3868 2278 3922 Joannes
2308 3865 2362 3916 in
2396 3861 2684 3931 Evangelio
2715 3860 2811 3913 abs
2844 3875 2902 3913 se
2933 3857 3266 3925 conscripto,
3298 3854 3393 3907 ubi

1829 3970 1906 4020 sic
1938 3965 2012 4016 ait
2046 3964 2059 3991 ‘
2099 3980 2110 4012 :
2150 3957 2433 4011 Adducunt
2463 3970 2584 4023 ergo
2617 3951 2800 4005 Iesum
2827 3969 2858 4002 a
2885 3948 3084 4016 Caipha
3119 3948 3173 4000 in
3200 3956 3395 4014 prarto-

1830 4061 1986 4110 rium.
2049 4053 2180 4105 Erat
2229 4058 2402 4102 autem
2453 4061 2636 4106 mane,
2678 4053 2727 4096 et
2773 4043 2874 4109 ipsi
2921 4056 3020 4092 non
3080 4038 3396 4090 introierunt

1828 4147 2158 4217 pra'torium,
2190 4151 2246 4193 ut
2285 4157 2387 4193 non
2410 4136 2915 4194 contaminarentur,
2962 4129 3050 4183 sed
3083 4138 3140 4181 ut
3171 4127 3395 4181 mandu-

1828 4247 2004 4292 carent
2042 4235 2274 4288 Pascha.
2319 4230 2383 4283 Et
2412 4222 3014 4298 post-pauca’:Pilatus
3063 4227 3237 4271 autem
3274 4233 3393 4270 cum

1829 4334 2058 4386 audisset
2083 4329 2173 4380 hos
2209 4338 2492 4380 sermones,
2521 4316 2742 4370 adduxit
2780 4313 2926 4381 foras
2950 4309 3155 4371 Jesum,
3191 4318 3240 4362 et
3260 4308 3395 4361 sedit

1826 4440 1918 4492 pro
1940 4420 2194 4475 tribunali
2211 4419 2263 4469 in
2282 4417 2392 4469 loco
2416 4411 2504 4482 qui
2534 4409 2727 4460 dicitur
2743 4404 3109 4478 Lithostrolos,
3140 4400 3396 4453 Hebraice

1832 4525 2005 4570 autem
2055 4509 2345 4567 Gabbatha.
2397 4505 2531 4558 Erat
2585 4511 2758 4554 autem
2805 4498 3093 4551 Parasceve
3140 4495 3392 4554 Paschrr,

2459 4603 2518 4649 ut
2577 4591 2819 4646 accurati
2885 4589 3007 4642 libri
3063 4587 3392 4657 praferunt,

1832 4700 2120 4767 ipsumque
2153 4687 2498 4759 evangelista:
2527 4698 2688 4736 manu
2732 4679 3063 4747 descriptum
3099 4677 3393 4746 exemplar,

1832 4789 1978 4860 quod
2008 4788 2191 4841 divina
2235 4780 2406 4852 gratia
2438 4777 2503 4830 ad
2535 4778 2646 4828 haec
2677 4787 2849 4840 usque
2883 4779 3125 4838 tempora
3173 4769 3224 4820 in
3268 4784 3397 4822 san-

1831 4858 2074 4933 ctissima
2102 4873 2462 4945 Ephesiorum
2495 4863 2736 4918 Ecclesia
2785 4866 3116 4921 asservatur,
3167 4865 3220 4912 et
3258 4871 3296 4912 a
3338 4858 3398 4910 ti-

1830 4972 2044 5026 delibus
2075 4967 2146 5021 ibi
2179 4965 2397 5018 colitur.
2426 4957 2663 5011 Rursum
2697 4967 2860 5022 porro
2883 4950 2957 5002 ait
2988 4948 3127 5001 idem
3161 4963 3398 5017 evange-

1831 5057 2380 5123 lista’:Juda:iergo,
2412 5049 2658 5120 quoniam
2697 5043 2985 5094 Parasceve
3016 5049 3164 5110 erat,
3203 5047 3257 5090 ut
3293 5055 3394 5090 non

1835 5155 2158 5208 remanerent
2187 5148 2241 5198 in
2263 5157 2413 5195 cruce
2444 5151 2665 5204 corpora
2682 5132 2946 5192 Sabbato;
2968 5137 3080 5180 erat
3114 5129 3250 5180 enim
3277 5144 3397 5181 ma-

1834 5261 1965 5316 gnus
1996 5242 2086 5296 ille
2109 5241 2218 5293 dies
2253 5233 2503 5293 Sabbati;
2537 5233 2847 5296 rogaverunt
2883 5221 3121 5275 Pilatum
3158 5225 3216 5270 ut
3246 5218 3400 5316 fran-

1832 5307 2073 5408 aerentur
2103 5346 2284 5386 eorum
2308 5341 2468 5380 crura
2507 5331 2556 5376 et
2603 5318 2928 5374 tollerentur.
2976 5311 3088 5367 isto
3121 5311 3286 5408 igitur
3308 5307 3397 5362 die

1835 5398 1944 5498 quo
1985 5423 2154 5480 Judaei
2201 5413 2583 5474 manducaturi
2614 5415 2773 5466 erant
2809 5403 3015 5472 Pascha
3038 5442 3054 5466 ,
3101 5398 3397 5455 cruciﬁxus

1833 5491 1919 5573 est
1952 5517 2214 5571 Dominus
2259 5519 2447 5564 uoster
2491 5513 2546 5560 et
2607 5501 2855 5556 Salvator
2907 5493 3067 5583 Iesus
3111 5491 3396 5553 Christus,

1833 5610 2012 5664 hostla
2042 5606 2218 5660 factus
2250 5603 2318 5656 iis
2343 5601 2438 5670 qui
2479 5591 2749 5663 sumpturi
2798 5595 2952 5642 erant
2999 5583 3155 5646 ﬁdei,
3200 5593 3398 5635 secun-

324 5733 505 5788 ‘Joan.
530 5747 685 5793 xvm,
713 5729 806 5784 28.
881 5726 901 5756 ¹
930 5722 1092 5778 Joan.
1123 5737 1235 5790 ιιι,
1267 5719 1356 5782 15,
1388 5719 1475 5774 14.
1552 5719 1573 5749 ³
1603 5718 1730 5773 ibid.
1759 5721 1846 5773 3|.

259 5825 359 5893 (5|)
383 5824 514 5894 llap‘
544 5787 832 5891 Ἑϐραίοις
866 5819 1064 5888 σοφοί.
1102 5815 1198 5870 Hic
1220 5787 1498 5869 interserit
1537 5819 1725 5866 auctor
1763 5809 2007 5866 Chronici
2055 5803 2335 5861 Paschalis
2380 5801 2560 5856 locum
2600 5811 2668 5854 ex
2703 5789 3001 5849 Athanasio
3027 5787 3398 5856 desumptum.
