4036 6320
704 420 3891 472 W

1887 593 2026 634 ANNO
2053 594 2239 634 DOIIHI
2279 596 2478 637 CCCXIII
2491 597 2754 637 -ροεῑινι

1337 769 1544 982 S.
1709 755 3365 984 ALEXANDEB.

973 1126 2002 1287 EPISCOPUS
2137 1123 3362 1286 ALEXANDRIN
3379 1132 3612 1290 US

2016 1573 2613 1689 NOTITIA

1494 1799 1779 1861 (GALLAND.,
1805 1799 2037 1848 Veterum
2056 1797 2264 1844 Patrum
2291 1794 2518 1860 Bibliok.,
2547 1800 2627 1861 IV,
2653 1800 2872 1865 Proleg.,
2897 1817 2943 1866 p.
2971 1805 3093 1869 xIx.)

687 2026 725 2080 I.
761 2024 1058 2078 Alexander
1103 2025 1156 2077 in
1177 2022 1292 2078 sede
1318 2023 1680 2077 Alexandrina
1728 2040 1998 2078 successor
2051 2019 2290 2079 Achillea.
2326 2023 2456 2093 Ejus
2510 2024 2718 2076 eximite
2765 2023 2932 2077 dotes.
2986 2023 3200 2079 Primus
3240 2025 3426 2078 Arium
3477 2023 3669 2078 detexit
3702 2023 3901 2080 damna-

754 2099 941 2164 vitque.

684 2189 749 2241 ll.
783 2187 1075 2240 Alexandri
1095 2187 1330 2241 studium
1362 2185 1419 2237 in
1445 2185 1630 2238 haeresi
1656 2186 1860 2239 Ariana
1884 2185 2241 2256 proﬂiganda.
2273 2183 2404 2253 Ejus
2437 2175 2546 2239 dies
2569 2195 2619 2239 et
2645 2202 2813 2238 annus
2843 2184 3150 2238 emortualis
3183 2185 3459 2238 statuitur.

682 2268 770 2337 ῙΙΙ.
811 2283 941 2348 Qum
980 2283 1247 2346 scripserit
1287 2277 1587 2332 Alexander
1638 2278 1705 2330 ad
1739 2279 1983 2332 haeresim
2015 2279 2276 2332 Arianam
2317 2279 2739 2347 oppugnandam.
2779 2278 2969 2332 Exstat
3006 2279 3119 2346 ejus
3166 2279 3410 2347 epistola,
3453 2276 3754 2331 Alexandro
3790 2273 3896 2328 (.‘P.

750 2356 987 2422 episcopo
1025 2353 1300 2418 inscripta.

681 2445 769 2500 IV.
818 2444 888 2498 De
908 2444 1003 2496 hac
1032 2442 1256 2510 epistola
1295 2441 1558 2495 Holstenii
1596 2441 1870 2494 sententia.

680 2541 745 2596 ν.
781 2541 972 2609 Agitur
1011 2539 1073 2590 de
1113 2538 1351 2609 oratione
1392 2534 1679 2586 Alexandri
1716 2534 1782 2585 ad
1823 2537 2247 2609 prespyteroset
2285 2536 2533 2609 diaconos
2586 2537 2972 2590 Alexandrinos
3023 2545 3072 2588 et
3108 2535 3445 2590 Mareoticos.
3494 2535 3626 2590 Item
3666 2537 3727 2590 de
3763 2537 3899 2591 illius

742 2604 968 2678 epiitola
1006 2608 1290 2676 encyclica,
1327 2621 1442 2675 qua:
1481 2621 1560 2657 res
1600 2614 1770 2673 gestas
1811 2604 2013 2657 exhibet
2052 2607 2107 2657 in
2150 2606 2367 2660 Ariona:
2404 2608 2658 2662 hwreseos
2697 2616 2904 2660 exortu.
3701 2639 3704 2643 λ

748 2748 790 2804 1.
831 2748 1056 2813 Achillae
1083 2747 1175 2817 qui
1205 2745 1401 2815 exiguo
1429 2755 1670 2814 tempore
1705 2759 1735 2795 a
1790 2743 1935 2798 Petri
1988 2747 2248 2815 martyrio
2278 2759 2321 2812 Α
2351 2761 2604 2817 magnum
2627 2749 2940 2813 concilium,
2975 2748 3028 2800 in
3060 2762 3169 2817 quo
3192 2747 3394 2816 impius
3442 2747 3532 2801 ille
3565 2749 3634 2803 ab
3664 2747 3900 2804 Ecclesia

679 2841 1099 2896 Alexandrinam
1151 2838 1446 2893 Ecclesium
1497 2836 1942 2899 administravit,
1991 2835 2250 2892 suffectus

679 2942 763 2988 est
813 2931 1118 2987 Alexander
1163 2930 1310 2983 circa
1371 2943 1575 2981 annum
1633 2926 1837 2980 Christi
1896 2927 2019 2983 512.
2078 2927 2250 2998 Hujus

681 3024 930 3094 praesulis
965 3022 1192 3076 eximias
1226 3021 1455 3073 virtutes
1505 3032 1642 3087 quas
1689 3018 1918 3071 omnino
1972 3021 2250 3088 praeterire

680 3115 839 3170 libuit
874 3112 1132 3176 Eusebio,
1167 3112 1302 3165 alios
1334 3111 1630 3178 scriptores
1659 3108 2065 3165 ecclesiasticos
2102 3113 2248 3166 omni

679 3207 837 3263 laude
883 3212 1203 3276 prosecutos
1252 3217 1374 3255 esse
1425 3200 1801 3270 intelligimus.
1838 3199 2050 3255 Passim
2103 3202 2248 3256 enim

678 3298 829 3352 audit
869 3317 885 3347 ‹
934 3295 1260 3362 evangelicae
1294 3293 1557 3346 doctrinae
1611 3301 1988 3361 propugnator
2047 3295 2248 3348 acerri-

676 3404 797 3443 mus
829 3386 927 3458 ta),
973 3406 989 3439 ι
1033 3372 1330 3453 ὀγενναῖος
1371 3381 1738 3436 ἀποστολικῶν
1777 3383 2059 3452 δογμάτων
2100 3387 2247 3450 γενό-

678 3498 834 3550 μενος
869 3479 1150 3550 πρόμαχος
1187 3495 1198 3506 ο
1241 3497 1258 3527 ι
1308 3476 1731 3546 apostolicorum
1779 3474 2093 3545 dogmatum
2125 3476 2246 3529 vin-

677 3574 778 3627 dex
809 3580 862 3626 et
886 3579 1145 3641 patronus
1180 3568 1276 3640 (bl,
1317 3588 1332 3619 ι
1367 3570 1394 3619 ὁ
1426 3566 1530 3619 τῶν
1558 3556 1924 3620 ἄποστολικῶν
1967 3567 2245 3637 δογμάτων

677 3667 975 3736 συνήγορος
999 3681 1011 3693 ⁸
1049 3674 1211 3732 atque
1246 3662 1314 3730 (ο)
1349 3661 1540 3714 divina:
1593 3659 1714 3728 ﬁdei
1764 3662 2098 3727 episcopus...
2131 3662 2242 3729 ple-

673 3773 770 3808 nus
805 3756 1088 3823 sapientia,
1138 3763 1184 3805 et
1223 3753 1425 3819 Spiritu
1475 3759 1658 3804 sancto
1708 3751 1936 3818 fervens.
1977 3749 2243 3803 Nimirum

673 3847 977 3901 Alexander
999 3846 1187 3898 Arium
1228 3845 1434 3913 primus
1481 3851 1536 3897 et
1578 3842 1780 3896 detexit
1824 3851 1878 3896 et
1927 3843 2240 3908 damnavit;

674 3954 1062 4008 sacrarumque
1116 3939 1417 3989 litterarum
1467 3936 1709 4004 vestigiis
1756 3934 2039 3997 insistens,
2071 3942 2130 3986 ut
2171 3935 2244 3986 ait

673 4031 1035 4086 Theodoritus
1061 4028 1161 4099 (d),
1199 4026 1394 4080 Filium
1423 4025 1537 4088 Dei,
1567 4042 1726 4095 quem
1758 4024 2047 4079 hazreticus
2081 4025 2241 4078 homo

2353 2840 2674 2893 exturbatus
2723 2839 2826 2892 fuit
2869 2848 3032 2908 atque
3081 2841 3442 2909 proscriptus.
3472 2839 3536 2893 Et
3565 2843 3766 2897 multas
3795 2845 3904 2914 qui-

2352 2929 2472 2984 dem
2527 2930 2905 2984 aﬂlictationes
2969 2931 3277 2999 multosque
3337 2931 3547 2986 labores
3609 2933 3664 2985 in
3714 2932 3902 2988 haeresi

2351 3020 2550 3073 Ariana
2588 3018 2920 3089 proﬂiganda
2945 3021 3187 3087 pertulit,
3218 3027 3469 3088 quamvis
3494 3035 3679 3082 senex,
3706 3021 3904 3076 beatis-

2352 3109 2523 3164 simus
2544 3109 2882 3173 Alexander;
2912 3109 3109 3178 quibus
3135 3109 3351 3163 demum
3384 3109 3700 3178 perfunctus
3728 3110 3785 3164 in
3814 3126 3903 3165 ex.

2351 3210 2519 3256 trema
2565 3210 2844 3255 senectute
2896 3201 3180 3268 appositus
3212 3209 3294 3254 est
3335 3201 3402 3254 ad
3455 3210 3636 3271 patres
3664 3219 3816 3267 suos,
3847 3211 3904 3257 ut

2350 3291 2539 3346 scribit
2587 3298 2810 3346 sanctus
2853 3289 3183 3346 Athanasius
3239 3293 3341 3360 (e);
3392 3292 3486 3362 qui
3543 3301 3596 3347 et
3633 3293 3761 3351 alibi
3792 3285 3900 3365 (D:

2354 3398 2372 3430 ‹
2412 3380 2689 3436 Mensihus
2719 3385 2981 3452 quinque,
3014 3384 3089 3435 ait
3117 3385 3170 3449 (a
3199 3382 3376 3437 reditu
3416 3381 3632 3453 Niceaz),
3663 3383 3906 3440 nondum

2347 3472 2576 3532 exactis,
2611 3488 2923 3541 supremum
2956 3475 3096 3528 diem
3130 3475 3262 3528 obiit
3298 3476 3466 3528 beata:
3495 3477 3770 3530 memoriae
3791 3477 3906 3532 Ale-

2356 3564 2558 3617 xander
2589 3579 2599 3612 :
2645 3584 2662 3615 ι
2697 3562 2847 3616 οὔπω
2892 3563 2999 3633 γὰρ
3037 3565 3194 3614 πέντε
3240 3563 3406 3633 μῆνες
3449 3568 3752 3638 παρῆλθον,
3783 3575 3918 3627 καὶὸ

2356 3655 2452 3724 μὲν
2503 3656 2810 3727 μακαρίτης
2860 3655 3199 3727 Ἀλέξανδρος
3224 3656 3624 3731 τετελεύτηκεν.
3655 3665 3834 3733 Atque
3865 3666 3916 3719 in

2345 3745 2590 3799 eamdem
2626 3748 2951 3801 sententiam
2983 3742 3345 3800 Theodoritus
3381 3746 3452 3816 (g)
3499 3765 3510 3799 :
3551 3765 3569 3796 ι
3609 3747 3788 3812 Cum;
3820 3747 3903 3802 in-

2345 3837 2482 3905 quit,
2521 3837 2860 3893 admirabilis
2895 3839 2986 3892 ille
3015 3839 3306 3908 episcopus
3336 3838 3640 3892 Alexander
3664 3840 3762 3909 qui
3791 3839 3903 3892 Arii

2346 3927 2738 3996 blasphemiam
2787 3932 3137 4000 expugnavit,
3179 3937 3302 3999 post
3335 3931 3575 4000 quinque
3622 3947 3843 3987 menses
3874 3943 3902 3984 a

2346 4020 2552 4089 synodo
2583 4019 2794 4074 Nica’na
2817 4021 3030 4075 vivendi
3061 4019 3220 4074 fliiem
3253 4020 3491 4084 fecisset,
3521 4021 3903 4076 Alexandrina

670 4131 981 4177 creaturam
1015 4130 1068 4174 et
1113 4121 1379 4172 facturam
1411 4118 1662 4180 vocabat,
1725 4116 1970 4184 ejusdem
1999 4132 2122 4170 esse
2151 4115 2234 4168 di-
2270 4092 2313 4144 Β
2345 4111 2601 4167 Ecclesia:
2641 4114 2990 4181 praesulatum
3033 4114 3369 4168 Athanasius
3403 4115 3665 4184 suscepit.
3708 4135 3726 4166 ι
3777 4113 3900 4168 Haec

670 4216 890 4286 gnilatis
919 4231 1039 4268 cum
1063 4212 1242 4276 Patre,
1279 4211 1631 4277 eamdemque
1657 4224 1778 4262 cum
1804 4207 1914 4262 Deo
1940 4209 2031 4277 qui
2063 4209 2238 4276 ipsum

639 4306 875 4378 \genuit,
921 4304 1117 4356 habere
1141 4301 1502 4356 substantiam
1527 4299 1766 4352 edocuit.

742 4390 802 4446 ll.
845 4391 908 4443 Et
943 4391 1177 4460 primum
1232 4389 1449 4457 quidem
1503 4388 1724 4442 monitis
1774 4397 1828 4441 et
1866 4389 2110 4442 consiliis
2141 4388 2238 4440 ho-

667 4482 865 4535 minem
895 4482 961 4534 ab
1010 4481 1259 4533 instituto
1305 4494 1563 4532 revocare
1613 4480 1842 4533 studuit.
1891 4480 1957 4530 At
1992 4481 2078 4532 Ulli
2112 4496 2236 4533 eum

668 4575 907 4627 insanire
944 4585 1207 4639 suamque
1235 4570 1564 4638 impietatem
1599 4571 1774 4639 palam
1801 4571 2098 4639 prmdicare
2121 4572 2237 4623 ani-

667 4663 954 4717 madvertit
975 4673 1198 4716 sanctus
1228 4661 1455 4714 antistes
1477 4700 1490 4723 ,
1536 4661 1878 4715 Alexandria:
1915 4673 2100 4714 coacta
2129 4677 2235 4714 una

664 4763 717 4808 et
749 4758 918 4808 altera
955 4752 1163 4822 synodo
1193 4752 1572 4826 episcoporum
1609 4750 1851 4822 Egypti,
1899 4767 1965 4806 ex
2006 4753 2233 4823 presby-

671 4856 912 4900 terorum
946 4845 1135 4897 ordine
1171 4844 1319 4895 illum
1369 4843 1636 4910 dejectum
1679 4842 1937 4896 Ecclesia:
1992 4858 2233 4895 commu-

667 4936 828 4988 nione
873 4934 1121 5001 privavit.
1167 4931 1303 4983 Tum
1350 4946 1479 4984 vero
1528 4930 1840 4998 hujusmodi
1894 4933 2234 4984 anathemate

665 5025 946 5091 perculsus
978 5022 1362 5084 barresiarcha,
1397 5036 1522 5074 cum
1556 5022 1727 5088 magis
1753 5020 1928 5073 adhuc
1955 5021 2233 5088 magisque

663 5116 844 5168 furere
893 5121 1159 5183 pergeret,
1206 5127 1349 5164 anno
1384 5110 1601 5163 tandem
1660 5110 1764 5163 525
1816 5109 2006 5164 Nicaeae
2038 5111 2091 5162 in
2144 5109 2231 5162 Bi-

661 5207 844 5276 thynia
886 5221 948 5259 ex
977 5206 1233 5259 universo
1260 5203 1574 5258 Christiano
1604 5203 1734 5257 orbe
1761 5210 2117 5257 convocatum
2149 5210 2230 5256 est

728 5382 805 5464 (ᾳ)
841 5382 1114 5464 :I‘heodon
1159 5381 1303 5437 Hist.
1335 5383 1487 5446 eccl.,
1513 5381 1609 5437 lib.
1645 5398 1685 5445 ι,
1713 5397 1834 5450 cap.
1866 5383 1920 5436 9..

728 5454 804 5520 (ὁ)
841 5452 917 5506 Id.
957 5452 1082 5506 ibid.

726 5526 798 5592 (c)
831 5523 1070 5577 Marcell.
1099 5533 1152 5577 et
1183 5521 1368 5577 Faust.
1403 5523 1585 5577 Libell.
1613 5537 1775 5590 prec.,
1807 5522 1909 5576 sub
1935 5520 2052 5574 init.

729 5593 806 5663 (ά)
838 5593 1110 5663 Theodor.
1144 5594 1179 5646 Ι.
1211 5608 1260 5646 c.

727 5655 797 5734 (ei
826 5665 1026 5719 Athan.
1051 5655 1222 5732 Epist.
1257 5663 1324 5716 ad
1353 5664 1512 5731 episc.
1539 5661 1777 5734 Egypt,
1830 5661 1854 5730 §
1887 5661 1976 5726 Ἡ,
2010 5668 2140 5716 tom.
2181 5660 2217 5727 l,

657 5736 937 5808 [33.9995

2344 4206 2451 4259 ille.
2488 4208 2658 4271 Quam
2684 4206 2902 4275 quidem
2927 4207 3185 4274 temporis
3218 4205 3574 4270 notationem,
3627 4214 3686 4259 ut
3713 4206 3900 4260 adver-

2341 4297 2404 4348 tit
2448 4298 2692 4352 eruditus
2740 4296 3070 4368 Lequienius
3103 4295 3198 4368 (lt),
3255 4298 3309 4350 in
3355 4298 3617 4367 singulari
3664 4297 3897 4368 quadam

2338 4387 2813 4444 dissertatiuncula
2836 4390 3141 4444 edisserens
3169 4388 3518 4442 doctissimus
3561 4387 3894 4442 Montl‘auco-

2339 4484 2483 4545 nius,
2516 4482 2752 4537 ostendit
2777 4481 3140 4535 Alexandrum
3170 4481 3372 4534 obiisse
3414 4480 3502 4534 die
3520 4478 3590 4532 22
3612 4479 3893 4534 Barmudaz

2340 4589 2434 4627 seu
2485 4573 2826 4635 Pharmuthi,
2869 4572 3003 4625 feria
3045 4587 3110 4635 ιι,
3158 4571 3358 4641 Aprilis
3408 4572 3579 4625 nostri
3614 4572 3703 4634 I7,
3752 4588 3891 4627 anno

2338 4665 2565 4732 proinde
2617 4665 2787 4718 altero
2852 4672 2975 4733 post
3028 4662 3300 4717 Nicaznam
3370 4661 3676 4731 synodum,
3747 4662 3890 4718 scili-

2337 4764 2422 4807 cet
2455 4756 2606 4809 526.‘
3357 4817 3360 4819 _

2407 4845 2494 4900 Ill.
2540 4847 2771 4916 Scripsit
2822 4843 3126 4901 Alexander
3179 4845 3485 4914 encyclicas
3537 4846 3601 4898 ad
3649 4847 3889 4917 singulos

2334 4937 2617 5005 epiSCOpos
2675 4939 2901 5000 litteras,
2945 4939 3056 4998 τοῖς
3101 4935 3409 5004 ἁπανταχοῦ
3443 4936 3580 4988 κατὰ
3611 4938 3787 4999 πόλιν,
3835 4948 3890 4990 ut

2333 5043 2397 5080 ex
2428 5025 2650 5081 Socrate
2675 5029 3041 5096 comperimus
3078 5026 3162 5097 (ί),
3197 5027 3398 5096 quibus
3441 5027 3687 5081 haeresim
3737 5029 3889 5081 Aria-

2332 5133 2454 5170 nam
2493 5119 2872 5188 oppugnabat;
2909 5133 3110 5187 easque
3136 5117 3305 5173 ferme
3351 5121 3689 5190 septuaginta
3722 5119 3887 5174 fuisse

2331 5206 2496 5261 refert
2521 5206 2859 5276 Epiphanius
2889 5208 2974 5278 (j).
3010 5207 3147 5261 Suas
3178 5223 3338 5277 porro
3370 5211 3627 5278 epistolas
3661 5210 3888 5280 vigilan-

2407 5385 2473 5454 (f)
2511 5384 2586 5457 I_d.
2635 5384 2867 5457 Apolog_._
2884 5393 3053 5457 contr.
3092 5385 3306 5457 Arium,
3343 5386 3486 5457 με),
3517 5401 3635 5457 pag,
3671 5385 3792 5438 I78,

2406 5461 2479 5524 (g)
2512 5453 2782 5525 Theudor.
2821 5453 3142 5525 llist._eccl.,
3174 5456 3269 5508 lib.
3297 5453 3476 5525 μεεὶρ.
3506 5453 3599 5512 ‘26.

2405 5522 2481 5597 (li)
2506 5524 2775 5597 _Lequie_n_.
2819 5522 2914 5576 0r.
2951 5523 3172 5597 Christ,
3207 5536 3341 5581 tom.
3365 5522 3578 5597 Il,_pag.
3602 5522 3727 5580 390.

2403 5596 2467 5661 (ἰ)
2501 5594 2655 5667 ξοςιεΪ
2695 5593 2840 5667 Ilist.
2874 5596 2999 5648 εδει.
3041 5594 3130 5667 lib.
3167 5613 3203 5658 ι,
3231 5611 3353 5667 cap.
3387 5597 3439 5651 6.

2399 5668 2463 5734 (j)
2502 5662 2696 5732 Epiph.
2727 5663 2857 5718 lner.
2896 5680 3043 5730 ιιιι,
3076 5664 3102 5734 §
3135 5667 3186 5719 4.
