4036 6320
1077 391 1132 447 S.
1175 391 1593 448 ALEXANDER
1632 388 1838 446 ALEX.
1869 423 1938 431 —
1960 387 2261 446 NOTITIA.

3214 394 3316 452 528

122 508 356 561 tissimum
402 505 696 576 przsulem
743 518 868 560 cum
914 505 981 561 iis
1027 520 1164 575 quas
1219 505 1286 559 ad
1340 507 1517 576 ipsum
1567 521 1655 560 re-
1685 513 1734 570 Α
1762 505 2026 558 circulum
2059 506 2227 561 missa
2255 505 2558 559 ostendam.
2598 501 2782 576 Neque
2821 521 2922 578 ego
2954 507 3043 562 hic
3065 503 3322 567 Theodo-

121 597 422 665 scripserunt
443 595 696 664 episcOpi
728 609 824 664 per
872 596 1113 664 singulas
1153 595 1317 652 urbes
1347 596 1655 659 constituti,

121 704 203 758 pro
226 687 488 742 catholicae
512 688 806 740 sententia:
837 685 1151 741 defensione
1191 689 1245 742 in
1298 701 1464 740 unum
1498 687 1655 740 volu-

127 795 224 833 men
250 777 607 847 congessisse.
638 787 837 848 praeter
868 775 1146 832 Socratem
1182 778 1260 848 (a)
1293 786 1525 831 testatur
1556 776 1657 831 So-

121 885 350 926 zomenus
373 869 472 939 (b).
501 871 570 923 At
591 887 666 924 ex
703 872 956 927 omnibus
983 872 1229 941 epistolis
1250 887 1389 940 quas
1420 871 1656 925 Alexan-

118 963 254 1016 drum
284 962 672 1030 perscripsisse
706 963 873 1016 tradit
899 965 1220 1033 antiquitas,
1263 965 1383 1018 dua:
1413 971 1654 1016 tantum-

116 1056 254 1111 modo
267 1057 479 1124 integra:
495 1056 663 1112 hodie
681 1068 958 1128 superant;
975 1057 1171 1129 quibus
1189 1057 1396 1112 accedit
1410 1057 1654 1126 ejusdem

117 1146 378 1200 Alexandri
410 1147 594 1202 brevis
625 1149 881 1204 allocutio
913 1149 979 1203 de
1007 1150 1121 1202 Arii
1155 1160 1210 1204 et
1239 1150 1510 1202 sociorum
1557 1150 1653 1204 de-

119 1238 356 1296 positione
377 1239 444 1291 ad
473 1241 827 1311 presbyteros
860 1249 913 1294 ct
945 1241 1210 1294 diaconos
1233 1239 1570 1294 Alexandriae
1602 1247 1655 1292 et

117 1330 356 1384 lareotaa.
405 1332 772 1399 Epistolarum
807 1333 990 1400 itaque
1024 1333 1172 1400 prior
1201 1347 1361 1399 quam
1403 1329 1656 1384 Theodo-

119 1422 206 1475 rito
225 1431 489 1491 acceptam
521 1423 814 1478 referimus
861 1427 954 1492 (ε),
987 1423 1316 1491 homonymo
1348 1421 1654 1475 Alexandro

121 1514 690 1584 Constantinopolitano
716 1518 976 1586 episcopo
994 1516 1334 1569 inscribitur.
1361 1513 1511 1566 Hanc
1530 1528 1654 1566 vero

121 1607 374 1676 epistolam
407 1617 530 1677 post
556 1609 885 1664 celebratam
937 1606 1203 1676 synodum
1233 1605 1652 1658 Alexandrinam

121 1694 266 1748 fuisse
306 1704 610 1760 exaratam,
652 1713 716 1751 ex
758 1698 826 1752 iis
866 1702 1202 1766 compertum
1239 1695 1501 1748 habemus
1534 1707 1653 1762 quae

120 1787 204 1851 sub
225 1788 425 1842 initium
455 1797 776 1845 occurrunt.
811 1789 904 1843 Sic
932 1791 1075 1844 enim
1103 1796 1324 1843 sanctus
1350 1786 1509 1839 Pater
1531 1785 1606 1855 (ά)
1636 1805 1647 1838 :

1764 596 1870 650 rito
1910 595 2119 650 [utilem
2159 595 2361 652 Gelasii
2405 597 2654 668 Cyziceni
2703 600 3010 658 Diobolaris
3071 603 3322 674 ῥαψῳδοῦ

1760 689 2142 742 auctoritatem
2188 690 2554 758 opposuerim,
2605 692 2697 761 qui
2730 693 3098 749 Alexandrum
3153 698 3321 751 istum

1759 778 1863 832 hoc
1894 788 2136 849 tempore
2164 777 2270 834 CP.
2307 779 2563 837 Ecclesia
2596 783 2826 838 necdum
2868 786 3153 856 praefuisse
3179 787 3323 841 aﬂir-

1757 879 1908 937 mat;
1935 887 2207 942 quemque
2233 874 2396 943 paulo
2450 883 2574 944 post
2618 874 2838 931 Nicano
2867 880 3100 934 concilio
3137 882 3323 950 priva-

1758 969 1872 1015 tum
1907 962 2085 1017 adhuc
2114 965 2492 1036 presbyterum
2542 981 2639 1037 pro
2689 968 3035 1040 MetrOphane
3073 983 3324 1030 extrema

1758 1063 2038 1109 senectute
2074 1056 2324 1112 confecto
2369 1057 2686 1118 interfuisse
2718 1061 2929 1118 scribit.
2958 1062 3128 1132 Cujus
3162 1065 3322 1120 ﬁdem

1759 1144 1953 1198 incerti
1981 1157 2196 1216 quoque
2221 1152 2726 1206 auctoris-narratio
2752 1153 2820 1208 de
2848 1167 3077 1209 cccxvm
3114 1155 3321 1211 Nicani

1757 1236 1974 1290 concilii
2009 1237 2260 1293 Patribus
2291 1241 2557 1310 sequitur,
2588 1258 2708 1312 quae
2738 1243 2792 1296 in
2842 1242 3085 1299 Historia
3111 1257 3323 1302 sancto-

1756 1344 1874 1380 rum
1903 1327 2190 1398 Lipomani
2217 1342 2428 1400 exstat;
2459 1335 2618 1404 cujus
2644 1337 2925 1406 exemplar
2953 1353 3020 1394 ex
3057 1341 3205 1409 regio
3223 1329 3322 1396 co-

1756 1416 1878 1470 dice
1905 1419 1958 1470 in
1991 1417 2181 1474 Galliis
2212 1421 2504 1491 aliquando
2526 1439 2609 1477 me
2633 1425 3052 1496 transcripsisse
3076 1428 3317 1485 memini.

1757 1507 1903 1575 Haec,
1939 1509 2182 1580 inquam,
2215 1514 2349 1566 tanti
2383 1530 2488 1567 non
2521 1523 2668 1578 sunt,
2711 1525 2770 1570 ut
2815 1515 3133 1571 Theodoriti
3181 1519 3319 1573 alio-

1756 1615 1988 1672 rumque
2017 1606 2305 1660 meliorum
2357 1614 2643 1660 auctorum
2697 1609 2854 1664 iidem
2889 1611 3032 1679 apud
3073 1625 3176 1666 nos
3208 1612 3320 1666 ele-

1751 1701 1902 1748 vent.
1943 1715 1963 1747 ι
1994 1690 2271 1751 Hactenus
2303 1696 2637 1754 Holstenius.
2679 1699 2868 1770 Neque
2911 1703 3008 1758 abs
3047 1718 3110 1757 re
3158 1702 3324 1758 fuerit

1756 1790 2042 1844 consulere
2094 1790 2580 1859 Montfauconium,
2632 1794 2726 1862 qui
2768 1794 2980 1847 erudite
3027 1795 3319 1849 admodum

124 1900 138 1928 ι
173 1882 239 1936 Ac
266 1898 362 1937 nos
396 1885 638 1953 quidem.
673 1885 868 1954 inquit,
904 1896 1027 1938 cum
1057 1898 1119 1937 ea
1172 1896 1292 1951 quae
1336 1881 1458 1933 vitae
1504 1881 1650 1948 ipso-
1683 1897 1723 1950 Β
1761 1877 1989 1947 inquirit
2019 1879 2104 1949 (i),
2147 1879 2278 1948 quid
2312 1882 2382 1935 sit
2420 1881 2523 1935 hac
2556 1883 2672 1952 ipsa
2706 1882 2763 1936 in
2793 1882 3024 1952 epistola
3057 1883 3121 1953 (j)
3156 1884 3320 1954 τόμος

119 1989 217 2028 rum
245 1975 609 2046 (Arianorum)
639 1992 702 2030 ac
732 1978 954 2031 nefariis
988 1975 1279 2030 conatibus
1310 1981 1644 2043 competunt,

121 2069 267 2124 serius
293 2078 509 2140 propter
543 2071 786 2140 ipsorum
809 2070 1042 2124 latebras
1065 2066 1645 2138 deprehendissemus;

120 2163 360 2216 communi
390 2164 639 2217 omnium
669 2161 928 2232 suffragio
958 2177 1024 2215 ex
1050 2170 1193 2215 cmtu
1234 2159 1493 2213 Ecclesia:
1529 2173 1649 2227 quae

119 2254 290 2309 Christi
317 2256 655 2332 divinitatem
687 2255 893 2320 adorat,
927 2270 1021 2308 eos
1046 2254 1328 2323 ejecimus.
1364 2271 1381 2302 ι
1419 2250 1648 2305 Praeter-

119 2362 189 2409 ea,
213 2356 266 2401 ut
295 2349 550 2403 observat
577 2349 647 2403 cl.
676 2346 948 2411 Valesius,
977 2363 1042 2401 ex
1091 2348 1198 2401 alio
1238 2345 1483 2414 ejusdem
1534 2343 1649 2414 epi-

121 2440 248 2493 stola
277 2441 390 2494 loco
421 2439 491 2512 (ε)
514 2441 780 2495 discimus
809 2456 929 2494 eam
961 2439 1253 2510 scripsisse
1278 2439 1647 2492 Alexandrum

122 2539 222 2585 ante
253 2532 390 2586 illam
422 2548 586 2602 quam
613 2533 678 2586 ad
713 2548 903 2586 omnes
934 2531 1207 2586 Ecclesias
1225 2532 1440 2585 direxit.
1469 2529 1649 2598 Siqui-

121 2621 221 2674 dem
250 2638 309 2676 eo
336 2625 440 2678 loci
479 2626 562 2679 sic
592 2625 832 2693 loquitur
862 2624 1054 2679 beatus
1093 2623 1358 2678 antistes:
1396 2642 1414 2673 ι
1454 2619 1650 2677 Nescio

120 2730 210 2783 quo
233 2717 383 2770 modo
410 2717 646 2772 ordinati
667 2719 722 2771 in
749 2717 902 2788 Syria
926 2725 1036 2772 tres
1057 2715 1319 2785 episcopi,
1349 2715 1457 2769 illis
1481 2713 1650 2776 (Aria-

122 2805 211 2868 nis)
244 2808 648 2871 consentiendo,
677 2822 771 2861 eos
797 2806 863 2860 ad
888 2807 1073 2876 pejora
1101 2805 1348 2858 incitant.
1392 2824 1410 2854 ι
1446 2804 1650 2857 Intelli-

120 2893 180 2960 git
203 2895 466 2957 nimirum,
501 2898 576 2949 ait
599 2898 680 2950 vir
703 2898 928 2951 criticus
953 2896 1040 2964 (Γ),
1071 2889 1363 2950 Eusebium
1391 2894 1650 2948 Caesareae

122 2983 390 3040 Palaestina}
441 2989 797 3056 episc0pum,
867 2987 1207 3042 Theodotum
1260 2985 1541 3040 Laodicea
1595 2995 1650 3040 et

120 3074 371 3132 i’aulinum
403 3079 533 3150 Tyri
576 3100 588 3134 :
643 3081 741 3135 hos
785 3082 930 3135 enim
975 3081 1318 3134 anathemate
1364 3079 1648 3132 damnatos

123 3169 263 3224 luisse
294 3187 321 3223 a
350 3182 536 3226 nostro
571 3173 801 3242 praesule
824 3173 1196 3228 Alexandrino
1225 3180 1454 3225 testatur
1486 3170 1648 3223 Arius

1753 1973 1868 2027 sive
1899 1980 2080 2027 tomus
2122 1975 2232 2039 ille,
2257 1989 2414 2043 quem
2435 1976 2705 2044 episcopis
2735 1991 2831 2043 per
2860 1977 3046 2030 orbem
3075 1977 3320 2032 subscri-

1751 2065 1990 2118 bendum
2035 2066 2342 2121 Alexander
2379 2068 2778 2125 Alexandrinus
2827 2069 2896 2123 ad
2945 2069 3316 2124 Alexandrum

1750 2155 2069 2227 Byzantium
2099 2160 2267 2214 misit.
3179 2163 3196 2177 ”

1823 2248 1886 2302 ν.
1929 2249 2004 2303 De
2053 2251 2277 2320 reliquis
2323 2253 2537 2308 duobus
2592 2254 2894 2308 litterarum
2945 2255 3314 2308 monumentis

1751 2357 1871 2409 quae
1919 2343 2170 2410 superius
2212 2345 2511 2412 excipiunt,
2546 2361 2670 2400 cum
2699 2361 2760 2400 ea
2799 2347 2910 2400 sint
2943 2361 3008 2400 ex
3052 2347 3315 2414 praeclara

1751 2431 2247 2486 Athanasianorum
2287 2434 2524 2490 editione
2567 2436 2862 2506 descripta,
2919 2445 3139 2506 praestat
3186 2452 3317 2506 pro-

1752 2531 1938 2590 pterea
1965 2525 2256 2594 ipsummet
2283 2528 2696 2581 celeberrimum
2724 2530 2986 2583 editorem
3033 2532 3105 2583 ita
3134 2530 3202 2585 de
3245 2533 3314 2587 iis

1752 2617 2173 2686 praeloquentem
2201 2619 2390 2673 audire
2414 2619 2485 2690 (It)
2514 2637 2528 2674 :
2563 2638 2583 2671 ι
2613 2620 2860 2684 Edimus,
2891 2623 3084 2689 inquit,
3109 2625 3319 2676 Καθαί-

1744 2722 1921 2773 ρεσιν
1948 2722 2043 2760 seu
2079 2706 2467 2775 Depositiouem
2497 2712 2609 2764 Arii
2637 2721 2690 2764 et
2708 2713 3008 2776 sociorum,
3043 2714 3116 2767 ita
3165 2714 3318 2769 scili-

1752 2808 1838 2854 cet
1869 2809 2233 2870 nuncupatum
2263 2801 2317 2854 in
2343 2802 2535 2855 codice
2555 2804 2714 2872 Regio
2745 2803 2888 2858 unde
2937 2819 3000 2858 ea
3031 2803 3319 2872 desumpta

1751 2899 1836 2943 est
1862 2907 1876 2954 ;
1909 2891 2034 2944 licet
2067 2893 2283 2960 proprie
2306 2893 2442 2945 nihil
2472 2893 2561 2946 illa
2595 2894 2666 2947 sit
2695 2893 2842 2949 aliud
2873 2895 2980 2948 nisi
3009 2897 3182 2948 oratio
3209 2911 3320 2964 qua

1753 2978 2060 3032 Alexander
2127 2982 2573 3051 archiepiscdpus
2643 2985 2850 3038 accitos
2919 2983 3318 3042 Alexandrinos

1752 3069 2181 3140 Mareoticosqne
2222 3074 2570 3144 presbyteros
2616 3087 2778 3145 atque
2805 3077 3086 3140 diaconos,
3133 3092 3320 3132 coram

1752 3161 2022 3226 hortatur,
2059 3171 2117 3216 ut
2148 3165 2478 3234 encyclicam
2509 3181 2664 3218 suam
2695 3167 2982 3236 epistolam
3034 3183 3140 3237 qua
3188 3185 3320 3223 nar-

123 3260 166 3312 in
184 3261 391 3330 epistola
417 3265 481 3317 ad
508 3264 798 3318 Eusebium
823 3263 1288 3320 Nicomediensem
1307 3265 1645 3332 episc0pum,

1756 3260 1908 3305 ratur
1955 3254 2068 3306 Arii
2103 3255 2485 3325 sociorumque
2510 3255 2808 3322 damnatio,
2843 3259 3092 3312 muniant
3124 3259 3324 3314 suﬂ'ra-

124 3368 256 3418 quam
282 3356 466 3408 recitat
499 3354 864 3410 Theodoritus
891 3357 988 3425 (9).
1022 3356 1189 3424 Cujus
1233 3357 1452 3426 quidem
1489 3356 1649 3409 Nico-

125 3444 378 3501 mediensis
403 3448 645 3516 episc0pi
682 3447 1010 3501 mentionem
1046 3446 1224 3501 facere
1257 3447 1400 3500 haud
1427 3448 1648 3503 omisis-

125 3544 190 3586 set
217 3537 502 3593 Alexander
531 3541 585 3592 in
622 3539 728 3607 hac
769 3539 834 3592 ad
874 3540 1248 3608 cognominem
1284 3539 1647 3594 Alexandrum

124 3630 337 3693 epistola,
372 3635 416 3685 si
440 3643 559 3685 eam
588 3632 711 3685 loco
733 3634 1032 3700 posteriore
1062 3632 1400 3701 scripsisset.

180 3718 254 3773 IV.
287 3720 543 3777 (laterum
571 3724 640 3778 ad
666 3724 908 3793 ejusdem
945 3725 1187 3795 epistola:
1234 3725 1646 3793 inscriptionem

125 3818 240 3882 quod
273 3820 476 3884 attinet,
526 3829 723 3890 praeter
752 3837 814 3876 ea
843 3837 963 3891 quae
1011 3822 1076 3876 ad
1122 3823 1269 3875 illam
1303 3838 1366 3876 ex
1403 3820 1568 3892 Pagio
1594 3831 1648 3876 et

125 3905 312 3964 Baluxio
345 3913 745 3978 adnotavimus,
771 3916 1094 3969 sententiam
1122 3913 1391 3969 Holstenii
1421 3916 1521 3968 viri
1547 3915 1644 3968 do-

125 3998 321 4054 ctissimi
357 4004 458 4058 huc
491 4006 762 4061 adducere
788 4007 1010 4075 juverit.
1051 4006 1143 4060 Sic
1177 4008 1340 4077 igitur
1386 4009 1474 4060 ille
1511 4008 1588 4078 (Ιι)
1631 4027 1642 4061 :

127 4087 289 4144 «Cum
333 4093 384 4146 in
437 4095 540 4149 hac
573 4097 822 4165 epistola,
877 4113 984 4152 non
1034 4113 1200 4150 unum
1253 4097 1510 4166 aliquem,
1553 4099 1645 4152 sed

125 4179 276 4246 plures
303 4186 529 4241 subinde
558 4190 869 4258 alloquatur
888 4189 1318 4255 Alexander
1376 4189 1504 4241 mihi
1542 4188 1644 4240 lixa

123 4269 215 4326 haec
257 4277 394 4331 sedet
424 4281 711 4346 sententia,
764 4297 873 4334 non
928 4281 1189 4350 privatam
1241 4281 1478 4348 aliquam
1536 4281 1648 4334 sive

124 4370 456 4424 tractatoriam
505 4373 644 4426 hanc
689 4375 971 4444 epistolam
1021 4389 1164 4437 esse,
1195 4373 1288 4426 sed
1323 4372 1645 4425 circularem

123 4467 174 4505 ac
199 4461 506 4526 generalem,
547 4465 771 4517 missam
799 4463 862 4515 ad
889 4464 1136 4516 diversos
1172 4459 1401 4528 Europae
1431 4459 1647 4528 episco-

1754 3344 1841 3411 gio
1875 3360 1974 3398 suo
2007 3356 2170 3414 atque
2194 3347 2614 3416 subscriptione.
2653 3348 2764 3402 Hoc
2803 3350 3126 3417 Opusculum
3158 3359 3318 3406 antea

1754 3436 2020 3490 ineditum
2051 3438 2114 3492 ν.
2146 3438 2204 3495 C.
2237 3438 2541 3494 Cotelerius
2573 3441 2687 3496 suis
2709 3442 2776 3492 ad
2804 3441 2909 3494 PP.
2933 3443 3093 3510 primi
3129 3445 3318 3498 saeculi

1755 3533 1899 3586 notis
1935 3532 2162 3586 inseruit
2195 3532 2278 3599 (Ι),
2315 3548 2383 3586 ne
2410 3533 2617 3586 scilicet
2645 3549 2869 3602 prorsus
2903 3535 3171 3590 interiret.
3207 3535 3315 3591 Sed

1752 3639 1874 3676 cum
1907 3629 2059 3676 extra
2105 3623 2384 3691 proprium
2440 3624 2618 3675 locum
2672 3625 2744 3676 ibi
2797 3626 3035 3693 positttm
3079 3627 3172 3688 sit,
3207 3628 3316 3682 huc

1751 3716 1928 3768 visum
1955 3722 2038 3767 est
2071 3713 2329 3782 adjicere,
2363 3729 2485 3766 cum
2520 3716 2819 3783 prmsertim
2868 3717 3317 3784 implicatissimis

1751 3809 2077 3861 Arianorum
2109 3808 2348 3861 exordiis
2384 3808 2524 3860 haud
2557 3824 2742 3876 parum
2777 3810 2913 3862 lucis
2937 3810 3143 3864 afferat.

1823 3893 1960 3952 Huic
1995 3898 2342 3967 adjungimus
2372 3899 2706 3968 encyclicam
2757 3900 3047 3953 Alexandri
3104 3902 3312 3970 episto-

1752 3991 1880 4052 lam,
1930 4005 2049 4059 qua:
2101 3990 2174 4042 ita
2223 3989 2545 4058 praecedenti
2601 3990 2924 4059 Depositioni
2959 3993 3212 4056 cohaeret,
3256 4003 3316 4047 ut

1751 4083 2063 4136 nullatenus
2103 4083 2296 4136 debeat
2326 4083 2393 4136 ab
2425 4098 2487 4134 ea
2541 4085 2813 4153 segregari
2861 4103 2872 4137 :
2926 4101 3095 4154 quare
3139 4102 3316 4155 opera:

1751 4173 1983 4240 pretium
2031 4172 2132 4225 fuit
2170 4173 2291 4227 illas
2318 4173 2550 4226 invicem
2602 4175 2881 4243 sejunctas
2913 4175 3001 4230 hic
3033 4179 3313 4246 copulare,

1751 4275 1909 4332 prout
1942 4266 1992 4316 in
2020 4265 2208 4318 eodem
2227 4263 2387 4333 Regio
2430 4265 2619 4320 codice
2655 4267 2859 4334 jacent.
2911 4266 3151 4321 Habetur
3199 4269 3315 4323 haec

1749 4356 1978 4422 epistola
2013 4355 2153 4423 apud
2183 4353 2461 4408 Socratem
2497 4356 2617 4424 (γη),
2648 4357 2741 4410 sed
2772 4358 2961 4412 multis
2985 4360 3195 4413 mendis
3223 4375 3313 4414 re-

1751 4460 1961 4512 spersa,
2023 4446 2509 4515 desideranturque
2541 4447 2612 4500 ibi
2641 4447 2990 4502 Alexandrini
3023 4451 3152 4503 cleri
3179 4453 3309 4505 sub-

125 4559 219 4610 POS-
245 4550 389 4615 Quod
418 4570 575 4609 nemo
605 4555 761 4610 facile
799 4556 1094 4625 negaverit,
1127 4553 1218 4623 qui
1250 4553 1414 4620 hujus
1437 4551 1640 4620 episto-
1677 4579 1723 4633 Ι)
1753 4538 2107 4633 εεῗῖρῑίοηθεο
2135 4538 2266 4633 item
2295 4539 2595 4633 ιθῧξῐυτίηὲ
2615 4539 2756 4633 apud
2782 4539 3056 4595 θθιθείιιῐη
3086 4543 3162 4612 (η)
3187 4558 3312 4598 cum

127 4637 175 4690 Ιὶἓ
199 4651 384 4707 partem
418 4657 733 4708 extremam,
771 4657 824 4701 et
844 4646 1341 4700 ecclesiasticarum
1387 4643 1646 4712 epistola-

127 4742 223 4781 rum
251 4731 470 4789 formam
491 4740 818 4808 modumque
841 4755 949 4792 non
986 4740 1142 4807 plane
1173 4737 1502 4806 ignoret.....
1525 4732 1644 4786 Non

129 4826 173 4870 ut
219 4823 504 4882 Alexandro
556 4829 1142 4899 Constantinopolitano
1192 4828 1451 4896 epiSCOpo
1506 4830 1646 4878 hanc

128 4914 369 4980 epistolam
410 4921 669 4991 scriptam
701 4939 925 4993 negem;
956 4923 1047 4976 sed
1080 4930 1137 4974 ut
1175 4921 1241 4974 ad
1271 4922 1405 4974 alios
1431 4934 1647 4987 quoque

128 5005 302 5064 vicinos
349 5013 654 5083 episcopos,
699 5016 781 5070 vel
825 5016 878 5068 in
934 5015 1077 5083 regia
1122 5014 1256 5066 urbe
1307 5012 1645 5080 negotiorum

130 5109 261 5151 causa
285 5110 393 5154 tum
431 5114 728 5169 versantes,
759 5107 1002 5176 ejusdem
1030 5119 1244 5174 quoque
1275 5105 1521 5171 exempla
1552 5115 1646 5169 per

185 5275 248 5344 (a)
281 5275 424 5331 Socr.
459 5279 494 5333 ι.
527 5297 572 5332 c.
608 5282 711 5334 sub
740 5282 828 5334 (in.

184 5345 246 5420 (Pi
272 5345 484 5420 §ozmn.
513 5348 652 5403 Hist.
687 5352 811 5405 ccci.
841 5354 930 5406 lib.
961 5370 998 5405 ι.
1028 5368 1147 5420 cap.
1177 5351 1226 5411 l,
1253 5348 1354 5403 sub
1377 5348 1464 5400 lin.

185 5414 244 5491 (ε)
272 5415 530 5491 Theodo_r.
565 5419 707 5474 Hist.
741 5422 866 5476 eccl.
900 5423 994 5478 lib.
1028 5439 1065 5485 ι,
1097 5414 1217 5491 cap.
1242 5420 1298 5475 4.

184 5487 248 5560 (μά)
278 5490 425 5560 Alex.
456 5489 620 5557 Epist.
658 5493 710 5555 l,
742 5491 769 5560 §
799 5491 852 5544 2.

189 5556 669 5626 (e)ld.ibid.,§9.
744 5556 764 5560 '
902 5602 909 5612 .

135 5627 243 5750 “({j
269 5625 522 5753 galeisbad
542 5625 817 5754 Eheeéidor.
844 5629 987 5685 Hist.
1014 5633 1306 5701 ecct.,pag.
1332 5626 1418 5694 16,
1445 5635 1572 5683 noto
1590 5628 1646 5695 2,

162 5713 202 5746 ιι
228 5735 240 5747 .
310 5714 371 5750 an
399 5715 428 5752 a
469 5716 513 5754 r.
587 5717 601 5752 ι
688 5742 700 5754 .

162 5713 240 5749 ‘Jll.
270 5713 513 5755 Cantabr.
542 5713 700 5754 Πῖυ.

192 5767 252 5833 (9')
278 5766 532 5823 Theodor.
566 5771 704 5824 Hist.
738 5769 863 5823 δίει.
899 5770 991 5824 lib.
1027 5786 1064 5830 ι.
1090 5786 1209 5833 cap.
1235 5769 1288 5824 5.

192 5835 256 5906 (In)
281 5837 510 5897 llolsten.
537 5841 604 5898 ad
633 5838 1123 5904 calcemTheodor.
1150 5840 1330 5897 Vales.
1354 5839 1571 5898 dissert.
1603 5855 1644 5904 ι,

1754 4632 2275 4702 subscriptionibus,
2310 4632 2405 4686 sed
2441 4632 2652 4685 mendis
2683 4632 2848 4685 etiam
2899 4633 3074 4687 obsita
3115 4651 3128 4685 :
3180 4635 3313 4686 sub-

1751 4723 2188 4792 scriptionesque
2243 4722 2378 4776 adeo
2436 4721 2642 4776 mutila:
2711 4731 2860 4782 sunt,
2911 4732 2970 4774 ut
3029 4736 3312 4778 necessum

1752 4831 1978 4885 prorsus
2033 4815 2193 4869 fuerit
2253 4827 2446 4866 novam
2492 4813 2610 4880 ejus
2660 4811 2952 4865 editionem
3011 4823 3223 4880 pawn.
3253 4823 3310 4866 ut

1753 4906 2062 4976 inspicienti
2096 4906 2293 4974 cuique
2321 4904 2496 4972 palam
2524 4903 2644 4955 erit.
2677 4901 2872 4953 Narrat
2897 4901 2985 4954 hic
3010 4898 3311 4959 AhIMet

1751 5014 1839 5052 res
1865 5007 2046 5068 gestas
2079 4998 2134 5049 in
2160 5005 2353 5050 exortu
2397 4994 2613 5048 Ariana:
2654 4993 2900 5054 haeresis,
2929 4992 3090 5053 inque
3120 4990 3232 5044 Arii
3261 5002 3308 5045 et

1753 5095 2084 5144 sectatorum
2138 5086 2520 5151 damnatione;
2573 5094 2861 5154 monetque
2909 5082 3196 5150 episc0pos
3245 5097 3309 5138 ne

1755 5283 1875 5338 pag.
1909 5266 2033 5330 606,
2073 5267 2204 5338 edit.
2234 5267 2489 5322 Cantabr.

1823 5331 1882 5410 (ί)
1912 5336 2202 5410 Montl‘auc.
2262 5340 2471 5410 praefat.
2511 5333 2602 5410 Aad
2658 5344 2790 5389 tom.
2856 5333 2900 5386 ll
2939 5332 3158 5388 Collect.
3190 5331 3309 5385 PP.

1754 5405 1947 5473 Graia,
1972 5407 2241 5459 anitnadv.
2264 5405 2327 5465 Β,
2361 5421 2481 5475 pag.
2506 5405 2597 5458 20.

1825 5480 1888 5547 (j)
1919 5480 2070 5532 Alex.
2107 5475 2257 5544 Epist
2316 5474 2428 5547 l.§
2469 5477 2548 5528 l4.

1752 5545 1897 5675 59g)
1932 5547 2250 5612 M0ntfauc.,
2275 5545 2417 5617 Opp.
2448 5547 2674 5608 Atlian.,
2703 5553 2836 5598 tom.
2870 5545 2911 5606 Ι,
2944 5549 3084 5612 part.
3119 5557 3159 5605 ι,
3185 5555 3309 5610 ρης,

1827 5691 1890 5758 (ι)
1920 5688 2092 5743 Cotel.
2128 5686 2193 5758 ad
2235 5686 2420 5758 Const.
2457 5694 2626 5758 apost.
2666 5684 2760 5736 lib.
2791 5698 2910 5758 vin,
2942 5697 3062 5751 cap.
3097 5681 3189 5736 28.

1851 5773 1920 5830 m)
1956 5760 2111 5832 _Socr.
2143 5756 2282 5832 Hist.
2315 5757 2440 5832 ccci.
2478 5757 2570 5808 lib.
2600 5771 2637 5818 l,
2662 5769 2781 5832 cap.

1851 5773 1920 5830 m)
1958 5761 2111 5811 Socr.
2143 5761 2282 5810 Hist.
2315 5761 2440 5808 eccl.
2478 5761 2570 5808 lib.
2600 5771 2637 5818 l,
2662 5769 2781 5832 cap.
2808 5761 2860 5832 6Γ

1827 5761 1904 5902 in)
1943 5827 2123 5886 Getas.
2147 5827 2287 5898 Cyz.‘
2310 5826 2455 5882 Hist.
2486 5841 2630 5880 conc.
2666 5822 2789 5879 Nic.
2823 5824 2918 5880 lib.
2950 5838 3008 5889 ιι,
3035 5836 3156 5890 cap.
3185 5820 3240 5876 ὅ.
