4036 6320
3825 363 3932 421 ων.

3643 506 3698 546 in
3745 491 3898 548 sti-
3944 463 3950 514 Ῐ

3639 689 3795 742 unus,
3842 672 3896 730 ad
3965 631 3968 634 ἢ

3639 783 3662 821 e
3711 767 3896 822 disser-

691 345 794 400 527
1351 356 1372 372 ‘
1756 356 1814 412 S.
1851 357 2210 416 ALEXANDE

2312 364 2861 426 ALEXANDKINUS.
3825 345 3932 421 sui

688 462 927 562 Eusebio
954 464 1350 562 Nicomediensi
1383 469 1500 562 Arii
1531 480 1763 542 patrono
1805 492 2009 532 morem
2039 492 2251 551 gerant,
2285 489 2328 546 Α
2356 487 2658 558 politanum
2688 491 3029 560 episcopum,
3075 506 3197 561 quae
3247 492 3389 562 apud
3443 499 3698 546 sanctum
3745 491 3898 548 lui.
3944 463 3946 536 ξ

684 555 733 610 si
759 555 978 626 quidem
1096 559 1472 656 haeresiarchas
1496 565 1725 634 gratiam
1750 567 1956 624 litteras
1989 569 2078 625 ille
2115 575 2255 627 scri-
2358 555 2510 634 inum
2541 555 2910 637 confessorem
2937 555 3191 653 leg—untur
3213 555 3311 656 (ὁὶ.

683 648 873 716 pserit.
929 668 948 700 ι
1004 647 1122 702 Huc
1183 647 1358 720 usdue
1402 653 1488 707 vir
1545 655 1764 712 doctus.
1833 659 1940 725 Qui
1995 661 2210 735 deinec;

2424 669 2710 727 Postremo
2753 672 2873 727 loco
2919 647 3172 728 lectorem
3208 647 3474 729 monitum
3523 675 3795 742 volumus,
3842 672 3896 730 ad

687 748 974 809 utrumque
1006 742 1337 809 opusculum
1372 745 1570 801 iterum
1621 749 1920 805 illustravit
1953 753 2028 822 (a)
2062 754 2252 811 adver-
2355 762 2560 817 calcem
2593 749 2912 819 Theodoriti
2939 760 3214 820 Valesiani
3261 766 3396 822 duas
3441 776 3662 822 exstare
3711 767 3896 822 disser-

682 847 774 886 sus
799 833 999 926 placita
1029 831 1388 905 Tillemontii,
1423 841 1517 909 qui
1547 848 1670 895 acta
1721 842 2080 912 depositionis
2133 849 2249 904 Arii
2356 852 2590 908 tationes
2655 853 2942 916 Holstenii,
3007 854 3207 923 quibus
3270 856 3352 909 vir
3424 856 3515 911 ille
3565 857 3895 911 doctissimus

679 931 731 978 et
760 925 1034 980 sociorum
1069 941 1231 984 secus
1264 930 1600 987 intellexisse
1626 933 1856 988 videtur.
2357 949 2647 1013 utramque
2697 941 2991 997 Alexandri
3038 941 3280 1011 episcopi
3311 942 3667 999 Alexandrini
3708 945 3894 1015 episto-

746 1014 844 1072 Ilis
873 1034 1039 1088 porro
1077 1022 1256 1075 sancti
1288 1021 1464 1078 Patris
1519 1025 1740 1095 scriptis
1791 1026 2093 1099 fragmenta
2139 1033 2247 1086 duo
2354 1036 2486 1099 lam,
2509 1045 2572 1091 ut
2593 1039 2758 1105 paulo
2779 1047 2904 1092 ante
2930 1037 3230 1102 innuimus,
3259 1039 3472 1110 egregie
3495 1014 3750 1096 illustrat.

677 1110 1009 1178 subiecimus
1043 1128 1109 1169 ex
1136 1112 1379 1184 ejusdem
1410 1116 1636 1186 epistola
1668 1118 1734 1172 ad
1758 1118 2046 1191 Eglonem
2077 1122 2246 1194 Cyno-

743 1263 820 1330 (α)
851 1261 1144 1318 lontfauc.
1209 1266 1417 1330 praefat.
1463 1267 1527 1322 ad
1576 1275 1710 1324 tom.
1765 1270 1809 1325 l‘l
1847 1270 2068 1328 Collect.
2119 1273 2238 1330 PP.

675 1275 823 1385 orig;
851 1275 1149 1389 Igiliitllaaufv.
1195 1275 1710 1407 ἕτῗὲἓι.¹ἒσὲὄοω.
1765 1275 1809 1325 ΙΙ
1847 1275 2068 1328 Collect.
2119 1275 2210 1328 PP

2349 1275 2668 1402 Μὲὺὶὶίΐῖι.
2879 1287 3016 1340 ιοω.
3048 1275 3116 1346 ΙΙ,
3151 1294 3272 1351 pag.
3303 1279 3562 1346 152-155,
3588 1279 3717 1336 edit.
3747 1276 3895 1334 Come

2445 1391 2457 1402 .
2528 1365 2556 1401 a
2613 1366 2658 1407 s.
2842 1390 2855 1404 .

2528 1349 2658 1415 aris,
2697 1349 2855 1406 £675.

691 1485 3881 1532 .___________________________________

1643 1647 2063 1765 LUCIE
2159 1651 2931 1770 HOLSTENII

1005 1869 1686 1934 DlSSERTATIONES
1721 1869 1905 1933 DUIE
1937 1874 2045 1935 DE
2081 1875 2308 1938 LOCIS
2353 1876 2816 1950 QUIBUSDAM
2846 1877 3193 1942 CONCILII
3226 1878 3525 1941 NlCJENl

1580 2058 2375 2155 DISSERTATIO
2449 2047 2991 2152 PRIMA“).

661 2357 679 2374 .
757 2363 770 2375 .
853 2361 864 2374 .
953 2362 966 2374 .
1047 2362 1061 2375 .
1139 2356 1154 2376 -.
1233 2363 1249 2376 .
1329 2365 1342 2379 .
1431 2363 1445 2376 .
1531 2365 1543 2379 .
1623 2365 1637 2380 .
1718 2365 1734 2379 .
1815 2366 1828 2380 .
1921 2368 1933 2380 .
2014 2369 2027 2381 .
2108 2371 2120 2382 .
2202 2323 3896 2400 .uquedivinitatisinovere,etCreatoremincreaturzcen-

661 2410 843 2483 Itaque
875 2414 944 2469 ab
1003 2429 1126 2477 ovo,
1155 2417 1299 2486 quod
1363 2418 1536 2481 aiunt,
1579 2433 1692 2472 rem
1731 2419 1991 2485 exordiri,
2023 2430 2076 2474 et
2104 2439 2224 2491 quae

657 2515 952 2574 supersunt
993 2507 1195 2562 Nicaeni
1234 2510 1453 2564 concilii
1495 2510 1924 2580 ἀποσπασμάτια
1959 2513 2063 2566 sub
2095 2528 2224 2567 exa-

657 2613 780 2651 men
825 2613 1080 2654 revocare
1110 2601 1314 2669 placuit
1343 2620 1356 2655 :
1383 2601 1541 2671 cujus
1571 2602 1767 2671 privati
1798 2603 2002 2658 laboris
2029 2619 2092 2658 ac
2115 2613 2226 2659 stu-

655 2691 728 2744 dii
762 2693 1034 2761 specimen
1078 2693 1134 2746 in
1168 2693 1386 2762 publico
1435 2694 1538 2749 hoc
1573 2709 1836 2750 c0nsessu
1881 2695 2037 2751 vobis
2069 2695 2224 2750 exhi-

654 2784 888 2839 bendum
919 2784 1069 2848 duxi,
1111 2786 1552 2856 quandoquidem
1593 2787 1896 2843 disserendi
1925 2790 2223 2844 necessita-

651 2883 760 2930 tem
786 2883 968 2932 vestra
995 2877 1306 2948 benignitas
1331 2878 1460 2931 mihi
1484 2878 1762 2948 imposuit.
1788 2878 1875 2934 Ea:
1897 2889 2075 2935 autem
2097 2889 2224 2936 sunt

652 2968 770 3021 duae
801 2968 1090 3021 Alexandri
1108 2969 1451 3023 Alexandriae
1471 2969 1713 3040 episcopi
1738 2970 1998 3042 epistolae,
2022 2988 2141 3042 qua:
2156 2989 2222 3028 ex

655 3058 891 3112 Socratis
907 3070 958 3114 et
979 3058 1304 3115 Theodoreti
1335 3061 1690 3114 ecclesiastica
1707 3060 1951 3116 Historia
1965 3063 2222 3133 deprom-

653 3157 754 3216 ptae
817 3141 1271 3220 προπαρασκευὴ)
1338 3149 1555 3204 concilii
1613 3149 1816 3204 Nicwni
1859 3153 2218 3210 constituunt.

650 3237 874 3308 Egregie
910 3257 1040 3294 sane
1081 3241 1184 3294 illae
1208 3251 1259 3293 et
1288 3241 1474 3304 δεινῶς
1514 3243 1752 3312 scriptae,
1789 3244 1990 3312 quibus
2030 3244 2220 3300 Latina

647 3328 1129 3399 Christophorsoni
1162 3333 1343 3386 versio
1371 3333 1725 3401 adjungitnr;
1777 3337 1870 3388 sed
1902 3351 1930 3388 a
1954 3334 2216 3391 Romanis

645 3418 948 3475 editoribus
980 3421 1258 3476 nonnullis
1286 3423 1341 3475 in
1363 3423 1497 3475 locis
1527 3424 1871 3492 interpolata.
1901 3425 1978 3478 Ita
2009 3427 2219 3481 scilicet

647 3525 753 3563 non
787 3509 960 3564 solum
991 3511 1256 3566 versionis
1289 3509 1666 3574 Conciliorum,
1712 3511 1806 3566 sed
1843 3514 2106 3568 universa:
2134 3515 2218 3568 hi-

645 3599 828 3652 storiae
855 3599 1238 3654 ecclesiasticae
1267 3609 1483 3670 gustum
1516 3603 1749 3672 aliquem
1779 3619 1865 3658 me
1892 3605 2048 3660 vobis
2078 3622 2216 3676 pre-

2332 2435 2452 2476 sum
2486 2420 2722 2489 dejicere
2756 2417 3077 2471 conabatur.
3121 2414 3177 2470 ln
3232 2418 3430 2486 quibus
3479 2421 3740 2474 nonnulla
3771 2429 3895 2476 sunt

2330 2527 2519 2582 parum
2556 2521 2702 2564 recte
2741 2508 3036 2563 constituta
3081 2507 3136 2561 in
3175 2505 3363 2562 Graeco
3395 2517 3563 2572 textu.
3599 2511 3680 2564 vel
3720 2511 3896 2568 minus

2329 2607 2583 2656 accurate
2610 2599 2677 2653 ab
2708 2597 3002 2666 interprete
3031 2597 3335 2666 observata,
3368 2601 3450 2655 vel
3481 2602 3535 2654 in
3565 2600 3766 2670 quibus
3794 2616 3892 2654 an-

2327 2694 2512 2762 tiquus
2543 2692 2810 2760 interpres
2829 2689 3161 2761 Epiphanius
3187 2689 3583 2756 Schol'asticus,
3615 2691 3774 2746 aliam
3797 2705 3894 2746 suo

2327 2794 2570 2856 tempore
2599 2785 2885 2839 lectionem
2919 2792 3140 2840 secutus
3171 2785 3402 2841 videtur.
3435 2785 3567 2851 Quae
3595 2801 3721 2840 cum
3742 2802 3894 2857 pres.

2329 2879 2492 2933 sioris
2533 2877 2644 2930 sint
2686 2875 3158 2938 considerationis,
3205 2891 3633 2932 commemorare
3681 2877 3892 2948 singula

2329 2968 2461 3022 nihil
2490 2968 2698 3021 attinet.
2735 2965 2869 3019 Illud
2907 2965 3282 3030 indicandum,
3322 2967 3686 3037 interrogatos
3703 2969 3892 3022 Arium

2327 3074 2392 3113 ac
2418 3058 2618 3123 socios,
2647 3056 2892 3126 nunquid
2917 3071 3046 3127 ergo
3068 3054 3306 3110 Verbum
3329 3055 3444 3119 Dei,
3473 3057 3614 3126 quod
3639 3057 3721 3110 illi
3744 3073 3893 3112 crea-

2326 3163 2440 3208 tum
2473 3151 2807 3213 asserebant,
2845 3149 3042 3202 mutari
3071 3155 3275 3217 posset,
3301 3147 3758 3216 quemadmodum
3785 3148 3894 3202 dia-

2325 3244 2481 3297 bolus
2506 3249 2742 3296 mutatus
2760 3240 2956 3306 fuerat,
2974 3254 3084 3293 non
3117 3239 3314 3293 veritos
3333 3238 3679 3308 respondere,
3707 3255 3890 3308 posse.

2326 3335 2546 3389 Addunt
2597 3334 2861 3386 rationem
2906 3331 2986 3385 sic
3017 3331 3073 3384 in
3108 3329 3351 3384 Romana
3385 3331 3620 3385 editione
3664 3347 3893 3400 expres-

2325 3441 2440 3481 sam
2470 3445 2483 3479 ;
2506 3425 2756 3496 Τρεπτῆς
2780 3423 2886 3492 γὰρ
2903 3421 3112 3491 φύσεώς
3131 3425 3245 3475 ἐστι
3267 3423 3509 3494 γενητὸς,
3536 3423 3631 3475 καὶ
3655 3424 3892 3491 τρεπτὺς

2324 3518 2600 3589 ὑπάρχων.
2636 3514 2792 3582 Quod
2823 3522 3040 3570 vertunt
3075 3533 3089 3568 :
3127 3513 3272 3568 Nam
3302 3526 3352 3570 et
3387 3515 3652 3568 mutabilis
3681 3525 3891 3570 natura

2323 3610 2494 3679 factus
2522 3618 2621 3676 est,
2665 3618 2717 3663 et
2749 3609 3019 3664 mutabilis
3049 3608 3274 3662 exsistit.
3313 3607 3430 3673 Qua
3461 3607 3517 3662 in
3548 3623 3607 3660 re
3633 3616 3688 3662 et
3721 3608 3892 3663 inter-

645 3693 880 3746 liiturum
918 3693 1120 3761 putavi.
1157 3691 1262 3746 Sed
1294 3694 1427 3748 mihi
1453 3705 1631 3749 vestra
1659 3696 1930 3765 principio
1955 3699 2217 3767 patientia
2246 3693 2287 3750 C
2323 3702 2493 3772 pretis
2520 3701 2762 3756 Britanni
2804 3710 2858 3757 et
2887 3700 3259 3756 Romanorum
3287 3700 3580 3756 editionem
3613 3698 3888 3768 judicium

643 3784 916 3837 exoranda
947 3791 1050 3848 est,
1087 3792 1146 3838 ut
1178 3801 1333 3855 azquo
1363 3787 1544 3840 animo
1579 3803 1676 3857 per
1705 3786 2038 3859 confragosae.
2092 3805 2216 3844 ora-

645 3875 809 3929 tionis
842 3877 1083 3931 salebras
1113 3877 1450 3947 aspirantem
1481 3880 1738 3949 subsequi
1788 3895 1896 3933 non
1931 3891 2210 3951 gravetur.

639 3967 777 4020 Cum
811 3968 924 4022 sive
956 3983 1151 4031 casus;
1168 3970 1283 4024 sive
1316 3970 1604 4024 consilium
1639 3985 1759 4025 eam
1787 3971 1919 4025 mihi
1951 3974 2213 4039 objecerit

643 4059 942 4123 materiam,
977 4077 1096 4130 qua:
1131 4064 1392 4118 orationis
1423 4064 1626 4117 cultum
1655 4063 2074 4134 haudquaquam
2109 4069 2206 4122 ad-

638 4152 824 4215 mittit,
855 4160 908 4206 et
936 4154 1078 4222 quod
1110 4164 1389 4209 oratorum
1422 4157 1673 4225 princeps
1702 4156 1769 4210 de
1801 4157 1965 4212 rebus
1991 4174 2210 4230 geogra-

634 4244 813 4314 phicis
843 4245 1038 4307 aiebat,
1064 4245 1609 4318 ἀνθηρογραφεῖσθαι,
1633 4251 1783 4303 nullo
1811 4249 1973 4303 modo
2004 4259 2200 4319 potest.

707 4335 787 4388 Ad
817 4335 931 4388 lucc
959 4352 1080 4388 cum
1116 4337 1168 4389 in
1194 4339 1371 4391 alieno
1405 4339 1586 4393 labore
1617 4339 1816 4409 ingenii
1845 4354 2070 4394 acumen
2103 4355 2198 4393 cx-

635 4425 799 4493 periri
833 4433 881 4480 et
907 4426 1097 4494 judicii
1126 4442 1414 4481 censuram
1445 4444 1700 4483 exercere
1745 4429 2096 4494 instituerim,
2143 4437 2200 4482 ut

635 4531 735 4586 ego
783 4533 1042 4586 germano
1088 4521 1322 4574 candore
1373 4535 1435 4574 ac
1479 4519 1582 4573 (ide
1612 4520 1819 4590 Optima
1865 4521 2197 4575 calumniam

636 4610 809 4678 ejuro,
847 4609 921 4662 ita
948 4609 1203 4662 invidiam
1230 4610 1510 4677 deprecor.
1534 4627 1601 4666 ne
1627 4611 1750 4679 quis
1784 4611 1976 4665 alienis
2003 4611 2198 4665 erratis

634 4698 973 4766 exagitandis
1008 4699 1269 4753 doctrina:
1307 4707 1398 4750 aut
1431 4698 1712 4755 industriae
1748 4701 1958 4756 laudem
1993 4716 2077 4754 me
2104 4715 2200 4754 au-

635 4790 820 4862 ωμτὶ
845 4791 1136 4844 existimet.
1171 4789 1388 4842 Publica
1440 4792 1552 4845 haec
1589 4793 1766 4848 studia
1801 4802 1950 4858 sunt,
1997 4794 2196 4862 quibus

635 4885 1014 4953 promovendis
1077 4880 1343 4952 publicam
1395 4885 1705 4950 utilitatem,
1768 4904 1874 4940 non
1929 4889 2192 4957 privatam

634 4978 842 5031 laudem
869 4969 1176 5047 quaerimus.
1225 4971 1335 5028 Vos
1364 4992 1524 5038 vero.
1542 4979 1955 5033 eminentissimi
1985 4981 2189 5048 princi-

2317 3793 2558 3862 requiro.
2585 3791 2721 3846 Nam
2747 3802 2805 3846 ut
2834 3801 3039 3847 taceam
3062 3805 3283 3846 sensum
3307 3791 3409 3844 loci
3431 3791 3542 3858 jam
3569 3789 3700 3843 olim
3733 3805 3762 3842 a
3798 3807 3891 3844 ve-

2315 3885 2419 3940 teri
2441 3885 2736 3955 interprete
2766 3892 2914 3939 recte
2937 3897 3276 3954 expressum,
3306 3884 3429 3952 quis
3459 3881 3688 3936 rationis
3719 3881 3887 3951 hujus

2313 3976 2555 4045 pondera
2590 3990 2653 4029 ac
2696 3983 2969 4030 momenta
3022 3972 3395 4043 perpendens,
3439 3972 3520 4025 vel
3563 3970 3884 4026 Graecorum

2313 4067 2540 4123 lectione
2572 4067 2734 4138 paulo
2759 4067 3128 4129 exercitatior,
3156 4079 3267 4119 non
3295 4064 3450 4119 facile
3489 4065 3887 4120 animadvertit

2307 4174 2374 4214 ex
2413 4160 2527 4228 ipsa
2572 4158 2825 4229 loquendi
2869 4156 3280 4221 consuetudine,
3309 4157 3488 4210 minus
3521 4164 3728 4210 rectam
3759 4156 3884 4213 dis-

2310 4250 2629 4309 tinctionem
2670 4251 2918 4305 vitiosam
2952 4249 3228 4318 peperisse
3256 4247 3604 4303 versionem?
3631 4246 3884 4302 Allirma-

2304 4342 2396 4394 bat
2421 4341 2583 4396 Arius
2611 4339 2808 4395 Filium
2838 4340 2954 4407 Dei,
2988 4341 3080 4393 τὸν
3108 4339 3296 4407 Λόγον,
3326 4353 3486 4407 posse
3509 4339 3740 4406 mutari;
3778 4340 3879 4394 ad-

2297 4431 2531 4500 iungens
2572 4430 2860 4492 rationem,
2895 4427 3134 4499 τρεπτῆς
3174 4426 3281 4497 γὰρ
3314 4425 3525 4494 φύσεώς
3557 4428 3700 4481 ἐστι.
3737 4425 3879 4481 Nam

2300 4530 2508 4576 naturae
2535 4522 2811 4576 mutabilis
2842 4531 2944 4585 est,
2981 4520 3063 4574 vel
3093 4527 3342 4572 naturam
3379 4517 3698 4570 mutabilem
3729 4517 3878 4572 obti-

2299 4621 2412 4677 net,
2449 4613 2672 4683 γενητὸς
2697 4610 3032 4682 καὶτρετπὸς
3048 4610 3326 4679 ὑπάρχων,
3349 4608 3547 4676 quippe
3570 4607 3664 4675 qui
3690 4605 3875 4662 factus

2299 4705 2413 4759 sive
2461 4717 2699 4766 creatus,
2747 4719 2810 4758 ac
2843 4701 3066 4773 proinde
3109 4700 3386 4754 mutabilis
3443 4705 3545 4753 est.
3591 4697 3872 4763 Quocirca

2299 4795 2719 4863 haudquaquam
2757 4793 3073 4864 negligenda
3106 4791 3208 4846 hoc
3238 4793 3358 4845 loco
3386 4806 3491 4845 vox
3522 4792 3773 4861 γενητός,
3813 4798 3871 4847 in

2297 4901 2400 4954 qua
2433 4886 2515 4940 vis
2550 4888 2728 4939 omnis
2783 4900 2845 4937 ac
2892 4899 3088 4939 nervus
3127 4883 3302 4950 impiae
3347 4881 3490 4935 illius
3539 4883 3868 4938 assertionis

2296 4978 2588 5032 consistit:
2626 4993 2788 5047 quam
2836 4977 2951 5045 ipse
2991 4975 3292 5029 Alexander
3335 4974 3580 5043 sequenti
3628 4976 3870 5045 epistola

631 5083 741 5135 pes.
762 5069 1027 5123 submisse
1056 5081 1188 5135 rogo
1213 5075 1272 5120 ut
1299 5084 1420 5120 cum
1445 5071 1692 5124 voluntas
1717 5079 1876 5138 atque
1898 5075 2194 5127 auctoritas
2228 5059 2271 5112 D
2299 5087 2335 5122 ιι
2362 5070 2491 5138 petit
2516 5109 2529 5132 ,
2582 5069 2675 5124 sed
2726 5068 2906 5122 verbis
2968 5068 3136 5136 magis
3188 5067 3488 5135 perspicuis
3539 5066 3865 5122 deductam.

632 5168 802 5212 vestra
830 5159 880 5209 in
905 5157 1049 5210 hunc
1072 5173 1155 5212 me
1177 5161 1504 5227 protraxerit
1529 5162 1723 5226 locum,
1752 5162 2102 5218 humanitatis
2128 5179 2190 5216 ac

634 5246 1011 5301 imnevolentiaa
1042 5257 1237 5302 vestrae
1275 5262 1438 5312 aura,
1475 5252 1740 5304 orationis
1779 5267 2001 5306 cursum
2047 5253 2186 5307 inter

627 5342 800 5406 syrtes
825 5343 880 5391 et
922 5337 1101 5392 brevia
1135 5348 1452 5394 aestuantem
1489 5343 1796 5396 sublevetis.

2302 5163 2486 5226 Aiunt,
2523 5163 2718 5232 inquit,
2752 5161 2945 5215 Filium
2993 5160 3085 5216 Dei
3119 5176 3240 5215 cum
3283 5168 3438 5215 antea
3474 5176 3582 5214 non
3636 5160 3864 5222 luisset.

2296 5262 2482 5322 postea
2531 5253 2754 5317 factum,
2801 5251 3112 5321 factumque
3146 5253 3326 5315 talem,
3369 5253 3459 5305 ubi
3515 5251 3694 5306 factus
3729 5251 3860 5312 fuit.

2286 5345 2473 5413 quales
2517 5345 2696 5398 caeteri
2726 5350 2852 5398 sunt
2890 5343 3155 5396 homines.
3187 5343 3764 5412 Συναναλαμὸάνοντες
3791 5344 3861 5411 τῇ

691 5425 886 5481 Narrat
919 5430 1221 5483 Alexander
1265 5433 1377 5484 Arii
1426 5434 1752 5501 apostasiam
1794 5442 1846 5487 et
1876 5436 2183 5502 blaspliema

2312 5439 2392 5489 ’ὧν
2427 5439 2676 5490 ἁπάντων
2707 5438 2879 5489 κτίσει
2909 5438 3002 5489 καὶ
3029 5437 3117 5488 τὸν
3149 5437 3272 5490 Υῐδν
3301 5435 3390 5489 τοῦ
3424 5436 3578 5496 Θεοῦ,
3622 5450 3862 5502 compre-

622 5517 869 5587 ilogmata
907 5521 1107 5589 quibus
1154 5522 1429 5575 Christum
1463 5522 1749 5576 Dominum
1797 5533 1938 5576 statu
1978 5525 2180 5594 gradu-

2285 5528 2558 5584 hendentes
2587 5531 2744 5590 etiam
2774 5527 2970 5582 Filium
3023 5530 3117 5583 Dei
3171 5533 3488 5600 reliquarum
3549 5538 3861 5583 creatam

688 5692 763 5764 (a)
799 5690 990 5764 Habita
1043 5691 1226 5745 Romae
1285 5693 1334 5745 in
1384 5693 1666 5747 Academia
1723 5693 2012 5754 Basiliam,
2060 5695 2216 5764 1655,
2259 5700 2606 5758 audientibus
2629 5703 3074 5761 eminentissimis
3118 5706 3484 5763 cardinalibus
3519 5704 3566 5759 J.
3598 5704 3657 5759 Β.
3692 5703 3863 5759 Pam-

619 5762 806 5827 philio.
837 5761 922 5814 Fr.
953 5763 1267 5824 Burberino,
1301 5765 1650 5817 Bruncaccio.
