4036 6320
108 408 210 463 529

1558 411 1860 474 NOTITIA.

3250 418 3351 469 530

105 535 288 574 rerum
315 538 555 576 numero.
589 521 785 576 Statim
809 523 1087 596 subjungit
1111 545 1125 581 :
1156 523 1250 592 Οἷς
1269 528 1574 594 ἀκολούθως
1593 531 1677 584 καὶ

1791 530 2032 599 adeoque
2072 527 2206 598 πρὸς
2257 527 2354 598 τὴν
2398 526 2785 598 ὀμοουσιὸτητα
2823 524 2917 581 καὶ
2959 525 3352 597 συναῖδιότητα,

103 629 274 682 φασιν
308 615 472 667 αὑτὸν
517 615 760 685 τρεπτῆς
797 611 932 671 εἶναι
979 619 1213 688 φύσεως,
1270 621 1468 692 ἀρετῆς
1501 639 1558 674 τε
1593 623 1684 675 καὶ

101 705 311 768 κακίας
343 705 612 770 δεκτγικόνο
645 705 847 770 Quibus
874 709 1033 762 etiam
1061 721 1428 781 consequenter
1461 713 1682 778 addunt,

102 812 222 849 um
255 795 537 849 mutabilis
567 812 684 850 esse
712 807 936 863 natura,
971 810 1021 854 et
1053 803 1262 856 virtutis
1288 812 1338 857 et
1381 805 1495 858 vitii
1523 821 1684 873 capa-

101 899 236 939 cem.
275 882 493 938 Videtis
525 886 810 954 supposito
842 887 964 957 hoc,
1012 889 1210 943 Filium
1239 889 1331 946 Dei
1370 891 1570 947 factum
1601 897 1684 950 vel

99 977 358 1026 creatum
391 987 534 1036 esse,
565 981 627 1027 ut
673 978 1037 1032 necessarium
1087 979 1214 1035 inde
1251 979 1446 1036 deduci
1487 998 1683 1040 conse-

98 1064 416 1133 quentiam,
443 1067 696 1121 eumdem
733 1084 947 1140 quoque
973 1073 1204 1142 τρεπτόν
1230 1073 1344 1129 sive
1372 1078 1681 1132 mutabilem

98 1170 244 1211 esse.
271 1154 458 1226 Atque
509 1158 594 1213 sic
622 1160 977 1215 ratiocinatur
1007 1162 1376 1221 Damascenus
1434 1167 1528 1221 lib.
1565 1184 1578 1220 ι
1609 1168 1685 1224 De

97 1245 314 1330 orthod.
357 1249 482 1316 ﬁde,
504 1264 626 1320 cap.
658 1251 693 1304 5
719 1241 837 1306 ῗΤὰ
865 1252 1079 1317 κτιστὰ,
1104 1255 1318 1320 πάντως
1339 1257 1433 1310 καὶ
1452 1261 1678 1330 τρεπτὰ.

97 1328 199 1389 Ὧν
253 1337 373 1406 γὰρ
414 1338 474 1392 τὸ
523 1335 664 1395 εἶναι
710 1342 818 1395 ἀπὸ
883 1344 1090 1414 τροπῆς
1130 1345 1351 1415 ἧρξατο,
1393 1328 1566 1402 ταῦτα
1616 1354 1681 1421 τῇ

97 1429 279 1496 τροπῂ
346 1427 697 1484 ὑποκείσεται
739 1431 974 1498 πάντως,
1016 1434 1049 1505 ἢ
1085 1437 1433 1509 φθειρόμενα,
1474 1437 1506 1506 ἢ
1546 1442 1683 1495 κατὰ

99 1515 431 1586 προαίρεσιν
490 1519 865 1591 ἀλλοιούμενα.
923 1522 1147 1590 Creata,
1206 1528 1415 1598 inquit,
1472 1534 1682 1585 omnino

94 1607 258 1659 etiam
293 1611 583 1664 mutationi
622 1611 866 1667 obnoxia.
903 1613 1138 1679 Quorum
1177 1619 1314 1673 enim
1351 1637 1462 1678 esse
1492 1640 1524 1675 a
1563 1640 1680 1676 mu-

106 1698 312 1752 tatione
343 1701 552 1771 incipit,
583 1719 648 1757 ea
685 1707 977 1762 necessario
1001 1710 1284 1764 mutationi
1316 1714 1678 1782 subjacebunt,

95 1789 223 1841 dum
246 1791 332 1844 ne!
362 1792 650 1858 intereunt,
679 1796 757 1849 vel
789 1798 1052 1853 voluntate
1079 1801 1392 1859 atteruntur.
1425 1805 1503 1860 Ita
1532 1808 1681 1863 scili-

95 1887 184 1933 cet
211 1879 390 1937 Arius
418 1880 614 1936 Filium
637 1883 730 1939 Dei
764 1887 963 1959 ἀρετῆς
982 1889 1076 1942 καὶ
1099 1891 1294 1957 κακίας
1311 1894 1556 1951 δεκτικὸν
1593 1914 1680 1952 as-
1713 1872 1756 1931 Β

95 1972 321 2029 serebat
345 1993 360 2029 :
384 1974 842 2047 quandoquidem,
858 1987 917 2034 ut
935 1979 1179 2039 Justinus
1191 1984 1393 2059 Martyr
1413 1989 1607 2045 alicubi
1625 1993 1678 2046 in

98 2060 497 2126 Questionibus
533 2069 721 2122 scribit
744 2090 757 2123 :
786 2071 1004 2144 Τροπῆς
1031 2075 1337 2148 γνώρισμα,
1359 2080 1420 2132 τὸ
1436 2081 1503 2132 τὰ
1544 2083 1682 2136 καλὰ

96 2155 191 2208 καὶ
237 2156 314 2208 τὰ
361 2158 508 2211 κακὰ
551 2158 843 2230 λαμϐάνειν
887 2165 969 2227 εἰς
1007 2165 1232 2221 ἔννοιανο
1271 2167 1583 2227 Mutationis
1608 2176 1682 2228 si-

94 2256 257 2314 para
307 2263 373 2300 ac
405 2258 533 2303 nota
568 2261 681 2318 est,
712 2255 847 2308 bona
896 2273 961 2310 ac
1007 2260 1153 2316 mala
1193 2261 1252 2314 in
1300 2263 1534 2319 animum
1580 2267 1683 2321 sibi

95 2335 365 2394 inducere.

164 2425 447 2498 Expositis
477 2430 593 2485 Arii
622 2431 983 2505 dogmatibus,
1008 2441 1288 2500 catholicae
1303 2445 1559 2504 Ecclesia:
1591 2464 1680 2504 or-

94 2519 398 2575 thodoxam
434 2526 762 2581 sententiam
793 2530 1102 2588 Alexander
1143 2538 1388 2606 opponit,
1435 2549 1495 2595 ut
1540 2545 1682 2598 veri-

94 2613 223 2706 Etis
258 2614 387 2706 luce
419 2617 635 2685 prolata
683 2617 864 2691 Stygis
907 2625 1159 2682 tenebras
1201 2627 1480 2687 discutiat.
1515 2632 1681 2706 Urget

93 2699 516 2794 ξριστομάχους
542 2709 665 2764 illos
695 2709 756 2766 D.
786 2712 1012 2770 Joannis
1034 2720 1358 2777 auctoritate
1387 2741 1399 2777 :
1437 2726 1532 2794 qui
1547 2699 1680 2781 vir—

94 2791 224 2888 bum
258 2795 319 2850 in
366 2799 638 2870 principio
678 2802 881 2870 fuisse,
927 2814 1090 2878 atque
1135 2812 1318 2867 omnia
1353 2791 1471 2885 perv
1498 2818 1678 2888 ipsum

94 2883 235 2940 facta
270 2889 552 2957 praedicat.
588 2892 717 2950 Inde
758 2898 1062 2956 rationibus
1108 2902 1278 2958 instat
1307 2925 1320 2960 :
1354 2883 1405 2962 si
1437 2883 1677 2967 Verbum

93 2984 176 3032 est
206 2979 528 3050 unigenitus
555 2985 724 3042 Filius
743 2985 855 3055 Dei,
887 2995 1160 3060 quomodo
1187 3000 1565 3064 asseruntisti,
1597 3003 1677 3055 ὅτι

93 3064 174 3132 εἷς
204 3070 326 3124 ἐστι
355 3073 465 3127 τῶν
491 3079 846 3147 ποιημάτων;
880 3081 1049 3150 ipsum
1090 3101 1250 3140 unum
1289 3106 1400 3144 esse
1438 3108 1500 3145 ea:
1525 3110 1673 3148 crea-

1791 630 1978 676 contra
2022 621 2256 674 Arianos
2312 620 2711 690 exprimendam
2751 627 2836 675 est
2889 619 3353 689 percommodum.

1790 713 1912 768 Haec
1941 727 2112 783 pauca
2148 712 2214 766 ad
2252 714 2488 783 priorem
2532 711 2823 767 Alexandri
2870 711 3157 781 epistolam
3191 726 3352 782 ency-

1788 805 1977 859 clicam
2029 805 2174 858 illam
2217 807 2332 861 sive
2371 803 2692 857 catholicam
2746 804 3067 858 observasse
3100 803 3349 860 suﬂiciet.

1860 896 2116 967 Sequitur
2161 913 2306 951 nunc
2350 898 2518 951 altera
2562 881 2839 964 ejusdem,
2887 896 3258 966 ἀνεπίγραφος
3297 897 3351 950 in

1787 985 2031 1041 Romana
2061 987 2319 1052 editione,
2365 986 2513 1057 “quod
2548 986 2734 1040 nescio
2763 1000 2870 1056 qua
2900 987 3111 1042 incuria
3141 988 3195 1041 in
3240 997 3349 1042 tam

1786 1078 2028 1150 diligenti
2063 1095 2228 1150 Opere
2251 1081 2548 1136 admissum
2575 1078 2738 1132 fuerit
2769 1097 2782 1130 :
2809 1093 2930 1131 cum
2962 1089 3012 1133 et
3039 1079 3350 1134 Theodore-

1786 1179 1877 1226 tus
1938 1179 1994 1226 et
2044 1171 2326 1239 Tripartita
2387 1172 2694 1227 Alexandro
2750 1170 3349 1239 Constantinopolitano

1785 1262 2043 1330 episcopo
2066 1261 2382 1331 inscriptam
2408 1262 2741 1333 missamque
2769 1269 3054 1316 testentur.
3085 1260 3349 1331 Equidem

1787 1366 1911 1406 cum
1945 1353 2182 1422 perlecta
2209 1351 2442 1421 primum
2483 1352 2587 1406 bac
2615 1351 2866 1422 epistola,
2912 1366 3021 1407 non
3050 1366 3216 1406 unum
3249 1350 3350 1404 ali-

1786 1458 1968 1513 quem,
2021 1444 2114 1498 sed
2147 1444 2330 1514 plures
2354 1442 2582 1498 subinde
2612 1443 2978 1502 Alexandrum
3023 1443 3225 1512 alloqui
3252 1443 3351 1497 ob-

1787 1551 2110 1600 servassem,
2160 1536 2324 1591 subiit
2362 1535 2630 1606 suspicio,
2671 1544 2819 1592 certo
2848 1536 3078 1591 consilio
3122 1539 3350 1606 ἐπιγρα-

1787 1629 1912 1699 φήν,
1945 1629 1998 1682 in
2025 1626 2268 1683 Romana
2297 1629 2534 1686 editione
2563 1632 2844 1684 omissam.
2879 1628 3035 1694 Quod
3077 1628 3351 1698 negligen-

1782 1725 1859 1776 tia
1882 1722 2100 1785 factum,
2120 1732 2308 1791 postea
2331 1737 2393 1776 ex
2418 1730 2717 1776 erratorum
2736 1721 2976 1775 indiculo
2998 1719 3344 1790 deprehendi.

1783 1813 2056 1884 Quidquid
2107 1813 2197 1877 sit,
2246 1813 2376 1868 mihi
2423 1813 2525 1869 fixa
2560 1815 2674 1868 haec
2727 1811 2878 1868 sedet
2926 1813 3216 1875 sententia,
3241 1828 3346 1868 non

1783 1905 2044 1976 privatam
2075 1907 2313 1975 aliquam
2343 1905 2457 1960 sive
2490 1908 2861 1960 tractatoriam
2893 1904 3037 1958 hanc
3065 1904 3346 1974 epistolam

1781 2013 1922 2061 esse,
1952 1999 2046 2054 sed
2075 2006 2130 2054 et
2157 1999 2329 2069 ipsam
2356 2013 2572 2068 quoque
2589 1998 2908 2054 circularem
2931 2012 2993 2051 ac
3019 1997 3344 2066 generalem,

1781 2089 2003 2143 missam
2034 2088 2098 2142 ad
2133 2089 2380 2146 diversos
2411 2089 2638 2160 Europae
2665 2091 2979 2159 episcopos.
3002 2087 3156 2154 Quod
3186 2101 3347 2143 nemo

1783 2175 1940 2232 facile
1983 2180 2281 2249 negaverit,
2311 2180 2403 2251 qui
2437 2189 2491 2235 et
2533 2179 2696 2249 hujus
2728 2179 2969 2250 epistola?
3013 2189 3219 2249 partem
3250 2194 3346 2234 ex—

1780 2277 2011 2324 tremam
2051 2286 2174 2326 cum
2217 2286 2348 2326 cura
2376 2272 2585 2343 legerit,
2615 2279 2669 2327 et
2703 2271 3198 2328 ecclesiasticarum
3229 2273 3346 2342 epi-

1781 2362 2045 2416 stolarum
2093 2363 2319 2418 formam
2372 2364 2699 2435 modumque
2753 2379 2864 2418 non
2906 2365 3064 2434 plane
3109 2365 3341 2434 ignoret.
3437 2430 3440 2434 ι

1779 2449 1915 2506 Nam
1932 2460 1995 2507 .et
2022 2454 2265 2509 clausula
2293 2455 2484 2510 harum
2521 2455 2826 2513 litterarum
2863 2455 3022 2528 plane
3048 2455 3234 2510 eadem
3261 2465 3345 2511 est

1781 2559 1901 2613 quae
1927 2545 2344 2614 praecedentium
2373 2547 2794 2615 encyclicarum,
2827 2561 2935 2616 qua
2963 2547 3170 2616 reliquo
3199 2547 3347 2602 clero

1782 2649 1878 2702 per
1906 2635 2192 2705 episc0pos
2237 2636 2468 2692 salutem
2515 2635 2823 2705 impertilur
2860 2653 2876 2690 :
2915 2644 3028 2689 tum
3060 2643 3118 2688 ut
3147 2636 3344 2705 saepius

1780 2721 1834 2774 in
1871 2721 2081 2791 reliquo
2110 2722 2351 2791 epistolas
2379 2730 2658 2786 contextu,
2689 2724 2764 2776 ita
2794 2724 2848 2776 in
2880 2722 2986 2779 fine
3008 2725 3190 2793 plures
3221 2740 3346 2778 ora-

1781 2810 1928 2865 tione
1957 2824 2015 2865 se
2034 2808 2188 2864 affari
2216 2811 2475 2866 ostendit.
2503 2810 2657 2866 Unde
2680 2812 2745 2866 ad
2769 2812 2954 2882 plures
2981 2829 3197 2883 quoque
3216 2817 3347 2869 scri-

1779 2913 1924 2971 ptam
1956 2901 2112 2956 fateri
2142 2918 2429 2959 necessum
2460 2911 2560 2958 est.
2591 2902 2728 2957 Cum
2759 2905 3042 2960 verissime
3074 2906 3205 2958 illud
3237 2921 3343 2961 non

1780 2994 1962 3049 minus
1989 3009 2153 3064 quam
2196 2995 2354 3049 docte
2386 3010 2415 3047 a
2461 2993 2755 3050 Francisco
2785 2995 3117 3051 Bernardino
3153 2995 3347 3050 Ferra-

1781 3087 1864 3140 rio
1889 3087 1982 3142 lib.
2017 3103 2079 3141 ιιι
2132 3086 2211 3141 De
2241 3089 2457 3157 antiquo
2500 3088 2840 3157 epistolarum
2870 3089 3342 3142 ecdesiasticarum

96 3162 277 3218 turis?
303 3163 375 3217 Et
407 3168 450 3220 si
479 3168 661 3222 omnia
690 3185 785 3239 per
813 3172 989 3242 ipsum
1019 3175 1161 3230 facta
1194 3187 1342 3247 sunt,
1375 3184 1492 3245 πῶς
1513 3184 1673 3239 δύνα-
1701 3209 1745 3269 C
1777 3195 1977 3248 genere,
2004 3180 2356 3235 observatum
2391 3181 2483 3245 sit,
2516 3195 2722 3234 morem
2756 3182 3055 3240 antiquitus
3086 3182 3344 3236 invaluis-

94 3269 184 3306 ται
219 3254 338 3320 ἴσος
373 3255 508 3314 εἶναι
539 3261 648 3314 τῶν
684 3263 752 3315 δι’
783 3266 946 3320 αὑτοῦ
982 3271 1320 3341 γενομένων;
1360 3275 1450 3344 qui
1483 3280 1671 3344 poterit

97 3345 206 3413 ipse
231 3364 335 3416 par
379 3367 488 3404 esse
516 3353 670 3407 rebus
701 3370 814 3425 quis
840 3373 932 3425 per
960 3359 1131 3428 ipsum
1169 3362 1327 3431 facta
1355 3375 1476 3418 sunt
1499 3370 1523 3421 Ρ
1555 3367 1672 3433 Quo

99 3446 378 3505 postremo
409 3443 531 3497 loco
576 3443 824 3504 Gelasius
869 3449 1201 3522 Cyzicenus,
1252 3465 1305 3508 et
1337 3454 1671 3526 Epiphanius

101 3526 373 3600 interpres
411 3533 617 3590 rectius
642 3535 754 3604 jam
784 3539 910 3592 olim
950 3542 1144 3609 legere,
1183 3543 1299 3607 πῶς
1342 3545 1563 3601 δύναται
1592 3545 1672 3611 εἷς

100 3613 272 3683 sint;
309 3621 572 3690 quomodo
601 3634 769 3691 potest
798 3644 931 3681 unus
961 3646 1071 3682 esse
1095 3630 1301 3698 horum,
1327 3650 1444 3704 quae
1469 3651 1560 3703 per
1590 3639 1671 3706 ip-

102 3723 217 3761 sum
257 3709 406 3778 facta
451 3719 781 3770 noscuntur?
809 3715 980 3782 Quam
1013 3719 1301 3776 lectionem
1351 3723 1523 3779 Graeci
1555 3741 1670 3781 ser-

102 3802 278 3857 monis
314 3806 658 3862 constructio
685 3816 868 3878 aperte
897 3813 1144 3882 requirit.
1171 3814 1430 3880 Quamvis
1457 3819 1522 3871 ad
1547 3833 1671 3872 sen-

104 3904 222 3946 tum
255 3893 360 3950 loci
391 3896 529 3951 nihil
563 3898 799 3964 intersit,
833 3911 1010 3956 utrum
1034 3903 1145 3967 ἴσος
1168 3921 1292 3959 cum
1328 3909 1568 3978 vulgato,
1601 3925 1669 3964 an

103 3979 181 4047 εἷς
219 4001 347 4040 cum
381 3991 550 4044 veteri
575 3991 869 4063 interprete
903 3995 1071 4065 legas.
1115 3996 1173 4050 Si
1213 4005 1392 4052 tamen
1437 4001 1548 4065 ἴσος
1588 4017 1671 4056 re-

103 4076 362 4144 tineatur,
383 4081 643 4136 mutanda
659 4083 761 4138 hoc
787 4086 946 4140 modo
966 4090 1332 4150 constructio;
1361 4091 1483 4155 Πῶς
1507 4093 1564 4146 δὲ
1584 4093 1672 4145 δύ-

104 4183 259 4221 ναται
287 4169 402 4233 ἴσος
440 4165 577 4225 εἶναι
626 4177 738 4237 τοῖς
765 4175 832 4229 δι’
875 4177 1036 4230 αὐτοῦ
1069 4182 1400 4251 γενομένοις,
1436 4200 1542 4236 non
1576 4199 1673 4237 au-

103 4266 230 4326 tem,
261 4260 371 4312 τῶν
393 4261 459 4314 δι’
502 4264 664 4320 αὐτοῦ
695 4270 1018 4334 γενομένων.
1051 4269 1130 4323 Ita
1193 4271 1256 4324 D.
1301 4271 1502 4328 Paulus
1530 4273 1670 4329 Phil.

106 4364 165 4411 tt,
195 4351 251 4415 6,
283 4351 565 4408 Christum
598 4357 673 4410 ait
698 4373 805 4413 non
837 4361 1184 4416 existimasse
1206 4365 1473 4434 rapinam,
1507 4367 1568 4418 τὸ
1592 4363 1668 4419 εἴ·

104 4458 186 4495 ναι
216 4439 308 4498 ἴσα
341 4445 481 4520 Θεῷ,
513 4465 625 4503 esse
654 4467 708 4506 se
735 4453 986 4522 (aqualem
1016 4449 1144 4508 Deo.
1176 4454 1251 4510 Ita
1285 4462 1400 4526 ipse
1436 4457 1674 4512 Alexan-

1777 3287 1855 3333 se,
1892 3280 1951 3325 ut
1989 3272 2150 3328 iidem
2179 3273 2448 3327 honorum
2482 3272 2621 3325 tituli
2653 3273 2755 3327 sub
2796 3275 2958 3329 tinem
2989 3274 3340 3343 epistolarnm

1775 3364 2124 3428 iterarentur,
2176 3365 2376 3433 quibus
2428 3364 2585 3417 initio
2615 3365 2813 3434 singuli
2853 3366 2918 3418 ad
2969 3381 3104 3435 quos
3138 3367 3344 3420 scribe-

1772 3455 1924 3520 bant,
1960 3456 2174 3510 fuerant
2200 3455 2472 3524 appellati.
2507 3453 2613 3508 Sed
2643 3470 2901 3523 quorsum
2924 3457 3058 3520 basc,
3093 3457 3343 3525 inquies?

1772 3545 1891 3599 Non
1942 3554 2001 3600 ut
2046 3547 2354 3601 Alexandro
2424 3547 3026 3616 Constantinopolitano
3086 3551 3340 3620 episcopo

1774 3639 1914 3692 hanc
1952 3638 2236 3708 epistolam
2294 3639 2552 3709 scriptam
2592 3655 2817 3709 negem;
2855 3643 2947 3696 sed
2999 3647 3056 3693 ut
3104 3641 3169 3695 ad
3202 3643 3338 3696 alios

1773 3746 1987 3800 quoque
2032 3730 2241 3784 vicinos
2275 3731 2584 3801 episcopos,
2627 3733 2712 3787 vel
2750 3733 2805 3786 in
2834 3736 2978 3802 regia
3011 3732 3144 3786 urbe
3174 3749 3340 3803 nego~

1775 3825 1972 3878 tiorum
2001 3837 2166 3878 causa
2196 3831 2305 3876 tum
2330 3834 2632 3886 versantes,
2654 3823 2897 3893 ejusdem
2920 3839 3134 3894 quoque
3155 3839 3340 3878 exem-

1774 3917 1861 3986 pla
1906 3931 2002 3985 per
2034 3915 2300 3969 circulum
2341 3917 2506 3969 missa
2547 3916 2853 3970 ostendam.
2888 3914 3073 3986 Neque
3121 3917 3338 3985 egO'hic

1776 4007 2114 4070 Theodoreto
2141 4007 2349 4061 futilem
2380 4005 2579 4062 Gelasii
2611 4006 2860 4078 Cyziceni
2904 4008 3210 4064 Diobolaris
3241 4013 3336 4080 ῥα.-

1771 4096 1948 4167 ψῳδοῦ
1983 4097 2362 4151 auctoritatem
2413 4097 2789 4166 apposuerim,
2839 4098 2930 4166 qui
2971 4097 3338 4153 Alexandrum

1775 4189 1936 4243 istum
1990 4189 2092 4242 hoc
2140 4196 2384 4258 tempore
2424 4188 3040 4258 Constantinopolitanae
3085 4189 3338 4246 Ecclesiae

1774 4278 2006 4332 necdum
2050 4277 2333 4346 prtefuisse
2377 4274 2647 4330 afﬁrmat:
2686 4293 2951 4348 quemque
3003 4281 3163 4348 paulo
3216 4290 3338 4348 post

1774 4369 1992 4423 Nicaeno
2028 4369 2261 4424 concilio
2301 4368 2570 4438 privatum
2614 4370 2790 4424 adhuc
2819 4371 3188 4441 presbyterum
3243 4389 3339 4442 pro

1775 4461 2144 4530 Metrophane,
2170 4473 2409 4516 extrema
2432 4471 2709 4516 senectute
2726 4464 2996 4527 confecto,
3025 4465 3338 4521 interfuisse

105 4537 195 4591 der
219 4540 454 4609 epistola
502 4545 752 4612 sequenti
803 4545 1038 4602 Arianos
1085 4548 1415 4615 prazdicasse
1455 4551 1668 4615 scribit,
1703 4551 1752 4610 D
1777 4553 1986 4608 scribit.
2019 4553 2188 4622 Cujus
2221 4553 2375 4607 ﬁdem
2408 4554 2600 4607 incerti
2642 4569 2856 4623 quoque
2885 4555 3121 4609 auctoris
3150 4573 3342 4608 narra-

105 4627 378 4687 Cbristum
405 4635 520 4698 τοῖς
545 4638 708 4690 πᾶσιν
741 4637 852 4691 ἴσον
883 4634 1053 4692 εἶναι’
1092 4641 1234 4708 quod
1263 4642 1442 4695 versio
1473 4641 1673 4695 Roma-

106 4737 191 4784 na,
223 4722 498 4782 Christum
529 4730 732 4782 steteris
771 4730 1067 4784 hominibus
1098 4731 1226 4784 nihil
1255 4736 1671 4799 prwstantiorem

1775 4648 1849 4700 tio
1909 4647 1974 4702 de
2002 4660 2233 4700 cccxvni
2263 4645 2496 4702 Nicmnis
2538 4647 2755 4700 concilii
2791 4646 3042 4700 Patrihus
3075 4649 3338 4716 sequitur,

1773 4754 1893 4808 qua:
1927 4740 1982 4793 in
2013 4737 2268 4792 Historiis
2297 4750 2599 4794 sanctorum
2631 4738 2948 4802 Lipotnanni
2991 4748 3207 4804 exstat;
3243 4754 3341 4791 cu-

105 4829 228 4878 esse,
263 4818 444 4872 reddit
475 4837 489 4873 :
525 4821 689 4877 nimis
719 4837 851 4878 sane
889 4834 1136 4894 anguste.
1180 4824 1365 4896 Neque
1411 4829 1555 4881 enim
1604 4830 1669 4883 ad
1768 4833 1858 4900 jus
1891 4831 2166 4900 exemplar
2198 4832 2441 4900 exRegio
2486 4830 2674 4884 codice
2715 4832 2768 4884 in
2803 4829 2991 4886 Galliis
3048 4832 3339 4901 aliquando

106 4911 250 4966 solos
274 4911 522 4969 homines
541 4917 903 4986 aequalitatem
927 4918 1072 4973 illam
1103 4922 1462 4991 restringebat
1484 4924 1666 4988 Arius,

105 5002 192 5054 sed
227 5002 300 5056 ad
327 5015 635 5061 creaturam
666 5023 882 5078 quoque
914 5025 1127 5064 omnem
1172 5004 1278 5066 τῶν
1313 5012 1544 5081 λογικῶν
1578 5017 1672 5069 καὶ

105 5091 314 5161 ἀλόγων
349 5105 675 5150 creaturam.
702 5097 887 5170 Neque
913 5104 1057 5157 enim
1088 5103 1233 5156 aliud
1256 5104 1418 5158 isthic
1440 5106 1541 5160 loci
1565 5116 1669 5171 est,

103 5188 210 5248 τοῖς
243 5187 411 5241 πᾶσιν
460 5186 572 5240 ἴσον
613 5185 771 5255 εἶναι,
805 5208 971 5262 quam
1011 5194 1099 5250 hic
1127 5199 1239 5259 τοῖς
1277 5197 1410 5249 πᾶσι
1450 5215 1668 5272 συναρι-

108 5275 376 5346 θμείσθαι,
402 5277 506 5332 hoc
533 5289 636 5344 est,
665 5280 901 5339 Verbum
932 5301 997 5340 ex
1029 5287 1270 5357 ipsorum
1298 5292 1568 5345 sententia
1591 5279 1672 5345 fa-

107 5378 252 5423 ctum
290 5377 344 5426 et
379 5381 622 5426 creatum
676 5390 745 5429 ex
797 5377 1001 5441 nihilo,
1052 5381 1383 5450 reliquarum
1429 5384 1670 5436 omnium

109 5469 477 5518 creaturarum
519 5479 750 5520 numero
795 5469 1167 5536 inserendum,
1199 5479 1390 5543 utpote
1445 5475 1671 5545 reliquis

107 5552 354 5609 omnibus
380 5556 649 5610 creaturis
673 5557 983 5617 conditione
1011 5570 1174 5634 atque
1211 5566 1448 5622 essentia
1490 5580 1588 5636 par
1617 5575 1672 5621 et

108 5645 327 5716 aquale.
360 5644 621 5713 Quamvis
645 5662 746 5717 ego
773 5649 834 5702 τὸ
857 5651 988 5718 ἴσον,
1025 5655 1080 5709 in
1106 5653 1256 5725 hisce
1279 5656 1435 5720 locis,
1471 5657 1672 5726 ecquale

109 5738 286 5802 potius
313 5751 476 5806 quam
511 5753 611 5805 par
642 5747 853 5795 vertere
881 5745 1087 5808 malim,
1119 5743 1242 5816 quo
1264 5749 1426 5801 etiam
1457 5746 1669 5815 profani

115 5835 358 5886 auctores
403 5842 502 5897 pro
545 5835 819 5885 coact-unco
865 5839 915 5887 et
965 5847 1146 5889 coazvo
1173 5837 1377 5905 passim
1422 5845 1666 5905 utuntur,

1774 4939 1858 4977 me
1882 4923 2295 4990 transcripsisse
2327 4923 2567 4977 memini.
2610 4922 2755 4987 Haec,
2793 4923 3034 4991 inquam,
3070 4921 3204 4979 tam
3229 4938 3337 4976 non

1774 5021 1900 5068 sunt
1933 5021 1991 5065 ut
2020 5011 2342 5067 Theodoreti
2377 5013 2714 5082 aliorumque
2744 5013 3023 5066 meliorum
3055 5023 3336 5066 auctorum

1773 5105 1930 5160 ﬁdem
1962 5105 2101 5174 apud
2133 5119 2233 5158 nos
2265 5106 2500 5162 elevent.
2539 5101 2643 5157 Sed
2678 5117 2822 5155 nunc
2854 5103 3136 5171 epistolam
3167 5105 3337 5172 ipsam

1772 5196 2113 5267 aggredimur
2163 5215 2176 5249 :
2226 5196 2281 5248 in
2326 5196 2484 5264 cujus
2533 5195 2716 5248 limine
2772 5191 3049 5250 Romanos
3104 5194 3340 5249 editores

1772 5288 2076 5360 προθέσεως
2105 5302 2206 5340 vox
2237 5285 2484 5349 oﬂ‘endit,
2521 5286 2608 5340 cui
2645 5286 2820 5342 obolis
2851 5286 3117 5341 confossa:
3150 5285 3340 5354 προαί-

1776 5397 1920 5451 ρεσιν
1952 5378 2310 5433 substituunt.
2344 5378 2451 5435 Sed
2478 5380 2690 5434 nescire
2723 5394 2808 5432 me
2833 5378 3007 5432 fateor
3055 5378 3182 5447 quid
3211 5393 3338 5430 cau-

1771 5488 1847 5527 sae
1891 5471 2178 5541 habuerint
2225 5485 2325 5525 cur
2364 5485 2550 5526 vocem
2596 5470 3026 5541 ἑλληνικωτάτην
3075 5469 3337 5523 Crarismi

1772 5579 1940 5619 censu
1984 5563 2362 5632 expunxerint.
2411 5562 2629 5625 Vocem,
2679 5563 2923 5632 inquam,
2961 5561 3206 5631 probam,
3239 5575 3339 5613 nec

1772 5656 1947 5710 solum
1975 5654 2218 5725 Polybio,
2249 5663 2307 5708 ut
2335 5670 2401 5709 ex
2422 5652 2590 5708 Suida
2621 5662 2870 5722 apparet,
2889 5657 2981 5707 sed
3010 5661 3060 5705 et
3086 5651 3144 5705 D.
3167 5651 3338 5705 Paulo

1772 5747 1936 5801 semel
1959 5745 2264 5814 iterumque
2281 5752 2617 5813 usurpatam.
2638 5742 2795 5797 Rom.
2817 5760 2935 5805 vui,
2954 5742 3042 5806 28,
3063 5744 3173 5803 τοῖς
3198 5741 3339 5795 κατὰ

1774 5838 2028 5905 πρόθεσιν
2069 5837 2302 5904 κλητοῖς,
2339 5837 2531 5890 vocatis
2576 5835 2858 5890 secundum
2906 5835 3250 5901 propositum,
3285 5839 3340 5888 et
