4036 6320
711 381 806 438 531

1804 363 1860 435 s.
1901 373 2315 437 ALEXANDER
2355 377 2915 437 ALEXANDRINUS.
3840 381 3918 441 εε
4003 357 4012 396 "-i

708 501 910 572 Ephes.
944 517 984 567 l,
1021 503 1106 565 ll,
1141 499 1547 573 προορισθέντες
1575 499 1716 552 κατὰ
1764 500 2037 570 πρόθεσιν,
2067 499 2264 568 prede-

2377 500 2451 553 Ac
2471 501 2702 561 primum
2723 498 2939 568 quidem
2958 495 3052 552 Dei
3070 495 3256 553 hostes
3278 495 3533 552 Exclesiz
3542 494 3742 552 castris
3761 495 3914 566 ejecti.

708 596 892 649 stinati
938 593 1217 649 secundum
1249 593 1602 660 propositum;
1653 599 1706 645 et
1745 599 1865 660 post
1895 589 2142 653 Paulum,
2175 607 2274 645 uo-

708 687 959 743 ctissimo
978 687 1174 755 cuique
1205 684 1304 738 SS.
1331 683 1574 738 Patrum.
1595 683 1845 738 Clemens
1870 683 2270 738 Alexandrinus

706 783 834 837 item
882 780 974 834 lib.
1024 794 1107 844 HI,
1157 779 1435 848 εὐνουχιας
1469 778 1736 848 πρόθεσιν,
1779 777 2100 844 propositum
2128 779 2272 831 ια’ιί-

705 870 879 936 batus,
919 877 973 924 et
1003 870 1094 923 lib.
1125 885 1221 932 VII,
1253 870 1378 931 τοὺς
1405 869 1544 939 κατὰ
1572 867 1820 938 πρόθεσιν
1848 867 2103 930 δικαίους,
2136 883 2271 936 pra:-

705 963 1006 1019 destinatos
1028 962 1343 1032 Apostolum
1370 969 1589 1017 secutus
1611 961 1838 1014 vocavit.
1858 959 2106 1015 Justinus
2130 960 2272 1013 hiar-

705 1063 792 1125 tyr
818 1069 910 1108 xIx
930 1060 1217 1124 quastione
1237 1054 1304 1106 ad
1332 1053 1671 1114 ortliodozos,
1701 1053 2107 1122 palpitationes,
2131 1061 2270 1107 ster-

704 1155 1026 1200 nutamenta
1070 1155 1122 1200 et
1154 1147 1384 1200 tinnitus
1421 1146 1633 1198 aurium
1674 1144 1824 1214 παρὰ
1855 1144 1952 1214 τὴν
2001 1145 2269 1214 ἡμετέραν

700 1239 980 1308 πρόθεσιν,
1016 1239 1128 1293 ﬁeri
1180 1238 1388 1293 scribit.
1417 1235 1617 1290 Omitto
1649 1236 1802 1290 alios.
1837 1235 1977 1290 Sane
2002 1233 2268 1290 Constan-

699 1331 848 1384 tinus
894 1329 1121 1398 Magnus
1157 1331 1350 1384 litteris
1400 1329 1464 1382 ad
1520 1329 1884 1382 Alexandrum
1933 1337 2179 1381 nostrum
2216 1336 2270 1383 et

699 1418 890 1473 Arium
944 1419 1087 1475 dalis
1143 1420 1269 1490 μίαν
1313 1421 1488 1490 ψυχῆς
1546 1420 1799 1490 πρόθεσιν
1848 1421 2083 1489 scripsit.
2127 1419 2268 1486 Quid

699 1512 870 1566 vero?
908 1527 1087 1566 nonne
1137 1513 1250 1580 ipse
1290 1510 1593 1566 Alexander
1660 1528 1775 1566 mox
1859 1514 1959 1567 hac
2009 1514 2124 1583 ipsa
2174 1529 2270 1583 pa-

704 1602 828 1672 βίω
894 1603 995 1672 τὴν
1026 1603 1300 1673 μοχθηρὰν
1350 1602 1608 1673 πρόθεσιν
1650 1605 1874 1674 repetit?
1905 1604 2059 1670 Quod
2093 1613 2147 1659 et
2187 1607 2267 1673 ip-

705 1709 825 1746 sum
855 1708 924 1748 ne
951 1708 1208 1748 censores
1235 1694 1566 1763 jugularent,
1603 1696 1810 1749 salvum
1834 1705 1994 1766 atque
2019 1698 2270 1750 indemne

704 1794 964 1856 praestare
991 1794 1199 1854 poterat
1227 1788 1370 1856 quod
1397 1787 1533 1840 infra
1557 1803 1614 1841 se
1635 1787 2010 1857 episcoporum
2033 1792 2098 1844 ad
2129 1807 2268 1861 quos

2380 589 2447 642 ad
2517 591 2744 658 gentiles
2798 596 2852 642 et
2899 585 3114 643 Judaaos
3159 588 3537 658 transfugere,
3571 602 3696 640 cum
3742 587 3824 641 his
3869 589 3916 641 ad

2378 680 2744 735 Christianam
2777 679 3092 748 religionem
3125 678 3546 733 exscindendam
3587 677 3806 732 foederis
3851 694 3916 733 so-

2379 771 2572 826 cietate
2606 785 2726 825 sese
2753 771 3080 839 conjungere
3111 786 3124 821 :
3157 769 3298 838 apud
3327 769 3425 824 hos
3453 770 3682 840 gratiam
3705 768 3917 824 laudem-

2377 883 2484 937 que
2505 869 2609 922 sibi
2634 882 2898 936 querere,
2928 865 3056 920 dum
3096 864 3530 920 Christianorum
3575 868 3822 936 dogmata
3869 881 3915 917 ar

2379 974 2558 1022 sacra,
2607 975 2727 1028 qua:
2774 957 2974 1012 Iudaeis
3004 956 3344 1016 scandalum.
3386 958 3640 1026 gentibus
3672 957 3915 1012 stultitia‘

2379 1069 2556 1118 erant,
2583 1059 2717 1113 risui
2744 1074 2806 1112 ac
2828 1057 3061 1110 ludibrio
3076 1055 3409 1117 eorumdem,
3424 1067 3778 1124 exponerent;
3797 1054 3916 1108 unde

2380 1150 2658 1220 religionis
2696 1149 2921 1204 exitium
2953 1147 3105 1216 sequi
3151 1160 3372 1200 necesse
3398 1155 3537 1199 erat.
3581 1145 3719 1216 Ipsis
3747 1144 3915 1200 deinde

2377 1243 2620 1297 veritatis
2651 1240 3138 1310 propugnatoribus
3167 1238 3371 1298 turbas,
3403 1238 3698 1292 seditiones
3727 1253 3788 1290 ac
3817 1252 3916 1308 per—

2378 1335 2684 1389 secutiones
2700 1333 3048 1402 gravissimas
3068 1331 3374 1386 excitabant
3399 1348 3410 1381 :
3437 1329 3649 1383 scilicet
3666 1338 3724 1382 ut
3743 1331 3828 1383 Dei
3847 1329 3920 1382 Ee-

2377 1428 2540 1480 clesia
2571 1426 2766 1479 horum
2797 1425 3046 1496 prasidio
3083 1425 3300 1482 orbata,
3326 1422 3459 1491 ipsis
3491 1421 3686 1490 praeda
3708 1420 3915 1474 cederet.

2378 1515 2501 1569 llaec
2514 1515 2620 1568 duo
2639 1515 3004 1568 accusationis
3025 1515 3218 1582 capita.
3245 1512 3482 1577 Quorum
3507 1520 3798 1581 utrumque
3818 1511 3918 1580 qui-

2376 1606 2478 1660 bus
2509 1606 2682 1661 tnodis
2702 1604 2912 1660 edicere
2943 1614 3271 1658 conarentur
3299 1603 3508 1666 Ariani,
3531 1617 3657 1655 mox
3685 1603 3916 1656 ostendit.

2377 1697 2659 1752 Posterius
2700 1699 2939 1767 quidem,
2979 1698 3174 1770 inquit,
3220 1695 3513 1749 seditiones
3571 1702 3626 1748 et
3685 1709 3918 1762 persecu-

2377 1793 2555 1846 tiones
2605 1791 2817 1846 scilicet
2852 1791 3122 1855 excitant,
3185 1787 3489 1844 divcxando
3517 1787 3838 1848 catholicos,
3876 1795 3920 1840 et

705 1880 896 1934 scribit
929 1880 1058 1953 ὀρθῇ
1091 1881 1362 1952 προθέσει,
1392 1879 1663 1933 conlidere
1705 1882 1798 1934 ait.
1851 1880 2077 1943 Videtis,
2114 1893 2266 1952 puto,
2302 1878 2343 1931 Β
2376 1881 2496 1935 lites
2523 1880 2715 1935 iisdem
2755 1880 3096 1942 intentando,
3130 1895 3225 1949 per
3271 1877 3722 1932 muliercularum
3752 1878 3919 1931 amici-

703 1973 999 2039 auditores,
1035 1987 1195 2042 quam
1243 1978 1404 2025 caute
1436 1979 1488 2024 et
1522 1972 1769 2040 religiose
1823 1974 1875 2026 in
1919 1975 2266 2042 antiquorum

701 2064 919 2133 scriptis
941 2062 1264 2117 versandum
1301 2063 1391 2124 sit,
1421 2076 1583 2131 quam
1617 2079 1723 2116 non
1751 2074 1953 2118 temere
1975 2068 2266 2135 quidquam

698 2155 1040 2209 mutandum.
1071 2157 1338 2210 Caeterum
1365 2156 1409 2210 si
1443 2155 1564 2224 quis
1585 2153 1830 2208 Graecum
1875 2157 2036 2227 hujus
2066 2160 2268 2228 episto-

697 2246 762 2301 lae
793 2249 1074 2303 exordium
1096 2263 1219 2302 cum
1249 2250 1413 2302 veteri
1448 2247 1730 2317 Epiphanii
1763 2249 2012 2305 versione
2045 2260 2268 2306 conten-

696 2338 810 2401 dat,
845 2340 1002 2410 longe
1027 2339 1294 2393 diversam
1326 2340 1446 2407 ejus
1477 2341 1722 2396 codicem
1756 2343 2079 2395 sententiam
2125 2360 2263 2412 prae-

701 2431 890 2486 tulisse
922 2432 1176 2501 reperiet.

764 2522 843 2575 llli
868 2530 1047 2577 autem
1086 2523 1352 2576 malorum
1395 2523 1697 2585 hominum,
1730 2539 1893 2591 quam
1939 2524 2102 2579 modo
2129 2523 2264 2591 dixi,

695 2613 952 2684 προθέσει
985 2613 1277 2683 respondet
1312 2612 1454 2683 quod
1492 2616 1757 2683 sequitur,
1805 2631 1900 2669 eos
1923 2616 2125 2670 diaboli
2165 2618 2265 2669 im-

695 2702 855 2769 pulsu
886 2703 1049 2756 veluti
1077 2711 1247 2756 (nstro
1286 2704 1520 2771 percitos
1551 2701 1677 2756 l'erri
1713 2707 1792 2767 ei;
1829 2706 1927 2774 τὴν
1973 2708 2266 2776 προκειμέ-

693 2809 792 2862 νην
820 2794 1000 2856 αὐτοῖς
1030 2794 1239 2866 ἡδονήν.
1297 2795 1416 2859 Quo
1445 2812 1567 2851 cum
1603 2807 1812 2852 certum
1842 2808 1895 2854 et
1930 2800 2263 2854 destinatum

695 2887 859 2939 animi
899 2887 1186 2940 consilium
1233 2888 1589 2957 signiﬁcetur,
1641 2893 1844 2944 rectius
1898 2907 1926 2942 a
1965 2894 2130 2944 veteri
2182 2892 2260 2943 in-

694 2983 946 3044 terprete,
979 2979 1301 3044 propositam
1345 2981 1520 3032 animo
1563 2979 1852 3041 libidinem,
1886 2997 2048 3049 quam
2096 2997 2125 3033 a
2161 2981 2265 3036 Ca-

694 3068 951 3130 merario,
983 3067 1183 3122 obviam
1213 3071 1546 3133 voluptatem,
1579 3082 1670 3126 ant
1706 3089 1734 3126 a
1761 3085 1944 3127 nostro
1971 3075 2263 3142 interprete

695 3155 985 3223 Britanno,
1021 3160 1308 3228 uoluptates
1340 3178 1455 3229 qua:
1488 3163 1622 3230 forte
1656 3181 1708 3216 se
1739 3166 1984 3232 offerunt,
2017 3165 2260 3217 converti

694 3252 967 3305 existimo.
1001 3252 1132 3317 Quis
1157 3255 1302 3307 enim
1329 3270 1434 3309 non
1459 3255 1621 3318 videt,
1641 3257 1739 3326 τὴν
1761 3257 2026 3326 τυχοῦσαν
2047 3256 2259 3326 ἡδονὴν,

695 3342 785 3392 καὶ
812 3342 908 3410 τὴν
949 3344 1329 3412 προκειμένην,
1366 3345 1680 3414 longissime
1729 3346 1868 3399 inter
1909 3362 1969 3400 se
2006 3346 2261 3412 dillerre;

693 3449 816 3486 cum
842 3434 931 3486 illa
955 3450 1165 3497 casum,
1193 3435 1304 3488 haec
1329 3438 1620 3489 consilium
1637 3439 2022 3501 etvoluntatis,
2051 3438 2257 3500 utdixi,

692 3527 1031 3596 propositum
1055 3528 1406 3595 coniunctum
1430 3529 1664 3583 habeat?

763 3617 927 3671 Addit
955 3619 1095 3672 hanc
1123 3621 1397 3675 scribendi
1432 3636 1653 3675 causam
1693 3621 1794 3676 sibi
1827 3622 2017 3686 fuisse,
2056 3631 2114 3676 ut
2145 3638 2263 3676 mo-

693 3718 845 3764 neret
874 3718 1101 3767 czrteros
1133 3712 1488 3788 orthodoxos,
1523 3713 1802 3783 improbos
1838 3716 1958 3768 illos
1989 3716 2260 3771 cavendos

692 3817 833 3864 esse,
884 3803 973 3872 Μή
1000 3821 1082 3868 τις
1125 3803 1302 3856 αὐτῶν
1332 3804 1594 3877 τολμήσῃ,
1627 3805 1821 3874 inquit,
1858 3808 1949 3858 καὶ
1979 3810 2098 3870 ταῖς
2129 3809 2262 3877 ὑμεο

693 3894 876 3964 τέραις
911 3895 1224 3964 παροικίαις
1256 3895 1528 3963 ἐπιϐῆναι.
1580 3895 1661 3950 Ne
1689 3899 1803 3965 quis
1838 3909 2036 3951 uestras
2065 3916 2263 3967 quoque

693 3987 988 4053 provincias
1013 3987 1255 4041 invadere
1291 3988 1501 4041 audeat.
1538 3987 1692 4054 Quod
1724 3999 1781 4042 ut
1808 4002 1958 4043 vetus
1978 3999 2030 4046 et
2057 4008 2261 4060 germa-

693 4093 798 4133 nus
833 4071 1146 4134 'l‘lieodoriti
1193 4083 1458 4150 interpres
1508 4093 1650 4136 recte
1698 4091 1750 4136 et
1796 4084 2111 4152 simpliciter
2140 4101 2263 4138 ver-

693 4179 848 4239 tunt,
895 4173 968 4225 ita
999 4172 1204 4243 Anglus
1249 4182 1434 4227 noster
1474 4189 1604 4228 sane
1634 4190 1831 4245 magno
1862 4185 1914 4230 et
1951 4179 2261 4245 importuno

691 4265 984 4320 verborum
1027 4268 1254 4332 ambitu,
1287 4271 1482 4322 erroris
1517 4269 1600 4320 sui
1629 4270 1843 4337 uestigia
1878 4267 2124 4322 Ecclesiir
2161 4271 2262 4321 im-

690 4360 913 4426 primere
947 4359 1144 4414 reddit.
1176 4359 1306 4426 Quae
1334 4376 1397 4416 eo
1425 4376 1455 4414 a
1484 4377 1567 4414 me
1612 4359 1888 4423 dicunlur,
1919 4362 2062 4430 quod
2107 4361 2260 4416 fucos

691 4457 746 4503 et
778 4450 1032 4520 phaleras
1071 4451 1232 4520 longe
1274 4467 1302 4503 a
1332 4461 1481 4506 casta
1525 4460 1836 4506 sanctorum
1870 4451 2093 4506 Patrum
2137 4468 2261 4505 ora-

2372 1975 2502 2026 tiam
2535 1983 2589 2026 et
2621 1975 2998 2042 prensationes
3031 1991 3042 2024 :
3087 1972 3563 2027 Christianismum
3599 1985 3731 2024 vero
3757 1969 3919 2022 tradu-

2371 2073 2578 2126 (et‘cnt,
2629 2065 2757 2117 dum
2805 2066 3045 2133 ipsorum
3075 2065 3377 2131 juvenculae
3423 2063 3590 2116 libere
3633 2063 3754 2115 sine
3781 2060 3920 2114 modo

2370 2170 2424 2212 et
2475 2157 2762 2218 modestia,
2807 2158 3140 2228 vagabnnda:
3190 2172 3287 2225 per
3331 2158 3582 2210 civitates
3632 2156 3916 2209 oberrant:

2371 2266 2602 2320 quorum
2652 2258 2944 2318 utrumque
2976 2258 3059 2304 est
3097 2257 3287 2303 contra
3316 2248 3562 2317 Apostoli
3603 2247 3918 2306 doctrinam,

2368 2345 2460 2413 qui
2497 2342 2663 2411 priori
2691 2340 2760 2394 ad
2794 2339 3137 2395 Timotheum
3174 2358 3226 2404 ν,
3263 2341 3329 2392 l9
3355 2379 3368 2400 ,
3422 2338 3616 2392 viduas
3657 2337 3919 2407 sexaginta

2369 2449 2634 2488 annorum
2675 2432 2974 2501 eligendas,
3010 2431 3464 2485 adolescentiorcs
3493 2436 3678 2483 autem
3715 2430 3824 2483 sive
3846 2429 3920 2496 ju-

2368 2527 2626 2581 venculas
2656 2523 2978 2579 devitandas
3026 2522 3287 2593 praecipit.
3335 2519 3473 2573 Tum
3499 2535 3633 2573 vero
3666 2534 3810 2573 vers.
3839 2519 3921 2571 de-

2368 2621 2512 2674 cimo
2537 2620 2698 2674 tertio
2732 2617 2979 2688 ejusdem
3012 2617 3206 2685 capitis
3256 2621 3459 2676 monet,
3509 2627 3580 2666 ne
3619 2612 3812 2666 otiosae
3849 2610 3920 2663 di-

2367 2720 2494 2764 cant
2533 2711 2767 2765 circuire
2800 2711 3011 2771 domos,
3044 2710 3287 2762 verbosa:
3322 2715 3376 2760 et
3413 2707 3666 2766 curiosa,
3699 2713 3808 2759 etc.
3830 2701 3922 2755 Ne-

2367 2820 2471 2872 que
2495 2806 2638 2858 euim
2660 2803 2886 2856 dubium
2922 2803 3051 2855 illud
3103 2808 3205 2863 est,
3239 2801 3367 2868 quin
3403 2815 3471 2853 ex
3509 2799 3661 2852 hisce
3691 2793 3923 2866 Apostoli

2368 2898 2548 2949 verbis
2581 2904 2726 2949 totus
2753 2895 2840 2948 hic
2874 2895 3025 2947 locus
3047 2892 3428 2961 intelligendus
3463 2890 3532 2944 sit
3571 2898 3737 2958 atque
3761 2887 3923 2956 expli-

2367 2988 2592 3040 candus.
2629 2986 2684 3039 ln
2714 2987 2873 3054 cujus
2891 2982 3418 3052 sensuexprimendo
3449 2982 3720 3050 interpres
3751 2986 3925 3033 noster

2367 3083 2502 3135 inire
2543 3096 2771 3135 securus
2811 3089 2915 3142 est,
2966 3079 3229 3133 divellens
3281 3087 3334 3131 et
3366 3075 3710 3131 confundens
3755 3072 3925 3128 omnia

2367 3186 2465 3238 pro
2497 3171 2669 3223 libito.
2706 3168 2859 3223 Unde
2891 3185 2987 3238 pro
3023 3183 3128 3221 una
3177 3170 3430 3221 continua
3480 3165 3779 3220 Alexandri
3812 3179 3926 3218 sen-

2366 3261 2551 3319 tentia,
2576 3275 2756 3314 meras
2794 3259 2952 3313 nobis
2986 3273 3181 3327 scopas
3217 3257 3508 3312 dissolutas
3541 3254 3783 3318 exhibet,
3815 3267 3925 3323 qua

2366 3353 2577 3421 singula
2609 3353 2860 3421 prosequi
2913 3352 3191 3405 ttediosuin
3246 3348 3406 3403 foret.
3444 3346 3501 3400 ld
3541 3349 3734 3410 miror,
3763 3354 3817 3402 et
3848 3359 3929 3400 ιἐι

2365 3451 2530 3497 torem
2565 3451 2617 3498 et
2647 3459 2842 3497 novum
2873 3443 3240 3512 interpretem,
3277 3442 3493 3495 inverso
3535 3443 3701 3496 unius
3731 3439 3926 3496 Graec

2363 3537 2515 3588 vocis
2541 3535 2760 3604 spiritu,
2781 3543 3040 3605 tanquam
3074 3534 3465 3589 vehementiori
3498 3533 3738 3603 procella
3781 3534 3931 3587 abre-

2363 3635 2506 3695 ptos,
2531 3627 2583 3679 in
2626 3628 2910 3696 scopulum
2936 3626 3242 3696 impegisse.
3260 3623 3550 3677 Alexandri
3579 3625 3747 3677 verba
3769 3630 3929 3680 sunt:

2364 3719 2473 3787 Τὴν
2496 3718 2623 3785 γοῦν
2661 3719 2923 3788 Ἐλλήνων
2950 3736 3008 3770 τε
3034 3719 3125 3770 καὶ
3171 3716 3434 3769 Ἰουδαίων
3460 3715 3629 3785 ἀσεϐῆ
3656 3716 3784 3786 περὶ
3807 3716 3935 3785 Χριο

2366 3809 2490 3861 στοῦ
2519 3811 2673 3876 δόξαν
2709 3810 3075 3881 κρατύναντες
3099 3852 3113 3872 ,
3138 3810 3228 3861 τὸν
3259 3808 3388 3877 ’πα-ρ’
3419 3807 3594 3859 αὐτῶν
3617 3807 3842 3860 ἔπαινον
3865 3808 3932 3868 ὼς

2364 3905 2440 3956 ἔνι
2478 3903 2710 3973 μάλιστα
2739 3901 3032 3972 θηρῶνται.
3087 3899 3185 3954 Ubi
3241 3909 3430 3952 neuter
3471 3897 3771 3966 perspexit,
3808 3898 3932 3967 παρ’

2365 3996 2542 4049 ἀυτῶν
2574 3995 2676 4048 leni
2703 3993 2895 4063 spiritu
2928 3989 3250 4061 legendum;
3287 3994 3340 4040 et
3372 4002 3479 4039 non
3507 3988 3656 4055 ipsos
3679 3987 3933 4047 Arianos,

2365 4089 2458 4142 sed
2491 4085 2708 4140 Graecos
2740 4092 2792 4138 et
2819 4083 3036 4138 Judzeos
3094 4080 3340 4149 intelligi,
3387 4077 3530 4145 apud
3580 4093 3720 4147 quos
3774 4077 3934 4132 Chri-

2365 4189 2508 4233 stum
2542 4179 2813 4232 commnni
2861 4191 3024 4247 opera
3053 4173 3434 4243 oppugnando,
3471 4173 3685 4226 laudem
3719 4173 3927 4226 studio-

2366 4269 2582 4322 sissime
2613 4267 2904 4336 captabant
2935 4265 3139 4317 Ariani.
3163 4262 3317 4328 Quod
3345 4269 3524 4315 tamen
3550 4263 3925 4317 Camerarium

2365 4359 2714 4423 Theodoreti,
2752 4367 2804 4413 et
2837 4359 3080 4427 Languin
3120 4355 3407 4424 Nicepliori
3434 4359 3788 4423 interpretem
3825 4369 3929 4406 non

2369 4452 2524 4521 fugit.
2562 4452 2821 4513 Quamvis
2869 4449 3010 4519 apud
3078 4449 3220 4500 hunc
3272 4462 3377 4500 non
3407 4446 3535 4516 παρ’
3587 4446 3786 4505 αὐτῶν,
3843 4445 3931 4500 sed

689 4541 837 4596 tione
858 4543 1136 4596 amandari
1160 4543 1318 4596 velim
1345 4536 1362 4596 ε’
1385 4560 1602 4613 easque.
1634 4553 1692 4598 ut
1718 4545 1818 4614 ipsi
1841 4546 2081 4600 studiose
2105 4560 2263 4599 eave-
2297 4567 2338 4620 ο
2369 4547 2498 4615 παρ’
2523 4545 2703 4606 αὐτοῖς
2729 4545 2958 4613 legatur.
2987 4543 3249 4596 Caeterum
3277 4551 3334 4594 ut
3363 4540 3559 4608 reliqui
3593 4555 3780 4593 omnes
3826 4539 3932 4592 lia:-

692 4643 840 4693 runt.
876 4636 945 4687 ita
976 4651 1075 4689 nec
1103 4636 1156 4688 in
1183 4636 1462 4690 versiones
1487 4653 1674 4691 eorum
1699 4639 1864 4691 menti
1895 4638 2260 4707 exprimendae

695 4726 1059 4782 admittendas
1083 4743 1300 4783 censeo.
1332 4726 1410 4782 lta
1441 4730 1542 4782 sub
1567 4730 1832 4799 principio
1872 4746 1993 4799 pag.
2025 4747 2138 4801 seq.
2171 4747 2262 4785 ve-

692 4827 782 4878 tus
810 4820 1100 4890 interpres,
1148 4821 1246 4891 τὴν
1279 4823 1542 4893 σωτήριον
1566 4824 1798 4892 Χριστοῦ
1831 4824 2140 4893 οἰκονομίαν
2171 4826 2262 4876 καὶ

689 4912 758 4965 δι’
793 4915 942 4982 ἡμᾶς
986 4913 1342 4982 ταπείνωσινξ,
1389 4915 1675 4968 salutarem
1719 4916 2157 4982 dispensationem
2213 4925 2260 4969 ct

691 5004 1039 5056 humilitatem
1072 5018 1166 5070 pro
1213 5003 1361 5057 nobis
1395 5016 1708 5072 susceptam,
1745 5007 1924 5068 vertit,
1960 5017 2018 5060 ut
2068 5007 2260 5075 reliqui

693 5095 898 5149 Latina:
934 5094 1192 5151 Ecclesiae
1230 5095 1442 5160 Patres,
1482 5106 1536 5149 et
1569 5099 1817 5168 vulgatus
1845 5099 2141 5159 Bibliorum
2177 5103 2260 5153 in-

690 5193 902 5255 terpres
938 5188 1086 5258 loqui
1115 5199 1329 5255 amant;
1372 5190 1463 5243 ubi
1514 5200 1697 5244 noster
1727 5195 2062 5246 wconomiant
2090 5203 2136 5245 et
2180 5194 2264 5245 ab-

691 5278 985 5341 iectionem,
1031 5281 1213 5348 potius
1259 5296 1423 5351 quam
1452 5282 1866 5338 humiliationem
1901 5286 2166 5355 probavit.

762 5367 1019 5439 Sequitur
1048 5372 1244 5428 deinde
1276 5375 1429 5430 locus
1479 5390 1611 5430 sane
1659 5376 1907 5447 insignis,
1943 5393 2054 5448 quo
2101 5379 2259 5432 Alex-

689 5467 862 5522 ander
905 5470 1122 5538 egregie
1171 5471 1430 5526 describit
1490 5473 1659 5527 malas
1708 5474 2034 5528 Arianorum
2091 5487 2257 5537 artes,

688 5559 890 5628 quibus
934 5559 1215 5616 veritatem
1262 5563 1488 5637 ejusque
1538 5554 1875 5630 defensores,
1914 5583 2018 5637 qua
2070 5578 2256 5636 aperta

689 5651 762 5716 vl,
788 5665 892 5722 qua
927 5651 1119 5708 fraude
1147 5657 1382 5724 occulta,
1414 5675 1508 5730 per
1534 5660 1820 5716 cuniculos
1849 5661 2252 5730 oppugnabant.

757 5813 772 5844 ³
808 5812 826 5868 ι
861 5809 983 5864 Cor.
1013 5828 1054 5876 ι,
1097 5810 1189 5869 23.

2366 4640 2538 4700 retici,
2583 4639 2656 4692 ita
2688 4637 2851 4692 Arius
2882 4651 3096 4706 quoque
3152 4633 3395 4704 parentis
3423 4635 3507 4687 sui
3540 4633 3739 4686 diaboli
3777 4633 3927 4703 inge-

2370 4734 2516 4784 nium
2547 4740 2799 4799 artesque
2822 4731 3086 4791 imitatus,
3111 4729 3232 4780 licta
3265 4725 3481 4794 pietatis
3509 4726 3688 4794 specie
3714 4727 3935 4794 sequio-

2368 4827 2444 4878 ris
2468 4840 2630 4879 sexus
2655 4823 2990 4892 simplicitati
3017 4822 3206 4875 illusit.
3232 4819 3477 4886 Cumque
3499 4817 3772 4871 Christum
3793 4819 3940 4872 divi-

2369 4916 2557 4969 nitatis
2586 4915 2756 4983 gloria
2781 4915 3087 4982 spoliasset,
3131 4910 3533 4965 sanctissimum
3561 4924 3778 4980 quoque
3810 4910 3932 4978 ejus

2371 5008 2638 5076 peculium
2682 5007 2935 5060 invadere
2993 5019 3056 5056 ac
3092 5005 3439 5056 intervenere
3498 5015 3606 5054 non
3639 5001 3928 5055 dubitavit.

2369 5103 2470 5166 Qui
2500 5101 2866 5171 septingentas
2885 5098 3120 5166 virgines
3143 5095 3360 5148 Christo
3380 5104 3726 5150 consecratas
3753 5095 3936 5164 primo

2369 5195 2609 5248 omnium
2645 5195 2698 5246 in
2735 5207 2863 5246 suas
2911 5197 3094 5258 partes
3123 5188 3420 5257 pertraxit,
3449 5203 3572 5243 cum
3597 5188 3814 5242 interim
3844 5188 3934 5239 vix

2367 5296 2569 5356 septem
2598 5284 2941 5356 presbyteros
2965 5291 3018 5336 et
3040 5281 3299 5336 diaconos
3347 5279 3636 5335 duodecim
3663 5279 3768 5332 sibi
3789 5292 3935 5332 con-

2364 5381 2621 5435 ciliasset.
2670 5376 2746 5430 Ita
2801 5375 3029 5436 scilicet,
3068 5372 3337 5425 εὐόλισθον
3381 5373 3472 5425 καὶ
3517 5369 3783 5441 σφαλερὸν
3843 5370 3936 5422 καὶ

2364 5470 2757 5541 εὐπαράγωγον
2813 5465 2874 5518 τό
2923 5465 3030 5518 τῶν
3081 5464 3348 5532 γυναικῶν
3394 5463 3564 5532 γένος.
3629 5460 3734 5517 Sed
3804 5475 3933 5514 cum

2365 5562 2672 5618 Alexander
2709 5560 2812 5615 hoc
2845 5560 2968 5613 loco
2995 5557 3279 5613 mulierum
3315 5571 3476 5626 opera
3509 5553 3810 5610 Ecclesiam
3867 5552 3935 5605 ali

2367 5656 2496 5710 Ario
2522 5655 2723 5710 scribat
2745 5658 3125 5721 oppugnatam,
3161 5648 3486 5706 dubitaverit
3512 5649 3638 5719 quis
3675 5643 3826 5701 haud
3851 5644 3933 5698 in-
