4036 6320
195 327 309 389 £33

1649 313 1948 373 NOTITIA.

3335 309 3434 368 53¢

191 447 366 518 juria,
405 459 536 501 num
595 442 851 502 seductas
882 438 1004 496 illas
1061 446 1115 495 et
1149 436 1335 493 fatuas
1392 436 1650 506 virgines,
1699 452 1767 490 an
1798 443 1842 497 Α
1870 451 2022 507 aeque
2041 435 2355 498 obscurum,
2408 435 2633 504 parique
2682 427 3113 518 investigatione;
3156 429 3428 518 inquiren-

195 538 353 593 aliud
383 539 562 608 potius
616 535 939 590 feminarum
974 547 1145 602 genus
1176 532 1260 584 vir
1313 535 1538 584 sanctus
1568 529 1772 582 intelli-

199 640 351 699 gat:
399 643 532 698 quas
587 627 808 697 quidem
847 626 962 695 ipse
1019 623 1357 688 mulierculas
1410 621 1669 690 impums,
1724 622 1770 675 si

192 721 382 792 Anglo
409 719 692 790 interpreti
720 718 992 773 credimus
1017 756 1033 780 ,
1065 725 1120 770 et
1167 713 1394 769 tenellas
1454 712 1772 766 meretricu-

193 813 286 869 las
335 819 535 868 vocat:
581 810 676 865 sed
711 825 899 865 vereor
931 809 1190 880 profecto,
1230 820 1298 858 ne
1336 803 1425 858 ille
1481 800 1771 857 Alexandri

196 911 448 959 mentem
477 917 540 956 ac
583 902 750 956 verba
798 901 963 955 nimis
1022 898 1377 953 inclementer
1419 893 1767 962 expresserit.

192 993 352 1061 Quas
395 993 541 1048 enim
591 995 822 1062 impurus
856 992 945 1046 ille
979 990 1162 1053 vertit,
1217 985 1544 1057 γυναικάρια
1564 986 1771 1040 ἄτακτα

192 1084 514 1139 Alexander
565 1100 694 1140 voce
732 1099 761 1137 a
796 1083 858 1138 Ι).
893 1082 1063 1136 Paulo
1105 1085 1354 1134 mutuata
1401 1077 1653 1147 appellat.
1695 1075 1770 1129 lta

193 1175 352 1230 enim
397 1175 687 1246 Apostolus
733 1171 801 1227 II
831 1170 1069 1226 Tltessal.
1123 1184 1207 1233 in,
1243 1168 1298 1232 6,
1356 1175 1537 1222 monet
1583 1175 1642 1220 ut
1672 1184 1771 1222 nos

194 1267 592 1324 subtrahamus
618 1265 725 1321 ἀπὸ
771 1264 969 1326 παντὸς
995 1261 1222 1331 ἀδελφοῦ
1268 1260 1515 1323 ἀτάκτως
1545 1277 1773 1330 περιπα-

189 1357 444 1423 τούντος,
477 1358 541 1412 ab
590 1358 731 1412 omni
762 1357 929 1426 fratre
967 1355 1264 1408 inordinate
1312 1352 1633 1405 ambulante.
1670 1349 1771 1403 Ubi

188 1452 420 1523 egregie
461 1451 782 1506 scholiastes
808 1446 1030 1502 Graecus
1062 1466 1074 1500 :
1113 1445 1378 1507 Ἀτακτός
1409 1447 1556 1496 ἐστιν
1587 1445 1614 1493 ὁ
1652 1440 1771 1510 δίχα

190 1542 412 1608 «iis»:
458 1542 682 1597 καὶτῶν
726 1539 821 1593 τοῦ
876 1537 1011 1590 Θεοῦ
1041 1538 1220 1607 νόμων
1248 1534 1584 1606 περιπατῶν.
1618 1532 1773 1598 Quod

190 1634 456 1704 equidem
497 1635 578 1688 sic
607 1631 1016 1701 explicaveriin,
1078 1627 1311 1681 ἄτακτον
1356 1627 1471 1681 sive
1504 1623 1774 1677 inordina-

193 1735 310 1781 tum
343 1728 477 1790 dici,
509 1727 601 1797 qui
649 1741 762 1780 sua:
814 1723 1120 1778 vocationis
1169 1722 1416 1777 ordinem
1460 1721 1712 1790 legesque
1742 1734 1770 1770 a

193 1816 310 1873 Deo
341 1818 655 1887 propositas
677 1830 784 1869 non
833 1815 1090 1868 observat
1128 1831 1140 1865 :
1174 1815 1263 1866 cui
1321 1812 1520 1882 impuri
1574 1825 1771 1865 nomen

189 1907 419 1977 proprie
465 1907 812 1962 tribuendum
874 1905 1017 1960 haud
1059 1914 1213 1976 puto.
1256 1903 1606 1958 Mulierculas
1643 1919 1772 1958 vero

188 1997 446 2067 impuras
481 2015 661 2065 nemo,
693 1998 876 2061 credo,
916 1999 1206 2068 intelliget,
1242 1997 1345 2051 nisi
1378 2012 1498 2066 quae
1528 1996 1774 2065 volupta-

189 2095 314 2144 tum
343 2104 411 2143 ac
447 2089 735 2145 libidinum
763 2103 921 2144 caeno
953 2089 1242 2152 immersae,
1279 2087 1477 2142 [tedam
1527 2088 1772 2157 corporis

189 2181 282 2235 cui
315 2181 529 2251 copiam
587 2181 710 2235 aliis
780 2179 1007 2236 faciunt.
1040 2180 1177 2235 illud
1226 2195 1356 2234 vero
1408 2178 1628 2250 gravius
1665 2186 1770 2240 est,

194 2287 341 2343 quas
379 2272 686 2328 Alexander
717 2273 839 2327 loco
879 2275 1130 2343 superius
1161 2289 1190 2327 a
1219 2273 1376 2328 nobis
1425 2273 1606 2337 allato,
1643 2271 1774 2326 sim-

193 2365 419 2434 pliciter
446 2364 713 2435 νεωτέρας
741 2372 919 2429 vocat,
957 2364 1172 2418 tenellas
1203 2363 1563 2416 meretriculas
1617 2360 1770 2415 verti.

192 2455 360 2522 Quod
390 2453 620 2510 Romani
648 2457 887 2511 editores
936 2457 1040 2510 hoc
1090 2457 1211 2511 loco
1257 2456 1669 2524 interpolantes,
1700 2462 1772 2507 te-

194 2547 372 2602 nellas
390 2547 698 2617 juvenculas
721 2548 1126 2603 substituerunt
1161 2565 1173 2599 :
1208 2548 1532 2602 clementius
1554 2544 1772 2612 quidem

195 2638 362 2704 illud,
397 2641 490 2695 sed
521 2640 708 2696 nescio
739 2649 920 2696 tamen
955 2655 1022 2696 an
1054 2641 1188 2696 satis
1219 2641 1286 2694 ad
1313 2639 1604 2694 Alexandri
1623 2653 1772 2691 men-

197 2737 336 2785 tem.
373 2727 546 2797 Quam
602 2737 662 2784 ut
708 2730 924 2800 planius
977 2733 1300 2802 pleniusque
1355 2732 1770 2801 perspiciamus,

193 2820 486 2890 copiosius
518 2822 764 2876 nonnihil
797 2822 1153 2878 diﬂ‘erendum
1187 2825 1292 2878 erit
1346 2823 1412 2878 de
1451 2823 1772 2877 mulieribus

197 2906 316 2965 illis
369 2925 492 2979 quae
512 2911 740 2981 gradum
793 2922 887 2967 aut
908 2915 1154 2968 ordinem
1204 2921 1299 2967 aut
1332 2910 1619 2968 ministerii
1665 2913 1774 2968 olli-

197 2999 351 3055 cium
379 3002 435 3056 in
465 3000 705 3059 Ecclesia
736 3004 865 3059 olim
914 3005 1266 3060 obtinuerunt
1299 3021 1308 3054 :
1353 3019 1582 3074 quarum
1615 3006 1772 3075 origi-

195 3107 326 3147 nem
356 3108 426 3149 ex
453 3095 628 3151 sacris
683 3096 880 3152 litteris
908 3113 1017 3152 una
1058 3097 1355 3167 eademque
1377 3113 1538 3166 opera
1600 3097 1769 3152 dedu-
1795 3140 1837 3194 ε

193 3192 348 3239 ctam
375 3186 788 3255 explicabimus.
841 3186 908 3241 Et
955 3189 1089 3242 mihi
1134 3188 1352 3258 quidem
1400 3196 1547 3242 recte
1575 3190 1768 3242 adtria

195 3290 403 3347 genera
451 3277 696 3331 revocari
735 3277 1010 3333 videntur.
1067 3277 1308 3344 Quorum
1353 3278 1613 3348 dignitate
1658 3281 1770 3348 pri-

196 3381 350 3421 mum
383 3375 469 3423 est
493 3369 760 3439 virginum
789 3369 1118 3433 institutum,
1173 3384 1283 3423 non
1333 3369 1448 3422 heri
1484 3377 1577 3422 aut
1610 3370 1770 3425 hodie

195 3457 596 3525 introductum,
647 3471 708 3514 ut
752 3460 990 3515 heretici
1050 3461 1222 3515 nostri
1278 3462 1540 3532 temporis
1594 3463 1770 3532 impu-

193 3549 409 3606 denter.
449 3551 612 3607 simul
660 3561 715 3608 et
750 3553 996 3623 imperite
1024 3552 1329 3607 allirmant:
1359 3554 1454 3609 sed
1504 3568 1610 3610 una
1646 3569 1767 3608 cum

197 3645 447 3702 Ecclesia
475 3653 684 3710 natum,
727 3646 995 3701 autetiam
1028 3644 1268 3700 Ecclesia
1303 3645 1422 3715 ipsa
1454 3645 1766 3714 antiquius:

195 3737 402 3808 quippe
422 3736 583 3805 cujus
610 3737 852 3807 exempla
877 3744 969 3790 aut
993 3735 1252 3806 praeludia
1283 3734 1338 3789 in
1362 3736 1530 3792 veteri
1556 3751 1772 3805 quoque

199 3827 410 3884 fodere
456 3827 827 3899 agnoscimus.
889 3826 1148 3894 Quamvis
1206 3826 1376 3880 multo
1437 3825 1772 3894 splendidior

193 3921 320 3991 ejus
352 3922 527 3991 gloria
558 3923 613 3976 in
641 3935 783 3976 novo
835 3920 1111 3976 refulserit
1138 3939 1150 3973 :
1186 3920 1276 3972 ubi
1311 3917 1551 3988 Virginis
1579 3918 1768 3982 Filius,

200 4011 463 4068 Ecclesia:
513 4019 676 4066 casta:
712 4011 939 4083 virginis
983 4025 1253 4081 sponsus,
1302 4010 1670 4080 virginitatem
1719 4021 1772 4066 et

198 4105 452 4160 doctrina
475 4114 529 4160 et
549 4106 798 4175 exemplo
844 4120 944 4159 suo
990 4105 1280 4176 gloriosius
1313 4105 1654 4158 consecravit
1681 4120 1693 4156 :
1719 4114 1772 4159 et

197 4195 497 4267 Apostolus
530 4196 654 4266 περὶ
692 4198 975 4266 ξσαγγὲλου
999 4196 1277 4259 ’πολιτείας
1299 4212 1457 4252 suum
1481 4197 1769 4252 consilium

199 4289 414 4360 prolixe
439 4286 740 4342 Corinthiis
775 4288 830 4340 in
867 4285 1168 4356 lEptstola,
1200 4300 1323 4355 cap.
1368 4301 1467 4349 vn,
1498 4286 1767 4354 exposuit.

205 4378 594 4450 Virginitatem
621 4378 818 4433 deinde
861 4378 1108 4448 sequitur
1156 4377 1431 4439 viduatus,
1467 4384 1524 4429 ut
1557 4376 1771 4431 Tertul-

1872 529 2000 582 dum
2031 527 2263 582 videtur.
2290 524 2352 579 D.
2380 522 2740 595 Hieronymus
2779 519 3010 592 epistola
3051 516 3120 572 ad
3159 516 3437 572 Salvinam

1873 615 1950 671 De
1977 617 2230 670 viduitate
2249 613 2528 680 servanda,
2576 614 2722 667 hunc
2762 608 3008 680 Apostoli
3055 608 3238 664 locum
3267 607 3441 677 expli-

1872 721 2027 768 cans,
2059 706 2126 759 de
2155 705 2384 774 collegio
2407 705 2511 768 vel,
2552 713 2612 757 ut
2668 716 2812 757 nunc
2853 700 3149 768 loquimur,
3200 697 3442 767 hospitio

1871 795 2156 850 viduarum
2187 795 2408 864 accipit,
2442 808 2562 864 quae
2592 793 2819 862 publicis
2847 793 3101 850 Ecclesiae
3130 788 3444 859 sumptibus

1873 889 2153 943 alebantur
2192 885 2387 950 :Illas,
2418 887 2614 956 inquit,
2663 885 2771 938 vult
2825 885 3071 940 Ecclesia:
3111 882 3296 952 opibus
3320 895 3445 934 sus-

1874 978 2086 1040 tentari,
2131 994 2248 1048 qua
2280 979 2506 1045 propriis
2538 976 2778 1030 manibus
2811 992 2914 1029 non
2939 984 3129 1045 queunt
3148 972 3392 1028 laborare
3421 985 3440 1024 :

1872 1085 1986 1138 qua:
2008 1085 2120 1122 vere
2167 1069 2342 1123 vidua:
2370 1079 2511 1132 sunt,
2544 1086 2673 1139 quas
2703 1079 2751 1123 et
2788 1078 2919 1123 (etas
2971 1068 3155 1136 probat
3199 1075 3250 1122 et
3307 1067 3436 1120 vita.

1875 1159 1981 1216 Sed
2013 1177 2202 1216 vereor
2225 1169 2285 1214 ut
2323 1162 2569 1231 Apostoli
2628 1176 2783 1217 mens
2834 1163 2898 1216 ad
2931 1163 3099 1218 solam
3133 1162 3275 1216 hanc
3305 1176 3441 1232 pau-

1873 1269 2061 1324 perum
2117 1261 2171 1308 et
2201 1261 2359 1308 etate
2413 1254 2783 1310 confectarum
2835 1254 3120 1309 viduarum
3158 1262 3440 1309 sustenta-

1873 1348 2074 1402 tionem
2126 1349 2382 1418 restringi
2410 1352 2600 1419 possit.
2647 1349 2781 1404 Nam
2817 1350 3124 1404 ministerio
3161 1330 3441 1404 ‘Ecclesite

1873 1441 2167 1497 virtutibus
2188 1449 2241 1496 et
2263 1450 2422 1497 aetate
2454 1445 2705 1511 probatas
2753 1443 2877 1513 eligi
2914 1441 3224 1512 praeﬁcique
3251 1442 3440 1496 solitas

1873 1533 1957 1587 vel
1979 1533 2112 1586 illud
2139 1541 2458 1604 argumento
2492 1542 2596 1598 est,
2623 1535 2766 1604 quod
2811 1522 3002 1589 viduas
3054 1535 3175 1588 illas
3205 1534 3437 1602 primum

1873 1625 2083 1680 discere
2107 1626 2262 1695 jubet
2293 1627 2604 1696 Apostolus,
2643 1626 2736 1696 qui
2759 1627 3031 1696 propriam
3060 1626 3282 1680 domum
3303 1624 3441 1678 bene

1873 1727 2062 1788 regant
2096 1739 2107 1772 :
2139 1719 2573 1774 Μανθανέτωσαν
2626 1720 2859 1792 πρῶτον,
2903 1720 3078 1789 inquit
3117 1759 3130 1781 ,
3172 1717 3262 1770 τὸν
3314 1717 3442 1770 ἴδιον

1875 1807 2020 1864 οἷκον
2053 1812 2313 1867 εὐσεϐεῖν.
2351 1812 2590 1867 Similem
2626 1814 2769 1868 enim
2807 1814 3003 1882 publici
3037 1813 3280 1868 muneris
3316 1810 3444 1881 πρό-

1877 1920 2070 1975 πειραν
2098 1904 2152 1957 in
2174 1905 2432 1974 episcopo
2465 1906 2623 1975 paulo
2653 1915 2776 1959 ante
2804 1905 2979 1960 eidem
3017 1903 3301 1958 Timotheo
3331 1909 3444 1955 tra-

1875 1996 1974 2057 dit,
2008 2001 2208 2050 rectam
2243 1996 2452 2050 scilicet
2481 1995 2703 2065 privatre
2724 1996 2940 2049 familiae
2968 1995 3416 2066 gubernationem

1877 2087 1982 2144 Sed
2005 2089 2135 2158 quid
2171 2090 2493 2143 circuitione
2518 2103 2656 2157 opus
2685 2097 2790 2152 est,
2826 2103 2952 2141 cum
2995 2099 3047 2143 et
3066 2089 3276 2157 privata
3311 2101 3442 2139 san-

1876 2192 2086 2237 ctorum
2115 2181 2357 2246 Patrum,
2392 2193 2444 2237 et
2474 2183 2687 2251 publica
2717 2181 3074 2237 conciliorum
3118 2180 3443 2235 auctoritate

1874 2271 2279 2344 ἀναντιρῤήτως
2304 2274 2587 2326 evincatur
2632 2273 2822 2327 viduas
2849 2273 2937 2326 hic
2959 2273 3026 2325 ah
3072 2271 3332 2341 Apostolo
3358 2271 3441 2323 in-

1873 2364 2042 2436 telligi
2104 2365 2360 2420 mulieres
2413 2364 2535 2419 illas
2598 2379 2733 2433 quas
2789 2380 2818 2416 a
2867 2363 3211 2417 ministrandi
3266 2362 3443 2418 oilicio

1874 2457 2047 2512 Graeci
2087 2457 2386 2521 διακόνους,
2448 2455 2625 2508 Latini
2687 2456 2848 2508 etiam
2905 2457 3216 2521 ministras,
3281 2463 3338 2507 ut
3373 2470 3442 2509 ex

1874 2548 2034 2603 Plinii
2056 2546 2300 2604 Junioris
2339 2547 2541 2603 celebri
2588 2548 2677 2601 illa
2713 2548 2778 2602 de
2830 2545 3153 2601 Christianis
3209 2545 3440 2616 epistola

1873 2647 2105 2702 constat,
2137 2647 2192 2695 et
2213 2639 2552 2694 diaconissas
2579 2640 2954 2709 appellarunt?
2983 2638 3056 2692 De
3085 2639 3282 2707 quibus
3306 2638 3445 2708 Apo-

1875 2734 2046 2788 stolus
2067 2733 2310 2787 disertim
2342 2739 2484 2797 ante,
2527 2732 2618 2786 sed
2649 2731 2836 2800 paucis
2884 2731 3204 2786 meminerat
3231 2746 3350 2800 cap.
3383 2747 3441 2784 Ill

1873 2823 2113 2893 ejusdem
2141 2822 2412 2893 Epistolaa.
2449 2822 2582 2876 Nam
2630 2823 2720 2877 ubi
2755 2824 2819 2878 de
2872 2822 3116 2877 diaconis
3147 2823 3444 2892 probaudis

1874 2915 2344 2984 suscipiendisque
2366 2917 2496 2985 agit,
2549 2915 2823 2984 subjungit
2865 2923 2956 2967 aut
2988 2913 3304 2985 interjungit
3353 2927 3444 2982 po-

1871 3010 2000 3072 tius,
2024 3009 2293 3070 Γυναῖκας
2311 3007 2569 3070 ὡσαύτως
2593 3007 2814 3077 σεμνάς,
2847 3015 2976 3066 etc.,
2997 3006 3236 3058 mulieres
3259 3004 3444 3058 simili-

1875 3114 1952 3157 ter
1975 3102 2338 3171 pudicas,etc.;
2358 3102 2643 3163 Γυναῖκας,
2665 3099 2839 3168 inquit
2856 3098 3077 3153 Graecus
3093 3097 3437 3161 scholiastes,

1872 3198 1932 3248 οὐ
1961 3197 2057 3259 τὰς
2077 3197 2415 3266 οἱασδήποτε,
2444 3195 2575 3247 ἀλλὰ
2593 3195 2689 3258 τὰς
2722 3195 3016 3256 διακόνους·
3041 3191 3161 3246 Non
3188 3209 3444 3263 quascun-

1872 3299 1988 3350 que,
2020 3283 2219 3351 inquit,
2248 3283 2489 3336 mulieres
2521 3283 2788 3352 intelligit,
2831 3282 2920 3335 sed
2950 3282 3299 3340 diaconissas.
3332 3280 3443 3335 Cur

1853 3371 2017 3423 renim
2038 3371 2180 3425 inter
2203 3372 2433 3426 clericos
2465 3373 2779 3439 quarumvis
2835 3373 2902 3426 de
2943 3372 3102 3441 vulgo
3149 3372 3439 3425 mulierum

1871 3463 2197 3518 mentionem
2226 3464 2515 3533 injiceret?
2547 3461 2730 3531 Neque
2779 3463 2936 3516 aliter
2970 3461 3032 3516 D.
3079 3462 3439 3533 Hieronymus

1873 3556 1928 3608 in
1955 3555 2260 3612 Comment.
2317 3556 2382 3610 ad
2414 3555 2558 3609 hunc
2588 3557 2786 3609 locum.
2830 3556 3101 3618 Mulieres,
3141 3556 3340 3625 inquit,
3367 3556 3440 3609 si-

1873 3648 2068 3701 militer
2084 3657 2142 3700 ut
2165 3647 2411 3700 diacanes
2435 3647 2558 3716 eligi
2591 3647 2758 3715 jubet.
2790 3646 2934 3700 Unde
2965 3648 3275 3716 intelligitur
3302 3647 3439 3717 quod

1873 3737 1936 3790 de
1961 3737 2040 3790 his
2073 3738 2216 3791 dicat
2249 3755 2379 3807 quas
2405 3737 2574 3791 adhuc
2604 3737 2752 3792 hodie
2773 3740 2825 3790 iu
2864 3738 3072 3792 Oriente
3105 3738 3438 3792 diaconissas

1875 3830 2161 3899 appellant.
2194 3830 2426 3898 Apparet
2449 3845 2577 3899 ergo
2598 3829 2856 3883 διακόνων
2885 3845 3081 3885 nomen
3103 3869 3116 3892 ,
3153 3830 3441 3898 utriusque

1875 3936 2037 3975 sexus
2061 3922 2311 3991 personis
2333 3921 2589 3975 Ecclesia:
2617 3921 3053 3976 ministrantibus
3085 3922 3141 3974 in
3163 3921 3265 3976 hoc
3295 3922 3440 3991 Apo-

1873 4014 1996 4068 stoli
2033 4014 2153 4068 loco
2175 4029 2297 4068 esse
2326 4028 2611 4068 commune
2646 4029 2657 4063 :
2691 4013 2836 4082 quod
2865 4013 2922 4067 in
2949 4013 3223 4076 διακόνους
3253 4022 3307 4068 et
3328 4014 3443 4066 δια-

1874 4106 2126 4168 κονίσσας
2146 4116 2331 4174 postea
2375 4105 2692 4159 distinctum
2744 4106 2858 4158 luit.
2912 4105 3081 4160 Hasce
3114 4116 3294 4160 autem
3325 4107 3441 4160 dia-

1873 4200 2142 4262 conissas,
2173 4198 2460 4252 viduarum
2512 4214 2727 4268 quoque
2769 4199 2989 4254 nomine
3013 4215 3042 4252 a
3075 4197 3135 4251 D.
3161 4197 3330 4252 Paulo
3359 4201 3440 4253 in-

1873 4291 2037 4360 telligi
2092 4297 2326 4345 testatur
2382 4290 2522 4344 idem
2582 4290 2962 4361 Hieronymus,
3015 4291 3107 4359 qui
3162 4291 3228 4344 ad
3276 4290 3439 4345 verba

1874 4380 2118 4449 Apostoli
2152 4381 2218 4435 de
2237 4381 2412 4435 vidua:
2435 4381 2716 4443 electione,
2749 4381 2827 4434 sic
2861 4387 3046 4433 notat:
3079 4380 3230 4437 Tales
3278 4382 3440 4434 voluit

199 4473 329 4529 liani
359 4485 496 4526 voce
528 4479 672 4534 utar,
696 4472 812 4525 sive
831 4471 963 4525 ordo
995 4469 1303 4534 viduarum,
1339 4485 1457 4538 quae
1510 4477 1630 4538 post
1665 4471 1776 4539 pri-
1805 4487 1848 4541 ι)
1877 4475 1997 4543 eligi
2034 4473 2361 4528 diaconissas
2424 4491 2537 4542 qua:
2601 4473 2838 4527 omnibus
2893 4482 3062 4526 essent
3120 4474 3435 4541 exemplum.

196 4578 319 4617 mas
355 4562 593 4632 nuptias,
635 4561 770 4625 sive,
801 4568 860 4614 ut
903 4561 1044 4615 idem
1097 4560 1465 4614 Tertullianus
1514 4562 1766 4629 loquitur,

197 4660 324 4724 post
350 4668 523 4707 unum
558 4651 964 4706 matrimonium
995 4654 1374 4720 interceptum,
1399 4651 1596 4706 exinde
1617 4653 1770 4706 sexui

197 4743 482 4799 etseculo
541 4745 949 4800 renuntiabant.
1008 4743 1083 4798 De
1142 4744 1224 4798 his
1252 4759 1470 4812 quoque
1527 4743 1771 4814 Apostoli

199 4844 532 4905 preceptum
558 4843 736 4890 exstat
763 4835 829 4890 ad
863 4835 1204 4889 Timotheum
1239 4835 1404 4904 priori
1429 4835 1598 4904 Epist.
1643 4851 1764 4906 cap.

197 4942 254 4995 ν,
277 4944 336 4981 v.
368 4925 403 4982 9
429 4945 446 4981 :
491 4926 661 4981 Vidua
709 4929 939 4998 eligatur
969 4944 1071 4981 non
1105 4927 1281 4980 minus
1310 4943 1567 4979 annorum
1616 4943 1772 4981 sexa-

197 5020 368 5090 ginta.
403 5015 524 5083 Quo
554 5018 670 5074 loco
717 5019 1009 5090 Apostolus
1033 5027 1088 5073 et
1129 5018 1357 5072 virtutes
1390 5019 1442 5070 in
1487 5017 1650 5072 vidua
1682 5034 1771 5073 re-

199 5111 439 5183 quisitas
475 5119 742 5177 recenset,
769 5120 823 5168 et
853 5120 1065 5166 :etatem
1100 5123 1358 5182 praeterea
1386 5111 1646 5182 eligendae
1681 5113 1771 5166 de-

200 5204 341 5260 ﬁnit.
384 5202 494 5258 Sed
525 5204 613 5258 cui
639 5205 755 5269 lini,
785 5206 874 5259 cui
903 5205 1074 5275 operi,
1126 5205 1214 5259 cui
1261 5205 1564 5260 ministerio
1599 5205 1766 5275 elige-

200 5295 397 5350 batur?
426 5291 758 5352 Scholiastes
780 5294 1023 5358 Graecus.
1059 5297 1150 5366 qui
1182 5298 1236 5349 in
1281 5297 1399 5351 aliis
1448 5310 1674 5350 succum
1715 5303 1769 5351 et

201 5386 472 5441 medullas
525 5383 624 5440 SS.
681 5385 904 5440 Patrum
937 5387 1194 5442 exhibere
1227 5388 1383 5448 solet,
1431 5388 1628 5442 dubius
1666 5387 1769 5442 hae-

200 5493 326 5533 rere
351 5478 567 5532 videtur
592 5496 604 5530 :
635 5479 770 5530 Φασὶ
789 5479 958 5543 δὲτὰς
983 5481 1060 5543 εἰς
1093 5479 1152 5532 τὸ
1177 5479 1402 5548 χηρικὸν
1429 5481 1767 5550 τεταγμένας

202 5569 402 5636 λέγειν’
428 5567 609 5634 Aiunt,
646 5569 844 5638 inquit,
878 5571 1188 5640 Apostolum
1236 5571 1376 5639 loqui
1425 5571 1488 5624 de
1521 5571 1627 5625 illis
1652 5589 1767 5641 qua

203 5663 274 5714 ad
302 5659 603 5714 viduitatem
636 5659 894 5714 ordinata:
915 5671 1086 5716 erant.

277 5749 382 5810 Sed
403 5752 531 5823 quid
559 5751 676 5823 ipse
701 5750 1018 5809 scholiastes
1046 5769 1141 5823 per
1165 5757 1227 5808 τὸ
1254 5752 1475 5823 χηρικάν
1505 5752 1767 5825 intelligat

1877 4564 2130 4619 Testatur
2153 4577 2206 4620 et
2233 4565 2566 4636 Epiphanius
2591 4567 2645 4620 in
2678 4565 3170 4636 Collyridianorum
3204 4565 3430 4629 haeresi,

1873 4671 1990 4725 cap.
2033 4657 2086 4719 4,
2113 4658 2202 4711 ubi
2235 4658 2632 4712 observandum
2665 4666 2866 4720 monet,
2897 4659 2957 4710 τὸ
2989 4657 3433 4728 ἐκκλησιαστικὸν

1872 4749 2082 4819 τάγμα,
2134 4747 2368 4802 ordinem
2411 4748 2857 4813 ecclesiasticum,
2904 4763 3012 4802 non
3067 4748 3208 4801 ultra
3260 4748 3437 4802 diaco-

1874 4844 2054 4896 nissas
2083 4840 2332 4906 extendi;
2360 4840 2562 4893 addens
2585 4859 2596 4893 :
2617 4841 2802 4910 Χήρας
2825 4857 2883 4891 τε
2904 4839 3172 4908 ὠνόμασε,
3198 4840 3290 4892 καὶ
3317 4841 3408 4893 τού
3426 4871 3441 4880 -

1873 4947 1978 4984 των
2026 4930 2126 4994 τὰς
2177 4930 2254 4982 ἔτι
2301 4931 2604 5000 γραοτέρας
2646 4927 3005 5001 πρεσϐύτιδας
3031 4968 3045 4992 ,
3109 4930 3343 4999 οὐδαμοῦ
3383 4931 3439 4983 δὲ

1873 5020 2297 5092 πρεσϐυτερίδας
2331 5022 2364 5091 ἢ
2405 5021 2664 5091 ἱερίσσας.
2725 5020 2893 5084 Quas,
2929 5019 3125 5089 inquit,
3151 5017 3435 5086 Apostolus

1873 5114 2032 5166 etiam
2062 5113 2246 5166 viduas
2276 5112 2575 5182 appellavit,
2605 5128 2883 5182 earumque
2910 5121 3064 5166 (etate
3089 5113 3436 5181 prooectiores

1872 5202 2234 5274 πρεσϐύτιδας
2264 5201 2403 5276 [sive
2438 5201 2712 5274 seniores],
2732 5219 2996 5274 nusquam
3021 5213 3194 5256 autem
3220 5202 3436 5272 presby-

1875 5295 2069 5350 teridas
2094 5295 2172 5349 vel
2198 5295 2599 5350 sacerdotissas.
2625 5294 2743 5360 Quo
2766 5295 2873 5350 telo
2890 5295 3290 5365 Collyridianas
3312 5293 3440 5363 Epi.

1873 5386 2106 5458 phanius
2154 5387 2387 5456 jugulat,
2431 5402 2550 5457 qua:
2591 5387 2708 5440 suis
2739 5387 2844 5442 sibi
2871 5387 3082 5441 maritis
3110 5387 3436 5455 conjunctae,

1872 5480 1975 5534 hoc
2023 5488 2126 5544 est,
2160 5478 2385 5549 ἔνγαμοι
2415 5479 2509 5532 καὶ
2535 5479 2812 5550 ὖπανδροι,
2847 5478 3105 5534 ollerendi
3147 5493 3348 5533 munus
3383 5479 3438 5531 in

1874 5571 2119 5626 Ecclesia
2147 5572 2313 5641 impie
2342 5571 2445 5627 sibi
2479 5571 2826 5641 arrogahant.
2852 5570 2988 5626 Cum
3019 5570 3312 5639 Apostolus
3358 5573 3439 5623 ul—

1873 5672 1958 5716 tra
1993 5664 2360 5727 diaconatum,
2405 5661 2649 5717 altiorem
2677 5661 2903 5731 gradum
2929 5658 3143 5714 feminis
3176 5660 3230 5713 in
3263 5658 3440 5713 Eccle-

1875 5753 1951 5810 sia
1975 5769 2083 5810 non
2120 5753 2474 5819 concesserit,
2532 5765 2764 5821 eumque
2819 5765 2926 5807 non
2986 5748 3309 5822 conjugatis,
3343 5748 3436 5804 sed
