4036 6320
608 261 718 318 535

1665 260 1721 315 S.
1767 256 2183 314 ALEXANDER
2222 253 2782 316 ALEXANDRINUS.

3737 265 3836 329 58

609 377 794 434 viduis
815 379 1046 434 voluerit
1073 375 1330 432 conferri.
1361 375 1479 440 Quo
1524 375 1643 430 loco
1679 373 2014 444 Epiphanius
2059 371 2167 426 olli-
2193 374 2239 432 Α
2270 370 2604 441 virginitatis.
2664 369 2834 424 Pudet
2863 371 3056 436 dicere,
3088 375 3286 445 inquit,
3307 375 3437 444 prob
3458 376 3645 446 nefas!
3670 383 3828 449 triste,

613 472 761 526 cium
787 469 1218 524 diaconissarum
1271 466 1572 521 luculenter
1590 463 1868 527 describit,
1905 465 1985 518 uti
2015 465 2177 519 etiam

613 562 668 616 in
705 561 1043 631 Expositione
1065 558 1186 627 ﬁdei
1208 559 1482 610 catholica
1538 571 1698 626 quam
1734 557 1883 625 operi
1917 555 2178 612 adversus

613 654 850 709 haereses
881 650 1178 720 subjunsit.
1216 648 1317 703 Ubi
1371 657 1426 704 et
1456 649 1560 703 hoc
1601 648 1837 709 additur,
1873 663 1935 701 ex
1963 663 2071 716 quo
2097 664 2180 717 ge-

611 760 743 798 nere
775 741 880 812 legi
909 750 964 798 et
996 742 1051 796 in
1080 740 1337 796 Ecclesiae
1376 740 1736 794 ministerium
1770 738 2014 808 adoptari
2045 752 2180 791 con-

612 835 931 894 sueverint:
988 834 1343 896 Diaconisste,
1411 832 1606 901 inquit,
1671 829 1805 883 hunc
1862 839 2066 881 tantum
2125 831 2179 881 in

613 947 766 986 usum
792 930 1205 991 constituuntur,
1231 935 1288 978 ut
1319 925 1623 979 mulieribus
1646 924 1848 978 decoris
1866 933 1915 976 et
1933 925 2180 977 honesta-

613 1025 678 1076 tis
707 1038 870 1076 causa
901 1021 1226 1081 inserviant,
1269 1017 1357 1071 ubi
1388 1018 1441 1070 id
1474 1018 1756 1070 necessitas
1794 1017 2030 1086 requirit.
2063 1015 2182 1070 Sive

611 1131 729 1168 cum
766 1114 1014 1182 baptismi
1057 1113 1267 1165 lavacro
1305 1109 1601 1171 initiandte,
1638 1107 1742 1161 sive
1781 1123 1965 1176 corpus
1997 1124 2179 1161 earum

607 1206 985 1274 inspiciendum
1018 1207 1084 1257 sit
1109 1221 1126 1257 :
1151 1206 1244 1256 καὶ
1277 1196 1434 1256 αὗται
1472 1202 1529 1255 δέ
1565 1204 1860 1273 μονόγαμοι
1881 1202 2180 1272 ἐγκρατευ-

608 1295 863 1365 σάμεναι*
895 1304 1115 1362 suntque
1146 1295 1275 1355 illw,
1314 1293 1510 1361 inquit,
1541 1294 1761 1346 univirae
1808 1293 2179 1346 continentiam

606 1387 892 1454 professae;
909 1386 942 1457 ἢ
961 1387 1294 1458 χηρεύσασαι
1313 1385 1420 1438 ἀπὸ
1441 1385 1798 1456 μονογαμίας,
1823 1386 1900 1438 vel
1918 1395 2032 1451 post
2048 1401 2179 1438 unas

612 1479 824 1541 nuptias
854 1477 1058 1540 vidua';
1083 1477 1116 1546 ἦ
1158 1476 1524 1548 ἀειπάρθενοι,
1551 1477 1630 1530 vel
1657 1487 1915 1545 perpetuae
1936 1478 2175 1546 virgines.

614 1567 718 1623 Ubi
741 1569 847 1622 tria
868 1575 1220 1624 recensentur
1237 1566 1731 1623 sanctimonialium
1755 1583 1972 1636 genera.
1987 1584 2050 1622 ex
2068 1568 2182 1637 qui-

613 1659 718 1716 bus
737 1658 1168 1714 diaconiSSarum
1191 1656 1326 1712 ordo
1353 1660 1640 1712 constabat
1665 1675 1676 1708 :
1708 1657 1914 1726 primae,
1945 1658 2181 1725 virgines

2278 461 2367 516 sed
2395 478 2569 516 verum
2598 470 2694 516 est.
2733 460 2880 515 Unde
2923 465 2976 516 in
3016 463 3284 519 Ecclesias
3319 479 3664 537 agapetarum
3683 475 3836 539 pestis

2278 557 2477 609 introiit
2503 559 2532 611 2
2563 554 2709 608 Unde
2751 555 2863 608 sine
2911 560 3107 621 nuptiis
3155 559 3304 612 aliud
3350 579 3536 617 nomen
3575 567 3830 622 unum!

2279 653 2383 702 imo
2410 651 2547 701 unde
2591 665 2773 702 novum
2801 649 3216 706 concubinarum
3256 671 3413 723 genus
3437 659 3461 704 7
3498 652 3648 709 Unde
3680 673 3830 711 mare.

2281 742 2433 796 trices
2469 741 2733 796 univirae?
2783 738 2979 793 Eadem
3011 741 3187 806 domo,
3248 761 3352 798 uno
3412 746 3677 810 cubiculo,
3706 764 3836 817 sape

2280 850 2383 886 uno
2423 841 2662 886 tenentur
2688 838 2737 884 et
2753 830 2966 895 lectulo,
2995 841 3044 886 et
3085 835 3531 902 supieiosoanos
3561 848 3762 895 vocant.
3788 841 3838 893 si

2279 924 2479 993 aliquid
2515 924 2842 978 extimemus.

2348 1015 2510 1070 Ridet
2555 1024 2610 1071 et
2657 1016 2997 1086 Cyprianus,
3038 1017 3125 1071 vel
3171 1018 3422 1087 quisquis
3469 1035 3674 1090 suppar
3710 1036 3838 1077 sane

2278 1105 2547 1176 Cypriano
2562 1117 2750 1162 auctor
2762 1116 2843 1164 est
2872 1107 2996 1162 libri
3018 1106 3090 1162 De
3118 1109 3488 1178 singularitate
3507 1113 3832 1179 clericorum.

2281 1195 2348 1248 Et
2379 1197 2569 1261 adhuc,
2595 1197 2793 1268 inquit,
2823 1198 2889 1252 de
2915 1197 3173 1250 charitate
3197 1207 3510 1262 causantur,
3535 1203 3628 1268 qui
3659 1218 3832 1255 secun-

2283 1289 2407 1343 dum
2435 1292 2644 1346 verbum
2676 1292 2855 1355 Isaiae,
2888 1293 3295 1345 amaritudinem
3324 1308 3422 1359 pro
3448 1293 3722 1349 dulcedine
3746 1295 3833 1348 de-

2281 1392 2539 1450 coranles,
2591 1385 2786 1437 nudam
2827 1383 3112 1453 fozditatem
3141 1386 3428 1438 velamento
3465 1382 3589 1438 boni
3616 1388 3838 1440 nominis

2282 1481 2458 1541 tegunt
2488 1491 2505 1526 :
2534 1475 2658 1529 dum
2686 1475 2825 1543 apud
2846 1491 2934 1529 eos
2961 1474 3054 1528 sub
3085 1473 3229 1541 falsa
3275 1473 3553 1528 dilectione
3599 1491 3722 1528 vera
3756 1477 3836 1527 di-

2284 1570 2434 1624 lectio
2462 1573 2710 1628 violatur.
2747 1570 2932 1641 Neque
2957 1571 3185 1626 dilectas
3214 1577 3446 1632 tantum,
3483 1568 3579 1625 sed
3601 1576 3657 1624 et
3690 1585 3840 1624 soro-

2282 1676 2370 1716 res
2400 1663 2696 1732 appellatas
2730 1672 2944 1718 constat
2974 1678 3038 1717 ex
3085 1662 3357 1733 Ancyrani
3386 1660 3608 1715 concilii
3637 1675 3844 1715 canone

616 1755 736 1808 sine
766 1751 1112 1816 matrimonio
1149 1764 1182 1803 a
1224 1750 1522 1813 nativitate;
1555 1749 1827 1809 secundae,
1864 1749 2101 1818 virgines
2127 1751 2180 1803 in

2287 1753 2374 1814 l8,
2402 1718 2561 1818 cuius
2584 1755 2696 1808 haec
2730 1763 2857 1809 sunt
2898 1755 3057 1810 verba
3085 1774 3098 1808 :
3127 1718 3238 1816 “re;
3258 1751 3659 1822 συνερχομένας
3702 1768 3840 1822 mp-

613 1843 962 1899 matrimonio
981 1859 1046 1897 ex
1065 1857 1331 1897 consensu
1349 1840 1428 1894 vel
1444 1840 1725 1904 condicto;
1749 1841 1966 1894 tertium
1986 1856 2180 1912 genus,

610 1935 788 1990 viduae
819 1935 1157 1989 continentes
1179 1941 1304 2002 post
1329 1933 1562 2002 primum
1582 1931 1989 1986 matrimonium
2011 1946 2075 1987 es
2095 1945 2184 1985 ar-

611 2027 805 2082 bitrio:
831 2033 888 2080 ut
922 2025 1286 2081 Tertullianus
1311 2027 1364 2079 in
1383 2023 1762 2079 Exhortatione
1793 2026 2057 2079 castitatis
2075 2026 2183 2080 ele-

607 2129 800 2191 ganter
817 2120 1124 2190 distinguit,
1140 2127 1192 2175 et
1205 2118 1597 2184 Tertullianum
1615 2128 1834 2173 secutus
1846 2116 1906 2171 D.
1923 2115 2184 2187 Hierony-

611 2227 734 2265 mus
766 2213 822 2265 in
852 2214 1076 2281 epistola
1103 2215 1168 2268 ad
1191 2213 1552 2283 Agerucbiam
1581 2212 1658 2265 De
1691 2210 2042 2280 monogamia.
2072 2207 2182 2264 Ve-

612 2319 756 2368 rum,
775 2306 1111 2374 utprincipio
1129 2306 1260 2370 dixi,
1276 2320 1398 2359 cum
1416 2305 1649 2358 maxima
1663 2303 1825 2372 hujus
1836 2301 2044 2357 ordinis
2056 2315 2181 2370 pars

611 2410 676 2448 ex
707 2396 883 2449 viduis
917 2405 1210 2460 constaret,
1245 2397 1422 2451 viduas
1439 2404 1492 2451 et
1511 2395 1835 2450 diaconissae
1869 2395 2181 2463 promiscuo

611 2488 786 2543 ferme
817 2490 1036 2544 nomine
1079 2490 1298 2544 fuerunt
1331 2490 1629 2558 appellatas.
1683 2487 1760 2541 ita
1797 2487 2030 2541 Basilius
2061 2484 2177 2538 Ma-

610 2593 754 2649 gnus
783 2579 840 2633 in
869 2579 1101 2648 epistola
1130 2579 1395 2634 canonica
1450 2578 1517 2633 ad
1562 2578 2023 2648 Amphilochium,
2055 2591 2175 2645 cap.

609 2669 682 2722 24
717 2687 728 2722 :
772 2667 995 2722 Viduam
1015 2686 1132 2739 qua:
1163 2672 1217 2722 in
1238 2669 1516 2722 viduarum
1553 2684 1827 2728 numerum
1880 2669 2052 2720 relata
2077 2676 2176 2730 est,

610 2762 716 2815 hoc
733 2772 836 2825 est,
859 2778 975 2830 quae
1003 2762 1066 2816 ab
1094 2762 1331 2816 Ecclesia
1357 2764 1410 2816 in
1443 2762 1780 2815 diaconatum
1815 2769 2055 2827 suscepta
2079 2768 2177 2822 est,

613 2853 810 2905 censuit
855 2852 1136 2922 Apostolus
1186 2853 1460 2906 nubentem
1516 2852 1730 2919 despici.
1772 2849 1876 2905 Sed
1935 2849 2177 2903 omnium

615 2942 919 2996 clarissime
942 2943 1159 2995 concilii
1190 2940 1529 3012 Epaonensis
1556 2956 1732 2994 canon
1763 2940 2056 3006 vicesimus
2077 2939 2182 3007 pri-

614 3047 738 3086 mus
758 3032 1005 3087 ordinem
1034 3035 1177 3089 hunc
1197 3036 1253 3088 in
1277 3033 1518 3090 Ecclesia
1537 3034 1804 3110 abrogans
1835 3050 1846 3087 :
1890 3030 2180 3084 Viduumm
2207 3070 2248 3127 ϐ

614 3125 810 3194 inquit,
877 3127 1340 3191 consecrationem,
1381 3141 1512 3194 quas
1565 3125 1816 3176 diaconos
1862 3137 2071 3186 vocant,
2115 3119 2179 3174 ab

613 3216 758 3268 omni
807 3216 1011 3284 regione
1061 3229 1243 3272 nostra
1279 3216 1481 3284 penitus
1528 3214 1864 3283 abrogamus.
1923 3211 2181 3278 Quamvis

607 3306 722 3375 jam
755 3314 881 3359 ante
906 3307 1309 3362 Arausionense
1366 3307 1599 3377 primum
1652 3304 1970 3367 sustulerat,
2021 3303 2179 3371 cujus

611 3397 939 3452 sententiam
972 3406 1166 3467 praeter
1193 3396 1530 3467 Epaonense,
1585 3395 1750 3449 etiam
1788 3394 2181 3448 Aurelianense

612 3489 913 3547 secundum
945 3489 1307 3544 conﬁrmavit.
1332 3488 1590 3555 Quamvis
1621 3505 1690 3542 ex
1719 3488 1900 3542 verbis
1953 3485 2012 3538 D.
2061 3485 2181 3540 Hie-

610 3581 827 3653 ronymi
863 3583 1026 3652 paulo
1068 3591 1194 3638 ante
1239 3581 1440 3645 allatis,
1504 3581 1558 3635 in
1585 3580 1776 3634 Latina
1819 3577 2060 3633 Ecclesia
2095 3578 2179 3631 vel

613 3687 893 3742 nunquam
916 3681 1214 3742 receptum,
1246 3672 1329 3728 vel
1354 3674 1466 3743 jam
1513 3672 1814 3726 exolevisse
1843 3670 1989 3724 hunc
2038 3668 2181 3722 ordi-

613 3780 738 3822 nem
763 3773 1039 3838 appareat.

687 3855 952 3926 Superest
978 3857 1196 3912 tertium
1249 3855 1537 3911 mulierum
1571 3854 2062 3909 ecclesiasticarum
2088 3868 2181 3922 gc.

614 3963 741 4012 nus,
779 3963 891 4003 non
923 3949 1202 4019 publicum
1248 3947 1400 4010 illud,
1433 3946 1528 4002 sed
1575 3949 1868 4016 privatum,
1920 3947 1966 4000 si
2000 3952 2178 3998 tamen

614 4040 1048 4110 ecclesiasticum
1078 4041 1187 4095 dici
1237 4039 1320 4095 fas
1369 4041 1440 4094 sit
1479 4055 1651 4110 genus
1692 4040 2004 4102 mulierum,
2033 4038 2176 4108 quod

614 4131 706 4186 ille
735 4131 800 4186 de
820 4133 1221 4188 mathematicis
1248 4133 1344 4196 ait,
1363 4133 1589 4188 vetitum
1614 4147 1829 4201 semper
1859 4133 1912 4185 in
1939 4130 2178 4184 Ecclesia

615 4238 933 4293 semperque
957 4233 1245 4283 retentum.
1278 4224 1483 4290 Genus,
1505 4228 1748 4296 inquam,
1783 4225 2088 4285 mulierum,
2123 4231 2181 4275 ut

615 4309 815 4377 reipsa,
857 4313 931 4364 ita
970 4323 1025 4366 et
1058 4313 1278 4367 nomine
1335 4314 1623 4377 incertum,
1657 4313 1866 4367 varium
1900 4327 1962 4366 ac
1992 4312 2177 4366 multi-

2285 1842 2468 1910 θὲνους
2497 1846 2657 1911 τισὶν,
2691 1847 2766 1909 ὡς
2799 1846 3030 1914 ἀδελφὰς
3058 1845 3434 1915 ἐκωλύσαμεν·
3493 1844 3732 1914 Virgines
3765 1861 3842 1900 so-

2284 1953 2465 1990 rorum
2517 1939 2688 1990 instar
2716 1936 3028 2006 quibusdam
3074 1934 3431 1990 cohabitantes
3486 1936 3840 2003 prohibemus.

2284 2026 2576 2082 Testantur
2624 2029 2788 2101 etiam
2845 2030 3199 2097 imperatores
3255 2028 3524 2083 Arcadius
3565 2036 3622 2083 et
3661 2027 3839 2084 Hono-

2283 2126 2400 2180 rius
2421 2127 2524 2196 leg.
2559 2127 2647 2192 19,
2678 2127 2799 2181 cod.
2825 2125 2898 2181 De
2923 2127 3174 2195 episcopis
3203 2133 3252 2179 et
3281 2125 3511 2180 clericis.
3568 2128 3733 2192 Eum,
3761 2129 3840 2182 in-

2283 2218 2419 2286 quit,
2448 2218 2537 2286 qui
2564 2216 2882 2286 probabilem
2920 2217 3113 2271 steculo
3163 2217 3496 2285 disciplinam
3523 2219 3660 2287 agit,
3694 2219 3841 2273 deco-

2284 2310 2449 2361 lorari
2470 2310 2735 2362 consortio
2784 2309 3004 2363 sororia:
3030 2307 3397 2376 appellationis
3422 2325 3526 2362 non
3550 2309 3719 2364 decet.
3743 2310 3840 2365 Sed

2281 2395 2620 2466 frequentius
2674 2406 2757 2452 est
2803 2397 3189 2460 συνεισάκτων,
3247 2398 3361 2451 sive
3409 2397 3844 2453 subintroducta-

2279 2505 2400 2543 rum
2430 2503 2649 2552 nomen,
2681 2503 2789 2557 quo
2846 2487 3216 2542 Antiochenos
3245 2487 3396 2541 Pauli
3445 2485 3845 2547 Samosatensis

2281 2581 2481 2636 etcleri
2514 2581 2662 2635 illius
2710 2589 2966 2650 agapetas
2995 2582 3111 2639 sive
3153 2580 3381 2636 dilectas
3423 2583 3843 2640 contubernales

2279 2688 2507 2728 vocasse
2536 2713 2550 2736 ,
2614 2681 2781 2727 testes
2833 2679 2963 2726 sunt
3013 2671 3338 2727 Antiocheni
3385 2675 3605 2728 concilii
3660 2672 3844 2731 Patres

2282 2766 2421 2835 apud
2445 2764 2666 2824 Euseb..
2698 2765 2793 2819 lib.
2831 2780 2928 2828 vn,
2981 2778 3102 2834 cap.
3132 2763 3235 2820 2b:
3272 2765 3412 2820 unde
3452 2781 3618 2835 porro
3637 2767 3695 2821 in
3728 2768 3841 2821 uni-

2283 2873 2439 2913 versa
2469 2856 2714 2912 Ecclesia
2731 2865 3010 2926 receptum
3035 2856 3271 2911 videtur.
3313 2856 3419 2912 Sed
3464 2866 3754 2928 antequam
3782 2875 3844 2914 ex

2283 2951 2385 3005 hoc
2413 2949 2734 3004 diverticulo
2757 2949 2812 3002 in
2840 2949 2984 3002 viam
3017 2949 3256 3014 redeam,
3295 2950 3535 3006 nominis
3564 2951 3771 3020 pariter
3785 2965 3845 3006 ac

2282 3040 2359 3094 rei
2386 3040 2648 3107 originem
2680 3039 2925 3108 pressius
2945 3039 3273 3109 investigare
3297 3040 3448 3103 libet,
3479 3055 3603 3094 cum
3619 3050 3846 3112 utraque

2280 3132 2436 3200 juxta
2466 3133 2519 3186 in
2557 3133 2792 3188 obscuro
2847 3135 2952 3188 sita
3000 3135 3090 3189 sit.
3160 3134 3228 3188 Et
3278 3134 3569 3191 Balsamon
3628 3137 3846 3207 quidem

2282 3225 2670 3278 commentario
2710 3225 2776 3279 ad
2821 3225 2856 3279 '5
2886 3225 3104 3281 concilii
3155 3225 3359 3280 Nicaeni
3399 3241 3688 3292 canonem,
3716 3228 3848 3301 Περὶ

2285 3315 2464 3384 μέντοι
2483 3316 2592 3368 τῶν
2614 3317 2998 3384 συνεισάκτων,
3030 3317 3229 3388 inquit,
3261 3317 3417 3388 λόγος
3443 3318 3610 3381 πολὺς
3633 3318 3850 3388 ἐγένετο

2280 3404 2422 3458 κατὰ
2443 3407 2727 3479 διαφόρους
2755 3406 2995 3478 καιρούς·
3034 3406 3112 3461 De
3156 3407 3591 3473 subintroductis,
3625 3408 3850 3463 diversis

2281 3500 2596 3565 temporibus
2631 3501 2815 3554 crebra
2857 3501 3002 3568 facta
3043 3510 3120 3554 est
3163 3502 3379 3565 mentio,
3423 3507 3478 3556 et
3516 3501 3608 3555 alii
3629 3502 3848 3572 quidem

2280 3587 2532 3642 dixerunt
2554 3589 2871 3643 ἐπείσακτον
2909 3591 2995 3645 vel
3033 3591 3383 3644 συνείσακτον
3415 3606 3538 3646 esse
3577 3593 3679 3663 τὴν
3728 3594 3850 3646 ἀντὶ

2279 3682 2510 3750 νομίμου
2556 3682 2808 3749 γυναικὸς
2859 3682 3296 3751 συνεισαχᾶεῖσαν
3357 3683 3449 3735 καὶ
3493 3682 3846 3737 συνοικοῦσάν

2279 3785 2384 3820 τινι
2418 3770 2708 3840 πορνικῶς,
2736 3788 2850 3841 qua:
2882 3773 3124 3841 legitimae
3148 3775 3328 3825 uxoris
3353 3773 3467 3828 loco
3497 3775 3850 3829 introducitur

2280 3867 2328 3911 et
2358 3861 2651 3913 meretricio
2691 3860 3028 3915 contubernio
3081 3863 3241 3915 alicui
3271 3862 3558 3917 cohabitat.
3591 3863 3700 3919 Alii
3748 3880 3848 3920 au-

2281 3957 2387 4004 tem
2406 3951 2478 4004 ita
2510 3951 2689 4007 vocari
2721 3953 2996 4017 dixerunt,
3028 3956 3206 4007 πᾶσαν
3237 3957 3468 4024 γυναῖκα
3497 3957 3848 4012 συνοικοῦσάν

2281 4053 2384 4089 τινι
2414 4037 2698 4108 ἀλλοτρίαν
2725 4041 2958 4104 πάντως,
2982 4042 3084 4095 κᾶν
3110 4041 3413 4107 ὰνύτυοπτός
3436 4047 3572 4111 ἐστι,
3597 4049 3847 4117 quamvis

2280 4125 2560 4180 mulierem
2601 4130 2762 4181 alicui
2789 4130 3188 4184 cohabitantem
3209 4170 3224 4194 ,
3257 4132 3480 4186 omnino
3508 4142 3846 4205 extraneam,

2282 4218 2396 4270 sive
2429 4219 2578 4274 nullo
2613 4221 2895 4291 sanguinis
2920 4231 3012 4274 aut
3035 4224 3454 4279 necessitudinis
3489 4227 3713 4282 vinculo
3729 4229 3843 4299 jun-

2281 4314 2458 4371 ctam,
2514 4310 2728 4364 etiamsi
2771 4311 2839 4364 ab
2888 4313 3037 4366 omni
3087 4315 3396 4382 suspicione
3443 4317 3514 4372 sit
3565 4319 3842 4377 immunis.

612 4400 757 4468 plex.
811 4400 1242 4458 Contubemales
1284 4404 1388 4460 illa:
1429 4407 1792 4469 clericorum,
1823 4418 2001 4473 neque
2048 4404 2178 4457 tecti
2208 4410 2253 4465 1)
2280 4399 2456 4469 Atque
2498 4403 2636 4456 hanc
2676 4405 3035 4472 posteriorem
3089 4408 3412 4461 sententiam
3451 4411 3531 4462 uti
3577 4413 3843 4466 veriorem

613 4492 900 4558 duntaxat,
924 4496 1017 4550 sed
1058 4497 1257 4565 saepius
1291 4498 1451 4551 etiam
1498 4497 1626 4552 lecti
1675 4498 1856 4553 socias.
1882 4496 2028 4562 Quas
2063 4495 2178 4564 qui-

613 4582 737 4637 dem
764 4585 869 4654 ipsi
903 4595 1158 4656 agapetas
1187 4589 1301 4642 sive
1339 4590 1587 4647 dilectas.
1620 4599 1673 4644 et
1699 4605 1916 4644 sorores
1948 4607 1962 4645 :
1995 4587 2176 4642 caeteri

614 4679 993 4742 ouvewo’txrou;
1021 4682 1102 4734 vel
1132 4682 1504 4745 ἐπεισάκτους,
1530 4683 1631 4736 hoc
1643 4680 2178 4736 cstsubintroductas

613 4777 669 4826 et
728 4784 1038 4834 extraneas,
1102 4774 1463 4844 appellabant.
1522 4773 1845 4843 Hujusmodi
1919 4772 2177 4828 mulieres

613 4872 794 4925 omnis
840 4867 1052 4922 ordinis
1085 4868 1269 4922 clerici
1314 4867 1426 4935 jam
1477 4867 1604 4921 olim
1630 4868 1683 4921 in
1730 4867 1872 4921 mdes
1915 4867 2174 4935 recipere,

614 4977 815 5032 easque
879 4961 964 5016 vel
1018 4959 1258 5030 virgines
1319 4958 1731 5013 sanctimoniam
1786 4958 2060 5028 professas
2113 4960 2175 5013 ad

615 5062 822 5114 mutua,
852 5065 910 5108 ut
939 5053 1172 5116 aiebant,
1200 5051 1415 5121 pietatis
1446 5051 1659 5116 solatia,
1694 5053 1780 5106 vel
1808 5053 2033 5107 orbatae
2090 5067 2179 5122 pa-

612 5145 866 5198 rentibus
905 5144 1134 5214 puellas,
1181 5144 1516 5213 proindeque
1571 5145 1656 5212 pia
1693 5155 1744 5198 et
1776 5146 1968 5214 pudica
1999 5146 2179 5215 aliqua

615 5235 780 5288 tutela
821 5234 1103 5298 fovendas,
1140 5229 1223 5288 vel
1259 5235 1469 5304 privato
1506 5234 1721 5288 familiae
1751 5234 2055 5305 domusque
2085 5239 2179 5290 mi-

613 5327 846 5381 nisterio
875 5327 1238 5389 necessarias,
1270 5327 1384 5380 sive
1438 5328 1702 5396 ingenuas
1723 5366 1737 5389 ,
1771 5327 1884 5382 sive
1927 5327 2174 5382 ancillas.

614 5420 728 5474 Hoc
784 5430 1096 5488 suspectum
1130 5429 1182 5474 et
1212 5419 1519 5488 pudendum
1570 5420 2021 5487 contubernium,
2057 5434 2179 5489 spe-

613 5511 766 5565 cioso
817 5511 1127 5566 dilectionis
1170 5519 1224 5565 et
1279 5512 1651 5580 germanitatis
1702 5510 2029 5567 Christianae
2059 5513 2177 5567 velo

616 5601 963 5670 ebtegebant.
1028 5601 1136 5658 Sed
1185 5602 1325 5658 ridet
1373 5604 1498 5658 vani
1532 5605 1773 5660 nominis
1807 5605 1992 5660 fucum
2020 5605 2178 5660 divus

619 5691 976 5762 Hieronymus
1022 5695 1251 5766 epistola
1288 5695 1352 5749 ad
1403 5696 1753 5753 Eustochium
1811 5697 1888 5752 De
1935 5695 2177 5752 custodia

2283 4493 2495 4560 probat,
2528 4493 2688 4562 idque
2705 4497 3032 4550 auctoritate
3064 4497 3307 4565 epistolae
3342 4501 3622 4555 canonica)
3653 4501 3716 4555 D.
3747 4502 3846 4557 Ba-

2285 4581 2390 4636 silii
2420 4580 2593 4652 Magni
2628 4584 2695 4638 ad
2747 4583 3066 4654 Gregorium
3115 4586 3513 4657 presbyterum,
3559 4577 3725 4658 quem
3759 4593 3845 4646 ille

2283 4674 2408 4730 licet
2438 4678 2772 4747 septuaginta
2805 4693 3070 4730 annorum
3087 4693 3268 4733 senem
3287 4679 3625 4747 ajuvencula
3657 4683 3844 4738 subin-

2283 4768 2554 4831 troducta,
2586 4768 2850 4823 intentata
2880 4770 3042 4824 etiam
3066 4772 3643 4830 excommunicationis
3661 4791 3839 4845 ptem,

2285 4861 2524 4928 separari
2551 4861 2813 4930 praecipit.
2859 4859 3028 4914 Multa
3077 4861 3131 4915 in
3188 4871 3477 4932 utramque
3518 4867 3842 4937 originatio-

2285 4968 2406 5005 nem
2428 4952 2605 5006 all’erri
2629 4962 2847 5023 possent
2875 4953 2942 5008 de
2971 4953 3330 5019 ἐπεισάκτοις,
3361 4957 3475 5012 sive
3514 4959 3842 5016 introductis

2286 5047 2425 5113 apud
2449 5055 2656 5102 veteres
2685 5048 3022 5102 concubinis.
3059 5046 3133 5103 De
3152 5049 3348 5117 quibus
3380 5049 3543 5104 etiam
3592 5054 3842 5122 Vulgatus

2286 5153 2455 5192 sacrae
2512 5138 2806 5210 Scriptura:
2855 5148 3123 5209 interpres
3160 5143 3252 5210 qui
3285 5142 3844 5209 superintroductionis

2288 5247 2416 5286 voce
2451 5233 2620 5289 utitur
2641 5233 2816 5289 Genes
2867 5249 3013 5299 xm,
3049 5251 3098 5285 ν.
3133 5233 3219 5288 50.
3259 5233 3423 5288 Multa
3461 5252 3684 5306 quoque
3719 5255 3844 5308 sup-

2285 5332 2526 5392 peterent
2577 5328 2822 5396 exempla
2873 5326 3202 5394 Optimorum
3258 5336 3543 5382 auctorum
3573 5367 3589 5391 ,
3643 5331 3850 5399 quibus.

2279 5417 2620 5481 ἐπείσακτον,
2670 5434 2768 5489 pro
2813 5427 3038 5471 externo
3078 5419 3161 5471 vel
3192 5421 3475 5490 peregrino
3519 5431 3837 5491 usurpatum

2284 5511 2479 5564 docere
2506 5512 2648 5565 haud
2673 5511 2886 5564 dillicile
2907 5509 3061 5574 foret,
3093 5511 3197 5564 nisi
3231 5511 3443 5580 longius
3468 5513 3581 5581 jam
3616 5521 3673 5565 et
3692 5524 3844 5567 extra

2284 5603 2429 5657 oleas
2461 5604 2816 5658 oberrassem.
2844 5599 2948 5657 Sed
2980 5614 3039 5656 ut
3079 5619 3252 5659 meam
3281 5605 3349 5660 de
3375 5604 3714 5659 ἐπισάκπιιν
3733 5604 3837 5659 στί·

2284 5697 2406 5768 gitte
2427 5697 2624 5768 paucis
2657 5695 2920 5765 explicem
2955 5691 3301 5764 sententiam,
3348 5697 3570 5751 tertium
3621 5709 3835 5767 quoque
