4036 6320
117 347 218 407 537

1560 339 1861 397 ΝΟΤΙΤΙΛ.

3247 320 3358 398 538

116 461 213 514 hoc
238 458 526 515 mulierum
557 457 677 513 sive
715 472 970 513 sororum
996 473 1166 529 genus
1200 455 1517 526 κακοζηλία,
1550 469 1682 522 qua-
1711 465 1753 517 Α
1780 447 2195 519 juvencularum
2220 445 2821 504 circumcursitationes
2849 448 3200 506 immodestas
3225 453 3352 512 Ale-

113 552 231 604 dam
273 551 507 620 apostoli
538 547 780 603 instituti
812 549 869 602 in
917 548 1214 605 Ecclesiam
1245 549 1329 602 vel
1368 547 1549 617 potius
1572 547 1683 599 cle-

114 643 349 696 ricorum
417 641 562 695 aedes
624 639 919 708 irrepsisse.
993 647 1168 710 puto;
1233 654 1380 700 cum,
1448 645 1681 690 testante

113 729 173 784 Β.
210 727 383 782 Paulo
408 727 431 779 ι
460 727 523 782 ad
547 725 891 792 Corinth.tx,
918 729 972 792 5,
997 729 1167 783 moris
1202 727 1363 781 fuerit
1383 726 1676 794 plerisque,

110 829 158 873 et
187 820 414 890 quidem
447 819 734 889 pracipuis
766 821 1155 888 apostolorum,
1185 816 1414 887 ἀδελφὴν
1447 819 1678 885 γυναῖκα

110 910 417 980 περιάγειν,
438 926 668 964 sororem
695 913 1063 965 mulierculam
1085 908 1487 964 circumducere.
1507 907 1677 973 Quem

111 1002 283 1053 locum
313 1009 552 1054 uxorata
581 1002 964 1058 haereticorum
1005 1002 1307 1056 ministeria
1332 1001 1677 1070 propudiosis

111 1092 221 1144 suis
261 1090 544 1161 conjugiis
595 1091 800 1149 frustra
831 1093 1153 1148 obtendunt.
1188 1091 1542 1145 Constantem
1583 1091 1679 1144 ad—

107 1195 294 1234 versus
330 1181 504 1236 hosce
562 1180 659 1236 SS.
695 1184 916 1237 Patrum
974 1183 1316 1243 sententiam,
1356 1179 1673 1234 Tertulliani

105 1269 280 1322 verbis
303 1271 685 1341 consignatam
707 1273 970 1342 accipite:
997 1271 1116 1324 Non
1141 1287 1328 1325 uxores
1349 1272 1674 1325 demonstrat

104 1358 166 1411 ab
213 1361 479 1427 apostolis
513 1363 920 1428 circumductas,
963 1364 1052 1417 sed
1081 1363 1389 1431 simpliciter
1431 1363 1673 1414 mulieres

103 1465 212 1518 qua:
241 1451 354 1505 illis
384 1450 567 1506 eodem
586 1454 826 1508 instituto
846 1471 946 1522 quo
972 1464 1021 1508 et
1062 1453 1336 1507 Dominum
1365 1455 1672 1507 comitantes

104 1543 498 1598 ministrabant.
533 1541 625 1598 Sic
656 1545 746 1600 ille
803 1545 941 1599 libro
997 1543 1076 1598 De
1107 1546 1458 1614 monogamia.
1489 1543 1674 1613 Neque

105 1633 253 1688 aliter
290 1633 609 1705 Cyprianus
629 1633 725 1690 lib.
756 1634 835 1689 De
869 1636 1061 1705 singul.
1098 1636 1296 1698 αἰθήρ..
1328 1636 1669 1700 Ambrosius,

103 1731 152 1775 et
196 1721 413 1778 Latinis
454 1723 708 1780 Patribus
769 1725 1128 1794 astipulantes
1181 1724 1390 1790 Graeci,
1441 1723 1675 1796 Chryso-

1784 539 1988 593 xander
2018 538 2120 590 hoc
2153 537 2274 590 loco
2309 535 2652 592 intellexerit.

1851 630 2184 684 Proferimus
2213 641 2358 680 nunc
2392 625 2619 696 gradum
2659 641 2782 681 cum
2805 623 2996 684 eodem
3020 629 3352 694 Alexandro,

1779 722 1871 791 qui
1900 720 2132 774 Arianos
2157 716 2376 772 concilii
2407 717 2735 770 auctoritate
2775 718 3063 775 damnatos
3089 720 3356 775 circuisse

1779 807 1987 866 vicinas
2044 803 2352 879 provincias
2415 814 2469 860 et
2529 806 2921 862 catholicorum
2970 811 3364 881 episcoporum,

1779 905 1989 958 animos
2036 911 2276 956 tentasse
2319 897 2533 964 scribit,
2584 898 2823 968 σχήματι
2856 900 2955 968 μὲν
2996 902 3219 974 εἰρήνης
3257 903 3368 958 καὶ.

1777 993 2017 1056 ἐνώσεως
2049 992 2270 1057 ἀξίωσιν
2299 991 2785 1062 ὑποκρινομένους.
2814 989 2970 1056 Quod
3010 1007 3134 1046 cum
3181 994 3355 1047 inter-

1778 1101 1903 1154 pres
1952 1092 2136 1139 noster
2183 1094 2398 1148 vertat,,
2430 1084 2598 1153 specie
2629 1081 2839 1157 quidem
2863 1083 3009 1150 pacis
3057 1093 3105 1136 et
3135 1099 3355 1138 concor-

1775 1177 1878 1227 diae
1913 1172 2187 1232 simulata,
2233 1174 2433 1226 vatiam
2474 1182 2643 1240 petere
2671 1187 2782 1238 pro:
2821 1188 2877 1225 se
2907 1172 3082 1240 ferre;
3115 1181 3364 1227 mentem.

1775 1266 1896 1334 ejus
1944 1263 2363 1331 haudquaquam
2408 1279 2492 1316 me
2548 1262 2859 1331 perspicere
2903 1261 3109 1326 fateor,
3143 1265 3218 1316 uti
3250 1279 3353 1319 nec

1774 1355 2076 1410 Camerarii
2117 1353 2250 1407 illud
2279 1370 2291 1404 :
2324 1353 2545 1408 Consilii
2572 1356 2778 1425 quidem
2799 1358 2945 1421 pacis
2970 1364 3023 1408 et
3056 1355 3352 1409 concordia

1774 1449 1942 1516 specie
1973 1447 2245 1499 simulata.
2278 1444 2509 1511 Quinam
2557 1448 2701 1500 enim
2732 1447 2892 1501 nobis
2921 1446 3352 1513 persuadebunt,

1773 1538 1997 1603 ἀξίωσιν
2030 1536 2115 1595 vel
2163 1535 2335 1590 venia
2390 1534 2730 1604 petitionem,
2781 1536 2866 1589 vel
2931 1535 3222 1589 consilium
3258 1541 3354 1588 aut

1774 1629 1876 1683 hoc
1909 1629 2028 1697 ipso
2072 1637 2163 1681 aut
2213 1626 2408 1695 quovis
2443 1627 2551 1681 alio
2597 1626 2738 1694 apud
2778 1623 2996 1681 Graecos
3053 1628 3359 1694 scriptores

1779 1721 1899 1774 loco
1953 1719 2309 1788 signiﬁcare?
2356 1716 2422 1771 Et
2473 1717 2520 1773 si
2577 1717 2662 1772 vel
2720 1717 2953 1772 maxime
2995 1718 3358 1788 signiﬁcaret,

105 1822 333 1878 stamus,
397 1814 783 1890 Theodoretus‘
813 1791 1127 1873 etCmcus
1177 1818 1529 1887 epistularum
1555 1791 1674 1872 divi
1706 1791 1748 1845 Β
1776 1812 1994 1882 quinam
2020 1812 2072 1865 id
2101 1811 2186 1864 vel
2243 1810 2319 1864 rei
2352 1809 2456 1879 ipsi
2500 1809 2580 1864 vel
2609 1807 2901 1863 Alexandri
2950 1810 3117 1863 menti
3145 1823 3352 1864 conve-

103 1900 248 1957 Pauli
281 1903 619 1963 scholiastes
648 1921 926 1974 nunquam
957 1921 1056 1976 pro
1086 1908 1280 1962 merito
1296 1909 1431 1963 satis
1458 1906 1676 1960 laudau-

103 1992 220 2061 dns,
256 1995 397 2050 dum
449 1997 526 2050 ait
567 2015 580 2050 :
615 1996 682 2051 Δί
738 1998 956 2069 εὓποροι
1009 2002 1266 2067 γυναῖκες
1321 2000 1671 2053 πιστεύουσαι

103 2084 429 2152 ὴκολούθουν
459 2086 623 2150 ἐνίοις
648 2085 759 2141 τῶν
786 2089 1115 2152 ἀποστόλων,
1142 2092 1222 2152 εἰς
1251 2090 1351 2154 τὰς
1370 2091 1673 2159 ἀναγκαίας

105 2175 272 2231 αὐτῶν
320 2176 520 2248 χρείας
568 2175 923 2250 χορηγοῦσαι,
956 2178 1033 2242 ὡς
1071 2180 1265 2242 αὐτοὺς
1307 2179 1490 2233 λοιπὸν
1513 2179 1670 2243 ὄντας

103 2267 220 2336 περὶ
238 2267 438 2321 τούτου
456 2269 813 2341 ἀμερίμνους,
833 2271 978 2341 μόνῳ
996 2269 1074 2340 τῷ
1094 2271 1409 2342 κηρύγματι
1430 2273 1671 2340 amaxo-

101 2355 320 2412 λεῖσθαι.
365 2359 486 2415 Hoc
512 2369 618 2426 est,
651 2360 868 2414 ditiores
911 2361 1154 2415 mulieres
1186 2361 1364 2428 ﬁdeles
1388 2361 1667 2415 nonnullos

104 2451 360 2517 apostolos
387 2452 758 2521 sequebantur,
783 2460 1019 2520 sumptus
1044 2453 1362 2506 necessarios
1383 2453 1510 2520 ipsis
1541 2451 1666 2504 sub-

103 2538 475 2604 ministrando,
507 2550 566 2594 ut
595 2541 678 2595 illi
701 2541 800 2594 hac
820 2557 950 2596 cura
993 2540 1242 2606 liberati,
1284 2541 1386 2595 soli
1407 2541 1670 2608 praedictu-

108 2627 227 2681 tioni
253 2629 603 2684 attenderem.
650 2629 756 2686 Sed
788 2630 935 2700 quod
963 2630 1028 2684 ad
1073 2639 1321 2686 nostrum
1356 2632 1667 2686 institutum

105 2715 241 2783 facit,
272 2719 496 2778 habetis.
518 2722 606 2776 hic
629 2722 944 2792 religiosum
975 2724 1292 2777 comitatum
1323 2763 1339 2787 ,
1369 2732 1423 2777 et
1451 2724 1669 2792 pietatis

105 2808 301 2874 glutine
360 2813 716 2881 conjunctum
776 2815 1235 2880 contubernium;
1285 2815 1496 2870 habetis
1542 2831 1666 2869 mu-

103 2897 252 2955 lieres
284 2917 400 2957 non
432 2918 671 2961 uxores:
707 2902 919 2958 habetis
960 2906 1226 2959 sororium
1259 2906 1362 2974 piae
1391 2907 1665 2975 germani-

103 2987 220 3042 tatis
257 2990 519 3058 titulum;
578 2990 793 3049 habetis
852 2993 1297 3049 circumducendi
1340 2996 1664 3050 vocabulum

1776 1894 1895 1957 nire
1947 1902 2187 1972 poterit?
2238 1899 2577 1970 Epiphanius
2619 1907 2778 1954 vetus
2829 1899 3121 1969 interpres,
3178 1901 3354 1970 ﬁgura

1771 1997 1915 2064 pacis
1932 2006 1981 2049 et
2009 1995 2232 2047 unitatis
2260 1993 2571 2063 dignitatem
2598 2009 2652 2046 se
2670 2007 2911 2046 exercere
2931 1992 3158 2062 ﬁngunt.
3204 1990 3352 2066 Sane

1772 2087 1992 2153 ἀξίωσιν
2019 2087 2334 2157 dignitatem
2375 2083 2686 2154 significare
2712 2081 2910 2138 Suidas
2932 2083 3141 2153 aliquot
3165 2099 3353 2140 exem—

1771 2180 1875 2248 plis
1903 2179 2061 2232 docet
2094 2196 2105 2230 :
2143 2187 2196 2230 et
2213 2177 2374 2246 vulgo
2400 2174 2626 2235 Graecis,
2653 2176 2702 2228 οἱ
2724 2176 2812 2227 ἐπ’
2841 2173 3140 2241 ἀξιώσεως,
3173 2175 3267 2245 qui
3292 2177 3350 2230 in

1771 2269 2030 2339 dignitate
2057 2274 2185 2322 sunt
2215 2268 2517 2320 constituti.
2575 2265 2679 2319 Sed
2708 2267 2831 2335 quis
2863 2265 3146 2335 dignitatis
3184 2281 3345 2320 exer-

1770 2359 1955 2414 cenda:
1986 2361 2136 2413 locus
2175 2358 2464 2413 erronibus
2519 2358 2640 2412 istis
2683 2359 2739 2410 in
2786 2357 2964 2411 aliena
3021 2358 3304 2426 provincia
3323 2357 3355 2410 ἳ-

1771 2450 1882 2521 Ego
1915 2451 2138 2516 ἀξίωσιν
2169 2450 2273 2503 hoc
2303 2449 2425 2503 loco
2459 2449 2723 2519 βούλημα,
2755 2448 2889 2501 illud
2935 2449 3080 2517 quod
3111 2449 3350 2516 petimus

1770 2556 1835 2596 ac
1861 2542 2221 2611 postulamus,
2254 2556 2349 2595 seu
2374 2540 2533 2593 linem
2569 2546 2624 2594 et
2649 2554 2872 2608 scopum
2906 2554 3014 2608 quo
3038 2539 3208 2594 tendit
3241 2555 3341 2592 vo-

1768 2632 1971 2698 luntas,
1992 2645 2260 2700 quemque
2284 2630 2386 2684 sibi
2410 2629 2693 2698 obtingere
2721 2628 3018 2691 desiderat.
3059 2629 3340 2700 explicanv

1769 2721 1898 2774 dum
1922 2729 2071 2787 puto,
2097 2737 2220 2775 cum
2255 2722 2473 2775 verbum
2494 2717 2678 2783 ἀξιοῦν
2696 2726 2877 2788 petere
2895 2734 2958 2773 ae
2987 2718 3265 2789 postulare
3284 2729 3347 2775 ut

1769 2812 2061 2880 plurimum
2091 2810 2378 2880 signiﬁcet.
2415 2810 2492 2862 lta
2549 2815 2608 2860 ut
2639 2808 2742 2862 loci
2774 2823 2970 2865 sensus
3003 2809 3094 2871 sit,
3116 2823 3345 2864 errones

1769 2903 1892 2956 illos
1943 2903 2092 2972 pacis
2144 2913 2198 2955 et
2254 2900 2475 2955 unionis
2527 2898 2710 2969 specie
2764 2899 2932 2951 animi
2973 2899 3350 2964 suimentem,

1767 2993 2004 3063 quidque
2027 3001 2209 3062 petant
2244 3007 2307 3046 ac
2337 2992 2686 3061 pertendant,
2719 2998 2795 3054 et,
2817 3000 2874 3043 ut
2899 3006 3022 3043 cum
3053 2991 3212 3057 vulgo
3261 2991 3342 3044 lo—

101 3079 466 3146 apostolorum
515 3083 784 3156 περιόδοις
831 3086 1263 3142 accommodum.
1313 3086 1414 3140 Cui
1448 3086 1505 3141 in
1561 3087 1665 3141 lixa
1691 3121 1735 3181 Ο
1767 3101 2026 3155 quamur,
2059 3086 2412 3139 intentionem
2451 3099 2605 3137 suam
2667 3083 3047 3148 dissimulare;
3085 3097 3208 3134 cum
3257 3098 3342 3137 re-

103 3178 347 3242 certaque
363 3174 691 3230 clericorum
716 3181 1144 3234 commoratione
1175 3181 1237 3233 τὸ
1287 3184 1626 3249 συνεισάγειν
1643 3222 1659 3246 ,

101 3259 196 3316 hoc
224 3254 308 3318 est
340 3280 451 3318 una
486 3280 670 3321 secum
705 3267 1055 3325 introducere
1086 3272 1171 3327 vel
1215 3274 1660 3328 contubernalem

103 3352 308 3418 habere,
328 3356 480 3411 haud
507 3359 647 3414 male
672 3362 987 3430 respondet.
1013 3361 1150 3417 Nam
1182 3371 1236 3419 et
1270 3365 1374 3419 hoc
1407 3365 1662 3434 loquendi

104 3446 250 3501 modo
281 3446 478 3505 Patres
506 3451 586 3504 illi
628 3452 953 3509 Antiocheni
981 3456 1122 3525 apud
1179 3455 1472 3511 Eusebium
1495 3465 1659 3510 utun-

105 3542 202 3599 tur,
219 3537 345 3592 dum
401 3555 526 3596 sese
567 3531 746 3595 hauo“
757 3543 1007 3613 ignorare
1053 3546 1248 3610 aiunt,-
1276 3546 1390 3598 ὅσοι
1424 3546 1530 3599 ὑπὸ
1562 3544 1656 3598 τοῦ

106 3628 432 3698 συνεισάγειν
460 3630 673 3694 ἑαυτοῖς
716 3635 950 3701 γυναῖκα
995 3633 1267 3702 ἐξέπεσον,
1304 3653 1463 3705 nam
1504 3636 1659 3688 multi
1692 3696 1702 3707 ἱ

107 3718 389 3787 ceciderint,
439 3721 568 3774 dum
594 3721 840 3777 mulieres
888 3723 988 3777 sibi
1033 3727 1372 3780 contubernio
1404 3727 1654 3797 jungunt.

105 3804 202 3864 Nec
224 3812 461 3868 absimili
501 3814 714 3869 ratione
762 3815 904 3869 idem
933 3815 1228 3887 Apostolus
1269 3817 1339 3872 ad
1386 3817 1560 3873 Galat.
1597 3834 1654 3883 ιι,

105 3904 492 3972 παρεισάκτους
514 3905 927 3976 ψευδαδέλφους,
958 3907 1061 3962 hoc
1088 3916 1172 3964 est
1197 3909 1352 3978 juxta
1383 3909 1657 3978 vulgatum

106 3989 468 4062 interpretem,
527 3995 953 4052 subintroductos
1004 3998 1169 4067 falsos
1233 4000 1427 4068 fratres
1500 3999 1655 4053 dixit.

106 4077 244 4137 Unde
270 4083 415 4138 haud
434 4085 601 4140 dubie
621 4088 676 4140 in
697 4084 889 4141 Latina
917 4085 1158 4142 Ecclesia
1180 4087 1424 4152 inolevit,
1449 4103 1658 4140 συνεισ-

104 4171 284 4237 άκτους
339 4190 565 4245 quoque
624 4183 681 4232 et
736 4177 1125 4244 ἐπεισάκτους,
1187 4177 1656 4242 subintroductas,

108 4275 258 4318 sacra
291 4262 596 4334 Scriptura:
622 4281 754 4321 voce
774 4268 1054 4337 appellari,
1087 4281 1223 4337 quas
1263 4267 1656 4321 cointroductas

107 4354 176 4406 vel
207 4357 634 4425 superinductas,
663 4360 864 4414 rectius
886 4366 1190 4414 vocassent.
1225 4357 1328 4413 Sed
1349 4359 1508 4414 redeo
1536 4366 1658 4412 tan-

1766 3191 1896 3234 vcra
1951 3176 2055 3230 hoc
2094 3173 2407 3239 moliantur,
2434 3180 2493 3226 ut
2527 3187 2621 3226 eos
2654 3171 2720 3224 ad
2753 3186 2892 3240 quos
2935 3169 3202 3224 accedunt
3254 3186 3349 3226 se--

1763 3265 1987 3328 ducant,
2029 3277 2081 3320 et
2120 3270 2174 3318 in
2194 3275 2374 3334 partes
2408 3280 2536 3327 suas
2565 3264 2901 3333 pertrahant.

1832 3355 1970 3410 Inde»
1996 3365 2052 3410 ut
2072 3356 2272 3410 leviora
2295 3356 2541 3423 quaedam
2597 3364 2929 3424 praeteream,
2964 3353 3106 3408 infra
3132 3354 3340 3424 princi-

1761 3449 1852 3519 pio
1893 3447 2171 3516 Evangelii
2222 3444 2453 3500 Joannis
2505 3446 2659 3499 varie
2687 3445 2920 3500 Ariauos
2977 3447 3197 3513 premit.
3230 3444 3335 3510 Qui

1760 3555 1886 3594 cum
1927 3539 2108 3593 omnia
2157 3553 2252 3608 per
2311 3535 2547 3590 Verbum
2603 3536 2745 3589 facta
2793 3535 3014 3602 dixerit,
3053 3537 3338 3605 subjungit

1757 3631 1874 3700 ipse
1908 3650 1922 3686 :
1961 3629 2024 3684 Si
2047 3646 2167 3698 ergo
2195 3630 2371 3683 omnia
2394 3644 2486 3696 per
2506 3629 2678 3695 ipsum
2724 3629 2869 3695 facta
2903 3638 3047 3691 sunt,
3074 3629 3343 3699 quomodo

1759 3722 1805 3776 is
1847 3722 1937 3791 qui
1965 3721 2204 3773 omnibus
2250 3718 2402 3772 rebus
2455 3718 2644 3771 creatis
2683 3718 2965 3771 essentiam
3009 3716 3189 3770 tribuit
3219 3718 3343 3776 ipso

1759 3820 2041 3890 aliquando
2074 3837 2177 3873 non
2208 3819 2364 3878 fuerit
2389 3819 2411 3870 ?
2436 3816 2508 3869 Οὐ
2541 3814 2650 3884 γάρ
2670 3831 2786 3877 πως
2805 3815 2834 3866 ὁ
2862 3815 3032 3882 Λόγος
3062 3813 3122 3867 τὺ
3141 3814 3334 3867 ποιοῦν

1756 3916 1867 3974 τοῖς
1893 3910 2201 3983 γενομένοις
2249 3907 2347 3976 τῆς
2379 3906 2547 3976 αὐτῆς
2567 3899 2703 3957 εἶναι
2756 3902 2970 3972 φύσεως
3015 3902 3326 3972 διορίζεται.

1755 4001 1888 4065 Quae
1912 4000 2129 4068 quidem
2158 3997 2320 4050 verba
2342 4003 2393 4048 et
2427 4001 2582 4048 vetus
2619 3999 2676 4044 et
2706 3993 2833 4046 novi
2865 3991 3190 4060 interpretes
3215 4006 3341 4045 ver-

1758 4091 1924 4145 tendo
1960 4090 2041 4144 sic
2074 4095 2390 4158 pervertunt
2423 4104 2435 4140 :
2487 4083 2658 4136 Nulla
2704 4082 2845 4136 enim
2905 4083 3044 4134 ratio
3097 4081 3228 4146 uult,
3252 4089 3337 4134 me

1757 4180 1894 4252 quod
1943 4189 2087 4232 creat
2125 4175 2363 4240 eiusdem
2415 4175 2483 4228 sit
2535 4189 2654 4226 cum
2701 4173 2891 4225 creatis
2924 4181 3166 4235 naturae;
3200 4186 3334 4226 cum.

1756 4275 1786 4326 ό
1811 4271 1982 4340 Λόγος
2005 4270 2422 4338 haudquaquam
2465 4266 2569 4319 hoc
2599 4265 2654 4318 in
2698 4263 2818 4317 loco
2859 4263 2926 4317 de
2953 4263 3168 4316 ratione
3195 4278 3330 4333 apo-

1757 4363 1977 4425 dictica,
2007 4361 2104 4416 sed
2136 4359 2202 4414 de
2227 4367 2432 4412 aeterno
2456 4355 2634 4410 Verbo
2653 4355 2828 4422 accipi
2863 4354 3088 4410 omnino
3110 4354 3324 4408 debeat.

109 4442 212 4497 dem
245 4447 385 4502 unde
421 4447 705 4517 digressus
725 4464 868 4504 sum.
918 4449 997 4504 Ex
1028 4451 1096 4506 iis
1125 4466 1244 4519 quae
1298 4450 1562 4504 hactenus
1590 4449 1658 4504 de
1688 4465 1732 4520 1)
1763 4453 1945 4521 Itaque
1974 4449 2293 4504 vertendum
2328 4465 2340 4500 :
2394 4444 2569 4514 Neque
2596 4445 2734 4497 enim
2771 4441 2998 4496 Verbum
3025 4443 3160 4511 quod
3182 4451 3335 4496 creat

108 4535 286 4602 triplici
339 4541 635 4595 mulierum
688 4556 882 4610 genere
923 4541 1181 4607 disserui,
1211 4544 1344 4599 satis
1399 4551 1657 4598 constare

111 4625 379 4697 existimo,
448 4631 612 4684 rebus
674 4632 959 4686 turbandis
1004 4635 1238 4687 maxime
1287 4641 1654 4702 opportunum

111 4714 257 4772 fuisse
282 4724 510 4776 tertium
544 4722 648 4777 hoc
695 4738 887 4793 genus,
915 4723 1014 4786 τὰς
1039 4725 1395 4808 ὲπεισάπφυς
1425 4724 1652 4788 scilicet,

111 4823 224 4876 quas
245 4810 554 4869 Alexander
601 4816 830 4886 proinde
857 4814 1065 4868 ἄτακτα
1105 4817 1431 4887 γυναικάρια
1476 4825 1652 4877 vocat,

111 4900 232 4966 quod
258 4906 441 4960 nullas
467 4906 748 4966 modestis
775 4906 921 4978 leges
943 4918 1320 4977 agnoscerent,
1351 4908 1501 4963 nullo
1551 4924 1650 4978 pu-

112 4988 239 5047 doris
286 4995 448 5052 treno
513 4996 923 5053 cohibereutur.
973 4998 1225 5063 Quinimo
1271 5007 1478 5068 pestem
1513 4999 1653 5053 hanc

112 5078 376 5139 Ecclesium
406 5087 755 5156 potissimum
785 5091 1041 5147 aﬂlixisse
1059 5092 1365 5146 certissimo
1387 5090 1512 5144 inde
1539 5091 1654 5144 col-

112 5172 270 5241 ligitur
289 5187 634 5247 argumento,
665 5183 807 5250 quod
839 5181 1041 5236 Nicami
1067 5182 1272 5247 Patres,
1305 5191 1364 5235 ut
1395 5181 1652 5236 Ecclesize

115 5263 242 5319 nalis
293 5267 667 5333 mederentur,
719 5272 847 5326 huic
874 5273 1230 5327 carcinomati
1263 5273 1438 5342 primo
1485 5271 1654 5327 lenne

116 5367 209 5408 aoco
247 5366 587 5411 censuerunt
613 5364 1032 5420 occurrendum.
1066 5363 1219 5418 Unde
1256 5364 1419 5418 tertio
1444 5378 1654 5418 canone

117 5448 436 5505 severissime
459 5451 719 5506 omnibus
768 5453 822 5507 in
863 5457 1010 5511 clero
1057 5471 1382 5527 quocunque
1434 5455 1652 5510 tandem

119 5536 254 5602 gradu
285 5554 345 5594 ac
371 5541 600 5596 nomine
631 5541 969 5611 degentibus,
1003 5546 1110 5601 τῶν
1138 5545 1499 5601 συνεισάκτων
1522 5561 1654 5598 con-

121 5629 366 5688 metudiue
415 5632 837 5688 interdixerunt.
867 5635 1042 5706 Atque
1072 5621 1200 5692 hinc
1250 5638 1459 5706 liquem
1505 5638 1653 5693 arbi-

121 5725 548 5796 ttor,cujusmodi
581 5724 870 5782 mulierum
907 5729 1372 5798 prehensationes,
1417 5743 1650 5799 quarum

1755 4543 1988 4613 ejusdem
2013 4558 2129 4594 cum
2150 4540 2341 4594 creatis
2375 4548 2579 4590 natura:
2614 4552 2726 4589 esse
2755 4534 2974 4598 dicitur,
3005 4535 3099 4592 ,vel
3126 4535 3324 4588 statui-

1758 4645 1863 4698 tur,
1891 4635 2097 4689 scilicet
2127 4648 2157 4685 a
2201 4630 2406 4686 Joanne
2438 4629 2773 4698 evangelista
2799 4628 2958 4694 cujus
2992 4626 3155 4680 verba
3183 4641 3332 4694 prae-

1755 4725 1921 4779 misit.
1953 4722 2106 4789 Quod
2132 4723 2379 4791 quamvis
2413 4719 2616 4773 nemini
2650 4733 2759 4771 non
2785 4733 2879 4787 per
2903 4733 2961 4773 se
2994 4714 3334 4772 manifestis-

1756 4818 1973 4881 simum,
2029 4816 2152 4886 ipsa
2211 4814 2314 4867 loci
2375 4810 2686 4872 ἀκολουθία,
2732 4817 2786 4864 et
2835 4808 3007 4862 Graeci
3055 4809 3336 4865 sermonis

1753 4908 2090 4962 constructio
2148 4905 2363 4975 probat.
2422 4902 2717 4974 Subjungit
2749 4902 2894 4956 enim
2944 4901 3212 4954 rationem
3256 4914 3332 4955 ex

1757 4997 2028 5066 Evangelii
2057 4997 2238 5050 verbis
2282 4995 2530 5064 petitam,
2567 5009 2666 5047 cur
2695 4995 2723 5047 ὁ
2750 4992 2920 5060 Λόγος
2956 4991 3199 5058 ejusdem
3229 5003 3329 5042 na-

1755 5097 1891 5142 tura
1928 5103 2052 5141 cum
2091 5088 2254 5142 rebus
2306 5085 2506 5140 creatis
2566 5101 2688 5140 esse
2735 5093 2990 5152 nequeat,
3028 5084 3143 5150 εἴγε
3166 5083 3330 5146 αὐτὸς

1759 5179 1857 5250 μὲν
1889 5175 1955 5249 ἦν
2005 5183 2062 5231 ὲν
2097 5180 2265 5249 ἀρχῇ,
2314 5177 2597 5251 siquidem
2634 5179 2749 5247 ipse
2773 5214 2788 5240 ,
2838 5176 3047 5232 scilicet
3067 5177 3102 5238 ῥ
3130 5175 3328 5243 Λόγος,

1755 5278 1870 5325 erat
1901 5272 1953 5324 in
1980 5269 2247 5338 principio
2275 5288 2288 5324 :
2317 5270 2524 5339 reliqua
2573 5279 2750 5322 autem
2794 5269 2977 5322 omnia
3009 5281 3105 5335 per
3147 5268 3330 5335 ipsum

1756 5363 1894 5418 facta
1919 5369 2066 5418 sunt.
2105 5361 2212 5418 Sed
2245 5364 2514 5433 interpres
2567 5370 2773 5424 noster,
2807 5376 2930 5413 cum
2973 5361 3333 5429 praicedenti-

1755 5457 1857 5511 bus
1884 5456 2062 5510 verbis
2094 5454 2233 5512 male
2259 5454 2540 5509 conversis
2563 5468 2672 5506 non
2696 5452 2920 5507 haberet
2948 5467 3058 5520 quo
3101 5459 3328 5504 reterret

1758 5563 1938 5603 vocem
1965 5548 2142 5611 αὐτός,
2180 5548 2504 5602 sententiam
2537 5546 2674 5599 male
2698 5544 2921 5610 luxavit,
2948 5558 3122 5610 neque
3160 5542 3325 5597 ullam

1754 5640 1812 5694 in
1834 5637 2182 5706 sequentibus
2203 5637 2442 5708 periodis
2457 5651 2647 5693 sanam
2677 5635 2947 5704 expressit
2973 5635 3322 5688 sententiam.

1756 5729 1863 5784 Sed
1901 5728 2220 5798 interposita
2256 5710 2584 5797 παρενθέσει
2607 5726 2776 5780 miras
2816 5726 2918 5780 sibi
2949 5725 3049 5794 ipsi
3089 5724 3324 5796 aliisque
