4036 6320
1769 322 1823 378 S.
1866 324 2285 380 ALEXANDER
2329 327 2884 388 ALEXANDRINUS.

3837 336 3934 392 ΜΟ

710 431 904 488 oﬂ‘udit
936 435 1208 491 tenebras.
1256 434 1488 491 Romani
1513 452 1642 492 vero
1669 438 1928 502 editores,
1961 441 2277 510 interpretis
2307 452 2353 508 Α
2381 461 2512 501 sane
2538 455 2592 500 et
2615 447 2839 502 crebros
2863 454 2922 502 et-
2946 446 3156 505 validos
3192 445 3571 504 sanctissimus
3601 445 3693 501 hic
3727 445 3932 516 episcoo

706 541 953 585 errorem
1012 528 1093 582 vel
1143 527 1549 583 ﬂuctuationem
1579 529 1784 598 prolata
1841 531 2056 600 longius
2081 547 2277 602 paren-

710 616 850 670 thesi
883 631 989 670 non
1032 631 1225 685 parum
1273 627 1553 688 augentes,
1593 619 1864 674 rationum
1929 628 2094 690 atque
2115 637 2276 690 argu-

709 715 1012 764 mentorum
1043 709 1154 764 vim
1196 726 1260 766 ac
1289 726 1486 767 nervos
1521 712 1678 783 plane
1720 710 2089 778 succiderunt,
2137 730 2274 784 quos

708 866 1736 895 Μ

2382 551 2488 604 pus
2519 535 2574 588 in
2605 536 2841 590 Arianos
2871 542 3108 603 torquet.
3163 533 3270 590 Sed
3299 551 3420 590 cum
3447 544 3500 591 et
3537 552 3638 592 vos
3659 538 3927 607 patientia,

2383 633 2438 679 et
2463 640 2548 679 me
2579 624 2808 679 laterum
2843 626 2990 679 vires
3015 626 3333 693 destituant,
3357 637 3552 682 caatera
3585 629 3929 684 commodiori

2380 715 2610 784 tempori
2642 715 3064 770 reservabimus.

1537 1064 1866 1153 DISSE
1891 1063 2322 1156 RTATIO
2394 1065 2934 1158 SECUNDA
2982 1053 3110 1149 (ο).

779 1374 1076 1446 Abruptum
1102 1376 1286 1446 prima;
1308 1375 1718 1433 Dissertationis
1742 1377 1888 1432 Illum
1907 1379 1972 1432 ad
2005 1377 2267 1446 reliquam

709 1468 972 1524 institutae
1000 1483 1243 1522 censura:
1301 1477 1509 1537 partem
1544 1469 1925 1539 pertexendam
1983 1480 2265 1523 connecto.

712 1557 876 1628 Urget
905 1567 1091 1613 contra
1123 1559 1237 1613 Arii
1281 1560 1652 1630 blasphemias
1705 1561 2012 1616 Alexander
2055 1562 2269 1631 episeo-

2373 1371 2467 1430 τοῦ
2494 1371 2711 1434 παντὸς,
2769 1369 2818 1422 εἰ
2844 1367 3064 1436 γέγονεν
3110 1369 3153 1440 ἢ,
3204 1367 3396 1437 ἀγενές
3437 1369 3601 1425 ἐστιν.
3650 1370 3945 1438 Factum"-

2375 1464 2444 1520 sit
2471 1463 2788 1525 universum,
2821 1477 2890 1514 an
2913 1477 3015 1514 non
3068 1461 3290 1530 factum.
3324 1458 3436 1515 Hoc
3473 1469 3576 1526 est,
3607 1471 3667 1518 ut
3715 1462 3932 1521 Procius

2375 1556 2632 1625 explicat,
2685 1556 2732 1606 ει
2764 1553 3054 1625 γενητδςῆ
3108 1555 3369 1624 ἀγένητος
3417 1556 3444 1608 ὁ
3479 1555 3702 1626 κόσμος.
3767 1558 3935 1627 Atque

706 1665 830 1718 pus,
851 1663 1106 1703 aeternam
1132 1649 1291 1705 Verbi
1324 1651 1414 1705 Dei
1445 1668 1510 1707 ex
1545 1641 1997 1723 Patre'originem
2031 1630 2268 1708 auctori-
2303 1630 2342 1683 Β
2375 1650 2450 1702 ita
2507 1649 2922 1717 antiquissimus
2974 1647 3066 1703 ille
3116 1646 3280 1702 Italiae
3319 1648 3672 1718 philosophus
3720 1649 3932 1706 Ocellus

706 1752 818 1798 tate
847 1744 1076 1800 Joannis
1127 1748 1492 1816 evangelistae,
1523 1748 1613 1815 qui
1649 1748 1699 1800 in
1738 1749 1855 1814 ipso
1877 1748 2060 1802 limine
2092 1747 2268 1800 Evan-

705 1837 831 1905 gelii
861 1836 970 1900 sui,
1006 1836 1242 1891 Verbum
1276 1839 1328 1890 in
1359 1839 1624 1906 principio
1673 1839 1876 1901 fuisse,
1916 1847 2107 1892 caetera
2140 1856 2267 1894 vero

704 1929 887 1986 omnia
915 1928 1109 1983 deinde
1136 1946 1230 1999 per
1260 1928 1496 1984 Verbum
1532 1930 1671 1982 facta
1715 1938 1964 1984 testatur.
1993 1930 2110 1995 Quo
2147 1932 2266 1985 loco

702 2018 1089 2087 evangelistam
1120 2033 1322 2072 arcano
1353 2028 1405 2071 et
1464 2020 1716 2088 religioso
1757 2022 1990 2089 quodam
2037 2024 2267 2077 consilio

702 2109 925 2162 verbum
950 2104 1038 2177 ἦν,
1072 2110 1185 2162 sive
1213 2119 1346 2178 erat,
1389 2110 1736 2175 adhibuisse;
1783 2111 2052 2180 γενέσεως
2085 2121 2262 2167 autem

702 2207 757 2249 et
779 2198 1042 2266 ποιήσεως
1075 2198 1290 2251 nomine
1342 2199 1669 2254 abstinuisse
1714 2201 1886 2255 docet.
1945 2202 2147 2267 Primo,
2199 2218 2266 2258 ne

703 2287 896 2342 iisdem
925 2290 1146 2342 vocibus
1196 2289 1262 2342 de
1290 2290 1548 2345 Creatore
1604 2298 1657 2344 et
1701 2300 1948 2345 creatura
2002 2302 2261 2348 uteretur.

706 2373 977 2440 Secundo,
1001 2377 1145 2442 QIIOd
1178 2376 1336 2431 Verbi
1376 2377 1562 2432 aeterni
1595 2380 2001 2447 productionem
2032 2397 2138 2433 non
2177 2397 2266 2436 so-

704 2465 813 2519 lum
842 2468 1318 2537 evangelistarum,
1352 2469 1447 2522 sed
1479 2476 1531 2522 et
1582 2469 1893 2538 angelorum
1933 2472 2261 2526 intellectum

699 2560 965 2614 excedere
989 2561 1266 2626 crederet;
1303 2562 1484 2624 tertio,
1511 2563 1654 2631 quod
1679 2562 1903 2631 impium
1928 2564 2264 2618 existimaret

702 2666 900 2705 arcana
932 2651 1022 2704 illa
1079 2650 1384 2706 Divinitatis
1417 2654 1691 2729 mysteria,
1724 2654 1942 2706 curiosa
2001 2654 2266 2723 pervesti-

699 2743 917 2811 gatione
948 2744 1200 2798 subtilius
1235 2746 1488 2799 scrutari.
1540 2744 1598 2798 ln
1648 2745 1808 2811 cujus
1843 2745 1946 2798 loci
1975 2761 2138 2800 sensu
2169 2762 2264 2799 ex-

703 2835 986 2903 primendo
1019 2851 1123 2888 non
1150 2837 1315 2890 semel
1342 2836 1685 2890 ollenderunt
1717 2838 2060 2905 interpretes.
2093 2853 2263 2906 quan-

702 2927 995 2996 doquidem
1055 2925 1240 2981 Graeca
1297 2929 1460 2981 verba
1517 2928 1646 2981 vitio
1705 2943 1812 2982 non
1873 2935 2079 2982 carent.
2131 2927 2266 2982 Illud

703 3026 913 3070 tantum
953 3017 1282 3080 indicavero,
1316 3019 1405 3071 ubi
1438 3021 1548 3072 ait:
1576 3020 1635 3072 τὸ
1668 3017 1764 3089 ἦν,
1821 3020 2134 3092 ὑπεραίρειν
2173 3021 2270 3090 τῆς

700 3109 809 3160 τῶν
830 3109 1100 3178 γεννητῶν
1137 3110 1395 3173 διανοίας,
1449 3126 1635 3165 vocem
1683 3112 1826 3164 illam
1891 3123 2025 3175 erat,
2058 3113 2272 3167 univer—

702 3212 817 3251 sam
841 3207 1214 3252 creaturarum
1255 3199 1663 3268 intélligentiam
1696 3201 2102 3262 transcendere.
2127 3202 2269 3255 haud

700 3290 864 3343 dubie
902 3291 1166 3360 γενητῶν.
1212 3305 1319 3342 non
1356 3291 1632 3360 γεννητῶν
1658 3291 1972 3359 legendum;
2036 3308 2266 3362 quorum

701 3380 806 3434 hoc
833 3381 940 3433 ἀπὸ
962 3381 1058 3433 τοῦ
1079 3383 1387 3450 γεννᾶσθαι,
1411 3383 1540 3436 illud
1571 3384 1678 3436 ἀπὺ
1704 3383 1796 3435 τοῦ
1830 3383 2074 3450 γίνεσθαι
2099 3385 2271 3439 dedu-

698 3471 860 3528 Citur.
887 3472 1033 3539 Quas
1085 3475 1302 3545 quidem
1354 3490 1536 3541 voces,
1569 3477 1693 3530 licet
1722 3477 1931 3546 origine
1977 3487 2031 3532 et
2061 3478 2269 3548 signiﬁ-

699 3574 825 3618 catu
857 3565 1064 3629 afﬁnes,
1098 3568 1238 3621 sacri
1265 3576 1316 3621 et
1357 3567 1568 3637 profani
1604 3577 1856 3623 auctores
1883 3584 2041 3625 caute
2073 3571 2268 3624 distin-

699 3662 892 3724 guunt,
925 3672 1048 3710 cum
1081 3664 1264 3711 tamen
1299 3659 1351 3711 in
1389 3658 1622 3724 vulgatis
1664 3657 1863 3712 Justini
1899 3658 1993 3725 5L,
2028 3660 2265 3728 Eusebii,

701 3745 1011 3815 Epiphanii,
1046 3746 1385 3816 aliorumque
1411 3747 1764 3810 editionibus,
1813 3748 2085 3803 sexcentis
2133 3750 2267 3804 locis

701 3837 958 3890 confusas
990 3837 1278 3890 observare
1329 3839 1508 3891 liceat.
1556 3838 1770 3900 Γένεσις
1802 3839 1945 3891 enim
2001 3848 2054 3892 et
2109 3857 2266 3909 γενη-

700 3928 814 3991 τόν,
859 3936 917 3981 ut
955 3928 1182 3982 Proclus
1221 3928 1362 3982 libro
1420 3942 1459 3981 ll
1491 3929 1543 3981 in
1604 3928 1856 3982 Timaeum
1911 3931 2004 3993 ait,
2033 3931 2128 4000 τὴν
2161 3931 2266 3983 ἀπὸ

700 4019 796 4073 τοῦ
875 4016 1214 4091 Δημιουργοῦ
1288 4020 1509 4090 πρόοδον
1572 4021 1841 4091 significat
1897 4042 1910 4076 :
1971 4023 2073 4078 hoc
2141 4031 2263 4089 est,

698 4113 1031 4167 creationem
1066 4121 1120 4167 et
1153 4112 1563 4182 produmioncm
1603 4129 1668 4167 ex
1709 4115 1899 4169 nihilo.
1972 4113 2142 4178 Unde,
2207 4125 2266 4169 ut

698 4204 950 4259 Justinus
1003 4203 1205 4274 Martyr
1249 4208 1323 4257 ait
1391 4207 1444 4257 in
1500 4203 1936 4273 Responsionibus
1994 4207 2061 4258 ad
2119 4209 2264 4261 Crat-

2377 1739 2633 1794 Lucanus
2660 1739 2860 1810 insigni
2881 1755 3045 1809 Opere
3071 1743 3300 1810 probare
3326 1740 3582 1804 instituit,
3614 1742 3677 1793 τὸ
3703 1744 3809 1794 πᾶν
3845 1744 3934 1794 ἀν-

2372 1834 2605 1902 ώλεθρον
2629 1828 2768 1885 εἶναι
2797 1833 2887 1884 καὶ
2906 1832 3184 1901 ἀγένητον,
3211 1831 3462 1884 mundum
3485 1840 3603 1885 ortu
3625 1833 3934 1902 interimque

2372 1942 2576 1978 carere;
2599 1925 2754 1991 Quod
2789 1923 2935 1978 enim
2993 1924 3152 1993 vulgo
3208 1925 3500 1994 ἀγέννητον
3542 1927 3746 1994 passim
3799 1928 3932 1995 apud

2371 2016 2613 2071 Ocellum
2645 2016 2922 2077 scribitur,
2951 2015 3006 2069 id
3037 2024 3229 2070 contra
3254 2016 3490 2086 Optimos
3513 2015 3813 2072 Vaticanos
3843 2033 3932 2072 σου

2371 2110 2521 2164 dices
2557 2123 2681 2163 esse
2732 2105 3087 2176 deprehendi,
3113 2121 3239 2161 cum
3297 2108 3499 2176 quibus
3543 2122 3772 2162 aureum
3809 2108 3932 2162 illud

2370 2200 2695 2270 opusculum
2729 2199 3014 2268 diligenter
3053 2199 3345 2269 aliquando
3373 2201 3601 2255 contuli.
3644 2200 3812 2256 Recte
3843 2202 3933 2271 igi-

2372 2305 2460 2347 tur
2472 2293 2790 2346 universum
2802 2291 2926 2355 hoc,
2953 2299 3007 2346 et
3025 2291 3287 2361 quidquid
3300 2306 3479 2346 rerum
3501 2299 3811 2346 ereatarum
3827 2295 3934 2348 uni-

2373 2401 2530 2441 verso
2541 2385 2871 2449 continetur,
2890 2383 3101 2437 ratione
3123 2382 3308 2453 prima:
3322 2383 3699 2454 productionis
3720 2386 3932 2456 γενητόν

2371 2478 2763 2548 appellabimus
2782 2493 2794 2527 :
2811 2475 3068 2546 γεννητόν
3081 2490 3205 2530 vero
3222 2476 3636 2546 haudquaquam
3661 2498 3673 2531 :
3691 2479 3833 2547 quod
3847 2480 3930 2531 uni

2370 2569 2549 2625 Verbo
2570 2576 2773 2624 veterno
2794 2567 3066 2634 convenit,
3084 2568 3170 2622 cui
3191 2568 3290 2622 soli
3314 2567 3473 2622 Pater
3492 2569 3628 2621 dixit
3655 2588 3667 2622 :
3693 2569 3820 2633 Υὸός
3838 2587 3930 2640 μου

2370 2659 2422 2714 εῐ
2469 2661 2554 2725 σὺ,
2602 2660 2712 2727 ἐγὼ
2746 2660 2982 2731 σήμερον
3003 2661 3308 2729 γεγέννηκά
3338 2675 3424 2711 σε·
3456 2657 3630 2713 Filius
3697 2677 3837 2714 meus
3882 2678 3930 2714 es

2373 2763 2553 2820 tu,ego
2576 2750 2729 2802 hodie
2755 2750 2907 2819 genui
2930 2757 2994 2801 te.
3031 2745 3237 2802 Caetera
3264 2756 3439 2800 autem
3466 2747 3756 2809 omnia,8t‘
3778 2743 3931 2800 αὺτοῦ

2371 2842 2605 2908 ἐγένετο,
2649 2840 2740 2893 καὶ
2779 2840 2948 2910 χωρὶς
2973 2838 3135 2892 αὑτοῦ
3154 2838 3367 2906 ἐγένετο
3397 2837 3514 2890 οὐδὲ
3544 2837 3622 2898 ἓν,
3645 2837 3675 2889 ὅ
3696 2840 3928 2906 γέγονεν.

2374 2930 2529 2986 Unde
2549 2941 2601 2986 et
2626 2929 2833 2986 Psaltes
2855 2931 3035 3000 regius
3071 2948 3084 2984 :
3115 2928 3286 2991 Αὐτὸς
3332 2925 3505 2992 εἷπεν,
3555 2931 3650 2982 καὶ
3681 2931 3934 3002 ἐγενήθη-

2375 3038 2474 3074 σαν
2498 3040 2510 3052 ·
2545 3022 2664 3090 Ipse
2691 3022 2848 3086 dixit,
2878 3031 2925 3075 et
2951 3022 3095 3090 facta
3125 3031 3266 3076 sunt.
3291 3020 3491 3076 Contra
3525 3022 3768 3077 mundus
3796 3033 3934 3083 recte

2373 3113 2686 3183 ἀγέννητος,
2726 3128 2833 3166 non
2869 3121 3048 3166 autem
3077 3111 3357 3183 ἀγένητος.
3389 3111 3557 3166 Filius
3609 3122 3791 3168 autem
3842 3113 3932 3169 Dei

2373 3206 2658 3275 ἀγένητος,
2696 3220 2804 3258 non
2834 3204 3147 3273 ἀγέννητος.
3181 3203 3310 3269 Quae
3338 3202 3586 3258 fortassis
3613 3205 3755 3262 levia
3771 3205 3932 3259 videri

2372 3305 2617 3363 possent,
2655 3296 2760 3349 nisi
2801 3297 2963 3348 unius
3018 3295 3213 3350 litterae
3243 3295 3558 3359 interstitio,
3613 3303 3804 3352 rectus
3845 3312 3933 3350 ea-

2372 3386 2584 3439 tbolicae
2633 3385 2874 3439 veritatis
2904 3393 3105 3441 trames
3133 3400 3163 3438 a
3195 3385 3640 3456 gravissimorum
3685 3403 3932 3442 errorum

2369 3477 2685 3547 praecipitiis
2713 3479 3133 3547 diSpesceretur.
3165 3476 3320 3534 Unde
3360 3475 3618 3532 Joannem
3643 3477 3935 3533 Damascev

2369 3583 2500 3622 num
2532 3569 2672 3622 libro
2701 3584 2740 3632 ι,
2769 3583 2888 3638 cap.
2924 3568 2980 3634 9,
3007 3584 3206 3639 magno
3237 3567 3353 3623 haec
3401 3569 3583 3623 studio
3640 3569 3937 3627 adnotasse

2365 3660 2614 3715 videmus
2635 3701 2650 3725 ,
2681 3671 2733 3715 et
2763 3659 3098 3731 Epiphanius
3127 3663 3320 3717 haeresi
3375 3677 3508 3722 inx,
3551 3662 3788 3716 Arianos
3825 3663 3934 3718 haec

2368 3754 2590 3807 nomina
2621 3753 3020 3808 confundentes
3051 3754 3370 3823 gravissime
3398 3754 3736 3823 perstrinxit.
3760 3755 3933 3819 Quam

2366 3842 2504 3897 bene
2527 3852 2704 3896 autem
2739 3845 3006 3913 interpres
3033 3845 3242 3914 Anglus
3274 3843 3342 3898 τὰ
3365 3845 3568 3915 γενητά
3626 3847 3933 3898 mortalium

2368 3937 2586 3990 nomine
2618 3937 2870 4006 explicet,
2906 3953 3030 3992 mox
3063 3937 3420 3993 commodiori
3449 3937 3570 3991 loco
3604 3938 3930 3992 videbimus.

2367 4025 2612 4097 Ineptum
2640 4043 2876 4098 quoque,
2908 4029 3056 4098 quod
3089 4029 3228 4083 idem
3274 4037 3461 4084 noster
3505 4028 3774 4098 interpres
3799 4027 3934 4082 Ver-

2367 4120 2495 4176 bum
2527 4131 2808 4188 aeternum,
2837 4137 3056 4176 causam
3085 4120 3403 4175 elIicientem
3429 4136 3609 4176 rerum
3660 4121 3927 4183 omnium.

2373 4213 2430 4265 τὸ
2455 4210 2663 4280 ποιοῦν,
2698 4214 2907 4282 gignens
2943 4213 3174 4282 appellat
3199 4231 3214 4278 ;
3238 4227 3359 4266 cum
3391 4212 3570 4267 omnis
3603 4211 3929 4265 Arianorum

697 4311 785 4348 cos
835 4311 854 4348 .'
915 4295 986 4346 Τὸ
1042 4294 1291 4363 γενέσθαι
1343 4295 1438 4348 καὶ
1501 4297 1562 4348 τὸ
1621 4297 1886 4349 ποιεῖσθαι
1953 4298 2092 4362 λέξει
2167 4301 2264 4370 μὲν

2369 4305 2567 4356 astutia
2602 4303 2654 4356 in
2711 4303 3024 4372 hujusmodi
3081 4303 3726 4376 verborum_conlusione
3749 4319 3930 4358 verse-

696 4389 756 4439 οὐ
827 4389 1064 4451 ταυτὸν,
1140 4387 1283 4458 ἔργῳ
1327 4388 1382 4440 δὲ
1447 4402 1656 4441 ταυτον.
1705 4387 1881 4443 Verbo
1931 4390 2149 4454 differt,
2206 4409 2262 4446 re

699 4480 816 4548 ipsa
877 4479 1017 4533 idem
1069 4488 1172 4533 est.
1219 4479 1471 4548 Γέννησις
1513 4491 1690 4534 autem
1740 4481 1974 4552 προϐολὴ
2037 4483 2262 4536 ἀπὸτοῦ

697 4570 944 4640 Πατρός,
1002 4570 1103 4623 hoc
1149 4578 1232 4625 est
1279 4572 1596 4640 generatio,
1653 4573 1784 4635 sive,
1826 4582 1882 4626 ut
1933 4589 2054 4627 cum
2101 4576 2262 4645 vulgo

696 4663 1070 4730 theologorum
1123 4662 1335 4730 loquar,
1371 4665 1654 4732 productio
1684 4665 1915 4718 viventis
1947 4680 1975 4718 a
2024 4667 2259 4732 vivente,

697 4752 894 4807 similis
927 4752 1246 4821 producenti
1279 4754 1331 4806 in
1369 4754 1672 4808 substantia
1701 4763 1754 4809 et
1799 4766 2008 4811 natura.
2042 4757 2108 4810 Et
2138 4775 2262 4826 γεν-

695 4843 876 4912 νητόν,
902 4851 960 4896 ut
985 4844 1125 4910 apud
1149 4843 1397 4897 eumdem
1453 4843 1724 4899 Justinum
1757 4846 2005 4910 habetur,
2049 4847 2110 4900 τὸ
2140 4865 2262 4917 γεν-

693 4934 869 5003 νητῶς
899 4935 1198 5005 γινόμενον,
1248 4937 1362 4990 sive
1421 4935 1482 4988 τὸ
1540 4937 1810 5013 γεννητῶς
1838 4941 1897 4991 τὸ
1939 4937 2078 4994 εἶναι
2116 4941 2256 5012 ἕχον,

694 5027 832 5095 quod
861 5044 951 5096 per
983 5029 1196 5081 modum
1236 5031 1590 5098 generationis
1628 5031 1888 5085 subsistit.
1940 5032 2096 5090 Unde
2138 5036 2262 5090 Cle-

694 5133 851 5174 mens
875 5117 1302 5183 Alexandrinus,
1363 5136 1486 5174 cum
1516 5121 1779 5190 γενέσεως
1821 5140 2017 5180 nomen
2058 5129 2261 5195 promi-

693 5219 826 5260 scue
857 5207 1030 5276 accipi
1084 5208 1292 5263 videret
1319 5211 1482 5263 etiam
1523 5226 1620 5280 pro
1647 5214 2012 5280 generatione,
2062 5226 2258 5286 quarto

695 5294 1025 5350 Stromatum
1059 5297 1197 5352 libro
1223 5300 1296 5352 ita
1327 5314 1448 5354 eam
1472 5301 1777 5371 distinguit,
1813 5313 1870 5356 ut
1914 5307 2019 5358 alia
2057 5309 2126 5360 sit
2150 5307 2257 5358 τῶν

695 5388 1068 5457 γεννωμένων,
1105 5390 1210 5442 alia
1257 5391 1366 5446 τῶν
1422 5394 1742 5465 γινομένων,
1779 5396 1984 5451 scilicet
2041 5414 2106 5452 ne
2134 5401 2257 5468 quis

693 5480 756 5532 τὸ
819 5481 1047 5550 γενητὸν
1099 5484 1191 5535 καὶ
1246 5486 1500 5554 γεννητόν
1563 5486 1935 5544 confunderet.
1998 5489 2150 5547 Unde
2205 5500 2257 5545 et

695 5567 846 5627 Plato
879 5574 1142 5643 principio
1175 5576 1783 5648 Timwi-disquirendum
1804 5586 2087 5651 proponit:
2125 5587 2258 5657 Περὶ

769 5727 846 5799 (a)
876 5727 1064 5783 Habita
1091 5730 1290 5797 Romm,
1322 5744 1378 5786 ut
1409 5748 1590 5803 supra.

2367 4404 2476 4456 tur,
2531 4410 2652 4463 quae
2692 4395 3073 4449 sanctissimus
3113 4394 3200 4446 hic
3227 4381 3416 4446 θυειὼ
3456 4402 3645 4447 contra
3702 4392 3928 4460 diligen-

2365 4489 2574 4542 tissime
2602 4487 2904 4557 distinguit.
2937 4485 3132 4541 Tutius
3161 4501 3291 4541 sane
3321 4502 3444 4540 cum
3477 4485 3690 4553 vulgato
3726 4482 3926 4536 Biblio-

2363 4595 2483 4632 rum
2541 4578 2855 4648 interprete,
2909 4576 3134 4646 faciendi
3166 4585 3219 4632 et
3249 4577 3467 4646 factoris
3509 4574 3772 4629 vocabulo
3813 4584 3927 4628 ute-

2363 4675 2534 4734 retur,
2584 4667 2743 4722 novis
2801 4667 2912 4722 illis
2964 4667 3253 4722 verborum
3289 4665 3526 4720 lautieiis
3549 4665 3775 4728 relictis,
3807 4680 3926 4734 qua:

2361 4760 2546 4816 animo
2604 4757 2778 4816 sacﬂ's
2803 4759 3001 4814 litteris
3054 4759 3321 4812 innutrito
3373 4771 3634 4811 nauseam
3685 4772 3925 4813 commo-

2360 4861 2506 4908 vent.
2558 4851 2634 4906 Ita
2680 4853 2736 4907 in
2785 4852 3049 4908 orationis
3097 4865 3386 4921 progressu
3413 4887 3431 4912 ,
3487 4847 3578 4903 ubi
3625 4847 3927 4906 Alexander

2361 4945 2502 5002 ﬁlios
2531 4961 2628 5017 per
2660 4945 2886 5016 gratiam
2919 4944 3224 5013 adoptatos,
3265 4958 3296 4996 a
3322 4939 3499 4997 Verbo
3525 4949 3752 5005 aeterno,
3791 4956 3924 4995 vero

2362 5040 2656 5109 etproprio
2708 5035 2801 5093 Dei
2850 5035 2988 5091 Filio
3043 5049 3206 5106 quam
3261 5033 3575 5104 longissime
3627 5044 3864 5088 removet
3906 5051 3919 5094 ;

2359 5129 2620 5198 quoniam
2653 5127 2742 5182 hic
2779 5135 2974 5182 natura
3026 5125 3121 5179 Dei
3147 5119 3318 5178 Filius
3346 5125 3457 5192 ;illi
3497 5139 3649 5188 vero,
3681 5122 3922 5192 deposito

2361 5221 2554 5289 spiritu
2595 5219 2894 5282 servitutis,
2917 5217 2977 5271 τὸ
2999 5216 3098 5287 τῆς
3120 5215 3388 5279 υἱοθεσίας
3405 5215 3659 5278 λαϐόντες
3690 5205 3918 5283 πνεῐμα.

2359 5311 2474 5368 Hoc
2510 5320 2614 5375 est,
2647 5319 2706 5364 ut
2744 5317 2932 5365 noster
2960 5309 3227 5378 interpres
3273 5308 3523 5370 reddidit,
3559 5306 3760 5375 Spiritu
3795 5305 3922 5356 ado-

2357 5406 2550 5474 ptionis
2607 5404 2839 5473 ﬁliorum
2892 5409 3184 5465 assumpto,
3215 5401 3307 5452 lilii
3364 5398 3600 5468 adoptivi
3662 5395 3914 5451 evadunt.

2358 5497 2558 5562 Quidni
2619 5495 2798 5566 potius
2848 5508 2971 5547 cum
3028 5492 3154 5546 divo
3193 5491 3361 5546 Paulo
3389 5491 3453 5544 ad
3485 5491 3645 5545 Rom.
3674 5503 3789 5546 vin,
3833 5482 3916 5544 l5,

2362 5587 2563 5658 Spiritu
2621 5585 2915 5654 adoptionis
2970 5593 3196 5655 accepto,
3233 5586 3314 5642 vel
3368 5583 3621 5652 Spiritum
3685 5576 3907 5646 adoptio-
