  <div class='ocr_page' id='page_1' title='image "/cluster/home/n/w/nwhite01/storage/ocr_20150623/18/pst.000005712038/278.png"; bbox 0 0 4036 6320; ppageno 0'>
   <div class='ocr_carea' id='block_1_1' title="bbox 206 407 306 465">
    <p class='ocr_par' dir='ltr' id='par_1_1' title="bbox 206 407 306 465">
     <span class='ocr_line' id='line_1_1' title="bbox 206 407 306 465; baseline -0.02 1"><span class='ocrx_word' id='word_1_1' title='bbox 206 407 306 465; x_wconf 67' lang='lat' dir='ltr'><strong>5H</strong></span> 
     </span>
    </p>
   </div>
   <div class='ocr_carea' id='block_1_2' title="bbox 209 514 963 595">
    <p class='ocr_par' dir='ltr' id='par_1_2' title="bbox 209 514 963 595">
     <span class='ocr_line' id='line_1_2' title="bbox 209 514 963 595; baseline -0.027 -11"><span class='ocrx_word' id='word_1_2' title='bbox 209 529 297 583; x_wconf 69' lang='lat' dir='ltr'><strong>ais</strong></span> <span class='ocrx_word' id='word_1_3' title='bbox 328 524 570 595; x_wconf 72' lang='lat' dir='ltr'><strong>ﬁliorum</strong></span> <span class='ocrx_word' id='word_1_4' title='bbox 629 514 963 584; x_wconf 70' lang='lat' dir='ltr'><strong>accipientes,</strong></span> 
     </span>
    </p>
   </div>
   <div class='ocr_carea' id='block_1_3' title="bbox 209 592 1790 689">
    <p class='ocr_par' dir='ltr' id='par_1_3' title="bbox 209 592 1790 689">
     <span class='ocr_line' id='line_1_3' title="bbox 209 592 1790 689; baseline -0.022 -15"><span class='ocrx_word' id='word_1_5' title='bbox 209 592 442 689; x_wconf 54' lang='lat' dir='ltr'><strong>gratiam</strong></span> <span class='ocrx_word' id='word_1_6' title='bbox 484 613 806 677; x_wconf 86' lang='lat' dir='ltr'><strong>donumque</strong></span> <span class='ocrx_word' id='word_1_7' title='bbox 863 603 958 658; x_wconf 88' lang='lat' dir='ltr'><strong>Dei</strong></span> <span class='ocrx_word' id='word_1_8' title='bbox 982 592 1398 672; x_wconf 34' lang='lat' dir='ltr'><strong>&#39;prazsupponat,</strong></span> <span class='ocrx_word' id='word_1_9' title='bbox 1450 607 1654 646; x_wconf 78' lang='lat' dir='ltr'><strong>sumere</strong></span> <span class='ocrx_word' id='word_1_10' title='bbox 1691 602 1790 640; x_wconf 89' lang='lat' dir='ltr'><strong>au-</strong></span> 
     </span>
    </p>
   </div>
   <div class='ocr_carea' id='block_1_4' title="bbox 209 684 1792 770">
    <p class='ocr_par' dir='ltr' id='par_1_4' title="bbox 209 684 1792 770">
     <span class='ocr_line' id='line_1_4' title="bbox 209 684 1792 770; baseline -0.021 -5"><span class='ocrx_word' id='word_1_11' title='bbox 209 684 346 770; x_wconf 74' lang='lat' dir='ltr'><strong>tem,</strong></span> <span class='ocrx_word' id='word_1_12' title='bbox 388 708 503 764; x_wconf 87' lang='lat' dir='ltr'><strong>sive</strong></span> <span class='ocrx_word' id='word_1_13' title='bbox 531 714 821 758; x_wconf 78' lang='lat' dir='ltr'><strong>assumere,</strong></span> <span class='ocrx_word' id='word_1_14' title='bbox 853 693 1127 765; x_wconf 82' lang='lat' dir='ltr'><strong>propriam</strong></span> <span class='ocrx_word' id='word_1_15' title='bbox 1159 684 1561 759; x_wconf 88' lang='lat' dir='ltr'><strong>quodammodo</strong></span> <span class='ocrx_word' id='word_1_16' title='bbox 1605 689 1792 734; x_wconf 55' lang='lat' dir='ltr'><strong>aucto.</strong></span> 
     </span>
    </p>
   </div>
   <div class='ocr_carea' id='block_1_5' title="bbox 205 772 1793 856">
    <p class='ocr_par' dir='ltr' id='par_1_5' title="bbox 205 772 1793 856">
     <span class='ocr_line' id='line_1_5' title="bbox 205 772 1793 856; baseline -0.019 0"><span class='ocrx_word' id='word_1_17' title='bbox 205 802 434 856; x_wconf 76' lang='lat' dir='ltr'><strong>ritatem</strong></span> <span class='ocrx_word' id='word_1_18' title='bbox 459 793 810 852; x_wconf 81' lang='lat' dir='ltr'><strong>subindicare</strong></span> <span class='ocrx_word' id='word_1_19' title='bbox 830 786 1097 840; x_wconf 90' lang='lat' dir='ltr'><strong>videatur.</strong></span> <span class='ocrx_word' id='word_1_20' title='bbox 1135 781 1291 848; x_wconf 92' lang='lat' dir='ltr'><strong>Quod</strong></span> <span class='ocrx_word' id='word_1_21' title='bbox 1320 777 1466 833; x_wconf 89' lang='lat' dir='ltr'><strong>enim</strong></span> <span class='ocrx_word' id='word_1_22' title='bbox 1499 772 1793 845; x_wconf 76' lang='lat' dir='ltr'><strong>Apostolus</strong></span> 
     </span>
    </p>
   </div>
   <div class='ocr_carea' id='block_1_6' title="bbox 208 863 1787 948">
    <p class='ocr_par' dir='ltr' id='par_1_6' title="bbox 208 863 1787 948">
     <span class='ocr_line' id='line_1_6' title="bbox 208 863 1787 948; baseline -0.02 0"><span class='ocrx_word' id='word_1_23' title='bbox 208 895 296 948; x_wconf 79' lang='lat' dir='ltr'><strong>ait</strong></span> <span class='ocrx_word' id='word_1_24' title='bbox 327 891 396 945; x_wconf 79' lang='lat' dir='ltr'><strong>ad</strong></span> <span class='ocrx_word' id='word_1_25' title='bbox 420 887 585 942; x_wconf 83' lang='lat' dir='ltr'><strong>Hebr.</strong></span> <span class='ocrx_word' id='word_1_26' title='bbox 606 900 663 948; x_wconf 72' lang='grc' dir='ltr'>ν,</span> <span class='ocrx_word' id='word_1_27' title='bbox 685 883 719 936; x_wconf 75' lang='grc'><strong>4</strong></span> <span class='ocrx_word' id='word_1_28' title='bbox 751 900 764 934; x_wconf 89' lang='lat'><strong>:</strong></span> <span class='ocrx_word' id='word_1_29' title='bbox 805 879 924 933; x_wconf 84' lang='lat' dir='ltr'><strong>Non</strong></span> <span class='ocrx_word' id='word_1_30' title='bbox 951 875 1050 930; x_wconf 77' lang='lat' dir='ltr'><strong>sibi</strong></span> <span class='ocrx_word' id='word_1_31' title='bbox 1077 873 1178 944; x_wconf 81' lang='lat' dir='ltr'><strong>ipsi</strong></span> <span class='ocrx_word' id='word_1_32' title='bbox 1199 872 1476 942; x_wconf 72' lang='lat' dir='ltr'><strong>quisquam</strong></span> <span class='ocrx_word' id='word_1_33' title='bbox 1517 866 1677 920; x_wconf 81' lang='lat' dir='ltr'><strong>sumit</strong></span> <span class='ocrx_word' id='word_1_34' title='bbox 1699 863 1787 917; x_wconf 82' lang='lat' dir='ltr'><strong>h0-</strong></span> 
     </span>
    </p>
   </div>
   <div class='ocr_carea' id='block_1_7' title="bbox 209 956 1794 1046">
    <p class='ocr_par' dir='ltr' id='par_1_7' title="bbox 209 956 1794 1046">
     <span class='ocr_line' id='line_1_7' title="bbox 209 956 1794 1046; baseline -0.019 -6"><span class='ocrx_word' id='word_1_35' title='bbox 209 999 424 1041; x_wconf 75' lang='lat' dir='ltr'><strong>norcm,</strong></span> <span class='ocrx_word' id='word_1_36' title='bbox 445 977 536 1033; x_wconf 82' lang='lat' dir='ltr'><strong>sed</strong></span> <span class='ocrx_word' id='word_1_37' title='bbox 567 977 656 1046; x_wconf 71' lang='lat' dir='ltr'><strong>qui</strong></span> <span class='ocrx_word' id='word_1_38' title='bbox 684 982 901 1028; x_wconf 79' lang='lat' dir='ltr'><strong>vocatur</strong></span> <span class='ocrx_word' id='word_1_39' title='bbox 929 988 961 1024; x_wconf 89' lang='lat' dir='ltr'><strong>a</strong></span> <span class='ocrx_word' id='word_1_40' title='bbox 993 969 1122 1029; x_wconf 73' lang='lat' dir='ltr'><strong>Deo,</strong></span> <span class='ocrx_word' id='word_1_41' title='bbox 1177 967 1251 1019; x_wconf 87' lang='lat' dir='ltr'><strong>ita</strong></span> <span class='ocrx_word' id='word_1_42' title='bbox 1287 978 1388 1018; x_wconf 89' lang='lat' dir='ltr'><strong>nec</strong></span> <span class='ocrx_word' id='word_1_43' title='bbox 1415 961 1642 1031; x_wconf 90' lang='lat' dir='ltr'><strong>gratiam</strong></span> <span class='ocrx_word' id='word_1_44' title='bbox 1668 956 1794 1027; x_wconf 87' lang='lat' dir='ltr'><strong>Spi-</strong></span> 
     </span>
    </p>
   </div>
   <div class='ocr_carea' id='block_1_8' title="bbox 207 1051 1795 1138">
    <p class='ocr_par' dir='ltr' id='par_1_8' title="bbox 207 1051 1795 1138">
     <span class='ocr_line' id='line_1_8' title="bbox 207 1051 1795 1138; baseline -0.017 -8"><span class='ocrx_word' id='word_1_45' title='bbox 207 1077 360 1130; x_wconf 81' lang='lat' dir='ltr'><strong>ritus</strong></span> <span class='ocrx_word' id='word_1_46' title='bbox 391 1069 568 1128; x_wconf 84' lang='lat' dir='ltr'><strong>sancti</strong></span> <span class='ocrx_word' id='word_1_47' title='bbox 599 1067 888 1138; x_wconf 86' lang='lat' dir='ltr'><strong>quisquam</strong></span> <span class='ocrx_word' id='word_1_48' title='bbox 927 1062 1028 1117; x_wconf 91' lang='lat' dir='ltr'><strong>sibi</strong></span> <span class='ocrx_word' id='word_1_49' title='bbox 1054 1060 1158 1128; x_wconf 84' lang='lat' dir='ltr'><strong>ipsi</strong></span> <span class='ocrx_word' id='word_1_50' title='bbox 1189 1057 1376 1114; x_wconf 85' lang='lat' dir='ltr'><strong>sumit.</strong></span> <span class='ocrx_word' id='word_1_51' title='bbox 1411 1053 1516 1108; x_wconf 86' lang='lat' dir='ltr'><strong>nisi</strong></span> <span class='ocrx_word' id='word_1_52' title='bbox 1552 1052 1638 1105; x_wconf 89' lang='lat' dir='ltr'><strong>cui</strong></span> <span class='ocrx_word' id='word_1_53' title='bbox 1669 1051 1795 1104; x_wconf 88' lang='lat' dir='ltr'><strong>data</strong></span> 
     </span>
    </p>
   </div>
   <div class='ocr_carea' id='block_1_9' title="bbox 209 1144 1795 1231">
    <p class='ocr_par' dir='ltr' id='par_1_9' title="bbox 209 1144 1795 1231">
     <span class='ocr_line' id='line_1_9' title="bbox 209 1144 1795 1231; baseline -0.018 -9"><span class='ocrx_word' id='word_1_54' title='bbox 209 1167 384 1222; x_wconf 74' lang='lat' dir='ltr'><strong>fuerit</strong></span> <span class='ocrx_word' id='word_1_55' title='bbox 412 1162 646 1231; x_wconf 76' lang='lat' dir='ltr'><strong>desuper</strong></span> <span class='ocrx_word' id='word_1_56' title='bbox 668 1174 698 1212; x_wconf 88' lang='lat' dir='ltr'><strong>a</strong></span> <span class='ocrx_word' id='word_1_57' title='bbox 729 1157 887 1210; x_wconf 84' lang='lat' dir='ltr'><strong>Patre</strong></span> <span class='ocrx_word' id='word_1_58' title='bbox 920 1154 1207 1212; x_wconf 89' lang='lat' dir='ltr'><strong>luminum,</strong></span> <span class='ocrx_word' id='word_1_59' title='bbox 1233 1164 1262 1202; x_wconf 91' lang='lat' dir='ltr'><strong>a</strong></span> <span class='ocrx_word' id='word_1_60' title='bbox 1291 1164 1400 1215; x_wconf 91' lang='lat' dir='ltr'><strong>quo</strong></span> <span class='ocrx_word' id='word_1_61' title='bbox 1427 1160 1586 1199; x_wconf 91' lang='lat' dir='ltr'><strong>omne</strong></span> <span class='ocrx_word' id='word_1_62' title='bbox 1607 1144 1795 1197; x_wconf 88' lang='lat' dir='ltr'><strong>datum</strong></span> 
     </span>
    </p>
   </div>
   <div class='ocr_carea' id='block_1_10' title="bbox 212 1234 1796 1328">
    <p class='ocr_par' dir='ltr' id='par_1_10' title="bbox 212 1234 1796 1328">
     <span class='ocr_line' id='line_1_10' title="bbox 212 1234 1796 1328; baseline -0.018 -13"><span class='ocrx_word' id='word_1_63' title='bbox 212 1258 514 1328; x_wconf 86' lang='lat' dir='ltr'><strong>optimum,</strong></span> <span class='ocrx_word' id='word_1_64' title='bbox 533 1261 588 1309; x_wconf 86' lang='lat' dir='ltr'><strong>et</strong></span> <span class='ocrx_word' id='word_1_65' title='bbox 607 1266 768 1307; x_wconf 88' lang='lat' dir='ltr'><strong>omne</strong></span> <span class='ocrx_word' id='word_1_66' title='bbox 791 1249 994 1303; x_wconf 90' lang='lat' dir='ltr'><strong>donum</strong></span> <span class='ocrx_word' id='word_1_67' title='bbox 1016 1243 1316 1316; x_wconf 86' lang='lat' dir='ltr'><strong>perfectum</strong></span> <span class='ocrx_word' id='word_1_68' title='bbox 1334 1236 1668 1292; x_wconf 78' lang='lat' dir='ltr'><strong>descendit‘.</strong></span> <span class='ocrx_word' id='word_1_69' title='bbox 1694 1234 1796 1288; x_wconf 88' lang='lat' dir='ltr'><strong>Cui</strong></span> 
     </span>
    </p>
   </div>
   <div class='ocr_carea' id='block_1_11' title="bbox 211 1329 1796 1406">
    <p class='ocr_par' dir='ltr' id='par_1_11' title="bbox 211 1329 1796 1406">
     <span class='ocr_line' id='line_1_11' title="bbox 211 1329 1796 1406; baseline -0.015 -7"><span class='ocrx_word' id='word_1_70' title='bbox 211 1353 276 1400; x_wconf 77' lang='lat' dir='ltr'><strong>et</strong></span> <span class='ocrx_word' id='word_1_71' title='bbox 303 1342 440 1398; x_wconf 91' lang='lat' dir='ltr'><strong>illud</strong></span> <span class='ocrx_word' id='word_1_72' title='bbox 455 1336 942 1406; x_wconf 84' lang='lat' dir='ltr'><strong>addiderim,quod</strong></span> <span class='ocrx_word' id='word_1_73' title='bbox 963 1349 1085 1388; x_wconf 81' lang='lat' dir='ltr'><strong>mox</strong></span> <span class='ocrx_word' id='word_1_74' title='bbox 1105 1332 1216 1385; x_wconf 82' lang='lat' dir='ltr'><strong>Arii</strong></span> <span class='ocrx_word' id='word_1_75' title='bbox 1243 1329 1480 1384; x_wconf 88' lang='lat' dir='ltr'><strong>asseclas</strong></span> <span class='ocrx_word' id='word_1_76' title='bbox 1497 1340 1796 1396; x_wconf 75' lang='grc' dir='ltr'><strong>πονηρευοσ-</strong></span> 
     </span>
    </p>
   </div>
   <div class='ocr_carea' id='block_1_12' title="bbox 218 1424 1799 1506">
    <p class='ocr_par' dir='ltr' id='par_1_12' title="bbox 218 1424 1799 1506">
     <span class='ocr_line' id='line_1_12' title="bbox 218 1424 1799 1506; baseline -0.012 -15"><span class='ocrx_word' id='word_1_77' title='bbox 218 1437 406 1506; x_wconf 78' lang='grc' dir='ltr'>μένων</span> <span class='ocrx_word' id='word_1_78' title='bbox 419 1432 658 1495; x_wconf 69' lang='grc' dir='ltr'><strong>σύνοδον,</strong></span> <span class='ocrx_word' id='word_1_79' title='bbox 677 1429 1034 1498; x_wconf 77' lang='lat' dir='ltr'><strong>improborum</strong></span> <span class='ocrx_word' id='word_1_80' title='bbox 1048 1424 1277 1485; x_wconf 83' lang='lat' dir='ltr'><strong>turbam,</strong></span> <span class='ocrx_word' id='word_1_81' title='bbox 1297 1424 1482 1494; x_wconf 85' lang='lat' dir='ltr'><strong>potius</strong></span> <span class='ocrx_word' id='word_1_82' title='bbox 1497 1435 1658 1490; x_wconf 92' lang='lat' dir='ltr'><strong>quam</strong></span> <span class='ocrx_word' id='word_1_83' title='bbox 1676 1436 1799 1472; x_wconf 85' lang='lat' dir='ltr'><strong>con-</strong></span> 
     </span>
    </p>
   </div>
   <div class='ocr_carea' id='block_1_13' title="bbox 214 1510 1797 1595">
    <p class='ocr_par' dir='ltr' id='par_1_13' title="bbox 214 1510 1797 1595">
     <span class='ocr_line' id='line_1_13' title="bbox 214 1510 1797 1595; baseline -0.014 -12"><span class='ocrx_word' id='word_1_84' title='bbox 214 1529 404 1584; x_wconf 75' lang='lat' dir='ltr'><strong>cilium</strong></span> <span class='ocrx_word' id='word_1_85' title='bbox 418 1521 1141 1595; x_wconf 50' lang='lat' dir='ltr'><strong>malignantiumﬁcriptum</strong></span> <span class='ocrx_word' id='word_1_86' title='bbox 1155 1516 1336 1571; x_wconf 83' lang='lat' dir='ltr'><strong>verbis</strong></span> <span class='ocrx_word' id='word_1_87' title='bbox 1351 1513 1575 1568; x_wconf 83' lang='lat' dir='ltr'><strong>reddere</strong></span> <span class='ocrx_word' id='word_1_88' title='bbox 1590 1510 1797 1564; x_wconf 91' lang='lat' dir='ltr'><strong>maluit.</strong></span> 
     </span>
    </p>
   </div>
   <div class='ocr_carea' id='block_1_14' title="bbox 293 1604 1801 1686">
    <p class='ocr_par' dir='ltr' id='par_1_14' title="bbox 293 1604 1801 1686">
     <span class='ocr_line' id='line_1_14' title="bbox 293 1604 1801 1686; baseline -0.016 -10"><span class='ocrx_word' id='word_1_89' title='bbox 293 1618 402 1675; x_wconf 86' lang='lat' dir='ltr'><strong>Sed</strong></span> <span class='ocrx_word' id='word_1_90' title='bbox 430 1618 649 1686; x_wconf 88' lang='lat' dir='ltr'><strong>longum</strong></span> <span class='ocrx_word' id='word_1_91' title='bbox 681 1614 817 1670; x_wconf 91' lang='lat' dir='ltr'><strong>foret</strong></span> <span class='ocrx_word' id='word_1_92' title='bbox 846 1612 1056 1681; x_wconf 81' lang='lat' dir='ltr'><strong>singula</strong></span> <span class='ocrx_word' id='word_1_93' title='bbox 1085 1608 1357 1679; x_wconf 58' lang='lat' dir='ltr'><strong>persequi.</strong></span> <span class='ocrx_word' id='word_1_94' title='bbox 1397 1604 1801 1674; x_wconf 83' lang='lat' dir='ltr'><strong>quotiesinter-</strong></span> 
     </span>
    </p>
   </div>
   <div class='ocr_carea' id='block_1_15' title="bbox 216 1693 1802 1783">
    <p class='ocr_par' dir='ltr' id='par_1_15' title="bbox 216 1693 1802 1783">
     <span class='ocr_line' id='line_1_15' title="bbox 216 1693 1802 1783; baseline -0.014 -16"><span class='ocrx_word' id='word_1_95' title='bbox 216 1726 350 1783; x_wconf 77' lang='lat' dir='ltr'><strong>pres</strong></span> <span class='ocrx_word' id='word_1_96' title='bbox 376 1709 619 1764; x_wconf 81' lang='lat' dir='ltr'><strong>auctoris</strong></span> <span class='ocrx_word' id='word_1_97' title='bbox 645 1715 886 1762; x_wconf 86' lang='lat' dir='ltr'><strong>mentem</strong></span> <span class='ocrx_word' id='word_1_98' title='bbox 934 1704 1019 1758; x_wconf 91' lang='lat' dir='ltr'><strong>vel</strong></span> <span class='ocrx_word' id='word_1_99' title='bbox 1045 1701 1288 1762; x_wconf 88' lang='lat' dir='ltr'><strong>divellat,</strong></span> <span class='ocrx_word' id='word_1_100' title='bbox 1315 1698 1400 1754; x_wconf 91' lang='lat' dir='ltr'><strong>vel</strong></span> <span class='ocrx_word' id='word_1_101' title='bbox 1429 1697 1686 1758; x_wconf 85' lang='lat' dir='ltr'><strong>invertat,</strong></span> <span class='ocrx_word' id='word_1_102' title='bbox 1717 1693 1802 1747; x_wconf 88' lang='lat' dir='ltr'><strong>vel</strong></span> 
     </span>
    </p>
   </div>
   <div class='ocr_carea' id='block_1_16' title="bbox 221 1786 1803 1873">
    <p class='ocr_par' dir='ltr' id='par_1_16' title="bbox 221 1786 1803 1873">
     <span class='ocr_line' id='line_1_16' title="bbox 221 1786 1803 1873; baseline -0.013 -15"><span class='ocrx_word' id='word_1_103' title='bbox 221 1818 322 1873; x_wconf 85' lang='lat' dir='ltr'><strong>pro</strong></span> <span class='ocrx_word' id='word_1_104' title='bbox 339 1801 510 1856; x_wconf 88' lang='lat' dir='ltr'><strong>claris</strong></span> <span class='ocrx_word' id='word_1_105' title='bbox 535 1806 589 1855; x_wconf 84' lang='lat' dir='ltr'><strong>et</strong></span> <span class='ocrx_word' id='word_1_106' title='bbox 619 1796 925 1853; x_wconf 81' lang='lat' dir='ltr'><strong>manifestis</strong></span> <span class='ocrx_word' id='word_1_107' title='bbox 949 1795 1114 1849; x_wconf 90' lang='lat' dir='ltr'><strong>dubia</strong></span> <span class='ocrx_word' id='word_1_108' title='bbox 1142 1803 1197 1846; x_wconf 92' lang='lat' dir='ltr'><strong>et</strong></span> <span class='ocrx_word' id='word_1_109' title='bbox 1220 1791 1458 1846; x_wconf 88' lang='lat' dir='ltr'><strong>obscura</strong></span> <span class='ocrx_word' id='word_1_110' title='bbox 1488 1786 1648 1842; x_wconf 89' lang='lat' dir='ltr'><strong>nobis</strong></span> <span class='ocrx_word' id='word_1_111' title='bbox 1673 1799 1803 1853; x_wconf 82' lang='lat' dir='ltr'><strong>sup—</strong></span> 
     </span>
    </p>
   </div>
   <div class='ocr_carea' id='block_1_17' title="bbox 219 1877 1801 1964">
    <p class='ocr_par' dir='ltr' id='par_1_17' title="bbox 219 1877 1801 1964">
     <span class='ocr_line' id='line_1_17' title="bbox 219 1877 1801 1964; baseline -0.013 -16"><span class='ocrx_word' id='word_1_112' title='bbox 219 1901 411 1964; x_wconf 84' lang='lat' dir='ltr'><strong>ponat.</strong></span> <span class='ocrx_word' id='word_1_113' title='bbox 441 1891 682 1960; x_wconf 83' lang='lat' dir='ltr'><strong>Pr0pero</strong></span> <span class='ocrx_word' id='word_1_114' title='bbox 712 1891 776 1942; x_wconf 71' lang='lat' dir='ltr'><strong>all</strong></span> <span class='ocrx_word' id='word_1_115' title='bbox 808 1891 986 1942; x_wconf 90' lang='lat' dir='ltr'><strong>locum</strong></span> <span class='ocrx_word' id='word_1_116' title='bbox 1039 1886 1206 1939; x_wconf 89' lang='lat' dir='ltr'><strong>totius</strong></span> <span class='ocrx_word' id='word_1_117' title='bbox 1227 1881 1490 1952; x_wconf 67' lang='lat' dir='ltr'><strong>epistolae,</strong></span> <span class='ocrx_word' id='word_1_118' title='bbox 1524 1893 1646 1932; x_wconf 89' lang='lat' dir='ltr'><strong>meo</strong></span> <span class='ocrx_word' id='word_1_119' title='bbox 1674 1877 1801 1946; x_wconf 88' lang='lat' dir='ltr'><strong>qui-</strong></span> 
     </span>
    </p>
   </div>
   <div class='ocr_carea' id='block_1_18' title="bbox 219 1968 1802 2053">
    <p class='ocr_par' dir='ltr' id='par_1_18' title="bbox 219 1968 1802 2053">
     <span class='ocr_line' id='line_1_18' title="bbox 219 1968 1802 2053; baseline -0.011 -13"><span class='ocrx_word' id='word_1_120' title='bbox 219 1985 347 2040; x_wconf 86' lang='lat' dir='ltr'><strong>dem</strong></span> <span class='ocrx_word' id='word_1_121' title='bbox 372 1983 588 2053; x_wconf 89' lang='lat' dir='ltr'><strong>judicio</strong></span> <span class='ocrx_word' id='word_1_122' title='bbox 615 1980 1012 2038; x_wconf 75' lang='lat' dir='ltr'><strong>diliicillimum,</strong></span> <span class='ocrx_word' id='word_1_123' title='bbox 1033 1977 1125 2046; x_wconf 88' lang='lat' dir='ltr'><strong>qui</strong></span> <span class='ocrx_word' id='word_1_124' title='bbox 1151 1974 1420 2045; x_wconf 86' lang='lat' dir='ltr'><strong>principio</strong></span> <span class='ocrx_word' id='word_1_125' title='bbox 1444 1987 1563 2041; x_wconf 79' lang='lat' dir='ltr'><strong>pag.</strong></span> <span class='ocrx_word' id='word_1_126' title='bbox 1598 1969 1663 2023; x_wconf 78' lang='grc'><strong>15</strong></span> <span class='ocrx_word' id='word_1_127' title='bbox 1693 1968 1802 2022; x_wconf 77' lang='lat' dir='ltr'><strong>Ilo-</strong></span> 
     </span>
    </p>
   </div>
   <div class='ocr_carea' id='block_1_19' title="bbox 221 2060 1800 2140">
    <p class='ocr_par' dir='ltr' id='par_1_19' title="bbox 221 2060 1800 2140">
     <span class='ocr_line' id='line_1_19' title="bbox 221 2060 1800 2140; baseline -0.011 -10"><span class='ocrx_word' id='word_1_128' title='bbox 221 2090 404 2131; x_wconf 70' lang='lat' dir='ltr'><strong>manz</strong></span> <span class='ocrx_word' id='word_1_129' title='bbox 441 2073 704 2129; x_wconf 75' lang='lat' dir='ltr'><strong>editionis</strong></span> <span class='ocrx_word' id='word_1_130' title='bbox 755 2070 974 2140; x_wconf 75' lang='lat' dir='ltr'><strong>legitur.</strong></span> <span class='ocrx_word' id='word_1_131' title='bbox 1008 2068 1222 2132; x_wconf 87' lang='lat' dir='ltr'><strong>Ariani,</strong></span> <span class='ocrx_word' id='word_1_132' title='bbox 1267 2064 1443 2136; x_wconf 89' lang='lat' dir='ltr'><strong>inquit</strong></span> <span class='ocrx_word' id='word_1_133' title='bbox 1475 2060 1800 2124; x_wconf 84' lang='lat' dir='ltr'><strong>Alexander,</strong></span> 
     </span>
    </p>
   </div>
   <div class='ocr_carea' id='block_1_20' title="bbox 223 2160 1800 2233">
    <p class='ocr_par' dir='ltr' id='par_1_20' title="bbox 223 2160 1800 2233">
     <span class='ocr_line' id='line_1_20' title="bbox 223 2160 1800 2233; baseline -0.013 -10"><span class='ocrx_word' id='word_1_134' title='bbox 223 2176 285 2223; x_wconf 87' lang='lat' dir='ltr'><strong>nt</strong></span> <span class='ocrx_word' id='word_1_135' title='bbox 307 2167 590 2222; x_wconf 86' lang='lat' dir='ltr'><strong>Christum</strong></span> <span class='ocrx_word' id='word_1_136' title='bbox 626 2164 844 2221; x_wconf 87' lang='lat' dir='ltr'><strong>deitatis</strong></span> <span class='ocrx_word' id='word_1_137' title='bbox 875 2163 1048 2233; x_wconf 88' lang='lat' dir='ltr'><strong>gloria</strong></span> <span class='ocrx_word' id='word_1_138' title='bbox 1101 2160 1423 2231; x_wconf 84' lang='lat' dir='ltr'><strong>spoliarent,</strong></span> <span class='ocrx_word' id='word_1_139' title='bbox 1457 2170 1551 2210; x_wconf 88' lang='lat' dir='ltr'><strong>eas</strong></span> <span class='ocrx_word' id='word_1_140' title='bbox 1615 2167 1800 2213; x_wconf 85' lang='lat' dir='ltr'><strong>voces,</strong></span> 
     </span>
    </p>
   </div>
   <div class='ocr_carea' id='block_1_21' title="bbox 221 2246 1805 2328">
    <p class='ocr_par' dir='ltr' id='par_1_21' title="bbox 221 2246 1805 2328">
     <span class='ocr_line' id='line_1_21' title="bbox 221 2246 1805 2328; baseline -0.012 -15"><span class='ocrx_word' id='word_1_141' title='bbox 221 2274 401 2328; x_wconf 86' lang='lat' dir='ltr'><strong>eaque</strong></span> <span class='ocrx_word' id='word_1_142' title='bbox 429 2255 731 2325; x_wconf 69' lang='lat' dir='ltr'><strong>Scriptum</strong></span> <span class='ocrx_word' id='word_1_143' title='bbox 760 2255 878 2308; x_wconf 83' lang='lat' dir='ltr'><strong>loca</strong></span> <span class='ocrx_word' id='word_1_144' title='bbox 906 2268 1122 2321; x_wconf 89' lang='lat' dir='ltr'><strong>semper</strong></span> <span class='ocrx_word' id='word_1_145' title='bbox 1157 2252 1212 2305; x_wconf 92' lang='lat' dir='ltr'><strong>in</strong></span> <span class='ocrx_word' id='word_1_146' title='bbox 1244 2264 1339 2304; x_wconf 90' lang='lat' dir='ltr'><strong>ore</strong></span> <span class='ocrx_word' id='word_1_147' title='bbox 1361 2246 1653 2305; x_wconf 86' lang='lat' dir='ltr'><strong>habebant,</strong></span> <span class='ocrx_word' id='word_1_148' title='bbox 1685 2257 1805 2311; x_wconf 78' lang='lat' dir='ltr'><strong>qu:e</strong></span> 
     </span>
    </p>
   </div>
   <div class='ocr_carea' id='block_1_22' title="bbox 225 2337 1808 2418">
    <p class='ocr_par' dir='ltr' id='par_1_22' title="bbox 225 2337 1808 2418">
     <span class='ocr_line' id='line_1_22' title="bbox 225 2337 1808 2418; baseline -0.011 -17"><span class='ocrx_word' id='word_1_149' title='bbox 225 2347 296 2401; x_wconf 91' lang='lat' dir='ltr'><strong>ad</strong></span> <span class='ocrx_word' id='word_1_150' title='bbox 337 2346 652 2418; x_wconf 85' lang='lat' dir='ltr'><strong>passionem</strong></span> <span class='ocrx_word' id='word_1_151' title='bbox 679 2352 734 2398; x_wconf 91' lang='lat' dir='ltr'><strong>et</strong></span> <span class='ocrx_word' id='word_1_152' title='bbox 777 2343 1202 2398; x_wconf 79' lang='lat' dir='ltr'><strong>exinanitionem</strong></span> <span class='ocrx_word' id='word_1_153' title='bbox 1237 2339 1356 2409; x_wconf 86' lang='lat' dir='ltr'><strong>ejus</strong></span> <span class='ocrx_word' id='word_1_154' title='bbox 1385 2337 1681 2408; x_wconf 87' lang='lat' dir='ltr'><strong>pertinent,</strong></span> <span class='ocrx_word' id='word_1_155' title='bbox 1712 2348 1808 2400; x_wconf 87' lang='lat' dir='ltr'><strong>pe-</strong></span> 
     </span>
    </p>
   </div>
   <div class='ocr_carea' id='block_1_23' title="bbox 224 2427 1804 2504">
    <p class='ocr_par' dir='ltr' id='par_1_23' title="bbox 224 2427 1804 2504">
     <span class='ocr_line' id='line_1_23' title="bbox 224 2427 1804 2504; baseline -0.011 -10"><span class='ocrx_word' id='word_1_156' title='bbox 224 2440 381 2495; x_wconf 88' lang='lat' dir='ltr'><strong>nitus</strong></span> <span class='ocrx_word' id='word_1_157' title='bbox 407 2439 564 2494; x_wconf 88' lang='lat' dir='ltr'><strong>obliti</strong></span> <span class='ocrx_word' id='word_1_158' title='bbox 604 2437 858 2498; x_wconf 87' lang='lat' dir='ltr'><strong>istorum,</strong></span> <span class='ocrx_word' id='word_1_159' title='bbox 892 2449 1012 2504; x_wconf 68' lang='lat' dir='ltr'><strong>quae</strong></span> <span class='ocrx_word' id='word_1_160' title='bbox 1036 2434 1100 2487; x_wconf 91' lang='lat' dir='ltr'><strong>ad</strong></span> <span class='ocrx_word' id='word_1_161' title='bbox 1132 2431 1358 2501; x_wconf 77' lang='lat' dir='ltr'><strong>gloriam</strong></span> <span class='ocrx_word' id='word_1_162' title='bbox 1383 2437 1437 2484; x_wconf 90' lang='lat' dir='ltr'><strong>et</strong></span> <span class='ocrx_word' id='word_1_163' title='bbox 1466 2427 1804 2496; x_wconf 84' lang='lat' dir='ltr'><strong>majestatem</strong></span> 
     </span>
    </p>
   </div>
   <div class='ocr_carea' id='block_1_24' title="bbox 229 2517 1804 2599">
    <p class='ocr_par' dir='ltr' id='par_1_24' title="bbox 229 2517 1804 2599">
     <span class='ocr_line' id='line_1_24' title="bbox 229 2517 1804 2599; baseline -0.011 -13"><span class='ocrx_word' id='word_1_164' title='bbox 229 2538 288 2586; x_wconf 87' lang='lat' dir='ltr'><strong>et</strong></span> <span class='ocrx_word' id='word_1_165' title='bbox 320 2530 692 2599; x_wconf 66' lang='lat' dir='ltr'><strong>equalitatem</strong></span> <span class='ocrx_word' id='word_1_166' title='bbox 743 2543 866 2583; x_wconf 88' lang='lat' dir='ltr'><strong>cum</strong></span> <span class='ocrx_word' id='word_1_167' title='bbox 905 2525 1067 2580; x_wconf 87' lang='lat' dir='ltr'><strong>Patre</strong></span> <span class='ocrx_word' id='word_1_168' title='bbox 1114 2521 1526 2594; x_wconf 72' lang='lat' dir='ltr'><strong>significandam</strong></span> <span class='ocrx_word' id='word_1_169' title='bbox 1580 2517 1804 2572; x_wconf 90' lang='lat' dir='ltr'><strong>faciunt.</strong></span> 
     </span>
    </p>
   </div>
   <div class='ocr_carea' id='block_1_25' title="bbox 224 2608 1810 2693">
    <p class='ocr_par' dir='ltr' id='par_1_25' title="bbox 224 2608 1810 2693">
     <span class='ocr_line' id='line_1_25' title="bbox 224 2608 1810 2693; baseline -0.012 -15"><span class='ocrx_word' id='word_1_170' title='bbox 224 2621 304 2678; x_wconf 87' lang='lat' dir='ltr'><strong>De</strong></span> <span class='ocrx_word' id='word_1_171' title='bbox 330 2637 566 2693; x_wconf 89' lang='lat' dir='ltr'><strong>quorum</strong></span> <span class='ocrx_word' id='word_1_172' title='bbox 591 2635 818 2676; x_wconf 89' lang='lat' dir='ltr'><strong>numero</strong></span> <span class='ocrx_word' id='word_1_173' title='bbox 844 2627 929 2674; x_wconf 88' lang='lat' dir='ltr'><strong>est</strong></span> <span class='ocrx_word' id='word_1_174' title='bbox 955 2617 1089 2672; x_wconf 92' lang='lat' dir='ltr'><strong>illud</strong></span> <span class='ocrx_word' id='word_1_175' title='bbox 1117 2614 1277 2670; x_wconf 87' lang='lat' dir='ltr'><strong>Joan.</strong></span> <span class='ocrx_word' id='word_1_176' title='bbox 1311 2630 1344 2668; x_wconf 74' lang='grc' dir='ltr'><strong>ι</strong></span> <span class='ocrx_word' id='word_1_177' title='bbox 1370 2631 1385 2668; x_wconf 88' lang='lat'><strong>:</strong></span> <span class='ocrx_word' id='word_1_178' title='bbox 1427 2610 1537 2681; x_wconf 84' lang='lat' dir='ltr'><strong>Ego</strong></span> <span class='ocrx_word' id='word_1_179' title='bbox 1574 2620 1621 2663; x_wconf 86' lang='lat' dir='ltr'><strong>et</strong></span> <span class='ocrx_word' id='word_1_180' title='bbox 1653 2608 1810 2661; x_wconf 81' lang='lat' dir='ltr'><strong>Pater</strong></span> 
     </span>
    </p>
   </div>
   <div class='ocr_carea' id='block_1_26' title="bbox 225 2697 1812 2777">
    <p class='ocr_par' dir='ltr' id='par_1_26' title="bbox 225 2697 1812 2777">
     <span class='ocr_line' id='line_1_26' title="bbox 225 2697 1812 2777; baseline -0.008 -15"><span class='ocrx_word' id='word_1_181' title='bbox 225 2725 394 2762; x_wconf 69' lang='lat' dir='ltr'><strong>unum</strong></span> <span class='ocrx_word' id='word_1_182' title='bbox 429 2726 634 2764; x_wconf 81' lang='lat' dir='ltr'><strong>sumus.</strong></span> <span class='ocrx_word' id='word_1_183' title='bbox 664 2709 837 2777; x_wconf 87' lang='lat' dir='ltr'><strong>Cujus</strong></span> <span class='ocrx_word' id='word_1_184' title='bbox 857 2707 961 2760; x_wconf 91' lang='lat' dir='ltr'><strong>loci</strong></span> <span class='ocrx_word' id='word_1_185' title='bbox 995 2705 1321 2760; x_wconf 87' lang='lat' dir='ltr'><strong>sententiam</strong></span> <span class='ocrx_word' id='word_1_186' title='bbox 1350 2701 1681 2756; x_wconf 84' lang='lat' dir='ltr'><strong>catholicam</strong></span> <span class='ocrx_word' id='word_1_187' title='bbox 1715 2697 1812 2750; x_wconf 82' lang='lat' dir='ltr'><strong>ad-</strong></span> 
     </span>
    </p>
   </div>
   <div class='ocr_carea' id='block_1_27' title="bbox 229 2788 1814 2867">
    <p class='ocr_par' dir='ltr' id='par_1_27' title="bbox 229 2788 1814 2867">
     <span class='ocr_line' id='line_1_27' title="bbox 229 2788 1814 2867; baseline -0.009 -14"><span class='ocrx_word' id='word_1_188' title='bbox 229 2814 428 2855; x_wconf 85' lang='lat' dir='ltr'><strong>versus</strong></span> <span class='ocrx_word' id='word_1_189' title='bbox 449 2799 636 2852; x_wconf 83' lang='lat' dir='ltr'><strong>Arium</strong></span> <span class='ocrx_word' id='word_1_190' title='bbox 669 2798 1042 2867; x_wconf 77' lang='lat' dir='ltr'><strong>explicaturus</strong></span> <span class='ocrx_word' id='word_1_191' title='bbox 1076 2791 1402 2856; x_wconf 80' lang='lat' dir='ltr'><strong>Alexander,</strong></span> <span class='ocrx_word' id='word_1_192' title='bbox 1458 2792 1597 2842; x_wconf 87' lang='lat' dir='ltr'><strong>hanc</strong></span> <span class='ocrx_word' id='word_1_193' title='bbox 1627 2788 1814 2858; x_wconf 80' lang='grc' dir='ltr'>ἐπεξή-</span> 
     </span>
    </p>
   </div>
   <div class='ocr_carea' id='block_1_28' title="bbox 229 2880 1811 2964">
    <p class='ocr_par' dir='ltr' id='par_1_28' title="bbox 229 2880 1811 2964">
     <span class='ocr_line' id='line_1_28' title="bbox 229 2880 1811 2964; baseline -0.009 -17"><span class='ocrx_word' id='word_1_194' title='bbox 229 2909 396 2964; x_wconf 81' lang='grc' dir='ltr'>γησιν</span> <span class='ocrx_word' id='word_1_195' title='bbox 423 2890 727 2959; x_wconf 89' lang='lat' dir='ltr'><strong>subjungit.</strong></span> <span class='ocrx_word' id='word_1_196' title='bbox 762 2887 917 2954; x_wconf 84' lang='lat' dir='ltr'><strong>Quod</strong></span> <span class='ocrx_word' id='word_1_197' title='bbox 948 2885 1167 2955; x_wconf 87' lang='lat' dir='ltr'><strong>quidem</strong></span> <span class='ocrx_word' id='word_1_198' title='bbox 1221 2881 1487 2938; x_wconf 88' lang='lat' dir='ltr'><strong>Dominus</strong></span> <span class='ocrx_word' id='word_1_199' title='bbox 1519 2880 1674 2941; x_wconf 84' lang='lat' dir='ltr'><strong>dicit,</strong></span> <span class='ocrx_word' id='word_1_200' title='bbox 1706 2895 1811 2933; x_wconf 73' lang='lat' dir='ltr'><strong>non</strong></span> 
     </span>
    </p>
   </div>
   <div class='ocr_carea' id='block_1_29' title="bbox 230 2972 1814 3050">
    <p class='ocr_par' dir='ltr' id='par_1_29' title="bbox 230 2972 1814 3050">
     <span class='ocr_line' id='line_1_29' title="bbox 230 2972 1814 3050; baseline -0.005 -15"><span class='ocrx_word' id='word_1_201' title='bbox 230 2980 453 3036; x_wconf 84' lang='lat' dir='ltr'><strong>Patrem</strong></span> <span class='ocrx_word' id='word_1_202' title='bbox 487 2981 727 3050; x_wconf 88' lang='lat' dir='ltr'><strong>seipsum</strong></span> <span class='ocrx_word' id='word_1_203' title='bbox 759 2977 1123 3049; x_wconf 63' lang='lat' dir='ltr'><strong>pronuntians</strong></span> <span class='ocrx_word' id='word_1_204' title='bbox 1166 2994 1177 3028; x_wconf 89' lang='lat'><strong>:</strong></span> <span class='ocrx_word' id='word_1_205' title='bbox 1203 2974 1338 3026; x_wconf 83' lang='grc' dir='ltr'>Οὑδὲ</span> <span class='ocrx_word' id='word_1_206' title='bbox 1365 2974 1464 3037; x_wconf 81' lang='grc' dir='ltr'><strong>τὰς</strong></span> <span class='ocrx_word' id='word_1_207' title='bbox 1490 2976 1556 3043; x_wconf 78' lang='grc' dir='ltr'><strong>τῇ</strong></span> <span class='ocrx_word' id='word_1_208' title='bbox 1579 2972 1814 3027; x_wconf 77' lang='grc' dir='ltr'>ὑποστά-</span> 
     </span>
    </p>
   </div>
   <div class='ocr_carea' id='block_1_30' title="bbox 235 3063 1816 3143">
    <p class='ocr_par' dir='ltr' id='par_1_30' title="bbox 235 3063 1816 3143">
     <span class='ocr_line' id='line_1_30' title="bbox 235 3063 1816 3143; baseline -0.008 -15"><span class='ocrx_word' id='word_1_209' title='bbox 235 3090 322 3128; x_wconf 80' lang='grc' dir='ltr'>σει</span> <span class='ocrx_word' id='word_1_210' title='bbox 345 3074 443 3127; x_wconf 78' lang='grc' dir='ltr'><strong>δύο</strong></span> <span class='ocrx_word' id='word_1_211' title='bbox 489 3073 678 3143; x_wconf 79' lang='grc' dir='ltr'>φύσεις</span> <span class='ocrx_word' id='word_1_212' title='bbox 711 3071 840 3136; x_wconf 79' lang='grc' dir='ltr'>μίαν</span> <span class='ocrx_word' id='word_1_213' title='bbox 872 3065 1009 3122; x_wconf 74' lang='grc' dir='ltr'>εἶναι</span> <span class='ocrx_word' id='word_1_214' title='bbox 1063 3066 1393 3138; x_wconf 77' lang='grc' dir='ltr'><strong>σαφηνίζων.</strong></span> <span class='ocrx_word' id='word_1_215' title='bbox 1456 3063 1569 3119; x_wconf 84' lang='lat' dir='ltr'><strong>Hoc</strong></span> <span class='ocrx_word' id='word_1_216' title='bbox 1625 3073 1730 3128; x_wconf 88' lang='lat' dir='ltr'><strong>est,</strong></span> <span class='ocrx_word' id='word_1_217' title='bbox 1756 3072 1816 3117; x_wconf 91' lang='lat' dir='ltr'><strong>ut</strong></span> 
     </span>
    </p>
   </div>
   <div class='ocr_carea' id='block_1_31' title="bbox 234 3153 1885 3234">
    <p class='ocr_par' dir='ltr' id='par_1_31' title="bbox 234 3153 1885 3234">
     <span class='ocr_line' id='line_1_31' title="bbox 234 3153 1885 3234; baseline -0.008 -18"><span class='ocrx_word' id='word_1_218' title='bbox 234 3163 511 3232; x_wconf 87' lang='lat' dir='ltr'><strong>interpres</strong></span> <span class='ocrx_word' id='word_1_219' title='bbox 539 3161 605 3215; x_wconf 88' lang='lat' dir='ltr'><strong>ad</strong></span> <span class='ocrx_word' id='word_1_220' title='bbox 630 3159 856 3215; x_wconf 86' lang='lat' dir='ltr'><strong>verbum</strong></span> <span class='ocrx_word' id='word_1_221' title='bbox 888 3157 1064 3212; x_wconf 88' lang='lat' dir='ltr'><strong>reddit</strong></span> <span class='ocrx_word' id='word_1_222' title='bbox 1095 3176 1106 3209; x_wconf 93' lang='lat'><strong>:</strong></span> <span class='ocrx_word' id='word_1_223' title='bbox 1141 3153 1321 3222; x_wconf 85' lang='lat' dir='ltr'><strong>Neque</strong></span> <span class='ocrx_word' id='word_1_224' title='bbox 1362 3154 1498 3206; x_wconf 82' lang='lat' dir='ltr'><strong>duas</strong></span> <span class='ocrx_word' id='word_1_225' title='bbox 1531 3153 1814 3206; x_wconf 85' lang='lat' dir='ltr'><strong>secundum</strong></span> <span class='ocrx_word' id='word_1_226' title='bbox 1841 3175 1885 3234; x_wconf 66' lang='grc' dir='ltr'>ο</span> 
     </span>
    </p>
   </div>
   <div class='ocr_carea' id='block_1_32' title="bbox 237 3243 1814 3322">
    <p class='ocr_par' dir='ltr' id='par_1_32' title="bbox 237 3243 1814 3322">
     <span class='ocr_line' id='line_1_32' title="bbox 237 3243 1814 3322; baseline -0.006 -16"><span class='ocrx_word' id='word_1_227' title='bbox 237 3251 570 3322; x_wconf 65' lang='grc' dir='ltr'><strong>εδῃμοειαδὶνη</strong></span> <span class='ocrx_word' id='word_1_228' title='bbox 595 3259 821 3303; x_wconf 68' lang='grc' dir='ltr'><strong>πατείτω</strong></span> <span class='ocrx_word' id='word_1_229' title='bbox 851 3263 1015 3301; x_wconf 83' lang='lat' dir='ltr'><strong>unam</strong></span> <span class='ocrx_word' id='word_1_230' title='bbox 1054 3263 1164 3300; x_wconf 78' lang='lat' dir='ltr'><strong>esse</strong></span> <span class='ocrx_word' id='word_1_231' title='bbox 1189 3244 1470 3298; x_wconf 83' lang='lat' dir='ltr'><strong>declarans</strong></span> <span class='ocrx_word' id='word_1_232' title='bbox 1502 3259 1518 3295; x_wconf 88' lang='lat'><strong><em>:</em></strong></span> <span class='ocrx_word' id='word_1_233' title='bbox 1545 3243 1639 3297; x_wconf 89' lang='lat' dir='ltr'><strong>sed</strong></span> <span class='ocrx_word' id='word_1_234' title='bbox 1669 3243 1814 3313; x_wconf 91' lang='lat' dir='ltr'><strong>quod</strong></span> 
     </span>
    </p>
   </div>
   <div class='ocr_carea' id='block_1_33' title="bbox 236 3335 1819 3415">
    <p class='ocr_par' dir='ltr' id='par_1_33' title="bbox 236 3335 1819 3415">
     <span class='ocr_line' id='line_1_33' title="bbox 236 3335 1819 3415; baseline -0.006 -16"><span class='ocrx_word' id='word_1_235' title='bbox 236 3342 436 3407; x_wconf 82' lang='lat' dir='ltr'><strong>Filius,</strong></span> <span class='ocrx_word' id='word_1_236' title='bbox 461 3344 657 3414; x_wconf 87' lang='lat' dir='ltr'><strong>inquit,</strong></span> <span class='ocrx_word' id='word_1_237' title='bbox 683 3344 923 3415; x_wconf 85' lang='lat' dir='ltr'><strong>perfecte</strong></span> <span class='ocrx_word' id='word_1_238' title='bbox 945 3349 1226 3413; x_wconf 85' lang='lat' dir='ltr'><strong>paternam</strong></span> <span class='ocrx_word' id='word_1_239' title='bbox 1257 3335 1672 3392; x_wconf 87' lang='lat' dir='ltr'><strong>similitudinem</strong></span> <span class='ocrx_word' id='word_1_240' title='bbox 1703 3351 1819 3392; x_wconf 86' lang='lat' dir='ltr'><strong>ser-</strong></span> 
     </span>
    </p>
   </div>
   <div class='ocr_carea' id='block_1_34' title="bbox 240 3431 1819 3512">
    <p class='ocr_par' dir='ltr' id='par_1_34' title="bbox 240 3431 1819 3512">
     <span class='ocr_line' id='line_1_34' title="bbox 240 3431 1819 3512; baseline -0.007 -21"><span class='ocrx_word' id='word_1_241' title='bbox 240 3445 355 3494; x_wconf 91' lang='lat' dir='ltr'><strong>vat.</strong></span> <span class='ocrx_word' id='word_1_242' title='bbox 408 3437 712 3512; x_wconf 70' lang='lat' dir='ltr'><strong>Quaesitum</strong></span> <span class='ocrx_word' id='word_1_243' title='bbox 747 3452 777 3492; x_wconf 87' lang='lat' dir='ltr'><strong>a</strong></span> <span class='ocrx_word' id='word_1_244' title='bbox 809 3454 895 3492; x_wconf 90' lang='lat' dir='ltr'><strong>me</strong></span> <span class='ocrx_word' id='word_1_245' title='bbox 925 3436 1024 3492; x_wconf 87' lang='lat' dir='ltr'><strong>fuit</strong></span> <span class='ocrx_word' id='word_1_246' title='bbox 1055 3435 1178 3503; x_wconf 91' lang='lat' dir='ltr'><strong>quis</strong></span> <span class='ocrx_word' id='word_1_247' title='bbox 1218 3447 1413 3488; x_wconf 90' lang='lat' dir='ltr'><strong>sensus</strong></span> <span class='ocrx_word' id='word_1_248' title='bbox 1446 3431 1660 3484; x_wconf 88' lang='lat' dir='ltr'><strong>illorum</strong></span> <span class='ocrx_word' id='word_1_249' title='bbox 1697 3442 1819 3482; x_wconf 84' lang='lat' dir='ltr'><strong>ver-</strong></span> 
     </span>
    </p>
   </div>
   <div class='ocr_carea' id='block_1_35' title="bbox 237 3519 1819 3600">
    <p class='ocr_par' dir='ltr' id='par_1_35' title="bbox 237 3519 1819 3600">
     <span class='ocr_line' id='line_1_35' title="bbox 237 3519 1819 3600; baseline -0.009 -13"><span class='ocrx_word' id='word_1_250' title='bbox 237 3535 437 3587; x_wconf 80' lang='lat' dir='ltr'><strong>borum</strong></span> <span class='ocrx_word' id='word_1_251' title='bbox 474 3550 489 3585; x_wconf 87' lang='lat'>:</span> <span class='ocrx_word' id='word_1_252' title='bbox 524 3531 659 3585; x_wconf 74' lang='grc' dir='ltr'><strong>Οὐδὲ</strong></span> <span class='ocrx_word' id='word_1_253' title='bbox 706 3530 803 3594; x_wconf 80' lang='grc' dir='ltr'><strong>τὰς</strong></span> <span class='ocrx_word' id='word_1_254' title='bbox 848 3532 915 3600; x_wconf 78' lang='grc' dir='ltr'><strong>τῇ</strong></span> <span class='ocrx_word' id='word_1_255' title='bbox 961 3528 1256 3581; x_wconf 77' lang='grc' dir='ltr'>ὑποστάσει</span> <span class='ocrx_word' id='word_1_256' title='bbox 1298 3524 1392 3577; x_wconf 83' lang='grc' dir='ltr'><strong>δύο</strong></span> <span class='ocrx_word' id='word_1_257' title='bbox 1437 3522 1627 3590; x_wconf 78' lang='grc' dir='ltr'>φύσεις</span> <span class='ocrx_word' id='word_1_258' title='bbox 1689 3519 1819 3592; x_wconf 82' lang='grc' dir='ltr'><strong>μίαν</strong></span> 
     </span>
    </p>
   </div>
   <div class='ocr_carea' id='block_1_36' title="bbox 237 3614 1815 3694">
    <p class='ocr_par' dir='ltr' id='par_1_36' title="bbox 237 3614 1815 3694">
     <span class='ocr_line' id='line_1_36' title="bbox 237 3614 1815 3694; baseline -0.008 -17"><span class='ocrx_word' id='word_1_259' title='bbox 237 3616 380 3678; x_wconf 78' lang='grc' dir='ltr'>εἶναι</span> <span class='ocrx_word' id='word_1_260' title='bbox 409 3623 741 3694; x_wconf 71' lang='grc' dir='ltr'><strong>σαφηνῑζων,</strong></span> <span class='ocrx_word' id='word_1_261' title='bbox 777 3639 937 3692; x_wconf 82' lang='lat' dir='ltr'><strong>neque</strong></span> <span class='ocrx_word' id='word_1_262' title='bbox 973 3621 1106 3673; x_wconf 86' lang='lat' dir='ltr'><strong>duas</strong></span> <span class='ocrx_word' id='word_1_263' title='bbox 1166 3618 1448 3672; x_wconf 84' lang='lat' dir='ltr'><strong>secundum</strong></span> <span class='ocrx_word' id='word_1_264' title='bbox 1490 3614 1815 3685; x_wconf 79' lang='lat' dir='ltr'><strong>hypostasim</strong></span> 
     </span>
    </p>
   </div>
   <div class='ocr_carea' id='block_1_37' title="bbox 239 3706 1820 3772">
    <p class='ocr_par' dir='ltr' id='par_1_37' title="bbox 239 3706 1820 3772">
     <span class='ocr_line' id='line_1_37' title="bbox 239 3706 1820 3772; baseline -0.008 0"><span class='ocrx_word' id='word_1_265' title='bbox 239 3725 496 3772; x_wconf 65' lang='lat' dir='ltr'><strong>naturam</strong></span> <span class='ocrx_word' id='word_1_266' title='bbox 536 3732 698 3769; x_wconf 73' lang='lat' dir='ltr'><strong>unum</strong></span> <span class='ocrx_word' id='word_1_267' title='bbox 725 3732 835 3769; x_wconf 81' lang='lat' dir='ltr'><strong>esse</strong></span> <span class='ocrx_word' id='word_1_268' title='bbox 858 3714 1159 3767; x_wconf 77' lang='lat' dir='ltr'><strong>declarans.</strong></span> <span class='ocrx_word' id='word_1_269' title='bbox 1217 3710 1354 3764; x_wconf 89' lang='lat' dir='ltr'><strong>Cum</strong></span> <span class='ocrx_word' id='word_1_270' title='bbox 1408 3708 1554 3762; x_wconf 90' lang='lat' dir='ltr'><strong>enim</strong></span> <span class='ocrx_word' id='word_1_271' title='bbox 1604 3706 1693 3760; x_wconf 89' lang='lat' dir='ltr'><strong>hic</strong></span> <span class='ocrx_word' id='word_1_272' title='bbox 1725 3721 1820 3760; x_wconf 89' lang='lat' dir='ltr'><strong>ne-</strong></span> 
     </span>
    </p>
   </div>
   <div class='ocr_carea' id='block_1_38' title="bbox 241 3800 1818 3877">
    <p class='ocr_par' dir='ltr' id='par_1_38' title="bbox 241 3800 1818 3877">
     <span class='ocr_line' id='line_1_38' title="bbox 241 3800 1818 3877; baseline -0.006 -16"><span class='ocrx_word' id='word_1_273' title='bbox 241 3821 518 3877; x_wconf 85' lang='lat' dir='ltr'><strong>quaquam</strong></span> <span class='ocrx_word' id='word_1_274' title='bbox 545 3807 612 3861; x_wconf 89' lang='lat' dir='ltr'><strong>de</strong></span> <span class='ocrx_word' id='word_1_275' title='bbox 633 3804 1050 3867; x_wconf 77' lang='lat' dir='ltr'><strong>incarnationis,</strong></span> <span class='ocrx_word' id='word_1_276' title='bbox 1066 3805 1180 3858; x_wconf 88' lang='lat' dir='ltr'><strong>sive</strong></span> <span class='ocrx_word' id='word_1_277' title='bbox 1200 3802 1507 3873; x_wconf 80' lang='grc' dir='ltr'><strong>οἰκονομίας</strong></span> <span class='ocrx_word' id='word_1_278' title='bbox 1538 3800 1818 3871; x_wconf 82' lang='lat' dir='ltr'><strong>mysterio,</strong></span> 
     </span>
    </p>
   </div>
   <div class='ocr_carea' id='block_1_39' title="bbox 239 3888 1820 3966">
    <p class='ocr_par' dir='ltr' id='par_1_39' title="bbox 239 3888 1820 3966">
     <span class='ocr_line' id='line_1_39' title="bbox 239 3888 1820 3966; baseline -0.004 -17"><span class='ocrx_word' id='word_1_279' title='bbox 239 3900 296 3949; x_wconf 78' lang='lat' dir='ltr'><strong>et</strong></span> <span class='ocrx_word' id='word_1_280' title='bbox 324 3894 669 3966; x_wconf 79' lang='lat' dir='ltr'><strong>bypostatica</strong></span> <span class='ocrx_word' id='word_1_281' title='bbox 715 3892 878 3948; x_wconf 80' lang='lat' dir='ltr'><strong>Verbi</strong></span> <span class='ocrx_word' id='word_1_282' title='bbox 909 3893 1201 3962; x_wconf 89' lang='lat' dir='ltr'><strong>carnisque</strong></span> <span class='ocrx_word' id='word_1_283' title='bbox 1235 3893 1438 3945; x_wconf 85' lang='lat' dir='ltr'><strong>unione</strong></span> <span class='ocrx_word' id='word_1_284' title='bbox 1477 3901 1695 3960; x_wconf 88' lang='lat' dir='ltr'><strong>agatur;</strong></span> <span class='ocrx_word' id='word_1_285' title='bbox 1727 3888 1820 3945; x_wconf 91' lang='lat' dir='ltr'><strong>sed</strong></span> 
     </span>
    </p>
   </div>
   <div class='ocr_carea' id='block_1_40' title="bbox 244 3980 1823 4053">
    <p class='ocr_par' dir='ltr' id='par_1_40' title="bbox 244 3980 1823 4053">
     <span class='ocr_line' id='line_1_40' title="bbox 244 3980 1823 4053; baseline -0.004 -15"><span class='ocrx_word' id='word_1_286' title='bbox 244 3983 313 4038; x_wconf 89' lang='lat' dir='ltr'><strong>ad</strong></span> <span class='ocrx_word' id='word_1_287' title='bbox 346 3984 716 4039; x_wconf 69' lang='lat' dir='ltr'><strong>sanctissimae</strong></span> <span class='ocrx_word' id='word_1_288' title='bbox 747 3983 1034 4039; x_wconf 87' lang='lat' dir='ltr'><strong>Trinitatis</strong></span> <span class='ocrx_word' id='word_1_289' title='bbox 1085 3980 1432 4053; x_wconf 88' lang='lat' dir='ltr'><strong>mysterium,</strong></span> <span class='ocrx_word' id='word_1_290' title='bbox 1475 3982 1589 4036; x_wconf 85' lang='lat' dir='ltr'><strong>sive</strong></span> <span class='ocrx_word' id='word_1_291' title='bbox 1613 3980 1677 4034; x_wconf 89' lang='lat' dir='ltr'><strong>ad</strong></span> <span class='ocrx_word' id='word_1_292' title='bbox 1708 3980 1823 4033; x_wconf 76' lang='lat' dir='ltr'><strong>Oeo-</strong></span> 
     </span>
    </p>
   </div>
   <div class='ocr_carea' id='block_1_41' title="bbox 244 4057 1825 4146">
    <p class='ocr_par' dir='ltr' id='par_1_41' title="bbox 244 4057 1825 4146">
     <span class='ocr_line' id='line_1_41' title="bbox 244 4057 1825 4146; baseline -0.003 -16"><span class='ocrx_word' id='word_1_293' title='bbox 244 4076 435 4145; x_wconf 79' lang='grc' dir='ltr'>λογὶαν</span> <span class='ocrx_word' id='word_1_294' title='bbox 472 4076 627 4134; x_wconf 86' lang='lat' dir='ltr'><strong>locus</strong></span> <span class='ocrx_word' id='word_1_295' title='bbox 653 4076 939 4146; x_wconf 87' lang='lat' dir='ltr'><strong>pertineat,</strong></span> <span class='ocrx_word' id='word_1_296' title='bbox 972 4075 1264 4131; x_wconf 78' lang='lat' dir='ltr'><strong>manifeste</strong></span> <span class='ocrx_word' id='word_1_297' title='bbox 1317 4057 1455 4129; x_wconf 82' lang='lat' dir='ltr'><strong>duas</strong></span> <span class='ocrx_word' id='word_1_298' title='bbox 1482 4073 1726 4127; x_wconf 87' lang='lat' dir='ltr'><strong>diversas</strong></span> <span class='ocrx_word' id='word_1_299' title='bbox 1771 4080 1825 4126; x_wconf 87' lang='lat' dir='ltr'><strong>et</strong></span> 
     </span>
    </p>
   </div>
   <div class='ocr_carea' id='block_1_42' title="bbox 245 4162 1819 4236">
    <p class='ocr_par' dir='ltr' id='par_1_42' title="bbox 245 4162 1819 4236">
     <span class='ocr_line' id='line_1_42' title="bbox 245 4162 1819 4236; baseline -0.003 -16"><span class='ocrx_word' id='word_1_300' title='bbox 245 4165 544 4222; x_wconf 87' lang='lat' dir='ltr'><strong>distinctas</strong></span> <span class='ocrx_word' id='word_1_301' title='bbox 581 4165 760 4222; x_wconf 86' lang='lat' dir='ltr'><strong>Patris</strong></span> <span class='ocrx_word' id='word_1_302' title='bbox 792 4176 846 4221; x_wconf 88' lang='lat' dir='ltr'><strong>et</strong></span> <span class='ocrx_word' id='word_1_303' title='bbox 903 4165 1026 4220; x_wconf 84' lang='lat' dir='ltr'><strong>Filii</strong></span> <span class='ocrx_word' id='word_1_304' title='bbox 1057 4174 1286 4221; x_wconf 84' lang='lat' dir='ltr'><strong>naturas</strong></span> <span class='ocrx_word' id='word_1_305' title='bbox 1313 4179 1516 4236; x_wconf 88' lang='lat' dir='ltr'><strong>ponere</strong></span> <span class='ocrx_word' id='word_1_306' title='bbox 1553 4162 1766 4216; x_wconf 87' lang='lat' dir='ltr'><strong>videtur</strong></span> <span class='ocrx_word' id='word_1_307' title='bbox 1808 4182 1819 4215; x_wconf 89' lang='lat'><em>:</em></span> 
     </span>
    </p>
   </div>
   <div class='ocr_carea' id='block_1_43' title="bbox 246 4253 1825 4330">
    <p class='ocr_par' dir='ltr' id='par_1_43' title="bbox 246 4253 1825 4330">
     <span class='ocr_line' id='line_1_43' title="bbox 246 4253 1825 4330; baseline -0.004 -18"><span class='ocrx_word' id='word_1_308' title='bbox 246 4257 396 4330; x_wconf 85' lang='lat' dir='ltr'><strong>quod</strong></span> <span class='ocrx_word' id='word_1_309' title='bbox 426 4257 656 4327; x_wconf 90' lang='lat' dir='ltr'><strong>impium</strong></span> <span class='ocrx_word' id='word_1_310' title='bbox 682 4257 798 4312; x_wconf 79' lang='lat' dir='ltr'><strong>Arii</strong></span> <span class='ocrx_word' id='word_1_311' title='bbox 837 4257 1032 4328; x_wconf 87' lang='lat' dir='ltr'><strong>dogma</strong></span> <span class='ocrx_word' id='word_1_312' title='bbox 1065 4264 1203 4319; x_wconf 90' lang='lat' dir='ltr'><strong>erat,</strong></span> <span class='ocrx_word' id='word_1_313' title='bbox 1263 4257 1352 4311; x_wconf 91' lang='lat' dir='ltr'><strong>cui</strong></span> <span class='ocrx_word' id='word_1_314' title='bbox 1387 4253 1686 4310; x_wconf 71' lang='lat' dir='ltr'><strong>refellendo</strong></span> <span class='ocrx_word' id='word_1_315' title='bbox 1711 4259 1825 4310; x_wconf 87' lang='lat' dir='ltr'><strong>tota</strong></span> 
     </span>
    </p>
   </div>
   <div class='ocr_carea' id='block_1_44' title="bbox 247 4343 1826 4421">
    <p class='ocr_par' dir='ltr' id='par_1_44' title="bbox 247 4343 1826 4421">
     <span class='ocr_line' id='line_1_44' title="bbox 247 4343 1826 4421; baseline -0.006 -14"><span class='ocrx_word' id='word_1_316' title='bbox 247 4351 365 4407; x_wconf 64' lang='lat' dir='ltr'><strong>haec</strong></span> <span class='ocrx_word' id='word_1_317' title='bbox 395 4351 629 4421; x_wconf 81' lang='lat' dir='ltr'><strong>epistola</strong></span> <span class='ocrx_word' id='word_1_318' title='bbox 665 4351 918 4421; x_wconf 83' lang='lat' dir='ltr'><strong>opposita</strong></span> <span class='ocrx_word' id='word_1_319' title='bbox 953 4356 1056 4404; x_wconf 90' lang='lat' dir='ltr'><strong>est.</strong></span> <span class='ocrx_word' id='word_1_320' title='bbox 1085 4347 1225 4414; x_wconf 85' lang='lat' dir='ltr'><strong>Quid</strong></span> <span class='ocrx_word' id='word_1_321' title='bbox 1260 4347 1468 4416; x_wconf 87' lang='lat' dir='ltr'><strong>igitur?</strong></span> <span class='ocrx_word' id='word_1_322' title='bbox 1519 4361 1649 4399; x_wconf 91' lang='lat' dir='ltr'><strong>num</strong></span> <span class='ocrx_word' id='word_1_323' title='bbox 1689 4343 1826 4398; x_wconf 90' lang='lat' dir='ltr'><strong>forte</strong></span> 
     </span>
    </p>
   </div>
   <div class='ocr_carea' id='block_1_45' title="bbox 246 4437 1826 4514">
    <p class='ocr_par' dir='ltr' id='par_1_45' title="bbox 246 4437 1826 4514">
     <span class='ocr_line' id='line_1_45' title="bbox 246 4437 1826 4514; baseline -0.004 -17"><span class='ocrx_word' id='word_1_324' title='bbox 246 4443 424 4497; x_wconf 70' lang='grc' dir='ltr'>ἄλλων</span> <span class='ocrx_word' id='word_1_325' title='bbox 460 4442 645 4514; x_wconf 81' lang='grc' dir='ltr'><strong>ἰητρὸς</strong></span> <span class='ocrx_word' id='word_1_326' title='bbox 669 4442 832 4506; x_wconf 81' lang='grc' dir='ltr'>αὐτὸς</span> <span class='ocrx_word' id='word_1_327' title='bbox 850 4441 1032 4494; x_wconf 74' lang='grc' dir='ltr'>ἕλκεσι</span> <span class='ocrx_word' id='word_1_328' title='bbox 1066 4439 1253 4511; x_wconf 77' lang='grc' dir='ltr'><strong>βρύει;</strong></span> <span class='ocrx_word' id='word_1_329' title='bbox 1291 4439 1384 4494; x_wconf 89' lang='lat' dir='ltr'><strong>sed</strong></span> <span class='ocrx_word' id='word_1_330' title='bbox 1416 4437 1575 4500; x_wconf 88' lang='lat' dir='ltr'><strong>absit,</strong></span> <span class='ocrx_word' id='word_1_331' title='bbox 1610 4443 1668 4490; x_wconf 90' lang='lat' dir='ltr'><strong>ut</strong></span> <span class='ocrx_word' id='word_1_332' title='bbox 1700 4451 1826 4491; x_wconf 89' lang='lat' dir='ltr'><strong>san-</strong></span> 
     </span>
    </p>
   </div>
   <div class='ocr_carea' id='block_1_46' title="bbox 1661 369 1968 432">
    <p class='ocr_par' dir='ltr' id='par_1_46' title="bbox 1661 369 1968 432">
     <span class='ocr_line' id='line_1_46' title="bbox 1661 369 1968 432; baseline -0.013 0"><span class='ocrx_word' id='word_1_333' title='bbox 1661 369 1968 432; x_wconf 71' lang='lat' dir='ltr'><strong>NOTiTlA.</strong></span> 
     </span>
    </p>
   </div>
   <div class='ocr_carea' id='block_1_47' title="bbox 1019 464 3471 565">
    <p class='ocr_par' dir='ltr' id='par_1_47' title="bbox 1019 464 3471 565">
     <span class='ocr_line' id='line_1_47' title="bbox 1019 464 3471 565; baseline -0.021 0"><span class='ocrx_word' id='word_1_334' title='bbox 1019 505 1296 564; x_wconf 73' lang='lat' dir='ltr'><strong>dixerim?</strong></span> <span class='ocrx_word' id='word_1_335' title='bbox 1333 502 1471 558; x_wconf 90' lang='lat' dir='ltr'><strong>Cum</strong></span> <span class='ocrx_word' id='word_1_336' title='bbox 1534 497 1788 565; x_wconf 80' lang='lat' dir='ltr'><strong>accipere,</strong></span> <span class='ocrx_word' id='word_1_337' title='bbox 1819 503 1863 554; x_wconf 79' lang='grc' dir='ltr'>Α</span> <span class='ocrx_word' id='word_1_338' title='bbox 1892 499 2072 561; x_wconf 86' lang='lat' dir='ltr'><strong>ptam,</strong></span> <span class='ocrx_word' id='word_1_339' title='bbox 2113 483 2254 539; x_wconf 83' lang='lat' dir='ltr'><strong>nihil</strong></span> <span class='ocrx_word' id='word_1_340' title='bbox 2283 489 2465 537; x_wconf 87' lang='lat' dir='ltr'><strong>tamen</strong></span> <span class='ocrx_word' id='word_1_341' title='bbox 2508 481 2624 538; x_wconf 61' lang='lat' dir='ltr'><strong>hac</strong></span> <span class='ocrx_word' id='word_1_342' title='bbox 2660 476 2872 533; x_wconf 83' lang='lat' dir='ltr'><strong>destina</strong></span> <span class='ocrx_word' id='word_1_343' title='bbox 2896 467 3238 532; x_wconf 71' lang='lat' dir='ltr'><strong>sententiam.</strong></span> <span class='ocrx_word' id='word_1_344' title='bbox 3260 464 3420 524; x_wconf 78' lang='lat' dir='ltr'><strong>fulcit</strong></span> <span class='ocrx_word' id='word_1_345' title='bbox 3457 479 3471 514; x_wconf 90' lang='lat'><strong>:</strong></span> 
     </span>
    </p>
   </div>
   <div class='ocr_carea' id='block_1_48' title="bbox 3368 340 3477 399">
    <p class='ocr_par' dir='ltr' id='par_1_48' title="bbox 3368 340 3477 399">
     <span class='ocr_line' id='line_1_48' title="bbox 3368 340 3477 399; baseline -0.037 0"><span class='ocrx_word' id='word_1_346' title='bbox 3368 340 3477 399; x_wconf 64' lang='grc'><strong>542</strong></span> 
     </span>
    </p>
   </div>
   <div class='ocr_carea' id='block_1_49' title="bbox 1892 557 3478 647">
    <p class='ocr_par' dir='ltr' id='par_1_49' title="bbox 1892 557 3478 647">
     <span class='ocr_line' id='line_1_49' title="bbox 1892 557 3478 647; baseline -0.016 -11"><span class='ocrx_word' id='word_1_347' title='bbox 1892 596 2017 636; x_wconf 92' lang='lat' dir='ltr'><strong>cum</strong></span> <span class='ocrx_word' id='word_1_348' title='bbox 2049 579 2166 647; x_wconf 90' lang='lat' dir='ltr'><strong>ipse</strong></span> <span class='ocrx_word' id='word_1_349' title='bbox 2199 575 2416 645; x_wconf 83' lang='grc' dir='ltr'><strong>φύσεως</strong></span> <span class='ocrx_word' id='word_1_350' title='bbox 2475 586 2673 627; x_wconf 89' lang='lat' dir='ltr'><strong>nomen</strong></span> <span class='ocrx_word' id='word_1_351' title='bbox 2730 570 2938 641; x_wconf 86' lang='lat' dir='ltr'><strong>passim</strong></span> <span class='ocrx_word' id='word_1_352' title='bbox 2984 565 3191 620; x_wconf 90' lang='lat' dir='ltr'><strong>usitato</strong></span> <span class='ocrx_word' id='word_1_353' title='bbox 3216 557 3478 613; x_wconf 66' lang='lat' dir='ltr'><strong>Ecclesia</strong></span> 
     </span>
    </p>
   </div>
   <div class='ocr_carea' id='block_1_50' title="bbox 1893 648 3477 738">
    <p class='ocr_par' dir='ltr' id='par_1_50' title="bbox 1893 648 3477 738">
     <span class='ocr_line' id='line_1_50' title="bbox 1893 648 3477 738; baseline -0.019 -11"><span class='ocrx_word' id='word_1_354' title='bbox 1893 687 2056 727; x_wconf 89' lang='lat' dir='ltr'><strong>sensu</strong></span> <span class='ocrx_word' id='word_1_355' title='bbox 2127 675 2354 738; x_wconf 89' lang='lat' dir='ltr'><strong>usurpet</strong></span> <span class='ocrx_word' id='word_1_356' title='bbox 2422 664 2626 733; x_wconf 90' lang='lat' dir='ltr'><strong>:idque</strong></span> <span class='ocrx_word' id='word_1_357' title='bbox 2692 659 2970 714; x_wconf 88' lang='lat' dir='ltr'><strong>mordicus</strong></span> <span class='ocrx_word' id='word_1_358' title='bbox 3027 663 3220 711; x_wconf 90' lang='lat' dir='ltr'><strong>contra</strong></span> <span class='ocrx_word' id='word_1_359' title='bbox 3282 648 3477 702; x_wconf 82' lang='lat' dir='ltr'><strong>Arium</strong></span> 
     </span>
    </p>
   </div>
   <div class='ocr_carea' id='block_1_51' title="bbox 1893 736 3481 826">
    <p class='ocr_par' dir='ltr' id='par_1_51' title="bbox 1893 736 3481 826">
     <span class='ocr_line' id='line_1_51' title="bbox 1893 736 3481 826; baseline -0.018 -8"><span class='ocrx_word' id='word_1_360' title='bbox 1893 770 2142 826; x_wconf 87' lang='lat' dir='ltr'><strong>tueatur,</strong></span> <span class='ocrx_word' id='word_1_361' title='bbox 2207 774 2370 814; x_wconf 90' lang='lat' dir='ltr'><strong>unam</strong></span> <span class='ocrx_word' id='word_1_362' title='bbox 2425 771 2548 812; x_wconf 90' lang='lat' dir='ltr'><strong>esse</strong></span> <span class='ocrx_word' id='word_1_363' title='bbox 2596 755 2954 823; x_wconf 86' lang='lat' dir='ltr'><strong>eamdemque</strong></span> <span class='ocrx_word' id='word_1_364' title='bbox 3010 745 3192 802; x_wconf 87' lang='lat' dir='ltr'><strong>Patris</strong></span> <span class='ocrx_word' id='word_1_365' title='bbox 3260 756 3326 796; x_wconf 91' lang='lat' dir='ltr'><strong>ac</strong></span> <span class='ocrx_word' id='word_1_366' title='bbox 3383 736 3481 791; x_wconf 86' lang='lat' dir='ltr'><strong>Fi-</strong></span> 
     </span>
    </p>
   </div>
   <div class='ocr_carea' id='block_1_52' title="bbox 1894 833 3480 914">
    <p class='ocr_par' dir='ltr' id='par_1_52' title="bbox 1894 833 3480 914">
     <span class='ocr_line' id='line_1_52' title="bbox 1894 833 3480 914; baseline -0.018 -4"><span class='ocrx_word' id='word_1_367' title='bbox 1894 856 1954 910; x_wconf 87' lang='lat' dir='ltr'><strong>lii</strong></span> <span class='ocrx_word' id='word_1_368' title='bbox 1999 862 2248 908; x_wconf 89' lang='lat' dir='ltr'><strong>naturam</strong></span> <span class='ocrx_word' id='word_1_369' title='bbox 2271 891 2285 912; x_wconf 93' lang='lat'><strong>,</strong></span> <span class='ocrx_word' id='word_1_370' title='bbox 2315 859 2369 905; x_wconf 83' lang='lat' dir='ltr'><strong>et</strong></span> <span class='ocrx_word' id='word_1_371' title='bbox 2397 848 2636 902; x_wconf 79' lang='lat' dir='ltr'><strong>Verbum</strong></span> <span class='ocrx_word' id='word_1_372' title='bbox 2669 845 2828 914; x_wconf 82' lang='grc' dir='ltr'>φύσει</span> <span class='ocrx_word' id='word_1_373' title='bbox 2862 841 3058 896; x_wconf 83' lang='lat' dir='ltr'><strong>Filium</strong></span> <span class='ocrx_word' id='word_1_374' title='bbox 3106 833 3288 890; x_wconf 84' lang='lat' dir='ltr'><strong>Patris</strong></span> <span class='ocrx_word' id='word_1_375' title='bbox 3351 843 3480 885; x_wconf 85' lang='lat' dir='ltr'><strong>esse</strong></span> 
     </span>
    </p>
   </div>
   <div class='ocr_carea' id='block_1_53' title="bbox 1895 919 3479 999">
    <p class='ocr_par' dir='ltr' id='par_1_53' title="bbox 1895 919 3479 999">
     <span class='ocr_line' id='line_1_53' title="bbox 1895 919 3479 999; baseline -0.017 0"><span class='ocrx_word' id='word_1_376' title='bbox 1895 942 2058 999; x_wconf 83' lang='lat' dir='ltr'><strong>sicuti</strong></span> <span class='ocrx_word' id='word_1_377' title='bbox 2086 958 2116 997; x_wconf 91' lang='lat' dir='ltr'><strong>e</strong></span> <span class='ocrx_word' id='word_1_378' title='bbox 2150 950 2339 994; x_wconf 90' lang='lat' dir='ltr'><strong>contra</strong></span> <span class='ocrx_word' id='word_1_379' title='bbox 2375 937 2659 991; x_wconf 87' lang='lat' dir='ltr'><strong>contendit.</strong></span> <span class='ocrx_word' id='word_1_380' title='bbox 2695 933 2891 987; x_wconf 82' lang='lat' dir='ltr'><strong>Filium</strong></span> <span class='ocrx_word' id='word_1_381' title='bbox 2933 946 3040 984; x_wconf 91' lang='lat' dir='ltr'><strong>non</strong></span> <span class='ocrx_word' id='word_1_382' title='bbox 3087 942 3210 982; x_wconf 91' lang='lat' dir='ltr'><strong>esse</strong></span> <span class='ocrx_word' id='word_1_383' title='bbox 3235 923 3337 992; x_wconf 77' lang='grc' dir='ltr'><strong>τῆς</strong></span> <span class='ocrx_word' id='word_1_384' title='bbox 3386 919 3479 973; x_wconf 83' lang='grc' dir='ltr'><strong>αὑ-</strong></span> 
     </span>
    </p>
   </div>
   <div class='ocr_carea' id='block_1_54' title="bbox 1894 1019 3475 1107">
    <p class='ocr_par' dir='ltr' id='par_1_54' title="bbox 1894 1019 3475 1107">
     <span class='ocr_line' id='line_1_54' title="bbox 1894 1019 3475 1107; baseline -0.017 -19"><span class='ocrx_word' id='word_1_385' title='bbox 1894 1036 1993 1107; x_wconf 78' lang='grc' dir='ltr'><strong>τῆς</strong></span> <span class='ocrx_word' id='word_1_386' title='bbox 2066 1033 2281 1102; x_wconf 76' lang='grc' dir='ltr'>φύσεως</span> <span class='ocrx_word' id='word_1_387' title='bbox 2354 1034 2469 1094; x_wconf 79' lang='grc' dir='ltr'><strong>τοῖς</strong></span> <span class='ocrx_word' id='word_1_388' title='bbox 2520 1028 2856 1099; x_wconf 76' lang='grc' dir='ltr'><strong>γενομένοις.</strong></span> <span class='ocrx_word' id='word_1_389' title='bbox 2934 1022 3115 1088; x_wconf 88' lang='lat' dir='ltr'><strong>Quare</strong></span> <span class='ocrx_word' id='word_1_390' title='bbox 3181 1019 3475 1085; x_wconf 86' lang='lat' dir='ltr'><strong>superest,</strong></span> 
     </span>
    </p>
   </div>
   <div class='ocr_carea' id='block_1_55' title="bbox 1899 1108 3481 1185">
    <p class='ocr_par' dir='ltr' id='par_1_55' title="bbox 1899 1108 3481 1185">
     <span class='ocr_line' id='line_1_55' title="bbox 1899 1108 3481 1185; baseline -0.016 -5"><span class='ocrx_word' id='word_1_391' title='bbox 1899 1137 1960 1180; x_wconf 90' lang='lat' dir='ltr'><strong>ut</strong></span> <span class='ocrx_word' id='word_1_392' title='bbox 2006 1125 2172 1178; x_wconf 82' lang='lat' dir='ltr'><strong>verba</strong></span> <span class='ocrx_word' id='word_1_393' title='bbox 2212 1121 2421 1184; x_wconf 62' lang='lat' dir='ltr'><strong>Graeca,</strong></span> <span class='ocrx_word' id='word_1_394' title='bbox 2487 1121 2565 1174; x_wconf 87' lang='lat' dir='ltr'><strong>uti</strong></span> <span class='ocrx_word' id='word_1_395' title='bbox 2603 1132 2750 1174; x_wconf 89' lang='lat' dir='ltr'><strong>nunc</strong></span> <span class='ocrx_word' id='word_1_396' title='bbox 2817 1114 3038 1185; x_wconf 88' lang='lat' dir='ltr'><strong>quidem</strong></span> <span class='ocrx_word' id='word_1_397' title='bbox 3089 1111 3250 1179; x_wconf 84' lang='lat' dir='ltr'><strong>vulgo</strong></span> <span class='ocrx_word' id='word_1_398' title='bbox 3285 1108 3481 1174; x_wconf 75' lang='lat' dir='ltr'><strong>legun-</strong></span> 
     </span>
    </p>
   </div>
   <div class='ocr_carea' id='block_1_56' title="bbox 1898 1196 3480 1278">
    <p class='ocr_par' dir='ltr' id='par_1_56' title="bbox 1898 1196 3480 1278">
     <span class='ocr_line' id='line_1_56' title="bbox 1898 1196 3480 1278; baseline -0.016 -8"><span class='ocrx_word' id='word_1_399' title='bbox 1898 1226 2010 1278; x_wconf 88' lang='lat' dir='ltr'><strong>tur,</strong></span> <span class='ocrx_word' id='word_1_400' title='bbox 2057 1215 2141 1269; x_wconf 85' lang='lat' dir='ltr'><strong>vel</strong></span> <span class='ocrx_word' id='word_1_401' title='bbox 2201 1212 2578 1266; x_wconf 58' lang='lat' dir='ltr'><strong>haereticorum</strong></span> <span class='ocrx_word' id='word_1_402' title='bbox 2628 1207 2858 1272; x_wconf 87' lang='lat' dir='ltr'><strong>malitia,</strong></span> <span class='ocrx_word' id='word_1_403' title='bbox 2911 1203 2996 1257; x_wconf 90' lang='lat' dir='ltr'><strong>vel</strong></span> <span class='ocrx_word' id='word_1_404' title='bbox 3039 1201 3258 1256; x_wconf 89' lang='lat' dir='ltr'><strong>inscitia</strong></span> <span class='ocrx_word' id='word_1_405' title='bbox 3307 1196 3480 1250; x_wconf 84' lang='lat' dir='ltr'><strong>libra-</strong></span> 
     </span>
    </p>
   </div>
   <div class='ocr_carea' id='block_1_57' title="bbox 1897 1286 3480 1372">
    <p class='ocr_par' dir='ltr' id='par_1_57' title="bbox 1897 1286 3480 1372">
     <span class='ocr_line' id='line_1_57' title="bbox 1897 1286 3480 1372; baseline -0.014 -12"><span class='ocrx_word' id='word_1_406' title='bbox 1897 1308 2108 1362; x_wconf 85' lang='lat' dir='ltr'><strong>riorum</strong></span> <span class='ocrx_word' id='word_1_407' title='bbox 2141 1313 2396 1372; x_wconf 86' lang='lat' dir='ltr'><strong>corrupta</strong></span> <span class='ocrx_word' id='word_1_408' title='bbox 2451 1302 2720 1356; x_wconf 87' lang='lat' dir='ltr'><strong>dicamus.</strong></span> <span class='ocrx_word' id='word_1_409' title='bbox 2777 1293 2935 1363; x_wconf 93' lang='lat' dir='ltr'><strong>Quod</strong></span> <span class='ocrx_word' id='word_1_410' title='bbox 2989 1292 3148 1346; x_wconf 82' lang='lat' dir='ltr'><strong>facile</strong></span> <span class='ocrx_word' id='word_1_411' title='bbox 3190 1286 3480 1348; x_wconf 84' lang='lat' dir='ltr'><strong>concedet,</strong></span> 
     </span>
    </p>
   </div>
   <div class='ocr_carea' id='block_1_58' title="bbox 1899 1385 3480 1469">
    <p class='ocr_par' dir='ltr' id='par_1_58' title="bbox 1899 1385 3480 1469">
     <span class='ocr_line' id='line_1_58' title="bbox 1899 1385 3480 1469; baseline -0.015 -16"><span class='ocrx_word' id='word_1_412' title='bbox 1899 1396 2151 1469; x_wconf 70' lang='lat' dir='ltr'><strong>quismiis</strong></span> <span class='ocrx_word' id='word_1_413' title='bbox 2182 1404 2420 1450; x_wconf 90' lang='lat' dir='ltr'><strong>vestrum</strong></span> <span class='ocrx_word' id='word_1_414' title='bbox 2450 1408 2559 1447; x_wconf 91' lang='lat' dir='ltr'><strong>non</strong></span> <span class='ocrx_word' id='word_1_415' title='bbox 2606 1393 2842 1461; x_wconf 84' lang='lat' dir='ltr'><strong>ignorat,</strong></span> <span class='ocrx_word' id='word_1_416' title='bbox 2877 1386 3181 1445; x_wconf 84' lang='lat' dir='ltr'><strong>auditores,</strong></span> <span class='ocrx_word' id='word_1_417' title='bbox 3214 1385 3480 1450; x_wconf 79' lang='lat' dir='ltr'><strong>quantum</strong></span> 
     </span>
    </p>
   </div>
   <div class='ocr_carea' id='block_1_59' title="bbox 1901 1475 3484 1550">
    <p class='ocr_par' dir='ltr' id='par_1_59' title="bbox 1901 1475 3484 1550">
     <span class='ocr_line' id='line_1_59' title="bbox 1901 1475 3484 1550; baseline -0.015 -7"><span class='ocrx_word' id='word_1_418' title='bbox 1901 1486 2229 1543; x_wconf 77' lang='lat' dir='ltr'><strong>calamitatis</strong></span> <span class='ocrx_word' id='word_1_419' title='bbox 2282 1492 2337 1538; x_wconf 88' lang='lat' dir='ltr'><strong>et</strong></span> <span class='ocrx_word' id='word_1_420' title='bbox 2383 1497 2630 1538; x_wconf 88' lang='lat' dir='ltr'><strong>errorum</strong></span> <span class='ocrx_word' id='word_1_421' title='bbox 2691 1489 2921 1550; x_wconf 83' lang='lat' dir='ltr'><strong>utraque</strong></span> <span class='ocrx_word' id='word_1_422' title='bbox 2952 1475 3120 1547; x_wconf 89' lang='lat' dir='ltr'><strong>pestis</strong></span> <span class='ocrx_word' id='word_1_423' title='bbox 3166 1477 3484 1528; x_wconf 88' lang='lat' dir='ltr'><strong>sanctorum</strong></span> 
     </span>
    </p>
   </div>
   <div class='ocr_carea' id='block_1_60' title="bbox 1901 1562 3485 1647">
    <p class='ocr_par' dir='ltr' id='par_1_60' title="bbox 1901 1562 3485 1647">
     <span class='ocr_line' id='line_1_60' title="bbox 1901 1562 3485 1647; baseline -0.015 -14"><span class='ocrx_word' id='word_1_424' title='bbox 1901 1579 2125 1643; x_wconf 80' lang='lat' dir='ltr'><strong>Patrum</strong></span> <span class='ocrx_word' id='word_1_425' title='bbox 2157 1576 2377 1647; x_wconf 89' lang='lat' dir='ltr'><strong>scriptis</strong></span> <span class='ocrx_word' id='word_1_426' title='bbox 2411 1575 2655 1628; x_wconf 89' lang='lat' dir='ltr'><strong>intulerit</strong></span> <span class='ocrx_word' id='word_1_427' title='bbox 2690 1593 2702 1627; x_wconf 93' lang='lat'>:</span> <span class='ocrx_word' id='word_1_428' title='bbox 2738 1587 2858 1642; x_wconf 72' lang='lat' dir='ltr'><strong>quae</strong></span> <span class='ocrx_word' id='word_1_429' title='bbox 2895 1585 3084 1641; x_wconf 90' lang='lat' dir='ltr'><strong>gressu</strong></span> <span class='ocrx_word' id='word_1_430' title='bbox 3117 1565 3282 1620; x_wconf 89' lang='lat' dir='ltr'><strong>nimis</strong></span> <span class='ocrx_word' id='word_1_431' title='bbox 3311 1562 3485 1616; x_wconf 78' lang='lat' dir='ltr'><strong>libere</strong></span> 
     </span>
    </p>
   </div>
   <div class='ocr_carea' id='block_1_61' title="bbox 1906 1655 3482 1742">
    <p class='ocr_par' dir='ltr' id='par_1_61' title="bbox 1906 1655 3482 1742">
     <span class='ocr_line' id='line_1_61' title="bbox 1906 1655 3482 1742; baseline -0.013 -18"><span class='ocrx_word' id='word_1_432' title='bbox 1906 1688 2001 1742; x_wconf 90' lang='lat' dir='ltr'><strong>per</strong></span> <span class='ocrx_word' id='word_1_433' title='bbox 2029 1670 2310 1725; x_wconf 81' lang='lat' dir='ltr'><strong>Orientem</strong></span> <span class='ocrx_word' id='word_1_434' title='bbox 2336 1666 2631 1738; x_wconf 86' lang='lat' dir='ltr'><strong>aliquando</strong></span> <span class='ocrx_word' id='word_1_435' title='bbox 2675 1663 3055 1735; x_wconf 80' lang='lat' dir='ltr'><strong>grassabatur,</strong></span> <span class='ocrx_word' id='word_1_436' title='bbox 3086 1672 3212 1712; x_wconf 90' lang='lat' dir='ltr'><strong>cum</strong></span> <span class='ocrx_word' id='word_1_437' title='bbox 3241 1655 3482 1710; x_wconf 87' lang='lat' dir='ltr'><strong>dissecta</strong></span> 
     </span>
    </p>
   </div>
   <div class='ocr_carea' id='block_1_62' title="bbox 1907 1746 3483 1832">
    <p class='ocr_par' dir='ltr' id='par_1_62' title="bbox 1907 1746 3483 1832">
     <span class='ocr_line' id='line_1_62' title="bbox 1907 1746 3483 1832; baseline -0.014 -13"><span class='ocrx_word' id='word_1_438' title='bbox 1907 1765 1962 1819; x_wconf 92' lang='lat' dir='ltr'><strong>in</strong></span> <span class='ocrx_word' id='word_1_439' title='bbox 1993 1765 2228 1819; x_wconf 71' lang='lat' dir='ltr'><strong>haereses</strong></span> <span class='ocrx_word' id='word_1_440' title='bbox 2250 1770 2304 1818; x_wconf 88' lang='lat' dir='ltr'><strong>et</strong></span> <span class='ocrx_word' id='word_1_441' title='bbox 2336 1761 2575 1832; x_wconf 87' lang='lat' dir='ltr'><strong>partium</strong></span> <span class='ocrx_word' id='word_1_442' title='bbox 2602 1757 2783 1813; x_wconf 90' lang='lat' dir='ltr'><strong>studia</strong></span> <span class='ocrx_word' id='word_1_443' title='bbox 2811 1753 3076 1812; x_wconf 86' lang='lat' dir='ltr'><strong>Ecclesia,</strong></span> <span class='ocrx_word' id='word_1_444' title='bbox 3102 1750 3264 1806; x_wconf 86' lang='lat' dir='ltr'><strong>malis</strong></span> <span class='ocrx_word' id='word_1_445' title='bbox 3285 1746 3483 1815; x_wconf 84' lang='lat' dir='ltr'><strong>hujus-</strong></span> 
     </span>
    </p>
   </div>
   <div class='ocr_carea' id='block_1_63' title="bbox 1835 1839 3488 1920">
    <p class='ocr_par' dir='ltr' id='par_1_63' title="bbox 1835 1839 3488 1920">
     <span class='ocr_line' id='line_1_63' title="bbox 1835 1839 3488 1920; baseline -0.014 -9"><span class='ocrx_word' id='word_1_446' title='bbox 1835 1839 1877 1894; x_wconf 76' lang='grc' dir='ltr'><strong><em>Β</em></strong></span> <span class='ocrx_word' id='word_1_447' title='bbox 1907 1855 2051 1910; x_wconf 89' lang='lat' dir='ltr'><strong>modi</strong></span> <span class='ocrx_word' id='word_1_448' title='bbox 2077 1854 2310 1916; x_wconf 89' lang='lat' dir='ltr'><strong>artibus,</strong></span> <span class='ocrx_word' id='word_1_449' title='bbox 2359 1868 2470 1906; x_wconf 76' lang='lat' dir='ltr'><strong>suze</strong></span> <span class='ocrx_word' id='word_1_450' title='bbox 2498 1851 2734 1920; x_wconf 91' lang='lat' dir='ltr'><strong>quisque</strong></span> <span class='ocrx_word' id='word_1_451' title='bbox 2760 1860 2938 1902; x_wconf 67' lang='lat' dir='ltr'><strong>causa:</strong></span> <span class='ocrx_word' id='word_1_452' title='bbox 2959 1842 3318 1914; x_wconf 86' lang='lat' dir='ltr'><strong>patrocinium</strong></span> <span class='ocrx_word' id='word_1_453' title='bbox 3343 1849 3488 1906; x_wconf 65' lang='lat' dir='ltr'><strong>quie-</strong></span> 
     </span>
    </p>
   </div>
   <div class='ocr_carea' id='block_1_64' title="bbox 1903 1931 3489 2003">
    <p class='ocr_par' dir='ltr' id='par_1_64' title="bbox 1903 1931 3489 2003">
     <span class='ocr_line' id='line_1_64' title="bbox 1903 1931 3489 2003; baseline -0.013 -1"><span class='ocrx_word' id='word_1_454' title='bbox 1903 1954 2068 2003; x_wconf 88' lang='lat' dir='ltr'><strong>reret.</strong></span> <span class='ocrx_word' id='word_1_455' title='bbox 2110 1946 2250 1999; x_wconf 85' lang='lat' dir='ltr'><strong>Huic</strong></span> <span class='ocrx_word' id='word_1_456' title='bbox 2283 1953 2465 1998; x_wconf 85' lang='lat' dir='ltr'><strong>autem</strong></span> <span class='ocrx_word' id='word_1_457' title='bbox 2498 1943 2619 1996; x_wconf 93' lang='lat' dir='ltr'><strong>loco</strong></span> <span class='ocrx_word' id='word_1_458' title='bbox 2649 1941 2839 1995; x_wconf 88' lang='lat' dir='ltr'><strong>vitium</strong></span> <span class='ocrx_word' id='word_1_459' title='bbox 2864 1938 3069 1992; x_wconf 84' lang='lat' dir='ltr'><strong>factum</strong></span> <span class='ocrx_word' id='word_1_460' title='bbox 3096 1934 3352 2001; x_wconf 90' lang='lat' dir='ltr'><strong>antiquus</strong></span> <span class='ocrx_word' id='word_1_461' title='bbox 3399 1931 3489 1982; x_wconf 88' lang='lat' dir='ltr'><strong>hi-</strong></span> 
     </span>
    </p>
   </div>
   <div class='ocr_carea' id='block_1_65' title="bbox 1905 2024 3490 2102">
    <p class='ocr_par' dir='ltr' id='par_1_65' title="bbox 1905 2024 3490 2102">
     <span class='ocr_line' id='line_1_65' title="bbox 1905 2024 3490 2102; baseline -0.011 -9"><span class='ocrx_word' id='word_1_462' title='bbox 1905 2038 2086 2093; x_wconf 67' lang='lat' dir='ltr'><strong>storiae</strong></span> <span class='ocrx_word' id='word_1_463' title='bbox 2104 2037 2492 2091; x_wconf 72' lang='lat' dir='ltr'><strong>ecclesiastica:</strong></span> <span class='ocrx_word' id='word_1_464' title='bbox 2521 2035 2793 2102; x_wconf 84' lang='lat' dir='ltr'><strong>interpres</strong></span> <span class='ocrx_word' id='word_1_465' title='bbox 2820 2027 3159 2100; x_wconf 85' lang='lat' dir='ltr'><strong>Epiphanius</strong></span> <span class='ocrx_word' id='word_1_466' title='bbox 3187 2024 3490 2078; x_wconf 80' lang='lat' dir='ltr'><strong>Scholasti—</strong></span> 
     </span>
    </p>
   </div>
   <div class='ocr_carea' id='block_1_66' title="bbox 1905 2114 3491 2197">
    <p class='ocr_par' dir='ltr' id='par_1_66' title="bbox 1905 2114 3491 2197">
     <span class='ocr_line' id='line_1_66' title="bbox 1905 2114 3491 2197; baseline -0.011 -15"><span class='ocrx_word' id='word_1_467' title='bbox 1905 2144 2004 2182; x_wconf 89' lang='lat' dir='ltr'><strong>cus</strong></span> <span class='ocrx_word' id='word_1_468' title='bbox 2040 2127 2246 2197; x_wconf 88' lang='lat' dir='ltr'><strong>liquido</strong></span> <span class='ocrx_word' id='word_1_469' title='bbox 2288 2124 2530 2181; x_wconf 85' lang='lat' dir='ltr'><strong>ostendit</strong></span> <span class='ocrx_word' id='word_1_470' title='bbox 2563 2144 2575 2178; x_wconf 91' lang='lat'><strong>:</strong></span> <span class='ocrx_word' id='word_1_471' title='bbox 2611 2138 2772 2193; x_wconf 87' lang='lat' dir='ltr'><strong>quem</strong></span> <span class='ocrx_word' id='word_1_472' title='bbox 2817 2121 3006 2174; x_wconf 78' lang='lat' dir='ltr'><strong>Graeca</strong></span> <span class='ocrx_word' id='word_1_473' title='bbox 3036 2117 3197 2171; x_wconf 90' lang='lat' dir='ltr'><strong>verba</strong></span> <span class='ocrx_word' id='word_1_474' title='bbox 3222 2131 3332 2169; x_wconf 90' lang='lat' dir='ltr'><strong>non</strong></span> <span class='ocrx_word' id='word_1_475' title='bbox 3367 2114 3491 2183; x_wconf 58' lang='lat' dir='ltr'><strong>qui-</strong></span> 
     </span>
    </p>
   </div>
   <div class='ocr_carea' id='block_1_67' title="bbox 1907 2205 3494 2285">
    <p class='ocr_par' dir='ltr' id='par_1_67' title="bbox 1907 2205 3494 2285">
     <span class='ocr_line' id='line_1_67' title="bbox 1907 2205 3494 2285; baseline -0.009 -13"><span class='ocrx_word' id='word_1_476' title='bbox 1907 2217 2028 2272; x_wconf 89' lang='lat' dir='ltr'><strong>dem</strong></span> <span class='ocrx_word' id='word_1_477' title='bbox 2067 2223 2291 2278; x_wconf 87' lang='lat' dir='ltr'><strong>mutata,</strong></span> <span class='ocrx_word' id='word_1_478' title='bbox 2346 2216 2438 2270; x_wconf 88' lang='lat' dir='ltr'><strong>sed</strong></span> <span class='ocrx_word' id='word_1_479' title='bbox 2493 2213 2831 2285; x_wconf 81' lang='lat' dir='ltr'><strong>tranSposito</strong></span> <span class='ocrx_word' id='word_1_480' title='bbox 2881 2209 3132 2273; x_wconf 81' lang='lat' dir='ltr'><strong>articulo,</strong></span> <span class='ocrx_word' id='word_1_481' title='bbox 3189 2207 3293 2260; x_wconf 89' lang='lat' dir='ltr'><strong>hoc</strong></span> <span class='ocrx_word' id='word_1_482' title='bbox 3327 2205 3494 2259; x_wconf 83' lang='lat' dir='ltr'><strong>modo</strong></span> 
     </span>
    </p>
   </div>
   <div class='ocr_carea' id='block_1_68' title="bbox 1908 2296 3491 2378">
    <p class='ocr_par' dir='ltr' id='par_1_68' title="bbox 1908 2296 3491 2378">
     <span class='ocr_line' id='line_1_68' title="bbox 1908 2296 3491 2378; baseline -0.011 -15"><span class='ocrx_word' id='word_1_483' title='bbox 1908 2311 2038 2364; x_wconf 89' lang='lat' dir='ltr'><strong>olim</strong></span> <span class='ocrx_word' id='word_1_484' title='bbox 2085 2310 2280 2378; x_wconf 82' lang='lat' dir='ltr'><strong>legisse</strong></span> <span class='ocrx_word' id='word_1_485' title='bbox 2327 2314 2550 2378; x_wconf 88' lang='lat' dir='ltr'><strong>apparet</strong></span> <span class='ocrx_word' id='word_1_486' title='bbox 2587 2325 2599 2359; x_wconf 91' lang='lat'>:</span> <span class='ocrx_word' id='word_1_487' title='bbox 2637 2304 2770 2359; x_wconf 73' lang='grc' dir='ltr'><strong>Οὐδὲ</strong></span> <span class='ocrx_word' id='word_1_488' title='bbox 2817 2305 2884 2375; x_wconf 76' lang='grc' dir='ltr'><strong>τῇ</strong></span> <span class='ocrx_word' id='word_1_489' title='bbox 2931 2300 3228 2354; x_wconf 77' lang='grc' dir='ltr'>ὑποστάσει</span> <span class='ocrx_word' id='word_1_490' title='bbox 3259 2297 3352 2349; x_wconf 85' lang='grc' dir='ltr'><strong>δύο</strong></span> <span class='ocrx_word' id='word_1_491' title='bbox 3390 2296 3491 2365; x_wconf 84' lang='grc' dir='ltr'><strong>φύ-</strong></span> 
     </span>
    </p>
   </div>
   <div class='ocr_carea' id='block_1_69' title="bbox 1912 2385 3492 2469">
    <p class='ocr_par' dir='ltr' id='par_1_69' title="bbox 1912 2385 3492 2469">
     <span class='ocr_line' id='line_1_69' title="bbox 1912 2385 3492 2469; baseline -0.008 -17"><span class='ocrx_word' id='word_1_492' title='bbox 1912 2417 2022 2462; x_wconf 82' lang='grc' dir='ltr'>σεις</span> <span class='ocrx_word' id='word_1_493' title='bbox 2055 2399 2150 2469; x_wconf 79' lang='grc' dir='ltr'><strong>τὴν</strong></span> <span class='ocrx_word' id='word_1_494' title='bbox 2179 2400 2305 2468; x_wconf 80' lang='grc' dir='ltr'>μίαν</span> <span class='ocrx_word' id='word_1_495' title='bbox 2351 2394 2840 2466; x_wconf 71' lang='grc' dir='ltr'><strong>εἷναισαφηνίζων,</strong></span> <span class='ocrx_word' id='word_1_496' title='bbox 2888 2395 3016 2446; x_wconf 87' lang='lat' dir='ltr'><strong>dum</strong></span> <span class='ocrx_word' id='word_1_497' title='bbox 3057 2391 3219 2444; x_wconf 85' lang='lat' dir='ltr'><strong>vertit</strong></span> <span class='ocrx_word' id='word_1_498' title='bbox 3254 2406 3268 2440; x_wconf 87' lang='lat'><strong>:</strong></span> <span class='ocrx_word' id='word_1_499' title='bbox 3311 2385 3492 2456; x_wconf 83' lang='lat' dir='ltr'><strong>Neque</strong></span> 
     </span>
    </p>
   </div>
   <div class='ocr_carea' id='block_1_70' title="bbox 1911 2478 3488 2553">
    <p class='ocr_par' dir='ltr' id='par_1_70' title="bbox 1911 2478 3488 2553">
     <span class='ocr_line' id='line_1_70' title="bbox 1911 2478 3488 2553; baseline -0.009 -9"><span class='ocrx_word' id='word_1_500' title='bbox 1911 2490 2334 2544; x_wconf 79' lang='lat' dir='ltr'><strong>substantialiter</strong></span> <span class='ocrx_word' id='word_1_501' title='bbox 2354 2487 2487 2540; x_wconf 81' lang='lat' dir='ltr'><strong>duas</strong></span> <span class='ocrx_word' id='word_1_502' title='bbox 2512 2495 2732 2539; x_wconf 84' lang='lat' dir='ltr'><strong>naturas</strong></span> <span class='ocrx_word' id='word_1_503' title='bbox 2772 2499 2890 2553; x_wconf 70' lang='lat' dir='ltr'><strong>qua:</strong></span> <span class='ocrx_word' id='word_1_504' title='bbox 2926 2492 3153 2543; x_wconf 82' lang='lat' dir='ltr'><strong>estuna,</strong></span> <span class='ocrx_word' id='word_1_505' title='bbox 3188 2478 3488 2532; x_wconf 79' lang='lat' dir='ltr'><strong>declarans.</strong></span> 
     </span>
    </p>
   </div>
   <div class='ocr_carea' id='block_1_71' title="bbox 1911 2573 3495 2648">
    <p class='ocr_par' dir='ltr' id='par_1_71' title="bbox 1911 2573 3495 2648">
     <span class='ocr_line' id='line_1_71' title="bbox 1911 2573 3495 2648; baseline -0.008 -12"><span class='ocrx_word' id='word_1_506' title='bbox 1911 2581 2082 2648; x_wconf 88' lang='lat' dir='ltr'><strong>Quem</strong></span> <span class='ocrx_word' id='word_1_507' title='bbox 2112 2594 2299 2634; x_wconf 90' lang='lat' dir='ltr'><strong>verum</strong></span> <span class='ocrx_word' id='word_1_508' title='bbox 2333 2587 2387 2633; x_wconf 92' lang='lat' dir='ltr'><strong>et</strong></span> <span class='ocrx_word' id='word_1_509' title='bbox 2416 2578 2747 2632; x_wconf 90' lang='lat' dir='ltr'><strong>catholicum</strong></span> <span class='ocrx_word' id='word_1_510' title='bbox 2781 2576 2946 2645; x_wconf 82' lang='lat' dir='ltr'><strong>hujus</strong></span> <span class='ocrx_word' id='word_1_511' title='bbox 2979 2573 3084 2628; x_wconf 88' lang='lat' dir='ltr'><strong>loci</strong></span> <span class='ocrx_word' id='word_1_512' title='bbox 3117 2586 3340 2628; x_wconf 85' lang='lat' dir='ltr'><strong>sensum</strong></span> <span class='ocrx_word' id='word_1_513' title='bbox 3370 2583 3495 2624; x_wconf 89' lang='lat' dir='ltr'><strong>esse</strong></span> 
     </span>
    </p>
   </div>
   <div class='ocr_carea' id='block_1_72' title="bbox 1913 2666 3496 2743">
    <p class='ocr_par' dir='ltr' id='par_1_72' title="bbox 1913 2666 3496 2743">
     <span class='ocr_line' id='line_1_72' title="bbox 1913 2666 3496 2743; baseline -0.008 -14"><span class='ocrx_word' id='word_1_514' title='bbox 1913 2675 2070 2728; x_wconf 82' lang='lat' dir='ltr'><strong>facile</strong></span> <span class='ocrx_word' id='word_1_515' title='bbox 2099 2672 2413 2743; x_wconf 88' lang='lat' dir='ltr'><strong>perspiciet,</strong></span> <span class='ocrx_word' id='word_1_516' title='bbox 2445 2671 2700 2742; x_wconf 86' lang='lat' dir='ltr'><strong>quisquis</strong></span> <span class='ocrx_word' id='word_1_517' title='bbox 2754 2669 2858 2722; x_wconf 88' lang='lat' dir='ltr'><strong>hoc</strong></span> <span class='ocrx_word' id='word_1_518' title='bbox 2909 2666 3072 2720; x_wconf 90' lang='lat' dir='ltr'><strong>modo</strong></span> <span class='ocrx_word' id='word_1_519' title='bbox 3107 2679 3229 2731; x_wconf 88' lang='lat' dir='ltr'><strong>rem</strong></span> <span class='ocrx_word' id='word_1_520' title='bbox 3277 2675 3496 2717; x_wconf 88' lang='lat' dir='ltr'><strong>mecum</strong></span> 
     </span>
    </p>
   </div>
   <div class='ocr_carea' id='block_1_73' title="bbox 1913 2757 3497 2824">
    <p class='ocr_par' dir='ltr' id='par_1_73' title="bbox 1913 2757 3497 2824">
     <span class='ocr_line' id='line_1_73' title="bbox 1913 2757 3497 2824; baseline -0.01 -4"><span class='ocrx_word' id='word_1_521' title='bbox 1913 2764 2364 2822; x_wconf 85' lang='lat' dir='ltr'><strong>consideraverit.</strong></span> <span class='ocrx_word' id='word_1_522' title='bbox 2393 2762 2687 2816; x_wconf 68' lang='lat' dir='ltr'><strong>Catholicae</strong></span> <span class='ocrx_word' id='word_1_523' title='bbox 2714 2759 2972 2816; x_wconf 68' lang='lat' dir='ltr'><strong>Ecclesia:</strong></span> <span class='ocrx_word' id='word_1_524' title='bbox 2992 2757 3149 2818; x_wconf 83' lang='lat' dir='ltr'><strong>fides,</strong></span> <span class='ocrx_word' id='word_1_525' title='bbox 3179 2770 3301 2824; x_wconf 77' lang='lat' dir='ltr'><strong>qua:</strong></span> <span class='ocrx_word' id='word_1_526' title='bbox 3325 2767 3497 2806; x_wconf 87' lang='lat' dir='ltr'><strong>unum</strong></span> 
     </span>
    </p>
   </div>
   <div class='ocr_carea' id='block_1_74' title="bbox 1915 2849 3501 2918">
    <p class='ocr_par' dir='ltr' id='par_1_74' title="bbox 1915 2849 3501 2918">
     <span class='ocr_line' id='line_1_74' title="bbox 1915 2849 3501 2918; baseline -0.009 -6"><span class='ocrx_word' id='word_1_527' title='bbox 1915 2858 2085 2913; x_wconf 90' lang='lat' dir='ltr'><strong>Deum</strong></span> <span class='ocrx_word' id='word_1_528' title='bbox 2118 2859 2172 2912; x_wconf 93' lang='lat' dir='ltr'><strong>in</strong></span> <span class='ocrx_word' id='word_1_529' title='bbox 2195 2856 2483 2918; x_wconf 79' lang='lat' dir='ltr'><strong>&#39;l‘rinitate,</strong></span> <span class='ocrx_word' id='word_1_530' title='bbox 2509 2862 2563 2908; x_wconf 91' lang='lat' dir='ltr'><strong>et</strong></span> <span class='ocrx_word' id='word_1_531' title='bbox 2592 2853 2916 2907; x_wconf 87' lang='lat' dir='ltr'><strong>Trinitatem</strong></span> <span class='ocrx_word' id='word_1_532' title='bbox 2949 2851 3003 2903; x_wconf 90' lang='lat' dir='ltr'><strong>in</strong></span> <span class='ocrx_word' id='word_1_533' title='bbox 3036 2849 3244 2904; x_wconf 83' lang='lat' dir='ltr'><strong>unitate</strong></span> <span class='ocrx_word' id='word_1_534' title='bbox 3279 2860 3501 2902; x_wconf 85' lang='lat' dir='ltr'><strong>venera-</strong></span> 
     </span>
    </p>
   </div>
   <div class='ocr_carea' id='block_1_75' title="bbox 1917 2937 3499 3023">
    <p class='ocr_par' dir='ltr' id='par_1_75' title="bbox 1917 2937 3499 3023">
     <span class='ocr_line' id='line_1_75' title="bbox 1917 2937 3499 3023; baseline -0.009 -20"><span class='ocrx_word' id='word_1_535' title='bbox 1917 2959 2028 3013; x_wconf 90' lang='lat' dir='ltr'><strong>tur,</strong></span> <span class='ocrx_word' id='word_1_536' title='bbox 2065 2952 2207 3003; x_wconf 91' lang='lat' dir='ltr'><strong>inter</strong></span> <span class='ocrx_word' id='word_1_537' title='bbox 2233 2948 2515 3023; x_wconf 85' lang='lat' dir='ltr'><strong>oppositos</strong></span> <span class='ocrx_word' id='word_1_538' title='bbox 2546 2959 2796 2998; x_wconf 89' lang='lat' dir='ltr'><strong>errorum</strong></span> <span class='ocrx_word' id='word_1_539' title='bbox 2834 2943 3112 3014; x_wconf 90' lang='lat' dir='ltr'><strong>scopulos,</strong></span> <span class='ocrx_word' id='word_1_540' title='bbox 3147 2948 3198 2995; x_wconf 89' lang='lat' dir='ltr'><strong>et</strong></span> <span class='ocrx_word' id='word_1_541' title='bbox 3236 2937 3499 3007; x_wconf 88' lang='lat' dir='ltr'><strong>multipli-</strong></span> 
     </span>
    </p>
   </div>
   <div class='ocr_carea' id='block_1_76' title="bbox 1916 3027 3502 3105">
    <p class='ocr_par' dir='ltr' id='par_1_76' title="bbox 1916 3027 3502 3105">
     <span class='ocr_line' id='line_1_76' title="bbox 1916 3027 3502 3105; baseline -0.009 -9"><span class='ocrx_word' id='word_1_542' title='bbox 1916 3055 2010 3096; x_wconf 89' lang='lat' dir='ltr'><strong>ces</strong></span> <span class='ocrx_word' id='word_1_543' title='bbox 2040 3039 2445 3095; x_wconf 86' lang='lat' dir='ltr'><strong>mendaciorum</strong></span> <span class='ocrx_word' id='word_1_544' title='bbox 2471 3037 2750 3105; x_wconf 83' lang='lat' dir='ltr'><strong>ambages,</strong></span> <span class='ocrx_word' id='word_1_545' title='bbox 2779 3035 2944 3103; x_wconf 70' lang='lat' dir='ltr'><strong>regia:</strong></span> <span class='ocrx_word' id='word_1_546' title='bbox 2975 3032 3075 3085; x_wconf 63' lang='lat' dir='ltr'><strong>via:</strong></span> <span class='ocrx_word' id='word_1_547' title='bbox 3096 3031 3288 3090; x_wconf 89' lang='lat' dir='ltr'><strong>instar,</strong></span> <span class='ocrx_word' id='word_1_548' title='bbox 3321 3027 3502 3082; x_wconf 88' lang='lat' dir='ltr'><strong>medio</strong></span> 
     </span>
    </p>
   </div>
   <div class='ocr_carea' id='block_1_77' title="bbox 1921 3120 3499 3192">
    <p class='ocr_par' dir='ltr' id='par_1_77' title="bbox 1921 3120 3499 3192">
     <span class='ocr_line' id='line_1_77' title="bbox 1921 3120 3499 3192; baseline -0.008 -6"><span class='ocrx_word' id='word_1_549' title='bbox 1921 3133 2046 3191; x_wconf 88' lang='lat' dir='ltr'><strong>loco</strong></span> <span class='ocrx_word' id='word_1_550' title='bbox 2073 3130 2296 3192; x_wconf 87' lang='lat' dir='ltr'><strong>incedit,</strong></span> <span class='ocrx_word' id='word_1_551' title='bbox 2327 3129 2574 3184; x_wconf 86' lang='lat' dir='ltr'><strong>devitans</strong></span> <span class='ocrx_word' id='word_1_552' title='bbox 2601 3127 2730 3180; x_wconf 90' lang='lat' dir='ltr'><strong>hinc</strong></span> <span class='ocrx_word' id='word_1_553' title='bbox 2764 3125 2893 3179; x_wconf 87' lang='lat' dir='ltr'><strong>inde</strong></span> <span class='ocrx_word' id='word_1_554' title='bbox 2928 3121 3272 3177; x_wconf 88' lang='lat' dir='ltr'><strong>imminentia</strong></span> <span class='ocrx_word' id='word_1_555' title='bbox 3324 3120 3499 3174; x_wconf 66' lang='lat' dir='ltr'><strong>haere-</strong></span> 
     </span>
    </p>
   </div>
   <div class='ocr_carea' id='block_1_78' title="bbox 1921 3213 3504 3290">
    <p class='ocr_par' dir='ltr' id='par_1_78' title="bbox 1921 3213 3504 3290">
     <span class='ocr_line' id='line_1_78' title="bbox 1921 3213 3504 3290; baseline -0.011 -8"><span class='ocrx_word' id='word_1_556' title='bbox 1921 3241 2042 3283; x_wconf 88' lang='lat' dir='ltr'><strong>sum</strong></span> <span class='ocrx_word' id='word_1_557' title='bbox 2072 3231 2339 3286; x_wconf 86' lang='lat' dir='ltr'><strong>monstra,</strong></span> <span class='ocrx_word' id='word_1_558' title='bbox 2389 3236 2509 3290; x_wconf 76' lang='lat' dir='ltr'><strong>qua:</strong></span> <span class='ocrx_word' id='word_1_559' title='bbox 2542 3221 2736 3275; x_wconf 85' lang='lat' dir='ltr'><strong>insano</strong></span> <span class='ocrx_word' id='word_1_560' title='bbox 2766 3219 3006 3272; x_wconf 88' lang='lat' dir='ltr'><strong>clamore</strong></span> <span class='ocrx_word' id='word_1_561' title='bbox 3049 3215 3331 3269; x_wconf 87' lang='lat' dir='ltr'><strong>veritatem</strong></span> <span class='ocrx_word' id='word_1_562' title='bbox 3368 3213 3504 3265; x_wconf 84' lang='lat' dir='ltr'><strong>alla-</strong></span> 
     </span>
    </p>
   </div>
   <div class='ocr_carea' id='block_1_79' title="bbox 1920 3303 3494 3384">
    <p class='ocr_par' dir='ltr' id='par_1_79' title="bbox 1920 3303 3494 3384">
     <span class='ocr_line' id='line_1_79' title="bbox 1920 3303 3494 3384; baseline -0.008 -15"><span class='ocrx_word' id='word_1_563' title='bbox 1920 3325 2067 3370; x_wconf 85' lang='lat' dir='ltr'><strong>trant</strong></span> <span class='ocrx_word' id='word_1_564' title='bbox 2093 3335 2103 3368; x_wconf 90' lang='lat'>:</span> <span class='ocrx_word' id='word_1_565' title='bbox 2139 3323 2197 3368; x_wconf 91' lang='lat' dir='ltr'><strong>ut</strong></span> <span class='ocrx_word' id='word_1_566' title='bbox 2226 3327 2399 3384; x_wconf 89' lang='lat' dir='ltr'><strong>neque</strong></span> <span class='ocrx_word' id='word_1_567' title='bbox 2430 3326 2694 3383; x_wconf 84' lang='lat' dir='ltr'><strong>personas</strong></span> <span class='ocrx_word' id='word_1_568' title='bbox 2725 3325 2851 3364; x_wconf 90' lang='lat' dir='ltr'><strong>cum</strong></span> <span class='ocrx_word' id='word_1_569' title='bbox 2891 3307 3132 3363; x_wconf 88' lang='lat' dir='ltr'><strong>Sabellio</strong></span> <span class='ocrx_word' id='word_1_570' title='bbox 3162 3303 3494 3366; x_wconf 90' lang='lat' dir='ltr'><strong>confundat,</strong></span> 
     </span>
    </p>
   </div>
   <div class='ocr_carea' id='block_1_80' title="bbox 1920 3394 3502 3480">
    <p class='ocr_par' dir='ltr' id='par_1_80' title="bbox 1920 3394 3502 3480">
     <span class='ocr_line' id='line_1_80' title="bbox 1920 3394 3502 3480; baseline -0.009 -16"><span class='ocrx_word' id='word_1_571' title='bbox 1920 3423 2096 3480; x_wconf 88' lang='lat' dir='ltr'><strong>neque</strong></span> <span class='ocrx_word' id='word_1_572' title='bbox 2113 3422 2236 3461; x_wconf 90' lang='lat' dir='ltr'><strong>cum</strong></span> <span class='ocrx_word' id='word_1_573' title='bbox 2261 3406 2391 3458; x_wconf 83' lang='lat' dir='ltr'><strong>Ario</strong></span> <span class='ocrx_word' id='word_1_574' title='bbox 2419 3403 2785 3459; x_wconf 88' lang='lat' dir='ltr'><strong>substantiam</strong></span> <span class='ocrx_word' id='word_1_575' title='bbox 2819 3408 3058 3470; x_wconf 89' lang='lat' dir='ltr'><strong>separet.</strong></span> <span class='ocrx_word' id='word_1_576' title='bbox 3089 3397 3244 3451; x_wconf 83' lang='lat' dir='ltr'><strong>Hanc</strong></span> <span class='ocrx_word' id='word_1_577' title='bbox 3270 3394 3502 3450; x_wconf 84' lang='lat' dir='ltr'><strong>catholi-</strong></span> 
     </span>
    </p>
   </div>
   <div class='ocr_carea' id='block_1_81' title="bbox 1919 3487 3503 3570">
    <p class='ocr_par' dir='ltr' id='par_1_81' title="bbox 1919 3487 3503 3570">
     <span class='ocr_line' id='line_1_81' title="bbox 1919 3487 3503 3570; baseline -0.01 -15"><span class='ocrx_word' id='word_1_578' title='bbox 1919 3516 1996 3558; x_wconf 66' lang='lat' dir='ltr'><strong>ca:</strong></span> <span class='ocrx_word' id='word_1_579' title='bbox 2015 3500 2258 3555; x_wconf 87' lang='lat' dir='ltr'><strong>veritatis</strong></span> <span class='ocrx_word' id='word_1_580' title='bbox 2288 3510 2613 3570; x_wconf 75' lang='lat' dir='ltr'><strong>cynosuram</strong></span> <span class='ocrx_word' id='word_1_581' title='bbox 2633 3493 3007 3548; x_wconf 74' lang='lat' dir='ltr'><strong>Alexandrum</strong></span> <span class='ocrx_word' id='word_1_582' title='bbox 3030 3504 3247 3558; x_wconf 85' lang='lat' dir='ltr'><strong>quoque</strong></span> <span class='ocrx_word' id='word_1_583' title='bbox 3262 3487 3366 3541; x_wconf 88' lang='lat' dir='ltr'><strong>hoc</strong></span> <span class='ocrx_word' id='word_1_584' title='bbox 3381 3488 3503 3540; x_wconf 82' lang='lat' dir='ltr'><strong>loco</strong></span> 
     </span>
    </p>
   </div>
   <div class='ocr_carea' id='block_1_82' title="bbox 1921 3576 3502 3657">
    <p class='ocr_par' dir='ltr' id='par_1_82' title="bbox 1921 3576 3502 3657">
     <span class='ocr_line' id='line_1_82' title="bbox 1921 3576 3502 3657; baseline -0.011 -9"><span class='ocrx_word' id='word_1_585' title='bbox 1921 3599 2169 3648; x_wconf 90' lang='lat' dir='ltr'><strong>secutum</strong></span> <span class='ocrx_word' id='word_1_586' title='bbox 2190 3597 2426 3651; x_wconf 89' lang='lat' dir='ltr'><strong>constat,</strong></span> <span class='ocrx_word' id='word_1_587' title='bbox 2452 3589 2543 3657; x_wconf 89' lang='lat' dir='ltr'><strong>qui</strong></span> <span class='ocrx_word' id='word_1_588' title='bbox 2572 3584 2870 3655; x_wconf 89' lang='lat' dir='ltr'><strong>propositis</strong></span> <span class='ocrx_word' id='word_1_589' title='bbox 2899 3581 3105 3636; x_wconf 87' lang='lat' dir='ltr'><strong>Christi</strong></span> <span class='ocrx_word' id='word_1_590' title='bbox 3129 3578 3335 3642; x_wconf 89' lang='lat' dir='ltr'><strong>verbis,</strong></span> <span class='ocrx_word' id='word_1_591' title='bbox 3361 3576 3502 3631; x_wconf 91' lang='lat' dir='ltr'><strong>duos</strong></span> 
     </span>
    </p>
   </div>
   <div class='ocr_carea' id='block_1_83' title="bbox 1921 3669 3502 3738">
    <p class='ocr_par' dir='ltr' id='par_1_83' title="bbox 1921 3669 3502 3738">
     <span class='ocr_line' id='line_1_83' title="bbox 1921 3669 3502 3738; baseline -0.011 -1"><span class='ocrx_word' id='word_1_592' title='bbox 1921 3685 2050 3738; x_wconf 91' lang='lat' dir='ltr'><strong>hinc</strong></span> <span class='ocrx_word' id='word_1_593' title='bbox 2099 3681 2225 3736; x_wconf 89' lang='lat' dir='ltr'><strong>inde</strong></span> <span class='ocrx_word' id='word_1_594' title='bbox 2271 3679 2608 3734; x_wconf 83' lang='lat' dir='ltr'><strong>adulterinos</strong></span> <span class='ocrx_word' id='word_1_595' title='bbox 2664 3690 2860 3731; x_wconf 88' lang='lat' dir='ltr'><strong>sensus</strong></span> <span class='ocrx_word' id='word_1_596' title='bbox 2916 3685 3232 3734; x_wconf 80' lang='lat' dir='ltr'><strong>removens,</strong></span> <span class='ocrx_word' id='word_1_597' title='bbox 3277 3669 3502 3724; x_wconf 90' lang='lat' dir='ltr'><strong>tertium</strong></span> 
     </span>
    </p>
   </div>
   <div class='ocr_carea' id='block_1_84' title="bbox 1922 3760 3500 3840">
    <p class='ocr_par' dir='ltr' id='par_1_84' title="bbox 1922 3760 3500 3840">
     <span class='ocr_line' id='line_1_84' title="bbox 1922 3760 3500 3840; baseline -0.012 -11"><span class='ocrx_word' id='word_1_598' title='bbox 1922 3776 2118 3830; x_wconf 89' lang='lat' dir='ltr'><strong>deinde</strong></span> <span class='ocrx_word' id='word_1_599' title='bbox 2150 3787 2338 3827; x_wconf 89' lang='lat' dir='ltr'><strong>verum</strong></span> <span class='ocrx_word' id='word_1_600' title='bbox 2369 3779 2422 3825; x_wconf 90' lang='lat' dir='ltr'><strong>et</strong></span> <span class='ocrx_word' id='word_1_601' title='bbox 2455 3769 2752 3840; x_wconf 90' lang='lat' dir='ltr'><strong>genuinum</strong></span> <span class='ocrx_word' id='word_1_602' title='bbox 2789 3764 3092 3835; x_wconf 88' lang='lat' dir='ltr'><strong>subjungit.</strong></span> <span class='ocrx_word' id='word_1_603' title='bbox 3123 3762 3257 3832; x_wconf 86' lang='lat' dir='ltr'><strong>Ego,</strong></span> <span class='ocrx_word' id='word_1_604' title='bbox 3303 3760 3500 3830; x_wconf 89' lang='lat' dir='ltr'><strong>inquit,</strong></span> 
     </span>
    </p>
   </div>
   <div class='ocr_carea' id='block_1_85' title="bbox 1923 3852 3505 3925">
    <p class='ocr_par' dir='ltr' id='par_1_85' title="bbox 1923 3852 3505 3925">
     <span class='ocr_line' id='line_1_85' title="bbox 1923 3852 3505 3925; baseline -0.011 -2"><span class='ocrx_word' id='word_1_605' title='bbox 1923 3879 1969 3924; x_wconf 84' lang='lat' dir='ltr'><strong>et</strong></span> <span class='ocrx_word' id='word_1_606' title='bbox 1993 3868 2152 3921; x_wconf 78' lang='lat' dir='ltr'><strong>Pater</strong></span> <span class='ocrx_word' id='word_1_607' title='bbox 2179 3881 2340 3919; x_wconf 75' lang='lat' dir='ltr'><strong>suum</strong></span> <span class='ocrx_word' id='word_1_608' title='bbox 2359 3879 2562 3925; x_wconf 75' lang='lat' dir='ltr'><strong>sumus,</strong></span> <span class='ocrx_word' id='word_1_609' title='bbox 2587 3877 2693 3915; x_wconf 86' lang='lat' dir='ltr'><strong>non</strong></span> <span class='ocrx_word' id='word_1_610' title='bbox 2723 3867 2782 3912; x_wconf 92' lang='lat' dir='ltr'><strong>ut</strong></span> <span class='ocrx_word' id='word_1_611' title='bbox 2800 3874 2858 3913; x_wconf 90' lang='lat' dir='ltr'><strong>se</strong></span> <span class='ocrx_word' id='word_1_612' title='bbox 2879 3857 3094 3911; x_wconf 89' lang='lat' dir='ltr'><strong>Patrem</strong></span> <span class='ocrx_word' id='word_1_613' title='bbox 3125 3869 3247 3909; x_wconf 89' lang='lat' dir='ltr'><strong>esse</strong></span> <span class='ocrx_word' id='word_1_614' title='bbox 3266 3852 3505 3906; x_wconf 80' lang='lat' dir='ltr'><strong>aﬂirma-</strong></span> 
     </span>
    </p>
   </div>
   <div class='ocr_carea' id='block_1_86' title="bbox 1925 3936 3505 4026">
    <p class='ocr_par' dir='ltr' id='par_1_86' title="bbox 1925 3936 3505 4026">
     <span class='ocr_line' id='line_1_86' title="bbox 1925 3936 3505 4026; baseline -0.015 -15"><span class='ocrx_word' id='word_1_615' title='bbox 1925 3966 2026 4014; x_wconf 86' lang='lat' dir='ltr'><strong>ret.</strong></span> <span class='ocrx_word' id='word_1_616' title='bbox 2061 3970 2169 4026; x_wconf 91' lang='lat' dir='ltr'><strong>quo</strong></span> <span class='ocrx_word' id='word_1_617' title='bbox 2202 3965 2555 4023; x_wconf 89' lang='lat' dir='ltr'><strong>personarum</strong></span> <span class='ocrx_word' id='word_1_618' title='bbox 2579 3946 3054 4010; x_wconf 87' lang='lat' dir='ltr'><strong>confusionem,et</strong></span> <span class='ocrx_word' id='word_1_619' title='bbox 3079 3936 3505 3994; x_wconf 67' lang='lat' dir='ltr'><strong>Sabelliiuioxa&#39;t-</strong></span> 
     </span>
    </p>
   </div>
   <div class='ocr_carea' id='block_1_87' title="bbox 1925 4032 3503 4120">
    <p class='ocr_par' dir='ltr' id='par_1_87' title="bbox 1925 4032 3503 4120">
     <span class='ocr_line' id='line_1_87' title="bbox 1925 4032 3503 4120; baseline -0.015 -17"><span class='ocrx_word' id='word_1_620' title='bbox 1925 4067 2056 4120; x_wconf 72' lang='grc' dir='ltr'>τορα</span> <span class='ocrx_word' id='word_1_621' title='bbox 2089 4048 2249 4101; x_wconf 80' lang='lat' dir='ltr'><strong>totlit.</strong></span> <span class='ocrx_word' id='word_1_622' title='bbox 2291 4043 2476 4112; x_wconf 82' lang='lat' dir='ltr'><strong>Neque</strong></span> <span class='ocrx_word' id='word_1_623' title='bbox 2505 4049 2564 4095; x_wconf 92' lang='lat' dir='ltr'><strong>ut</strong></span> <span class='ocrx_word' id='word_1_624' title='bbox 2594 4035 3030 4096; x_wconf 88' lang='lat' dir='ltr'><strong>subslantialiter</strong></span> <span class='ocrx_word' id='word_1_625' title='bbox 3078 4032 3216 4086; x_wconf 88' lang='lat' dir='ltr'><strong>duas</strong></span> <span class='ocrx_word' id='word_1_626' title='bbox 3255 4037 3503 4089; x_wconf 87' lang='lat' dir='ltr'><strong>naturas,</strong></span> 
     </span>
    </p>
   </div>
   <div class='ocr_carea' id='block_1_88' title="bbox 1926 4131 3507 4215">
    <p class='ocr_par' dir='ltr' id='par_1_88' title="bbox 1926 4131 3507 4215">
     <span class='ocr_line' id='line_1_88' title="bbox 1926 4131 3507 4215; baseline -0.016 -18"><span class='ocrx_word' id='word_1_627' title='bbox 1926 4158 2046 4215; x_wconf 70' lang='lat' dir='ltr'><strong>quae</strong></span> <span class='ocrx_word' id='word_1_628' title='bbox 2073 4148 2155 4195; x_wconf 88' lang='lat' dir='ltr'><strong>est</strong></span> <span class='ocrx_word' id='word_1_629' title='bbox 2185 4153 2311 4203; x_wconf 90' lang='lat' dir='ltr'><strong>una,</strong></span> <span class='ocrx_word' id='word_1_630' title='bbox 2342 4135 2643 4192; x_wconf 87' lang='lat' dir='ltr'><strong>declararet</strong></span> <span class='ocrx_word' id='word_1_631' title='bbox 2687 4149 2701 4186; x_wconf 89' lang='lat'><strong>:</strong></span> <span class='ocrx_word' id='word_1_632' title='bbox 2739 4131 2843 4183; x_wconf 89' lang='lat' dir='ltr'><strong>hoc</strong></span> <span class='ocrx_word' id='word_1_633' title='bbox 2873 4137 2980 4194; x_wconf 88' lang='lat' dir='ltr'><strong>est,</strong></span> <span class='ocrx_word' id='word_1_634' title='bbox 3013 4141 3124 4180; x_wconf 90' lang='lat' dir='ltr'><strong>non</strong></span> <span class='ocrx_word' id='word_1_635' title='bbox 3165 4131 3223 4177; x_wconf 91' lang='lat' dir='ltr'><strong>ut</strong></span> <span class='ocrx_word' id='word_1_636' title='bbox 3255 4136 3420 4176; x_wconf 90' lang='lat' dir='ltr'><strong>unam</strong></span> <span class='ocrx_word' id='word_1_637' title='bbox 3441 4136 3507 4175; x_wconf 87' lang='lat' dir='ltr'><strong>ac</strong></span> 
     </span>
    </p>
   </div>
   <div class='ocr_carea' id='block_1_89' title="bbox 1929 4210 3508 4305">
    <p class='ocr_par' dir='ltr' id='par_1_89' title="bbox 1929 4210 3508 4305">
     <span class='ocr_line' id='line_1_89' title="bbox 1929 4210 3508 4305; baseline -0.018 -14"><span class='ocrx_word' id='word_1_638' title='bbox 1929 4210 2393 4305; x_wconf 74' lang='lat' dir='ltr'><strong>simplicissimam</strong></span> <span class='ocrx_word' id='word_1_639' title='bbox 2422 4226 2604 4280; x_wconf 87' lang='lat' dir='ltr'><strong>Patris</strong></span> <span class='ocrx_word' id='word_1_640' title='bbox 2635 4223 2869 4292; x_wconf 87' lang='lat' dir='ltr'><strong>Filiique</strong></span> <span class='ocrx_word' id='word_1_641' title='bbox 2891 4228 3143 4274; x_wconf 91' lang='lat' dir='ltr'><strong>naturam</strong></span> <span class='ocrx_word' id='word_1_642' title='bbox 3166 4210 3231 4270; x_wconf 82' lang='lat' dir='ltr'><strong>in</strong></span> <span class='ocrx_word' id='word_1_643' title='bbox 3262 4215 3401 4269; x_wconf 88' lang='lat' dir='ltr'><strong>duas</strong></span> <span class='ocrx_word' id='word_1_644' title='bbox 3425 4213 3508 4288; x_wconf 58' lang='lat' dir='ltr'><strong>di:</strong></span> 
     </span>
    </p>
   </div>
   <div class='ocr_carea' id='block_1_90' title="bbox 1927 4306 3509 4394">
    <p class='ocr_par' dir='ltr' id='par_1_90' title="bbox 1927 4306 3509 4394">
     <span class='ocr_line' id='line_1_90' title="bbox 1927 4306 3509 4394; baseline -0.017 -10"><span class='ocrx_word' id='word_1_645' title='bbox 1927 4327 2134 4384; x_wconf 86' lang='lat' dir='ltr'><strong>videret</strong></span> <span class='ocrx_word' id='word_1_646' title='bbox 2166 4345 2180 4378; x_wconf 85' lang='lat'><strong>:</strong></span> <span class='ocrx_word' id='word_1_647' title='bbox 2206 4338 2315 4394; x_wconf 92' lang='lat' dir='ltr'><strong>quo</strong></span> <span class='ocrx_word' id='word_1_648' title='bbox 2369 4317 2688 4378; x_wconf 63' lang='lat' dir='ltr'><strong>substantiae</strong></span> <span class='ocrx_word' id='word_1_649' title='bbox 2733 4313 3133 4386; x_wconf 86' lang='lat' dir='ltr'><strong>separationcm</strong></span> <span class='ocrx_word' id='word_1_650' title='bbox 3165 4311 3234 4364; x_wconf 90' lang='lat' dir='ltr'><strong>ab</strong></span> <span class='ocrx_word' id='word_1_651' title='bbox 3262 4308 3393 4361; x_wconf 85' lang='lat' dir='ltr'><strong>Ario</strong></span> <span class='ocrx_word' id='word_1_652' title='bbox 3423 4306 3509 4359; x_wconf 89' lang='lat' dir='ltr'><strong>in-</strong></span> 
     </span>
    </p>
   </div>
   <div class='ocr_carea' id='block_1_91' title="bbox 1932 4398 3508 4478">
    <p class='ocr_par' dir='ltr' id='par_1_91' title="bbox 1932 4398 3508 4478">
     <span class='ocr_line' id='line_1_91' title="bbox 1932 4398 3508 4478; baseline -0.014 -3"><span class='ocrx_word' id='word_1_653' title='bbox 1932 4420 2240 4478; x_wconf 87' lang='lat' dir='ltr'><strong>troductam</strong></span> <span class='ocrx_word' id='word_1_654' title='bbox 2271 4411 2537 4470; x_wconf 75' lang='lat' dir='ltr'><strong>removet.</strong></span> <span class='ocrx_word' id='word_1_655' title='bbox 2554 4407 2822 4470; x_wconf 87' lang='lat' dir='ltr'><strong>Tandem,</strong></span> <span class='ocrx_word' id='word_1_656' title='bbox 2855 4404 3086 4461; x_wconf 87' lang='lat' dir='ltr'><strong>sublatis</strong></span> <span class='ocrx_word' id='word_1_657' title='bbox 3118 4402 3243 4455; x_wconf 89' lang='lat' dir='ltr'><strong>hinc</strong></span> <span class='ocrx_word' id='word_1_658' title='bbox 3262 4398 3389 4454; x_wconf 90' lang='lat' dir='ltr'><strong>inde</strong></span> <span class='ocrx_word' id='word_1_659' title='bbox 3417 4412 3508 4454; x_wconf 83' lang='lat' dir='ltr'><strong>er-</strong></span> 
     </span>
    </p>
   </div>
   <div class='ocr_carea' id='block_1_92' title="bbox 249 4490 3506 4603">
    <p class='ocr_par' dir='ltr' id='par_1_92' title="bbox 249 4490 3506 4603">
     <span class='ocr_line' id='line_1_92' title="bbox 249 4490 1716 4514; baseline -0.003 -6"><span class='ocrx_word' id='word_1_660' title='bbox 249 4490 418 4497; x_wconf 69' lang='lat'><strong>———--</strong></span> <span class='ocrx_word' id='word_1_661' title='bbox 461 4490 642 4514; x_wconf 62' lang='grc' dir='ltr'>νιτνν</span> <span class='ocrx_word' id='word_1_662' title='bbox 672 4490 829 4506; x_wconf 51' lang='lat' dir='ltr'><strong>nn.</strong></span> <span class='ocrx_word' id='word_1_663' title='bbox 1066 4490 1253 4511; x_wconf 52' lang='grc' dir='ltr'><strong>,ντ--ρ,</strong></span> <span class='ocrx_word' id='word_1_664' title='bbox 1293 4490 1384 4494; x_wconf 64' lang='grc' dir='ltr'><strong>πη</strong></span> <span class='ocrx_word' id='word_1_665' title='bbox 1545 4490 1574 4500; x_wconf 44' lang='grc' dir='ltr'><strong>κ.</strong></span> <span class='ocrx_word' id='word_1_666' title='bbox 1713 4490 1716 4491; x_wconf 46' lang='grc' dir='ltr'><strong>ν</strong></span> 
     </span>
     <span class='ocr_line' id='line_1_93' title="bbox 249 4490 3506 4603; baseline -0.01 -26"><span class='ocrx_word' id='word_1_667' title='bbox 249 4536 568 4591; x_wconf 67' lang='grc' dir='ltr'><strong>ειίεείωυω</strong></span> <span class='ocrx_word' id='word_1_668' title='bbox 616 4534 794 4588; x_wconf 64' lang='lat' dir='ltr'><strong>virum</strong></span> <span class='ocrx_word' id='word_1_669' title='bbox 832 4532 1147 4603; x_wconf 56' lang='lat' dir='ltr'><strong>huiusmodi</strong></span> <span class='ocrx_word' id='word_1_670' title='bbox 1180 4532 1301 4589; x_wconf 70' lang='lat' dir='ltr'><strong>labe</strong></span> <span class='ocrx_word' id='word_1_671' title='bbox 1352 4545 1640 4600; x_wconf 58' lang='lat' dir='ltr'><strong>aspergere</strong></span> <span class='ocrx_word' id='word_1_672' title='bbox 1673 4529 1827 4599; x_wconf 77' lang='lat' dir='ltr'><strong>quis-</strong></span> <span class='ocrx_word' id='word_1_673' title='bbox 1861 4514 1908 4572; x_wconf 91' lang='lat' dir='ltr'><strong>D</strong></span> <span class='ocrx_word' id='word_1_674' title='bbox 1932 4528 2117 4568; x_wconf 89' lang='lat' dir='ltr'><strong>rorum</strong></span> <span class='ocrx_word' id='word_1_675' title='bbox 2148 4506 2430 4571; x_wconf 73' lang='lat' dir='ltr'><strong>extremis,</strong></span> <span class='ocrx_word' id='word_1_676' title='bbox 2463 4502 2790 4557; x_wconf 89' lang='lat' dir='ltr'><strong>catholicam</strong></span> <span class='ocrx_word' id='word_1_677' title='bbox 2822 4498 2943 4567; x_wconf 87' lang='lat' dir='ltr'><strong>ejus</strong></span> <span class='ocrx_word' id='word_1_678' title='bbox 2968 4495 3074 4550; x_wconf 91' lang='lat' dir='ltr'><strong>loci</strong></span> <span class='ocrx_word' id='word_1_679' title='bbox 3105 4500 3344 4547; x_wconf 87' lang='lat' dir='ltr'><strong>mentem</strong></span> <span class='ocrx_word' id='word_1_680' title='bbox 3372 4490 3506 4545; x_wconf 88' lang='lat' dir='ltr'><strong>sub-</strong></span> 
     </span>
    </p>
   </div>
   <div class='ocr_carea' id='block_1_93' title="bbox 248 4620 1825 4696">
    <p class='ocr_par' dir='ltr' id='par_1_93' title="bbox 248 4620 1825 4696">
     <span class='ocr_line' id='line_1_94' title="bbox 248 4620 1825 4696; baseline -0.006 -13"><span class='ocrx_word' id='word_1_681' title='bbox 248 4643 420 4696; x_wconf 86' lang='lat' dir='ltr'><strong>quam</strong></span> <span class='ocrx_word' id='word_1_682' title='bbox 476 4634 703 4682; x_wconf 87' lang='lat' dir='ltr'><strong>conetur</strong></span> <span class='ocrx_word' id='word_1_683' title='bbox 738 4623 750 4673; x_wconf 83' lang='lat'>!</span> <span class='ocrx_word' id='word_1_684' title='bbox 780 4624 907 4681; x_wconf 78' lang='lat' dir='ltr'><strong>Mihi</strong></span> <span class='ocrx_word' id='word_1_685' title='bbox 970 4639 1101 4679; x_wconf 90' lang='lat' dir='ltr'><strong>vero</strong></span> <span class='ocrx_word' id='word_1_686' title='bbox 1141 4624 1246 4677; x_wconf 80' lang='lat' dir='ltr'><strong>loci</strong></span> <span class='ocrx_word' id='word_1_687' title='bbox 1276 4623 1441 4690; x_wconf 85' lang='lat' dir='ltr'><strong>hujus</strong></span> <span class='ocrx_word' id='word_1_688' title='bbox 1502 4620 1825 4676; x_wconf 88' lang='lat' dir='ltr'><strong>sententiam</strong></span> 
     </span>
    </p>
   </div>
   <div class='ocr_carea' id='block_1_94' title="bbox 251 4714 1826 4784">
    <p class='ocr_par' dir='ltr' id='par_1_94' title="bbox 251 4714 1826 4784">
     <span class='ocr_line' id='line_1_95' title="bbox 251 4714 1826 4784; baseline -0.004 -11"><span class='ocrx_word' id='word_1_689' title='bbox 251 4720 443 4774; x_wconf 87' lang='lat' dir='ltr'><strong>animo</strong></span> <span class='ocrx_word' id='word_1_690' title='bbox 466 4719 707 4773; x_wconf 83' lang='lat' dir='ltr'><strong>versanti</strong></span> <span class='ocrx_word' id='word_1_691' title='bbox 767 4716 888 4772; x_wconf 72' lang='lat' dir='ltr'><strong>duae</strong></span> <span class='ocrx_word' id='word_1_692' title='bbox 931 4715 1297 4771; x_wconf 87' lang='lat' dir='ltr'><strong>occurrebant</strong></span> <span class='ocrx_word' id='word_1_693' title='bbox 1326 4717 1589 4777; x_wconf 88' lang='lat' dir='ltr'><strong>rationes,</strong></span> <span class='ocrx_word' id='word_1_694' title='bbox 1626 4714 1826 4784; x_wconf 89' lang='lat' dir='ltr'><strong>quibus</strong></span> 
     </span>
    </p>
   </div>
   <div class='ocr_carea' id='block_1_95' title="bbox 253 4808 1825 4881">
    <p class='ocr_par' dir='ltr' id='par_1_95' title="bbox 253 4808 1825 4881">
     <span class='ocr_line' id='line_1_96' title="bbox 253 4808 1825 4881; baseline -0.006 -14"><span class='ocrx_word' id='word_1_695' title='bbox 253 4811 303 4869; x_wconf 88' lang='lat' dir='ltr'><strong>si</strong></span> <span class='ocrx_word' id='word_1_696' title='bbox 336 4826 455 4866; x_wconf 87' lang='lat' dir='ltr'><strong>non</strong></span> <span class='ocrx_word' id='word_1_697' title='bbox 477 4811 761 4881; x_wconf 72' lang='lat' dir='ltr'><strong>erplicari,</strong></span> <span class='ocrx_word' id='word_1_698' title='bbox 807 4811 998 4865; x_wconf 87' lang='lat' dir='ltr'><strong>saltem</strong></span> <span class='ocrx_word' id='word_1_699' title='bbox 1019 4808 1270 4865; x_wconf 77' lang='lat' dir='ltr'><strong>excusari</strong></span> <span class='ocrx_word' id='word_1_700' title='bbox 1326 4823 1488 4877; x_wconf 89' lang='lat' dir='ltr'><strong>posse</strong></span> <span class='ocrx_word' id='word_1_701' title='bbox 1517 4808 1825 4862; x_wconf 86' lang='lat' dir='ltr'><strong>videbatur.</strong></span> 
     </span>
    </p>
   </div>
   <div class='ocr_carea' id='block_1_96' title="bbox 254 4897 1830 4962">
    <p class='ocr_par' dir='ltr' id='par_1_96' title="bbox 254 4897 1830 4962">
     <span class='ocr_line' id='line_1_97' title="bbox 254 4897 1830 4962; baseline -0.001 -10"><span class='ocrx_word' id='word_1_702' title='bbox 254 4899 530 4956; x_wconf 74' lang='lat' dir='ltr'><strong>Videlicet</strong></span> <span class='ocrx_word' id='word_1_703' title='bbox 582 4907 884 4962; x_wconf 84' lang='lat' dir='ltr'><strong>auctorem,</strong></span> <span class='ocrx_word' id='word_1_704' title='bbox 917 4905 978 4952; x_wconf 89' lang='lat' dir='ltr'><strong>ut</strong></span> <span class='ocrx_word' id='word_1_705' title='bbox 1009 4898 1339 4952; x_wconf 82' lang='lat' dir='ltr'><strong>Arianorum</strong></span> <span class='ocrx_word' id='word_1_706' title='bbox 1392 4897 1721 4951; x_wconf 85' lang='lat' dir='ltr'><strong>sententiam</strong></span> <span class='ocrx_word' id='word_1_707' title='bbox 1750 4912 1830 4950; x_wconf 91' lang='lat' dir='ltr'><strong>re-</strong></span> 
     </span>
    </p>
   </div>
   <div class='ocr_carea' id='block_1_97' title="bbox 257 4987 1830 5060">
    <p class='ocr_par' dir='ltr' id='par_1_97' title="bbox 257 4987 1830 5060">
     <span class='ocr_line' id='line_1_98' title="bbox 257 4987 1830 5060; baseline -0.006 -12"><span class='ocrx_word' id='word_1_708' title='bbox 257 4991 433 5055; x_wconf 82' lang='lat' dir='ltr'><strong>fellat,</strong></span> <span class='ocrx_word' id='word_1_709' title='bbox 463 4989 706 5060; x_wconf 88' lang='lat' dir='ltr'><strong>ipsorum</strong></span> <span class='ocrx_word' id='word_1_710' title='bbox 731 4991 836 5046; x_wconf 87' lang='lat' dir='ltr'><strong>sibi</strong></span> <span class='ocrx_word' id='word_1_711' title='bbox 864 5005 1027 5046; x_wconf 89' lang='lat' dir='ltr'><strong>voces</strong></span> <span class='ocrx_word' id='word_1_712' title='bbox 1058 5004 1121 5044; x_wconf 91' lang='lat' dir='ltr'><strong>ac</strong></span> <span class='ocrx_word' id='word_1_713' title='bbox 1177 4988 1441 5043; x_wconf 81' lang='lat' dir='ltr'><strong>formulas</strong></span> <span class='ocrx_word' id='word_1_714' title='bbox 1470 4988 1691 5042; x_wconf 88' lang='lat' dir='ltr'><strong>mutari.</strong></span> <span class='ocrx_word' id='word_1_715' title='bbox 1733 4987 1830 5042; x_wconf 81' lang='lat' dir='ltr'><strong>Vel</strong></span> 
     </span>
    </p>
   </div>
   <div class='ocr_carea' id='block_1_98' title="bbox 254 5080 1831 5153">
    <p class='ocr_par' dir='ltr' id='par_1_98' title="bbox 254 5080 1831 5153">
     <span class='ocr_line' id='line_1_99' title="bbox 254 5080 1831 5153; baseline -0.004 -15"><span class='ocrx_word' id='word_1_716' title='bbox 254 5084 306 5142; x_wconf 84' lang='lat' dir='ltr'><strong>si</strong></span> <span class='ocrx_word' id='word_1_717' title='bbox 326 5097 432 5140; x_wconf 87' lang='lat' dir='ltr'><strong>suo</strong></span> <span class='ocrx_word' id='word_1_718' title='bbox 452 5097 640 5146; x_wconf 87' lang='lat' dir='ltr'><strong>sensu.</strong></span> <span class='ocrx_word' id='word_1_719' title='bbox 658 5082 882 5153; x_wconf 83' lang='lat' dir='ltr'><strong>suisque</strong></span> <span class='ocrx_word' id='word_1_720' title='bbox 897 5082 1079 5137; x_wconf 86' lang='lat' dir='ltr'><strong>verbis</strong></span> <span class='ocrx_word' id='word_1_721' title='bbox 1106 5082 1348 5138; x_wconf 90' lang='lat' dir='ltr'><strong>locutum</strong></span> <span class='ocrx_word' id='word_1_722' title='bbox 1378 5081 1628 5143; x_wconf 89' lang='lat' dir='ltr'><strong>velimus,</strong></span> <span class='ocrx_word' id='word_1_723' title='bbox 1646 5080 1831 5149; x_wconf 81' lang='grc' dir='ltr'>φύσιν,</span> 
     </span>
    </p>
   </div>
   <div class='ocr_carea' id='block_1_99' title="bbox 256 5171 1834 5242">
    <p class='ocr_par' dir='ltr' id='par_1_99' title="bbox 256 5171 1834 5242">
     <span class='ocr_line' id='line_1_100' title="bbox 256 5171 1834 5242; baseline -0.003 -12"><span class='ocrx_word' id='word_1_724' title='bbox 256 5174 378 5230; x_wconf 88' lang='lat' dir='ltr'><strong>sive</strong></span> <span class='ocrx_word' id='word_1_725' title='bbox 409 5179 657 5228; x_wconf 68' lang='lat' dir='ltr'><strong>naturam</strong></span> <span class='ocrx_word' id='word_1_726' title='bbox 679 5186 780 5241; x_wconf 85' lang='lat' dir='ltr'><strong>pro</strong></span> <span class='ocrx_word' id='word_1_727' title='bbox 809 5172 1101 5226; x_wconf 82' lang='grc' dir='ltr'>ὑποστάσει</span> <span class='ocrx_word' id='word_1_728' title='bbox 1147 5174 1423 5242; x_wconf 82' lang='lat' dir='ltr'><strong>accepisse</strong></span> <span class='ocrx_word' id='word_1_729' title='bbox 1457 5191 1469 5224; x_wconf 93' lang='lat'><strong>:</strong></span> <span class='ocrx_word' id='word_1_730' title='bbox 1515 5171 1662 5242; x_wconf 88' lang='lat' dir='ltr'><strong>quod</strong></span> <span class='ocrx_word' id='word_1_731' title='bbox 1692 5171 1834 5226; x_wconf 84' lang='lat' dir='ltr'><strong>forte</strong></span> 
     </span>
    </p>
   </div>
   <div class='ocr_carea' id='block_1_100' title="bbox 257 5260 1832 5335">
    <p class='ocr_par' dir='ltr' id='par_1_100' title="bbox 257 5260 1832 5335">
     <span class='ocr_line' id='line_1_101' title="bbox 257 5260 1832 5335; baseline -0.001 -17"><span class='ocrx_word' id='word_1_732' title='bbox 257 5263 768 5335; x_wconf 85' lang='lat' dir='ltr'><strong>antiquissimorum</strong></span> <span class='ocrx_word' id='word_1_733' title='bbox 795 5270 1080 5320; x_wconf 86' lang='lat' dir='ltr'><strong>auctorum</strong></span> <span class='ocrx_word' id='word_1_734' title='bbox 1103 5263 1365 5334; x_wconf 77' lang='lat' dir='ltr'><strong>exemplis</strong></span> <span class='ocrx_word' id='word_1_735' title='bbox 1387 5277 1497 5318; x_wconf 91' lang='lat' dir='ltr'><strong>non</strong></span> <span class='ocrx_word' id='word_1_736' title='bbox 1520 5271 1688 5317; x_wconf 87' lang='lat' dir='ltr'><strong>caret.</strong></span> <span class='ocrx_word' id='word_1_737' title='bbox 1725 5260 1832 5316; x_wconf 79' lang='lat' dir='ltr'><strong>Sed</strong></span> 
     </span>
    </p>
   </div>
   <div class='ocr_carea' id='block_1_101' title="bbox 257 5351 1830 5425">
    <p class='ocr_par' dir='ltr' id='par_1_101' title="bbox 257 5351 1830 5425">
     <span class='ocr_line' id='line_1_102' title="bbox 257 5351 1830 5425; baseline -0.002 -16"><span class='ocrx_word' id='word_1_738' title='bbox 257 5358 389 5410; x_wconf 86' lang='lat' dir='ltr'><strong>dum</strong></span> <span class='ocrx_word' id='word_1_739' title='bbox 421 5351 670 5423; x_wconf 82' lang='lat' dir='ltr'><strong>pressius</strong></span> <span class='ocrx_word' id='word_1_740' title='bbox 702 5354 920 5424; x_wconf 85' lang='lat' dir='ltr'><strong>singula</strong></span> <span class='ocrx_word' id='word_1_741' title='bbox 968 5356 1236 5425; x_wconf 73' lang='lat' dir='ltr'><strong>erpendo,</strong></span> <span class='ocrx_word' id='word_1_742' title='bbox 1263 5362 1516 5411; x_wconf 90' lang='lat' dir='ltr'><strong>neutrum</strong></span> <span class='ocrx_word' id='word_1_743' title='bbox 1557 5353 1690 5407; x_wconf 89' lang='lat' dir='ltr'><strong>mihi</strong></span> <span class='ocrx_word' id='word_1_744' title='bbox 1725 5351 1830 5407; x_wconf 89' lang='lat' dir='ltr'><strong>loci</strong></span> 
     </span>
    </p>
   </div>
   <div class='ocr_carea' id='block_1_102' title="bbox 259 5442 1828 5508">
    <p class='ocr_par' dir='ltr' id='par_1_102' title="bbox 259 5442 1828 5508">
     <span class='ocr_line' id='line_1_103' title="bbox 259 5442 1828 5508; baseline -0.001 -8"><span class='ocrx_word' id='word_1_745' title='bbox 259 5460 459 5500; x_wconf 86' lang='lat' dir='ltr'><strong>sensus</strong></span> <span class='ocrx_word' id='word_1_746' title='bbox 488 5442 776 5500; x_wconf 79' lang='lat' dir='ltr'><strong>admittere</strong></span> <span class='ocrx_word' id='word_1_747' title='bbox 803 5444 1035 5501; x_wconf 88' lang='lat' dir='ltr'><strong>videtur.</strong></span> <span class='ocrx_word' id='word_1_748' title='bbox 1063 5446 1306 5503; x_wconf 82' lang='lat' dir='ltr'><strong>Primum</strong></span> <span class='ocrx_word' id='word_1_749' title='bbox 1356 5446 1499 5501; x_wconf 89' lang='lat' dir='ltr'><strong>enim</strong></span> <span class='ocrx_word' id='word_1_750' title='bbox 1549 5445 1685 5508; x_wconf 88' lang='lat' dir='ltr'><strong>suis,</strong></span> <span class='ocrx_word' id='word_1_751' title='bbox 1718 5460 1828 5500; x_wconf 92' lang='lat' dir='ltr'><strong>non</strong></span> 
     </span>
    </p>
   </div>
   <div class='ocr_carea' id='block_1_103' title="bbox 263 5535 1825 5610">
    <p class='ocr_par' dir='ltr' id='par_1_103' title="bbox 263 5535 1825 5610">
     <span class='ocr_line' id='line_1_104' title="bbox 263 5535 1825 5610; baseline 0 -19"><span class='ocrx_word' id='word_1_752' title='bbox 263 5538 590 5591; x_wconf 72' lang='lat' dir='ltr'><strong>Arianorum</strong></span> <span class='ocrx_word' id='word_1_753' title='bbox 607 5535 812 5603; x_wconf 84' lang='lat' dir='ltr'><strong>verbis,</strong></span> <span class='ocrx_word' id='word_1_754' title='bbox 837 5552 962 5593; x_wconf 90' lang='lat' dir='ltr'><strong>eum</strong></span> <span class='ocrx_word' id='word_1_755' title='bbox 985 5540 1133 5610; x_wconf 89' lang='lat' dir='ltr'><strong>loqui</strong></span> <span class='ocrx_word' id='word_1_756' title='bbox 1173 5537 1678 5594; x_wconf 88' lang='lat' dir='ltr'><strong>manifestissimum</strong></span> <span class='ocrx_word' id='word_1_757' title='bbox 1720 5545 1825 5592; x_wconf 89' lang='lat' dir='ltr'><strong>est.</strong></span> 
     </span>
    </p>
   </div>
   <div class='ocr_carea' id='block_1_104' title="bbox 263 5623 1826 5701">
    <p class='ocr_par' dir='ltr' id='par_1_104' title="bbox 263 5623 1826 5701">
     <span class='ocr_line' id='line_1_105' title="bbox 263 5623 1826 5701; baseline -0.002 -19"><span class='ocrx_word' id='word_1_758' title='bbox 263 5623 464 5685; x_wconf 79' lang='lat' dir='ltr'><strong>Deinde</strong></span> <span class='ocrx_word' id='word_1_759' title='bbox 526 5630 804 5695; x_wconf 88' lang='lat' dir='ltr'><strong>utcunque</strong></span> <span class='ocrx_word' id='word_1_760' title='bbox 845 5629 1092 5698; x_wconf 81' lang='lat' dir='ltr'><strong>exempla</strong></span> <span class='ocrx_word' id='word_1_761' title='bbox 1140 5630 1266 5700; x_wconf 86' lang='lat' dir='ltr'><strong>quis</strong></span> <span class='ocrx_word' id='word_1_762' title='bbox 1301 5627 1544 5701; x_wconf 85' lang='lat' dir='ltr'><strong>proferat</strong></span> <span class='ocrx_word' id='word_1_763' title='bbox 1590 5626 1826 5696; x_wconf 84' lang='grc' dir='ltr'><strong>φύσεως,</strong></span> 
     </span>
    </p>
   </div>
   <div class='ocr_carea' id='block_1_105' title="bbox 262 5717 1829 5792">
    <p class='ocr_par' dir='ltr' id='par_1_105' title="bbox 262 5717 1829 5792">
     <span class='ocr_line' id='line_1_106' title="bbox 262 5717 1829 5792; baseline 0.001 -18"><span class='ocrx_word' id='word_1_764' title='bbox 262 5717 372 5774; x_wconf 79' lang='lat' dir='ltr'><strong>sive</strong></span> <span class='ocrx_word' id='word_1_765' title='bbox 412 5723 618 5767; x_wconf 72' lang='lat' dir='ltr'><strong>natura!</strong></span> <span class='ocrx_word' id='word_1_766' title='bbox 648 5732 840 5774; x_wconf 89' lang='lat' dir='ltr'><strong>vocem</strong></span> <span class='ocrx_word' id='word_1_767' title='bbox 870 5734 969 5789; x_wconf 91' lang='lat' dir='ltr'><strong>pro</strong></span> <span class='ocrx_word' id='word_1_768' title='bbox 999 5720 1296 5777; x_wconf 79' lang='grc' dir='ltr'>ὑποστάσει</span> <span class='ocrx_word' id='word_1_769' title='bbox 1342 5718 1634 5792; x_wconf 90' lang='lat' dir='ltr'><strong>aliquando</strong></span> <span class='ocrx_word' id='word_1_770' title='bbox 1673 5734 1829 5775; x_wconf 86' lang='lat' dir='ltr'><strong>acce-</strong></span> 
     </span>
    </p>
   </div>
   <div class='ocr_carea' id='block_1_106' title="bbox 361 5871 732 5942">
    <p class='ocr_par' dir='ltr' id='par_1_106' title="bbox 361 5871 732 5942">
     <span class='ocr_line' id='line_1_107' title="bbox 361 5871 732 5942; baseline -0.005 -13"><span class='ocrx_word' id='word_1_771' title='bbox 361 5871 521 5929; x_wconf 73' lang='lat' dir='ltr'><strong>‘Jac.</strong></span> <span class='ocrx_word' id='word_1_772' title='bbox 567 5889 604 5942; x_wconf 80' lang='grc' dir='ltr'><strong>ι,</strong></span> <span class='ocrx_word' id='word_1_773' title='bbox 642 5871 732 5928; x_wconf 79' lang='lat' dir='ltr'><strong>i7.</strong></span> 
     </span>
    </p>
   </div>
   <div class='ocr_carea' id='block_1_107' title="bbox 1929 4581 3509 4676">
    <p class='ocr_par' dir='ltr' id='par_1_107' title="bbox 1929 4581 3509 4676">
     <span class='ocr_line' id='line_1_108' title="bbox 1929 4581 3509 4676; baseline -0.015 -17"><span class='ocrx_word' id='word_1_774' title='bbox 1929 4605 2071 4676; x_wconf 90' lang='lat' dir='ltr'><strong>jicit,</strong></span> <span class='ocrx_word' id='word_1_775' title='bbox 2101 4601 2354 4655; x_wconf 86' lang='lat' dir='ltr'><strong>videlicet</strong></span> <span class='ocrx_word' id='word_1_776' title='bbox 2386 4594 2581 4649; x_wconf 86' lang='lat' dir='ltr'><strong>Filium</strong></span> <span class='ocrx_word' id='word_1_777' title='bbox 2611 4602 2809 4646; x_wconf 89' lang='lat' dir='ltr'><strong>natura</strong></span> <span class='ocrx_word' id='word_1_778' title='bbox 2843 4588 2992 4642; x_wconf 89' lang='lat' dir='ltr'><strong>Patri</strong></span> <span class='ocrx_word' id='word_1_779' title='bbox 3025 4602 3122 4658; x_wconf 89' lang='lat' dir='ltr'><strong>per</strong></span> <span class='ocrx_word' id='word_1_780' title='bbox 3145 4584 3330 4639; x_wconf 87' lang='lat' dir='ltr'><strong>omnia</strong></span> <span class='ocrx_word' id='word_1_781' title='bbox 3356 4581 3509 4638; x_wconf 88' lang='lat' dir='ltr'><strong>simi-</strong></span> 
     </span>
    </p>
   </div>
   <div class='ocr_carea' id='block_1_108' title="bbox 1933 4674 3513 4759">
    <p class='ocr_par' dir='ltr' id='par_1_108' title="bbox 1933 4674 3513 4759">
     <span class='ocr_line' id='line_1_109' title="bbox 1933 4674 3513 4759; baseline -0.015 -7"><span class='ocrx_word' id='word_1_782' title='bbox 1933 4674 2059 4759; x_wconf 80' lang='lat' dir='ltr'><strong>lem,</strong></span> <span class='ocrx_word' id='word_1_783' title='bbox 2095 4701 2148 4748; x_wconf 89' lang='lat' dir='ltr'><strong>et</strong></span> <span class='ocrx_word' id='word_1_784' title='bbox 2177 4690 2497 4745; x_wconf 86' lang='lat' dir='ltr'><strong>invariatam</strong></span> <span class='ocrx_word' id='word_1_785' title='bbox 2521 4683 2702 4737; x_wconf 87' lang='lat' dir='ltr'><strong>Patris</strong></span> <span class='ocrx_word' id='word_1_786' title='bbox 2752 4683 3044 4752; x_wconf 88' lang='lat' dir='ltr'><strong>imaginem</strong></span> <span class='ocrx_word' id='word_1_787' title='bbox 3074 4693 3197 4733; x_wconf 89' lang='lat' dir='ltr'><strong>esse</strong></span> <span class='ocrx_word' id='word_1_788' title='bbox 3227 4695 3241 4730; x_wconf 91' lang='lat'><strong>:</strong></span> <span class='ocrx_word' id='word_1_789' title='bbox 3275 4691 3385 4745; x_wconf 88' lang='lat' dir='ltr'><strong>quo</strong></span> <span class='ocrx_word' id='word_1_790' title='bbox 3419 4674 3513 4728; x_wconf 83' lang='lat' dir='ltr'><strong>ille</strong></span> 
     </span>
    </p>
   </div>
   <div class='ocr_carea' id='block_1_109' title="bbox 1930 4770 3509 4847">
    <p class='ocr_par' dir='ltr' id='par_1_109' title="bbox 1930 4770 3509 4847">
     <span class='ocr_line' id='line_1_110' title="bbox 1930 4770 3509 4847; baseline -0.016 -4"><span class='ocrx_word' id='word_1_791' title='bbox 1930 4797 1984 4845; x_wconf 90' lang='lat' dir='ltr'><strong>et</strong></span> <span class='ocrx_word' id='word_1_792' title='bbox 2039 4802 2201 4842; x_wconf 90' lang='lat' dir='ltr'><strong>uuam</strong></span> <span class='ocrx_word' id='word_1_793' title='bbox 2260 4779 2611 4847; x_wconf 88' lang='lat' dir='ltr'><strong>eamdemque</strong></span> <span class='ocrx_word' id='word_1_794' title='bbox 2667 4774 2846 4829; x_wconf 88' lang='lat' dir='ltr'><strong>Patris</strong></span> <span class='ocrx_word' id='word_1_795' title='bbox 2875 4782 2928 4829; x_wconf 90' lang='lat' dir='ltr'><strong>et</strong></span> <span class='ocrx_word' id='word_1_796' title='bbox 2959 4770 3080 4825; x_wconf 88' lang='lat' dir='ltr'><strong>Filii</strong></span> <span class='ocrx_word' id='word_1_797' title='bbox 3129 4778 3401 4830; x_wconf 88' lang='lat' dir='ltr'><strong>naturam,</strong></span> <span class='ocrx_word' id='word_1_798' title='bbox 3454 4775 3509 4820; x_wconf 90' lang='lat' dir='ltr'><strong>et</strong></span> 
     </span>
    </p>
   </div>
   <div class='ocr_carea' id='block_1_110' title="bbox 1933 4859 3510 4948">
    <p class='ocr_par' dir='ltr' id='par_1_110' title="bbox 1933 4859 3510 4948">
     <span class='ocr_line' id='line_1_111' title="bbox 1933 4859 3510 4948; baseline -0.017 -10"><span class='ocrx_word' id='word_1_799' title='bbox 1933 4883 2227 4938; x_wconf 87' lang='lat' dir='ltr'><strong>distinctas</strong></span> <span class='ocrx_word' id='word_1_800' title='bbox 2252 4873 2521 4948; x_wconf 70' lang='lat' dir='ltr'><strong>prototypi</strong></span> <span class='ocrx_word' id='word_1_801' title='bbox 2545 4879 2598 4924; x_wconf 86' lang='lat' dir='ltr'><strong>et</strong></span> <span class='ocrx_word' id='word_1_802' title='bbox 2629 4867 2884 4939; x_wconf 89' lang='lat' dir='ltr'><strong>imaginis</strong></span> <span class='ocrx_word' id='word_1_803' title='bbox 2911 4866 3235 4937; x_wconf 86' lang='lat' dir='ltr'><strong>hypostases</strong></span> <span class='ocrx_word' id='word_1_804' title='bbox 3280 4859 3510 4914; x_wconf 85' lang='lat' dir='ltr'><strong>conlite-</strong></span> 
     </span>
    </p>
   </div>
   <div class='ocr_carea' id='block_1_111' title="bbox 1935 4951 3511 5034">
    <p class='ocr_par' dir='ltr' id='par_1_111' title="bbox 1935 4951 3511 5034">
     <span class='ocr_line' id='line_1_112' title="bbox 1935 4951 3511 5034; baseline -0.016 -4"><span class='ocrx_word' id='word_1_805' title='bbox 1935 4987 2044 5031; x_wconf 89' lang='lat' dir='ltr'><strong>tur.</strong></span> <span class='ocrx_word' id='word_1_806' title='bbox 2071 4970 2176 5027; x_wconf 91' lang='lat' dir='ltr'><strong>Sed</strong></span> <span class='ocrx_word' id='word_1_807' title='bbox 2208 4971 2295 5025; x_wconf 88' lang='lat' dir='ltr'><strong>hic</strong></span> <span class='ocrx_word' id='word_1_808' title='bbox 2325 4967 2456 5022; x_wconf 90' lang='lat' dir='ltr'><strong>mihi</strong></span> <span class='ocrx_word' id='word_1_809' title='bbox 2484 4979 2673 5019; x_wconf 89' lang='lat' dir='ltr'><strong>aurem</strong></span> <span class='ocrx_word' id='word_1_810' title='bbox 2703 4963 2828 5034; x_wconf 85' lang='lat' dir='ltr'><strong>quis</strong></span> <span class='ocrx_word' id='word_1_811' title='bbox 2866 4961 3104 5021; x_wconf 89' lang='lat' dir='ltr'><strong>vellicet,</strong></span> <span class='ocrx_word' id='word_1_812' title='bbox 3134 4964 3190 5009; x_wconf 88' lang='lat' dir='ltr'><strong>et</strong></span> <span class='ocrx_word' id='word_1_813' title='bbox 3235 4953 3364 5025; x_wconf 86' lang='lat' dir='ltr'><strong>quid</strong></span> <span class='ocrx_word' id='word_1_814' title='bbox 3413 4951 3511 5006; x_wconf 81' lang='grc' dir='ltr'><strong>δύο</strong></span> 
     </span>
    </p>
   </div>
   <div class='ocr_carea' id='block_1_112' title="bbox 1936 5045 3516 5139">
    <p class='ocr_par' dir='ltr' id='par_1_112' title="bbox 1936 5045 3516 5139">
     <span class='ocr_line' id='line_1_113' title="bbox 1936 5045 3516 5139; baseline -0.015 -16"><span class='ocrx_word' id='word_1_815' title='bbox 1936 5073 2002 5139; x_wconf 84' lang='grc' dir='ltr'><strong>τῇ</strong></span> <span class='ocrx_word' id='word_1_816' title='bbox 2039 5065 2335 5121; x_wconf 72' lang='grc' dir='ltr'>ὑποστάσει</span> <span class='ocrx_word' id='word_1_817' title='bbox 2390 5058 2582 5129; x_wconf 72' lang='grc' dir='ltr'>φύσεις</span> <span class='ocrx_word' id='word_1_818' title='bbox 2637 5056 2739 5111; x_wconf 88' lang='lat' dir='ltr'><strong>sibi</strong></span> <span class='ocrx_word' id='word_1_819' title='bbox 2803 5053 2991 5116; x_wconf 87' lang='lat' dir='ltr'><strong>velint,</strong></span> <span class='ocrx_word' id='word_1_820' title='bbox 3043 5046 3186 5103; x_wconf 88' lang='lat' dir='ltr'><strong>haud</strong></span> <span class='ocrx_word' id='word_1_821' title='bbox 3240 5045 3516 5100; x_wconf 85' lang='lat' dir='ltr'><strong>immerito</strong></span> 
     </span>
    </p>
   </div>
   <div class='ocr_carea' id='block_1_113' title="bbox 1935 5138 3513 5234">
    <p class='ocr_par' dir='ltr' id='par_1_113' title="bbox 1935 5138 3513 5234">
     <span class='ocr_line' id='line_1_114' title="bbox 1935 5138 3513 5234; baseline -0.016 -16"><span class='ocrx_word' id='word_1_822' title='bbox 1935 5167 2165 5234; x_wconf 79' lang='lat' dir='ltr'><strong>quaerat,</strong></span> <span class='ocrx_word' id='word_1_823' title='bbox 2187 5171 2311 5212; x_wconf 91' lang='lat' dir='ltr'><strong>cum</strong></span> <span class='ocrx_word' id='word_1_824' title='bbox 2341 5152 2485 5223; x_wconf 90' lang='lat' dir='ltr'><strong>apud</strong></span> <span class='ocrx_word' id='word_1_825' title='bbox 2537 5159 2765 5208; x_wconf 66' lang='lat' dir='ltr'><strong>caeteros</strong></span> <span class='ocrx_word' id='word_1_826' title='bbox 2810 5144 3067 5228; x_wconf 72' lang='lat' dir='ltr'><strong>Ecclesiae</strong></span> <span class='ocrx_word' id='word_1_827' title='bbox 3117 5140 3310 5195; x_wconf 86' lang='lat' dir='ltr'><strong>Patres</strong></span> <span class='ocrx_word' id='word_1_828' title='bbox 3366 5138 3513 5192; x_wconf 90' lang='lat' dir='ltr'><strong>haud</strong></span> 
     </span>
    </p>
   </div>
   <div class='ocr_carea' id='block_1_114' title="bbox 1937 5229 3514 5320">
    <p class='ocr_par' dir='ltr' id='par_1_114' title="bbox 1937 5229 3514 5320">
     <span class='ocr_line' id='line_1_115' title="bbox 1937 5229 3514 5320; baseline -0.016 -9"><span class='ocrx_word' id='word_1_829' title='bbox 1937 5229 2097 5312; x_wconf 75' lang='lat' dir='ltr'><strong>facile</strong></span> <span class='ocrx_word' id='word_1_830' title='bbox 2122 5245 2436 5320; x_wconf 87' lang='lat' dir='ltr'><strong>hujusmodi</strong></span> <span class='ocrx_word' id='word_1_831' title='bbox 2463 5241 2721 5314; x_wconf 87' lang='lat' dir='ltr'><strong>loquendi</strong></span> <span class='ocrx_word' id='word_1_832' title='bbox 2753 5238 2975 5294; x_wconf 89' lang='lat' dir='ltr'><strong>modum</strong></span> <span class='ocrx_word' id='word_1_833' title='bbox 3007 5235 3082 5291; x_wconf 90' lang='lat' dir='ltr'><strong>sit</strong></span> <span class='ocrx_word' id='word_1_834' title='bbox 3115 5232 3379 5303; x_wconf 88' lang='lat' dir='ltr'><strong>reperire.</strong></span> <span class='ocrx_word' id='word_1_835' title='bbox 3407 5229 3514 5286; x_wconf 79' lang='lat' dir='ltr'><strong>Sed</strong></span> 
     </span>
    </p>
   </div>
   <div class='ocr_carea' id='block_1_115' title="bbox 1939 5323 3515 5411">
    <p class='ocr_par' dir='ltr' id='par_1_115' title="bbox 1939 5323 3515 5411">
     <span class='ocr_line' id='line_1_116' title="bbox 1939 5323 3515 5411; baseline -0.018 -9"><span class='ocrx_word' id='word_1_836' title='bbox 1939 5364 2050 5403; x_wconf 88' lang='lat' dir='ltr'><strong>non</strong></span> <span class='ocrx_word' id='word_1_837' title='bbox 2073 5358 2181 5399; x_wconf 87' lang='lat' dir='ltr'><strong>uno</strong></span> <span class='ocrx_word' id='word_1_838' title='bbox 2206 5340 2372 5411; x_wconf 88' lang='lat' dir='ltr'><strong>hujus</strong></span> <span class='ocrx_word' id='word_1_839' title='bbox 2395 5333 2638 5408; x_wconf 84' lang='lat' dir='ltr'><strong>epistolae</strong></span> <span class='ocrx_word' id='word_1_840' title='bbox 2665 5332 2787 5386; x_wconf 90' lang='lat' dir='ltr'><strong>loco</strong></span> <span class='ocrx_word' id='word_1_841' title='bbox 2814 5327 3026 5384; x_wconf 90' lang='lat' dir='ltr'><strong>ostendi</strong></span> <span class='ocrx_word' id='word_1_842' title='bbox 3048 5332 3228 5396; x_wconf 83' lang='lat' dir='ltr'><strong>potest</strong></span> <span class='ocrx_word' id='word_1_843' title='bbox 3279 5323 3515 5377; x_wconf 75' lang='grc' dir='ltr'><strong>ὑποστά-</strong></span> 
     </span>
    </p>
   </div>
   <div class='ocr_carea' id='block_1_116' title="bbox 1941 5413 3514 5500">
    <p class='ocr_par' dir='ltr' id='par_1_116' title="bbox 1941 5413 3514 5500">
     <span class='ocr_line' id='line_1_117' title="bbox 1941 5413 3514 5500; baseline -0.018 -9"><span class='ocrx_word' id='word_1_844' title='bbox 1941 5454 2075 5500; x_wconf 82' lang='grc' dir='ltr'>σεως</span> <span class='ocrx_word' id='word_1_845' title='bbox 2101 5429 2421 5487; x_wconf 86' lang='lat' dir='ltr'><strong>vocabulum</strong></span> <span class='ocrx_word' id='word_1_846' title='bbox 2445 5429 2684 5480; x_wconf 82' lang='lat' dir='ltr'><strong>nontam</strong></span> <span class='ocrx_word' id='word_1_847' title='bbox 2710 5417 3054 5474; x_wconf 89' lang='lat' dir='ltr'><strong>individuum</strong></span> <span class='ocrx_word' id='word_1_848' title='bbox 3082 5431 3177 5472; x_wconf 85' lang='lat' dir='ltr'><strong>seu</strong></span> <span class='ocrx_word' id='word_1_849' title='bbox 3198 5413 3514 5468; x_wconf 80' lang='lat' dir='ltr'><strong>distinctum</strong></span> 
     </span>
    </p>
   </div>
   <div class='ocr_carea' id='block_1_117' title="bbox 1939 5507 3517 5602">
    <p class='ocr_par' dir='ltr' id='par_1_117' title="bbox 1939 5507 3517 5602">
     <span class='ocr_line' id='line_1_118' title="bbox 1939 5507 3517 5602; baseline -0.018 -20"><span class='ocrx_word' id='word_1_850' title='bbox 1939 5524 2314 5602; x_wconf 82' lang='lat' dir='ltr'><strong>personalibus</strong></span> <span class='ocrx_word' id='word_1_851' title='bbox 2333 5513 2755 5590; x_wconf 89' lang='lat' dir='ltr'><strong>proprietatibus</strong></span> <span class='ocrx_word' id='word_1_852' title='bbox 2790 5510 3119 5579; x_wconf 87' lang='lat' dir='ltr'><strong>subjectum,</strong></span> <span class='ocrx_word' id='word_1_853' title='bbox 3147 5507 3232 5560; x_wconf 91' lang='lat' dir='ltr'><strong>vel</strong></span> <span class='ocrx_word' id='word_1_854' title='bbox 3255 5517 3517 5574; x_wconf 84' lang='lat' dir='ltr'><strong>persona-</strong></span> 
     </span>
    </p>
   </div>
   <div class='ocr_carea' id='block_1_118' title="bbox 1935 5598 3514 5679">
    <p class='ocr_par' dir='ltr' id='par_1_118' title="bbox 1935 5598 3514 5679">
     <span class='ocr_line' id='line_1_119' title="bbox 1935 5598 3514 5679; baseline -0.02 -4"><span class='ocrx_word' id='word_1_855' title='bbox 1935 5598 2041 5679; x_wconf 76' lang='lat' dir='ltr'><strong>lem</strong></span> <span class='ocrx_word' id='word_1_856' title='bbox 2087 5609 2495 5672; x_wconf 86' lang='lat' dir='ltr'><strong>subsistentiam</strong></span> <span class='ocrx_word' id='word_1_857' title='bbox 2537 5604 2749 5660; x_wconf 87' lang='lat' dir='ltr'><strong>auctori</strong></span> <span class='ocrx_word' id='word_1_858' title='bbox 2785 5612 2976 5657; x_wconf 87' lang='lat' dir='ltr'><strong>nostro</strong></span> <span class='ocrx_word' id='word_1_859' title='bbox 2997 5598 3325 5669; x_wconf 81' lang='lat' dir='ltr'><strong>signiﬁcare,</strong></span> <span class='ocrx_word' id='word_1_860' title='bbox 3350 5607 3514 5665; x_wconf 83' lang='lat' dir='ltr'><strong>quam</strong></span> 
     </span>
    </p>
   </div>
   <div class='ocr_carea' id='block_1_119' title="bbox 1935 5687 3522 5769">
    <p class='ocr_par' dir='ltr' id='par_1_119' title="bbox 1935 5687 3522 5769">
     <span class='ocr_line' id='line_1_120' title="bbox 1935 5687 3522 5769; baseline -0.021 0"><span class='ocrx_word' id='word_1_861' title='bbox 1935 5711 2156 5769; x_wconf 89' lang='lat' dir='ltr'><strong>modum</strong></span> <span class='ocrx_word' id='word_1_862' title='bbox 2182 5699 2535 5767; x_wconf 81' lang='lat' dir='ltr'><strong>subsistendi,</strong></span> <span class='ocrx_word' id='word_1_863' title='bbox 2565 5713 2724 5768; x_wconf 89' lang='lat' dir='ltr'><strong>quem</strong></span> <span class='ocrx_word' id='word_1_864' title='bbox 2759 5694 3007 5752; x_wconf 82' lang='lat' dir='ltr'><strong>Justinus</strong></span> <span class='ocrx_word' id='word_1_865' title='bbox 3037 5691 3263 5761; x_wconf 75' lang='lat' dir='ltr'><strong>Martyr,</strong></span> <span class='ocrx_word' id='word_1_866' title='bbox 3319 5687 3522 5756; x_wconf 77' lang='lat' dir='ltr'><strong>aliique</strong></span> 
     </span>
    </p>
   </div>
  </div>
