4036 6320
567 301 672 355 543

1630 304 1687 357 S.
1734 303 2152 359 ALEXANDER
2187 304 2742 364 ALEXANDRINUS.

3697 311 3800 368 5M

562 409 738 470 Graeci
762 412 996 484 theologi
1019 413 1105 467 τὸν
1137 414 1335 486 τρόπον
1356 416 1453 486 τῆς
1483 417 1788 486 ὑπάρξεως,
1839 419 1922 471 vel
1977 419 2139 472 etiam

2245 429 2451 491 terpres
2485 420 2690 475 recedit
2722 439 2734 474 :
2782 418 3054 490 Tanquam
3099 437 3188 490 per
3232 422 3420 491 ipsum,
3451 419 3586 475 velut
3616 422 3800 477 imma-

566 504 910 572 Iimpliciter,
950 505 1046 574 τὴν
1105 503 1336 576 ὕπαρξιν
1389 508 1685 577 appellant.
1740 507 1817 562 Ita
1877 508 2140 564 Joannem

565 596 957 664 evangelistam
1005 596 1276 651 dicentem
1310 616 1324 651 :
1353 597 1418 651 In
1454 599 1710 666 principio
1743 610 1854 652 erat
1891 599 2138 666 Verbum,

555 677 622 741 et
684 685 861 738 omnia
922 702 1014 754 per
1068 687 1238 754 ipsum
1289 689 1436 757 facta
1484 699 1626 753 sunt,
1673 692 1769 762 τὴν
1841 695 2143 765 ἰδιότροπον

567 782 732 834 αὑτοῦ
765 781 1084 847 ὑπόστασιν,
1108 785 1391 852 proprium
1433 783 1554 852 ejus
1603 787 1974 842 subsistentia
2029 806 2145 845 mo-

566 871 718 935 dum,
745 875 880 940 sive,
906 884 964 926 ut
990 872 1326 943 Epiphanius
1348 878 1528 940 vertit,
1559 879 1834 946 propriam
1864 879 1985 947 ejus
2014 882 2147 936 sub-

568 963 826 1017 stantiam
870 964 1186 1034 designasse
1208 967 1284 1018 ait
1327 983 1338 1018 :
1385 965 1563 1034 ipsum
1609 967 1822 1021 scilicet
1879 967 2143 1036 Verbum,

566 1069 665 1126 per
691 1056 835 1126 quod
861 1056 1000 1109 facta
1032 1066 1157 1109 sunt
1189 1056 1393 1119 omnia,
1421 1056 1590 1111 fuisse
1611 1060 1929 1114 anteomnia
1953 1069 2006 1115 et
2024 1077 2146 1116 esse

568 1146 687 1202 sive
715 1147 1016 1204 subsistere
1054 1146 1329 1201 diversum
1361 1146 1493 1217 quid
1543 1163 1573 1202 a
1607 1149 1822 1205 ceteris
1848 1152 2140 1207 omnibus:

569 1253 733 1306 quam
765 1238 855 1290 ille
903 1236 1202 1305 signanter,
1256 1236 1556 1310 ἰδιότροπον
1610 1238 1912 1293 ὑπόστασιν
1965 1247 2142 1293 vocat.

567 1329 778 1394 Quibus
829 1327 990 1396 paulo
1049 1336 1171 1396 post
1227 1327 1532 1398 subjungit,
1579 1329 1842 1384 mundum
1880 1347 1945 1385 ex
1974 1331 2146 1386 nihilo

567 1415 926 1487 productum,
979 1415 1251 1487 νεωτέραν
1291 1415 1436 1484 ἔχειν
1497 1417 1599 1486 τῆς
1644 1417 1991 1481 ὑποστάσεως
2054 1419 2148 1472 καὶ

567 1507 878 1580 πρόσφατον
907 1508 1140 1576 γένεσιν,
1180 1509 1524 1564 recentiorem
1565 1510 1811 1564 habuisse
1847 1513 2144 1581 generatio.-

569 1617 707 1664 nem,
735 1603 871 1665 sive,
901 1609 962 1655 ut
985 1597 1324 1670 Epiphanius
1351 1603 1418 1656 ad
1463 1601 1688 1656 verbum
1719 1600 1917 1667 reddit,
1972 1603 2146 1657 novel-

567 1695 675 1747 tam
693 1692 882 1746 habere
908 1692 1218 1748 substantia
1247 1702 1602 1764 recentemque
1654 1694 2002 1748 nativitatem.
2042 1692 2144 1749 Ubi

567 1784 703 1837 nihil
735 1783 881 1838 aliud
912 1783 1266 1848 ὑποστάσεως
1294 1801 1428 1840 voce
1476 1785 1700 1854 intelligi
1749 1793 1951 1854 potest,
1978 1800 2142 1854 quam

568 1877 688 1946 ipsa
729 1875 962 1948 ὑπαρξις
983 1885 1038 1932 et
1067 1879 1408 1932 exsistentia.
1438 1875 1592 1931 Unde
1645 1891 1808 1947 quam
1854 1876 2017 1930 modo
2044 1877 2144 1948 τῆς

570 1968 920 2029 ὑποστάσεως
950 1967 1184 2034 γένεσιν,
1208 1967 1602 2034 productionem
1657 1967 1725 2020 ad
1783 1966 2143 2044 insistendum

569 2059 880 2122 dixit,‘mox
911 2057 1277 2128 aequipollenti
1311 2060 1576 2114 vocabulo
1603 2059 1859 2112 οὑσίωσιν
1886 2059 2139 2128 appellat.

570 2147 636 2202 Et
668 2149 857 2219 paucis
894 2148 1199 2219 interjectis
1257 2149 1378 2204 Filii
1439 2149 1704 2220 unigeniti
1757 2151 2145 2221 ἀνεκδιήγητον

570 2240 870 2294 ὑπόστασιν
897 2250 1091 2308 vocat;
1127 2241 1196 2296 de
1220 2257 1326 2310 qua
1359 2242 1600 2312 Spiritus
1654 2251 1878 2298 sanctus
1910 2244 2142 2314 prephe-

569 2332 682 2386 tico
707 2333 930 2387 oraculo
977 2333 1188 2387 dixerat
1223 2352 1235 2386 τ
1267 2334 1378 2406 Τὴν
1431 2335 1626 2400 γενεὰν
1672 2334 1833 2388 αὐτοῦ
1891 2335 1971 2398 τίς
2026 2335 2144 2405 διη-

567 2421 830 2494 γήσεως
889 2421 1288 2478 Generationcm
1336 2425 1450 2491 ejus
1503 2425 1621 2495 quis
1674 2424 1984 2481 enarrabit?
2043 2424 2144 2479 Ubi

571 2514 864 2567 ὑπόστασιν
898 2521 952 2567 et
973 2514 1164 2582 γενεάν
1201 2517 1511 2583 promiscue
1537 2529 1635 2584 pro
1683 2530 1794 2568 uno
1845 2515 2146 2586 eodemque

572 2604 701 2675 poni
733 2605 858 2674 quis
887 2620 997 2658 non
1023 2605 1204 2660 videt?
1226 2606 1356 2671 Quae
1387 2605 1512 2660 licet
1533 2607 1588 2659 in
1614 2606 1817 2660 divinis
1857 2607 1968 2660 sint
1997 2607 2137 2661 inse-

572 2697 860 2767 parabilia,
894 2696 948 2750 in
979 2700 1191 2751 caeteris
1225 2707 1406 2751 tamen
1438 2701 1686 2769 γενητοῖς
1727 2697 1909 2766 γενεά,
1940 2700 2026 2750 via
2076 2697 2144 2751 al

571 2785 870 2840 ὑπόστασιν
899 2802 1020 2841 esse
1053 2786 1288 2842 videtur.
1313 2785 1516 2842 Verum
1541 2798 1594 2842 et
1630 2787 1763 2842 illud
1791 2803 1857 2842 ex
1892 2788 2028 2843 locis
2059 2788 2148 2840 ba-

572 2887 768 2934 ctenus
803 2895 833 2933 a
877 2895 966 2934 me
995 2881 1279 2949 productis
1336 2896 1435 2936 vos
1486 2881 1832 2951 perspexisse
1885 2879 2140 2940 arbitror,

574 2968 938 3040 Epiphanium
962 2978 1198 3025 veterem
1236 2973 1607 3041 interpretem,
1652 2971 1855 3040 ubique
1911 2971 2147 3023 ὑποστάν-

581 3077 720 3124 σεως
748 3076 956 3124 vocem,
988 3077 1096 3115 non
1123 3063 1535 3117 subsistentiam
1567 3080 1633 3117 ex
1659 3071 1877 3132 recepta
1925 3072 2146 3116 sancto-

578 3165 699 3204 rum
729 3150 945 3204 Patrum
979 3160 1033 3204 et
1070 3151 1283 3206 Schola:
1322 3151 1740 3217 consuetudine,
1774 3152 1869 3207 sed
1892 3153 2150 3205 substan—

577 3240 707 3292 tiam
737 3254 861 3292 cum
892 3240 1109 3309 vulgato
1152 3240 1450 3296 Bibliorum
1496 3243 1788 3311 interprete
1830 3242 2148 3303 reddidisse.

576 3327 732 3384 Unde
751 3336 805 3382 et
831 3329 933 3382 hoc
955 3331 1092 3395 loco,
1117 3332 1215 3396 τὰς
1238 3336 1304 3403 τῇ
1335 3334 1628 3388 ὑποστάσει
1649 3333 1740 3387 δύο
1763 3334 1972 3402 φύσεις,
1998 3334 2150 3388 subs-

574 3421 872 3477 tantiak’ter
892 3420 1026 3475 duas
1047 3432 1266 3477 naturas
1285 3426 1479 3492 vertit;
1504 3425 1608 3480 hoc
1631 3434 1714 3482 est
1739 3424 1971 3494 quarum
2001 3433 2150 3478 utra-

575 3526 683 3579 que
711 3509 981 3565 diversam
1012 3512 1374 3569 substantiam
1405 3514 1521 3570 sive
1549 3513 1886 3570 subsistendi
1926 3515 2147 3583 modum

575 3600 793 3658 habeat.

650 3691 830 3764 Atque
858 3697 975 3751 haec
1005 3697 1225 3765 quidem
1259 3695 1325 3750 ad
1344 3694 1636 3758 diﬂieilem,
1662 3703 1715 3750 et
1740 3711 1865 3751 vere
1887 3695 2148 3750 Gordium

577 3783 746 3853 hujus
764 3789 1007 3856 epistola:
1038 3788 1264 3852 nodum,
1295 3789 1377 3843 vel
1409 3788 1750 3850 solvendum,
1779 3787 1864 3841 vel
1899 3787 2152 3843 scinden-

577 3874 710 3929 dum
743 3879 918 3934 attuli.
940 3879 1072 3945 Quae
1093 3894 1193 3948 ego
1218 3879 1525 3933 doctiorum
1566 3877 1772 3946 judicio
1794 3877 1993 3932 lubens
2028 3879 2154 3932 sub-

581 3969 756 4021 mitto.
784 3967 857 4023 De
881 3987 991 4040 quo
1014 3971 1134 4025 loco
1167 3971 1213 4026 si
1235 3971 1358 4040 quis
1387 3969 1622 4024 certiora
1656 3983 1742 4027 me
1767 3967 2036 4033 docuerit,
2069 3984 2152 4023 na:

581 4057 673 4112 ille
700 4073 950 4130 magnam
974 4062 1078 4116 sibi
1108 4063 1298 4133 gratiae
1326 4059 1630 4116 mercedem
1655 4059 1794 4129 apud
1817 4074 1903 4115 me
1933 4074 2153 4130 prome-

581 4151 775 4204 ruerit.

654 4240 731 4295 Ex
771 4244 1029 4313 praedicto
1069 4244 1176 4299 divi
1215 4243 1444 4298 Joannis
1487 4244 1606 4298 loco
1653 4245 1988 4315 probaturus
2028 4242 2152 4298 Ale-

578 4332 785 4388 xander
813 4333 1009 4388 Filium
1038 4333 1132 4389 Dei
1168 4349 1262 4404 per
1288 4334 1483 4390 ‘omnia
1522 4336 1828 4404 exprimere
1858 4343 1912 4389 et
1947 4333 2151 4388 referre

2243 513 2478 564 calatum
2503 520 2551 564 et
2577 511 2806 563 animale
2836 512 3100 580 speculum
3129 512 3317 566 diuina:
3365 511 3612 580 imaginis
3644 510 3800 566 Pater

2243 604 2642 672 conspiceretur.
2695 601 2819 657 Haac
2869 603 3210 674 interpretes.
3245 603 3484 671 Quorum
3533 605 3800 659 neminem

2245 695 2486 748 auctoris
2531 700 2768 748 mentem
2799 702 3114 762 penetrasse
3139 695 3500 764 praaﬁdenter,
3553 694 3649 750 sed
3681 708 3804 749 vere

2245 784 2622 839 allirmaverim
2651 804 2662 838 :
2693 800 2814 838 cum
2845 770 3177 855 transposita
3199 786 3479 842 distinctio
3524 788 3803 857 glaucoma

2245 875 2382 945 ipsis
2418 874 2703 930 oﬂ‘uderitf
2728 873 2836 928 Sed
2867 889 2990 928 cum
3020 890 3086 930 ex
3119 875 3223 929 levi
3263 877 3473 932 erroris
3521 877 3806 931 occasione

2245 966 2464 1036 elegans
2492 965 2797 1020 disserendi
2824 967 3083 1020 materies
3115 980 3172 1020 se
3199 964 3414 1028 oderat,
3440 965 3574 1020 illud
3604 966 3807 1037 princi-

2246 1058 2338 1124 pio
2363 1057 2689 1118 monuerim,
2717 1054 3172 1124 quemadmodum
3201 1056 3595 1110 nobilissimam
3622 1055 3808 1111 Corin-

2247 1144 2345 1197 thii
2377 1145 2502 1198 aeris
2532 1147 2837 1208 misturam,
2868 1160 2934 1198 ex
2958 1143 3077 1197 auri
3107 1144 3443 1214 aliorumque
3471 1146 3810 1200 metallorum

2247 1237 2632 1306 colliquatione
2659 1244 2871 1290 enatam
2902 1242 3111 1290 veteres
3142 1235 3428 1305 prodidere
3463 1255 3475 1289 :
3507 1236 3584 1290 ita
3609 1252 3679 1292 ex
3713 1251 3807 1287 va-

2247 1328 2348 1382 riis
2377 1327 2686 1381 divinorum
2715 1326 3054 1393 elosiuiorum
3087 1324 3335 1382 conﬂatis
3361 1326 3501 1380 inter
3521 1332 3652 1381 seet
3684 1341 3809 1380 cou-

2247 1420 2542 1474 tessellatis
2575 1419 2733 1482 locis,
2785 1429 3039 1488 tanquam
3069 1434 3135 1473 ex
3163 1433 3298 1472 auro
3328 1417 3558 1488 probato
3588 1419 3808 1488 septies.

2248 1511 2673 1582 pulcherrimum
2702 1509 2853 1564 illum
2878 1518 2931 1566 et
2960 1526 3086 1565 vere
3107 1525 3330 1565 aureum
3359 1518 3677 1565 sanctorum
3712 1508 3811 1564 Pa—

2247 1610 2393 1656 trum
2417 1601 2673 1671 loquendi
2704 1601 3078 1655 characterem
3110 1601 3394 1655 exsistere.
3427 1599 3604 1666 Quem
3632 1603 3728 1671 qui
3758 1602 3816 1655 in

2247 1706 2433 1746 rerum
2455 1706 2732 1747 sacrarum
2758 1691 3081 1744 tractatione
3111 1691 3407 1760 negligunt,
3441 1691 3520 1744 illi
3571 1692 3812 1760 plerum-

2246 1799 2352 1852 que
2369 1783 3378 1858 persuasibilibushumanaevsapientiaa
3393 1782 3573 1837 verbis
3592 1782 3812 1853 turgidi,

2245 1874 2566 1929 ostensione
2587 1881 2766 1929 autem
2822 1873 3048 1944 spiritus
3085 1882 3138 1926 et
3165 1871 3386 1927 virtutis
3430 1872 3706 1933 destituti,
3742 1887 3816 1930 es

2244 1980 2466 2024 sonans.
2487 1974 2544 2018 ut
2559 1965 2800 2034 Apostoli
2820 1964 2998 2020 verbis
3011 1969 3151 2026 utar,
3164 1974 3217 2018 et
3231 1963 3534 2034 cymbalum
3548 1963 3815 2019 tinniens‘

2241 2058 2498 2114 evadunt.
2537 2057 2667 2112 Mihi
2724 2065 2903 2112 autem
2950 2057 3092 2110 inter
3129 2064 3322 2109 caetera
3352 2063 3671 2110 sanctorum
3715 2055 3816 2108 Pa.

2244 2157 2386 2203 trum
2421 2156 2792 2215 monumenta,
2823 2163 2944 2218 qua:
2965 2162 3110 2202 nunc
3141 2146 3207 2200 ad
3237 2162 3455 2200 manum
3513 2156 3646 2202 sunt
3691 2148 3816 2202 Ale-

2244 2241 2437 2295 xandri
2469 2241 2712 2309 epistola:
2734 2238 3154 2310 pulcherrimam
3185 2238 3527 2292 vermiculati
3576 2239 3665 2293 vel
3698 2253 3818 2292 mu-

2244 2333 2346 2388 sivi
2377 2334 2558 2402 operis
2591 2332 2826 2400 speciem
2857 2330 3062 2386 referre
3090 2330 3364 2384 videntur.
3411 2330 3489 2383 lta
3537 2330 3816 2399 perpetuis

2243 2438 2415 2478 sacra:
2455 2422 2751 2494 Scriptum
2793 2422 3132 2478 emblematis
3169 2423 3524 2476 interstinctse
3549 2422 3812 2477 relucent.

2243 2513 2400 2578 Quod
2427 2529 2537 2584 prie
2569 2513 2802 2576 caeteris,
2854 2512 2936 2566 vel
2994 2526 3137 2565 unus
3172 2511 3260 2565 hic
3308 2511 3461 2566 locus
3510 2512 3818 2566 luculenter

2243 2607 2505 2662 ostendit.
2535 2605 2671 2660 Cum
2715 2608 2858 2660 enim
2893 2603 3184 2675 Sapientia;-
3237 2619 3356 2672 cap.
3401 2619 3500 2665 vn,
3535 2605 3685 2658 inter
3713 2605 3817 2658 alia

2225 2701 2527 2774 innumera
2556 2697 2750 2768 elogia,
2787 2695 3063 2766 Sapientia
3096 2694 3277 2747 divina
3307 2704 3530 2748 vocetur
3567 2694 3819 2763 ἀπαύγα-

2246 2806 2359 2854 σμα
2411 2789 2583 2857 φωτὸς
2641 2789 2832 2853 ἀϊδίου,
2891 2776 2986 2839 καὶ
3023 2786 3281 2855 ἔσοπτρον
3333 2786 3668 2855 ἀκηλίδωτον
3718 2787 3817 2858 τῆς

2244 2881 2336 2934 τοῦ
2392 2880 2524 2933 Θεοῦ
2583 2879 2881 2950 ἐνεργείας,
2944 2879 3039 2931 καὶ
3093 2875 3256 2929 εἰκὼν
3315 2877 3414 2946 τῆς
3480 2877 3818 2950 ἀγαθότητοις

2244 2970 2408 3025 αὑτοῦ
2441 2988 2453 2999 ·
2479 2972 2582 3025 hoc
2619 2978 2723 3036 est,
2773 2969 2970 3023 candor
3016 2969 3150 3021 lucis
3193 2977 3432 3031 (sternte,
3460 2977 3513 3022 et
3544 2971 3819 3035 speculum

2177 3094 2218 3151 ο
2249 3065 2361 3118 sine
2382 3064 2591 3116 macula
2629 3062 2720 3116 Dei
2747 3061 3067 3129 majestatis,
3091 3068 3138 3113 et
3163 3060 3332 3130 imago
3357 3058 3608 3114 bonitatis
3643 3060 3816 3127 illius,

2251 3156 2375 3224 quis
2396 3171 2502 3209 non
2532 3155 2675 3208 videt
2695 3153 2806 3207 divi
2845 3151 2999 3206 Pauli
3023 3154 3269 3222 exemplo
3294 3153 3473 3206 locum
3508 3152 3659 3208 hunc
3693 3154 3820 3209 inde

2234 3245 2391 3300 ‘vivis
2444 3244 2721 3298 coloribus
2780 3242 3196 3297 adumbratum?
3241 3240 3410 3310 Cujus
3481 3258 3582 3312 ego
3648 3244 3825 3300 ductu

2250 3345 2304 3393 et
2330 3337 2611 3406 auspiciis,
2631 3336 2738 3389 duo
2761 3336 2848 3388 illa
2864 3335 3095 3403 epitheta
3128 3333 3333 3402 speculi
3363 3331 3700 3403 ἀκηλιόὡτου
3723 3336 3822 3390 καὶ

2251 3426 2517 3497 ἐμψύχου,
2547 3427 2687 3481 male
2711 3426 2778 3479 ab
2825 3424 3216 3493 interpretibus
3273 3424 3570 3493 conjuncta
3619 3424 3822 3479 distin-

2249 3519 2430 3572 ctione
2455 3517 2775 3587 interposita
2803 3515 3122 3571 diviserint:
3154 3523 3208 3569 et
3259 3516 3529 3585 posterius
3565 3516 3633 3570 ad
3678 3517 3823 3571 divi-

2251 3624 2375 3664 nam
2405 3610 2694 3679 imaginem
2718 3608 3027 3663 retulerim:
3063 3606 3275 3678 Ὦσπερ
3297 3607 3362 3660 δι’
3390 3607 3653 3678 ἐσόπτρου
3680 3609 3824 3678 aur,

2250 3700 2493 3765 λιδὼτου,
2529 3700 2623 3753 καὶ
2656 3698 2898 3770 ἐμψύχου
2946 3697 3094 3759 θείας
3140 3697 3343 3760 εἰκόνος
3374 3695 3537 3749 αὐτοῦ
3580 3696 3824 3768 θεωρου-

2255 3795 2417 3865 μένου
2438 3792 2530 3846 τοῠ
2555 3792 2786 3863 Πατρόςο
2822 3791 3084 3857 Quoniam
3116 3806 3210 3858 per
3250 3790 3419 3858 ipsum
3443 3797 3698 3858 tanquam
3728 3807 3823 3860 per

2251 3884 2518 3954 speculum
2549 3883 2659 3937 sine
2679 3881 2909 3946 macula,
2933 3889 2982 3934 et
3012 3897 3186 3938 veram
3214 3882 3319 3934 sive
3342 3879 3638 3932 animatum
3683 3879 3823 3934 divi-

2252 3994 2377 4031 nam
2403 3975 2685 4046 imaginem
2709 3975 2817 4043 ipse
2848 3973 3008 4027 etiam
3039 3970 3203 4026 Pater
3229 3969 3569 4040 conspicitur.
3602 3969 3820 4026 Etenim

2251 4085 2376 4124 cum
2407 4069 2698 4138 Apostolus
2723 4065 2790 4119 ad
2814 4065 3029 4120 Coloss.
3051 4079 3091 4124 ι.
3118 4079 3262 4118 vers.
3287 4062 3374 4124 15,
3416 4060 3612 4116 Filium
3635 4064 3820 4117 εἰκόνα

2250 4159 2345 4214 τοῦ
2376 4157 2911 4231 ἀοράτου,ἱπιιιρίηεηι
2944 4153 3041 4207 Dei
3077 4153 3352 4219 invisibilis
3389 4152 3736 4221 appellasset,
3766 4161 3819 4207 et

2250 4254 2416 4307 Arius
2443 4251 2685 4320 improbe
2706 4248 2772 4302 ad
2803 4245 3187 4302 stabiliendum
3248 4259 3489 4300 errorem
3528 4259 3692 4299 suum
3752 4259 3819 4299 eo

2252 4345 2375 4399 loco
2409 4335 2741 4408 abuteretur,
2770 4336 3002 4408 eleganti
3027 4350 3161 4390 sane
3182 4333 3441 4404 adjuncto
3476 4346 3669 4388 noster
3718 4347 3820 4386 au-

580 4421 756 4478 Patris
787 4434 1060 4486 naturam,
1090 4425 1318 4494 ejusque
1351 4425 1788 4501 ἀπαράλλακτον,
1827 4427 1946 4480 sine
1996 4427 2145 4480 inva-

2252 4445 2370 4491 ctor
2421 4434 2686 4504 ἔμψυχονς
2729 4431 2845 4485 sive
2885 4428 3177 4480 animatam
3224 4425 3513 4494 imaginem
3566 4422 3816 4478 eumdem

579 4519 773 4573 riatam
804 4521 1092 4591 imaginem
1143 4521 1419 4587 exhibere,
1465 4522 1640 4591 ipsius
1688 4522 1888 4578 Christi
1932 4522 2148 4577 Domini

580 4611 762 4665 verbis
792 4626 857 4663 ex
889 4613 1077 4667 eodem
1107 4615 1434 4684 evangelista
1465 4615 1516 4669 id
1538 4612 1844 4675 conﬁrmat,
1878 4612 1982 4678 Qui
2011 4614 2147 4666 videt

579 4717 682 4764 me,
714 4703 846 4757 videt
873 4715 922 4756 et
963 4703 1196 4769 Patrem,
1241 4714 1294 4760 et
1334 4707 1655 4776 subjungit:
1694 4706 1902 4776 Ὥσπερ
1937 4705 2005 4757 δι’
2053 4706 2144 4757 ἑσ-

577 4790 782 4864 όπτρου
813 4795 1143 4866 ἀκηλιδώτου
1178 4798 1269 4849 καὶ
1292 4797 1553 4868 ἐμψύχου,
1581 4797 1729 4859 θείας
1754 4797 1958 4859 εἰκόνος
1978 4796 2140 4850 αὑτοῦ

580 4883 952 4957 θεωρουμένου
1003 4887 1094 4940 τοῦ
1131 4889 1359 4960 Πατρός.
1399 4889 1832 4960 Quandoquidem
1860 4887 2022 4943 Pater
2051 4906 2144 4958 per

578 4978 750 5046 ipsum
788 4979 922 5032 velut
943 4995 1033 5048 per
1060 4981 1324 5050 speculum
1363 4984 1705 5050 purissimum
1755 4982 1992 5052 idemque
2021 4983 2133 5035 ani-

581 5077 803 5140 matum,
865 5071 917 5122 in
963 5087 1063 5141 quo
1114 5071 1210 5125 Dei
1258 5076 1566 5139 exprimitur
1624 5084 1674 5128 et
1736 5075 1900 5129 elucet
1943 5077 2141 5145 imago,

580 5161 857 5228 manifeste
888 5163 1119 5215 cernitur
1148 5181 1165 5217 :
1201 5166 1274 5219 ita
1318 5181 1514 5236 magno
1564 5167 1852 5220 verborum
1883 5175 2144 5236 apparatu

581 5255 853 5322 interpres
877 5262 1062 5306 nost-r
1087 5256 1310 5326 Anglus.
1338 5256 1433 5312 Vel
1465 5265 1520 5311 nt
1553 5258 1886 5328 Epiphanius
1918 5260 1985 5313 ad
2031 5273 2147 5312 ver-

579 5342 709 5399 bum
742 5360 754 5393 :
793 5341 1064 5412 Tanquam
1084 5359 1173 5411 per
1193 5363 1345 5414 specu
1369 5364 1454 5400 um
1489 5349 1599 5401 sine
1629 5357 1857 5412 macula,
1918 5358 1969 5402 et
2030 5351 2146 5401 ani-

581 5444 802 5499 mutum,
833 5451 924 5503 per
968 5434 1197 5490 divinam
1228 5438 1339 5501 eius
1380 5435 1661 5510 imaginem
1708 5442 2149 5511 contemplaretur

583 5523 819 5579 Patrem.
845 5524 890 5577 A
919 5525 1115 5595 quibus
1172 5543 1271 5584 nec
1312 5528 1658 5588 Camerarius
1707 5530 2032 5589 Theodoreti
2064 5532 2149 5586 in-

656 5691 669 5717 ι
709 5683 738 5738 Ι
774 5675 895 5732 Cor.
937 5681 1131 5750 ιιιι,1.

2254 4531 2508 4603 appellat,
2529 4535 2584 4578 ut
2606 4522 3014 4580 similitudinem
3050 4518 3503 4588 perfectissimam
3529 4517 3674 4572 inter
3708 4514 3816 4570 Pa-

2251 4611 2390 4681 trem
2424 4622 2730 4691 Filiumque
2763 4614 3267 4688 significantissima
3311 4625 3445 4664 voce
3487 4619 3680 4664 contra
3709 4610 3817 4662 ha:-

2251 4722 2546 4776 reticornm
2574 4712 2803 4767 oﬂ‘ucias
2857 4714 3098 4769 tueatur,
3163 4712 3218 4759 et
3270 4701 3443 4765 ζῶντα
3494 4700 3668 4769 Λόγον
3708 4699 3817 4754 ἀπὸ

2242 4809 2440 4876 ζῶντος
2486 4802 2696 4874 Πατρὸς
2719 4797 2988 4869 prodiisse
3026 4795 3238 4849 doceat.
3269 4792 3405 4846 Cum
3436 4793 3581 4846 enim
3619 4793 3814 4862 duplex

2243 4904 2316 4958 sit
2366 4901 2544 4966 imago
2578 4900 2636 4948 ut
2667 4889 3118 4948 scholasticorum
3160 4882 3549 4953 antesignanus
3593 4893 3746 4955 parte
3772 4900 3811 4949 I,

2245 5012 2298 5064 q.
2329 4992 2420 5053 35,
2447 4996 2500 5043 et
2526 4988 2637 5055 jam
2664 4984 2794 5038 olim
2824 4978 3158 5051 Epiphanius
3193 4977 3247 5030 in
3281 4975 3674 5031 Anommorum
3703 4975 3812 5031 ha:-

2245 5085 2376 5145 resi,
2407 5096 2525 5150 cap.
2563 5079 2617 5141 5,
2649 5076 2834 5130 docuit
2863 5092 2875 5126 :
2902 5073 3069 5125 altera
3102 5071 3158 5123 in
3206 5083 3266 5122 re
3307 5068 3551 5128 eiusdem
3579 5078 3808 5131 natura,

2250 5182 2307 5226 ut
2342 5174 2520 5240 imago
2545 5168 2709 5237 Regis
2760 5167 2814 5218 in
2853 5159 3024 5227 Filio;
3053 5161 3222 5215 altera
3266 5160 3319 5213 in
3358 5176 3418 5214 re
3453 5160 3684 5215 diversae
3709 5175 3812 5212 na-

2246 5270 2381 5314 turae
2408 5272 2690 5330 expressa,
2723 5253 2901 5324 qualis
2929 5257 3012 5304 est
3053 5251 3230 5320 imago
3268 5249 3533 5320 principis
3557 5249 3616 5303 in
3646 5265 3808 5304 num-

2248 5367 2358 5413 mo,
2419 5349 2505 5404 vel
2555 5346 2761 5408 tabula,
2809 5349 2902 5395 aut
2959 5349 3156 5396 statua.
3216 5340 3360 5405 Sive,
3403 5350 3462 5396 ut
3519 5337 3806 5412 Epiphanii

2246 5439 2428 5494 verbis
2452 5443 2598 5499 utar,
2642 5434 2831 5497 altera,
2861 5431 2948 5484 διὰ
2980 5432 3078 5501 τῆς
3108 5432 3429 5502 γεννητικῆς
3459 5430 3809 5503 ὁμοουσιδτη-

2249 5547 2358 5594 τος,
2391 5528 2560 5583 altera
2590 5524 2679 5580 διὰ
2708 5524 3011 5594 χρωμάτων
3031 5523 3377 5596 εἰκαζομένη,
3412 5524 3492 5578 vel
3521 5536 3618 5593 per
3645 5521 3807 5577 aliam
