4036 6320
147 399 246 450 545

1598 395 1901 460 ΝΟΤΙΤΙΑ.

3303 418 3412 475 546

144 522 530 581 quamcunque
599 512 885 565 materiam
966 510 1282 579 diversam,
1352 520 1408 571 et
1466 518 1698 590 ἀνομοού

1832 517 2144 576 Alexander
2177 518 2376 578 Filium
2404 523 2500 579 Dei
2540 526 2783 599 ἔμψυχον
2829 531 2979 586 θείαν
3018 534 3202 586 εἰκόνα
3229 539 3416 605 appel-

143 617 254 653 σιον
301 616 604 672 expressa,
667 602 832 657 Arius
890 605 1118 676 ejusque
1170 614 1469 664 sectatores
1519 608 1718 665 Filium

139 689 318 747 Patris
375 694 671 763 imaginem
722 699 1012 765 posteriori
1070 700 1233 754 modo
1279 702 1614 765 intellexere,
1662 712 1723 758 ut

139 783 376 840 diversa:
409 801 439 838 a
473 784 635 840 Patre
665 797 874 844 natura}
903 805 1026 845 eum
1055 807 1178 847 esse
1219 793 1552 849 evincerent.
1576 796 1719 862 Quin

138 893 245 931 uno
293 877 403 934 boc
449 878 570 946 ipso
623 876 820 933 Filium
879 884 1142 939 minorem
1207 885 1371 940 Patre
1429 889 1720 946 ostendere

133 974 317 1026 conati
355 982 505 1035 sunt,
534 976 661 1044 quia
691 976 868 1035 Patris
899 981 1078 1052 imago
1103 991 1348 1037 vocatur.
1383 981 1458 1037 lta
1495 984 1722 1040 Marcel-

137 1066 220 1120 lus
254 1064 407 1134 apud
457 1064 749 1122 Eusebium
780 1069 916 1124 libro
951 1088 990 1135 ι,
1022 1087 1086 1126 ex
1129 1073 1333 1128 Asterii
1364 1084 1544 1131 mente
1571 1076 1715 1131 afﬁr-

135 1166 266 1222 mat,
298 1156 559 1212 τοσοῦτον
586 1160 676 1212 τὸν
696 1159 826 1214 Θεὸν
851 1162 944 1215 τοῦ
961 1165 1134 1233 Λόγου
1155 1166 1451 1237 διαφέρειν,
1477 1169 1599 1222 ὅσον
1625 1170 1719 1222 καὶ

133 1247 421 1318 ἅνθρωπος
447 1251 548 1320 τῆς
590 1251 783 1306 ἑαυτοῦ
826 1255 1033 1320 εἰκόνος
1078 1257 1355 1329 διαφέρειν
1391 1259 1573 1314 δοκεῖ’
1609 1262 1714 1315 hoc

135 1349 214 1394 est
253 1355 267 1389 :
307 1339 455 1395 Deus
485 1342 540 1395 in
575 1350 776 1396 tantum
822 1362 856 1399 a
909 1345 1074 1400 Verbo
1109 1365 1211 1402 suo
1245 1350 1458 1418 diﬂ'erre
1488 1351 1711 1414 videtur,

132 1431 184 1483 in
214 1441 476 1500 quantum
501 1434 656 1489 homo
695 1435 760 1488 ab
810 1437 1040 1506 imagine
1078 1456 1196 1494 sua.
1229 1442 1376 1495 Idem
1424 1443 1714 1499 Marcellus

133 1524 460 1599 catholicam
529 1527 729 1582 Asterii
802 1530 1166 1585 assertionem
1233 1533 1541 1603 exagitans,
1605 1550 1713 1604 qua

132 1611 371 1670 Verbum
426 1618 750 1672 invariatam
817 1618 995 1675 Patris
1052 1621 1345 1692 imaginem
1402 1623 1714 1680 afﬁrmave-

131 1715 232 1767 ral,
269 1709 462 1763 multis
516 1709 905 1776 debacchatur,
963 1727 1084 1782 qua:
1126 1720 1181 1768 et
1223 1715 1367 1783 apud
1416 1714 1711 1770 Eusebium

131 1806 183 1851 et
229 1796 597 1868 Epiphanium
657 1801 861 1858 haeresi
920 1817 1072 1858 Lxxu
1121 1819 1188 1859 ex
1252 1805 1454 1862 Acacio
1503 1808 1712 1863 haben-

1832 609 1927 672 let,
1980 617 2035 665 et
2063 627 2227 681 quam
2258 629 2321 666 ea
2356 628 2459 668 vox
2491 617 2626 671 nihil
2659 621 2862 676 humile
2890 629 2944 677 et
2979 622 3266 693 indignum
3302 626 3418 683 Deo

1830 702 2075 772 tribuat;
2110 705 2208 760 sed
2231 721 2524 773 summam,
2556 719 2610 763 et
2632 711 2698 764 ad
2713 713 2892 766 vivum
2915 729 3233 784 expressam
3250 725 3418 772 natu-

1829 810 1902 848 ra:
1932 797 2232 867 gloriaeque
2244 806 2485 868 paternae
2505 801 2920 859 similitudinem
2949 808 3109 863 nobis
3135 808 3413 879 designet.

1898 884 2029 940 Eam
2057 902 2222 957 porro
2248 904 2440 944 vocem
2473 906 2539 946 ex
2572 893 2751 945 medio
2781 891 3004 968 Graeciae
3031 914 3138 953 usu
3181 900 3412 956 desum-

1825 984 1995 1046 ptam,
2041 981 2230 1035 nescio
2260 982 2420 1051 cujus
2455 983 2656 1038 veteris
2685 987 2926 1042 auctoris
2957 991 3231 1045 sententia
3262 992 3411 1062 apud

1827 1066 2105 1124 Stobmum
2148 1079 2404 1140 testatur,
2467 1075 2556 1128 cui
2604 1090 2700 1130 rex
2758 1075 2998 1150 ἔμψυχος
3047 1081 3211 1135 εἰκὼν
3270 1082 3409 1136 Θεοῦ

1824 1160 2051 1216 dicitur.
2096 1163 2173 1216 lta
2215 1164 2496 1236 Longinus
2535 1168 2828 1234 notissimo
2872 1170 2966 1224 illo
3009 1172 3185 1242 elogio
3219 1173 3408 1228 Euna-

1821 1251 1898 1321 pii
1947 1271 1960 1305 :
2009 1251 2334 1325 Βιῦλιοθήκη
2376 1256 2623 1328 ἔμψυχος
2667 1259 2763 1311 καὶ
2808 1259 3144 1330 περιπατῶν
3190 1266 3409 1332 μουσεῖ-

1820 1357 1901 1394 ον.
1953 1339 2020 1393 Et
2081 1339 2373 1399 Marcellus
2440 1345 2662 1401 Arcadii
2725 1347 3076 1418 imperatoris
3120 1353 3403 1421 magister,

1824 1425 2010 1482 Suida:
2067 1428 2472 1501 lexicographo,
2535 1435 2718 1492 minus
2740 1435 2881 1492 forte
2932 1447 3089 1505 noto,
3137 1425 3237 1497 sed
3291 1426 3403 1499 non

1821 1519 2005 1573 minus
2031 1520 2265 1604 eleganti
2288 1526 2540 1579 encomio
2567 1545 2582 1580 :
2606 1526 2817 1599 Κόσμος
2841 1529 3044 1602 ἀρετῆς
3073 1531 3314 1602 ἀπάσης,
3342 1535 3403 1604 ἢ.

1820 1607 1880 1660 τό
1898 1625 1961 1678 γε
1983 1611 2422 1684 ἁρμονικώτερον
2449 1616 2642 1682 εἰπεῖν,
2667 1618 2834 1689 ἀρετή
2864 1637 2948 1682 τις
2981 1619 3243 1692 ἔμψυχος*
3272 1620 3404 1678 0m-

1819 1701 1902 1754 nis
1932 1701 2141 1755 virtutis
2177 1715 2567 1772 ornamentum,
2601 1710 2680 1761 vel
2718 1710 2892 1777 potius
2931 1698 3049 1765 viva
3080 1722 3128 1766 et
3159 1714 3401 1769 animata

1815 1792 2059 1861 quadam
2101 1795 2288 1851 virtus.
2340 1797 2561 1855 Graecas
2610 1800 2776 1856 hasce
2819 1804 3091 1858 sermonis
3142 1804 3400 1862 lauticias

131 1897 235 1944 tur.
279 1890 390 1946 Sed
435 1892 657 1948 fanatici
715 1893 949 1950 hominis
1003 1895 1196 1951 deliria
1253 1898 1532 1968 castigans
1570 1900 1701 1952 Aca-

1815 1885 2051 1942 fcliciter
2090 1899 2484 1958 expresserunt
2531 1891 2736 1947 Latini.
2779 1892 2925 1960 Quid
2957 1896 3102 1950 enim
3134 1897 3400 1964 spirantia

129 1983 246 2038 cius
287 2003 300 2036 :
354 2002 372 2034 ι
419 1983 535 2050 Τυ,
579 1987 789 2056 inquit,
827 1985 920 2042 Dei
982 1989 1275 2059 imaginem
1328 1991 1504 2063 ἀζωῖᾳ
1557 2009 1706 2064 περι-

128 2074 365 2147 γράψας,
407 2077 546 2143 sive,
599 2078 704 2132 vita
741 2079 857 2142 ipsa
899 2080 1133 2147 privans,
1174 2096 1348 2150 neque
1394 2079 1702 2149 Dominum,

132 2181 304 2235 neque
367 2166 538 2222 Deum
581 2184 703 2226 esse
746 2173 1035 2240 concedis;
1071 2174 1166 2228 sed
1209 2173 1540 2227 immobilem
1571 2173 1706 2228 dun.

130 2267 276 2313 taxat
305 2259 622 2331 imaginem,
665 2265 826 2317 οἱονεὶ
855 2265 1057 2335 ἄψυχον
1089 2263 1184 2318 καὶ
1209 2261 1402 2328 ᾶζωον,
1433 2269 1493 2317 ut
1520 2263 1704 2317 anima

129 2353 348 2422 vitaque
378 2353 693 2410 destitutam
738 2376 751 2412 :
783 2357 1018 2412 viventis
1064 2364 1245 2412 autem
1277 2356 1550 2410 viventem
1606 2354 1702 2410 Dei

130 2443 416 2513 imaginem
472 2461 596 2501 esse
651 2463 836 2519 negas.
887 2448 1032 2504 idem
1091 2464 1310 2519 quoque
1362 2449 1702 2520 Epiphanius

130 2534 252 2588 haer.
290 2552 480 2601 L-xxvt,
538 2548 729 2592 contra
779 2541 994 2594 Aetium
1057 2539 1448 2595 Anommorum
1498 2541 1704 2610 princi-

127 2643 265 2696 pem,
292 2627 491 2682 Filium
547 2645 613 2684 ex
662 2629 822 2686 Patre
865 2640 1054 2686 natum
1089 2632 1389 2695 contendit,
1427 2639 1486 2685 ut
1530 2630 1700 2686 Deum

126 2721 190 2774 de
221 2719 354 2781 Deo.
388 2723 570 2776 lumen
616 2723 684 2776 de
723 2723 947 2795 lumine,
991 2724 1254 2793 aequalem
1303 2738 1398 2791 per
1436 2724 1618 2776 omnia
1647 2732 1702 2776 et

129 2813 645 2869 consubstantialem
658 2813 838 2881 Patri;
863 2813 1043 2881 cujus,
1069 2815 1268 2883 inquit,
1292 2814 1473 2882 imago
1499 2822 1583 2869 est
1600 2815 1700 2866 οὐκ

126 2903 348 2973 ἄψυχος,
402 2904 538 2957 ἀλλὰ
580 2905 791 2974 [ἰατρὸς
839 2903 1323 2976 χαρακτηρίζουσα
1375 2904 1560 2972 γένος·
1595 2921 1698 2956 non

126 3012 301 3064 expers
324 2998 539 3060 animas,
576 2997 665 3051 sed
714 3004 992 3066 paternum
1027 3013 1186 3068 genus
1231 2996 1546 3064 exprimens.
1571 2993 1699 3049 Hinc

127 3087 478 3159 Epiphanius.
535 3087 722 3159 Neque
774 3090 1028 3144 dissentit
1076 3088 1370 3156 Eusebius,
1428 3090 1522 3158 qui
1570 3104 1695 3143 cum

129 3186 260 3239 libro
306 3202 344 3239 tt
397 3185 694 3254 Theologiaz
753 3184 937 3238 eccles.
989 3183 1141 3238 varia
1193 3182 1510 3251 protulisset
1552 3181 1692 3245 loca,

1808 1979 1980 2047 signa,
2011 1986 2066 2034 et
2097 1983 2359 2050 spirantia
2390 1983 2602 2038 mollius
2631 2002 2768 2051 mra,
2812 1994 2866 2040 et
2899 1988 3092 2044 vivi'de'
3131 2007 3398 2048 marmore

1806 2071 1980 2126 vultus
2038 2071 2325 2129 Maronis?
2381 2073 2523 2140 Quid
2581 2075 2874 2148 Propertii,
2937 2081 3109 2134 vivida
3172 2093 3222 2138 et
3275 2088 3395 2140 ani-

1807 2179 1954 2215 mosa
2003 2165 2204 2234 signa?
2265 2163 2406 2232 Quid
2465 2169 2740 2226 Ammiani
2793 2172 3057 2238 spirantia
3118 2176 3393 2245 signorum

1805 2255 2076 2324 ﬁgmenta,
2120 2257 2225 2312 nisi
2281 2257 2536 2329 ἐμψυχαῖ
2587 2257 2694 2314 Sed
2747 2269 2966 2330 portum
3008 2265 3076 2321 de
3139 2268 3391 2336 proximo

1804 2349 2101 2418 prospicio,
2126 2365 2288 2419 quem
2327 2351 2544 2417 subibo,
2581 2351 2628 2406 si
2659 2367 2722 2408 ex
2754 2355 2922 2410 variis
2953 2372 3074 2426 qua:
3099 2358 3201 2412 sub
3223 2358 3391 2416 linem

1806 2440 1967 2510 hujus
1995 2441 2242 2510 epistola}
2281 2443 2553 2512 interpres
2585 2452 2794 2513 peccat,
2825 2463 2992 2501 unum
3029 2450 3208 2504 adhuc
3232 2452 3390 2506 addi-

1803 2531 1954 2587 dero.
1973 2531 2300 2599 Alexander,
2321 2541 2382 2587 ut
2413 2534 2795 2588 haereticorum
2828 2537 3198 2595 curiositatem
3233 2542 3390 2598 freno

1803 2623 2001 2691 injecto
2041 2631 2376 2693 compescat,
2414 2625 2713 2679 ὑπόστασιν
2737 2624 2881 2691 Filii,
2931 2628 3046 2683 sive
3086 2631 3389 2688 exsistendi

1801 2717 2044 2781 modum,
2077 2723 2137 2770 ut
2165 2717 2302 2782 dixi,
2328 2717 2479 2790 πάσῃ
2511 2720 2578 2788 τῇ
2615 2721 2816 2789 γενητῇ
2855 2718 3014 2788 φύσει
3042 2721 3390 2792 impervesti-

1801 2805 2034 2875 gabilem
2063 2809 2291 2873 asserit;
2326 2823 2503 2877 neque
2523 2810 2622 2872 τὴν
2644 2808 2753 2860 τῶν
2777 2809 3012 2878 λογικῶν
3049 2812 3212 2881 φύσιν
3235 2829 3392 2871 com-

1801 2897 2141 2966 prehendere
2181 2915 2346 2970 posse
2399 2900 2678 2970 quomodo
2710 2899 2875 2955 Pater
2913 2904 3101 2972 genuit
3124 2903 3385 2963 Verbum.

1800 2991 1862 3046 In
1921 2999 2156 3061 utroque
2212 2992 2580 3048 hallucinatur
2631 3008 2807 3049 novus
2852 3006 3040 3051 noster
3088 2997 3383 3070 interpres.

1800 3081 2042 3137 Primum
2091 3085 2309 3153 quidem
2338 3084 2486 3155 quod
2546 3085 2645 3156 τὴν
2678 3085 2912 3157 γενητὴν
2950 3087 3130 3155 φύσιν,
3176 3088 3243 3146 de
3273 3107 3384 3162 qua

1801 3177 2056 3246 superius
2073 3176 2179 3247 egi,
2198 3187 2446 3230 naturam
2463 3177 2738 3231 mortalem
2762 3177 3015 3234 reddidit.
3032 3179 3220 3252 Neque
3239 3186 3382 3237 enim

126 3295 241 3348 qua:
269 3279 449 3334 Patris
477 3279 816 3332 divinitatem
863 3278 1203 3346 gloriamque
1243 3274 1563 3344 praedicant,
1597 3274 1696 3328 ad-
1724 3265 1766 3322 C
1802 3277 1911 3321 tam
1947 3268 2198 3339 angustis
2248 3268 2514 3325 limitibus
2556 3279 2739 3324 creata
2790 3279 2987 3326 natura
3031 3274 3384 3330 circumscri-

129 3373 203 3425 dit
233 3371 450 3436 deinde,
478 3371 671 3424 borum
702 3369 947 3423 omnium
987 3367 1327 3437 unigenitum
1371 3365 1463 3418 Dei
1494 3365 1695 3418 Filium

131 3460 413 3530 imaginem
471 3458 820 3524 cogitandum
870 3472 1037 3512 esse:
1073 3457 1185 3525 υὺχ
1233 3457 1308 3518 ὡς
1332 3456 1524 3526 ἀψύχῳ
1572 3453 1695 3527 ὕλῃ,

129 3545 234 3599 ἀλλ’
261 3548 336 3611 ὡς
366 3549 424 3600 ὲν
457 3546 574 3618 Υἱῷ
602 3546 761 3611 ζῶντι
802 3546 1260 3616 μεμορφωμένην.
1293 3543 1415 3597 Non
1445 3553 1697 3613 tanquam

131 3641 180 3693 in
211 3643 433 3695 materia
460 3641 707 3702 inanimi,
741 3639 832 3693 sed
863 3649 920 3692 ut
962 3641 1016 3692 in
1057 3636 1204 3692 Filio
1234 3638 1428 3691 vivente
1479 3652 1695 3706 expres-

129 3748 256 3789 sam.
301 3733 511 3799 Quibus
549 3732 732 3787 verbis
760 3732 975 3801 egregie
996 3728 1576 3800 duplexillaimaginis
1608 3743 1697 3781 ra-

133 3826 203 3877 tio
223 3841 288 3880 ex
313 3824 624 3896 Epiphanio
651 3831 707 3879 et
735 3822 796 3876 D.
815 3822 1023 3876 Thoma
1054 3837 1083 3874 a
1115 3822 1272 3876 nobis
1293 3823 1573 3891 proposita
1601 3835 1698 3875 ex-

130 3919 354 3986 plicatur
383 3934 396 3969 ε
421 3931 654 3987 quarum
681 3916 849 3970 altera
879 3914 1105 3985 ἄψυχος.
1137 3930 1205 3969 ex
1247 3915 1432 3968 Acacii
1457 3919 1511 3968 et
1537 3912 1698 3968 Euse-

131 4008 200 4062 bii
219 4009 421 4073 verbis,
451 4009 621 4062 altera
654 4005 806 4071 ζῶσα
835 4007 928 4060 καὶ
958 4005 1220 4076 ἔμψυχος,
1271 4021 1340 4060 ex
1393 4013 1642 4060 correcto
1666 4021 1697 4058 a

130 4101 281 4158 nobis
328 4101 629 4156 Alexandri
681 4101 802 4154 loco
855 4099 1038 4154 vocari
1085 4098 1305 4169 poterit.
1342 4097 1485 4163 Quin
1531 4098 1696 4152 etiam

130 4209 190 4248 ex
237 4196 353 4265 ipso
383 4194 624 4250 Eusebio
653 4194 795 4249 libro
825 4209 840 4247 t
877 4201 1068 4247 contra
1119 4191 1431 4246 Marcellum
1457 4190 1694 4260 Ancyra-

129 4301 266 4350 num,
299 4286 391 4339 ubi
419 4285 860 4340 commemoratis
878 4284 998 4351 ejus
1018 4282 1248 4346 deliriis,
1276 4297 1509 4352 quorum
1536 4281 1698 4335 modo

131 4379 490 4440 meminimus,
520 4376 796 4431 hominem
829 4375 984 4430 valde
1014 4375 1268 4428 caecutire
1299 4375 1396 4437 ait,
1428 4388 1528 4428 nec
1560 4387 1696 4426 con-

130 4470 361 4525 SIderare
391 4490 403 4524 :
436 4469 512 4530 ὡς
531 4470 625 4522 καὶ
646 4471 674 4521 ὁ
705 4468 831 4531 Υἱὸς
858 4466 1080 4520 δύναται
1099 4465 1338 4536 ἔμψυχός
1374 4482 1503 4517 ποτε
1535 4465 1698 4519 εἰκὼν

135 4560 257 4616 ἰδίου
282 4563 495 4634 Harpe;
519 4560 771 4632 λεχθῆναι
809 4580 821 4612 :
857 4558 1021 4613 Posse
1069 4559 1230 4611 etiam
1271 4557 1473 4610 Filium
1527 4558 1695 4611 vivam

134 4648 299 4703 Patris
315 4652 599 4721 imaginem
630 4649 754 4716 dici,
773 4665 889 4702 cum
913 4648 981 4703 sit
1012 4646 1167 4701 Patri
1188 4663 1343 4716 quam
1364 4647 1690 4701 simillimus.

133 4741 293 4806 Quam
332 4743 422 4798 ille
453 4743 778 4798 sententiam
823 4741 996 4796 multo
1026 4741 1305 4809 copiosius
1336 4739 1572 4809 explicat
1597 4740 1690 4794 lib.

134 4838 373 4903 vaang.
421 4838 740 4898 demonstr.,
771 4831 948 4900 capite
987 4831 1042 4893 4,
1067 4831 1159 4884 ubi
1199 4829 1378 4896 docet,
1408 4829 1568 4883 sicuti
1606 4844 1694 4884 re-

133 4925 204 4992 gis
237 4925 527 4994 imaginem
563 4934 783 4994 propter
823 4925 1000 4993 ipsum
1027 4938 1206 4992 regem
1242 4935 1588 4984 veneramur,
1619 4921 1695 4974 ita

135 5016 286 5070 etiam
319 5014 520 5070 Filium
558 5017 899 5086 unigenitum
940 5015 1154 5069 unicam
1197 5014 1290 5069 Dei
1336 5013 1514 5069 Patris
1553 5014 1695 5067 invi-

135 5109 296 5165 sibilis
347 5109 658 5178 imaginem,
700 5107 925 5162 Deitatis
971 5108 1178 5161 honorc
1229 5104 1688 5176 prosequendum,

136 5184 328 5272 utpote:
353 5203 448 5271 qui
502 5208 699 5254 natura
734 5199 878 5255 Deus
911 5207 995 5254 est
1036 5200 1104 5254 de
1142 5199 1272 5263 Deo,
1306 5198 1401 5251 καὶ
1451 5197 1519 5250 δι’
1567 5195 1689 5248 ὅλου

139 5294 281 5360 σώζει
307 5293 401 5347 τοῦ
437 5294 598 5364 μόνου
635 5292 770 5345 Θεοῦ
798 5292 894 5362 τὴν
911 5291 1145 5362 ἔμψυχον
1177 5291 1269 5344 καὶ
1296 5289 1472 5352 ζῶσαν
1501 5286 1690 5358 νοερὰν

137 5388 323 5451 εἰκόνα,
366 5385 508 5440 κατὰ
552 5373 730 5437 πάνὲα
759 5383 836 5453 τῷ
875 5385 1050 5454 Πατρὶ
1084 5381 1578 5454 παρωμοιωμένηψ
1623 5376 1688 5431 Et

117 5480 414 5548 qper'omnia
448 5477 546 5532 Dei
568 5475 754 5529 Patris
799 5479 1088 5531 animatum
1115 5485 1166 5529 et
1202 5477 1391 5537 vivam,
1422 5482 1469 5526 et
1494 5471 1690 5525 intelli-

136 5582 319 5639 gentem
352 5570 655 5640 imaginem,
698 5565 950 5636 Patrique
998 5571 1053 5620 in
1087 5563 1325 5620 omnibus
1358 5561 1689 5617 simillimam

139 5674 408 5719 msereat.
439 5663 676 5729 Videtis,
714 5663 768 5716 ni
801 5661 978 5727 fallor,
1009 5659 1308 5720 auditores,
1345 5669 1509 5727 quam
1548 5653 1688 5709 bene

1801 3361 1999 3428 benda,
2026 3376 2148 3415 cum
2177 3369 2231 3417 et
2257 3363 2435 3432 angeli
2476 3363 2591 3417 sint
2626 3364 2844 3434 γενητοὶ
2873 3367 2987 3419 sive
3019 3368 3208 3433 creati,
3242 3384 3383 3439 quos

1799 3457 1982 3503 tamen
2045 3451 2304 3506 mortales
2356 3465 2482 3504 cum
2543 3452 2753 3510 saniori
2800 3452 3179 3523 theologorum
3214 3467 3382 3526 parte

1799 3540 2227 3609 haudquaquam
2263 3540 2674 3608 appellaverim.
2725 3538 2914 3610 Neque
2957 3544 3152 3612 melius
3199 3545 3254 3598 in
3291 3561 3380 3601 se-

1798 3631 1978 3686 cundo
2033 3631 2275 3685 membro
2305 3633 2338 3701 ή
2369 3630 2475 3684 τῶν
2517 3630 2752 3699 λογικῶν
2797 3632 2981 3701 φύσις,
3027 3642 3224 3689 natura
3273 3637 3379 3692 huc

1798 3738 1958 3778 mana
1985 3723 2326 3791 rationisque
2358 3724 2630 3794 particeps
2653 3725 2979 3794 explicatur.
3012 3724 3130 3779 Nisi
3161 3729 3285 3796 quis
3316 3728 3378 3783 ἓν

1796 3814 1884 3867 διὰ
1913 3814 2058 3867 δυοῖν
2106 3814 2455 3883 interpretem
2505 3814 2780 3869 addidisse
2809 3816 3115 3873 existimeL.
3132 3814 3277 3873 Sane
3305 3820 3375 3873 ad

1798 3915 2050 3960 naturam
2099 3904 2209 3958 τῶν
2257 3903 2492 3974 λογικῶν
2560 3907 2725 3962 etiam
2772 3907 3016 3977 angelos,
3062 3915 3116 3962 et
3151 3909 3376 3979 quidem

1799 3998 2075 4069 praecipuo
2103 3997 2228 4066 jure
2258 3998 2531 4067 pertinere
2590 3998 2715 4068 quis
2761 3997 3011 4054 dubitet?
3049 4001 3259 4065 Quibus
3291 4013 3375 4058 ta-

1799 4104 1923 4142 men
1960 4104 2114 4159 aeque
2167 4103 2232 4143 ac
2270 4088 2600 4155 hominibus,
2643 4089 2842 4146 divinae
2876 4091 3246 4161 generationis
3287 4110 3376 4147 ar-

1799 4194 1997 4234 canum
2050 4179 2295 4249 ignotum
2323 4187 2376 4233 et
2428 4178 2704 4234 ineﬂ‘abile
2746 4195 2888 4244 esse,
2936 4190 3170 4236 testatur
3207 4184 3374 4238 etiam

1799 4274 1916 4341 ipse
1978 4270 2284 4325 Alexander
2348 4271 2620 4341 superius.
2682 4267 2948 4342 Unigeniti
3008 4271 3373 4339 subsistentia,

1800 4363 1998 4432 inquit,
2028 4379 2132 4415 non
2161 4363 2334 4416 solum
2355 4363 2795 4431 evangelistarum
2822 4363 3120 4428 solertiam,
3142 4362 3232 4417 sed
3262 4365 3374 4433 for-

1801 4455 1961 4508 tassis
2016 4455 2177 4508 etiam
2233 4454 2540 4524 angelorum
2593 4454 2910 4507 intellectum
2963 4465 3198 4523 superat.
3264 4455 3372 4510 Sed

1798 4545 1943 4614 quod
1975 4555 2162 4600 noster
2193 4546 2247 4598 in
2273 4545 2438 4600 dubio
2475 4545 2783 4614 relinquere
2815 4544 3054 4609 videtur,
3100 4546 3155 4599 id
3183 4547 3367 4601 caeteri

1801 4637 1990 4693 Patres
2036 4638 2282 4693 disertim
2321 4647 2374 4691 et
2410 4645 2730 4691 constanter
2774 4635 3066 4691 afﬁrmant.
3104 4635 3171 4690 Et
3223 4655 3371 4694 nunc

1798 4731 2019 4801 quidem
2055 4747 2121 4785 ex
2156 4729 2361 4787 Graecis
2401 4744 2542 4783 unus
2571 4729 2703 4782 mihi
2749 4727 3014 4784 Eusebius
3054 4729 3371 4785 tes’timonio

1798 4823 2035 4877 dicundo
2080 4822 2244 4877 adsit.
2283 4822 2333 4876 ls
2370 4820 2508 4875 lib.t
2553 4819 2732 4874 Theol.
2767 4822 2917 4886 eccl.,
2958 4836 3076 4890 cap.
3112 4820 3200 4887 12,
3234 4820 3368 4875 Uni-

1798 4916 1965 4985 gcniti
2006 4915 2410 4986 generationem
2440 4929 2550 4966 non
2586 4914 2747 4968 nobis
2799 4914 2972 4969 solum
3025 4913 3370 4982 impervesti-

1794 5009 2032 5079 gabilem
2073 5007 2330 5072 afﬁrmat,
2360 5007 2496 5060 ἀλλὰ
2527 5009 2620 5060 καὶ
2663 5008 2862 5070 πάσαις
2902 5009 3020 5068 ταῖς
3065 5005 3368 5074 κρείττοσιν

1797 5102 1838 5172 ἢ
1859 5101 1978 5155 καθ’
2002 5101 2146 5172 ἡμᾶς
2163 5101 2444 5172 δυνάμεσι,
2471 5100 2561 5154 sed
2583 5102 2742 5153 etiam
2780 5101 2978 5152 cunctis
3008 5099 3366 5166 superioribus

1797 5194 2097 5247 virtutibus.
2129 5191 2367 5246 Accedat
2393 5208 2456 5247 ex
2490 5191 2699 5246 Latinis
2729 5190 3073 5254 Ambrosius,
3100 5190 3196 5246 lib.
3234 5208 3247 5244 ι
3291 5188 3370 5243 De.

1797 5283 1921 5352 ﬁde,
1954 5299 2074 5354 cap.
2101 5285 2135 5338 5
2162 5303 2175 5338 :
2209 5282 2344 5336 Mihi
2390 5281 2710 5352 impossibile
2743 5290 2819 5334 est
2863 5281 3209 5350 generationis
3231 5280 3369 5334 scire

1795 5385 2070 5430 secretum.
2111 5374 2260 5430 Mens
2291 5376 2491 5445 deﬁcit,
2535 5389 2632 5428 vox
2667 5373 2805 5428 silet.
2833 5389 2936 5425 non
2985 5389 3101 5425 mea
3137 5381 3363 5438 tantum,

1796 5467 1885 5521 sed
1912 5476 1962 5521 et
1981 5458 2305 5536 angelorum.

1866 5557 1967 5624 Qui
2010 5558 2161 5614 locus
2199 5564 2254 5612 et
2297 5572 2384 5612 me
2426 5562 2730 5626 opportune
2761 5555 2962 5609 silentii
2993 5553 3266 5611 admonet,
3305 5557 3364 5603 ut

1796 5649 2029 5706 decurso
2056 5648 2459 5706 dissertationis
2483 5647 2660 5704 stadio
2695 5645 2942 5717 lampada
2973 5643 3094 5698 aliis
3123 5641 3358 5695 tradam.
