4036 6320
110 435 197 489 MS
1484 416 1862 475 EPISTOLJE.

3217 409 3317 466 550

108 544 282 604 ἑαυτοῦ
309 549 585 621 μοχθηρᾶς
618 542 988 618 προαιρέσεως
1024 538 1147 615 εὗρε
1177 542 1444 613 πρόφασιν
1465 555 1478 566 “
1513 539 1561 592 οἱ
1595 539 1651 591 δέ

1755 545 1873 602 est;
1911 534 2001 590 isti
2033 536 2181 596 vel‘o,
2223 531 2442 601 impiam
2479 529 2624 585 illius
2668 547 2734 585 ex
2765 527 2992 585 Christo
3039 529 3316 583 nundina-

104 639 189 708 τὴν
249 642 450 694 ἐκείνου
497 637 972 710 Χριστεμπορείαν
1015 637 1093 707 (5)
1135 633 1483 706 θεωροῦντες,
1517 634 1646 686 οὐκ·

102 737 175 787 tt‘.
212 733 301 802 τῆς
336 729 658 801 Ἐκκλησίας
695 730 993 800 ὑποχείριοι
1043 730 1224 798 μένειν
1255 726 1644 798 ἐκαρτέρησαν·

103 824 201 875 ἀλλ’
224 824 430 884 ἑαυτοῖς
455 821 693 892 σπήλαια
721 821 931 894 λῃστῶν
972 821 1442 890 οἰκοδομήσαντες,
1496 817 1648 870 ἀδια-

101 914 312 975 λείπτως
348 913 406 964 ἐν
447 913 633 974 αὐτοῖς
686 911 961 966 ποιοῦνται
1002 911 1282 973 συνόδους,
1334 908 1545 980 νύκτωρ
1588 925 1649 960 τε

103 1004 183 1055 καὶ
228 1003 340 1073 μεθ’
373 1003 587 1075 ἡμέραν
631 1005 690 1056 ἐν
739 1007 858 1066 ταῖς
890 1003 1032 1057 κατὰ
1074 1002 1307 1074 Χριστοῦ
1353 1003 1448 1054 καὶ
1494 1001 1648 1071 ἡμῶν

102 1095 348 1156 διαϐολαῖς
391 1096 737 1165 ἀσκούμενοι.
799 1096 862 1148 Οἳ
915 1096 1095 1165 πάσης
1141 1095 1240 1163 τῆς
1289 1093 1649 1163 ἀποστολικῆς

106 1183 336 1246 εύσεϐοῦς
378 1185 540 1254 δόξης
583 1185 1044 1257 κατηγοροῦντες,
1087 1184 1357 1254 Ἰουδαῖκῷ
1408 1185 1647 1253 προσχή-

107 1293 218 1343 ματι
262 1276 639 1346 Χριστομάχον
680 1276 1074 1346 συνεκρότησαν
1128 1277 1504 1345 ἐργαστήριον,
1551 1276 1648 1344 τὴν

102 1367 310 1437 θεότητα
367 1366 464 1419 τοῦ
511 1370 759 1439 Σωτῆρος
806 1368 960 1437 ἡμῶν
1006 1366 1346 1437 ἀρνούμενοι,
1399 1367 1492 1418 καὶ
1537 1369 1648 1429 τοῖς

99 1459 246 1510 κρᾶσιν
295 1459 407 1509 ῐσον
447 1453 587 1510 εἶναι
630 1457 1014 1530 κηρύσσοντες.
1047 1459 1233 1510 Πᾶσάν
1265 1475 1324 1510 τε
1357 1456 1520 1509 αὐτοῦ
1552 1458 1651 1526 τῆς

102 1549 346 1620 σωτηρίου
416 1551 729 1621 οἰκονομίας
784 1552 879 1605 καὶ
942 1551 1009 1604 δι’
1074 1553 1218 1621 ἡμᾶς
1275 1549 1649 1612 ταπεινώσεως

103 1640 263 1712 φωνὴν
301 1641 673 1713 ἐκλεξάμενοι,
705 1641 764 1706 ἐξ
787 1642 963 1696 αὐτῶν
995 1637 1328 1713 συναγείρειν
1355 1641 1649 1712 πειρῶνται

101 1734 186 1801 τῆς
211 1732 460 1797 ἀσεϐείας
499 1733 708 1787 ἑαυτῶν
737 1733 796 1786 τὸ
824 1737 1103 1805 κήρυγμα,
1138 1735 1233 1802 τῆς
1260 1731 1496 1803 ἀρχῆθεν
1535 1732 1651 1784 0εὸ-

100 1840 246 1892 τητος
290 1823 456 1877 αὐτοῦ
495 1825 590 1877 καὶ
634 1823 780 1894 παρὰ
813 1823 892 1894 τῷ
917 1826 1088 1894 Πατρὶ
1123 1824 1277 1895 δόξης
1317 1823 1542 1876 ἀλέκτου
1572 1823 1648 1892 (6)

1749 627 1951 682 tionem
1994 632 2297 684 cernentes.
2330 637 2437 674 non
2470 623 2700 690 amplius
2733 621 2990 676 Ecclesiae
3034 618 3318 688 subiacere

1746 719 2074 782 voluerunt;
2111 714 2208 769 sed
2263 713 2538 782 speluncis
2591 713 2860 766 latronum
2915 712 3019 766 sibi
3059 718 3317 765 constru-

1747 807 1850 860 ctis
1873 845 1888 870 ,
1921 806 2040 860 sine
2089 802 2494 857 intermissione
2522 808 2822 856 conventus
2856 802 2912 855 in
2949 801 3058 855 illis
3102 811 3272 870 agunt
3301 838 3317 861 ,

1747 907 1912 954 noctu
1945 905 2106 964 atque
2133 893 2371 948 interdiu
2401 894 2704 968 calumnias
2744 895 3002 947 adversus
3033 891 3315 946 Christum

1746 994 1800 1038 et
1829 985 2113 1039 adversum
2159 997 2260 1037 nos
2285 982 2781 1036 comminiscentes.
2811 980 2912 1047 Qui
2945 996 3066 1035 cum
3099 996 3316 1035 omnem

1747 1076 1889 1143 piam
1945 1082 1997 1128 et
2049 1073 2401 1142 apostolicam
2433 1072 2737 1125 doctrinam
2770 1072 3051 1133 incusent,
3083 1069 3318 1124 Judaico

1749 1178 1899 1217 more
1944 1163 2008 1215 ad
2059 1161 2481 1230 inipugnaudum
2526 1161 2802 1215 Christum
2849 1160 3120 1213 ofﬁcinam
3155 1161 3317 1215 insti-

1749 1262 1990 1316 tuerunt,
2021 1253 2328 1310 Servatoris
2351 1255 2521 1309 nostri
2544 1256 2801 1309 deitatem
2833 1264 3114 1323 negantes,
3136 1263 3196 1316 et
3229 1271 3317 1313 re-

1749 1345 1913 1414 liquis
1963 1346 2218 1399 omnibus
2270 1347 2527 1414 aequalem
2585 1362 2706 1399 eum
2764 1361 2885 1400 esse
2938 1346 3312 1414 pradicantes.

1749 1435 2114 1503 Collectisque
2141 1436 2399 1513 omnibus
2435 1437 2568 1490 locis
2594 1438 2646 1489 in
2688 1439 2890 1506 quibus
2927 1452 3108 1491 semio
3139 1447 3222 1492 est
3249 1440 3318 1492 de

1752 1527 1975 1579 salutari
2012 1528 2130 1593 ejus
2167 1526 2572 1594 dispensatione
2617 1536 2670 1581 et
2702 1529 2770 1582 de
2803 1530 3109 1597 abjectione
3140 1531 3316 1584 nostri

1750 1632 1916 1671 causa
1944 1619 2010 1672 ab
2036 1633 2100 1672 eo
2130 1628 2401 1688 suscepta,
2440 1620 2733 1688 impietatis
2763 1636 2874 1674 suae
2902 1620 3203 1674 doctrinam
3231 1636 3324 1676 eo-

1753 1723 1871 1760 rum
1898 1710 2219 1762 auctoritate
2269 1710 2588 1763 conlirmare
2628 1710 2909 1774 nituntur,
2957 1713 3074 1764 loca
3114 1711 3317 1782 quibus

1751 1808 1950 1854 aeterna
1975 1800 2217 1868 ejusdem
2247 1800 2506 1855 divinitas
2535 1808 2586 1855 et
2611 1801 3011 1871 inexplicabilis
3042 1804 3184 1874 apud
3211 1802 3316 1858 Pa-

101 1915 208 1976 τοὺς
234 1915 423 1982 λόγους
459 1892 943 1985 ἀποστρεφόμενοι.
974 1892 1084 1984 Τήν
1111 1892 1246 1981 γοῦν
1281 1913 1542 1984 Ἑλλήνων
1587 1930 1645 1964 τε

1752 1899 1882 1945 trem
1916 1892 2084 1961 gloria
2119 1894 2405 1955 astruitur,
2435 1902 2770 1948 aversantes.
2805 1893 2940 1948 Cum
2985 1895 3151 1964 igitur
3183 1911 3318 1965 gen-

104 2006 184 2058 καὶ
221 2005 488 2061 Ἰουδαίων
527 2005 698 2076 ἀσεϐῆ
734 2006 861 2077 περὶ
903 2004 1136 2076 Χριστοῦ
1168 2006 1324 2069 δόξαν
1359 2004 1648 2076 κρατύνον-

103 2113 198 2159 τες,
221 2097 309 2149 τὸν
333 2099 466 2169 παρ’
500 2095 678 2150 αὐτῶν
710 2096 930 2151 ἔπαινον
967 2098 1042 2160 ὡς
1073 2098 1151 2150 ἔνι
1184 2097 1415 2168 μάλιστα
1442 2097 1650 2168 θηρῶνου

104 2205 180 2240 ται
202 2206 214 2218 ·
253 2190 426 2243 πάντα
456 2188 558 2260 μὲν
588 2187 687 2242 ὅσα
721 2188 842 2242 καθ’
865 2188 1022 2259 ἡμῶν
1057 2190 1187 2261 παρ’
1210 2191 1390 2252 αὐτοῖς
1426 2189 1648 2257 γελᾶται

107 2281 590 2349 πραγματευόμενοι
614 2297 629 2312 θ
669 2281 885 2341 στάσεις
915 2279 972 2331 δὲ
999 2281 1128 2348 ἡμῖν
1154 2279 1273 2331 καθ’
1313 2279 1525 2348 ἡμέραν
1557 2280 1649 2330 καὶ

105 2366 349 2440 διωγμοὺς
395 2370 791 2441 ἐπεγείροντες.
833 2371 941 2424 Καὶ
975 2370 1132 2423 τοῦτο
1173 2370 1288 2440 μὲν,
1329 2370 1650 2440 δικαστήρια

108 2461 526 2532 συγκροτοῦντες,
565 2461 632 2514 δι’
675 2463 923 2530 ἐντυχίας
969 2462 1336 2532 γυναικαρίων
1395 2461 1473 2530 (7)
1520 2462 1651 2515 ἀτά-

105 2564 228 2600 κτων
260 2548 293 2602 ει
320 2550 640 2620 ἠπάτησαν
678 2549 836 2603 τοῦτο
868 2551 946 2615 δὲ,
977 2551 1066 2602 τὸν
1088 2549 1504 2620 Χριστιανισμὸν
1531 2550 1648 2602 δια-

112 2639 378 2709 σύροντες,
450 2643 518 2694 ἐκ
573 2641 664 2694 τοῦ
722 2643 1133 2713 περιτροχάξειν
1213 2646 1393 2696 πᾶσαν
1453 2643 1648 2710 ἀγυιὰν

115 2731 336 2801 ἀσέμνως
374 2733 473 2796 τὰς
518 2734 649 2803 παρ’
684 2734 864 2796 αὐτοῖς
906 2735 1192 2802 νεωτέρας.
1239 2734 1396 2786 Ἀλλά
1427 2735 1517 2787 καὶ
1559 2733 1649 2785 τὸν

115 2825 357 2893 ἄρρηκτον
402 2823 498 2876 τοῦ
524 2823 755 2894 Χριστοῦ
801 2823 1028 2892 χιτῶνα,
1059 2825 1116 2875 ὃν
1150 2826 1197 2876 οί
1236 2824 1417 2893 δήμιοι
1459 2823 1648 2877 διελεῖν

113 2915 197 2966 οὑκ
224 2914 630 2978 ἐϐουλεύσαντο,
669 2915 820 2967 αὐτοὶ
859 2915 1038 2983 σχίσαι
1081 2914 1400 2985 ἐτόλμησαν.

170 3179 228 3230 Π.
277 3178 464 3250 Ἡμεῖς
519 3179 618 3251 μὲν
650 3174 763 3244 οὖν,
795 3180 829 3235 ἃ
852 3180 1041 3250 καὶτῷ
1085 3180 1184 3249 βίῳ
1233 3182 1410 3234 αὐτῶν
1449 3183 1541 3235 καὶ
1580 3186 1645 3254 τῇ

111 3268 283 3340 ἀνοσίῳ
323 3271 662 3340 ἐπιχειρήσει
712 3270 933 3340 πρέπει,
971 3269 1057 3322 διὰ
1081 3269 1140 3322 τὺ
1179 3269 1476 3332 λανθάνειν,
1514 3272 1643 3341 βρα-

113 3358 222 3419 δέως
277 3361 693 3428 ἐπιστήσαντες,
747 3358 1038 3428 παμψηφεὶ
1084 3359 1180 3428 τῆς
1241 3360 1648 3429 προσκυνούσης

114 3439 316 3513 Χριὴοῦ
365 3448 468 3520 τὴν
509 3448 734 3518 θεάτητα
807 3447 1129 3518 Ἐκκλησίας
1175 3449 1511 3519 ἐξηλάσαμεν
1551 3451 1645 3520 (8).

123 3538 482 3610 Ἐπεχείρησαν
516 3540 574 3592 δὲ
609 3541 960 3612 περιδρομαῖς
1007 3541 1274 3612 χρώμενοι
1318 3543 1438 3595 καθ’
1472 3545 1645 3612 ἡμῶν,

114 3629 468 3698 παρεκϐαίνειν
509 3631 644 3701 πρὸς
677 3633 802 3694 τοὺς
841 3632 1147 3703 ὁμόφρονας
1189 3633 1646 3704 συλλειτουργοὺς,

116 3722 323 3789 σχήματι
367 3723 466 3792 μὲν
508 3724 732 3793 εἰρήνης
768 3725 862 3775 καὶ
892 3722 1137 3786 ὲνὼσεως
1168 3724 1388 3789 ἀξίωσιν
1427 3727 1652 3796 ὑποκρι-

114 3812 330 3879 νόμενοι·
364 3815 425 3866 τὸ
456 3815 516 3866 δὲ
546 3815 770 3885 ἀληθὲς,
807 3818 1148 3886 συναρπάσαι
1183 3817 1330 3880 τινὰς
1363 3818 1540 3870 αὐτῶν
1574 3822 1652 3880 είς

113 3903 194 3971 τὴν
223 3904 346 3958 ἰδίαν
374 3907 528 3958 νόσον
555 3906 643 3958 διὰ
679 3907 1067 3977 χρηστολογίας
1108 3907 1493 3972 σπουδάζοντες
1513 3927 1525 3938 ο
1560 3911 1652 3961 καὶ

118 3993 485 4072 στωμυλεὲιτερα
520 3995 822 4065 γράμματα
869 3997 996 4065 παρ’
1029 3995 1204 4048 αὐτῶν
1241 3995 1532 4060 αἰτοῦντες,
1569 3996 1654 4049 ἵνα

118 4085 660 4151 παραναγινώσκοντες
703 4087 841 4140 αὐτὰ
877 4091 988 4150 τοῖς
1025 4089 1115 4139 ὑπ’
1148 4087 1325 4139 αὐτῶν
1366 4089 1654 4159 ἠπατημέ-

117 4188 226 4236 νοις,
253 4175 647 4247 ἀμετανοήτους
675 4178 760 4246 ἐφ’
790 4171 868 4240 οἷς
901 4177 1207 4248 ἐσφάλησαν
1238 4177 1655 4242 κατασκευάζω-

118 4277 204 4326 σιν,
234 4267 670 4338 ἐπιτριϐομένους
702 4270 780 4330 εἰς
818 4268 1087 4333 ἀσέϐειαν,
1119 4268 1194 4332 ὡς
1234 4269 1300 4322 ἂν
1333 4271 1655 4341 συμψήφους

118 4355 270 4420 αὐτοῖς
290 4359 378 4410 καὶ
411 4360 722 4430 ὁμόφρονας
748 4359 959 4430 ἔχοντες
992 4361 1338 4423 ἐπισκόπους.
1377 4362 1486 4429 Οὐχ
1514 4361 1655 4431 άπερ

119 4444 226 4506 γοῦν
261 4450 382 4518 παρ’
421 4451 559 4520 ἡμῖν
606 4450 854 4519 πονηρῶς
906 4449 1147 4513 ἐδίδαξαν
1195 4467 1253 4501 τε
1300 4451 1393 4502 καὶ¹
1437 4451 1658 4520 διεπρά-

1752 1982 1926 2035 tilium
1959 1998 2021 2036 ac
2047 1981 2355 2036 Iudaeorum
2388 1984 2607 2052 impiam
2646 1984 2712 2039 de
2740 1983 2961 2040 Christo
2990 1987 3317 2042 sententiam

1750 2075 2092 2138 conﬁrment,
2123 2076 2335 2128 laudem
2371 2075 2441 2128 ab
2490 2075 2599 2132 illis
2644 2076 2789 2130 omni
2849 2085 2964 2131 arte
2992 2093 3057 2131 ac
3106 2079 3318 2133 ratione

1750 2175 2093 2234 aucupantur
2119 2185 2130 2219 :
2164 2181 2227 2220 ea
2257 2166 2476 2236 quidem
2505 2181 2628 2237 quae
2654 2167 2732 2220 illi
2781 2168 2837 2222 in
2873 2169 3035 2224 nobis
3066 2168 3316 2223 deridere

1750 2257 1955 2318 solent,
2003 2257 2185 2309 omnia
2247 2257 2649 2326 contingentes;
2713 2257 3008 2312 seditiones
3040 2265 3217 2312 autem
3248 2273 3314 2311 ac

1749 2346 2156 2416 persecutiones
2192 2346 2453 2401 adversus
2492 2361 2592 2400 nos
2618 2347 2858 2415 quotidie
2880 2348 3200 2401 excitantes.
3241 2346 3309 2400 Et

1750 2452 1895 2490 nunc
1950 2437 2167 2506 quidem
2214 2436 2281 2490 ad
2316 2438 2560 2505 judieum
2606 2439 2895 2492 tribunalia
2943 2453 3044 2493 nos
3091 2439 3317 2492 trahunt

1750 2543 1847 2597 per
1871 2527 2331 2596 interpellationes
2371 2529 2656 2582 mulierum
2685 2529 3028 2597 disciplinam
3060 2545 3167 2582 non
3194 2543 3313 2584 ser-

1751 2619 2016 2680 vantium,
2051 2633 2188 2687 quas
2238 2618 2340 2685 ipsi
2395 2617 2450 2671 in
2505 2633 2743 2672 errorem
2774 2618 3137 2682 induxerunt;
3169 2635 3316 2673 nunc

1749 2710 2072 2766 Christiana:
2090 2710 2334 2778 religioni
2362 2712 2617 2779 probrum
2646 2719 2806 2780 atque
2825 2709 3100 2763 infamiam
3134 2727 3316 2780 asper-

1747 2811 1884 2873 gunt
1906 2845 1919 2867 ,
1963 2803 2091 2856 dum
2115 2804 2422 2870 juvenculaa
2452 2803 2693 2871 ipsorum
2724 2817 2818 2871 per
2865 2816 3054 2856 omnes
3083 2803 3230 2856 vicos
3260 2812 3315 2857 et

1750 2895 1985 2962 compita
2025 2895 2254 2965 turpiter
2306 2894 2758 2947 circumcursant.
2794 2891 2898 2946 Sed
2933 2900 2986 2946 et
3019 2893 3316 2946 indissolu-

1750 2985 1910 3039 bilem
1944 2985 2148 3040 Chrisﬁ
2191 2985 2425 3038 tunicam
2452 3025 2467 3050 ,
2516 2999 2676 3055 quam
2706 2985 2988 3040 carnifices
3017 2985 3144 3038 olim
3175 2985 3315 3038 divi-

1751 3076 1878 3132 dere
1912 3078 2223 3140 noluerunt,
2259 3078 2348 3131 isti
2369 3077 2488 3131 ausi
2517 3084 2642 3130 sunt
2671 3075 2998 3130 discindere.

1822 3168 1884 3222 ll.
1926 3169 2003 3222 Ac
2020 3183 2137 3248 ’nos
2171 3167 2386 3238 quidem
2427 3183 2548 3222 cum
2579 3183 2641 3221 ea
2685 3182 2804 3237 quae
2833 3169 2954 3220 vitae
2985 3168 3222 3235 ipsorum
3251 3181 3314 3222 ac

1751 3258 1973 3313 nefariis
2000 3259 2285 3314 conatibus
2327 3266 2638 3328 competunt
2660 3300 2674 3319 ,
2720 3257 2896 3312 serius
2929 3265 3145 3326 propter
3169 3258 3314 3324 ipso—

1748 3368 1866 3404 rum
1898 3351 2133 3404 latebras
2156 3350 2698 3419 deprehendissemus
2721 3389 2735 3413 ,
2773 3351 3045 3402 communi
3070 3351 3311 3402 omnium

1749 3439 2006 3510 suffragio
2037 3456 2102 3494 ex
2127 3447 2269 3493 cmtu
2295 3439 2550 3494 Ecclesia)
2578 3455 2698 3509 qua:
2738 3439 2938 3494 Christi
2974 3439 3310 3494 divinitatem

1750 3535 1958 3598 adorat,
1988 3549 2080 3588 eos
2117 3534 2398 3600 ejecimus.
2454 3532 2559 3601 Ipsi
2604 3547 2731 3586 vero
2759 3541 2947 3585 contra
2984 3548 3085 3586 nos
3125 3535 3227 3585 huc
3258 3543 3313 3586 et

1750 3628 1878 3680 illuc
1899 3627 2290 3686 discurrentes,
2323 3624 2389 3678 ad
2428 3625 2662 3693 collegas
2706 3632 2926 3678 nostros
2953 3624 3092 3678 idem
3123 3625 3310 3679 nobis-

1752 3734 1872 3772 cum
1901 3719 2192 3771 sentientes
2221 3715 2490 3785 proﬁcisci
2544 3715 2895 3768 instituerunt
2920 3733 2933 3768 :
2981 3715 3159 3783 specie
3189 3716 3311 3783 qui-

1751 3809 1872 3861 dem
1905 3822 2087 3875 pacem
2119 3813 2172 3860 et
2205 3805 2552 3858 concordiam
2592 3812 2841 3873 expetere
2866 3821 2923 3858 se
2955 3805 3309 3871 simulantes;

1754 3912 1812 3949 re
1840 3899 1955 3965 ipsa
1987 3910 2114 3950 vero
2144 3894 2405 3963 quosdam
2436 3910 2623 3948 eorum
2650 3893 2860 3946 blandis
2887 3893 3228 3947 sermonibus
3255 3895 3310 3947 in

1754 4003 1994 4043 errorem
2026 4003 2183 4041 suum
2212 3985 2497 4040 traducere
2526 3977 2805 4040 conantes.
2843 3987 2884 4038 A
2915 3986 3112 4055 quibus
3145 3988 3310 4040 etiam

1754 4079 2093 4134 verbOsiores
2126 4078 2382 4146 epistolas
2431 4076 2700 4146 ﬂagitant,
2740 4085 2797 4130 ut
2827 4092 2918 4132 eas
2949 4077 3185 4146 legentes
3215 4076 3314 4131 ho-

1756 4172 1992 4225 minibus
2027 4185 2165 4239 quos
2195 4170 2296 4238 ipsi
2320 4169 2647 4237 deceperunt
2669 4208 2683 4230 .
2736 4183 2830 4222 eos
2876 4168 3224 4237 pertinaciter
3255 4168 3313 4221 in

1756 4280 1941 4320 errore
1977 4280 2320 4334 perseverare
2353 4265 2551 4318 faciant
2599 4264 2803 4331 absque
2843 4263 2954 4315 ullo
2983 4261 3316 4330 pmnitentiae

1758 4379 1920 4417 sensu
1955 4362 2008 4415 in
2062 4363 2335 4430 impietate
2371 4361 2688 4424 obduratos,
2718 4359 2876 4428 quasi
2909 4355 3004 4427 qui
3031 4357 3315 4426 episcopos

1758 4454 1897 4508 idem
1927 4467 2109 4508 secum
2141 4453 2434 4506 sentientes
2453 4468 2517 4506 ac
2547 4451 2648 4505 sibi
2678 4449 3035 4518 suﬁ‘ragantes
3056 4447 3313 4502 habeant.

120 4533 271 4602 ξαντο,
319 4540 675 4611 ὁμολογοῦσιν
736 4543 938 4604 αὐτοῖς,
988 4542 1052 4594 δι’
1093 4541 1128 4595 ὃ.
1175 4543 1266 4595 καὶ
1307 4542 1649 4613 ἐξώσθησανο

1761 4545 1833 4598 Ea
1865 4561 2026 4615 porro
2071 4560 2190 4614 qua:
2248 4543 2387 4612 apud
2439 4558 2538 4598 nos
2587 4555 2864 4611 perperam
2913 4539 3214 4594 docuerunt
3260 4545 3317 4591 et

179 4733 243 4800 (5)
263 4737 372 4803 Τὴν
393 4740 522 4793 ἐκεί
527 4758 634 4794 νου
656 4743 1172 4810 Χριστεμπορείαν.
1204 4741 1654 4805 Colluthus.’cum

122 4814 243 4882 esset
270 4810 554 4882 presbyter
581 4812 951 4874 Alexandriae,
989 4814 1300 4882 arrogantia
1347 4827 1408 4865 ac
1440 4816 1656 4868 temeri-

126 4880 213 4926 tate
233 4880 439 4952 elatus,
487 4896 590 4952 pro
639 4884 894 4952 episcorio
927 4897 985 4952 se
1029 4880 1302 4952 gesserat,
1349 4885 1656 4952 multosque

128 4944 440 5023 illesb):teros
471 4944 1213 5023 acdiaconOs'ordina'verat.
1244 4949 1446 5005 Verum
1481 4954 1532 5006 in
1567 4944 1658 5023 sy-

127 5012 243 5091 nodo
267 5012 610 5073 Alexandria:
658 5030 982 5091 congregata
1017 5032 1228 5075 cuncta:
1277 5023 1394 5088 ejus
1435 5012 1658 5075 ordina-

127 5087 273 5160 lmnes
307 5096 490 5160 postea
539 5087 789 5145 rescissa?
830 5087 986 5155 sunt;
1031 5100 1084 5146 et
1122 5087 1430 5160 quicunque
1475 5093 1542 5146 ab
1593 5107 1658 5147 eo

126 5150 323 5206 ordinati
349 5156 587 5222 fuerant,
622 5160 676 5212 in
702 5150 1231 5215 laicorum'ordin‘em
1264 5150 1390 5215 sunt
1414 5163 1654 5224 redacti,

129 5227 174 5269 ul
209 5231 424 5300 testatur
452 5226 790 5300 Athanasius
838 5234 890 5283 in
919 5233 1248 5300 Apologelico
1293 5232 1518 5285 secundo
1561 5232 1659 5284 ad-

129 5295 552 5369 rersusuAriauos.
586 5297 724 5351 Hinc
764 5309 988 5369 apparet
1026 5295 1123 5354 cur
1144 5302 1445 5354 Alexander
1474 5301 1662 5355 Collu-

130 5360 255 5440 thum
279 5363 698 5440 Χριστέμπορον
728 5360 902 5429 vocet.
927 5385 992 5424 eo
1023 5372 1165 5440 quod
1200 5371 1404 5424 scilicet
1441 5373 1660 5424 ordina-

132 5435 278 5508 tiones
300 5435 681 5508 venderetget
704 5453 766 5492 ex
800 5435 1057 5492 manuuni
1093 5441 1436 5508 impositione
1476 5455 1538 5493 ac
1572 5456 1661 5495 re-

127 5492 269 5578 liquis
284 5492 656 5578 sacramentis
687 5517 955 5578 quzestum
986 5492 1252 5578 captaret.

186 5568 448 5651 (ᾅξᾼόξης
463 5568 743 5651 diemet}.
777 5576 833 5628 In
847 5591 1018 5651 manu
1024 5568 1230 5651 scripto
1242 5577 1426 5651 codice
1445 5577 1660 5651 Henrici

137 5634 320 5716 Silvii“:
341 5634 595 5716 ,ὶιίίτθείρ
621 5645 812 5700 Codice
832 5644 888 5716 ᾖ.
917 5645 1034 5700 Pini
1062 5688 1077 5711 ,
1108 5634 1161 5704 et
1201 5650 1255 5703 in
1286 5648 1522 5702 editione
1553 5646 1659 5699 Ba-

136 5709 313 5786 siliensi
341 5709 534 5786 legitur
547 5712 804 5786 ἀλήκτου.
832 5709 1115 5784 Vulgatam
1133 5727 1311 5772 tamen
1331 5719 1659 5786 scripturam

138 5783 326 5852 tuentur
373 5785 580 5855 reliqui
616 5783 870 5849 codices,
913 5783 966 5838 et
999 5786 1282 5855 Epiphanii
1335 5783 1660 5841 Scholastici

139 5852 503 5920 Merpretatio.‘
550 5852 654 5911 Sed
681 5863 734 5913 et
767 5855 823 5913 in
850 5852 1403 5915 editione'Basiliensi
1431 5871 1530 5928 pro
1576 5858 1660 5914 liis

1753 4745 1935 4801 verbis
1968 4743 2114 4812 παρὰ
2134 4742 2210 4812 τῷ
2241 4742 2433 4812 Πατρί,
2474 4741 2670 4811 legitur
2698 4740 2847 4812 παρὰ
2868 4738 2969 4812 τοῦῄ
2985 4737 3216 4812 Πατρός.

1827 4816 1900 4884 (7)
1949 4814 2024 4866 Δι’
2051 4809 2330 4884 ἐντυχίας
2364 4809 2790 4884 ’γυργαὶκαρίωνζ
2821 4809 3126 4884 ᾼιηριεοιοΐ
3151 4809 3319 4884 inter—

1755 4878 2455 4954 pretationemCamerarii,
2489 4883 2581 4949 qui
2612 4878 2703 4954 Sic
2722 4881 2918 4954 vertit_.
2946 4894 3037 4954 per
3060 4878 3314 4954 interpel-

1758 4947 1977 5007 lationes
2019 4951 2469 5011 muliercularum,
2507 4947 2623 5004 etc.
2661 4949 2768 5003 Nec
2801 4951 2942 5018 male
2977 4947 3316 5018 Epiphanius

1759 5023 2132 5076 Scholasticus
2164 5021 2453 5074 additiones
2478 5022 2879 5088 interpretatur.
2902 5017 3314 5088 lntelligitenim

1760 5094 1970 5147 libellos
2026 5092 2433 5145 accusationum
2459 5129 2473 5149 ,
2509 5086 2646 5158 quos
2681 5090 2934 5158 mulieres
2987 5087 3054 5138 ab
3099 5086 3318 5158 Arianis

1763 5163 2073 5218 subornata:
2107 5160 2450 5231 porrigebant
2470 5155 2768 5231 ju'dicibus_
2795 5157 3054 5231 adversus
3084 5155 3317 5231 Alexan-

1759 5233 1915 5285 drum
1962 5225 2283 5299 episc'opum'
2329 5225 2683 5299 Alexandriae:
2739 5226 2881 5299 Sane
2939 5225 3160 5299 ἐντυχία
3218 5240 3320 5299 pro

1759 5303 1943 5355 libello
1968 5293 2197 5370 supplici
2225 5299 2459 5370 sumitur
2492 5299 2564 5370 ab
2583 5293 2913 5370 Athanasio,
2940 5304 3000 5350 ut
3028 5293 3318 5349 observavi

1760 5373 1817 5426 in
1835 5368 2275 5424 adnotationibus
2306 5368 2646 5422 Eusebianis.

1830 5441 1905 5512 (8)
1919 5437 2252 5512 "eumve?-
2264 5478 2274 5489 -
2286 5437 2411 5512 ετῆς
2427 5435 2805 5512 Ἐκκλησίαςν
2823 5433 3221 5512 ἐξηλάίξοψεν-
3241 5429 3320 5512 βξ

1762 5500 1848 5565 bis
1890 5500 2078 5563 verbis
2122 5500 2432 5576 colligitur,
2493 5500 2657 5576 hanc,
2685 5500 2969 5576 epistolam
3028 5500 3318 5576 Alesandri

1760 5581 2018 5648 scriptam
2039 5593 2161 5632 esse
2191 5570 2311 5648 post
2340 5577 2601 5645 synodum
2636 5570 3056 5648 Alexandrinam
3085 5610 3097 5631 ,
3131 5570 3183 5622 in
3210 5584 3317 5636 qua

1762 5642 2048 5702 damnatus
2077 5642 2389 5718 erat'Arius_'
2403 5661 2538 5718 cum
2558 5646 2740 5718 sociis.
2766 5642 2907 5718 Duas
2935 5650 3136 5718 autem.
3155 5652 3318 5708 syno-

1762 5719 1862 5772 dos
1916 5719 2292 5788 episcoporum
2324 5713 2543 5788 [Egypti
2586 5715 2846 5788 adversus
2875 5712 3061 5788 Arium
3089 5712 3321 5788 ejusque

1763 5780 2189 5855 socios-collegit
2216 5780 2520 5855 Alexander
2542 5785 2831 5854 episcopus
2863 5780 3202 5847 Alexandria:
3219 5814 3236 5841 ,
3260 5781 3322 5830 ut

1764 5857 1906 5912 infra
1937 5854 2184 5928 pluribus
2213 5854 2583 5912 ostendemus.
