  <div class='ocr_page' id='page_1' title='image "/cluster/home/n/w/nwhite01/storage/ocr_20150623/18/pst.000005712038/283.png"; bbox 0 0 4036 6320; ppageno 0'>
   <div class='ocr_carea' id='block_1_1' title="bbox 659 387 759 443">
    <p class='ocr_par' dir='ltr' id='par_1_1' title="bbox 659 387 759 443">
     <span class='ocr_line' id='line_1_1' title="bbox 659 387 759 443; baseline -0.02 0"><span class='ocrx_word' id='word_1_1' title='bbox 659 387 759 443; x_wconf 78' lang='grc'><strong>551</strong></span> 
     </span>
    </p>
   </div>
   <div class='ocr_carea' id='block_1_2' title="bbox 1753 384 2748 443">
    <p class='ocr_par' dir='ltr' id='par_1_2' title="bbox 1753 384 2748 443">
     <span class='ocr_line' id='line_1_2' title="bbox 1753 384 2748 443; baseline 0.003 -3"><span class='ocrx_word' id='word_1_2' title='bbox 1753 387 1812 441; x_wconf 86' lang='lat' dir='ltr'><strong>S.</strong></span> <span class='ocrx_word' id='word_1_3' title='bbox 1857 384 2250 440; x_wconf 60' lang='lat' dir='ltr'><strong>ALEXAND!“</strong></span> <span class='ocrx_word' id='word_1_4' title='bbox 2286 385 2748 443; x_wconf 74' lang='lat' dir='ltr'><strong>ALEXANDBINI</strong></span> 
     </span>
    </p>
   </div>
   <div class='ocr_carea' id='block_1_3' title="bbox 3796 389 3949 482">
    <p class='ocr_par' dir='ltr' id='par_1_3' title="bbox 3796 389 3949 482">
     <span class='ocr_line' id='line_1_3' title="bbox 3796 389 3949 482; baseline 0.007 -1"><span class='ocrx_word' id='word_1_5' title='bbox 3796 389 3881 447; x_wconf 63' lang='grc'><strong>⁵⁵³</strong></span> <span class='ocrx_word' id='word_1_6' title='bbox 3948 406 3949 482; x_wconf 83' lang='lat' dir='ltr'><strong>l</strong></span> 
     </span>
    </p>
   </div>
   <div class='ocr_carea' id='block_1_4' title="bbox 660 499 2228 586">
    <p class='ocr_par' dir='ltr' id='par_1_4' title="bbox 660 499 2228 573">
     <span class='ocr_line' id='line_1_4' title="bbox 660 499 2228 573; baseline 0.004 -19"><span class='ocrx_word' id='word_1_7' title='bbox 660 508 912 570; x_wconf 72' lang='lat' dir='ltr'><strong>egerunt,</strong></span> <span class='ocrx_word' id='word_1_8' title='bbox 941 511 993 556; x_wconf 90' lang='lat' dir='ltr'><strong>et</strong></span> <span class='ocrx_word' id='word_1_9' title='bbox 1031 516 1262 570; x_wconf 86' lang='lat' dir='ltr'><strong>quorum</strong></span> <span class='ocrx_word' id='word_1_10' title='bbox 1291 516 1457 555; x_wconf 85' lang='lat' dir='ltr'><strong>causa</strong></span> <span class='ocrx_word' id='word_1_11' title='bbox 1482 517 1511 554; x_wconf 90' lang='lat' dir='ltr'><strong>a</strong></span> <span class='ocrx_word' id='word_1_12' title='bbox 1534 503 1692 556; x_wconf 85' lang='lat' dir='ltr'><strong>nobis</strong></span> <span class='ocrx_word' id='word_1_13' title='bbox 1718 511 1847 558; x_wconf 91' lang='lat' dir='ltr'><strong>sunt</strong></span> <span class='ocrx_word' id='word_1_14' title='bbox 1871 499 2104 573; x_wconf 68' lang='lat' dir='ltr'><strong>e&#39;Xpulsi,</strong></span> <span class='ocrx_word' id='word_1_15' title='bbox 2140 521 2228 560; x_wconf 87' lang='lat' dir='ltr'><strong>ne-</strong></span> 
     </span>
    </p>
   </div>
   <div class='ocr_carea' id='block_1_5' title="bbox 2330 499 3881 586">
    <p class='ocr_par' dir='ltr' id='par_1_5' title="bbox 2337 504 3881 586">
     <span class='ocr_line' id='line_1_5' title="bbox 2337 504 3881 586; baseline -0.002 -26"><span class='ocrx_word' id='word_1_16' title='bbox 2337 506 2448 560; x_wconf 81' lang='grc' dir='ltr'>ἀλλ’</span> <span class='ocrx_word' id='word_1_17' title='bbox 2492 506 2524 575; x_wconf 80' lang='grc' dir='ltr'>ἢ</span> <span class='ocrx_word' id='word_1_18' title='bbox 2562 508 2741 574; x_wconf 83' lang='grc' dir='ltr'><strong>σιωπῇ</strong></span> <span class='ocrx_word' id='word_1_19' title='bbox 2768 507 2935 558; x_wconf 85' lang='grc' dir='ltr'>ταῦτα</span> <span class='ocrx_word' id='word_1_20' title='bbox 2981 507 3384 578; x_wconf 76' lang='grc' dir='ltr'><strong>παραδιδόασιν,</strong></span> <span class='ocrx_word' id='word_1_21' title='bbox 3432 506 3465 575; x_wconf 83' lang='grc' dir='ltr'>ἦ</span> <span class='ocrx_word' id='word_1_22' title='bbox 3507 504 3881 586; x_wconf 42' lang='grc' dir='ltr'>πεπλασμένοις</span> 
     </span>
    </p>
   </div>
   <div class='ocr_carea' id='block_1_6' title="bbox 657 592 2235 662">
    <p class='ocr_par' dir='ltr' id='par_1_6' title="bbox 657 592 2235 662">
     <span class='ocr_line' id='line_1_6' title="bbox 657 592 2235 662; baseline 0.004 -18"><span class='ocrx_word' id='word_1_23' title='bbox 657 608 929 662; x_wconf 80' lang='lat' dir='ltr'><strong>quaquam</strong></span> <span class='ocrx_word' id='word_1_24' title='bbox 971 594 1078 646; x_wconf 88' lang='lat' dir='ltr'><strong>illis</strong></span> <span class='ocrx_word' id='word_1_25' title='bbox 1106 592 1436 647; x_wconf 78' lang='lat' dir='ltr'><strong>conﬁtentur</strong></span> <span class='ocrx_word' id='word_1_26' title='bbox 1461 612 1474 659; x_wconf 89' lang='lat'><strong>;</strong></span> <span class='ocrx_word' id='word_1_27' title='bbox 1506 594 1599 649; x_wconf 91' lang='lat' dir='ltr'><strong>sed</strong></span> <span class='ocrx_word' id='word_1_28' title='bbox 1629 595 1712 649; x_wconf 85' lang='lat' dir='ltr'><strong>vel</strong></span> <span class='ocrx_word' id='word_1_29' title='bbox 1743 595 1960 649; x_wconf 80' lang='lat' dir='ltr'><strong>silentio</strong></span> <span class='ocrx_word' id='word_1_30' title='bbox 1989 597 2094 651; x_wconf 90' lang='lat' dir='ltr'><strong>ista</strong></span> <span class='ocrx_word' id='word_1_31' title='bbox 2121 606 2235 651; x_wconf 89' lang='lat' dir='ltr'><strong>tra-</strong></span> 
     </span>
    </p>
   </div>
   <div class='ocr_carea' id='block_1_7' title="bbox 658 685 2233 758">
    <p class='ocr_par' dir='ltr' id='par_1_7' title="bbox 658 685 2233 758">
     <span class='ocr_line' id='line_1_7' title="bbox 658 685 2233 758; baseline 0.004 -21"><span class='ocrx_word' id='word_1_32' title='bbox 658 685 813 748; x_wconf 84' lang='lat' dir='ltr'><strong>dunt,</strong></span> <span class='ocrx_word' id='word_1_33' title='bbox 847 686 928 739; x_wconf 89' lang='lat' dir='ltr'><strong>vel</strong></span> <span class='ocrx_word' id='word_1_34' title='bbox 960 685 1100 739; x_wconf 73' lang='lat' dir='ltr'><strong>fit-tls</strong></span> <span class='ocrx_word' id='word_1_35' title='bbox 1146 687 1494 740; x_wconf 85' lang='lat' dir='ltr'><strong>sermonibus</strong></span> <span class='ocrx_word' id='word_1_36' title='bbox 1547 696 1601 741; x_wconf 91' lang='lat' dir='ltr'><strong>et</strong></span> <span class='ocrx_word' id='word_1_37' title='bbox 1659 686 1858 740; x_wconf 85' lang='lat' dir='ltr'><strong>libellis</strong></span> <span class='ocrx_word' id='word_1_38' title='bbox 1904 690 2233 758; x_wconf 72' lang='lat' dir='ltr'><strong>conscriptis</strong></span> 
     </span>
    </p>
   </div>
   <div class='ocr_carea' id='block_1_8' title="bbox 655 776 2233 849">
    <p class='ocr_par' dir='ltr' id='par_1_8' title="bbox 655 776 2233 849">
     <span class='ocr_line' id='line_1_8' title="bbox 655 776 2233 849; baseline 0.004 -20"><span class='ocrx_word' id='word_1_39' title='bbox 655 778 921 838; x_wconf 72' lang='lat' dir='ltr'><strong>velantes,</strong></span> <span class='ocrx_word' id='word_1_40' title='bbox 959 776 1140 830; x_wconf 90' lang='lat' dir='ltr'><strong>fucum</strong></span> <span class='ocrx_word' id='word_1_41' title='bbox 1172 776 1398 831; x_wconf 85' lang='lat' dir='ltr'><strong>faciunt.</strong></span> <span class='ocrx_word' id='word_1_42' title='bbox 1434 778 1818 832; x_wconf 87' lang='lat' dir='ltr'><strong>Probabilibus</strong></span> <span class='ocrx_word' id='word_1_43' title='bbox 1856 780 2037 849; x_wconf 73' lang='lat' dir='ltr'><strong>itaque</strong></span> <span class='ocrx_word' id='word_1_44' title='bbox 2065 788 2118 834; x_wconf 91' lang='lat' dir='ltr'><strong>et</strong></span> <span class='ocrx_word' id='word_1_45' title='bbox 2165 783 2233 836; x_wconf 88' lang='lat' dir='ltr'><strong>ad</strong></span> 
     </span>
    </p>
   </div>
   <div class='ocr_carea' id='block_1_9' title="bbox 649 869 2233 939">
    <p class='ocr_par' dir='ltr' id='par_1_9' title="bbox 649 869 2233 939">
     <span class='ocr_line' id='line_1_9' title="bbox 649 869 2233 939; baseline 0.004 -20"><span class='ocrx_word' id='word_1_46' title='bbox 649 869 1080 922; x_wconf 80' lang='lat' dir='ltr'><strong>assentationem</strong></span> <span class='ocrx_word' id='word_1_47' title='bbox 1097 870 1420 939; x_wconf 79' lang='lat' dir='ltr'><strong>compositis</strong></span> <span class='ocrx_word' id='word_1_48' title='bbox 1435 871 1724 939; x_wconf 90' lang='lat' dir='ltr'><strong>colloquiis</strong></span> <span class='ocrx_word' id='word_1_49' title='bbox 1740 871 2055 939; x_wconf 77' lang='lat' dir='ltr'><strong>pestiferam</strong></span> <span class='ocrx_word' id='word_1_50' title='bbox 2079 889 2233 928; x_wconf 91' lang='lat' dir='ltr'><strong>suam</strong></span> 
     </span>
    </p>
   </div>
   <div class='ocr_carea' id='block_1_10' title="bbox 656 957 2234 1034">
    <p class='ocr_par' dir='ltr' id='par_1_10' title="bbox 656 957 2234 1034">
     <span class='ocr_line' id='line_1_10' title="bbox 656 957 2234 1034; baseline 0.006 -25"><span class='ocrx_word' id='word_1_51' title='bbox 656 957 962 1010; x_wconf 83' lang='lat' dir='ltr'><strong>doctrinam</strong></span> <span class='ocrx_word' id='word_1_52' title='bbox 1023 959 1385 1029; x_wconf 84' lang='lat' dir='ltr'><strong>obtegentes,</strong></span> <span class='ocrx_word' id='word_1_53' title='bbox 1439 962 1823 1030; x_wconf 85' lang='lat' dir='ltr'><strong>simpliciorem</strong></span> <span class='ocrx_word' id='word_1_54' title='bbox 1876 979 2146 1034; x_wconf 88' lang='lat' dir='ltr'><strong>quemque</strong></span> <span class='ocrx_word' id='word_1_55' title='bbox 2179 974 2234 1020; x_wconf 86' lang='lat' dir='ltr'><strong>et</strong></span> 
     </span>
    </p>
   </div>
   <div class='ocr_carea' id='block_1_11' title="bbox 658 1046 2233 1124">
    <p class='ocr_par' dir='ltr' id='par_1_11' title="bbox 658 1046 2233 1124">
     <span class='ocr_line' id='line_1_11' title="bbox 658 1046 2233 1124; baseline 0.006 -24"><span class='ocrx_word' id='word_1_56' title='bbox 658 1046 836 1102; x_wconf 79' lang='lat' dir='ltr'><strong>fraudi</strong></span> <span class='ocrx_word' id='word_1_57' title='bbox 885 1054 1194 1118; x_wconf 78' lang='lat' dir='ltr'><strong>expositum</strong></span> <span class='ocrx_word' id='word_1_58' title='bbox 1251 1053 1718 1116; x_wconf 87' lang='lat' dir='ltr'><strong>circumveniunt,</strong></span> <span class='ocrx_word' id='word_1_59' title='bbox 1797 1071 1974 1124; x_wconf 88' lang='lat' dir='ltr'><strong>neque</strong></span> <span class='ocrx_word' id='word_1_60' title='bbox 2018 1056 2233 1110; x_wconf 85' lang='lat' dir='ltr'><strong>interim</strong></span> 
     </span>
    </p>
   </div>
   <div class='ocr_carea' id='block_1_12' title="bbox 653 1141 2229 1213">
    <p class='ocr_par' dir='ltr' id='par_1_12' title="bbox 653 1141 2229 1213">
     <span class='ocr_line' id='line_1_12' title="bbox 653 1141 2229 1213; baseline 0.006 -22"><span class='ocrx_word' id='word_1_61' title='bbox 653 1147 890 1207; x_wconf 85' lang='lat' dir='ltr'><strong>parcunt</strong></span> <span class='ocrx_word' id='word_1_62' title='bbox 920 1141 1176 1209; x_wconf 83' lang='lat' dir='ltr'><strong>pietatem</strong></span> <span class='ocrx_word' id='word_1_63' title='bbox 1211 1155 1449 1197; x_wconf 89' lang='lat' dir='ltr'><strong>nostram</strong></span> <span class='ocrx_word' id='word_1_64' title='bbox 1482 1143 1625 1213; x_wconf 91' lang='lat' dir='ltr'><strong>apud</strong></span> <span class='ocrx_word' id='word_1_65' title='bbox 1661 1159 1852 1202; x_wconf 83' lang='lat' dir='ltr'><strong>omnes</strong></span> <span class='ocrx_word' id='word_1_66' title='bbox 1887 1148 2229 1202; x_wconf 84' lang='lat' dir='ltr'><strong>calumniari.</strong></span> 
     </span>
    </p>
   </div>
   <div class='ocr_carea' id='block_1_13' title="bbox 662 1224 2230 1299">
    <p class='ocr_par' dir='ltr' id='par_1_13' title="bbox 662 1224 2230 1299">
     <span class='ocr_line' id='line_1_13' title="bbox 662 1224 2230 1299; baseline 0.007 -19"><span class='ocrx_word' id='word_1_67' title='bbox 662 1224 815 1282; x_wconf 85' lang='lat' dir='ltr'><strong>Unde</strong></span> <span class='ocrx_word' id='word_1_68' title='bbox 862 1228 921 1281; x_wconf 86' lang='lat' dir='ltr'><strong>fit</strong></span> <span class='ocrx_word' id='word_1_69' title='bbox 952 1237 1012 1282; x_wconf 91' lang='lat' dir='ltr'><strong>ut</strong></span> <span class='ocrx_word' id='word_1_70' title='bbox 1043 1232 1289 1284; x_wconf 88' lang='lat' dir='ltr'><strong>nonnulli</strong></span> <span class='ocrx_word' id='word_1_71' title='bbox 1338 1232 1534 1287; x_wconf 87' lang='lat' dir='ltr'><strong>litteris</strong></span> <span class='ocrx_word' id='word_1_72' title='bbox 1569 1249 1758 1288; x_wconf 90' lang='lat' dir='ltr'><strong>eorum</strong></span> <span class='ocrx_word' id='word_1_73' title='bbox 1789 1237 2192 1291; x_wconf 86' lang='lat' dir='ltr'><strong>subscribentes</strong></span> <span class='ocrx_word' id='word_1_74' title='bbox 2216 1275 2230 1299; x_wconf 90' lang='lat'><strong>,</strong></span> 
     </span>
    </p>
   </div>
   <div class='ocr_carea' id='block_1_14' title="bbox 659 1318 2235 1392">
    <p class='ocr_par' dir='ltr' id='par_1_14' title="bbox 659 1318 2235 1392">
     <span class='ocr_line' id='line_1_14' title="bbox 659 1318 2235 1392; baseline 0.006 -20"><span class='ocrx_word' id='word_1_75' title='bbox 659 1318 716 1373; x_wconf 68' lang='lat' dir='ltr'><strong>in</strong></span> <span class='ocrx_word' id='word_1_76' title='bbox 735 1319 1036 1376; x_wconf 86' lang='lat' dir='ltr'><strong>Ecclesiam</strong></span> <span class='ocrx_word' id='word_1_77' title='bbox 1057 1339 1152 1378; x_wconf 81' lang='lat' dir='ltr'><strong>eos</strong></span> <span class='ocrx_word' id='word_1_78' title='bbox 1172 1324 1456 1392; x_wconf 80' lang='lat' dir='ltr'><strong>recipiant,</strong></span> <span class='ocrx_word' id='word_1_79' title='bbox 1476 1340 1600 1378; x_wconf 89' lang='lat' dir='ltr'><strong>cum</strong></span> <span class='ocrx_word' id='word_1_80' title='bbox 1628 1333 1813 1380; x_wconf 88' lang='lat' dir='ltr'><strong>tamen</strong></span> <span class='ocrx_word' id='word_1_81' title='bbox 1844 1327 2235 1382; x_wconf 86' lang='lat' dir='ltr'><strong>comministris</strong></span> 
     </span>
    </p>
   </div>
   <div class='ocr_carea' id='block_1_15' title="bbox 659 1409 2237 1484">
    <p class='ocr_par' dir='ltr' id='par_1_15' title="bbox 659 1409 2237 1484">
     <span class='ocr_line' id='line_1_15' title="bbox 659 1409 2237 1484; baseline 0.005 -22"><span class='ocrx_word' id='word_1_82' title='bbox 659 1409 753 1478; x_wconf 88' lang='lat' dir='ltr'><strong>qui</strong></span> <span class='ocrx_word' id='word_1_83' title='bbox 780 1409 884 1464; x_wconf 85' lang='lat' dir='ltr'><strong>hoc</strong></span> <span class='ocrx_word' id='word_1_84' title='bbox 911 1413 1030 1466; x_wconf 90' lang='lat' dir='ltr'><strong>ausi</strong></span> <span class='ocrx_word' id='word_1_85' title='bbox 1059 1421 1205 1477; x_wconf 92' lang='lat' dir='ltr'><strong>sunt,</strong></span> <span class='ocrx_word' id='word_1_86' title='bbox 1237 1413 1582 1484; x_wconf 80' lang='lat' dir='ltr'><strong>gravissima,</strong></span> <span class='ocrx_word' id='word_1_87' title='bbox 1620 1425 1677 1468; x_wconf 92' lang='lat' dir='ltr'><strong>ut</strong></span> <span class='ocrx_word' id='word_1_88' title='bbox 1712 1415 1924 1484; x_wconf 80' lang='lat' dir='ltr'><strong>Opinor,</strong></span> <span class='ocrx_word' id='word_1_89' title='bbox 1946 1416 2237 1484; x_wconf 83' lang='lat' dir='ltr'><strong>reprehen-</strong></span> 
     </span>
    </p>
   </div>
   <div class='ocr_carea' id='block_1_16' title="bbox 660 1502 2236 1578">
    <p class='ocr_par' dir='ltr' id='par_1_16' title="bbox 660 1502 2236 1578">
     <span class='ocr_line' id='line_1_16' title="bbox 660 1502 2236 1578; baseline 0.005 -23"><span class='ocrx_word' id='word_1_90' title='bbox 660 1502 836 1557; x_wconf 77' lang='lat' dir='ltr'><strong>sionis</strong></span> <span class='ocrx_word' id='word_1_91' title='bbox 869 1504 1149 1559; x_wconf 83' lang='lat' dir='ltr'><strong>immineat</strong></span> <span class='ocrx_word' id='word_1_92' title='bbox 1188 1506 1442 1572; x_wconf 81' lang='lat' dir='ltr'><strong>infamia;</strong></span> <span class='ocrx_word' id='word_1_93' title='bbox 1490 1524 1555 1563; x_wconf 92' lang='lat' dir='ltr'><strong>eo</strong></span> <span class='ocrx_word' id='word_1_94' title='bbox 1602 1509 1749 1578; x_wconf 83' lang='lat' dir='ltr'><strong>quod</strong></span> <span class='ocrx_word' id='word_1_95' title='bbox 1795 1523 1896 1562; x_wconf 88' lang='lat' dir='ltr'><strong>nec</strong></span> <span class='ocrx_word' id='word_1_96' title='bbox 1929 1509 2236 1577; x_wconf 88' lang='lat' dir='ltr'><strong>apostolica</strong></span> 
     </span>
    </p>
   </div>
   <div class='ocr_carea' id='block_1_17' title="bbox 662 1594 2238 1672">
    <p class='ocr_par' dir='ltr' id='par_1_17' title="bbox 662 1594 2238 1672">
     <span class='ocr_line' id='line_1_17' title="bbox 662 1594 2238 1672; baseline 0.006 -28"><span class='ocrx_word' id='word_1_97' title='bbox 662 1595 846 1662; x_wconf 85' lang='lat' dir='ltr'><strong>regula</strong></span> <span class='ocrx_word' id='word_1_98' title='bbox 902 1594 954 1648; x_wconf 90' lang='lat' dir='ltr'><strong>id</strong></span> <span class='ocrx_word' id='word_1_99' title='bbox 994 1596 1278 1665; x_wconf 87' lang='lat' dir='ltr'><strong>permittit,</strong></span> <span class='ocrx_word' id='word_1_100' title='bbox 1312 1607 1367 1651; x_wconf 85' lang='lat' dir='ltr'><strong>et</strong></span> <span class='ocrx_word' id='word_1_101' title='bbox 1412 1598 1680 1653; x_wconf 87' lang='lat' dir='ltr'><strong>diabolica</strong></span> <span class='ocrx_word' id='word_1_102' title='bbox 1721 1600 1776 1654; x_wconf 91' lang='lat' dir='ltr'><strong>in</strong></span> <span class='ocrx_word' id='word_1_103' title='bbox 1828 1601 1963 1671; x_wconf 86' lang='lat' dir='ltr'><strong>ipsis</strong></span> <span class='ocrx_word' id='word_1_104' title='bbox 1993 1601 2238 1672; x_wconf 85' lang='lat' dir='ltr'><strong>operatio</strong></span> 
     </span>
    </p>
   </div>
   <div class='ocr_carea' id='block_1_18' title="bbox 661 1686 2232 1746">
    <p class='ocr_par' dir='ltr' id='par_1_18' title="bbox 661 1686 2232 1746">
     <span class='ocr_line' id='line_1_18' title="bbox 661 1686 2232 1746; baseline 0.006 -10"><span class='ocrx_word' id='word_1_105' title='bbox 661 1686 924 1740; x_wconf 88' lang='lat' dir='ltr'><strong>adversus</strong></span> <span class='ocrx_word' id='word_1_106' title='bbox 957 1687 1234 1742; x_wconf 82' lang='lat' dir='ltr'><strong>Christum</strong></span> <span class='ocrx_word' id='word_1_107' title='bbox 1287 1689 1389 1743; x_wconf 92' lang='lat' dir='ltr'><strong>boc</strong></span> <span class='ocrx_word' id='word_1_108' title='bbox 1431 1690 1574 1744; x_wconf 89' lang='lat' dir='ltr'><strong>facto</strong></span> <span class='ocrx_word' id='word_1_109' title='bbox 1619 1692 1850 1746; x_wconf 83' lang='lat' dir='ltr'><strong>validius</strong></span> <span class='ocrx_word' id='word_1_110' title='bbox 1899 1692 2232 1746; x_wconf 81' lang='lat' dir='ltr'><strong>accenditur.</strong></span> 
     </span>
    </p>
   </div>
   <div class='ocr_carea' id='block_1_19' title="bbox 659 1774 2233 1846">
    <p class='ocr_par' dir='ltr' id='par_1_19' title="bbox 659 1774 2233 1846">
     <span class='ocr_line' id='line_1_19' title="bbox 659 1774 2233 1846; baseline 0.006 -19"><span class='ocrx_word' id='word_1_111' title='bbox 659 1774 1026 1839; x_wconf 82' lang='lat' dir='ltr'><strong>Quamobrem</strong></span> <span class='ocrx_word' id='word_1_112' title='bbox 1057 1779 1194 1832; x_wconf 91' lang='lat' dir='ltr'><strong>nihil</strong></span> <span class='ocrx_word' id='word_1_113' title='bbox 1228 1789 1516 1834; x_wconf 88' lang='lat' dir='ltr'><strong>cunctatus</strong></span> <span class='ocrx_word' id='word_1_114' title='bbox 1538 1821 1553 1843; x_wconf 97' lang='lat'><strong>,</strong></span> <span class='ocrx_word' id='word_1_115' title='bbox 1602 1781 1812 1837; x_wconf 87' lang='lat' dir='ltr'><strong>.fratres</strong></span> <span class='ocrx_word' id='word_1_116' title='bbox 1854 1782 2233 1846; x_wconf 90' lang='lat' dir='ltr'><strong>dilectissimi,</strong></span> 
     </span>
    </p>
   </div>
   <div class='ocr_carea' id='block_1_20' title="bbox 2336 595 3875 664">
    <p class='ocr_par' dir='ltr' id='par_1_20' title="bbox 2336 595 3875 664">
     <span class='ocr_line' id='line_1_20' title="bbox 2336 595 3875 664; baseline 0.002 -19"><span class='ocrx_word' id='word_1_117' title='bbox 2336 595 2511 661; x_wconf 81' lang='grc' dir='ltr'>λόγοις</span> <span class='ocrx_word' id='word_1_118' title='bbox 2581 597 2674 647; x_wconf 78' lang='grc' dir='ltr'>καὶ</span> <span class='ocrx_word' id='word_1_119' title='bbox 2745 596 3042 664; x_wconf 70' lang='grc' dir='ltr'>ἐγγράφοις</span> <span class='ocrx_word' id='word_1_120' title='bbox 3123 596 3536 658; x_wconf 74' lang='grc' dir='ltr'>ὲπισκιάζοντες</span> <span class='ocrx_word' id='word_1_121' title='bbox 3607 595 3875 648; x_wconf 77' lang='grc' dir='ltr'>ἀπατῶσιν.</span> 
     </span>
    </p>
   </div>
   <div class='ocr_carea' id='block_1_21' title="bbox 2336 685 3880 757">
    <p class='ocr_par' dir='ltr' id='par_1_21' title="bbox 2336 685 3880 757">
     <span class='ocr_line' id='line_1_21' title="bbox 2336 685 3880 757; baseline -0.001 -18"><span class='ocrx_word' id='word_1_122' title='bbox 2336 686 2764 756; x_wconf 79' lang='grc' dir='ltr'>Πειθάνωτέραις</span> <span class='ocrx_word' id='word_1_123' title='bbox 2810 686 2939 751; x_wconf 91' lang='grc' dir='ltr'>γοῦν</span> <span class='ocrx_word' id='word_1_124' title='bbox 2998 689 3091 739; x_wconf 74' lang='grc' dir='ltr'>καὶ</span> <span class='ocrx_word' id='word_1_125' title='bbox 3144 687 3470 757; x_wconf 76' lang='grc' dir='ltr'><strong>βωμολόχοις</strong></span> <span class='ocrx_word' id='word_1_126' title='bbox 3526 685 3759 756; x_wconf 76' lang='grc' dir='ltr'><strong>ὁμιλίαις</strong></span> <span class='ocrx_word' id='word_1_127' title='bbox 3801 688 3880 756; x_wconf 64' lang='grc' dir='ltr'>τήν</span> 
     </span>
    </p>
   </div>
   <div class='ocr_carea' id='block_1_22' title="bbox 2335 776 3882 848">
    <p class='ocr_par' dir='ltr' id='par_1_22' title="bbox 2335 776 3882 848">
     <span class='ocr_line' id='line_1_22' title="bbox 2335 776 3882 848; baseline -0.002 -18"><span class='ocrx_word' id='word_1_128' title='bbox 2335 777 2656 848; x_wconf 74' lang='grc' dir='ltr'>φθοροποιὸν</span> <span class='ocrx_word' id='word_1_129' title='bbox 2695 777 2871 830; x_wconf 82' lang='grc' dir='ltr'>αὐτῶν</span> <span class='ocrx_word' id='word_1_130' title='bbox 2913 776 3254 830; x_wconf 76' lang='grc' dir='ltr'><strong>διδασκαλίαν</strong></span> <span class='ocrx_word' id='word_1_131' title='bbox 3302 777 3754 848; x_wconf 80' lang='grc' dir='ltr'>ὲπικρύπτοντες,</span> <span class='ocrx_word' id='word_1_132' title='bbox 3779 792 3882 827; x_wconf 85' lang='grc' dir='ltr'>συν-</span> 
     </span>
    </p>
   </div>
   <div class='ocr_carea' id='block_1_23' title="bbox 2336 868 3883 940">
    <p class='ocr_par' dir='ltr' id='par_1_23' title="bbox 2336 868 3883 940">
     <span class='ocr_line' id='line_1_23' title="bbox 2336 868 3883 940; baseline -0.001 -19"><span class='ocrx_word' id='word_1_133' title='bbox 2336 869 2670 940; x_wconf 79' lang='grc' dir='ltr'>αρπάζουσιν</span> <span class='ocrx_word' id='word_1_134' title='bbox 2738 868 2827 920; x_wconf 85' lang='grc' dir='ltr'>τὸν</span> <span class='ocrx_word' id='word_1_135' title='bbox 2868 870 2947 931; x_wconf 80' lang='grc' dir='ltr'><strong>είς</strong></span> <span class='ocrx_word' id='word_1_136' title='bbox 2994 870 3209 938; x_wconf 74' lang='grc' dir='ltr'>ἀπάτην</span> <span class='ocrx_word' id='word_1_137' title='bbox 3250 870 3599 938; x_wconf 79' lang='grc' dir='ltr'>ἐκκείμενον,</span> <span class='ocrx_word' id='word_1_138' title='bbox 3660 868 3756 920; x_wconf 82' lang='grc' dir='ltr'><strong>οῦκ</strong></span> <span class='ocrx_word' id='word_1_139' title='bbox 3793 870 3883 920; x_wconf 77' lang='grc' dir='ltr'><strong>ἁπ-</strong></span> 
     </span>
    </p>
   </div>
   <div class='ocr_carea' id='block_1_24' title="bbox 2334 957 3880 1030">
    <p class='ocr_par' dir='ltr' id='par_1_24' title="bbox 2334 957 3880 1030">
     <span class='ocr_line' id='line_1_24' title="bbox 2334 957 3880 1030; baseline -0.001 -20"><span class='ocrx_word' id='word_1_140' title='bbox 2334 960 2580 1028; x_wconf 84' lang='grc' dir='ltr'>εχόμενοι</span> <span class='ocrx_word' id='word_1_141' title='bbox 2623 958 2717 1010; x_wconf 78' lang='grc' dir='ltr'>καὶ</span> <span class='ocrx_word' id='word_1_142' title='bbox 2754 957 2848 1009; x_wconf 87' lang='grc' dir='ltr'><strong>τοῦ</strong></span> <span class='ocrx_word' id='word_1_143' title='bbox 2883 958 3034 1030; x_wconf 85' lang='grc' dir='ltr'>παρὰ</span> <span class='ocrx_word' id='word_1_144' title='bbox 3072 961 3204 1010; x_wconf 84' lang='grc' dir='ltr'>πᾶσι</span> <span class='ocrx_word' id='word_1_145' title='bbox 3236 962 3586 1027; x_wconf 81' lang='grc' dir='ltr'>συκοφαντεῖν</span> <span class='ocrx_word' id='word_1_146' title='bbox 3619 957 3714 1028; x_wconf 81' lang='grc' dir='ltr'>τὴν</span> <span class='ocrx_word' id='word_1_147' title='bbox 3761 960 3880 1026; x_wconf 75' lang='grc' dir='ltr'>ἠμε-</span> 
     </span>
    </p>
   </div>
   <div class='ocr_carea' id='block_1_25' title="bbox 2333 1046 3882 1118">
    <p class='ocr_par' dir='ltr' id='par_1_25' title="bbox 2333 1046 3882 1118">
     <span class='ocr_line' id='line_1_25' title="bbox 2333 1046 3882 1118; baseline -0.001 -18"><span class='ocrx_word' id='word_1_148' title='bbox 2333 1050 2495 1118; x_wconf 85' lang='grc' dir='ltr'>τέραν</span> <span class='ocrx_word' id='word_1_149' title='bbox 2558 1046 2859 1100; x_wconf 75' lang='grc' dir='ltr'>εὐσέϐειαν.</span> <span class='ocrx_word' id='word_1_150' title='bbox 2913 1047 3071 1099; x_wconf 84' lang='grc' dir='ltr'>’Ὸθεν</span> <span class='ocrx_word' id='word_1_151' title='bbox 3123 1046 3220 1099; x_wconf 79' lang='grc' dir='ltr'>καὶ</span> <span class='ocrx_word' id='word_1_152' title='bbox 3272 1047 3556 1116; x_wconf 69' lang='grc' dir='ltr'>συμϐαίνει</span> <span class='ocrx_word' id='word_1_153' title='bbox 3603 1047 3748 1110; x_wconf 76' lang='grc' dir='ltr'>τινὰς</span> <span class='ocrx_word' id='word_1_154' title='bbox 3787 1049 3882 1107; x_wconf 64' lang='lat' dir='ltr'><strong>toi;</strong></span> 
     </span>
    </p>
   </div>
   <div class='ocr_carea' id='block_1_26' title="bbox 2336 1137 3883 1211">
    <p class='ocr_par' dir='ltr' id='par_1_26' title="bbox 2336 1137 3883 1211">
     <span class='ocr_line' id='line_1_26' title="bbox 2336 1137 3883 1211; baseline -0.003 -19"><span class='ocrx_word' id='word_1_155' title='bbox 2336 1141 2656 1211; x_wconf 79' lang='grc' dir='ltr'>γράμμασιν</span> <span class='ocrx_word' id='word_1_156' title='bbox 2712 1138 2892 1193; x_wconf 82' lang='grc' dir='ltr'>αὐτῶν</span> <span class='ocrx_word' id='word_1_157' title='bbox 2940 1138 3384 1208; x_wconf 72' lang='grc' dir='ltr'>ὑπογράφοντας,</span> <span class='ocrx_word' id='word_1_158' title='bbox 3444 1139 3524 1200; x_wconf 88' lang='grc' dir='ltr'>εἰς</span> <span class='ocrx_word' id='word_1_159' title='bbox 3583 1137 3883 1208; x_wconf 73' lang='grc' dir='ltr'>Ἐκκλησία-ι</span> 
     </span>
    </p>
   </div>
   <div class='ocr_carea' id='block_1_27' title="bbox 2334 1223 3883 1300">
    <p class='ocr_par' dir='ltr' id='par_1_27' title="bbox 2334 1223 3883 1300">
     <span class='ocr_line' id='line_1_27' title="bbox 2334 1223 3883 1300; baseline -0.004 -18"><span class='ocrx_word' id='word_1_160' title='bbox 2334 1229 2688 1300; x_wconf 72' lang='grc' dir='ltr'>εἰσδέχεσθαι·</span> <span class='ocrx_word' id='word_1_161' title='bbox 2731 1228 3107 1300; x_wconf 84' lang='grc' dir='ltr'>μεγίστης,ὡς</span> <span class='ocrx_word' id='word_1_162' title='bbox 3144 1223 3586 1297; x_wconf 79' lang='grc' dir='ltr'>οἷμαι,δια6ολῆς</span> <span class='ocrx_word' id='word_1_163' title='bbox 3623 1227 3883 1295; x_wconf 62' lang='grc' dir='ltr'>ἐπικειμέμ</span> 
     </span>
    </p>
   </div>
   <div class='ocr_carea' id='block_1_28' title="bbox 2335 1318 3883 1391">
    <p class='ocr_par' dir='ltr' id='par_1_28' title="bbox 2335 1318 3883 1391">
     <span class='ocr_line' id='line_1_28' title="bbox 2335 1318 3883 1391; baseline -0.003 -17"><span class='ocrx_word' id='word_1_164' title='bbox 2335 1339 2432 1391; x_wconf 87' lang='grc' dir='ltr'><strong>νης</strong></span> <span class='ocrx_word' id='word_1_165' title='bbox 2473 1324 2586 1385; x_wconf 78' lang='grc' dir='ltr'>τοῖς</span> <span class='ocrx_word' id='word_1_166' title='bbox 2633 1321 2790 1374; x_wconf 87' lang='grc' dir='ltr'>τοῦτο</span> <span class='ocrx_word' id='word_1_167' title='bbox 2835 1319 3074 1389; x_wconf 83' lang='grc' dir='ltr'>τολμῶσι</span> <span class='ocrx_word' id='word_1_168' title='bbox 3121 1318 3582 1389; x_wconf 78' lang='grc' dir='ltr'>συλλειτουργοίς,</span> <span class='ocrx_word' id='word_1_169' title='bbox 3643 1319 3720 1388; x_wconf 81' lang='grc' dir='ltr'>τῷ</span> <span class='ocrx_word' id='word_1_170' title='bbox 3767 1322 3883 1388; x_wconf 77' lang='grc' dir='ltr'>μήτε</span> 
     </span>
    </p>
   </div>
   <div class='ocr_carea' id='block_1_29' title="bbox 2334 1409 3884 1478">
    <p class='ocr_par' dir='ltr' id='par_1_29' title="bbox 2334 1409 3884 1478">
     <span class='ocr_line' id='line_1_29' title="bbox 2334 1409 3884 1478; baseline -0.003 -12"><span class='ocrx_word' id='word_1_171' title='bbox 2334 1413 2425 1466; x_wconf 85' lang='grc' dir='ltr'>τὸν</span> <span class='ocrx_word' id='word_1_172' title='bbox 2463 1413 2818 1468; x_wconf 77' lang='grc' dir='ltr'>ἀποστολικὸν</span> <span class='ocrx_word' id='word_1_173' title='bbox 2861 1413 3062 1465; x_wconf 83' lang='grc' dir='ltr'>κανόνα</span> <span class='ocrx_word' id='word_1_174' title='bbox 3102 1409 3258 1464; x_wconf 85' lang='grc' dir='ltr'>τοῦτο</span> <span class='ocrx_word' id='word_1_175' title='bbox 3296 1411 3619 1478; x_wconf 81' lang='grc' dir='ltr'>συγχωρεῖν,</span> <span class='ocrx_word' id='word_1_176' title='bbox 3649 1409 3779 1462; x_wconf 78' lang='grc' dir='ltr'>ἀλλὰ</span> <span class='ocrx_word' id='word_1_177' title='bbox 3807 1410 3884 1461; x_wconf 70' lang='grc' dir='ltr'>καὶ</span> 
     </span>
    </p>
   </div>
   <div class='ocr_carea' id='block_1_30' title="bbox 2337 1497 3883 1574">
    <p class='ocr_par' dir='ltr' id='par_1_30' title="bbox 2337 1497 3883 1574">
     <span class='ocr_line' id='line_1_30' title="bbox 2337 1497 3883 1574; baseline -0.005 -16"><span class='ocrx_word' id='word_1_178' title='bbox 2337 1505 2653 1558; x_wconf 82' lang='grc' dir='ltr'>ὑπεκκαίειν</span> <span class='ocrx_word' id='word_1_179' title='bbox 2681 1504 2777 1574; x_wconf 86' lang='grc' dir='ltr'><strong>τὴν</strong></span> <span class='ocrx_word' id='word_1_180' title='bbox 2815 1503 2902 1555; x_wconf 78' lang='grc' dir='ltr'><strong>ἐπ’</strong></span> <span class='ocrx_word' id='word_1_181' title='bbox 2936 1503 3118 1565; x_wconf 86' lang='grc' dir='ltr'>αὐτοῖς</span> <span class='ocrx_word' id='word_1_182' title='bbox 3157 1499 3463 1569; x_wconf 75' lang='grc' dir='ltr'>διαϐολικὴν</span> <span class='ocrx_word' id='word_1_183' title='bbox 3505 1500 3650 1551; x_wconf 73' lang='grc' dir='ltr'>κατὰ</span> <span class='ocrx_word' id='word_1_184' title='bbox 3673 1497 3883 1568; x_wconf 75' lang='grc' dir='ltr'>Χριστοῦ</span> 
     </span>
    </p>
   </div>
   <div class='ocr_carea' id='block_1_31' title="bbox 2336 1590 3884 1667">
    <p class='ocr_par' dir='ltr' id='par_1_31' title="bbox 2336 1590 3884 1667">
     <span class='ocr_line' id='line_1_31' title="bbox 2336 1590 3884 1667; baseline -0.007 -17"><span class='ocrx_word' id='word_1_185' title='bbox 2336 1597 2632 1667; x_wconf 67' lang='grc' dir='ltr'>ἐνεργειαν.</span> <span class='ocrx_word' id='word_1_186' title='bbox 2683 1595 2775 1647; x_wconf 84' lang='grc' dir='ltr'>Διδ</span> <span class='ocrx_word' id='word_1_187' title='bbox 2819 1594 2883 1663; x_wconf 82' lang='grc' dir='ltr'>δὴ</span> <span class='ocrx_word' id='word_1_188' title='bbox 2930 1595 3023 1646; x_wconf 82' lang='grc' dir='ltr'>καὶ</span> <span class='ocrx_word' id='word_1_189' title='bbox 3072 1593 3222 1645; x_wconf 70' lang='grc' dir='ltr'>οὐδὲν</span> <span class='ocrx_word' id='word_1_190' title='bbox 3267 1590 3567 1661; x_wconf 79' lang='grc' dir='ltr'>μελλήσας,</span> <span class='ocrx_word' id='word_1_191' title='bbox 3615 1590 3884 1658; x_wconf 72' lang='grc' dir='ltr'>ἀγαπητοὶ,</span> 
     </span>
    </p>
   </div>
   <div class='ocr_carea' id='block_1_32' title="bbox 2335 1681 3886 1759">
    <p class='ocr_par' dir='ltr' id='par_1_32' title="bbox 2335 1681 3886 1759">
     <span class='ocr_line' id='line_1_32' title="bbox 2335 1681 3886 1759; baseline -0.006 -19"><span class='ocrx_word' id='word_1_192' title='bbox 2335 1687 2572 1759; x_wconf 82' lang='grc' dir='ltr'>δηλῶσαι</span> <span class='ocrx_word' id='word_1_193' title='bbox 2617 1689 2745 1757; x_wconf 83' lang='grc' dir='ltr'>ύμῖν</span> <span class='ocrx_word' id='word_1_194' title='bbox 2786 1690 2886 1757; x_wconf 75' lang='grc' dir='ltr'>τὴν</span> <span class='ocrx_word' id='word_1_195' title='bbox 2926 1687 3035 1739; x_wconf 84' lang='grc' dir='ltr'>τῶν</span> <span class='ocrx_word' id='word_1_196' title='bbox 3082 1684 3336 1736; x_wconf 80' lang='grc' dir='ltr'>τοιούτων</span> <span class='ocrx_word' id='word_1_197' title='bbox 3371 1681 3628 1735; x_wconf 82' lang='grc' dir='ltr'>ἀπιστίαν</span> <span class='ocrx_word' id='word_1_198' title='bbox 3676 1681 3886 1749; x_wconf 66' lang='grc' dir='ltr'>ἐμαυτὸν</span> 
     </span>
    </p>
   </div>
   <div class='ocr_carea' id='block_1_33' title="bbox 2337 1767 3887 1846">
    <p class='ocr_par' dir='ltr' id='par_1_33' title="bbox 2337 1767 3887 1846">
     <span class='ocr_line' id='line_1_33' title="bbox 2337 1767 3887 1846; baseline -0.005 -17"><span class='ocrx_word' id='word_1_199' title='bbox 2337 1777 2679 1846; x_wconf 85' lang='grc' dir='ltr'>διανέστησα,</span> <span class='ocrx_word' id='word_1_200' title='bbox 2720 1778 2983 1845; x_wconf 84' lang='grc' dir='ltr'>λεγόντων</span> <span class='ocrx_word' id='word_1_201' title='bbox 3013 1777 3095 1829; x_wconf 84' lang='grc' dir='ltr'>ὅτι</span> <span class='ocrx_word' id='word_1_202' title='bbox 3121 1771 3190 1845; x_wconf 79' lang='grc' dir='ltr'>ἦν</span> <span class='ocrx_word' id='word_1_203' title='bbox 3218 1791 3348 1826; x_wconf 87' lang='grc' dir='ltr'>ποτε</span> <span class='ocrx_word' id='word_1_204' title='bbox 3378 1773 3465 1824; x_wconf 89' lang='grc' dir='ltr'><strong>δτε</strong></span> <span class='ocrx_word' id='word_1_205' title='bbox 3494 1772 3595 1824; x_wconf 72' lang='grc' dir='ltr'>οὐκ</span> <span class='ocrx_word' id='word_1_206' title='bbox 3631 1767 3698 1840; x_wconf 77' lang='grc' dir='ltr'>ἦν</span> <span class='ocrx_word' id='word_1_207' title='bbox 3728 1774 3755 1823; x_wconf 82' lang='grc' dir='ltr'><strong>δ</strong></span> <span class='ocrx_word' id='word_1_208' title='bbox 3779 1771 3887 1833; x_wconf 71' lang='grc' dir='ltr'>Υἱὸς</span> 
     </span>
    </p>
   </div>
   <div class='ocr_carea' id='block_1_34' title="bbox 661 1865 2228 1942">
    <p class='ocr_par' dir='ltr' id='par_1_34' title="bbox 661 1868 2228 1942">
     <span class='ocr_line' id='line_1_34' title="bbox 661 1868 2228 1942; baseline 0.005 -23"><span class='ocrx_word' id='word_1_209' title='bbox 661 1869 901 1920; x_wconf 90' lang='lat' dir='ltr'><strong>animum</strong></span> <span class='ocrx_word' id='word_1_210' title='bbox 937 1882 1000 1922; x_wconf 90' lang='lat' dir='ltr'><strong>ac</strong></span> <span class='ocrx_word' id='word_1_211' title='bbox 1044 1868 1298 1924; x_wconf 78' lang='lat' dir='ltr'><strong>ﬁduciam</strong></span> <span class='ocrx_word' id='word_1_212' title='bbox 1348 1873 1578 1941; x_wconf 88' lang='lat' dir='ltr'><strong>sumpsi,</strong></span> <span class='ocrx_word' id='word_1_213' title='bbox 1613 1879 1670 1925; x_wconf 93' lang='lat' dir='ltr'><strong>ut</strong></span> <span class='ocrx_word' id='word_1_214' title='bbox 1703 1873 1980 1942; x_wconf 83' lang='lat' dir='ltr'><strong>perfidiam</strong></span> <span class='ocrx_word' id='word_1_215' title='bbox 2005 1875 2228 1928; x_wconf 91' lang='lat' dir='ltr'><strong>istorum</strong></span> 
     </span>
    </p>
   </div>
   <div class='ocr_carea' id='block_1_35' title="bbox 2330 1865 3890 1942">
    <p class='ocr_par' dir='ltr' id='par_1_35' title="bbox 2336 1865 3890 1938">
     <span class='ocr_line' id='line_1_35' title="bbox 2336 1865 3890 1938; baseline -0.005 -14"><span class='ocrx_word' id='word_1_216' title='bbox 2336 1870 2428 1924; x_wconf 86' lang='grc' dir='ltr'><strong>τοῦ</strong></span> <span class='ocrx_word' id='word_1_217' title='bbox 2455 1870 2613 1932; x_wconf 84' lang='grc' dir='ltr'>Θεοῦ,</span> <span class='ocrx_word' id='word_1_218' title='bbox 2645 1872 2739 1924; x_wconf 75' lang='grc' dir='ltr'>καὶ</span> <span class='ocrx_word' id='word_1_219' title='bbox 2764 1870 2982 1938; x_wconf 88' lang='grc' dir='ltr'>γέγονεν</span> <span class='ocrx_word' id='word_1_220' title='bbox 3013 1869 3237 1937; x_wconf 75' lang='grc' dir='ltr'>ὓστερον</span> <span class='ocrx_word' id='word_1_221' title='bbox 3271 1869 3298 1919; x_wconf 87' lang='grc' dir='ltr'><strong>ό</strong></span> <span class='ocrx_word' id='word_1_222' title='bbox 3326 1867 3589 1936; x_wconf 84' lang='grc' dir='ltr'>πρότερον</span> <span class='ocrx_word' id='word_1_223' title='bbox 3624 1865 3699 1934; x_wconf 81' lang='grc' dir='ltr'>μὴ</span> <span class='ocrx_word' id='word_1_224' title='bbox 3735 1865 3890 1933; x_wconf 73' lang='grc' dir='ltr'>ὑπάρ-</span> 
     </span>
    </p>
   </div>
   <div class='ocr_carea' id='block_1_36' title="bbox 660 1955 2226 2032">
    <p class='ocr_par' dir='ltr' id='par_1_36' title="bbox 660 1955 2226 2032">
     <span class='ocr_line' id='line_1_36' title="bbox 660 1955 2226 2032; baseline 0.004 -22"><span class='ocrx_word' id='word_1_225' title='bbox 660 1956 816 2010; x_wconf 84' lang='lat' dir='ltr'><strong>vobis</strong></span> <span class='ocrx_word' id='word_1_226' title='bbox 841 1955 1138 2011; x_wconf 88' lang='lat' dir='ltr'><strong>indicarem</strong></span> <span class='ocrx_word' id='word_1_227' title='bbox 1180 1960 1273 2029; x_wconf 88' lang='lat' dir='ltr'><strong>qui</strong></span> <span class='ocrx_word' id='word_1_228' title='bbox 1310 1960 1500 2014; x_wconf 83' lang='lat' dir='ltr'><strong>dicunt</strong></span> <span class='ocrx_word' id='word_1_229' title='bbox 1534 1981 1546 2015; x_wconf 92' lang='lat'><strong>:</strong></span> <span class='ocrx_word' id='word_1_230' title='bbox 1586 1962 1686 2014; x_wconf 87' lang='lat' dir='ltr'><strong>fuit</strong></span> <span class='ocrx_word' id='word_1_231' title='bbox 1716 1971 1927 2032; x_wconf 85' lang='lat' dir='ltr'><strong>tempus</strong></span> <span class='ocrx_word' id='word_1_232' title='bbox 1958 1980 2081 2017; x_wconf 91' lang='lat' dir='ltr'><strong>cum</strong></span> <span class='ocrx_word' id='word_1_233' title='bbox 2118 1981 2226 2018; x_wconf 88' lang='lat' dir='ltr'><strong>non</strong></span> 
     </span>
    </p>
   </div>
   <div class='ocr_carea' id='block_1_37' title="bbox 657 2043 2232 2121">
    <p class='ocr_par' dir='ltr' id='par_1_37' title="bbox 657 2043 2232 2121">
     <span class='ocr_line' id='line_1_37' title="bbox 657 2043 2232 2121; baseline 0.003 -21"><span class='ocrx_word' id='word_1_234' title='bbox 657 2054 806 2100; x_wconf 84' lang='lat' dir='ltr'><strong>esset</strong></span> <span class='ocrx_word' id='word_1_235' title='bbox 835 2043 1006 2102; x_wconf 73' lang='lat' dir='ltr'><strong>Filius</strong></span> <span class='ocrx_word' id='word_1_236' title='bbox 1038 2045 1166 2113; x_wconf 86' lang='lat' dir='ltr'><strong>Dei;</strong></span> <span class='ocrx_word' id='word_1_237' title='bbox 1206 2056 1260 2102; x_wconf 91' lang='lat' dir='ltr'><strong>et</strong></span> <span class='ocrx_word' id='word_1_238' title='bbox 1295 2051 1386 2119; x_wconf 94' lang='lat' dir='ltr'><strong>qui</strong></span> <span class='ocrx_word' id='word_1_239' title='bbox 1415 2051 1568 2120; x_wconf 91' lang='lat' dir='ltr'><strong>prius</strong></span> <span class='ocrx_word' id='word_1_240' title='bbox 1599 2066 1708 2104; x_wconf 89' lang='lat' dir='ltr'><strong>non</strong></span> <span class='ocrx_word' id='word_1_241' title='bbox 1752 2059 1890 2115; x_wconf 83' lang='lat' dir='ltr'><strong>erat,</strong></span> <span class='ocrx_word' id='word_1_242' title='bbox 1933 2060 2119 2121; x_wconf 88' lang='lat' dir='ltr'><strong>postea</strong></span> <span class='ocrx_word' id='word_1_243' title='bbox 2145 2068 2232 2105; x_wconf 78' lang='lat' dir='ltr'><strong>ex-</strong></span> 
     </span>
    </p>
   </div>
   <div class='ocr_carea' id='block_1_38' title="bbox 659 2138 2231 2213">
    <p class='ocr_par' dir='ltr' id='par_1_38' title="bbox 659 2138 2231 2213">
     <span class='ocr_line' id='line_1_38' title="bbox 659 2138 2231 2213; baseline 0.006 -24"><span class='ocrx_word' id='word_1_244' title='bbox 659 2138 840 2204; x_wconf 89' lang='lat' dir='ltr'><strong>stitit;</strong></span> <span class='ocrx_word' id='word_1_245' title='bbox 889 2138 1014 2194; x_wconf 88' lang='lat' dir='ltr'><strong>talis</strong></span> <span class='ocrx_word' id='word_1_246' title='bbox 1056 2140 1273 2202; x_wconf 76' lang='lat' dir='ltr'><strong>factus,</strong></span> <span class='ocrx_word' id='word_1_247' title='bbox 1321 2143 1754 2213; x_wconf 85' lang='lat' dir='ltr'><strong>quandocunque</strong></span> <span class='ocrx_word' id='word_1_248' title='bbox 1787 2143 2004 2198; x_wconf 90' lang='lat' dir='ltr'><strong>demum</strong></span> <span class='ocrx_word' id='word_1_249' title='bbox 2056 2144 2231 2199; x_wconf 90' lang='lat' dir='ltr'><strong>factus</strong></span> 
     </span>
    </p>
   </div>
   <div class='ocr_carea' id='block_1_39' title="bbox 660 2230 2231 2300">
    <p class='ocr_par' dir='ltr' id='par_1_39' title="bbox 660 2230 2231 2300">
     <span class='ocr_line' id='line_1_39' title="bbox 660 2230 2231 2300; baseline 0.004 -17"><span class='ocrx_word' id='word_1_250' title='bbox 660 2237 783 2293; x_wconf 83' lang='lat' dir='ltr'><strong>est,</strong></span> <span class='ocrx_word' id='word_1_251' title='bbox 815 2230 994 2298; x_wconf 86' lang='lat' dir='ltr'><strong>qualis</strong></span> <span class='ocrx_word' id='word_1_252' title='bbox 1046 2232 1274 2300; x_wconf 84' lang='lat' dir='ltr'><strong>quilibet</strong></span> <span class='ocrx_word' id='word_1_253' title='bbox 1312 2232 1594 2286; x_wconf 88' lang='lat' dir='ltr'><strong>hominum</strong></span> <span class='ocrx_word' id='word_1_254' title='bbox 1641 2235 1793 2288; x_wconf 87' lang='lat' dir='ltr'><strong>nasci</strong></span> <span class='ocrx_word' id='word_1_255' title='bbox 1832 2235 1988 2289; x_wconf 88' lang='lat' dir='ltr'><strong>solet.</strong></span> <span class='ocrx_word' id='word_1_256' title='bbox 2037 2235 2231 2290; x_wconf 89' lang='lat' dir='ltr'><strong>Omnia</strong></span> 
     </span>
    </p>
   </div>
   <div class='ocr_carea' id='block_1_40' title="bbox 660 2321 2233 2391">
    <p class='ocr_par' dir='ltr' id='par_1_40' title="bbox 660 2321 2233 2391">
     <span class='ocr_line' id='line_1_40' title="bbox 660 2321 2233 2391; baseline 0.003 -15"><span class='ocrx_word' id='word_1_257' title='bbox 660 2321 829 2384; x_wconf 86' lang='lat' dir='ltr'><strong>enim,</strong></span> <span class='ocrx_word' id='word_1_258' title='bbox 858 2329 917 2374; x_wconf 95' lang='lat' dir='ltr'><strong>ut</strong></span> <span class='ocrx_word' id='word_1_259' title='bbox 943 2322 1116 2385; x_wconf 87' lang='lat' dir='ltr'><strong>aiunt,</strong></span> <span class='ocrx_word' id='word_1_260' title='bbox 1152 2321 1293 2378; x_wconf 88' lang='lat' dir='ltr'><strong>Deus</strong></span> <span class='ocrx_word' id='word_1_261' title='bbox 1338 2321 1469 2378; x_wconf 86' lang='lat' dir='ltr'><strong>fecit</strong></span> <span class='ocrx_word' id='word_1_262' title='bbox 1506 2339 1573 2379; x_wconf 81' lang='lat' dir='ltr'><strong>ex</strong></span> <span class='ocrx_word' id='word_1_263' title='bbox 1613 2325 1815 2391; x_wconf 92' lang='lat' dir='ltr'><strong>nihilo;</strong></span> <span class='ocrx_word' id='word_1_264' title='bbox 1874 2329 1929 2380; x_wconf 91' lang='lat' dir='ltr'><strong>in</strong></span> <span class='ocrx_word' id='word_1_265' title='bbox 1958 2327 2233 2382; x_wconf 86' lang='lat' dir='ltr'><strong>creatione</strong></span> 
     </span>
    </p>
   </div>
   <div class='ocr_carea' id='block_1_41' title="bbox 655 2411 2230 2485">
    <p class='ocr_par' dir='ltr' id='par_1_41' title="bbox 655 2411 2230 2485">
     <span class='ocr_line' id='line_1_41' title="bbox 655 2411 2230 2485; baseline 0.006 -23"><span class='ocrx_word' id='word_1_266' title='bbox 655 2411 903 2464; x_wconf 87' lang='lat' dir='ltr'><strong>omnium</strong></span> <span class='ocrx_word' id='word_1_267' title='bbox 939 2427 1142 2476; x_wconf 91' lang='lat' dir='ltr'><strong>rerum,</strong></span> <span class='ocrx_word' id='word_1_268' title='bbox 1175 2422 1284 2466; x_wconf 90' lang='lat' dir='ltr'><strong>tam</strong></span> <span class='ocrx_word' id='word_1_269' title='bbox 1321 2415 1664 2470; x_wconf 82' lang='lat' dir='ltr'><strong>rationalium</strong></span> <span class='ocrx_word' id='word_1_270' title='bbox 1706 2431 1868 2485; x_wconf 89' lang='lat' dir='ltr'><strong>quam</strong></span> <span class='ocrx_word' id='word_1_271' title='bbox 1899 2419 2108 2471; x_wconf 87' lang='lat' dir='ltr'><strong>ratione</strong></span> <span class='ocrx_word' id='word_1_272' title='bbox 2137 2432 2230 2471; x_wconf 87' lang='lat' dir='ltr'><strong>ca-</strong></span> 
     </span>
    </p>
   </div>
   <div class='ocr_carea' id='block_1_42' title="bbox 656 2503 2230 2576">
    <p class='ocr_par' dir='ltr' id='par_1_42' title="bbox 656 2503 2230 2576">
     <span class='ocr_line' id='line_1_42' title="bbox 656 2503 2230 2576; baseline 0.006 -23"><span class='ocrx_word' id='word_1_273' title='bbox 656 2503 919 2567; x_wconf 69' lang='lat' dir='ltr'><strong>rentium,</strong></span> <span class='ocrx_word' id='word_1_274' title='bbox 945 2504 1109 2559; x_wconf 84' lang='lat' dir='ltr'><strong>etiam</strong></span> <span class='ocrx_word' id='word_1_275' title='bbox 1132 2503 1326 2558; x_wconf 81' lang='lat' dir='ltr'><strong>Filium</strong></span> <span class='ocrx_word' id='word_1_276' title='bbox 1350 2505 1439 2560; x_wconf 79' lang='lat' dir='ltr'><strong>Dei</strong></span> <span class='ocrx_word' id='word_1_277' title='bbox 1457 2507 1992 2576; x_wconf 71' lang='lat' dir='ltr'><strong>comprehendet-tes.</strong></span> <span class='ocrx_word' id='word_1_278' title='bbox 2021 2508 2230 2572; x_wconf 85' lang='lat' dir='ltr'><strong>Quibus</strong></span> 
     </span>
    </p>
   </div>
   <div class='ocr_carea' id='block_1_43' title="bbox 661 2595 2228 2673">
    <p class='ocr_par' dir='ltr' id='par_1_43' title="bbox 661 2595 2228 2673">
     <span class='ocr_line' id='line_1_43' title="bbox 661 2595 2228 2673; baseline 0.003 -26"><span class='ocrx_word' id='word_1_279' title='bbox 661 2595 826 2648; x_wconf 88' lang='lat' dir='ltr'><strong>etiam</strong></span> <span class='ocrx_word' id='word_1_280' title='bbox 849 2604 1246 2673; x_wconf 84' lang='lat' dir='ltr'><strong>consequenter</strong></span> <span class='ocrx_word' id='word_1_281' title='bbox 1277 2597 1503 2660; x_wconf 90' lang='lat' dir='ltr'><strong>addunt,</strong></span> <span class='ocrx_word' id='word_1_282' title='bbox 1527 2613 1650 2652; x_wconf 91' lang='lat' dir='ltr'><strong>eum</strong></span> <span class='ocrx_word' id='word_1_283' title='bbox 1678 2599 1956 2653; x_wconf 87' lang='lat' dir='ltr'><strong>mutabilis</strong></span> <span class='ocrx_word' id='word_1_284' title='bbox 1982 2613 2103 2652; x_wconf 83' lang='lat' dir='ltr'><strong>esse</strong></span> <span class='ocrx_word' id='word_1_285' title='bbox 2127 2614 2228 2652; x_wconf 86' lang='lat' dir='ltr'><strong>na-</strong></span> 
     </span>
    </p>
   </div>
   <div class='ocr_carea' id='block_1_44' title="bbox 661 2687 2231 2759">
    <p class='ocr_par' dir='ltr' id='par_1_44' title="bbox 661 2687 2231 2759">
     <span class='ocr_line' id='line_1_44' title="bbox 661 2687 2231 2759; baseline 0.004 -21"><span class='ocrx_word' id='word_1_286' title='bbox 661 2693 819 2748; x_wconf 69' lang='lat' dir='ltr'><strong>turae,</strong></span> <span class='ocrx_word' id='word_1_287' title='bbox 847 2687 1172 2757; x_wconf 81' lang='lat' dir='ltr'><strong>virtutisque</strong></span> <span class='ocrx_word' id='word_1_288' title='bbox 1200 2702 1263 2741; x_wconf 91' lang='lat' dir='ltr'><strong>ac</strong></span> <span class='ocrx_word' id='word_1_289' title='bbox 1286 2687 1401 2740; x_wconf 80' lang='lat' dir='ltr'><strong>vitii</strong></span> <span class='ocrx_word' id='word_1_290' title='bbox 1437 2702 1712 2757; x_wconf 81' lang='lat' dir='ltr'><strong>capacem.</strong></span> <span class='ocrx_word' id='word_1_291' title='bbox 1746 2689 2035 2759; x_wconf 74' lang='lat' dir='ltr'><strong>Positoque</strong></span> <span class='ocrx_word' id='word_1_292' title='bbox 2062 2691 2231 2744; x_wconf 88' lang='lat' dir='ltr'><strong>semel</strong></span> 
     </span>
    </p>
   </div>
   <div class='ocr_carea' id='block_1_45' title="bbox 660 2777 2234 2847">
    <p class='ocr_par' dir='ltr' id='par_1_45' title="bbox 660 2777 2234 2847">
     <span class='ocr_line' id='line_1_45' title="bbox 660 2777 2234 2847; baseline 0.004 -17"><span class='ocrx_word' id='word_1_293' title='bbox 660 2777 766 2831; x_wconf 86' lang='lat' dir='ltr'><strong>hac</strong></span> <span class='ocrx_word' id='word_1_294' title='bbox 790 2780 1056 2834; x_wconf 88' lang='lat' dir='ltr'><strong>sententia</strong></span> <span class='ocrx_word' id='word_1_295' title='bbox 1082 2822 1097 2846; x_wconf 90' lang='lat'><strong>,</strong></span> <span class='ocrx_word' id='word_1_296' title='bbox 1136 2777 1332 2838; x_wconf 78' lang='lat' dir='ltr'><strong>Filium</strong></span> <span class='ocrx_word' id='word_1_297' title='bbox 1374 2779 1464 2835; x_wconf 90' lang='lat' dir='ltr'><strong>Dei</strong></span> <span class='ocrx_word' id='word_1_298' title='bbox 1494 2797 1559 2835; x_wconf 82' lang='lat' dir='ltr'><strong>ea:</strong></span> <span class='ocrx_word' id='word_1_299' title='bbox 1597 2783 1764 2835; x_wconf 79' lang='lat' dir='ltr'><strong>nihilo</strong></span> <span class='ocrx_word' id='word_1_300' title='bbox 1803 2798 1923 2836; x_wconf 90' lang='lat' dir='ltr'><strong>esse</strong></span> <span class='ocrx_word' id='word_1_301' title='bbox 1949 2823 1962 2847; x_wconf 96' lang='lat'><strong>,</strong></span> <span class='ocrx_word' id='word_1_302' title='bbox 2023 2784 2234 2838; x_wconf 87' lang='lat' dir='ltr'><strong>divinas</strong></span> 
     </span>
    </p>
   </div>
   <div class='ocr_carea' id='block_1_46' title="bbox 2332 1949 3889 2031">
    <p class='ocr_par' dir='ltr' id='par_1_46' title="bbox 2332 1949 3889 2031">
     <span class='ocr_line' id='line_1_46' title="bbox 2332 1949 3889 2031; baseline -0.004 -17"><span class='ocrx_word' id='word_1_303' title='bbox 2332 1981 2464 2031; x_wconf 88' lang='grc' dir='ltr'>χων,</span> <span class='ocrx_word' id='word_1_304' title='bbox 2505 1962 2742 2025; x_wconf 88' lang='grc' dir='ltr'>τοιοῦτος</span> <span class='ocrx_word' id='word_1_305' title='bbox 2782 1961 3069 2030; x_wconf 71' lang='grc' dir='ltr'>γενόμενος</span> <span class='ocrx_word' id='word_1_306' title='bbox 3109 1961 3196 2012; x_wconf 77' lang='grc' dir='ltr'>ᾶτε</span> <span class='ocrx_word' id='word_1_307' title='bbox 3229 1959 3320 2012; x_wconf 84' lang='grc' dir='ltr'><strong>καί</strong></span> <span class='ocrx_word' id='word_1_308' title='bbox 3361 1974 3485 2010; x_wconf 88' lang='grc' dir='ltr'>ποτε</span> <span class='ocrx_word' id='word_1_309' title='bbox 3519 1957 3761 2024; x_wconf 80' lang='grc' dir='ltr'>γέγονεν,</span> <span class='ocrx_word' id='word_1_310' title='bbox 3793 1949 3889 2017; x_wconf 77' lang='grc' dir='ltr'>οἷος</span> 
     </span>
    </p>
   </div>
   <div class='ocr_carea' id='block_1_47' title="bbox 2335 2049 3887 2122">
    <p class='ocr_par' dir='ltr' id='par_1_47' title="bbox 2335 2049 3887 2122">
     <span class='ocr_line' id='line_1_47' title="bbox 2335 2049 3887 2122; baseline -0.006 -16"><span class='ocrx_word' id='word_1_311' title='bbox 2335 2055 2426 2106; x_wconf 79' lang='grc' dir='ltr'>καὶ</span> <span class='ocrx_word' id='word_1_312' title='bbox 2455 2056 2561 2116; x_wconf 81' lang='grc' dir='ltr'>πᾶς</span> <span class='ocrx_word' id='word_1_313' title='bbox 2586 2050 2724 2105; x_wconf 69' lang='grc' dir='ltr'>εἶναι</span> <span class='ocrx_word' id='word_1_314' title='bbox 2752 2053 2988 2120; x_wconf 72' lang='grc' dir='ltr'>πέφυκεν</span> <span class='ocrx_word' id='word_1_315' title='bbox 3015 2051 3313 2122; x_wconf 77' lang='grc' dir='ltr'>ἄνθρωπος.</span> <span class='ocrx_word' id='word_1_316' title='bbox 3343 2049 3523 2102; x_wconf 83' lang='grc' dir='ltr'>Πάντα</span> <span class='ocrx_word' id='word_1_317' title='bbox 3549 2050 3682 2119; x_wconf 73' lang='grc' dir='ltr'>γὰρ,</span> <span class='ocrx_word' id='word_1_318' title='bbox 3721 2049 3887 2116; x_wconf 61' lang='grc' dir='ltr'>φασιν,</span> 
     </span>
    </p>
   </div>
   <div class='ocr_carea' id='block_1_48' title="bbox 2333 2143 3888 2218">
    <p class='ocr_par' dir='ltr' id='par_1_48' title="bbox 2333 2143 3888 2218">
     <span class='ocr_line' id='line_1_48' title="bbox 2333 2143 3888 2218; baseline -0.002 -22"><span class='ocrx_word' id='word_1_319' title='bbox 2333 2145 2362 2196; x_wconf 86' lang='grc' dir='ltr'>ὁ</span> <span class='ocrx_word' id='word_1_320' title='bbox 2381 2145 2511 2207; x_wconf 79' lang='grc' dir='ltr'>Θεὸς</span> <span class='ocrx_word' id='word_1_321' title='bbox 2542 2145 2600 2210; x_wconf 79' lang='grc' dir='ltr'>ἐξ</span> <span class='ocrx_word' id='word_1_322' title='bbox 2626 2147 2726 2197; x_wconf 78' lang='grc' dir='ltr'>οὐκ</span> <span class='ocrx_word' id='word_1_323' title='bbox 2755 2144 2921 2196; x_wconf 78' lang='grc' dir='ltr'>ὄντων</span> <span class='ocrx_word' id='word_1_324' title='bbox 2948 2143 3166 2212; x_wconf 75' lang='grc' dir='ltr'>ἐποίησε</span> <span class='ocrx_word' id='word_1_325' title='bbox 3183 2183 3197 2206; x_wconf 91' lang='grc'><strong>,</strong></span> <span class='ocrx_word' id='word_1_326' title='bbox 3246 2143 3811 2218; x_wconf 78' lang='grc' dir='ltr'>συναναλαμὸἀνοντες</span> <span class='ocrx_word' id='word_1_327' title='bbox 3832 2144 3888 2210; x_wconf 75' lang='grc' dir='ltr'><strong>τῇ</strong></span> 
     </span>
    </p>
   </div>
   <div class='ocr_carea' id='block_1_49' title="bbox 2335 2233 3893 2303">
    <p class='ocr_par' dir='ltr' id='par_1_49' title="bbox 2335 2233 3893 2303">
     <span class='ocr_line' id='line_1_49' title="bbox 2335 2233 3893 2303; baseline -0.002 -16"><span class='ocrx_word' id='word_1_328' title='bbox 2335 2235 2443 2287; x_wconf 85' lang='grc' dir='ltr'>τῶν</span> <span class='ocrx_word' id='word_1_329' title='bbox 2476 2235 2730 2288; x_wconf 83' lang='grc' dir='ltr'>ἁπάντων</span> <span class='ocrx_word' id='word_1_330' title='bbox 2766 2235 2997 2303; x_wconf 78' lang='grc' dir='ltr'>λογικῶν</span> <span class='ocrx_word' id='word_1_331' title='bbox 3025 2251 3082 2287; x_wconf 84' lang='grc' dir='ltr'><strong>τε</strong></span> <span class='ocrx_word' id='word_1_332' title='bbox 3115 2235 3209 2287; x_wconf 75' lang='grc' dir='ltr'>καὶ</span> <span class='ocrx_word' id='word_1_333' title='bbox 3237 2233 3443 2301; x_wconf 83' lang='grc' dir='ltr'>ἀλόγων</span> <span class='ocrx_word' id='word_1_334' title='bbox 3479 2233 3656 2286; x_wconf 82' lang='grc' dir='ltr'>κτίσει</span> <span class='ocrx_word' id='word_1_335' title='bbox 3694 2235 3783 2285; x_wconf 74' lang='grc' dir='ltr'>καὶ</span> <span class='ocrx_word' id='word_1_336' title='bbox 3812 2233 3893 2283; x_wconf 67' lang='grc' dir='ltr'><strong>τὸν</strong></span> 
     </span>
    </p>
   </div>
   <div class='ocr_carea' id='block_1_50' title="bbox 2338 2322 3891 2393">
    <p class='ocr_par' dir='ltr' id='par_1_50' title="bbox 2338 2322 3891 2393">
     <span class='ocr_line' id='line_1_50' title="bbox 2338 2322 3891 2393; baseline -0.001 -15"><span class='ocrx_word' id='word_1_337' title='bbox 2338 2326 2464 2379; x_wconf 83' lang='grc' dir='ltr'><strong>Υἰὸν</strong></span> <span class='ocrx_word' id='word_1_338' title='bbox 2521 2325 2615 2378; x_wconf 88' lang='grc' dir='ltr'><strong>τοῦ</strong></span> <span class='ocrx_word' id='word_1_339' title='bbox 2664 2326 2819 2379; x_wconf 91' lang='grc' dir='ltr'>Θεοῦ.</span> <span class='ocrx_word' id='word_1_340' title='bbox 2897 2322 2990 2389; x_wconf 75' lang='grc' dir='ltr'><strong>Οἷς</strong></span> <span class='ocrx_word' id='word_1_341' title='bbox 3035 2325 3337 2387; x_wconf 82' lang='grc' dir='ltr'>ἀκολούθως</span> <span class='ocrx_word' id='word_1_342' title='bbox 3387 2325 3480 2377; x_wconf 78' lang='grc' dir='ltr'>καὶ</span> <span class='ocrx_word' id='word_1_343' title='bbox 3532 2324 3699 2393; x_wconf 75' lang='grc' dir='ltr'>φασὶν</span> <span class='ocrx_word' id='word_1_344' title='bbox 3747 2324 3891 2376; x_wconf 74' lang='grc' dir='ltr'>αὐτὸν</span> 
     </span>
    </p>
   </div>
   <div class='ocr_carea' id='block_1_51' title="bbox 2327 2413 3892 2488">
    <p class='ocr_par' dir='ltr' id='par_1_51' title="bbox 2327 2413 3892 2488">
     <span class='ocr_line' id='line_1_51' title="bbox 2327 2413 3892 2488; baseline -0.001 -20"><span class='ocrx_word' id='word_1_345' title='bbox 2327 2417 2568 2486; x_wconf 73' lang='grc' dir='ltr'>τρεπσιῆς</span> <span class='ocrx_word' id='word_1_346' title='bbox 2609 2413 2744 2469; x_wconf 80' lang='grc' dir='ltr'>εἶναι</span> <span class='ocrx_word' id='word_1_347' title='bbox 2787 2418 3029 2485; x_wconf 78' lang='grc' dir='ltr'>φύσεως,</span> <span class='ocrx_word' id='word_1_348' title='bbox 3079 2419 3278 2488; x_wconf 85' lang='grc' dir='ltr'>ἀρετῆς</span> <span class='ocrx_word' id='word_1_349' title='bbox 3320 2435 3378 2468; x_wconf 87' lang='grc' dir='ltr'><strong>τε</strong></span> <span class='ocrx_word' id='word_1_350' title='bbox 3423 2416 3517 2467; x_wconf 73' lang='grc' dir='ltr'>καὶ</span> <span class='ocrx_word' id='word_1_351' title='bbox 3555 2416 3755 2478; x_wconf 81' lang='grc' dir='ltr'>κακίας</span> <span class='ocrx_word' id='word_1_352' title='bbox 3787 2418 3892 2467; x_wconf 66' lang='lat' dir='ltr'><strong>tm.-</strong></span> 
     </span>
    </p>
   </div>
   <div class='ocr_carea' id='block_1_52' title="bbox 2329 2506 3892 2578">
    <p class='ocr_par' dir='ltr' id='par_1_52' title="bbox 2329 2506 3892 2578">
     <span class='ocr_line' id='line_1_52' title="bbox 2329 2506 3892 2578; baseline -0.001 -19"><span class='ocrx_word' id='word_1_353' title='bbox 2329 2507 2604 2560; x_wconf 77' lang='grc' dir='ltr'>δεκτικόνο</span> <span class='ocrx_word' id='word_1_354' title='bbox 2657 2509 2752 2560; x_wconf 80' lang='grc' dir='ltr'>καὶ</span> <span class='ocrx_word' id='word_1_355' title='bbox 2783 2512 2849 2578; x_wconf 81' lang='grc' dir='ltr'>τῇ</span> <span class='ocrx_word' id='word_1_356' title='bbox 2888 2510 2956 2572; x_wconf 80' lang='grc' dir='ltr'><strong>ἐξ</strong></span> <span class='ocrx_word' id='word_1_357' title='bbox 2997 2511 3108 2562; x_wconf 76' lang='grc' dir='ltr'>οὐκ</span> <span class='ocrx_word' id='word_1_358' title='bbox 3147 2508 3333 2562; x_wconf 76' lang='grc' dir='ltr'><em>ὄντων</em></span> <span class='ocrx_word' id='word_1_359' title='bbox 3358 2507 3640 2568; x_wconf 78' lang='grc' dir='ltr'>ὑποθέσει,</span> <span class='ocrx_word' id='word_1_360' title='bbox 3679 2508 3772 2560; x_wconf 69' lang='grc' dir='ltr'>καὶ</span> <span class='ocrx_word' id='word_1_361' title='bbox 3807 2506 3892 2569; x_wconf 72' lang='grc' dir='ltr'>τὰς</span> 
     </span>
    </p>
   </div>
   <div class='ocr_carea' id='block_1_53' title="bbox 2333 2595 3890 2670">
    <p class='ocr_par' dir='ltr' id='par_1_53' title="bbox 2333 2595 3890 2670">
     <span class='ocr_line' id='line_1_53' title="bbox 2333 2595 3890 2670; baseline -0.002 -18"><span class='ocrx_word' id='word_1_362' title='bbox 2333 2600 2482 2663; x_wconf 81' lang='grc' dir='ltr'>θείας</span> <span class='ocrx_word' id='word_1_363' title='bbox 2521 2599 2614 2652; x_wconf 88' lang='grc' dir='ltr'><strong>τοῦ</strong></span> <span class='ocrx_word' id='word_1_364' title='bbox 2662 2595 2801 2654; x_wconf 75' lang='grc' dir='ltr'>εἷναι</span> <span class='ocrx_word' id='word_1_365' title='bbox 2842 2601 3002 2654; x_wconf 83' lang='grc' dir='ltr'>αὑτὸν</span> <span class='ocrx_word' id='word_1_366' title='bbox 3047 2601 3133 2654; x_wconf 74' lang='grc' dir='ltr'><strong>ἀεὶ</strong></span> <span class='ocrx_word' id='word_1_367' title='bbox 3179 2599 3628 2670; x_wconf 74' lang='grc' dir='ltr'>συναναιροῦντες</span> <span class='ocrx_word' id='word_1_368' title='bbox 3663 2597 3890 2670; x_wconf 76' lang='grc' dir='ltr'>Γραφὰς,</span> 
     </span>
    </p>
   </div>
   <div class='ocr_carea' id='block_1_54' title="bbox 2334 2689 3894 2765">
    <p class='ocr_par' dir='ltr' id='par_1_54' title="bbox 2334 2689 3894 2765">
     <span class='ocr_line' id='line_1_54' title="bbox 2334 2689 3894 2765; baseline -0.002 -20"><span class='ocrx_word' id='word_1_369' title='bbox 2334 2694 2388 2746; x_wconf 86' lang='grc' dir='ltr'>αἳ</span> <span class='ocrx_word' id='word_1_370' title='bbox 2435 2694 2495 2744; x_wconf 86' lang='grc' dir='ltr'>τὸ</span> <span class='ocrx_word' id='word_1_371' title='bbox 2535 2693 2802 2765; x_wconf 74' lang='grc' dir='ltr'>ἂτρεπτον</span> <span class='ocrx_word' id='word_1_372' title='bbox 2851 2691 2944 2744; x_wconf 91' lang='grc' dir='ltr'><strong>τοῦ</strong></span> <span class='ocrx_word' id='word_1_373' title='bbox 2990 2694 3197 2761; x_wconf 84' lang='grc' dir='ltr'>Λόγου,</span> <span class='ocrx_word' id='word_1_374' title='bbox 3261 2692 3355 2745; x_wconf 70' lang='grc' dir='ltr'>καὶ</span> <span class='ocrx_word' id='word_1_375' title='bbox 3397 2691 3494 2762; x_wconf 85' lang='grc' dir='ltr'>τὴν</span> <span class='ocrx_word' id='word_1_376' title='bbox 3539 2691 3768 2759; x_wconf 72' lang='grc' dir='ltr'>θεότητα</span> <span class='ocrx_word' id='word_1_377' title='bbox 3807 2689 3894 2759; x_wconf 76' lang='grc' dir='ltr'>τῆς</span> 
     </span>
    </p>
   </div>
   <div class='ocr_carea' id='block_1_55' title="bbox 2339 2778 3831 2855">
    <p class='ocr_par' dir='ltr' id='par_1_55' title="bbox 2339 2778 3831 2855">
     <span class='ocr_line' id='line_1_55' title="bbox 2339 2778 3831 2855; baseline 0.001 -19"><span class='ocrx_word' id='word_1_378' title='bbox 2339 2785 2534 2852; x_wconf 75' lang='grc' dir='ltr'>Σοφίας</span> <span class='ocrx_word' id='word_1_379' title='bbox 2559 2785 2652 2837; x_wconf 86' lang='grc' dir='ltr'><strong>τοῦ</strong></span> <span class='ocrx_word' id='word_1_380' title='bbox 2682 2778 2855 2852; x_wconf 67' lang='grc' dir='ltr'>Λόγου</span> <span class='ocrx_word' id='word_1_381' title='bbox 2889 2786 3262 2855; x_wconf 84' lang='grc' dir='ltr'>σημαίνουσιν,</span> <span class='ocrx_word' id='word_1_382' title='bbox 3296 2787 3331 2838; x_wconf 78' lang='grc' dir='ltr'><strong>ἆ</strong></span> <span class='ocrx_word' id='word_1_383' title='bbox 3356 2787 3503 2836; x_wconf 78' lang='grc' dir='ltr'>ἐστιν</span> <span class='ocrx_word' id='word_1_384' title='bbox 3529 2784 3556 2835; x_wconf 85' lang='grc' dir='ltr'><strong>ό</strong></span> <span class='ocrx_word' id='word_1_385' title='bbox 3580 2783 3831 2853; x_wconf 84' lang='grc' dir='ltr'>Χριστός.</span> 
     </span>
    </p>
   </div>
   <div class='ocr_carea' id='block_1_56' title="bbox 662 2868 3890 2950">
    <p class='ocr_par' dir='ltr' id='par_1_56' title="bbox 662 2868 3890 2950">
     <span class='ocr_line' id='line_1_56' title="bbox 662 2868 3890 2950; baseline 0.003 -28"><span class='ocrx_word' id='word_1_386' title='bbox 662 2868 896 2926; x_wconf 84' lang='lat' dir='ltr'><strong>Litteras</strong></span> <span class='ocrx_word' id='word_1_387' title='bbox 924 2873 990 2928; x_wconf 90' lang='lat' dir='ltr'><strong>de</strong></span> <span class='ocrx_word' id='word_1_388' title='bbox 1020 2874 1320 2927; x_wconf 59' lang='lat' dir='ltr'><strong>aitet-nitate</strong></span> <span class='ocrx_word' id='word_1_389' title='bbox 1345 2876 1464 2944; x_wconf 82' lang='lat' dir='ltr'><strong>ejus</strong></span> <span class='ocrx_word' id='word_1_390' title='bbox 1484 2885 1755 2940; x_wconf 90' lang='lat' dir='ltr'><strong>evertunt,</strong></span> <span class='ocrx_word' id='word_1_391' title='bbox 1780 2878 1977 2946; x_wconf 87' lang='lat' dir='ltr'><strong>quibus</strong></span> <span class='ocrx_word' id='word_1_392' title='bbox 2007 2878 2414 2935; x_wconf 89' lang='lat' dir='ltr'><strong>immutabilitas</strong></span> <span class='ocrx_word' id='word_1_393' title='bbox 2448 2888 2502 2936; x_wconf 90' lang='lat' dir='ltr'><strong>et</strong></span> <span class='ocrx_word' id='word_1_394' title='bbox 2533 2879 2789 2934; x_wconf 86' lang='lat' dir='ltr'><strong>divinitas</strong></span> <span class='ocrx_word' id='word_1_395' title='bbox 2823 2877 3113 2949; x_wconf 62' lang='lat' dir='ltr'><strong>Sapientia:</strong></span> <span class='ocrx_word' id='word_1_396' title='bbox 3145 2896 3209 2934; x_wconf 88' lang='lat' dir='ltr'><strong>ac</strong></span> <span class='ocrx_word' id='word_1_397' title='bbox 3230 2879 3414 2944; x_wconf 89' lang='lat' dir='ltr'><strong>Verbi,</strong></span> <span class='ocrx_word' id='word_1_398' title='bbox 3443 2894 3567 2950; x_wconf 75' lang='lat' dir='ltr'><strong>qua:</strong></span> <span class='ocrx_word' id='word_1_399' title='bbox 3595 2889 3724 2932; x_wconf 88' lang='lat' dir='ltr'><strong>sunt</strong></span> <span class='ocrx_word' id='word_1_400' title='bbox 3742 2878 3890 2932; x_wconf 84' lang='lat' dir='ltr'><strong>Chri-</strong></span> 
     </span>
    </p>
   </div>
   <div class='ocr_carea' id='block_1_57' title="bbox 655 2969 1150 3030">
    <p class='ocr_par' dir='ltr' id='par_1_57' title="bbox 655 2969 1150 3030">
     <span class='ocr_line' id='line_1_57' title="bbox 655 2969 1150 3030; baseline 0 -8"><span class='ocrx_word' id='word_1_401' title='bbox 655 2976 803 3030; x_wconf 80' lang='lat' dir='ltr'><strong>stus,</strong></span> <span class='ocrx_word' id='word_1_402' title='bbox 828 2969 1150 3023; x_wconf 85' lang='lat' dir='ltr'><strong>ostenditur.</strong></span> 
     </span>
    </p>
   </div>
   <div class='ocr_carea' id='block_1_58' title="bbox 737 3059 2226 3132">
    <p class='ocr_par' dir='ltr' id='par_1_58' title="bbox 737 3059 2226 3132">
     <span class='ocr_line' id='line_1_58' title="bbox 737 3059 2226 3132; baseline 0.005 -20"><span class='ocrx_word' id='word_1_403' title='bbox 737 3061 822 3115; x_wconf 84' lang='lat' dir='ltr'><strong>Ill.</strong></span> <span class='ocrx_word' id='word_1_404' title='bbox 865 3059 1166 3117; x_wconf 82' lang='lat' dir='ltr'><strong>Possumus</strong></span> <span class='ocrx_word' id='word_1_405' title='bbox 1201 3079 1352 3132; x_wconf 85' lang='lat' dir='ltr'><strong>ergo,</strong></span> <span class='ocrx_word' id='word_1_406' title='bbox 1388 3070 1447 3115; x_wconf 92' lang='lat' dir='ltr'><strong>ut</strong></span> <span class='ocrx_word' id='word_1_407' title='bbox 1475 3064 1628 3117; x_wconf 90' lang='lat' dir='ltr'><strong>aiunt</strong></span> <span class='ocrx_word' id='word_1_408' title='bbox 1676 3064 1766 3118; x_wconf 85' lang='lat' dir='ltr'><strong>isti</strong></span> <span class='ocrx_word' id='word_1_409' title='bbox 1813 3065 2086 3132; x_wconf 79' lang='lat' dir='ltr'><strong>scelerati,</strong></span> <span class='ocrx_word' id='word_1_410' title='bbox 2125 3081 2226 3119; x_wconf 86' lang='lat' dir='ltr'><strong>nos</strong></span> 
     </span>
    </p>
   </div>
   <div class='ocr_carea' id='block_1_59' title="bbox 661 3152 2228 3227">
    <p class='ocr_par' dir='ltr' id='par_1_59' title="bbox 661 3152 2228 3227">
     <span class='ocr_line' id='line_1_59' title="bbox 661 3152 2228 3227; baseline 0.004 -24"><span class='ocrx_word' id='word_1_411' title='bbox 661 3167 881 3221; x_wconf 87' lang='lat' dir='ltr'><strong>quoque</strong></span> <span class='ocrx_word' id='word_1_412' title='bbox 903 3167 1024 3206; x_wconf 87' lang='lat' dir='ltr'><strong>esse</strong></span> <span class='ocrx_word' id='word_1_413' title='bbox 1058 3153 1150 3206; x_wconf 82' lang='lat' dir='ltr'><strong>filii</strong></span> <span class='ocrx_word' id='word_1_414' title='bbox 1189 3152 1304 3216; x_wconf 90' lang='lat' dir='ltr'><strong>Dei,</strong></span> <span class='ocrx_word' id='word_1_415' title='bbox 1339 3155 1568 3223; x_wconf 90' lang='lat' dir='ltr'><strong>perinde</strong></span> <span class='ocrx_word' id='word_1_416' title='bbox 1602 3171 1665 3210; x_wconf 90' lang='lat' dir='ltr'><strong>ac</strong></span> <span class='ocrx_word' id='word_1_417' title='bbox 1697 3157 1805 3210; x_wconf 90' lang='lat' dir='ltr'><strong>ille.</strong></span> <span class='ocrx_word' id='word_1_418' title='bbox 1844 3155 2116 3227; x_wconf 89' lang='lat' dir='ltr'><strong>Scriptum</strong></span> <span class='ocrx_word' id='word_1_419' title='bbox 2144 3164 2228 3211; x_wconf 89' lang='lat' dir='ltr'><strong>est</strong></span> 
     </span>
    </p>
   </div>
   <div class='ocr_carea' id='block_1_60' title="bbox 2398 3058 3888 3133">
    <p class='ocr_par' dir='ltr' id='par_1_60' title="bbox 2398 3058 3888 3133">
     <span class='ocr_line' id='line_1_60' title="bbox 2398 3058 3888 3133; baseline 0.001 -20"><span class='ocrx_word' id='word_1_420' title='bbox 2398 3062 2488 3113; x_wconf 80' lang='lat' dir='ltr'><strong>Ill.</strong></span> <span class='ocrx_word' id='word_1_421' title='bbox 2519 3058 2802 3128; x_wconf 83' lang='grc' dir='ltr'>Δυνάμεθα</span> <span class='ocrx_word' id='word_1_422' title='bbox 2831 3058 2958 3126; x_wconf 86' lang='grc' dir='ltr'>γοῦν</span> <span class='ocrx_word' id='word_1_423' title='bbox 2987 3061 3076 3112; x_wconf 75' lang='grc' dir='ltr'>καὶ</span> <span class='ocrx_word' id='word_1_424' title='bbox 3103 3063 3281 3131; x_wconf 76' lang='grc' dir='ltr'>ἡμεῖς,</span> <span class='ocrx_word' id='word_1_425' title='bbox 3313 3061 3476 3128; x_wconf 72' lang='grc' dir='ltr'>φασὶν</span> <span class='ocrx_word' id='word_1_426' title='bbox 3498 3063 3545 3114; x_wconf 87' lang='grc' dir='ltr'>οἱ</span> <span class='ocrx_word' id='word_1_427' title='bbox 3575 3060 3888 3133; x_wconf 81' lang='grc' dir='ltr'>ἀλάστορες,</span> 
     </span>
    </p>
   </div>
   <div class='ocr_carea' id='block_1_61' title="bbox 2330 3149 3888 3223">
    <p class='ocr_par' dir='ltr' id='par_1_61' title="bbox 2330 3149 3888 3223">
     <span class='ocr_line' id='line_1_61' title="bbox 2330 3149 3888 3223; baseline -0.001 -20"><span class='ocrx_word' id='word_1_428' title='bbox 2330 3151 2432 3203; x_wconf 73' lang='grc' dir='ltr'>υἱοὶ</span> <span class='ocrx_word' id='word_1_429' title='bbox 2460 3149 2710 3218; x_wconf 83' lang='grc' dir='ltr'>γενέσθαι</span> <span class='ocrx_word' id='word_1_430' title='bbox 2751 3149 2905 3213; x_wconf 87' lang='grc' dir='ltr'>Θεοῦ,</span> <span class='ocrx_word' id='word_1_431' title='bbox 2936 3151 3071 3217; x_wconf 83' lang='grc' dir='ltr'>ὅπερ</span> <span class='ocrx_word' id='word_1_432' title='bbox 3108 3153 3378 3213; x_wconf 79' lang='grc' dir='ltr'>κάκεῖνος.</span> <span class='ocrx_word' id='word_1_433' title='bbox 3421 3151 3736 3221; x_wconf 77' lang='grc' dir='ltr'>Γέγραπται</span> <span class='ocrx_word' id='word_1_434' title='bbox 3769 3154 3888 3223; x_wconf 71' lang='grc' dir='ltr'>γάρ·</span> 
     </span>
    </p>
   </div>
   <div class='ocr_carea' id='block_1_62' title="bbox 665 3241 2228 3329">
    <p class='ocr_par' dir='ltr' id='par_1_62' title="bbox 665 3241 2227 3314">
     <span class='ocr_line' id='line_1_62' title="bbox 665 3241 2227 3314; baseline 0.003 -18"><span class='ocrx_word' id='word_1_435' title='bbox 665 3243 809 3296; x_wconf 79' lang='lat' dir='ltr'><strong>enim</strong></span> <span class='ocrx_word' id='word_1_436' title='bbox 832 3244 847 3273; x_wconf 77' lang='grc'>⁸</span> <span class='ocrx_word' id='word_1_437' title='bbox 876 3261 888 3294; x_wconf 91' lang='lat'><strong>:</strong></span> <span class='ocrx_word' id='word_1_438' title='bbox 928 3241 1098 3296; x_wconf 81' lang='lat' dir='ltr'><strong>Filios</strong></span> <span class='ocrx_word' id='word_1_439' title='bbox 1122 3247 1274 3314; x_wconf 80' lang='lat' dir='ltr'><strong>genui</strong></span> <span class='ocrx_word' id='word_1_440' title='bbox 1303 3255 1350 3298; x_wconf 87' lang='lat' dir='ltr'><strong>et</strong></span> <span class='ocrx_word' id='word_1_441' title='bbox 1382 3246 1628 3298; x_wconf 76' lang='lat' dir='ltr'><strong>exaltavi.</strong></span> <span class='ocrx_word' id='word_1_442' title='bbox 1677 3245 1810 3300; x_wconf 92' lang='lat' dir='ltr'><strong>Cum</strong></span> <span class='ocrx_word' id='word_1_443' title='bbox 1842 3263 1968 3302; x_wconf 89' lang='lat' dir='ltr'><strong>vero</strong></span> <span class='ocrx_word' id='word_1_444' title='bbox 1996 3248 2102 3301; x_wconf 89' lang='lat' dir='ltr'><strong>illis</strong></span> <span class='ocrx_word' id='word_1_445' title='bbox 2127 3247 2227 3301; x_wconf 85' lang='lat' dir='ltr'><strong>ob-</strong></span> 
     </span>
    </p>
   </div>
   <div class='ocr_carea' id='block_1_63' title="bbox 2330 3241 3892 3329">
    <p class='ocr_par' dir='ltr' id='par_1_63' title="bbox 2339 3241 3892 3313">
     <span class='ocr_line' id='line_1_63' title="bbox 2339 3241 3892 3313; baseline 0.001 -19"><span class='ocrx_word' id='word_1_446' title='bbox 2339 3241 2508 3306; x_wconf 80' lang='grc' dir='ltr'>Υὶοὺς</span> <span class='ocrx_word' id='word_1_447' title='bbox 2539 3242 2835 3309; x_wconf 68' lang='grc' dir='ltr'>ἐγέννησα</span> <span class='ocrx_word' id='word_1_448' title='bbox 2862 3243 2958 3295; x_wconf 71' lang='grc' dir='ltr'>καὶ</span> <span class='ocrx_word' id='word_1_449' title='bbox 2989 3243 3224 3310; x_wconf 74' lang='grc' dir='ltr'><strong>ὒψωσα.</strong></span> <span class='ocrx_word' id='word_1_450' title='bbox 3268 3243 3692 3313; x_wconf 76' lang='grc' dir='ltr'>Ἐπιφερομένου</span> <span class='ocrx_word' id='word_1_451' title='bbox 3720 3245 3775 3296; x_wconf 79' lang='grc' dir='ltr'>δὲ</span> <span class='ocrx_word' id='word_1_452' title='bbox 3803 3244 3892 3298; x_wconf 77' lang='grc' dir='ltr'>αύ-</span> 
     </span>
    </p>
   </div>
   <div class='ocr_carea' id='block_1_64' title="bbox 658 3334 2227 3409">
    <p class='ocr_par' dir='ltr' id='par_1_64' title="bbox 658 3334 2227 3409">
     <span class='ocr_line' id='line_1_64' title="bbox 658 3334 2227 3409; baseline 0.004 -22"><span class='ocrx_word' id='word_1_453' title='bbox 658 3334 864 3403; x_wconf 81' lang='lat' dir='ltr'><strong>jectum</strong></span> <span class='ocrx_word' id='word_1_454' title='bbox 898 3334 1060 3388; x_wconf 90' lang='lat' dir='ltr'><strong>fuerit</strong></span> <span class='ocrx_word' id='word_1_455' title='bbox 1099 3336 1151 3389; x_wconf 88' lang='lat' dir='ltr'><strong>id</strong></span> <span class='ocrx_word' id='word_1_456' title='bbox 1186 3337 1331 3406; x_wconf 90' lang='lat' dir='ltr'><strong>quod</strong></span> <span class='ocrx_word' id='word_1_457' title='bbox 1366 3339 1650 3409; x_wconf 89' lang='lat' dir='ltr'><strong>sequitur:</strong></span> <span class='ocrx_word' id='word_1_458' title='bbox 1681 3337 1791 3404; x_wconf 76' lang='lat' dir='ltr'><strong>Ipsi</strong></span> <span class='ocrx_word' id='word_1_459' title='bbox 1818 3349 1990 3392; x_wconf 84' lang='lat' dir='ltr'><strong>autem</strong></span> <span class='ocrx_word' id='word_1_460' title='bbox 2025 3355 2227 3407; x_wconf 81' lang='lat' dir='ltr'><strong>spreve-</strong></span> 
     </span>
    </p>
   </div>
   <div class='ocr_carea' id='block_1_65' title="bbox 660 3426 2228 3496">
    <p class='ocr_par' dir='ltr' id='par_1_65' title="bbox 660 3426 2228 3496">
     <span class='ocr_line' id='line_1_65' title="bbox 660 3426 2228 3496; baseline 0.004 -19"><span class='ocrx_word' id='word_1_461' title='bbox 660 3436 787 3478; x_wconf 80' lang='lat' dir='ltr'><strong>runt</strong></span> <span class='ocrx_word' id='word_1_462' title='bbox 817 3438 930 3485; x_wconf 81' lang='lat' dir='ltr'><strong>me;</strong></span> <span class='ocrx_word' id='word_1_463' title='bbox 964 3426 1104 3496; x_wconf 85' lang='lat' dir='ltr'><strong>quod</strong></span> <span class='ocrx_word' id='word_1_464' title='bbox 1138 3427 1356 3495; x_wconf 90' lang='lat' dir='ltr'><strong>quidem</strong></span> <span class='ocrx_word' id='word_1_465' title='bbox 1391 3444 1498 3482; x_wconf 91' lang='lat' dir='ltr'><strong>non</strong></span> <span class='ocrx_word' id='word_1_466' title='bbox 1525 3430 1778 3484; x_wconf 87' lang='lat' dir='ltr'><strong>convenit</strong></span> <span class='ocrx_word' id='word_1_467' title='bbox 1800 3439 2006 3484; x_wconf 66' lang='lat' dir='ltr'><strong>naturae</strong></span> <span class='ocrx_word' id='word_1_468' title='bbox 2034 3429 2228 3484; x_wconf 86' lang='lat' dir='ltr'><strong>Serva-</strong></span> 
     </span>
    </p>
   </div>
   <div class='ocr_carea' id='block_1_66' title="bbox 660 3517 2225 3587">
    <p class='ocr_par' dir='ltr' id='par_1_66' title="bbox 660 3517 2225 3587">
     <span class='ocr_line' id='line_1_66' title="bbox 660 3517 2225 3587; baseline 0.004 -19"><span class='ocrx_word' id='word_1_469' title='bbox 660 3517 801 3570; x_wconf 87' lang='lat' dir='ltr'><strong>toris</strong></span> <span class='ocrx_word' id='word_1_470' title='bbox 830 3517 923 3586; x_wconf 90' lang='lat' dir='ltr'><strong>qui</strong></span> <span class='ocrx_word' id='word_1_471' title='bbox 957 3525 1150 3587; x_wconf 87' lang='lat' dir='ltr'><strong>suapte</strong></span> <span class='ocrx_word' id='word_1_472' title='bbox 1183 3527 1379 3573; x_wconf 82' lang='lat' dir='ltr'><strong>natura</strong></span> <span class='ocrx_word' id='word_1_473' title='bbox 1412 3529 1496 3573; x_wconf 87' lang='lat' dir='ltr'><strong>est</strong></span> <span class='ocrx_word' id='word_1_474' title='bbox 1526 3521 1880 3576; x_wconf 89' lang='lat' dir='ltr'><strong>immutabilis</strong></span> <span class='ocrx_word' id='word_1_475' title='bbox 1915 3541 1928 3575; x_wconf 88' lang='lat'><strong>:</strong></span> <span class='ocrx_word' id='word_1_476' title='bbox 1966 3523 2042 3574; x_wconf 91' lang='lat' dir='ltr'><strong>illi</strong></span> <span class='ocrx_word' id='word_1_477' title='bbox 2079 3522 2225 3575; x_wconf 89' lang='lat' dir='ltr'><strong>omni</strong></span> 
     </span>
    </p>
   </div>
   <div class='ocr_carea' id='block_1_67' title="bbox 662 3607 2224 3679">
    <p class='ocr_par' dir='ltr' id='par_1_67' title="bbox 662 3607 2224 3679">
     <span class='ocr_line' id='line_1_67' title="bbox 662 3607 2224 3679; baseline 0.005 -20"><span class='ocrx_word' id='word_1_478' title='bbox 662 3607 966 3662; x_wconf 85' lang='lat' dir='ltr'><strong>reverentia</strong></span> <span class='ocrx_word' id='word_1_479' title='bbox 1008 3622 1073 3662; x_wconf 87' lang='lat' dir='ltr'><strong>ac</strong></span> <span class='ocrx_word' id='word_1_480' title='bbox 1118 3609 1378 3679; x_wconf 78' lang='lat' dir='ltr'><strong>religione</strong></span> <span class='ocrx_word' id='word_1_481' title='bbox 1417 3611 1648 3679; x_wconf 81' lang='lat' dir='ltr'><strong>abjecta,</strong></span> <span class='ocrx_word' id='word_1_482' title='bbox 1701 3611 1868 3666; x_wconf 91' lang='lat' dir='ltr'><strong>Deum</strong></span> <span class='ocrx_word' id='word_1_483' title='bbox 1905 3613 2076 3677; x_wconf 91' lang='lat' dir='ltr'><strong>aiunt,</strong></span> <span class='ocrx_word' id='word_1_484' title='bbox 2103 3629 2224 3667; x_wconf 88' lang='lat' dir='ltr'><strong>cum</strong></span> 
     </span>
    </p>
   </div>
   <div class='ocr_carea' id='block_1_68' title="bbox 663 3694 2227 3774">
    <p class='ocr_par' dir='ltr' id='par_1_68' title="bbox 663 3694 2227 3774">
     <span class='ocr_line' id='line_1_68' title="bbox 663 3694 2227 3774; baseline 0.005 -25"><span class='ocrx_word' id='word_1_485' title='bbox 663 3694 952 3765; x_wconf 65' lang='lat' dir='ltr'><strong>praesciret</strong></span> <span class='ocrx_word' id='word_1_486' title='bbox 998 3712 1061 3751; x_wconf 91' lang='lat' dir='ltr'><strong>ac</strong></span> <span class='ocrx_word' id='word_1_487' title='bbox 1089 3699 1429 3768; x_wconf 69' lang='lat' dir='ltr'><strong>praevidisset</strong></span> <span class='ocrx_word' id='word_1_488' title='bbox 1477 3701 1622 3770; x_wconf 89' lang='lat' dir='ltr'><strong>quod</strong></span> <span class='ocrx_word' id='word_1_489' title='bbox 1654 3699 1823 3756; x_wconf 84' lang='lat' dir='ltr'><strong>Filius</strong></span> <span class='ocrx_word' id='word_1_490' title='bbox 1857 3703 2036 3772; x_wconf 88' lang='lat' dir='ltr'><strong>ipsum</strong></span> <span class='ocrx_word' id='word_1_491' title='bbox 2076 3718 2227 3774; x_wconf 86' lang='lat' dir='ltr'><strong>spre-</strong></span> 
     </span>
    </p>
   </div>
   <div class='ocr_carea' id='block_1_69' title="bbox 659 3791 2226 3865">
    <p class='ocr_par' dir='ltr' id='par_1_69' title="bbox 659 3791 2226 3865">
     <span class='ocr_line' id='line_1_69' title="bbox 659 3791 2226 3865; baseline 0.006 -25"><span class='ocrx_word' id='word_1_492' title='bbox 659 3793 827 3842; x_wconf 71' lang='lat' dir='ltr'><strong>turus</strong></span> <span class='ocrx_word' id='word_1_493' title='bbox 859 3803 968 3841; x_wconf 90' lang='lat' dir='ltr'><strong>non</strong></span> <span class='ocrx_word' id='word_1_494' title='bbox 1016 3797 1180 3854; x_wconf 88' lang='lat' dir='ltr'><strong>esset,</strong></span> <span class='ocrx_word' id='word_1_495' title='bbox 1219 3791 1370 3845; x_wconf 81' lang='lat' dir='ltr'><strong>illum</strong></span> <span class='ocrx_word' id='word_1_496' title='bbox 1421 3808 1489 3847; x_wconf 77' lang='lat' dir='ltr'><strong>ex</strong></span> <span class='ocrx_word' id='word_1_497' title='bbox 1521 3795 1774 3848; x_wconf 90' lang='lat' dir='ltr'><strong>omnibus</strong></span> <span class='ocrx_word' id='word_1_498' title='bbox 1819 3795 2067 3865; x_wconf 77' lang='lat' dir='ltr'><strong>elegisse.</strong></span> <span class='ocrx_word' id='word_1_499' title='bbox 2107 3794 2226 3849; x_wconf 86' lang='lat' dir='ltr'><strong>Non</strong></span> 
     </span>
    </p>
   </div>
   <div class='ocr_carea' id='block_1_70' title="bbox 665 3878 2224 3956">
    <p class='ocr_par' dir='ltr' id='par_1_70' title="bbox 665 3878 2224 3956">
     <span class='ocr_line' id='line_1_70' title="bbox 665 3878 2224 3956; baseline 0.006 -25"><span class='ocrx_word' id='word_1_500' title='bbox 665 3878 814 3931; x_wconf 85' lang='lat' dir='ltr'><strong>enim</strong></span> <span class='ocrx_word' id='word_1_501' title='bbox 847 3885 906 3931; x_wconf 93' lang='lat' dir='ltr'><strong>ut</strong></span> <span class='ocrx_word' id='word_1_502' title='bbox 941 3887 1136 3932; x_wconf 86' lang='lat' dir='ltr'><strong>natura</strong></span> <span class='ocrx_word' id='word_1_503' title='bbox 1165 3887 1218 3934; x_wconf 91' lang='lat' dir='ltr'><strong>et</strong></span> <span class='ocrx_word' id='word_1_504' title='bbox 1249 3885 1607 3952; x_wconf 70' lang='lat' dir='ltr'><strong>praerogativa</strong></span> <span class='ocrx_word' id='word_1_505' title='bbox 1636 3885 1868 3954; x_wconf 83' lang='lat' dir='ltr'><strong>quadam</strong></span> <span class='ocrx_word' id='word_1_506' title='bbox 1897 3887 2224 3956; x_wconf 57' lang='lat' dir='ltr'><strong>pracipuum</strong></span> 
     </span>
    </p>
   </div>
   <div class='ocr_carea' id='block_1_71' title="bbox 667 3966 2222 4039">
    <p class='ocr_par' dir='ltr' id='par_1_71' title="bbox 667 3966 2222 4039">
     <span class='ocr_line' id='line_1_71' title="bbox 667 3966 2222 4039; baseline 0.01 -22"><span class='ocrx_word' id='word_1_507' title='bbox 667 3966 964 4035; x_wconf 90' lang='lat' dir='ltr'><strong>quidquam</strong></span> <span class='ocrx_word' id='word_1_508' title='bbox 993 3982 1102 4036; x_wconf 75' lang='lat' dir='ltr'><strong>pra:</strong></span> <span class='ocrx_word' id='word_1_509' title='bbox 1129 3974 1340 4026; x_wconf 60' lang='lat' dir='ltr'><strong>ceteris</strong></span> <span class='ocrx_word' id='word_1_510' title='bbox 1369 3973 1495 4027; x_wconf 82' lang='lat' dir='ltr'><strong>ﬁliis</strong></span> <span class='ocrx_word' id='word_1_511' title='bbox 1532 3973 1840 4038; x_wconf 88' lang='lat' dir='ltr'><strong>habentem,</strong></span> <span class='ocrx_word' id='word_1_512' title='bbox 1875 3991 1995 4029; x_wconf 91' lang='lat' dir='ltr'><strong>eum</strong></span> <span class='ocrx_word' id='word_1_513' title='bbox 2029 3977 2222 4039; x_wconf 79' lang='lat' dir='ltr'><strong>elegit:</strong></span> 
     </span>
    </p>
   </div>
   <div class='ocr_carea' id='block_1_72' title="bbox 669 4058 2228 4137">
    <p class='ocr_par' dir='ltr' id='par_1_72' title="bbox 669 4058 2228 4137">
     <span class='ocr_line' id='line_1_72' title="bbox 669 4058 2228 4137; baseline 0.01 -29"><span class='ocrx_word' id='word_1_514' title='bbox 669 4058 868 4126; x_wconf 84' lang='lat' dir='ltr'><strong>quippe</strong></span> <span class='ocrx_word' id='word_1_515' title='bbox 904 4059 998 4127; x_wconf 90' lang='lat' dir='ltr'><strong>qui</strong></span> <span class='ocrx_word' id='word_1_516' title='bbox 1041 4070 1237 4114; x_wconf 88' lang='lat' dir='ltr'><strong>natura</strong></span> <span class='ocrx_word' id='word_1_517' title='bbox 1267 4062 1414 4118; x_wconf 78' lang='lat' dir='ltr'><strong>titius</strong></span> <span class='ocrx_word' id='word_1_518' title='bbox 1442 4079 1552 4118; x_wconf 89' lang='lat' dir='ltr'><strong>non</strong></span> <span class='ocrx_word' id='word_1_519' title='bbox 1592 4066 1684 4128; x_wconf 90' lang='lat' dir='ltr'><strong>sit,</strong></span> <span class='ocrx_word' id='word_1_520' title='bbox 1720 4077 1777 4119; x_wconf 90' lang='lat' dir='ltr'><strong>ut</strong></span> <span class='ocrx_word' id='word_1_521' title='bbox 1805 4067 2088 4137; x_wconf 91' lang='lat' dir='ltr'><strong>inquiunt;</strong></span> <span class='ocrx_word' id='word_1_522' title='bbox 2135 4085 2228 4124; x_wconf 88' lang='lat' dir='ltr'><strong>ne-</strong></span> 
     </span>
    </p>
   </div>
   <div class='ocr_carea' id='block_1_73' title="bbox 664 4152 2224 4227">
    <p class='ocr_par' dir='ltr' id='par_1_73' title="bbox 664 4152 2224 4227">
     <span class='ocr_line' id='line_1_73' title="bbox 664 4152 2224 4227; baseline 0.009 -27"><span class='ocrx_word' id='word_1_523' title='bbox 664 4164 774 4218; x_wconf 91' lang='lat' dir='ltr'><strong>que</strong></span> <span class='ocrx_word' id='word_1_524' title='bbox 801 4157 859 4202; x_wconf 93' lang='lat' dir='ltr'><strong>ut</strong></span> <span class='ocrx_word' id='word_1_525' title='bbox 880 4152 971 4219; x_wconf 87' lang='lat' dir='ltr'><strong>qui</strong></span> <span class='ocrx_word' id='word_1_526' title='bbox 1003 4153 1239 4222; x_wconf 88' lang='lat' dir='ltr'><strong>aliquam</strong></span> <span class='ocrx_word' id='word_1_527' title='bbox 1280 4155 1501 4211; x_wconf 87' lang='lat' dir='ltr'><strong>haberet</strong></span> <span class='ocrx_word' id='word_1_528' title='bbox 1539 4159 1922 4227; x_wconf 68' lang='lat' dir='ltr'><strong>pr0prictstem</strong></span> <span class='ocrx_word' id='word_1_529' title='bbox 1958 4168 2012 4215; x_wconf 90' lang='lat' dir='ltr'><strong>et</strong></span> <span class='ocrx_word' id='word_1_530' title='bbox 2045 4160 2224 4216; x_wconf 89' lang='lat' dir='ltr'><strong>dotem</strong></span> 
     </span>
    </p>
   </div>
   <div class='ocr_carea' id='block_1_74' title="bbox 661 4238 2226 4322">
    <p class='ocr_par' dir='ltr' id='par_1_74' title="bbox 661 4238 2226 4322">
     <span class='ocr_line' id='line_1_74' title="bbox 661 4238 2226 4322; baseline 0.01 -31"><span class='ocrx_word' id='word_1_531' title='bbox 661 4238 736 4292; x_wconf 85' lang='lat' dir='ltr'><strong>ad</strong></span> <span class='ocrx_word' id='word_1_532' title='bbox 773 4240 950 4309; x_wconf 89' lang='lat' dir='ltr'><strong>ipsum</strong></span> <span class='ocrx_word' id='word_1_533' title='bbox 980 4244 1225 4311; x_wconf 79' lang='lat' dir='ltr'><strong>proxime</strong></span> <span class='ocrx_word' id='word_1_534' title='bbox 1249 4246 1632 4313; x_wconf 78' lang='lat' dir='ltr'><strong>aecedeiitem;</strong></span> <span class='ocrx_word' id='word_1_535' title='bbox 1677 4250 1770 4302; x_wconf 89' lang='lat' dir='ltr'><strong>sed</strong></span> <span class='ocrx_word' id='word_1_536' title='bbox 1805 4251 1980 4319; x_wconf 88' lang='lat' dir='ltr'><strong>ipsum</strong></span> <span class='ocrx_word' id='word_1_537' title='bbox 2012 4268 2226 4322; x_wconf 91' lang='lat' dir='ltr'><strong>quoque</strong></span> 
     </span>
    </p>
   </div>
   <div class='ocr_carea' id='block_1_75' title="bbox 665 4332 2224 4402">
    <p class='ocr_par' dir='ltr' id='par_1_75' title="bbox 665 4332 2224 4402">
     <span class='ocr_line' id='line_1_75' title="bbox 665 4332 2224 4402; baseline 0.011 -18"><span class='ocrx_word' id='word_1_538' title='bbox 665 4332 947 4388; x_wconf 86' lang='lat' dir='ltr'><strong>mutabilis</strong></span> <span class='ocrx_word' id='word_1_539' title='bbox 997 4337 1343 4392; x_wconf 78' lang='lat' dir='ltr'><strong>exsistentem</strong></span> <span class='ocrx_word' id='word_1_540' title='bbox 1387 4348 1612 4402; x_wconf 67' lang='lat' dir='ltr'><strong>naturae,</strong></span> <span class='ocrx_word' id='word_1_541' title='bbox 1660 4343 1730 4396; x_wconf 92' lang='lat' dir='ltr'><strong>ob</strong></span> <span class='ocrx_word' id='word_1_542' title='bbox 1759 4344 1998 4397; x_wconf 89' lang='lat' dir='ltr'><strong>studium</strong></span> <span class='ocrx_word' id='word_1_543' title='bbox 2047 4356 2224 4401; x_wconf 89' lang='lat' dir='ltr'><strong>tamen</strong></span> 
     </span>
    </p>
   </div>
   <div class='ocr_carea' id='block_1_76' title="bbox 663 4431 2226 4502">
    <p class='ocr_par' dir='ltr' id='par_1_76' title="bbox 663 4431 2226 4502">
     <span class='ocr_line' id='line_1_76' title="bbox 663 4431 2226 4502; baseline 0.01 -25"><span class='ocrx_word' id='word_1_544' title='bbox 663 4433 721 4477; x_wconf 88' lang='lat' dir='ltr'><strong>et</strong></span> <span class='ocrx_word' id='word_1_545' title='bbox 751 4435 1062 4479; x_wconf 87' lang='lat' dir='ltr'><strong>accuratam</strong></span> <span class='ocrx_word' id='word_1_546' title='bbox 1101 4444 1312 4483; x_wconf 89' lang='lat' dir='ltr'><strong>morum</strong></span> <span class='ocrx_word' id='word_1_547' title='bbox 1349 4431 1683 4502; x_wconf 80' lang='lat' dir='ltr'><strong>diligentiam</strong></span> <span class='ocrx_word' id='word_1_548' title='bbox 1723 4436 1787 4489; x_wconf 89' lang='lat' dir='ltr'><strong>ad</strong></span> <span class='ocrx_word' id='word_1_549' title='bbox 1814 4435 2007 4489; x_wconf 88' lang='lat' dir='ltr'><strong>vitium</strong></span> <span class='ocrx_word' id='word_1_550' title='bbox 2051 4439 2226 4492; x_wconf 87' lang='lat' dir='ltr'><strong>neuti-</strong></span> 
     </span>
    </p>
   </div>
   <div class='ocr_carea' id='block_1_77' title="bbox 657 4515 2224 4592">
    <p class='ocr_par' dir='ltr' id='par_1_77' title="bbox 657 4515 2224 4592">
     <span class='ocr_line' id='line_1_77' title="bbox 657 4515 2224 4592; baseline 0.013 -26"><span class='ocrx_word' id='word_1_551' title='bbox 657 4530 832 4583; x_wconf 87' lang='lat' dir='ltr'><strong>quam</strong></span> <span class='ocrx_word' id='word_1_552' title='bbox 857 4515 1260 4585; x_wconf 82' lang='lat' dir='ltr'><strong>deﬂectentem,</strong></span> <span class='ocrx_word' id='word_1_553' title='bbox 1299 4525 1458 4592; x_wconf 81' lang='lat' dir='ltr'><strong>elegit</strong></span> <span class='ocrx_word' id='word_1_554' title='bbox 1486 4523 1628 4581; x_wconf 87' lang='lat' dir='ltr'><strong>Deus</strong></span> <span class='ocrx_word' id='word_1_555' title='bbox 1655 4547 1666 4581; x_wconf 75' lang='grc' dir='ltr'>ε</span> <span class='ocrx_word' id='word_1_556' title='bbox 1701 4529 1833 4582; x_wconf 88' lang='lat' dir='ltr'><strong>adeo</strong></span> <span class='ocrx_word' id='word_1_557' title='bbox 1864 4538 1922 4582; x_wconf 87' lang='lat' dir='ltr'><strong>ut</strong></span> <span class='ocrx_word' id='word_1_558' title='bbox 1951 4531 1994 4584; x_wconf 91' lang='lat' dir='ltr'><strong>si</strong></span> <span class='ocrx_word' id='word_1_559' title='bbox 2025 4529 2224 4586; x_wconf 88' lang='lat' dir='ltr'><strong>Paulus</strong></span> 
     </span>
    </p>
   </div>
   <div class='ocr_carea' id='block_1_78' title="bbox 2329 3331 3893 3403">
    <p class='ocr_par' dir='ltr' id='par_1_78' title="bbox 2329 3331 3893 3403">
     <span class='ocr_line' id='line_1_78' title="bbox 2329 3331 3893 3403; baseline 0.003 -19"><span class='ocrx_word' id='word_1_560' title='bbox 2329 3335 2439 3396; x_wconf 85' lang='grc' dir='ltr'>τοῖς</span> <span class='ocrx_word' id='word_1_561' title='bbox 2467 3333 2560 3384; x_wconf 85' lang='grc' dir='ltr'><strong>τοῦ</strong></span> <span class='ocrx_word' id='word_1_562' title='bbox 2588 3332 2831 3400; x_wconf 87' lang='grc' dir='ltr'>λέγοντος</span> <span class='ocrx_word' id='word_1_563' title='bbox 2861 3331 2983 3402; x_wconf 75' lang='grc' dir='ltr'>ἑξῆς</span> <span class='ocrx_word' id='word_1_564' title='bbox 3013 3333 3104 3384; x_wconf 91' lang='grc' dir='ltr'><strong>τοῦ</strong></span> <span class='ocrx_word' id='word_1_565' title='bbox 3147 3332 3330 3402; x_wconf 79' lang='grc' dir='ltr'>ῥητοῦ,</span> <span class='ocrx_word' id='word_1_566' title='bbox 3360 3336 3537 3387; x_wconf 75' lang='grc' dir='ltr'>Αὐτοὶ</span> <span class='ocrx_word' id='word_1_567' title='bbox 3572 3334 3638 3386; x_wconf 83' lang='grc' dir='ltr'><strong>δέ</strong></span> <span class='ocrx_word' id='word_1_568' title='bbox 3662 3353 3738 3403; x_wconf 85' lang='grc' dir='ltr'><strong>με</strong></span> <span class='ocrx_word' id='word_1_569' title='bbox 3768 3335 3893 3400; x_wconf 78' lang='grc' dir='ltr'>ἠθέ-</span> 
     </span>
    </p>
   </div>
   <div class='ocr_carea' id='block_1_79' title="bbox 2328 3425 3894 3496">
    <p class='ocr_par' dir='ltr' id='par_1_79' title="bbox 2328 3425 3894 3496">
     <span class='ocr_line' id='line_1_79' title="bbox 2328 3425 3894 3496; baseline 0.001 -18"><span class='ocrx_word' id='word_1_570' title='bbox 2328 3442 2545 3492; x_wconf 78' lang='grc' dir='ltr'>τησαν,</span> <span class='ocrx_word' id='word_1_571' title='bbox 2577 3427 2712 3496; x_wconf 80' lang='grc' dir='ltr'>ὅπερ</span> <span class='ocrx_word' id='word_1_572' title='bbox 2755 3427 2814 3476; x_wconf 73' lang='grc' dir='ltr'><strong>ού</strong></span> <span class='ocrx_word' id='word_1_573' title='bbox 2863 3426 3087 3492; x_wconf 78' lang='grc' dir='ltr'>φυσικὸν</span> <span class='ocrx_word' id='word_1_574' title='bbox 3122 3425 3193 3493; x_wconf 82' lang='grc'><strong>(9)</strong></span> <span class='ocrx_word' id='word_1_575' title='bbox 3228 3427 3374 3477; x_wconf 77' lang='grc' dir='ltr'>ἐστιν</span> <span class='ocrx_word' id='word_1_576' title='bbox 3418 3427 3493 3496; x_wconf 77' lang='grc' dir='ltr'>τῷ</span> <span class='ocrx_word' id='word_1_577' title='bbox 3525 3427 3756 3496; x_wconf 50' lang='grc' dir='ltr'>Σωτῆρι.</span> <span class='ocrx_word' id='word_1_578' title='bbox 3790 3429 3894 3480; x_wconf 79' lang='grc' dir='ltr'>δντι</span> 
     </span>
    </p>
   </div>
   <div class='ocr_carea' id='block_1_80' title="bbox 2327 3517 3893 3588">
    <p class='ocr_par' dir='ltr' id='par_1_80' title="bbox 2327 3517 3893 3588">
     <span class='ocr_line' id='line_1_80' title="bbox 2327 3517 3893 3588; baseline 0 -17"><span class='ocrx_word' id='word_1_579' title='bbox 2327 3519 2424 3587; x_wconf 79' lang='grc' dir='ltr'>τῆς</span> <span class='ocrx_word' id='word_1_580' title='bbox 2478 3517 2693 3586; x_wconf 70' lang='grc' dir='ltr'>φύσεως</span> <span class='ocrx_word' id='word_1_581' title='bbox 2749 3518 3050 3588; x_wconf 83' lang='grc' dir='ltr'>ἀτρέπτου,</span> <span class='ocrx_word' id='word_1_582' title='bbox 3110 3519 3287 3587; x_wconf 81' lang='grc' dir='ltr'>πάσης</span> <span class='ocrx_word' id='word_1_583' title='bbox 3341 3517 3621 3581; x_wconf 78' lang='grc' dir='ltr'>εὐλαϐείας</span> <span class='ocrx_word' id='word_1_584' title='bbox 3677 3521 3893 3581; x_wconf 78' lang='grc' dir='ltr'>ἑαυτοὺς</span> 
     </span>
    </p>
   </div>
   <div class='ocr_carea' id='block_1_81' title="bbox 2327 3607 3893 3682">
    <p class='ocr_par' dir='ltr' id='par_1_81' title="bbox 2327 3607 3893 3682">
     <span class='ocr_line' id='line_1_81' title="bbox 2327 3607 3893 3682; baseline 0.002 -22"><span class='ocrx_word' id='word_1_585' title='bbox 2327 3608 2731 3679; x_wconf 80' lang='grc' dir='ltr'>ἐρημώσαντες,</span> <span class='ocrx_word' id='word_1_586' title='bbox 2757 3607 2912 3660; x_wconf 85' lang='grc' dir='ltr'>τοῦτό</span> <span class='ocrx_word' id='word_1_587' title='bbox 2957 3625 3088 3676; x_wconf 81' lang='grc' dir='ltr'>φασι</span> <span class='ocrx_word' id='word_1_588' title='bbox 3127 3607 3260 3677; x_wconf 71' lang='grc'>(10),</span> <span class='ocrx_word' id='word_1_589' title='bbox 3293 3610 3594 3679; x_wconf 67' lang='grc' dir='ltr'>προγνώσει</span> <span class='ocrx_word' id='word_1_590' title='bbox 3643 3613 3735 3664; x_wconf 83' lang='grc' dir='ltr'>καὶ</span> <span class='ocrx_word' id='word_1_591' title='bbox 3765 3629 3893 3682; x_wconf 81' lang='grc' dir='ltr'>προ-</span> 
     </span>
    </p>
   </div>
   <div class='ocr_carea' id='block_1_82' title="bbox 2327 3700 3893 3773">
    <p class='ocr_par' dir='ltr' id='par_1_82' title="bbox 2327 3700 3893 3773">
     <span class='ocr_line' id='line_1_82' title="bbox 2327 3700 3893 3773; baseline 0.002 -22"><span class='ocrx_word' id='word_1_592' title='bbox 2327 3700 2528 3770; x_wconf 73' lang='grc' dir='ltr'>θεωρίᾳ</span> <span class='ocrx_word' id='word_1_593' title='bbox 2573 3701 2697 3770; x_wconf 80' lang='grc' dir='ltr'>περὶ</span> <span class='ocrx_word' id='word_1_594' title='bbox 2728 3700 2890 3754; x_wconf 72' lang='grc' dir='ltr'>αὐτοῦ</span> <span class='ocrx_word' id='word_1_595' title='bbox 2921 3701 3100 3753; x_wconf 71' lang='grc' dir='ltr'>εἰδότα</span> <span class='ocrx_word' id='word_1_596' title='bbox 3141 3702 3231 3754; x_wconf 76' lang='grc' dir='ltr'>τὸν</span> <span class='ocrx_word' id='word_1_597' title='bbox 3261 3701 3422 3764; x_wconf 85' lang='grc' dir='ltr'>Θεὸν,</span> <span class='ocrx_word' id='word_1_598' title='bbox 3452 3702 3533 3753; x_wconf 83' lang='grc' dir='ltr'>ὅτι</span> <span class='ocrx_word' id='word_1_599' title='bbox 3569 3703 3669 3754; x_wconf 70' lang='grc' dir='ltr'>οὐκ</span> <span class='ocrx_word' id='word_1_600' title='bbox 3701 3703 3893 3773; x_wconf 76' lang='grc' dir='ltr'>ἀθετή-</span> 
     </span>
    </p>
   </div>
   <div class='ocr_carea' id='block_1_83' title="bbox 2329 3787 3894 3862">
    <p class='ocr_par' dir='ltr' id='par_1_83' title="bbox 2329 3787 3894 3862">
     <span class='ocr_line' id='line_1_83' title="bbox 2329 3787 3894 3862; baseline 0.003 -22"><span class='ocrx_word' id='word_1_601' title='bbox 2329 3805 2430 3850; x_wconf 85' lang='grc' dir='ltr'>σει,</span> <span class='ocrx_word' id='word_1_602' title='bbox 2461 3787 2756 3862; x_wconf 68' lang='grc' dir='ltr'>ὲξειλέχθεξι</span> <span class='ocrx_word' id='word_1_603' title='bbox 2785 3789 2946 3840; x_wconf 75' lang='grc' dir='ltr'>αὑτὸν</span> <span class='ocrx_word' id='word_1_604' title='bbox 2979 3791 3085 3842; x_wconf 85' lang='grc' dir='ltr'><strong>ἀπὸ</strong></span> <span class='ocrx_word' id='word_1_605' title='bbox 3115 3790 3349 3843; x_wconf 76' lang='grc' dir='ltr'>πάντων.</span> <span class='ocrx_word' id='word_1_606' title='bbox 3383 3790 3457 3843; x_wconf 84' lang='grc' dir='ltr'><strong>Ού</strong></span> <span class='ocrx_word' id='word_1_607' title='bbox 3491 3790 3598 3860; x_wconf 86' lang='grc' dir='ltr'><strong>γὰρ</strong></span> <span class='ocrx_word' id='word_1_608' title='bbox 3623 3792 3779 3857; x_wconf 75' lang='grc' dir='ltr'>φύσει</span> <span class='ocrx_word' id='word_1_609' title='bbox 3807 3792 3894 3845; x_wconf 81' lang='grc' dir='ltr'>καὶ</span> 
     </span>
    </p>
   </div>
   <div class='ocr_carea' id='block_1_84' title="bbox 2326 3881 3893 3955">
    <p class='ocr_par' dir='ltr' id='par_1_84' title="bbox 2326 3881 3893 3955">
     <span class='ocr_line' id='line_1_84' title="bbox 2326 3881 3893 3955; baseline 0.003 -22"><span class='ocrx_word' id='word_1_610' title='bbox 2326 3883 2446 3933; x_wconf 82' lang='grc' dir='ltr'>κατ’</span> <span class='ocrx_word' id='word_1_611' title='bbox 2478 3881 2752 3951; x_wconf 73' lang='grc' dir='ltr'>ἐξαίρετον</span> <span class='ocrx_word' id='word_1_612' title='bbox 2788 3882 2893 3936; x_wconf 81' lang='grc' dir='ltr'>τῶν</span> <span class='ocrx_word' id='word_1_613' title='bbox 2927 3883 3099 3936; x_wconf 81' lang='grc' dir='ltr'>ἄλλων</span> <span class='ocrx_word' id='word_1_614' title='bbox 3138 3883 3268 3936; x_wconf 75' lang='grc' dir='ltr'>υἱῶν</span> <span class='ocrx_word' id='word_1_615' title='bbox 3312 3882 3502 3952; x_wconf 75' lang='grc' dir='ltr'>ἔχοντά</span> <span class='ocrx_word' id='word_1_616' title='bbox 3529 3900 3601 3934; x_wconf 86' lang='grc' dir='ltr'>τι·</span> <span class='ocrx_word' id='word_1_617' title='bbox 3637 3885 3761 3936; x_wconf 72' lang='grc' dir='ltr'>οὔτε</span> <span class='ocrx_word' id='word_1_618' title='bbox 3789 3884 3893 3955; x_wconf 81' lang='grc' dir='ltr'><strong>γὰρ</strong></span> 
     </span>
    </p>
   </div>
   <div class='ocr_carea' id='block_1_85' title="bbox 2329 3972 3892 4043">
    <p class='ocr_par' dir='ltr' id='par_1_85' title="bbox 2329 3972 3892 4043">
     <span class='ocr_line' id='line_1_85' title="bbox 2329 3972 3892 4043; baseline 0.004 -20"><span class='ocrx_word' id='word_1_619' title='bbox 2329 3972 2484 4040; x_wconf 82' lang='grc' dir='ltr'>φύσει</span> <span class='ocrx_word' id='word_1_620' title='bbox 2538 3974 2650 4033; x_wconf 86' lang='grc' dir='ltr'>υἱός</span> <span class='ocrx_word' id='word_1_621' title='bbox 2699 3990 2782 4035; x_wconf 89' lang='grc' dir='ltr'><strong>τις</strong></span> <span class='ocrx_word' id='word_1_622' title='bbox 2832 3976 2976 4026; x_wconf 77' lang='grc' dir='ltr'>ἐστὶν</span> <span class='ocrx_word' id='word_1_623' title='bbox 3024 3973 3116 4026; x_wconf 85' lang='grc' dir='ltr'><strong>τοῦ</strong></span> <span class='ocrx_word' id='word_1_624' title='bbox 3166 3975 3322 4036; x_wconf 89' lang='grc' dir='ltr'>Θεοῦ,</span> <span class='ocrx_word' id='word_1_625' title='bbox 3353 3977 3547 4043; x_wconf 80' lang='grc' dir='ltr'>φασίν·</span> <span class='ocrx_word' id='word_1_626' title='bbox 3600 3977 3725 4030; x_wconf 78' lang='grc' dir='ltr'>οὕτε</span> <span class='ocrx_word' id='word_1_627' title='bbox 3778 3979 3892 4030; x_wconf 81' lang='grc' dir='ltr'>τινὰ</span> 
     </span>
    </p>
   </div>
   <div class='ocr_carea' id='block_1_86' title="bbox 2328 4061 3891 4132">
    <p class='ocr_par' dir='ltr' id='par_1_86' title="bbox 2328 4061 3891 4132">
     <span class='ocr_line' id='line_1_86' title="bbox 2328 4061 3891 4132; baseline 0.001 -19"><span class='ocrx_word' id='word_1_628' title='bbox 2328 4061 2516 4130; x_wconf 75' lang='grc' dir='ltr'>ἔχοντα</span> <span class='ocrx_word' id='word_1_629' title='bbox 2545 4061 2778 4132; x_wconf 74' lang='grc' dir='ltr'>ἰδιότητα</span> <span class='ocrx_word' id='word_1_630' title='bbox 2808 4062 2941 4132; x_wconf 84' lang='grc' dir='ltr'>πρὸς</span> <span class='ocrx_word' id='word_1_631' title='bbox 2971 4062 3151 4126; x_wconf 77' lang='grc' dir='ltr'>αὑτὸν,</span> <span class='ocrx_word' id='word_1_632' title='bbox 3181 4061 3318 4115; x_wconf 76' lang='grc' dir='ltr'>ἀλλὰ.</span> <span class='ocrx_word' id='word_1_633' title='bbox 3347 4065 3437 4114; x_wconf 73' lang='grc' dir='ltr'><strong>καὶ</strong></span> <span class='ocrx_word' id='word_1_634' title='bbox 3460 4063 3618 4114; x_wconf 77' lang='grc' dir='ltr'>αὑτὸν</span> <span class='ocrx_word' id='word_1_635' title='bbox 3656 4064 3891 4132; x_wconf 67' lang='grc' dir='ltr'>τρεπτὴς</span> 
     </span>
    </p>
   </div>
   <div class='ocr_carea' id='block_1_87' title="bbox 2326 4153 3892 4223">
    <p class='ocr_par' dir='ltr' id='par_1_87' title="bbox 2326 4153 3892 4223">
     <span class='ocr_line' id='line_1_87' title="bbox 2326 4153 3892 4223; baseline -0.001 -19"><span class='ocrx_word' id='word_1_636' title='bbox 2326 4154 2656 4223; x_wconf 68' lang='grc' dir='ltr'>τυγχάνοντα</span> <span class='ocrx_word' id='word_1_637' title='bbox 2716 4153 2963 4222; x_wconf 69' lang='grc' dir='ltr'>φύσεως,</span> <span class='ocrx_word' id='word_1_638' title='bbox 3025 4153 3114 4206; x_wconf 81' lang='grc' dir='ltr'>διὰ</span> <span class='ocrx_word' id='word_1_639' title='bbox 3162 4154 3376 4223; x_wconf 81' lang='grc' dir='ltr'>τρόπων</span> <span class='ocrx_word' id='word_1_640' title='bbox 3430 4154 3745 4222; x_wconf 73' lang='grc' dir='ltr'>ἐπιμέλειαν</span> <span class='ocrx_word' id='word_1_641' title='bbox 3805 4155 3892 4205; x_wconf 75' lang='grc' dir='ltr'>καὶ</span> 
     </span>
    </p>
   </div>
   <div class='ocr_carea' id='block_1_88' title="bbox 2327 4244 3891 4316">
    <p class='ocr_par' dir='ltr' id='par_1_88' title="bbox 2327 4244 3891 4316">
     <span class='ocr_line' id='line_1_88' title="bbox 2327 4244 3891 4316; baseline 0 -18"><span class='ocrx_word' id='word_1_642' title='bbox 2327 4244 2555 4314; x_wconf 70' lang='grc' dir='ltr'>ἄσκησιν</span> <span class='ocrx_word' id='word_1_643' title='bbox 2589 4245 2662 4316; x_wconf 79' lang='grc' dir='ltr'>μὴ</span> <span class='ocrx_word' id='word_1_644' title='bbox 2693 4246 3020 4316; x_wconf 82' lang='grc' dir='ltr'>τρεπόμενον</span> <span class='ocrx_word' id='word_1_645' title='bbox 3053 4247 3144 4297; x_wconf 70' lang='grc' dir='ltr'><strong>ἐπὶ</strong></span> <span class='ocrx_word' id='word_1_646' title='bbox 3169 4245 3228 4297; x_wconf 83' lang='grc' dir='ltr'>τὸ</span> <span class='ocrx_word' id='word_1_647' title='bbox 3259 4251 3456 4316; x_wconf 86' lang='grc' dir='ltr'>χεῖρον,</span> <span class='ocrx_word' id='word_1_648' title='bbox 3489 4246 3787 4311; x_wconf 76' lang='grc' dir='ltr'>ἐξελέξατο·</span> <span class='ocrx_word' id='word_1_649' title='bbox 3822 4247 3891 4308; x_wconf 84' lang='grc' dir='ltr'>ὡς</span> 
     </span>
    </p>
   </div>
   <div class='ocr_carea' id='block_1_89' title="bbox 2325 4337 3892 4408">
    <p class='ocr_par' dir='ltr' id='par_1_89' title="bbox 2325 4337 3892 4408">
     <span class='ocr_line' id='line_1_89' title="bbox 2325 4337 3892 4408; baseline 0.001 -19"><span class='ocrx_word' id='word_1_650' title='bbox 2325 4339 2372 4389; x_wconf 87' lang='grc' dir='ltr'>εἰ</span> <span class='ocrx_word' id='word_1_651' title='bbox 2405 4339 2496 4390; x_wconf 84' lang='grc' dir='ltr'><strong>καί</strong></span> <span class='ocrx_word' id='word_1_652' title='bbox 2520 4338 2725 4399; x_wconf 77' lang='grc' dir='ltr'>Παῦλος</span> <span class='ocrx_word' id='word_1_653' title='bbox 2752 4339 2907 4391; x_wconf 85' lang='grc' dir='ltr'>τοῦτο</span> <span class='ocrx_word' id='word_1_654' title='bbox 2938 4338 3180 4408; x_wconf 79' lang='grc' dir='ltr'>βιάσαιτο</span> <span class='ocrx_word' id='word_1_655' title='bbox 3209 4339 3303 4390; x_wconf 81' lang='grc' dir='ltr'>καὶ</span> <span class='ocrx_word' id='word_1_656' title='bbox 3335 4339 3555 4408; x_wconf 77' lang='grc' dir='ltr'>Πέτρος,</span> <span class='ocrx_word' id='word_1_657' title='bbox 3587 4337 3756 4408; x_wconf 83' lang='grc' dir='ltr'>μηδὲν</span> <span class='ocrx_word' id='word_1_658' title='bbox 3786 4337 3892 4390; x_wconf 81' lang='grc' dir='ltr'>δια-</span> 
     </span>
    </p>
   </div>
   <div class='ocr_carea' id='block_1_90' title="bbox 2326 4430 3891 4502">
    <p class='ocr_par' dir='ltr' id='par_1_90' title="bbox 2326 4430 3891 4502">
     <span class='ocr_line' id='line_1_90' title="bbox 2326 4430 3891 4502; baseline -0.001 -21"><span class='ocrx_word' id='word_1_659' title='bbox 2326 4431 2508 4501; x_wconf 81' lang='grc' dir='ltr'>φέρειν</span> <span class='ocrx_word' id='word_1_660' title='bbox 2540 4431 2742 4483; x_wconf 86' lang='grc' dir='ltr'>τούτων</span> <span class='ocrx_word' id='word_1_661' title='bbox 2779 4432 2874 4502; x_wconf 79' lang='grc' dir='ltr'>τὴν</span> <span class='ocrx_word' id='word_1_662' title='bbox 2904 4431 3108 4483; x_wconf 77' lang='grc' dir='ltr'>ἐκείνου</span> <span class='ocrx_word' id='word_1_663' title='bbox 3153 4432 3392 4501; x_wconf 85' lang='grc' dir='ltr'>υἱότητα·</span> <span class='ocrx_word' id='word_1_664' title='bbox 3435 4431 3513 4491; x_wconf 80' lang='grc' dir='ltr'><strong>εἰς</strong></span> <span class='ocrx_word' id='word_1_665' title='bbox 3553 4430 3891 4500; x_wconf 68' lang='grc' dir='ltr'>παράστασιν</span> 
     </span>
    </p>
   </div>
   <div class='ocr_carea' id='block_1_91' title="bbox 2324 4522 3894 4592">
    <p class='ocr_par' dir='ltr' id='par_1_91' title="bbox 2324 4522 3894 4592">
     <span class='ocr_line' id='line_1_91' title="bbox 2324 4522 3894 4592; baseline -0.001 -18"><span class='ocrx_word' id='word_1_666' title='bbox 2324 4522 2380 4574; x_wconf 80' lang='grc' dir='ltr'>δὲ</span> <span class='ocrx_word' id='word_1_667' title='bbox 2424 4523 2522 4592; x_wconf 77' lang='grc' dir='ltr'>τῆς</span> <span class='ocrx_word' id='word_1_668' title='bbox 2571 4523 2966 4592; x_wconf 76' lang='grc' dir='ltr'>φρενοὸλαϐοῦς</span> <span class='ocrx_word' id='word_1_669' title='bbox 3008 4524 3209 4592; x_wconf 81' lang='grc' dir='ltr'>ταύτης</span> <span class='ocrx_word' id='word_1_670' title='bbox 3248 4522 3620 4585; x_wconf 79' lang='grc' dir='ltr'>διδασκαλίας,</span> <span class='ocrx_word' id='word_1_671' title='bbox 3654 4523 3751 4574; x_wconf 76' lang='grc' dir='ltr'>καὶ</span> <span class='ocrx_word' id='word_1_672' title='bbox 3782 4523 3894 4583; x_wconf 82' lang='grc' dir='ltr'>ταῖς</span> 
     </span>
    </p>
   </div>
   <div class='ocr_carea' id='block_1_92' title="bbox 655 4607 2228 4691">
    <p class='ocr_par' dir='ltr' id='par_1_92' title="bbox 655 4607 2223 4688">
     <span class='ocr_line' id='line_1_92' title="bbox 655 4607 2223 4688; baseline 0.012 -30"><span class='ocrx_word' id='word_1_673' title='bbox 655 4621 720 4659; x_wconf 87' lang='lat' dir='ltr'><strong>ac</strong></span> <span class='ocrx_word' id='word_1_674' title='bbox 749 4607 946 4660; x_wconf 87' lang='lat' dir='ltr'><strong>Petrus</strong></span> <span class='ocrx_word' id='word_1_675' title='bbox 977 4617 1234 4664; x_wconf 86' lang='lat' dir='ltr'><strong>contento</strong></span> <span class='ocrx_word' id='word_1_676' title='bbox 1280 4615 1460 4666; x_wconf 91' lang='lat' dir='ltr'><strong>studio</strong></span> <span class='ocrx_word' id='word_1_677' title='bbox 1490 4616 1542 4668; x_wconf 88' lang='lat' dir='ltr'><strong>in</strong></span> <span class='ocrx_word' id='word_1_678' title='bbox 1579 4618 1630 4671; x_wconf 89' lang='lat' dir='ltr'><strong>id</strong></span> <span class='ocrx_word' id='word_1_679' title='bbox 1663 4619 2054 4688; x_wconf 88' lang='lat' dir='ltr'><strong>incubuissent,</strong></span> <span class='ocrx_word' id='word_1_680' title='bbox 2090 4624 2223 4676; x_wconf 87' lang='lat' dir='ltr'><strong>nihil</strong></span> 
     </span>
    </p>
   </div>
   <div class='ocr_carea' id='block_1_93' title="bbox 2330 4607 3893 4691">
    <p class='ocr_par' dir='ltr' id='par_1_93' title="bbox 2330 4611 3893 4684">
     <span class='ocr_line' id='line_1_93' title="bbox 2330 4611 3893 4684; baseline -0.002 -19"><span class='ocrx_word' id='word_1_681' title='bbox 2330 4615 2566 4683; x_wconf 69' lang='lat' dir='ltr'><strong>Fpazpai&#39;;</strong></span> <span class='ocrx_word' id='word_1_682' title='bbox 2610 4614 3078 4684; x_wconf 83' lang='grc' dir='ltr'>ὲμπαροινοῦντες,</span> <span class='ocrx_word' id='word_1_683' title='bbox 3133 4615 3226 4665; x_wconf 69' lang='grc' dir='ltr'>καὶ</span> <span class='ocrx_word' id='word_1_684' title='bbox 3271 4611 3691 4679; x_wconf 74' lang='grc' dir='ltr'>παρατιθέμενοι</span> <span class='ocrx_word' id='word_1_685' title='bbox 3739 4615 3800 4663; x_wconf 77' lang='grc' dir='ltr'>τὸ</span> <span class='ocrx_word' id='word_1_686' title='bbox 3838 4615 3893 4664; x_wconf 85' lang='grc' dir='ltr'>ἐν</span> 
     </span>
    </p>
   </div>
   <div class='ocr_carea' id='block_1_94' title="bbox 655 4696 2228 4782">
    <p class='ocr_par' dir='ltr' id='par_1_94' title="bbox 655 4696 2228 4782">
     <span class='ocr_line' id='line_1_94' title="bbox 655 4696 2228 4782; baseline 0.015 -35"><span class='ocrx_word' id='word_1_687' title='bbox 655 4696 722 4749; x_wconf 81' lang='lat' dir='ltr'><strong>ab</strong></span> <span class='ocrx_word' id='word_1_688' title='bbox 758 4698 984 4753; x_wconf 81' lang='lat' dir='ltr'><strong>istorum</strong></span> <span class='ocrx_word' id='word_1_689' title='bbox 1017 4700 1279 4758; x_wconf 83' lang='lat' dir='ltr'><strong>ﬁliatione</strong></span> <span class='ocrx_word' id='word_1_690' title='bbox 1303 4705 1675 4776; x_wconf 89' lang='lat' dir='ltr'><strong>discrepatura</strong></span> <span class='ocrx_word' id='word_1_691' title='bbox 1708 4711 1870 4766; x_wconf 83' lang='lat' dir='ltr'><strong>fuerit</strong></span> <span class='ocrx_word' id='word_1_692' title='bbox 1904 4712 2066 4782; x_wconf 83' lang='lat' dir='ltr'><strong>hujus</strong></span> <span class='ocrx_word' id='word_1_693' title='bbox 2092 4714 2228 4769; x_wconf 82' lang='lat' dir='ltr'><strong>filia-</strong></span> 
     </span>
    </p>
   </div>
   <div class='ocr_carea' id='block_1_95' title="bbox 655 4789 2225 4873">
    <p class='ocr_par' dir='ltr' id='par_1_95' title="bbox 655 4789 2225 4873">
     <span class='ocr_line' id='line_1_95' title="bbox 655 4789 2225 4873; baseline 0.015 -34"><span class='ocrx_word' id='word_1_694' title='bbox 655 4789 750 4842; x_wconf 77' lang='lat' dir='ltr'><strong>Iio.</strong></span> <span class='ocrx_word' id='word_1_695' title='bbox 794 4789 970 4860; x_wconf 82' lang='lat' dir='ltr'><strong>Atque</strong></span> <span class='ocrx_word' id='word_1_696' title='bbox 1007 4801 1063 4844; x_wconf 91' lang='lat' dir='ltr'><strong>ut</strong></span> <span class='ocrx_word' id='word_1_697' title='bbox 1089 4793 1334 4849; x_wconf 91' lang='lat' dir='ltr'><strong>insanam</strong></span> <span class='ocrx_word' id='word_1_698' title='bbox 1366 4799 1523 4852; x_wconf 90' lang='lat' dir='ltr'><strong>istam</strong></span> <span class='ocrx_word' id='word_1_699' title='bbox 1550 4801 1853 4857; x_wconf 87' lang='lat' dir='ltr'><strong>doctrinam</strong></span> <span class='ocrx_word' id='word_1_700' title='bbox 1881 4807 2225 4873; x_wconf 85' lang='lat' dir='ltr'><strong>confirment,</strong></span> 
     </span>
    </p>
   </div>
   <div class='ocr_carea' id='block_1_96' title="bbox 657 4877 2228 4959">
    <p class='ocr_par' dir='ltr' id='par_1_96' title="bbox 657 4877 2228 4959">
     <span class='ocr_line' id='line_1_96' title="bbox 657 4877 2228 4959; baseline 0.015 -29"><span class='ocrx_word' id='word_1_701' title='bbox 657 4877 725 4931; x_wconf 89' lang='lat' dir='ltr'><strong>Sc</strong></span> <span class='ocrx_word' id='word_1_702' title='bbox 743 4878 966 4948; x_wconf 88' lang='lat' dir='ltr'><strong>ripturis</strong></span> <span class='ocrx_word' id='word_1_703' title='bbox 994 4885 1169 4939; x_wconf 88' lang='lat' dir='ltr'><strong>sacris</strong></span> <span class='ocrx_word' id='word_1_704' title='bbox 1206 4891 1601 4946; x_wconf 86' lang='lat' dir='ltr'><strong>contumeliose</strong></span> <span class='ocrx_word' id='word_1_705' title='bbox 1649 4895 1954 4959; x_wconf 89' lang='lat' dir='ltr'><strong>illudentes,</strong></span> <span class='ocrx_word' id='word_1_706' title='bbox 1998 4899 2228 4952; x_wconf 75' lang='lat' dir='ltr'><strong>afferunt</strong></span> 
     </span>
    </p>
   </div>
   <div class='ocr_carea' id='block_1_97' title="bbox 664 4969 2222 5043">
    <p class='ocr_par' dir='ltr' id='par_1_97' title="bbox 664 4969 2222 5043">
     <span class='ocr_line' id='line_1_97' title="bbox 664 4969 2222 5043; baseline 0.014 -22"><span class='ocrx_word' id='word_1_707' title='bbox 664 4969 796 5022; x_wconf 90' lang='lat' dir='ltr'><strong>illud</strong></span> <span class='ocrx_word' id='word_1_708' title='bbox 839 4973 982 5039; x_wconf 88' lang='lat' dir='ltr'><strong>quod</strong></span> <span class='ocrx_word' id='word_1_709' title='bbox 1042 4975 1096 5026; x_wconf 92' lang='lat' dir='ltr'><strong>in</strong></span> <span class='ocrx_word' id='word_1_710' title='bbox 1150 4973 1384 5031; x_wconf 89' lang='lat' dir='ltr'><strong>Psalmis</strong></span> <span class='ocrx_word' id='word_1_711' title='bbox 1436 4979 1504 5033; x_wconf 93' lang='lat' dir='ltr'><strong>de</strong></span> <span class='ocrx_word' id='word_1_712' title='bbox 1543 4980 1764 5037; x_wconf 88' lang='lat' dir='ltr'><strong>Christo</strong></span> <span class='ocrx_word' id='word_1_713' title='bbox 1809 4986 2010 5039; x_wconf 86' lang='lat' dir='ltr'><strong>dictum</strong></span> <span class='ocrx_word' id='word_1_714' title='bbox 2049 4991 2222 5043; x_wconf 81' lang='lat' dir='ltr'><strong>est’:</strong></span> 
     </span>
    </p>
   </div>
   <div class='ocr_carea' id='block_1_98' title="bbox 668 5057 2218 5147">
    <p class='ocr_par' dir='ltr' id='par_1_98' title="bbox 668 5057 2218 5147">
     <span class='ocr_line' id='line_1_98' title="bbox 668 5057 2218 5147; baseline 0.015 -38"><span class='ocrx_word' id='word_1_715' title='bbox 668 5057 926 5114; x_wconf 68' lang='lat' dir='ltr'><strong>Dilexistt‘</strong></span> <span class='ocrx_word' id='word_1_716' title='bbox 944 5063 1237 5131; x_wconf 74' lang='lat' dir='ltr'><strong>justitiam,</strong></span> <span class='ocrx_word' id='word_1_717' title='bbox 1267 5077 1314 5119; x_wconf 89' lang='lat' dir='ltr'><strong>et</strong></span> <span class='ocrx_word' id='word_1_718' title='bbox 1347 5071 1507 5122; x_wconf 83' lang='lat' dir='ltr'><strong>odisti</strong></span> <span class='ocrx_word' id='word_1_719' title='bbox 1552 5073 1878 5142; x_wconf 73' lang='lat' dir='ltr'><strong>iniquitatem</strong></span> <span class='ocrx_word' id='word_1_720' title='bbox 1904 5093 1920 5128; x_wconf 92' lang='lat'><strong><em>:</em></strong></span> <span class='ocrx_word' id='word_1_721' title='bbox 1950 5091 2218 5147; x_wconf 81' lang='lat' dir='ltr'><strong>propterea</strong></span> 
     </span>
    </p>
   </div>
   <div class='ocr_carea' id='block_1_99' title="bbox 664 5144 2216 5232">
    <p class='ocr_par' dir='ltr' id='par_1_99' title="bbox 664 5144 2216 5232">
     <span class='ocr_line' id='line_1_99' title="bbox 664 5144 2216 5232; baseline 0.014 -30"><span class='ocrx_word' id='word_1_722' title='bbox 664 5154 817 5206; x_wconf 75' lang='lat' dir='ltr'><strong>unxit</strong></span> <span class='ocrx_word' id='word_1_723' title='bbox 848 5163 896 5206; x_wconf 79' lang='lat' dir='ltr'><strong>te</strong></span> <span class='ocrx_word' id='word_1_724' title='bbox 931 5144 1068 5208; x_wconf 77' lang='lat' dir='ltr'><strong>Deus</strong></span> <span class='ocrx_word' id='word_1_725' title='bbox 1103 5167 1220 5211; x_wconf 77' lang='lat' dir='ltr'><strong>tuus</strong></span> <span class='ocrx_word' id='word_1_726' title='bbox 1243 5159 1354 5212; x_wconf 84' lang='lat' dir='ltr'><strong>oleo</strong></span> <span class='ocrx_word' id='word_1_727' title='bbox 1387 5161 1585 5215; x_wconf 71' lang='lat' dir='ltr'><strong>lartitia&#39;</strong></span> <span class='ocrx_word' id='word_1_728' title='bbox 1607 5180 1713 5232; x_wconf 71' lang='lat' dir='ltr'><strong>pra:</strong></span> <span class='ocrx_word' id='word_1_729' title='bbox 1739 5144 2061 5222; x_wconf 72' lang='lat' dir='ltr'><strong>consortibus</strong></span> <span class='ocrx_word' id='word_1_730' title='bbox 2093 5174 2216 5225; x_wconf 76' lang='lat' dir='ltr'><strong>tuis.</strong></span> 
     </span>
    </p>
   </div>
   <div class='ocr_carea' id='block_1_100' title="bbox 785 5309 1662 5384">
    <p class='ocr_par' dir='ltr' id='par_1_100' title="bbox 785 5309 1662 5384">
     <span class='ocr_line' id='line_1_100' title="bbox 785 5309 1662 5384; baseline 0.016 -23"><span class='ocrx_word' id='word_1_731' title='bbox 785 5312 798 5340; x_wconf 83' lang='grc'>²</span> <span class='ocrx_word' id='word_1_732' title='bbox 836 5309 949 5365; x_wconf 84' lang='lat' dir='ltr'><strong>Isa.</strong></span> <span class='ocrx_word' id='word_1_733' title='bbox 981 5311 1110 5377; x_wconf 77' lang='lat'><strong>1,2.</strong></span> <span class='ocrx_word' id='word_1_734' title='bbox 1183 5319 1202 5347; x_wconf 84' lang='grc'>¹</span> <span class='ocrx_word' id='word_1_735' title='bbox 1233 5315 1386 5371; x_wconf 83' lang='lat' dir='ltr'><strong>Psal.</strong></span> <span class='ocrx_word' id='word_1_736' title='bbox 1423 5336 1568 5384; x_wconf 68' lang='lat' dir='ltr'><strong>XLIV,</strong></span> <span class='ocrx_word' id='word_1_737' title='bbox 1610 5322 1662 5375; x_wconf 93' lang='lat'><strong>8.</strong></span> 
     </span>
    </p>
   </div>
   <div class='ocr_carea' id='block_1_101' title="bbox 731 5425 2217 5567">
    <p class='ocr_par' dir='ltr' id='par_1_101' title="bbox 731 5425 2217 5567">
     <span class='ocr_line' id='line_1_101' title="bbox 731 5425 2217 5567; baseline 0.011 -87"><span class='ocrx_word' id='word_1_738' title='bbox 731 5425 812 5567; x_wconf 44' lang='lat' dir='ltr'><strong>E9)</strong></span> <span class='ocrx_word' id='word_1_739' title='bbox 847 5429 928 5480; x_wconf 79' lang='grc' dir='ltr'><strong>Οὐ</strong></span> <span class='ocrx_word' id='word_1_740' title='bbox 959 5425 1236 5507; x_wconf 63' lang='grc' dir='ltr'><strong>φυσικιξν.</strong></span> <span class='ocrx_word' id='word_1_741' title='bbox 1276 5435 1561 5502; x_wconf 74' lang='grc' dir='ltr'>Ἀςρύσικον</span> <span class='ocrx_word' id='word_1_742' title='bbox 1588 5439 1753 5493; x_wconf 75' lang='lat' dir='ltr'><strong>cddex</strong></span> <span class='ocrx_word' id='word_1_743' title='bbox 1775 5440 1976 5511; x_wconf 83' lang='lat' dir='ltr'><strong>Regius</strong></span> <span class='ocrx_word' id='word_1_744' title='bbox 2003 5441 2051 5496; x_wconf 87' lang='lat' dir='ltr'><strong>J.</strong></span> <span class='ocrx_word' id='word_1_745' title='bbox 2075 5441 2217 5497; x_wconf 93' lang='lat' dir='ltr'><strong>Pini.</strong></span> 
     </span>
     <span class='ocr_line' id='line_1_102' title="bbox 766 5497 2217 5567; baseline 0.012 -18"><span class='ocrx_word' id='word_1_746' title='bbox 766 5497 845 5565; x_wconf 80' lang='grc'><strong>10)</strong></span> <span class='ocrx_word' id='word_1_747' title='bbox 894 5498 1328 5567; x_wconf 71' lang='grc' dir='ltr'>Ἑρημώσαντες</span> <span class='ocrx_word' id='word_1_748' title='bbox 1355 5505 1529 5558; x_wconf 77' lang='grc' dir='ltr'>τοῦτό</span> <span class='ocrx_word' id='word_1_749' title='bbox 1559 5525 1725 5567; x_wconf 67' lang='grc' dir='ltr'>φασι.</span> <span class='ocrx_word' id='word_1_750' title='bbox 1762 5510 1890 5564; x_wconf 89' lang='lat' dir='ltr'><strong>Post</strong></span> <span class='ocrx_word' id='word_1_751' title='bbox 1919 5514 2031 5567; x_wconf 71' lang='lat' dir='ltr'><strong>hrrc</strong></span> <span class='ocrx_word' id='word_1_752' title='bbox 2059 5519 2217 5567; x_wconf 84' lang='lat' dir='ltr'><strong>verba</strong></span> 
     </span>
    </p>
   </div>
   <div class='ocr_carea' id='block_1_102' title="bbox 766 5497 2220 5577">
    <p class='ocr_par' dir='ltr' id='par_1_102' title="bbox 766 5497 2220 5577">
     <span class='ocr_line' id='line_1_103' title="bbox 766 5497 2220 5577; baseline 0.014 -30"><span class='ocrx_word' id='word_1_753' title='bbox 766 5497 874 5577; x_wconf 49' lang='lat'><strong>10)“</strong></span> <span class='ocrx_word' id='word_1_754' title='bbox 894 5497 1328 5577; x_wconf 65' lang='grc' dir='ltr'>Ἐρῃμῢᾳὰντες</span> <span class='ocrx_word' id='word_1_755' title='bbox 1351 5497 1529 5558; x_wconf 60' lang='grc' dir='ltr'>τοῦτό</span> <span class='ocrx_word' id='word_1_756' title='bbox 1559 5525 1725 5575; x_wconf 68' lang='grc' dir='ltr'>φασι.</span> <span class='ocrx_word' id='word_1_757' title='bbox 1762 5497 1890 5564; x_wconf 77' lang='grc' dir='ltr'><strong>Ροεῖ</strong></span> <span class='ocrx_word' id='word_1_758' title='bbox 1919 5497 2031 5567; x_wconf 60' lang='grc' dir='ltr'>ἥξεις</span> <span class='ocrx_word' id='word_1_759' title='bbox 2059 5519 2220 5567; x_wconf 83' lang='lat' dir='ltr'><strong>verba</strong></span> 
     </span>
    </p>
   </div>
   <div class='ocr_carea' id='block_1_103' title="bbox 666 5565 2221 5640">
    <p class='ocr_par' dir='ltr' id='par_1_103' title="bbox 666 5565 2221 5640">
     <span class='ocr_line' id='line_1_104' title="bbox 666 5565 2221 5640; baseline 0.008 -18"><span class='ocrx_word' id='word_1_760' title='bbox 666 5565 722 5640; x_wconf 73' lang='lat' dir='ltr'><strong>in</strong></span> <span class='ocrx_word' id='word_1_761' title='bbox 747 5565 1204 5640; x_wconf 71' lang='lat' dir='ltr'><strong>codicoLeonis</strong></span> <span class='ocrx_word' id='word_1_762' title='bbox 1231 5565 1406 5640; x_wconf 54' lang='grc' dir='ltr'>Αιιὶξιιὶ</span> <span class='ocrx_word' id='word_1_763' title='bbox 1454 5565 1576 5629; x_wconf 68' lang='grc' dir='ltr'><strong>ὴαξιῖ</strong></span> <span class='ocrx_word' id='word_1_764' title='bbox 1612 5581 1902 5640; x_wconf 85' lang='lat' dir='ltr'><strong>adduntur,</strong></span> <span class='ocrx_word' id='word_1_765' title='bbox 1940 5565 2221 5636; x_wconf 43' lang='lat' dir='ltr'><strong>cossim;</strong></span> 
     </span>
    </p>
   </div>
   <div class='ocr_carea' id='block_1_104' title="bbox 667 5637 2220 5721">
    <p class='ocr_par' dir='ltr' id='par_1_104' title="bbox 667 5637 2220 5721">
     <span class='ocr_line' id='line_1_105' title="bbox 667 5637 2220 5721; baseline 0.01 -32"><span class='ocrx_word' id='word_1_766' title='bbox 667 5639 854 5721; x_wconf 73' lang='grc' dir='ltr'>ἔχοντα</span> <span class='ocrx_word' id='word_1_767' title='bbox 879 5637 1111 5721; x_wconf 74' lang='grc' dir='ltr'>ἰδιότητα</span> <span class='ocrx_word' id='word_1_768' title='bbox 1142 5637 1486 5721; x_wconf 50' lang='grc' dir='ltr'>πρὸς-αὑτὸν,</span> <span class='ocrx_word' id='word_1_769' title='bbox 1520 5648 1653 5721; x_wconf 45' lang='lat' dir='ltr'><strong>and:</strong></span> <span class='ocrx_word' id='word_1_770' title='bbox 1675 5651 1767 5721; x_wconf 48' lang='grc' dir='ltr'>κατ)</span> <span class='ocrx_word' id='word_1_771' title='bbox 1797 5637 1954 5704; x_wconf 75' lang='grc' dir='ltr'>αὑτὸν</span> <span class='ocrx_word' id='word_1_772' title='bbox 1986 5655 2220 5721; x_wconf 78' lang='grc' dir='ltr'>τρεπτῆς</span> 
     </span>
    </p>
   </div>
   <div class='ocr_carea' id='block_1_105' title="bbox 667 5708 2218 5785">
    <p class='ocr_par' dir='ltr' id='par_1_105' title="bbox 667 5708 2218 5785">
     <span class='ocr_line' id='line_1_106' title="bbox 667 5708 2218 5785; baseline 0.012 -29"><span class='ocrx_word' id='word_1_773' title='bbox 667 5708 995 5785; x_wconf 62' lang='grc' dir='ltr'>ςτυγχᾲνοντα</span> <span class='ocrx_word' id='word_1_774' title='bbox 1026 5708 1255 5785; x_wconf 63' lang='grc' dir='ltr'>φύσειρς.</span> <span class='ocrx_word' id='word_1_775' title='bbox 1283 5713 1414 5766; x_wconf 83' lang='lat' dir='ltr'><strong>Male</strong></span> <span class='ocrx_word' id='word_1_776' title='bbox 1453 5708 1688 5784; x_wconf 76' lang='lat' dir='ltr'><strong>quidem.</strong></span> <span class='ocrx_word' id='word_1_777' title='bbox 1725 5720 1844 5773; x_wconf 73' lang='lat' dir='ltr'><strong>Hrec</strong></span> <span class='ocrx_word' id='word_1_778' title='bbox 1880 5708 2032 5774; x_wconf 55' lang='lat' dir='ltr'><strong>enini</strong></span> <span class='ocrx_word' id='word_1_779' title='bbox 2056 5708 2218 5776; x_wconf 67' lang='lat' dir='ltr'><strong>verba</strong></span> 
     </span>
    </p>
   </div>
   <div class='ocr_carea' id='block_1_106' title="bbox 666 5776 2217 5863">
    <p class='ocr_par' dir='ltr' id='par_1_106' title="bbox 666 5776 2217 5863">
     <span class='ocr_line' id='line_1_107' title="bbox 666 5776 2217 5863; baseline 0.012 -32"><span class='ocrx_word' id='word_1_780' title='bbox 666 5776 894 5833; x_wconf 76' lang='lat' dir='ltr'><strong>inferius</strong></span> <span class='ocrx_word' id='word_1_781' title='bbox 933 5777 1114 5833; x_wconf 89' lang='lat' dir='ltr'><strong>locum</strong></span> <span class='ocrx_word' id='word_1_782' title='bbox 1163 5782 1381 5848; x_wconf 84' lang='lat' dir='ltr'><strong>habent,</strong></span> <span class='ocrx_word' id='word_1_783' title='bbox 1417 5776 1485 5838; x_wconf 40' lang='lat' dir='ltr'><strong>ut.</strong></span> <span class='ocrx_word' id='word_1_784' title='bbox 1518 5788 1839 5845; x_wconf 78' lang='lat' dir='ltr'><strong>videbimus.</strong></span> <span class='ocrx_word' id='word_1_785' title='bbox 1884 5792 2217 5863; x_wconf 78' lang='lat' dir='ltr'><strong>Epiphanius</strong></span> 
     </span>
    </p>
   </div>
   <div class='ocr_carea' id='block_1_107' title="bbox 2329 4701 3889 4775">
    <p class='ocr_par' dir='ltr' id='par_1_107' title="bbox 2329 4701 3889 4775">
     <span class='ocr_line' id='line_1_108' title="bbox 2329 4701 3889 4775; baseline -0.003 -18"><span class='ocrx_word' id='word_1_786' title='bbox 2329 4705 2572 4775; x_wconf 79' lang='grc' dir='ltr'>Ψαλμοῖς</span> <span class='ocrx_word' id='word_1_787' title='bbox 2611 4706 2738 4774; x_wconf 80' lang='grc' dir='ltr'>περὶ</span> <span class='ocrx_word' id='word_1_788' title='bbox 2765 4704 2997 4774; x_wconf 83' lang='grc' dir='ltr'>Χριστοῦ</span> <span class='ocrx_word' id='word_1_789' title='bbox 3039 4705 3219 4775; x_wconf 76' lang='grc' dir='ltr'>ῥητὸν,</span> <span class='ocrx_word' id='word_1_790' title='bbox 3257 4702 3428 4764; x_wconf 75' lang='grc' dir='ltr'>οὕτως</span> <span class='ocrx_word' id='word_1_791' title='bbox 3457 4701 3595 4771; x_wconf 79' lang='grc' dir='ltr'>ἔχον·</span> <span class='ocrx_word' id='word_1_792' title='bbox 3643 4701 3889 4770; x_wconf 73' lang='grc' dir='ltr'><strong>Ἠτάπη-</strong></span> 
     </span>
    </p>
   </div>
   <div class='ocr_carea' id='block_1_108' title="bbox 2321 4792 3894 4862">
    <p class='ocr_par' dir='ltr' id='par_1_108' title="bbox 2321 4792 3894 4862">
     <span class='ocr_line' id='line_1_109' title="bbox 2321 4792 3894 4862; baseline -0.001 -15"><span class='ocrx_word' id='word_1_793' title='bbox 2321 4811 2438 4860; x_wconf 85' lang='grc' dir='ltr'>σας</span> <span class='ocrx_word' id='word_1_794' title='bbox 2477 4795 2900 4861; x_wconf 75' lang='grc' dir='ltr'>δικαιοσύνην,</span> <span class='ocrx_word' id='word_1_795' title='bbox 2957 4796 3053 4848; x_wconf 78' lang='grc' dir='ltr'>καὶ</span> <span class='ocrx_word' id='word_1_796' title='bbox 3113 4795 3411 4862; x_wconf 81' lang='grc' dir='ltr'>ἐμίσησας</span> <span class='ocrx_word' id='word_1_797' title='bbox 3461 4792 3736 4846; x_wconf 71' lang='grc' dir='ltr'>ἀδικίαν·</span> <span class='ocrx_word' id='word_1_798' title='bbox 3801 4793 3894 4846; x_wconf 81' lang='grc' dir='ltr'>διὰ</span> 
     </span>
    </p>
   </div>
   <div class='ocr_carea' id='block_1_109' title="bbox 2321 4884 3894 4955">
    <p class='ocr_par' dir='ltr' id='par_1_109' title="bbox 2321 4884 3894 4955">
     <span class='ocr_line' id='line_1_110' title="bbox 2321 4884 3894 4955; baseline -0.002 -16"><span class='ocrx_word' id='word_1_799' title='bbox 2321 4886 2493 4939; x_wconf 53' lang='lat' dir='ltr'><strong>metu</strong></span> <span class='ocrx_word' id='word_1_800' title='bbox 2523 4887 2728 4955; x_wconf 79' lang='grc' dir='ltr'>ἐχρισέ</span> <span class='ocrx_word' id='word_1_801' title='bbox 2757 4901 2830 4938; x_wconf 82' lang='grc' dir='ltr'><strong>σε</strong></span> <span class='ocrx_word' id='word_1_802' title='bbox 2856 4891 2887 4939; x_wconf 80' lang='grc' dir='ltr'><em>ὀ</em></span> <span class='ocrx_word' id='word_1_803' title='bbox 2918 4886 3059 4948; x_wconf 83' lang='grc' dir='ltr'>Θεός</span> <span class='ocrx_word' id='word_1_804' title='bbox 3096 4902 3210 4937; x_wconf 88' lang='grc' dir='ltr'><strong>σου</strong></span> <span class='ocrx_word' id='word_1_805' title='bbox 3248 4885 3452 4936; x_wconf 72' lang='grc' dir='ltr'>ἔλαιον</span> <span class='ocrx_word' id='word_1_806' title='bbox 3481 4884 3894 4952; x_wconf 62' lang='grc' dir='ltr'>ιὶςαὶλιάσεως</span> 
     </span>
    </p>
   </div>
   <div class='ocr_carea' id='block_1_110' title="bbox 2323 4978 3122 5046">
    <p class='ocr_par' dir='ltr' id='par_1_110' title="bbox 2323 4978 3122 5046">
     <span class='ocr_line' id='line_1_111' title="bbox 2323 4978 3122 5046; baseline -0.004 -16"><span class='ocrx_word' id='word_1_807' title='bbox 2323 4980 2479 5046; x_wconf 78' lang='grc' dir='ltr'>παρὰ</span> <span class='ocrx_word' id='word_1_808' title='bbox 2509 4978 2648 5044; x_wconf 87' lang='grc' dir='ltr'>τοὺς</span> <span class='ocrx_word' id='word_1_809' title='bbox 2667 4979 2958 5046; x_wconf 82' lang='grc' dir='ltr'>μετόχους</span> <span class='ocrx_word' id='word_1_810' title='bbox 2990 4993 3122 5028; x_wconf 79' lang='grc' dir='ltr'>σου.</span> 
     </span>
    </p>
   </div>
   <div class='ocr_carea' id='block_1_111' title="bbox 2325 5445 3891 5507">
    <p class='ocr_par' dir='ltr' id='par_1_111' title="bbox 2325 5445 3891 5507">
     <span class='ocr_line' id='line_1_112' title="bbox 2325 5445 3891 5507; baseline 0.004 -9"><span class='ocrx_word' id='word_1_811' title='bbox 2325 5456 2507 5501; x_wconf 84' lang='lat' dir='ltr'><strong>tamen</strong></span> <span class='ocrx_word' id='word_1_812' title='bbox 2545 5445 2919 5502; x_wconf 84' lang='lat' dir='ltr'><strong>Scbolasticus</strong></span> <span class='ocrx_word' id='word_1_813' title='bbox 2949 5450 3135 5504; x_wconf 89' lang='lat' dir='ltr'><strong>eadem</strong></span> <span class='ocrx_word' id='word_1_814' title='bbox 3171 5453 3331 5506; x_wconf 85' lang='lat' dir='ltr'><strong>verba</strong></span> <span class='ocrx_word' id='word_1_815' title='bbox 3364 5452 3418 5506; x_wconf 90' lang='lat' dir='ltr'><strong>in</strong></span> <span class='ocrx_word' id='word_1_816' title='bbox 3454 5469 3553 5507; x_wconf 89' lang='lat' dir='ltr'><strong>suo</strong></span> <span class='ocrx_word' id='word_1_817' title='bbox 3590 5453 3783 5507; x_wconf 84' lang='lat' dir='ltr'><strong>codice</strong></span> <span class='ocrx_word' id='word_1_818' title='bbox 3815 5457 3891 5507; x_wconf 77' lang='grc' dir='ltr'><strong>Ιρ.</strong></span> 
     </span>
    </p>
   </div>
   <div class='ocr_carea' id='block_1_112' title="bbox 2323 5518 3890 5590">
    <p class='ocr_par' dir='ltr' id='par_1_112' title="bbox 2323 5518 3890 5590">
     <span class='ocr_line' id='line_1_113' title="bbox 2323 5518 3890 5590; baseline 0.006 -22"><span class='ocrx_word' id='word_1_819' title='bbox 2323 5519 2400 5590; x_wconf 82' lang='lat' dir='ltr'><strong>git</strong></span> <span class='ocrx_word' id='word_1_820' title='bbox 2431 5520 2532 5571; x_wconf 90' lang='lat' dir='ltr'><strong>hoc</strong></span> <span class='ocrx_word' id='word_1_821' title='bbox 2572 5518 2710 5570; x_wconf 88' lang='lat' dir='ltr'><strong>loco.</strong></span> <span class='ocrx_word' id='word_1_822' title='bbox 2733 5518 2840 5590; x_wconf 19' lang='lat' dir='ltr'><strong>ASic</strong></span> <span class='ocrx_word' id='word_1_823' title='bbox 2873 5521 3017 5572; x_wconf 80' lang='lat' dir='ltr'><strong>enim</strong></span> <span class='ocrx_word' id='word_1_824' title='bbox 3046 5524 3202 5574; x_wconf 85' lang='lat' dir='ltr'><strong>vertit</strong></span> <span class='ocrx_word' id='word_1_825' title='bbox 3229 5544 3240 5575; x_wconf 87' lang='lat'><strong>;</strong></span> <span class='ocrx_word' id='word_1_826' title='bbox 3273 5523 3429 5577; x_wconf 82' lang='lat' dir='ltr'><strong>Omni</strong></span> <span class='ocrx_word' id='word_1_827' title='bbox 3454 5526 3745 5577; x_wconf 80' lang='lat' dir='ltr'><strong>reverentia</strong></span> <span class='ocrx_word' id='word_1_828' title='bbox 3769 5540 3890 5590; x_wconf 79' lang='lat' dir='ltr'><strong>spo-</strong></span> 
     </span>
    </p>
   </div>
   <div class='ocr_carea' id='block_1_113' title="bbox 2324 5587 3886 5661">
    <p class='ocr_par' dir='ltr' id='par_1_113' title="bbox 2324 5587 3886 5661">
     <span class='ocr_line' id='line_1_114' title="bbox 2324 5587 3886 5661; baseline 0.007 -24"><span class='ocrx_word' id='word_1_829' title='bbox 2324 5587 2510 5661; x_wconf 78' lang='lat' dir='ltr'><strong>liantes</strong></span> <span class='ocrx_word' id='word_1_830' title='bbox 2562 5588 2886 5661; x_wconf 75' lang='lat' dir='ltr'><strong>semetipsos,</strong></span> <span class='ocrx_word' id='word_1_831' title='bbox 2927 5591 3114 5644; x_wconf 87' lang='lat' dir='ltr'><strong>aiunt:</strong></span> <span class='ocrx_word' id='word_1_832' title='bbox 3145 5590 3251 5645; x_wconf 82' lang='lat' dir='ltr'><strong>Nec</strong></span> <span class='ocrx_word' id='word_1_833' title='bbox 3291 5595 3523 5661; x_wconf 82' lang='lat' dir='ltr'><strong>aliquam</strong></span> <span class='ocrx_word' id='word_1_834' title='bbox 3568 5596 3721 5645; x_wconf 80' lang='lat' dir='ltr'><strong>habet</strong></span> <span class='ocrx_word' id='word_1_835' title='bbox 3761 5587 3886 5657; x_wconf 69' lang='lat' dir='ltr'><strong>pro-</strong></span> 
     </span>
    </p>
   </div>
   <div class='ocr_carea' id='block_1_114' title="bbox 2320 5657 3884 5730">
    <p class='ocr_par' dir='ltr' id='par_1_114' title="bbox 2320 5657 3884 5730">
     <span class='ocr_line' id='line_1_115' title="bbox 2320 5657 3884 5730; baseline 0.005 -23"><span class='ocrx_word' id='word_1_836' title='bbox 2320 5659 2592 5730; x_wconf 68' lang='lat' dir='ltr'><strong>prictatcm</strong></span> <span class='ocrx_word' id='word_1_837' title='bbox 2632 5657 2698 5730; x_wconf 80' lang='lat' dir='ltr'><strong>ad</strong></span> <span class='ocrx_word' id='word_1_838' title='bbox 2729 5675 2843 5730; x_wconf 79' lang='lat' dir='ltr'><strong>eum</strong></span> <span class='ocrx_word' id='word_1_839' title='bbox 2870 5673 2886 5708; x_wconf 91' lang='lat'><strong><em>:</em></strong></span> <span class='ocrx_word' id='word_1_840' title='bbox 2913 5661 2999 5712; x_wconf 79' lang='lat' dir='ltr'><strong>sed</strong></span> <span class='ocrx_word' id='word_1_841' title='bbox 3022 5678 3138 5713; x_wconf 84' lang='lat' dir='ltr'><strong>cum</strong></span> <span class='ocrx_word' id='word_1_842' title='bbox 3169 5665 3234 5714; x_wconf 82' lang='lat' dir='ltr'><strong>sit</strong></span> <span class='ocrx_word' id='word_1_843' title='bbox 3272 5657 3387 5730; x_wconf 32' lang='lat' dir='ltr'><strong>ipse.</strong></span> <span class='ocrx_word' id='word_1_844' title='bbox 3419 5677 3616 5715; x_wconf 85' lang='lat' dir='ltr'><strong>natura</strong></span> <span class='ocrx_word' id='word_1_845' title='bbox 3656 5666 3884 5719; x_wconf 79' lang='lat' dir='ltr'><strong>mutabi-</strong></span> 
     </span>
    </p>
   </div>
   <div class='ocr_carea' id='block_1_115' title="bbox 2324 5727 3883 5803">
    <p class='ocr_par' dir='ltr' id='par_1_115' title="bbox 2324 5727 3883 5803">
     <span class='ocr_line' id='line_1_116' title="bbox 2324 5727 3883 5803; baseline 0.005 -26"><span class='ocrx_word' id='word_1_846' title='bbox 2324 5727 2411 5803; x_wconf 74' lang='lat' dir='ltr'><strong>lis,</strong></span> <span class='ocrx_word' id='word_1_847' title='bbox 2451 5729 2597 5779; x_wconf 78' lang='lat' dir='ltr'><strong>scivit</strong></span> <span class='ocrx_word' id='word_1_848' title='bbox 2638 5728 2701 5782; x_wconf 83' lang='lat' dir='ltr'><strong>de</strong></span> <span class='ocrx_word' id='word_1_849' title='bbox 2722 5729 2816 5782; x_wconf 76' lang='lat' dir='ltr'><strong>illo</strong></span> <span class='ocrx_word' id='word_1_850' title='bbox 2852 5730 2989 5784; x_wconf 80' lang='lat' dir='ltr'><strong>Deus</strong></span> <span class='ocrx_word' id='word_1_851' title='bbox 3014 5727 3343 5798; x_wconf 76' lang='lat' dir='ltr'><strong>prwscientia</strong></span> <span class='ocrx_word' id='word_1_852' title='bbox 3374 5745 3421 5789; x_wconf 82' lang='lat' dir='ltr'><strong>et</strong></span> <span class='ocrx_word' id='word_1_853' title='bbox 3449 5735 3883 5803; x_wconf 72' lang='lat' dir='ltr'><strong>prii-contempta-</strong></span> 
     </span>
    </p>
   </div>
   <div class='ocr_carea' id='block_1_116' title="bbox 2323 5798 2608 5867">
    <p class='ocr_par' dir='ltr' id='par_1_116' title="bbox 2323 5798 2608 5867">
     <span class='ocr_line' id='line_1_117' title="bbox 2323 5798 2608 5867; baseline 0.004 -20"><span class='ocrx_word' id='word_1_854' title='bbox 2323 5798 2608 5867; x_wconf 39' lang='lat' dir='ltr'><strong>tiunchctc.</strong></span> 
     </span>
    </p>
   </div>
  </div>
