4036 6320
127 414 216 476 553

1536 419 1888 475 EPISTOLAE
1899 461 1911 474 .

3248 425 3355 479 556

180 535 262 592 IV.
292 536 426 610 Περὶ
455 536 560 607 μὲν
585 529 687 591 οὖν
713 535 797 590 ὅτι
819 534 853 587 ὁ
881 534 1008 601 Υἱὸς
1037 537 1130 591 τοῦ
1160 537 1315 605 Θεοῦ,
1345 537 1466 593 οὔτε
1504 540 1561 608 ἐξ
1589 541 1667 595 oin

1861 537 1948 594 IV.
1996 537 2190 594 Verum
2223 540 2366 609 quod
2396 539 2564 596 Filius
2595 537 2687 593 Dei
2713 537 2890 594 iactus
2917 552 3024 594 non
3058 538 3130 593 sit
3174 555 3240 593 ex
3266 542 3350 593 ni-

117 628 269 682 omv
293 628 614 698 γεγένηται,
645 626 772 682 οὕτε
800 621 866 698 ἦν
896 643 1023 682 ποτε
1052 629 1140 682 ὅτε
1163 629 1263 683 οὐκ
1287 625 1376 698 ἦν,
1408 631 1684 702 αὐτάρκης

119 707 382 774 τεαιδεῦσιι
423 720 692 792 Ἰωάννης
727 723 756 775 ό
796 722 1212 793 εὐαγγελιατὴς,
1242 721 1466 793 γράφων
1511 723 1684 788 οὕτως

117 811 230 884 περὶ
254 809 440 866 αὐτοῦ·
485 811 543 864 '0
571 813 913 883 μονογενὴς
941 814 1090 881 Υἱὸς,
1117 817 1151 869 ό
1184 814 1269 867 ὢν
1295 817 1382 881 εις
1413 815 1520 869 τὸν
1544 819 1682 871 nd.)-

113 917 218 955 κον
240 901 344 956 τοῦ
374 904 638 971 Πατρός.
679 905 1077 976 Προνοούμενος
1111 904 1220 976 γὰρ
1247 906 1276 958 ό
1306 907 1446 969 Otto;
1471 906 1685 960 δεικνύ-

114 1010 190 1045 ναι
231 990 582 1057 διδάσκαλος,
615 994 859 1064 ἀλλήλων
905 994 1181 1068 ἀχώριστα
1227 997 1526 1067 πράγματα
1567 996 1682 1060 δύο,

111 1085 190 1138 τὸν
215 1083 435 1157 Πατέρα
467 1086 573 1140 καὶ
597 1087 690 1141 τὸν
714 1087 864 1155 Υῑὺν,
898 1089 1024 1142 ὄντα
1055 1088 1224 1142 αὐτὸν
1246 1090 1304 1143 ὲν
1329 1093 1440 1153 τοῖς
1467 1089 1683 1154 κόλποις

109 1177 192 1229 τοῦ
235 1177 450 1250 Πατρὺς
494 1179 802 1252 ὠνόμασεν.
852 1180 1009 1234 Ἀλλὰ
1055 1182 1166 1254 γὰρ
1207 1182 1302 1236 καὶ
1352 1184 1432 1238 ὅτι
1481 1187 1593 1248 τοῖς
1624 1185 1683 1250 ἐξ

110 1271 199 1322 οὐκ
231 1269 401 1324 ὄντων
445 1273 769 1343 γενομένοις
803 1276 832 1326 ὁ
872 1273 1043 1342 Λόγος
1070 1274 1166 1328 τοῦ
1201 1274 1336 1328 Θεοῦ
1377 1276 1436 1329 οὺ
1469 1293 1684 1348 συναριρ

110 1360 328 1429 operm,
361 1354 576 1418 πάν-ἴα
604 1365 678 1427 δι’
712 1364 899 1418 αὐτοῦ
940 1366 1246 1436 γεγονέναι
1282 1369 1311 1420 ό
1337 1367 1497 1431 αὑτός
1519 1385 1683 1440 φησιν

119 1452 376 1523 Ἰωάννης.
415 1455 536 1525 Τὴν
569 1456 677 1528 γὰρ
708 1456 1005 1531 ἰδιότροπον
1036 1458 1200 1513 αὑτοῦ
1242 1459 1538 1513 ὑπόστασιν
1562 1461 1682 1531 ἐδή-

107 1541 262 1597 λωσεν
287 1519 504 1601 εἰπώνἰ
549 1519 951 1620 ’ἐν’ἁρχίίῆν
977 1553 1009 1602 ό
1039 1551 1259 1620 Λόγος,
1300 1550 1400 1605 καὶ
1429 1554 1462 1605 ὁ
1492 1519 1682 1621 Λόγος

101 1630 174 1704 ἦν
195 1635 342 1704 πρὸς
384 1639 499 1692 τὸν
547 1639 715 1703 Θεὸν,
760 1641 858 1693 καὶ
904 1641 1047 1707 Θεὸς
1075 1637 1154 1711 ἦν
1184 1644 1217 1696 ό
1243 1643 1452 1712 Λόγοςο
1485 1643 1682 1698 πάντα

105 1724 173 1777 δι’
199 1727 382 1782 αὐτοῦ
422 1728 694 1797 ἐγένετο,
732 1729 828 1783 καὶ
853 1730 1029 1799 χωρὶς
1057 1731 1240 1785 αὑτοῦ
1270 1732 1506 1802 ἐγένετο
1542 1732 1683 1787 οὐδὲ

107 1815 166 1869 ἐν
186 1817 214 1869 ὃ
243 1816 501 1888 γέγονεν
535 1818 668 1890 (Η).
697 1821 761 1874 El
789 1820 897 1892 γὰρ
930 1824 1104 1877 πάντα
1135 1823 1202 1875 δι’
1247 1824 1409 1876 αὐτοῦ
1443 1824 1678 1893 ἐγένετο,

1784 629 1917 696 hilo,
1954 638 2008 685 et
2053 628 2197 702 quod
2249 639 2465 700 tempus
2499 643 2608 684 non
2652 627 2814 684 fuerit
2856 644 2980 684 cum
3035 639 3348 694 nonesset,

1784 719 1998 775 abunde
2032 720 2191 777 docet
2234 717 2476 776 Joannes
2507 722 2836 797 evangelista
2867 719 2934 776 de
2974 719 3068 773 illo
3097 710 3184 774 ita
3215 720 3352 775 scri-

1784 813 1997 870 bens':
2028 811 2336 884 Unigenitus
2387 811 2582 878 Filius,
2615 815 2814 884 quiest
2863 815 2918 868 in
2969 814 3087 868 sinu
3141 812 3348 870 Patris.

1782 903 1916 958 Nam
1962 920 2088 959 cum
2133 905 2351 961 divinus
2401 905 2659 975 magister
2691 904 2974 960 ostendere
3025 905 3208 963 vellet.
3253 901 3354 957 Pa-

1783 1003 1921 1051 trem
1947 1011 2011 1050 ac
2046 994 2244 1050 Filium
2270 995 2409 1050 duas
2430 1011 2518 1050 res
2549 1010 2671 1050 esse
2700 1011 2731 1048 a
2762 1010 2821 1049 se
2851 1003 3038 1050 mutuo
3059 996 3350 1066 insepara-

1783 1089 1940 1152 biles,
1981 1089 2128 1143 hunc
2181 1089 2236 1142 in
2285 1089 2407 1144 sinu
2460 1086 2639 1142 Patris
2690 1101 2812 1142 esse
2861 1087 3018 1144 dixit.
3057 1087 3178 1143 1am
3218 1102 3351 1142 vero

1783 1176 1930 1248 quod
1963 1176 2198 1234 Verbum
2235 1177 2328 1235 Dei
2379 1179 2520 1234 inter
2558 1193 2646 1233 res
2681 1193 2746 1232 ex
2779 1177 2952 1234 nihilo
2991 1187 3204 1236 creatas
3237 1194 3350 1234 non

1784 1270 2150 1334 contineatur,
2182 1271 2322 1326 idem
2351 1269 2588 1326 Joannes
2630 1277 2884 1336 testatur,
2918 1286 3040 1326 cum
3073 1271 3184 1327 ait:
3221 1272 3349 1327 Om-

1783 1363 1874 1415 nia
1905 1377 1998 1430 per
2021 1363 2192 1430 ipsum
2227 1362 2371 1430 facta
2395 1379 2525 1417 esse.
2555 1362 2836 1434 Propriam
2858 1363 3004 1418 enim
3036 1363 3156 1432 ejus
3181 1364 3350 1435 hypo-
3456 1381 3461 1384 ·

1784 1453 1957 1508 stasin
2009 1453 2308 1508 declaravit
2357 1455 2544 1510 dicens
2567 1456 2628 1508 δε
2663 1453 2728 1508 1n
2777 1455 3033 1523 principio
3072 1466 3187 1509 erat
3221 1455 3350 1510 Ver-

1785 1541 1927 1609 bum,
1961 1552 2011 1596 et
2049 1541 2275 1596 Verbum
2297 1552 2409 1597 erat
2441 1544 2579 1612 apud
2605 1543 2791 1610 Deum,
2820 1555 2869 1598 et
2902 1544 3045 1598 Deus
3074 1555 3187 1599 erat
3223 1545 3351 1600 Ver-

1783 1634 1902 1687 bum
1926 1650 1944 1685 :
1971 1635 2148 1689 omnia
2182 1651 2274 1704 per
2303 1636 2474 1704 ipsum
2509 1635 2652 1704 facta
2685 1647 2828 1699 sunt,
2879 1645 2930 1689 et
2979 1636 3090 1691 sine
3123 1637 3237 1706 ipso
3265 1638 3351 1707 fa-

1782 1736 1924 1780 ctum
1958 1736 2035 1781 est
2074 1727 2206 1781 nihil
2237 1726 2374 1797 quod
2405 1725 2607 1795 facium
2637 1737 2733 1781 est.
2765 1725 2896 1781 Nam
2949 1729 2994 1784 si
3043 1731 3224 1784 omnia
3254 1746 3350 1800 per

1783 1816 1961 1886 ipsum
1987 1817 2126 1871 facta
2155 1825 2306 1881 sunt,
2341 1816 2613 1886 quomodo
2636 1818 2682 1871 is
2704 1819 2797 1886 qui
2829 1817 2993 1874 rebus
3033 1819 3189 1875 factis
3211 1836 3349 1889 prae-

108 1907 210 1971 πῶς
453 1882 773 1982 γενομένοις
801 1882 877 1966 ’τό
908 1908 1046 1968 εἶναι
1093 1882 1496 1986 χαρισάμενος.
1515 1883 1667 1978 αὐτὸς

1781 1882 1922 1960 s—titit
1956 1913 2014 1961 ut
2043 1915 2245 1969 essent,
2294 1882 2409 1978 ipse
2455 1882 2752 1977 aliquando
2788 1923 2897 1964 non
2945 1911 3190 1965 exstitit?
3213 1882 3350 1966 ἦρι-ο

107 1999 222 2053 iure
264 2002 367 2056 οὐκ
397 1998 505 2074 ἧν;
535 2007 609 2059 Οὐ
649 2007 760 2077 γάρ
786 2019 903 2071 πως
939 2011 967 2062 ό
1007 2009 1177 2074 Λόγος
1219 2010 1282 2063 τὸ
1319 2012 1525 2075 ποιοῦν,
1563 2015 1676 2075 τοῖς

107 2091 404 2160 γενομένοις
438 2095 544 2164 τῆς
591 2096 760 2168 αὐτῆς
802 2094 938 2150 εἶναι
969 2098 1182 2167 φύσεως
1216 2099 1526 2170 διορίζεται·
1561 2102 1676 2171 εἴγε

108 2179 254 2244 αΰτὸς
287 2184 388 2254 μὲν
417 2181 493 2256 ἦν
530 2187 590 2240 ὲν
626 2189 792 2260 ἀρχῇ,
835 2189 1010 2243 πάντα
1044 2189 1100 2243 δὲ
1139 2190 1208 2243 δι’
1235 2191 1400 2244 αὐτοῦ
1442 2191 1677 2259 ἐγένετο,

109 2267 191 2320 καὶ
215 2267 272 2334 ἐξ
299 2270 404 2325 οὐκ
433 2272 609 2328 όντων
649 2277 922 2346 ἐποίησεν.
958 2276 1226 2332 Ἐναντίον
1247 2281 1359 2350 γὰρ
1395 2280 1540 2348 δοκεί
1567 2285 1679 2346 τοῖς

109 2356 157 2422 ἐξ
185 2358 280 2413 οὐκ
314 2361 496 2416 ὄντων
536 2367 847 2436 γενομένοις
883 2369 944 2423 τὸ
984 2369 1064 2433 ὃν,
1093 2372 1186 2424 καὶ
1217 2371 1522 2442 ἀφεστηκὸς
1552 2373 1678 2442 σφό-

106 2447 215 2517 δρα.
245 2451 320 2503 Τὸ
373 2454 481 2523 μὲν
528 2455 670 2526 γὰρ,
718 2458 921 2528 μεταξὺ
961 2461 1177 2531 Πατρὸς
1218 2463 1312 2516 καὶ⁹
1358 2463 1486 2516 Υἱοῦ
1524 2465 1677 2519 οὐδὲν

107 2537 362 2596 δείκνυσιν
409 2541 555 2598 εἶναι
602 2547 902 2621 διάστημα,
952 2552 1058 2604 οὐδ’
1100 2552 1227 2626 ἄχρι
1279 2555 1420 2618 τινὸς
1469 2557 1676 2621 ἑννοίας

109 2627 249 2682 τοῦτο
295 2635 673 2700 φαντασιῶσαι
711 2639 812 2709 τῆς
852 2639 1030 2711 ψυχῆς
1063 2641 1380 2715 δυναμένης.
1417 2646 1490 2698 Τὸ
1527 2647 1584 2700 δὲ
1617 2647 1676 2714 ἐξ

106 2720 196 2774 οὐκ
217 2722 389 2779 ὄντων
415 2726 862 2801 δημιουργεῖσθαι
895 2735 984 2787 τὸν
1010 2734 1235 2806 κόσμον,
1264 2738 1533 2810 νεωτέραν
1566 2739 1675 2810 ἔχει

107 2814 195 2884 τῆς
221 2819 576 2887 ὑποστάσεως
604 2825 699 2878 καὶ
722 2827 1031 2897 πρόσφατον
1052 2828 1149 2901 τὴν
1181 2829 1414 2898 γένεσιν,
1449 2829 1551 2882 ὑπὸ
1580 2829 1674 2883 τοῦ

107 2902 307 2977 Πατρὺς
326 2910 420 2964 διὰ
449 2912 544 2967 τοῦ
569 2915 698 2969 Υἰοῦ
732 2918 947 2972 πάντων
973 2919 1269 2992 εἰληφότων
1297 2921 1398 2993 τὴν
1423 2922 1675 2994 τοιαύτην

109 2996 372 3086 οὖσίωσιν.
403 3003 630 3076 Μακρὸν
659 3006 789 3076 γοῦν
821 3009 1102 3082 Θεωρήσας
1125 3011 1218 3065 τοῦ
1249 3012 1383 3066 Θεοῦ
1412 3014 1595 3086 Λόγου.
1614 3014 1675 3067 τὸ

109 3080 190 3155 ἦν,
216 3093 311 3146 καὶ
340 3093 641 3169 ὑπεραῖρον
670 3100 771 3173 τῆς
805 3103 914 3156 τῶν
944 3080 1215 3178 γεννητῶν
1245 3105 1481 3171 διανοίας
1500 3080 1621 3178 μέ)
1646 3110 1675 3160 ὁ

1781 1998 1908 2052 bum
1931 2000 2074 2053 enim
2097 1999 2242 2069 quod
2277 1999 2426 2062 facit,
2458 2015 2801 2071 nequaquam
2827 2001 3071 2072 ejusdem
3096 2019 3218 2059 esse
3249 2020 3348 2058 na-

1782 2098 1919 2143 turae
1959 2105 2081 2144 cum
2131 2092 2296 2146 rebus
2353 2091 2513 2146 factis
2564 2091 2890 2160 intelligitur
2931 2094 3176 2164 :quippe
3222 2110 3347 2148 cum

1783 2179 1959 2248 ipsum
1986 2181 2204 2251 quidem
2241 2191 2386 2236 esset
2439 2183 2494 2236 in
2527 2183 2797 2254 principio
2823 2201 2837 2250 ;
2861 2192 3057 2238 cuncta
3085 2197 3214 2238 vero
3253 2201 3348 2255 per

1785 2271 1917 2326 illud
1955 2271 2096 2326 facta
2127 2273 2238 2328 sint
2268 2282 2322 2326 et
2350 2289 2415 2328 ex
2445 2273 2615 2328 nihilo
2644 2275 2883 2328 condita.
2919 2274 3091 2330 Porro
3121 2276 3172 2330 id
3199 2277 3345 2346 quod

1781 2372 1888 2427 est,
1911 2365 2246 2420 contrarium
2272 2380 2392 2420 esse
2418 2366 2651 2428 videtur,
2682 2374 2735 2421 et
2773 2368 2932 2436 longe
2969 2368 3245 2423 diversum
3275 2370 3344 2424 ab

1780 2455 1890 2512 illis
1922 2473 2043 2526 quae
2081 2456 2222 2510 facta
2266 2463 2395 2511 sunt
2431 2473 2497 2511 ex
2523 2458 2712 2511 nihilo.
2766 2457 2898 2511 Nam
2953 2459 3085 2512 illud
3124 2460 3342 2528 quidem

1779 2548 2041 2613 declarat,
2074 2549 2284 2603 nullum
2326 2563 2451 2605 esse
2497 2549 2839 2603 intervallum
2870 2550 3011 2604 inter
3038 2548 3255 2606 Patrem
3290 2562 3343 2608 et

1779 2639 1998 2701 Filium,
2039 2654 2163 2693 cum
2210 2639 2426 2695 animus
2476 2654 2543 2693 ne
2594 2637 2826 2707 simplici
2876 2637 3093 2707 quidem
3136 2639 3342 2709 cogita-

1779 2732 1928 2786 tione
1964 2730 2166 2800 [iugere
2209 2731 2382 2801 possit
2415 2732 2581 2785 ullam
2621 2732 2762 2785 inter
2803 2736 3095 2801 utrumque
3136 2730 3341 2787 distan-

1778 2823 1932 2876 tiam.
1964 2820 2043 2876 Ex
2076 2821 2246 2876 nihilo
2288 2835 2418 2876 vero
2461 2821 2635 2875 creari
2676 2821 2957 2884 mundum,
2989 2820 3342 2876 recentiorem

1778 2913 1983 2969 indicat
2013 2930 2077 2968 ac
2092 2929 2367 2985 nuperam
2395 2914 2716 2969 substantia:
2744 2913 3031 2984 originem,
3063 2929 3188 2967 cum
3221 2914 3316 2968 uni

1777 3021 1933 3061 versa
1973 3005 2284 3076 hujusmodi
2327 3006 2623 3061 essentiam
2665 3021 2694 3058 a
2720 3004 2880 3059 Patre
2908 3004 3215 3074 acceperint
3247 3019 3343 3075 per

1777 3095 1996 3153 Filium.
2035 3097 2173 3152 Cum
2205 3098 2370 3167 igitur
2413 3097 2584 3153 divini
2625 3095 2782 3151 Verbi
2809 3097 3103 3152 essentiam
3132 3095 3339 3166 longis-

110 3180 491 3277 φλαξέστατος
537 3192 809 3266 Ἰωάννης,
859 3196 1074 3264 γένεσιν
1115 3199 1280 3254 αὑτοῦ
1319 3201 1412 3254 καὶ
1458 3201 1667 3273 ποίησιν

1777 3188 1935 3256 sime,
1967 3196 2021 3243 et
2047 3189 2188 3242 ultra
2218 3203 2433 3244 omnem
2465 3188 2848 3258 cogitationem
2880 3202 3067 3242 eorum
3098 3202 3219 3257 qua:
3243 3202 3338 3257 ge-

110 3269 413 3362 ᾁπηξιωσεν
455 3284 663 3348 εἰπεῖν,
705 3287 826 3341 οὐδὲ
853 3292 972 3352 ταῖς
1005 3291 1339 3362 ὁμοστοίχοις
1381 3269 1667 3357 συλλαϐαῖς

1777 3280 1892 3333 nita
1924 3287 2051 3334 sunt
2085 3280 2320 3350 positam
2367 3279 2826 3348 contemplaretur
2860 3278 3138 3348 piissimus
3175 3276 3339 3333 Joan-

112 3360 216 3434 (15)
241 3368 302 3421 τὸ
332 3373 521 3426 ποιοῦν
553 3377 666 3439 τοῖς
705 3379 1045 3449 γιγνομένοις
1089 3360 1350 3453 ὀνομάσαι
1377 3381 1669 3454 τολμήσας,

110 3457 212 3527 Οὐχ
257 3460 337 3515 ὅτι
380 3464 672 3536 ἀγέννητος
714 3464 800 3540 ἦν’
836 3470 896 3523 ἓν
927 3470 1036 3543 γὰρ
1067 3472 1361 3545 ἀγέννητον
1389 3477 1418 3529 ό
1455 3476 1667 3545 Πατήρο

113 3545 215 3600 ἀλλ’
252 3553 334 3606 ἕντι
374 3556 472 3625 τῆς
515 3557 810 3632 ἐξεσμένης
851 3560 958 3615 τῶν
1001 3564 1418 3634 εὐαγγελιστῶν,
1451 3568 1590 3636 τάχα
1613 3566 1670 3620 δὲ

113 3640 195 3692 καὶ
234 3643 481 3714 ἀγγέλων
525 3651 878 3722 καταλήψεως
928 3655 1255 3728 ὑπερέκεινά
1295 3658 1407 3731 (14)
1450 3660 1596 3711 ἐστιν
1633 3659 1666 3727 ἡ

113 3731 194 3799 τηῦ
229 3739 546 3808 μονογενοῦς
573 3741 707 3795 Θεοῦ
740 3745 1122 3818 ἀνεκδιήγητος
1148 3749 1460 3813 ὑπόστασις.

174 4000 232 4058 V.
270 4003 364 4067 Εἰς
410 4005 648 4070 εὐσεϐεῖς
688 4008 787 4060 οὐκ
835 4004 982 4079 οἶμαι
1026 4006 1370 4079 λογιζομένου
1415 4011 1523 4084 (15)
1567 4012 1660 4064 τοῦ

173 4155 193 4187 ³
215 4154 372 4215 Ιοαη.
402 4176 456 4226 ι,
498 4161 579 4217 l8.
642 4165 662 4196 ⁸
693 4165 821 4222 ibid.
852 4166 963 4220 1-5.

166 4314 271 4385 (ll)
311 4318 580 4390 Ἐγένετο
603 4320 745 4374 οὐδὲ
764 4319 884 4373 ἕνὸ
914 4321 1174 4390 γέγονεν.
1214 4320 1341 4376 Duae
1372 4333 1659 4390 postrema:

109 4397 255 4472 loces
301 4389 506 4472 desunt
537 4393 597 4472 in
643 4389 1148 4472 editionenlioberti
1184 4389 1472 4472 §tephani,
1515 4401 1568 4445 et
1602 4394 1655 4446 in

109 4450 402 4524 Basiliensi,
440 4471 493 4515 et
537 4463 592 4517 in
641 4463 832 4517 codice
878 4461 1048 4530 Regio
1089 4461 1138 4516 J.
1184 4450 1322 4515 Pini.
1376 4450 1656 4516 Habentur

111 4530 271 4602 tamen
297 4530 356 4602 in
389 4531 576 4588 codice
603 4533 802 4602 Leonis
833 4533 1034 4597 Allatii,
1061 4542 1114 4587 et
1139 4532 1194 4586 in
1244 4532 1491 4587 versione
1529 4533 1655 4602 Epi-

110 4594 276 4715 phanii
309 4600 656 4658 Scholastici.
687 4601 793 4658 Sed
821 4612 874 4658 et
913 4594 1443 4672 Cbristophorsonus
1476 4594 1654 4656 eas-in

131 4667 249 4715 Ibris
276 4672 398 4715 nnis
433 4681 710 4715 roum-arat
763 4681 822 4715 nl
851 4689 915 4715 ρι’
949 4673 1396 4715 intprnrplnlinnn
1421 4674 1540 4715 pina
1569 4689 1654 4715 an.

129 4666 249 4724 ibris
276 4672 398 4728 suis
433 4681 730 4744 repererat,
763 4681 824 4727 ut
851 4689 919 4728 ex
948 4666 1396 4741 interpretatione
1421 4674 1540 4742 ejus
1569 4689 1658 4745 ap-

111 4749 262 4804 paret.

170 4810 276 4897 (
310 4815 418 4897 K_al
439 4813 760 4897 ὑπεραῖρον
778 4814 888 4897 τῇς
915 4814 1032 4870 τῶν
1047 4813 1348 4897 πεννῃτῶν
1366 4813 1649 4897 διανοίας.

114 4874 454 4956 _Scribend_um
485 4874 618 4956 pu'tg
645 4874 888 4956 γενητῶν
917 4901 1014 4955 per
1042 4874 1275 4956 simplex
1303 4903 1364 4950 v;
1395 4893 1556 4956 atque
1579 4874 1652 4939 ita

112 4947 290 5018 legisse
323 4947 532 5008 videtur
569 4947 936 5026 Epiphanius;
962 4954 1056 5023 qui
1090 4947 1170 5009 sic
1193 4947 1388 5008 vertit:
1414 4947 1484 5026 Et
1501 4971 1649 5007 crea-

115 5027 269 5095 turam
336 5027 634 5079 universam
692 5026 1095 5095 intelligentiam
1179 5025 1647 5079 transcendentem.

112 5085 474 5163 Conjecturam
511 5109 684 5149 meam
731 5085 1072 5150 confirmavit
1100 5095 1231 5148 mihi
1267 5103 1452 5163 postea
1469 5095 1646 5149 .codex

111 5162 276 5231 regius
301 5161 362 5234 _J.
394 5161 536 5227 Puni,
571 5165 627 5234 in
671 5181 780 5234 quo
820 5167 894 5221 ita
933 5166 1100 5234 plane
1142 5161 1404 5234 scriptum
1441 5166 1644 5229 inveni,

111 5237 161 5308 ut
190 5232 549 5308 conjeceram.
601 5232 708 5308 Pro
751 5232 1068 5308 ὑπεραῖρον,
1099 5235 1174 5308 _i_n
1213 5232 1450 5308 editione
1499 5234 1648 5290 Basi-

113 5296 248 5383 liensi
284 5296 480 5383 legitur
505 5303 816 5375 ὑπερόριον,
841 5296 896 5363 et
923 5296 981 5360 in
1015 5296 1202 5362 codice
1234 5305 1526 5373 Allatiano,
1563 5322 1646 5361 re-

111 5379 231 5428 ctius
262 5379 322 5425 ut
351 5379 562 5440 opinor.

161 5447 267 5516 (l3)
492 5443 622 5516 τρῖς
644 5445 1036 5516 Δῥμοστοίχοις
1063 5443 1413 5516 συλλμὸἳιῖς.
1441 5443 1499 5516 In
1538 5458 1644 5500 ms.

106 5512 270 5573 codice
293 5513 505 5571 Henrici
531 5512 762 5578 Savillii,
786 5525 842 5571 et
862 5512 1177 5571 in'editione
1212 5515 1492 5570 Basiliensi
1515 5517 1649 5570 scri-

106 5585 231 5657 bitur
280 5587 604 5657 όμοστιχοίς,
637 5584 1021 5657 ωἱηιιεύι-εοιε,
1069 5594 1127 5657 u_t
1165 5586 1413 5654 equidem
1450 5585 1644 5657 sentio.

107 5656 244 5712 Certe
268 5649 634 5719 Camerarius,
655 5655 748 5723 qui
771 5649 1060 5710 editionem
1084 5649 1432 5710 Basiliensem
1458 5649 1648 5709 Latine

109 5726 470 5797 interpretatus
489 5734 591 5787 est,
617 5725 970 5797 ὁμοστοίχοις,
997 5727 1141 5795 legit,
1165 5735 1224 5779 ut
1241 5740 1304 5797 ex
1332 5727 1649 5797 interpreta-

110 5792 384 5868 tione—ejus
419 5803 657 5865 apparet.
697 5792 787 5847 Sic
825 5792 968 5868 enim
991 5792 1159 5868 vertit
1191 5812 1201 5845 :
1239 5794 1321 5847 Ne
1350 5792 1648 5868 earumdem

107 5864 304 5928 quidem
335 5864 704 5921 elementorum
750 5864 1100 5931 complexione
1136 5869 1192 5920 in
1233 5881 1351 5919 voce
1383 5865 1646 5934 facientis,

326 5945 594 6006 PATROL.
639 5945 755 6006 Gn.
802 5945 1007 6005 XVIII.

1771 3387 1893 3434 nes,
1946 3372 2348 3442 generationem
2380 3371 2500 3440 ejus
2531 3379 2584 3425 et
2620 3370 2886 3425 facturam
2919 3370 3098 3427 dicere
3143 3370 3337 3436 noluit,

1771 3461 2032 3516 factorem
2065 3461 2259 3517 iisdem
2289 3463 2471 3518 verbis
2505 3463 2704 3532 quibus
2739 3477 2802 3516 ea
2854 3477 2975 3530 quae
3005 3463 3146 3515 facta
3187 3472 3335 3527 sunt,

1767 3555 2054 3624 designare
2085 3554 2307 3608 minime
2339 3569 2527 3609 ausus.
2560 3553 2679 3607 Non
2708 3553 2853 3623 quod
2884 3552 3119 3608 Verbum
3153 3553 3224 3607 sit
3250 3553 3333 3607 in—

1768 3647 2011 3716 genitum
2043 3666 2056 3701 :
2092 3647 2240 3702 solus
2263 3647 2408 3701 enim
2434 3645 2598 3700 Pater
2632 3647 2905 3716 ingenitus
2937 3653 3018 3701 est
3044 3666 3056 3699 :
3087 3645 3182 3700 sed
3204 3646 3332 3715 quia

1771 3739 2181 3793 solertissimam
2239 3738 2724 3808 evangelistarum,
2790 3737 3144 3808 ipsorumque
3196 3737 3331 3793 adeo

1769 3831 2082 3902 angelorum
2112 3829 2659 3899 comprehensionem
2693 3831 3027 3886 transcendit
3065 3831 3329 3901 unigeniti
3367 3829 3373 3837 ’

1765 3919 1887 3975 Filii
1925 3922 2324 3991 inexplicabilis
2354 3922 2730 3977 subsistentia.

1837 4012 1902 4068 V.
1941 4012 2121 4079 Quare
2157 4015 2296 4068 inter
2317 4013 2437 4083 pios
2470 4029 2588 4068 meo
2623 4012 2839 4083 quidem
2865 4013 3072 4083 judicio
3101 4029 3330 4070 censen.

1766 4323 2146 4394 autfactorum
2173 4324 2252 4375 uti
2280 4340 2462 4378 ausus.
2487 4325 2546 4378 In
2587 4326 2734 4394 regio
2766 4327 2894 4382 item
2921 4327 3110 4382 codice
3125 4327 3176 4382 J.
3203 4327 3326 4383 Pini

1765 4392 2024 4466 scriptum
2061 4394 2242 4466 inveni
2277 4396 2631 4463 ὁμοστοίχοις.
2654 4392 2840 4466 Hujus
2886 4405 3066 4451 autem
3103 4399 3205 4452 loci
3237 4415 3326 4454 sa-

1763 4464 1833 4517 tis
1876 4463 2096 4539 obseuri
2140 4464 2636 4539 hic__e_st__sensus.
2678 4463 2917 4522 Joannes
2963 4469 3322 4539 evangelista,

1689 4575 1731 4629 D
1761 4548 1884 4629 cum
1919 4533 2180 4629 originem
2223 4533 2340 4586 Filii
2376 4533 2663 4629 Deirvellet
2695 4552 2984 4629 expoqere,
3019 4533 3138 4629 eam
3171 4554 3199 4591 a
3238 4555 3325 4629 rs-

1763 4618 1884 4656 rum
1915 4611 2234 4676 creatarum
2261 4605 2618 4673 productione
2650 4605 2808 4676 longe
2844 4608 3092 4662 distinxit
3115 4626 3128 4674 ;
3151 4611 3324 4662 cavit-

1762 4689 1868 4742 que
1897 4673 2330 4742 diligentissime,
2363 4689 2430 4728 ne
2469 4676 2524 4728 in
2558 4673 2883 4731 declaranda
2927 4677 3046 4730 Filii
3084 4673 3321 4734 essentia

1763 4743 1954 4814 iisdem
2002 4745 2182 4798 verbis
2230 4752 2494 4809 uteretur,
2539 4747 2738 4814 quibus
2780 4763 2962 4801 rerum
3013 4757 3317 4802 creatarbm

1760 4813 2024 4887 originem
2048 4816 2315 4882 exposuit.
2340 4815 2471 4887 Nam
2507 4813 2569 4869 in,
2593 4817 2916 4871 declaranda
2949 4819 3162 4887 quidem
3195 4816 3319 4874 Filii

1759 4885 2017 4957 essentia,
2058 4900 2192 4938 usus
2223 4895 2307 4938 est
2337 4886 2501 4939 verbo
2531 4896 2664 4957 erat,
2701 4888 2754 4940 in
2788 4885 3104 4957 exponenda
3133 4897 3314 4942 autem

1759 4954 1976 5026 origine
1997 4967 2177 5026 rerum
2208 4963 2511 5026 creatarum
2534 4956 2670 5008 dixit
2694 4954 2927 5025 ἐγένετο,
2961 4959 3012 5011 id
3054 4965 3138 5011 est
3167 4958 3314 5026 facta

1757 5020 1905 5097 sunt1
1943 5020 2175 5097 Su_bjicit
2198 5024 2406 5097 deinde
2438 5020 2766 5097 Alexander,
2788 5029 2884 5097 οὐχ
2914 5028 2993 5080 ὅτι
3019 5020 3314 5097 ἀγέννητος

1755 5088 1822 5167 ἦν
1841 5111 1852 5122 ·
1885 5093 1942 5167 ἓν
1970 5088 2079 5167 γὰρ
2111 5095 2399 5167 ἀγέννητον
2425 5095 2678 5167 ὁΠαςεήρ,
2706 5097 2757 5151 id
2788 5088 2893 5161 esi,
2920 5114 3021 5150 non
3049 5088 3186 5164 quod
3207 5088 3313 5149 Ῥήξ

1755 5163 1857 5236 [ius
1892 5162 1988 5216 Dei
2019 5162 2122 5236 non
2152 5165 2237 5236 δίε⁸
2259 5162 2491 5236 genitus.
2519 5162 2690 5218 Unum
2717 5167 2853 5220 enim
2895 5177 2973 5220 est
2998 5162 3307 5236 ingenitum,

1756 5232 1916 5287 Pater
1945 5233 2162 5288 scilicet.
2205 5232 2335 5299 Qitae
2368 5235 2584 5304 quidem
2623 5236 2914 5290 Alexandri
2953 5232 3118 5291 verba
3152 5238 3306 5290 beni-

1752 5319 1856 5376 gne
1898 5304 2242 5376 intelligenda
2270 5315 2397 5359 sunt
2443 5306 2544 5358 hoc
2582 5307 2741 5359 modo
2769 5325 2781 5358 :
2813 5305 2930 5360 Non
2963 5308 3106 5376 quod
3138 5306 3309 5362 Filius

1754 5372 1845 5428 Dei
1900 5372 2224 5443 principium
2284 5376 2513 5444 originis
2548 5391 2659 5430 suae
2703 5391 2812 5429 non
2866 5372 3100 5442 habeat;
3146 5377 3307 5430 habet

1750 5445 1892 5498 enim
1928 5459 1986 5497 re
2013 5457 2138 5496 vera
2186 5445 2510 5515 principium
2551 5445 2798 5514 originis,
2839 5445 3075 5508 Patrem,
3108 5462 3173 5500 ex
3195 5461 3300 5515 quo

1749 5515 1961 5586 genitus
1983 5521 2066 5586 est
2093 5532 2105 5566 :
2139 5514 2234 5568 sed
2259 5516 2384 5584 quia
2416 5515 2621 5586 nullum
2648 5517 2809 5570 habet
2832 5518 3155 5586 principium
3176 5514 3295 5586 tern-

1748 5585 1918 5706 poris,
1948 5585 2151 5653 quippe
2179 5587 2272 5653 qui
2300 5586 2368 5638 ab
2399 5585 2545 5637 omni
2571 5585 2873 5640 aeternitate
2907 5591 3118 5656 genitus
3144 5585 3214 5639 sit
3237 5600 3289 5637 e1

1794 5662 1927 5706 atre.
1972 5654 2212 5706 ἀγρόνως
2241 5656 2333 5706 καὶ
2365 5654 2758 5706 ἀιιεσιτεύτως.
2792 5665 2851 5706 ut
2880 5656 3049 5706 Graaci
3091 5655 3279 5706 dicunt

1794 5662 1927 5716 atre,
1972 5654 2212 5722 ἀχρόνως
2241 5656 2333 5708 καὶ
2365 5654 2758 5724 ἀμεσιτεύτως,
2792 5665 2851 5710 ut
2880 5654 3049 5710 Graeci
3091 5655 3279 5708 dicunt

1747 5725 1800 5777 id
1833 5733 1915 5778 est
1936 5726 2052 5794 sine
2079 5725 2189 5794 ullo
2217 5732 2457 5794 tempore
2491 5738 2553 5777 ac
2594 5728 2789 5780 medio.

1845 5794 1930 5863 Μ)
1965 5791 2348 5864 ’Υπερέκειναῖ
2379 5795 2662 5864 Ἐπέκεινα
2679 5797 2845 5850 codex
2864 5795 3064 5864 Regius
3087 5791 3300 5864 J.7l_’ini.

1845 5865 1928 5934 l5)
1979 5863 2261 5930 Εὑσεϐεἴς
2315 5866 2424 5919 οὐκ
2482 5862 2639 5935 οἶμαι
2695 5862 3094 5935 λογιζομένου.
3147 5862 3304 5916 Hunc

2921 5960 2994 6020 18
