4036 6320
135 415 228 467 557

1560 403 1937 463 EP'STOLIE.

3270 396 3375 456 558

139 545 282 598 γειν;
325 527 670 599 ’Δδιανὸητον
699 526 804 594 γὰρ
836 526 946 592 (20)
978 526 1069 578 καὶ
1104 525 1278 594 πάσης
1316 525 1552 594 ἀμαθίας
1582 526 1713 579 ἀ-νά-

1827 531 2166 596 tempestales
2215 521 2476 587 condidit,
2532 520 2584 575 in
2636 519 2833 591 quibus
2879 514 3034 583 illud,
3089 531 3191 569 non
3239 523 3372 569 erat.

141 623 330 686 πλεων,
363 622 459 676 τὸν
501 622 679 675 αἴτιον
711 621 999 690 γενόμενόν
1038 638 1198 685 τινος,
1240 622 1400 674 αὑτὸν
1431 623 1716 692 μεταγενέ-

142 730 323 784 στερον
346 713 531 781 λέγειν
570 712 671 781 τῆς
713 713 919 765 ἐκείνου
947 714 1227 780 γενέσεως.
1261 714 1584 784 Προηγείται
1609 715 1715 784 γὰρ

141 808 254 858 κατ’
278 805 480 866 αὐτοὺς
511 805 614 873 τῆς
642 802 709 856 τὰ
738 803 834 857 ὅλα
871 805 1306 877 δημιουργούσης
1345 805 1437 858 τοῦ
1465 805 1598 859 Θεοῦ
1631 825 1716 859 σο-

138 897 260 963 φίας
290 895 473 947 ἐκεῖνο
514 894 577 946 τὸ
603 893 896 963 διάστημα,
938 896 996 948 ἐν
1035 888 1080 962 ᾧ
1109 912 1240 963 φασι
1287 895 1360 966 μὴ
1391 896 1715 966 γεγενῆσθαι

136 990 220 1041 τὸν
245 987 377 1040 Υίὸν
425 986 537 1040 ὑπὸ
585 987 678 1042 τοῦ
723 989 953 1060 Πατρός·
997 989 1332 1061 ψευδομένης
1372 994 1490 1043 κατ’
1525 992 1717 1053 αὐτοὺς

137 1080 224 1134 καὶ
242 1078 342 1148 τῆς
362 1080 754 1147 Πρωτότοκον
768 1080 928 1133 αὑτὸν
951 1076 1088 1134 εἶναι
1104 1081 1306 1149 πάσης
1325 1085 1570 1149 κτίσεως
1592 1086 1715 1139 άνα-

135 1168 471 1241 γορευοὺσης
512 1170 751 1241 Γραφῆς.
803 1171 1074 1242 Σύμφωνα
1101 1172 1230 1240 γοῦν
1260 1173 1467 1237 τούτοις
1501 1174 1600 1244 βοᾷ
1628 1177 1718 1228 καὶ

132 1263 161 1316 ὁ
185 1263 707 1333 μεγαλοφωνότατος
729 1264 958 1329 Παῦλος,
992 1265 1213 1334 φάσκων
1244 1267 1372 1337 περὶ
1398 1266 1581 1319 αὑτοῦ·
1619 1268 1720 1318 Ὃν

133 1355 305 1423 “mea
342 1359 734 1427 κληρονόμον
775 1356 1033 1422 πάντων,
1060 1358 1135 1411 δι’
1162 1354 1234 1414 οὗ
1279 1360 1374 1412 καὶ
1414 1359 1555 1426 τοὺς
1589 1359 1720 1413 αἰῶ-

135 1464 240 1513 νας
291 1449 614 1517 ἐποίησεν.
679 1449 837 1502 Ἀλλὰ
879 1450 972 1501 καὶ
1020 1447 1089 1500 ἐν
1139 1448 1300 1513 αὐτῷ
1347 1449 1593 1518 ἐκτίσθη
1649 1450 1720 1503 τὰ

137 1539 349 1605 πάντα,
380 1539 460 1593 τὰ
501 1541 572 1593 ἐν
604 1539 726 1605 τοῖς
753 1537 1030 1606 οὐρανοῖς
1062 1539 1158 1592 καὶ
1203 1538 1272 1591 τὰ
1317 1539 1416 1592 ἐπὶ
1447 1539 1557 1607 τῆς
1586 1541 1716 1609 γῆς,

133 1630 204 1684 τὰ
229 1617 419 1698 ὀρειίά
461 1630 562 1684 καὶ
595 1632 666 1685 τὰ
705 1632 946 1698 ἀόρατα,
988 1629 1106 1684 εἴτε
1154 1630 1363 1698 ἀρχαὶ,
1403 1631 1523 1684 εἴτε
1553 1630 1721 1695 diov-

136 1722 278 1781 σίαι,
314 1721 441 1774 εἴτε
475 1723 850 1788 κυριότητες,
880 1722 1000 1775 εἴτε
1033 1723 1253 1790 θρόνον
1283 1722 1480 1776 πάντα
1511 1723 1583 1775 δι’
1617 1727 1721 1778 αὐ-

137 1809 238 1864 τοῦ
277 1810 382 1865 καὶ
428 1814 520 1877 εις
546 1811 732 1866 αὐτὸν
776 1811 1061 1867 ἕκτισταισ
1095 1814 1194 1867 καὶ
1228 1815 1409 1880 αὐτός
1447 1815 1577 1869 ἐστι
1607 1816 1717 1884 πρὸ

138 1901 400 1956 πάντων.

204 2077 320 2135 Vl].
367 2078 765 2151 Ἀσεϐεστάτης
797 2077 888 2134 οῦν
916 2081 1174 2152 φανείσης
1211 2082 1308 2152 τῆς
1330 2082 1388 2149 ὲξ
1431 2083 1531 2136 οὑκ
1555 2085 1721 2136 ὄντων

135 2167 472 2235 ὑποθέσεως,
507 2171 716 2243 ἀνάγκη
755 2171 847 2225 τὸν
892 2172 1110 2242 Πατέρα
1149 2172 1235 2224 ἀεὶ
1277 2169 1416 2226 εἶναι
1467 2175 1718 2245 Πατέρα·

137 2257 248 2312 εστι
277 2260 335 2312 δὲ
362 2260 558 2331 Πατὴρ
590 2263 676 2314 ἀεὶ
709 2261 971 2333 παρόντος
998 2260 1092 2314 τοῦ
1127 2260 1282 2333 Υίοῦ,
1314 2262 1380 2315 δι’
1413 2262 1471 2315 ὃν
1512 2280 1724 2335 χρημα-

137 2347 272 2414 τίζει
309 2353 509 2424 Πατήρ
535 2353 670 2424 (21).
713 2356 823 2407 Ἀεὶ
861 2355 917 2408 δὲ
969 2356 1233 2425 παρόντος
1271 2354 1418 2424 αὐτῷ
1451 2355 1543 2408 τοῦ
1570 2355 1722 2419 Υίοῦ,

139 2441 220 2494 aut
261 2444 466 2495 ἐστινὸ
518 2445 708 2515 Πατὴρ
748 2445 971 2509 τέλειος,
1009 2445 1297 2517 ἀνελλιπὴς
1336 2449 1618 2516 τυγχάνων
1666 2452 1724 2502 ὲν

137 2531 212 2602 τῷ
247 2532 402 2603 καλῷ
422 2551 434 2562 ·
472 2533 534 2586 οὑ
565 2534 847 2604 χρονικῶς,
876 2535 995 2588 οὑδὲ
1023 2538 1086 2588 ὲκ
1114 2536 1496 2608 διαστήματος,
1519 2539 1638 2592 οὐδὲ
1667 2537 1726 2603 ὲξ

137 2623 234 2676 οὐκ
276 2623 452 2678 ὄντων
496 2626 761 2695 γεννήσας
809 2626 900 2678 τὸν
951 2628 1210 2699 μονογενῆ
1246 2628 1391 2682 Υίόν.
1426 2629 1490 2681 Τί
1533 2629 1590 2682 δὲ
1626 2630 1724 2683 οὐκ

139 2713 353 2776 ἀνόσιον
398 2715 462 2768 τὸ
503 2715 714 2783 λέγειν,
765 2716 894 2768 ποτὲ
943 2715 1016 2786 μὴ
1062 2713 1199 2771 εἶναι
1247 2718 1344 2790 τὴν
1400 2720 1598 2788 Σοφίαν
1630 2721 1723 2773 τοῦ

140 2805 294 2869 Θεοῦ,
325 2807 428 2877 τὴν
473 2806 754 2875 λέγουσαν·
803 2808 950 2878 Ἐγὼ
989 2807 1151 2875 ἢμην
1183 2811 1318 2877 παρ’
1354 2811 1514 2877 αὐτῷ
1550 2813 1727 2881 ἁρμό-

137 2891 341 2964 ζουσα,
391 2897 508 2966 ἐγὼ
554 2898 714 2967 ἤμην
741 2894 781 2969 ᾖ
813 2897 1212 2966 προσέχαιρεν
1234 2917 1246 2929 ⁸
1285 2901 1318 2971 ἢ
1367 2903 1466 2972 τὴν
1503 2903 1726 2973 δύναμιν

139 2988 232 3042 τοῦ
282 2988 424 3048 Θεοῦ
480 2990 553 3060 μὴ
602 2991 864 3062 ὑπάρχειν
911 2992 1067 3043 ποτέο
1109 2993 1142 3060 ἢ
1202 2990 1291 3045 τὸν
1340 2994 1514 3061 Λόγον
1563 2994 1726 3048 αὑτοῦ

141 3083 588 3154 ἡκρωτηριᾶσθαι
618 3083 748 3136 ποτέ
766 3101 778 3112 ·
819 3082 852 3154 ἢ
877 3083 944 3136 τὰ
978 3083 1110 3138 ἄλλα
1135 3082 1194 3147 ἐξ
1217 3078 1290 3138 ὧν
1313 3087 1342 3138 ὁ
1375 3086 1500 3150 Υἱὸς
1529 3087 1728 3158 γνωρί-

144 3175 311 3239 ζεται,
355 3176 455 3271 καὶ
558 3175 746 3247 Πατὴρ
787 3176 1247 3271 χαρακτηρίζεται
1268 3195 1282 3243 ;
1307 3178 1379 3230 Τὸ
1405 3181 1511 3251 γὰρ
1545 3180 1725 3236 ἀπαύ-
1753 3211 1800 3271 c

144 3282 330 3336 γασμα
357 3268 456 3338 τῆς
487 3267 645 3340 δόξης
686 3270 760 3339 μὴ
793 3264 930 3322 εἶναι
969 3270 1167 3339 λέγειν,
1197 3275 1508 3341 συναναιρεί
1533 3273 1626 3326 καὶ
1663 3272 1722 3325 τὸ

147 3359 500 3429 πρωτότυπον
537 3359 672 3428 φῶς,
713 3354 774 3415 οὗ
813 3362 958 3413 ἐστιν
982 3362 1341 3433 ἀπαύγασμα.
1371 3364 1434 3416 Ei
1474 3363 1530 3416 δὲ
1565 3366 1656 3418 καὶ
1688 3369 1720 3436 ἡ

147 3448 305 3502 εἰκὼν
331 3449 428 3503 τοῦ
470 3450 602 3502 Θεοῦ
635 3449 734 3502 οὑκ
768 3446 834 3520 ἦν
875 3453 980 3517 ἀεὶ,
1011 3453 1168 3523 δῆλον
1207 3454 1288 3506 ὅτι
1320 3455 1426 3506 οὐδ’
1467 3451 1528 3509 οῦ
1577 3457 1722 3509 ἐστιν

147 3541 327 3608 εἰκὼν,
351 3542 498 3595 ἔστιν
521 3543 626 3596 ἀεί.
667 3541 826 3601 Ἀλλά
845 3544 938 3597 καὶ
962 3543 1038 3615 τῷ
1071 3545 1143 3617 μὴ
1168 3543 1302 3599 εἶναι
1348 3548 1439 3600 τὸν
1467 3550 1564 3617 τῆς
1594 3550 1723 3602 ὑπο-

151 3633 389 3698 στάσεως
430 3633 522 3686 τοῦ
560 3633 694 3686 Θεοῦ
727 3635 1066 3706 χαρακτῆρα,
1101 3642 1502 3711 συναναιρεῖται
1532 3643 1721 3693 κακεῖ-

149 3737 254 3788 νος,
277 3726 307 3777 ὁ
347 3724 564 3786 πάντως
590 3726 718 3795 παρΣ
757 3723 918 3777 αὑτοῦ
953 3728 1502 3799 χαρακτηριζόμενος.
1549 3732 1636 3796 Ἐξ
1657 3727 1724 3803 ἧς

150 3811 293 3867 ἔστιν
321 3815 450 3868 ἰδεῖν
477 3814 574 3886 τὴν
607 3816 824 3886 υίότητα
852 3817 944 3870 τοῦ
989 3819 1238 3890 Σωτῆρος
1268 3820 1446 3889 ἡμῶν,
1475 3821 1725 3892 οὐδεμίαν

151 3899 378 3971 ἔχουσαν
406 3905 686 3958 κοινωνίαν
716 3906 850 3976 πρὸς
869 3907 966 3977 τὴν
1000 3908 1106 3962 τῶν
1134 3908 1334 3963 λοιπῶν
1366 3911 1604 3981 υἱότητα.
1632 3914 1725 3966 Ὃν

152 3995 349 4062 τρόπον
376 3995 484 4067 γὰρ
518 3998 552 4066 ἡ
591 3998 825 4069 ἀρῤητος
869 3999 1030 4052 αὑτοῦ
1064 4000 1373 4066 ὑπόστασις,
1412 4004 1726 4074 ἀσυγκρίτῳ

153 4083 392 4159 ὑπεροχῇ
437 4087 647 4159 ἐδείχθη
696 4090 1059 4163 ὑπερκειμένη
1096 4093 1310 4146 πάντων
1361 4090 1440 4158 οἷς
1475 4095 1638 4157 αὐτὸς
1667 4097 1728 4150 τὸ

154 4173 288 4232 εἶναι
313 4180 624 4250 ἐχαρίσατο,
653 4181 824 4246 οὕτως
858 4185 1002 4254 καὶὴ
1037 4186 1218 4256 υίότης
1251 4185 1414 4238 αὑτοῦ
1453 4186 1594 4240 κατά
1623 4187 1705 4256 φύ-

153 4281 235 4321 σιν
255 4269 596 4340 τυγχάνουσα
614 4271 713 4341 τῆς
745 4274 1012 4348 πατρικῆς
1045 4274 1315 4344 θεότητος,
1333 4275 1542 4346 ἀλέκτῳ
1563 4278 1729 4348 ὑπερ-

153 4365 248 4434 οχῇ
304 4363 551 4434 διαφέρει
596 4363 704 4416 τῶν
754 4365 820 4418 δι’
869 4366 1034 4419 αὑτοῦ
1084 4366 1229 4419 θέσει
1291 4367 1722 4438 υἱοθετηθέντων.

165 4453 221 4505 '0
253 4455 355 4525 μὲν
383 4454 492 4525 γάρ
532 4455 803 4526 ἀτρέπτου
853 4456 1064 4526 φύσεως
1093 4461 1380 4528 τυγχάνει,
1414 4459 1614 4523 τέλειος
1654 4459 1727 4512 ὢν

1818 617 2105 672 confusum
2143 621 2247 678 est,
2286 618 2464 683 ipsum
2510 613 2801 684 aliquando
2834 626 2944 666 non
2987 606 3265 663 exstitisse
3293 605 3378 657 di-

1818 711 1978 766 cere?
2023 708 2118 764 Est
2147 707 2292 764 enim
2338 705 2575 760 alienum
2612 721 2640 758 a
2662 721 2827 760 sensu
2869 703 3127 771 omnique
3157 700 3377 769 plenum

1819 803 2053 865 inscitia,
2079 815 2202 856 eum
2241 799 2332 868 qui
2375 795 2607 865 alicujus
2637 797 2712 849 rei
2742 802 2930 849 auctor
2973 793 3064 857 sit,
3098 791 3286 846 eadem
3318 802 3380 844 re

1818 895 2176 964 posteriorem
2209 890 2498 944 afﬁrmare.
2536 885 2744 954 Quippe
2787 885 2940 954 juxta
2987 883 3204 936 illorum
3246 895 3377 934 sen-

1819 987 2067 1050 tentiam,
2108 984 2340 1056 spatium
2376 979 2640 1049 temporis
2668 992 2775 1048 quo
2827 977 3013 1030 dicunt
3054 972 3250 1028 Filium
3281 969 3378 1025 Dei

1819 1093 1927 1132 non
1957 1079 2232 1132 exstitisse
2276 1090 2340 1129 ex
2390 1071 2572 1133 Patre,
2615 1068 2892 1139 praecessit
2924 1064 3243 1134 sapientiam
3280 1061 3378 1117 Dei

1818 1168 2060 1224 omnium
2103 1181 2286 1221 rerum
2334 1162 2731 1218 conditr-icem:
2764 1157 3128 1225 mentiturque
3176 1167 3377 1209 secun-

1820 1259 1947 1312 dum
1975 1272 2069 1312 eos
2102 1254 2404 1324 Scriptura,
2430 1266 2550 1321 quae
2587 1248 2997 1317 Primogenitum
3025 1245 3192 1298 omnis
3224 1258 3377 1296 crea-

1822 1359 1954 1402 tura?
1984 1347 2136 1402 illum
2176 1355 2332 1399 vocat
2357 1346 2420 1399 ".
2467 1343 2675 1409 Quibus
2705 1353 2947 1394 consona
2989 1345 3116 1392 sunt
3140 1351 3260 1407 quae
3290 1351 3380 1390 vo-

1821 1437 2131 1491 calissimus
2178 1434 2378 1490 Paulus
2406 1432 2473 1487 de
2521 1432 2612 1486 illo
2641 1428 2926 1501 praedicat,
2974 1428 3047 1481 ita
3079 1427 3266 1483 dicens
3293 1427 3374 1480 "z

1824 1529 1987 1596 Quem
2011 1527 2278 1583 constituit
2307 1523 2558 1580 heredem
2588 1524 2946 1576 universorum
2974 1537 2992 1574 :
3013 1535 3102 1587 per
3129 1536 3276 1589 quem
3299 1517 3379 1588 fe-

1823 1621 1891 1672 cit
1923 1627 1972 1672 et
2005 1617 2220 1672 secula.
2255 1615 2361 1671 Sed
2389 1623 2443 1670 et
2467 1614 2510 1645 “
2540 1615 2594 1666 in
2620 1615 2730 1681 ipso
2760 1611 2971 1666 condita
3000 1619 3121 1664 sunt
3142 1611 3382 1664 universa

1822 1711 1879 1763 in
1905 1710 2047 1764 caelis
2073 1718 2122 1762 et
2155 1709 2211 1761 in
2248 1717 2409 1770 terra,
2448 1702 2676 1758 visibilia
2697 1712 2744 1756 et
2782 1700 3086 1765 invisibilia,
3113 1702 3214 1755 sive
3237 1703 3384 1770 prin-

1825 1802 2066 1870 cipatus,
2124 1801 2229 1854 sire
2285 1804 2598 1866 potestates,
2652 1795 2757 1848 sive
2807 1793 3222 1857 dominationes,
3281 1793 3385 1846 sive

1749 1875 1793 1929 Β
1826 1889 2038 1944 throni:
2067 1889 2244 1942 omnia
2284 1903 2374 1956 per
2417 1887 2585 1953 ipsum
2633 1891 2811 1937 creata
2861 1892 3022 1937 sunt:
3072 1892 3120 1937 et
3163 1883 3269 1952 ipse
3307 1889 3385 1935 est

1825 1993 1944 2037 ante
1969 1984 2165 2035 omnia.

1893 2074 2004 2129 Vl‘l.
2028 2074 2263 2129 Proinde
2291 2087 2416 2127 cum
2447 2071 2516 2125 ab
2545 2070 2692 2124 omni
2739 2068 2939 2139 pietate
2995 2064 3384 2121 alienissimam

1824 2184 1946 2224 esse
1968 2175 2227 2238 appareat
2259 2165 2583 2221 sententiam
2612 2160 2851 2216 illam.de
2876 2173 2986 2213 non
3018 2155 3382 2217 exstantibus,

1827 2257 2137 2313 necessario
2161 2256 2447 2311 dicendum
2478 2264 2582 2319 est,
2617 2251 2831 2305 Patrem
2871 2264 3085 2320 semper
3131 2261 3255 2303 esse
3283 2245 3385 2299 Pa-

1825 2357 1984 2404 trem.
2035 2346 2194 2403 Pater
2244 2358 2424 2400 autem
2464 2353 2568 2408 est,
2597 2349 2864 2413 praesente
2891 2355 3102 2410 semper
3125 2336 3282 2402 Filio,
3315 2337 3385 2392 ob

1827 2457 1988 2513 quem
2018 2441 2224 2495 dicitur
2250 2437 2428 2493 Pater.
2475 2435 2743 2502 Quocirca
2777 2449 2898 2488 cum
2933 2447 3144 2502 semper
3172 2431 3222 2486 ei
3251 2445 3384 2500 prat-

1829 2549 1954 2590 sens
1985 2534 2056 2588 sit
2082 2530 2275 2597 Filius,
2306 2545 2518 2601 semper
2550 2538 2633 2583 est
2651 2527 2924 2597 perfectus
2951 2523 3132 2589 Pater,
3158 2524 3304 2578 nulla
3326 2539 3384 2577 re

1827 2628 2120 2684 destitutus
2150 2628 2206 2679 in
2224 2626 2366 2680 bono
2386 2623 2506 2693 :qui
2525 2639 2633 2676 non
2652 2622 2706 2675 in
2729 2627 2989 2688 tempore,
3019 2632 3195 2686 neque
3215 2632 3278 2672 ex
3299 2616 3353 2670 in
3369 2644 3384 2656 -

1827 2721 2306 2790 tervallo,nequee
2331 2733 2440 2772 non
2463 2715 2827 2776 exstantibus,
2847 2713 3064 2767 unicum
3084 2708 3273 2763 Filium
3299 2723 3362 2780 ge

1830 2812 1966 2866 nuit.
1983 2807 2267 2876 Quomodo
2294 2816 2473 2862 autem
2494 2806 2717 2875 impium
2735 2819 2843 2858 non
2861 2804 2932 2857 sit
2945 2801 3143 2865 dicere,
3161 2799 3386 2869 Sapien-

1829 2903 1959 2957 tiam
1976 2901 2070 2956 Dei
2104 2899 2395 2970 aliquando
2419 2913 2527 2952 non
2549 2897 2972 2965 exstitisse,quae
2987 2895 3054 2948 de
3087 2908 3144 2949 se
3172 2893 3287 2962 ipsa
3314 2891 3393 2946 ita

1829 2991 2071 3062 loquitur
2085 2992 2129 3022 ³⁵
2152 3009 2167 3048 :
2186 2989 2297 3060 Ego
2315 3005 2460 3043 eram
2483 2987 2621 3057 apud
2640 2971 2810 3058 ipsum
2841 2995 3028 3040 cuncta
3046 3000 3351 3053 componens
3370 2998 3392 3037 :

1829 3099 1920 3153 ego
1959 3099 2107 3135 eram
2150 3081 2234 3134 cui
2286 3078 2658 3149 adgaudebat?
2725 3085 2817 3131 aut
2862 3078 3115 3131 virtutem
3151 3072 3246 3128 Dei
3295 3074 3396 3127 ali-

1830 3174 2052 3245 quando
2075 3188 2182 3228 non
2208 3171 2487 3226 exstitisse
2518 3188 2532 3224 :
2565 3175 2658 3223 aut
2687 3165 2922 3222 Verbum
2953 3165 3070 3235 ejus
3103 3164 3395 3234 aliquando

1832 3267 2002 3322 fuisse
2032 3265 2340 3320 mutilatum
2380 3270 2512 3318 :‘aut
2550 3263 2653 3315 alia
2692 3259 3016 3331 quandoque
3042 3256 3303 3321 defuisse,
3326 3272 3396 3310 ex

1831 3359 2030 3429 quibus
2071 3356 2243 3412 Filius
2278 3355 2626 3425 cognoscitur
2655 3361 2709 3407 et
2761 3351 2921 3406 Pater
2964 3348 3315 3420 designatur?
3345 3345 3396 3401 Is

1829 3451 1973 3510 enim
2006 3451 2098 3520 qui
2129 3454 2292 3518 negat
2333 3445 2680 3516 splendorem
2709 3444 2893 3514 gloriae
2917 3442 3200 3504 exsistere,
3232 3438 3398 3494 simul

1829 3542 1972 3596 tollit
2008 3541 2344 3611 primitivum
2381 3540 2561 3591 lumen
2608 3536 2766 3604 cujus
2812 3540 2896 3589 est
2944 3532 3217 3602 splendor.
3253 3529 3318 3583 Et
3347 3529 3396 3584 si

1831 3636 2006 3704 imago
2034 3632 2126 3688 Dei
2155 3647 2374 3701 semper
2403 3645 2514 3684 non
2538 3628 2658 3691 fuit,
2680 3641 2779 3681 nec
2802 3627 2952 3679 illum
2983 3639 3196 3694 semper
3224 3621 3397 3677 fuisse

1832 3727 2002 3795 liquet
2041 3725 2200 3795 cujus
2245 3725 2422 3793 imago
2455 3730 2560 3777 est.
2603 3719 2844 3788 Denique
2886 3717 3133 3787 negando
3168 3714 3396 3786 ﬁguram

1833 3817 2150 3872 substantiae
2203 3815 2296 3870 Dei
2335 3829 2547 3882 semper
2595 3811 2798 3875 fuisse,
2833 3810 2996 3863 simul
3049 3808 3259 3861 tollitur
3306 3807 3397 3861 ille

1833 3908 1925 3978 qui
1964 3907 2203 3978 perfecte
2237 3908 2305 3960 ab
2351 3921 2414 3959 eo
2447 3904 2791 3972 exprimitur.
2824 3902 2901 3955 Ex
2940 3916 3048 3972 quo
3092 3900 3215 3954 licet
3245 3914 3397 3969 pers-

1835 4003 2040 4072 picere,
2077 3999 2387 4053 ﬁliationem
2421 3995 2726 4051 Servatoris
2760 3995 2935 4048 nostri
2992 3991 3128 4046 nihil
3174 4006 3397 4060 prorsus

1834 4092 2036 4146 habere
2060 4105 2349 4161 commune
2377 4104 2501 4142 cum
2546 4088 2880 4156 reliquorum
2936 4083 3212 4138 ﬁliatione.
3264 4081 3399 4135 Nam

1835 4184 2292 4256 quemadmodum
2364 4180 2795 4250 inexplicabilem
2850 4178 2969 4248 ejus
3038 4177 3398 4232 substantiam

1836 4275 2247 4345 incomparabili
2298 4272 2620 4327 excellentia
2679 4278 2940 4340 prmstare
2989 4275 3264 4322 ostensum
3315 4274 3401 4321 εει

1835 4368 2062 4437 reliquis
2091 4366 2348 4420 onmibus
2383 4364 2582 4433 quibus
2612 4363 2701 4416 ille
2731 4361 3022 4417 essentiam
3065 4358 3284 4423 tribuit;
3319 4357 3400 4412 sic

1836 4472 1888 4518 et
1925 4462 2047 4530 ejus
2084 4460 2294 4522 llliatio,
2327 4474 2447 4527 quae
2473 4458 2628 4526 juxta
2661 4462 2911 4509 naturam
2944 4461 3026 4508 est
3055 4461 3291 4521 paternae
3319 4451 3402 4505 di-

155 4547 246 4601 καὶ
279 4548 368 4601 διὰ
404 4549 618 4603 πάντων
643 4551 892 4622 ἀνενδεὴς
917 4569 930 4581 ο
966 4553 1012 4603 οἱ
1043 4553 1118 4615 δὲ,
1154 4556 1217 4623 τῇ
1243 4554 1322 4614 είς
1353 4553 1587 4624 ἑκάτερα
1607 4571 1724 4624 τρο-

1833 4552 2097 4614 vinitatis,
2124 4549 2381 4604 ineffabili
2414 4547 2648 4618 quadam
2675 4547 2989 4616 praestantia
3021 4553 3241 4612 superat
3263 4543 3401 4597 tilia-

157 4640 227 4708 πῇ
256 4638 625 4710 ὑποκείμενοι,
658 4639 756 4709 τῆς
809 4641 958 4712 παρά
992 4642 1179 4694 τούτου
1222 4643 1468 4713 βοηθείας
1500 4644 1727 4698 δέονται.

158 4727 218 4780 Τί
255 4729 367 4801 γὰρ
388 4729 576 4783 amat
603 4731 873 4801 προκόῲαι
905 4732 1015 4802 ἔχοι
1040 4735 1073 4805 ἡ
1102 4733 1197 4786 τοῦ
1227 4735 1362 4786 Θεοῦ
1394 4735 1571 4804 σοφία,
1607 4737 1640 4806 ἦ
1679 4737 1730 4789 τί

156 4818 482 4890 προσλαϐεῖν
511 4823 543 4892 ἠ
584 4822 961 4894 αὑτοαλήθεια,
993 4825 1026 4894 ἢ
1066 4826 1094 4876 ὁ
1123 4825 1254 4887 Θεὸς
1279 4826 1482 4894 Λόγος;
1513 4827 1637 4891 Πῶς
1665 4827 1732 4880 ἂν

158 4901 269 4976 ἔχοι
315 4904 666 4978 βελτιωθῆναι
715 4911 747 4980 ἡ
808 4910 940 4981 ζωὴ,
970 4913 1030 4965 τὸ
1085 4913 1334 4983 ἀληθινὸν
1389 4917 1533 4984 φῶς;
1567 4918 1632 4970 Ei
1677 4917 1733 4970 δὲ

156 4999 334 5060 τοῦτο,
366 4997 516 5068 πόσῳ
549 4999 708 5052 πλέον
740 5002 1002 5071 ἀφύσικον
1042 5005 1317 5075 τυγχάνει,
1357 5007 1568 5078 μωρίας
1602 5009 1732 5061 ποτὲ

158 5087 412 5161 δεκτικὴν
444 5091 692 5160 γενέσθαι
722 5095 819 5165 τὴν
851 5097 1060 5165 σοφίαν,
1094 5097 1126 5168 ἢ
1157 5099 1254 5168 τὴν
1278 5098 1371 5151 τοῦ
1401 5099 1536 5152 Θεοῦ
1572 5100 1729 5154 δύνα-

163 5201 251 5253 μιν
277 5183 529 5256 ἀσθενείᾳ
548 5189 975 5260 προσπλακῆναι,
999 5192 1032 5262 ἢ
1057 5190 1248 5263 ἀλογία
1269 5192 1359 5244 τὸν
1381 5191 1537 5260 λόγον
1565 5194 1734 5263 ἀμαυ-

163 5274 420 5346 ρωθῆναι,
525 5276 603 5348 τῷ
641 5279 875 5351 ἀληθινῷ
919 5282 1056 5350 φωτὶ
1109 5283 1462 5353 ὲπιμιχθῆναι
1509 5285 1728 5349 σκότος;

157 5366 251 5419 τοῦ
287 5367 387 5436 μὲν
423 5362 744 5437 ’ᾼποστόλου
775 5375 997 5430 αὐτόθεν
1019 5377 1265 5447 λέγοντος
1284 5396 1296 5408 ·
1336 5379 1431 5444 Τίς
1455 5382 1733 5434 κοινωνία

266 5528 310 5558 ¹²
344 5523 510 5580 Eccli.
552 5543 710 5593 xxiv,
743 5528 797 5582 5.
876 5530 921 5564 ¹³
953 5531 1160 5588 Coloss.
1204 5550 1244 5599 I,
1278 5535 1364 5600 15;
1389 5531 1676 5597 Hebr.I,2.
1720 5539 1724 5564 τ

1827 5532 2002 5589 ῖοίοεε.
2034 5548 2073 5596 1,
2107 5530 2196 5596 16,
2235 5530 2322 5583 17.

389 5659 773 5746 Ἀδιαιςόητον
815 5667 944 5735 γάρ.
972 5665 1048 5746 _ln
1085 5669 1274 5746 codice
1309 5668 1504 5746 Leonis
1545 5669 1727 5746 Allatii

162 5734 430 5812 scripti-Im
455 5740 540 5812 est
568 5734 999 5812 aventemquod
1023 5740 1415 5812 magis_probo.
1450 5740 1622 5808 Atque
1654 5743 1727 5792 ita

165 5801 286 5881 legit
335 5801 697 5881 Epiphanius
732 5801 1142 5863 Scliolasticnsf
1193 5801 1282 5862 Sic
1333 5811 1477 5863 enim
1528 5801 1723 5866 {'crtit:

165 5869 398 5929 Stiltuni
419 5869 498 5929 est
527 5876 692 5938 enim.
724 5886 770 5928 et
804 5881 945 5931 omni
974 5889 1181 5944 peccato
1206 5882 1436 5950 plenum,
1467 5889 1572 5935 etc.

1835 4646 2038 4700 tionem
2068 4657 2254 4697 eorum
2287 4641 2382 4710 qui
2431 4655 2527 4708 per
2574 4639 2751 4708 ipsum
2807 4636 3044 4705 adoptati
3111 4643 3237 4688 sunt
3283 4634 3397 4687 lilii.

1834 4738 1967 4792 Nam
1997 4737 2113 4805 ipse
2152 4734 2369 4803 quidem
2423 4731 2780 4785 immutabilis
2824 4737 2907 4784 est
2962 4735 3191 4789 natm-:2,
3231 4726 3401 4780 unde-

1835 4843 2049 4896 cunque
2105 4825 2416 4896 perfectus,
2473 4838 2575 4876 nec
2617 4821 2781 4875 ullius
2833 4820 2912 4873 rei
2973 4818 3218 4886 indigens
3267 4834 3281 4871 :
3345 4816 3402 4868 hi

1837 4935 1986 4976 vero.
2009 4931 2131 4970 cum
2182 4916 2465 4969 mutationi
2505 4916 2561 4968 in
2595 4923 2883 4982 utramque
2917 4924 3125 4980 partem
3163 4909 3276 4962 sint
3303 4909 3401 4964 ob—

1840 5009 2007 5073 noxii,
2040 5024 2177 5077 opus
2214 5008 2413 5061 habent
2444 5008 2593 5062 illius
2623 5005 2842 5058 auxilio.
2881 5003 3052 5067 Quem
3099 5001 3243 5054 enim
3276 5015 3399 5070 pro-

1840 5102 2041 5155 fectum
2073 5100 2253 5154 facere
2280 5107 2459 5170 potest
2487 5097 2580 5152 Dei
2609 5095 2915 5164 sapientia?
2937 5091 3090 5159 Quod
3140 5107 3398 5162 augmen-

1839 5204 1953 5247 tum
1988 5192 2236 5262 accipere
2267 5198 2448 5262 potest
2485 5191 2602 5259 ipsa
2637 5189 2838 5242 veritas
2868 5193 2921 5238 et
2951 5183 3096 5238 Deus
3126 5182 3401 5237 Verbum?

1840 5286 1956 5351 Qua
1994 5285 2207 5339 ratione
2238 5285 2429 5339 melior
2485 5282 2597 5336 lieri
2645 5279 2818 5350 possit
2858 5278 2967 5330 vita
3019 5286 3072 5331 et
3112 5276 3203 5329 lux
3236 5274 3404 5331 vera?

1841 5375 1995 5443 Quod
2031 5376 2077 5430 si
2106 5377 2178 5428 ita
2213 5390 2273 5430 se
2309 5374 2492 5435 habet,
2535 5378 2735 5442 quanto
2786 5367 3079 5424 absurdius
3102 5373 3204 5431 est,
3237 5367 3406 5418 utea-4

2403 5530 2444 5559 ¹⁵
2482 5527 2638 5580 Prov.
2672 5541 2790 5588 νιιι,
2818 5525 2906 5579 50.

1907 5666 2017 5789 (2l2
2051 5669 2112 5718 Δι
2165 5665 2196 5717 ὅ
2226 5664 2558 5734 χρηματίζει
2587 5662 2806 5730 Πατήρ.
2841 5661 2899 5714 1η
2916 5656 3287 5725 manuscripto
3307 5670 3403 5710 co-

1907 5753 1954 5789 :e
2023 5736 2216 5789 lenrici
2261 5735 2448 5788 Savilii
2485 5736 2681 5789 lenitur
2710 5734 2775 5786 δι’
2808 5735 2886 5789 ὃν.
2919 5729 3190 5789 quomodo
3237 5728 3402 5781 etiam

1835 5728 1954 5792 dice
2001 5728 2448 5791 Ilenricimsai'ilii
2485 5736 2681 5804 legitur
2710 5728 2886 5804 δί’-ὅν,
2919 5729 3190 5804 quomodo
3234 5728 3402 5804 etiam

1837 5810 1964 5877 legit
1993 5797 2753 5877 EpiphaniusSchplasticus.
2792 5801 2850 5857 In
2875 5797 3024 5873 regio
3049 5798 3096 5854 J.
3131 5797 3249 5853 Pini
3277 5798 3399 5853 cod.

1837 5872 2306 5945 scriptum-inveni
2334 5876 2399 5930 δι’
2433 5872 2511 5932 οῦ.
