4036 6320
609 377 713 434 559

1729 367 1787 423 S.
1831 363 2226 422 ALEXAND!“
2263 361 2441 423 ALEX
2451 363 2728 422 ANDRINI

3753 367 3852 422 560

611 491 818 562 pientia
845 483 1135 558 aliquando
1163 481 1408 540 stultitia:
1446 497 1614 554 capax
1663 481 1846 543 luerit.
1895 488 1955 536 ut
1999 479 2166 536 virtut

2276 477 2420 548 φωτὶ
2467 478 2616 548 πρὸς
2661 480 2899 548 σκότος.
2951 480 2990 550 ἢ
3043 483 3136 549 τις
3177 483 3572 554 συμφώνησις
3623 488 3851 557 Χριστῷ

609 582 702 638 Dei
733 579 1032 636 inﬁrmitati
1065 575 1362 646 conjuncta
1392 574 1484 640 sit,
1521 581 1614 629 aut
1649 582 1708 628 ut
1738 573 1876 627 ratio
1906 570 2174 628 obscura-

605 682 661 728 ta
693 672 856 730 fuerit
884 668 1158 732 vecordia,
1187 675 1280 722 aut
1310 665 1548 722 tenebrae
1573 677 1698 720 cum
1732 677 1859 718 vera
1887 662 2009 717 luce
2046 676 2174 733 per-

604 764 820 822 mixta?
839 777 962 818 cum
980 759 1274 830 Apostolus
1303 758 1506 815 diserte
1526 757 1674 812 dicat
1691 755 1735 788 ¹⁶
1763 773 1775 809 :
1797 753 1930 820 Quae
1950 755 2172 809 societas

606 861 712 914 laci
730 875 848 913 cum
877 854 1120 914 tenebris.
1147 862 1236 906 aut
1264 868 1380 923 qua:
1399 848 1664 905 consentio
1685 846 1895 903 Christo
1925 862 2045 901 cum
2072 845 2173 901 Bc-

606 953 741 1008 lial?
773 958 827 1007 et
861 949 1120 1004 Salomon
1141 944 1182 984 "
1211 951 1368 1016 neget
1394 943 1511 998 ﬁeri
1541 955 1723 1013 posse,
1748 946 1806 994 ut
1839 939 2173 1010 cogitatione

603 1039 1096 1114 comprehendatur
1147 1038 1231 1092 cia
1288 1033 1491 1091 colubri
1549 1048 1704 1101 super
1747 1040 1952 1101 petram
1978 1069 1996 1095 ,
2051 1044 2172 1101 quae

602 1133 856 1188 Christus
900 1137 986 1186 est
1040 1134 1197 1200 juxta
1255 1124 1582 1182 sententiam
1641 1120 1795 1176 Pauli
1817 1122 1880 1175 ".
1909 1119 2171 1176 Homines

603 1239 732 1280 vero
764 1231 819 1278 et
842 1221 1042 1294 angeli,
1073 1220 1165 1291 qui
1196 1227 1323 1276 sunt
1353 1216 1474 1286 ejus
1503 1221 1789 1278 creaturas,
1827 1211 2166 1268 benedictio-

602 1331 727 1371 nem
775 1321 1103 1386 acceperunt
1147 1319 1206 1366 ut
1251 1308 1596 1381 proﬁcerent,
1623 1307 1680 1362 in
1715 1305 1936 1362 virtutis
1986 1307 2170 1375 studio

601 1419 655 1466 et
673 1411 729 1466 in
761 1408 1032 1464 mandatis
1063 1407 1196 1478 legis
1225 1419 1347 1460 sese
1371 1407 1714 1463 exercentes,
1743 1415 1811 1454 ne
1834 1400 1892 1455 in
1929 1399 2059 1453 vitia
2085 1398 2169 1452 di-

603 1501 876 1556 labantur.
900 1497 1263 1565 Quamobrem
1297 1494 1562 1550 Dominus
1588 1498 1799 1554 noster,
1823 1502 1948 1544 cum
1970 1497 2170 1544 natura

601 1595 673 1649 sit
705 1592 877 1648 Filius
908 1587 1192 1654 Patris,ab
1221 1587 1475 1644 omnibus
1505 1586 1784 1642 adoratur.
1819 1581 1886 1638 Hi
1915 1597 2046 1638 vero
2074 1582 2170 1637 de-

2280 570 2429 638 πρὸς
2475 571 2726 640 Βελίαρ;
2764 571 2860 624 τοῦ
2884 572 2943 626 δὲ
2988 573 3350 646 Σολομῶντος,
3370 579 3452 631 ὅτι
3487 577 3762 632 ’ἀδύνατον
3786 580 3852 635 ἂν

2279 661 2364 732 εἴη
2411 660 2513 715 κᾶν
2570 663 2732 735 μέχρι
2773 663 2910 736 πρὸς
2959 667 3166 731 ἑννοίας
3199 668 3308 741 (22)
3346 671 3634 744 εὑρεθῆναι
3679 672 3852 741 ὁδοὺς

2280 751 2470 821 ὄφεως
2489 752 2589 808 ἐπὶ
2615 755 2856 825 πέτρας,
2885 757 3008 827 ῆτις
3035 758 3177 812 κατὰ
3209 760 3422 817 Παῦλόν
3454 763 3604 831 ἐστιν
3648 766 3679 818 ὁ
3716 765 3847 836 Χρι-

2283 844 2425 909 στός.
2453 847 2516 900 Οί
2541 847 2597 902 δὶ
2615 846 2890 918 κτίσματα
2906 848 3068 902 αὑτοῦ
3094 852 3472 921 τυγχάνοντες,
3494 853 3768 927 ἄνθρωποί
3790 873 3851 910 τε

2279 937 2373 992 καὶ
2391 937 2634 1008 ἄγγελοι,
2661 939 2755 995 καὶ
2784 940 3033 1008 εὐλογίας
3069 941 3318 1014 εἰλήφασι
3351 946 3702 1016 προκύπτειν,
3730 949 3852 1021 ἁρε-

2277 1032 2396 1095 ταϊς
2438 1031 2764 1104 ἀσκούμενοι
2802 1033 2897 1086 καὶ
2942 1033 3187 1105 νομίμοις
3223 1035 3460 1102 ἐντολαῖς
3483 1038 3598 1112 (25)
3633 1041 3766 1112 πρὸς
3788 1041 3851 1094 τδ

2279 1120 2354 1193 μὴ
2378 1123 2729 1194 ἁμαρτάνειν.
2761 1124 2852 1177 Διὸ
2877 1123 2942 1195 δὴ
2968 1125 2997 1178 ὁ
3023 1123 3228 1196 Κύριος
3254 1124 3412 1197 ἡμῶν
3437 1127 3597 1196 φύσει
3625 1129 3720 1184 τοῦ
3749 1131 3852 1187 Πομ

2274 1211 2402 1283 τρδς
2440 1212 2570 1277 Υἱὸς
2609 1214 2916 1284 τυγχάνων,
2943 1212 3049 1268 ὑπὸ
3082 1214 3298 1269 πάντων
3330 1219 3739 1286 προσκυνεῖται.
3789 1221 3850 1273 01

2275 1303 2353 1368 δὲ,
2375 1304 2699 1377 ἀποθέμενοι
2732 1304 2793 1358 τὸ
2823 1305 3040 1376 πνεῦμα
3076 1306 3175 1378 τῆς
3198 1305 3461 1376 δουλείας,
3484 1306 3544 1374 ἐξ
3584 1308 3851 1381 ἀνδραγα-

2276 1395 2533 1468 θημάτων
2562 1399 2656 1453 καὶ
2707 1399 2994 1471 προκοπῆς
3033 1398 3095 1452 τὸ
3142 1397 3244 1470 τῆς
3286 1397 3559 1463 υἱοθεσίας
3599 1399 3850 1466 λαϐόντες

2277 1488 2513 1560 πνεῦμα,
2542 1490 2632 1545 διὰ
2657 1491 2752 1544 τοῦ
2782 1490 2940 1559 φύσει
2979 1491 3110 1545 Υίοῦ
3138 1491 3603 1563 εὐεργετούμενοι,
3646 1494 3852 1562 γίγνον-

2274 1587 2546 1641 ταιάὐτοὶ
2572 1587 2719 1642 θέσει
2752 1589 2877 1642 υίοί.

604 1686 784 1756 posito
816 1683 1012 1755 spiritu
1067 1682 1370 1744 servitutis,
1408 1679 1502 1734 ubi
1541 1693 1604 1733 ex
1648 1675 1880 1730 fortibus
1914 1672 2094 1740 factis,
2124 1681 2179 1729 et
2207 1689 2272 1729 ex
2305 1678 2569 1734 continuo
2599 1695 2896 1752 progressu
2947 1681 3202 1752 spiritum
3262 1679 3571 1751 adoptionis
3625 1694 3848 1752 accepe-

599 1781 736 1844 rint,
771 1777 1034 1835 beneﬁcio
1056 1775 1174 1846 ejus
1212 1773 1304 1845 qui
1331 1780 1525 1827 natura
1558 1779 1642 1825 est
1669 1767 1862 1832 Filius,
1891 1766 1986 1820 ﬁlii
2013 1764 2150 1820 ﬁunt
2179 1765 2436 1837 adoptivi.
3673 1821 3675 1823 ,

672 1873 809 1931 VIII.
839 1873 918 1928 Ac
950 1885 1264 1943 germanam
1293 1867 1515 1938 quidem
1549 1872 1604 1920 et
1641 1863 1922 1934 propriam
1974 1875 2038 1917 ac
2069 1873 2166 1915 na-

2341 1865 2475 1920 Vill.
2501 1868 2612 1940 Τὴν
2655 1868 2753 1940 μὲν
2794 1863 2889 1922 οὖν
2919 1867 3148 1940 γνησίαν
3190 1867 3355 1921 αὐτοῦ
3396 1868 3490 1921 καὶ
3527 1867 3846 1939 ἰδιότροπον,

602 1968 856 2029 turalem,
878 1964 1242 2030 eximiamque
1270 1960 1390 2030 ejus
1419 1958 1729 2013 Iiliationem
1753 1954 1958 2010 Paulus
1987 1953 2172 2010 decla-

602 2060 765 2122 ravit,
798 2059 871 2112 ita
901 2055 1088 2110 dicens
1121 2054 1190 2109 de
1219 2051 1330 2108 Deo
1367 2053 1408 2085 ⁸⁹
1445 2071 1458 2106 :
1497 2051 1603 2118 Qui
1649 2049 1861 2119 proprio
1896 2045 2040 2101 Filio
2071 2064 2174 2101 non

599 2152 847 2222 pepercit,
905 2146 994 2204 sed
1049 2161 1144 2216 pro
1192 2146 1362 2208 nobis,
1406 2160 1516 2198 non
1564 2140 1910 2199 naturalibus
1962 2139 2174 2195 scilicet

603 2246 752 2310 Iiliis,
783 2243 937 2296 illum
964 2237 1204 2294 tradidit.
1237 2235 1370 2291 Nam
1405 2245 1460 2291 ut
1502 2235 1652 2290 illum
1701 2233 2063 2302 distingueret
2103 2231 2174 2286 ab

603 2339 672 2392 iis
693 2335 794 2407 qui
822 2350 930 2389 non
963 2340 1090 2389 sunt
1121 2330 1339 2402 proprie
1374 2328 1778 2397 ﬁlii,proprium
1811 2323 2013 2378 Filium
2046 2339 2172 2379 esse

601 2445 726 2482 eum
768 2427 926 2482 dixit.
975 2424 1032 2479 Iu
1081 2423 1376 2492 Evangelio
1420 2437 1550 2476 vero
1598 2418 1860 2490 legitur“
1900 2437 1914 2473 :
1963 2416 2066 2471 Hic
2094 2428 2172 2473 est

607 2517 780 2572 Filius
807 2534 950 2571 meus
981 2515 1225 2576 dilectus,
1270 2513 1326 2565 in
1367 2528 1468 2582 quo
1507 2511 1638 2564 mihi
1665 2509 1983 2578 complacui.
2027 2506 2172 2563 Prae-

603 2619 751 2665 terea
779 2610 832 2662 in
859 2607 1092 2663 Psalmis
1127 2603 1385 2679 Servatur
1417 2603 1492 2655 ait
1510 2602 1554 2634 ’ί
1594 2621 1607 2655 :
1645 2600 1900 2656 Dominus
1944 2599 2079 2655 dixit
2103 2599 2172 2653 ad

603 2715 718 2753 me:
752 2697 798 2750 F
801 2700 923 2752 ilius
953 2713 1097 2751 meus
1132 2712 1185 2749 es
1217 2704 1292 2747 tu.
1324 2691 1426 2748 Ubi
1452 2708 1511 2748 se
1533 2705 1854 2763 germanum
1889 2705 1953 2745 ac
1981 2691 2173 2761 genui-

603 2804 734 2844 num
780 2803 902 2844 esse
950 2785 1353 2846 demonstrans,
1386 2781 1524 2837 alios
1566 2788 1762 2852 prater
1803 2795 1863 2836 se
1908 2781 2173 2851 genuinos

604 2898 715 2936 non
744 2896 864 2936 esse
897 2877 1188 2950 signiﬁcat.
1221 2875 1341 2930 Jam
1371 2890 1501 2930 vero
1530 2872 1790 2944 quidnam
1817 2871 1949 2925 illud
1982 2877 2068 2926 est
2087 2873 2132 2902 "
2157 2889 2170 2924 :

606 2971 690 3027 Ex
727 2983 875 3026 utero
908 2980 1027 3025 ante
1056 2969 1357 3038 Luciferum
1402 2968 1554 3038 genui
1589 2967 1678 3022 te?
1716 2965 1801 3020 An
1845 2980 1957 3020 non
1991 2976 2175 3037 aperte

606 3065 808 3119 indicat
835 3063 1139 3117 naturalem
1177 3060 1391 3131 paterni
1420 3070 1610 3130 partus
1646 3057 1983 3122 ﬁliationem,
2009 3073 2171 3129 quam

603 3171 716 3208 non
743 3159 996 3208 accurata
1029 3151 1242 3206 mo'rum
1270 3149 1650 3216 castigatione,
1683 3163 1793 3202 non
1823 3149 2173 3204 exercitatio-

605 3262 676 3302 ne
715 3245 977 3300 virtutum
1033 3258 1097 3298 ac
1139 3241 1404 3313 profectu,
1438 3240 1533 3296 sed
1586 3250 1794 3295 natura:
1843 3241 2173 3312 proprietate

605 3339 832 3394 sortitus
863 3336 986 3392 est?
1017 3333 1382 3400 Quamobrem
1419 3331 1733 3402 unigenitus
1758 3330 1978 3401 quidem
2001 3331 2173 3387 Filius

603 3429 780 3485 Patris
811 3428 1020 3483 ﬁrmam
1057 3441 1123 3479 ac
1154 3425 1400 3480 stabilem
1425 3424 1665 3495 possidet
1699 3422 2012 3479 liliationem
2039 3442 2052 3477 :
2084 3438 2172 3477 ra-

603 3523 886 3577 tionalium
906 3533 1035 3574 vero
1059 3516 1293 3572 ﬁliorum
1329 3515 1674 3586 ad0ptionem
1708 3530 1818 3569 non
1842 3521 2035 3570 natura
2063 3515 2170 3571 illis

602 3619 932 3681 competere,
968 3609 1062 3666 sed
1111 3623 1324 3662 morum
1375 3607 1646 3677 probitate
1683 3614 1739 3660 et
1775 3606 1872 3660 Dei
1905 3605 2169 3661 beneﬁcio

603 3703 820 3772 parari,
884 3699 1312 3767 mutabilemque
1365 3710 1508 3760 esse,
1566 3695 1815 3765 agnoscit
1864 3692 2166 3765 Scriptura.

613 3792 854 3846 Videntes
891 3791 1030 3844 enim
1080 3789 1181 3858 ﬁlii
1218 3786 1315 3840 Dei
1352 3785 1494 3854 ﬁlias
1532 3780 1831 3849 hominum,
1861 3795 2168 3853 acceperunt

601 3881 704 3936 sibi
731 3897 918 3934 uxores
947 3878 1015 3942 “,
1047 3884 1102 3933 et
1135 3891 1255 3947 qua
1273 3884 1597 3944 sequuntur.
1630 3873 1696 3927 Et
1731 3874 1861 3929 alibi
1889 3875 1968 3928 ’δε
1995 3872 2166 3929 Filios

600 3972 755 4044 genui
788 3982 836 4027 et
875 3970 1130 4035 exaltavi,
1161 3969 1260 4037 ipsi
1293 3976 1466 4022 autem
1517 3975 1817 4035 spreverunt
1843 3981 1964 4031 me;
1995 3965 2164 4022 Deum

599 4081 697 4134 per
728 4064 922 4120 Isaiam
946 4062 1262 4134 prophetam
1295 4059 1501 4115 dixisse
1524 4059 1855 4129 accepimus.

668 4155 761 4212 IX.
785 4156 946 4210 Plura
970 4168 1095 4208 cum
1124 4152 1326 4223 possim
1363 4151 1565 4214 dicere,
1605 4151 1802 4206 fratres
1825 4150 2156 4217 charissimi,

670 4318 712 4347 ¹⁶
747 4315 807 4368 Il
831 4314 955 4368 Cor.
989 4332 1065 4379 γι,
1091 4313 1176 4374 «14,
1212 4313 1296 4367 15.

598 4402 635 4440 ll
659 4428 672 4450 ,
704 4387 752 4438 7.
821 4387 865 4418 ’³
898 4385 1048 4439 Psal.
1074 4400 1194 4447 eux,
1225 4385 1278 4437 '5.
1356 4383 1400 4413 ”
1436 4379 1562 4435 Gen.
1592 4398 1642 4436 νι
1665 4421 1679 4446 ,
1709 4381 1766 4436 2.

1375 4313 1415 4342 ¹τ
1449 4309 1601 4365 Prov.
1632 4327 1758 4376 xxx,
1790 4310 1876 4365 I9.
1945 4311 1988 4342 ¹⁸
2021 4309 2052 4364 Ι
2083 4309 2209 4366 Cor.
2241 4308 2353 4376 x,4.

1375 4383 1400 4412 ³
1436 4379 1562 4435 Gen.
1592 4398 1642 4436 νι
1665 4421 1679 4445 ,
1709 4381 1766 4436 2.
1841 4381 1887 4412 ’⁵
1924 4379 2037 4435 Isa.
2071 4399 2124 4445 ι,
2171 4383 2226 4436 2.

2272 1957 2367 2012 καὶ
2397 1958 2654 2030 φυσικὴν,
2683 1959 2779 2012 καὶ
2805 1959 3186 2031 κατεξαίρετον
3225 1961 3449 2032 υίότητα
3469 1962 3498 2014 ὁ
3523 1959 3739 2024 ῐίαῦλος
3763 1959 3851 2014 οῦ-

2270 2068 2378 2114 τως
2411 2051 2748 2123 ἀπεφήνατο,
2781 2057 2910 2127 περὶ
2935 2053 3072 2107 Θεοῦ
3103 2051 3270 2108 εἰπών
3288 2070 3303 2084 ⁸
3340 2054 3448 2119 ’ος
3471 2069 3541 2122 τε
3567 2051 3680 2106 τοῦ
3702 2053 3851 2107 ιδιου

2281 2141 2417 2196 Υίοῦ
2455 2145 2566 2198 οὐκ
2601 2144 2905 2213 ἐφείσατο.
2925 2145 3064 2200 ἀλλ’
3092 2143 3244 2213 ὑπὲρ
3261 2143 3450 2214 ἡμῶν,
3480 2144 3727 2215 δηλονότι
3745 2143 3856 2201 τῶν

2275 2237 2350 2310 μὴ
2368 2237 2528 2306 φύσει
2556 2237 2711 2303 υἱῶν,
2730 2237 3071 2307 παρέδωκεν
3083 2240 3286 2294 αὐτόν.
3319 2237 3464 2312 Πρδς
3487 2237 3594 2311 γὰρ
3616 2237 3850 2292 ἀντιδε.

2273 2323 2463 2395 στολὴν
2490 2323 2600 2377 τῶν
2621 2324 2722 2378 οὐκ
2745 2324 2909 2389 ἰδίων,
2936 2325 3095 2380 αὐτὸν
3119 2326 3274 2381 (dior
3303 2328 3439 2381 Υίόν
3460 2325 3664 2397 ἔφησεν
3692 2323 3850 2381 εἶναι.

2285 2417 2371 2470 Ἐν
2398 2417 2454 2470 δὲ
2484 2416 2561 2487 τῷ
2606 2418 2953 2488 Εὐαγγελίῳ·
2983 2414 3172 2484 οὗτός
3207 2419 3380 2472 ἐστιν
3405 2420 3440 2472 ό
3493 2420 3630 2484 Υιός
3657 2435 3780 2486 μου
3818 2420 3851 2470 ὀ

2271 2508 2600 2579 ἀγαπητὸς,
2645 2509 2716 2564 ἐν
2741 2503 2792 2577 ᾧ
2819 2511 3142 2580 εὐδόκησα.
3185 2512 3271 2564 Ἑν
3311 2510 3564 2580 Ψαλμοῖς
3593 2511 3622 2562 6
3659 2511 3851 2583 Σωτήρ

2272 2620 2434 2674 φησιν
2450 2620 2464 2634 ο
2493 2600 2710 2673 Κῦριος
2731 2600 2861 2658 εἷπε
2887 2602 3036 2672 πρὸς
3056 2603 3154 2673 μὲ,
3194 2606 3328 2670 Υἱός
3349 2620 3468 2673 μου
3495 2600 3553 2658 εἴ
3575 2603 3659 2658 σύ
3675 2620 3690 2634 °
3715 2619 3849 2674 γνη-

2272 2696 2496 2768 σιότητα
2547 2695 2879 2766 ἐμφανίζων,
2917 2695 3169 2767 σημαίνει
3203 2697 3277 2768 μὴ
3323 2690 3462 2749 εἶναι
3509 2694 3677 2748 αὐτοῦ
3715 2711 3849 2766 γνη-

2274 2787 2421 2851 σίους
2445 2789 2594 2852 υίοὺς
2622 2787 2812 2852 ἄλλους
2851 2787 3003 2853 τινας
3044 2790 3177 2860 παρ’
3215 2788 3395 2842 αὐτόν.
3425 2787 3492 2839 Τί
3535 2787 3595 2839 δὲ
3632 2788 3732 2841 καὶ
3767 2785 3849 2852 τδ,

2285 2877 2387 2932 Ἐκ
2415 2877 2673 2948 γαστρὸς
2703 2878 2818 2946 πρὸ
2854 2879 3201 2948 Ἑωσφόρου
3237 2876 3538 2950 ἐγέννησά
3583 2891 3697 2941 σε;
3718 2878 3851 2948 Οὐχὶ
3917 2872 3920 2878 ’

2273 2968 2530 3042 ἄντικρυς
2556 2972 2654 3044 τῆς
2683 2971 2961 3043 πατρικῆς
2996 2973 3299 3043 μαιεύσεως
3326 2972 3558 3044 φυσικὴν
3582 2972 3852 3026 ἐνδείκνυ-

2273 3081 2362 3117 ται
2414 3064 2634 3134 υίότητα
2654 3103 2668 3126 ,
2729 3063 2788 3117 οὐ
2837 3064 3052 3136 τρόπων
3103 3063 3388 3135 ἐπιμελείᾳ
3431 3064 3524 3116 καὶ
3567 3062 3852 3135 προκοπῆς

2275 3157 2528 3227 ἀσκήσει,
2578 3154 2712 3210 ἀλλὰ
2758 3155 2974 3224 φύσεως
3019 3154 3272 3226 ἰδιώματι
3310 3154 3513 3226 ταύτην
3558 3155 3849 3226 λαχόντοςς

2279 3244 2440 3297 ’Ὅθεν
2467 3243 2562 3297 καὶ
2587 3245 2974 3315 ἀμετάπτωτον
2993 3245 3107 3316 ἔχει
3127 3246 3227 3315 τὴν
3253 3246 3476 3316 υίάτητα
3500 3247 3530 3298 ὁ
3557 3228 3851 3317 μονοῆενὴς

2280 3333 2407 3396 Υίὸς
2432 3333 2527 3386 τοῦ
2564 3334 2777 3406 Πατρός
2795 3352 2808 3365 ·
2842 3334 2941 3407 τὴν
2971 3335 3027 3389 δὲ
3064 3334 3174 3389 τῶν
3204 3334 3434 3403 λογικῶν
3465 3334 3762 3401 υἱοθεσίαν,
3789 3335 3850 3391 οὐ

2277 3425 2416 3479 κατὰ
2446 3425 2605 3496 φύσιν
2641 3427 2990 3498 ὑπάρχουσαν
3018 3427 3220 3490 αὐτοῖς,
3255 3425 3388 3479 ἀλλὰ
3413 3424 3632 3496 τρόπων
3658 3427 3850 3498 ἐπιτηο

2274 3517 2505 3588 θειότητι
2531 3518 2623 3570 καὶ
2649 3517 2825 3589 δωρεᾷ
2851 3516 3008 3582 Θεοῦ,
3043 3519 3135 3571 καὶ
3163 3515 3517 3588 μεταπτιὶνιην
3546 3513 3691 3572 οἶδεν
3719 3516 3851 3570 ὀλόο

2273 3623 2389 3674 γος.
2437 3606 2691 3672 Ἰδόντες
2720 3605 2830 3677 ’πὰρ
2857 3609 2913 3661 oi
2940 3607 3057 3660 υἱοί
3087 3605 3193 3660 τοῦ
3222 3605 3368 3661 Θεοῦ
3390 3606 3496 3673 τὰς
3516 3607 3850 3677 θυγατέρας

2273 3698 2391 3752 τῶν
2419 3699 2762 3768 ἀνθρώπων,
2786 3699 3006 3754 ἔλαϐον
3041 3694 3287 3768 ἑαυτοῖς(
3305 3699 3612 3768 γυναῖκας,
3653 3701 3751 3754 καὶ
3781 3701 3850 3756 τά

2271 3789 2416 3861 ἑξῆς·
2448 3791 2559 3855 καὶ,
2592 3789 2764 3857 Υίοὺς
2799 3789 3100 3862 ἐγέννησα
3140 3790 3239 3844 καί
3270 3791 3526 3860 ὕψωσαο
3565 3793 3740 3846 αὐτοὶ
3778 3791 3848 3846 δέ

2265 3898 2343 3950 με
2363 3881 2687 3951 ἠθέτησαν,
2721 3882 2809 3936 διὰ
2843 3881 3066 3938 Ἡσαΐου
3091 3883 3369 3954 εἰρηκέναι
3395 3883 3487 3936 τὸν
3515 3883 3649 3938 Θεὸν
3672 3884 3846 3939 ἐδιδά-

2271 3974 2498 4046 χθημενο

2340 4146 2427 4202 IX.
2470 4148 2644 4204 Πολλά
2683 4148 2861 4217 λέγειν
2903 4147 3060 4219 ἔχων,
3113 4147 3404 4218 ἀγαπητοὶ,
3464 4147 3839 4219 παρέρχομαι.

2434 4313 2476 4343 ¹⁹
2508 4312 2657 4368 Rom.
2693 4327 2822 4376 vm,
2849 4309 2938 4365 52.
3015 4310 3060 4340 ¹⁶
3089 4306 3280 4363 Matth.
3316 4323 3407 4369 Ill,
3445 4307 3532 4363 17.
3612 4311 3655 4341 ⁸⁸
3680 4308 3833 4366 Psal.

666 4505 777 4576 (22)
803 4506 987 4572 Μέχρι
1012 4503 1160 4576 πρός
1197 4501 1451 4576 ἐννοίας.
1480 4498 1539 4555 In
1569 4500 1762 4576 codice
1803 4499 1985 4576 Allatii
2016 4499 2164 4576 legi-

2270 4507 2448 4576 tamen
2490 4499 2912 4576 minimecapax
2939 4495 3372 4576 videtur‘eorum
3419 4491 3837 4576 natnra._'l‘otos

597 4569 687 4628 tur
747 4569 940 4646 μέχριξ
983 4569 1223 4637 ἐννοίας,
1280 4571 1484 4626 omissa
1535 4572 1706 4626 altera
1753 4569 2159 4694 Empositione.

598 4645 893 4694 Utramaue
917 4652 1097 4694 tamen
1131 4657 1316 4694 vocem
1346 4641 1590 4694 aaiioscit
1616 4640 1752 4694 Eoin
1797 4644 1954 4694 anius
1983 4639 2159 4694 Scho-

598 4639 893 4713 Utramque
917 4652 1097 4696 tamen
1131 4657 1316 4697 vocem
1346 4641 1590 4713 agnoscit
1616 4639 1954 4713 Epiphanius
1983 4639 2161 4713 Sabo-7

595 4709 841 4778 Iasticus,
873 4713 964 4782 qui
1001 4714 1078 4766 sic
1103 4713 1261 4766 vertit
1292 4729 1306 4764 :
1342 4709 1676 4779 [inpossibile
1698 4709 1775 4766 est
1805 4712 1882 4765 uel
1908 4726 2068 4782 usque
2091 4711 2159 4764 ad

595 4787 890 4854 opinionem
906 4784 1137 4854 invenire
1157 4784 1267 4836 vias
1292 4782 1574 4854 serpentis.

813 4853 931 4934 Καὶ.
966 4854 1233 4937 γομίμοις
1276 4851 1568 4937 ὲνξτολαξς.
1616 4851 1676 4905 In
1717 4850 1917 4937 .codi‘c'e
1961 4848 2159 4937 Lfeonis

593 4920 775 4978 Allatii
826 4920 1109 4993 scriptum
1137 4931 1221 4993 est
1266 4923 1359 4974 καὶ
1405 4921 1662 4992 νομίμους
1714 4921 1952 4993 ἐντολάς.
1986 4920 2160 4993 Quam

594 4996 922 5065 scripturam
942 4988 1012 5047 'in
1063 4992 1315 5065 editione
1348 5006 1446 5045 sua
1471 4988 1776 5065 amplexus
1808 4988 2159 5065 est}a_cobus

594 5059 954 5126 Sirinundus,
1006 5071 1060 5116 et
1113 5064 1256 5116 hunc
1304 5063 1481 5116 locum
1535 5059 1610 5114 ita
1645 5062 1850 5116 vertit:
1884 5059 1991 5125 Qui
2057 5078 2158 5114 au-

595 5144 696 5188 tem
737 5135 850 5202 ejus
898 5144 1017 5186 sunt
1051 5143 1327 5193 creaturas,
1387 5133 1619 5185 homines
1664 5141 1711 5186 et
1747 5133 1936 5200 angeli,
1981 5139 2032 5184 et
2073 5133 2158 5184 be-

591 5205 933 5260 nedictionem
961 5213 1286 5270 acceperunt,
1316 5211 1371 5254 ut
1405 5202 1712 5270 proﬁcerent
1742 5203 1982 5256 virtutem
2007 5217 2159 5255 exer-

590 5285 782 5337 centes,
839 5283 888 5327 et
933 5273 1306 5327 mandatorum
1359 5273 1490 5342 leges
1549 5289 1611 5325 ne
1655 5282 1943 5341 peccarent.
1979 5272 2158 5340 Atque

591 5347 733 5399 lianc
781 5344 1086 5406 lectionem,
1119 5359 1178 5398 re
1211 5344 1471 5396 attentius
1519 5344 1846 5406 examinata,
1887 5343 2156 5396 veriorem

630 5425 741 5470 uto.
768 5415 855 5468 Ait
881 5415 1025 5467 enim
1049 5413 1370 5476 Alexander,
1402 5411 1567 5466 Deum
1593 5414 1729 5466 duas
1753 5428 1840 5466 res
1866 5412 2158 5466 tradidisse

630 5433 741 5470 1110.
768 5433 855 5468 All
881 5433 1025 5467 enim
1049 5433 1370 5476 Alexanaer,
1402 5433 1567 5466 ueum
1593 5433 1729 5466 uuas
1753 5433 1840 5466 I'CS
1867 5433 2154 5466 LFaUIUISSC

590 5433 903 5540 ﬂaminibus
936 5491 990 5538 et
1004 5483 1264 5553 gangelis,
1295 5491 1356 5536 ut
1390 5484 1445 5536 in
1490 5484 1690 5537 virtute
1724 5497 2048 5553 progressus
2074 5481 2154 5534 fa-

589 5571 711 5610 cere
732 5563 973 5625 possent.
1001 5551 1070 5625 Et
1111 5551 1363 5625 mandata
1400 5553 1618 5625 quidem
1651 5551 1782 5623 legis
1811 5551 1881 5625 ad
1901 5552 2005 5625 hoc
2030 5566 2158 5621 pro-

589 5622 830 5690 sunt,_ne
856 5624 1086 5678 crimina
1117 5623 1401 5693 admittant
1421 5622 1544 5692 quae
1567 5624 1682 5693 lege
1710 5622 1980 5692 prohibita
2004 5627 2152 5676 sunt.

587 5694 900 5749 Benedictio
922 5708 1050 5748 vero
1076 5692 1143 5746 ad
1174 5693 1274 5748 hoc
1297 5693 1544 5762 prodest,
1574 5692 1638 5746 ut
1664 5694 1718 5746 in
1749 5693 1965 5746 virtutis
1996 5707 2156 5746 exer-

588 5764 846 5818 citatione
877 5763 1118 5832 quotidie
1147 5763 1451 5831 prollciant.
1489 5762 1595 5817 Sed
1636 5763 1874 5817 occurrit
1903 5762 2005 5814 hoc
2036 5763 2151 5832 loco

587 5831 909 5889 difﬁcultas.
924 5832 1143 5903 Angelis
1175 5833 1319 5887 enim
1360 5833 1662 5903 profectum
1689 5833 1957 5896 attribuit,
1995 5831 2151 5900 cujus

2264 4571 2408 4627 enim
2438 4587 2558 4627 sese
2589 4563 2873 4640 applicant,
2901 4566 3074 4640 angeli
3107 4564 3174 4618 ad
3215 4563 3445 4640 id__quod
3496 4564 3667 4640 semel
3719 4580 3836 4640 am-_-

2262 4641 2404 4720 p_l_exi
2429 4649 2586 4708 sunt;
2617 4633 2718 4720 nec
2753 4633 3012 4720 paulatim
3040 4633 3835 4720 Διιι-σξηειίίιιιιιιιιίιιιξῗἰιμιιιοιι

2260 4702 2499 4782 eligunt;
2547 4702 2658 4782 sed
2685 4702 2862 4779 primo
2894 4702 3097 4782 impetu
3113 4702 3192 4782 ad
3241 4718 3514 4782 summum
3547 4702 3832 4776 fastigium

2260 4773 2607 4852 perveniunt,
2646 4773 2721 4834 ita
2751 4773 3195 4852 u_t_nec_i1lterius
3241 4773 3514 4852 progredi,
3552 4773 3833 4845 necretro

2259 4845 2457 4908 reverti
2489 4853 2722 4908 valeant.
2775 4847 3011 4903 Materiae
3051 4845 3198 4900 enim
3235 4851 3490 4917 expertes
3527 4853 3681 4917 sunt,
3712 4861 3833 4917 qua:

2260 4921 2632 4977 inﬁrmitatem
2658 4927 2713 4976 et
2745 4918 3167 4975 inconstantiam
3197 4911 3387 4984 gignit.
3421 4911 3832 4984 Dicendum'ta-

2258 5007 2383 5046 men
2413 5002 2518 5056 est,
2551 4991 2772 5058 angelos
2803 4990 2877 5042 ita
2899 4986 3134 5058 primum
3165 4983 3378 5039 creatos
3400 4983 3742 5058 essega‘Deo,
3772 4993 3832 5041 ut

2258 5007 2383 5046 men
2413 5006 2518 5056 est,
2551 5007 2618 5046 an
2657 5006 2772 5045 etos
2803 5006 2877 5042 Ita
2899 5006 3134 5058 primum
3165 5006 3378 5039 creatus
3400 5006 3523 5041 esse
3548 5006 3579 5038 ει
3605 5006 3742 5050 Deo,
3772 5006 3831 5041 ut

2258 5073 2445 5137 essent
2466 5006 2778 5124 mutabiles,
2811 5067 2865 5137 et
2892 5057 3110 5137 virtutis
3141 5068 3367 5137 capaces
3401 5055 3632 5137 a_c_vit.ii,
3661 5065 3831 5137 utque

2299 5135 2520 5189 rolicere
2561 5139 2786 5203 possent
2825 5129 2883 5203 in
2926 5127 3144 5188 melius.
3180 5125 3363 5203 autin
3693 5125 3822 5182 labi.

2258 5148 2520 5255 Eroucere
2561 5148 2786 5203 possent
2825 5148 2883 5184 In
2926 5148 3144 5188 melius,
3180 5148 3276 5179 aus
3306 5148 3363 5180 ιιι
3403 5148 3646 5182 aesculis
3693 5148 3822 5182 tam.

2309 5219 2410 5258 anc
2443 5203 2613 5258 fuisse
2651 5199 2973 5258 sententiam
3001 5206 3242 5253 veterum
3279 5196 3678 5267 theologorum,
3714 5204 3826 5251 tum

2257 5289 2323 5328 ex
2358 5274 2666 5329 Alexandro
2699 5278 2867 5342 patet,
2901 5276 3028 5342 tum_
3056 5282 3122 5342 ex
3151 5280 3217 5322 eo
3243 5265 3387 5342 quod
3429 5265 3594 5322 Arius
3624 5280 3692 5320 ac
3724 5281 3830 5342 ῳ-

2259 5345 2361 5398 teri
2386 5336 2723 5408 asserebant]
2760 5339 2957 5394 Filium
2984 5336 3090 5408 Dei
3123 5337 3434 5408 mutabilem
3455 5352 3601 5401 esse,
3631 5343 3688 5390 et
3717 5338 3828 5408 vir-

2257 5416 2390 5470 tutis
2428 5430 2491 5469 ac
2519 5413 2637 5467 vitii
2666 5405 2940 5481 capacem.
2983 5406 3094 5461 Nec
3136 5408 3281 5462 ullus
3309 5405 3717 5481 Catbolicomm
3748 5407 3826 5463 eis

2257 5501 2494 5554 unquam
2525 5478 2750 5554 obiecit,
2768 5479 3115 5554 angelosnon
3141 5492 3264 5533 esse
3284 5478 3564 5554 mutabilis
3585 5485 3822 5554 natura}.

2258 5546 2515 5611 Sciebant
2546 5546 2692 5608 enim
2736 5550 2788 5605 id
2822 5546 3100 5619 proprium
3120 5561 3261 5619 _esse
3292 5549 3463 5603 solius
3506 5546 3602 5602 Dei
3645 5549 3742 5617 qui
3771 5549 3825 5602 in

2256 5628 2430 5680 sacris
2481 5624 2678 5678 litteris
2704 5616 3031 5675 diserte—ait
3064 5637 3076 5671 :
3110 5616 3222 5687 Ego
3243 5635 3383 5682 sum,
3407 5628 3458 5672 et
3487 5633 3593 5672 non
3630 5616 3821 5672 mutor.

2255 5696 2442 5766 Angeli
2467 5709 2596 5749 vero
2621 5694 2748 5748 licet
2768 5689 2982 5746 diﬁicile
3003 5695 3303 5756 mutentur,
3331 5688 3623 5744 mutationi
3645 5698 3824 5744 tamen

2254 5766 2474 5822 obnoxii
2505 5770 2651 5821 sunt.
