4036 6320
205 421 303 478 561

1609 419 1987 477 EPISTOLE.

3353 436 3454 494 562

202 539 459 612 φορτικὸν
476 534 620 594 εἶναι
645 538 894 609 νομίσας,
918 538 1005 593 διά
1028 537 1285 593 πλειόνων
1299 538 1643 603 διδασκάλους
1663 540 1782 611 ὁμό-

1891 547 2144 598 consulto
2195 551 2480 614 praetereo,
2531 547 2727 619 quippe
2773 549 2867 620 qui
2916 548 3288 621 importunum
3331 571 3453 612 esse

203 647 410 701 φρονας
433 629 892 701 ὑπομιμνήσκειν.
921 629 1083 682 Αὐτοὶ
1130 627 1243 700 γὰρ
1280 625 1605 682 θεοδίδακτοί
1641 629 1784 693 ὲστε,

199 723 308 777 οὐκ
336 720 656 790 ἀγνοοῦντες
671 719 754 773 ὅτι
787 720 822 791 ἡ
858 719 1082 792 ἔναγχος
1113 719 1463 775 ἐπαναστᾶσα
1496 721 1563 790 τῇ
1593 718 1788 789 ἐκκλη-

205 815 464 884 σιαστικῇ
512 810 763 885 εὐσεϐείᾳ
812 811 1122 865 διδασκαλία
1141 853 1157 878 ,
1225 810 1475 875 Ἐϐίωνός
1524 813 1639 865 ὲστι
1696 811 1789 865 καὶ

215 903 479 974 Ἄρτεμῷ
502 901 594 954 καὶ
620 901 782 972 ΰιλος
807 901 900 956 τοῦ
923 902 1061 956 κατά
1100 903 1430 972 Ἀντιόχειαν
1451 889 1664 954 Παύλου
1691 900 1786 954 τοῦ

201 993 589 1063 Σαμοσατέως,
627 994 827 1064 συνόδῳ
861 994 954 1048 καὶ
986 994 1164 1066 κρίσει
1193 993 1302 1046 τῶν
1336 991 1647 1062 ἁπανταχοῦ
1670 995 1788 1045 ὲπι-

201 1087 430 1162 ατεόπῳν
465 1085 941 1157 ἀποκηρυχθέντος
975 1087 1077 1159 τῆς
1114 1086 1442 1158 Ἐκκλησίας
1463 1103 1477 1116 ’
1527 1085 1586 1140 ὃν
1615 1085 1788 1138 διαδε-

200 1176 440 1248 ξάμενος
467 1176 778 1243 Λουκιανὸς,
806 1179 1231 1248 ἀποσυνάγωγος
1262 1177 1443 1248 ἔμεινε
1476 1176 1640 1249 τριῶν
1669 1178 1788 1230 ἐπι-

199 1268 426 1323 σκόπων
455 1265 569 1340 (24)
613 1269 886 1334 πολυετεῖς
939 1270 1184 1342 χρόνους.
1254 1265 1356 1324 Ὧν
1397 1269 1497 1340 τῆς
1536 1270 1788 1334 ἀσεϐείας

196 1360 304 1434 τὴν
351 1359 534 1432 τρύγα
560 1362 948 1434 ὲρῤοφηκότες,
981 1362 1077 1416 νῦν
1121 1364 1252 1434 ἡμῖν
1280 1365 1330 1416 οι
1371 1360 1432 1427 ἐξ
1474 1363 1574 1416 οὐκ
1619 1362 1787 1415 ὄντων

201 1454 559 1526 ἑπεφύησαν,
611 1454 681 1508 τά
719 1456 941 1510 ἐκείνων
993 1456 1354 1527 κεκρυμμένα
1410 1455 1784 1527 μοσχεύματα,

204 1545 427 1618 ’Δρειός
458 1563 521 1600 τε
561 1546 656 1599 καὶ
693 1547 958 1617 Ἀχιλλᾶς,
989 1547 1080 1601 καὶ
1120 1546 1156 1616 ἡ
1191 1546 1301 1599 τῶν
1329 1547 1434 1608 ⁵σὺν
1478 1548 1660 1611 αὐτοῖς
1691 1565 1786 1600 πο-

203 1639 587 1711 νηρευομένων
636 1637 870 1702 σύνοδος.
914 1638 1024 1693 Καὶ
1071 1639 1171 1692 οὒκ
1210 1635 1304 1692 οἷδ’
1349 1639 1497 1703 ὅπως
1538 1641 1597 1693 ὲν
1621 1640 1790 1712 Συρίᾳ

205 1730 674 1803 χειροτονηθέντες
717 1730 1004 1784 ἐπίσκοποι
1033 1731 1181 1800 τρεῖς
1203 1729 1316 1802 (25)
1349 1730 1438 1784 διὰ
1476 1727 1571 1783 τοῦ
1607 1747 1789 1784 συναι-

1889 634 2109 704 ducam,
2145 635 2399 693 doctores
2429 639 2522 708 qui
2565 642 2850 696 nobiscum
2871 643 3245 712 consentiunt,
3280 647 3453 716 pluri-

1888 728 1992 784 bus
2024 729 2339 786 admonere.
2377 731 2485 800 Ipsi
2541 733 2685 788 enim
2738 750 2768 788 a
2819 735 2929 791 Deo
2959 736 3109 791 docti
3152 738 3322 795 estis:
3353 756 3455 796 nec

1887 819 2175 889 ignoratis,
2210 835 2333 874 eam
2362 821 2671 876 doctrinam
2720 838 2838 892 quae
2887 825 3149 882 adversus
3195 828 3454 884 ecclesia-

1887 911 2083 966 sticam
2116 912 2375 983 pietatem
2417 927 2593 982 nuper
2631 923 2796 983 caput
2821 917 3031 981 extulit,
3063 917 3286 974 Ebionis
3329 935 3454 976 esse

1887 1007 1941 1056 et
1966 1000 2203 1057 Artema:
2228 1020 2243 1056 :
2274 1017 2375 1058 nec
2397 1001 2545 1058 aliud
2575 1017 2719 1069 esse,
2741 1019 2901 1074 quam
2924 1007 3276 1062 imitationem
3297 1007 3453 1064 Pauli

1890 1088 2256 1158 Samosateni,
2285 1091 2593 1148 Antiochia
2623 1093 2890 1164 episcopi,
2932 1098 3024 1165 qui
3058 1098 3301 1153 omnium
3333 1099 3454 1154 ubi-

1886 1197 1995 1252 que
2028 1182 2414 1254 episcoporum
2463 1184 2700 1240 concilio
2741 1199 2805 1239 ac
2854 1185 3062 1254 judicio
3098 1189 3166 1242 ab
3209 1187 3453 1244 Ecclesia

1887 1281 2135 1330 remotus
2165 1283 2270 1330 est.
2303 1273 2405 1331 Cui
2440 1277 2739 1333 succedens
2767 1276 3063 1345 Lucianus,
3086 1279 3331 1349 pluribus
3364 1295 3455 1335 an-

1888 1365 1974 1419 nis
1999 1381 2029 1419 a
2058 1368 2440 1421 communione
2461 1368 2627 1421 trium
2650 1369 3029 1438 episcoporum
3048 1385 3167 1425 sese
3184 1372 3450 1441 abjunxit.

1888 1453 2099 1510 Horum
2155 1457 2450 1527 impietatis
2498 1457 2684 1514 faecem
2720 1474 2843 1515 cum
2900 1461 3233 1527 hausissent,
3280 1479 3454 1534 nuper

1888 1547 2050 1603 nobis
2083 1548 2190 1604 orti
2213 1557 2341 1603 sunt
2370 1549 2684 1616 Exucontii,
2704 1553 2917 1607 occulta
2946 1553 3164 1608 illorum
3186 1558 3450 1625 germina,

1888 1641 2054 1697 Arius
2084 1642 2296 1696 scilicet
2323 1649 2377 1698 et
2407 1640 2671 1710 Achillas,
2694 1651 2749 1697 et
2777 1644 2986 1714 reliqua
3017 1646 3306 1715 impiorum
3332 1648 3454 1703 istis

1890 1736 2280 1792 adhaerentium
2329 1736 2506 1792 turba.
2557 1738 2634 1792 Ac
2683 1739 2869 1794 nescio
2894 1755 3003 1810 quo
3028 1740 3192 1794 modo
3222 1740 3459 1796 ordinati

205 1828 316 1879 νεῖν
349 1826 556 1889 αὐτοῖς,
599 1824 694 1876 ἐπὶ
737 1823 798 1876 τδ
843 1825 1021 1894 χεῖρον
1052 1822 1444 1877 ύπεκκαίουσι·
1489 1823 1618 1895 περὶ
1650 1816 1782 1894 ὧνή

1891 1825 1945 1878 in
1978 1822 2134 1895 Syria
2160 1835 2272 1881 tres
2295 1827 2558 1897 episcopi,
2583 1827 2690 1882 illis
2711 1829 3121 1894 consentiendo,
3144 1845 3240 1886 eos
3268 1829 3334 1885 ad
3364 1847 3457 1902 pe-

208 1916 384 1990 ιρίσις
425 1914 809 1969 ὐπανακείσθω
838 1913 948 1986 (‘26)
973 1916 1039 1986 τῇ
1090 1913 1332 1985 ὑμετέρᾳ
1376 1913 1688 1986 δοκιμασίᾳ.
1721 1916 1782 1968 Ol

1886 1915 2008 1986 jora
2036 1916 2284 1976 incitant.
2319 1916 2560 1984 Quorum
2589 1918 2854 1989 judicium
2892 1929 3077 1977 vestro
3100 1923 3336 1977 examini
3364 1901 3453 1979 re-

207 2010 300 2076 τάς
333 2011 434 2081 μὲν
471 2009 566 2064 τοῦ
613 2009 884 2080 σωτηρίου
915 2008 1138 2073 πάθους,
1186 2007 1566 2071 ταπεινώσεως
1599 2025 1658 2060 τε
1688 2010 1783 2062 καὶ

210 2102 492 2167 ιιενώσεως
524 2103 618 2156 καὶ
646 2103 744 2174 τῆς
787 2102 1124 2172 καλουμένης
1148 2099 1313 2154 αὑτοῦ
1343 2102 1642 2171 πτωχείας,
1689 2104 1782 2156 καὶ

208 2189 278 2250 ὧν
306 2195 635 2265 ἐπικτήτους
681 2197 710 2248 6
740 2193 930 2265 Σωτὴρ
965 2193 1032 2246 δι’
1057 2194 1203 2264 ἡμᾶς
1250 2191 1532 2256 ἀνεδέξατο
1575 2193 1779 2261 φωνὰς,

208 2287 291 2341 5ιά
326 2288 549 2358 μνήμης
593 2287 836 2357 ἔχοντες,
885 2284 1271 2358 παρατίθενται
1304 2284 1395 2338 ἐπὶ
1448 2288 1779 2356 παραγραφῇ

207 2377 302 2448 τῆς
351 2377 610 2431 ἀνωτάτω
648 2378 742 2432 καὶ
790 2377 1025 2448 ἀρχῆθεν
1061 2376 1226 2431 αὐτοῦ
1271 2375 1540 2446 θεότητος.
1577 2375 1697 2429 Τῶν
1726 2376 1781 2429 δὲ

205 2471 302 2545 τῆς
335 2469 573 2539 φυσικῆς
612 2468 776 2524 αὐτοῦ
800 2469 956 2540 δόξης
978 2487 1037 2522 τε
1069 2469 1162 2523 καὶ
1205 2468 1483 2537 εὐγενείας
1511 2467 1604 2522 καὶ
1630 2467 1780 2539 παρά

206 2559 279 2632 τῷ
299 2560 476 2624 Πατρὶ
501 2558 666 2630 μονῆς
691 2559 1039 2630 σημαντικῶν
1056 2558 1228 2626 λόγων
1249 2557 1608 2627 ἐπιλήσμονες
1634 2555 1784 2624 γεγό-

208 2668 394 2707 δασιν·
440 2646 551 2706 οἷόν
586 2651 804 2717 ὲστιτὸ,
847 2652 994 2722 Ἐγὼ
1036 2652 1133 2705 καὶ
1158 2655 1190 2705 ό
1219 2652 1424 2720 Πατὴρ
1471 2651 1540 2704 ἓν
1571 2651 1777 2720 ἐσμεν.

201 2747 386 2816 Ὅπερ
401 2745 565 2814 φησὶν
587 2748 615 2798 6
631 2745 852 2816 Κύριος,
873 2746 935 2797 ού
963 2745 1179 2816 Πατέρα
1197 2744 1385 2798 ἑαυτὸν
1413 2743 1779 2815 ἀναγορεύων,

207 2836 328 2890 λύδὲ
358 2837 456 2899 τάς
483 2839 551 2907 τῇ
604 2837 895 2892 ὑποστάσει
947 2836 1039 2889 δύο
1097 2835 1288 2905 φύσεις
1323 2835 1434 2907 (27)
1476 2834 1602 2905 μίαν
1642 2831 1781 2889 εἶναι

204 2927 544 2998 σαφηνίζων·
579 2928 692 2981 ἀλλ’
721 2931 802 2981 ὅτι
848 2929 946 2999 τὴν
979 2926 1247 3000 πατρικὴν
1289 2926 1586 2998 ἐμφέρειαν
1627 2928 1784 2998 ἀκρι-

203 3019 318 3085 ϐῶς
369 3021 576 3090 πέφυκε
634 3020 824 3083 σώζειν
862 3023 891 3074 6
921 3021 1045 3084 Υἱδς
1088 3019 1182 3072 τοῦ
1227 3019 1463 3091 Πατρὺς,
1501 3020 1598 3091 τὴν
1643 3021 1783 3074 κατά

204 3111 386 3165 πάντα
431 3110 723 3180 ὁμοιότητα
767 3109 930 3162 αὑτοῦ
963 3111 1027 3161 ὲκ
1070 3110 1284 3179 φύσεως
1330 3109 1779 3182 ἀωμαξὰμενος,

205 3198 303 3254 καὶ
333 3197 748 3269 ἀπαράλλακτος
773 3198 937 3252 εἰκὼν
973 3198 1065 3251 τοῦ
1106 3199 1318 3270 Πατρδς
1352 3201 1654 3269 τυγχάνων,
1690 3202 1782 3253 καὶ

1889 2018 2156 2065 servetur.
2193 2008 2297 2076 Qui
2332 2011 2593 2066 salutaris
2632 2013 2904 2081 passionis
2935 2022 2990 2067 et
3023 2013 3342 2082 abjectionis
3374 2027 3454 2069 at-

1889 2117 1993 2171 que
2011 2101 2398 2157 cxinanitionis
2419 2112 2473 2158 et
2493 2104 2825 2173 paupertatis
2844 2121 3001 2174 quam
3025 2115 3240 2171 vocant,
3263 2123 3452 2162 eorum

1889 2191 2123 2262 denique
2155 2194 2400 2248 omnium
2423 2209 2544 2263 quae
2576 2193 2830 2249 Servator
2857 2205 3039 2250 nostra
3070 2212 3235 2251 causa
3265 2212 3452 2252 susce-

1888 2283 1988 2352 pit,
2024 2282 2294 2337 ascititias
2324 2298 2486 2339 voces
2514 2285 2776 2339 memoria
2802 2288 3118 2352 retinentes,
3141 2304 3232 2343 eas
3253 2287 3320 2341 ad
3354 2304 3449 2343 su—

1888 2387 2135 2443 premam
2160 2381 2528 2445 aeternamque
2555 2375 2703 2431 illius
2729 2376 3066 2433 divinitatem
3100 2376 3447 2433 refellendam

1889 2463 2143 2520 afferunt.
2191 2463 2391 2520 Eorum
2444 2475 2621 2521 aulem
2653 2469 2939 2522 verborum
2979 2483 3099 2538 qua:
3148 2472 3454 2524 naturalem

1888 2556 2006 2626 ejus
2029 2557 2254 2628 gloriam
2283 2573 2347 2612 ac
2380 2557 2718 2612 nobilitatem
2758 2568 2813 2614 et
2859 2561 2999 2629 apud
3041 2560 3253 2616 Patrem
3293 2576 3450 2616 man-

1889 2649 2099 2704 sionem
2123 2648 2430 2719 designant,
2449 2665 2675 2719 prorsus
2705 2651 3050 2707 immemores
3079 2659 3224 2706 sunt.
3256 2651 3454 2721 Cujus-

1889 2741 2035 2796 modi
2057 2748 2142 2796 est
2174 2741 2304 2795 illud
2326 2742 2370 2772 ³⁵
2406 2762 2419 2796 ;
2456 2742 2566 2812 Ego
2591 2753 2638 2796 et
2677 2741 2858 2806 Pater,
2882 2760 3043 2796 unum
3073 2760 3274 2799 sumus.
3297 2743 3456 2811 Quod

1889 2835 2108 2905 quidem
2158 2833 2421 2890 Dominus
2465 2835 2618 2899 dicit,
2641 2852 2750 2889 non
2804 2851 2912 2905 quo
2942 2852 3000 2891 se
3031 2837 3205 2906 ipsum
3236 2836 3453 2893 Patrem

1889 2925 2183 2992 renuntiet,
2219 2940 2318 2980 nec
2365 2940 2475 2996 quo
2527 2925 2666 2981 duas
2699 2941 2964 2995 personas
2993 2942 3158 2979 unam
3191 2942 3314 2981 esse
3357 2927 3453 2982 de-

1890 3027 2192 3085 monstret;
2242 3018 2338 3073 sed
2387 3018 2642 3087 quoniam
2691 3016 2866 3073 Patris
2923 3017 3092 3074 Filius
3143 3033 3454 3088 expressam

1889 3109 2072 3167 Patris
2103 3110 2519 3167 similitudinem
2544 3111 2891 3166 exactissime
2909 3120 3108 3176 servat,
3138 3112 3339 3181 quippe
3362 3112 3454 3179 qui

1889 3203 2256 3257 omnimodam
2300 3203 2420 3273 ejus
2465 3201 2868 3258 similitudinem
2920 3216 2952 3255 a
2997 3208 3192 3256 natura
3224 3202 3454 3271 impres-

204 3288 302 3342 τοῦ
346 3263 702 3361 πρωτοτύπου
759 3290 991 3353 εκτυπος
1039 3263 1344 3361 χαρακτήρ.
1571 3263 1664 3343 κα).
1706 3290 1782 3361 τῷ

1888 3308 2003 3346 sam
2035 3294 2253 3359 habeat,
2291 3263 2470 3365 sitque
2500 3296 2677 3375 imago
2692 3293 2870 3349 Patris
2904 3293 3051 3347 nulla
3079 3297 3132 3347 in
3164 3309 3225 3349 re
3249 3263 3457 3347 discre-

204 3382 508 3454 τηνικαῦτα
535 3383 783 3437 ποθοῦντι
809 3382 932 3436 ἰδεῖν
963 3382 1211 3451 Φιλίππῳ
1250 3381 1494 3450 ἀφθόνως
1523 3384 1553 3436 6
1581 3383 1783 3454 Κύριος

205 3475 518 3548 ἐμφανίζει,
553 3474 689 3545 πρὸς
732 3474 791 3527 6v
823 3473 1047 3541 λέγοντα
1070 3489 1082 3502 ·
1122 3472 1328 3536 Δεῖξον
1368 3473 1512 3541 ἡμῖν
1539 3474 1646 3526 τόν
1666 3477 1782 3527 Πα-

207 3565 370 3635 τέρα,
400 3565 580 3634 λέγει’
621 3567 686 3618 '0
710 3563 979 3634 ἑωρακὼς
998 3563 1124 3633 ἐμὲ,
1143 3562 1364 3631 ἑώρακε
1382 3562 1490 3616 τὸν
1513 3565 1743 3632 Πατέρα
1763 3584 1774 3595 ·

206 3656 397 3729 ῶσπρ
424 3657 490 3710 δι’
535 3657 798 3728 ἐσόπτρου
831 3654 1164 3727 ἀκηλιδώτου
1201 3653 1294 3708 καὶ
1340 3653 1582 3724 ἐμψύχου
1631 3655 1779 3720 θείας

207 3749 435 3812 εἰκόνος,
469 3748 633 3801 αὑτοῦ
667 3748 1037 3820 θεωρουμένου
1076 3745 1172 3800 τοῦ
1206 3745 1436 3817 Πατρός.
1471 3742 1572 3799 Ὧν
1597 3748 1780 3818 ὅμοιον

208 3843 268 3894 ὲν
297 3841 551 3912 ιἴαλμοῗς
585 3844 635 3894 οἱ
671 3841 959 3910 ἁγιώτατοι
1002 3855 1194 3909 φασιν·
1244 3839 1346 3891 Ἐν
1374 3836 1453 3901 τῷ
1476 3840 1624 3907 φωτί
1666 3855 1782 3895 σου

320 3998 366 4030 ⁸⁵
394 3995 558 4051 Jaan.
595 4013 652 4062 x,
689 3998 776 4053 50.
856 3995 901 4027 “
922 3996 1085 4051 Joan.
1127 4010 1240 4060 xiv,
1270 3996 1324 4060 8,
1361 3995 1413 4049 9.

281 4173 397 4246 (24)
443 4174 926 4246 Ἀποσυνάτωγος
963 4177 1157 4246 ἔμεινε
1199 4173 1374 4243 τριῶν
1413 4174 1780 4246 ἐπισκόπων.

211 4243 389 4315 Hujus
408 4245 562 4300 verbi
583 4247 690 4298 vim
715 4243 1232 4300 nonintell'exerunt
1260 4246 1604 4315 interpretes.
1631 4244 1780 4310 Quos

209 4313 437 4372 secutus
466 4315 732 4371 Baronius
762 4316 829 4370 ad
861 4332 1060 4371 annum
1095 4316 1199 4371 518
1238 4313 1446 4377 scribit,
1483 4313 1782 4370 Lucianum

209 4401 240 4440 ι
269 4386 450 4440 tribus
482 4386 757 4456 episcopis
787 4387 892 4441 sibi
927 4387 1185 4456 continue
1214 4385 1652 4456 succedentibus,
1678 4384 1780 4438 Ec-

209 4456 384 4526 clesia
412 4455 647 4526 ejeCtum
672 4455 889 4526 fuisse,
909 4455 1074 4526 Atqui
1104 4471 1214 4510 non
1249 4455 1352 4509 hoc
1380 4455 1517 4526 dicit
1544 4455 1780 4526 Alexan-

209 4525 332 4586 der,
365 4524 463 4580 sed
513 4534 723 4579 tantum
765 4527 840 4579 ait
868 4524 1167 4581 Lucianum
1219 4526 1458 4579 schisma
1497 4524 1688 4578 fecisse
1727 4525 1783 4576 in

211 4595 572 4650 Antiochensi
597 4594 862 4657 Ecclesia,
890 4605 944 4650 et
977 4596 1081 4652 sub
1108 4595 1284 4650 tribus
1310 4596 1580 4664 episc0pis
1609 4594 1787 4648 conti-

211 4679 321 4720 nue
341 4666 448 4721 sibi
477 4665 899 4721 succedentibus
919 4667 1178 4722 collectas
1193 4680 1438 4719 seorsum
1457 4665 1781 4731 celebrasse.

212 4733 265 4806 Id
313 4734 463 4806 enim
488 4735 779 4806 signiﬁcat
826 4752 932 4793 vox
974 4734 1417 4806 ἀποσυνάγωγος.
1448 4733 1634 4806 Itaque
1657 4733 1784 4803 Epi-

210 4805 452 4874 phanius
482 4802 859 4878 Scholasticus
901 4821 1012 4878 non
1052 4808 1194 4878 male
1227 4802 1371 4878 hunc
1401 4805 1575 4878 locum
1614 4802 1786 4878 inter-

209 4872 462 4944 pretatus
510 4885 596 4931 est
644 4875 751 4932 hoc
803 4872 986 4941 modo,
1044 4876 1128 4929 cui
1167 4874 1444 4930 succedens
1495 4872 1780 4939 Lucianus,

209 4955 368 4998 extra
417 4960 717 5016 syngnogas
750 4949 945 5013 mansit
981 4947 1139 4999 trium
1168 4947 1524 5016 episcoporum
1557 4944 1785 5016 plurimo

209 5023 465 5088 tempore.
507 5013 740 5072 Basilius
767 5015 824 5070 in
848 5016 1076 5088 epistola
1107 5013 1280 5086 prima
1325 5016 1393 5088 ad
1432 5014 1784 5088 Amphibolog

209 5084 400 5166 obium
456 5084 932 5166 παρασυναγωγῇν
983 5084 1218 5166 usurpat
1249 5085 1446 5166 eodem
1469 5099 1655 5149 sensu,
1690 5084 1780 5138 ubi

210 5153 505 5226 distinguﬂ.
535 5153 674 5210 inter
703 5153 975 5224 hatre'sim,
1018 5166 1072 5212 et
1104 5153 1363 5218 schisma,
1399 5162 1452 5210 et
1476 5171 1785 5226 παρασυνα-

215 5217 424 5294 γωγήιί
457 5217 936 5296 Παρασυναγωγάς
962 5217 1157 5283 autem
1195 5227 1270 5280 ait
1308 5217 1433 5281 esse
1471 5217 1783 5294 ille'gitimos

212 5304 543 5367 conventus,
572 5296 667 5367 qui
699 5296 931 5367 ﬁuntiab
961 5298 1322 5366 immorigeris
1347 5296 1677 5367 presbyteris
1698 5296 1782 5367 vel

213 5364 494 5437 episcopis
533 5373 589 5420 et
633 5365 1014 5437 'laicis.,Verbi
1046 5364 1242 5437 gratia,
1293 5364 1781 5437 si'quis'criminis

215 5434 528 5498 cenvictus,
558 5441 612 5489 et
639 5450 672 5488 a
705 5436 1008 5507 ministerio
1029 5434 1188 5492 sacro
1216 5450 1538 5507 suspensus,
1574 5435 1783 5507 judicio

217 5519 329 5559 non
373 5512 584 5572 pareat,
629 5504 725 5560 sed
771 5507 1136 5564 ministerium
1175 5504 1334 5562 suum
1367 5507 1518 5560 obire
1550 5505 1698 5569 velit,
1730 5513 1784 5559 et

220 5575 480 5699 pogulum
531 5574 773 5657 colligat.
815 5575 960 5632 Inter
991 5575 1464 5656 παρασυναγωγήν
1513 5583 1692 5655 autem
1729 5582 1784 5630 et

221 5659 280 5699 sc
323 5657 463 5699 isma
497 5660 690 5699 narum
717 5644 902 5699 distat.
937 5646 1108 5699 Porro
1139 5663 1306 5699 causa
1336 5646 1643 5699 schismatis
1676 5643 1782 5698 Lu-

221 5643 463 5715 schisma
497 5643 690 5715 parum
717 5644 902 5715 distat.
937 5643 1108 5701 Porro
1139 5643 1306 5702 causa
1336 5643 1643 5700 schismatis
1676 5643 1782 5698 Lu-

221 5718 379 5771 ciano
414 5713 517 5770 fuit
558 5714 806 5770 doctrina
855 5713 1010 5770 Pauli
1057 5715 1458 5783 Samosatensis
1490 5730 1652 5783 quam
1681 5716 1779 5769 de-

223 5784 496 5850 fendebat,
527 5793 586 5840 ut
620 5785 782 5840 docet
821 5785 1146 5840 Alexander.
1186 5785 1357 5855 Cujus
1380 5787 1554 5855 gratia
1576 5785 1666 5838 diu
1691 5800 1779 5839 se-

226 5856 434 5926 paravit
480 5872 538 5913 se
586 5871 618 5912 a
674 5855 848 5912 tribus
889 5856 1182 5929 episc0pis,
1209 5853 1439 5925 Domno,
1472 5853 1690 5926 'I‘ymzeo
1719 5871 1781 5912 ac

1888 3398 2048 3453 pans,
2076 3393 2130 3438 et
2152 3385 2411 3453 primitivi
2443 3385 2770 3453 exemplaris
2800 3399 3057 3454 expressa
3081 3385 3270 3454 ﬁgura.
3299 3381 3456 3439 Unde

1885 3477 2049 3531 etiam
2074 3474 2325 3546 Philippo
2358 3485 2488 3530 tunc
2509 3475 2690 3531 videre
2719 3478 2957 3546 cupienti
2990 3476 3250 3531 Dominus
3282 3475 3454 3529 abun-

1884 3567 1952 3621 de
1980 3575 2392 3622 commonstrat.
2430 3566 2640 3621 Dicenti
2673 3568 2816 3621 enim
2844 3586 2857 3622 :
2906 3566 3132 3622 Ostende
3158 3565 3304 3619 nobis
3335 3565 3449 3619 Pa-

1887 3665 2040 3722 trem,
2079 3656 2413 3727 respondet:
2461 3656 2566 3721 Qui
2600 3655 2726 3710 vidit
2755 3674 2855 3722 me,
2887 3656 3012 3709 vidit
3051 3665 3099 3710 et
3133 3655 3346 3710 Patrem
3363 3656 3410 3688 ³⁸
3436 3691 3454 3709 .

1887 3750 2086 3818 quippe
2115 3763 2239 3802 cum
2265 3762 2361 3818 per
2390 3747 2741 3816 purissimum
2762 3754 2815 3801 et
2845 3749 3140 3801 animatum
3171 3746 3453 3817 speculum

1891 3840 2089 3894 divinae
2139 3841 2391 3912 imaginis
2443 3839 2559 3908 ipse
2588 3837 2978 3908 conspiciatur.
3019 3837 3228 3904 Quibus
3275 3838 3460 3895 simile

1887 4171 2108 4244 Cyrillo.
2133 4173 2365 4244 Tantum
2389 4186 2520 4244 vero
2544 4171 2609 4225 ad
2635 4173 2896 4227 unitatem
2920 4172 3174 4244 Ecclesiae
3197 4191 3453 4238 reversus

1887 4240 1991 4304 est,
2037 4255 2095 4296 ut
2129 4258 2207 4314 ex
2251 4240 2560 4314 Alexandro
2595 4244 2890 4311 colligitur.
2927 4243 3109 4314 Neque
3137 4247 3282 4301 enim
3325 4263 3448 4306 eum

1889 4328 2058 4382 usque
2078 4312 2143 4365 ad
2165 4314 2367 4365 exitum
2387 4313 2509 4367 vitae
2529 4313 2583 4366 in
2606 4314 2896 4367 schismate
2931 4312 3197 4370 mansisse
3227 4319 3453 4372 Alexan-

1880 4383 1984 4456 der
2033 4383 2244 4456 scribit,
2279 4382 2370 4436 sed
2404 4389 2613 4456 tantum
2648 4384 2809 4456 longo
2855 4391 3096 4456 tempore
3140 4396 3449 4456 separatum

1886 4452 2074 4507 fuisse.
2115 4451 2379 4523 Caeterum
2407 4451 2761 4523 hanc‘vocem‘
2790 4451 3216 4523 ἀποσυνάγωγος
3234 4466 3451 4512 mutua«

1815 4509 1858 4564 Ῑ)
1887 4532 1977 4595 tus
2005 4531 2088 4595 est
2120 4522 2421 4595 Alexander
2452 4521 2780 4595 e_x_Joannis
2812 4509 3139 4595 ‘Evaugel’io,
3181 4509 3446 4595 {Sapis};

1890 4593 1982 4646 ubi
2029 4593 2280 4646 Christus
2327 4590 2572 4662 praedicit
2618 4593 2879 4662 apostolis
2922 4590 3058 4656 suis,
3096 4590 3450 4661 quod—Judzi

1890 4663 2038 4731 ipsos
2063 4679 2094 4716 e
2123 4661 2412 4735 synagogis
2445 4663 2559 4735 suis
2586 4661 2813 4732 ejecturi
2854 4672 3057 4730 essent,
3098 4665 3452 4735 ἀποσυναγώ-

1888 4750 2016 4801 γους
2043 4733 2354 4801 ποιήσουσιν
2384 4732 2545 4801 ὑμᾶς.

1960 4803 2082 4876 (ἓξὲξ)-
2115 4802 2209 4854 »Εν
2223 4803 2433 4876 -Σιξρίᾳ
2473 4819 2618 4876 χξιρ.
2650 4802 2965 4876 ἐπίσκοποι
2996 4805 3167 4871 τρεῖς.
3201 4805 3452 4876 Ψιειιὶεἰῑ

1889 4871 2193 4943 EuSebium
2213 4871 2474 4943 CaeSareaa
2507 4871 2808 4927 Palaestina:
2837 4875 3170 4943 episcOpum,
3204 4871 3450 4930 Theodo-

1889 4951 2002 4995 tum
2030 4940 2308 5012 Laodicea:
2335 4949 2390 4994 et
2419 4940 2708 4996 Paulinum
2731 4940 2886 5012 Tyri.—
2915 4940 3192 4998 Hos—enim
3224 4946 3449 4999 anathe-

1887 5022 2030 5067 mate
2079 5011 2363 5065 damnatos
2411 5012 2579 5066 fuisse
2634 5013 2700 5066 ab
2751 5011 3058 5068 Alexandro
3110 5014 3450 5070 Alexandriae

1887 5084 2162 5152 episcopo,
2193 5088 2428 5135 testatur
2471 5081 2634 5137 Arius
2685 5084 2739 5135 in
2782 5083 3008 5150 epistola
3048 5085 3116 5136 ad
3157 5082 3448 5139 Eusebium

1888 5151 2355 5223 Nicomediensem
2398 5153 2736 5223 episcopum,
2775 5167 2895 5223 qua:
2937 5152 3173 5208 refertur
3212 5169 3241 5207 a
3271 5152 3450 5222 Theo-

1887 5223 2087 5287 dorito,
2120 5220 2266 5292 Hist.
2293 5220 2542 5277 ecctflih.
2577 5220 2618 5286 1⁷,
2645 5236 2765 5292 cap.
2793 5220 2852 5292 ⁷5.

1958 5293 2069 5362 (26)
2115 5291 2568 5362 ’Υπανακεισθω
2609 5292 2667 5345 In
2694 5291 2898 5362 codice
2929 5291 3128 5362 Leonis
3163 5292 3367 5356 Allatii,
3399 5305 3452 5349 et

1889 5364 1942 5417 in
1969 5359 2155 5430 Regio
2197 5359 2244 5414 J.
2281 5360 2425 5426 Pini,
2457 5369 2512 5416 et
2542 5364 2598 5419 in
2642 5361 2881 5417 editione
2925 5361 3209 5418 Basiliensi
3255 5364 3453 5429 legitur

1887 5431 2213 5488 ἀνακείσθω.
2257 5432 2539 5496 Quomodo
2586 5432 2749 5488 etiam
2797 5433 3058 5488 scribitur
3109 5433 3251 5502 apud
3290 5434 3450 5488 Nice-

1926 5506 2136 5557 horum.

1887 5519 2227 5645 pnfg'Dmi'dg
2252 5571 2325 5645 τῇ
2352 5570 2686 5645 ὑποστάσει
2727 5569 2836 5645 δύο
2859 5574 3092 5642 φύσεις.
3120 5571 3264 5629 Duas
3289 5580 3449 5645 natu-

1887 5642 1977 5699 ras
2019 5644 2153 5697 dicit
2205 5642 2527 5706 Alexander,
2579 5657 2688 5695 non
2733 5642 3051 5713 simpliciter
3095 5651 3148 5697 et
3201 5644 3449 5699 absolute

1887 5718 2042 5776 duas,
2091 5713 2187 5784 sed
2234 5714 2591 5781 personaliter
2624 5713 2783 5779 duas,
2832 5729 2901 5784 eo
2946 5714 3097 5784 quod
3137 5714 3190 5765 in
3234 5715 3450 5769 duabus

1888 5783 2148 5856 personis
2168 5785 2393 5838 exsistat
2424 5798 2528 5856 una
2574 5791 2785 5838 natura.
2818 5783 2995 5850 Quare
3034 5783 3192 5854 φύσις
3232 5787 3288 5839 ὲν
3318 5785 3448 5838 ὑπο-

1889 5853 2072 5910 στάσει
2099 5853 2240 5910 idem
2262 5862 2344 5911 est
2370 5855 2510 5916 quod
2543 5867 2794 5914 persona.
