4036 6320
678 404 784 461 565

1771 405 1830 460 S.
1865 401 2260 460 ALEXAND!“
2295 398 2761 458 ALEXANDle

675 525 761 576 est
799 515 850 572 id
893 516 1038 588 quod
1080 515 1257 574 sancti
1285 515 1476 572 dicunt
1530 515 1584 571 in
1626 514 1859 573 Psalmis
1889 535 1903 571 :
1935 515 2003 573 In
2042 519 2217 572 lamin:

2336 517 2601 586 ὀψόμεθα
2631 513 2776 584 φῶς.
2822 514 2914 568 Διὸ
2943 513 3009 586 δὴ
3057 515 3150 568 καὶ
3174 515 3206 567 ὁ
3235 512 3409 585 τιμῶν
3434 512 3524 567 τὸν
3558 511 3722 580 Υιδν,
3769 515 3892 584 τιμᾷ

677 619 768 664 tuo
790 607 1074 665 videbunt“
1110 607 1284 662 tamen
1309 608 1376 663 ”.
1407 605 1676 674 Quocirca
1707 610 1800 678 qui
1842 608 2049 664 honore
2074 607 2235 664 allicit

675 699 896 764 Filium,
952 698 1116 754 simul
1166 698 1373 753 honore
1411 696 1570 753 allicit
1619 698 1869 765 Patrem;
1921 708 1975 754 et
2003 699 2097 769 qui
2137 699 2236 755 ho-

675 797 837 844 norat
879 787 1114 852 Patrem,
1145 787 1377 843 honorat
1397 789 1559 844 etiam
1589 787 1785 844 Filium
1812 789 1858 822 ¹⁸
1891 806 1905 844 :
1945 797 1998 843 et
2017 789 2236 859 quidem

675 881 890 937 merito.
914 878 1086 936 Omne
1114 880 1258 935 enim
1290 879 1516 950 impium
1544 881 1768 958 verbum
1791 880 1936 951 quod
1963 881 2238 951 profertur

673 965 730 1021 in
763 964 981 1033 Filium,
1012 966 1079 1022 ad
1109 983 1397 1038 personam
1427 967 1604 1024 Patris
1631 969 1882 1039 pertinet.

743 1055 809 1112 Χ.
852 1057 981 1114 Post
1010 1058 1123 1114 haec
1153 1075 1300 1125 vero,
1332 1059 1528 1117 fratres
1559 1061 1888 1126 charissimi,
1921 1063 2008 1117 cui
2038 1062 2234 1118 mirum

672 1150 922 1206 videatur
963 1151 1016 1206 id
1051 1152 1193 1224 quod
1225 1156 1527 1225 scripturus
1557 1170 1710 1220 sum,
1755 1156 1800 1210 si
1827 1154 2130 1212 calumnias
2167 1157 2234 1212 ab

674 1241 783 1297 illis
806 1241 1066 1299 confictas
1085 1244 1346 1301 adversus
1367 1261 1452 1301 me
1497 1256 1550 1302 et
1593 1247 1854 1305 adversus
1881 1250 2234 1321 religiosissi-

672 1344 818 1384 mam
852 1331 1061 1402 plebem
1083 1337 1418 1404 exposuero?
1450 1334 1583 1391 Nam
1611 1339 1704 1409 qui
1741 1339 2080 1395 divinitatem
2107 1339 2231 1396 Filii

671 1413 769 1471 Dei
789 1432 1102 1490 oppugnare
1128 1423 1368 1493 aggressi
1406 1432 1574 1489 sunt,
1610 1441 1712 1483 nos
1757 1443 1974 1499 quoque
2017 1430 2232 1501 ingrato

673 1509 856 1564 animo
885 1512 1146 1569 conviciis
1171 1522 1422 1584 appetere
1449 1531 1557 1571 non
1579 1528 1858 1574 verentur.
1889 1519 1995 1586 Qui
2023 1537 2122 1576 nec
2147 1522 2231 1578 ul-

671 1599 756 1654 los
779 1614 846 1655 ex
876 1602 1114 1673 antiquis
1144 1604 1247 1660 sibi
1270 1608 1575 1676 comparari
1607 1610 1826 1665 volunt:
1859 1625 1958 1666 nec
1983 1627 2078 1668 eos
2109 1615 2230 1684 qui-

670 1687 776 1746 bus
809 1706 911 1746 nos
937 1693 1004 1748 ab
1035 1693 1254 1750 ineunte
1283 1704 1442 1752 aetate
1481 1699 1753 1770 magistris
1780 1702 1865 1756 usi
1894 1717 2106 1784 sumus.
2136 1720 2231 1760 ex-

668 1783 874 1852 equari
902 1783 1006 1840 sibi
1041 1786 1335 1856 patiuntur.
1369 1787 1475 1844 Sed
1521 1805 1622 1846 nec
1660 1791 1827 1846 ullum
1856 1807 1923 1848 ex
1975 1795 2228 1850 omnibus

2338 607 2427 661 τὸν
2480 607 2700 678 Πατέρα
2735 605 2869 677 (28),
2921 607 3014 658 καὶ
3069 605 3310 669 είκότως·
3357 606 3503 659 πᾶσα
3546 603 3659 676 γάρ
3702 603 3892 676 ἀοιδῆς

2337 698 2488 771 φωνὴ
2509 702 2587 763 είς
2620 701 2712 754 τὸν
2744 698 2870 752 Υἱὸν
2898 697 3150 766 λέγεσθαι
3192 697 3532 772 τολμωμένη,
3560 698 3642 760 εἰς
3666 696 3760 750 τὸν
3788 696 3890 751 Ila-

2336 789 2468 861 τέρα
2493 789 2591 860 τὴν
2616 787 2889 860 ἀναφορὰν
2913 787 3045 857 εχει.

2404 1057 2471 1114 X.
2513 1059 2623 1112 Kal
2649 1059 2700 1112 τί
2728 1059 2908 1114 λοιπὸν
2944 1058 3024 1112 ἔτι
3053 1059 3361 1132 θαυμαστὸν
3382 1060 3412 1113 δ
3441 1060 3620 1130 μέλλω
3644 1058 3888 1130 γράφειν.

2333 1150 2625 1221 ἀγαπητοὶ,
2653 1152 2702 1204 εί
2727 1152 2824 1214 τὰς
2849 1151 2968 1206 κατ’
2994 1150 3127 1222 ἐμοῦ
3163 1150 3374 1220 ψευδεῖς
3400 1150 3652 1214 διαϐολὰς
3684 1150 3783 1204 καὶ
3804 1147 3892 1202 τοῦ

2333 1242 2720 1296 εὐσεϐεστάτου
2755 1242 2908 1316 ημῶν
2948 1243 3077 1297 λαοῦ
3122 1243 3451 1313 ὲκθήσομαι;
3492 1243 3554 1295 0t
3601 1241 3714 1312 γὰρ
3759 1239 3893 1295 κατὰ

2333 1334 2429 1405 τῆς
2460 1333 2709 1406 θεότητος
2739 1334 2832 1388 τοῦ
2861 1335 2991 1388 Υἱοῦ
3013 1334 3105 1389 τοῦ
3130 1333 3262 1388 Θεοῦ
3296 1331 3762 1404 παραταξάμενοι,
3781 1330 3894 1386 om

2331 1421 2431 1486 τὰς
2469 1422 2590 1476 καθ’
2616 1423 2772 1494 ἡμῶν
2813 1424 3136 1495 ἀχαρίστους
3181 1422 3462 1494 παροινίας
3507 1419 3893 1491 παραιτοῦνται

2333 1514 2527 1584 λέγειν’
2555 1515 2608 1568 οἴ
2630 1532 2693 1584 γε
2718 1516 2836 1569 οὐδὲ
2856 1516 2964 1568 τῶν
2991 1515 3229 1589 ἀρχαίων
3258 1513 3408 1578 τινάς
3434 1513 3748 1583 συγκρίνειν
3777 1515 3894 1567 ἑαυ-

2330 1605 2443 1667 τοῖς
2473 1603 2736 1670 ἀξιοῦσιν,
2769 1605 2888 1658 οὐδὲ
2918 1599 3000 1669 οἷς
3024 1607 3183 1676 ἡμεῖς
3216 1605 3280 1658 ἐκ
3308 1604 3510 1658 παίδων
3540 1602 3896 1674 ὼμιλήσαμεν

2330 1693 2688 1758 διδασκάλοις,
2741 1693 3048 1760 ἐξισοῦσθαι
3093 1695 3383 1766 ἐνέχονται.
3436 1694 3574 1749 Ἀλλ’
3621 1694 3748 1746 ὠδὲ
3792 1693 3896 1746 τῶν

2332 1781 2428 1836 νῦν
2460 1783 2736 1854 πανταχοῦ
2771 1785 3192 1858 συλλειτουργῶν
3214 1802 3334 1840 τινα
3361 1785 3441 1850 είς
3482 1783 3681 1857 μέτρον
3709 1784 3896 1852 σοφίας

669 1872 764 1941 qui
787 1871 947 1929 hodie
977 1883 1104 1931 sunt
1131 1877 1350 1948 collega:
1377 1880 1571 1945 nostri,
1596 1881 1663 1936 ad
1691 1882 2019 1939 mediocrem
2050 1887 2217 1942 scien-

2328 1871 2604 1940 ἡγοῦνται·
2650 1875 2798 1944 μόνοι
2831 1877 2984 1946 σοφοὶ
3015 1878 3108 1931 καὶ
3131 1876 3454 1947 ἀκτήμονες,
3488 1876 3582 1930 καὶ
3613 1875 3895 1946 δογμάτων

667 1962 798 2018 :iam
826 1965 1134 2034 pervenisse
1157 1977 1421 2026 censent:
1474 1973 1618 2028 solos
1667 1975 1938 2046 sapientes
1981 1991 2046 2032 ac
2092 1979 2229 2034 nihil

664 2054 1027 2125 possidentes,
1051 2058 1198 2114 solos
1229 2059 1540 2132 dogmatum
1571 2065 1882 2123 inventores
1907 2084 1966 2124 se
1997 2084 2117 2126 esse
2142 2071 2228 2141 ja-

663 2151 898 2212 ctantes,
931 2147 1142 2218 sibique
1174 2150 1306 2206 solis
1340 2166 1403 2207 ea
1435 2155 1670 2210 revelata
1701 2171 1843 2223 esse,
1867 2174 1989 2229 qua:
2025 2161 2226 2217 nemini

669 2250 906 2305 unquam
935 2252 1121 2294 eorum
1159 2241 1250 2311 qui
1281 2242 1384 2298 sub
1426 2245 1565 2300 caelo
1607 2256 1756 2313 sunt,
1786 2249 1843 2304 in
1872 2259 2108 2307 mentem
2138 2269 2227 2309 ve-

664 2331 864 2385 nerint.
889 2329 935 2386 0
962 2330 1181 2403 impiam
1215 2337 1612 2407 arrogantiam!
1646 2355 1680 2396 ο
1707 2343 1983 2398 vesaniam
2004 2345 2226 2401 immen-

663 2423 811 2477 sam!
840 2436 874 2478 ο
922 2423 1138 2479 inanem
1177 2426 1426 2496 gloriam,
1461 2438 1580 2485 atra
1626 2432 1734 2488 bile
1773 2435 1995 2505 percitis
2025 2452 2224 2496 conve-

663 2513 929 2567 nientem!
962 2529 996 2570 o
1025 2517 1280 2587 superbia
1311 2517 1545 2587 Satanae,
1578 2539 1700 2594 qua:
1728 2525 2009 2582 sceleratis
2033 2542 2221 2584 eorum

662 2606 934 2675 mentibus
963 2607 1194 2664 insedit!
1226 2609 1344 2667 Non
1369 2612 1477 2670 illis
1514 2615 1776 2684 pudorem
1816 2617 2048 2674 incussit
2076 2628 2223 2676 vete—

660 2711 781 2752 rum
815 2697 1218 2772 Scripturarum
1263 2706 1626 2776 perspicuitas
1658 2709 1946 2780 religiosa:
1978 2725 2080 2766 nec
2108 2711 2221 2766 col-

657 2788 897 2862 legarum
930 2803 1241 2851 nostrorum
1271 2799 1622 2856 consentiens
1665 2801 1732 2856 de
1770 2800 1987 2857 Christo
2015 2802 2222 2858 doctri-

655 2895 724 2936 na
766 2883 1048 2940 audaciam
1079 2902 1268 2943 eorum
1298 2889 1560 2945 adversus
1592 2891 1742 2945 illum
1777 2893 2054 2962 repressit.
2086 2892 2226 2958 Quo-

655 2988 777 3026 rum
827 2973 1155 3045 impietatem
1219 2996 1289 3035 ne
1343 2981 1447 3052 ipsi
1505 2981 1725 3052 quidem
1759 2981 2031 3039 daemones
2057 2983 2222 3039 laturi

656 3073 807 3132 sunt,
839 3069 1038 3139 quippe
1065 3070 1159 3140 qui
1192 3081 1406 3137 cavent,
1435 3089 1504 3130 ne
1531 3089 1696 3144 quam
1729 3075 1990 3132 adversus
2021 3074 2219 3132 Filium

655 3156 751 3213 Dei
779 3159 1014 3230 impiam.
1029 3177 1215 3217 vocem
1247 3165 1518 3223 emittant.

2329 1965 2547 2036 εὑρεταὶ
2567 1965 2813 2034 λέγοντες
2833 1963 2990 2032 εἶναι,
3019 1967 3112 2020 καὶ
3135 1967 3315 2031 αὐτοῖς
3341 1965 3791 2036 ἀποκεκαλύφθαι
3813 1966 3898 2035 μό-

2329 2073 2460 2119 νοις,
2493 2056 2635 2127 ἆπερ
2662 2057 2834 2112 ούδενὶ
2861 2058 2970 2112 τῶν
3002 2059 3104 2111 ὑπὸ
3136 2058 3228 2112 τὸν
3267 2059 3415 2129 ἥλιον
3454 2057 3626 2129 ἑτέρῳ
3654 2057 3896 2127 πέφυκεν

2328 2147 2501 2202 ἐλθεῖν
2521 2150 2601 2212 είς
2624 2148 2848 2206 ἔννοιαν.
2877 2151 2940 2203 Ὠ
2968 2151 3180 2205 ἀνοσίου
3212 2149 3379 2220 τύφου
3410 2149 3503 2204 καὶ
3528 2149 3775 2232 ἀμέτρου
3798 2167 3894 2221 μα-

2327 2238 2463 2302 νίας,
2488 2242 2581 2292 καὶ
2604 2240 2996 2312 μελαγχολικῆς
3022 2242 3373 2313 ἡρμοσμένης
3394 2240 3552 2313 δόξης
3568 2241 3688 2314 (29)
3715 2243 3892 2314 κενῆς,

2327 2332 2420 2384 καὶ
2462 2331 2749 2385 σατανικοῦ
2788 2333 3154 2404 φρονήματος,
3191 2335 3271 2397 είς
3300 2333 3398 2396 τὰς
3435 2334 3686 2398 ἀνοσίους
3717 2333 3892 2397 αὐτῶν

2323 2423 2502 2493 ψυχάς
2536 2422 3015 2494 ἀποσκιρώσαντος
3035 2425 3179 2495 (50)!
3215 2426 3288 2478 Οὐ
3319 2426 3613 2498 κατῄδεσεν
3637 2416 3887 2496 αὐτοὺςή

2323 2513 2430 2567 τῶν
2462 2514 2703 2585 ἀρχαίων
2735 2514 2963 2586 Γραφῶν
2989 2514 3230 2585 φιλόθεος
3259 2518 3538 2588 σαφήνειαο
3565 2519 3690 2572 οὐδὲ
3721 2521 3756 2591 ἠ
3784 2517 3888 2572 τῶν

2324 2605 2746 2678 συλλειτουργῶν
2777 2607 3062 2679 σύμφωνος
3087 2610 3216 2681 περὶ
3251 2608 3484 2681 Χριστοῦ
3508 2609 3762 2665 εὐλάϐεια
3792 2609 3886 2681 τὴν

2323 2697 2441 2750 κατ’
2479 2697 2642 2750 αὑτοῦ
2692 2697 3000 2772 θρασύτητα
3041 2700 3217 2754 αὐτῶν
3256 2701 3583 2772 ἠμαύρωσεν
3615 2701 3750 2771 (51).
3789 2696 3886 2756 Ὧν

2322 2790 2442 2843 οὐδὲ
2479 2790 2546 2842 τὰ
2574 2789 2824 2861 δαιμόνια
2863 2791 2963 2861 τῆς
3005 2791 3380 2864 ἀνοσιουργίας
3410 2793 3679 2862 ἀνέξεται,
3707 2793 3884 2865 φωνὴν

2322 2881 2639 2952 βλάσφημον
2672 2880 2814 2938 κατά
2845 2880 2936 2935 τοῦ
2969 2881 3099 2939 Υίοῦ
3127 2882 3220 2938 τοῦ
3249 2883 3383 2936 Θεοῦ
3415 2885 3588 2942 εἰπεῖν
3621 2884 3882 2955 φυλαττό-

2324 2987 2476 3042 μενα.

723 3246 813 3302 Xl.
843 3250 1020 3320 Atque
1054 3253 1166 3308 haec
1194 3270 1294 3324 pro
1320 3256 1462 3312 virili
1495 3267 1652 3328 parte
1681 3275 1826 3314 nunc
1864 3276 1894 3315 a
1916 3261 2074 3317 nobis
2101 3261 2216 3317 dis-

2390 3247 2478 3303 Xl.
2521 3250 2707 3306 Ταῦτα
2741 3251 2841 3324 μὲν
2861 3247 2952 3306 οὗν
2981 3253 3111 3324 ἡμῖν
3138 3250 3279 3306 κατὰ
3297 3251 3395 3322 τὴν
3419 3250 3700 3324 παροῦσαν
3723 3250 3884 3307 δύνα-

654 3347 842 3411 putata
877 3342 986 3397 sint
1024 3343 1290 3400 adversus
1339 3362 1432 3403 eos
1471 3350 1564 3420 qui
1598 3349 1654 3411 in
1702 3350 1949 3420 imperita
1987 3355 2216 3408 materia

651 3435 906 3497 tanquam
944 3429 1000 3484 in
1025 3433 1246 3502 pulvere
1269 3435 1494 3490 volutati
1517 3478 1531 3502 ,
1579 3437 1855 3494 Christum
1897 3445 2216 3514 impugnare

650 3521 888 3591 aggressi
919 3534 1059 3590 sunt,
1086 3533 1141 3582 et
1178 3537 1424 3584 nostram
1465 3546 1594 3604 erga
1629 3534 1778 3588 illum
1823 3535 2074 3604 pietatem
2121 3552 2214 3592 ca-

651 3611 906 3668 lumniari
950 3615 1320 3674 instituerunt.
1361 3621 1527 3677 Aiunt
1565 3626 1710 3679 enim
1763 3627 1854 3682 isti
1904 3628 2209 3698 ineptarum

649 3705 954 3763 fabulamm
985 3711 1295 3768 inventores
1321 3731 1442 3778 nos,
1466 3717 1558 3787 qui
1583 3719 1804 3787 impiam
1821 3721 2037 3774 etnullo
2062 3719 2211 3776 Scri-

648 3800 932 3864 pturarum
967 3799 1278 3856 testimonio
1319 3803 1509 3858 fultam
1560 3805 1952 3877 blasphemiam
2005 3825 2068 3865 ex
2101 3827 2208 3867 non

648 3887 992 3944 exstantibus
1025 3904 1360 3960 aversamur,
1379 3895 1488 3950 duo
1511 3897 1749 3967 ingenita
1777 3913 2042 3956 asserere.
2066 3901 2212 3958 Duo-

649 3990 771 4030 rum
807 3979 949 4032 enim
979 3979 1207 4036 alterum
1240 3988 1551 4042 necessario
1586 4004 1708 4044 esse
1749 3990 2035 4047 dicendum
2071 3994 2210 4048 amr-

649 4075 800 4121 mant
820 4068 1055 4140 imperiti
1083 4090 1095 4125 :
1130 4081 1222 4127 aut
1253 4075 1402 4132 illum
1438 4094 1503 4132 ex
1555 4094 1665 4133 non
1695 4082 2037 4138 exstantibus
2066 4098 2205 4150 esse,

575 4193 580 4196 -
648 4167 743 4213 aut
783 4171 928 4217 certe
960 4162 1068 4217 duo
1103 4179 1221 4220 esse
1252 4167 1487 4236 ingenita
1517 4189 1528 4222 :
1565 4186 1661 4224 nec
1710 4172 2018 4243 intelligunt
2047 4178 2208 4230 rudes

646 4259 808 4320 atque
839 4253 1046 4324 ignari,
1086 4257 1313 4312 multum
1358 4261 1619 4316 interesse
1651 4271 1792 4318 inter
1815 4262 2030 4321 Patrem
2059 4268 2208 4339 inge-

645 4342 841 4408 nitum,
871 4352 925 4398 et
955 4360 1043 4400 res
1073 4347 1140 4401 ab
1186 4348 1278 4402 illo
1325 4359 1536 4407 creatas
1566 4369 1629 4407 ex
1653 4354 1850 4420 nihilo,
1888 4365 1996 4410 tam
2029 4359 2202 4412 ratio-

721 4525 762 4556 ³⁷
795 4525 943 4581 Psat.
971 4543 1134 4594 xxxv,
1171 4531 1254 4584 10.
1333 4533 1377 4564 ’⁸
1407 4533 1565 4590 Joan.
1591 4553 1642 4600 v,
1673 4537 1762 4591 25.

2325 3361 2417 3414 μιν
2465 3345 2866 3416 ἑπαπορείσθω,
2919 3345 3054 3415 πρὸς
3104 3347 3231 3408 τοὺς
3272 3344 3581 3416 ἀπαιδεύτῳ
3627 3343 3731 3418 ὕλῃ
3772 3343 3883 3415 (32)

2321 3435 2462 3490 κατά
2502 3437 2595 3489 τοῦ
2638 3437 2874 3508 Χριστοῦ
2917 3437 3320 3506 κονισαμένους,
3363 3436 3456 3488 καὶ
3483 3436 3583 3506 τὴν
3614 3437 3693 3499 είς
3723 3435 3885 3490 αὐτὸν

2319 3527 2597 3583 εύσέσειαν
2632 3529 2789 3600 ἡμῶν
2825 3531 3175 3596 συκοφαντεῖν
3208 3525 3591 3598 προθεμένους.
3619 3528 3754 3580 Φασὶ
3775 3527 3886 3600 γὰρ

2320 3624 2465 3694 ἡμᾶς
2495 3624 2545 3676 οἱ
2579 3621 2871 3692 φληνάφων
2902 3621 3188 3692 ἐφευρεταὶ
3231 3618 3434 3690 μύθων,
3472 3621 3884 3690 ἀποστρεφομέ-

2317 3729 2438 3776 νους
2465 3713 2564 3783 τὴν
2588 3711 2646 3776 ἐξ
2671 3713 2772 3764 ούκ
2793 3710 2960 3764 ὄντων
2988 3709 3159 3779 ἀσεϐῆ
3190 3710 3284 3762 καὶ
3315 3708 3556 3781 ἄγραφον
3583 3711 3727 3764 κατά
3751 3712 3885 3782 Χρι-

2319 3793 2444 3855 στοῦ
2470 3801 2839 3873 βλασφημίαν,
2875 3802 3142 3872 ἀγέννητα
3171 3801 3438 3856 διδάσκειν
3469 3800 3580 3855 δύο.
3607 3803 3764 3854 Δυοῖν
3793 3802 3886 3856 θά-

2315 3910 2469 3964 τερον
2498 3893 2743 3962 λέγοντες
2771 3893 2879 3946 δεῖν
2918 3888 3054 3945 εἶναι
3087 3893 3135 3944 οἱ
3163 3891 3489 3955 ἀπαίδευτοι,
3517 3892 3550 3962 ἢ
3581 3893 3642 3957 ἐξ
3672 3895 3775 3947 οὐκ
3803 3896 3884 3948 δν-

2315 4003 2422 4038 των
2448 3985 2609 4039 αὑτὸν
2634 3980 2772 4038 εἶναι
2810 3987 3047 4057 φρονεῖν,
3088 3984 3118 4054 ἢ
3159 3983 3374 4045 πάντως
3409 3983 3680 4053 ἀγέννητα
3706 3984 3880 4053 λέγειν

2314 4075 2426 4127 δύοο
2462 4067 2781 4141 ἀγνοοῦντες
2820 4075 2867 4126 οἱ
2904 4075 3209 4135 ἀνάσκετοι,
3243 4072 3320 4134 ὡς
3347 4073 3554 4143 μακρὸν
3578 4072 3644 4125 ἂν
3669 4074 3757 4146 εῐη
3787 4091 3878 4144 με·

2316 4167 2445 4230 ταξὺ
2476 4165 2687 4236 Πατρὸς
2716 4167 3031 4235 ἀγεννήτου,
3057 4163 3280 4217 καὶτῶν
3309 4162 3637 4216 κτισθέντων
3666 4165 3760 4218 ὑπ’
3785 4166 3878 4218 αύ-

2314 4258 2405 4312 τοῦ
2441 4259 2499 4323 ἐξ
2653 4258 2840 4320 ὄντων,
2876 4233 3107 4324 λογικῶν
3133 4272 3191 4307 τε
3214 4255 3307 4307 καὶ
3336 4254 3563 4322 ἀλόγων.
3595 4251 3697 4307 Ὧν
3730 4273 3876 4326 μεσι-

2311 4352 2538 4406 τεύουσα
2574 4352 2732 4421 φύσις
2778 4352 3065 4422 μονογενὴς
3086 4349 3219 4419 (53),
3262 4347 3328 4400 δι’
3356 4343 3423 4418 ἧς
3461 4348 3531 4401 τὰ
3565 4348 3664 4402 ὅλα
3695 4349 3755 4415 ἐξ
3782 4349 3872 4402 οὐκ

718 4639 830 4734 (ἓξ)
865 4640 1003 4734 Teati
1033 4644 1412 4734 76:3;‘Hatépa.
1454 4648 1793 4734 Epiphanius
1831 4649 2201 4734 scholasticus

2320 4651 2540 4734 phanius
2575 4650 2948 4731 scholasticus
2973 4649 3164 4734 legisse
3201 4647 3414 4734 videtur
3436 4649 3868 4734 ἀποσκιρτήσανο

643 4709 888 4788 quaedam
908 4712 1008 4788 _ltic
1033 4714 1181 4788 addit
1211 4709 1328 4784 quae
1359 4733 1466 4772 non
1500 4709 1750 4788 leguntur
1783 4723 1837 4773 in
1867 4719 2074 4773 Graeco.
2114 4720 2204 4774 Sic

642 4779 786 4857 cnim
835 4779 1417 4857 ltubet_‘:__Qnapropter
1467 4799 1516 4841 et
1551 4779 1644 4857 ἷιιιι
1695 4791 1917 4843 honorat
1964 4790 2199 4853 Patrem,

644 4850 866 4925 honorat
895 4862 944 4903 et
972 4850 1405 4925 Filittni,'et'qui
1452 4850 1671 4913 honorat
1721 4860 1943 4924 Filium,
1983 4850 2204 4912 honorat

640 4929 692 4976 et
716 4919 952 4984 Patrem,
977 4932 1024 4975 et
1057 4935 1210 4977 recte.
1247 4919 1417 4990 Quam
1451 4927 1732 4982 lectionem
1765 4919 2087 4983 conﬁrmant
2121 4947 2205 4983 sc-

643 4992 880 5067 quentia.
917 4991 1100 5067 Itaque
1125 5010 1276 5048 error
1303 4996 1510 5067 videtur
1542 5000 1908 5057 librariorum.
1946 5002 2035 5067 qui
2066 5001 2202 5053 hanc

642 5059 1265 5136 pericopeuomiserunt
1297 5059 1502 5133 decepti
1539 5084 1732 5120 vocum
1767 5059 2143 5124 similitudine.

712 5128 824 5208 {29)
848 5131 953 5208 Καὶ
971 5128 1816 5208 μελαγχολικῆςἢρμσσμένης
1837 5140 2039 5203 δόξης.
2069 5139 2206 5208 Lego

644 5197 1066 5272 μελαγχολικοῖς,
1115 5197 1567 5272 qii'ciitudtiiod'tiin
1615 5197 2061 5263 edidit-Jacol‘iiis
2093 5197 2204 5262 sil--

2307 4718 2414 4784 τος.
2451 4721 2540 4775 Sic
2574 4722 2716 4775 enim
2760 4722 2960 4774 vertit:
2999 4718 3270 4786 Sapientia
3315 4719 3528 4772 Salano:
3567 4718 3867 4778 t'n‘an'imas

2310 4808 2488 4844 eorum
2516 4792 2860 4860 nequissimas
2889 4789 3204 4860 velteiitenter
3223 4787 3491 4860 jnsilt'ens.

2380 4862 2487 4929 (51)
2531 4857 2920 4929 Ἠμιιύρωσεν.
2981 4857 3430 4929 Codcchonis
3468 4859 3649 4914 Allatii
3711 4862 3866 4917 habet

2312 4927 2617 5001 ἡμέρωσεν.
2642 4932 2816 4999 Atque
2841 4932 2911 4981 ita
2936 4943 3161 5001 prorsus
3189 4927 3316 4996 legit
3340 4927 3671 5001 Epiphanius
3705 4931 3865 4985 Scho

2309 4998 2552 5061 la‘sti'cus,
2599 5009 2656 5053 ut
2701 4998 2766 5053 ex
2819 4999 3263 5066 interpretatione
3318 4998 3434 5064 ejus
3483 5009 3729 5066 apparet.
3777 5001 3863 5055 Sic

2308 5072 2452 5123 cnim
2485 5071 2643 5124 vertit
2672 5091 2682 5123 :
2722 5069 2845 5126 Non
2882 5067 3357 5122 contntinistrorum
3392 5083 3602 5121 concors
3635 5087 3861 5125 reveren-

2309 5140 2384 5192 tia
2413 5140 2473 5192 de
2500 5140 2733 5199 Christo,
2767 5141 3090 5207 ferocitatem
3121 5152 3299 5207 eorum
3329 5139 3692 5205 mansuefecit.

2380 5211 2492 5276 (5'2)
2537 5205 2883 5275 Ἀπαιδεύτῳ
2919 5210 3058 5273 ὕλῃ.
3105 5205 3194 5259 Sic
3237 5215 3392 5260 vocat
3428 5207 3744 5264 dialecticus
3778 5224 3861 5262 ar-

643 5269 880 5346 inundus
911 5288 922 5323 :
955 5269 1319 5352 cujus—tamen
1353 5277 1548 5328 furtum
1573 5281 1801 5344 pl‘uliul‘c
1825 5296 1929 5331 non
1960 5295 2201 5346 possunt,
2278 5269 2760 5352 ,guiucutationcs,
2819 5269 3033 5352 quibus
3079 5277 3330 5352 utebatur
3383 5276 3544 5352 Arius
3572 5279 3857 5352 adversus

640 5336 696 5414 it!
727 5353 792 5390 eo
825 5341 966 5416 quod
1011 5336 1292 5416 lectionem
1335 5348 1534 5398 nullius
1566 5336 1751 5416 scripti
1783 5336 1987 5402 codicis
2015 5336 2201 5400 aucto;

643 5407 801 5460 ritate
824 5411 1090 5463 ﬁrmatam
1124 5414 1174 5465 iu
1210 5425 1411 5467 textum
1445 5407 1728 5469 admittere
1759 5435 1865 5471 non
1897 5420 2160 5471 dubitavit
2187 5438 2197 5469 :

639 5477 905 5553 qualitati
938 5481 1076 5553 latus
1106 5485 1358 5538 editionis
1391 5503 1500 5538 sua:
1535 5489 1777 5553 l't‘jlt‘ttl'tt,
1815 5498 1905 5540 aut
1945 5490 1995 5539 iu
2033 5489 2202 5540 :ltillU'

641 5545 938 5625 {titionibus
981 5551 1182 5625 referre
1227 5558 1402 5621 potius
1437 5545 1808 5610 ςυιιγιῖιιίίτιωι.
1846 5559 1997 5625 Apud
2036 5559 2193 5610 bii-c-

641 5615 889 5696 pitortltp,
914 5621 965 5673 in
1001 5622 1090 5673 lib.
1136 5615 1249 5683 vni,
1284 5643 1400 5691 cap.
1447 5627 1495 5686 7,
1535 5629 1725 5690 it'};|llll‘
1756 5630 1848 5678 καὶ
1885 5615 2198 5696 μελαγχολι-

638 5684 944 5764 ὲίῆς-ξόξῃς,
969 5694 1167 5745 omissa
1201 5711 1329 5747 voce
1353 5684 1725 5764 ἦρμοςμένης.

700 5755 823 5833 (30)
845 5755 1444 5833 .‘AAJOU/(IJ-(i)Ut(l‘ICi;.'
1479 5755 1549 5817 in.
1584 5755 1955 5833 Induuscripto
2014 5767 2197 5820 codice

641 5822 859 5886 “curia
899 5822 1395 5910 Savilii'sciipiuni
1439 5845 1519 5890 cst
1569 5822 2020 5905 ἐνσγηνιῇιςέντος.
2071 5837 2195 5908 Epi-

2305 5346 2509 5404 Christi
2532 5346 2888 5403 divinitatcrii.
2921 5346 2983 5419 lu
3003 5347 3192 5399 codice
3219 5356 3394 5419 tamen
3426 5347 3606 5400 Allatii
3645 5365 3740 5417 pro
3767 5349 3858 5419 ῦλῃ

2307 5419 2726 5489 Ιῡςὶιιιιχύλακῇ,
2765 5419 2815 5469 id
2848 5427 2930 5471 cst
2966 5416 3184 5489 latratu,
3215 5415 3357 5486 quod
3389 5433 3495 5470 non
3528 5415 3724 5489 probo.

2376 5486 2484 5558 (55)
2510 5486 2617 5540 Ὧν
2631 5486 3034 5558 μὲσιτεύουοῆᾳ
3053 5486 3235 5558 φύσις
3248 5487 3599 5555 μονογενής.
3630 5488 3854 5556 Benigne

2306 5557 2826 5636 intelligendumest
2854 5557 3124 5636 quodhhoc
3160 5557 3276 5608 loco
3299 5558 3379 5636 ait
3412 5558 3732 5636 Alexander,
3765 5573 3855 5608 na-

2307 5625 2846 5695 turum'unigenitum
2890 5625 3116 5695 mediam
3147 5641 3267 5679 esse
3297 5626 3436 5680 inter
3465 5625 3680 5681 Patrem
3714 5628 3853 5694 iuge-

2307 5701 2476 5751 uilum
2509 5706 2560 5751 et
2595 5693 2894 5750 creaturas.
2946 5693 3046 5766 Ulli
3096 5705 3346 5747 naturam
3395 5697 3560 5749 sumit
3609 5713 3706 5766 pro
3742 5693 3852 5766 per-

2308 5785 2460 5822 soua.
2494 5766 2749 5836 intelligit
2780 5767 2924 5820 cuiu.
2971 5765 3127 5832 φύσιν
3172 5765 3573 5836 ειν-ὑποστάσει,
3611 5765 3669 5819 ut
3703 5765 3852 5832 paulo

2309 5847 2429 5894 autc
2462 5833 2786 5896 locutus'cst
2828 5837 3148 5892 Alexander.
3201 5833 3428 5890 Mediam
3483 5846 3661 5892 autem
3709 5847 3849 5888 vocat
