4036 6320
646 381 750 443 567

1759 374 1816 428 S.
1854 371 2254 427 ALEXAND!“
2291 369 2760 428 ALEXANDle

3776 365 3883 422 568

647 503 736 548 cto
780 493 1013 550 consilio
1059 506 1124 550 ac
1169 489 1450 561 proposito
1502 487 1738 553 conﬁdo,
1777 486 2195 558 quandoquideu

2309 487 2476 557 σίονσὶ
2515 485 2723 556 χρόνων
2761 477 2900 536 εἶναι
2949 483 3284 555 παρέκτασις
3314 480 3484 536 ταῦτα
3525 480 3595 535 τὰ
3628 479 3878 551 ὀνόματα,

647 591 762 646 haec
785 587 950 643 verba
977 584 1289 640 nullatenus
1314 582 1615 652 ingenitum
1645 581 1969 654 signiﬁcant.
2003 578 2216 635 Etenim

643 681 762 736 haec
787 678 951 734 verba
971 675 1109 729 nihil
1137 673 1285 728 aliud
1313 674 1569 730 videntur
1609 690 1734 730 esse
1759 687 1922 743 quam
1953 673 2216 742 temporis

647 771 932 842 productio
965 789 978 825 :
1015 767 1112 824 sed
1144 767 1486 823 divinitatem
1511 807 1528 832 ,
1557 773 1612 823 et
1641 765 1796 838 quasi
1841 765 2214 836 antiquitatem

646 861 916 933 Unigeniti
947 875 1047 932 pro
1079 859 1343 932 dignitate
1383 858 1689 930 exprimere
1734 872 1842 912 non
1870 867 2101 928 possunt
2133 876 2147 913 :
2183 873 2215 912 a

645 952 845 1010 sanctis
880 958 1062 1008 autem
1093 950 1230 1007 viris
1261 950 1471 1022 prolata
1496 956 1654 1014 sunt,
1689 948 1818 1003 dum
1864 948 2060 1018 singuli
2110 949 2214 1004 hoc

642 1044 955 1116 mysterium
987 1059 1088 1116 pro
1112 1035 1278 1116 captu
1323 1059 1425 1100 suo
1454 1043 1702 1099 nituntur
1745 1042 2079 1112 exprimere,
2122 1057 2214 1097 ve-

641 1137 787 1190 niam
811 1142 1057 1206 petentes
1094 1136 1162 1191 ab
1189 1134 1553 1198 auditoribus,
1584 1149 1707 1190 cum
1736 1133 1886 1202 justa
1923 1149 1986 1188 ac
2017 1133 2216 1204 proba-

639 1227 733 1282 bili
762 1228 1117 1284 excusatione
1161 1225 1430 1282 dicendo:
1469 1223 1587 1281 Huc
1645 1240 1818 1296 usque
1867 1225 2209 1295 pertigimus.

636 1317 789 1386 Quod
823 1319 868 1374 si
898 1321 990 1388 qui
1041 1329 1200 1381 sunt,
1240 1319 1333 1390 qui
1381 1317 1448 1373 ab
1501 1332 1596 1374 ore
1651 1317 1867 1374 mortali
1895 1299 2081 1373 vocem
2115 1318 2214 1372 alio

637 1422 800 1478 quam
827 1418 1144 1480 exSpectent
1174 1410 1608 1482 praestantiorem
1645 1409 1884 1464 humano
1914 1421 2076 1466 sensu
2119 1425 2212 1465 ca-

637 1506 862 1570 ptuque,
889 1503 1091 1556 abolita
1117 1516 1263 1568 esse,
1280 1501 1545 1568 dicentes,
1564 1516 1628 1556 ea
1657 1517 1779 1572 qua:
1807 1495 1942 1571 ipsis
1967 1516 2033 1557 ex
2056 1511 2212 1572 parte

637 1599 766 1646 sunt
794 1594 1046 1665 cognita;
1095 1595 1256 1666 longe
1315 1593 1560 1665 profecto
1595 1593 1826 1649 inferius
1865 1601 1950 1649 est
1993 1595 2210 1649 illorum

637 1697 732 1752 spe
761 1690 925 1755 atque
951 1689 1359 1756 exspectatione
1399 1687 1624 1741 verbum
1655 1697 1792 1750 erat,
1826 1693 1881 1740 et
1910 1700 2131 1755 semper,
2157 1695 2210 1741 et

635 1782 757 1829 ante
791 1775 1006 1832 saecula.
1049 1776 1113 1830 Et
1143 1777 1407 1848 quidquid
1433 1776 1651 1832 tandem
1697 1779 1972 1847 prolatum
2000 1775 2166 1832 fuerit
2189 1817 2204 1843 ,

2315 579 2418 650 τὴν
2449 578 2631 648 μέντοι
2665 577 2783 631 κατ’
2815 575 2971 642 ἀξίαν
2999 575 3094 630 τοῦ
3138 574 3476 644 Μονογενοῦς
3512 572 3754 642 ϐιότητα,
3785 573 3878 625 καὶ

2316 664 2428 733 οἷον
2447 669 2780 742 ἀρχαιότητα
2804 668 3087 740 σημαίνειν
3109 668 3184 740 μὴ
3205 669 3494 739 δυνάμεναο
3516 664 3622 719 τῶν
3639 663 3694 716 δὲ
3714 663 3876 731 ἁγίων

2314 762 2526 834 ἀνδρῶν
2567 762 2644 828 ὡς
2673 762 2900 832 δύναμις
2932 760 3147 831 ἑκάστῳ
3181 761 3479 831 ἐμφανίσαι
3503 757 3562 811 τὸ
3592 757 3876 828 μυστήριον

2318 852 2674 924 βιαζομένων,
2728 852 2821 907 καὶ
2867 851 3196 923 συγγνώμην
3242 849 3530 905 αἰτούντων
3579 847 3728 916 παρά
3772 843 3876 898 τῶν

2315 945 2601 1018 ἀκροατῶν
2628 947 2696 1000 δι’
2724 945 2947 1016 εὐλόγου
2972 944 3286 1013 ἀπολογίας,
3312 943 3424 1016 (56)
3448 943 3538 997 διὰ
3560 941 3655 995 τοῦ
3683 940 3870 1007 λέγειν·

2315 1039 2410 1104 Εἰς
2443 1038 2479 1093 ἀ
2511 1038 2845 1110 ἐφθάσαμεν.
2881 1037 2945 1090 Εἰ
2973 1036 3032 1091 δέ
3060 1053 3114 1090 τι
3143 1035 3290 1107 παρὰ
3320 1038 3384 1088 τὸ
3409 1032 3766 1105 ἀνθρώπινον,
3790 1030 3875 1085 διά

2314 1130 2538 1201 χειλέων
2571 1131 2794 1202 φθέγμα
2819 1128 3001 1201 μεῖζόν
3027 1145 3080 1182 τι
3111 1126 3480 1202 προσδοκῶσιν
3501 1124 3565 1179 οῖ
3581 1125 3786 1196 ἄνδρες,
3807 1121 3878 1176 τά

2314 1225 2379 1277 ἐκ
2405 1224 2604 1296 μέρους
2633 1223 2816 1286 αὐτοῖς
2844 1220 3209 1293 γνωρισθέντα
3235 1218 3347 1290 (57)
3383 1216 3772 1289 καταργεῖσθαι
3794 1214 3878 1268 λέ-

2313 1333 2520 1385 γοντες,
2553 1315 2710 1387 δῆλον
2756 1315 2838 1368 ὅτι
2879 1313 3014 1368 πολὺ
3047 1311 3140 1366 τοῦ
3168 1310 3520 1382 ἐλπιζομένου
3549 1309 3794 1362 λείπεται
3817 1303 3877 1361 τὺ

2312 1405 2412 1475 ἦν,
2446 1407 2541 1460 καὶ
2580 1404 2787 1470 sedet,
2820 1405 2916 1460 καὶ
2955 1404 3018 1458 τὸ
3049 1403 3161 1473 πρὸ
3199 1403 3445 1457 αἰώνων·
3476 1401 3618 1472 ὅπερ
3652 1401 3695 1454 δ’
3728 1400 3790 1454 ἂν
3818 1394 3874 1473 ᾖ,

2308 1501 2411 1554 οὐκ
2437 1499 2553 1552 ἐστι
2579 1498 2772 1552 ταύτὸν
2796 1496 2876 1570 τῷ
2918 1496 3239 1568 Ἀγεννήτῳ.
3266 1492 3476 1548 Οὐκοῦν
3501 1492 3582 1563 τῷ
3609 1493 3706 1563 μὲν
3725 1492 3878 1560 ἀγεν-

2311 1593 2454 1663 νήτῳ
2486 1591 2680 1663 Πατρί,
2727 1593 2923 1644 οἰκεῖον
2955 1587 3170 1660 ἀξίωμα
3206 1585 3525 1657 φυλακτέον,
3558 1584 3762 1656 μηδένα
3785 1580 3878 1636 τοῦ

2311 1681 2445 1738 εἶναι
2479 1685 2626 1757 αὐτῷ
2650 1685 2743 1738 τὸν
2769 1683 2941 1738 αἴτιον
2959 1681 3234 1751 λέγοντας·
3261 1679 3342 1751 τῷ
3361 1679 3419 1732 δέ
3447 1675 3559 1748 Υἱῷ
3579 1675 3680 1748 τὴν
3712 1675 3878 1746 ἁρμό-

2310 1773 2507 1839 ζουσαν
2541 1774 2705 1847 τιμὴν
2733 1777 2898 1830 ἀπονε
2907 1773 3123 1844 μητέον,
3163 1770 3258 1843 τὴν
3289 1771 3520 1842 ἄναρχον
3552 1768 3705 1839 αὐτῷ
3734 1766 3881 1841 παρὰ

635 1883 744 1923 non
776 1869 919 1923 idem
965 1878 1051 1926 est
1091 1885 1215 1925 cum
1268 1870 1536 1940 lngenito.
1572 1868 1760 1940 Itaque
1805 1868 1954 1924 Patri
1986 1870 2195 1940 quidem

2309 1865 2401 1920 τοῦ
2446 1867 2657 1939 Πατρδς
2705 1865 2956 1937 γέννησιν
2989 1863 3357 1926 ἀνατιθέντας,
3389 1863 3484 1915 καὶ
3519 1860 3598 1924 ὡς
3642 1860 3878 1928 ἐφθάσα-

633 1959 874 2030 ingenito
898 1961 1175 2031 propriam
1212 1958 1533 2032 dignitatem
1563 1975 1783 2017 servare
1815 1969 2050 2032 oportet,
2083 1960 2208 2016 nul-

630 2051 738 2104 lam
763 2066 887 2105 eum
922 2051 1121 2107 habere
1152 2052 1488 2108 exsistentite
1520 2068 1632 2109 suae
1681 2067 1904 2110 causam
1950 2052 2208 2122 proﬁten-

628 2141 740 2197 do:
774 2141 913 2199 Filio
963 2161 1090 2200 vero
1131 2155 1446 2216 competens
1495 2147 1671 2203 honor
1720 2147 2040 2203 tribuendus
2086 2154 2203 2213 est,

627 2233 898 2305 principio
923 2247 1199 2292 carentem
1233 2253 1299 2292 ex
1330 2237 1492 2293 Patre
1533 2239 1942 2309 generationem
1987 2241 2036 2295 ei
2067 2241 2207 2296 assi-

626 2326 865 2394 gnando,
897 2326 1216 2398 cultumque
1272 2329 1344 2392 ei,
1373 2329 1513 2384 sicut
1570 2329 1828 2394 diximus,
1858 2330 2202 2400 exhibendo;

626 2416 699 2471 ita
738 2423 798 2472 ut
823 2419 1203 2473 tantummodo
1225 2429 1360 2485 erat,
1393 2408 1448 2476 et
1475 2437 1695 2488 semper,
1737 2430 1792 2476 et
1822 2432 1942 2476 ante
1975 2424 2201 2490 uacula,

625 2507 712 2576 pie
766 2522 831 2562 ac
874 2507 1130 2579 religiose
1177 2509 1246 2565 de
1284 2510 1377 2565 illo
1429 2509 1824 2581 praedicemus:
1859 2511 2202 2568 divinitatem

624 2598 844 2668 quidem
898 2600 1018 2670 ejus
1055 2617 1399 2674 nequaquam
1457 2603 1804 2674 rejicicntes,
1852 2604 1946 2659 sed
1979 2606 2201 2675 imagini

624 2697 785 2760 atque
828 2694 1125 2762 exemplari
1157 2693 1336 2750 Patris
1378 2694 1796 2766 respondentem
1847 2696 1902 2750 in
1945 2697 2200 2754 omnibus

621 2783 1034 2840 similitudinem
1061 2786 1111 2842 ei
1163 2787 1523 2845 ascribentes.
1585 2786 1773 2843 Solum
1829 2804 1958 2844 vero
1990 2789 2201 2860 ingeni-

619 2884 735 2928 tum
767 2875 946 2932 Patris
973 2879 1253 2948 proprium
1310 2894 1433 2935 esse
1477 2879 1760 2944 dicamus,
1819 2895 1945 2934 cum
1980 2888 2034 2936 et
2085 2883 2201 2951 ipse

624 2964 882 3021 Servator
921 2968 1121 3024 dixerit
1169 2970 1256 3023 “:
1292 2969 1457 3024 Pater
1514 2971 1688 3039 major
1737 2989 1818 3026 me
1848 2980 1946 3026 est.
1995 2970 2200 3029 Praeter

623 3055 766 3110 hanc
798 3066 978 3112 autem
1028 3061 1173 3130 piam
1223 3061 1292 3116 de
1331 3060 1492 3117 Patre
1554 3071 1609 3118 et
1658 3061 1795 3118 Filio
1827 3065 2192 3129 sententiam,

625 3163 794 3202 unum
824 3149 1046 3220 insuper
1077 3149 1337 3220 Spiritum
1373 3161 1622 3208 sanctum
1644 3194 1660 3219 ,
1703 3162 1764 3208 ut
1812 3154 2008 3211 divinae
2043 3154 2192 3211 Scri—

622 3245 795 3308 pturae
827 3256 926 3296 nos
966 3242 1182 3309 docent,
1207 3245 1569 3314 conﬁtemur;
1599 3248 1692 3317 qui
1742 3256 1795 3302 et
1843 3255 2064 3304 sanctos
2093 3249 2192 3304 ho-

621 3332 798 3388 mines
826 3332 1037 3391 Veteris
1070 3333 1425 3400 Testamenti,
1459 3344 1512 3392 et
1538 3336 1753 3394 divinos
1773 3337 2024 3396 doctores
2071 3341 2190 3410 ejus

618 3420 764 3491 quod
795 3420 1004 3477 Novum
1035 3425 1358 3494 appellatur,
1392 3425 1688 3482 innovavit.
1723 3426 1896 3482 Unam
1928 3437 2189 3501 praterea

618 3526 683 3565 ac
709 3512 880 3568 solam
902 3514 1247 3578 catholicam,
1297 3517 1646 3587 apostolicam
1697 3516 2032 3574 Eeclesiam:
2067 3535 2189 3590 qua:

617 3617 835 3674 semper
861 3604 1076 3675 quidem
1114 3606 1552 3677 inexpugnabilis
1580 3616 1664 3664 est
1687 3649 1702 3674 ,
1733 3609 1860 3664 licet
1896 3611 2185 3666 universus

615 3693 768 3750 orbis
801 3709 921 3751 eam
950 3705 1261 3768 oppugnet:
1292 3699 1489 3754 victrix
1532 3709 1710 3756 autem
1745 3709 1830 3757 est
1861 3702 2039 3756 omnis
2085 3702 2190 3755 im-

616 3783 720 3854 pia:
769 3784 1023 3842 factionis
1079 3787 1497 3855 haret‘icorum,
1556 3793 1648 3862 qui
1701 3792 1963 3850 adversus
2015 3793 2188 3863 ipsam

616 3886 974 3948 consurgunt.
1006 3880 1217 3951 Quippe
1253 3881 1500 3951 Sponsus
1528 3882 1674 3938 illius
1707 3885 1920 3942 animos
1971 3892 2187 3942 nostros

616 3966 964 4024 conﬁrmavit
982 3970 1066 4026 bis
1078 3972 1258 4028 verbis
1281 3991 1292 4026 :
1321 3971 1600 4042 Conﬁdite,
1615 3993 1708 4046 ego
1733 3978 1833 4030 vici
1853 3977 2102 4032 mundum
2119 3981 2183 4032 ³⁸.

615 4059 699 4114 Ad
759 4060 875 4117 bac
955 4064 1209 4119 novimus
1285 4068 1741 4126 resurrectionem
1814 4078 2190 4140 mortuorum;

615 4149 775 4217 cujus
808 4153 1060 4221 primitiae
1081 4152 1182 4210 fuit
1213 4154 1474 4213 Dominus
1505 4165 1692 4235 noster
1721 4159 1883 4217 Jesus
1911 4161 2186 4228 Christus,

613 4241 709 4310 qui
737 4255 959 4299 carnem
999 4259 1186 4302 revera
1217 4247 1468 4316 gestavit,
1505 4264 1613 4305 non
1645 4251 1762 4306 sola
1801 4255 2000 4323 specie,
2038 4271 2188 4310 sum-

612 4337 766 4401 ptam
798 4348 862 4388 ex
892 4333 1063 4389 Maria
1091 4334 1320 4407 Deipara
1347 4359 1360 4393 :
1396 4340 1488 4408 qui
1521 4341 1577 4396 in
1607 4341 1713 4398 ﬁne
1741 4345 2085 4414 saculorum,
2127 4357 2188 4403 ut

2311 1975 2432 2030 μεν,
2474 1957 2623 2030 αὐτῷ
2667 1957 2827 2021 σὲδας
2872 1957 3270 2037 ἀπονέμοντες,
3321 1952 3476 2025 μόνον
3509 1951 3750 2016 εὐσεϐῶς
3787 1952 3881 2007 καὶ

2308 2049 2568 2119 εὐφήμως
2593 2047 2658 2101 τὸ
2688 2043 2788 2118 ἦν,
2818 2046 2912 2101 καὶ
2945 2045 3006 2100 τὸ
3031 2044 3144 2110 ἀεὶ,
3169 2043 3264 2098 καὶ
3293 2044 3356 2096 τὺ
3385 2042 3499 2111 πρὸ
3529 2041 3766 2097 αἰώνων
3797 2042 3880 2095 λέ-

2307 2158 2493 2210 γοντες
2519 2142 2604 2195 ἐπ’
2637 2139 2822 2196 αὐτοῦ·
2843 2140 2942 2212 τὴν
2976 2140 3156 2211 μέντοι
3182 2138 3414 2210 θεότητα
3442 2137 3607 2192 αὐτοῦ
3633 2138 3708 2209 μὴ
3743 2154 3880 2209 παρ-

2305 2238 2635 2309 αιτούμενοι,
2677 2235 2813 2290 ἀλλά
2850 2239 2916 2308 τῇ
2963 2236 3128 2289 εἰκόνι
3171 2234 3267 2289 καὶ
3314 2233 3393 2304 τῷ
3429 2234 3737 2306 χαρακτῆρι
3788 2232 3880 2286 τοῦ

2304 2329 2516 2401 Πατρὸς
2542 2327 3008 2401 ἀπηκριϐωμένην
3031 2326 3326 2398 ἐμφέρειαν
3360 2325 3502 2378 κατά
3534 2325 3710 2379 πάντα
3744 2327 3879 2378 ἀνα-

2301 2421 2560 2484 τιθέντες,
2585 2421 2659 2474 Τὸ
2676 2420 2733 2473 δὲ
2754 2419 3046 2491 ἀγέννητον
3071 2417 3150 2488 τῷ
3171 2418 3345 2488 Πατρί
3370 2417 3527 2488 μόνον
3553 2416 3755 2486 ἰδίωμα
3769 2416 3879 2486 (58)

2301 2516 2555 2586 παρεῖναι
2581 2511 2913 2579 δοξάζοντες,
2948 2509 3042 2580 άτε
3067 2511 3123 2564 δὲ
3146 2511 3241 2564 καὶ
3259 2509 3422 2564 αὐτοῦ
3450 2509 3754 2579 φάσκοντος
3786 2509 3880 2562 τοῦ

2301 2602 2572 2676 Σωτῆροςσ
2613 2603 2676 2658 '0
2696 2601 2907 2670 ’Πατήρ
2934 2618 3053 2671 μου
3079 2599 3291 2670 μείζων
3315 2617 3436 2669 μου
3466 2599 3615 2654 ἐστι.
3644 2598 3797 2668 Πρὸς
3824 2597 3882 2652 δὲ

2299 2696 2363 2764 τῇ
2394 2693 2608 2747 εὐσεϐεῖ
2630 2695 2801 2766 ταύτῃ
2832 2692 2958 2760 περὶ
2987 2692 3202 2763 Πατρὸς
3234 2691 3328 2745 καὶ
3359 2688 3486 2743 Υἱοῦ
3516 2688 3662 2763 ὄξει,
3686 2687 3885 2753 καθὼς

2297 2785 2446 2856 ἡμᾶς
2487 2785 2544 2838 αἰ
2572 2785 2710 2839 θεῖαι
2741 2783 2955 2855 Γραφαὶ
2978 2782 3335 2847 διδάσκουσιν,
3375 2781 3433 2835 ἐν
3462 2780 3682 2852 Πνεῦμα
3718 2781 3884 2848 ἅγιον

2296 2878 2685 2948 ὁμολογοῦμεν,
2718 2878 2779 2930 τὸ
2807 2877 3057 2931 καινίσαν
3086 2875 3199 2947 (39)
3240 2874 3365 2937 τούς
3396 2892 3457 2928 τε
3491 2876 3588 2944 τῆς
3627 2875 3882 2940 Παλαιᾶς

2297 2971 2570 3044 Διαθήκης
2602 2971 2790 3039 ἀγίους
2830 2969 3165 3041 ἀνθρώπους,
3200 2969 3294 3054 καὶ
3323 2968 3450 3030 τοὺς
3478 2967 3574 3037 τῆς
3603 2984 3884 3038 χρηματιο

2299 3062 2498 3135 ζούσης
2543 3063 2751 3133 Καινῆς
2805 3062 3096 3125 παιδευτὰς
3147 3061 3343 3124 θείους.
3376 3061 3521 3114 Μίαν
3571 3061 3663 3113 καὶ
3697 3061 3883 3133 μόνην

2298 3146 2612 3226 καθολικὴν,
2654 3156 2753 3227 τὴν
2796 3152 3156 3223 άποστολικὴν
3199 3152 3540 3223 Ἐκκλησίαν’
3575 3151 3884 3223 ἀκαθαίρε-

2295 3265 2386 3302 τον
2423 3247 2523 3319 μὲν
2550 3247 2656 3311 ἀεὶ,
2701 3245 2806 3300 κᾶν
2844 3247 2953 3309 πᾶς
2989 3246 3018 3298 ό
3045 3245 3251 3315 ’κόσμος
3278 3245 3414 3316 αὐτῇ
3449 3243 3697 3314 πολεμεῖν
3741 3245 3880 3314 βου-

2297 3336 2661 3408 λεύηταιμο)⁸
2690 3335 2980 3409 νικηφόρον
3004 3335 3061 3387 δέ
3083 3335 3263 3405 πάσης
3289 3334 3387 3404 τῆς
3410 3334 3516 3386 τῶν
3546 3333 3881 3404 ἑτεροδόξων

2298 3427 2668 3500 ἀσεβεστάτης
2714 3427 3153 3492 ἐπαναστάσεως,
3193 3426 3478 3498 εὐθαρσεῖς
3515 3426 3657 3496 ἡμᾶς
3693 3443 3883 3480 κατα-

2296 3520 2659 3584 σκευάσαντος
2684 3519 2796 3592 (41)
2829 3519 2922 3573 τοῦ
2970 3518 3358 3572 Οἰκοδεσπότου
3401 3516 3589 3587 αὐτῆς,
3631 3517 3720 3570 διά
3774 3519 3880 3572 τοῦ

2298 3613 2445 3684 βοᾷν·
2481 3613 2781 3681 Θαρσεῖτε,
2823 3611 2938 3682 ἐγὼ
2965 3610 3250 3678 νενίκηκα
3277 3611 3384 3663 τὸν
3414 3611 3657 3676 κόσμον.
3702 3610 3883 3664 Μετὰ

2295 3708 2451 3762 τοῦτο
2483 3708 2581 3778 τὴν
2611 3710 2677 3761 ἐκ
2719 3707 2927 3778 νεκρῶν
2958 3707 3248 3762 ἀνάστασιν
3278 3705 3514 3777 οἴδαμεν·
3545 3699 3611 3775 ἧς
3637 3705 3883 3779 ἀπαρχὴ
3918 3707 3920 3709 ’

2294 3801 2514 3869 γέγονεν
2542 3803 2570 3854 ό
2607 3800 2812 3872 Κύριος
2841 3799 2996 3872 ήμῶν
3042 3796 3246 3868 Ἰησοῦς
3273 3797 3525 3868 Χριστὸς,
3562 3795 3716 3865 σῶμα
3768 3816 3880 3867 φο.

2296 3889 2457 3961 ρέσας
2490 3889 2705 3960 άληθῶς
2735 3890 2828 3942 καὶ
2854 3889 2913 3942 οὐ
2941 3888 3176 3959 δοκήσει,
3219 3889 3282 3940 ἐκ
3306 3887 3406 3956 τῆς
3438 3887 3693 3939 Θεοτόκου
3739 3888 3884 3942 Μα-

2295 3979 2435 4050 ρίας,
2472 3981 2564 4033 ἐπὶ
2597 3981 2872 4052 συντελείᾳ
2907 3981 3014 4034 τῶν
3053 3979 3262 4034 αἰώνων
3292 3982 3370 4042 εἰς
3397 3979 3650 4050 ἀθέτησιν
3677 3979 3884 4052 ἁμαρ-

2289 4069 2409 4135 τίας
2433 4072 2774 4144 ἐπιδημήσας
2811 4071 2889 4143 τῷ
2925 4073 3069 4142 γένει
3110 4070 3217 4124 τῶν
3249 4070 3567 4143 ἀνθρώπων,
3606 4085 3880 4141 σταυρω-

2289 4163 2401 4227 θεὶς
2445 4165 2537 4218 καὶ
2569 4165 2874 4230 ἀποθανὼν,
2924 4165 3035 4219 ἀλλ’
3069 4166 3130 4218 οὐ
3174 4165 3263 4218 διὰ
3299 4163 3471 4218 ταῦτα
3513 4163 3608 4234 τῆς
3657 4163 3878 4218 ἑαυτοῦ

2287 4254 2540 4327 θεότητος
2575 4257 2752 4327 ήττὼν
2797 4257 3176 4328 γεγενημένοςο
3224 4255 3460 4319 ἀναστὰς
3512 4257 3575 4307 ἐκ
3616 4255 3869 4324 νεκρῶν,

2285 4347 2616 4419 ἀναληφθεὶς
2645 4349 2702 4402 ἐν
2731 4349 3000 4419 οὐρανοῖς,
3028 4346 3334 4418 καθήμενος
3370 4347 3428 4399 ὲν
3454 4345 3599 4414 δεξιᾷ
3617 4344 3713 4414 τῆς
3756 4362 3872 4415 με-

613 4432 897 4492 peccatum
935 4425 1248 4492 tolleretur,
1293 4430 1362 4484 ad
1399 4431 1695 4488 humanum
1726 4451 1897 4506 genus
1928 4438 2178 4505 advenit,
2215 4432 2259 4488 D
2283 4439 2621 4510 γαλωσύνης.

611 4519 872 4591 crucique
907 4521 1047 4576 ﬁxus
1110 4530 1166 4577 et
1226 4533 1474 4581 mortuus
1499 4537 1615 4584 est:
1655 4545 1756 4585 nec
1797 4539 1979 4588 tamen
2034 4535 2240 4597 idcirco
2270 4535 2570 4590 divinitatis
2605 4550 2716 4590 suae
2761 4534 3143 4592 detrimentum
3188 4533 3405 4592 sensit:
3442 4532 3734 4588 suscitatus
3789 4549 3865 4590 ex

611 4617 864 4682 mortuis,
899 4628 1210 4688 assumptus
1259 4619 1314 4673 in
1347 4623 1568 4686 coelum,
1602 4626 1903 4698 sedensque
1952 4629 2018 4683 ad
2067 4629 2343 4686 dexteram
2379 4631 2700 4701 majestatis.

679 4769 730 4806 ’δ
759 4771 921 4831 Joan.
953 4793 1063 4844 xlv,
1094 4777 1186 4834 28.
1265 4778 1309 4811 ³⁵
1339 4779 1501 4837 Joan.
1530 4799 1644 4849 xvr,
1676 4785 1764 4840 55.

617 4954 648 4968 κ,
680 4885 796 4956 (⁵6)
824 4889 926 4968 At}?
946 4890 1054 4968 ’τρῦ
1082 4891 1300 4968 λέγειν’
1320 4897 1425 4968 Εἰς
1444 4894 1484 4968 ᾇ
1505 4897 1869 4968 ἐφθάσαμεν.
1895 4901 1994 4956 Hic
2023 4903 2175 4959 locus

616 4957 687 5006 ita
710 4969 834 5028 cur_n
865 4957 1365 5028 Christophorsono
1394 4957 1688 5024 dilucidius
1717 4957 2009 5027 vertendus
2036 4957 2179 5028 vide-

658 4978 687 5006 ξι
710 4978 834 5010 cum
865 4978 1084 5016 (λοι-ιειο
1127 4978 1365 5018 norsono
1394 4978 1688 5024 uuucmms
1717 4978 2009 5027 vertendus
2036 4978 2177 5028 vide-

658 5039 699 5076 r
730 5025 1007 5114 :ﬂEaten‘us
1058 4978 1122 5112 (ξέ
1180 5033 1261 5087 Itis
1313 5033 1465 5114 rebus
1523 5037 1866 5114 instituimus,
1923 5053 2177 5111 quatenus

610 5105 795 5172 uetita
824 5109 1020 5172 nostra:
1045 5105 1122 5156 vis
1146 5105 1387 5172 consequi
1414 5107 1598 5172 potuit.

676 5165 800 5248 (_5_7)_
825 5169 900 5222 Τὰ
919 5170 988 5248 ἐκ
1018 5172 1234 5248 iispr
1264 5165 1467 5248 αὐτοῖς
1491 5177 1904 5248 τῖωρισθέντα.
1948 5181 2006 5234 1n
2044 5198 2175 5239 mss.

605 5235 1106 5314 codicitlus‘Begio',
1136 5235 1408 5298 Allatiano
1438 5235 1820 5312 et'Saviliano,
1867 5235 1920 5306 et
1964 5253 2016 5304 in
2048 5235 2178 5307 edi;

603 5306 753 5385 tione
791 5306 1098 5385 Basiliensi
1128 5314 1396 5385 scriptum
1444 5326 1528 5370 est
1572 5306 1900 5385 γνωσθέντα.
1945 5306 2181 5377 Videtur

603 5384 788 5462 autem
828 5378 1071 5462 alludere
1113 5378 1421 5462 Alexan_der
1452 5388 1515 5462 ad
1549 5378 1724 5441 locum
1756 5387 1907 5445 Pauli
1937 5393 2166 5462 apostoli

603 5445 658 5531 in
694 5445 937 5531 Epistola
969 5451 1151 5531 prima,
1191 5454 1266 5531 ad_
1298 5455 1569 5531 Corinthi,
1613 5472 1677 5510 ea:
1715 5470 1862 5531 parte
1899 5445 2168 5531 cognosci;

601 5529 720 5569 ntus
762 5527 825 5591 et
849 5534 921 5591 ea;
942 5530 1093 5591 parte
1119 5525 1503 5591 prop/celamus.
1535 5528 1611 5580 Ita
1639 5525 1783 5582 certe
1811 5525 2167 5588 bunc'locum

602 5588 1642 5669 exp-pls‘uiiflpﬂibanius’Scholasticus.

828 5654 1124 5736 Τῷςηατρί
1161 5665 1353 5730 μόνον
1383 5666 1603 5736 ἰδίωμα.
1648 5664 1707 5720 In
1750 5669 1938 5726 codice
1969 5673 2166 5729 Leonis

601 5722 783 5810 suam
828 5722 1091 5810 scriptum
1132 5722 1216 5786 e‘st
1252 5735 1413 5805 μόνῳ.
1445 5722 1549 5793 seu
1576 5738 1770 5809 reliqui
1796 5722 2166 5801 ὡδίὶῶἲῖιῇ

600 5804 778 5860 gatam
813 5804 1139 5869 scripturam
1176 5804 1411 5860 tuentur.

2354 4903 2588 4975 (59)_T6_
2620 4905 2923 4975 καινίσαν.
2967 4901 3026 4957 In
3052 4901 3238 4975 codice
3267 4902 3466 4957 Leonis
3495 4902 3675 4957 Allatii
3702 4911 3756 4960 et
3789 4906 3851 4964 in

2279 4972 2456 5045 Regio,
2477 4973 2526 5027 J.
2560 4973 2676 5045 Pini
2709 4975 2972 5045 scriptum
3008 4980 3090 5029 est
3109 4972 3365 5045 κινῆσαν,
3403 4988 3563 5045 quam
3601 4975 3848 5043 scriptu-

2276 5041 2394 5097 ram
2425 5044 2552 5098 licet
2575 5044 2769 5114 reliqui
2793 5041 3011 5099 codices
3040 5041 3296 5109 refutent,
3319 5042 3461 5097 haud
3487 5052 3667 5099 tamen
3695 5041 3848 5115 sper-

2276 5112 2509 5166 nendam
2535 5122 2686 5166 nuto.

2275 5122 2416 5170 nend
2425 5126 2509 5167 am
2535 5122 2686 5170 Βυιο.

2342 5128 2959 5306 ζὲθῖωΑὲἳῒστολεμεῖν
2981 5183 3364 5250 βουλεύηται.
3388 5183 3446 5238 In
3468 5185 3844 5254 manuscripto

2381 5255 2464 5306 ice
2493 5251 2706 5306 Savilii.
2738 5263 2792 5306 et
2815 5255 2869 5306 in
2896 5254 3133 5306 editione
3155 5253 3438 5306 Basiliensi
3465 5257 3728 5306 scriptum
3751 5265 3838 5306 eSt

2275 5251 2464 5325 codice
2493 5251 2706 5325 Savjlii,
2738 5263 2792 5309 et
2815 5255 2869 5307 in
2896 5253 3438 5325 edit_ione_Ba_siliensi
3456 5257 3728 5325 scriptum
3746 5251 3838 5310 εει

2278 5321 2552 5395 βούληται.
2590 5322 2696 5395 Sed
2729 5324 2876 5395 etin
2919 5323 3108 5378 codice
3133 5321 3184 5378 J.
3213 5322 3333 5378 Pini
3360 5321 3622 5395 scriptum
3652 5327 3838 5380 inveni

2276 5393 2528 5465 πολεμεῖν
2554 5393 2688 5465 αὐτῇ
2721 5393 2995 5465 βούληται.

2334 5463 2449 5534 (Η)
2476 5463 2806 5530 Εὑθαρσεῖς
2850 5463 3005 5533 ἡμᾶς
3047 5466 3631 5534 κατασκευάσαντος.
3662 5463 3836 5533 Magis

2267 5533 2443 5600 placet
2464 5534 2758 5604 scriptura,
2788 5550 2950 5604 quam
2981 5534 3037 5585 in
3055 5533 3243 5586 codice
3265 5533 3561 5604 Allatiano,
3580 5543 3635 5591 et
3654 5537 3708 5588 in
3731 5535 3838 5588 Bai--

2264 5604 2473 5658 siliensi
2502 5601 2740 5659 editione
2762 5601 2960 5670 reperi,
2995 5604 3505 5670 κατασκευάζοντος.
3533 5603 3838 5659 Conﬁrmat

2264 5672 2404 5727 hanc
2454 5672 2741 5728 lectionem
2791 5672 3127 5745 Epiphanius
3178 5674 3566 5738 Scholasticus,
3614 5677 3708 5743 qui
3754 5678 3836 5731 sic

2264 5690 2404 5727 nanc
2455 5690 2741 5728 tecuonem
2791 5690 2889 5745 np:
2935 5690 3127 5728 namus
3178 5690 3566 5738 acriorasucus,
3614 5690 3708 5743 qui
3754 5691 3832 5731 suc

2262 5745 2448 5814 vertit,
2487 5759 2697 5798 securos
2729 5761 2820 5798 nos
2880 5690 3101 5812 faciente
3131 5745 3516 5812 patrefamilias
3547 5745 3687 5814 ejus,
3724 5754 3832 5802 etc.

2261 5813 2322 5868 1n
2353 5813 2542 5871 codice
2572 5813 2701 5871 item
2728 5815 2876 5879 regio
2899 5814 2945 5870 J.
2983 5813 3105 5871 Pini
3137 5816 3212 5871 ita
3240 5817 3517 5872 scribitur.
