4036 6320
1637 352 2022 408 EPISTOLE.

3369 350 3475 405 570

311 469 448 527 XIII.
482 471 670 526 Ταῦτα
695 472 760 524 ἑκ
785 468 981 540 μέρους
1010 467 1310 540 ἐνεχάραξα
1330 471 1397 542 τῇ
1425 468 1702 542 ἐπιστολῇ,
1736 471 1786 523 τὶ

1969 467 2104 524 XIII.
2141 467 2268 525 Hac
2302 483 2369 524 ex
2409 475 2563 539 parte
2607 467 2898 539 perscripsi
2932 467 2987 522 in
3045 467 3148 522 hac
3203 467 3468 537 epistola,

234 564 363 618 καθ’
407 563 631 618 ἒκαστον
673 563 760 615 ἐπ’
801 561 1082 633 ἀκριϐείας
1127 562 1378 634 γράφειν,
1415 563 1688 635 φορτικὸν,
1727 564 1804 627 ὡς

231 657 402 726 ἔφην,
445 651 581 709 εἶναι
622 653 872 725 νομίσας,
915 651 1004 706 διὰ
1046 653 1110 706 τὸ
1154 653 1289 725 μηδὲ
1331 652 1428 724 τήν
1467 653 1618 724 ίεράν
1649 653 1803 725 ὑμῶν

227 744 418 799 ταῦτα
443 741 716 812 λεληθέναι
748 739 1004 812 σπουδήν.
1033 740 1218 796 Ταῦτα
1253 740 1593 812 διδάσκομεν,
1632 741 1804 795 ταῦτα

228 836 602 908 κηρύττομεν.
641 832 824 887 Ταῦτα
864 833 962 903 τῆς
1009 833 1332 904 Ἑκκλησίας
1369 831 1438 885 τὰ
1474 833 1804 886 ἀποστολικά

224 929 506 997 δόγματα,
533 926 671 996 ὑπὲρ
690 917 764 980 ὧν
784 925 877 991 καὶ
896 923 1332 996 ἀποθνήσκομεν,
1353 923 1460 977 τῶν
1479 923 1801 994 ἐξόμνυσθαι

224 1018 377 1071 αὐτὰ
417 1015 746 1088 βιαζομένων
790 1010 955 1087 ἦττον
1001 1015 1436 1087 πεφροντικότες,
1485 1017 1534 1068 εί
1575 1015 1680 1068 καῖ
1714 1015 1804 1070 διὰ

227 1106 490 1179 βασάνων
517 1106 898 1176 ἀναγκάζουσι,
926 1107 1023 1178 τήν
1056 1108 1112 1159 ὲν
1141 1106 1324 1168 αὐτοῖς
1351 1106 1538 1159 ἐλπίδα
1572 1105 1646 1178 μὴ
1670 1107 1804 1160 ἀπο-

226 1199 609 1273 στρεφόμενοι.
673 1195 771 1253 Ὦν
821 1200 1052 1255 ἐναντίοι
1102 1201 1380 1271 γενόμενοι
1424 1202 1470 1253 οί
1526 1201 1670 1270 ἀμφὶ
1711 1201 1801 1254 τὸν

227 1295 459 1364 ’Δρειον
484 1294 576 1345 καὶ
615 1292 858 1363 Ἀχιλλᾶν
891 1293 986 1347 καὶ
1010 1293 1058 1346 oi
1090 1292 1190 1362 τῆς
1215 1293 1472 1365 ἀληθείας
1501 1297 1597 1346 σὺν
1618 1292 1803 1356 αὐτοῖς

217 1384 502 1456 πολέμιοι,
553 1383 912 1456 ἀπεώσθησαν
967 1384 1066 1455 τῆς
1131 1385 1474 1455 Ἐκκλησίας,
1533 1384 1801 1455 ἀλλότριοι

218 1478 511 1548 γενόμενοι
548 1476 648 1546 τῆς
679 1476 932 1539 εύσεδοῦς
958 1476 1114 1547 ήμῶν
1145 1476 1507 1539 διδασκαλίας,
1545 1474 1688 1528 κατά
1712 1476 1800 1528 τὸν

221 1569 504 1641 μακάριον
531 1568 740 1621 Παῦλον
769 1568 1012 1635 λέγοντα·
1041 1568 1116 1620 ΕΖ
1139 1585 1229 1633 τις
1253 1564 1408 1636 ὑμᾶς
1437 1563 1803 1635 εὐαγγελίζε-

216 1679 321 1716 ται
360 1662 497 1730 παρ’
522 1661 554 1715 ὃ
585 1659 965 1729 παρελάϐετε,
991 1658 1257 1728 ἀνάθεμα
1284 1658 1460 1725 ἔστω,
1488 1657 1604 1712 κᾶν
1629 1657 1800 1727 ἀγγε-

215 1757 331 1820 λος
363 1754 433 1818 ἐξ
465 1752 724 1822 οὐρανοῦ
759 1753 912 1806 εἶναι
954 1752 1335 1824 προσποιῆται.
1385 1750 1544 1805 Ἀλλά
1575 1751 1687 1814 καὶ,
1727 1751 1800 1803 El

215 1863 316 1911 τις
371 1843 909 1913 ἑτεροδιδασκαλεῖ,
960 1843 1059 1897 καὶ
1098 1843 1185 1913 μὴ
1235 1843 1624 1911 προσέρχεται
1673 1841 1797 1908 τοῖς

212 1938 564 2008 ὑγιαίνουσι
600 1937 803 2005 λόγοις
843 1935 967 2001 τοῖς
992 1935 1099 1988 τοῦ
1137 1936 1356 2002 Κυρίου
1393 1933 1560 2003 ἡμῶν
1599 1933 1794 2001 Ἰησοῦ

213 2029 506 2099 Χριστοῦ,
541 2027 640 2083 καί
667 2027 742 2097 τῇ
771 2030 894 2082 κατ’
927 2027 1241 2082 εὐσέϐειαν
1269 2026 1651 2092 διδασκαλίᾳ,
1699 2043 1792 2079 τε-

211 2121 502 2190 τύφωται,
523 2119 720 2190 μηδὲν
741 2121 1157 2190 ἐπιστάμενος,
1179 2119 1270 2172 καὶ¹
1299 2118 1365 2172 τὰ
1393 2119 1536 2187 ἑξῆς.
1563 2118 1796 2181 Τούτους

212 2208 312 2266 οὖν
339 2211 869 2281 ἀναθεματισθέντας
902 2211 1014 2264 ἀπὸ
1044 2211 1144 2280 τῆς
1183 2207 1560 2280 ἀδελφότητος,
1607 2208 1796 2278 μηδεὶς

211 2300 377 2370 ὑμῶν
421 2299 678 2368 δεχέσθω,
738 2299 871 2370 μηδὲ
925 2299 1198 2368 ἀνεχέσθω
1243 2297 1352 2351 τῶν
1396 2297 1700 2367 λεγομένων
1753 2297 1786 2368 ἢ

209 2391 579 2463 γραφομένων
622 2392 711 2444 ὑπ’
754 2391 958 2466 αὐτῶν.
1004 2392 1188 2445 Πάντα
1215 2391 1324 2459 γὰρ
1355 2392 1401 2442 οἱ
1433 2390 1626 2459 γόητες
1661 2389 1791 2459 ψεύ-

207 2483 416 2547 δονται,
449 2483 705 2555 ἀλήθειαν
735 2481 795 2534 οὐ
825 2483 899 2553 μὴ
921 2482 1231 2552 λαλήσουσι.
1268 2480 1650 2551 Περιέρχονται
1679 2479 1788 2551 γὰρ

207 2575 315 2639 τὰς
365 2575 577 2638 πόλεις,
631 2575 782 2626 οὐδὲν
829 2573 1014 2643 ἕτερον
1069 2573 1536 2644 σπουδάζοντες,ή
1575 2571 1652 2642 τῷ
1689 2573 1789 2642 τῆς

209 2665 397 2732 φιλίας
447 2667 796 2736 προσχήματι
845 2664 942 2716 καὶ
999 2662 1076 2732 τῷ
1134 2664 1235 2733 τῆς
1265 2666 1486 2735 εἰρήνης
1540 2663 1784 2732 ὀνόματι,

207 2753 278 2806 δι’
314 2754 658 2825 ὑποκρίσεως
695 2755 788 2806 καὶ
818 2753 1106 2815 κολακείας
1135 2753 1438 2823 γράμματα
1465 2752 1664 2806 διδόναι
1691 2752 1786 2804 καὶ

206 2843 530 2914 λαμϐάνειν,
563 2844 697 2914 πρὸς
721 2844 781 2897 τὸ
809 2843 1016 2895 πλανᾶν
1053 2843 1142 2895 διὰ
1163 2844 1365 2896 τούτων
1389 2844 1456 2896 τὰ
1488 2845 1579 2897 ὑπ’
1609 2843 1786 2897 αὐτῶν

1907 560 2121 633 singula
2153 566 2409 615 accurate
2438 559 2688 631 persequi
2722 560 3090 630 importunum
3135 559 3470 622 arbitratus.

1903 662 1964 708 ut
1996 659 2153 708 antea
2182 651 2294 706 di‘xi
2314 693 2328 716 ,
2366 667 2433 707 eo
2467 650 2612 722 quod
2639 651 2943 720 religiosam
2973 659 3210 708 vestram
3237 651 3471 722 diligeno-

1902 743 2031 796 tiam
2063 758 2170 797 non
2203 743 2428 798 lateant.
2482 741 2607 796 Hac
2635 741 2916 806 docemus,
2946 742 3060 797 hac
3085 741 3468 812 praedicamus.

1903 830 2028 886 Hac
2072 840 2199 887 sunt
2257 832 2556 902 apostolica
2593 829 2850 886 Ecclesia
2897 833 3183 902 dogmata,
3215 848 3316 903 pro
3342 834 3469 905 qui~

1901 921 2003 975 bus
2030 930 2256 976 mortem
2282 936 2500 992 quoque
2531 921 2763 975 libenter
2810 922 3111 991 oppetimus
3132 961 3146 987 ,
3178 924 3332 993 parvi
3387 923 3469 977 fa-

1901 1013 2104 1068 cientes
2129 1027 2224 1067 cos
2250 1013 2342 1082 qui
2374 1027 2474 1066 nos
2517 1011 2620 1066 ista
2652 1025 2852 1081 negare
2894 1012 3252 1081 compellunt,
3285 1029 3467 1082 spem-

1901 1118 2006 1174 que
2032 1103 2086 1155 in
2113 1101 2181 1156 iis
2215 1101 2446 1171 positam
2478 1117 2587 1156 non
2635 1101 2955 1172 abjicientes
2979 1140 2993 1163 ,
3026 1100 3152 1155 licet
3195 1098 3302 1158 isti
3351 1110 3468 1156 tor-

1901 1192 2100 1248 mentis
2127 1193 2384 1248 adhibitis
2433 1193 2540 1247 vim
2582 1191 2829 1247 afferant.
2878 1190 3088 1257 Quibus
3118 1192 3468 1248 adversantes

1899 1287 2064 1341 Arius
2094 1294 2147 1340 et
2168 1285 2426 1347 Achillas.
2458 1296 2508 1341 et
2547 1287 2640 1356 qui
2675 1301 2798 1340 cum
2841 1286 2950 1340 illis
2984 1292 3113 1340 sunt
3160 1285 3342 1342 hostes
3374 1301 3466 1341 ve--

1899 1378 2099 1440 ritatis,
2126 1376 2367 1432 Ecclesia
2394 1379 2604 1448 expulsi
2633 1386 2779 1443 sunt,
2805 1385 2992 1448 utpote
3015 1376 3175 1432 alieni
3209 1391 3239 1430 a
3278 1385 3466 1432 nostra

1901 1469 1988 1538 pia
2022 1467 2290 1532 doctrina,
2320 1468 2474 1536 juxta
2518 1469 2735 1525 beatum
2777 1470 3038 1534 Paulum,
3071 1471 3163 1541 qui
3193 1471 3268 1525 ait
3291 1470 3372 1527 "z
3407 1470 3468 1526 Si

1899 1560 2015 1630 quis
2042 1558 2184 1614 vobis
2213 1561 2641 1632 euangelizaverit
2688 1573 2877 1630 prater
2917 1565 2971 1616 id
2998 1564 3133 1634 quod
3161 1565 3464 1632 accepistis,

1899 1650 2178 1704 anathema
2225 1653 2330 1716 sit;
2381 1652 2501 1710 licet
2544 1653 2780 1721 angelum
2803 1654 2864 1707 de
2879 1655 3003 1708 calo
3021 1671 3073 1708 se
3091 1671 3202 1709 esse
3225 1653 3462 1710 simulet.
3500 1715 3502 1717 ς

1903 1739 2008 1796 Sed
2040 1753 2112 1805 et,
2150 1740 2211 1798 Si
2249 1745 2365 1812 quis
2404 1743 2551 1796 aliud
2579 1744 2795 1807 doceat,
2827 1755 2875 1798 et
2905 1763 3006 1799 non
3052 1747 3346 1816 acquiescat
3375 1762 3467 1800 sa-

1896 1838 2000 1891 cris
2031 1836 2354 1891 sermonibus
2394 1836 2607 1890 Domini
2652 1838 2820 1891 nostri
2868 1836 2995 1891 Jesu
3043 1835 3275 1903 Christi,
3323 1847 3372 1892 et
3415 1838 3464 1892 ei

1896 1941 2011 1996 qua:
2033 1925 2336 1980 secundum.
2357 1927 2600 1994 pietatem
2636 1937 2710 1981 est
2744 1925 3037 1991 doctrinm;
3068 1928 3112 1982 is
3137 1928 3357 1995 inflatur
3381 1928 3464 1981 ni-

1897 2015 1973 2069 hil
2002 2002 2168 2071 sciens
2198 2017 2240 2048 ⁸⁷
2273 2036 2284 2071 :
2318 2024 2374 2071 et
2403 2031 2524 2087 qua
2562 2024 2884 2086 sequuntur.
2919 2016 3029 2071 Hos
3068 2018 3233 2087 igitur
3256 2017 3323 2071 ab
3350 2017 3469 2071 uni-

1896 2109 2070 2162 versis
2139 2108 2401 2164 fratribus
2460 2109 2943 2164 anathematizatos
3008 2125 3168 2164 nemo
3223 2115 3463 2165 vestrum

1899 2198 2182 2268 suscipiat,
2209 2214 2308 2253 nec
2334 2214 2397 2253 ea
2418 2215 2536 2269 qua
2567 2201 2633 2254 ab
2666 2201 2773 2254 illis
2797 2207 2889 2253 aut
2919 2199 3177 2253 dicuntur
3205 2208 3298 2254 aut
3327 2200 3466 2256 scri-

1896 2288 2098 2344 buntur
2151 2289 2418 2343 admittat.
2475 2289 2667 2344 Omnia
2733 2291 2877 2346 enim
2938 2291 3273 2345 mentiuntur
3325 2306 3464 2362 pra-

1895 2380 2225 2450 stigiatores,
2257 2395 2357 2435 nec
2387 2383 2667 2436 veritatem
2700 2397 2938 2451 unquam
2977 2382 3282 2452 loquentur.
3343 2381 3462 2437 Cir-

1894 2482 2151 2526 cumeunt
2183 2473 2451 2542 siquidem
2477 2473 2748 2538 civitates,
2795 2473 2927 2527 nihil
2962 2474 3108 2527 aliud
3139 2475 3418 2530 molientes
3441 2513 3459 2539 ,

1891 2577 2054 2632 quam
2089 2573 2145 2617 ut
2182 2563 2434 2617 amicitia
2465 2565 2644 2633 specie
2671 2570 2726 2618 et
2757 2563 2858 2617 sub
2901 2562 3118 2618 nomine
3145 2563 3298 2632 pacis
3318 2602 3335 2627 ,
3365 2579 3461 2633 per

1892 2654 2291 2709 simulationem
2324 2662 2378 2710 et
2406 2653 2700 2711 blanditias
2725 2654 2856 2709 dent
2890 2655 3096 2709 litteras
3121 2663 3284 2724 atque
3313 2657 3458 2710 acci-

1889 2747 2079 2819 piant;
2113 2749 2313 2818 quibus
2353 2749 2693 2802 mulierculas
2724 2765 2926 2817 paucas
2954 2749 3018 2802 ab
3057 2749 3185 2818 ipsis
3223 2748 3461 2817 deceptas

1893 2849 1940 2892 et
1971 2840 2197 2907 peccatis
2227 2850 2443 2894 onustas
2478 2841 2532 2894 in
2553 2856 2782 2895 errorem
2803 2840 3056 2894 inducant
3091 2840 3135 2872 ⁸³
3158 2847 3210 2896 et
3241 2849 3457 2896 caetera.

205 2937 566 3007 ἠπατημένα
588 2938 762 3006 ὀλίγα
783 2935 1157 3006 γυναικάρια,
1184 2938 1591 3008 σεσορευμένα
1614 2939 1938 3008 ἁμαρτίαις,
1973 2935 2067 2987 καὶ
2095 2934 2162 2988 τὰ
2190 2935 2332 3006 ἑξῆς.

280 3054 422 3110 XIV.
466 3053 701 3117 Τούτους
730 3051 822 3108 οὖν
848 3056 973 3118 τοὺς
1005 3054 1074 3107 τὰ
1104 3054 1339 3108 τοσαῦτα
1371 3054 1512 3108 κατά
1547 3053 1784 3126 Χριστοῦ

205 3145 604 3218 τολμήσαντας,
635 3146 759 3210 τοὺς
794 3146 884 3198 τὸν
917 3146 1341 3216 Χριστιανισμδν
1368 3146 1525 3200 τοῦτο
1565 3147 1663 3217 μὲν
1691 3145 1784 3203 δη·
1810 3178 1852 3235 C

213 3238 377 3310 pocla.
415 3235 796 3306 διασύραντας,
841 3233 999 3287 τοῦτο
1044 3235 1100 3287 δὲ
1137 3236 1228 3287 ἐπὶ
1264 3235 1626 3305 δικαστηρίων
1660 3237 1780 3287 ἐπι-

207 3327 451 3396 δεικτιᾷν
484 3323 985 3393 φιλοτιμουμένους,
1025 3324 1151 3385 τοὺς
1181 3323 1417 3393 διωγμὺν
1449 3325 1581 3393 ἡμῖν
1616 3325 1674 3375 ὲν
1706 3324 1782 3376 εί-

212 3418 355 3488 ρήνῃ
381 3416 442 3468 τὸ
467 3416 589 3468 ὅσον
624 3414 710 3466 ἐπ’
734 3413 917 3494 αὐτοῖς
943 3413 1354 3484 ἐπεγείραντας,
1380 3412 1506 3476 τοὺς
1526 3413 1586 3465 τὸ
1611 3414 1782 3485 ἀρῤη..

207 3525 301 3562 τον
334 3508 627 3578 μυστήριον
789 3505 1023 3576 Χριστοῦ
1049 3506 1315 3572 γενέσεως
1337 3505 1776 3577 ὲκνευρίσαντας,

207 3598 433 3662 τούτους
458 3595 917 3668 ἀποστραφέντες,
944 3596 1220 3666 ἀγαπητοὶ
1237 3597 1328 3650 καὶ
1344 3597 1602 3667 ὁμόψυχοι
1629 3596 1780 3649 ἀδελ-

208 3691 323 3760 φοι,
367 3688 647 3760 σύμψηφοι
680 3686 892 3756 γίνεσθε
937 3686 1078 3740 κατὰ
1117 3688 1214 3758 τῆς
1265 3688 1563 3760 μανιώδους
1602 3689 1777 3742 αὐτῶν

206 3778 433 3849 τόλμης,
457 3777 578 3831 καθ’
605 3775 897 3848 ὁμοιότητα
920 3776 1027 3830 τῶν
1055 3779 1548 3849 ἀγανακτησάντων
1581 3780 1780 3832 συλλει-

205 3868 454 3939 τουργῶν
491 3870 670 3941 ήμῶν,
722 3871 814 3924 καὶ
848 3869 1263 3923 ἐπιστειλάντων
1302 3887 1390 3940 μοι
1427 3871 1545 3924 κατ’
1577 3871 1776 3936 αὐτῶν,

207 3959 303 4012 καὶ
331 3958 409 4030 τῷ
429 3960 578 4031 τόμῳ
601 3960 1143 4032 συνυπογραψάντων.
1184 3961 1250 4013 'A
1273 3961 1369 4014 καὶ
1390 3961 1777 4034 διεπεμψάμην

205 4048 338 4119 ὑμῖν
379 4048 467 4102 διὰ
508 4047 604 4101 τοῦ
651 4049 767 4102 υίοῦ
805 4069 907 4121 μου
954 4050 1212 4114 Ἀπίωνος
1247 4050 1342 4104 τοῦ
1373 4051 1620 4105 διακόνου
1641 4052 1774 4124 (42),

204 4139 365 4192 τοῦτο
394 4138 492 4208 μὲν
518 4141 699 4212 πάσης
736 4141 1009 4210 Αἰγύπτου
1058 4142 1153 4194 καὶ
1200 4142 1485 4213 Θηϐαΐδος,
1537 4142 1694 4197 τοῦτο
1720 4144 1776 4196 δὲ

205 4229 412 4300 Λιϐύης
458 4249 519 4284 τε
567 4233 663 4286 καὶ
709 4234 1111 4296 Πενταπόλεως,
1165 4235 1259 4286 καὶ
1305 4234 1523 4304 Συρίας,
1568 4236 1662 4288 καὶ
1696 4235 1776 4289 ἔτι

204 4321 410 4385 Δυκίας
460 4323 553 4377 καὶ
597 4325 944 4396 Παμφυλίας,
1004 4325 1205 4388 Ἀσίας,
1231 4326 1645 4391 Καππαδοκίας,
1681 4327 1776 4378 καὶ

203 4413 311 4465 τῶν
338 4412 513 4468 ἀλλων
541 4416 860 4488 περιχόρων.
900 4411 1000 4468 Ὧν
1032 4416 1154 4469 καθ’
1186 4417 1496 4486 ὁμοιότητα,
1523 4418 1615 4469 καὶ
1642 4418 1774 4488 παρ’

1962 3051 2102 3105 XIV.
2151 3050 2262 3107 Hos
2292 3065 2422 3123 ergo
2454 3052 2545 3123 qui
2573 3059 2653 3106 tot
2679 3067 2742 3108 ac
2785 3059 2935 3107 tanta
2969 3051 3088 3106 ausi
3116 3058 3244 3107 sunt
3269 3059 3458 3106 contra

1889 3145 2202 3212 Christum;
2235 3147 2327 3216 qui
2357 3146 2724 3202 Christianam
2765 3147 3080 3219 religionem
3112 3145 3307 3216 partim
3339 3146 3461 3199 irri-

1883 3245 2074 3291 serunt
2100 3237 2315 3307 publice
2335 3278 2348 3300 ,
2383 3239 2581 3307 partim
2613 3239 2668 3293 in
2700 3237 2926 3308 judiciis
2958 3237 3245 3292 traducere
3275 3252 3338 3291 ac
3365 3237 3460 3292 de-

1880 3339 2070 3384 notare
2099 3329 2315 3384 student
2345 3349 2358 3383 :
2407 3331 2501 3399 qui
2531 3331 2685 3400 pacis
2726 3338 2973 3400 tempore
3025 3329 3455 3398 persecutionem

1880 3421 2142 3476 adversus
2173 3436 2272 3475 nos
2295 3460 2310 3484 ,
2364 3429 2628 3490 quantum
2662 3423 2714 3475 in
2746 3422 2882 3492 ipsis
2932 3429 3050 3484 est,
3108 3422 3453 3485 excitarunt;

1878 3514 1968 3580 qui
2005 3511 2275 3566 ineIfabile
2303 3513 2622 3582 mysterium
2644 3512 3009 3583 generationis
3039 3508 3244 3568 Christi
3296 3528 3454 3568 ener-

1876 3613 2075 3660 varunt
2101 3624 2112 3658 :
2145 3605 2266 3670 hos,
2295 3606 2541 3675 inquam,
2577 3612 2894 3662 aversantes
2919 3647 2936 3672 ,
2965 3605 3271 3661 charissimi
3292 3618 3454 3676 atque

1878 3696 2162 3752 unanimes
2199 3696 2424 3760 fratres,
2467 3696 2839 3769 suffragamini
2886 3697 3045 3753 nobis
3073 3699 3335 3754 adversus
3361 3693 3450 3754 fu-

1876 3789 2076 3842 riosam
2117 3788 2331 3841 illorum
2363 3788 2646 3841 audaciam
2674 3827 2691 3852 ,
2741 3788 2966 3857 perinde
3010 3804 3074 3843 ac
3103 3789 3323 3858 collega
3351 3804 3451 3843 no-

1879 3878 2001 3943 stri,
2031 3877 2124 3947 qui
2151 3877 2416 3948 indignati
2455 3886 2605 3938 sunt,
2635 3889 2689 3933 et
2728 3879 2889 3933 nobis
2922 3879 3184 3947 epistolas
3215 3880 3450 3950 scripse-

1877 3980 2003 4023 runt
2033 3969 2294 4025 adversus
2325 3971 2470 4034 illos,
2501 3979 2554 4025 et
2577 3977 2727 4025 tomo
2757 3979 2948 4026 nostro
2982 3971 3448 4041 subscripserunt.

1875 4060 2004 4126 Qua
2037 4062 2199 4116 etiam
2236 4061 2302 4115 ad
2333 4077 2430 4117 vos
2458 4061 2583 4116 misi
2623 4077 2717 4132 per
2757 4061 2924 4116 lilium
2959 4077 3138 4116 meum
3188 4060 3450 4133 Apionem

1874 4152 2180 4218 diaconum,
2213 4152 2408 4222 partim
2438 4168 2505 4208 ex
2528 4153 2782 4207 universa
2809 4151 3042 4224 Egypto
3067 4167 3130 4205 ac
3151 4151 3446 4229 Thebaide,

1875 4245 2068 4314 partim
2100 4260 2168 4299 ex
2199 4243 2367 4314 Libya
2393 4259 2456 4298 ac
2485 4243 2765 4315 Pentapoli
2793 4262 2808 4299 :
2844 4244 2973 4298 item
3009 4260 3075 4298 ex
3107 4241 3264 4315 Syria
3284 4285 3298 4310 ,
3340 4243 3446 4315 Ly-

1873 4335 1979 4401 cia,
2016 4333 2352 4406 Pamphylia,
2377 4334 2528 4400 Asia,
2566 4335 2910 4406 Cappadocia
2945 4336 3176 4405 aliisque
3204 4335 3450 4390 ﬁnitimis

1874 4425 2189 4497 provinciis.
2228 4425 2472 4491 Quorum
2503 4426 2753 4495 exemplo
2784 4440 2814 4478 a
2848 4425 3004 4480 vobis
3050 4441 3266 4496 quoque
3307 4427 3449 4480 litte-

204 4503 360 4575 ὑμῶν
403 4505 652 4574 δέξασθαι
694 4507 946 4562 πέποιθα.
983 4507 1195 4561 Πολλῶν
1233 4508 1341 4578 γάρ
1373 4525 1460 4578 μοι
1497 4509 1776 4580 βοηθημά-

1887 4533 1968 4572 ras
1999 4533 2085 4572 me
2115 4525 2464 4586 accepturum
2492 4531 2615 4572 esse
2659 4516 2895 4571 conﬁdo.
2938 4515 3071 4569 Nam
3109 4532 3232 4570 cum
3277 4517 3447 4571 multa

203 4611 310 4650 των
346 4597 482 4668 πρὸς
521 4599 646 4663 τοὺς
679 4599 968 4669 βλαϐέντας
1012 4600 1443 4672 πεπορισμένων,
1482 4601 1578 4653 καὶ
1613 4601 1771 4655 τοῦτο

205 4685 424 4758 εῦρεται
454 4690 867 4764 λυσιφάρμακον
907 4691 1002 4745 τοῦ
1048 4693 1138 4744 ὑπ’
1177 4692 1354 4745 αὐτῶν
1398 4693 1768 4764 ἀπατηθέντος

201 4777 352 4841 λαοῦ,
386 4781 718 4853 πειθομένων
755 4784 849 4838 καὶ
893 4787 1012 4848 ταῖς
1051 4783 1162 4854 (45)
1197 4784 1304 4837 τῶν
1346 4785 1767 4857 συλλειτουργῶν

202 4870 358 4940 ήμῶν
389 4875 863 4942 συγκαταθέσεσιν,
899 4878 979 4941 εἰς
1019 4876 1306 4947 μετάνοιαν
1333 4877 1419 4930 διὰ
1449 4877 1637 4931 τούτου
1673 4879 1764 4950 ἔρ-

203 4959 389 5032 χεσθαι
420 4966 843 5031 σπουδαζόντων.
893 4970 1231 5024 Ἀσπάσασθε
1266 4968 1527 5039 ἀλλήλους
1566 4972 1662 5024 σὺν
1699 4975 1764 5043 τῇ

207 5058 334 5122 παρ’
368 5054 522 5124 ὑμῶν
545 5055 861 5131 ἀδελφότητι
1066 5058 1370 5133 Ἐρῤῶσθαι
1394 5061 1538 5130 ὑμᾶς
1563 5064 1620 5116 ὲν
1649 5064 1764 5115 Κυ-

1880 4623 1910 4661 a
1944 4625 2030 4663 me
2053 4607 2303 4677 praesidia
2331 4617 2646 4677 comparata
2681 4607 2793 4661 sint
2822 4606 2890 4660 ad
2929 4605 3203 4661 sanandos
3236 4619 3330 4659 eos
3351 4606 3446 4674 qui

1877 4699 1989 4754 Iasi
2019 4706 2169 4761 sunt,
2203 4705 2315 4750 tum
2347 4697 2480 4752 illud
2530 4699 2800 4768 pracipue
2827 4696 3123 4751 remedium
3171 4695 3447 4765 excogita-

1875 4800 1991 4846 tum
2024 4799 2107 4846 est
2151 4791 2219 4844 ad
2265 4790 2562 4845 curandam
2612 4776 3013 4844 multitudinem
3054 4804 3174 4858 qua
3215 4788 3282 4842 ab
3334 4788 3445 4842 illis

1873 4883 2097 4952 decepta
2122 4889 2225 4943 est,
2252 4888 2311 4934 ut
2332 4881 2661 4950 collegarum
2686 4887 2999 4944 nostrorum
3033 4878 3322 4932 consensui
3345 4877 3443 4930 oh-

1873 4970 2194 5042 tempere’nt,
2225 4977 2277 5025 et
2305 4986 2402 5040 per
2446 4970 2548 5024 hoc
2591 4971 2657 5025 ad
2686 4970 3057 5040 paenitentiam
3083 4968 3262 5024 redire
3289 4966 3442 5023 festi~

1872 5071 2022 5119 nent.
2053 5060 2306 5116 Salutare
2332 5076 2430 5117 vos
2469 5061 2702 5117 invicem
2735 5075 2846 5116 una
2889 5075 3011 5115 cum
3041 5058 3321 5126 fratribus,
3345 5058 3439 5128 qui

269 5237 314 5267 ³⁸
344 5234 523 5290 Galat.
549 5253 587 5302 ι,
615 5237 669 5305 8,
691 5239 746 5295 9.
813 5241 854 5274 ³⁷
897 5240 925 5296 Ι
955 5241 1091 5297 Tim.
1130 5259 1204 5308 Vt,
1231 5244 1285 5309 5,
1311 5244 1365 5299 4.
1441 5244 1485 5277 ³³
1521 5245 1585 5299 II
1615 5247 1751 5302 Tim.
1787 5263 1870 5311 ιιι,
1902 5249 1955 5302 4.

271 5440 384 5519 με)
428 5440 704 5519 Ἁπίῳνξος
732 5444 838 5519 τοθῦ
870 5444 1173 5519 διακόνου.
1209 5446 1265 5501 In
1296 5447 1416 5519 cod.
1445 5447 1643 5503 Leonis
1683 5448 1771 5503 Al-

202 5509 330 5592 I‘atii,
361 5520 426 5592 et
449 5511 590 5592 apud
618 5509 988 5592 Nicephorum
1024 5518 1763 5592 legiturfoﬁdpxtﬁtaxovou.

203 5582 370 5653 Atque
393 5583 466 5636 ita
493 5582 653 5653 etiam
686 5583 813 5653 legit
837 5582 1171 5653 Epiphanius
1200 5582 1593 5650 Scholasticus,
1618 5597 1677 5643 ut
1698 5606 1761 5644 ex

195 5651 1085 5780 :Sgogﬁeggwarmlcggex
1135 5656 1336 5730 Regius
1378 5659 1426 5712 J.
1470 5659 1588 5714 Pini
1635 5660 1764 5730 legit

603 5765 618 5775 .
905 5743 950 5777 ω
1013 5743 1059 5780 ς.

603 5743 741 5780 ιονου
796 5743 1059 5788 Λπιωνος.

1874 5452 1994 5507 loco
2029 5453 2205 5521 posita
2237 5461 2340 5518 est,
2375 5464 2430 5508 et
2461 5455 2513 5508 in
2552 5470 2707 5508 suum
2742 5453 2918 5508 locum
2960 5453 3037 5508 sic
3074 5453 3426 5521 restituenda,

1871 5520 2202 5594 πειθομένων
2235 5527 2355 5594 ταῖς
2402 5524 2507 5578 τῶν
2556 5523 2977 5594 συλλειτουργῶν
3025 5520 3179 5594 ἡμῶν
3227 5536 3428 5591 συγκα-

1868 5592 2134 5655 ταθέσεσι,
2163 5593 2256 5645 καὶ
2287 5595 2386 5657 είς,
2418 5604 2519 5649 etc.

1937 5663 2046 5731 (Η)
2087 5663 2210 5734 Σὺν
2232 5663 2306 5731 τῇ
2331 5666 2463 5733 παρ’
2495 5665 2660 5734 ὑμῶν
2687 5663 3060 5733 ἀδελφότητι.
3091 5659 3424 5734 ApudNice-

1867 5732 2095 5808 phorum
2141 5733 2333 5806 legitur
2378 5732 2702 5808 παρ’ήμῶν,
2733 5732 2876 5808 quod
2929 5734 3124 5789 rectius
3171 5732 3300 5788 mihi
3343 5732 3423 5786 vi-

255 5797 372 5871 ((5)
410 5793 786 5866 Πειθομέιλων
817 5793 914 5848 καί
956 5795 1099 5863 ταῖς.
1150 5797 1419 5855 Particula
1462 5799 1552 5853 καί
1585 5799 1757 5856 alieno
1864 5793 2040 5858 detur.
