4036 6320
631 331 739 386 δτι

1773 326 1832 382 S.
1869 323 2209 385 ALEXAND}

2312 323 2774 382 ALEXANDIUNI
3775 328 3893 386 576

629 438 924 496 verborum
973 434 1164 494 sordes
1210 447 1376 493 aures
1425 448 1560 492 suas
1605 435 2017 491 contaminent?
2066 435 2204 503 Quis

2312 435 2474 502 ἀκοὰς
2505 436 2642 508 βύει,
2673 436 2815 508 ὑπὲρ
2843 436 2937 491 τοῦ
2963 439 3038 511 μὴ
3066 439 3158 494 τὸν
3193 440 3363 513 ῥύπον
3398 439 3607 496 τούτων
3647 442 3752 498 τῶν
3782 447 3889 516 ρη-

629 533 748 587 baec
779 528 1010 586 Joannis
1036 528 1268 585 audiens
1307 546 1322 583 :
1355 525 1421 582 In
1449 527 1710 599 principio
1737 538 1854 582 erat
1893 525 2121 582 Verbum
2135 529 2203 595 “,

2312 530 2494 603 μάτων
2537 528 2744 599 ψαῦσαι
2781 531 2880 602 τῆς
2910 531 3099 604 άκοῆςς
3138 533 3235 598 Τίς
3265 532 3475 589 ἀκούων
3517 533 3763 590 Ἰωάννου
3793 538 3889 592 λέ-

630 623 876 678 homines
896 633 1007 676 non
1034 619 1385 686 condemnet,
1415 617 1510 690 qui
1532 618 1686 673 aiunt
1711 636 1726 674 :
1761 615 1888 673 Fuit
1911 618 2208 689 aliquando

627 729 754 776 cum
783 729 894 770 non
918 713 1110 769 esset?
1144 710 1281 778 Quis
1315 712 1363 768 si
1413 712 1531 768 hac
1573 710 1854 782 Evangelii
1900 711 2066 769 verba
2108 727 2206 768 au-

625 808 744 864 diat
776 824 790 859 :
833 806 1147 879 Unigenitus
1184 807 1393 873 Filius;
1423 816 1478 866 et
1507 807 1646 863 :Per
1691 808 1864 876 meum
1901 807 2049 876 facta
2083 817 2207 864 sunt

626 902 810 958 omnia
826 901 895 967 “,
918 900 1046 957 illos
1079 915 1191 956 non
1236 908 1519 959 aversetur
1562 899 1678 956 hac
1724 901 2053 972 loquentes:
2087 899 2206 958 Una

628 995 721 1050 ille
743 1000 829 1050 est
855 1008 922 1049 ex
951 994 1120 1050 rebus
1153 992 1347 1051 factis?
1373 991 1508 1048 Nam
1532 992 1630 1064 qui
1671 1000 1853 1064 potest
1879 1009 1988 1050 una
2020 1009 2087 1051 ex
2119 1010 2207 1050 re-

626 1086 730 1142 bus
759 1099 792 1140 a
841 1100 902 1141 se
935 1085 1093 1142 factis
1133 1100 1276 1152 esse,
1322 1091 1418 1140 aut
1455 1085 1550 1155 qui
1581 1084 1899 1156 unigenitus
1929 1086 2057 1151 erit,
2087 1087 2206 1158 qui,

626 1187 689 1236 ut
721 1180 878 1236 aiunt
907 1182 1007 1246 illi,
1039 1182 1294 1239 omnibus
1339 1189 1755 1247 annumeratur,
1805 1183 1853 1239 si
1887 1184 2105 1254 quidem
2152 1193 2207 1242 et

627 1270 719 1329 ille
755 1287 850 1327 res
897 1281 982 1328 est
1024 1271 1170 1327 facta
1203 1277 1369 1342 atque
1401 1273 1622 1328 creata?
1657 1271 1945 1341 Quomodo
1990 1290 2059 1331 ex
2095 1290 2206 1330 non

625 1364 972 1422 exstantibus
1033 1364 1212 1422 factus
1256 1364 1353 1421 ille
1407 1363 1595 1430 fuerit,
1655 1382 1780 1422 cum
1827 1366 1994 1424 Pater.
2039 1368 2204 1433 dicat,

631 1455 908 1512 Eructaoit
932 1473 1023 1512 car
1050 1474 1223 1513 meum
1265 1457 1493 1514 Verbum
1521 1459 1711 1514 bonum
1739 1461 1816 1526 “;
1845 1471 1920 1530 et,
1950 1461 2035 1515 Ea:
2060 1472 2208 1518 utero

629 1555 752 1602 ante
782 1547 1085 1617 Luciferum
1116 1551 1271 1621 genui
1294 1550 1447 1608 te“!
1483 1551 1590 1607 Aut
1623 1554 1898 1622 quomodo
1941 1553 2208 1610 absimilis

631 1639 952 1695 substantiae
998 1638 1181 1696 Patris
1229 1640 1425 1708 fuerit,
1470 1644 1566 1714 qui
1617 1652 1701 1702 est
1746 1646 1927 1717 imago
1967 1646 2205 1717 perfecta

631 1727 1000 1800 splendorque
1033 1728 1235 1796 Patris,
1263 1734 1467 1804 quique
1508 1733 1620 1788 ait:
1666 1733 1772 1800 Qui
1799 1735 1932 1789 vidit
1953 1751 2053 1802 me,
2077 1737 2208 1791 vidit

2306 639 2517 692 γοντος,
2581 625 2685 678 Ἔν
2721 621 2881 692 ἀρχῇ
2924 619 3004 694 ἦν
3050 628 3083 679 ό
3119 627 3328 697 Λόγος,
3374 627 3436 681 οὐ
3481 627 3888 697 καταγινώσκει

2303 714 2509 770 τούτων
2529 715 2814 785 λεγόντων,
2838 710 2949 769 Ἦν
2976 733 3106 770 ποτε
3128 719 3215 772 ὅτε
3243 720 3342 774 οὐκ
3361 715 3450 793 ἧν;
3479 722 3656 785 ’Πτίς
3668 722 3893 777 ἁκούων

2305 809 2366 862 ιν
2387 807 2464 879 τῷ
2490 807 2826 881 Εὐαγγελίῳ,
2856 806 3205 880 Πονοτενὴς
3248 812 3399 881 Υἱὸς,
3435 814 3551 880 καὶ,
3584 815 3665 868 Δι’
3693 816 3892 872 αὐτοῦ

2305 899 2541 972 ἐγένετο
2589 901 2807 965 πάντας
2855 901 2919 955 ού
2955 903 3179 974 μισήσει
3217 905 3440 970 τούτους
3477 906 3893 979 φθεγγομένους

2305 992 2411 1058 ὅτι,
2443 987 2538 1057 Εἷς
2560 994 2708 1048 ἐστιν
2729 994 2836 1050 τῶν
2857 995 3177 1068 ποιημάτων
3198 996 3344 1068 (63);
3375 999 3498 1063 Πῶς
3525 1000 3637 1075 γὰρ
3664 1000 3892 1055 δύναται

2306 1078 2388 1148 εἷς
2418 1079 2558 1139 εἶναι
2584 1085 2693 1141 τῶν
2720 1087 2788 1140 δι’
2814 1087 2978 1142 αὐτοῦ
3015 1089 3342 1160 γενομένων,
3369 1090 3403 1162 ἢ
3439 1091 3554 1155 πῶς
3589 1092 3894 1165 μονογενὴς

2304 1177 2335 1229 6
2384 1177 2497 1239 τοῖς
2537 1178 2670 1230 πᾶσι
2699 1178 2819 1231 κατ’
2863 1178 3106 1242 ἐκείνους
3156 1179 3677 1252 συναριθμούμενος,
3726 1182 3894 1253 εἴπερ

2307 1266 2401 1321 καὶ
2431 1267 2594 1331 αὐτὸς
2620 1269 2834 1340 κτίσμα
2885 1270 3002 1322 ἐστὶ
3048 1271 3142 1323 καὶ
3182 1271 3392 1342 ποίημα
3410 1271 3518 1343 (64)
3544 1288 3559 1338 ;
3591 1272 3717 1338 Πῶς
3743 1273 3802 1326 δὲ
3831 1273 3897 1338 ἐξ

2305 1360 2407 1414 οὐκ
2422 1359 2592 1414 όντων
2620 1359 2687 1415 ἂν
2705 1360 2812 1434 εἴη,
2835 1360 2929 1415 τοῦ
2954 1361 3167 1432 Πατρδς
3185 1361 3451 1430 λέγοντος·
3488 1364 3897 1432 Ἐξηρεύεατο

2308 1453 2350 1520 ἠ
2372 1450 2586 1520 καρδία
2607 1469 2726 1522 μου
2745 1454 2940 1522 Λόγον
2963 1453 3206 1523 ἀγαθον
3235 1451 3347 1506 καίο
3366 1454 3466 1508 Ἐκ
3495 1453 3753 1524 γαστρὸς
3772 1453 3900 1524 πρὸ

2319 1540 2664 1611 Ἑωσφόρου
2725 1541 3027 1611 eremi-nati
3081 1558 3188 1607 0's;
3224 1543 3294 1596 "H
3347 1543 3466 1608 πῶς
3511 1545 3766 1616 ἀνόμοιος
3823 1549 3896 1616 τῇ

2306 1633 2465 1705 οὐσίᾳ
2489 1633 2583 1688 τοῦ
2614 1635 2845 1707 Πατρδς,
2871 1638 2900 1690 6
2921 1633 2996 1689 ὣν
3025 1636 3188 1690 είκὼν
3211 1636 3391 1690 τελεία
3427 1639 3522 1691 καὶ
3546 1638 3897 1709 ἀπαύγασμα

2309 1725 2403 1780 τοῦ
2445 1727 2679 1796 Πατρὸς,
2713 1729 2811 1782 καὶ
2847 1727 3039 1797 λέγων·
3102 1731 3166 1783 '0
3193 1729 3462 1799 ἑωρακὼς
3507 1728 3633 1799 ἐμὲ,
3665 1727 3897 1800 ἑώρακε

626 1827 681 1873 et
713 1817 929 1873 Patrem
949 1820 996 1852 “
1020 1823 1046 1877 t
1089 1819 1209 1888 Quo
1245 1829 1406 1893 pacto
1438 1824 1487 1880 si
1527 1821 1768 1880 Verbum
1814 1840 1911 1881 seu
1951 1824 2115 1885 Ratio
2156 1838 2209 1883 et

2312 1819 2417 1871 τὸν
2464 1818 2715 1886 Πατέρα;
2764 1817 2890 1882 Πῶς
2937 1818 2995 1873 δὲ
3039 1820 3089 1872 εί
3127 1820 3298 1889 Λόγος
3326 1819 3421 1874 καὶ
3450 1820 3618 1889 Σοφία
3645 1820 3765 1873 ἐστὶ
3797 1819 3896 1873 τοῦ

633 1912 914 1983 Sapientia
932 1912 1028 1970 Dei
1054 1914 1226 1972 Filius
1243 1925 1348 1982 est,
1372 1916 1473 1973 fuit
1502 1926 1718 1991 tempus
1745 1935 1870 1975 cum
1896 1935 2008 1976 non
2037 1924 2208 1978 esset?

631 2003 866 2061 Perinde
903 2012 988 2061 est
1033 2006 1178 2062 enim
1209 2023 1272 2063 ac
1307 2010 1354 2063 si
1382 2010 1627 2066 dicerent
1659 2030 1672 2066 :
1699 2010 1871 2068 Deum
1913 2013 2208 2083 aliquando

632 2093 864 2152 [latione
883 2105 938 2152 et
963 2094 1239 2168 Sapientia
1269 2100 1534 2156 caruisse.
1567 2099 1671 2168 Qui
1704 2103 1833 2158 item
1856 2102 1994 2157 verti
2028 2110 2206 2156 muta-

627 2188 744 2244 rive
771 2196 969 2260 potest,
1000 2190 1093 2259 qui
1116 2191 1191 2244 ait
1217 2206 1313 2261 per
1339 2206 1398 2247 se
1428 2193 1646 2262 quidem
1673 2194 1790 2264 ipse
1819 2212 1833 2249 :
1869 2192 1980 2266 Ego
2009 2197 2066 2250 in
2094 2194 2196 2250 Pa-

633 2286 732 2344 tre,
766 2289 817 2332 et
853 2278 1016 2334 Pater
1041 2281 1094 2334 in
1125 2297 1206 2335 me
1240 2283 1323 2346 “;
1362 2291 1435 2350 et,
1479 2281 1592 2354 Ego
1623 2293 1676 2338 et
1711 2284 1877 2340 Pater
1914 2303 2077 2341 unum
2118 2304 2208 2341 eu-

634 2388 752 2427 mue
772 2371 818 2403 ⁵⁷
843 2388 862 2427 :
893 2388 991 2443 per
1035 2373 1354 2443 prophetam
1392 2390 1522 2430 vero
1552 2392 1565 2428 :
1610 2375 1790 2432 Videte
1818 2369 1918 2445 me,
1960 2380 2084 2449 quia
2115 2397 2209 2451 ego

630 2481 769 2528 sum,
793 2471 842 2518 et
890 2481 994 2518 non
1025 2475 1199 2520 mutor
1215 2467 1304 2522 ⁸⁸2
1329 2465 1462 2521 Nam
1499 2469 1713 2526 etiamsi
1760 2469 1828 2526 ad
1873 2467 2089 2528 Patrem
2128 2472 2211 2527 di-

635 2563 782 2610 ctum
835 2555 968 2611 illud
1024 2557 1216 2612 referri
1269 2567 1454 2629 queat,
1491 2561 1672 2630 aptius
1721 2569 1906 2618 tamen
1954 2563 2022 2619 de
2070 2561 2210 2618 Filio

628 2646 742 2717 jam
765 2645 990 2712 dicitur,
1017 2650 1144 2718 quia
1177 2664 1300 2704 cum
1335 2649 1514 2707 factus
1546 2652 1708 2708 homo
1743 2655 1835 2715 sit,
1867 2668 2209 2724 nequaquam

635 2743 880 2793 mutatus
913 2746 1030 2806 est;
1073 2741 1189 2803 scd,
1232 2749 1292 2795 ut
1333 2743 1408 2796 ait
1437 2743 1733 2815 Apostolus
1749 2747 1833 2799 “:
1870 2743 2026 2800 Iesus
2058 2746 2212 2801 Chri-

635 2839 750 2884 stus
789 2830 900 2885 heri
942 2841 992 2886 et
1023 2832 1194 2898 hodie,
1228 2835 1338 2902 ipse
1379 2844 1430 2889 et
1468 2837 1522 2890 in
1553 2837 1774 2893 saecula.
1823 2837 1957 2903 Quis
2001 2838 2213 2893 induxit

637 2918 761 2975 illos
783 2920 1122 2988 utdicerent,
1151 2933 1376 2994 propter
1397 2940 1500 2979 nos
1527 2926 1679 2981 illum
1700 2926 1904 2981 factum
1924 2944 2065 2992 esse,
2088 2929 2215 2984 licet

639 3009 844 3068 Paulus
870 3011 1023 3096 dicat
1043 3015 1089 3047 "
1127 3034 1141 3071 :
1175 3015 1400 3086 Propter
1439 3035 1590 3086 quem
1637 3020 1835 3088 omnia,
1865 3029 1914 3076 et
1944 3037 2035 3090 per
2064 3037 2214 3092 quem

640 3102 820 3157 omnia
835 3104 862 3158 ?

2306 1908 2441 1961 Θεοῦ
2488 1910 2517 1962 6
2575 1909 2721 1974 Υἱὸς,
2741 1902 2812 1978 ἦν
2832 1925 2963 1963 ποτε
3010 1911 3100 1964 ὅτε
3132 1912 3232 1964 οὐκ
3281 1907 3377 1983 ipa;
3423 1907 3571 1966 Ἴσον
3601 1913 3713 1983 γάρ
3743 1913 3900 1965 ἐστιν

2307 2002 2505 2065 αὐτοὺς
2533 2001 2710 2071 λέγειν
2735 2003 2926 2072 ἄλογον
2949 2005 3041 2057 καὶ
3064 2005 3262 2072 άσοφόν
3290 2021 3418 2058 ποτε
3446 2004 3536 2058 τὸν
3569 2004 3705 2059 Θεόν
3724 2021 3740 2035 °
3775 2005 3900 2068 πῶς

2307 2093 2364 2146 δὲ
2400 2093 2631 2165 τρεπτὺς
2688 2095 2780 2147 καὶ
2828 2095 3115 2159 ἁλλοιωτδς
3150 2096 3179 2147 6
3210 2095 3405 2164 λέγων,
3446 2095 3513 2149 δι’
3545 2095 3741 2149 ἑαυτοῦ
3769 2096 3897 2170 μὲν,

2323 2182 2468 2253 Ἐγὼ
2492 2183 2562 2238 ὲν
2589 2182 2668 2249 τῷ
2689 2185 2892 2254 Πατρὶ,
2918 2187 3014 2239 καὶ
3043 2190 3077 2240 ὁ
3097 2186 3297 2255 Πατὴρ
3322 2186 3392 2240 ἐν
3412 2188 3559 2258 ἐμοί·
3608 2186 3722 2240 καί·
3745 2185 3903 2256 Ἐγὼ

2311 2279 2406 2333 καί
2441 2281 2474 2332 ό
2499 2279 2702 2348 Πατὴρ
2723 2280 2791 2334 ἓν
2814 2280 3018 2349 ἐσμεν·
3043 2279 3132 2333 διὰ
3157 2280 3215 2332 δὲ
3246 2278 3341 2332 τοῦ
3379 2281 3682 2350 προφήτου·
3712 2279 3904 2334 ἰδετὲ

2305 2385 2402 2437 με,
2441 2368 2531 2421 ὅτι
2577 2370 2692 2439 ἐγώ
2733 2372 2870 2440 εἰμι,
2903 2370 3002 2424 καί
3027 2372 3141 2424 οὐκ
3170 2370 3522 2438 ﬁliole-mat;
3550 2363 3616 2422 Ei
3653 2368 3771 2440 γὰρ
3803 2370 3902 2423 καὶ

2311 2464 2399 2518 ἐπ’
2439 2464 2600 2517 αὐτόν
2627 2479 2710 2525 τις
2756 2463 2848 2516 τὸν
2877 2463 3095 2534 Πατέρα
3117 2462 3337 2516 δύναται
3360 2461 3418 2514 τὸ
3469 2461 3631 2531 ῥητὸν
3683 2461 3902 2530 ἀναφέ-

2313 2569 2448 2627 ρειν*
2492 2551 2628 2604 ἀλλὰ
2659 2551 3058 2624 ἁρμοδιώτερον
3101 2550 3168 2604 ἂν
3198 2550 3281 2620 εἴη
3309 2552 3436 2623 περὶ
3463 2549 3555 2603 τοῦ
3588 2549 3769 2618 Λόγου
3804 2549 3902 2603 νῦν

2311 2647 2621 2717 λεγόμενον,
2651 2646 2733 2699 ὅτι
2769 2645 2864 2697 καὶ
2895 2645 3187 2714 γενόμενος
3228 2644 3514 2716 ἄνθρωπος
3536 2645 3640 2696 οὒκ
3663 2643 3903 2712 ἠλλοίω-

2313 2757 2423 2796 ται*
2458 2740 2572 2793 ἀλλ’
2608 2739 2684 2802 ὼς
2717 2734 2868 2791 εἶπεν
2897 2741 2926 2792 6
2966 2737 3290 2797 Ἀπόστολος
3362 2735 3600 2803 Ἰησοῦς
3636 2734 3901 2803 Χριστὸς

2315 2833 2458 2903 χθὲς
2487 2833 2585 2884 καὶ
2617 2829 2904 2898 σήμερον.
2935 2832 2968 2883 ό
2999 2830 3183 2894 αὐτὸς
3221 2827 3318 2881 καί
3363 2829 3448 2892 εἷς
3481 2826 3623 2893 τοὺς
3649 2825 3897 2891 altis-ag"

2315 2923 2400 2988 τίς
2425 2924 2482 2977 δὲ
2513 2922 2623 2994 (65)
2655 2922 2761 2993 ἄρα
2810 2921 2983 2974 εἰπεῖν
3014 2920 3207 2983 αὐτοὺς
3242 2919 3475 2982 ἔπεισεν,
3503 2918 3584 2970 ὅτι
3631 2917 3700 2969 δι’
3744 2918 3901 2988 ἡμᾶς

2317 3017 2531 3084 γέγονε,
2582 3014 2755 3067 καίτοι
2797 3012 2892 3067 τοῦ
2934 3011 3146 3066 Παύλου
3192 3011 3512 3081 γράφοντος·
3568 3009 3648 3062 Δι’
3693 3007 3771 3062 ὃν
3831 3007 3902 3062 τὰ

2318 3107 2534 3173 πάντα,
2569 3109 2667 3162 καὶ
2698 3107 2771 3161 δι’
2794 3102 2865 3163 οὗ
2905 3106 2976 3160 τὰ
3014 3105 3242 3169 mina;

711 3192 778 3249 V.
813 3193 972 3261 Quod
1024 3205 1235 3268 spectat
1276 3207 1457 3254 autem
1513 3201 1661 3256 illam
1712 3217 1905 3258 eorum
1954 3204 2209 3277 blasphe-

2390 3201 2448 3254 V.
2499 3202 2635 3273 Περὶ
2688 3198 2796 3272 γὰρ
2836 3198 2930 3251 τοῦ
2962 3197 3321 3269 βλασφημεῖν,
3369 3197 3575 3250 ὅτιούκ
3615 3194 3763 3250 οἶδεν
3807 3214 3900 3249 τε-

639 3284 806 3338 miam
846 3300 955 3355 qua
992 3286 1169 3352 aiunt,
1224 3287 1421 3343 Filium
1453 3303 1562 3344 non
1618 3306 1785 3348 nosse
1840 3294 2082 3364 perfecte
2111 3294 2213 3348 Pa-

638 3379 807 3442 trem;
860 3389 1203 3445 nequaquam
1250 3378 1561 3434 mirandum
1596 3395 1763 3435 :cum
1803 3383 1949 3436 enim
2005 3383 2063 3437 in
2094 3384 2214 3438 ani-

640 3479 790 3520 mum
820 3465 1133 3522 induxerint
1161 3467 1382 3524 Christo
1410 3469 1610 3525 bellum
1640 3471 1865 3537 inferre,
1899 3484 2215 3544 oppugnant

643 3557 774 3612 item
792 3556 909 3612 haec
935 3557 1080 3614 illius
1108 3560 1271 3615 verba
1305 3576 1318 3612 :
1351 3560 1505 3615 Sicut
1538 3565 1678 3617 novit
1719 3580 1798 3618 me
1829 3563 2013 3631 Pater,
2037 3576 2088 3620 et
2121 3583 2213 3635 ego

642 3663 868 3716 agnosco
898 3647 1117 3705 Patrem
1144 3652 1212 3706 ⁸¹.
1241 3650 1475 3709 Proinde
1504 3654 1551 3708 si
1589 3671 1655 3709 ex
1689 3663 1846 3726 parte
1889 3664 2098 3710 tantum
2127 3655 2217 3710 Fi-

643 3740 779 3795 lium
813 3743 965 3797 novit
993 3742 1174 3809 Pater,
1221 3752 1442 3800 constat
1475 3744 1674 3799 Filium
1707 3762 1817 3801 non
1852 3746 2092 3817 perfecte
2119 3763 2215 3803 co-

646 3848 911 3904 gnoscere
937 3831 1175 3890 Patrem.
1202 3833 1360 3901 Quod
1405 3837 1452 3892 si
1483 3837 1638 3892 nefas
1666 3839 1735 3892 sit
1764 3838 1839 3893 ita
1884 3839 2055 3910 loqui,
2087 3849 2143 3894 et
2169 3841 2215 3895 si

646 3922 808 3980 Pater
834 3925 1074 3994 perfecte
1121 3926 1273 3980 novit
1301 3925 1529 3996 Filium;
1563 3930 1786 3999 planum
1817 3937 1902 3986 est
1941 3931 2086 3986 sicut
2113 3931 2216 3985 Pa-

646 4022 734 4070 ter
778 4015 1015 4072 Verbum
1060 4019 1211 4073 novit
1268 4034 1450 4084 suum,
1503 4020 1728 4089 perinde
1755 4020 2017 4090 Verbum,
2057 4040 2216 4080 suum

649 4119 813 4161 nosse
831 4104 1069 4172 Patrem,
1095 4107 1254 4177 cujus
1283 4109 1460 4178 ipsum
1488 4108 1724 4165 Verbum
1753 4119 1857 4167 est.

721 4195 807 4250 Vl.
846 4195 972 4253 Haec
1007 4198 1261 4264 dicendo,
1303 4206 1468 4271 atque
1513 4201 1726 4258 divinas
1761 4201 2080 4274 Scripturas
2122 4222 2220 4261 ex-

650 4288 955 4358 planando,
1016 4305 1388 4360 saepenumero
1440 4291 1563 4348 illos
1611 4293 1964 4351 convicimus.
2014 4295 2218 4353 Verum

649 4381 928 4452 illi,quasi
957 4382 1397 4449 cbammleontes,
1431 4393 1637 4440 mutata
1663 4387 1893 4443 subinde
1923 4391 2215 4458 sententia,

650 4472 859 4530 dictum
892 4475 1023 4529 illud
1056 4475 1158 4530 sibi
1205 4475 1485 4532 vindicare
1539 4479 1788 4534 nituntur
1819 4501 1831 4536 :
1867 4482 2071 4552 Impius
2101 4501 2219 4540 cum

2319 3289 2476 3353 λείως
2505 3291 2535 3342 6
2577 3288 2703 3353 Υἱὸς
2750 3289 2842 3341 τὸν
2885 3288 3124 3359 Πατέρα,
3172 3289 3232 3340 ού
3253 3287 3332 3340 δεῖ
3374 3286 3694 3358 θαυμάζειν·
3747 3287 3902 3351 imi

2318 3383 2426 3453 γὰρ
2452 3381 2773 3454 προθέμενοι
2789 3381 3193 3453 χριστομαχεῖν,
3217 3379 3655 3451 παρακρούονται
3680 3380 3901 3441 καὶτὰς

2319 3473 2499 3543 φωνὰς
2520 3471 2683 3526 αὐτοῦ
2703 3471 2966 3539 λέγοντος⁹
2993 3470 3194 3537 Καθὼς
3217 3469 3491 3540 γινώσκει
3500 3488 3578 3539 με
3601 3475 3635 3525 d
3665 3471 3899 3540 Πατὴρ,

2318 3564 2481 3636 κάγὼ
2511 3563 2781 3635 γινώσκω
2804 3563 2913 3617 τὸν
2937 3562 3182 3631 Πατέρα.
3216 3564 3278 3617 Εἰ
3315 3564 3413 3634 μὲν
3434 3560 3524 3618 οὖν
3545 3567 3609 3617 ὲκ
3642 3564 3850 3635 μέρους
3870 3567 3900 3618 6

2319 3657 2510 3731 Πατὴρ
2554 3657 2810 3726 γινώσκει
2853 3655 2944 3708 τὸν
2989 3654 3136 3720 Υίδν,
3174 3656 3330 3724 δῆλον
3361 3657 3442 3708 ὅτι
3474 3658 3565 3709 καὶ
3589 3659 3618 3709 6
3654 3656 3789 3720 Υίδς
3825 3655 3900 3726 μὴ

2318 3748 2537 3813 τελείως
2556 3748 2868 3817 γινωσκέτω
2888 3745 2997 3818 (66)
3013 3747 3103 3800 τὸν
3121 3747 3364 3820 Πατέρα,
3382 3748 3443 3801 Εἰ
3457 3747 3512 3800 δὲ
3534 3746 3695 3800 τοῦτο
3717 3746 3898 3816 λέγειν

2319 3841 2380 3894 οὐ
2414 3841 2592 3911 θέμις,
2637 3837 2744 3895 οἵδε
2791 3840 2849 3894 δὲ
2884 3839 3104 3904 τελείως
3129 3840 3157 3892 6
3196 3839 3386 3911 Πατὴρ
3416 3840 3507 3893 τὸν
3541 3840 3690 3902 Υίὸν,
3736 3840 3899 3911 δῆλον

2320 3933 2400 3985 ὅτι
2424 3931 2607 3997 καθὼς
2630 3931 2886 4001 γινώσκει
2909 3936 2936 3988 6
2965 3933 3153 4004 Πατὴρ
3172 3932 3264 3986 τὸν
3288 3931 3476 3985 ἑαυτοῦ
3500 3933 3694 4001 Λόγον,
3724 3933 3896 3998 οὕτως

2324 4023 2419 4077 καὶ
2445 4025 2474 4077 6
2499 4024 2671 4093 Λόγος
2691 4023 2949 4093 γινώσκει
2974 4024 3064 4079 τὸν
3087 4023 3282 4078 ἑαυτοῦ
3310 4024 3550 4097 Πατέρα,
3579 4017 3642 4078 οὗ
3666 4026 3761 4078 καί
3782 4027 3900 4079 ὲστι

2322 4116 2511 4187 Λόγος.

2395 4206 2483 4262 Vl.
2519 4205 2702 4260 Ταῦτα
2722 4205 2974 4275 λέγοντες
3002 4205 3096 4259 καὶ
3123 4203 3560 4268 ἀναπτύσσοντες
3600 4205 3704 4270 τὰς
3745 4205 3891 4268 θείας

2323 4298 2546 4370 Γραφὰς
2572 4297 2832 4360 πολλάκις
2853 4295 3217 4368 ὲνετρέψαμεν
3248 4293 3462 4358 αὐτούς.
3495 4295 3605 4348 Καὶ
3631 4294 3797 4348 πάλιν
3823 4295 3894 4352 ὡς

2324 4391 2708 4464 χαμαιλέοντες
2764 4390 3140 4463 μετεϐάλοντο,
3193 4386 3620 4459 φιλονεικοῦντες
3669 4385 3897 4446 ἑαυτοὺς

2325 4484 2617 4556 ὲφελκύσαι
2644 4484 2703 4538 τὸ
2730 4483 3132 4556 γεγραμμένον
3193 4481 3314 4534 Ὅτ’
3369 4478 3446 4532 ἂν
3477 4479 3622 4545 ἔλθῃ
3665 4476 3887 4544 ἀσεϐὴς

651 4566 707 4619 in
763 4567 1082 4635 profundum
1138 4568 1364 4635 venerit,
1413 4573 1692 4626 contemnit
1721 4575 1787 4626 ".
1845 4577 2029 4631 Multae
2083 4593 2209 4635 sane

2318 4579 2405 4643 είς
2427 4574 2618 4640 βάθος
2647 4573 2867 4639 κακῶν,
2897 4566 3265 4641 καταφρόνεῐ.
3298 4569 3492 4622 Πολλαὶ
3507 4566 3634 4635 γοῦν
3652 4567 3894 4637 αἱρέσεις

654 4665 780 4713 ante
808 4659 931 4714 illos
960 4660 1221 4715 exstitere
1269 4661 1526 4729 haereses,
1559 4680 1698 4733 quae,
1734 4667 1858 4735 plus
1908 4683 2072 4738 quam
2120 4685 2209 4741 par

2320 4666 2426 4736 πρὸ
2493 4664 2669 4719 αὐτῶν
2713 4663 3017 4732 γεγόνασιν,
3053 4663 3254 4723 αἵτινες
3309 4658 3468 4712 πλέον
3528 4654 3620 4710 τοῦ
3682 4656 3892 4717 δέοντος

653 4756 795 4814 erat,
831 4763 998 4817 ausae,
1030 4751 1086 4804 in
1119 4751 1444 4808 dementiam
1474 4754 1729 4824 collapsa:
1765 4766 1910 4812 sunt.
1942 4757 2010 4813 At
2040 4761 2096 4815 hi
2123 4761 2209 4831 qui

2320 4760 2675 4830 τολμήσασαι,
2705 4754 3056 4810 πεπτώκασιν
3079 4756 3157 4815 είς
3180 4750 3510 4822 ἀφροσύνην,
3542 4741 3697 4802 οὗτοι
3722 4746 3785 4800 δὲ
3807 4747 3884 4798 διὸ

652 4841 866 4896 voculis
897 4841 1013 4898 suis
1044 4845 1301 4902 omnibus
1353 4846 1407 4900 id
1437 4847 1757 4913 moliuntur,
1795 4858 1854 4904 ut
1885 4849 2047 4906 Verbi
2081 4852 2209 4907 divi-

2322 4851 2542 4904 πάντων
2589 4847 2798 4902 ἑαυτῶν
2849 4845 2958 4899 τῶν
3006 4843 3289 4915 ῥηματίων
3331 4839 3780 4910 ἐπιχειρήσαντες
3813 4837 3889 4890 εἰς

658 4934 880 4989 nitatem
923 4935 1138 5002 tollant,
1171 4938 1226 4993 id
1257 4939 1504 5005 effecere,
1537 4946 1598 4996 ut
1626 4942 2029 5015 quodammodo
2058 4946 2209 5014 iusta

2323 4942 2606 5014 άναίρησιν
2641 4939 2760 5011 (67)
2792 4939 2891 5010 τῆς
2910 4935 3004 5015 τοῦ
3037 4933 3213 5002 Λόγου
3262 4931 3532 5002 θεότητος,
3566 4926 3888 4982 ἐδικαίωσαν

657 5025 972 5084 viderentur
1005 5028 1129 5094 illae,
1163 5045 1286 5086 cum
1318 5032 1543 5102 pr0pius
1576 5031 1683 5102 ipsi
1721 5035 1790 5088 ad
1817 5033 2209 5092 Antichristum

2323 5038 2382 5102 ἐξ
2398 5035 2604 5090 ἑαυτῶν
2623 5034 2835 5096 ὲκείνας
2862 5031 2939 5094 ὡς
2967 5027 3252 5098 ὲγγύτεροι
3278 5023 3370 5078 τοῦ
3403 5020 3773 5093 Ἀντιχρίστου
3798 5033 3878 5086 γε-

3421 5184 3468 5217 ⁸⁸
3498 5183 3657 5240 Joan.
3681 5197 3799 5244 xw,
3830 5179 3878 5234 9.

778 5184 821 5216 “
846 5184 1008 5240 Joan.
1043 5201 1084 5250 ι,
1123 5187 1173 5243 1.
1269 5188 1314 5218 ⁸³
1343 5185 1504 5245 Joan.
1532 5204 1586 5257 ι,
1627 5187 1715 5253 18,
1743 5187 1801 5246 5.
1883 5195 1930 5227 ⁸³
1958 5194 2110 5251 Psai.
2147 5213 2209 5250 χι.

778 5255 871 5310 rid.
905 5258 990 5311 10.
1094 5256 1138 5289 ⁸⁷
1169 5256 1332 5314 Joan.
1361 5275 1394 5312 ι
1415 5298 1429 5320 ,
1461 5260 1552 5316 50.
1657 5267 1701 5292 ⁵⁸
1732 5262 1968 5320 ΜαίασΙι.
2008 5282 2091 5320 ιιι.
2124 5267 2176 5320 6.

2327 5196 2378 5251 1.
2486 5194 2532 5227 ⁸⁵
2563 5193 2717 5248 Ptal.
2749 5207 2871 5258 Clx,
2911 5189 2978 5254 '5;
3011 5187 3170 5244 Hebr.
3193 5202 3234 5253 ι,
3259 5185 3312 5239 3.
3421 5184 3468 5217 "
3498 5184 3657 5240 Joan.
3681 5197 3799 5244 xtv,
3830 5184 3876 5234 9.

2312 5269 2328 5299 ³
2364 5265 2527 5319 Hebr.
2561 5281 2681 5320 xm.
2715 5264 2767 5319 8.
2874 5262 2920 5294 ⁸³
2948 5259 3114 5315 Hebr.
3149 5272 3208 5320 ιι,
3245 5256 3332 5311 10.
3435 5257 3479 5288 ⁸⁸
3508 5257 3668 5311 Joan.
3704 5268 3760 5320 x,
3795 5250 3876 5303 15.

742 5254 871 5330 ibid,
905 5258 990 5311 ιο.
1094 5256 1138 5330 ‘1
1169 5256 1332 5314 Joan.
1361 5275 1429 5323 ι,
1461 5253 1582 5316 5οξ
1657 5267 1701 5292 ⁵⁸
1732 5262 1968 5320 ΜαίασΙι.
2008 5282 2091 5330 ιιι,
2124 5267 2176 5321 6.

660 5324 708 5355 ⁸⁸
732 5323 892 5381 Prov.
922 5341 1080 5391 xvul,
1103 5327 1156 5381 5.

2486 5194 2532 5227 ⁸⁵
2563 5193 2717 5248 Ptal.
2749 5207 2871 5258 Clx,
2911 5189 2978 5254 '5;
3011 5187 3170 5244 Hebr.
3193 5202 3234 5253 ι,
3258 5185 3312 5258 ἦ.

2285 5267 2328 5299 δ’
2364 5265 2527 5319 Hebr.
2561 5281 2681 5331 xm,
2715 5264 2767 5319 8.
2857 5256 2920 5294 ⁷⁸³
2948 5259 3114 5315 Hebr.
3149 5272 3208 5322 ιι,
3245 5256 3332 5311 10.

733 5465 847 5539 (βὸ)
884 5464 1100 5539 §ocrat.
1126 5474 1261 5539 post
1291 5467 1611 5539 ποιημάτων
1641 5467 1803 5539 habet
1832 5469 1861 5520 6
1897 5468 2044 5530 Υιός.
2075 5467 2209 5521 ideni

2404 5464 2516 5535 (65)
2556 5461 2714 5517 Socr.
2744 5471 2797 5517 et
2834 5463 3038 5529 Gelas.,
3091 5463 3144 5516 τί
3176 5462 3254 5520 δέ.
3285 5462 3483 5535 Epiph.
3525 5459 3736 5527 δάιοι..
3769 5477 3870 5531 qua

660 5534 963 5600 ἰδῖῧ.,’πῶς
997 5537 1053 5589 δὲ
1079 5534 1298 5590 δύναται
1327 5534 1444 5601 ἶσος
1478 5535 1636 5599 εἶναι,
1669 5538 1849 5591 minus
1881 5547 2048 5593 recte.

2333 5534 2497 5588 causa
2529 5543 2706 5604 putas,
2740 5544 2845 5588 etc.

735 5607 846 5679 (δι)
879 5605 1023 5679 Haec,
1043 5610 1198 5677 εἴπερ
1221 5611 1312 5679 καὶ
1335 5609 1494 5672 αὐτὸς
1519 5608 1722 5679 κτίσμα
1743 5607 1856 5660 ἐστὶ
1872 5610 1967 5679 καὶ
1989 5608 2209 5678 ποίημα,

2402 5602 2774 5679 (ti_6)‘§ocrat.
2804 5614 2856 5679 et
2887 5603 3095 5679 fidas,
3118 5604 3394 5679 γινώσκει.

663 5671 860 5757 βοά-ιιιιῖ
908 5678 960 5757 i_n
991 5671 1228 5757 Socrai.,
1267 5677 1445 5735 Gelas.
1478 5671 1539 5735 et
1580 5671 1844 5750 Epiphan.
1877 5671 2209 5747 Schol.,'sed

2389 5671 2510 5757 567.)
2550 5671 2729 5757 Socr,
2776 5675 2950 5728 αὐτῶν
2982 5676 3087 5730 τῶν
3131 5671 3394 5748 ’ῥημάτων
3441 5672 3870 5746 ἐπιχειρήσαντες

665 5749 721 5804 in
750 5745 880 5820 Reg.
916 5747 1184 5816 leguntur.
1624 5745 1641 5750 ⁷
1681 5745 1699 5750 ”
2074 5745 2080 5747 “

2333 5750 2437 5810 ταῖς
2473 5745 2796 5814 ἀναιρέσεσι.
