4036 6320
152 393 254 453 ππ

1535 385 1920 445 ΕΗΒΤΟΙμΕ.

3278 398 3383 455 578

141 518 372 589 δόμεναι.
392 513 483 570 Atii
509 513 605 568 καὶ
620 509 1081 583 ἀνεκηρύχθησαν
1106 507 1198 564 καὶ
1219 507 1711 579 ἀνεθεματίσθησαν

1820 507 2101 565 accedant.
2160 504 2523 575 Quamobrem
2584 512 2875 583 proscripti
2922 520 2977 570 et
3040 514 3386 577 anathemate

131 612 245 667 ἀπὸ
275 611 375 682 τῆς
417 605 764 678 Ἐκιιλησίας.
801 602 1127 673 Δυπούμεθα
1152 606 1248 674 μὲν
1272 598 1365 657 οὖν
1389 604 1482 655 ἐπὶ
1510 604 1576 675 τῇ
1608 603 1709 655 ἀπ-

136 703 309 775 ωλείᾳ.
347 699 571 755 τούτων’
607 697 704 751 καὶ
734 694 967 767 μάλιστα
996 695 1078 748 δτι
1127 695 1387 765 μαθόντες
1443 696 1573 748 ποτὲ
1616 698 1710 752 καὶ

136 793 295 846 αὐτοὶ
327 788 397 843 τὰ
423 789 527 857 τῆς
565 780 909 855 Ἑκκλησίας,
939 781 1035 837 νῦν
1067 782 1443 853 ἀιιιιεπήδησαν⁹
1475 782 1535 835 οὐ
1568 781 1707 847 ξενι-

137 881 348 953 ζόμεθα
377 880 454 933 δέ*
487 876 646 930 τοῦτο
681 875 789 947 γάρ
848 876 942 929 καὶ
1010 875 1293 945 Ὑμεναϊος
1337 874 1433 927 καὶ
1485 874 1707 946 Φιλητὸς

137 972 462 1034 πεπόνθασι,
497 970 591 1024 καὶ
623 970 729 1042 πρὸ
760 968 937 1023 αὐτῶν
964 968 1163 1032 ’ῐούδας
1179 970 1209 1023 ὁ
1236 968 1607 1040 ἀκολουθήσας
1633 969 1711 1040 τῷ

135 1065 374 1135 Σωτῆρι,
399 1061 624 1133 ὕστερον
638 1060 744 1133 γὰρ
770 1060 1033 1131 προδότης
1048 1060 1139 1113 καὶ
1164 1057 1475 1129 ἀποστάτης
1500 1058 1706 1127 γέγονε.

134 1157 250 1210 Erat
287 1156 418 1226 περὶ
450 1153 653 1208 τούτων
677 1155 735 1208 δὲ
762 1152 961 1218 αὐτῶν,
995 1154 1095 1207 οὐκ
1123 1151 1397 1206 ἀδίδακτοι
1428 1153 1710 1223 μεμνήκα-

135 1262 261 1317 μιν·
302 1245 418 1300 ἀλλ’
446 1248 475 1299 ὀ
507 1246 603 1316 μὲν
630 1244 834 1317 Κύριος
860 1244 1173 1315 προείρηκε’
1218 1242 1479 1297 Βλέπετε
1505 1242 1589 1311 μή
1618 1259 1710 1309 τις

135 1335 638 1410 ὑμᾶςίκλανήσῃ·
694 1337 910 1391 πολλοὶ
943 1336 1053 1407 γὰρ
1080 1336 1433 1390 ἐλεύσονται
1488 1335 1585 1389 ἐπὶ
1628 1334 1711 1401 τῷ

120 1431 387 1505 ὀνόματί
406 1448 526 1499 μου
552 1430 851 1499 λέγοντες,
882 1430 971 1483 ὅτι
999 1429 1111 1498 ἐγώ
1140 1430 1279 1497 ειμι,
1313 1428 1410 1482 καί
1440 1430 1473 1481 ὀ
1504 1426 1710 1496 καιρὸς

134 1523 365 1594 ῆπικε,
400 1526 503 1579 καὶ
533 1524 802 1589 πολλοὺς
828 1521 1213 1588 πλανήσουσι
1232 1538 1249 1571 έ
1264 1520 1351 1590 μὴ
1382 1519 1709 1588 πορευθῆτε

133 1615 333 1668 ὀπίσω
350 1614 568 1670 αὐτῶν.
612 1614 670 1668 '0
699 1605 758 1666 δὲ
791 1610 1000 1674 Παῦλος
1027 1608 1213 1679 μαθὼν
1239 1608 1411 1663 ταῦτα
1440 1608 1589 1680 παρά
1612 1606 1705 1660 τοῦ

133 1704 389 1777 Σωτῆρος
425 1703 677 1774 ἔγραψεν·
712 1703 841 1756 Ὅτι
875 1701 944 1755 ἐν
972 1699 1247 1768 ὑστέροις
1287 1696 1511 1768 καιροῖς
1550 1694 1662 1767 (68)
1690 1735 1707 1761 ,

132 1796 595 1864 ἀποστήσονταί
640 1811 801 1860 τινες
822 1792 931 1862 τῆς
978 1792 1371 1863 ὑγιαινούσης
1423 1791 1701 1854 πίστεως,

134 1887 546 1956 προσέχοντες
564 1886 861 1955 πνεύμασι
882 1882 1152 1949 πλανοῒς,
1169 1882 1264 1935 καί
1298 1881 1710 1949 διδασκαλίοις
1742 1864 1783 1918 θ

131 1976 460 2047 δαιμονίων
487 1975 1027 2046 ἀποστρεφομένων
1049 1973 1161 2043 τὴν
1189 1972 1497 2040 ἀλήθειαν.

204 2069 321 2129 γιι.
354 2069 462 2126 Τοῦ
496 2070 673 2125 τοίνυν
700 2068 906 2141 Κυρίου
939 2068 1033 2123 καὶ
1062 2067 1311 2139 Σωτῆρος
1333 2066 1490 2138 ἡμῶν
1533 2064 1710 2137 Ἰησοῦ

133 2159 399 2234 Χριστοῦ,
433 2160 522 2213 διά
546 2176 604 2213 τε
635 2157 823 2213 ἑαυτοῦ
854 2155 1337 2231 παραγγείλαντος,
1371 2156 1466 2209 καὶ
1494 2154 1581 2208 διὰ
1618 2152 1711 2207 τοῦ

148 2252 473 2306 ’Δποστόλου
506 2251 858 2322 σημαίνοντος
889 2248 1019 2321 περὶ
1053 2247 1161 2301 τῶν
1182 2246 1456 2312 τοιούτων,
1489 2244 1714 2300 ἀκολού-

132 2344 244 2409 θως
279 2347 447 2416 ἡμεῖς
482 2345 735 2415 αὐτήκοοι
756 2343 857 2412 τῆς
907 2340 1155 2407 ἀσεϐείας
1200 2340 1380 2395 αὐτῶν
1409 2338 1711 2409 γενόμενοι,

134 2436 629 2508 ἀνεθεματίσαμεν,
664 2434 806 2489 καθά
836 2434 1187 2505 προείπομεν,
1230 2433 1356 2494 τοὺς
1419 2429 1711 2495 τοιούτους,

132 2526 516 2594 ἀποδείξαντες
567 2544 627 2580 τε
684 2526 877 2589 αὐτοὺς
920 2524 1228 2597 ἀλλοτρίους
1276 2522 1375 2594 τῆς
1420 2520 1713 2590 καθολικῆς

146 2618 479 2689 Ἑκκλησίας
534 2634 593 2670 τε
638 2616 730 2670 καὶ
770 2617 1036 2679 πίστεως”
1091 2611 1439 2685 ἐδηλώσαμεν
1494 2610 1587 2664 καὶ
1644 2609 1712 2679 τῇ

136 2708 383 2779 ὑμετέρᾳ
433 2705 744 2778 θεοσεϐείᾳ,
797 2704 1067 2776 ἀγαπητοὶ
1102 2702 1196 2757 καὶ
1225 2699 1545 2772 τιμιώτατοι
1587 2698 1713 2752 συλ-

135 2800 458 2871 λειτουργοὶ,
511 2800 599 2853 ἵνα
650 2799 785 2869 μήτε
832 2797 985 2859 τινάς
1050 2795 1110 2861 ἐξ
1161 2792 1340 2847 αὐτῶν
1393 2794 1441 2846 εί
1501 2807 1711 2863 προπε-

133 2890 418 2945 τεύσαιντο
471 2890 605 2961 πρὸς
648 2890 790 2959 ὑμᾶς
838 2888 1031 2951 ἐλθεῖν,
1109 2884 1492 2956 προσδέξησθε,
1574 2884 1713 2954 μήτε

136 2982 386 3053 Εὐσεϐῐῳ
420 2982 452 3053 ἢ
482 2981 651 3053 ἑτέρῳ
668 2980 774 3034 τινὶ
798 2980 1062 3051 γράφοντι
1086 2977 1207 3049 περὶ
1230 2975 1407 3029 αὐτῶν
1436 2972 1709 3043 πεισθῆτε.

136 3076 347 3151 Πρέπει
389 3074 496 3145 γὰρ
539 3075 686 3147 ἡμᾶς
722 3072 833 3145 (69)
881 3069 1238 3143 Χριστιανοὺς
1275 3068 1460 3132 ὂντας,
1504 3066 1713 3128 πάντας

135 3171 264 3235 τοὺς
305 3168 449 3223 κατά
480 3166 716 3226 Χριστοῦ
750 3165 1007 3235 λέγοντάς
1033 3181 1091 3217 τε
1120 3162 1214 3216 καὶ
1247 3161 1597 3233 φρονοῦντας,
1635 3159 1712 3223 ὡς

136 3258 440 3329 θεομάχους
486 3257 580 3310 καὶ
611 3255 842 3327 φθορὲας
881 3254 989 3307 τῶν
1020 3253 1204 3324 ψυχῶν
1251 3248 1705 3321 ἀποστρέφεσθαι,

138 3351 231 3405 καὶ
264 3350 401 3422 μηδὲ
431 3349 531 3403 κᾶν
562 3350 787 3421 Χαίρειν
834 3352 945 3411 τοῖς
975 3346 1234 3409 τοιούτοις
1273 3346 1470 3415 λέγειν·
1511 3345 1597 3397 ἵνα
1633 3342 1705 3413 μή

138 3459 265 3496 ποτε
296 3442 392 3497 καὶ
414 3443 533 3505 ταῖς
582 3440 876 3512 ἁμαρτίαις
925 3437 1102 3493 αὐτῶν
1132 3435 1373 3489 κοινωνοὶ
1402 3432 1703 3505 γενώμεθα,

136 3530 212 3597 ὡς
235 3531 601 3605 παρήγγειλεν
633 3532 663 3585 ὁ
700 3530 966 3604 μακάριος
1029 3530 1299 3599 Ἰωάννης.
1365 3524 1704 3598 Προσείπατε

138 3627 262 3688 τοὺς
285 3624 414 3697 παρ’
434 3624 563 3695 ύμῖν
594 3622 872 3692 ἀδελφούς·
908 3622 1051 3692 ὑμᾶς
1077 3622 1125 3674 οἱ
1156 3620 1252 3672 σὺν
1287 3618 1409 3689 ἐμοὶ
1435 3632 1706 3689 προσαγο-

144 3715 412 3786 ρεύουσιν.

414 3827 864 3896 Ἀλεξανδρείας
892 3825 1275 3893 πρεσϐύτεροι
1299 3822 1351 3893 ('7
1356 3822 1433 3893 0).

204 3920 508 3985 Κόλλουθος
540 3920 908 3993 πρεσϐύτερος
952 3916 1237 3988 σύμψηφος
1284 3917 1399 3985 είμι
1447 3914 1557 3996 τοῖς
1616 3929 1707 3982 γε-

136 4016 496 4087 γραμμένοις,
524 4015 619 4067 καὶ
643 4016 709 4086 τῇ
744 4012 1055 4083 καθαιρέσει
1101 4009 1311 4080 Ἀρείου
1348 4007 1444 4062 καὶ
1472 4007 1581 4059 τῶν
1607 4008 1705 4060 σὺν

136 4106 283 4177 αὐτῷ
306 4107 713 4177 ἀσεϐησάντων.

145 4198 491 4269 Ἀλέξανδρος
514 4196 901 4270 πρεσϐύτερος,
923 4194 1140 4266 ὁμοίως.

133 4292 421 4364 Διόσκορος
451 4288 838 4363 πρεσϐύτερος,
866 4288 1084 4358 ὁμοίως.

131 4386 405 4451 Διονύσιος
436 4383 824 4457 πρεσϐύτερος,
850 4380 1071 4453 ὁμοίως.

131 4478 388 4542 Εὐσέϐιος
408 4476 796 4550 πρεσϐύτερος,
830 4473 1049 4547 ὁμοίως.

129 4570 475 4643 Ἀλέξανδρος
512 4570 901 4644 πρεσϐύτερος,
930 4564 1155 4637 ὁμοίως.

130 4662 400 4734 Νειλαρᾶς
428 4663 538 4735 (71)
571 4660 956 4735 πρεσϐύτερος,
990 4658 1210 4729 ὁμοίως.

130 4752 539 4825 Ἁρποκρατίων
567 4751 953 4824 πρεσϐύτερος,
982 4748 1202 4821 ὁμοίως.

129 4841 359 4911 ’Δγαθδς
388 4844 772 4915 πρεσϐύτερος.

129 4933 391 5002 Νεμέσιος
419 4934 804 5007 πρεσϐύτερος.

129 5021 331 5092 Λόγγος
361 5023 626 5095 πρεσϐύτε
635 5042 743 5095 ρος.

128 5108 378 5174 Σιλϐανὸς
404 5110 781 5182 πρεσϐύτερος.

128 5201 348 5274 Περώῦς
380 5202 493 5275 (72)
526 5205 911 5277 πρεσϐύτερος.

1814 600 2063 673 percussi
2097 610 2226 658 sunt
2256 601 2325 657 ab
2371 599 2635 658 Ecclesia.
2668 603 2735 658 Et
2762 605 3007 677 quidem,
3064 608 3283 664 tametsi
3316 610 3385 664 de

1812 693 2029 749 illorum
2062 692 2229 748 exitio
2279 690 2550 759 dolemus,
2584 708 2708 748 cum
2747 699 3050 765 praesertim
3084 698 3187 765 illi.
3232 708 3387 771 post-

1809 778 1974 854 quam
2002 784 2262 842 Ecclesiae
2309 783 2615 840 doctrinam
2644 786 2982 854 didicissent,
3033 789 3104 844 ab
3134 789 3229 844 illa
3267 789 3384 860 jam

1808 874 2171 944 desciverint;
2228 890 2572 947 nequaquam
2614 882 2795 933 tamen
2844 893 3170 951 magnopere
3214 882 3383 937 mira-

1810 982 1933 1021 mur
1965 985 1978 1021 :
2014 965 2069 1020 i'd
2101 967 2280 1037 ipsum
2316 967 2463 1023 enim
2504 965 2798 1039 Hymenaeo
2827 971 3051 1040 contigit
3092 978 3148 1027 et
3198 970 3383 1027 Phile-

1809 1062 1864 1109 to
1888 1055 1957 1122 ",
1987 1065 2041 1110 et
2070 1066 2195 1112 ante
2222 1057 2347 1113 illos
2388 1056 2562 1123 Iudae,
2590 1058 2687 1130 qui
2731 1074 2856 1114 cum
2911 1059 3246 1120 Salvatorem
3293 1080 3385 1120 se-

1808 1156 1969 1203 cutus
2009 1154 2177 1213 esset,
2222 1156 2411 1219 postea
2446 1149 2698 1221 proditor
2752 1151 2855 1207 fuit
2910 1160 3070 1225 atque
3111 1156 3382 1219 desertor.

1809 1235 1984 1293 Porro
2030 1239 2099 1294 de
2133 1239 2219 1295 his
2261 1241 2419 1310 ipsis,
2464 1256 2811 1316 nequaquam
2842 1242 3004 1301 nobis
3028 1247 3227 1315 praevia
3258 1262 3382 1303 mo-

1815 1330 1927 1385 nita
1961 1329 2214 1398 defuere;
2247 1332 2328 1387 sic
2353 1333 2497 1388 enim
2531 1334 2791 1404 praefatus
2819 1333 3086 1393 Dominus
3118 1345 3245 1393 est:
3283 1338 3380 1395 Vi-

1810 1427 1925 1482 dete
1966 1444 2029 1481 ne
2056 1428 2174 1497 quis
2214 1443 2301 1482 vos
2326 1427 2573 1494 seducat;
2610 1430 2771 1484 multi
2797 1431 2936 1485 enim
2962 1432 3165 1487 venient
3194 1434 3250 1487 in
3286 1450 3383 1489 no-

1811 1520 1948 1573 mine
1972 1536 2107 1583 meo,
2139 1520 2389 1583 dicentes,
2416 1521 2540 1590 quia
2561 1537 2652 1590 ego
2682 1537 2798 1575 sunt
2829 1538 2849 1575 :
2874 1532 2924 1577 et
2957 1532 3155 1593 tempus
3186 1540 3382 1594 appro—

1811 1612 2105 1682 pinquavit,
2145 1621 2196 1667 et
2223 1613 2417 1667 multos
2455 1612 2699 1668 (educent
2735 1628 2753 1666 :
2784 1610 2946 1671 nolite
2983 1632 3104 1686 ergo
3135 1618 3212 1673 ire
3256 1627 3379 1688 post

1809 1717 1896 1756 eos
1914 1702 1979 1756 “.
2014 1701 2219 1759 Paulus
2245 1711 2425 1759 autem
2456 1703 2571 1758 hac
2600 1718 2629 1757 a
2658 1702 2935 1761 Salvatore
2959 1706 3208 1771 edoctus,
3234 1706 3383 1763 scri-

1811 1794 1921 1865 psit
1958 1793 2140 1861 :Quia
2166 1796 2222 1849 in
2263 1796 2558 1851 novissimis
2600 1798 2917 1866 temporibus
2961 1798 3228 1853 discedent
3260 1800 3379 1869 qui-

1815 1883 1940 1936 dum
1966 1900 1999 1937 α
2020 1901 2155 1938 sana
2177 1884 2299 1953 ﬁde,
2320 1884 2640 1940 attendentes
2668 1886 2939 1955 spiritibus
2965 1888 3182 1953 erroris,
3215 1896 3266 1942 et
3290 1887 3383 1944 do-

1814 1977 1999 2030 ctrinis
2026 1976 2402 2031 dwmoniorum
2432 1980 2703 2032 veritatem
2731 1980 3085 2034 aversantium
3117 1980 3184 2033 ⁸⁸.

1884 2066 1996 2121 νιι.
2037 2067 2173 2123 Cum
2197 2069 2383 2139 itaque
2432 2070 2699 2126 Dominus
2722 2078 2778 2127 et
2805 2069 3057 2126 Salvator
3084 2078 3272 2125 noster
3290 2066 3382 2127 Je-

1814 2178 1910 2219 sus
1933 2162 2188 2219 Christus
2216 2179 2312 2235 per
2339 2179 2398 2220 se
2423 2164 2539 2233 ipse
2566 2164 2640 2218 ita
2669 2162 3008 2236 praceperit,
3039 2172 3093 2218 et
3115 2178 3214 2233 per
3234 2161 3383 2233 Apo-

1804 2248 2017 2309 ‘stolum
2036 2269 2124 2310 res
2146 2254 2301 2310 nobis
2330 2254 2639 2325 hujusmodi
2658 2254 3078 2327 signiﬁcaverit;
3103 2255 3228 2325 jure
3252 2269 3377 2321 nos,

1814 2348 1907 2418 qui
1936 2346 2269 2416 impietatem
2303 2346 2518 2401 illorum
2556 2346 2662 2417 ipsi
2691 2361 2875 2402 coram
2917 2345 3245 2411 audivimus,
3274 2346 3378 2402 hoe

1814 2439 2012 2503 mines,
2042 2438 2121 2494 uti
2152 2454 2315 2509 supra
2345 2438 2550 2493 dictum
2574 2446 2679 2505 est,
2724 2440 3063 2496 anathemate
3096 2441 3378 2497 damnavi-

1813 2544 1957 2593 mus,
1984 2528 2242 2599 ipsosque
2287 2544 2317 2583 a
2359 2528 2625 2583 catholica
2659 2528 2901 2585 Ecclesia
2934 2536 2988 2584 et
3020 2528 3123 2586 fide
3171 2532 3378 2587 alienos

1812 2621 2250 2677 declaravimus:
2286 2634 2532 2691 remque,
2579 2620 2891 2675 charissimi
2933 2628 3096 2692 atque
3146 2622 3377 2678 honora-

1811 2711 2012 2765 tissimi
2047 2711 2432 2775 comministri,
2470 2718 2666 2766 vestrm
2693 2710 2942 2781 religioni
2981 2711 3378 2782 indicavimus;

1813 2810 1873 2856 ut
1898 2818 1967 2858 ne
1993 2802 2259 2873 quosdam
2289 2818 2355 2858 ex
2385 2803 2516 2869 illis,
2552 2805 2595 2859 si
2630 2805 2937 2874 petulanter
2964 2820 3062 2860 vos
3087 2806 3236 2861 adire
3260 2806 3379 2864 ausi

1814 2895 2039 2963 fuerint,
2062 2895 2339 2966 recipiatis
2381 2915 2393 2951 :
2430 2910 2566 2950 neve
2616 2894 2852 2951 Eusebio
2891 2896 2977 2952 vel
3018 2897 3109 2951 alii
3144 2898 3378 2967 cuipiam

1815 2986 1883 3043 de
1910 2987 2019 3042 illis
2050 2988 2117 3042 ad
2146 3002 2245 3042 vos
2274 2987 2558 3051 scribenti,
2602 2986 2760 3042 ﬁdem
2794 2989 3064 3044 habeatis.
3094 2988 3206 3045 Nos
3232 2990 3377 3045 enim

1815 3090 2003 3155 utpote
2031 3081 2375 3138 Christianos
2403 3082 2580 3146 decet,
2628 3096 2820 3137 omnes
2853 3082 2946 3153 qui
2982 3090 3173 3137 contra
3221 3082 3376 3147 Chri-

1735 3205 1778 3265 C
1814 3188 1957 3235 stum
1985 3178 2283 3249 loquuntur
2309 3184 2405 3232 aut
2437 3177 2697 3241 sentiunt,
2720 3177 2866 3231 velut
2905 3176 2998 3231 Dei
3028 3176 3215 3233 hostes
3256 3177 3376 3232 ani-

1810 3284 2131 3339 marumque
2156 3277 2508 3338 corruptores
2537 3267 2800 3333 aversari,
2832 3282 2895 3322 ac
2922 3282 2993 3322 ne
3020 3268 3235 3339 quidem
3264 3267 3376 3322 Asc

1810 3362 1919 3418 illis
1937 3362 2121 3417 dicere
2146 3380 2161 3417 :
2191 3377 2261 3417 ne
2297 3360 2515 3430 quando
2558 3360 2825 3416 scelerum
2874 3360 3374 3430 ipsorumpartici-

1807 3468 1903 3523 pes
1931 3453 2126 3515 simus,
2161 3460 2221 3507 ut
2246 3453 2491 3522 praecipit
2530 3451 2727 3507 beatus
2763 3448 3005 3507 Joannes
3026 3452 3095 3504 ".
3130 3449 3374 3505 Salutate

1807 3542 2005 3599 fratres
2041 3542 2137 3613 qui
2176 3542 2456 3598 vobiscum
2492 3548 2622 3598 sunt
2653 3559 2667 3596 :
2694 3555 2793 3597 vos
2840 3541 2935 3612 qui
2983 3555 3196 3597 mecum
3243 3545 3372 3597 sunt

1806 3633 2063 3688 salutant.

2236 3809 2573 3864 Alexandria
2604 3810 2910 3881 presbyteri.

1876 3903 2163 3960 Colluthus
2192 3903 2477 3975 presbyter
2504 3903 2653 3958 hisee
2688 3902 2905 3974 scriptis
2952 3900 3236 3972 suﬂragor,
3266 3914 3367 3956 nec

1806 4012 1917 4053 non
1946 3996 2273 4068 depositioni
2300 3994 2438 4061 Arii,
2470 4010 2771 4065 eorumque
2808 3994 2902 4067 qui
2934 3994 3055 4066 ejus
3078 3992 3369 4065 impietatis

1806 4098 2105 4149 sectatores
2130 4094 2277 4144 sunt.

1806 4181 2110 4239 Alexander
2130 4180 2439 4251 presbyter,
2472 4178 2744 4234 similiter.

1809 4275 2106 4331 Dioscorus
2127 4272 2436 4345 presbyter,
2467 4271 2738 4330 similiter.

1806 4367 2098 4439 Dionysius
2126 4366 2431 4437 presbyter,
2469 4367 2745 4422 similiter.

1806 4459 2077 4515 Eusebius
2101 4458 2406 4530 presbyter,
2431 4459 2702 4515 similiter.

1734 4552 1780 4606 D
1809 4552 2113 4608 Alexander
2140 4550 2441 4623 presbyter,
2468 4550 2739 4605 similiter.

1800 4646 2015 4702 Nilaras
2035 4645 2341 4716 presbyter,
2374 4643 2647 4699 similiter.

1801 4738 2167 4811 Arpocration
2193 4736 2497 4808 presbyter,
2536 4733 2805 4790 similiter.

1801 4832 2049 4903 Agathus
2072 4829 2373 4901 presbyter.
2532 4818 2533 4821 “

1801 4923 2093 4980 Nemesius
2122 4921 2429 4993 presbyter.
2472 4968 2479 4973 .

1802 5016 2019 5089 Longus
2042 5016 2347 5088 presbyter.

1805 5110 2062 5166 Silvanus
2092 5109 2397 5180 presbyter.

1800 5203 2007 5257 Perous
2040 5201 2345 5272 presbyter.

222 5357 273 5389 ⁸³
302 5355 368 5410 II
388 5356 524 5412 Tim.
557 5372 627 5424 ιι,
659 5359 745 5415 17.
793 5361 839 5394 ⁸⁵
868 5359 995 5416 Luc.
1029 5376 1142 5424 nl,
1172 5360 1225 5417 8.
1302 5360 1347 5392 "
1378 5356 1408 5413 Ι
1441 5356 1579 5412 Τίηιο
1605 5371 1681 5424 ιν,

1844 5359 1892 5391 ⁸⁸
1924 5357 1992 5412 ΙΙ
2011 5358 2178 5413 Ioan.
2217 5357 2307 5412 10.

192 5469 307 5609 $33)
344 5472 573 5553 καιροῖς
598 5472 749 5530 deest
773 5474 918 5547 apud
948 5474 1129 5532 Gelas.

284 5540 304 5609 )
346 5540 438 5597 SIC
481 5541 691 5599 Socrat.
742 5552 801 5601 et
862 5544 1043 5602 Gelas.
1091 5544 1129 5598 Β

1870 5474 1985 5543 (71)
2020 5472 2231 5537 Gelas.,
2254 5470 2431 5543 Σίλας.
2454 5467 2623 5543 _Beg.,
2656 5468 2949 5543 Νειλαρᾶς,
2978 5468 3125 5543 quod
3154 5482 3357 5543 nomen

214 5540 304 5612 69)
346 5540 438 5597 Sic
462 5537 691 5599 'Socrat.
742 5537 825 5601 σι’
862 5544 1043 5602 Gelas.
1091 5544 1253 5619 Reg.,
1280 5546 1461 5616 ὑμᾶς,
1506 5543 1689 5600 minus
1794 5537 2073 5619 reperitur
2110 5544 2238 5597 item
2274 5542 2351 5619 in_
2384 5537 3004 5619 subsc‘riptioqintghsmad
3032 5537 3247 5619 _0P°‘°9-

306 5767 396 5809 um
443 5751 790 5825 Cyzicenuin,
828 5754 925 5811 sed
971 5757 1170 5811 mirum
1215 5757 1272 5811 in
1315 5754 1536 5811 modum
1563 5751 1685 5809 mu-

1791 5603 2077 5670 Athanasii
2111 5622 2281 5667 contr.
2322 5603 2685 5681 Arien.,ip§g.
2723 5609 2846 5681 {90.
2884 5603 3120 5679 Ὅμοίώς
3150 5603 3217 5661 ad
3244 5605 3355 5663 ιιιὺἱ-

1862 5754 1973 5827 (72)
2008 5753 2217 5821 Gelas.,
2247 5753 2517 5833 Πιρωούς.

129 5619 287 5666 ηδιον
570 5672 573 5675 .
770 5654 771 5657 η
1791 5619 2077 5670 Athanasii
2111 5622 2281 5667 contr.
2322 5619 2531 5672 Artem,
2564 5625 2685 5681 pag.
2723 5619 2846 5690 ψυ.
2887 5619 2889 5625 '

128 5678 925 5808 summatem
971 5686 1272 5808 me“;
1298 5683 1685 5808 meas?
1788 5680 2556 5808 8":;.':°s.‘:;.:.'.°s::z,:t‘fd
2589 5678 2889 5735 “m-

130 5819 248 5876 Illa.
