4036 6320
189 349 282 406 581
1621 353 2000 412 ΕΡΙδΤΟιΕ.

1803 477 1850 535 Α
2534 472 2770 530 Diaconi.

845 470 882 520 Δ
889 467 1108 522 ιάκονοι
1117 507 1130 520 .

184 579 480 648 Σαραπίων
514 581 778 643 διάκονος,
812 578 1032 646 ὁμοίως.

195 672 427 735 Ἰοῦστος
465 673 736 737 διάκονος,
761 671 981 742 ὁμοίως.

179 764 409 834 Δίδυμος
443 764 716 826 διάκονος.

179 855 497 923 Δημήτριος
531 852 794 915 διάκονος.

178 944 404 1014 Μαῦρος
438 944 710 1008 διάκονος.

194 1035 552 1106 Ἀλέξανδρος
585 1037 842 1099 διάκονος.

180 1127 408 1197 Μάρκος
434 1127 707 1192 διάκονος.

181 1220 381 1288 Κόμων
406 1219 676 1285 διάκονος.

179 1310 414 1382 Τρύφων
444 1313 713 1377 διάκονος.

193 1401 508 1473 ’Δμμὼνιος
537 1406 798 1470 διάκονος.

180 1494 407 1566 Δίδυμος
439 1497 707 1560 διάκονος.

183 1587 534 1660 Πτολλαρεων
560 1589 822 1654 διάκονος.

181 1680 347 1750 Σερὰς
378 1682 653 1746 διάκονος.

185 1773 333 1836 Γάϊος
360 1773 633 1836 διάκονος.
950 1811 990 1824 ..η

191 1863 357 1932 Ἰέραξ
379 1864 652 1928 διάκονος.

180 1954 397 2025 Μάρκος
433 1956 699 2018 διάκονος.

181 2045 283 2113 (80)
312 2046 536 2112 Θεωνᾶς
561 2049 821 2111 διάκονος.

179 2136 475 2208 Σαρμάτων
518 2141 777 2206 διάκονος.

178 2229 414 2299 Κάρπων
435 2232 702 2298 διάκονος.

179 2317 367 2387 Ζὼῐλος
400 2323 670 2395 διάκονος,
696 2326 910 2396 ὁμοίως.

3337 382 3442 437 582

1874 579 2139 652 Sarapion
2165 582 2452 648 diaconus,
2485 585 2755 642 similiter.

1870 670 2058 729 Justus
2086 674 2373 740 diaconus,
2402 675 2676 734 similiter.

1869 762 2130 834 Didymus
2158 765 2444 822 diaconus.

1871 853 2176 912 Demetrius
2201 857 2488 916 diaconus.

1869 944 2092 1001 Maurus
2119 946 2404 1005 diaconus.

1867 1033 2174 1090 Alexander
2195 1037 2479 1096 diaconus.

1868 1124 2086 1182 larens
2116 1127 2399 1184 diaconus.

1867 1213 2075 1270 Comon
2103 1214 2385 1273 diaconus.

1867 1303 2123 1376 Tryphon
2149 1307 2433 1365 diaconus.

1865 1399 2186 1454 Ammonius
2211 1399 2492 1457 diaconus.

1868 1486 2128 1558 Didymus
2152 1489 2435 1548 diaconus.

1865 1575 2160 1634 Ptollarion
2189 1580 2472 1641 diaconus.

1866 1667 2028 1726 Seras
2057 1671 2337 1729 diaconus.

1864 1761 2031 1818 Gaius
2057 1765 2344 1842 diaconus.

1788 1826 1831 1880 Β
1863 1850 2062 1907 Hiera:
2090 1839 2375 1914 diaconus.

1863 1944 2080 2002 Marcus
2100 1947 2382 2007 diaconus.

1863 2037 2113 2095 Theonas
2137 2041 2416 2100 diaconus.

1863 2129 2152 2190 Sarmaton
2177 2136 2462 2194 diaconus.

1860 2222 2075 2295 Carpon
2109 2225 2393 2285 diaconus.

1861 2312 2044 2373 Zoilus
2074 2317 2360 2386 diaconus,
2394 2321 2663 2381 similiter.

1773 2493 1838 2506 .—

1751 2598 1840 2654 Ill.

1151 2734 1304 2805 Apud
1331 2737 1569 2794 eumdem
1599 2737 1960 2796 Athanasium
2001 2735 2131 2792 ibid.
2162 2751 2284 2805 pag.
2317 2732 2444 2791 596.

619 2865 1023 2920 ΚΑΘΑῙΡΕΣΙΣ
1049 2867 1302 2924 ΔΡΕΙΟΥ

183 2979 273 3034 καὶ
317 2980 434 3035 τῶν
474 2981 600 3035 σὺν
637 2983 815 3056 αὐτῷ,
861 2983 981 3056 ὑπὸ
1009 2982 1423 3056 ’Ἀλεξάνδρου
1475 2985 1742 3056 ἁρχιεπι-

585 3055 817 3106 σκέπον
861 3053 1326 3122 Ἀλεξανδρείας.

2367 2861 2728 2920 DEPOSITIO
2764 2864 2906 2918 ARll

1847 2992 1895 3038 et
1920 2981 2182 3038 sociorum
2206 2980 2272 3034 ab
2295 2978 2598 3035 Alexandro
2629 2979 2968 3035 Alexandria:
3005 2984 3410 3057 archiepiscopo.

258 3144 615 3218 Ἀλέξανδρος,
650 3116 1036 3217 πρεσῦυτὲροις
1079 3116 1170 3198 καὶ
1198 3116 1459 3210 διακόνοις
1503 3147 1732 3210 Ἀλεξαν-

1915 3141 2244 3206 Alexander,
2292 3139 2628 3212 presbyteris
2670 3140 3026 3212 diaconisque
3068 3144 3413 3202 Alexandriae

183 3235 350 3306 δρείας
380 3237 471 3289 καὶ
500 3237 822 3308 Μαρεώτου,
851 3237 1038 3308 παρὼν
1073 3238 1334 3309 παροῦσιν
1359 3238 1492 3308 (81),
1527 3240 1742 3308 ἀγαπη-

182 3330 282 3391 τοῖς
309 3330 557 3398 ἀδελφοῖς
583 3332 640 3383 ὲν
664 3330 847 3402 Κυρίῳ
882 3330 1109 3402 χαίρειν.

245 3419 303 3471 Εἰ
334 3421 426 3474 καὶ
459 3420 764 3487 φθάσαντες
800 3419 1148 3490 ὑπεγράψατε
1181 3413 1262 3481 οἷς
1305 3419 1588 3474 ἐπέστειλα
1629 3423 1739 3486 τοῖς

185 3512 300 3580 περὶ
331 3513 578 3585 Ἀρειον,
633 3510 952 3583 προτρέπων
992 3511 1207 3575 αὐτοῖς,
1251 3512 1583 3583 ἀρνήσασθαι
1641 3514 1738 3583 μὲν

183 3601 271 3673 τὴν
298 3603 570 3668 ἀσέϐειαν,
601 3604 882 3674 πεισθῆναι
916 3603 972 3656 δὲ
1003 3606 1067 3674 τῇ
1103 3603 1416 3678 ὑγιαινούσῃ
1444 3604 1538 3658 καὶ
1576 3605 1737 3660 καθο-

185 3691 292 3763 λικῇ
320 3695 526 3748 πίστει·
567 3698 659 3749 καὶ
693 3695 924 3760 ἐδείξατε
972 3695 1177 3749 ἑαυτῶν
1217 3694 1381 3768 ὀρθὴν
1409 3696 1508 3767 τὴν
1543 3699 1736 3768 προαί-

187 3797 338 3852 ρεσιν,
373 3786 466 3838 καὶ
496 3786 596 3856 τὴν
643 3789 700 3840 ὲν
729 3789 839 3849 τοῖς
870 3785 1101 3856 δόγμασι
1151 3788 1466 3858 συμφωνίαν
1510 3788 1608 3858 τῆς
1640 3807 1737 3843 κα-

186 3870 384 3945 θολικῆς
407 3877 605 3947 Ἑκκλη
615 3877 731 3941 σίας
747 3894 759 3906 ·
777 3878 925 3947 ὅμως
946 3876 1129 3948 ἐπειδὴ
1155 3878 1247 3931 καὶ
1269 3879 1404 3950 πρὸς
1425 3879 1550 3943 τοὺς
1575 3881 1737 3934 ἁπαν-

181 3965 329 4034 ταχοῦ
389 3968 833 4039 συλλειτουργοὺς
902 3970 1185 4025 ἐπέστειλα
1247 3973 1373 4043 περὶ
1432 3972 1541 4025 τῶν
1609 3975 1737 4045 περὶ

188 4055 402 4128 Ἀρειον,
445 4060 739 4128 ἀναγκαῖον
778 4063 1087 4133 ἡγησάμην,
1130 4065 1271 4134 ὑμᾶς
1316 4065 1432 4135 μὲν,
1467 4067 1592 4130 τοὺς
1639 4067 1735 4138 τῆς

185 4147 372 4211 πόλεως
397 4150 692 4222 κληρικοὺς
714 4157 1038 4221 συναγαγεῖν
1061 4171 1074 4184 ·
1103 4156 1245 4225 ὑμᾶς
1268 4155 1344 4221 δὲ,
1368 4156 1495 4220 τοὺς
1515 4157 1620 4210 ἀπὸ
1639 4158 1733 4211 τοῦ

184 4238 457 4308 Μαρεώτου
517 4244 998 4314 μεταπέμψασθαι·
1045 4246 1274 4316 μάλιστα
1323 4248 1404 4300 ὅτι
1452 4250 1546 4318 ἀφ’
1582 4250 1734 4320 ὑμῶν

181 4327 351 4402 Χάρης
382 4336 471 4388 καὶ
515 4336 714 4400 Πιστὸς
740 4336 848 4408 (82)
877 4337 1257 4409 πρεσϐύτεροι,
1295 4339 1389 4392 καὶ
1422 4341 1729 4411 Σαραπίων,

183 4423 262 4474 καὶ
279 4424 612 4498 Παράμμων,
640 4430 733 4483 καὶ
753 4428 1018 4500 Ζὼσιμος,
1046 4430 1141 4484 καὶ
1163 4432 1448 4501 Εἰρηναῖος
1474 4431 1728 4496 διάκονοι,

1843 3245 1896 3290 et
1917 3234 2185 3299 Mareotae,
2215 3247 2453 3304 praesens
2476 3234 2854 3304 praesentibus,
2876 3234 3088 3292 dilectis
3109 3237 3163 3290 in
3185 3234 3414 3293 Domino

1843 3327 2123 3393 fratribus,
2155 3327 2407 3382 salutem.

1909 3418 2062 3474 Licet
2087 3418 2200 3489 jam
2235 3417 2669 3486 subscripseritis
2704 3418 2903 3474 litteris
2928 3421 3063 3475 meis
3105 3420 3175 3474 ad
3218 3422 3410 3477 Arium

1840 3525 2078 3580 suosque
2107 3509 2312 3573 missis,
2346 3509 2546 3578 quibus
2585 3508 2844 3563 hortabar
2885 3510 3028 3574 illos,
3061 3519 3120 3565 ut
3146 3513 3410 3584 abnegata

1840 3599 2131 3670 impietate,
2166 3615 2312 3655 sanae
2350 3609 2403 3654 et
2431 3599 2715 3653 catholica:
2741 3599 2865 3654 ﬁdei
2921 3602 3360 3672 obtemperarent
3390 3623 3405 3659 :

1839 3704 2009 3760 eaque
2063 3691 2120 3743 in
2164 3704 2225 3744 re
2270 3697 2478 3743 rectum
2516 3689 2855 3758 propositum
2887 3699 3148 3757 vestrum,
3193 3709 3408 3751 necnon

1838 3779 2095 3837 Ecclesia:
2138 3781 2418 3836 catholica:
2462 3780 2609 3834 circa
2661 3779 2912 3851 dogmata
2965 3785 3404 3850 consonantiam,

1838 3873 2015 3942 palam
2047 3871 2314 3939 feceritis;
2358 3879 2596 3924 attamen
2641 3871 2770 3940 quia
2799 3872 3054 3928 omnibus
3092 3875 3256 3928 etiam
3287 3875 3408 3930 ubi-

1839 3980 1944 4035 que
1975 3973 2244 4018 terrarum
2286 3963 2699 4031 comministris,
2722 3981 2846 4035 quae
2880 3965 3071 4019 Arium
3119 3966 3408 4037 sociosque

1837 4058 1956 4126 ejus
1985 4065 2230 4128 spectant
2260 4037 2457 4112 litteris
2488 4058 2825 4128 signiﬁcavi;
2853 4074 3080 4115 necesse
3103 4061 3256 4125 duxi,
3284 4076 3406 4125 vos,

1839 4147 1990 4203 urbis
2015 4147 2268 4213 clericos,
2302 4161 2628 4214 convocare,
2666 4163 2762 4203 vos
2799 4149 2928 4204 item
2959 4148 3284 4204 Mareoticos
3318 4164 3409 4202 ar-

1836 4252 2049 4295 cessere
2075 4256 2087 4292 :
2118 4239 2416 4309 praesertim
2461 4254 2584 4292 cum
2618 4253 2685 4293 ex
2718 4239 2875 4294 vobis
2906 4239 3112 4295 Chares
3138 4250 3192 4294 et
3222 4238 3409 4296 Pistus

1835 4333 2171 4406 presbyteri:
2226 4333 2514 4402 Sarapion,
2545 4331 2895 4396 Parammon,
2928 4333 3178 4389 Zosimus
3219 4342 3273 4389 et
3295 4331 3407 4389 ire-

1839 4443 1989 4482 naaus
2017 4426 2253 4491 diaconi,
2288 4426 2356 4480 ad
2388 4425 2502 4479 Arii
2532 4433 2717 4495 partes
2749 4425 3088 4492 transierint,
3120 4432 3282 4494 atque
3309 4440 3407 4480 vo-

179 4510 602 4588 ἐπηκολούθησαν
628 4521 738 4583 τοῖς
768 4519 892 4589 περὶ
919 4521 1153 4590 Ἀρειον,
1189 4521 1283 4574 καὶ
1309 4521 1602 4591 ἠγάπησαν
1634 4525 1730 4576 σὺν

1834 4521 2033 4576 luerint
2081 4520 2278 4591 deponi
2326 4534 2450 4574 cum
2494 4494 2631 4584 illis;
2678 4523 2736 4572 ut
2767 4524 2897 4573 nota
2939 4518 3050 4573 sint
3101 4517 3252 4572 vobis
3283 4533 3405 4588 quae

1828 4615 1939 4684 jam
1982 4614 2185 4686 scripta
2214 4622 2361 4678 sunt,
2396 4620 2562 4682 utque
2605 4619 2842 4667 vestram
2875 4611 2931 4664 in
2970 4610 3120 4666 hisce
3173 4625 3403 4666 concor-

1831 4707 1977 4763 diam
2021 4707 2328 4774 declaretis,
2375 4719 2438 4760 ac
2488 4703 2815 4775 depositioni
2863 4703 2997 4768 Arii,
3048 4702 3181 4757 Pisti
3225 4705 3401 4758 socio-

1827 4813 2059 4872 rumque
2093 4797 2409 4870 sul'fragium
2432 4795 2645 4851 addatis
2674 4803 2940 4852 vestrum.
2965 4794 3072 4848 Par
3094 4797 3292 4866 quippe
3315 4805 3398 4852 est

1827 4900 2102 4961 comperta
2132 4889 2286 4946 vobis
2325 4902 2446 4944 esse
2477 4903 2598 4958 quas
2621 4901 2653 4940 a
2682 4901 2767 4942 me
2791 4886 3098 4955 conscripta
3125 4892 3274 4949 sunt,
3305 4899 3398 4940 ea-

1825 4998 1932 5054 que
1969 4983 2235 5054 singulos,
2283 4982 2442 5053 quasi
2487 4981 2720 5051 quisque
2765 4984 3008 5033 vestrum
3061 4976 3395 5047 scripsisset,

1828 5076 1992 5132 corde
2021 5075 2327 5146 complecti.

182 4601 340 4667 αὐτοῖς
383 4607 802 4680 καθαιρεθῆναι·
859 4610 944 4662 ἴνα
1003 4611 1096 4662 καὶ
1148 4609 1216 4663 τὰ
1265 4609 1358 4664 νῦν
1405 4611 1726 4682 γραφόμενα

181 4690 350 4759 γνῶτε,
377 4697 477 4768 τήν
504 4716 569 4752 τε
607 4699 665 4752 ὲν
706 4701 913 4764 τούτοις
949 4701 1262 4772 συμφωνίαν
1291 4702 1496 4756 ἑαυτῶν
1524 4703 1725 4756 ἐπιδεί-

183 4783 342 4854 ξησθε,
375 4790 467 4842 καὶ
494 4794 564 4862 τῇ
596 4791 907 4864 καθαιρέσει
937 4792 1044 4846 τῶν
1090 4793 1218 4864 περὶ
1245 4794 1461 4864 Ἀρειον
1489 4795 1584 4849 καὶ
1617 4796 1725 4851 τῶν

183 4877 290 4946 περὶ
318 4878 508 4936 Πιστὸν
537 4880 816 4954 σύμψηφοι
845 4883 1095 4955 γένησθε.
1137 4884 1340 4955 Πρέπει
1368 4887 1476 4958 γὰρ
1503 4885 1570 4940 τὰ
1595 4888 1724 4959 παρ’

182 4963 296 5033 ἐμοῦ
336 4974 651 5044 γραφόμενα
691 4974 974 5043 γινώσκειν
1015 4977 1178 5047 ὑμᾶς,
1221 4979 1313 5031 καὶ
1355 4978 1602 5045 ἕκαστον,
1650 4979 1724 5044 ὡς

183 5059 291 5130 παρ’
322 5062 478 5118 αὐτοῦ
512 5068 856 5138 γραφόμενα,
883 5071 939 5124 ὲν
960 5072 1025 5141 τῇ
1055 5069 1247 5141 καρδίᾳ
1279 5070 1548 5141 κατέχειν.

1825 5301 2118 5370 episcopus
2164 5296 2233 5370 ab
2285 5295 2504 5370 Arianis
2557 5294 2840 5370 ordinatus
2894 5298 2998 5370 est,
3041 5289 3244 5360 quippe
3290 5287 3393 5340 sub

1823 5364 2322 5441 ipsum—Arianismi
2372 5366 2587 5441 initium
2635 5366 2775 5419 inter
2799 5364 3206 5441 _antesign_a_nos
3243 5371 3394 5441 com:

1821 5423 2147 5510 putabatur,
2169 5447 2227 5492 ut
2262 5437 2423 5510 paulo
2455 5434 2596 5490 infra
2629 5443 2733 5502 est,
2758 5432 2865 5487 τῶν
2895 5423 3029 5504 περῖ
3057 5433 3269 5502 Ἀρειον
3294 5423 3393 5480 καὶ

1820 5510 1928 5565 τῶν
1953 5510 2079 5582 περὶ
2107 5509 2323 5574 Πιστόν,
2351 5515 2477 5579 σω..

242 5283 353 5365 (801
353 5286 664 5365 lli‘quatuor
683 5292 966 5365 postremi,
969 5293 1210 5365 eemvac.
1229 5292 1549 5363 Σαρμάτωνι
1569 5293 1719 5365 Κάρ-

186 5359 526 5431 πωνηζώῐλος,
560 5359 759 5416 desunt
788 5364 928 5431 apud
955 5363 1254 5418 Galasium.

188 5427 342 5549 ω
372 5432 577 5500 Παρὼν
605 5427 926 5498 παροῦὰιν.
961 5434 1266 5505 Singularis
1309 5433 1562 5505 loquendi
1607 5433 1719 5488 for-

243 5565 341 5640 (82)
374 5567 522 5630 l‘lunc
547 5571 761 5628 Pistum
805 5587 928 5629 esse
969 5581 1224 5645 putamus
1253 5574 1345 5646 qui
1375 5573 1714 5631 Alexandriae
