4036 6320
630 382 737 441 583
1757 384 1815 441 S.
1857 383 2253 443 ALEXANDRI
2293 385 2765 447 ALEXANDle
3772 398 3869 455 ω

2212 525 2304 582 ιν.

751 631 1127 709 Fragmenta
1160 630 1291 694 duo
1322 650 1402 695 ex
1433 633 1703 714 epistola
1736 635 1813 697 ad
1845 638 2178 717 Eglonem
2209 641 2747 723 Cynopolitanum
2778 641 3173 720 episcopum,
3208 649 3424 705 contra
3455 624 3749 703 Asianos.

732 766 889 844 Xpud
942 771 1001 828 S.
1042 772 1336 832 Maximum
1389 781 1617 851 confess.
1659 782 1794 837 inter
1835 798 2015 854 opusc.
2036 786 2412 913 ιμιεριοςίϐςέ
2440 790 2656 858 polem.,
2705 788 2835 858 Opp.
2883 799 3010 842 tom.
3043 786 3111 853 ll,
3153 804 3309 858 pagg.
3342 786 3604 851 152-155,
3638 784 3765 845 edit.

2086 874 2217 913 arte.
2418 899 2432 911 ο

2086 874 2217 913 αηε.
2272 874 2339 913 ιυ
2355 874 2432 913 ID.

629 1072 1134 1153 SanctiAlexandri
1173 1091 1323 1153 papae
1369 1078 1735 1153 Alexandrini,
1785 1096 1849 1134 ex
1879 1080 2103 1148 epistola
2132 1080 2200 1136 ad

2271 1137 2275 1147 _
2310 1083 2422 1139 Τοῦ
2452 1082 2623 1153 ἁγίου
2664 1078 3063 1153 Ἀλεξάνδρσο
3084 1077 3255 1131 adria
3299 1077 3765 1153 ᾉλεξανςδρείας,
3800 1079 3865 1153 ἐκ

700 1144 983 1216 Εριοηεπι
1008 1144 1453 1217 Cynopolitanum
1475 1152 1793 1219 episcopum,
1819 1144 2005 1207 contra
2038 1152 2201 1207 Aria-
2230 1144 2275 1147 ἡ

2371 1155 2481 1228 τῆς
2499 1144 2649 1228 Ξτρὸς
2670 1144 3287 1228 agrumagrume
3306 1144 3699 1215 Κυνοπόλὲως
3725 1151 3869 1205 κατὰ

699 1232 816 1271 nos.
2384 1222 2691 1294 Ἀρειμανῶν
2720 1222 3069 1289 ἐπιστολῆς.

695 1320 967 1379 Voluntas
1010 1325 1297 1392 naturalis,
1346 1326 1701 1399 intelligentia
1762 1331 1943 1385 omnis
1993 1337 2204 1386 natura:

2368 1338 2598 1410 Θέλησίς
2638 1340 2753 1391 ἐστι
2804 1335 3027 1405 φυσικὴ,
3071 1332 3272 1395 παντὸς
3318 1329 3507 1403 νοεροῢ
3559 1331 3866 1404 αὐθαίρετος

625 1412 799 1470 libera
830 1415 1062 1473 facultas
1090 1420 1335 1488 exsistit;
1367 1430 1426 1476 ut
1454 1437 1574 1491 quae
1603 1422 1740 1476 nihil
1772 1423 2199 1479 involuntarium

2298 1430 2546 1502 δύναμις,
2572 1430 2649 1495 ὡς
2673 1429 2836 1502 μηδὲν
2860 1425 3000 1483 κατὰ
3018 1427 3116 1499 τὴν
3139 1424 3328 1480 οὐσίαν
3359 1424 3617 1481 ἀκούσιον
3638 1425 3864 1495 ἔχοντος.

624 1506 842 1575 habeat,
867 1511 1012 1579 quod
1040 1526 1104 1566 ex
1134 1516 1385 1569 essentia:
1406 1516 1616 1571 ratione
1640 1518 1715 1570 tit.

2217 1633 2285 1692 ll.

694 1736 951 1808 Operatio
1004 1738 1294 1803 naturalis,
1350 1739 1569 1795 innatus
1614 1747 1697 1795 est
1749 1738 2019 1812 cujusque
2061 1743 2196 1799 sub-

2379 1742 2660 1814 Ἐνέργεια
2695 1742 2894 1811 φυσική
2928 1740 3093 1804 ἐστιν,
3119 1739 3153 1809 ἡ
3186 1737 3364 1809 πάσης
3408 1732 3864 1806 οὐσίαςῐμφυτος

625 1832 839 1886 stantia
866 1839 1065 1887 motus.
1097 1829 1353 1900 Operatio
1382 1832 1667 1898 naturalis,
1700 1842 1910 1887 natura:
1948 1834 2195 1904 cujusvis

2297 1834 2529 1905 κίνησις.
2572 1834 2852 1905 Ἐνέργειά
2875 1834 2993 1886 ἐστι
3020 1831 3245 1902 φυσικὴ,
3276 1832 3305 1883 ὁ
3329 1829 3507 1900 πάσης
3533 1828 3752 1898 φύσεως
3780 1828 3866 1881 οὺ-

624 1919 999 1976 substaatialis
1031 1936 1095 1975 ac
1144 1920 1433 1976 notilicans
1464 1921 1603 1976 ratio
1642 1929 1747 1977 est.
1796 1920 2054 1994 Operatio
2096 1939 2195 1979 na-

2298 1925 2495 1997 σιώδης
2523 1928 2618 1980 καὶ
2640 1926 2937 1994 γνωστικδς
2962 1924 3134 1993 λόγος.
3183 1921 3463 1993 Ἐνέργειά
3493 1923 3611 1974 ἐστι
3644 1922 3862 1990 φυσικὴ,

622 2013 837 2081 turalis,
867 2014 1185 2070 substantiae
1221 2014 1467 2084 cujusvis
1498 2014 1783 2071 notiﬂcans
1808 2016 1985 2072 virtus
2014 2024 2120 2073 est.

1721 2031 1783 2071 ns
1808 2016 1985 2072 virtus
2014 2024 2120 2073 est.
2298 2021 2332 2091 ἡ
2364 2019 2635 2091 δηλωτικὴ
2662 2020 2839 2090 πάσης
2862 2018 3049 2083 οὐσίας
3072 2018 3315 2088 δύναμις.

635 2208 3854 2243 W

950 2379 1533 2472 MONITUM
1618 2380 1742 2469 IN
1819 2381 2793 2487 SUBSEQUENTEM
2868 2385 3529 2506 SERMONEM

1688 2569 1824 2631 (Mn,
1849 2559 2143 2619 Bibliotheca
2164 2582 2287 2619 nova
2319 2571 2543 2633 Patrum,
2570 2572 2634 2635 II,
2660 2572 2794 2638 5%.)

2224 2710 2295 2720 ..-

688 2792 817 2847 Dixi
853 2794 909 2852 in
953 2790 1241 2863 Spicilegio
1269 2788 1535 2854 Romano,
1568 2798 1607 2848 t.
1634 2788 1752 2853 Ill,
1776 2807 1829 2859 p.
1854 2789 1980 2853 691,
2013 2806 2077 2844 ex
2101 2790 2464 2849 Orientalibus
2496 2794 2821 2849 bibliotheca
2856 2795 3128 2852 Vaticana:
3149 2796 3413 2852 codicibus
3450 2799 3618 2852 multa
3640 2798 3866 2853 excitari

618 2887 819 2957 scripta
850 2896 1075 2940 veterum
1109 2901 1283 2953 posse,
1314 2901 1431 2955 qua:
1464 2886 1677 2940 omnino
1711 2882 2095 2939 desideramus.
2130 2883 2199 2937 Et
2221 2887 2429 2955 quidem
2456 2897 2649 2955 prwter
2672 2888 2823 2941 lauta
2846 2889 2943 2943 illa
2970 2906 3087 2959 quae
3121 2891 3231 2944 loco
3258 2891 3422 2945 citato
3454 2890 3594 2945 edidi
3636 2892 3864 2948 Patrum

617 2980 932 3051 fragmenta,
957 2978 1167 3048 majora
1196 2978 1424 3033 indidem
1446 2979 1565 3048 jam
1597 2985 1755 3030 antea
1784 2976 2095 3043 extuleram,
2126 2976 2405 3033 Zachariae
2436 2980 2670 3035 videlicet
2710 2980 3064 3036 Melitenensis
3097 2983 3275 3051 capita
3299 2982 3573 3051 historica,
3600 2983 3864 3041 Ebediesu

616 3080 667 3129 et
696 3072 1080 3144 Abulpharagii
1105 3080 1361 3126 tractatus
1393 3070 1694 3132 canonicos,
1719 3069 2085 3124 Armeniorum
2124 3072 2285 3125 etiam
2316 3088 2563 3137 canones,
2587 3072 2762 3128 Severi
2795 3074 3104 3129 Antiocheni
3126 3092 3388 3131 sermones
3431 3076 3652 3147 aliquot,
3686 3088 3739 3131 et
3769 3096 3867 3133 nu-

615 3184 708 3236 per
729 3169 898 3222 sancti
927 3166 1117 3238 Cyrilli
1150 3173 1335 3220 contra
1375 3165 1717 3235 Synusiastas
1739 3175 1790 3221 et
1819 3166 2113 3221 Diodorum
2141 3184 2203 3220 ac
2243 3166 2574 3221 Theodorum
2607 3169 2877 3239 reliquias.
2906 3167 3034 3222 lam
3062 3186 3178 3223 vero
3210 3170 3347 3223 inter
3374 3171 3549 3238 prima
3586 3171 3681 3224 illa
3703 3211 3718 3233 ,
3749 3187 3867 3242 qua

616 3263 922 3325 memoravi,
950 3260 1113 3315 codex
1151 3260 1437 3314 Vaticanus
1459 3256 1719 3315 Arabicus
1756 3260 1851 3315 101
1890 3259 2079 3314 bonam
2110 3261 2242 3314 mihi
2274 3262 2595 3331 particulam
2622 3260 3041 3329 suppeditaverat
3086 3263 3337 3317 sermonis
3364 3264 3534 3316 sancti
3569 3263 3868 3319 Alexandri

614 3354 931 3423 patriarcha
962 3352 1311 3408 Alexandrini
1338 3352 1450 3422 (1);
1489 3369 1636 3422 quem
1661 3368 1949 3407 sermonem
1970 3352 2155 3406 deinde
2180 3354 2440 3422 integrum
2461 3354 2517 3408 in
2548 3351 2772 3423 Syriaco
2800 3362 2906 3406 vat.
2941 3354 3119 3409 codice
3144 3355 3249 3410 368
3277 3367 3461 3412 nactus
3486 3375 3622 3422 sum,
3651 3360 3707 3411 id
3722 3360 3867 3430 quod

613 3450 741 3517 olim
771 3449 826 3503 in
858 3446 1197 3518 Scriptorum
1226 3455 1333 3505 vet.
1365 3457 1491 3503 tom.
1530 3447 1604 3511 V,
1633 3464 1685 3517 p.
1719 3447 1807 3511 42,
1838 3448 2153 3517 significavi.
2185 3445 2342 3499 Nunc
2370 3463 2487 3501 ecce
2509 3456 2629 3515 post
2655 3447 3003 3502 Alexandrini
3036 3446 3229 3520 Cyrilli
3274 3450 3460 3505 Greca
3493 3455 3712 3522 scripta,
3750 3472 3865 3509 ser-

613 3562 816 3600 monem
840 3545 974 3599 hunc
994 3543 1342 3599 Alexandrini
1368 3541 1583 3613 Syriace
1614 3542 1772 3597 simul
1799 3552 1952 3613 atque
1980 3541 2168 3595 Latine
2199 3539 2641 3611 (quandoquidem
2672 3540 2858 3597 erca
2885 3544 3041 3599 verba
3062 3544 3466 3617 desideramus),
3493 3563 3704 3616 operam
3727 3552 3863 3604 mihi

612 3655 765 3694 suam
788 3636 1239 3693 commodantibus
1278 3633 1532 3689 Ματαιωο
1570 3632 1871 3689 Sciahuano
1900 3642 1950 3688 et
1980 3632 2268 3687 Francisco
2301 3630 2605 3699 Hehasebo,
2629 3631 2913 3690 Maronitis
2939 3635 3342 3698 litteratissimis
3370 3676 3388 3704 ,
3429 3637 3487 3692 in
3525 3640 3692 3695 lucem
3720 3642 3868 3696 exire

612 3732 786 3800 iubeo,
816 3747 879 3785 ne
902 3738 1065 3783 tanta
1094 3729 1448 3797 antiquitatis,
1482 3728 1819 3781 auctoritatis
1846 3726 2104 3796 famesque
2131 3725 2359 3793 episcopi
2381 3725 2584 3781 diutius
2618 3743 2675 3781 os
2704 3728 3041 3783 conticescat.
3886 3715 3889 3719 ’

688 3824 856 3878 Porro
880 3824 957 3877 rei
989 3837 1123 3877 vera:
1153 3820 1453 3874 testimonia
1477 3829 1635 3887 sunt,
1678 3820 1849 3888 primo
1894 3819 2102 3889 quidem
2151 3817 2450 3888 fragmenta
2476 3818 2575 3874 illa
2600 3834 2666 3874 ex
2691 3819 2867 3875 codice
2898 3819 3149 3887 Arabico,
3182 3838 3300 3895 qua:
3332 3822 3623 3879 Alexandri
3657 3826 3865 3881 archie-

610 3920 811 3988 piscopi
833 3916 1180 3972 Alexandrini
1215 3930 1402 3968 nomen
1430 3923 1616 3984 gerunt
1639 3912 1853 3984 (Spicil.
1887 3912 2071 3978 Rom.,
2103 3924 2145 3967 t.
2187 3911 2307 3976 III,
2335 3929 2389 3979 p.
2422 3914 2817 3985 699),,qquue
2854 3916 2910 3969 in
2936 3917 3137 3987 integro
3164 3932 3400 3971 sermone
3440 3915 3608 3971 eidem
3656 3918 3865 3973 auctori

612 4009 901 4079 inscripto,
921 4026 1058 4064 nunc
1090 4009 1199 4062 suis
1231 4008 1452 4062 recitata
1482 4006 1609 4060 locis
1638 4007 1875 4060 serialim
1904 4012 2174 4073 apparent.
2216 4004 2417 4062 Deinde
2448 4006 2763 4062 Sabariesus
2797 4006 2973 4078 Syrus
2990 4017 3175 4063 auctor
3196 4009 3336 4079 apud
3357 4011 3704 4065 Assemanum
3736 4012 3859 4067 Bib.

614 4118 695 4157 or.
728 4110 766 4155 t.
798 4100 859 4155 ΙΙ
868 4101 919 4166 1,
943 4117 994 4171 p.
1020 4101 1143 4166 515,
1168 4101 1358 4155 recitat
1398 4114 1462 4154 ex
1492 4098 1761 4168 Maca/fari
1788 4097 2034 4151 chronico
2062 4098 2311 4167 Arabico,
2336 4100 2633 4156 Alexandri
2655 4103 2825 4158 nostri
2856 4102 3242 4174 fragmentum,
3278 4102 3416 4173 quod
3439 4104 3641 4173 pariter
3669 4102 3863 4175 (mirae

616 4195 716 4250 bile
742 4197 944 4267 dictu!)
976 4198 1029 4250 in
1056 4212 1292 4252 sermone
1322 4195 1522 4264 integro
1553 4202 1733 4247 nostro
1773 4209 1826 4247 n.
1861 4193 1895 4248 5
1944 4194 2193 4249 occurrit.
2253 4193 2571 4268 Quanquam
2616 4213 2735 4253 vero
2774 4196 3088 4268 Hocaﬂ'teus
3120 4198 3485 4252 Alexandrum
3509 4197 3860 4267 dicitpapant

611 4281 941 4357 Romanum,
974 4290 1019 4341 is
1062 4286 1271 4359 quidem
1304 4284 1615 4354 manifestus
1637 4300 1787 4337 error
1815 4282 1879 4337 ab
1900 4282 2193 4338 Assemano
2214 4285 2269 4339 in
2291 4286 2464 4341 indice
2500 4303 2555 4358 ρ.
2592 4286 2696 4344 658
2725 4298 2861 4343 recte
2900 4290 3204 4359 corrigitur,
3235 4289 3325 4358 qui
3373 4288 3645 4359 legendum
3669 4290 3859 4343 suadet

610 4382 1060 4437 Alexandrinum.
1091 4378 1292 4433 Deinde
1325 4376 1695 4450 (prazterquam
1728 4375 1864 4446 quod
1900 4374 2247 4432 scribentibus
2272 4378 2462 4432 menda
2494 4380 2665 4433 multa
2689 4379 2931 4449 obrepere
2957 4382 3149 4450 solent)
3173 4380 3247 4435 rei
3287 4378 3558 4433 veritatem
3588 4396 3723 4434 nunc
3755 4381 3859 4452 Sy-

613 4477 789 4530 riacus
824 4473 987 4528 codex
1014 4490 1108 4527 nos
1138 4473 1321 4535 docet,
1366 4472 1455 4542 qui
1485 4469 1789 4524 Alexandro
1818 4472 2195 4528 Alexandrina:
2224 4474 2369 4530 urbis
2419 4476 2650 4530 antistiti
2675 4476 2813 4529 hunc
2831 4491 3134 4531 sermonem
3160 4476 3421 4532 inscribit.
3456 4476 3588 4531 Tum
3616 4477 3749 4531 satis
3780 4482 3858 4531 est

615 4569 912 4637 exploratus
944 4580 1055 4617 mos
1090 4562 1443 4617 Orientalium
1473 4559 1737 4614 Romanos
1772 4563 2083 4617 nominandi
2115 4572 2367 4635 quotquot
2390 4566 2607 4633 imperio
2641 4563 2875 4618 Romano
2911 4564 3194 4629 suberant,
3223 4575 3273 4621 et
3294 4564 3500 4631 Greeca,
3535 4568 3724 4621 nedum
3752 4566 3859 4623 ια.

615 4665 747 4725 tina,
780 4660 960 4729 lingua
989 4656 1292 4709 utebantur.
1328 4654 1468 4721 Quin
1501 4662 1551 4708 et
1578 4655 1750 4723 ipsum
1778 4653 2135 4724 Byzantinum
2166 4658 2444 4728 imperium
2470 4668 2774 4715 constanter
2794 4654 3103 4714 Romanum
3126 4659 3412 4728 appellant,
3437 4670 3494 4713 ut
3523 4661 3626 4729 ipsi
3654 4674 3855 4734 quoque

614 4751 900 4824 Byzantini
930 4747 1167 4803 historici
1195 4747 1381 4811 solent,
1410 4747 1502 4817 qui
1528 4748 1604 4800 ita
1632 4748 1687 4801 in
1717 4748 1866 4802 libris
1898 4750 2007 4802 suis
2042 4749 2319 4806 ambitiose
2342 4751 2653 4821 loquuntur,
2678 4762 2957 4822 postquam
2992 4752 3477 4821 Constantinopolis
3500 4771 3645 4809 novre
3670 4754 3854 4811 Roma

612 4862 799 4901 nomen
822 4844 1035 4898 invasit.
1059 4842 1227 4895 Locus
1250 4841 1411 4912 igitur
1436 4858 1473 4915 μ
1496 4841 1773 4912 Μυοαῇωο
1796 4843 1992 4897 relatus
2015 4845 2093 4898 ita
2117 4862 2172 4899 se
2198 4846 2350 4901 habet
2374 4864 2393 4901 :
2431 4866 2450 4898 ‹
2486 4847 2786 4902 Alexander
2806 4848 3075 4904 Romanus
3102 4849 3408 4919 patriarcha
3431 4850 3641 4921 inquit:
3659 4848 3853 4904 Manus

611 4956 729 5009 qua:
758 4938 1023 4993 Adamum
1055 4936 1270 5000 creavit,
1304 4936 1423 5005 ipsa
1456 4938 1620 4993 clavis
1655 4942 1709 4994 in
1739 4958 1890 4996 cruce
1927 4940 2199 5010 perforata
2230 4950 2327 4996 est.
2365 4942 2439 4997 0s
2469 4943 2607 5013 quod
2638 4944 2692 4996 in
2733 4941 2998 4997 Adamum
3036 4943 3362 5013 spiraculum
3396 4944 3513 4997 vitta
3540 4944 3851 5012 inspiravit,

613 5024 985 5085 acetum'b'ibit.
1012 5029 1112 5085 Pes
1136 5031 1225 5109 qui
1256 5022 1417 5086 clavis
1448 5031 1685 5098 conﬁxus
1720 5031 1843 5100 fuit,
1870 5042 2066 5087 terram
2097 5032 2356 5100 fundavit.
2389 5052 2409 5084 ι
2446 5032 2596 5098 Ηωσ,
2622 5035 2841 5105 inquam
2865 5036 3027 5105 paulo
3054 5036 3262 5108 quidem
3293 5036 3529 5101 liberius,
3553 5039 3666 5096 sine
3692 5036 3851 5091 dubio

614 5130 789 5174 tamen
820 5138 883 5177 ex
917 5124 1011 5178 hoc
1038 5118 1216 5182 nostro
1244 5146 1478 5191 sermone
1508 5148 1562 5185 η.
1593 5132 1627 5187 5
1658 5140 1864 5201 sumpta
1890 5132 2051 5188 vides.
2091 5130 2462 5187 Verumtamen
2492 5133 2583 5202 qui
2605 5132 2796 5185 ibidem
2819 5134 2987 5189 multo
3019 5133 3229 5208 Μον-
3259 5135 3402 5190 locus
3431 5132 3699 5204 prarcedit,
3733 5145 3788 5189 et
3810 5152 3841 5187 a

611 5212 761 5267 nobis
788 5216 1002 5286 virgulis
1036 5219 1317 5276 distinctus
1340 5222 1463 5292 fuit,
1504 5224 1549 5278 is
1580 5240 1697 5279 cum
1719 5224 1952 5280 Arabica
1988 5230 2242 5283 sermonis
2271 5229 2719 5298 interpretatione,
2748 5228 2805 5281 in
2830 5213 3122 5299 Spicilﬁgio
3144 5237 3333 5283 nostro
3354 5229 3495 5283 edita
3517 5268 3532 5293 ,
3563 5227 3849 5281 evidentius

616 5305 789 5359 adhuc
825 5318 977 5379 atque
1007 5312 1334 5370 adamassim
1374 5318 1635 5388 congruit.
1670 5317 1965 5391 Ceteroqui
1996 5339 2100 5377 non
2128 5331 2206 5377 est
2238 5322 2541 5378 mirandum
2561 5363 2576 5390 ,
2622 5324 2669 5377 si
2694 5323 2783 5394 qui
2824 5331 3002 5379 sermo
3030 5340 3093 5379 ex
3125 5322 3307 5379 Crwco
3342 5324 3399 5378 in
3439 5322 3755 5393 Syriacum,
3789 5334 3850 5373 ex

614 5398 710 5452 hoc
738 5400 795 5454 in
826 5401 1111 5458 Arabicum
1144 5406 1358 5461 ‘idio‘ma
1405 5410 1638 5472 transiit,
1669 5425 1866 5479 paucas
1899 5412 2100 5483 aliquot
2145 5414 2425 5469 varietates
2455 5416 2510 5470 in
2544 5416 2624 5471 his
2671 5414 3116 5485 transfusionibus
3172 5435 3363 5488 passus
3414 5419 3503 5473 sit.
3538 5417 3684 5484 Quin
3723 5413 3855 5481 adee

613 5495 871 5548 sermonis
893 5494 1055 5564 hujus
1093 5497 1211 5552 dua:
1235 5499 1475 5555 videntur
1506 5504 1769 5559 exstitisse
1800 5504 1938 5574 apud
1960 5505 2372 5576 Alexandrinos,
2393 5509 2499 5563 sive
2518 5508 2658 5579 apud
2684 5506 3003 5576 Orientales,
3030 5512 3280 5582 editiones
3296 5528 3317 5576 ;
3352 5510 3774 5583 quandoquidem
3798 5508 3856 5573 in

616 5586 791 5642 codice
813 5587 934 5660 Syr.
973 5589 1117 5657 Vat.,
1148 5603 1263 5661 post
1295 5596 1555 5665 integrum
1579 5614 1897 5663 sermonem,
1922 5599 2069 5653 aliud
2107 5603 2362 5657 attexitur
2392 5602 2628 5673 ejusdem
2661 5604 3011 5673 fragmentum
3036 5644 3053 5672 ,
3087 5622 3191 5661 non
3229 5608 3341 5664 sine
3366 5606 3549 5677 paucis
3579 5602 3742 5659 variis
3772 5601 3843 5654 le-

627 5759 947 5854 “(31.14329
976 5762 1254 5854 ξὶῖξτςρίίςι
1273 5766 1452 5854 _b_a_bet.
1471 5767 1892 5854 fragmentanss.
1921 5769 2132 5854 J_ulii_et
2163 5771 2409 5843 Silvestri
2432 5774 2748 5847 pontiﬁcum
2770 5774 3316 5851 Romanorum,th
3342 5790 3442 5850 ego
3463 5773 3651 5833 Grece
3681 5770 3847 5841 edidi,

620 5832 815 5899 διῆρε.
846 5843 944 5888 vet.
976 5840 1016 5888 t.
1047 5832 1156 5903 VII,
1180 5851 1236 5906 p.
1268 5837 1371 5894 151
1398 5846 1451 5895 et
1482 5832 1603 5909 169,
1636 5842 1740 5896 col.
1771 5840 1827 5909 2,
1857 5856 1909 5897 ν.
1940 5842 2091 5898 1-15.
