4044 6324
1026 400 1123 461 ΒΕ
1146 401 1748 463 ENGASTRIIYTHO
1776 402 2068 463 CONTRA
2104 403 2485 464 οιιιοειωι.

3282 403 3393 465 116

582 795 1290 913 ORIGENES
1366 794 1552 909 DE
1632 796 2917 914 ENGASTRIMYTHO.

1476 1018 1527 1099 (ι
1562 1019 1719 1100 Reg.
1752 1016 2080 1100 XXVIII.)

695 1187 861 1255 Vide
891 1185 1165 1269 hujusce
1194 1187 1581 1267 Patrologt'c
1609 1188 2114 1251 timeo-Latina;
2142 1194 2293 1252 tom.
2326 1192 2473 1264 ΧΠ.
2507 1192 2630 1255 col.
2673 1193 2862 1254 1011;

766 1580 1112 1715 ΤΟΥ
1186 1573 1708 1711 ΑΓΙΟΥ
1806 1574 2772 1715 ΕΥΣΤΑΘΙΟΥ
3032 1768 3037 1773 η

620 1839 1915 1959 ΑΡΧΙΕΠΙΣΚΟΠΟΥ
1978 1841 2921 2017 ΑΝΤΙΟΧΕΙΑΣ
3037 1932 3042 1938 .

1478 2084 1667 2136 ΚΑΤΑ
1700 2084 2083 2138 ΩΡΗἛΝΟΥΣ

144 2270 303 2358 ΕΙΣ
374 2272 530 2356 ΤΟ
580 2390 587 2397 ⁸
630 2270 849 2357 ΤΗΣ
939 2264 1868 2356 ΕΓΓΑΣΤΡΙΜΥΘΟΥ
1943 2265 2480 2356 ΘΕΩΡΗΜΑ
2554 2266 3384 2357 ΔΙΑΓΝΩΣΤΙΚΟΣ.

905 2613 1574 2729 SANGTI
1658 2615 2657 2731 EUSTATHII

1290 2822 1813 2881 ARCHIEPISCOPI
1849 2823 2268 2881 ANTIOCHENI

604 2985 939 3049 CONTRA
974 2985 1437 3051 ORIGENEM
1458 2989 1575 3049 DE
1606 2989 2337 3055 ENGASTRIMYTHO
2369 2990 2922 3053 DISSERTATIO

1425 3150 1594 3201 Leone
1613 3153 1797 3202 Allatio
1822 3154 2141 3215 interprete.‘

214 3417 257 3470 Ι.
298 3415 413 3469 ’Δεὶ
456 3414 561 3485 μὲν
588 3412 800 3483 ἄγαμαι
826 3413 915 3467 τὸν
946 3413 1207 3485 ἀξιοφανῆ
1236 3415 1332 3484 τῆς
1368 3414 1555 3468 ἐνθέου
1581 3416 1732 3468 πολι-

1900 3416 1945 3470 1.
2000 3413 2225 3483 Semper
2247 3412 2498 3482 equidem
2532 3411 2727 3467 divinae
2760 3411 2974 3465 vivendi
3019 3412 3246 3485 rationis
3290 3422 3396 3469 tua:

151 3503 293 3569 τείας
337 3520 435 3557 σου
482 3502 668 3572 ζῆλον,
712 3496 759 3554 ὦ
805 3502 1238 3572 διαπρεπέστατε
1282 3502 1381 3572 τῆς
1422 3503 1730 3574 ὀρθοδοξίας

155 3595 440 3668 ιεροκήρυξ
476 3594 771 3666 Εὐτρόπιε’
814 3594 873 3647 τὸ
909 3594 966 3647 δὲ
1006 3594 1104 3665 τῆς
1140 3593 1419 3659 εὐσεϐείας
1462 3612 1554 3648 σου
1594 3595 1734 3664 γνώ-

157 3702 317 3757 ρισμα
340 3684 633 3755 πολλαχῶς
668 3684 1101 3755 ἐκπληττόμενος
1134 3684 1233 3755 οὐχ
1255 3684 1453 3753 ἥκιστα
1482 3686 1576 3738 καὶ
1607 3687 1733 3757 περὶ

154 3779 265 3831 τάδε
313 3779 560 3849 μάλιστα
600 3775 922 3847 τεθαύμακα
949 3774 1010 3828 τὸ
1042 3775 1226 3847 μέροςο
1268 3776 1347 3828 ὅτι
1372 3777 1555 3845 σαφῶς
1578 3779 1734 3851 ἀκρι-

154 3867 321 3922 mea:
350 3868 537 3939 βούλει
564 3866 681 3931 πῶς
716 3867 781 3921 ἂν
805 3868 985 3938 ἔχοιμι
1009 3866 1234 3938 γνώμης
1262 3866 1421 3921 ἕνεκα
1446 3869 1544 3938 τῆς
1574 3871 1738 3938 ἐγγα-

155 3960 449 4031 στριμύθου
490 3959 593 4030 τῆς
623 3960 680 4012 ὲν
720 3960 793 4029 τῇ
823 3957 1015 4031 πρώτῃ
1040 3958 1146 4011 τῶν
1173 3958 1465 4012 Βασιλειῶν
1496 3960 1737 4031 ἱστορους-

160 4052 339 4123 μένης·
370 4052 433 4103 οὐ
470 4050 585 4121 γὰρ
612 4050 941 4120 ἀρέσκεσθαι
972 4050 1077 4121 φῂς
1103 4044 1184 4112 οἷς
1222 4049 1483 4114 ἐξέδωκεν
1527 4051 1737 4122 Ὠριγέ-

154 4159 249 4212 vn;
272 4146 349 4206 εἰς
376 4141 543 4211 τήνδε
574 4142 674 4211 τὴν
706 4140 983 4195 ὑπόθεσιν.
1024 4141 1099 4193 οὐ
1137 4141 1241 4211 μὴν
1278 4140 1411 4194 ἀλλὰ
1434 4142 1609 4208 ἔγωγε
1642 4141 1732 4193 καὶ

156 4234 339 4298 ἄλλους
365 4229 487 4287 οἶδα
516 4232 597 4285 ἐτι
629 4233 1009 4303 μεμφομένους
1038 4234 1138 4286 οὐκ
1161 4232 1368 4301 ὀλίγους
1392 4233 1475 4300 ἐφ’
1504 4227 1585 4295 οἷς
1607 4232 1737 4305 ὠρί-

159 4340 282 4378 σατο
317 4325 653 4396 προχείρως,
679 4323 817 4376 ἀλλὰ
841 4324 1025 4393 συχνοὶ
1050 4323 1147 4393 μέν
1178 4327 1313 4377 εἰσιν
1336 4326 1385 4377 οἱ
1417 4324 1735 4395 δακνόμενοι

154 4414 247 4479 τὰς
276 4415 458 4488 ψυχὰς
488 4415 845 4485 ἀσχάλλοπες
868 4416 929 4467 οὑ
966 4415 1217 4486 μετρίως*
1249 4415 1358 4469 ἔσθ’
1384 4418 1471 4469 ὅτε
1509 4417 1565 4469 δέ
1594 4434 1737 4480 τινες

153 4500 231 4569 οἷς
273 4508 522 4578 ἔγραψεν
572 4509 777 4569 ἐκεῖνος
809 4505 1138 4573 ὑπάγονται,
1180 4510 1248 4577 τῇ
1281 4506 1625 4580 προλαϐούσῃ
1652 4508 1738 4561 δο-

155 4596 376 4669 ξοκοπὶᾳ
411 4599 548 4668 ῥᾷον
572 4596 971 4667 ἁνατιθέμενοι,
1005 4598 1099 4665 καὶ⁵
1118 4600 1228 4660 τοῖς
1255 4599 1477 4666 ὀνόμασι
1517 4599 1734 4668 μᾶλλον,

157 4690 261 4743 ἀλλ’
289 4692 351 4743 οὐ
380 4693 497 4753 τοῖς
527 4690 815 4761 πράγμασι
845 4690 1215 4773 τφοσέχοντες,
1240 4691 1315 4754 ὡς
1339 4692 1477 4745 δέον.
1516 4693 1612 4744 ’⁷Ιν’
1642 4688 1736 4746 οὖν

1832 3507 2029 3568 zelum,
2066 3476 2413 3574 dignum-qui
2438 3512 2490 3558 et
2516 3503 2639 3557 aliis
2664 3504 2992 3569 innotescat,
3021 3518 3054 3557 o
3084 3476 3245 3558 rectae
3270 3505 3395 3561 ﬁdei

1830 3595 2183 3652 celeberrime
2209 3602 2263 3649 et
2294 3610 2449 3648 sacer
2474 3594 2800 3664 praedicator
2828 3594 3047 3663 Eutropi
3069 3635 3083 3657 ,
3118 3610 3397 3650 commen-

1831 3688 1902 3742 do
1927 3706 1940 3741 ε
1971 3701 2157 3741 verum
2190 3692 2297 3739 tua:
2319 3684 2549 3754 insignis
2574 3685 2790 3754 pietatis
2815 3686 3011 3754 saepius
3038 3686 3397 3742 admiratione

1832 3790 2159 3840 commotus,
2194 3793 2304 3831 non
2335 3778 2515 3830 minus
2544 3785 2706 3847 atque
2726 3777 2801 3830 illi
2836 3778 3107 3847 praecipue
3127 3794 3245 3830 eam
3271 3779 3395 3833 lau-

1832 3871 1975 3927 davi.
2016 3868 2113 3924 Vis
2134 3870 2332 3939 quippe
2358 3875 2417 3921 ut
2446 3868 2770 3923 sententiam
2807 3883 2981 3921 meam
3016 3868 3081 3922 de
3116 3868 3398 3939 Engaslri—

1833 3965 2019 4035 mytho
2040 4004 2053 4027 ,
2088 3963 2246 4031 cujus
2282 3960 2458 4031 primo
2485 3957 2691 4030 Regum
2717 3958 2943 4014 historia
2973 3959 3189 4029 legitur,
3215 3960 3399 4015 deela-

1833 4072 1947 4111 rem
2008 4055 2354 4123 dilucideque
2410 4056 2669 4121 aperiam.
2729 4049 2939 4105 Etenim
2990 4066 3112 4120 quae
3168 4052 3237 4107 de
3298 4054 3400 4108 hac

1835 4147 2063 4201 materia
2092 4144 2329 4214 vulgavit
2354 4140 2648 4211 Origenes,
2692 4142 2792 4195 tibi
2822 4157 2998 4211 neque
3028 4151 3182 4211 grata
3222 4160 3402 4215 neque

1835 4247 2057 4307 accepta
2081 4244 2239 4291 sunt..
2265 4232 2399 4287 Novi
2433 4232 2680 4301 equidem
2704 4231 2861 4295 alios,
2895 4247 3099 4302 eosque
3128 4250 3235 4289 non
3266 4243 3401 4305 pad-

1835 4346 1952 4393 cos,
1984 4336 2208 4398 questus
2227 4324 2295 4379 de
2324 4324 2390 4377 iis
2416 4338 2537 4393 quae
2561 4333 2761 4377 temere
2788 4322 2854 4375 ab
2883 4321 2974 4376 illo
2997 4325 3206 4392 prolata
3239 4334 3398 4391 sunt,

1836 4418 2210 4488 plurimosque
2252 4413 2419 4467 fuisse
2442 4412 2533 4479 qui
2568 4419 2853 4481 propterea
2894 4412 3077 4466 animo
3109 4414 3401 4469 vehemen-

1836 4508 2044 4562 tissime
2072 4505 2480 4561 excruciantur.
2504 4500 2762 4555 Nonnulli
2794 4501 2921 4556 item
2945 4502 3091 4556 illius
3121 4520 3402 4559 commen-

1836 4599 2134 4653 tationibus
2196 4596 2585 4665 acquiescunt,
2644 4608 2959 4671 novumque
3013 4594 3207 4664 dogma
3261 4597 3403 4651 male

1838 4690 2111 4743 intrusum
2138 4686 2294 4740 facile
2321 4686 2753 4754 amplectuntur,
2789 4692 2843 4739 et
2872 4685 3190 4740 nominibus
3220 4686 3403 4755 potius

160 4783 229 4851 μὴ
259 4782 481 4851 δόξαιμι
528 4781 651 4835 κατ’
682 4781 915 4851 ἐμαυτὸν
952 4783 1133 4849 ἀγῶνα
1169 4781 1441 4836 δικανικὸν
1472 4784 1731 4852 εἰσάγειν,

1837 4796 2000 4851 quam
2026 4780 2208 4839 rebus,
2243 4778 2386 4847 quod
2418 4776 2560 4829 laeto
2582 4789 2720 4845 Opus
2750 4783 2916 4838 esset,
2943 4776 3187 4829 animum
3215 4777 3405 4831 adver-

158 4873 250 4925 οὐκ
278 4874 550 4926 ἀνοίκειον
579 4872 817 4942 ἠγοῦμαι
852 4875 1028 4926 πᾶσαν
1070 4873 1164 4943 μὲν
1192 4872 1325 4944 ὁμοῦ
1355 4873 1608 4941 συζεῦξαι
1639 4874 1737 4945 τὴν

1834 4878 1976 4925 tunt.
2014 4869 2089 4924 Ne
2136 4868 2299 4939 igitur
2337 4874 2529 4937 sponte
2570 4867 2787 4921 forense
2827 4882 2889 4921 ac
2943 4868 3401 4922 concertatorium

159 4962 413 5033 ἐξήγησιν
462 4962 632 5016 αὑτοῦ
679 4963 807 5033 τῇδε
847 4962 939 5016 τοῦ
986 4965 1308 5035 γράμματος
1343 4963 1637 5034 ὑπαγορίᾳ,
1668 4964 1736 5017 δι’

1835 4962 2092 5032 iudiciale
2114 4974 2286 5028 genus
2318 4958 2552 5013 subiisse
2587 4956 2805 5018 videar,
2844 4970 3023 5023 operte
3053 4956 3286 5025 pretium
3322 4954 3404 5009 fe—

161 5054 418 5122 Ξκατὲρου
471 5052 531 5105 δὲ
574 5054 847 5125 τρανῶσαι
879 5053 940 5106 τὸ
982 5054 1169 5122 σαφές·
1212 5055 1287 5118 ὡς
1321 5054 1385 5107 ἂν
1420 5056 1556 5125 μήτε
1593 5054 1739 5118 τινὲς

160 5142 342 5193 οἴοιντο
366 5145 726 5208 συκοφαντεῖν
752 5143 898 5213 ἡμᾶς
923 5144 1067 5205 ὅπως
1094 5142 1291 5214 δήποτε
1321 5142 1541 5207 δοξάσαι
1570 5159 1741 5215 προσ-

162 5232 453 5302 αχθέντας,
518 5232 642 5302 μήτ’
684 5228 750 5286 αὖ
812 5232 974 5288 πάλιν
1034 5233 1406 5307 ἀμφηρίστους
1452 5229 1590 5287 εἶναι
1642 5233 1742 5298 τὰς

161 5322 309 5388 δόξας
359 5325 671 5394 ἑκατέρων·
721 5323 922 5379 οἴονται
972 5326 1080 5397 γὰρ
1130 5329 1195 5379 ἐκ
1240 5327 1339 5397 τῆς
1398 5326 1741 5398 παραλλήλου

166 5414 500 5485 συγκρίσεως
526 5413 868 5477 ἀνεξετάζειν
901 5416 997 5486 μὲν
1024 5417 1171 5480 ὅπως
1199 5416 1297 5487 ἔχῃ
1318 5415 1472 5486 δόξης
1507 5416 1741 5483 ἑκάτερα

164 5506 226 5558 τὰ
254 5508 416 5577 μέρη,
460 5506 563 5576 τὴν
592 5506 851 5576 ἀμείνονα
883 5507 938 5559 δὲ
967 5508 1193 5578 γνώμην
1239 5509 1297 5575 ἐξ
1330 5511 1526 5579 ἀμφοῖν
1562 5510 1736 5579 αἱρεῖ-

166 5597 282 5650 σθαι
324 5600 453 5660 τοὺς
495 5597 829 5666 φιλολόγους.
869 5598 1005 5651 Οὕτε
1056 5600 1187 5668 γοῦν
1232 5603 1395 5664 ἵππος
1436 5601 1739 5671 ἀγωνιστὴς

165 5682 294 5741 εἶναι
344 5686 596 5760 κρίνεται
647 5688 868 5758 δόκιμος
920 5690 1094 5760 ἑαυτῷ
1118 5731 1149 5753 ,,
1175 5694 1389 5762 τρέχων
1440 5692 1729 5753 εὐσκε).ὡς,

165 5782 268 5837 οὐδ’
297 5786 347 5838 εἰ
374 5782 584 5855 σφόδρα
628 5781 827 5852 κοῦφος
870 5781 945 5833 ὣν
971 5781 1159 5853 ὥσπερ
1189 5784 1491 5856 ὑπόπτερος
1534 5784 1732 5837 ἐπιδεί-

1835 5055 2003 5109 cerim
2041 5052 2086 5107 si
2118 5066 2330 5105 omnem
2365 5049 2512 5103 illius
2552 5048 2945 5118 expositionem
2977 5062 3085 5100 una
3128 5062 3252 5101 cum
3295 5044 3399 5100 hac

1836 5161 1954 5199 mea
2019 5143 2313 5211 scriptione
2363 5139 2725 5210 coniungam,
2785 5144 2839 5192 et
2896 5139 3156 5209 utrinque
3204 5154 3394 5193 verum

1838 5236 2076 5304 aperiam
2104 5253 2116 5287 :
2144 5250 2211 5288 ne
2243 5233 2339 5286 ulli
2370 5230 2631 5303 opinandi
2662 5232 2733 5284 sit
2762 5230 2915 5284 locus
2945 5245 3046 5284 nos
3084 5239 3270 5301 aperte
3300 5245 3398 5284 ca-

1838 5326 2127 5388 lumniari,
2177 5324 2335 5395 quasi
2384 5321 2590 5377 homini
2630 5336 2821 5391 parum
2865 5322 3097 5391 ingenue
3128 5324 3403 5391 imposue-

1836 5418 2045 5483 rimus;
2088 5417 2318 5485 ideoque
2356 5414 2640 5485 utriusque
2682 5414 2985 5468 sententias
3029 5413 3223 5467 dubias
3256 5428 3398 5468 esse.

1837 5508 2142 5578 Opinantur
2170 5508 2315 5561 enim
2357 5506 2645 5574 utriusque
2672 5505 3078 5571 comparatione
3114 5504 3402 5573 utriusque

1836 5601 2010 5668 partis
2038 5600 2363 5652 sententiam
2408 5596 2600 5649 melius
2629 5593 2903 5659 discerni,
2940 5595 3193 5661 deinceps
3218 5593 3400 5662 philu-

1840 5694 1991 5761 logos
2017 5692 2081 5746 ad
2126 5691 2403 5745 meliorem
2438 5704 2558 5743 sese
2611 5688 2901 5757 applicare.
2936 5684 3056 5739 Non
3096 5686 3281 5754 itaque
3311 5685 3402 5741 ille

1839 5799 2013 5854 equus
2047 5788 2391 5839 concertator
2422 5795 2544 5837 esse
2578 5779 2806 5834 aliorum
2836 5775 3045 5849 judicio
3075 5774 3401 5845 comproba-
