4044 6324
647 375 753 435 (H9

1607 355 1666 412 S.
1704 352 2076 412 EUSTATHII
2104 350 2426 410 EPISCOPI
2474 349 2892 416 “(130(3le

646 501 705 555 tu
733 504 910 549 terra,
949 491 999 537 et
1022 478 1263 534 adorauit
1295 490 1411 530 eum
1430 475 1473 529 '.
1509 473 1854 530 Manifestum
1888 477 2073 544 itaque
2103 479 2216 536 est,

2332 469 2530 535 τούτοις
2555 470 2861 541 διαγορεύει
2885 471 2918 538 ή
2948 467 3069 522 θεία
3097 467 3315 539 Γραφής
3346 468 3453 523 Kal
3491 468 3646 538 ἐτνω
3669 470 3878 528 Σαοὺλ.

648 579 840 644 nullibi
884 574 1108 630 omnino
1142 581 1422 624 sacrarum
1471 566 1775 620 litterarum
1823 564 2020 619 seriem
2071 563 2216 617 aﬂir-

649 688 830 736 masse
858 684 954 740 per
979 664 1260 719 mulierem
1288 661 1433 714 illam
1464 657 1958 729 engastrimythum
1989 653 2220 709 Samue-

651 771 756 826 lem
804 765 1088 819 evocatum
1146 754 1336 808 “tisse.
1379 749 1486 804 Sed
1536 749 1626 804 illa
1676 747 1896 819 quidem
1943 747 1998 800 in
2030 747 2220 816 primis

654 873 751 930 per
798 853 1113 908 incitantem
1172 845 1345 914 ipsam
1377 841 1678 896 datmonem
1723 839 1858 894 dicit
1902 839 2055 893 illum
2098 852 2221 891 evo-

652 946 925 1009 candum;
962 937 1159 996 deinde
1209 943 1265 991 et
1299 935 1431 990 deos
1483 931 1842 988 ascendentes
1890 930 2074 985 videre
2106 931 2222 998 glo-

654 1041 825 1101 riata,
865 1029 1240 1089 fraudulenter
1282 1026 1439 1096 signa
1466 1024 1703 1080 hominis
1735 1021 1985 1078 tradebat
2006 1061 2020 1085 ,
2067 1030 2126 1076 ut
2155 1036 2222 1076 es

653 1126 871 1188 insidiis
897 1129 1208 1194 occuparet.
1244 1118 1310 1172 Et
1331 1117 1557 1174 demens
1582 1115 1714 1169 Saul
1748 1129 1814 1170 ex
1851 1115 1939 1168 his
1970 1127 2091 1183 qua
2118 1127 2221 1166 au-

653 1221 857 1287 dierat,
892 1215 1158 1272 intellexit
1180 1210 1325 1284 quod
1351 1211 1443 1264 ille
1463 1209 1579 1280 ipse
1609 1213 1755 1263 esset
1787 1204 2027 1260 Samuel.

728 1485 816 1541 IV.
846 1483 928 1539 An
979 1497 1108 1553 ergo
1148 1480 1281 1535 tides
1329 1475 1634 1534 adhibenda
1668 1476 1740 1534 sit
1773 1475 1859 1532 vel
1908 1489 1938 1529 a
1981 1474 2226 1530 damone

652 1587 848 1636 vexato
875 1574 1047 1637 Sauli,
1082 1573 1237 1643 quasi
1264 1585 1445 1625 veram
1476 1576 1834 1638 exactamque
1859 1565 2224 1636 cognitionem

653 1667 912 1729 haberet,
954 1663 1040 1718 vel
1098 1660 1330 1716 ἀκωοηί
1367 1659 1433 1714 de
1489 1664 1662 1715 semet
1708 1655 1944 1727 gloriose
1987 1653 2225 1721 loquenti

655 1757 1103 1834 promittentique
1123 1754 1194 1810 ab
1223 1752 1414 1808 inieris
1431 1753 1709 1820 justorum
1750 1747 1962 1801 animas
1993 1744 2225 1800 eductu-

2319 560 2408 614 ὅτι
2436 559 2715 630 rapam“
2742 561 2912 614 ἐστιν·
2935 555 3132 624 οὗτος,
3157 558 3254 612 καί
3277 560 3509 627 ἔκυψεν
3537 560 3634 614 ἐπὶ
3659 565 3880 630 πρόσω-

2322 667 2439 706 πον
2465 652 2650 706 αὑτοῦ
2677 652 2773 704 ἐπὶ
2804 653 2920 720 τὴν
2942 651 3076 721 γῆν,
3106 653 3203 705 καί
3231 654 3687 720 προσεκύνησεν
3709 653 3875 718 αὐτῷ.

2320 742 2572 796 Φαίνεται
2603 741 2780 796 τοίνυν
2809 742 2888 806 ὡς
2918 741 3155 811 οὐδαμοῦ
3188 741 3248 794 τὸ
3280 742 3540 813 παράπαν
3564 746 3596 815 ή
3629 743 3723 797 τοῦ
3747 743 3876 796 θείου

2321 833 2644 904 γράμματος
2668 834 2872 904 ἔφησεν
2909 831 3102 903 ἐκδοχὴ
3143 833 3234 886 τὸν
3267 832 3518 903 Σαμουὴλ
3545 836 3775 906 ἀνῆχθαι
3800 834 3879 887 tu

2321 926 2419 996 τῆς
2456 927 2909 997 ὲγγαστριμύθου·
2939 925 3054 980 ἀλλ’
3078 927 3215 995 αὐτὴ
3246 926 3342 996 μὲν
3366 928 3783 998 προηγουμένως
3800 924 3880 979 διὰ

2321 1017 2414 1072 τοῦ
2433 1019 2856 1089 ὲκόακχεύοντος
2870 1019 3008 1089 αὐτῇ
3027 1017 3094 1090 [Ῑ.
3117 1020 3307 1085 αὐτήν,
3325 1035 3370 1071 υ.
3388 1021 3445 1070 ὲν
3465 1019 3626 1091 αὐτῇ]
3641 1020 3880 1090 δαίμονος

2321 1112 2723 1179 ἀποφθέγγεται
2760 1111 2870 1164 δεῖν
2927 1111 3151 1179 ἀνάγειν
3175 1111 3356 1164 αὐτόν·
3422 1105 3542 1163 εἶτα
3594 1115 3690 1166 καὶ
3738 1113 3881 1172 θεοὺς

2321 1204 2568 1266 ἀνιόντας
2591 1201 2968 1272 ἑπικομποῦσα
2998 1203 3242 1274 θεωρεῖν,
3271 1204 3455 1274 ἀπάτῃ
3493 1203 3593 1273 μὲν
3616 1205 3782 1262 ἐδίδου
3817 1203 3881 1257 τά

2325 1296 2524 1363 σημεῖα
2573 1293 2796 1363 τάνδρὸς
2837 1295 2915 1355 εἰς
2967 1293 3206 1362 ἐνέδρανο
3251 1294 3282 1344 ό
3311 1294 3373 1346 δὲ
3412 1293 3716 1364 παράφρων
3751 1295 3884 1364 ἔγνω

2323 1384 2495 1436 Σαοὺλ
2533 1382 2591 1448 ἐξ
2627 1377 2704 1437 ὧν
2727 1383 2963 1453 ἀκήκοεν
2994 1383 3071 1446 ὡς
3099 1383 3261 1446 αὐτὸς
3291 1380 3442 1447 οὗτός
3470 1387 3586 1436 ἔστι
3619 1386 3878 1460 Σαμουὴλ.

2393 1470 2481 1526 iV.
2515 1474 2576 1527 El
2601 1473 2658 1525 δὲ
2687 1472 2770 1526 δεῖ
2795 1471 3068 1526 πιστεύειν
3093 1472 3126 1542 ἢ
3149 1471 3225 1542 τῷ
3253 1463 3680 1544 δαιμονιζομένῳ
3701 1475 3884 1536 Σαοὺλ,

2322 1565 2396 1627 ὡς
2429 1565 2602 1635 ἀληθῆ
2637 1565 2887 1633 γνώσεως
2911 1565 3238 1637 ήκρισωκότι
3267 1565 3586 1636 κατάληψιν,
3618 1566 3652 1637 ἢ
3683 1566 3887 1638 δαίμονι

2325 1656 2656 1727 καυχωμένῳ
2682 1656 2774 1709 καὶ
2799 1654 2976 1724 ψυχὰς
2997 1655 3409 1725 ὑπισχνουμένῳ
3441 1655 3665 1710 δικαίων
3685 1656 3745 1721 ὲξ
3770 1656 3888 1726 ᾅδου

2329 1745 2804 1818 μεταπέμπεσθαι,
2832 1746 3105 1818 κρίνωμεν
3138 1747 3266 1816 παρ’
3303 1746 3513 1809 ἑαυτοῖς
3550 1747 3683 1816 ὅσης
3714 1746 3780 1800 ἂν
3811 1747 3890 1815 stin

653 1867 802 1918 rum,
838 1852 1104 1913 internas
1125 1849 1275 1917 ipsos
1303 1843 1702 1914 dijudicemus,
1737 1839 2224 1904 discernamusque

2332 1855 2384 1906 γε
2428 1837 2736 1910 δυσφημίας
2769 1836 3032 1899 ἀνάπλεα,
3066 1836 3234 1890 ταῦτα
3266 1836 3359 1890 καὶ
3384 1837 3451 1890 τά
3478 1836 3703 1890 τοιαῦτα
3737 1841 3888 1899 νοεῖν,

655 1947 776 2003 hac
801 1951 856 2000 et
888 1941 1088 1998 similia
1121 1939 1222 1993 hoc
1252 1936 1414 1991 modo
1447 1934 1747 2001 intelligere
1767 1970 1780 1992 ,
1829 1943 1992 2000 quam
2023 1940 2223 1981 vanum

659 2038 994 2106 impiumque
1025 2033 1116 2095 sit,
1152 2045 1184 2083 ο
1215 2029 1416 2098 optime
1443 2025 1724 2080 hominum
1761 2020 2008 2089 Eutropi.
2029 2017 2224 2072 ﬂirum

657 2129 802 2182 enim
849 2129 1115 2194 quantum
1167 2134 1198 2172 a
1246 2119 1508 2179 veritate,
1563 2122 1624 2169 nt
1675 2113 1909 2177 videtur,
1964 2107 2226 2180 Origenes

659 2215 1015 2274 aberraverit.
1045 2211 1114 2266 Et
1152 2212 1198 2266 si
1237 2208 1500 2263 Dominus
1532 2213 1719 2262 noster
1763 2201 1922 2258 Iesus
1972 2201 2226 2255 Christus

657 2311 725 2366 de
752 2300 1382 2370 diabolodicat'-":lpse
1420 2296 1684 2352 homicida
1721 2303 1836 2348 erat
1866 2294 1930 2346 ab
1958 2293 2139 2356 initio,
2177 2300 2228 2344 et

657 2405 714 2459 ia
739 2402 954 2458 ueritate
993 2415 1097 2453 non
1146 2395 1321 2457 stetit;
1365 2391 1614 2464 quoniam
1655 2389 1846 2442 veritas
1889 2387 1943 2438 in
1983 2387 2094 2453 ipso
2123 2400 2225 2436 non

655 2501 792 2548 erat.
825 2491 960 2545 Cum
980 2489 1216 2559 loquitur
1248 2483 1600 2545 mendacium.
1635 2495 1698 2533 ea:
1725 2468 1949 2544 propriis
1974 2475 2222 2543 loquitur,

659 2584 904 2653 quoniam
939 2578 1164 2633 mendas:
1191 2585 1266 2630 est
1285 2615 1300 2638 ,
1331 2584 1377 2628 et
1401 2582 1550 2642 pater
1589 2571 1790 2640 ipsius:
1824 2567 1953 2637 quid
1977 2567 2089 2630 hic,
2109 2567 2189 2620 ais
2211 2604 2226 2628 ,

659 2671 956 2743 Origenes?
991 2668 1152 2722 Prius
1179 2669 1325 2722 enim
1357 2661 1774 2734 interrogandus
1818 2677 1879 2716 cs
1911 2679 1921 2711 :
1960 2658 2083 2714 Haec
2109 2673 2228 2728 qua:

661 2763 910 2819 Salvator
936 2761 1075 2815 dixit
1099 2773 1228 2813 vera
1259 2766 1407 2817 sunt,
1431 2771 1498 2809 an
1525 2753 1864 2824 respondens
1888 2750 2227 2807 contrarium

659 2852 847 2909 dices?
874 2851 1062 2919 itaque
1098 2849 1144 2903 si
1169 2846 1333 2900 verba
1369 2843 1583 2896 Domini
1615 2842 1682 2896 de
1725 2855 1877 2895 mare
1906 2853 2032 2893 vera
2065 2843 2226 2901 sunt,

658 2957 789 3015 ergo
837 2941 1048 2996 damon
1107 2936 1367 2990 audacter
1419 2933 1759 2993 insolescens
1807 2928 2067 2984 mentitus
2123 2935 2226 2982 est.

658 3032 862 3092 Verum
893 3029 941 3088 si
974 3029 1238 3085 daemonis
1279 3039 1561 3082 sermones
1593 3024 1806 3080 veritati
1843 3037 1950 3076 non
1991 3021 2230 3076 absonos

660 3124 877 3189 definis,
911 3120 1229 3176 mendaeem
1261 3117 1549 3172 Dominum
1576 3116 1764 3184 utique
1794 3111 1964 3166 audes
2007 3110 2232 3166 demon-

662 3224 856 3271 strare.
901 3210 1136 3266 Videsne
1174 3223 1338 3279 quam
1391 3208 1638 3261 incnlcas
1706 3203 2066 3264 sententiam,
2110 3193 2298 3271 quac

660 3302 898 3360 absurda
933 3303 1222 3370 ineptaque
1247 3297 1556 3351 contineat?
1582 3295 1920 3363 Quandoque
1950 3293 2092 3345 enim
2126 3291 2232 3344 dae-

660 3407 850 3450 mones
878 3392 947 3446 ad
985 3390 1271 3444 veritatem
1303 3385 1588 3439 dicendam
1615 3388 1666 3437 vi
1706 3384 2109 3452 compelluntur
2137 3383 2234 3436 do-

661 3483 870 3538 loribus
892 3481 1020 3536 torti
1056 3498 1068 3533 :
1100 3486 1475 3533 verumtamen
1508 3476 1643 3528 nihil
1676 3488 1905 3543 usquam
1929 3473 2234 3526 voluntarie

660 3576 780 3632 sine
811 3574 1094 3628 mendacio
1136 3569 1394 3624 dixerint.
1441 3565 1649 3620 Tamen
1690 3565 1735 3620 si
1772 3565 1898 3633 quis
1933 3565 2230 3618 daemonem

657 3665 839 3736 justos
875 3663 944 3718 ab
972 3660 1163 3716 inieris
1193 3672 1423 3714 evocare
1453 3655 1776 3718 aliirmabit,
1823 3653 2094 3724 quomodo
2119 3667 2235 3705 ma-

663 3755 922 3812 nifestum
952 3767 1065 3808 non
1109 3751 1250 3814 erit,
1291 3748 1481 3803 fraude
1517 3746 1860 3802 mendacium
1904 3744 2230 3808 obtrudere,

665 3848 757 3902 illo
777 3846 958 3901 animo
980 3855 1038 3899 ut
1061 3844 1292 3912 aliquem
1319 3841 1653 3910 praecipitem
1676 3846 1857 3891 actum
1881 3836 2236 3891 consternat?

665 3939 744 3994 Ita
767 3947 882 4002 est,
915 3938 990 3990 ait
1018 3956 1030 3990 :
1057 3933 1124 3989 At
1159 3937 1249 3989 illa
1279 3933 1491 3988 daemon
1535 3932 1719 3986 nullus
1759 3930 1956 3986 etl'atus
1985 3939 2102 3995 est,
2140 3929 2236 3983 sed

664 4045 897 4090 narrans
925 4028 1212 4098 scriptoris
1245 4041 1382 4091 vos;
1412 4039 1732 4080 sermonum
1759 4036 1887 4077 vero
1912 4022 2235 4090 scriptorem

662 4139 785 4181 esse
812 4121 1073 4192 Spiritum
1106 4129 1385 4180 sanctum,
1421 4125 1474 4172 et
1498 4133 1606 4172 non
1637 4116 1912 4170 hominem
1936 4114 2233 4168 credimus.

658 4215 828 4274 Forte
861 4216 1022 4272 seriei
1069 4212 1399 4268 narrationis
1446 4211 1744 4283 pugnantia
1779 4211 1834 4264 in
1876 4209 2113 4263 medium
2155 4207 2237 4260 af-

663 4310 808 4367 ferre
846 4324 959 4367 non
1012 4309 1168 4376 plane
1215 4304 1510 4375 intelligis?
1575 4301 1799 4356 Rectius
1862 4301 2080 4370 itaque,
2141 4298 2234 4368 qui

664 4399 1038 4470 paulatim‘ad
1071 4397 1393 4452 omnifarios
1429 4409 1712 4450 sermones
1765 4393 2007 4447 animum
2056 4393 2237 4444 inten-

667 4495 795 4547 dere
846 4497 1149 4553 noverunt,
1200 4485 1496 4541 tradidisse
1559 4484 1896 4539 narrativam
1950 4482 2234 4552 scriptoris

669 4583 1033 4646 locutionem,
1072 4594 1193 4649 ῳιαι
1228 4579 1515 4636 videbatur
1561 4575 1739 4630 facere
1778 4573 1861 4628 vel
1900 4573 2084 4628 dicere
2115 4588 2238 4628 ora-

667 4674 813 4738 cula,
841 4672 1040 4741 petenti
1072 4670 1222 4726 Sauli
1255 4667 1724 4739 engastrimythus
1747 4705 1762 4728 ,
1795 4665 1862 4718 de
1897 4679 1959 4718 ea
1990 4663 2239 4718 videlicet

669 4768 860 4816 auctor
887 4774 1122 4816 narrans
1153 4759 1386 4828 ejusque
1433 4756 1498 4809 ad
1549 4756 1773 4810 verbum
1812 4769 2094 4809 sermones
2137 4769 2236 4807 ex-

669 4868 914 4924 ponens,
955 4850 1130 4922 inquit
1197 4870 1210 4904 :
1248 4847 1326 4905 Et
1359 4847 1498 4901 dixit
1538 4847 1726 4902 mulier
1754 4865 1772 4900 :
1808 4847 1975 4911 Quem
2015 4844 2236 4900 evocabo

663 4944 806 5000 tibi?
835 4942 970 5010 Quis
997 4944 1071 4998 ita
1101 4957 1293 4997 vecors
1323 4947 1376 4992 et
1407 4939 1638 4997 stolidus
1667 4938 1792 5000 erit,
1829 4944 1889 4990 ut
1928 4936 2146 4993 simulet
2177 4952 2238 4992 se

668 5036 893 5091 minime
925 5049 1150 5104 capere,
1183 5048 1345 5086 voces
1386 5032 1485 5086 has
1516 5031 1800 5100 scriptoris
1833 5028 2057 5083 minime
2080 5043 2235 5088 esse.

668 5126 767 5182 sed
819 5126 1061 5180 mulieris
1103 5141 1133 5179 a
1163 5124 1408 5182 daemone.
1441 5123 1680 5178 vexatae?
1722 5121 1881 5177 Certe
1913 5123 1959 5176 si
2009 5123 2140 5192 quid
2180 5121 2235 5175 in

671 5217 774 5272 hac
795 5231 855 5272 re
877 5231 1062 5270 verum
1095 5218 1479 5284 sincerumque
1499 5216 1587 5278 sit,
1619 5215 1926 5285 perspicere
1952 5207 2236 5277 debemus,

668 5306 914 5361 narratio
935 5304 1070 5359 illud
1107 5313 1314 5359 tantum
1347 5305 1538 5359 habuit
1576 5325 1587 5358 :
1635 5304 1774 5358 Vidit
1799 5304 1989 5358 mulier
2013 5285 2237 5358 Samue-

666 5399 792 5456 lem.
854 5394 980 5452 Haec
1043 5413 1204 5466 porro
1250 5399 1325 5453 ita
1384 5405 1709 5467 prosecutus
1763 5407 1848 5452 est
1907 5394 2236 5466 scriptione,

670 5489 828 5560 quasi
858 5489 928 5543 ad
962 5489 1185 5545 minime
1208 5491 1423 5559 ignaros
1448 5489 1514 5544 de
1538 5488 1872 5544 daemoniaca
1899 5489 2233 5559 loqueretur.

671 5577 858 5652 Neque
881 5580 1027 5634 enim
1055 5579 1279 5636 dubium
1304 5595 1427 5637 esse
1449 5581 1642 5647 debet,
1671 5581 1970 5639 damonem
2007 5579 2100 5652 qui
2127 5583 2243 5652 pio-

773 5758 849 5818 ⁸1
873 5758 998 5829 Reg.
1026 5776 1217 5830 uvm,
1253 5760 1432 5818 12-14.
1505 5763 1600 5796 ὀιο
1634 5759 1796 5820 Ιοαιι.
1829 5779 1945 5834 vni,
1968 5763 2057 5823 44.

2325 1923 2370 1982 ὦ
2414 1930 2669 2000 κράτιστε
2700 1929 2908 2002 ἀνδρῶν
2940 1929 3204 2000 Εὐτρόπιε
3223 1946 3237 1958 ’
3267 1929 3400 1982 πολὺ
3433 1927 3563 2000 γὰρ,
3598 1929 3678 1991 ὡς
3698 1930 3891 1992 ἔοικεν,

2337 2023 2615 2094 Ὠριγένης
2635 2025 2732 2094 τῆς
2765 2021 3020 2094 ἀληθείας
3042 2021 3271 2090 ἐσφάλη
3305 2021 3475 2074 καίτοι
3511 2020 3608 2074 τοῦ
3625 2021 3893 2074 Δεσπότου

2324 2117 2481 2184 ήμῶν
2521 2113 2692 2184 Ἰησοῦ
2741 2112 2974 2183 Χριστοῦ
3026 2115 3153 2184 περὶ
3197 2113 3289 2166 τοῦ
3327 2114 3571 2167 διαϐόλου
3597 2115 3894 2184 διαρρήδην

2325 2205 2622 2275 εἰρηκότος·
2657 2204 2918 2269 Ἐκεῦοος
2941 2205 3431 2272 ἀνθρωποκτόνος
3452 2201 3531 2274 ἦν
3557 2205 3661 2257 ἀπ’
3683 2202 3894 2272 ἀρχῆς,

2325 2293 2422 2345 καὶ
2449 2293 2518 2345 ἐν
2548 2291 2621 2359 τῇ
2653 2293 2906 2360 ἀληθείᾳ
2931 2296 3041 2363 οὐχ
3084 2293 3359 2360 ἔστηκεν,
3389 2293 3478 2346 ὅτι
3504 2293 3758 2358 ἀλήθεια
3789 2294 3897 2345 οὐκ

2325 2380 2496 2432 ἐστιν
2539 2379 2610 2432 ἐν
2636 2379 2813 2445 αὐτῷ.
2855 2383 3029 2433 Ὅταν
3070 2381 3232 2450 ,λαλῇ
3283 2383 3346 2435 τὸ
3397 2383 3621 2449 ψεῦδος
3673 2383 3744 2435 ἐκ
3783 2380 3899 2434 τῶν

2325 2477 2487 2530 ὶδίων
2513 2477 2706 2540 λαλεῖ,
2741 2476 2828 2529 ὅτι
2866 2478 3135 2545 ψεύστης
3174 2478 3303 2532 ἐστὶ
3348 2479 3446 2530 καί
3491 2481 3523 2531 ό
3563 2477 3763 2545 πατὴρ
3799 2483 3901 2534 αὐε-

2326 2569 2451 2622 τοῦ.
2484 2570 2548 2621 Τί
2579 2568 2754 2621 τοίνυν
2783 2570 2905 2639 φῂς,
2939 2563 2986 2621 ὦ
3033 2569 3335 2638 Ὠρίγενες;
3370 2570 3578 2638 ἀνάγκη
3618 2571 3729 2641 γάρ
3781 2571 3903 2638 ερὲ-

2329 2660 2452 2713 σθαι
2499 2678 2554 2712 σε
2603 2661 2849 2732 πότερον,
2885 2659 3058 2730 ἀληθῆ
3105 2661 3275 2714 ταῦτά
3315 2663 3461 2713 ἐστιν
3487 2661 3628 2735 ἅπερ
3662 2661 3902 2734 ἔφρασεν

2327 2755 2356 2804 ὁ
2389 2753 2595 2823 Σωτὴρ,
2627 2753 2659 2822 ἦ
2690 2752 2997 2805 τούναντίον
3041 2751 3426 2823 ἀνθυπόφέρων
3468 2755 3647 2822 ipsis;
3694 2755 3763 2807 El
3807 2754 3904 2825 μιν

2329 2840 2420 2895 οὖν
2455 2843 2673 2914 ἀληθεῖς
2700 2846 2748 2896 οἱ
2780 2843 2874 2896 τοῦ
2909 2844 3111 2915 Κυρίου
3149 2843 3473 2914 τυγχάνουσι
3500 2845 3685 2912 λόγοι,
3715 2846 3906 2898 εἰωθό-

2329 2952 2456 3005 τως,
2488 2935 2592 3006 ἀρα
2639 2937 2667 2989 ὁ
2713 2935 2920 3005 δαίμων
2969 2934 3234 3005 ὶψεύσατο
3280 2933 3707 3008 θρασυνόμενος·
3747 2939 3797 2990 εί
3842 2937 3904 2991 δὲ

2332 3027 2532 3096 ἀψευδῆ
2561 3026 2627 3078 τὰ
2658 3027 2750 3079 τοῦ
2778 3027 3026 3097 δαίμονος
3057 3027 3213 3098 ὁρίζῃ
3239 3029 3476 3098 ῥήματα,
3505 3028 3742 3099 ψεύστην
3764 3031 3906 3083 ἀπο-

2335 3121 2496 3189 φῆναι
2524 3119 2613 3171 τὸν
2647 3119 2846 3190 Κύριον
2875 3121 3159 3190 ὲγχειρεῖς·
3185 3121 3315 3190 ὁρᾷς
3350 3123 3431 3184 είς
3461 3123 3592 3189 ὅσην
3617 3121 3910 3174 ἐκπέπτω-

2334 3229 2426 3265 κεν
2458 3212 2682 3264 ἀτοπίαν
2712 3213 2742 3262 ὁ
2772 3209 2919 3282 παρά
2942 3211 3026 3262 σοὶ
3052 3211 3502 3282 δογματιζόμενος
3521 3214 3676 3281 ὄροςς
3708 3215 3910 3265 ’Διων-

2332 3321 2422 3367 τες
2451 3304 2547 3373 μὲν
2571 3306 2679 3375 γάρ
2702 3304 2810 3357 ἔσθ’
2837 3306 2926 3378 δτε
2951 3303 3158 3374 τάληθῆ
3181 3304 3356 3370 λέγειν
3379 3305 3428 3356 oi
3453 3305 3704 3375 δαίμονες
3732 3307 3911 3373 ἀναγ-

2333 3394 2586 3458 κάζονται
2627 3395 3037 3464 στρεϐλούμενοι
3067 3398 3178 3458 τοῖς
3211 3397 3412 3458 πόνοις,
3458 3396 3518 3448 ού
3551 3395 3655 3466 μὴν
3683 3394 3911 3459 ἑκόντες

2332 3484 2577 3552 ἀψευδῶς
2616 3486 2818 3538 εἴποιεν
2860 3485 2925 3540 ἂν
2949 3483 3144 3537 ὁτιοῦν.
3179 3485 3241 3536 El
3262 3483 3320 3536 δὲ
3350 3483 3433 3537 δεῖ
3559 3484 3622 3556 δὴ
3657 3483 3733 3538 uel
3760 3485 3912 3556 δεῖν)

2334 3579 2425 3630 καὶ
2461 3576 2700 3638 δικαίους
2735 3576 2955 3643 ἀνάγειν
2975 3573 3036 3640 ἐξ
3062 3576 3187 3646 ᾅδου
3198 3576 3384 3629 τοῦτον
3409 3577 3632 3648 ὁριεῖταί
3651 3593 3731 3639 τις
3761 3576 3919 3647 ἀμε-

2333 3666 2474 3736 λητὶ,
2510 3666 2626 3729 πῶς
2657 3667 2758 3719 οὐκ
2801 3667 2866 3720 ἂν
2899 3666 2985 3735 εἴη
3015 3682 3079 3733 γε
3112 3668 3280 3735 σαφὲς
3306 3668 3383 3731 ὡς
3408 3668 3591 3738 ἀπάτῃ
3619 3667 3678 3720 τὸ
3706 3667 3914 3737 ψεῦδος

2334 3758 2673 3825 ἀντεισάγει,
2723 3757 3039 3828 βουλόμενος
3085 3758 3508 3829 ὲκτραχηλιάσαι
3554 3756 3704 3819 τινά;
3756 3757 3911 3822 Ναὶ,

2337 3850 2520 3920 φησὶν,
2553 3850 2666 3903 ἀλλ’
2699 3851 2798 3920 οὐχ
2829 3851 2858 3902 ὁ
2899 3850 3108 3920 δαίμων
3154 3849 3325 3905 ταῦτα
3353 3851 3590 3921 εἴρηκεν,
3621 3849 3731 3902 ἀλλ’
3763 3851 3800 3920 ἡ
3825 3849 3916 3902 δι·-

2336 3941 2651 4013 ηγηματικὴ
2697 3942 2787 3994 τοῦ
2821 3943 3173 4012 συγγραφέως
3229 3944 3414 4011 φωνή·
3461 3941 3805 4010 συγγραφεὺς
3841 3940 3914 3995 ἃ

2335 4033 2443 4085 τῶν
2475 4033 2646 4100 λόγων
2676 4029 2816 4088 εἶναι
2851 4034 3204 4088 πεπίστευται
3243 4033 3304 4085 τὸ
3351 4031 3572 4102 Πνεῦμα
3612 4032 3673 4085 τὸ
3721 4031 3910 4097 ἅγιον,

2335 4125 2448 4177 ἀλλ’
2481 4125 2578 4177 ούκ
2608 4124 2907 4194 ἄνθρωπος.
2957 4121 3068 4179 Εἶτ’
3106 4126 3168 4178 ού
3201 4128 3307 4202 νοεῖ
3338 4125 3454 4188 πῶς
3480 4126 3694 4183 ἐναντία
3721 4127 3910 4194 φαίνει

2335 4219 2400 4286 τῇ
2430 4216 2522 4268 τοῦ
2571 4217 2905 4286 διηγήματος
2949 4217 3178 4287 ὲκδοχῇ;
3230 4216 3460 4271 Κάλλιον
3511 4213 3604 4270 οὖν
3643 4217 3818 4270 ἴσασιν
3854 4220 3908 4271 οε

2338 4306 2606 4370 παντοίοις
2648 4308 3015 4377 σχολαιότερον
3069 4308 3426 4378 ὁμιλήσαντες
3483 4306 3680 4375 λόγοις,
3731 4307 3808 4372 ὼς
3867 4311 3902 4377 ἡ

2335 4397 2702 4468 διηγηματικὴ
2732 4397 2824 4451 τοῦ
2871 4400 3228 4470 συγγραφέως
3258 4398 3560 4469 ὁμιλήσασα
3585 4397 3752 4452 ταῦτα
3786 4396 3908 4463 ἑξό-

2339 4487 2529 4552 δωκεν,
2561 4490 2706 4560 άπερ
2747 4489 2918 4543 ἐδόκει
2963 4491 3220 4562 πράττειν
3261 4489 3503 4560 ἥλέγειν
3529 4487 3606 4557 τῷ
3646 4505 3910 4557 μαντευο-

2345 4578 2490 4649 μένῳ
2525 4578 2696 4632 Σαοὺλ
2744 4581 2777 4648 ή
2811 4578 3263 4652 ὲγγασυιτρίμυθος⁹
3295 4578 3484 4647 ἀμέλει
3527 4577 3652 4648 περὶ
3687 4577 3906 4650 ἐκείνης

2340 4669 2756 4738 ἐκδιηγούμενος
2789 4671 2819 4722 ὁ
2853 4671 3218 4740 συγγραφεὺς,
3252 4669 3344 4722 καὶ
3370 4670 3497 4732 τοὺς
3523 4667 3708 4734 λόγους
3732 4667 3906 4739 αὐτῆς

2340 4758 2431 4810 ἐπὶ
2475 4758 2669 4823 λέξεως
2715 4760 3077 4831 ἐκτιθέμενος,
3131 4760 3256 4831 ἔφη·
3292 4759 3400 4813 Καὶ
3441 4756 3608 4812 εἶπεν
3645 4759 3680 4825 ἡ
3724 4759 3901 4828 γυνή·

2353 4849 2491 4905 Τίνα
2518 4850 2791 4921 civ-ardre)
2815 4867 2947 4915 eros;
2981 4852 3076 4915 Τίς
3107 4852 3165 4903 δὲ
3197 4850 3370 4914 οὓτως
3406 4849 3606 4921 εὐήθης
3657 4851 3802 4907 ἐστὶν
3828 4851 3907 4916 ὡς

2340 4941 2684 5010 ὑποκρίνεται
2711 4943 2776 5013 if.
2805 4942 3214 5016 ὑποκρίνεσθαι]
3232 4944 3303 5015 μὴ
3334 4946 3492 5007 νοεῖν,
3521 4944 3603 4997 ὅτι
3628 4938 3783 4998 αὗται
3803 4943 3908 5013 μὲν

2343 5031 2437 5084 τοῦ
2464 5032 2819 5104 συγγραφέως
2841 5033 2940 5087 οὔκ
2950 5034 3054 5086 είσι
3069 5036 3261 5101 φωναὶ,
3277 5034 3374 5102 τῆς
3387 5031 3785 5105 δὲδαιμονὼσης
3798 5033 3909 5085 sici

2345 5125 2596 5192 γυναικός
2619 5142 2632 5190 ;
2661 5124 2820 5177 Ἀλλὰ
2835 5124 2940 5195 μὴν
2969 5124 3080 5191 εἴγε
3096 5125 3177 5178 δεῖ
3191 5125 3497 5196 φιλαλήθως
3519 5127 3712 5186 εἰπεῖν,
3735 5126 3768 5195 ἡ
3791 5123 3909 5196 διη-

2344 5216 2621 5287 γηματικὴ
2643 5215 2835 5269 τοῦτον
2851 5216 2913 5284 (f.
2945 5215 3124 5285 τοῦτο)
3148 5217 3317 5288 ἔφησε
3341 5219 3519 5288 μόνον,
3545 5217 3642 5280 ὡς,
3671 5212 3848 5269 Eme?
3869 5218 3907 5286 ἡ

2346 5308 2497 5376 γυνὴ
2511 5307 2617 5360 τὸν
2645 5306 2946 5376 Σαμουὴλ·
2965 5308 3134 5371 οὕτως
3151 5309 3208 5362 δὲ
3237 5308 3406 5362 ταῦτα
3419 5308 3654 5381 ἔγραψεν
3669 5308 3744 5370 ὡς

2343 5396 2548 5459 είδὸτας
2573 5398 2700 5467 περὶ
2724 5397 3062 5467 δαιμονώσης
3078 5397 3298 5468 ὁμιλῶν.
3314 5399 3389 5452 Οὐ
3404 5399 3509 5469 γάρ
3533 5402 3679 5452 ἐστιν
3706 5400 3886 5466 ἀμφισ

2343 5488 2544 5560 σητεῖν,
2565 5491 2644 5542 ὅτι
2668 5489 2876 5558 δαίμων
2893 5490 2992 5546 οὐκ
3020 5489 3208 5558 ἀνάγει
3231 5490 3413 5562 ψυχήν
3432 5489 3669 5553 οὐδενὸς,
3695 5487 3778 5552 ὃς,
3804 5487 3911 5541 ὑπὸ

2344 5580 2452 5636 τῶν
2467 5579 2705 5634 εὺσεσῶν
2719 5579 3030 5648 ὁριζόμενος
3052 5580 3149 5636 ἀνθ
3157 5582 3371 5653 ρώπων,
3387 5577 3690 5646 ludunt,
3709 5577 3912 5652 πυροῦ-
