  <div class='ocr_page' id='page_1' title='image "/cluster/home/n/w/nwhite01/storage/ocr_20150623/18/pst.000005712038/329.png"; bbox 0 0 4044 6324; ppageno 0'>
   <div class='ocr_carea' id='block_1_1' title="bbox 619 403 725 458">
    <p class='ocr_par' dir='ltr' id='par_1_1' title="bbox 619 403 725 458">
     <span class='ocr_line' id='line_1_1' title="bbox 619 403 725 458; baseline 0 0"><span class='ocrx_word' id='word_1_1' title='bbox 619 403 725 458; x_wconf 68' lang='lat'><strong>6.35</strong></span> 
     </span>
    </p>
   </div>
   <div class='ocr_carea' id='block_1_2' title="bbox 1571 390 2842 454">
    <p class='ocr_par' dir='ltr' id='par_1_2' title="bbox 1571 390 2842 454">
     <span class='ocr_line' id='line_1_2' title="bbox 1571 390 2842 454; baseline -0.006 -1"><span class='ocrx_word' id='word_1_2' title='bbox 1571 399 1630 453; x_wconf 89' lang='lat' dir='ltr'><strong>S.</strong></span> <span class='ocrx_word' id='word_1_3' title='bbox 1674 393 2044 454; x_wconf 77' lang='lat' dir='ltr'><strong>EUSTATHII</strong></span> <span class='ocrx_word' id='word_1_4' title='bbox 2076 391 2382 449; x_wconf 76' lang='lat' dir='ltr'><strong>EPISCOPI</strong></span> <span class='ocrx_word' id='word_1_5' title='bbox 2428 390 2842 448; x_wconf 75' lang='lat' dir='ltr'><strong>ANTIOCHENI</strong></span> 
     </span>
    </p>
   </div>
   <div class='ocr_carea' id='block_1_3' title="bbox 3755 391 3856 446">
    <p class='ocr_par' dir='ltr' id='par_1_3' title="bbox 3755 391 3856 446">
     <span class='ocr_line' id='line_1_3' title="bbox 3755 391 3856 446; baseline 0.02 -2"><span class='ocrx_word' id='word_1_6' title='bbox 3755 391 3856 446; x_wconf 64' lang='grc' dir='ltr'>σοι</span> 
     </span>
    </p>
   </div>
   <div class='ocr_carea' id='block_1_4' title="bbox 616 507 2187 582">
    <p class='ocr_par' dir='ltr' id='par_1_4' title="bbox 616 513 2187 582">
     <span class='ocr_line' id='line_1_4' title="bbox 616 513 2187 582; baseline -0.004 -13"><span class='ocrx_word' id='word_1_7' title='bbox 616 515 697 569; x_wconf 83' lang='lat' dir='ltr'><strong>dit</strong></span> <span class='ocrx_word' id='word_1_8' title='bbox 726 515 978 577; x_wconf 67' lang='lat' dir='ltr'><strong>Dominus</strong></span> <span class='ocrx_word' id='word_1_9' title='bbox 1017 515 1232 582; x_wconf 72' lang='lat' dir='ltr'><strong>spiritus</strong></span> <span class='ocrx_word' id='word_1_10' title='bbox 1281 513 1538 566; x_wconf 75' lang='lat' dir='ltr'><strong>mendacii</strong></span> <span class='ocrx_word' id='word_1_11' title='bbox 1578 515 1632 566; x_wconf 75' lang='lat' dir='ltr'><strong>in</strong></span> <span class='ocrx_word' id='word_1_12' title='bbox 1671 529 1761 568; x_wconf 83' lang='lat' dir='ltr'><strong>ore</strong></span> <span class='ocrx_word' id='word_1_13' title='bbox 1794 515 2024 566; x_wconf 74' lang='lat' dir='ltr'><strong>omnium</strong></span> <span class='ocrx_word' id='word_1_14' title='bbox 2075 527 2187 579; x_wconf 85' lang='lat' dir='ltr'><strong>pro-</strong></span> 
     </span>
    </p>
   </div>
   <div class='ocr_carea' id='block_1_5' title="bbox 2289 507 3855 582">
    <p class='ocr_par' dir='ltr' id='par_1_5' title="bbox 2303 507 3855 578">
     <span class='ocr_line' id='line_1_5' title="bbox 2303 507 3855 578; baseline -0.001 -17"><span class='ocrx_word' id='word_1_15' title='bbox 2303 509 2668 575; x_wconf 76' lang='grc' dir='ltr'>Ἄπατήσεις,</span> <span class='ocrx_word' id='word_1_16' title='bbox 2700 511 2800 562; x_wconf 77' lang='grc' dir='ltr'>καί</span> <span class='ocrx_word' id='word_1_17' title='bbox 2824 525 2892 578; x_wconf 73' lang='grc' dir='ltr'>γε</span> <span class='ocrx_word' id='word_1_18' title='bbox 2925 507 3190 577; x_wconf 77' lang='grc' dir='ltr'>δυνήσῃ.</span> <span class='ocrx_word' id='word_1_19' title='bbox 3215 508 3326 562; x_wconf 72' lang='grc' dir='ltr'><strong>Καὶ</strong></span> <span class='ocrx_word' id='word_1_20' title='bbox 3354 508 3471 562; x_wconf 82' lang='grc' dir='ltr'><strong>νῦν</strong></span> <span class='ocrx_word' id='word_1_21' title='bbox 3496 507 3645 570; x_wconf 78' lang='grc' dir='ltr'><strong>ιδοὺ,</strong></span> <span class='ocrx_word' id='word_1_22' title='bbox 3676 510 3855 577; x_wconf 64' lang='grc' dir='ltr'>φησιν,</span> 
     </span>
    </p>
   </div>
   <div class='ocr_carea' id='block_1_6' title="bbox 617 603 2188 678">
    <p class='ocr_par' dir='ltr' id='par_1_6' title="bbox 617 603 2188 678">
     <span class='ocr_line' id='line_1_6' title="bbox 617 603 2188 678; baseline -0.004 -17"><span class='ocrx_word' id='word_1_23' title='bbox 617 607 892 678; x_wconf 75' lang='lat' dir='ltr'><strong>phetarum</strong></span> <span class='ocrx_word' id='word_1_24' title='bbox 925 617 1136 658; x_wconf 79' lang='lat' dir='ltr'><strong>tuorum</strong></span> <span class='ocrx_word' id='word_1_25' title='bbox 1186 607 1275 674; x_wconf 85' lang='lat' dir='ltr'><strong>qui</strong></span> <span class='ocrx_word' id='word_1_26' title='bbox 1314 605 1397 657; x_wconf 81' lang='lat' dir='ltr'><strong>hic</strong></span> <span class='ocrx_word' id='word_1_27' title='bbox 1433 615 1578 667; x_wconf 77' lang='lat' dir='ltr'><strong>sunt,</strong></span> <span class='ocrx_word' id='word_1_28' title='bbox 1616 613 1664 658; x_wconf 82' lang='lat' dir='ltr'><strong>et</strong></span> <span class='ocrx_word' id='word_1_29' title='bbox 1697 604 1951 657; x_wconf 70' lang='lat' dir='ltr'><strong>Dominus</strong></span> <span class='ocrx_word' id='word_1_30' title='bbox 1985 603 2188 656; x_wconf 78' lang='lat' dir='ltr'><strong>locutus</strong></span> 
     </span>
    </p>
   </div>
   <div class='ocr_carea' id='block_1_7' title="bbox 614 694 2187 765">
    <p class='ocr_par' dir='ltr' id='par_1_7' title="bbox 614 694 2187 765">
     <span class='ocr_line' id='line_1_7' title="bbox 614 694 2187 765; baseline -0.004 -12"><span class='ocrx_word' id='word_1_31' title='bbox 614 707 696 754; x_wconf 73' lang='lat' dir='ltr'><strong>est</strong></span> <span class='ocrx_word' id='word_1_32' title='bbox 722 708 910 751; x_wconf 80' lang='lat' dir='ltr'><strong>contra</strong></span> <span class='ocrx_word' id='word_1_33' title='bbox 939 707 986 750; x_wconf 84' lang='lat' dir='ltr'><strong>te</strong></span> <span class='ocrx_word' id='word_1_34' title='bbox 1016 697 1178 750; x_wconf 82' lang='lat' dir='ltr'><strong>mula.</strong></span> <span class='ocrx_word' id='word_1_35' title='bbox 1216 696 1355 765; x_wconf 83' lang='lat' dir='ltr'><strong>Ergo</strong></span> <span class='ocrx_word' id='word_1_36' title='bbox 1385 698 1430 750; x_wconf 88' lang='lat' dir='ltr'><strong>si</strong></span> <span class='ocrx_word' id='word_1_37' title='bbox 1465 697 1714 765; x_wconf 77' lang='lat' dir='ltr'><strong>spiritum</strong></span> <span class='ocrx_word' id='word_1_38' title='bbox 1745 695 1887 751; x_wconf 81' lang='lat' dir='ltr'><strong>hunc</strong></span> <span class='ocrx_word' id='word_1_39' title='bbox 1911 694 2003 763; x_wconf 85' lang='lat' dir='ltr'><strong>qui</strong></span> <span class='ocrx_word' id='word_1_40' title='bbox 2037 709 2187 747; x_wconf 84' lang='lat' dir='ltr'><strong>men-</strong></span> 
     </span>
    </p>
   </div>
   <div class='ocr_carea' id='block_1_8' title="bbox 615 784 2192 856">
    <p class='ocr_par' dir='ltr' id='par_1_8' title="bbox 615 784 2192 856">
     <span class='ocr_line' id='line_1_8' title="bbox 615 784 2192 856; baseline -0.002 -14"><span class='ocrx_word' id='word_1_41' title='bbox 615 788 758 842; x_wconf 79' lang='lat' dir='ltr'><strong>dacii</strong></span> <span class='ocrx_word' id='word_1_42' title='bbox 787 790 887 841; x_wconf 81' lang='lat' dir='ltr'><strong>fuit</strong></span> <span class='ocrx_word' id='word_1_43' title='bbox 919 800 1130 847; x_wconf 90' lang='lat' dir='ltr'><strong>auctor,</strong></span> <span class='ocrx_word' id='word_1_44' title='bbox 1165 787 1386 841; x_wconf 88' lang='lat' dir='ltr'><strong>minime</strong></span> <span class='ocrx_word' id='word_1_45' title='bbox 1414 791 1609 840; x_wconf 89' lang='lat' dir='ltr'><strong>bonum</strong></span> <span class='ocrx_word' id='word_1_46' title='bbox 1637 786 1729 838; x_wconf 86' lang='lat' dir='ltr'><strong>sed</strong></span> <span class='ocrx_word' id='word_1_47' title='bbox 1767 801 1989 856; x_wconf 87' lang='lat' dir='ltr'><strong>pravum</strong></span> <span class='ocrx_word' id='word_1_48' title='bbox 2024 784 2192 839; x_wconf 79' lang='lat' dir='ltr'><strong>fuisse</strong></span> 
     </span>
    </p>
   </div>
   <div class='ocr_carea' id='block_1_9' title="bbox 616 875 2188 951">
    <p class='ocr_par' dir='ltr' id='par_1_9' title="bbox 616 875 2188 951">
     <span class='ocr_line' id='line_1_9' title="bbox 616 875 2188 951; baseline -0.004 -17"><span class='ocrx_word' id='word_1_49' title='bbox 616 881 922 951; x_wconf 77' lang='lat' dir='ltr'><strong>intelligere</strong></span> <span class='ocrx_word' id='word_1_50' title='bbox 952 895 1176 934; x_wconf 86' lang='lat' dir='ltr'><strong>necesse</strong></span> <span class='ocrx_word' id='word_1_51' title='bbox 1197 879 1286 939; x_wconf 88' lang='lat' dir='ltr'><strong>sit,</strong></span> <span class='ocrx_word' id='word_1_52' title='bbox 1321 879 1585 947; x_wconf 88' lang='lat' dir='ltr'><strong>sequitur,</strong></span> <span class='ocrx_word' id='word_1_53' title='bbox 1619 876 1764 931; x_wconf 83' lang='lat' dir='ltr'><strong>hunc</strong></span> <span class='ocrx_word' id='word_1_54' title='bbox 1799 878 1925 930; x_wconf 88' lang='lat' dir='ltr'><strong>item</strong></span> <span class='ocrx_word' id='word_1_55' title='bbox 1959 875 2188 930; x_wconf 86' lang='lat' dir='ltr'><strong>creden-</strong></span> 
     </span>
    </p>
   </div>
   <div class='ocr_carea' id='block_1_10' title="bbox 615 966 2192 1026">
    <p class='ocr_par' dir='ltr' id='par_1_10' title="bbox 615 966 2192 1026">
     <span class='ocr_line' id='line_1_10' title="bbox 615 966 2192 1026; baseline -0.003 -2"><span class='ocrx_word' id='word_1_56' title='bbox 615 971 746 1024; x_wconf 91' lang='lat' dir='ltr'><strong>dum</strong></span> <span class='ocrx_word' id='word_1_57' title='bbox 803 971 971 1026; x_wconf 80' lang='lat' dir='ltr'><strong>fuisse</strong></span> <span class='ocrx_word' id='word_1_58' title='bbox 1015 971 1214 1024; x_wconf 87' lang='lat' dir='ltr'><strong>diaboli</strong></span> <span class='ocrx_word' id='word_1_59' title='bbox 1249 970 1687 1022; x_wconf 72' lang='lat' dir='ltr'><strong>instrumentum.</strong></span> <span class='ocrx_word' id='word_1_60' title='bbox 1737 966 1870 1020; x_wconf 88' lang='lat' dir='ltr'><strong>Cum</strong></span> <span class='ocrx_word' id='word_1_61' title='bbox 1920 975 2100 1020; x_wconf 80' lang='lat' dir='ltr'><strong>autem</strong></span> <span class='ocrx_word' id='word_1_62' title='bbox 2136 981 2192 1020; x_wconf 86' lang='lat' dir='ltr'><strong>re</strong></span> 
     </span>
    </p>
   </div>
   <div class='ocr_carea' id='block_1_11' title="bbox 617 1058 2191 1130">
    <p class='ocr_par' dir='ltr' id='par_1_11' title="bbox 617 1058 2191 1130">
     <span class='ocr_line' id='line_1_11' title="bbox 617 1058 2191 1130; baseline -0.005 -16"><span class='ocrx_word' id='word_1_63' title='bbox 617 1061 736 1130; x_wconf 88' lang='lat' dir='ltr'><strong>ipsa</strong></span> <span class='ocrx_word' id='word_1_64' title='bbox 781 1063 855 1116; x_wconf 92' lang='lat' dir='ltr'><strong>illi</strong></span> <span class='ocrx_word' id='word_1_65' title='bbox 910 1062 1206 1128; x_wconf 76' lang='lat' dir='ltr'><strong>contigisse</strong></span> <span class='ocrx_word' id='word_1_66' title='bbox 1253 1068 1451 1128; x_wconf 85' lang='lat' dir='ltr'><strong>pateat,</strong></span> <span class='ocrx_word' id='word_1_67' title='bbox 1470 1074 1600 1128; x_wconf 74' lang='lat' dir='ltr'><strong>ergo</strong></span> <span class='ocrx_word' id='word_1_68' title='bbox 1627 1059 1781 1128; x_wconf 92' lang='lat' dir='ltr'><strong>prius</strong></span> <span class='ocrx_word' id='word_1_69' title='bbox 1809 1058 2054 1112; x_wconf 90' lang='lat' dir='ltr'><strong>audierat</strong></span> <span class='ocrx_word' id='word_1_70' title='bbox 2083 1071 2191 1127; x_wconf 90' lang='lat' dir='ltr'><strong>quo</strong></span> 
     </span>
    </p>
   </div>
   <div class='ocr_carea' id='block_1_12' title="bbox 616 1147 2192 1218">
    <p class='ocr_par' dir='ltr' id='par_1_12' title="bbox 616 1147 2192 1218">
     <span class='ocr_line' id='line_1_12' title="bbox 616 1147 2192 1218; baseline -0.002 -16"><span class='ocrx_word' id='word_1_71' title='bbox 616 1158 778 1218; x_wconf 86' lang='lat' dir='ltr'><strong>pacto</strong></span> <span class='ocrx_word' id='word_1_72' title='bbox 807 1150 1229 1205; x_wconf 89' lang='lat' dir='ltr'><strong>scelestissimus</strong></span> <span class='ocrx_word' id='word_1_73' title='bbox 1249 1149 1435 1201; x_wconf 79' lang='lat' dir='ltr'><strong>Achab</strong></span> <span class='ocrx_word' id='word_1_74' title='bbox 1453 1148 1516 1199; x_wconf 88' lang='lat' dir='ltr'><strong>ad</strong></span> <span class='ocrx_word' id='word_1_75' title='bbox 1551 1147 1752 1200; x_wconf 81' lang='lat' dir='ltr'><strong>bellum</strong></span> <span class='ocrx_word' id='word_1_76' title='bbox 1785 1147 2085 1216; x_wconf 88' lang='lat' dir='ltr'><strong>procedens</strong></span> <span class='ocrx_word' id='word_1_77' title='bbox 2099 1162 2192 1199; x_wconf 88' lang='lat' dir='ltr'><strong>oc-</strong></span> 
     </span>
    </p>
   </div>
   <div class='ocr_carea' id='block_1_13' title="bbox 617 1237 2191 1307">
    <p class='ocr_par' dir='ltr' id='par_1_13' title="bbox 617 1237 2191 1307">
     <span class='ocr_line' id='line_1_13' title="bbox 617 1237 2191 1307; baseline -0.001 -15"><span class='ocrx_word' id='word_1_78' title='bbox 617 1240 905 1295; x_wconf 82' lang='lat' dir='ltr'><strong>cubiturus</strong></span> <span class='ocrx_word' id='word_1_79' title='bbox 949 1248 1114 1294; x_wconf 79' lang='lat' dir='ltr'><strong>esset.</strong></span> <span class='ocrx_word' id='word_1_80' title='bbox 1167 1237 1298 1290; x_wconf 75' lang='lat' dir='ltr'><strong>Nam</strong></span> <span class='ocrx_word' id='word_1_81' title='bbox 1350 1239 1437 1290; x_wconf 86' lang='lat' dir='ltr'><strong>ille</strong></span> <span class='ocrx_word' id='word_1_82' title='bbox 1470 1237 1813 1290; x_wconf 81' lang='lat' dir='ltr'><strong>mendacium</strong></span> <span class='ocrx_word' id='word_1_83' title='bbox 1844 1253 1941 1307; x_wconf 90' lang='lat' dir='ltr'><strong>pro</strong></span> <span class='ocrx_word' id='word_1_84' title='bbox 1965 1239 2191 1291; x_wconf 80' lang='lat' dir='ltr'><strong>veritate</strong></span> 
     </span>
    </p>
   </div>
   <div class='ocr_carea' id='block_1_14' title="bbox 616 1327 2190 1390">
    <p class='ocr_par' dir='ltr' id='par_1_14' title="bbox 616 1327 2190 1390">
     <span class='ocr_line' id='line_1_14' title="bbox 616 1327 2190 1390; baseline -0.001 -8"><span class='ocrx_word' id='word_1_85' title='bbox 616 1327 912 1383; x_wconf 89' lang='lat' dir='ltr'><strong>obtrudere</strong></span> <span class='ocrx_word' id='word_1_86' title='bbox 970 1329 1160 1390; x_wconf 90' lang='lat' dir='ltr'><strong>voluit,</strong></span> <span class='ocrx_word' id='word_1_87' title='bbox 1212 1337 1270 1379; x_wconf 91' lang='lat' dir='ltr'><strong>ut</strong></span> <span class='ocrx_word' id='word_1_88' title='bbox 1313 1327 1434 1379; x_wconf 84' lang='lat' dir='ltr'><strong>belli</strong></span> <span class='ocrx_word' id='word_1_89' title='bbox 1491 1342 1713 1380; x_wconf 79' lang='lat' dir='ltr'><strong>causam</strong></span> <span class='ocrx_word' id='word_1_90' title='bbox 1770 1328 2057 1382; x_wconf 83' lang='lat' dir='ltr'><strong>moliretur</strong></span> <span class='ocrx_word' id='word_1_91' title='bbox 2086 1329 2190 1380; x_wconf 89' lang='lat' dir='ltr'><strong>im-</strong></span> 
     </span>
    </p>
   </div>
   <div class='ocr_carea' id='block_1_15' title="bbox 617 1415 2191 1489">
    <p class='ocr_par' dir='ltr' id='par_1_15' title="bbox 617 1415 2191 1489">
     <span class='ocr_line' id='line_1_15' title="bbox 617 1415 2191 1489; baseline -0.001 -17"><span class='ocrx_word' id='word_1_92' title='bbox 617 1419 880 1489; x_wconf 85' lang='lat' dir='ltr'><strong>piumque</strong></span> <span class='ocrx_word' id='word_1_93' title='bbox 913 1417 1163 1488; x_wconf 86' lang='lat' dir='ltr'><strong>perderet</strong></span> <span class='ocrx_word' id='word_1_94' title='bbox 1199 1417 1433 1484; x_wconf 89' lang='lat' dir='ltr'><strong>turpius.</strong></span> <span class='ocrx_word' id='word_1_95' title='bbox 1473 1415 1549 1469; x_wconf 90' lang='lat' dir='ltr'><strong>lta</strong></span> <span class='ocrx_word' id='word_1_96' title='bbox 1575 1425 1632 1469; x_wconf 91' lang='lat' dir='ltr'><strong>ut</strong></span> <span class='ocrx_word' id='word_1_97' title='bbox 1663 1418 1814 1472; x_wconf 87' lang='lat' dir='ltr'><strong>hisce</strong></span> <span class='ocrx_word' id='word_1_98' title='bbox 1849 1418 2038 1478; x_wconf 82' lang='lat' dir='ltr'><strong>rebus.</strong></span> <span class='ocrx_word' id='word_1_99' title='bbox 2075 1432 2191 1470; x_wconf 90' lang='lat' dir='ltr'><strong>ma-</strong></span> 
     </span>
    </p>
   </div>
   <div class='ocr_carea' id='block_1_16' title="bbox 615 1507 2187 1579">
    <p class='ocr_par' dir='ltr' id='par_1_16' title="bbox 615 1507 2187 1579">
     <span class='ocr_line' id='line_1_16' title="bbox 615 1507 2187 1579; baseline -0.001 -15"><span class='ocrx_word' id='word_1_100' title='bbox 615 1509 668 1564; x_wconf 80' lang='lat' dir='ltr'><strong>la</strong></span> <span class='ocrx_word' id='word_1_101' title='bbox 701 1523 822 1578; x_wconf 77' lang='lat' dir='ltr'><strong>qua:</strong></span> <span class='ocrx_word' id='word_1_102' title='bbox 850 1509 1100 1563; x_wconf 86' lang='lat' dir='ltr'><strong>scelestis</strong></span> <span class='ocrx_word' id='word_1_103' title='bbox 1147 1507 1458 1562; x_wconf 81' lang='lat' dir='ltr'><strong>inferuntur</strong></span> <span class='ocrx_word' id='word_1_104' title='bbox 1497 1508 1775 1563; x_wconf 86' lang='lat' dir='ltr'><strong>diabolum</strong></span> <span class='ocrx_word' id='word_1_105' title='bbox 1827 1509 2187 1579; x_wconf 69' lang='lat' dir='ltr'><strong>praescivisse,</strong></span> 
     </span>
    </p>
   </div>
   <div class='ocr_carea' id='block_1_17' title="bbox 615 1600 2192 1670">
    <p class='ocr_par' dir='ltr' id='par_1_17' title="bbox 615 1600 2192 1670">
     <span class='ocr_line' id='line_1_17' title="bbox 615 1600 2192 1670; baseline 0.001 -18"><span class='ocrx_word' id='word_1_106' title='bbox 615 1600 970 1654; x_wconf 83' lang='lat' dir='ltr'><strong>manifestum</strong></span> <span class='ocrx_word' id='word_1_107' title='bbox 1014 1601 1104 1663; x_wconf 89' lang='lat' dir='ltr'><strong>sit,</strong></span> <span class='ocrx_word' id='word_1_108' title='bbox 1143 1613 1266 1653; x_wconf 92' lang='lat' dir='ltr'><strong>cum</strong></span> <span class='ocrx_word' id='word_1_109' title='bbox 1300 1600 1662 1668; x_wconf 89' lang='lat' dir='ltr'><strong>pessimorum</strong></span> <span class='ocrx_word' id='word_1_110' title='bbox 1695 1602 1938 1654; x_wconf 88' lang='lat' dir='ltr'><strong>omnium</strong></span> <span class='ocrx_word' id='word_1_111' title='bbox 1969 1602 2084 1670; x_wconf 90' lang='lat' dir='ltr'><strong>ipse</strong></span> <span class='ocrx_word' id='word_1_112' title='bbox 2121 1601 2192 1654; x_wconf 90' lang='lat' dir='ltr'><strong>sit</strong></span> 
     </span>
    </p>
   </div>
   <div class='ocr_carea' id='block_1_18' title="bbox 613 1689 2189 1762">
    <p class='ocr_par' dir='ltr' id='par_1_18' title="bbox 613 1689 2189 1762">
     <span class='ocr_line' id='line_1_18' title="bbox 613 1689 2189 1762; baseline 0.001 -16"><span class='ocrx_word' id='word_1_113' title='bbox 613 1691 815 1762; x_wconf 78' lang='lat' dir='ltr'><strong>Opifex.</strong></span> <span class='ocrx_word' id='word_1_114' title='bbox 847 1691 904 1744; x_wconf 87' lang='lat' dir='ltr'><strong>In</strong></span> <span class='ocrx_word' id='word_1_115' title='bbox 918 1689 1092 1745; x_wconf 82' lang='lat' dir='ltr'><strong>Saule</strong></span> <span class='ocrx_word' id='word_1_116' title='bbox 1113 1706 1242 1745; x_wconf 86' lang='lat' dir='ltr'><strong>vero</strong></span> <span class='ocrx_word' id='word_1_117' title='bbox 1263 1691 1525 1760; x_wconf 81' lang='lat' dir='ltr'><strong>quidquid</strong></span> <span class='ocrx_word' id='word_1_118' title='bbox 1550 1707 1580 1745; x_wconf 91' lang='lat' dir='ltr'><strong>e</strong></span> <span class='ocrx_word' id='word_1_119' title='bbox 1608 1707 1665 1746; x_wconf 92' lang='lat' dir='ltr'><strong>re</strong></span> <span class='ocrx_word' id='word_1_120' title='bbox 1679 1692 1895 1761; x_wconf 87' lang='lat' dir='ltr'><strong>propria</strong></span> <span class='ocrx_word' id='word_1_121' title='bbox 1923 1691 2189 1747; x_wconf 84' lang='lat' dir='ltr'><strong>Samuelis</strong></span> 
     </span>
    </p>
   </div>
   <div class='ocr_carea' id='block_1_19' title="bbox 618 1782 2192 1853">
    <p class='ocr_par' dir='ltr' id='par_1_19' title="bbox 618 1782 2192 1853">
     <span class='ocr_line' id='line_1_19' title="bbox 618 1782 2192 1853; baseline -0.001 -15"><span class='ocrx_word' id='word_1_122' title='bbox 618 1783 860 1838; x_wconf 79' lang='lat' dir='ltr'><strong>oraculis</strong></span> <span class='ocrx_word' id='word_1_123' title='bbox 876 1782 1083 1838; x_wconf 85' lang='lat' dir='ltr'><strong>addens</strong></span> <span class='ocrx_word' id='word_1_124' title='bbox 1115 1784 1430 1844; x_wconf 86' lang='lat' dir='ltr'><strong>immiscuit.</strong></span> <span class='ocrx_word' id='word_1_125' title='bbox 1464 1799 1574 1838; x_wconf 91' lang='lat' dir='ltr'><strong>non</strong></span> <span class='ocrx_word' id='word_1_126' title='bbox 1605 1791 1813 1836; x_wconf 86' lang='lat' dir='ltr'><strong>tantum</strong></span> <span class='ocrx_word' id='word_1_127' title='bbox 1840 1784 2192 1853; x_wconf 84' lang='lat' dir='ltr'><strong>probabiliter</strong></span> 
     </span>
    </p>
   </div>
   <div class='ocr_carea' id='block_1_20' title="bbox 2288 599 3860 671">
    <p class='ocr_par' dir='ltr' id='par_1_20' title="bbox 2288 599 3860 671">
     <span class='ocr_line' id='line_1_20' title="bbox 2288 599 3860 671; baseline 0.001 -20"><span class='ocrx_word' id='word_1_128' title='bbox 2288 599 2518 664; x_wconf 70' lang='grc' dir='ltr'>ἔξελθε,</span> <span class='ocrx_word' id='word_1_129' title='bbox 2554 603 2650 654; x_wconf 81' lang='grc' dir='ltr'>καὶ</span> <span class='ocrx_word' id='word_1_130' title='bbox 2680 602 2944 667; x_wconf 78' lang='grc' dir='ltr'>ποίησον</span> <span class='ocrx_word' id='word_1_131' title='bbox 2970 600 3175 664; x_wconf 79' lang='grc' dir='ltr'>οὕτως.</span> <span class='ocrx_word' id='word_1_132' title='bbox 3222 603 3279 654; x_wconf 89' lang='grc' dir='ltr'><strong>Ὀ</strong></span> <span class='ocrx_word' id='word_1_133' title='bbox 3319 601 3376 654; x_wconf 78' lang='grc' dir='ltr'>δὲ</span> <span class='ocrx_word' id='word_1_134' title='bbox 3410 600 3694 671; x_wconf 66' lang='grc' dir='ltr'>προερήτης</span> <span class='ocrx_word' id='word_1_135' title='bbox 3723 599 3860 653; x_wconf 77' lang='grc' dir='ltr'>αὑτά</span> 
     </span>
    </p>
   </div>
   <div class='ocr_carea' id='block_1_21' title="bbox 2290 689 3858 762">
    <p class='ocr_par' dir='ltr' id='par_1_21' title="bbox 2290 689 3858 762">
     <span class='ocr_line' id='line_1_21' title="bbox 2290 689 3858 762; baseline 0.003 -22"><span class='ocrx_word' id='word_1_136' title='bbox 2290 689 2458 742; x_wconf 75' lang='grc' dir='ltr'>ταῦτα</span> <span class='ocrx_word' id='word_1_137' title='bbox 2487 690 2563 760; x_wconf 80' lang='grc' dir='ltr'>τῷ</span> <span class='ocrx_word' id='word_1_138' title='bbox 2599 691 2805 760; x_wconf 76' lang='grc' dir='ltr'>βασιλεῖ</span> <span class='ocrx_word' id='word_1_139' title='bbox 2832 689 3181 760; x_wconf 82' lang='grc' dir='ltr'>διηγούμενος</span> <span class='ocrx_word' id='word_1_140' title='bbox 3211 691 3409 753; x_wconf 75' lang='grc' dir='ltr'>εὐθέως</span> <span class='ocrx_word' id='word_1_141' title='bbox 3442 691 3692 762; x_wconf 71' lang='grc' dir='ltr'>ἐπιφέρει</span> <span class='ocrx_word' id='word_1_142' title='bbox 3714 708 3726 719; x_wconf 90' lang='grc'><strong>·</strong></span> <span class='ocrx_word' id='word_1_143' title='bbox 3761 691 3858 744; x_wconf 79' lang='grc' dir='ltr'><strong>Δέ-</strong></span> 
     </span>
    </p>
   </div>
   <div class='ocr_carea' id='block_1_22' title="bbox 2289 778 3860 850">
    <p class='ocr_par' dir='ltr' id='par_1_22' title="bbox 2289 778 3860 850">
     <span class='ocr_line' id='line_1_22' title="bbox 2289 778 3860 850; baseline 0.002 -20"><span class='ocrx_word' id='word_1_144' title='bbox 2289 778 2478 833; x_wconf 71' lang='grc' dir='ltr'>δωκει-</span> <span class='ocrx_word' id='word_1_145' title='bbox 2501 785 2532 833; x_wconf 86' lang='grc' dir='ltr'><strong>ό</strong></span> <span class='ocrx_word' id='word_1_146' title='bbox 2569 782 2714 845; x_wconf 75' lang='grc' dir='ltr'>Θεὸς</span> <span class='ocrx_word' id='word_1_147' title='bbox 2741 780 2975 848; x_wconf 73' lang='grc' dir='ltr'>πνεῦμα</span> <span class='ocrx_word' id='word_1_148' title='bbox 3001 778 3224 846; x_wconf 66' lang='grc' dir='ltr'>ψευδὲς</span> <span class='ocrx_word' id='word_1_149' title='bbox 3250 783 3317 834; x_wconf 78' lang='grc' dir='ltr'>ὲν</span> <span class='ocrx_word' id='word_1_150' title='bbox 3343 783 3593 850; x_wconf 80' lang='grc' dir='ltr'>στόματι</span> <span class='ocrx_word' id='word_1_151' title='bbox 3624 779 3860 834; x_wconf 70' lang='grc' dir='ltr'>πάντων</span> 
     </span>
    </p>
   </div>
   <div class='ocr_carea' id='block_1_23' title="bbox 2291 869 3858 941">
    <p class='ocr_par' dir='ltr' id='par_1_23' title="bbox 2291 869 3858 941">
     <span class='ocr_line' id='line_1_23' title="bbox 2291 869 3858 941; baseline 0.004 -19"><span class='ocrx_word' id='word_1_152' title='bbox 2291 869 2408 924; x_wconf 80' lang='grc' dir='ltr'>τῶν</span> <span class='ocrx_word' id='word_1_153' title='bbox 2436 870 2753 940; x_wconf 59' lang='grc' dir='ltr'>προφητῶν</span> <span class='ocrx_word' id='word_1_154' title='bbox 2776 889 2893 924; x_wconf 90' lang='grc' dir='ltr'><strong>σου</strong></span> <span class='ocrx_word' id='word_1_155' title='bbox 2921 873 3164 934; x_wconf 79' lang='grc' dir='ltr'>τούτων,</span> <span class='ocrx_word' id='word_1_156' title='bbox 3209 874 3305 924; x_wconf 74' lang='grc' dir='ltr'>καὶ</span> <span class='ocrx_word' id='word_1_157' title='bbox 3339 873 3607 941; x_wconf 70' lang='grc' dir='ltr'>ἐλάλησα</span> <span class='ocrx_word' id='word_1_158' title='bbox 3646 875 3858 941; x_wconf 75' lang='grc' dir='ltr'>Κύριος</span> 
     </span>
    </p>
   </div>
   <div class='ocr_carea' id='block_1_24' title="bbox 2287 960 3860 1035">
    <p class='ocr_par' dir='ltr' id='par_1_24' title="bbox 2287 960 3860 1035">
     <span class='ocr_line' id='line_1_24' title="bbox 2287 960 3860 1035; baseline 0.003 -23"><span class='ocrx_word' id='word_1_159' title='bbox 2287 962 2384 1013; x_wconf 74' lang='grc' dir='ltr'><strong>ἐπὶ</strong></span> <span class='ocrx_word' id='word_1_160' title='bbox 2436 960 2508 1014; x_wconf 84' lang='grc' dir='ltr'>σὲ</span> <span class='ocrx_word' id='word_1_161' title='bbox 2552 962 2723 1014; x_wconf 82' lang='grc' dir='ltr'>κακά.</span> <span class='ocrx_word' id='word_1_162' title='bbox 2771 960 3066 1032; x_wconf 74' lang='grc' dir='ltr'><strong>Τοιγαροῦν</strong></span> <span class='ocrx_word' id='word_1_163' title='bbox 3113 962 3268 1035; x_wconf 76' lang='grc' dir='ltr'>εἰπερ</span> <span class='ocrx_word' id='word_1_164' title='bbox 3315 964 3526 1035; x_wconf 80' lang='grc' dir='ltr'><strong>ἀνάγκη</strong></span> <span class='ocrx_word' id='word_1_165' title='bbox 3576 967 3716 1019; x_wconf 73' lang='grc' dir='ltr'>νοεῖν</span> <span class='ocrx_word' id='word_1_166' title='bbox 3762 965 3860 1016; x_wconf 80' lang='grc' dir='ltr'>οὐκ</span> 
     </span>
    </p>
   </div>
   <div class='ocr_carea' id='block_1_25' title="bbox 2290 1049 3859 1128">
    <p class='ocr_par' dir='ltr' id='par_1_25' title="bbox 2290 1049 3859 1128">
     <span class='ocr_line' id='line_1_25' title="bbox 2290 1049 3859 1128; baseline 0.005 -24"><span class='ocrx_word' id='word_1_167' title='bbox 2290 1053 2510 1120; x_wconf 73' lang='grc' dir='ltr'>ἀγαθὸν,</span> <span class='ocrx_word' id='word_1_168' title='bbox 2539 1054 2674 1107; x_wconf 80' lang='grc' dir='ltr'><strong>ἀλλά</strong></span> <span class='ocrx_word' id='word_1_169' title='bbox 2703 1054 2935 1122; x_wconf 73' lang='grc' dir='ltr'>πονηρὸν</span> <span class='ocrx_word' id='word_1_170' title='bbox 2965 1049 3101 1106; x_wconf 81' lang='grc' dir='ltr'>εἶναι</span> <span class='ocrx_word' id='word_1_171' title='bbox 3127 1054 3282 1107; x_wconf 77' lang='grc' dir='ltr'>τοῦτο</span> <span class='ocrx_word' id='word_1_172' title='bbox 3307 1056 3368 1108; x_wconf 81' lang='grc' dir='ltr'>τὸ</span> <span class='ocrx_word' id='word_1_173' title='bbox 3396 1057 3629 1128; x_wconf 81' lang='grc' dir='ltr'>πνεῦμα,</span> <span class='ocrx_word' id='word_1_174' title='bbox 3667 1058 3728 1111; x_wconf 72' lang='grc' dir='ltr'>τὸ</span> <span class='ocrx_word' id='word_1_175' title='bbox 3761 1058 3859 1127; x_wconf 79' lang='grc' dir='ltr'>τῆς</span> 
     </span>
    </p>
   </div>
   <div class='ocr_carea' id='block_1_26' title="bbox 2288 1145 3861 1217">
    <p class='ocr_par' dir='ltr' id='par_1_26' title="bbox 2288 1145 3861 1217">
     <span class='ocr_line' id='line_1_26' title="bbox 2288 1145 3861 1217; baseline 0.004 -21"><span class='ocrx_word' id='word_1_176' title='bbox 2288 1145 2649 1214; x_wconf 73' lang='grc' dir='ltr'>ψευδηγορίας</span> <span class='ocrx_word' id='word_1_177' title='bbox 2705 1147 2896 1210; x_wconf 75' lang='grc' dir='ltr'>αἴτιον,</span> <span class='ocrx_word' id='word_1_178' title='bbox 2949 1145 3235 1202; x_wconf 80' lang='grc' dir='ltr'>ἀκόλουθον</span> <span class='ocrx_word' id='word_1_179' title='bbox 3289 1147 3685 1217; x_wconf 76' lang='grc' dir='ltr'>ὑπολαμϐάνειν</span> <span class='ocrx_word' id='word_1_180' title='bbox 3731 1149 3861 1203; x_wconf 66' lang='grc' dir='ltr'>αὐτὸ</span> 
     </span>
    </p>
   </div>
   <div class='ocr_carea' id='block_1_27' title="bbox 2290 1235 3861 1311">
    <p class='ocr_par' dir='ltr' id='par_1_27' title="bbox 2290 1235 3861 1311">
     <span class='ocr_line' id='line_1_27' title="bbox 2290 1235 3861 1311; baseline 0.004 -23"><span class='ocrx_word' id='word_1_181' title='bbox 2290 1235 2447 1289; x_wconf 74' lang='grc' dir='ltr'>τοῦτο</span> <span class='ocrx_word' id='word_1_182' title='bbox 2473 1236 2532 1288; x_wconf 83' lang='grc' dir='ltr'>τὸ</span> <span class='ocrx_word' id='word_1_183' title='bbox 2561 1235 2862 1289; x_wconf 78' lang='grc' dir='ltr'>διαῦολικὺν</span> <span class='ocrx_word' id='word_1_184' title='bbox 2891 1237 3120 1306; x_wconf 74' lang='grc' dir='ltr'>ὄργανον</span> <span class='ocrx_word' id='word_1_185' title='bbox 3153 1237 3439 1307; x_wconf 82' lang='grc' dir='ltr'>ὑπάρχειν.</span> <span class='ocrx_word' id='word_1_186' title='bbox 3472 1240 3535 1292; x_wconf 75' lang='lat' dir='ltr'><strong>Et</strong></span> <span class='ocrx_word' id='word_1_187' title='bbox 3561 1241 3616 1294; x_wconf 77' lang='grc' dir='ltr'>δὲ</span> <span class='ocrx_word' id='word_1_188' title='bbox 3658 1242 3861 1311; x_wconf 62' lang='lat' dir='ltr'><strong>itu-plu;</strong></span> 
     </span>
    </p>
   </div>
   <div class='ocr_carea' id='block_1_28' title="bbox 2291 1324 3864 1402">
    <p class='ocr_par' dir='ltr' id='par_1_28' title="bbox 2291 1324 3864 1402">
     <span class='ocr_line' id='line_1_28' title="bbox 2291 1324 3864 1402; baseline 0.004 -23"><span class='ocrx_word' id='word_1_189' title='bbox 2291 1328 2670 1382; x_wconf 69' lang='grc' dir='ltr'><strong>ἀποδείκνυται</strong></span> <span class='ocrx_word' id='word_1_190' title='bbox 2725 1327 2882 1382; x_wconf 78' lang='grc' dir='ltr'>τοῦτο</span> <span class='ocrx_word' id='word_1_191' title='bbox 2949 1324 3110 1390; x_wconf 69' lang='grc' dir='ltr'>εἶναι,</span> <span class='ocrx_word' id='word_1_192' title='bbox 3171 1329 3510 1398; x_wconf 79' lang='grc' dir='ltr'>προακήκοεν</span> <span class='ocrx_word' id='word_1_193' title='bbox 3575 1331 3683 1402; x_wconf 77' lang='grc' dir='ltr'>ἄρα</span> <span class='ocrx_word' id='word_1_194' title='bbox 3745 1331 3864 1394; x_wconf 79' lang='grc' dir='ltr'><strong>πῶς</strong></span> 
     </span>
    </p>
   </div>
   <div class='ocr_carea' id='block_1_29' title="bbox 2291 1419 3863 1489">
    <p class='ocr_par' dir='ltr' id='par_1_29' title="bbox 2291 1419 3863 1489">
     <span class='ocr_line' id='line_1_29' title="bbox 2291 1419 3863 1489; baseline 0.004 -19"><span class='ocrx_word' id='word_1_195' title='bbox 2291 1420 2518 1488; x_wconf 77' lang='grc' dir='ltr'>ἧμελλεν</span> <span class='ocrx_word' id='word_1_196' title='bbox 2568 1423 2596 1472; x_wconf 86' lang='grc' dir='ltr'>ὁ</span> <span class='ocrx_word' id='word_1_197' title='bbox 2627 1420 2820 1489; x_wconf 81' lang='grc' dir='ltr'>μιαρὸς</span> <span class='ocrx_word' id='word_1_198' title='bbox 2883 1419 3087 1489; x_wconf 76' lang='grc' dir='ltr'>’Λχαάὄ</span> <span class='ocrx_word' id='word_1_199' title='bbox 3130 1421 3210 1482; x_wconf 71' lang='grc' dir='ltr'>εἰς</span> <span class='ocrx_word' id='word_1_200' title='bbox 3248 1419 3480 1489; x_wconf 87' lang='grc' dir='ltr'>πόλεμον</span> <span class='ocrx_word' id='word_1_201' title='bbox 3509 1421 3686 1474; x_wconf 85' lang='grc' dir='ltr'>ἀπιὼν</span> <span class='ocrx_word' id='word_1_202' title='bbox 3730 1424 3863 1477; x_wconf 75' lang='grc' dir='ltr'>ἀπο-</span> 
     </span>
    </p>
   </div>
   <div class='ocr_carea' id='block_1_30' title="bbox 2291 1508 3864 1584">
    <p class='ocr_par' dir='ltr' id='par_1_30' title="bbox 2291 1508 3864 1584">
     <span class='ocr_line' id='line_1_30' title="bbox 2291 1508 3864 1584; baseline 0.003 -22"><span class='ocrx_word' id='word_1_203' title='bbox 2291 1511 2541 1580; x_wconf 74' lang='grc' dir='ltr'>θνήσκειν</span> <span class='ocrx_word' id='word_1_204' title='bbox 2561 1528 2573 1540; x_wconf 90' lang='grc'><strong>·</strong></span> <span class='ocrx_word' id='word_1_205' title='bbox 2615 1511 2746 1563; x_wconf 75' lang='grc' dir='ltr'>αὐτὸ</span> <span class='ocrx_word' id='word_1_206' title='bbox 2780 1510 2889 1581; x_wconf 82' lang='grc' dir='ltr'>γὰρ</span> <span class='ocrx_word' id='word_1_207' title='bbox 2920 1511 3119 1579; x_wconf 75' lang='grc' dir='ltr'>ἠξίωσε</span> <span class='ocrx_word' id='word_1_208' title='bbox 3146 1510 3206 1562; x_wconf 82' lang='grc' dir='ltr'>τὺ</span> <span class='ocrx_word' id='word_1_209' title='bbox 3227 1508 3419 1579; x_wconf 77' lang='grc' dir='ltr'>ψεῦδος</span> <span class='ocrx_word' id='word_1_210' title='bbox 3459 1512 3581 1564; x_wconf 75' lang='grc' dir='ltr'>ἀντὶ</span> <span class='ocrx_word' id='word_1_211' title='bbox 3611 1513 3713 1582; x_wconf 85' lang='grc' dir='ltr'><strong>τῆς</strong></span> <span class='ocrx_word' id='word_1_212' title='bbox 3737 1514 3864 1584; x_wconf 80' lang='grc' dir='ltr'>ἀλη-</span> 
     </span>
    </p>
   </div>
   <div class='ocr_carea' id='block_1_31' title="bbox 2292 1601 3863 1677">
    <p class='ocr_par' dir='ltr' id='par_1_31' title="bbox 2292 1601 3863 1677">
     <span class='ocr_line' id='line_1_31' title="bbox 2292 1601 3863 1677; baseline 0.004 -23"><span class='ocrx_word' id='word_1_213' title='bbox 2292 1603 2442 1666; x_wconf 80' lang='grc' dir='ltr'><strong>θείας</strong></span> <span class='ocrx_word' id='word_1_214' title='bbox 2472 1602 2772 1665; x_wconf 76' lang='grc' dir='ltr'>ἐκϐάλλειν,</span> <span class='ocrx_word' id='word_1_215' title='bbox 2803 1601 2888 1655; x_wconf 80' lang='grc' dir='ltr'>ἵνα</span> <span class='ocrx_word' id='word_1_216' title='bbox 2910 1602 3143 1670; x_wconf 85' lang='grc' dir='ltr'>πολέμου</span> <span class='ocrx_word' id='word_1_217' title='bbox 3169 1602 3381 1669; x_wconf 86' lang='grc' dir='ltr'>γένεσιν</span> <span class='ocrx_word' id='word_1_218' title='bbox 3403 1602 3748 1677; x_wconf 72' lang='grc' dir='ltr'>αὖτουργήσῃ</span> <span class='ocrx_word' id='word_1_219' title='bbox 3772 1608 3863 1661; x_wconf 79' lang='grc' dir='ltr'>καὶ</span> 
     </span>
    </p>
   </div>
   <div class='ocr_carea' id='block_1_32' title="bbox 2290 1691 3862 1762">
    <p class='ocr_par' dir='ltr' id='par_1_32' title="bbox 2290 1691 3862 1762">
     <span class='ocr_line' id='line_1_32' title="bbox 2290 1691 3862 1762; baseline 0.003 -20"><span class='ocrx_word' id='word_1_220' title='bbox 2290 1691 2573 1762; x_wconf 73' lang='grc' dir='ltr'>διαφθείρῃ</span> <span class='ocrx_word' id='word_1_221' title='bbox 2599 1692 2689 1746; x_wconf 78' lang='grc' dir='ltr'>τὸν</span> <span class='ocrx_word' id='word_1_222' title='bbox 2725 1691 2908 1745; x_wconf 75' lang='grc' dir='ltr'>ἄδικον</span> <span class='ocrx_word' id='word_1_223' title='bbox 2945 1691 3189 1759; x_wconf 79' lang='grc' dir='ltr'>αἰσχίως.</span> <span class='ocrx_word' id='word_1_224' title='bbox 3231 1692 3390 1744; x_wconf 85' lang='grc' dir='ltr'>Ὥστε</span> <span class='ocrx_word' id='word_1_225' title='bbox 3424 1693 3519 1744; x_wconf 73' lang='grc' dir='ltr'>καὶ</span> <span class='ocrx_word' id='word_1_226' title='bbox 3546 1692 3635 1746; x_wconf 84' lang='grc' dir='ltr'>διὰ</span> <span class='ocrx_word' id='word_1_227' title='bbox 3663 1695 3862 1748; x_wconf 74' lang='grc' dir='ltr'>τούτων</span> 
     </span>
    </p>
   </div>
   <div class='ocr_carea' id='block_1_33' title="bbox 2292 1782 3864 1854">
    <p class='ocr_par' dir='ltr' id='par_1_33' title="bbox 2292 1782 3864 1854">
     <span class='ocr_line' id='line_1_33' title="bbox 2292 1782 3864 1854; baseline 0.001 -18"><span class='ocrx_word' id='word_1_228' title='bbox 2292 1784 2670 1836; x_wconf 84' lang='grc' dir='ltr'>ἀποδείκνυται</span> <span class='ocrx_word' id='word_1_229' title='bbox 2707 1782 2812 1835; x_wconf 82' lang='grc' dir='ltr'><strong>τῶν</strong></span> <span class='ocrx_word' id='word_1_230' title='bbox 2841 1783 3036 1854; x_wconf 76' lang='grc' dir='ltr'>ἔργων,</span> <span class='ocrx_word' id='word_1_231' title='bbox 3084 1783 3166 1834; x_wconf 87' lang='grc' dir='ltr'>ὃτι</span> <span class='ocrx_word' id='word_1_232' title='bbox 3214 1782 3282 1834; x_wconf 77' lang='grc' dir='ltr'><strong>τά</strong></span> <span class='ocrx_word' id='word_1_233' title='bbox 3325 1784 3470 1836; x_wconf 82' lang='grc' dir='ltr'>κακά</span> <span class='ocrx_word' id='word_1_234' title='bbox 3501 1787 3614 1847; x_wconf 89' lang='grc' dir='ltr'>τοῖς</span> <span class='ocrx_word' id='word_1_235' title='bbox 3661 1786 3864 1849; x_wconf 80' lang='grc' dir='ltr'>ἀδίκοις</span> 
     </span>
    </p>
   </div>
   <div class='ocr_carea' id='block_1_34' title="bbox 618 1853 2187 1946">
    <p class='ocr_par' dir='ltr' id='par_1_34' title="bbox 618 1874 2187 1946">
     <span class='ocr_line' id='line_1_34' title="bbox 618 1874 2187 1946; baseline 0.001 -18"><span class='ocrx_word' id='word_1_236' title='bbox 618 1875 900 1938; x_wconf 87' lang='lat' dir='ltr'><strong>mentitus,</strong></span> <span class='ocrx_word' id='word_1_237' title='bbox 929 1875 1025 1930; x_wconf 87' lang='lat' dir='ltr'><strong>sed</strong></span> <span class='ocrx_word' id='word_1_238' title='bbox 1059 1876 1219 1946; x_wconf 89' lang='lat' dir='ltr'><strong>impie</strong></span> <span class='ocrx_word' id='word_1_239' title='bbox 1262 1874 1669 1944; x_wconf 87' lang='lat' dir='ltr'><strong>irreligioseque</strong></span> <span class='ocrx_word' id='word_1_240' title='bbox 1701 1875 1915 1930; x_wconf 89' lang='lat' dir='ltr'><strong>locutus</strong></span> <span class='ocrx_word' id='word_1_241' title='bbox 1966 1883 2072 1930; x_wconf 90' lang='lat' dir='ltr'><strong>est.</strong></span> <span class='ocrx_word' id='word_1_242' title='bbox 2121 1876 2187 1930; x_wconf 83' lang='lat' dir='ltr'><strong>At</strong></span> 
     </span>
    </p>
   </div>
   <div class='ocr_carea' id='block_1_35' title="bbox 2289 1853 3863 1946">
    <p class='ocr_par' dir='ltr' id='par_1_35' title="bbox 2293 1853 3863 1946">
     <span class='ocr_line' id='line_1_35' title="bbox 2293 1853 3863 1946; baseline 0.003 -20"><span class='ocrx_word' id='word_1_243' title='bbox 2293 1875 2663 1944; x_wconf 79' lang='grc' dir='ltr'>ἐπιφερόμενα</span> <span class='ocrx_word' id='word_1_244' title='bbox 2698 1853 3120 1946; x_wconf 83' lang='grc' dir='ltr'>προμεμάθηκεν</span> <span class='ocrx_word' id='word_1_245' title='bbox 3165 1879 3193 1928; x_wconf 86' lang='grc' dir='ltr'>ὁ</span> <span class='ocrx_word' id='word_1_246' title='bbox 3229 1875 3490 1941; x_wconf 73' lang='grc' dir='ltr'>διάϐολος,</span> <span class='ocrx_word' id='word_1_247' title='bbox 3533 1877 3722 1937; x_wconf 78' lang='grc' dir='ltr'>ἐπειδὴ</span> <span class='ocrx_word' id='word_1_248' title='bbox 3761 1879 3863 1931; x_wconf 78' lang='grc' dir='ltr'><strong>τῶν</strong></span> 
     </span>
    </p>
   </div>
   <div class='ocr_carea' id='block_1_36' title="bbox 620 1964 2185 2036">
    <p class='ocr_par' dir='ltr' id='par_1_36' title="bbox 620 1964 2185 2036">
     <span class='ocr_line' id='line_1_36' title="bbox 620 1964 2185 2036; baseline 0.002 -18"><span class='ocrx_word' id='word_1_249' title='bbox 620 1967 854 2035; x_wconf 89' lang='lat' dir='ltr'><strong>primum</strong></span> <span class='ocrx_word' id='word_1_250' title='bbox 887 1967 1033 2020; x_wconf 90' lang='lat' dir='ltr'><strong>illius</strong></span> <span class='ocrx_word' id='word_1_251' title='bbox 1063 1966 1285 2034; x_wconf 88' lang='lat' dir='ltr'><strong>impium</strong></span> <span class='ocrx_word' id='word_1_252' title='bbox 1313 1964 1516 2018; x_wconf 92' lang='lat' dir='ltr'><strong>dictum</strong></span> <span class='ocrx_word' id='word_1_253' title='bbox 1544 1967 1626 2019; x_wconf 91' lang='lat' dir='ltr'><strong>vel</strong></span> <span class='ocrx_word' id='word_1_254' title='bbox 1669 1965 1794 2019; x_wconf 93' lang='lat' dir='ltr'><strong>inde</strong></span> <span class='ocrx_word' id='word_1_255' title='bbox 1831 1966 2185 2036; x_wconf 82' lang='lat' dir='ltr'><strong>deprehendi-</strong></span> 
     </span>
    </p>
   </div>
   <div class='ocr_carea' id='block_1_37' title="bbox 618 2056 2192 2127">
    <p class='ocr_par' dir='ltr' id='par_1_37' title="bbox 618 2056 2192 2127">
     <span class='ocr_line' id='line_1_37' title="bbox 618 2056 2192 2127; baseline 0.001 -17"><span class='ocrx_word' id='word_1_256' title='bbox 618 2065 742 2112; x_wconf 90' lang='lat' dir='ltr'><strong>tur:</strong></span> <span class='ocrx_word' id='word_1_257' title='bbox 772 2059 1004 2127; x_wconf 91' lang='lat' dir='ltr'><strong>primum</strong></span> <span class='ocrx_word' id='word_1_258' title='bbox 1038 2057 1255 2126; x_wconf 88' lang='lat' dir='ltr'><strong>quidem</strong></span> <span class='ocrx_word' id='word_1_259' title='bbox 1289 2056 1462 2125; x_wconf 86' lang='lat' dir='ltr'><strong>quod,</strong></span> <span class='ocrx_word' id='word_1_260' title='bbox 1497 2057 1954 2124; x_wconf 84' lang='lat' dir='ltr'><strong>quemadmodum</strong></span> <span class='ocrx_word' id='word_1_261' title='bbox 2006 2057 2192 2114; x_wconf 83' lang='lat' dir='ltr'><strong>Domi-</strong></span> 
     </span>
    </p>
   </div>
   <div class='ocr_carea' id='block_1_38' title="bbox 616 2147 2192 2217">
    <p class='ocr_par' dir='ltr' id='par_1_38' title="bbox 616 2147 2192 2217">
     <span class='ocr_line' id='line_1_38' title="bbox 616 2147 2192 2217; baseline 0.002 -15"><span class='ocrx_word' id='word_1_262' title='bbox 616 2162 722 2202; x_wconf 91' lang='lat' dir='ltr'><strong>nus</strong></span> <span class='ocrx_word' id='word_1_263' title='bbox 749 2148 1079 2215; x_wconf 88' lang='lat' dir='ltr'><strong>latroni,qui</strong></span> <span class='ocrx_word' id='word_1_264' title='bbox 1108 2149 1258 2214; x_wconf 74' lang='lat' dir='ltr'><strong>regni</strong></span> <span class='ocrx_word' id='word_1_265' title='bbox 1293 2147 1412 2216; x_wconf 86' lang='lat' dir='ltr'><strong>ejus</strong></span> <span class='ocrx_word' id='word_1_266' title='bbox 1445 2149 1742 2217; x_wconf 82' lang='lat' dir='ltr'><strong>potentiam</strong></span> <span class='ocrx_word' id='word_1_267' title='bbox 1758 2148 2048 2205; x_wconf 81' lang='lat' dir='ltr'><strong>confessus</strong></span> <span class='ocrx_word' id='word_1_268' title='bbox 2072 2149 2192 2206; x_wconf 74' lang='lat' dir='ltr'><strong>fue-</strong></span> 
     </span>
    </p>
   </div>
   <div class='ocr_carea' id='block_1_39' title="bbox 614 2236 2190 2310">
    <p class='ocr_par' dir='ltr' id='par_1_39' title="bbox 614 2236 2190 2310">
     <span class='ocr_line' id='line_1_39' title="bbox 614 2236 2190 2310; baseline 0.003 -18"><span class='ocrx_word' id='word_1_269' title='bbox 614 2245 736 2299; x_wconf 80' lang='lat' dir='ltr'><strong>rat,</strong></span> <span class='ocrx_word' id='word_1_270' title='bbox 772 2237 909 2294; x_wconf 80' lang='lat' dir='ltr'><strong>dixit</strong></span> <span class='ocrx_word' id='word_1_271' title='bbox 947 2239 994 2269; x_wconf 79' lang='lat'>“</span> <span class='ocrx_word' id='word_1_272' title='bbox 1033 2260 1043 2291; x_wconf 93' lang='lat'><strong>:</strong></span> <span class='ocrx_word' id='word_1_273' title='bbox 1078 2236 1248 2293; x_wconf 80' lang='lat' dir='ltr'><strong>Hodie</strong></span> <span class='ocrx_word' id='word_1_274' title='bbox 1294 2256 1494 2292; x_wconf 81' lang='lat' dir='ltr'><strong>mecum</strong></span> <span class='ocrx_word' id='word_1_275' title='bbox 1536 2241 1642 2293; x_wconf 78' lang='lat' dir='ltr'><strong>eris</strong></span> <span class='ocrx_word' id='word_1_276' title='bbox 1691 2241 1744 2292; x_wconf 85' lang='lat' dir='ltr'><strong>in</strong></span> <span class='ocrx_word' id='word_1_277' title='bbox 1793 2241 2080 2310; x_wconf 77' lang='lat' dir='ltr'><strong>paradiso;</strong></span> <span class='ocrx_word' id='word_1_278' title='bbox 2117 2242 2190 2296; x_wconf 89' lang='lat' dir='ltr'><strong>ita</strong></span> 
     </span>
    </p>
   </div>
   <div class='ocr_carea' id='block_1_40' title="bbox 612 2330 2190 2402">
    <p class='ocr_par' dir='ltr' id='par_1_40' title="bbox 612 2330 2190 2402">
     <span class='ocr_line' id='line_1_40' title="bbox 612 2330 2190 2402; baseline 0.001 -16"><span class='ocrx_word' id='word_1_279' title='bbox 612 2337 670 2386; x_wconf 82' lang='lat' dir='ltr'><strong>ct</strong></span> <span class='ocrx_word' id='word_1_280' title='bbox 701 2331 790 2384; x_wconf 87' lang='lat' dir='ltr'><strong>hic</strong></span> <span class='ocrx_word' id='word_1_281' title='bbox 841 2331 1057 2384; x_wconf 91' lang='lat' dir='ltr'><strong>illorum</strong></span> <span class='ocrx_word' id='word_1_282' title='bbox 1110 2332 1386 2392; x_wconf 81' lang='lat' dir='ltr'><strong>imitator,</strong></span> <span class='ocrx_word' id='word_1_283' title='bbox 1443 2330 1593 2384; x_wconf 85' lang='lat' dir='ltr'><strong>Sauli</strong></span> <span class='ocrx_word' id='word_1_284' title='bbox 1644 2334 1868 2402; x_wconf 79' lang='lat' dir='ltr'><strong>magicis</strong></span> <span class='ocrx_word' id='word_1_285' title='bbox 1917 2335 2190 2390; x_wconf 72' lang='lat' dir='ltr'><strong>vaticiniis</strong></span> 
     </span>
    </p>
   </div>
   <div class='ocr_carea' id='block_1_41' title="bbox 614 2421 2187 2489">
    <p class='ocr_par' dir='ltr' id='par_1_41' title="bbox 614 2421 2187 2489">
     <span class='ocr_line' id='line_1_41' title="bbox 614 2421 2187 2489; baseline 0 -13"><span class='ocrx_word' id='word_1_286' title='bbox 614 2423 863 2489; x_wconf 78' lang='lat' dir='ltr'><strong>expletis,</strong></span> <span class='ocrx_word' id='word_1_287' title='bbox 909 2421 1132 2475; x_wconf 84' lang='lat' dir='ltr'><strong>dolosus</strong></span> <span class='ocrx_word' id='word_1_288' title='bbox 1182 2423 1376 2475; x_wconf 78' lang='lat' dir='ltr'><strong>artifex</strong></span> <span class='ocrx_word' id='word_1_289' title='bbox 1425 2424 1771 2476; x_wconf 83' lang='lat' dir='ltr'><strong>enuntiavit:</strong></span> <span class='ocrx_word' id='word_1_290' title='bbox 1805 2422 1939 2476; x_wconf 86' lang='lat' dir='ltr'><strong>Cras</strong></span> <span class='ocrx_word' id='word_1_291' title='bbox 1991 2425 2094 2476; x_wconf 69' lang='lat' dir='ltr'><strong>erit</strong></span> <span class='ocrx_word' id='word_1_292' title='bbox 2132 2434 2187 2476; x_wconf 84' lang='lat' dir='ltr'><strong>tu</strong></span> 
     </span>
    </p>
   </div>
   <div class='ocr_carea' id='block_1_42' title="bbox 614 2511 2184 2582">
    <p class='ocr_par' dir='ltr' id='par_1_42' title="bbox 614 2511 2184 2582">
     <span class='ocr_line' id='line_1_42' title="bbox 614 2511 2184 2582; baseline 0.002 -18"><span class='ocrx_word' id='word_1_293' title='bbox 614 2528 835 2572; x_wconf 78' lang='lat' dir='ltr'><strong>mecum,</strong></span> <span class='ocrx_word' id='word_1_294' title='bbox 867 2523 912 2565; x_wconf 80' lang='lat' dir='ltr'><strong>et</strong></span> <span class='ocrx_word' id='word_1_295' title='bbox 938 2512 1209 2564; x_wconf 81' lang='lat' dir='ltr'><strong>Jonathan</strong></span> <span class='ocrx_word' id='word_1_296' title='bbox 1236 2513 1384 2581; x_wconf 79' lang='lat' dir='ltr'><strong>[ilius</strong></span> <span class='ocrx_word' id='word_1_297' title='bbox 1411 2523 1529 2565; x_wconf 80' lang='lat' dir='ltr'><strong>tuus</strong></span> <span class='ocrx_word' id='word_1_298' title='bbox 1562 2513 1627 2566; x_wconf 75' lang='lat'><strong>“.</strong></span> <span class='ocrx_word' id='word_1_299' title='bbox 1675 2511 1947 2576; x_wconf 87' lang='lat' dir='ltr'><strong>Secundo,</strong></span> <span class='ocrx_word' id='word_1_300' title='bbox 1977 2516 2184 2582; x_wconf 86' lang='lat' dir='ltr'><strong>justum</strong></span> 
     </span>
    </p>
   </div>
   <div class='ocr_carea' id='block_1_43' title="bbox 611 2601 2188 2672">
    <p class='ocr_par' dir='ltr' id='par_1_43' title="bbox 611 2601 2188 2672">
     <span class='ocr_line' id='line_1_43' title="bbox 611 2601 2188 2672; baseline 0.002 -16"><span class='ocrx_word' id='word_1_301' title='bbox 611 2601 684 2657; x_wconf 77' lang='lat' dir='ltr'><strong>ab</strong></span> <span class='ocrx_word' id='word_1_302' title='bbox 714 2603 917 2671; x_wconf 88' lang='lat' dir='ltr'><strong>injusto</strong></span> <span class='ocrx_word' id='word_1_303' title='bbox 959 2604 1090 2656; x_wconf 84' lang='lat' dir='ltr'><strong>nihil</strong></span> <span class='ocrx_word' id='word_1_304' title='bbox 1126 2604 1317 2658; x_wconf 87' lang='lat' dir='ltr'><strong>abesse</strong></span> <span class='ocrx_word' id='word_1_305' title='bbox 1348 2613 1581 2656; x_wconf 89' lang='lat' dir='ltr'><strong>conatur</strong></span> <span class='ocrx_word' id='word_1_306' title='bbox 1616 2605 1866 2672; x_wconf 88' lang='lat' dir='ltr'><strong>probare,</strong></span> <span class='ocrx_word' id='word_1_307' title='bbox 1895 2615 1952 2658; x_wconf 92' lang='lat' dir='ltr'><strong>ut</strong></span> <span class='ocrx_word' id='word_1_308' title='bbox 1993 2605 2188 2659; x_wconf 84' lang='lat' dir='ltr'><strong>callide</strong></span> 
     </span>
    </p>
   </div>
   <div class='ocr_carea' id='block_1_44' title="bbox 613 2684 2188 2764">
    <p class='ocr_par' dir='ltr' id='par_1_44' title="bbox 613 2684 2188 2764">
     <span class='ocr_line' id='line_1_44' title="bbox 613 2684 2188 2764; baseline 0.001 -16"><span class='ocrx_word' id='word_1_309' title='bbox 613 2694 831 2764; x_wconf 86' lang='lat' dir='ltr'><strong>piorum</strong></span> <span class='ocrx_word' id='word_1_310' title='bbox 869 2703 1102 2748; x_wconf 83' lang='lat' dir='ltr'><strong>conatus</strong></span> <span class='ocrx_word' id='word_1_311' title='bbox 1149 2703 1311 2763; x_wconf 86' lang='lat' dir='ltr'><strong>atque</strong></span> <span class='ocrx_word' id='word_1_312' title='bbox 1353 2684 1587 2764; x_wconf 79' lang='lat' dir='ltr'><strong>impetus</strong></span> <span class='ocrx_word' id='word_1_313' title='bbox 1620 2697 1962 2764; x_wconf 88' lang='lat' dir='ltr'><strong>comprimat.</strong></span> <span class='ocrx_word' id='word_1_314' title='bbox 1997 2694 2188 2762; x_wconf 83' lang='lat' dir='ltr'><strong>Nemo,</strong></span> 
     </span>
    </p>
   </div>
   <div class='ocr_carea' id='block_1_45' title="bbox 613 2782 2187 2852">
    <p class='ocr_par' dir='ltr' id='par_1_45' title="bbox 613 2782 2187 2852">
     <span class='ocr_line' id='line_1_45' title="bbox 613 2782 2187 2852; baseline 0.001 -16"><span class='ocrx_word' id='word_1_315' title='bbox 613 2790 674 2836; x_wconf 86' lang='lat' dir='ltr'><strong>ut</strong></span> <span class='ocrx_word' id='word_1_316' title='bbox 694 2782 932 2844; x_wconf 80' lang='lat' dir='ltr'><strong>videtur,</strong></span> <span class='ocrx_word' id='word_1_317' title='bbox 967 2783 1122 2852; x_wconf 86' lang='lat' dir='ltr'><strong>plane</strong></span> <span class='ocrx_word' id='word_1_318' title='bbox 1165 2799 1273 2837; x_wconf 86' lang='lat' dir='ltr'><strong>non</strong></span> <span class='ocrx_word' id='word_1_319' title='bbox 1309 2784 1480 2846; x_wconf 85' lang='lat' dir='ltr'><strong>novit,</strong></span> <span class='ocrx_word' id='word_1_320' title='bbox 1521 2784 1724 2837; x_wconf 87' lang='lat' dir='ltr'><strong>nullam</strong></span> <span class='ocrx_word' id='word_1_321' title='bbox 1779 2784 1921 2839; x_wconf 85' lang='lat' dir='ltr'><strong>inter</strong></span> <span class='ocrx_word' id='word_1_322' title='bbox 1976 2784 2187 2839; x_wconf 81' lang='lat' dir='ltr'><strong>ﬁdelem</strong></span> 
     </span>
    </p>
   </div>
   <div class='ocr_carea' id='block_1_46' title="bbox 610 2871 2188 2931">
    <p class='ocr_par' dir='ltr' id='par_1_46' title="bbox 610 2871 2188 2931">
     <span class='ocr_line' id='line_1_46' title="bbox 610 2871 2188 2931; baseline 0.001 -2"><span class='ocrx_word' id='word_1_323' title='bbox 610 2879 670 2929; x_wconf 83' lang='lat' dir='ltr'><strong>et</strong></span> <span class='ocrx_word' id='word_1_324' title='bbox 722 2871 998 2928; x_wconf 85' lang='lat' dir='ltr'><strong>inﬁdelem</strong></span> <span class='ocrx_word' id='word_1_325' title='bbox 1045 2874 1485 2929; x_wconf 90' lang='lat' dir='ltr'><strong>communionem</strong></span> <span class='ocrx_word' id='word_1_326' title='bbox 1548 2875 1932 2930; x_wconf 83' lang='lat' dir='ltr'><strong>intercedere:</strong></span> <span class='ocrx_word' id='word_1_327' title='bbox 1977 2892 2188 2931; x_wconf 86' lang='lat' dir='ltr'><strong>necnon</strong></span> 
     </span>
    </p>
   </div>
   <div class='ocr_carea' id='block_1_47' title="bbox 613 2967 2190 3038">
    <p class='ocr_par' dir='ltr' id='par_1_47' title="bbox 613 2967 2190 3038">
     <span class='ocr_line' id='line_1_47' title="bbox 613 2967 2190 3038; baseline 0.004 -20"><span class='ocrx_word' id='word_1_328' title='bbox 613 2976 830 3025; x_wconf 68' lang='lat' dir='ltr'><strong>rursus,</strong></span> <span class='ocrx_word' id='word_1_329' title='bbox 867 2977 976 3032; x_wconf 92' lang='lat' dir='ltr'><strong>quo</strong></span> <span class='ocrx_word' id='word_1_330' title='bbox 1033 2973 1190 3032; x_wconf 88' lang='lat' dir='ltr'><strong>pacto</strong></span> <span class='ocrx_word' id='word_1_331' title='bbox 1242 2967 1332 3034; x_wconf 89' lang='lat' dir='ltr'><strong>qui</strong></span> <span class='ocrx_word' id='word_1_332' title='bbox 1393 2967 1705 3020; x_wconf 81' lang='lat' dir='ltr'><strong>divitiarum</strong></span> <span class='ocrx_word' id='word_1_333' title='bbox 1739 2969 1894 3038; x_wconf 78' lang='lat' dir='ltr'><strong>Copia</strong></span> <span class='ocrx_word' id='word_1_334' title='bbox 1950 2967 2190 3037; x_wconf 79' lang='lat' dir='ltr'><strong>profusis</strong></span> 
     </span>
    </p>
   </div>
   <div class='ocr_carea' id='block_1_48' title="bbox 611 3038 2191 3122">
    <p class='ocr_par' dir='ltr' id='par_1_48' title="bbox 611 3038 2191 3122">
     <span class='ocr_line' id='line_1_48' title="bbox 611 3038 2191 3122; baseline 0.005 -18"><span class='ocrx_word' id='word_1_335' title='bbox 611 3059 923 3106; x_wconf 83' lang='lat' dir='ltr'><strong>marcuerat</strong></span> <span class='ocrx_word' id='word_1_336' title='bbox 952 3052 1149 3120; x_wconf 83' lang='lat' dir='ltr'><strong>epulis,</strong></span> <span class='ocrx_word' id='word_1_337' title='bbox 1185 3053 1341 3122; x_wconf 82' lang='lat' dir='ltr'><strong>longe</strong></span> <span class='ocrx_word' id='word_1_338' title='bbox 1376 3070 1404 3106; x_wconf 92' lang='lat' dir='ltr'><strong>a</strong></span> <span class='ocrx_word' id='word_1_339' title='bbox 1455 3053 1644 3106; x_wconf 83' lang='lat' dir='ltr'><strong>Lazari</strong></span> <span class='ocrx_word' id='word_1_340' title='bbox 1681 3038 2043 3110; x_wconf 84' lang='lat' dir='ltr'><strong>contubernio</strong></span> <span class='ocrx_word' id='word_1_341' title='bbox 2103 3075 2191 3112; x_wconf 89' lang='lat' dir='ltr'><strong>se-</strong></span> 
     </span>
    </p>
   </div>
   <div class='ocr_carea' id='block_1_49' title="bbox 2293 1966 3864 2039">
    <p class='ocr_par' dir='ltr' id='par_1_49' title="bbox 2293 1966 3864 2039">
     <span class='ocr_line' id='line_1_49' title="bbox 2293 1966 3864 2039; baseline 0.003 -21"><span class='ocrx_word' id='word_1_342' title='bbox 2293 1966 2554 2036; x_wconf 83' lang='grc' dir='ltr'>ἐχθίστων</span> <span class='ocrx_word' id='word_1_343' title='bbox 2579 1971 2605 2020; x_wconf 85' lang='grc' dir='ltr'><strong>ὁ</strong></span> <span class='ocrx_word' id='word_1_344' title='bbox 2628 1967 3039 2039; x_wconf 84' lang='grc' dir='ltr'>δραματουργὸς</span> <span class='ocrx_word' id='word_1_345' title='bbox 3073 1967 3235 2029; x_wconf 83' lang='grc' dir='ltr'>αὐτός</span> <span class='ocrx_word' id='word_1_346' title='bbox 3256 1967 3402 2021; x_wconf 85' lang='grc' dir='ltr'>ἐστιν</span> <span class='ocrx_word' id='word_1_347' title='bbox 3421 1969 3699 2036; x_wconf 73' lang='grc' dir='ltr'>ἀπάντων.</span> <span class='ocrx_word' id='word_1_348' title='bbox 3743 1969 3864 2024; x_wconf 82' lang='grc' dir='ltr'><strong>Ἐπὶ</strong></span> 
     </span>
    </p>
   </div>
   <div class='ocr_carea' id='block_1_50' title="bbox 2296 2053 3864 2126">
    <p class='ocr_par' dir='ltr' id='par_1_50' title="bbox 2296 2053 3864 2126">
     <span class='ocr_line' id='line_1_50' title="bbox 2296 2053 3864 2126; baseline 0.003 -21"><span class='ocrx_word' id='word_1_349' title='bbox 2296 2054 2476 2122; x_wconf 88' lang='grc' dir='ltr'>μέντοι</span> <span class='ocrx_word' id='word_1_350' title='bbox 2499 2055 2592 2107; x_wconf 79' lang='grc' dir='ltr'>τοῦ</span> <span class='ocrx_word' id='word_1_351' title='bbox 2618 2055 2806 2118; x_wconf 65' lang='grc' dir='ltr'>Σαοὺλ,</span> <span class='ocrx_word' id='word_1_352' title='bbox 2837 2056 2934 2108; x_wconf 81' lang='grc' dir='ltr'>ὅσα</span> <span class='ocrx_word' id='word_1_353' title='bbox 2967 2053 3224 2125; x_wconf 74' lang='grc' dir='ltr'>προσθεὶς</span> <span class='ocrx_word' id='word_1_354' title='bbox 3246 2056 3337 2126; x_wconf 75' lang='grc' dir='ltr'>ἀφ’</span> <span class='ocrx_word' id='word_1_355' title='bbox 3359 2057 3551 2109; x_wconf 80' lang='grc' dir='ltr'>ἐαυτοῦ</span> <span class='ocrx_word' id='word_1_356' title='bbox 3580 2057 3864 2123; x_wconf 71' lang='grc' dir='ltr'>συνέζευξα</span> 
     </span>
    </p>
   </div>
   <div class='ocr_carea' id='block_1_51' title="bbox 2291 2145 3867 2218">
    <p class='ocr_par' dir='ltr' id='par_1_51' title="bbox 2291 2145 3867 2218">
     <span class='ocr_line' id='line_1_51' title="bbox 2291 2145 3867 2218; baseline 0.002 -20"><span class='ocrx_word' id='word_1_357' title='bbox 2291 2150 2403 2209; x_wconf 86' lang='grc' dir='ltr'>τοῖς</span> <span class='ocrx_word' id='word_1_358' title='bbox 2442 2146 2531 2198; x_wconf 82' lang='grc' dir='ltr'>τοῦ</span> <span class='ocrx_word' id='word_1_359' title='bbox 2563 2145 2812 2217; x_wconf 76' lang='grc' dir='ltr'><strong>Σαμουὴλ</strong></span> <span class='ocrx_word' id='word_1_360' title='bbox 2851 2145 3284 2218; x_wconf 82' lang='grc' dir='ltr'><strong>ἀποφθέγμασιν,</strong></span> <span class='ocrx_word' id='word_1_361' title='bbox 3318 2147 3380 2200; x_wconf 77' lang='grc' dir='ltr'>οὐ</span> <span class='ocrx_word' id='word_1_362' title='bbox 3415 2149 3570 2218; x_wconf 87' lang='grc' dir='ltr'>μόνον</span> <span class='ocrx_word' id='word_1_363' title='bbox 3600 2147 3867 2216; x_wconf 75' lang='grc' dir='ltr'>ἐψεύσατο</span> 
     </span>
    </p>
   </div>
   <div class='ocr_carea' id='block_1_52' title="bbox 2293 2237 3864 2310">
    <p class='ocr_par' dir='ltr' id='par_1_52' title="bbox 2293 2237 3864 2310">
     <span class='ocr_line' id='line_1_52' title="bbox 2293 2237 3864 2310; baseline 0.001 -21"><span class='ocrx_word' id='word_1_364' title='bbox 2293 2237 2552 2299; x_wconf 80' lang='grc' dir='ltr'>πιθανῶς,</span> <span class='ocrx_word' id='word_1_365' title='bbox 2597 2237 2729 2290; x_wconf 88' lang='grc' dir='ltr'><strong>ἀλλά</strong></span> <span class='ocrx_word' id='word_1_366' title='bbox 2763 2238 2855 2290; x_wconf 74' lang='grc' dir='ltr'>καὶ</span> <span class='ocrx_word' id='word_1_367' title='bbox 2893 2237 3312 2310; x_wconf 75' lang='grc' dir='ltr'>ἐϐλασφήμησεν</span> <span class='ocrx_word' id='word_1_368' title='bbox 3345 2237 3573 2301; x_wconf 72' lang='grc' dir='ltr'>ἀσεϐῶς.</span> <span class='ocrx_word' id='word_1_369' title='bbox 3625 2238 3864 2290; x_wconf 76' lang='grc' dir='ltr'>Ἐνθένδε</span> 
     </span>
    </p>
   </div>
   <div class='ocr_carea' id='block_1_53' title="bbox 2292 2327 3864 2400">
    <p class='ocr_par' dir='ltr' id='par_1_53' title="bbox 2292 2327 3864 2400">
     <span class='ocr_line' id='line_1_53' title="bbox 2292 2327 3864 2400; baseline 0.001 -21"><span class='ocrx_word' id='word_1_370' title='bbox 2292 2328 2456 2379; x_wconf 84' lang='grc' dir='ltr'>ποθὲν</span> <span class='ocrx_word' id='word_1_371' title='bbox 2485 2327 2814 2398; x_wconf 80' lang='grc' dir='ltr'>διελέγχεται</span> <span class='ocrx_word' id='word_1_372' title='bbox 2843 2330 2875 2399; x_wconf 85' lang='grc' dir='ltr'><strong>ή</strong></span> <span class='ocrx_word' id='word_1_373' title='bbox 2906 2328 3092 2400; x_wconf 79' lang='grc' dir='ltr'>πρώτη</span> <span class='ocrx_word' id='word_1_374' title='bbox 3137 2329 3445 2399; x_wconf 74' lang='grc' dir='ltr'>δυσφημία·</span> <span class='ocrx_word' id='word_1_375' title='bbox 3483 2330 3705 2400; x_wconf 74' lang='grc' dir='ltr'>Πρῶτον</span> <span class='ocrx_word' id='word_1_376' title='bbox 3747 2330 3864 2400; x_wconf 79' lang='grc' dir='ltr'>μὲν,</span> 
     </span>
    </p>
   </div>
   <div class='ocr_carea' id='block_1_54' title="bbox 2291 2418 3867 2492">
    <p class='ocr_par' dir='ltr' id='par_1_54' title="bbox 2291 2418 3867 2492">
     <span class='ocr_line' id='line_1_54' title="bbox 2291 2418 3867 2492; baseline 0.003 -23"><span class='ocrx_word' id='word_1_377' title='bbox 2291 2419 2372 2469; x_wconf 86' lang='grc' dir='ltr'>ὃτι</span> <span class='ocrx_word' id='word_1_378' title='bbox 2403 2418 2539 2471; x_wconf 88' lang='grc' dir='ltr'><strong>κατά</strong></span> <span class='ocrx_word' id='word_1_379' title='bbox 2562 2421 2809 2488; x_wconf 79' lang='grc' dir='ltr'>μίμησιν,</span> <span class='ocrx_word' id='word_1_380' title='bbox 2831 2421 2904 2482; x_wconf 83' lang='grc' dir='ltr'>ὡς</span> <span class='ocrx_word' id='word_1_381' title='bbox 2929 2421 2956 2471; x_wconf 86' lang='grc' dir='ltr'>ὁ</span> <span class='ocrx_word' id='word_1_382' title='bbox 2980 2421 3178 2490; x_wconf 67' lang='grc' dir='ltr'>Κύριος</span> <span class='ocrx_word' id='word_1_383' title='bbox 3204 2422 3305 2490; x_wconf 78' lang='grc' dir='ltr'>ἔφη</span> <span class='ocrx_word' id='word_1_384' title='bbox 3328 2420 3406 2489; x_wconf 80' lang='grc' dir='ltr'><strong>τῷ</strong></span> <span class='ocrx_word' id='word_1_385' title='bbox 3425 2421 3622 2491; x_wconf 80' lang='grc' dir='ltr'>λῃστῇ,</span> <span class='ocrx_word' id='word_1_386' title='bbox 3651 2420 3714 2472; x_wconf 78' lang='grc' dir='ltr'>τὸ</span> <span class='ocrx_word' id='word_1_387' title='bbox 3739 2422 3867 2492; x_wconf 80' lang='grc' dir='ltr'>κράο</span> 
     </span>
    </p>
   </div>
   <div class='ocr_carea' id='block_1_55' title="bbox 2290 2507 3866 2578">
    <p class='ocr_par' dir='ltr' id='par_1_55' title="bbox 2290 2507 3866 2578">
     <span class='ocr_line' id='line_1_55' title="bbox 2290 2507 3866 2578; baseline 0.004 -22"><span class='ocrx_word' id='word_1_388' title='bbox 2290 2523 2380 2567; x_wconf 91' lang='grc' dir='ltr'><strong>τος</strong></span> <span class='ocrx_word' id='word_1_389' title='bbox 2404 2507 2796 2576; x_wconf 74' lang='grc' dir='ltr'>ὁμολογήσαντι</span> <span class='ocrx_word' id='word_1_390' title='bbox 2822 2509 2919 2578; x_wconf 79' lang='grc' dir='ltr'>τῆς</span> <span class='ocrx_word' id='word_1_391' title='bbox 2945 2508 3218 2576; x_wconf 78' lang='grc' dir='ltr'>βασιλείας</span> <span class='ocrx_word' id='word_1_392' title='bbox 3249 2509 3732 2578; x_wconf 81' lang='grc' dir='ltr'>αὑτοῦ,⁸Σήμερον</span> <span class='ocrx_word' id='word_1_393' title='bbox 3751 2510 3866 2577; x_wconf 72' lang='grc' dir='ltr'><strong>ἔσῃ</strong></span> 
     </span>
    </p>
   </div>
   <div class='ocr_carea' id='block_1_56' title="bbox 2285 2597 3868 2670">
    <p class='ocr_par' dir='ltr' id='par_1_56' title="bbox 2285 2597 3868 2670">
     <span class='ocr_line' id='line_1_56' title="bbox 2285 2597 3868 2670; baseline 0.003 -21"><span class='ocrx_word' id='word_1_394' title='bbox 2285 2599 2413 2663; x_wconf 82' lang='grc' dir='ltr'>μετ’</span> <span class='ocrx_word' id='word_1_395' title='bbox 2454 2597 2629 2665; x_wconf 77' lang='grc' dir='ltr'>ἐμοῦ,</span> <span class='ocrx_word' id='word_1_396' title='bbox 2665 2599 2858 2665; x_wconf 81' lang='grc' dir='ltr'>λέγων,</span> <span class='ocrx_word' id='word_1_397' title='bbox 2894 2600 2964 2652; x_wconf 77' lang='grc' dir='ltr'>ἐν</span> <span class='ocrx_word' id='word_1_398' title='bbox 3013 2598 3092 2663; x_wconf 86' lang='grc' dir='ltr'>τῷ</span> <span class='ocrx_word' id='word_1_399' title='bbox 3145 2601 3504 2668; x_wconf 76' lang='grc' dir='ltr'>παραδείσῳ,</span> <span class='ocrx_word' id='word_1_400' title='bbox 3549 2605 3752 2654; x_wconf 79' lang='grc' dir='ltr'>ταυτὸν</span> <span class='ocrx_word' id='word_1_401' title='bbox 3801 2601 3868 2670; x_wconf 75' lang='grc' dir='ltr'>δὴ</span> 
     </span>
    </p>
   </div>
   <div class='ocr_carea' id='block_1_57' title="bbox 2292 2691 3866 2764">
    <p class='ocr_par' dir='ltr' id='par_1_57' title="bbox 2292 2691 3866 2764">
     <span class='ocr_line' id='line_1_57' title="bbox 2292 2691 3866 2764; baseline 0.004 -24"><span class='ocrx_word' id='word_1_402' title='bbox 2292 2691 2447 2743; x_wconf 78' lang='grc' dir='ltr'>τοῦτο</span> <span class='ocrx_word' id='word_1_403' title='bbox 2480 2693 2572 2744; x_wconf 71' lang='grc' dir='ltr'>καὶ</span> <span class='ocrx_word' id='word_1_404' title='bbox 2599 2692 2674 2762; x_wconf 85' lang='grc' dir='ltr'>τῷ</span> <span class='ocrx_word' id='word_1_405' title='bbox 2703 2691 2873 2744; x_wconf 75' lang='grc' dir='ltr'>Σαοὺλ</span> <span class='ocrx_word' id='word_1_406' title='bbox 2902 2691 3312 2762; x_wconf 80' lang='grc' dir='ltr'>ἑκπληρώσαντι</span> <span class='ocrx_word' id='word_1_407' title='bbox 3335 2695 3435 2757; x_wconf 82' lang='grc' dir='ltr'><strong>τάς</strong></span> <span class='ocrx_word' id='word_1_408' title='bbox 3467 2693 3738 2764; x_wconf 77' lang='grc' dir='ltr'>μαντικὰς</span> <span class='ocrx_word' id='word_1_409' title='bbox 3768 2695 3866 2748; x_wconf 81' lang='grc' dir='ltr'><strong>αὺ-</strong></span> 
     </span>
    </p>
   </div>
   <div class='ocr_carea' id='block_1_58' title="bbox 2290 2763 3868 2854">
    <p class='ocr_par' dir='ltr' id='par_1_58' title="bbox 2290 2763 3868 2854">
     <span class='ocr_line' id='line_1_58' title="bbox 2290 2763 3868 2854; baseline 0.003 -21"><span class='ocrx_word' id='word_1_410' title='bbox 2290 2782 2384 2833; x_wconf 76' lang='grc' dir='ltr'><strong>τοῦ</strong></span> <span class='ocrx_word' id='word_1_411' title='bbox 2431 2763 2683 2850; x_wconf 85' lang='grc' dir='ltr'>μαντείας</span> <span class='ocrx_word' id='word_1_412' title='bbox 2723 2782 2922 2852; x_wconf 72' lang='grc' dir='ltr'>ἔφησεν</span> <span class='ocrx_word' id='word_1_413' title='bbox 2964 2785 2992 2834; x_wconf 88' lang='grc' dir='ltr'>ὁ</span> <span class='ocrx_word' id='word_1_414' title='bbox 3018 2783 3338 2854; x_wconf 76' lang='grc' dir='ltr'>δολομήτηςο</span> <span class='ocrx_word' id='word_1_415' title='bbox 3369 2763 3585 2850; x_wconf 74' lang='grc' dir='ltr'>Αὔριον</span> <span class='ocrx_word' id='word_1_416' title='bbox 3624 2782 3743 2851; x_wconf 70' lang='grc' dir='ltr'><strong>ἔσῃ</strong></span> <span class='ocrx_word' id='word_1_417' title='bbox 3780 2784 3868 2838; x_wconf 83' lang='grc' dir='ltr'>σὺ</span> 
     </span>
    </p>
   </div>
   <div class='ocr_carea' id='block_1_59' title="bbox 2286 2855 3870 2947">
    <p class='ocr_par' dir='ltr' id='par_1_59' title="bbox 2286 2855 3870 2947">
     <span class='ocr_line' id='line_1_59' title="bbox 2286 2855 3870 2947; baseline 0.004 -24"><span class='ocrx_word' id='word_1_418' title='bbox 2286 2871 2414 2940; x_wconf 81' lang='grc' dir='ltr'>μετ’</span> <span class='ocrx_word' id='word_1_419' title='bbox 2465 2871 2632 2940; x_wconf 80' lang='grc' dir='ltr'>ἐμοῦ,</span> <span class='ocrx_word' id='word_1_420' title='bbox 2675 2855 2782 2926; x_wconf 70' lang='grc' dir='ltr'>’καὶ</span> <span class='ocrx_word' id='word_1_421' title='bbox 2843 2873 3125 2928; x_wconf 77' lang='grc' dir='ltr'>Ἰωνάθαν</span> <span class='ocrx_word' id='word_1_422' title='bbox 3165 2877 3198 2927; x_wconf 81' lang='grc' dir='ltr'><em>ὁ</em></span> <span class='ocrx_word' id='word_1_423' title='bbox 3249 2877 3380 2938; x_wconf 81' lang='grc' dir='ltr'>υἱός</span> <span class='ocrx_word' id='word_1_424' title='bbox 3410 2890 3546 2927; x_wconf 88' lang='grc' dir='ltr'>σου.</span> <span class='ocrx_word' id='word_1_425' title='bbox 3601 2874 3870 2947; x_wconf 81' lang='grc' dir='ltr'><strong>Δεύτερον</strong></span> 
     </span>
    </p>
   </div>
   <div class='ocr_carea' id='block_1_60' title="bbox 2296 2964 3871 3037">
    <p class='ocr_par' dir='ltr' id='par_1_60' title="bbox 2296 2964 3871 3037">
     <span class='ocr_line' id='line_1_60' title="bbox 2296 2964 3871 3037; baseline 0.003 -21"><span class='ocrx_word' id='word_1_426' title='bbox 2296 2964 2540 3032; x_wconf 75' lang='grc' dir='ltr'>βούλεται</span> <span class='ocrx_word' id='word_1_427' title='bbox 2574 2965 2844 3018; x_wconf 80' lang='grc' dir='ltr'>δεικνύναι</span> <span class='ocrx_word' id='word_1_428' title='bbox 2880 2965 2968 3019; x_wconf 79' lang='grc' dir='ltr'><strong>διὰ</strong></span> <span class='ocrx_word' id='word_1_429' title='bbox 3008 2965 3229 3029; x_wconf 83' lang='grc' dir='ltr'>τούτων,</span> <span class='ocrx_word' id='word_1_430' title='bbox 3263 2967 3346 3019; x_wconf 87' lang='grc' dir='ltr'>ὅτι</span> <span class='ocrx_word' id='word_1_431' title='bbox 3388 2967 3552 3037; x_wconf 81' lang='grc' dir='ltr'>μηδὲν</span> <span class='ocrx_word' id='word_1_432' title='bbox 3585 2967 3616 3019; x_wconf 84' lang='grc' dir='ltr'><strong>ό</strong></span> <span class='ocrx_word' id='word_1_433' title='bbox 3660 2968 3871 3034; x_wconf 81' lang='grc' dir='ltr'>δίκαιος</span> 
     </span>
    </p>
   </div>
   <div class='ocr_carea' id='block_1_61' title="bbox 2293 3051 3871 3128">
    <p class='ocr_par' dir='ltr' id='par_1_61' title="bbox 2293 3051 3871 3128">
     <span class='ocr_line' id='line_1_61' title="bbox 2293 3051 3871 3128; baseline 0.005 -25"><span class='ocrx_word' id='word_1_434' title='bbox 2293 3051 2474 3103; x_wconf 80' lang='grc' dir='ltr'>ἀδίκου</span> <span class='ocrx_word' id='word_1_435' title='bbox 2524 3051 2788 3123; x_wconf 79' lang='grc' dir='ltr'>διαφέρει,</span> <span class='ocrx_word' id='word_1_436' title='bbox 2831 3052 2930 3115; x_wconf 87' lang='grc' dir='ltr'><strong>τὰς</strong></span> <span class='ocrx_word' id='word_1_437' title='bbox 2966 3052 3074 3106; x_wconf 75' lang='grc' dir='ltr'><strong>τῶν</strong></span> <span class='ocrx_word' id='word_1_438' title='bbox 3116 3053 3354 3107; x_wconf 76' lang='grc' dir='ltr'>εὐσεϐῶν</span> <span class='ocrx_word' id='word_1_439' title='bbox 3393 3055 3624 3123; x_wconf 77' lang='grc' dir='ltr'><strong>ἐκκόψαι</strong></span> <span class='ocrx_word' id='word_1_440' title='bbox 3664 3058 3871 3128; x_wconf 86' lang='grc' dir='ltr'>προθυ-</span> 
     </span>
    </p>
   </div>
   <div class='ocr_carea' id='block_1_62' title="bbox 609 3140 2187 3235">
    <p class='ocr_par' dir='ltr' id='par_1_62' title="bbox 609 3140 2186 3214">
     <span class='ocr_line' id='line_1_62' title="bbox 609 3140 2186 3214; baseline 0.004 -20"><span class='ocrx_word' id='word_1_441' title='bbox 609 3140 839 3212; x_wconf 70' lang='lat' dir='ltr'><strong>juncws</strong></span> <span class='ocrx_word' id='word_1_442' title='bbox 868 3152 1223 3212; x_wconf 82' lang='lat' dir='ltr'><strong>secretusque</strong></span> <span class='ocrx_word' id='word_1_443' title='bbox 1255 3145 1417 3199; x_wconf 80' lang='lat' dir='ltr'><strong>fuerit</strong></span> <span class='ocrx_word' id='word_1_444' title='bbox 1441 3145 1507 3207; x_wconf 66' lang='grc'><strong>⁸³,</strong></span> <span class='ocrx_word' id='word_1_445' title='bbox 1530 3149 1780 3214; x_wconf 86' lang='lat' dir='ltr'><strong>quamvis</strong></span> <span class='ocrx_word' id='word_1_446' title='bbox 1811 3147 1943 3199; x_wconf 89' lang='lat' dir='ltr'><strong>nihil</strong></span> <span class='ocrx_word' id='word_1_447' title='bbox 1965 3148 2016 3200; x_wconf 90' lang='lat' dir='ltr'><strong>in</strong></span> <span class='ocrx_word' id='word_1_448' title='bbox 2039 3149 2186 3202; x_wconf 92' lang='lat' dir='ltr'><strong>illum</strong></span> 
     </span>
    </p>
   </div>
   <div class='ocr_carea' id='block_1_63' title="bbox 2289 3140 3874 3235">
    <p class='ocr_par' dir='ltr' id='par_1_63' title="bbox 2297 3142 3874 3222">
     <span class='ocr_line' id='line_1_63' title="bbox 2297 3142 3874 3222; baseline 0.007 -30"><span class='ocrx_word' id='word_1_449' title='bbox 2297 3142 2424 3211; x_wconf 86' lang='grc' dir='ltr'>μίας</span> <span class='ocrx_word' id='word_1_450' title='bbox 2461 3142 2908 3213; x_wconf 84' lang='grc' dir='ltr'>ἐπιτεχνώμενος.</span> <span class='ocrx_word' id='word_1_451' title='bbox 2955 3144 3138 3208; x_wconf 69' lang='grc' dir='ltr'>Οὐδεὶς</span> <span class='ocrx_word' id='word_1_452' title='bbox 3168 3146 3344 3199; x_wconf 77' lang='grc' dir='ltr'>ἔοικεν</span> <span class='ocrx_word' id='word_1_453' title='bbox 3381 3148 3617 3213; x_wconf 83' lang='grc' dir='ltr'>ἀγνοεῖν,</span> <span class='ocrx_word' id='word_1_454' title='bbox 3648 3151 3734 3203; x_wconf 76' lang='grc' dir='ltr'>ὅτι</span> <span class='ocrx_word' id='word_1_455' title='bbox 3769 3169 3874 3222; x_wconf 82' lang='grc' dir='ltr'>μη-</span> 
     </span>
    </p>
   </div>
   <div class='ocr_carea' id='block_1_64' title="bbox 613 3231 2187 3316">
    <p class='ocr_par' dir='ltr' id='par_1_64' title="bbox 613 3233 2187 3306">
     <span class='ocr_line' id='line_1_64' title="bbox 613 3233 2187 3306; baseline 0.004 -19"><span class='ocrx_word' id='word_1_456' title='bbox 613 3247 803 3288; x_wconf 72' lang='lat' dir='ltr'><strong>ausus.</strong></span> <span class='ocrx_word' id='word_1_457' title='bbox 839 3233 982 3288; x_wconf 82' lang='lat' dir='ltr'><strong>Sane</strong></span> <span class='ocrx_word' id='word_1_458' title='bbox 1013 3236 1146 3288; x_wconf 87' lang='lat' dir='ltr'><strong>nihil</strong></span> <span class='ocrx_word' id='word_1_459' title='bbox 1178 3237 1389 3305; x_wconf 87' lang='lat' dir='ltr'><strong>uspiam</strong></span> <span class='ocrx_word' id='word_1_460' title='bbox 1415 3238 1766 3306; x_wconf 80' lang='lat' dir='ltr'><strong>reliquiarum</strong></span> <span class='ocrx_word' id='word_1_461' title='bbox 1798 3248 1890 3291; x_wconf 87' lang='lat' dir='ltr'><strong>aut</strong></span> <span class='ocrx_word' id='word_1_462' title='bbox 1925 3239 2187 3293; x_wconf 87' lang='lat' dir='ltr'><strong>micarum</strong></span> 
     </span>
    </p>
   </div>
   <div class='ocr_carea' id='block_1_65' title="bbox 2289 3231 3872 3316">
    <p class='ocr_par' dir='ltr' id='par_1_65' title="bbox 2294 3231 3872 3316">
     <span class='ocr_line' id='line_1_65' title="bbox 2294 3231 3872 3316; baseline 0.007 -34"><span class='ocrx_word' id='word_1_463' title='bbox 2294 3231 2452 3301; x_wconf 82' lang='grc' dir='ltr'>δεμία</span> <span class='ocrx_word' id='word_1_464' title='bbox 2491 3233 2820 3303; x_wconf 86' lang='grc' dir='ltr'>συνυπάρχει</span> <span class='ocrx_word' id='word_1_465' title='bbox 2857 3236 3113 3289; x_wconf 78' lang='grc' dir='ltr'>κοινωνία</span> <span class='ocrx_word' id='word_1_466' title='bbox 3141 3235 3314 3305; x_wconf 82' lang='grc' dir='ltr'>πιστῷ</span> <span class='ocrx_word' id='word_1_467' title='bbox 3356 3237 3492 3306; x_wconf 87' lang='grc' dir='ltr'><strong>μετά</strong></span> <span class='ocrx_word' id='word_1_468' title='bbox 3532 3239 3794 3307; x_wconf 80' lang='grc' dir='ltr'>ἀπίστου,</span> <span class='ocrx_word' id='word_1_469' title='bbox 3833 3240 3872 3316; x_wconf 60' lang='grc' dir='ltr'><strong>η</strong></span> 
     </span>
    </p>
   </div>
   <div class='ocr_carea' id='block_1_66' title="bbox 613 3322 2190 3400">
    <p class='ocr_par' dir='ltr' id='par_1_66' title="bbox 613 3322 2190 3400">
     <span class='ocr_line' id='line_1_66' title="bbox 613 3322 2190 3400; baseline 0.005 -25"><span class='ocrx_word' id='word_1_470' title='bbox 613 3322 671 3376; x_wconf 85' lang='lat' dir='ltr'><strong>in</strong></span> <span class='ocrx_word' id='word_1_471' title='bbox 703 3324 1073 3392; x_wconf 85' lang='lat' dir='ltr'><strong>pavimentum</strong></span> <span class='ocrx_word' id='word_1_472' title='bbox 1108 3326 1419 3380; x_wconf 88' lang='lat' dir='ltr'><strong>cadentium</strong></span> <span class='ocrx_word' id='word_1_473' title='bbox 1449 3328 1727 3392; x_wconf 83' lang='lat' dir='ltr'><strong>exhibuit,</strong></span> <span class='ocrx_word' id='word_1_474' title='bbox 1761 3329 1853 3383; x_wconf 91' lang='lat' dir='ltr'><strong>sed</strong></span> <span class='ocrx_word' id='word_1_475' title='bbox 1889 3345 1988 3385; x_wconf 90' lang='lat' dir='ltr'><strong>nec</strong></span> <span class='ocrx_word' id='word_1_476' title='bbox 2019 3331 2190 3400; x_wconf 80' lang='lat' dir='ltr'><strong>plagis</strong></span> 
     </span>
    </p>
   </div>
   <div class='ocr_carea' id='block_1_67' title="bbox 611 3413 2190 3490">
    <p class='ocr_par' dir='ltr' id='par_1_67' title="bbox 611 3413 2190 3490">
     <span class='ocr_line' id='line_1_67' title="bbox 611 3413 2190 3490; baseline 0.005 -23"><span class='ocrx_word' id='word_1_477' title='bbox 611 3413 792 3468; x_wconf 81' lang='lat' dir='ltr'><strong>virum</strong></span> <span class='ocrx_word' id='word_1_478' title='bbox 825 3413 1114 3478; x_wconf 81' lang='lat' dir='ltr'><strong>aillixerat,</strong></span> <span class='ocrx_word' id='word_1_479' title='bbox 1172 3432 1271 3470; x_wconf 84' lang='lat' dir='ltr'><strong>nec</strong></span> <span class='ocrx_word' id='word_1_480' title='bbox 1322 3417 1505 3487; x_wconf 83' lang='lat' dir='ltr'><strong>ﬂagris</strong></span> <span class='ocrx_word' id='word_1_481' title='bbox 1556 3435 1755 3472; x_wconf 73' lang='lat' dir='ltr'><strong>czesum</strong></span> <span class='ocrx_word' id='word_1_482' title='bbox 1817 3420 1923 3473; x_wconf 81' lang='lat' dir='ltr'><strong>alio</strong></span> <span class='ocrx_word' id='word_1_483' title='bbox 1978 3421 2190 3490; x_wconf 82' lang='lat' dir='ltr'><strong>longius</strong></span> 
     </span>
    </p>
   </div>
   <div class='ocr_carea' id='block_1_68' title="bbox 612 3503 2188 3580">
    <p class='ocr_par' dir='ltr' id='par_1_68' title="bbox 612 3503 2188 3580">
     <span class='ocr_line' id='line_1_68' title="bbox 612 3503 2188 3580; baseline 0.004 -22"><span class='ocrx_word' id='word_1_484' title='bbox 612 3505 955 3565; x_wconf 73' lang='lat' dir='ltr'><strong>amandarat.</strong></span> <span class='ocrx_word' id='word_1_485' title='bbox 983 3503 1185 3560; x_wconf 84' lang='lat' dir='ltr'><strong>Verum</strong></span> <span class='ocrx_word' id='word_1_486' title='bbox 1209 3522 1334 3561; x_wconf 90' lang='lat' dir='ltr'><strong>cum</strong></span> <span class='ocrx_word' id='word_1_487' title='bbox 1370 3509 1532 3562; x_wconf 90' lang='lat' dir='ltr'><strong>ambo</strong></span> <span class='ocrx_word' id='word_1_488' title='bbox 1558 3511 1681 3562; x_wconf 90' lang='lat' dir='ltr'><strong>hinc</strong></span> <span class='ocrx_word' id='word_1_489' title='bbox 1705 3511 2008 3580; x_wconf 87' lang='lat' dir='ltr'><strong>migrantes</strong></span> <span class='ocrx_word' id='word_1_490' title='bbox 2025 3511 2188 3565; x_wconf 86' lang='lat' dir='ltr'><strong>vitam</strong></span> 
     </span>
    </p>
   </div>
   <div class='ocr_carea' id='block_1_69' title="bbox 611 3598 2191 3668">
    <p class='ocr_par' dir='ltr' id='par_1_69' title="bbox 611 3598 2191 3668">
     <span class='ocr_line' id='line_1_69' title="bbox 611 3598 2191 3668; baseline 0.005 -22"><span class='ocrx_word' id='word_1_491' title='bbox 611 3602 1046 3648; x_wconf 88' lang='lat' dir='ltr'><strong>commutassent</strong></span> <span class='ocrx_word' id='word_1_492' title='bbox 1063 3610 1186 3648; x_wconf 89' lang='lat' dir='ltr'><strong>cum</strong></span> <span class='ocrx_word' id='word_1_493' title='bbox 1219 3604 1414 3660; x_wconf 91' lang='lat' dir='ltr'><strong>morte,</strong></span> <span class='ocrx_word' id='word_1_494' title='bbox 1437 3598 1524 3651; x_wconf 91' lang='lat' dir='ltr'><strong>hic</strong></span> <span class='ocrx_word' id='word_1_495' title='bbox 1545 3599 1762 3668; x_wconf 86' lang='lat' dir='ltr'><strong>quidem</strong></span> <span class='ocrx_word' id='word_1_496' title='bbox 1790 3601 1843 3652; x_wconf 92' lang='lat' dir='ltr'><strong>in</strong></span> <span class='ocrx_word' id='word_1_497' title='bbox 1878 3599 2001 3654; x_wconf 88' lang='lat' dir='ltr'><strong>sinu</strong></span> <span class='ocrx_word' id='word_1_498' title='bbox 2024 3599 2191 3654; x_wconf 75' lang='lat' dir='ltr'><strong>Abra-</strong></span> 
     </span>
    </p>
   </div>
   <div class='ocr_carea' id='block_1_70' title="bbox 613 3680 2190 3758">
    <p class='ocr_par' dir='ltr' id='par_1_70' title="bbox 613 3680 2190 3758">
     <span class='ocr_line' id='line_1_70' title="bbox 613 3680 2190 3758; baseline 0.008 -23"><span class='ocrx_word' id='word_1_499' title='bbox 613 3680 700 3737; x_wconf 69' lang='lat' dir='ltr'><strong>be</strong></span> <span class='ocrx_word' id='word_1_500' title='bbox 717 3684 933 3755; x_wconf 77' lang='lat' dir='ltr'><strong>generis</strong></span> <span class='ocrx_word' id='word_1_501' title='bbox 950 3686 1195 3742; x_wconf 87' lang='lat' dir='ltr'><strong>auctoris</strong></span> <span class='ocrx_word' id='word_1_502' title='bbox 1225 3688 1451 3754; x_wconf 89' lang='lat' dir='ltr'><strong>quievit,</strong></span> <span class='ocrx_word' id='word_1_503' title='bbox 1479 3690 1569 3743; x_wconf 88' lang='lat' dir='ltr'><strong>ille</strong></span> <span class='ocrx_word' id='word_1_504' title='bbox 1609 3692 1939 3758; x_wconf 89' lang='lat' dir='ltr'><strong>perennibus</strong></span> <span class='ocrx_word' id='word_1_505' title='bbox 1958 3691 2190 3748; x_wconf 81' lang='lat' dir='ltr'><strong>ﬂammis</strong></span> 
     </span>
    </p>
   </div>
   <div class='ocr_carea' id='block_1_71' title="bbox 612 3776 2190 3851">
    <p class='ocr_par' dir='ltr' id='par_1_71' title="bbox 612 3776 2190 3851">
     <span class='ocr_line' id='line_1_71' title="bbox 612 3776 2190 3851; baseline 0.006 -23"><span class='ocrx_word' id='word_1_506' title='bbox 612 3781 780 3845; x_wconf 76' lang='lat' dir='ltr'><strong>atque</strong></span> <span class='ocrx_word' id='word_1_507' title='bbox 808 3776 1346 3847; x_wconf 79' lang='lat' dir='ltr'><strong>inexstinguibilibus</strong></span> <span class='ocrx_word' id='word_1_508' title='bbox 1376 3788 1663 3851; x_wconf 86' lang='lat' dir='ltr'><strong>correptus</strong></span> <span class='ocrx_word' id='word_1_509' title='bbox 1698 3791 1779 3837; x_wconf 89' lang='lat' dir='ltr'><strong>est</strong></span> <span class='ocrx_word' id='word_1_510' title='bbox 1813 3803 1823 3834; x_wconf 89' lang='lat'><strong>:</strong></span> <span class='ocrx_word' id='word_1_511' title='bbox 1861 3784 1947 3837; x_wconf 85' lang='lat' dir='ltr'><strong>hic</strong></span> <span class='ocrx_word' id='word_1_512' title='bbox 1974 3784 2103 3838; x_wconf 89' lang='lat' dir='ltr'><strong>dum</strong></span> <span class='ocrx_word' id='word_1_513' title='bbox 2135 3786 2190 3839; x_wconf 92' lang='lat' dir='ltr'><strong>in</strong></span> 
     </span>
    </p>
   </div>
   <div class='ocr_carea' id='block_1_72' title="bbox 613 3866 2190 3946">
    <p class='ocr_par' dir='ltr' id='par_1_72' title="bbox 613 3866 2190 3946">
     <span class='ocr_line' id='line_1_72' title="bbox 613 3866 2190 3946; baseline 0.006 -26"><span class='ocrx_word' id='word_1_514' title='bbox 613 3866 809 3921; x_wconf 81' lang='lat' dir='ltr'><strong>inferis</strong></span> <span class='ocrx_word' id='word_1_515' title='bbox 831 3875 1012 3923; x_wconf 82' lang='lat' dir='ltr'><strong>tortus</strong></span> <span class='ocrx_word' id='word_1_516' title='bbox 1041 3873 1456 3936; x_wconf 75' lang='lat' dir='ltr'><strong>cremaretur“,</strong></span> <span class='ocrx_word' id='word_1_517' title='bbox 1496 3873 1640 3928; x_wconf 86' lang='lat' dir='ltr'><strong>videt</strong></span> <span class='ocrx_word' id='word_1_518' title='bbox 1675 3889 1703 3926; x_wconf 90' lang='lat' dir='ltr'><strong>a</strong></span> <span class='ocrx_word' id='word_1_519' title='bbox 1746 3875 1904 3943; x_wconf 87' lang='lat' dir='ltr'><strong>longe</strong></span> <span class='ocrx_word' id='word_1_520' title='bbox 1939 3878 2190 3946; x_wconf 86' lang='lat' dir='ltr'><strong>progeni-</strong></span> 
     </span>
    </p>
   </div>
   <div class='ocr_carea' id='block_1_73' title="bbox 613 3959 2187 4036">
    <p class='ocr_par' dir='ltr' id='par_1_73' title="bbox 613 3959 2187 4036">
     <span class='ocr_line' id='line_1_73' title="bbox 613 3959 2187 4036; baseline 0.006 -25"><span class='ocrx_word' id='word_1_521' title='bbox 613 3963 1042 4024; x_wconf 86' lang='lat' dir='ltr'><strong>torem,necnon</strong></span> <span class='ocrx_word' id='word_1_522' title='bbox 1066 3971 1119 4013; x_wconf 90' lang='lat' dir='ltr'><strong>et</strong></span> <span class='ocrx_word' id='word_1_523' title='bbox 1136 3959 1401 4015; x_wconf 86' lang='lat' dir='ltr'><strong>Lazarum</strong></span> <span class='ocrx_word' id='word_1_524' title='bbox 1432 3964 1486 4016; x_wconf 89' lang='lat' dir='ltr'><strong>in</strong></span> <span class='ocrx_word' id='word_1_525' title='bbox 1519 3964 1642 4017; x_wconf 89' lang='lat' dir='ltr'><strong>sinu</strong></span> <span class='ocrx_word' id='word_1_526' title='bbox 1667 3965 1787 4033; x_wconf 81' lang='lat' dir='ltr'><strong>ejus</strong></span> <span class='ocrx_word' id='word_1_527' title='bbox 1815 3985 1825 4017; x_wconf 92' lang='lat'><strong>:</strong></span> <span class='ocrx_word' id='word_1_528' title='bbox 1851 3973 1903 4018; x_wconf 87' lang='lat' dir='ltr'><strong>at</strong></span> <span class='ocrx_word' id='word_1_529' title='bbox 1923 3966 2042 4036; x_wconf 86' lang='lat' dir='ltr'><strong>igne</strong></span> <span class='ocrx_word' id='word_1_530' title='bbox 2065 3983 2187 4021; x_wconf 89' lang='lat' dir='ltr'><strong>cum</strong></span> 
     </span>
    </p>
   </div>
   <div class='ocr_carea' id='block_1_74' title="bbox 615 4044 2190 4122">
    <p class='ocr_par' dir='ltr' id='par_1_74' title="bbox 615 4044 2190 4122">
     <span class='ocr_line' id='line_1_74' title="bbox 615 4044 2190 4122; baseline 0.009 -24"><span class='ocrx_word' id='word_1_531' title='bbox 615 4044 858 4108; x_wconf 87' lang='lat' dir='ltr'><strong>arderet,</strong></span> <span class='ocrx_word' id='word_1_532' title='bbox 893 4063 956 4100; x_wconf 79' lang='lat' dir='ltr'><strong>ex</strong></span> <span class='ocrx_word' id='word_1_533' title='bbox 998 4049 1182 4103; x_wconf 88' lang='lat' dir='ltr'><strong>animo</strong></span> <span class='ocrx_word' id='word_1_534' title='bbox 1213 4049 1486 4104; x_wconf 83' lang='lat' dir='ltr'><strong>Abraham</strong></span> <span class='ocrx_word' id='word_1_535' title='bbox 1523 4054 1751 4122; x_wconf 86' lang='lat' dir='ltr'><strong>rogabat</strong></span> <span class='ocrx_word' id='word_1_536' title='bbox 1785 4063 1842 4107; x_wconf 91' lang='lat' dir='ltr'><strong>ut</strong></span> <span class='ocrx_word' id='word_1_537' title='bbox 1868 4057 1933 4110; x_wconf 90' lang='lat' dir='ltr'><strong>ad</strong></span> <span class='ocrx_word' id='word_1_538' title='bbox 1957 4070 2015 4111; x_wconf 91' lang='lat' dir='ltr'><strong>se</strong></span> <span class='ocrx_word' id='word_1_539' title='bbox 2038 4073 2190 4111; x_wconf 90' lang='lat' dir='ltr'><strong>men-</strong></span> 
     </span>
    </p>
   </div>
   <div class='ocr_carea' id='block_1_75' title="bbox 611 4133 2186 4213">
    <p class='ocr_par' dir='ltr' id='par_1_75' title="bbox 611 4133 2186 4213">
     <span class='ocr_line' id='line_1_75' title="bbox 611 4133 2186 4213; baseline 0.008 -25"><span class='ocrx_word' id='word_1_540' title='bbox 611 4133 796 4189; x_wconf 86' lang='lat' dir='ltr'><strong>dicum</strong></span> <span class='ocrx_word' id='word_1_541' title='bbox 841 4139 1084 4192; x_wconf 90' lang='lat' dir='ltr'><strong>mitteret</strong></span> <span class='ocrx_word' id='word_1_542' title='bbox 1117 4157 1129 4191; x_wconf 88' lang='lat'><strong>:</strong></span> <span class='ocrx_word' id='word_1_543' title='bbox 1163 4141 1362 4210; x_wconf 90' lang='lat' dir='ltr'><strong>quippe</strong></span> <span class='ocrx_word' id='word_1_544' title='bbox 1405 4143 1608 4198; x_wconf 80' lang='lat' dir='ltr'><strong>obnixe</strong></span> <span class='ocrx_word' id='word_1_545' title='bbox 1640 4146 1965 4213; x_wconf 84' lang='lat' dir='ltr'><strong>precabatur</strong></span> <span class='ocrx_word' id='word_1_546' title='bbox 1992 4155 2051 4202; x_wconf 91' lang='lat' dir='ltr'><strong>ut</strong></span> <span class='ocrx_word' id='word_1_547' title='bbox 2080 4147 2186 4200; x_wconf 86' lang='lat' dir='ltr'><strong>La-</strong></span> 
     </span>
    </p>
   </div>
   <div class='ocr_carea' id='block_1_76' title="bbox 614 4231 2185 4311">
    <p class='ocr_par' dir='ltr' id='par_1_76' title="bbox 614 4231 2185 4311">
     <span class='ocr_line' id='line_1_76' title="bbox 614 4231 2185 4311; baseline 0.008 -29"><span class='ocrx_word' id='word_1_548' title='bbox 614 4241 778 4282; x_wconf 73' lang='lat' dir='ltr'><strong>zarus</strong></span> <span class='ocrx_word' id='word_1_549' title='bbox 809 4231 872 4282; x_wconf 89' lang='lat' dir='ltr'><strong>ad</strong></span> <span class='ocrx_word' id='word_1_550' title='bbox 895 4244 1019 4283; x_wconf 90' lang='lat' dir='ltr'><strong>eum</strong></span> <span class='ocrx_word' id='word_1_551' title='bbox 1041 4231 1266 4288; x_wconf 88' lang='lat' dir='ltr'><strong>veniens</strong></span> <span class='ocrx_word' id='word_1_552' title='bbox 1292 4241 1593 4289; x_wconf 77' lang='lat' dir='ltr'><strong>extremum</strong></span> <span class='ocrx_word' id='word_1_553' title='bbox 1621 4237 1774 4307; x_wconf 84' lang='lat' dir='ltr'><strong>digiti</strong></span> <span class='ocrx_word' id='word_1_554' title='bbox 1799 4240 1882 4292; x_wconf 91' lang='lat' dir='ltr'><strong>sui</strong></span> <span class='ocrx_word' id='word_1_555' title='bbox 1911 4240 1963 4293; x_wconf 88' lang='lat' dir='ltr'><strong>iu</strong></span> <span class='ocrx_word' id='word_1_556' title='bbox 1990 4255 2185 4311; x_wconf 90' lang='lat' dir='ltr'><strong>aquam</strong></span> 
     </span>
    </p>
   </div>
   <div class='ocr_carea' id='block_1_77' title="bbox 615 4318 2188 4397">
    <p class='ocr_par' dir='ltr' id='par_1_77' title="bbox 615 4318 2188 4397">
     <span class='ocr_line' id='line_1_77' title="bbox 615 4318 2188 4397; baseline 0.01 -25"><span class='ocrx_word' id='word_1_557' title='bbox 615 4318 933 4391; x_wconf 87' lang='lat' dir='ltr'><strong>intingeret,</strong></span> <span class='ocrx_word' id='word_1_558' title='bbox 991 4324 1180 4393; x_wconf 90' lang='lat' dir='ltr'><strong>sicque</strong></span> <span class='ocrx_word' id='word_1_559' title='bbox 1229 4325 1468 4397; x_wconf 83' lang='lat' dir='ltr'><strong>linguam</strong></span> <span class='ocrx_word' id='word_1_560' title='bbox 1506 4342 1658 4380; x_wconf 88' lang='lat' dir='ltr'><strong>suam</strong></span> <span class='ocrx_word' id='word_1_561' title='bbox 1693 4331 1832 4384; x_wconf 89' lang='lat' dir='ltr'><strong>roris</strong></span> <span class='ocrx_word' id='word_1_562' title='bbox 1866 4331 2188 4388; x_wconf 89' lang='lat' dir='ltr'><strong>humiditate</strong></span> 
     </span>
    </p>
   </div>
   <div class='ocr_carea' id='block_1_78' title="bbox 613 4414 2186 4490">
    <p class='ocr_par' dir='ltr' id='par_1_78' title="bbox 613 4414 2186 4490">
     <span class='ocr_line' id='line_1_78' title="bbox 613 4414 2186 4490; baseline 0.008 -24"><span class='ocrx_word' id='word_1_563' title='bbox 613 4419 1007 4467; x_wconf 86' lang='lat' dir='ltr'><strong>contrectatam</strong></span> <span class='ocrx_word' id='word_1_564' title='bbox 1049 4414 1436 4485; x_wconf 84' lang='lat' dir='ltr'><strong>refrigeraret:</strong></span> <span class='ocrx_word' id='word_1_565' title='bbox 1480 4419 1661 4488; x_wconf 88' lang='lat' dir='ltr'><strong>itaque</strong></span> <span class='ocrx_word' id='word_1_566' title='bbox 1701 4420 1887 4490; x_wconf 84' lang='lat' dir='ltr'><strong>ignitis</strong></span> <span class='ocrx_word' id='word_1_567' title='bbox 1926 4424 2186 4478; x_wconf 87' lang='lat' dir='ltr'><strong>cruciati-</strong></span> 
     </span>
    </p>
   </div>
   <div class='ocr_carea' id='block_1_79' title="bbox 2292 3321 3872 3405">
    <p class='ocr_par' dir='ltr' id='par_1_79' title="bbox 2292 3321 3872 3405">
     <span class='ocr_line' id='line_1_79' title="bbox 2292 3321 3872 3405; baseline 0.007 -29"><span class='ocrx_word' id='word_1_568' title='bbox 2292 3321 2358 3377; x_wconf 78' lang='grc' dir='ltr'>αὖ</span> <span class='ocrx_word' id='word_1_569' title='bbox 2394 3325 2572 3387; x_wconf 79' lang='grc' dir='ltr'>πάλιν,</span> <span class='ocrx_word' id='word_1_570' title='bbox 2617 3325 2762 3388; x_wconf 83' lang='grc' dir='ltr'>ὅπως</span> <span class='ocrx_word' id='word_1_571' title='bbox 2805 3328 2833 3378; x_wconf 85' lang='grc' dir='ltr'><strong>ό</strong></span> <span class='ocrx_word' id='word_1_572' title='bbox 2867 3327 3079 3396; x_wconf 83' lang='grc' dir='ltr'>πλούτῳ</span> <span class='ocrx_word' id='word_1_573' title='bbox 3114 3332 3534 3400; x_wconf 77' lang='grc' dir='ltr'>κατατρυφὴσας</span> <span class='ocrx_word' id='word_1_574' title='bbox 3578 3333 3872 3405; x_wconf 78' lang='grc' dir='ltr'>ἀπλήστῳ,</span> 
     </span>
    </p>
   </div>
   <div class='ocr_carea' id='block_1_80' title="bbox 2292 3415 3874 3494">
    <p class='ocr_par' dir='ltr' id='par_1_80' title="bbox 2292 3415 3874 3494">
     <span class='ocr_line' id='line_1_80' title="bbox 2292 3415 3874 3494; baseline 0.008 -29"><span class='ocrx_word' id='word_1_575' title='bbox 2292 3415 2479 3484; x_wconf 72' lang='grc' dir='ltr'>πόρῤω</span> <span class='ocrx_word' id='word_1_576' title='bbox 2503 3417 2604 3484; x_wconf 78' lang='grc' dir='ltr'>τῆς</span> <span class='ocrx_word' id='word_1_577' title='bbox 2639 3415 2890 3487; x_wconf 78' lang='grc' dir='ltr'>Λαζάρου</span> <span class='ocrx_word' id='word_1_578' title='bbox 2923 3416 3132 3487; x_wconf 81' lang='grc' dir='ltr'>διαίτης</span> <span class='ocrx_word' id='word_1_579' title='bbox 3163 3419 3456 3489; x_wconf 86' lang='grc' dir='ltr'>ἀπεκρίθη,</span> <span class='ocrx_word' id='word_1_580' title='bbox 3488 3421 3668 3474; x_wconf 80' lang='grc' dir='ltr'>καίτοι</span> <span class='ocrx_word' id='word_1_581' title='bbox 3702 3424 3874 3494; x_wconf 80' lang='grc' dir='ltr'>μηδὲν</span> 
     </span>
    </p>
   </div>
   <div class='ocr_carea' id='block_1_81' title="bbox 2291 3500 3875 3579">
    <p class='ocr_par' dir='ltr' id='par_1_81' title="bbox 2291 3500 3875 3579">
     <span class='ocr_line' id='line_1_81' title="bbox 2291 3500 3875 3579; baseline 0.004 -21"><span class='ocrx_word' id='word_1_582' title='bbox 2291 3506 2471 3575; x_wconf 85' lang='grc' dir='ltr'>ὅμοιον</span> <span class='ocrx_word' id='word_1_583' title='bbox 2496 3502 2764 3573; x_wconf 77' lang='grc' dir='ltr'>ἑκείνῳ(5⁴</span> <span class='ocrx_word' id='word_1_584' title='bbox 2773 3506 3022 3576; x_wconf 86' lang='grc' dir='ltr'>)δράσας.</span> <span class='ocrx_word' id='word_1_585' title='bbox 3041 3507 3176 3559; x_wconf 85' lang='grc' dir='ltr'>Ἀλλ’</span> <span class='ocrx_word' id='word_1_586' title='bbox 3190 3500 3344 3572; x_wconf 79' lang='grc' dir='ltr'>οὗτος</span> <span class='ocrx_word' id='word_1_587' title='bbox 3367 3509 3463 3579; x_wconf 84' lang='grc' dir='ltr'>μὲν</span> <span class='ocrx_word' id='word_1_588' title='bbox 3477 3509 3629 3563; x_wconf 83' lang='grc' dir='ltr'>οὐδὲν</span> <span class='ocrx_word' id='word_1_589' title='bbox 3644 3511 3875 3572; x_wconf 60' lang='grc' dir='ltr'>πώποτε</span> 
     </span>
    </p>
   </div>
   <div class='ocr_carea' id='block_1_82' title="bbox 2295 3595 3872 3669">
    <p class='ocr_par' dir='ltr' id='par_1_82' title="bbox 2295 3595 3872 3669">
     <span class='ocr_line' id='line_1_82' title="bbox 2295 3595 3872 3669; baseline 0.007 -22"><span class='ocrx_word' id='word_1_590' title='bbox 2295 3595 2562 3664; x_wconf 85' lang='grc' dir='ltr'>μετέδωκε</span> <span class='ocrx_word' id='word_1_591' title='bbox 2595 3597 2672 3666; x_wconf 84' lang='grc' dir='ltr'>τῷ</span> <span class='ocrx_word' id='word_1_592' title='bbox 2701 3597 2999 3668; x_wconf 82' lang='grc' dir='ltr'>πενομένῳ,</span> <span class='ocrx_word' id='word_1_593' title='bbox 3028 3597 3090 3650; x_wconf 78' lang='grc' dir='ltr'>τὸ</span> <span class='ocrx_word' id='word_1_594' title='bbox 3116 3601 3376 3669; x_wconf 87' lang='grc' dir='ltr'>παράπαν</span> <span class='ocrx_word' id='word_1_595' title='bbox 3403 3601 3575 3666; x_wconf 77' lang='grc' dir='ltr'>οὐδὲν,</span> <span class='ocrx_word' id='word_1_596' title='bbox 3604 3601 3733 3656; x_wconf 76' lang='grc' dir='ltr'>οὔτε</span> <span class='ocrx_word' id='word_1_597' title='bbox 3767 3622 3872 3658; x_wconf 83' lang='grc' dir='ltr'>πε-</span> 
     </span>
    </p>
   </div>
   <div class='ocr_carea' id='block_1_83' title="bbox 2292 3689 3870 3766">
    <p class='ocr_par' dir='ltr' id='par_1_83' title="bbox 2292 3689 3870 3766">
     <span class='ocr_line' id='line_1_83' title="bbox 2292 3689 3870 3766; baseline 0.007 -26"><span class='ocrx_word' id='word_1_598' title='bbox 2292 3705 2469 3759; x_wconf 85' lang='grc' dir='ltr'>ριττευ</span> <span class='ocrx_word' id='word_1_599' title='bbox 2478 3691 2682 3758; x_wconf 89' lang='grc' dir='ltr'>μάτων,</span> <span class='ocrx_word' id='word_1_600' title='bbox 2701 3689 2822 3740; x_wconf 67' lang='grc' dir='ltr'>οὔτε</span> <span class='ocrx_word' id='word_1_601' title='bbox 2849 3689 3022 3759; x_wconf 81' lang='grc' dir='ltr'>ψιχῶν</span> <span class='ocrx_word' id='word_1_602' title='bbox 3049 3693 3127 3752; x_wconf 83' lang='grc' dir='ltr'>εἰς</span> <span class='ocrx_word' id='word_1_603' title='bbox 3151 3691 3411 3760; x_wconf 67' lang='grc' dir='ltr'>τοῦδαφος</span> <span class='ocrx_word' id='word_1_604' title='bbox 3433 3694 3870 3766; x_wconf 70' lang='grc' dir='ltr'>ἐκριπτομένων*</span> 
     </span>
    </p>
   </div>
   <div class='ocr_carea' id='block_1_84' title="bbox 2292 3780 3871 3856">
    <p class='ocr_par' dir='ltr' id='par_1_84' title="bbox 2292 3780 3871 3856">
     <span class='ocr_line' id='line_1_84' title="bbox 2292 3780 3871 3856; baseline 0.006 -24"><span class='ocrx_word' id='word_1_605' title='bbox 2292 3780 2404 3833; x_wconf 81' lang='grc' dir='ltr'>ἀλλ’</span> <span class='ocrx_word' id='word_1_606' title='bbox 2437 3781 2543 3833; x_wconf 76' lang='grc' dir='ltr'>οὐδ’</span> <span class='ocrx_word' id='word_1_607' title='bbox 2579 3782 2882 3852; x_wconf 81' lang='grc' dir='ltr'>ἐλυμήνατο</span> <span class='ocrx_word' id='word_1_608' title='bbox 2919 3781 3006 3834; x_wconf 82' lang='grc' dir='ltr'>τὸν</span> <span class='ocrx_word' id='word_1_609' title='bbox 3038 3783 3206 3853; x_wconf 79' lang='grc' dir='ltr'>άνόρα</span> <span class='ocrx_word' id='word_1_610' title='bbox 3234 3782 3485 3854; x_wconf 82' lang='grc' dir='ltr'>πληγαῖς,</span> <span class='ocrx_word' id='word_1_611' title='bbox 3515 3786 3576 3838; x_wconf 82' lang='grc' dir='ltr'>οὐ</span> <span class='ocrx_word' id='word_1_612' title='bbox 3610 3787 3871 3856; x_wconf 81' lang='grc' dir='ltr'>μάστιξιν</span> 
     </span>
    </p>
   </div>
   <div class='ocr_carea' id='block_1_85' title="bbox 2291 3872 3871 3945">
    <p class='ocr_par' dir='ltr' id='par_1_85' title="bbox 2291 3872 3871 3945">
     <span class='ocr_line' id='line_1_85' title="bbox 2291 3872 3871 3945; baseline 0.003 -19"><span class='ocrx_word' id='word_1_613' title='bbox 2291 3875 2641 3942; x_wconf 75' lang='grc' dir='ltr'>αἰκισάμενος</span> <span class='ocrx_word' id='word_1_614' title='bbox 2681 3872 2863 3936; x_wconf 79' lang='grc' dir='ltr'>ἐδίωξε</span> <span class='ocrx_word' id='word_1_615' title='bbox 2897 3873 3204 3943; x_wconf 84' lang='grc' dir='ltr'>περαιτέρω</span> <span class='ocrx_word' id='word_1_616' title='bbox 3248 3891 3350 3927; x_wconf 88' lang='grc' dir='ltr'><strong>που</strong></span> <span class='ocrx_word' id='word_1_617' title='bbox 3378 3875 3512 3945; x_wconf 79' lang='grc' dir='ltr'><strong>γῆς’</strong></span> <span class='ocrx_word' id='word_1_618' title='bbox 3563 3877 3681 3929; x_wconf 79' lang='grc' dir='ltr'>ἀλλ’</span> <span class='ocrx_word' id='word_1_619' title='bbox 3716 3879 3871 3942; x_wconf 86' lang='grc' dir='ltr'>ὅπως</span> 
     </span>
    </p>
   </div>
   <div class='ocr_carea' id='block_1_86' title="bbox 2289 3961 3873 4034">
    <p class='ocr_par' dir='ltr' id='par_1_86' title="bbox 2289 3961 3873 4034">
     <span class='ocr_line' id='line_1_86' title="bbox 2289 3961 3873 4034; baseline 0.011 -22"><span class='ocrx_word' id='word_1_620' title='bbox 2289 3961 2474 4031; x_wconf 83' lang='grc' dir='ltr'>ἐπειδὴ</span> <span class='ocrx_word' id='word_1_621' title='bbox 2529 3961 2865 4031; x_wconf 78' lang='grc' dir='ltr'>μετήλλαξαν</span> <span class='ocrx_word' id='word_1_622' title='bbox 2921 3962 3088 4030; x_wconf 76' lang='grc' dir='ltr'>ἄμφω</span> <span class='ocrx_word' id='word_1_623' title='bbox 3143 3962 3474 4034; x_wconf 60' lang='grc' dir='ltr'>μτάραντες</span> <span class='ocrx_word' id='word_1_624' title='bbox 3513 3965 3792 4032; x_wconf 73' lang='grc' dir='ltr'>ἐντεῦθεν,</span> <span class='ocrx_word' id='word_1_625' title='bbox 3841 3970 3873 4028; x_wconf 73' lang='grc' dir='ltr'>ὁ</span> 
     </span>
    </p>
   </div>
   <div class='ocr_carea' id='block_1_87' title="bbox 2291 4048 3870 4122">
    <p class='ocr_par' dir='ltr' id='par_1_87' title="bbox 2291 4048 3870 4122">
     <span class='ocr_line' id='line_1_87' title="bbox 2291 4048 3870 4122; baseline 0 -20"><span class='ocrx_word' id='word_1_626' title='bbox 2291 4050 2388 4119; x_wconf 88' lang='grc' dir='ltr'>μὲν</span> <span class='ocrx_word' id='word_1_627' title='bbox 2428 4051 2508 4112; x_wconf 85' lang='grc' dir='ltr'><strong>είς</strong></span> <span class='ocrx_word' id='word_1_628' title='bbox 2551 4050 2780 4111; x_wconf 77' lang='grc' dir='ltr'>κόλπους</span> <span class='ocrx_word' id='word_1_629' title='bbox 2817 4048 2970 4118; x_wconf 79' lang='grc' dir='ltr'>ἔληξε</span> <span class='ocrx_word' id='word_1_630' title='bbox 3013 4048 3104 4101; x_wconf 83' lang='grc' dir='ltr'>τοῦ</span> <span class='ocrx_word' id='word_1_631' title='bbox 3139 4049 3480 4120; x_wconf 84' lang='grc' dir='ltr'>προπάτορος</span> <span class='ocrx_word' id='word_1_632' title='bbox 3533 4050 3808 4122; x_wconf 75' lang='grc' dir='ltr'>Ἀϐραὰμ,</span> <span class='ocrx_word' id='word_1_633' title='bbox 3839 4054 3870 4102; x_wconf 85' lang='grc' dir='ltr'>ὁ</span> 
     </span>
    </p>
   </div>
   <div class='ocr_carea' id='block_1_88' title="bbox 2286 4139 3868 4213">
    <p class='ocr_par' dir='ltr' id='par_1_88' title="bbox 2286 4139 3868 4213">
     <span class='ocr_line' id='line_1_88' title="bbox 2286 4139 3868 4213; baseline 0.003 -21"><span class='ocrx_word' id='word_1_634' title='bbox 2286 4140 2342 4193; x_wconf 87' lang='grc' dir='ltr'>δὲ</span> <span class='ocrx_word' id='word_1_635' title='bbox 2377 4143 2497 4203; x_wconf 86' lang='grc' dir='ltr'>ταῖς</span> <span class='ocrx_word' id='word_1_636' title='bbox 2530 4142 2843 4212; x_wconf 78' lang='grc' dir='ltr'>ἀκοιμήτοις</span> <span class='ocrx_word' id='word_1_637' title='bbox 2876 4139 3029 4209; x_wconf 84' lang='grc' dir='ltr'>ἐδόθη</span> <span class='ocrx_word' id='word_1_638' title='bbox 3080 4140 3234 4210; x_wconf 73' lang='grc' dir='ltr'>φλοξὶ</span> <span class='ocrx_word' id='word_1_639' title='bbox 3271 4141 3368 4194; x_wconf 80' lang='grc' dir='ltr'>τοῦ</span> <span class='ocrx_word' id='word_1_640' title='bbox 3401 4142 3604 4213; x_wconf 84' lang='grc' dir='ltr'>πυρός·</span> <span class='ocrx_word' id='word_1_641' title='bbox 3643 4142 3720 4205; x_wconf 82' lang='grc' dir='ltr'><strong>ὡς</strong></span> <span class='ocrx_word' id='word_1_642' title='bbox 3768 4139 3868 4197; x_wconf 83' lang='grc' dir='ltr'>οὖν</span> 
     </span>
    </p>
   </div>
   <div class='ocr_carea' id='block_1_89' title="bbox 2288 4230 3866 4304">
    <p class='ocr_par' dir='ltr' id='par_1_89' title="bbox 2288 4230 3866 4304">
     <span class='ocr_line' id='line_1_89' title="bbox 2288 4230 3866 4304; baseline 0.002 -22"><span class='ocrx_word' id='word_1_643' title='bbox 2288 4231 2343 4283; x_wconf 90' lang='grc' dir='ltr'><strong>ἐν</strong></span> <span class='ocrx_word' id='word_1_644' title='bbox 2378 4230 2455 4301; x_wconf 80' lang='grc' dir='ltr'>τῷ</span> <span class='ocrx_word' id='word_1_645' title='bbox 2505 4231 2601 4302; x_wconf 70' lang='grc' dir='ltr'><strong>ᾅδῃ</strong></span> <span class='ocrx_word' id='word_1_646' title='bbox 2651 4231 3067 4301; x_wconf 79' lang='grc' dir='ltr'>βασανιζόμενος</span> <span class='ocrx_word' id='word_1_647' title='bbox 3099 4232 3386 4299; x_wconf 74' lang='grc' dir='ltr'>ἐφλέγετο,</span> <span class='ocrx_word' id='word_1_648' title='bbox 3430 4231 3712 4303; x_wconf 74' lang='grc' dir='ltr'>πόρρωθεν</span> <span class='ocrx_word' id='word_1_649' title='bbox 3763 4235 3866 4304; x_wconf 77' lang='grc' dir='ltr'>μὲν</span> 
     </span>
    </p>
   </div>
   <div class='ocr_carea' id='block_1_90' title="bbox 2286 4321 3867 4394">
    <p class='ocr_par' dir='ltr' id='par_1_90' title="bbox 2286 4321 3867 4394">
     <span class='ocr_line' id='line_1_90' title="bbox 2286 4321 3867 4394; baseline 0.004 -23"><span class='ocrx_word' id='word_1_650' title='bbox 2286 4323 2388 4392; x_wconf 78' lang='grc' dir='ltr'>όρᾷ</span> <span class='ocrx_word' id='word_1_651' title='bbox 2428 4323 2516 4374; x_wconf 86' lang='grc' dir='ltr'>τὸν</span> <span class='ocrx_word' id='word_1_652' title='bbox 2554 4321 2892 4393; x_wconf 86' lang='grc' dir='ltr'>προπάτορα,</span> <span class='ocrx_word' id='word_1_653' title='bbox 2933 4322 3126 4392; x_wconf 85' lang='grc' dir='ltr'>θεωρεῖ</span> <span class='ocrx_word' id='word_1_654' title='bbox 3161 4321 3217 4372; x_wconf 83' lang='grc' dir='ltr'>δὲ</span> <span class='ocrx_word' id='word_1_655' title='bbox 3257 4322 3350 4375; x_wconf 78' lang='grc' dir='ltr'>καὶ</span> <span class='ocrx_word' id='word_1_656' title='bbox 3386 4322 3475 4374; x_wconf 78' lang='grc' dir='ltr'>τὸν</span> <span class='ocrx_word' id='word_1_657' title='bbox 3515 4322 3770 4394; x_wconf 80' lang='grc' dir='ltr'>Λάζαρον</span> <span class='ocrx_word' id='word_1_658' title='bbox 3804 4325 3867 4378; x_wconf 82' lang='grc' dir='ltr'><strong>ἐν</strong></span> 
     </span>
    </p>
   </div>
   <div class='ocr_carea' id='block_1_91' title="bbox 2288 4413 3865 4486">
    <p class='ocr_par' dir='ltr' id='par_1_91' title="bbox 2288 4413 3865 4486">
     <span class='ocr_line' id='line_1_91' title="bbox 2288 4413 3865 4486; baseline 0.004 -21"><span class='ocrx_word' id='word_1_659' title='bbox 2288 4417 2398 4477; x_wconf 87' lang='grc' dir='ltr'>τοῖς</span> <span class='ocrx_word' id='word_1_660' title='bbox 2434 4415 2652 4477; x_wconf 86' lang='grc' dir='ltr'>κόλποις</span> <span class='ocrx_word' id='word_1_661' title='bbox 2685 4413 2882 4466; x_wconf 78' lang='grc' dir='ltr'>αὐτοῦ·</span> <span class='ocrx_word' id='word_1_662' title='bbox 2914 4416 2977 4485; x_wconf 81' lang='grc' dir='ltr'>τῇ</span> <span class='ocrx_word' id='word_1_663' title='bbox 3015 4414 3071 4466; x_wconf 81' lang='grc' dir='ltr'>δὲ</span> <span class='ocrx_word' id='word_1_664' title='bbox 3102 4414 3164 4485; x_wconf 81' lang='grc' dir='ltr'>δὴ</span> <span class='ocrx_word' id='word_1_665' title='bbox 3212 4415 3368 4483; x_wconf 71' lang='grc' dir='ltr'>φλογὶ</span> <span class='ocrx_word' id='word_1_666' title='bbox 3398 4414 3734 4486; x_wconf 78' lang='grc' dir='ltr'>πυρούμενος</span> <span class='ocrx_word' id='word_1_667' title='bbox 3767 4419 3865 4471; x_wconf 58' lang='lat' dir='ltr'><strong>lx.</strong></span> 
     </span>
    </p>
   </div>
   <div class='ocr_carea' id='block_1_92' title="bbox 613 4501 2187 4580">
    <p class='ocr_par' dir='ltr' id='par_1_92' title="bbox 613 4501 2180 4576">
     <span class='ocr_line' id='line_1_92' title="bbox 613 4501 2180 4576; baseline 0.008 -20"><span class='ocrx_word' id='word_1_668' title='bbox 613 4501 718 4557; x_wconf 87' lang='lat' dir='ltr'><strong>bus</strong></span> <span class='ocrx_word' id='word_1_669' title='bbox 747 4502 888 4558; x_wconf 88' lang='lat' dir='ltr'><strong>male</strong></span> <span class='ocrx_word' id='word_1_670' title='bbox 912 4512 1141 4559; x_wconf 86' lang='lat' dir='ltr'><strong>vexatus</strong></span> <span class='ocrx_word' id='word_1_671' title='bbox 1168 4507 1393 4576; x_wconf 81' lang='lat' dir='ltr'><strong>supplex</strong></span> <span class='ocrx_word' id='word_1_672' title='bbox 1425 4507 1539 4562; x_wconf 61' lang='lat' dir='ltr'><strong>haec</strong></span> <span class='ocrx_word' id='word_1_673' title='bbox 1569 4511 1733 4564; x_wconf 89' lang='lat' dir='ltr'><strong>miser</strong></span> <span class='ocrx_word' id='word_1_674' title='bbox 1747 4513 2027 4568; x_wconf 82' lang='lat' dir='ltr'><strong>exorabat.</strong></span> <span class='ocrx_word' id='word_1_675' title='bbox 2045 4514 2180 4568; x_wconf 83' lang='lat' dir='ltr'><strong>Cum</strong></span> 
     </span>
    </p>
   </div>
   <div class='ocr_carea' id='block_1_93' title="bbox 2289 4501 3863 4580">
    <p class='ocr_par' dir='ltr' id='par_1_93' title="bbox 2290 4506 3863 4580">
     <span class='ocr_line' id='line_1_93' title="bbox 2290 4506 3863 4580; baseline 0.004 -22"><span class='ocrx_word' id='word_1_676' title='bbox 2290 4506 2473 4576; x_wconf 81' lang='grc' dir='ltr'>θύμως</span> <span class='ocrx_word' id='word_1_677' title='bbox 2497 4507 2647 4577; x_wconf 73' lang='grc' dir='ltr'>ἠξίου</span> <span class='ocrx_word' id='word_1_678' title='bbox 2679 4507 2770 4560; x_wconf 80' lang='grc' dir='ltr'>τὸν</span> <span class='ocrx_word' id='word_1_679' title='bbox 2810 4507 3058 4579; x_wconf 76' lang='grc' dir='ltr'>Ἀϐραὰμ</span> <span class='ocrx_word' id='word_1_680' title='bbox 3077 4509 3222 4570; x_wconf 79' lang='grc' dir='ltr'>ὅπως</span> <span class='ocrx_word' id='word_1_681' title='bbox 3252 4507 3504 4580; x_wconf 76' lang='grc' dir='ltr'>ἐκπέμψῃ</span> <span class='ocrx_word' id='word_1_682' title='bbox 3533 4508 3623 4560; x_wconf 81' lang='grc' dir='ltr'>τὸν</span> <span class='ocrx_word' id='word_1_683' title='bbox 3649 4508 3863 4579; x_wconf 84' lang='grc' dir='ltr'>πένητα</span> 
     </span>
    </p>
   </div>
   <div class='ocr_carea' id='block_1_94' title="bbox 613 4595 2183 4673">
    <p class='ocr_par' dir='ltr' id='par_1_94' title="bbox 613 4595 2183 4673">
     <span class='ocr_line' id='line_1_94' title="bbox 613 4595 2183 4673; baseline 0.008 -28"><span class='ocrx_word' id='word_1_684' title='bbox 613 4606 780 4660; x_wconf 85' lang='lat' dir='ltr'><strong>porro</strong></span> <span class='ocrx_word' id='word_1_685' title='bbox 811 4595 1130 4663; x_wconf 79' lang='lat' dir='ltr'><strong>progenitor</strong></span> <span class='ocrx_word' id='word_1_686' title='bbox 1162 4595 1227 4649; x_wconf 89' lang='lat' dir='ltr'><strong>ad</strong></span> <span class='ocrx_word' id='word_1_687' title='bbox 1256 4599 1533 4665; x_wconf 85' lang='lat' dir='ltr'><strong>postulata</strong></span> <span class='ocrx_word' id='word_1_688' title='bbox 1565 4601 1956 4669; x_wconf 88' lang='lat' dir='ltr'><strong>respondisset,</strong></span> <span class='ocrx_word' id='word_1_689' title='bbox 1987 4619 2183 4673; x_wconf 86' lang='lat' dir='ltr'><strong>quem-</strong></span> 
     </span>
    </p>
   </div>
   <div class='ocr_carea' id='block_1_95' title="bbox 613 4679 2184 4758">
    <p class='ocr_par' dir='ltr' id='par_1_95' title="bbox 613 4679 2184 4758">
     <span class='ocr_line' id='line_1_95' title="bbox 613 4679 2184 4758; baseline 0.008 -23"><span class='ocrx_word' id='word_1_690' title='bbox 613 4679 746 4735; x_wconf 79' lang='lat' dir='ltr'><strong>libet</strong></span> <span class='ocrx_word' id='word_1_691' title='bbox 795 4683 851 4735; x_wconf 87' lang='lat' dir='ltr'><strong>in</strong></span> <span class='ocrx_word' id='word_1_692' title='bbox 881 4682 1124 4750; x_wconf 88' lang='lat' dir='ltr'><strong>qualibet</strong></span> <span class='ocrx_word' id='word_1_693' title='bbox 1169 4694 1324 4754; x_wconf 80' lang='lat' dir='ltr'><strong>parte</strong></span> <span class='ocrx_word' id='word_1_694' title='bbox 1371 4687 1550 4755; x_wconf 87' lang='lat' dir='ltr'><strong>justas</strong></span> <span class='ocrx_word' id='word_1_695' title='bbox 1582 4690 1854 4758; x_wconf 87' lang='lat' dir='ltr'><strong>recepisse</strong></span> <span class='ocrx_word' id='word_1_696' title='bbox 1904 4692 2184 4747; x_wconf 89' lang='lat' dir='ltr'><strong>mercedes</strong></span> 
     </span>
    </p>
   </div>
   <div class='ocr_carea' id='block_1_96' title="bbox 616 4771 2186 4847">
    <p class='ocr_par' dir='ltr' id='par_1_96' title="bbox 616 4771 2186 4847">
     <span class='ocr_line' id='line_1_96' title="bbox 616 4771 2186 4847; baseline 0.008 -24"><span class='ocrx_word' id='word_1_697' title='bbox 616 4771 823 4840; x_wconf 68' lang='lat' dir='ltr'><strong>premii</strong></span> <span class='ocrx_word' id='word_1_698' title='bbox 847 4772 990 4835; x_wconf 88' lang='lat' dir='ltr'><strong>loco,</strong></span> <span class='ocrx_word' id='word_1_699' title='bbox 1026 4782 1158 4827; x_wconf 91' lang='lat' dir='ltr'><strong>tunc</strong></span> <span class='ocrx_word' id='word_1_700' title='bbox 1191 4778 1452 4847; x_wconf 89' lang='lat' dir='ltr'><strong>temporis</strong></span> <span class='ocrx_word' id='word_1_701' title='bbox 1474 4778 1715 4833; x_wconf 89' lang='lat' dir='ltr'><strong>subdidit</strong></span> <span class='ocrx_word' id='word_1_702' title='bbox 1748 4800 1760 4834; x_wconf 92' lang='lat'><strong>:</strong></span> <span class='ocrx_word' id='word_1_703' title='bbox 1789 4779 1857 4833; x_wconf 82' lang='lat' dir='ltr'><strong>Et</strong></span> <span class='ocrx_word' id='word_1_704' title='bbox 1886 4782 1940 4834; x_wconf 83' lang='lat' dir='ltr'><strong>in</strong></span> <span class='ocrx_word' id='word_1_705' title='bbox 1964 4782 2043 4835; x_wconf 81' lang='lat' dir='ltr'><strong>his</strong></span> <span class='ocrx_word' id='word_1_706' title='bbox 2073 4800 2186 4835; x_wconf 88' lang='lat' dir='ltr'><strong>om-</strong></span> 
     </span>
    </p>
   </div>
   <div class='ocr_carea' id='block_1_97' title="bbox 614 4863 2182 4941">
    <p class='ocr_par' dir='ltr' id='par_1_97' title="bbox 614 4863 2182 4941">
     <span class='ocr_line' id='line_1_97' title="bbox 614 4863 2182 4941; baseline 0.007 -24"><span class='ocrx_word' id='word_1_707' title='bbox 614 4863 767 4918; x_wconf 62' lang='lat' dir='ltr'><strong>nibus</strong></span> <span class='ocrx_word' id='word_1_708' title='bbox 796 4864 933 4917; x_wconf 79' lang='lat' dir='ltr'><strong>inter</strong></span> <span class='ocrx_word' id='word_1_709' title='bbox 956 4879 1051 4918; x_wconf 78' lang='lat' dir='ltr'><strong>nos</strong></span> <span class='ocrx_word' id='word_1_710' title='bbox 1092 4874 1142 4918; x_wconf 88' lang='lat' dir='ltr'><strong>et</strong></span> <span class='ocrx_word' id='word_1_711' title='bbox 1191 4884 1277 4920; x_wconf 79' lang='lat' dir='ltr'><strong>ros</strong></span> <span class='ocrx_word' id='word_1_712' title='bbox 1303 4868 1460 4923; x_wconf 75' lang='lat' dir='ltr'><strong>chaos</strong></span> <span class='ocrx_word' id='word_1_713' title='bbox 1501 4886 1746 4940; x_wconf 87' lang='lat' dir='ltr'><strong>magnum</strong></span> <span class='ocrx_word' id='word_1_714' title='bbox 1776 4873 2048 4941; x_wconf 78' lang='lat' dir='ltr'><strong>ﬁrmatum</strong></span> <span class='ocrx_word' id='word_1_715' title='bbox 2085 4883 2182 4940; x_wconf 77' lang='lat' dir='ltr'><strong>est,</strong></span> 
     </span>
    </p>
   </div>
   <div class='ocr_carea' id='block_1_98' title="bbox 613 4954 2181 5034">
    <p class='ocr_par' dir='ltr' id='par_1_98' title="bbox 613 4954 2181 5034">
     <span class='ocr_line' id='line_1_98' title="bbox 613 4954 2181 5034; baseline 0.008 -28"><span class='ocrx_word' id='word_1_716' title='bbox 613 4971 673 5007; x_wconf 75' lang='lat' dir='ltr'><strong>tu</strong></span> <span class='ocrx_word' id='word_1_717' title='bbox 722 4954 774 5007; x_wconf 81' lang='lat' dir='ltr'><strong>hi</strong></span> <span class='ocrx_word' id='word_1_718' title='bbox 809 4956 899 5024; x_wconf 86' lang='lat' dir='ltr'><strong>qui</strong></span> <span class='ocrx_word' id='word_1_719' title='bbox 935 4955 1110 5009; x_wconf 65' lang='lat' dir='ltr'><strong>volunt</strong></span> <span class='ocrx_word' id='word_1_720' title='bbox 1146 4957 1265 5011; x_wconf 79' lang='lat' dir='ltr'><strong>hinc</strong></span> <span class='ocrx_word' id='word_1_721' title='bbox 1307 4961 1536 5014; x_wconf 78' lang='lat' dir='ltr'><strong>transire</strong></span> <span class='ocrx_word' id='word_1_722' title='bbox 1566 4962 1636 5016; x_wconf 89' lang='lat' dir='ltr'><strong>ad</strong></span> <span class='ocrx_word' id='word_1_723' title='bbox 1679 4979 1765 5017; x_wconf 80' lang='lat' dir='ltr'><strong>vos</strong></span> <span class='ocrx_word' id='word_1_724' title='bbox 1807 4980 1910 5018; x_wconf 87' lang='lat' dir='ltr'><strong>non</strong></span> <span class='ocrx_word' id='word_1_725' title='bbox 1955 4967 2181 5034; x_wconf 80' lang='lat' dir='ltr'><strong>possint,</strong></span> 
     </span>
    </p>
   </div>
   <div class='ocr_carea' id='block_1_99' title="bbox 616 5045 2184 5124">
    <p class='ocr_par' dir='ltr' id='par_1_99' title="bbox 616 5045 2184 5124">
     <span class='ocr_line' id='line_1_99' title="bbox 616 5045 2184 5124; baseline 0.007 -26"><span class='ocrx_word' id='word_1_726' title='bbox 616 5061 776 5116; x_wconf 66' lang='lat' dir='ltr'><strong>neque</strong></span> <span class='ocrx_word' id='word_1_727' title='bbox 800 5045 919 5100; x_wconf 77' lang='lat' dir='ltr'><strong>inde</strong></span> <span class='ocrx_word' id='word_1_728' title='bbox 948 5046 1019 5100; x_wconf 85' lang='lat' dir='ltr'><strong>ad</strong></span> <span class='ocrx_word' id='word_1_729' title='bbox 1058 5065 1151 5102; x_wconf 76' lang='lat' dir='ltr'><strong>nos</strong></span> <span class='ocrx_word' id='word_1_730' title='bbox 1194 5059 1517 5106; x_wconf 76' lang='lat' dir='ltr'><strong>transmeare</strong></span> <span class='ocrx_word' id='word_1_731' title='bbox 1539 5053 1602 5104; x_wconf 67' lang='grc' dir='ltr'><strong>δ’.</strong></span> <span class='ocrx_word' id='word_1_732' title='bbox 1631 5052 1688 5106; x_wconf 89' lang='lat' dir='ltr'><strong>Si</strong></span> <span class='ocrx_word' id='word_1_733' title='bbox 1718 5054 1899 5124; x_wconf 88' lang='lat' dir='ltr'><strong>itaque</strong></span> <span class='ocrx_word' id='word_1_734' title='bbox 1929 5069 2184 5124; x_wconf 86' lang='lat' dir='ltr'><strong>magnum</strong></span> 
     </span>
    </p>
   </div>
   <div class='ocr_carea' id='block_1_100' title="bbox 614 5135 2182 5216">
    <p class='ocr_par' dir='ltr' id='par_1_100' title="bbox 614 5135 2182 5216">
     <span class='ocr_line' id='line_1_100' title="bbox 614 5135 2182 5216; baseline 0.009 -28"><span class='ocrx_word' id='word_1_735' title='bbox 614 5135 785 5190; x_wconf 86' lang='lat' dir='ltr'><strong>chaos</strong></span> <span class='ocrx_word' id='word_1_736' title='bbox 815 5145 901 5192; x_wconf 88' lang='lat' dir='ltr'><strong>est</strong></span> <span class='ocrx_word' id='word_1_737' title='bbox 921 5138 1066 5207; x_wconf 89' lang='lat' dir='ltr'><strong>quod</strong></span> <span class='ocrx_word' id='word_1_738' title='bbox 1097 5141 1278 5209; x_wconf 87' lang='lat' dir='ltr'><strong>justos</strong></span> <span class='ocrx_word' id='word_1_739' title='bbox 1300 5141 1370 5195; x_wconf 89' lang='lat' dir='ltr'><strong>ab</strong></span> <span class='ocrx_word' id='word_1_740' title='bbox 1389 5143 1610 5212; x_wconf 87' lang='lat' dir='ltr'><strong>injustis</strong></span> <span class='ocrx_word' id='word_1_741' title='bbox 1637 5143 1899 5216; x_wconf 68' lang='lat' dir='ltr'><strong>seiungit,</strong></span> <span class='ocrx_word' id='word_1_742' title='bbox 1919 5147 1990 5201; x_wconf 89' lang='lat' dir='ltr'><strong>ita</strong></span> <span class='ocrx_word' id='word_1_743' title='bbox 2016 5154 2069 5200; x_wconf 85' lang='lat' dir='ltr'><strong>ut</strong></span> <span class='ocrx_word' id='word_1_744' title='bbox 2089 5147 2182 5216; x_wconf 90' lang='lat' dir='ltr'><strong>qui</strong></span> 
     </span>
    </p>
   </div>
   <div class='ocr_carea' id='block_1_101' title="bbox 615 5224 2182 5305">
    <p class='ocr_par' dir='ltr' id='par_1_101' title="bbox 615 5224 2182 5305">
     <span class='ocr_line' id='line_1_101' title="bbox 615 5224 2182 5305; baseline 0.008 -27"><span class='ocrx_word' id='word_1_745' title='bbox 615 5224 729 5279; x_wconf 88' lang='lat' dir='ltr'><strong>illic</strong></span> <span class='ocrx_word' id='word_1_746' title='bbox 761 5236 890 5280; x_wconf 89' lang='lat' dir='ltr'><strong>sunt</strong></span> <span class='ocrx_word' id='word_1_747' title='bbox 916 5243 1027 5281; x_wconf 87' lang='lat' dir='ltr'><strong>nou</strong></span> <span class='ocrx_word' id='word_1_748' title='bbox 1058 5230 1269 5298; x_wconf 86' lang='lat' dir='ltr'><strong>possint</strong></span> <span class='ocrx_word' id='word_1_749' title='bbox 1292 5231 1398 5284; x_wconf 90' lang='lat' dir='ltr'><strong>huc</strong></span> <span class='ocrx_word' id='word_1_750' title='bbox 1445 5235 1746 5298; x_wconf 86' lang='lat' dir='ltr'><strong>transvebi,</strong></span> <span class='ocrx_word' id='word_1_751' title='bbox 1781 5250 1958 5305; x_wconf 90' lang='lat' dir='ltr'><strong>neque</strong></span> <span class='ocrx_word' id='word_1_752' title='bbox 1975 5236 2068 5305; x_wconf 88' lang='lat' dir='ltr'><strong>qui</strong></span> <span class='ocrx_word' id='word_1_753' title='bbox 2093 5237 2182 5290; x_wconf 90' lang='lat' dir='ltr'><strong>hic</strong></span> 
     </span>
    </p>
   </div>
   <div class='ocr_carea' id='block_1_102' title="bbox 615 5319 2178 5393">
    <p class='ocr_par' dir='ltr' id='par_1_102' title="bbox 615 5319 2178 5393">
     <span class='ocr_line' id='line_1_102' title="bbox 615 5319 2178 5393; baseline 0.005 -22"><span class='ocrx_word' id='word_1_754' title='bbox 615 5325 1028 5372; x_wconf 87' lang='lat' dir='ltr'><strong>commorantur</strong></span> <span class='ocrx_word' id='word_1_755' title='bbox 1054 5319 1182 5373; x_wconf 89' lang='lat' dir='ltr'><strong>illuc</strong></span> <span class='ocrx_word' id='word_1_756' title='bbox 1214 5319 1408 5375; x_wconf 84' lang='lat' dir='ltr'><strong>adduci</strong></span> <span class='ocrx_word' id='word_1_757' title='bbox 1434 5340 1447 5387; x_wconf 89' lang='lat'><strong>;</strong></span> <span class='ocrx_word' id='word_1_758' title='bbox 1473 5329 1622 5393; x_wconf 88' lang='lat' dir='ltr'><strong>patet</strong></span> <span class='ocrx_word' id='word_1_759' title='bbox 1650 5323 1937 5381; x_wconf 78' lang='lat' dir='ltr'><strong>manifeste</strong></span> <span class='ocrx_word' id='word_1_760' title='bbox 1961 5325 2178 5381; x_wconf 90' lang='lat' dir='ltr'><strong>Saulem</strong></span> 
     </span>
    </p>
   </div>
   <div class='ocr_carea' id='block_1_103' title="bbox 616 5404 2177 5484">
    <p class='ocr_par' dir='ltr' id='par_1_103' title="bbox 616 5404 2177 5484">
     <span class='ocr_line' id='line_1_103' title="bbox 616 5404 2177 5484; baseline 0.007 -26"><span class='ocrx_word' id='word_1_761' title='bbox 616 5404 711 5474; x_wconf 86' lang='lat' dir='ltr'><strong>qui</strong></span> <span class='ocrx_word' id='word_1_762' title='bbox 741 5406 980 5474; x_wconf 85' lang='lat' dir='ltr'><strong>injustus</strong></span> <span class='ocrx_word' id='word_1_763' title='bbox 1007 5423 1144 5472; x_wconf 88' lang='lat' dir='ltr'><strong>erat,</strong></span> <span class='ocrx_word' id='word_1_764' title='bbox 1177 5425 1282 5463; x_wconf 88' lang='lat' dir='ltr'><strong>una</strong></span> <span class='ocrx_word' id='word_1_765' title='bbox 1324 5426 1448 5465; x_wconf 91' lang='lat' dir='ltr'><strong>cum</strong></span> <span class='ocrx_word' id='word_1_766' title='bbox 1478 5415 1738 5484; x_wconf 86' lang='lat' dir='ltr'><strong>propheta</strong></span> <span class='ocrx_word' id='word_1_767' title='bbox 1786 5414 2036 5473; x_wconf 87' lang='lat' dir='ltr'><strong>Samuele</strong></span> <span class='ocrx_word' id='word_1_768' title='bbox 2071 5432 2177 5472; x_wconf 90' lang='lat' dir='ltr'><strong>non</strong></span> 
     </span>
    </p>
   </div>
   <div class='ocr_carea' id='block_1_104' title="bbox 615 5496 2178 5577">
    <p class='ocr_par' dir='ltr' id='par_1_104' title="bbox 615 5496 2178 5577">
     <span class='ocr_line' id='line_1_104' title="bbox 615 5496 2178 5577; baseline 0.008 -25"><span class='ocrx_word' id='word_1_769' title='bbox 615 5496 830 5567; x_wconf 76' lang='lat' dir='ltr'><strong>degere.</strong></span> <span class='ocrx_word' id='word_1_770' title='bbox 851 5497 984 5552; x_wconf 83' lang='lat' dir='ltr'><strong>Nam</strong></span> <span class='ocrx_word' id='word_1_771' title='bbox 1019 5500 1066 5555; x_wconf 89' lang='lat' dir='ltr'><strong>si</strong></span> <span class='ocrx_word' id='word_1_772' title='bbox 1106 5501 1258 5556; x_wconf 86' lang='lat' dir='ltr'><strong>dives</strong></span> <span class='ocrx_word' id='word_1_773' title='bbox 1299 5511 1353 5557; x_wconf 90' lang='lat' dir='ltr'><strong>et</strong></span> <span class='ocrx_word' id='word_1_774' title='bbox 1383 5520 1591 5575; x_wconf 89' lang='lat' dir='ltr'><strong>pauper</strong></span> <span class='ocrx_word' id='word_1_775' title='bbox 1619 5522 1728 5561; x_wconf 91' lang='lat' dir='ltr'><strong>non</strong></span> <span class='ocrx_word' id='word_1_776' title='bbox 1753 5517 1981 5577; x_wconf 89' lang='lat' dir='ltr'><strong>possunt</strong></span> <span class='ocrx_word' id='word_1_777' title='bbox 2014 5510 2178 5565; x_wconf 91' lang='lat' dir='ltr'><strong>simul</strong></span> 
     </span>
    </p>
   </div>
   <div class='ocr_carea' id='block_1_105' title="bbox 2286 4599 3860 4671">
    <p class='ocr_par' dir='ltr' id='par_1_105' title="bbox 2286 4599 3860 4671">
     <span class='ocr_line' id='line_1_105' title="bbox 2286 4599 3860 4671; baseline 0.001 -20"><span class='ocrx_word' id='word_1_778' title='bbox 2286 4600 2422 4670; x_wconf 80' lang='grc' dir='ltr'>πρὸς</span> <span class='ocrx_word' id='word_1_779' title='bbox 2456 4600 2641 4651; x_wconf 73' lang='grc' dir='ltr'>αὐτόν’</span> <span class='ocrx_word' id='word_1_780' title='bbox 2688 4599 2855 4653; x_wconf 78' lang='grc' dir='ltr'>ἐδεῖτο</span> <span class='ocrx_word' id='word_1_781' title='bbox 2894 4599 3004 4669; x_wconf 79' lang='grc' dir='ltr'><strong>γάρ</strong></span> <span class='ocrx_word' id='word_1_782' title='bbox 3051 4599 3115 4652; x_wconf 78' lang='grc' dir='ltr'><strong>ἶν’</strong></span> <span class='ocrx_word' id='word_1_783' title='bbox 3163 4599 3490 4668; x_wconf 82' lang='grc' dir='ltr'>ἀφικόμενος</span> <span class='ocrx_word' id='word_1_784' title='bbox 3521 4602 3550 4653; x_wconf 85' lang='grc' dir='ltr'>ὁ</span> <span class='ocrx_word' id='word_1_785' title='bbox 3581 4600 3860 4671; x_wconf 82' lang='grc' dir='ltr'>Λάζαρος,</span> 
     </span>
    </p>
   </div>
   <div class='ocr_carea' id='block_1_106' title="bbox 2285 4687 3861 4762">
    <p class='ocr_par' dir='ltr' id='par_1_106' title="bbox 2285 4687 3861 4762">
     <span class='ocr_line' id='line_1_106' title="bbox 2285 4687 3861 4762; baseline -0.002 -16"><span class='ocrx_word' id='word_1_786' title='bbox 2285 4689 2345 4746; x_wconf 80' lang='grc' dir='ltr'>τὸ</span> <span class='ocrx_word' id='word_1_787' title='bbox 2379 4690 2476 4759; x_wconf 83' lang='grc' dir='ltr'>μὲν</span> <span class='ocrx_word' id='word_1_788' title='bbox 2508 4690 2672 4760; x_wconf 82' lang='grc' dir='ltr'>ἀκρον</span> <span class='ocrx_word' id='word_1_789' title='bbox 2706 4689 3025 4762; x_wconf 77' lang='grc' dir='ltr'>ὕδατι</span> <span class='ocrx_word' id='word_1_790' title='bbox 3048 4688 3138 4742; x_wconf 76' lang='grc' dir='ltr'>τοῦ</span> <span class='ocrx_word' id='word_1_791' title='bbox 3159 4689 3442 4753; x_wconf 74' lang='grc' dir='ltr'>δακτύλου,</span> <span class='ocrx_word' id='word_1_792' title='bbox 3483 4687 3766 4762; x_wconf 75' lang='grc' dir='ltr'>καταψύξῃ</span> <span class='ocrx_word' id='word_1_793' title='bbox 3798 4690 3861 4743; x_wconf 70' lang='grc' dir='ltr'>δὲ</span> 
     </span>
    </p>
   </div>
   <div class='ocr_carea' id='block_1_107' title="bbox 2286 4777 3865 4850">
    <p class='ocr_par' dir='ltr' id='par_1_107' title="bbox 2286 4777 3865 4850">
     <span class='ocr_line' id='line_1_107' title="bbox 2286 4777 3865 4850; baseline 0 -18"><span class='ocrx_word' id='word_1_794' title='bbox 2286 4779 2383 4849; x_wconf 84' lang='grc' dir='ltr'>τὴν</span> <span class='ocrx_word' id='word_1_795' title='bbox 2415 4777 2852 4848; x_wconf 79' lang='grc' dir='ltr'>γλῶτταναὺτοῦ,</span> <span class='ocrx_word' id='word_1_796' title='bbox 2871 4779 3071 4842; x_wconf 82' lang='grc' dir='ltr'>νοτίδος</span> <span class='ocrx_word' id='word_1_797' title='bbox 3097 4778 3515 4850; x_wconf 74' lang='grc' dir='ltr'>ἐπαφησάμενος</span> <span class='ocrx_word' id='word_1_798' title='bbox 3544 4778 3666 4847; x_wconf 81' lang='lat'><strong>(5&quot;)</strong></span> <span class='ocrx_word' id='word_1_799' title='bbox 3691 4777 3865 4847; x_wconf 76' lang='grc' dir='ltr'>ἰκμά-</span> 
     </span>
    </p>
   </div>
   <div class='ocr_carea' id='block_1_108' title="bbox 2285 4865 3861 4940">
    <p class='ocr_par' dir='ltr' id='par_1_108' title="bbox 2285 4865 3861 4940">
     <span class='ocr_line' id='line_1_108' title="bbox 2285 4865 3861 4940; baseline 0.001 -19"><span class='ocrx_word' id='word_1_800' title='bbox 2285 4869 2368 4922; x_wconf 87' lang='grc' dir='ltr'>δα·</span> <span class='ocrx_word' id='word_1_801' title='bbox 2401 4869 2722 4940; x_wconf 80' lang='grc' dir='ltr'>πυροφόροις</span> <span class='ocrx_word' id='word_1_802' title='bbox 2763 4865 2855 4921; x_wconf 77' lang='grc' dir='ltr'>οὖν</span> <span class='ocrx_word' id='word_1_803' title='bbox 2891 4869 3251 4939; x_wconf 78' lang='grc' dir='ltr'>ἀλγυνόμενος</span> <span class='ocrx_word' id='word_1_804' title='bbox 3285 4866 3517 4932; x_wconf 73' lang='grc' dir='ltr'>ὀδύναις,</span> <span class='ocrx_word' id='word_1_805' title='bbox 3551 4867 3861 4938; x_wconf 74' lang='grc' dir='ltr'>ἐπρέσὸευι</span> 
     </span>
    </p>
   </div>
   <div class='ocr_carea' id='block_1_109' title="bbox 2288 4959 3860 5032">
    <p class='ocr_par' dir='ltr' id='par_1_109' title="bbox 2288 4959 3860 5032">
     <span class='ocr_line' id='line_1_109' title="bbox 2288 4959 3860 5032; baseline -0.002 -18"><span class='ocrx_word' id='word_1_806' title='bbox 2288 4961 2510 5014; x_wconf 80' lang='grc' dir='ltr'>τοιαῦτα</span> <span class='ocrx_word' id='word_1_807' title='bbox 2545 4961 2661 5031; x_wconf 81' lang='grc' dir='ltr'>μεθ’</span> <span class='ocrx_word' id='word_1_808' title='bbox 2697 4961 2930 5025; x_wconf 80' lang='grc' dir='ltr'>ἱκετείας</span> <span class='ocrx_word' id='word_1_809' title='bbox 2957 4964 2985 5014; x_wconf 86' lang='grc' dir='ltr'>ὁ</span> <span class='ocrx_word' id='word_1_810' title='bbox 3011 4962 3198 5025; x_wconf 84' lang='grc' dir='ltr'>τάλας.</span> <span class='ocrx_word' id='word_1_811' title='bbox 3239 4961 3452 5032; x_wconf 83' lang='grc' dir='ltr'>Ἐπειδὴ</span> <span class='ocrx_word' id='word_1_812' title='bbox 3476 4961 3532 5013; x_wconf 85' lang='grc' dir='ltr'>δὲ</span> <span class='ocrx_word' id='word_1_813' title='bbox 3559 4960 3688 5031; x_wconf 86' lang='grc' dir='ltr'>πρὸς</span> <span class='ocrx_word' id='word_1_814' title='bbox 3717 4959 3860 5025; x_wconf 71' lang='grc' dir='ltr'>ἔπος</span> 
     </span>
    </p>
   </div>
   <div class='ocr_carea' id='block_1_110' title="bbox 2289 5051 3861 5126">
    <p class='ocr_par' dir='ltr' id='par_1_110' title="bbox 2289 5051 3861 5126">
     <span class='ocr_line' id='line_1_110' title="bbox 2289 5051 3861 5126; baseline -0.004 -16"><span class='ocrx_word' id='word_1_815' title='bbox 2289 5056 2720 5126; x_wconf 84' lang='grc' dir='ltr'>ἀποκρινάμενος</span> <span class='ocrx_word' id='word_1_816' title='bbox 2750 5057 2777 5108; x_wconf 84' lang='grc' dir='ltr'>ὁ</span> <span class='ocrx_word' id='word_1_817' title='bbox 2812 5055 3127 5125; x_wconf 86' lang='grc' dir='ltr'>προπάτωρ,</span> <span class='ocrx_word' id='word_1_818' title='bbox 3160 5053 3388 5107; x_wconf 70' lang='grc' dir='ltr'>ἕκαστον</span> <span class='ocrx_word' id='word_1_819' title='bbox 3421 5054 3476 5106; x_wconf 88' lang='grc' dir='ltr'><strong>ἐν</strong></span> <span class='ocrx_word' id='word_1_820' title='bbox 3509 5051 3714 5121; x_wconf 80' lang='grc' dir='ltr'>ἑκάστῳ</span> <span class='ocrx_word' id='word_1_821' title='bbox 3753 5052 3861 5122; x_wconf 73' lang='grc' dir='ltr'>μέ-</span> 
     </span>
    </p>
   </div>
   <div class='ocr_carea' id='block_1_111' title="bbox 2291 5142 3862 5224">
    <p class='ocr_par' dir='ltr' id='par_1_111' title="bbox 2291 5142 3862 5224">
     <span class='ocr_line' id='line_1_111' title="bbox 2291 5142 3862 5224; baseline -0.001 -25"><span class='ocrx_word' id='word_1_822' title='bbox 2291 5163 2370 5216; x_wconf 89' lang='grc' dir='ltr'><strong>ρει</strong></span> <span class='ocrx_word' id='word_1_823' title='bbox 2404 5146 2502 5210; x_wconf 88' lang='grc' dir='ltr'><strong>τάς</strong></span> <span class='ocrx_word' id='word_1_824' title='bbox 2537 5146 2691 5212; x_wconf 78' lang='grc' dir='ltr'>ἀξίας</span> <span class='ocrx_word' id='word_1_825' title='bbox 2720 5145 2934 5224; x_wconf 62' lang='grc' dir='ltr'>ἔρραινεν</span> <span class='ocrx_word' id='word_1_826' title='bbox 2962 5144 3193 5215; x_wconf 76' lang='grc' dir='ltr'>ἀμοιϐάς</span> <span class='ocrx_word' id='word_1_827' title='bbox 3236 5144 3466 5198; x_wconf 86' lang='grc' dir='ltr'>ἐπάθλου</span> <span class='ocrx_word' id='word_1_828' title='bbox 3511 5146 3669 5215; x_wconf 83' lang='grc' dir='ltr'>χάριν</span> <span class='ocrx_word' id='word_1_829' title='bbox 3704 5142 3862 5214; x_wconf 71' lang='grc' dir='ltr'>εἱλη-</span> 
     </span>
    </p>
   </div>
   <div class='ocr_carea' id='block_1_112' title="bbox 2290 5233 3856 5308">
    <p class='ocr_par' dir='ltr' id='par_1_112' title="bbox 2290 5233 3856 5308">
     <span class='ocr_line' id='line_1_112' title="bbox 2290 5233 3856 5308; baseline -0.004 -16"><span class='ocrx_word' id='word_1_830' title='bbox 2290 5239 2467 5308; x_wconf 83' lang='grc' dir='ltr'>φέναι,</span> <span class='ocrx_word' id='word_1_831' title='bbox 2516 5237 2814 5308; x_wconf 78' lang='grc' dir='ltr'>τηνικαῦτα</span> <span class='ocrx_word' id='word_1_832' title='bbox 2865 5235 3120 5307; x_wconf 78' lang='grc' dir='ltr'>προσθεὶς</span> <span class='ocrx_word' id='word_1_833' title='bbox 3161 5235 3565 5307; x_wconf 75' lang='grc' dir='ltr'><strong>ἐπεφθέγξατο⁹</strong></span> <span class='ocrx_word' id='word_1_834' title='bbox 3599 5233 3704 5291; x_wconf 72' lang='grc' dir='ltr'><strong>Καὶ</strong></span> <span class='ocrx_word' id='word_1_835' title='bbox 3747 5234 3856 5286; x_wconf 64' lang='grc' dir='ltr'><strong>ἐπὶ</strong></span> 
     </span>
    </p>
   </div>
   <div class='ocr_carea' id='block_1_113' title="bbox 2287 5324 3854 5397">
    <p class='ocr_par' dir='ltr' id='par_1_113' title="bbox 2287 5324 3854 5397">
     <span class='ocr_line' id='line_1_113' title="bbox 2287 5324 3854 5397; baseline -0.009 -13"><span class='ocrx_word' id='word_1_836' title='bbox 2287 5330 2434 5385; x_wconf 81' lang='grc' dir='ltr'>πᾶσι</span> <span class='ocrx_word' id='word_1_837' title='bbox 2460 5331 2690 5394; x_wconf 82' lang='grc' dir='ltr'>τούτοις</span> <span class='ocrx_word' id='word_1_838' title='bbox 2710 5326 2938 5397; x_wconf 71' lang='grc' dir='ltr'>μεταξὺ</span> <span class='ocrx_word' id='word_1_839' title='bbox 2970 5325 3135 5396; x_wconf 77' lang='grc' dir='ltr'>ὑμῶν</span> <span class='ocrx_word' id='word_1_840' title='bbox 3169 5326 3268 5379; x_wconf 75' lang='grc' dir='ltr'>καὶ</span> <span class='ocrx_word' id='word_1_841' title='bbox 3296 5325 3461 5395; x_wconf 70' lang='grc' dir='ltr'>ἡμῶν</span> <span class='ocrx_word' id='word_1_842' title='bbox 3493 5324 3712 5394; x_wconf 79' lang='grc' dir='ltr'>χάσμα,</span> <span class='ocrx_word' id='word_1_843' title='bbox 3737 5341 3854 5397; x_wconf 71' lang='grc' dir='ltr'>φη-</span> 
     </span>
    </p>
   </div>
   <div class='ocr_carea' id='block_1_114' title="bbox 2287 5414 3853 5488">
    <p class='ocr_par' dir='ltr' id='par_1_114' title="bbox 2287 5414 3853 5488">
     <span class='ocr_line' id='line_1_114' title="bbox 2287 5414 3853 5488; baseline -0.003 -13"><span class='ocrx_word' id='word_1_844' title='bbox 2287 5424 2388 5488; x_wconf 76' lang='grc' dir='ltr'>σἰν,</span> <span class='ocrx_word' id='word_1_845' title='bbox 2417 5420 2757 5488; x_wconf 77' lang='grc' dir='ltr'>ἐστήρικται</span> <span class='ocrx_word' id='word_1_846' title='bbox 2783 5418 2956 5488; x_wconf 76' lang='grc' dir='ltr'>μέγα,</span> <span class='ocrx_word' id='word_1_847' title='bbox 2996 5417 3151 5483; x_wconf 75' lang='grc' dir='ltr'>ὅπως</span> <span class='ocrx_word' id='word_1_848' title='bbox 3179 5421 3231 5471; x_wconf 78' lang='grc' dir='ltr'>οἱ</span> <span class='ocrx_word' id='word_1_849' title='bbox 3259 5417 3534 5483; x_wconf 71' lang='grc' dir='ltr'>θέλοντες</span> <span class='ocrx_word' id='word_1_850' title='bbox 3572 5414 3853 5483; x_wconf 66' lang='grc' dir='ltr'>διαϐῆναι</span> 
     </span>
    </p>
   </div>
   <div class='ocr_carea' id='block_1_115' title="bbox 2284 5503 3852 5581">
    <p class='ocr_par' dir='ltr' id='par_1_115' title="bbox 2284 5503 3852 5581">
     <span class='ocr_line' id='line_1_115' title="bbox 2284 5503 3852 5581; baseline -0.003 -16"><span class='ocrx_word' id='word_1_851' title='bbox 2284 5511 2458 5566; x_wconf 78' lang='grc' dir='ltr'>ἐνθεν</span> <span class='ocrx_word' id='word_1_852' title='bbox 2504 5511 2654 5578; x_wconf 82' lang='grc' dir='ltr'>πρὸς</span> <span class='ocrx_word' id='word_1_853' title='bbox 2685 5513 2840 5581; x_wconf 78' lang='grc' dir='ltr'>ὑμας</span> <span class='ocrx_word' id='word_1_854' title='bbox 2869 5507 2954 5577; x_wconf 79' lang='grc' dir='ltr'>μὴ</span> <span class='ocrx_word' id='word_1_855' title='bbox 2990 5507 3302 5570; x_wconf 79' lang='grc' dir='ltr'>δύνωνται.</span> <span class='ocrx_word' id='word_1_856' title='bbox 3337 5505 3491 5576; x_wconf 80' lang='grc' dir='ltr'>μηδὲ</span> <span class='ocrx_word' id='word_1_857' title='bbox 3531 5508 3587 5561; x_wconf 77' lang='grc' dir='ltr'>οἱ</span> <span class='ocrx_word' id='word_1_858' title='bbox 3616 5503 3852 5561; x_wconf 67' lang='grc' dir='ltr'>ἐκεῖθεν</span> 
     </span>
    </p>
   </div>
   <div class='ocr_carea' id='block_1_116' title="bbox 690 5609 2187 5692">
    <p class='ocr_par' dir='ltr' id='par_1_116' title="bbox 690 5609 2187 5689">
     <span class='ocr_line' id='line_1_116' title="bbox 690 5609 2187 5689; baseline 0.012 -27"><span class='ocrx_word' id='word_1_859' title='bbox 690 5609 736 5642; x_wconf 68' lang='grc'><strong>⁸³</strong></span> <span class='ocrx_word' id='word_1_860' title='bbox 780 5609 907 5665; x_wconf 84' lang='lat' dir='ltr'><strong>Luc.</strong></span> <span class='ocrx_word' id='word_1_861' title='bbox 958 5628 1118 5676; x_wconf 82' lang='lat' dir='ltr'><strong>mu,</strong></span> <span class='ocrx_word' id='word_1_862' title='bbox 1153 5615 1241 5670; x_wconf 70' lang='grc'><strong>45.</strong></span> <span class='ocrx_word' id='word_1_863' title='bbox 1315 5617 1360 5648; x_wconf 60' lang='grc' dir='ltr'><strong>ιδ</strong></span> <span class='ocrx_word' id='word_1_864' title='bbox 1393 5616 1422 5670; x_wconf 86' lang='grc'><strong><em>1</em></strong></span> <span class='ocrx_word' id='word_1_865' title='bbox 1459 5617 1582 5689; x_wconf 76' lang='lat' dir='ltr'><strong>Reg.</strong></span> <span class='ocrx_word' id='word_1_866' title='bbox 1620 5637 1814 5686; x_wconf 82' lang='lat' dir='ltr'><strong>xxvm,</strong></span> <span class='ocrx_word' id='word_1_867' title='bbox 1857 5623 1944 5680; x_wconf 82' lang='lat' dir='ltr'><strong>l9.</strong></span> <span class='ocrx_word' id='word_1_868' title='bbox 2024 5624 2068 5656; x_wconf 79' lang='lat'>&quot;</span> <span class='ocrx_word' id='word_1_869' title='bbox 2110 5623 2187 5683; x_wconf 75' lang='grc' dir='ltr'>ιιι</span> 
     </span>
    </p>
   </div>
   <div class='ocr_carea' id='block_1_117' title="bbox 2289 5609 3486 5692">
    <p class='ocr_par' dir='ltr' id='par_1_117' title="bbox 2289 5617 3486 5692">
     <span class='ocr_line' id='line_1_117' title="bbox 2289 5617 3486 5692; baseline -0.008 -13"><span class='ocrx_word' id='word_1_870' title='bbox 2289 5640 2390 5688; x_wconf 78' lang='grc' dir='ltr'>ινι,</span> <span class='ocrx_word' id='word_1_871' title='bbox 2450 5621 2517 5676; x_wconf 81' lang='grc'>19</span> <span class='ocrx_word' id='word_1_872' title='bbox 2545 5637 2666 5692; x_wconf 90' lang='lat' dir='ltr'><strong>sqq.</strong></span> <span class='ocrx_word' id='word_1_873' title='bbox 2743 5619 2790 5682; x_wconf 51' lang='lat'><strong>9‘</strong></span> <span class='ocrx_word' id='word_1_874' title='bbox 2834 5619 2964 5676; x_wconf 78' lang='lat' dir='ltr'><strong>ibid.</strong></span> <span class='ocrx_word' id='word_1_875' title='bbox 2993 5619 3082 5676; x_wconf 70' lang='grc' dir='ltr'>εδ.</span> <span class='ocrx_word' id='word_1_876' title='bbox 3166 5619 3210 5653; x_wconf 74' lang='grc'><strong>⁸⁷</strong></span> <span class='ocrx_word' id='word_1_877' title='bbox 3240 5620 3371 5673; x_wconf 75' lang='lat' dir='ltr'><strong>ibid.</strong></span> <span class='ocrx_word' id='word_1_878' title='bbox 3400 5617 3486 5675; x_wconf 72' lang='lat'><strong>26.</strong></span> 
     </span>
    </p>
   </div>
   <div class='ocr_carea' id='block_1_118' title="bbox 687 5699 1418 5770">
    <p class='ocr_par' dir='ltr' id='par_1_118' title="bbox 687 5699 1418 5770">
     <span class='ocr_line' id='line_1_118' title="bbox 687 5699 1418 5770; baseline 0.012 -17"><span class='ocrx_word' id='word_1_879' title='bbox 687 5699 787 5769; x_wconf 61' lang='grc' dir='ltr'><strong>(δ’)</strong></span> <span class='ocrx_word' id='word_1_880' title='bbox 825 5703 1086 5770; x_wconf 68' lang='grc' dir='ltr'>Ἐκεῖνοι.</span> <span class='ocrx_word' id='word_1_881' title='bbox 1114 5703 1332 5764; x_wconf 74' lang='lat' dir='ltr'><strong>Scilicet</strong></span> <span class='ocrx_word' id='word_1_882' title='bbox 1351 5709 1418 5770; x_wconf 71' lang='grc' dir='ltr'><strong>τῷ</strong></span> 
     </span>
    </p>
   </div>
   <div class='ocr_carea' id='block_1_119' title="bbox 612 5727 2179 5853">
    <p class='ocr_par' dir='ltr' id='par_1_119' title="bbox 612 5727 2179 5853">
     <span class='ocr_line' id='line_1_119' title="bbox 687 5727 2179 5784; baseline 0.012 -30"><span class='ocrx_word' id='word_1_883' title='bbox 687 5727 742 5769; x_wconf 71' lang='grc' dir='ltr'><strong><em>ψ</em></strong></span> <span class='ocrx_word' id='word_1_884' title='bbox 772 5727 787 5769; x_wconf 69' lang='grc' dir='ltr'><strong>ι</strong></span> <span class='ocrx_word' id='word_1_885' title='bbox 843 5727 1086 5770; x_wconf 73' lang='grc' dir='ltr'>ωιεινῳ.</span> <span class='ocrx_word' id='word_1_886' title='bbox 1114 5727 1380 5764; x_wconf 67' lang='grc' dir='ltr'>δειιιῦειτ</span> <span class='ocrx_word' id='word_1_887' title='bbox 1457 5727 1694 5784; x_wconf 72' lang='grc' dir='ltr'>τπιοτῳ;</span> <span class='ocrx_word' id='word_1_888' title='bbox 1729 5730 1812 5769; x_wconf 88' lang='lat' dir='ltr'><strong>sm</strong></span> <span class='ocrx_word' id='word_1_889' title='bbox 1834 5727 2012 5771; x_wconf 84' lang='lat' dir='ltr'><strong>autem</strong></span> <span class='ocrx_word' id='word_1_890' title='bbox 2042 5727 2179 5772; x_wconf 78' lang='lat' dir='ltr'><strong>reie—</strong></span> 
     </span>
     <span class='ocr_line' id='line_1_120' title="bbox 612 5727 2179 5853; baseline 0.012 -28"><span class='ocrx_word' id='word_1_891' title='bbox 612 5782 707 5825; x_wconf 80' lang='lat' dir='ltr'><strong>ns</strong></span> <span class='ocrx_word' id='word_1_892' title='bbox 738 5771 927 5843; x_wconf 72' lang='grc' dir='ltr'>ἐκείιῳ</span> <span class='ocrx_word' id='word_1_893' title='bbox 946 5773 1028 5842; x_wconf 72' lang='lat' dir='ltr'><strong>[ad</strong></span> <span class='ocrx_word' id='word_1_894' title='bbox 1058 5773 1347 5846; x_wconf 80' lang='lat' dir='ltr'><strong>Lazarum,</strong></span> <span class='ocrx_word' id='word_1_895' title='bbox 1384 5727 1526 5839; x_wconf 42' lang='lat' dir='ltr'><strong>(isne</strong></span> <span class='ocrx_word' id='word_1_896' title='bbox 1571 5782 1860 5850; x_wconf 76' lang='lat' dir='ltr'><strong>legendum</strong></span> <span class='ocrx_word' id='word_1_897' title='bbox 1908 5787 2057 5853; x_wconf 84' lang='grc' dir='ltr'>ὠμόν</span> <span class='ocrx_word' id='word_1_898' title='bbox 2083 5803 2179 5853; x_wconf 79' lang='lat' dir='ltr'><strong>pro</strong></span> 
     </span>
    </p>
   </div>
   <div class='ocr_carea' id='block_1_120' title="bbox 1457 5712 2677 5789">
    <p class='ocr_par' dir='ltr' id='par_1_120' title="bbox 1457 5712 2677 5789">
     <span class='ocr_line' id='line_1_121' title="bbox 1457 5712 2677 5789; baseline 0.004 -27"><span class='ocrx_word' id='word_1_899' title='bbox 1457 5712 1694 5789; x_wconf 52' lang='lat' dir='ltr'><strong>intacti};</strong></span> <span class='ocrx_word' id='word_1_900' title='bbox 1729 5716 1812 5789; x_wconf 75' lang='lat' dir='ltr'><strong>sin</strong></span> <span class='ocrx_word' id='word_1_901' title='bbox 1834 5716 2181 5789; x_wconf 11' lang='lat' dir='ltr'><strong>autemgrel&#39;e-</strong></span> <span class='ocrx_word' id='word_1_902' title='bbox 2283 5717 2484 5789; x_wconf 79' lang='grc' dir='ltr'>ὅμοιον.</span> <span class='ocrx_word' id='word_1_903' title='bbox 2517 5715 2677 5789; x_wconf 83' lang='lat' dir='ltr'><strong>_E_m-r.</strong></span> 
     </span>
    </p>
   </div>
   <div class='ocr_carea' id='block_1_121' title="bbox 2357 5777 3848 5857">
    <p class='ocr_par' dir='ltr' id='par_1_121' title="bbox 2357 5777 3848 5857">
     <span class='ocr_line' id='line_1_122' title="bbox 2357 5777 3848 5857; baseline -0.004 -14"><span class='ocrx_word' id='word_1_904' title='bbox 2357 5788 2478 5853; x_wconf 82' lang='lat'><strong>(5“)</strong></span> <span class='ocrx_word' id='word_1_905' title='bbox 2516 5782 3031 5854; x_wconf 68' lang='grc' dir='ltr'>Ἐπαφησάμενος.</span> <span class='ocrx_word' id='word_1_906' title='bbox 3056 5777 3218 5843; x_wconf 73' lang='lat' dir='ltr'><strong>Forte</strong></span> <span class='ocrx_word' id='word_1_907' title='bbox 3230 5783 3667 5857; x_wconf 64' lang='grc' dir='ltr'>ἐπομοσάμενος.</span> <span class='ocrx_word' id='word_1_908' title='bbox 3688 5782 3848 5840; x_wconf 70' lang='lat' dir='ltr'><strong>Enr.</strong></span> 
     </span>
    </p>
   </div>
  </div>
