4044 6324
137 384 243 441 665
550 428 579 445 μ
1023 388 1111 443 DE
1146 386 1738 445 ENGASTRIMYTHO
1772 386 2051 446 CONTRA
2090 385 2467 443 ORIGENEM.
3270 394 3376 446 6m

137 500 286 567 πρὸς
323 501 479 569 ἡμᾶς
521 500 906 569 διαπερῶσιν.
954 503 1018 555 El
1063 503 1242 555 τοίνυν
1280 503 1398 555 ἐστὶ
1441 504 1711 575 χάσματος

1816 517 1961 565 esse,
1993 501 2141 555 nulla
2190 498 2313 554 licet
2344 514 2631 569 pauperem
2679 501 2876 571 injuria
2900 502 3171 567 al‘feccrit,
3203 520 3381 575 neque

136 590 281 643 εἰδέα
309 591 621 662 διείργουσα
667 588 871 663 μεταξὺ
900 592 1122 644 δικαίων
1153 593 1231 660 ἡδ’
1260 592 1479 657 ἀδίκων,
1526 593 1601 655 ὠς
1648 592 1711 662 μὴ

1822 592 2081 663 abegerit,
2114 598 2327 643 tantum
2372 604 2479 644 non
2523 592 2596 643 illi
2628 602 2875 663 prompte
2908 610 3026 664 quae
3066 596 3182 667 ipse
3210 596 3382 653 ωδε-

134 680 394 735 δύνασθαι
445 684 574 744 τοὺς
627 681 775 735 ἔνθεν
832 686 1008 735 ἐκεῖσε
1063 682 1529 753 διαπορθμεῦσαι,
1586 686 1711 754 μήτε

1820 682 1912 735 bat
1937 698 2000 735 ex
2036 691 2187 751 parte
2220 684 2527 739 distributis
2553 703 2565 737 :
2588 692 2791 753 quanto
2814 686 2987 756 magis
3022 688 3289 745 scelestus
3319 702 3379 744 ac

136 770 300 843 δεῦρο
319 772 443 833 τοὺς
470 772 681 824 ἐκεῖθεν
705 772 1018 839 ἀφικέσθαι·
1050 773 1376 842 συνέστηκεν
1401 775 1475 835 ὡς
1499 774 1527 824 6
1550 773 1711 826 Σαοὺλ

1820 782 2111 827 contumax
2142 776 2303 829 homo
2333 776 2589 845 indignus
2626 786 2729 839 est,
2760 778 2853 848 qui
2886 788 3197 835 sanctorum
3225 794 3382 834 com-

137 861 323 924 ἄδικος
353 863 429 914 ὢν
461 863 563 915 οὐκ
605 864 718 915 ἐστι
761 863 895 932 μετά
921 862 1014 915 τοῦ
1055 864 1335 933 προφήτου
1376 864 1643 934 Σαμουὴλ·
1674 864 1711 915 εἰ

1821 865 2132 916 munioncm
2161 866 2479 933 participet?

137 959 245 1028 γάρ
275 960 305 1010 6
334 958 589 1022 πλούσιος
619 960 679 1012 οὐ
714 958 935 1011 δύναται
984 958 1122 1027 μετά
1154 958 1247 1009 τοῦ
1283 960 1510 1030 πένητος
1554 956 1713 1021 εἶναι,
1747 958 1840 1009 καὶ
1871 958 2039 1009 ταῦτα
2068 960 2233 1029 μηδὲν
2268 960 2529 1029 ἀδικήσας
2578 959 2711 1029 μηδὲ
2772 960 2962 1028 διώξας
3021 962 3201 1026 αὐτὸν,
3248 960 3381 1015 ἀλλὰ

140 1050 213 1119 μὴ
247 1049 512 1118 μεταδοὺς
555 1049 701 1119 αὑτῷ
736 1053 1037 1123 προχείρως
1072 1050 1130 1116 ὲξ
1174 1048 1248 1107 ὧν
1284 1051 1417 1122 εἶχε,
1458 1053 1606 1119 πόσῳ
1644 1050 1708 1120 δὴ
1732 1050 1929 1119 μᾶλλον
1968 1052 1995 1101 ὀ
2054 1050 2292 1119 σχέτλιος
2321 1052 2459 1123 ἀνὴρ
2494 1050 2708 1116 ἀνάξιός
2743 1054 2859 1105 ἐστι
2900 1054 3001 1122 τῆς
3051 1053 3157 1107 τῶν
3212 1052 3382 1120 ἁγίων

138 1140 443 1194 ἀπολαῦσαι
486 1144 765 1207 κοινωνίας
783 1161 795 1208 ;

207 1225 328 1281 XV.
375 1227 513 1281 Ἀλλ’
546 1229 607 1281 οὑ
656 1231 958 1302 διανοητέον
984 1235 1131 1297 ὅπως
1170 1230 1396 1302 αἰσχροῦ
1428 1232 1525 1301 μὲν
1548 1230 1712 1284 ’ἑνεκα

139 1320 366 1389 κέρδους
384 1322 565 1376 ἀθετεῖ
578 1322 639 1375 τὸ
661 1322 799 1375 θεῖον
820 1324 1117 1395 ἐπίταγμα,
1151 1327 1363 1399 δαίμονι
1396 1327 1452 1379 δὲ
1485 1325 1713 1397 πληγεὶς

137 1411 397 1476 ἀνιάτως,
430 1412 712 1468 ἐλαύνεται
743 1414 1011 1489 βασκανίᾳ
1041 1396 1259 1471 διώκειν
1282 1396 1371 1470 τὸν
1401 1396 1711 1487 ἀγιοπρεπῆ

139 1502 299 1556 Διυῖδ
328 1504 507 1558 οὐδενὶ
548 1505 739 1576 κόσμῳ
765 1508 1042 1578 πρέποντι,
1075 1508 1249 1563 καίτοι
1276 1507 1561 1578 ψαλμῳδία
1583 1524 1712 1578 προ-

138 1597 339 1665 φητικῇ
398 1594 496 1663 τὴν
542 1596 837 1665 ἀγριότητα
875 1598 967 1649 τοῦ
1002 1596 1424 1666 ὲκδακχεῦοντος
1468 1600 1524 1648 ὲν
1562 1594 1711 1663 αὑτῷ

137 1684 387 1755 δαίμονος
418 1686 723 1758 ἡμεροῦντα
742 1706 755 1719 ⁸
783 1690 1095 1758 τοὺςίερεῖς
1118 1670 1565 1757 ἀποσφάττείτοῦ
1594 1688 1709 1737 Κυ-

143 1776 251 1846 ρίου
310 1779 657 1848 τριακοσίους
710 1778 868 1842 ὗντας
905 1780 1040 1848 πρὸς
1092 1783 1204 1841 τοῖς
1249 1780 1582 1848 πεντήκοντα
1620 1776 1711 1828 τὸν

139 1869 370 1939 ἀριθμόν
395 1887 407 1899 ·
443 1872 729 1939 ἀφίσταται
754 1873 846 1924 τοῦ
881 1872 1013 1925 Θεοῦ
1064 1873 1451 1944 μαντευόμενος
1480 1871 1708 1933 ἀσεϐῶς.
1744 1902 1785 1957 Β

139 1961 199 2013 El
225 1961 284 2013 δὲ
316 1961 492 2015 ταῦτα
520 1963 614 2013 καὶ
642 1964 708 2015 τά
739 1962 948 2027 τούτοις
979 1964 1183 2032 ἀδελφά
1221 1964 1566 2035 διεπράξατο,
1596 1961 1711 2023 πῶς

139 2045 245 2104 οἷόν
285 2070 348 2104 τε
405 2050 666 2120 νομίζειν,
702 2054 782 2106 ὃτι
826 2055 960 2123 μετά
986 2054 1077 2107 τοῦ
1126 2054 1536 2124 θαυματουργοῦ
1585 2070 1715 2107 κατ-

141 2142 295 2214 (lch
324 2144 599 2213 Σαμουὴλ,
617 2146 675 2209 ὃς
708 2147 765 2197 ἐν
792 2144 910 2215 ὥρᾳ
931 2144 1119 2215 θέρους
1151 2146 1303 2198 ὑετὸν
1333 2144 1531 2214 ἠξίωσε
1566 2146 1715 2212 γενέ-

145 2236 282 2299 σθαι,
301 2236 398 2289 καὶ
426 2237 557 2305 παρ’
582 2235 730 2305 αὐτῷ
762 2236 909 2305 (5'“)
930 2234 1331 2305 κατεσκεδάσθη
1351 2235 1551 2305 πλῆθος
1579 2236 1715 2305 ἀμέ-

139 2341 333 2396 τρητον
366 2326 615 2391 ὑδάτωνς
651 2329 712 2381 Εί
738 2327 794 2380 δὲ
818 2327 918 2380 οὐκ
964 2325 1109 2380 ἔστιν
1167 2329 1363 2392 εἰπεῖν,
1413 2328 1494 2379 ὅτι
1541 2327 1713 2380 Σαούλ

144 2416 253 2467 ἐστι
290 2419 405 2485 μετ’
438 2415 604 2469 αὑτοῦ
639 2416 715 2487 (6)
759 2417 1030 2488 Σαμουὴλ,
1068 2416 1331 2486 ἐψεύσατο
1366 2418 1463 2487 μὲν
1490 2419 1519 2469 6
1540 2418 1712 2487 λέγων

146 2508 286 2578 αὐτῷ
306 2526 318 2537 ·
351 2509 572 2576 Αὔριον
599 2509 711 2577 ἔσῃ
743 2511 823 2563 σὺ
840 2511 966 2578 μετ’
990 2510 1152 2577 ἐμοῦ.
1182 2509 1480 2581 Τοιγαροῦν
1514 2514 1561 2563 εί
1583 2511 1712 2580 φεύ-

150 2614 274 2667 στης
305 2601 335 2651 6
364 2599 535 2651 ταῦτα
584 2600 820 2670 εἰρηκὼς
874 2602 1130 2671 ὑπάρχει,
1182 2600 1467 2672 πρόδηλον,
1501 2602 1577 2665 ὡς
1613 2603 1711 2655 οὐκ

147 2688 285 2741 ἐστιν
315 2691 344 2741 6
384 2690 636 2760 Σαμουὴλ
669 2687 853 2754 οὗτος·
891 2692 949 2743 οὐ
1005 2692 1111 2761 γὰρ
1159 2692 1221 2745 ἂν
1261 2693 1432 2755 οὕτως
1470 2694 1712 2764 ἀχρόνως

144 2778 173 2831 ὁ
201 2778 293 2831 τοῦ
321 2780 527 2848 Κυρίου
570 2780 827 2849 ψεύσαιτο
859 2783 1141 2851 προφήτης
1162 2800 1173 2809 ·
1208 2783 1345 2833 ὥστε
1378 2784 1602 2835 τοιαῦτα
1633 2783 1711 2852 (7)

147 2865 261 2936 δίχα
289 2868 624 2937 πτισσδμενα
645 2872 881 2939 ῥήματα,
914 2871 1116 2938 γυμνὸν
1149 2870 1483 2923 ὑποδεικνύει
1501 2872 1591 2924 τὸν
1620 2889 1715 2923 πο-

148 2956 498 3029 λυπρόσωπον
559 2958 822 3012 ἐνδοτάτω
889 2960 1028 3028 θῆρα
1088 2962 1478 3031 κρυπτόμενον.
1546 2962 1713 3024 Αὐτὸς

149 3044 271 3112 γοῦν
299 3047 445 3098 ἑστιν
479 3048 508 3098 6
548 3048 903 3110 κατασπάσας
954 3048 1033 3109 εἰς
1072 3047 1132 3099 τὸ
1166 3046 1260 3100 τοῦ
1301 3050 1574 3119 ταρτάρου
1620 3049 1715 3117 χά-

145 3151 256 3206 σμα
299 3138 396 3190 καὶ
442 3135 534 3192 τὸν
593 3138 814 3208 ἐμμανῆ
872 3138 1072 3192 Σαούλ’
1129 3137 1249 3191 ὅθεν
1303 3139 1515 3202 οἰκείως
1568 3138 1715 3208 αὐτῷ

1892 1219 2009 1274 κν.
2052 1219 2157 1275 Sed
2208 1220 2431 1276 minime
2485 1223 2829 1293 cogitandum
2875 1235 2956 1282 est
3005 1227 3225 1286 infamis
3252 1247 3378 1288 eum

1820 1311 1955 1365 lucri
1987 1326 2153 1367 causa
2182 1320 2508 1381 praeceptum
2536 1316 2771 1371 violasse
2814 1316 3055 1373 divinum
3084 1321 3131 1351 "
3163 1341 3175 1375 :
3212 1337 3243 1377 a
3271 1324 3381 1379 d2-

1822 1418 1981 1457 mone
2010 1418 2138 1458 vero
2170 1404 2456 1458 insanabili
2489 1404 2672 1461 furore
2712 1408 2949 1476 percitus
2970 1449 2985 1471 ,
3024 1411 3225 1467 invidia
3249 1428 3382 1468 san-

1818 1494 2160 1558 ctissimum,
2209 1497 2359 1549 nullo
2405 1496 2619 1551 decoris
2670 1506 2831 1568 atque
2868 1499 3082 1556 honesti
3130 1516 3377 1574 respectu

1819 1582 2035 1646 habito,
2070 1596 2388 1653 persecutus
2432 1594 2517 1639 est
2567 1585 2733 1642 David
2791 1588 2857 1653 δ’,
2913 1592 3008 1661 qui
3048 1595 3380 1664 propheticis

1818 1672 2155 1729 Psalmorum
2199 1676 2554 1731 concentibus
2594 1678 2926 1735 ferocitatem
2974 1683 3027 1737 in
3065 1684 3157 1739 illo
3182 1687 3381 1741 debac-

1819 1764 2033 1818 cliantis
2075 1766 2337 1821 daemonis
2384 1767 2739 1823 demulcebat.
2796 1770 3115 1828 Sacerdotes
3166 1775 3381 1831 Domini

1819 1865 2088 1912 trecentos
2120 1867 2173 1912 et
2212 1860 2605 1930 quinquaginta
2657 1876 2881 1919 numero
2922 1868 3197 1922 occisione
3234 1869 3381 1923 occi-

1814 1946 1892 1999 dit
1924 1948 1969 1979 ⁵⁰
1999 1967 2011 2000 :
2036 1947 2234 2002 defecit
2267 1964 2296 2002 a
2340 1948 2476 2014 Deo,
2505 1950 2915 2009 vaticinationes
2939 1969 3002 2008 ac
3031 1963 3211 2011 vatum
3240 1972 3379 2027 pra:—

1816 2038 1963 2105 sagia
1993 2038 2157 2107 impie
2190 2053 2509 2109 exposcens.
2549 2041 2673 2095 Haec
2708 2050 2762 2098 et
2799 2043 2884 2098 bis
2917 2046 3113 2099 similia
3156 2046 3202 2100 si
3246 2061 3379 2103 con-

1814 2128 1940 2183 fecit
1960 2170 1974 2191 ,
2003 2145 2108 2198 qua
2139 2132 2351 2183 ratione
2384 2133 2922 2203 crederepossumus
2952 2151 3075 2190 eum
3106 2139 3381 2207 quievisse

1814 2237 1924 2276 una
1957 2238 2079 2278 cum
2108 2224 2495 2277 miraculorum
2526 2226 2778 2281 eﬁecwre
2810 2225 3062 2284 Samuhle
3084 2268 3098 2292 ,
3130 2230 3225 2300 qui
3264 2245 3380 2285 ma-

1813 2315 1959 2368 ximo
1986 2316 2040 2369 in
2062 2323 2194 2370 testu
2224 2316 2421 2370 nubem
2444 2316 2749 2387 impetravit
2775 2319 2845 2382 ἰ,
2869 2319 3004 2375 adeo
3031 2328 3089 2375 ut
3116 2322 3378 2379 immensa

1813 2419 2075 2476 aquarum
2107 2409 2261 2476 copia
2311 2406 2455 2461 circa
2487 2407 2663 2479 ipsum
2702 2411 2991 2465 exundarit
3031 2412 3054 2465 ?
3093 2412 3289 2469 Verum
3331 2416 3377 2468 si

1810 2499 2166 2553 asserendum
2200 2514 2305 2553 non
2340 2508 2422 2554 est
2448 2498 2665 2555 Sanlcm
2701 2516 2826 2554 cum
2861 2501 3109 2557 Samuele
3146 2504 3339 2574 degere
3361 2543 3377 2565 ,

1794 2588 2034 2642 omnino
2076 2589 2333 2642 mentitus
2383 2598 2467 2643 est
2515 2591 2607 2657 qui
2648 2591 2723 2643 illi
2768 2590 2902 2645 dixit
2948 2608 2966 2643 :
3013 2592 3146 2646 Cras
3184 2594 3287 2647 erit
3322 2605 3379 2646 tu

1814 2695 2012 2731 mecum
2060 2679 2127 2733 ⁸⁸.
2174 2677 2341 2746 Igitur
2388 2682 2434 2733 si
2480 2681 2570 2748 qui
2615 2680 2729 2733 haec
2769 2680 2964 2734 effatur
2992 2682 3221 2737 mendax
3260 2691 3376 2743 est.

1813 2768 2182 2830 manifestum,
2211 2769 2350 2822 hunc
2380 2768 2685 2822 Samuelem
2709 2784 2815 2823 non
2838 2784 2995 2835 esse;
3030 2786 3206 2841 neque
3231 2772 3379 2828 enim

1815 2861 1893 2913 sic
1911 2860 2056 2913 circa
2081 2867 2321 2929 tempora
2340 2860 2600 2929 propheta
2629 2859 2839 2915 Domini
2860 2864 3123 2918 mentitus
3145 2862 3342 2921 fuisset
3362 2884 3376 2920 :

1815 2953 1888 3007 ita
1918 2961 1979 3005 ut
2016 2967 2079 3007 ex
2114 2952 2199 3007 his
2236 2952 2315 3006 sic
2340 2952 2603 3021 expositis
2645 2953 2993 3009 multiformis
3022 2955 3166 3010 intra
3201 2957 3379 3025 ipsum

1816 3046 2017 3113 degens
2040 3044 2218 3098 bellua
2241 3052 2513 3113 appareat.
2540 3043 2637 3099 Hic
2649 3059 2778 3115 ergo
2796 3053 2898 3110 est,
2920 3047 3013 3116 qui
3036 3054 3090 3100 et
3112 3047 3378 3104 furiosum

1818 3134 2035 3191 Saulem
2069 3136 2123 3189 in
2163 3134 2378 3189 Tartari
2409 3133 2594 3191 fauces
2642 3136 2893 3191 detrusit.
2940 3138 3120 3202 Quare
3147 3153 3260 3194 non
3295 3140 3381 3195 in-

150 3228 578 3297 προσιφθέγγετο
607 3230 914 3301 κρατήσαςο
947 3229 1167 3297 Αὔριον
1194 3229 1275 3282 σὺ
1308 3230 1405 3283 καὶ
1439 3230 1711 3285 Ἰωνάθαν

1815 3243 2053 3298 congrue
2064 3227 2163 3282 illo
2184 3227 2286 3283 sibi
2308 3229 2613 3299 mancipato
2635 3227 2835 3283 fatetur
2854 3245 2869 3284 :
2886 3226 3139 3285 Emori:
3156 3246 3375 3294 mm,

145 3320 183 3371 ὀ
212 3320 335 3382 vide
374 3336 492 3375 σου
517 3324 645 3389 μετ’
669 3320 837 3390 ἐμοῦ.
871 3321 1042 3388 Διττῷ
1073 3322 1127 3375 δὲ
1150 3323 1410 3393 συστῆσαι
1441 3320 1714 3393 προσώπῳ

153 3412 500 3482 πειρώμενος,
520 3413 596 3477 ὡς
616 3413 864 3466 οὐδέποτε
883 3412 1087 3477 δίκαιος
1114 3414 1299 3467 ἀδίκου
1321 3414 1585 3483 διαφέρει,
1620 3413 1712 3465 καὶ

149 3499 233 3555 ibi!
276 3502 527 3556 ἰω-δάθαν
548 3503 663 3573 ἅμα
689 3504 765 3573 τῷ
798 3506 963 3574 πατρὶ
984 3506 1074 3557 τὸν
1108 3505 1268 3558 αὐτὸν
1296 3505 1486 3574 ἐκείνῳ
1514 3505 1712 3575 κλῆρον

146 3589 543 3659 ἀπενέγκασθαι
588 3594 981 3663 συνωμολόγει,
1014 3596 1188 3647 καίτοι
1221 3596 1294 3665 μὴ
1332 3594 1712 3663 συνενεχθέντα

148 3677 211 3744 τῇ
255 3676 442 3730 τούτου
485 3677 747 3748 ὠμότητι.
795 3681 891 3744 Τίς
926 3682 981 3733 δὲ
1021 3682 1129 3735 τῶν
1160 3683 1325 3734 ὅντων
1362 3683 1711 3752 ὑποκρίνεται

151 3764 223 3834 μὴ
270 3772 428 3833 νοεῖν,
485 3770 566 3821 ὃτι
618 3770 881 3839 κράτιστα
938 3771 1139 3839 βιώσας
1195 3776 1223 3825 6
1273 3773 1365 3825 τοῦ
1432 3774 1709 3842 προφήτου

150 3856 303 3910 tam
339 3859 594 3929 ἐραστὴς,
656 3860 789 3915 ἀλλά
844 3864 917 3933 μὴ
939 3862 1124 3929 διῶξαι
1159 3863 1361 3915 δίκαιον
1403 3864 1599 3924 ἀδίκως
1630 3865 1714 3931 ὲγ-

150 3949 405 4018 χειρίσας,
435 3952 497 4004 οὐ
524 3954 623 4023 τὴν
638 3952 805 4023 αὐτὴν
826 3953 1143 4025 ἐπιφέρεται
1169 3953 1233 4024 [ι’.
1256 3953 1616 4025 ἀποφέρεται]
1635 3954 1712 4024 τῷ

150 4033 385 4103 διώξαντι
411 4043 766 4113 μισθοφορίαν
782 4060 797 4108 ;
814 4046 875 4096 οὺ
892 4042 998 4115 γὰρ
1020 4044 1390 4108 ἀποθανεῖται,
1417 4046 1479 4098 τὸ
1495 4045 1712 4114 ξύμπαν

151 4130 344 4195 ιίπεῖν,
389 4134 506 4195 υἱὸς
542 4134 682 4202 ὑπὲρ
712 4134 897 4188 ἀδίκου
937 4136 1162 4206 πατρός.
1207 4136 1365 4190 Ἀλλά
1411 4137 1516 4208 μὴν
1563 4137 1713 4205 ἐλέγ-

152 4219 294 4286 χεται
338 4236 402 4287 γε
471 4220 564 4276 καὶ
600 4221 687 4275 διά
726 4222 874 4275 τοῦδε
917 4222 1009 4275 τοῦ
1051 4222 1366 4293 μηνύματος
1411 4224 1439 4276 6
1487 4223 1713 4294 ψευδορ-

157 4309 332 4376 ῥάφυς.

222 4400 350 4456 XVI.
398 4404 800 4475 Ἀπαραλήπτῳ
851 4405 912 4473 (f.
958 4404 1373 4477 ἀπαραλείπτῳ)
1411 4407 1467 4458 δὲ
1508 4408 1711 4471 τάξεως

154 4493 448 4566 ἀκολουθίᾳ,
486 4496 739 4565 προσθεὶς
774 4496 974 4565 ἔφησεν
1008 4497 1036 4546 ὁ
1069 4498 1433 4567 συγγραφεὺς,
1468 4498 1569 4561 ὅτι,
1601 4500 1708 4551 Καὶ

1815 3329 1869 3373 ιιι
1894 3324 1943 3375 ει
1977 3319 2118 3387 ﬁlius
2148 3330 2267 3373 tuus
2307 3318 2597 3372 Jonathan.
2631 3317 2839 3387 Duplici
2879 3333 3110 3389 persona
3140 3334 3380 3376 comme-

1811 3420 2019 3465 morata
2073 3411 2394 3465 confirmare
2450 3411 2663 3474 nititur,
2718 3426 2996 3480 nunquam
3050 3412 3261 3481 justum
3307 3412 3379 3467 ab

1812 3503 2015 3570 injusto
2062 3501 2306 3567 differre;
2358 3501 2627 3555 Jonatban
2692 3516 2815 3556 cum
2871 3510 3025 3572 patre
3078 3518 3252 3558 unum
3317 3513 3375 3559 et

1810 3592 2058 3648 eumdem
2086 3591 2244 3647 finem
2267 3601 2323 3647 et
2345 3601 2546 3647 sortem
2572 3578 2904 3654 habiturum,
2927 3592 3053 3647 licet
3076 3593 3223 3649 illius
3246 3609 3376 3649 crn-

1812 3682 2016 3738 delitati
2061 3684 2281 3737 minimc
2332 3684 2705 3741 consenserit.
2740 3682 3029 3740 fatebatur.
3066 3682 3199 3749 Quis
3244 3699 3376 3739 vero

1813 3772 2121 3826 mortalium
2146 3788 2207 3827 se
2230 3787 2335 3825 non
2364 3786 2557 3841 capere
2586 3771 2883 3837 simulabit,
2904 3788 3025 3827 eum
3054 3775 3146 3843 qui
3172 3774 3375 3843 Optime

1811 3862 2040 3923 vixerit,
2071 3862 2347 3931 propheta:
2382 3860 2548 3914 David
2578 3872 2907 3924 amatorem,
2952 3869 3006 3915 et
3037 3866 3130 3931 qui
3168 3876 3375 3933 nequa-

1812 3967 1975 4020 quam
2002 3953 2210 4021 justum
2240 3954 2442 4021 injuste
2475 3953 2726 4023 persequi
2758 3967 2925 4009 ausus
2966 3952 3194 4019 fuisset,
3224 3967 3375 4009 eam-

1806 4042 1935 4104 dem
1976 4060 2098 4099 cum
2151 4052 2497 4115 persecutore
2537 4044 2838 4100 mercedem
2893 4044 3182 4115 accipere?
3222 4043 3374 4099 Nun—

1808 4150 1972 4208 quam
2003 4136 2179 4201 enim,
2217 4146 2277 4191 ut
2306 4137 2469 4191 verbo
2501 4138 2775 4206 expleam.
2822 4151 2924 4206 pro
2971 4136 3178 4205 injusto
3219 4144 3373 4205 patre

1813 4238 2039 4283 mortem
2094 4228 2263 4283 obibit
2320 4228 2480 4284 filius.
2528 4227 2761 4298 Ideoque
2810 4228 2913 4282 hoc
2960 4229 3122 4282 etiam
3172 4228 3371 4284 indicio

1811 4318 2221 4373 mendaciorum
2253 4313 2435 4388 opifex
2462 4317 2905 4386 deprehenditur.

1883 4407 2021 4463 XVI.
2048 4406 2247 4461 Rerum
2276 4423 2437 4475 porro
2465 4416 2736 4478 gestarum
2764 4407 2905 4462 serie
2933 4422 3042 4463 non
3070 4408 3368 4477 interrupta
3430 4424 3435 4429 ’

1825 4504 2005 4551 luctor
2031 4498 2243 4553 subdit:
2268 4497 2338 4551 Et
2361 4500 2625 4567 festinavit
2648 4496 2800 4562 δοκι,
2828 4507 2877 4551 et
2898 4498 3080 4551 cecidit
3099 4514 3366 4566 porrum:

153 4582 406 4640 ἄσπευσε
434 4588 655 4651 Σαοὺλ,
685 4588 780 4640 καὶ
810 4602 1029 4641 επεσεν
1043 4587 1312 4655 ἑστηκὼς
1326 4588 1549 4655 ἐπιτὴν
1569 4588 1702 4657 γῆν,

1815 4604 1967 4655 super
1991 4596 2184 4641 terram
2206 4629 2220 4648 ,
2256 4597 2305 4640 et
2341 4588 2515 4641 timuit
2556 4587 2703 4641 valde
2730 4604 2760 4642 ο
2788 4590 3109 4641 sermonibus
3147 4586 3368 4642 Samue-

156 4677 244 4733 xui
272 4678 528 4746 ἐφοϐήθη
551 4679 805 4747 σφόδρα,
838 4680 1029 4748 λέγων,
1063 4680 1181 4733 ἀπὸ
1216 4680 1335 4732 τῶν
1364 4682 1559 4749 λόγων
1591 4684 1699 4734 Σα-

151 4767 355 4836 μουήλ-
389 4773 631 4833 ὲκείνους
664 4772 769 4841 γάρ
784 4768 889 4824 οἶδε
916 4771 1008 4825 τοῦ
1035 4770 1287 4842 Σαμουὴλ
1310 4766 1588 4833 εἶναιτοὺς
1609 4771 1697 4823 λό-

157 4876 293 4925 γους,
311 4862 403 4925 οὓς
432 4864 806 4932 προεφήτευσε
834 4863 929 4931 μὲν
954 4862 1100 4931 αὐτῷ
1131 4862 1342 4931 σώματι
1373 4863 1465 4915 καὶ
1492 4861 1705 4931 γλώττῃ

157 4952 349 5021 πρῶν’
367 4954 427 5006 τὸ
451 4954 507 5009 δὲ
534 4955 724 5024 φάσμα
745 4953 963 5015 τούτους
992 4951 1335 5018 ἀνεξελέξατο
1362 4955 1505 5015 τοὺς.
1542 4992 1553 5004 .
1592 4992 1604 5004 .
1638 4993 1653 5007 .
1690 4994 1702 5005 .

156 5044 241 5095 καὶ
294 5043 599 5116 προῦφερεν
649 5045 725 5107 ὡς
760 5044 919 5106 ἰδίους
941 5062 955 5074 θ
991 5038 1065 5096 ὧν
1096 5046 1124 5095 ὁ
1155 5044 1419 5113 δυνάστης
1459 5045 1703 5113 ὑπομνη-

159 5130 309 5198 σθεὶς,
368 5134 562 5188 καὶτὰ
625 5135 716 5188 τοῦ
772 5134 1009 5204 πολέμου
1037 5134 1277 5203 σύμϐολα
1321 5134 1535 5204 θεωρῶν
1560 5136 1704 5187 ἄντι-

158 5238 279 5294 κρυς
311 5226 591 5296 ἱδρυμένα,
638 5225 889 5296 περιδεὴς
919 5228 1178 5293 ἐγεγόνει,
1221 5225 1283 5278 τὸ
1311 5225 1482 5295 πέρας
1514 5218 1701 5277 αὐτῶν

159 5312 351 5369 ἐννοῶν.
404 5316 543 5368 Ἀλλ’
603 5317 879 5386 Ὧριγένης
938 5316 1117 5385 ἑαυτῷ
1157 5316 1397 5385 δόγματα
1435 5316 1701 5376 πλάττων,

158 5405 315 5472 εἰδὼς,
364 5412 443 5465 ὅτι
497 5409 737 5460 πλεῖστοι
784 5409 881 5478 μὲν
922 5410 1035 5462 ὅσοι
1078 5410 1428 5477 τυγχάνουσιν
1459 5410 1507 5461 οἱ
1534 5407 1701 5461 ταῦτα

1810 4678 1874 4730 lis
1901 4678 1966 4731 ⁸³.
1999 4677 2105 4733 Eos
2132 4679 2274 4732 enim
2307 4693 2583 4733 sermones
2615 4678 2884 4731 Samuelis
2907 4692 3028 4732 esse
3054 4688 3364 4758 agnoverat,

1810 4785 1949 4839 quos
1974 4784 2095 4823 cum
2117 4768 2294 4822 adhuc
2327 4777 2469 4823 esset
2501 4772 2554 4822 in
2586 4768 2723 4822 vivis
2748 4776 2800 4821 et
2836 4782 3062 4837 corpore
3101 4776 3154 4821 et
3184 4768 3367 4839 lingua

1811 4862 2245 4932 prophe’taverat.
2278 4860 2402 4915 Haec
2432 4876 2462 4914 a
2492 4869 2706 4929 spectro
2732 4860 2936 4915 delecta
2966 4862 3120 4927 quasi
3150 4863 3365 4930 propria

1814 4950 2244 5020 proferebantur.
2305 4949 2544 5016 Quorum
2589 4965 2713 5003 cum
2758 4951 3092 5005 meminisset
3144 4965 3269 5015 rex,
3313 4960 3367 5004 et

1810 5040 2185 5109 conspexisset
2226 5041 2357 5094 satis
2403 5047 2581 5108 aperte
2621 5038 2746 5093 belli
2776 5038 2929 5109 signa
2963 5045 3177 5101 erecta,
3206 5036 3366 5091 finem

1812 5131 2181 5185 imminentem
2214 5129 2645 5184 animadvertens
2673 5136 2823 5182 metu
2854 5127 3058 5182 fractus
3090 5142 3155 5181 ac
3177 5127 3368 5182 debili-

1811 5230 1955 5275 tatus
1972 5228 2075 5275 est.
2091 5222 2159 5272 At
2173 5218 2453 5290 Origenes,
2473 5220 2687 5274 sibimet
2700 5220 2801 5289 ipsi
2818 5220 3069 5289 dogmata
3084 5218 3365 5289 ellingens.

1811 5315 1989 5369 sciens
2016 5311 2277 5381 plurimos
2301 5325 2423 5366 esse
2451 5312 2542 5379 qui
2575 5311 2687 5364 haec
2730 5312 3093 5365 determinant
3111 5350 3126 5373 ,
3172 5309 3238 5363 ad
3267 5324 3365 5363 sua

1812 5404 1954 5457 dicta
2008 5408 2382 5470 oppugnantes
2432 5398 2675 5455 oratione
2720 5412 2981 5454 conversa
3035 5397 3257 5451 minime
3312 5395 3365 5449 id

218 5520 270 5593 δέ
298 5520 333 5593 ι
366 5522 490 5593 Reg.
523 5540 613 5587 xv,
644 5524 697 5577 9.
729 5524 772 5554 δ’
806 5522 835 5575 I
891 5522 1016 5593 Reg.
1062 5539 1176 5589 xIx,
1210 5523 1261 5577 9.
1348 5521 1392 5553 '°
1432 5519 1458 5573 Ι
1492 5519 1616 5589 Reg.
1684 5534 1820 5583 xm,
1867 5517 1952 5570 18.
2032 5516 2074 5545 ’ί
2128 5511 2157 5566 1
2205 5512 2331 5582 Reg.
2384 5527 2481 5575 xu,
2534 5510 2620 5564 l8.
2701 5510 2746 5541 "
2816 5507 2843 5561 I
2879 5507 3008 5577 Reg.
3047 5523 3237 5571 xxvm,
3270 5507 3363 5563 18.

164 5587 206 5621 ⁸³
233 5589 355 5645 ibid.
383 5587 475 5648 26.

224 5684 361 5752 (9⁸⁸)
397 5685 539 5753 Hap'
566 5682 742 5749 αὐτῷ.
768 5681 930 5737 Forte
959 5681 1087 5751 παρ’
1105 5680 1257 5747 αὑτό,
1282 5678 1365 5737 vel
1389 5678 1515 5748 παρ’
1535 5677 1691 5733 αυτά.

166 5747 455 5896 Εδίῶἠπ*
479 5823 685 5880 αὐτοῦ.
713 5818 872 5879 Forte
897 5820 1035 5895 μετά
1048 5820 1164 5874 τοῦ.

1874 5676 1949 5747 (7)
1990 5676 2247 5747 Τοιαῦτα.
2278 5671 2649 5747 Εοτιε-ταῦτα.
2684 5671 2889 5741 (Ταῦτα
2914 5672 3128 5742 ῥήματα
3155 5685 3261 5726 non
3279 5686 3357 5731 est

1808 5741 1996 5803 om.
2036 5745 2255 5803 locutio.
2286 5741 2467 5815 Emr.)
