4044 6324
699 385 794 441 6M

1664 383 1721 437 S.
1765 380 2132 438 EUSTATIIII
2169 379 2474 438 EPISCOPI
2512 381 2923 438 ANTIOCHI-3N!

3813 381 3922 435 652

701 503 939 553 nentiam
985 498 1323 561 manifestat,
1355 512 1477 551 cum
1523 503 1777 552 omnbus
1832 499 2062 553 similem
2100 500 2247 552 illum

2367 499 2502 551 Ἀλλ’
2527 500 2698 563 οὕτως
2742 500 2966 570 ἀμαθῶς
3002 500 3232 571 ἐξήχησε
3259 500 3357 571 τὴν
3387 500 3584 570 φωνὴν,
3614 500 3714 552 οῦκ
3737 501 3920 571 ἐννοή-

699 591 979 645 ennntiat!
1018 591 1107 644 Sic
1137 589 1379 659 imperite
1407 604 1592 643 vocem
1633 591 1850 655 emisit,
1898 605 2005 643 non
2058 588 2255 644 intelli-

698 699 829 752 gens
856 679 1088 736 Verbum
1119 697 1240 737 esse
1282 687 1335 734 et
1365 679 1552 743 Deum,
1573 680 1663 749 qui
1704 696 1809 734 non
1838 690 1946 734 tam
1981 681 2254 735 voluntate

699 788 859 842 quam
903 773 1202 826 divinitatis
1244 772 1294 823 vi
1347 773 1526 825 omnia
1575 771 1734 826 simul
1787 778 2054 841 penetrat.
2097 771 2164 826 Et
2202 773 2252 828 si

697 873 824 917 ante
854 863 1034 916 omnia
1075 861 1369 931 spectabile
1403 876 1561 916 suum
1598 861 1856 929 templum
1893 869 1951 914 ut
1989 859 2254 925 dissolve-

697 963 850 1009 retur
895 954 1171 1023 permisit.
1216 964 1338 1022 post
1386 954 1603 1007 tertium
1656 951 1795 1006 diem
1843 966 1980 1006 nova
2019 952 2251 1022 quadarn

696 1045 907 1099 ratione
955 1045 1134 1099 statim
1191 1060 1256 1100 ac
1300 1047 1494 1098 iterum
1539 1045 1792 1098 excitavit
1834 1064 1846 1098 :
1895 1045 2073 1098 anima
2126 1061 2253 1100 vero

697 1134 843 1188 illius
886 1134 1133 1188 humanae
1165 1134 1511 1188 habitationis
1548 1134 1603 1186 in
1634 1134 1845 1188 intimas
1877 1142 2035 1188 terra:
2072 1145 2252 1205 partes

693 1226 1045 1295 perveniens,
1085 1236 1269 1294 portas
1296 1241 1414 1295 quae
1444 1225 1516 1278 ibi
1548 1234 1702 1279 erant
1731 1227 1930 1294 impetu
1963 1226 2106 1280 facto
2133 1243 2254 1296 ape-

692 1319 821 1382 ruit,
843 1321 1157 1390 animasque
1176 1320 1248 1374 ibi
1265 1321 1510 1374 dctentas
1521 1320 1770 1373 extraxit:
1790 1321 1868 1373 sic
1882 1329 2058 1374 autem
2071 1319 2249 1373 divina

691 1411 1050 1467 corroborata
1073 1411 1173 1465 fuit
1187 1413 1386 1465 virtute
1407 1418 1627 1480 propter
1647 1409 1736 1464 Dei
1751 1421 1804 1465 et
1823 1410 1982 1466 Verbi
2014 1426 2228 1465 commu

691 1503 934 1566 nionem,
952 1510 1010 1556 ut
1035 1517 1246 1556 omnem
1273 1503 1326 1554 in
1351 1502 1643 1556 seomnino
1668 1510 1984 1570 potestatem
2007 1503 2246 1557 haberet.

760 1588 944 1644 XVIII.
987 1590 1097 1660 Ego
1141 1605 1268 1644 vero
1320 1589 1482 1642 credo
1528 1589 1690 1658 hujus
1733 1590 2100 1659 conjecturam
2131 1607 2251 1646 esse

690 1684 914 1738 minime
960 1684 1149 1737 levem.
1191 1681 1326 1736 Cum
1359 1683 1503 1736 enim
1557 1683 1612 1737 in
1665 1684 2048 1739 subterraneos
2102 1685 2250 1738 locos

691 1778 963 1847 pervenit,
998 1777 1121 1830 inde
1155 1776 1380 1832 latronis
1404 1779 1638 1830 animam
1668 1778 1854 1832 eodem
1888 1779 1975 1831 die
2003 1779 2056 1831 in
2092 1793 2248 1847 para-

2359 607 2476 654 σας,
2531 592 2610 643 ὅτι
2653 591 2782 654 Θεὸς
2822 587 2890 662 ἦν
2931 593 2959 643 6
3003 591 3206 658 Λόγος·
3247 593 3308 643 οὐ
3343 593 3654 664 προαιρέσει
3686 593 3918 663 μᾶλλον,

2354 683 2468 736 ἀλλ’
2479 685 2645 756 ἀρετῇ
2666 685 2766 752 τῆς
2790 684 3038 755 θεότητος
3059 683 3365 752 ἁπανταχοῦ
3391 686 3646 756 πάρεστιν
3673 685 3914 754 ἀθρόως.

2354 776 2415 828 Et
2443 776 2500 828 δὲ
2533 775 2626 829 καὶ
2649 777 2706 828 τὸ
2741 775 2973 844 μάλιστα
3002 775 3091 827 τὸν
3127 774 3374 844 ἔκκριτον
3401 775 3590 830 ἐαυτοῦ
3623 776 3753 829 ναὸν
3783 775 3914 828 ἐπέ-

2351 867 2514 939 τρεψε
2545 868 2785 939 λυθῆναι,
2815 870 3104 938 τριήμερον
3131 869 3229 936 μὲν
3254 868 3446 921 αὐτίκα
3473 869 3630 923 πάλιν
3651 871 3912 938 ἀνήγειρε

2352 961 2728 1032 καινοπρεπῶς
2748 977 2761 990 °
2794 960 2898 1030 ήόὲ
2921 959 3062 1029 ψυχή
3095 958 3246 1011 τοῦδε
3279 959 3369 1011 τοῦ
3404 960 3739 1030 ἀνθρωπείου
3773 976 3911 1030 σκη-

2351 1053 2598 1123 νώματος
2625 1055 2704 1116 είς
2744 1053 2812 1106 τά
2837 1051 3120 1105 κατώτατα
3142 1051 3469 1104 κατελθοῦσα
3487 1055 3627 1124 μέρη
3654 1054 3754 1123 τῆς
3785 1052 3909 1122 γῆς,

2350 1125 2648 1197 ἀνεπέτασε
2702 1143 2798 1206 τὰς
2860 1145 3035 1195 ἐκεῖσε
3093 1142 3264 1205 πύλας
3302 1131 3472 1213 ἀθρόοι⁵
3508 1147 3664 1214 ῥοπῇ,
3697 1144 3910 1207 καὶτὰς

2351 1237 2535 1290 αὐτόθι
2563 1235 2955 1306 καθειργμένας
2983 1235 3150 1304 ἀνῆκε
3182 1234 3384 1303 ψυχάς-θ
3415 1232 3553 1286 οὕτω
3569 1230 3912 1306 Mea-casia

2350 1327 2747 1397 κεκραταίωται
2792 1327 3020 1394 δυνάμει
3073 1324 3160 1376 διὰ
3208 1321 3305 1392 τὴν
3324 1322 3418 1376 τοῦ
3450 1323 3580 1376 Θεοῦ
3615 1327 3706 1380 καὶ
3730 1327 3910 1392 Λόγου

2353 1421 2656 1483 συνουσίαν,
2682 1418 2816 1471 ὥστε
2853 1419 2946 1471 καὶ
2975 1417 3306 1486 παντέφορον
3335 1415 3473 1486 ἔχειν
3501 1417 3764 1482 ἐξουσίαν.

2418 1572 2603 1626 XVIII.
2662 1572 2819 1625 Ἀλλά
2881 1571 2986 1642 μὴν
3036 1571 3208 1637 ἐγωγε
3267 1568 3518 1638 πείθομαι
3572 1572 3663 1622 καὶ
3717 1572 3910 1625 τούτου

2348 1668 2640 1738 τεκμήριον
2674 1660 2806 1717 εἶναι
2842 1663 3036 1730 σαφές·
3070 1663 3302 1732 ὁπηνίκα
3351 1663 3448 1731 μὲν
3478 1662 3558 1723 εἰς
3588 1663 3711 1724 τοὺς
3742 1679 3912 1716 κατα-

2348 1756 2586 1824 χθονίους
2614 1756 2889 1823 ἀφικνεῖτο
2914 1754 3129 1816 τόπους,
3161 1755 3220 1804 ἐν
3258 1751 3436 1820 ταυτῷ
3465 1751 3521 1803 δέ
3559 1751 3651 1803 καὶ
3689 1745 3787 1821 τὴν
3818 1753 3910 1806 τοῦ

689 1869 868 1923 disum
899 1868 1218 1924 introduxit.
1254 1868 1384 1921 Nam
1429 1869 1472 1922 si
1511 1883 1605 1937 per
1629 1885 1792 1921 unum
1823 1871 2088 1923 hominem
2121 1871 2243 1922 uni-

2350 1847 2542 1916 λῃστοῦ
2568 1847 2742 1917 ψυχὴν
2772 1846 3073 1916 αὐθήμερον
3097 1845 3314 1912 εἰσῆγεν
3345 1845 3423 1904 είς
3449 1841 3538 1894 τὸν
3569 1843 3910 1912 παράδεισον.

691 1960 870 2013 versis
925 1959 1245 2012 mortalibus
1291 1959 1438 2012 salus
1479 1958 1727 2020 advenit,
1760 1958 2103 2012 manifestum
2150 1960 2241 2021 Iit,

691 2050 926 2102 animam
963 2050 1171 2103 animas
1201 2064 1320 2118 qua:
1356 2048 1600 2117 ejusdem
1640 2057 1766 2104 sunt
1795 2051 2009 2118 generis
2039 2049 2243 2105 redem-

689 2145 811 2205 ptas
862 2137 1160 2201 liberasse,
1213 2146 1324 2190 tum
1374 2137 1430 2191 in
1485 2136 1960 2192 subterranearum
2011 2141 2244 2208 partium

689 2227 856 2282 chaos
893 2241 1113 2282 accessu
1134 2267 1149 2290 ,
1195 2235 1307 2280 tum
1337 2227 1391 2280 in
1421 2227 1852 2296 antiquissimam
1873 2216 2106 2298 paradisi
2137 2236 2246 2282 sta-

690 2315 891 2371 tionem
925 2315 1285 2380 restitutione,
1330 2317 1479 2386 regni
1531 2318 1910 2387 insuperabilis
1962 2326 2242 2387 potestate.

693 2409 789 2464 His
815 2427 1054 2465 consona
1083 2409 1176 2465 Dei
1208 2411 1376 2464 Filius
1417 2423 1700 2480 antequam
1739 2413 1849 2465 hac
1885 2421 2067 2465 essent
2110 2429 2247 2482 prae-

689 2499 905 2556 dicebat
935 2520 947 2555 :
984 2499 1152 2553 Nemo
1185 2500 1414 2553 ascendit
1448 2503 1500 2553 in
1528 2503 1709 2556 caelum
1732 2542 1745 2562 ,
1788 2503 1890 2554 nisi
1921 2504 2008 2571 qui
2036 2502 2098 2554 de
2122 2503 2246 2556 caelo

692 2588 977 2653 descendit,
1005 2588 1175 2643 Filius
1212 2589 1434 2642 hominis
1473 2592 1560 2659 qui
1594 2593 1648 2644 in
1689 2592 1828 2644 caelis
1859 2602 1933 2644 est
1961 2593 2025 2646 ".
2063 2591 2248 2660 Itaque

648 2684 651 2686 ’
695 2683 740 2737 si
769 2681 1041 2736 fatebatur
1069 2698 1191 2737 eum
1230 2685 1321 2752 qui
1352 2699 1417 2738 ex
1444 2683 1682 2737 humano
1718 2699 1913 2753 genere
1935 2693 2115 2738 ortum
2147 2684 2248 2738 du-

695 2778 862 2835 ceret,
883 2771 1058 2826 solum
1081 2787 1144 2826 ex
1170 2773 1421 2828 omnibus
1450 2773 1505 2826 in
1533 2773 1729 2828 caelum
1753 2773 2084 2832 ascendisse.
2102 2774 2249 2828 inde-

690 2877 794 2928 que
833 2877 1049 2917 rursum
1083 2863 1187 2916 huc
1220 2862 1597 2928 descendisse,
1632 2862 1825 2933 hicque
1856 2873 2250 2918 commoratum

685 2952 746 3007 in
779 2954 975 3008 caelum
1010 2954 1261 3016 tendere,
1298 2961 1442 3022 patet
1475 2955 1668 3007 animae
1704 2955 1751 3006 vi
1784 2969 1847 3008 ac
1875 2955 2108 3022 quadam
2149 2971 2248 3009 ex-

689 3045 936 3099 cellentia
965 3045 1053 3098 illa
1085 3045 1401 3099 absolvisse.
1434 3045 1631 3098 Sancta
1661 3045 1802 3099 enim
1838 3044 2042 3098 Christi
2072 3045 2249 3099 anima

2347 1939 2407 1992 Et
2431 1939 2538 2010 γὰρ
2572 1939 2636 1992 δι’
2686 1939 2802 2000 ἐνὸς
2845 1936 3127 2007 ἀνθρώπου
3158 1937 3271 1999 τοῖς
3317 1935 3515 1988 ἆταισιν
3551 1930 3786 2005 ὑπῆρξεν
3815 1937 3907 1988 ἀν-

2347 2029 2580 2100 θρώποις
2608 2031 2641 2100 ή
2675 2027 2933 2099 σωτηρία,
2967 2026 3246 2098 πρόδηλον,
3291 2027 3367 2088 ὠς
3401 2028 3434 2095 ἡ
3479 2025 3624 2099 ψυχή
3651 2025 3746 2087 τὰς
3775 2024 3908 2094 ὁμο-

2347 2124 2519 2189 γενεῖς
2551 2119 2934 2189 ἀναλυτροῦται
2976 2117 3171 2187 ψνχάς.
3217 2118 3334 2188 ἅμα
3377 2117 3474 2187 μὲν
3515 2119 3595 2179 είς
3632 2117 3704 2168 τὰ
3742 2131 3908 2168 κατα-

2348 2215 2529 2284 χθόνια
2567 2213 2826 2266 κατιοῦσα
2849 2211 2988 2282 μέρη
3027 2210 3121 2262 τοῦ
3149 2211 3331 2280 χάους,
3362 2209 3477 2278 ἃμα
3502 2208 3560 2260 δὲ
3597 2207 3694 2261 καὶ
3718 2207 3782 2277 τῇ
3811 2207 3910 2277 ἀρ-

2348 2305 2600 2373 χαιοτάτῃ
2635 2301 2726 2354 τοῦ
2759 2301 3077 2372 παραδείσου
3126 2300 3284 2354 πάλιν
3328 2298 3744 2352 ἀποκαθιστῶσα
3775 2297 3911 2367 νομῇ

2346 2397 2436 2447 τὸν
2466 2394 2850 2448 ὑπεισδύνοντα
2874 2393 2951 2464 τῷ
2979 2393 3164 2463 κράτει
3194 2392 3290 2460 τῆς
3318 2392 3583 2461 ἀηττήτου
3616 2389 3908 2460 βασιλείας.

2361 2487 2649 2540 ’Δκόλουθα
2667 2487 2721 2538 δὲ
2745 2487 2837 2538 καὶ
2857 2486 2961 2556 πρὸ
2984 2481 3184 2538 τούτων
3201 2487 3231 2536 ὁ
3247 2482 3338 2536 τοῦ
3358 2482 3491 2534 Θεοῦ
3514 2483 3646 2543 ﬂa't;
3678 2481 3914 2552 ἐμαρτύ-

2352 2594 2490 2648 ρετο,
2511 2577 2808 2647 προλέγων,
2841 2578 2921 2630 ὅτι
2957 2577 3045 2629 καὶ
3067 2575 3271 2639 οὐδεὶς
3305 2573 3667 2640 ἀναϐέϐηκεν
3693 2575 3778 2638 εις
3808 2573 3914 2626 τὸν

2348 2670 2624 2738 οὐρανὸν,
2645 2671 2697 2723 ει
2724 2669 2806 2738 μὴ
2839 2671 2872 2723 ό
2904 2669 2971 2722 ἐκ
3003 2667 3107 2722 τσῦ
3140 2667 3396 2734 οὐρανοῦ
3429 2665 3707 2730 καταϐὰς,
3738 2669 3768 2719 ό
3785 2667 3912 2731 Υἱὸς

2348 2762 2454 2816 τοῦ
2471 2761 2800 2830 ἀνθρώπου,
2824 2764 2856 2814 δ
2877 2761 2960 2813 ὢν
2978 2761 3046 2812 ἐν
3064 2756 3143 2825 τῷ
3161 2759 3412 2828 οὐρανῷ.
3435 2758 3735 2828 Τοιγαροῦν
3755 2759 3912 2825 εἰπερ

2349 2854 2552 2922 ἔφασκε
2579 2853 2668 2906 τὸν
2697 2853 2760 2904 ἐκ
2791 2850 2883 2904 τοῦ
2914 2849 3245 2921 ἀνθρωπείου
3275 2850 3462 2917 γένους
3492 2847 3810 2920 ὁρμώμενον
3837 2851 3914 2909 εἰς

2349 2947 2572 3017 οὐρανὸν
2616 2945 2712 3001 μιν
2736 2939 3124 3013 ἀναϐεϐηκέναι
3157 2940 3456 3010 μονώτατον
3489 2942 3553 2992 ἐκ
3587 2939 3825 3000 πάντων,
3853 2939 3914 2989 ἐκ

2350 3039 2407 3091 δὲ
2427 3038 2533 3090 τῶν
2561 3037 2736 3088 ἐκεῖσε
2770 3035 2928 3088 πάλιν
2957 3033 3380 3102 καταϐεϐηκέναι
3413 3030 3616 3084 ἐνθάδε.
3638 3032 3733 3082 καὶ
3756 3028 3916 3098 δεῦρο

691 3149 817 3190 cum
845 3134 955 3190 Deo
979 3142 1032 3190 et
1074 3133 1249 3188 Verbo
1278 3135 1597 3199 convivens,
1630 3136 1810 3189 omnia
1839 3135 2055 3205 quidem
2085 3137 2247 3190 simul

2354 3130 2620 3201 βεϐηκότα
2656 3129 2839 3198 φοιτᾷν
2877 3130 2932 3180 ἐν
2966 3125 3197 3196 οὐρανῷ,
3231 3126 3586 3194 συνέστηκεν,
3621 3123 3706 3177 ὅτι
3738 3117 3918 3190 ψυχῆς

690 3225 908 3290 lustrat,
945 3226 999 3279 in
1032 3227 1205 3295 ipsum
1239 3241 1548 3294 supremum
1580 3227 1778 3282 coelum
1813 3227 2091 3289 ascendit,
2138 3242 2248 3296 quo

690 3331 852 3371 nemo
875 3315 1152 3370 hominum
1177 3317 1440 3385 pervenit.
1472 3315 1680 3385 Quippe
1710 3319 1774 3368 ait
1810 3317 1921 3369 haec
1943 3317 2147 3371 elevata
2166 3323 2248 3371 est

688 3416 743 3462 et
775 3407 1008 3461 humana
1041 3406 1212 3459 forma
1241 3447 1254 3467 ,
1305 3423 1466 3476 quam
1498 3407 1637 3461 Deus
1667 3417 1720 3461 et
1748 3403 1983 3461 Verbum
2025 3416 2247 3462 susten-

690 3497 842 3552 tavit.
877 3497 1076 3551 Verum
1111 3496 1202 3550 Dei
1233 3495 1424 3550 Filium
1463 3497 1660 3566 ubique
1709 3505 1758 3552 et
1801 3505 2020 3566 repente
2059 3498 2248 3553 adesse

687 3590 806 3662 ipse
836 3590 996 3644 etiam
1037 3587 1274 3645 Joannes
1307 3597 1536 3644 testatus
1583 3597 1695 3652 est,
1743 3590 1834 3658 qui
1864 3590 2138 3644 Christum
2167 3591 2249 3660 ip-

690 3697 810 3737 sum
839 3680 1077 3744 audivit,
1124 3681 1434 3750 ingentique
1487 3695 1618 3757 voce
1652 3681 1849 3734 clamat
1875 3681 1940 3735 ad
1976 3682 2193 3736 verbum
2231 3701 2244 3737 :

687 3769 856 3825 Deum
880 3787 1026 3824 nemo
1055 3769 1181 3824 vidit
1211 3767 1439 3840 unquam
1466 3788 1482 3824 :
1517 3771 1807 3840 unigenitus
1850 3770 2026 3824 Filius
2055 3773 2143 3841 qui
2171 3781 2248 3826 est

688 3863 744 3914 in
773 3864 892 3915 sinu
919 3861 1122 3925 Patris,
1158 3862 1244 3914 ille
1271 3863 1510 3929 exposuit
1541 3861 1604 3915 “.
1631 3860 1697 3914 Et
1726 3869 1903 3916 tamen
1937 3878 2062 3916 cum
2090 3861 2250 3917 Chri-

690 3961 809 4008 stus
835 3953 924 4007 hic
945 3953 1192 4022 degeret,
1229 3967 1456 4022 corpore
1486 3952 1817 4016 ambulabat,
1847 3953 1974 4007 dum
2006 3953 2108 4008 hos
2129 3970 2249 4009 ser-

687 4058 877 4097 mones
914 4042 1148 4097 Joannes
1179 4041 1464 4108 eﬂ‘erebat;
1498 4043 1620 4112 qui,
1679 4044 1825 4098 illius
1873 4044 2055 4100 verbis
2095 4060 2251 4100 exce-

687 4136 813 4206 ptis,
836 4135 1185 4203 praedicabat,
1212 4135 1362 4188 illum
1401 4135 1618 4204 quidem
1647 4135 1704 4189 in
1728 4136 1852 4190 sinu
1882 4134 2058 4191 Patris
2089 4151 2244 4201 esse,

686 4228 780 4296 qui
819 4241 982 4296 super
1010 4236 1150 4280 terra
1184 4242 1289 4280 una
1319 4241 1440 4280 cum
1473 4227 1592 4296 ipso
1621 4241 1848 4296 corpore
1885 4228 2205 4283 convivebat
2232 4248 2247 4296 ;

686 4317 957 4389 quomodo
990 4335 1100 4373 non
1130 4318 1536 4388 intelligendum
1585 4326 1666 4373 est
1699 4326 1828 4371 tunc
1875 4320 2038 4372 etiam
2081 4320 2248 4376 cazlos

685 4407 1002 4472 ascendere,
1036 4415 1090 4461 et
1114 4407 1244 4462 dum
1283 4408 1338 4460 in
1386 4408 1508 4462 sinu
1538 4406 1716 4461 Patris
1747 4407 1986 4478 degeret,
2017 4408 2071 4462 in
2102 4417 2247 4463 terra

2350 3221 2518 3288 ἀρετῇ
2550 3217 2720 3270 ταῦτα
2744 3217 3008 3285 ἔπραττεν
3038 3217 3065 3268 ὁ
3101 3214 3382 3282 ἄνθρωπος
3413 3212 3702 3282 ἐκκρίτωςο
3737 3213 3768 3279 ἡ
3810 3210 3918 3280 γὰρ

2347 3307 2477 3375 ἀγία
2500 3306 2592 3358 τοῦ
2618 3305 2849 3376 Χριστοῦ
2870 3305 3012 3374 ψυχὴ
3035 3304 3112 3372 τῷ
3129 3303 3246 3372 Θεῷ
3273 3302 3692 3370 συνδιαιτωμένη
3711 3300 3806 3352 καὶ
3829 3299 3920 3350 Λό-

2348 3417 2449 3469 γῳ,
2469 3401 2640 3453 πάντα
2667 3399 2759 3467 μὲν
2781 3396 3129 3466 ἐκπεριπολεῖ
3145 3393 3457 3463 συλλήϐδην,
3476 3395 3554 3455 εἰς
3574 3392 3734 3444 αὑτὸν
3751 3392 3810 3442 δὲ
3843 3391 3920 3458 Bt-

2349 3490 2484 3560 ϐηκε
2525 3490 2615 3541 τὸν
2650 3486 2918 3541 ἀνώτατον
2961 3485 3204 3557 οὐρανὸν,
3240 3486 3317 3546 εἰς
3345 3483 3404 3534 ὃν
3435 3483 3608 3544 οὐδεὶς
3639 3481 3795 3543 ἄλλος
3828 3482 3919 3533 ἁτε

2347 3581 2476 3652 ἦλθε
2502 3580 2611 3632 τῶν
2634 3579 2929 3650 ἀνθρώπων
2946 3594 2958 3606 ·
2989 3576 3121 3630 ἀλλά
3140 3576 3308 3628 ταῦτα
3330 3576 3408 3636 είς
3433 3573 3600 3643 αὐτὴν
3621 3573 3920 3644 ἀνήρτηται

2348 3673 2446 3743 τήν
2477 3671 2815 3742 ἀνθρωπείαν
2835 3670 3024 3732 είδέαν,
3049 3668 3116 3737 ῆν
3136 3671 3164 3720 ὁ
3187 3666 3318 3729 Θεὸς
3345 3666 3568 3735 ἐφόρεσε
3592 3666 3686 3718 καὶ
3715 3666 3888 3731 Λόγος

2349 3766 2428 3818 ὅτι
2460 3765 2516 3819 δὲ
2550 3761 2818 3832 πανταχοῦ
2857 3762 3114 3831 πάρεστιν
3155 3759 3364 3828 ἀθρόως
3399 3759 3427 3810 ό
3459 3755 3552 3808 τοῦ
3582 3755 3717 3808 Θεοῦ
3759 3757 3917 3819 Παῖς,

2348 3861 2444 3930 οὐχ
2472 3859 2669 3927 ήκιστα
2688 3859 2779 3909 καὶ
2808 3856 2932 3926 περὶ
2954 3853 3141 3905 τούτου
3166 3850 3371 3921 μάρτυς
3393 3849 3617 3917 ἕστηκεν
3645 3847 3916 3918 Ἰωάννης,

2350 3953 2611 4022 αὐτήκοος
2660 3950 2755 4019 μὲν
2799 3947 3056 4018 ὑπάρχων
3086 3941 3248 3995 αὑτοῦ
3277 3940 3369 3992 τοῦ
3419 3939 3683 4008 Χριστοῦ,
3728 3939 3824 4008 βοᾷ
3863 3939 3916 3990 δέ

2351 4042 2659 4112 γεγωνότως
2687 4036 2956 4102 αὑτολεξεί
2974 4053 2986 4065 ·
3020 4034 3166 4087 Θεὸν
3189 4030 3386 4095 οὐδεὶς
3412 4029 3627 4095 ἑώρακε
3652 4027 3882 4079 πώποτε
3900 4044 3913 4055 ο

2351 4139 2384 4190 ό
2425 4132 2757 4203 μονογενὴς
2802 4128 2933 4193 Υἱὸς
2960 4130 2992 4180 d
3020 4124 3106 4178 ὢν
3130 4127 3215 4189 εἰς
3252 4123 3359 4174 τὸν
3385 4122 3614 4173 κόλπον
3655 4118 3760 4170 τοῦ
3805 4121 3914 4170 Περ

2351 4226 2488 4295 τρὸς
2515 4224 2740 4288 ἐκεῖνος
2771 4220 3129 4288 ἐξηγήσατο.
3159 4216 3268 4268 Καὶ
3292 4215 3395 4285 μὴν
3429 4215 3475 4264 εἰ
3525 4211 3680 4281 δεῦρο
3732 4209 3913 4282 παρὼν

2351 4317 2605 4386 ἐπεφοίτα
2653 4311 2973 4383 σωματικῶς
3027 4313 3055 4363 ὁ
3107 4305 3366 4377 Χριστὸς,
3419 4305 3650 4374 ὁπηνίκα
3701 4305 3910 4362 τούτους

2351 4407 2678 4478 ἀπήγγειλεν
2720 4404 2968 4472 Ἰωάννης
2997 4401 3121 4461 τοὺς
3166 4399 3372 4466 λόγους,
3415 4399 3443 4448 ὁ
3481 4395 3537 4446 δὲ
3584 4394 3682 4457 τὰς
3728 4396 3909 4448 τούτου

685 4500 1140 4570 quemadmodum
1172 4498 1340 4553 Deum
1370 4499 1597 4554 decebat
1619 4497 2016 4568 deambulasse,
2047 4508 2103 4555 et
2125 4515 2245 4555 om-

2352 4503 2534 4573 ρήσεις
2562 4497 2952 4566 ὒτεοδεξάμενος
2978 4495 3236 4564 ἐκήρυττε
3265 4491 3362 4560 μὲν
3391 4490 3549 4542 αὐτὸν
3573 4490 3630 4539 ἐν
3654 4492 3767 4549 τοῖς
3797 4487 3906 4539 κόλ-

684 4591 846 4646 nibus
875 4590 1057 4656 simul,
1093 4589 1259 4643 veluti
1288 4588 1455 4643 Deum
1489 4587 1766 4644 adfuisse?

2354 4609 2475 4655 ποις
2497 4587 2632 4644 εἷναι
2656 4588 2750 4641 τοῦ
2775 4586 3005 4658 Πατρὸς,
3037 4581 3358 4653 ἑστιώμενον
3390 4581 3483 4633 ἐπὶ
3506 4581 3608 4647 γῆς
3637 4579 3785 4648 αὑτῷ
3817 4575 3904 4630 σώ-

688 4702 849 4756 ματι·
884 4684 1000 4747 πῶς
1026 4683 1126 4736 οὐκ
1153 4681 1445 4752 ἐννοητέον,
1473 4682 1554 4734 ὅτι
1581 4683 1673 4734 καὶ
1707 4681 1814 4735 τῶν
1873 4683 2114 4754 οὐρανῶν
2146 4687 2466 4758 ἐπεϐεϐήκει
2491 4685 2598 4738 τῶν
2627 4684 2783 4737 τοῦτο
2840 4680 2951 4752 (12)
2993 4680 3086 4732 καὶ
3137 4677 3212 4740 ὡς
3255 4676 3467 4729 κόλπων
3527 4675 3657 4726 εἴσω
3701 4670 3904 4724 διαιτὼο

689 4796 848 4850 μενος
898 4779 991 4830 καὶ
1035 4779 1102 4848 τῇ
1152 4779 1222 4848 γῇ
1273 4775 1587 4848 θεοπρεπῶς
1625 4778 1883 4848 ἐπεδήμει
1907 4820 1921 4844 ,
1972 4780 2065 4834 καὶ
2108 4782 2269 4835 πᾶσιν
2294 4783 2426 4852 ὁμοῦ
2463 4782 2662 4853 παρῆν,
2686 4775 2774 4832 οἷα
2805 4777 2970 4839 Θεὸς;

756 4870 898 4926 XIX.
943 4871 1000 4925 Si
1049 4871 1171 4940 quis
1203 4877 1382 4925 autem
1425 4867 1650 4924 Iudaica
1684 4870 1936 4926 laborans
1967 4873 2206 4926 excitate
2227 4912 2242 4935 ,

683 4963 1026 5034 evaugelicas
1051 4975 1213 5017 voces
1241 4976 1349 5015 non
1381 4960 1608 5029 recipit,
1656 4961 1757 5029 ipsi
1791 4959 2246 5017 Salomonis-ora-

685 5057 808 5113 cula
837 5055 1206 5117 adducemus,
1256 5061 1310 5108 et
1361 5054 1441 5108 sic
1490 5055 1790 5110 orationem
1848 5053 2244 5112 formabimus:

689 5148 890 5216 Quippe
928 5163 1045 5200 cum
1073 5147 1301 5215 quietum
1344 5145 1613 5200 silentium
1645 5145 1927 5200 contineret
1951 5149 2128 5201 omnia
2154 5188 2168 5211 ,
2199 5158 2248 5201 et

690 5255 794 5292 nos:
825 5239 878 5290 in
913 5252 1008 5290 suo
1037 5252 1191 5290 cursu
1230 5237 1456 5289 medium
1493 5238 1593 5289 iter
1632 5235 1872 5299 haberet,
1925 5240 2248 5307 amnipotens

691 5339 838 5384 tuum
873 5327 1095 5382 Verbum
1120 5343 1148 5381 e
1181 5329 1305 5381 caelo
1335 5345 1368 5381 a
1393 5327 1655 5398 regalibus
1691 5328 1887 5382 throni:
1913 5345 2085 5383 ensem
2116 5346 2242 5382 acu-

693 5432 823 5487 tum,
852 5422 1110 5475 sincerum
1134 5421 1328 5475 scilicet
1362 5420 1668 5475 mandatum
1703 5431 1850 5475 tuum
1873 5423 2062 5492 ferens,
2096 5432 2243 5479 stans

769 5579 817 5613 ⁸³
840 5577 1004 5634 Joan.
1059 5593 1138 5640 III,
1191 5577 1278 5631 15.
1353 5579 1398 5610 ⁵⁸
1429 5578 1592 5633 Joan.
1627 5595 1667 5644 t,
1701 5579 1790 5634 18.

753 5739 875 5813 (Β)
913 5738 1034 5796 Τῶν
1061 5739 1255 5795 τοῦτο.
1288 5737 1444 5795 Forte
1470 5737 1576 5793 τῶν
1612 5738 1825 5810 τρίτων.

2421 4873 2559 4927 XIX.
2591 4874 2652 4925 Et
2676 4871 2731 4924 δέ
2753 4888 2832 4934 τις
2869 4867 3158 4936 Ἰουδαῖκὴν
3183 4860 3476 4933 ἀρρωστῶν
3522 4857 3779 4926 esteem
3814 4857 3902 4919 τὰς

2354 4964 2705 5034 εὐαγγελικάς
2730 4963 2788 5014 οὐ
2823 4959 3098 5032 προσίεται
3144 4955 3345 5025 φωνὰς,
3383 4953 3646 5007 ἐπακτέον
3671 4952 3810 5021 αὐτῷ
3835 4949 3901 5001 τὰ

2355 5059 2447 5112 τοῦ
2476 5055 2812 5125 Σολομῶντος
2843 5051 3256 5120 ἀποφθέγματα,
3291 5048 3383 5100 καὶ
3415 5047 3601 5116 ῥητέον
3630 5039 3731 5098 ὧδέ
3764 5061 3862 5104 πως
3883 5060 3894 5072 ο

2359 5152 2622 5219 Ἦσύχου
2654 5147 2761 5216 γὰρ
2802 5139 2977 5214 σιγῆς
3019 5140 3410 5209 περιεχούσης
3457 5137 3527 5190 τὰ
3568 5136 3774 5194 πάντα,
3806 5132 3894 5183 ira)

2353 5240 2571 5304 νυκτὸς
2604 5239 2672 5292 ἐν
2703 5238 2826 5301 ἰδίῳ
2865 5235 3022 5303 τάχει
3055 5230 3450 5300 μεσαζούσης,
3483 5233 3514 5281 ό
3545 5223 3892 5279 aura/dura-

2346 5331 2461 5399 μός
2490 5347 2604 5383 σου
2633 5330 2817 5396 Λόγος
2843 5327 2942 5380 ἀπ’
2966 5322 3220 5391 οὐρανοῦ
3247 5323 3316 5373 ἐκ
3338 5322 3561 5387 θρόνων
3579 5309 3894 5382 βασιλικῶν

2351 5423 2522 5492 ξίφος
2542 5421 2650 5488 ὀξὺ
2680 5419 2791 5489 τὴν
2821 5419 3215 5485 ἀνυπόκριτον
3237 5410 3523 5478 ἐπιταγήν
3553 5426 3665 5466 σου
3694 5405 3893 5472 utpar.
