4044 6324
657 352 768 412 655

1628 341 1686 395 S.
1731 338 2098 396 EUS‘I‘ATHH
2136 336 2444 395 EPISCOPI
2481 337 2896 394 ANTIOCHENI

3797 342 3911 400 656

735 465 875 526 X-Xl.
918 466 1021 522 Sed
1054 463 1334 536 Origenes,
1371 473 1430 518 ut
1457 464 1688 528 videtur,
1723 462 1834 518 haec
1872 477 1931 518 se
1959 477 2066 515 non
2105 477 2208 532 per-

2403 461 2540 516 XXI.
2571 461 2729 526 Ἀλλ’,
2770 461 2845 524 ὡς
2885 460 3076 527 ἔοικεν,
3117 461 3394 532 Ὠριγένης
3435 461 3789 533 ὑποκρίνεται
3831 464 3910 535 μὴ

659 566 842 633 cipere
896 559 1144 621 simulat,
1198 565 1258 611 ut
1306 557 1716 627 superstitiosas
1747 555 1978 610 inculcet
2012 554 2223 624 praesti-

657 658 794 726 gias.
827 651 1108 712 Praeterea,
1142 649 1234 718 qui
1267 649 1450 702 omnia
1502 646 1795 716 Scriptura:
1832 646 1993 702 verba
2025 645 2225 713 allego-

660 748 757 799 riis
780 757 1046 813 exponere
1073 756 1240 796 ausus
1268 749 1374 803 est,
1410 741 1513 793 hoc
1552 739 1730 794 solum
1759 736 1826 791 ad
1851 738 2083 791 litteram
2107 745 2220 790 tra-

657 835 785 890 dere
816 849 925 888 non
954 833 1229 888 erubescit
1253 871 1268 896 ,
1303 846 1400 902 per
1428 830 1829 886 simulationem
1878 837 1933 883 et
1965 828 2131 882 veluti
2157 845 2223 883 ex

656 925 878 981 oraculo
906 923 1296 986 determinans,
1324 937 1422 977 nec
1456 923 1620 978 etiam
1646 920 1713 976 de
1737 922 1856 991 ipso
1876 935 2105 991 corpore
2140 935 2224 974 re

655 1028 741 1076 cte
768 1016 1040 1086 judicans.
1070 1012 1324 1080 Quinimo
1371 1012 1438 1068 de
1482 1012 1736 1083 paradiso
1789 1028 1948 1082 quem
1993 1011 2136 1067 Deus
2167 1015 2221 1068 in

655 1109 822 1165 fidem
856 1110 1190 1179 plantaverat
1213 1106 1258 1137 "
1284 1105 1446 1160 verba
1471 1104 1699 1168 faciens,
1720 1118 1823 1159 nec
1856 1119 1964 1158 non
1993 1119 2100 1174 qua
2134 1119 2222 1156 ra-

650 1204 800 1258 tione
832 1203 974 1274 ligna
1007 1199 1286 1255 fructifera
1309 1199 1679 1270 germinarunt
1699 1213 1954 1254 enarrare
1982 1206 2218 1261 tentans,

651 1303 794 1350 inter
822 1296 924 1349 alia
966 1293 1190 1349 subdit:
1222 1291 1356 1346 Cum
1402 1291 1657 1360 legentes,
1688 1292 1902 1361 inquit,
1944 1306 1979 1343 α
2025 1290 2219 1359 fabulis

650 1389 881 1456 serieque
932 1401 1050 1455 qua:
1106 1382 1392 1438 secundum
1448 1383 1681 1437 litteram
1729 1393 1807 1438 est
1853 1382 2022 1453 gradu
2077 1383 2219 1451 facto

651 1479 1005 1542 ascendimus,
1036 1494 1279 1548 quanam
1333 1477 1428 1530 illa
1476 1477 1618 1546 ligna
1645 1477 1748 1529 sint
1777 1492 1893 1546 qua:
1924 1474 2065 1529 Deus
2094 1478 2217 1530 colit

650 1571 934 1641 querimus
952 1585 970 1622 :
999 1569 1219 1623 dicimus
1242 1569 1296 1623 in
1327 1586 1386 1623 eo
1418 1568 1529 1621 loco
1563 1569 1702 1637 tigna
1726 1583 1842 1638 qua:
1869 1583 2023 1621 sensu
2052 1550 2218 1635 accipi

650 1673 888 1732 possunt,
924 1679 1026 1716 non
1055 1663 1292 1731 reperiri.
1345 1661 1472 1715 Haec
1523 1675 1645 1716 cum
1681 1675 1777 1730 per
1809 1660 2216 1715 translationem

650 1763 906 1826 exponat,
938 1770 1046 1809 non
1106 1753 1291 1808 horret
1344 1751 1557 1822 fabulas
1598 1753 1868 1820 appellare
1907 1767 2028 1821 quae
2072 1749 2214 1806 Deus

652 1856 835 1904 creata
866 1848 1158 1918 perfecisse
1176 1847 1428 1910 traditur,
1453 1845 1858 1915 fidissimosque
1874 1845 1994 1913 ejus
2027 1860 2216 1899 servus

652 1938 864 2009 Moyses
913 1940 1130 2008 scriptis
1180 1936 1543 2006 consignavit.
1590 1933 1656 1987 Et
1705 1950 1770 1989 ex
1812 1937 2096 2004 opposito,
2151 1952 2215 1990 ea

650 2044 771 2099 quae
809 2028 986 2082 fabula
1015 2029 1068 2081 in
1102 2034 1287 2081 ventre
1305 2027 1510 2095 effingit
1541 2035 1592 2079 et
1615 2025 1847 2079 obscure
1882 2029 2120 2090 insonat,
2152 2043 2216 2081 ac

648 2126 696 2177 si
723 2121 974 2192 dogmata
1005 2128 1222 2186 essent,
1257 2128 1652 2189 programmate
1687 2118 1916 2183 stabilit,
1947 2135 2074 2173 vera
2097 2135 2218 2174 esse

647 2213 1050 2270 demonstrans.
1106 2211 1171 2265 Et
1236 2212 1398 2265 verba
1449 2209 1872 2280 lingastrimythi
1922 2226 1953 2262 a
2011 2208 2217 2280 Spiritu

647 2316 837 2362 sancto
856 2307 1053 2363 dictata
1083 2303 1442 2362 contendens,
1464 2317 1546 2364 ea,
1576 2308 1632 2354 ut
1663 2301 1765 2356 sibi
1792 2302 2024 2366 videtur,
2049 2303 2216 2358 ascri—

647 2397 783 2454 bens
801 2400 1106 2467 scripturm,
1127 2397 1240 2448 vult
1265 2395 1485 2447 immota
1508 2408 1852 2462 permanere;
1871 2394 2070 2450 divinis
2087 2409 2216 2449 vero

649 2491 888 2544 oraculis
911 2505 938 2541 a
958 2488 1137 2558 Moyse
1157 2485 1365 2541 traditis
1382 2484 1681 2553 fabularum
1699 2486 1919 2539 nomine
1942 2486 2212 2556 insignitis

648 2598 868 2638 sensum
897 2580 1146 2644 invertit,
1189 2579 1486 2645 litteraeque
1535 2577 1815 2631 traditioni
1861 2593 1969 2632 non
2012 2580 2125 2633 vult
2156 2587 2213 2632 ut

646 2676 771 2742 quis
803 2676 1042 2728 animum
1089 2669 1351 2725 intendat.
1392 2667 1580 2723 Nonne
1639 2669 1766 2724 item
1817 2670 1885 2723 ab
1937 2671 2210 2724 Abraham

645 2776 839 2838 puteos
865 2766 1091 2822 effossos
1107 2765 1172 2829 ⁸ο,
1194 2765 1406 2835 aliaque
1436 2765 1501 2819 ad
1532 2779 1626 2818 eos
1649 2764 1990 2832 pertinentia,
2010 2764 2212 2831 allego-

645 2861 745 2916 riis
772 2860 1013 2929 exponit,
1054 2865 1312 2926 tantaque
1353 2871 1666 2912 sermonum
1702 2855 1856 2922 copia
1898 2855 1952 2906 in
1985 2855 2212 2907 innuen-

646 2965 764 3007 sum
793 2956 1061 3018 protracta
1093 2963 1253 3001 omne
1298 2947 1365 3000 de
1398 2947 1504 3000 illis
1553 2947 1825 3013 negotium
1871 2943 2212 2996 disterminat

646 3042 700 3095 in
729 3043 887 3095 aliain
915 3039 1235 3094 sententiam
1267 3038 1610 3098 translatum,
1647 3035 1770 3088 licet
1804 3034 1867 3086 ad
1897 3033 2009 3087 haec
2043 3049 2212 3102 usque

645 3141 891 3202 tempora
925 3131 981 3185 in
1011 3130 1230 3200 regione
1253 3130 1342 3182 illa
1372 3129 1544 3183 oculis
1571 3127 1745 3181 adhuc
1767 3125 2211 3196 conspiciantur?

644 3223 834 3278 Nonne
879 3219 1029 3277 lsaac
1070 3230 1124 3276 et
1152 3220 1530 3275 Rebeccm'res
1563 3228 1742 3289 gestas
1773 3219 1813 3248 εί
1866 3219 2205 3291 ιιιιιιιυιονὶι,

645 3318 864 3370 inaures
890 3321 942 3368 et
974 3313 1212 3366 armillas
1248 3328 1506 3364 sermones
1539 3325 1659 3365 esse
1685 3326 1869 3362 aureos
1895 3307 2082 3363 dicens
2102 3347 2116 3371 ,
2155 3315 2208 3363 et

645 3407 959 3460 universum
995 3403 1228 3472 denique
1277 3408 1653 3472 argumentum
1715 3416 1811 3470 per
1853 3401 1963 3455 vim
2006 3401 2209 3455 distor-

644 3507 779 3565 tum,
814 3499 879 3551 ad
906 3513 968 3551 ea
1006 3512 1125 3566 qua:
1151 3497 1331 3550 animo
1363 3505 1661 3549 cernuntur
1685 3501 1736 3548 et
1767 3495 1976 3547 ratione
2012 3493 2206 3547 intelli-

620 3603 841 3663 -guntttr
865 3592 1192 3652 traductum,
1219 3587 1653 3643 cavillationibus
1673 3586 2010 3655 deturpavit‘!
2036 3585 2204 3639 Porro

640 3683 706 3736 de
759 3681 860 3737 Job
902 3680 993 3751 qui
1052 3680 1222 3733 multa
1283 3694 1479 3749 passus
1536 3685 1619 3733 est
1675 3679 1720 3710 ⁶²
1784 3678 2205 3731 commentarios

637 3775 838 3836 edens,
890 3789 998 3827 non
1060 3771 1359 3826 admiratur
1405 3771 1777 3833 tolerantiam,
1840 3785 1944 3823 non
1996 3770 2203 3822 extollit

640 3866 876 3925 labores,
910 3879 1016 3917 non
1047 3862 1389 3916 commendat
1419 3860 1709 3922 virtutem,
1749 3874 1857 3913 non
1905 3862 2096 3929 probat
2138 3859 2202 3912 ll-

639 3955 782 4019 dcm,
809 3970 915 4009 non
948 3953 1279 4007 fortitudinis
1309 3951 1474 4005 animi
1507 3951 1749 4019 exempla
1775 3951 2053 4013 describit,
2093 3965 2199 4004 non

641 4051 846 4102 tirones
877 4047 1076 4100 milites
1118 4045 1489 4115 magnitudine
1532 4044 1698 4098 animi
1745 4044 2034 4114 vigoreque
2071 4059 2202 4112 pru-

639 4139 832 4190 dentia:
857 4135 922 4189 ad
949 4136 1200 4190 virtutem
1233 4133 1510 4200 hortatur,
1558 4147 1667 4187 non
1701 4141 1874 4185 armat
1904 4141 2200 4187 certatores

639 4235 697 4277 nt
740 4224 951 4279 fortiter
1000 4239 1098 4294 pro
1151 4225 1346 4294 pietate
1387 4233 1655 4296 pugnent;
1716 4224 1810 4279 sed
1856 4223 1967 4278 hac
2016 4225 2198 4279 omnia

639 4325 1054 4384 praetergressus
1076 4314 1290 4370 sublimi
1320 4315 1531 4370 dicendi
1566 4315 1724 4368 modo
1758 4316 1987 4368 filiarum
2021 4315 2199 4368 nomi-

639 4407 800 4463 nibus
829 4407 1167 4476 exponendis
1203 4407 1419 4461 aniliter
1466 4408 1630 4460 multa
1664 4421 1795 4461 sane
1837 4407 2194 4474 consumpsit.

2329 555 2484 615 νοεῖν,
2517 552 2604 604 ἵνα
2634 549 2996 620 δεισιδαίμονα
3034 553 3426 626 παρασκευάσῃ
3461 554 3720 624 μαντείαν
3738 571 3755 584 ·
3785 550 3909 608 εἶτα

2326 644 2505 706 πάσας
2534 645 2899 716 ἀλληγορῆσαι
2925 642 3022 707 τὰς
3052 644 3270 715 Γραφάς
3291 644 3616 717 ἐγχειρίσας,
3642 646 3741 698 οὐκ
3775 647 3913 718 ἐρυ-

2325 736 2450 810 θριᾷ
2484 737 2638 790 τοῦτο
2661 739 2817 807 μόνον
2849 738 2938 791 ἐπὶ
2977 737 3068 790 τοῦ
3090 739 3411 810 γράμματος
3436 738 3770 808 ἐκδέχεσθαι,
3817 739 3908 792 θε-

2325 829 2531 893 σπίζων
2580 830 2881 900 ὑποκρίσει,
2910 829 3084 884 καίτοι
3131 830 3252 902 μηδ’
3285 829 3434 900 αὐτῷ
3479 830 3689 901 σώματι
3728 847 3904 902 1:903-

2323 921 2462 992 έχων
2493 922 2874 992 εὐγνωμόνως·
2903 920 3040 976 ἀλλά
3069 921 3131 993 δὴ
3165 922 3291 992 περὶ
3317 921 3408 974 τοῦ
3439 921 3768 992 παραδείσου
3794 923 3900 974 διαρ

2322 1013 2610 1084 λεγόμενος
2649 1014 2708 1067 ὃν
2745 1013 3036 1083 ἐφύτευσεν
3082 1013 3112 1064 ὁ
3151 1012 3282 1075 Θεὸς
3327 1013 3385 1066 ὲν
3421 1012 3606 1082 Ἐδὲμ,
3638 1008 3756 1066 εἶτα
3807 1014 3901 1065 καὶ

2320 1106 2440 1157 τίνα
2461 1105 2658 1177 τρόπον
2683 1096 2981 1170 ὲξανέτειλε
3008 1102 3076 1156 τά
3102 1103 3424 1175 καρποφόρα
3449 1103 3577 1168 ξύλα
3595 1103 3901 1173 διηγεῖσθαι

2322 1196 2662 1267 βουλόμενος,
2693 1197 2929 1270 ἐπέφερε
2957 1195 3090 1267 πρὸς
3127 1199 3238 1260 τοῖς
3283 1196 3494 1260 ἀλλοις·
3539 1197 3712 1250 Ὅταν
3743 1196 3902 1251 dra-

2319 1289 2713 1358 γινώσκοντες
2759 1290 3152 1357 ἀναϐαίνομεν
3189 1288 3308 1343 ἀπὸ
3342 1287 3462 1343 τῶν
3491 1289 3712 1358 μύθων,
3759 1289 3897 1359 ἔφη,

2319 1379 2418 1456 καὶ
2447 1377 2551 1451 τῆς
2591 1381 2740 1433 κατὰ
2778 1379 2844 1432 τὸ
2887 1377 3121 1448 ῃοάμμα
3155 1377 3430 1446 ἐκδοχῆς,
3467 1377 3719 1447 ζητῶμεν
3753 1380 3898 1432 τινα

2318 1472 2389 1523 τὰ
2421 1471 2594 1534 ξύλα,
2632 1470 2814 1540 φησιν,
2865 1470 3038 1523 ἐστὶν
3065 1469 3264 1522 ἐκεῖνα
3302 1468 3341 1522 ἀ
3381 1472 3413 1522 ὁ
3447 1468 3590 1535 Θεὸς
3618 1469 3895 1538 reum-82'

2317 1562 2590 1630 λέγομεν,
2619 1560 2704 1616 ὅτι
2730 1564 2841 1616 οὐκ
2879 1563 2970 1616 ἔνι
3017 1562 3274 1630 αἰσθητὰ
3305 1561 3460 1626 ξύλα
3489 1563 3558 1616 ὲν
3596 1559 3678 1628 τῷ
3707 1565 3895 1632 τόπῳ.

2317 1656 2500 1709 Ταῦτα
2535 1656 2589 1708 δὲ
2627 1655 2690 1727 δὴ
2738 1655 3074 1726 τροπολογῶν
3102 1657 3162 1708 οὐ
3198 1656 3406 1726 φρίττει
3437 1657 3664 1725 μύθους
3691 1658 3898 1727 ὀνομά-

2318 1747 2429 1810 ζειν
2461 1749 2558 1801 ὅσα
2591 1748 3110 1820 δεδημιουργηκέναι
3143 1749 3240 1819 μὲν
3276 1750 3563 1819 ἱστορεῖται
3592 1749 3744 1814 Θεὸς,
3775 1753 3808 1803 ὁ
3839 1751 3895 1804 δὲ

2252 1831 2290 1885 Β
2320 1839 2633 1901 πιστότατος
2666 1839 2756 1893 τοῦ
2789 1839 2922 1892 Θεοῦ
2959 1839 3208 1910 θεράπων
3245 1840 3448 1912 ἔγραψε
3475 1841 3742 1909 Μωῦσῆς·
3773 1842 3896 1895 ἀλλ’

2320 1934 2384 1984 ἐκ
2411 1931 2518 1984 τῶν
2545 1933 2817 1994 ἐναντίων,
2849 1933 2990 2002 ἅπερ
3017 1935 3044 1985 ὁ
3079 1932 3245 2003 μῦθος
3278 1935 3334 1986 ὲν
3364 1934 3559 2004 γαστρὶ
3597 1933 3899 2003 πλαττόμε-

2320 2041 2405 2085 νος
2441 2023 2658 2091 ἀφανῶς
2701 2025 2918 2094 ὑπηχεῖ,
2963 2023 3133 2078 ταῦτα
3171 2023 3484 2096 δογματικῷ
3524 2025 3729 2095 βεϐαιοί
3758 2045 3898 2097 προ-

2318 2116 2626 2184 γράμματι,
2651 2115 2907 2168 δεικνύων
2933 2115 3125 2186 ἀληθῆ.
3156 2117 3238 2169 Τά
3266 2117 3365 2188 μέν
3395 2135 3458 2186 γε
3481 2118 3579 2188 τῆς
3605 2121 3898 2189 ἐγγαστρι-

2321 2208 2488 2278 μὺῦου
2521 2211 2739 2278 ῥήματα
2758 2207 2844 2260 διὰ
2871 2206 2964 2260 τοῦ
2988 2208 3145 2275 ἀγίου
3168 2208 3479 2280 Πνεύματος
3505 2195 3752 2281 εἰρῆσθαι
3779 2228 3896 2264 σπιν-

2321 2299 2501 2361 ιστῶν,
2556 2298 2825 2351 ἀσάλευτα
2872 2299 3051 2369 μένειν
3095 2299 3234 2364 ἀξιοῖ
3273 2304 3342 2371 τῇ
3390 2301 3576 2374 Γραφῇ
3613 2303 3674 2354 τὸ
3719 2303 3894 2357 δοκεῖν

2316 2389 2559 2451 ἀναθείς·
2593 2389 2729 2442 αὐτὰ
2751 2390 2806 2443 δὲ
2828 2391 2894 2443 τά
2915 2391 3009 2443 τοῦ
3037 2391 3170 2444 Θεοῦ
3199 2391 3288 2445 διά
3309 2393 3585 2457 Μωῦσέως
3605 2395 3892 2448 ἐκδοθέντα

2319 2481 2454 2551 μηνυ
2465 2499 2605 2551 ματα
2616 2483 2842 2549 μύθους
2860 2482 3150 2553 ὀνομάσας,
3169 2483 3525 2537 ὲνδιαλλάττει
3544 2485 3641 2556 τὴν
3662 2486 3892 2549 ἔννοιαν,

2313 2572 2372 2622 οὐ
2406 2571 2626 2624 δικαιῶν
2660 2572 2914 2642 ἐμμένειν
2945 2575 3008 2642 τῇ
3033 2573 3126 2626 τοῦ
3155 2575 3477 2644 γράμματος
3505 2575 3719 2646 ὲκδοχῇ.
3750 2576 3892 2628 Ἀλλ’

2313 2663 2431 2732 ουχὶ
2470 2662 2538 2713 τὰ
2581 2661 2686 2713 ὑπὸ
2723 2661 2813 2714 τοῦ
2852 2662 3099 2733 Ἀϐραὰμ
3137 2665 3492 2736 ὀρωρυγμένα
3533 2667 3764 2734 φρέατα,
3797 2669 3892 2721 καὶ

2312 2756 2419 2807 τῶν
2448 2755 2556 2825 (15)
2584 2756 2718 2825 ἀμφ’
2744 2755 2922 2806 αὐτῶν
2956 2755 3272 2827 ἀλληγορεῖ,
3327 2761 3419 2811 καὶ
3454 2760 3706 2812 τοσοῦτον
3749 2761 3892 2812 ἀπο-

2314 2843 2491 2906 τείνας
2522 2842 2676 2911 λόγου
2716 2841 2902 2912 ἐσμὸν,
2938 2843 3152 2897 ἅπασαν
3193 2845 3327 2914 ὁμοῦ
3369 2846 3464 2916 τὴν
3509 2847 3890 2917 πραγματείαν

2313 2936 2488 2990 αὐτῶν
2515 2938 2744 3007 ἀναιρεῖ,
2777 2937 3028 3008 μεταθεὶς
3055 2940 3133 3000 είς
3180 2939 3362 3009 ἕτερον
3391 2939 3534 3004 νοῦν,
3577 2941 3751 2992 καίτοι
3779 2939 3889 2992 τῶν

2312 3029 2558 3100 φρεάτων
2602 3028 2692 3081 ἐπὶ
2733 3027 2916 3099 χώρας
2956 3028 3035 3081 ἔτι
3077 3029 3172 3082 καὶ
3217 3028 3310 3082 νῦν
3349 3029 3466 3100 ὄψει
3512 3032 3887 3101 φαινομένων;

2314 3121 2446 3190 υἱιχὶ
2479 3121 2546 3174 τὰ
2573 3119 2664 3172 τ)ῦ
2707 3119 2890 3173 Ἰσαὰκ
2922 3121 3014 3172 καὶ
3046 3120 3112 3174 τὰ
3140 3120 3239 3190 τῆς
3275 3120 3565 3184 Ῥεϐέκκας
3599 3124 3888 3194 ἐτροπολὸ-

2310 3230 2445 3282 γησε
2473 3214 2790 3284 πράγματα,
2829 3213 2895 3264 τὰ
2937 3211 3037 3282 μὲν
3068 3211 3260 3266 ἐνώτια
3308 3212 3402 3266 καλ⁵
3447 3213 3638 3283 ψέλλια
3663 3216 3890 3284 λόγους

2309 3303 2446 3359 εἶναι
2473 3305 2738 3374 χρυσοῦς
2766 3303 3021 3376 εἰρηκὼς,
3051 3305 3267 3358 ἃπασαν
3297 3305 3355 3358 δὲ
3383 3304 3483 3376 τὴν
3511 3305 3767 3360 ὑπόθεσιν
3796 3310 3890 3360 ὲκ-

2308 3397 2652 3466 ϐιασάμενος,
2683 3394 2897 3464 ἐκείνην
2926 3393 3016 3446 ἐπὶ
3044 3393 3138 3446 τοῦ
3178 3393 3366 3464 νοητοῦ
3397 3394 3728 3464 παραλαεὼν
3759 3398 3886 3450 ἐσυ-

2306 3486 2648 3554 magiae-qus;
2691 3483 2826 3555 Περὶ
2867 3483 2921 3537 δέ
2958 3500 3020 3552 γε
3057 3483 3150 3536 τοῦ
3200 3483 3434 3536 πολύτλα
3478 3484 3887 3556 προσομιλήσας

2318 3576 2456 3642 Ἰὼϐ,
2503 3577 2621 3630 ἀντὶ
2667 3575 2761 3628 τοῦ
2807 3574 3079 3646 θαυμάσαι
3119 3574 3218 3644 τὴν
3263 3575 3555 3646 ὑπομονὴν,
3600 3576 3883 3630 ἐπαινέσαι

2304 3669 2428 3731 τοὺς
2461 3667 2672 3730 πόνους,
2709 3667 3025 3739 εὑφημῆσαι
3057 3666 3155 3736 τὴν
3190 3666 3485 3737 ἀριστείαν,
3522 3666 3885 3733 ἀποδέξασθαι

2303 3759 2399 3830 τὴν
2426 3760 2626 3822 πίστιν,
2659 3759 2926 3827 ἐκφράσαι
2971 3756 3039 3812 τὰ
3067 3759 3165 3829 τῆς
3202 3756 3635 3828 καρτεροψυχίας
3665 3759 3883 3812 ὑποδεί-

2302 3867 2506 3920 γματα,
2543 3848 2946 3920 προτρέψασθαι
2971 3847 3059 3901 διὰ
3090 3849 3277 3902 τούτου
3305 3849 3426 3912 τοὺς
3461 3849 3774 3913 νεολέκτους
3800 3853 3881 3914 εἰς

2303 3939 2501 4011 ἀρετὴν
2529 3939 2756 4009 εὐψυχίᾳ
2794 3937 2888 3992 καὶ
2935 3937 3094 4010 ῥώμῃ
3137 3939 3467 4011 φρονήσεως,
3504 3939 3724 3993 ὁπλίσαι
3753 3926 3881 4005 τοὺς

2302 4032 2602 4099 ἀγωνιστὰς
2634 4031 2892 4103 ἀνδρείως
2919 4030 3060 4102 ὑπὲρ
3086 4032 3186 4102 τῆς
3214 4031 3491 4096 εὐσεϐείας
3520 4033 3724 4097 ἀθλεῖν,
3751 4034 3880 4104 ἀφέ-

2304 4139 2460 4193 μενος
2493 4123 2720 4186 ὲκείνου,
2750 4121 3038 4194 μετεώρως
3074 4123 3154 4184 εἰς
3200 4123 3268 4176 τὰ
3302 4121 3408 4176 τῶν
3447 4123 3759 4198 θυγατέρων
3786 4129 3878 4198 ὁρ-

2304 4214 2479 4286 μήσας
2511 4212 2748 4284 ὀνόματα
2796 4212 3088 4284 ητετρίση
3133 4212 3410 4284 γραωδῶς.
3451 4214 3589 4267 Ἀλλ’
3644 4210 3733 4270 οἷα
3779 4217 3875 4289 μὲν

2301 4306 2636 4378 ὲφλυάρησεν
2668 4306 2748 4369 είς
2778 4306 2838 4359 τὸ
2867 4305 2976 4373 τῆς
3005 4303 3247 4374 Ἡμέρας
3276 4304 3444 4377 δνομα
3467 4308 3736 4379 ὁρμήσας,
3782 4309 3874 4362 καὶ

2299 4399 2571 4462 Κασσίας
2602 4397 2741 4467 ἦτοι,
2790 4398 2884 4450 καὶ
2920 4397 2984 4450 τὸ
3016 4395 3126 4465 τῆς
3160 4397 3495 4466 Ἀμαλθείας
3526 4398 3725 4467 κέρας,
3756 4401 3871 4455 οὐδὲ

638 4495 834 4551 Verum
865 4513 983 4566 qua:
1002 4497 1068 4552 de
1094 4495 1213 4551 Diei
1240 4497 1478 4559 nomine,
1506 4507 1557 4550 et
1582 4497 1783 4551 Cassia:
1811 4504 1972 4566 atque
1993 4495 2198 4550 Cornu-

2310 4487 2476 4556 λέγειν
2503 4484 2613 4540 οἷόν
2645 4505 2734 4540 τεο
2772 4487 2967 4558 χλεύης
3003 4487 3112 4558 γάρ
3151 4489 3266 4541 ἐστι
3307 4490 3569 4553 παντοίας
3609 4493 3864 4548 ἀνάπλεα.

637 4590 795 4657 copiae
833 4597 1065 4659 nugatus
1117 4597 1222 4651 est,
1257 4589 1343 4641 hic
1372 4604 1795 4643 commemorare
1824 4589 2041 4644 difﬁcile
2071 4598 2154 4644 est
2182 4607 2194 4652 ;

638 4679 923 4746 multiplici
954 4694 1188 4749 namque
1220 4688 1431 4734 scatent
1455 4679 1721 4734 futilitate.
1753 4680 1831 4733 Ad
1854 4678 2120 4733 Lazarum
2154 4680 2199 4710 ⁸³

638 4773 857 4825 accedo.
885 4771 1021 4824 (lum
1052 4772 1327 4828 debuisset
1356 4771 1557 4825 Christi
1591 4771 1778 4841 ingens
1820 4787 1958 4841 Opus
1991 4771 2197 4841 magni-

637 4861 847 4925 facere,
883 4863 1081 4932 illoque
1112 4863 1286 4932 palam
1318 4863 1693 4918 demonstrare
1738 4861 1903 4916 Deum
1932 4878 2073 4923 esse,
2103 4863 2198 4931 qui

635 4962 908 5006 mortuum
933 4953 1045 5022 jam
1083 4952 1333 5009 fetentem
1387 4969 1417 5006 e
1466 4960 1814 5005 monumento
1873 4953 2197 5007 auctoritate

636 5051 953 5096 evocaverat
977 5086 991 5108 ,
1034 5050 1087 5097 et
1132 5042 1282 5096 verbi
1316 5042 1607 5098 emissione
1645 5055 1870 5108 corpora
1905 5039 2195 5094 tumefacta

636 5136 1087 5199 animaverat,liis
1111 5135 1363 5190 omnibus
1390 5133 1607 5189 silentio
1638 5132 2194 5196 involutis,Lazarum

636 5226 868 5279 amicum
898 5225 1131 5289 Domini,
1162 5242 1320 5295 quem
1357 5241 1462 5279 non
1486 5226 1581 5280 abs
1607 5238 1666 5278 re
1688 5232 1906 5293 propter
1939 5224 2191 5278 virtutem

637 5313 909 5384 diligebat,
931 5318 985 5371 in
1013 5318 1251 5387 peccatis
1283 5318 1611 5372 laborantem
1635 5323 1688 5370 et
1717 5323 1990 5369 mortuum
2015 5325 2190 5370 trans-

2302 4581 2435 4651 Περὶ
2459 4580 2514 4633 δὲ
2544 4579 2636 4632 τοῦ
2663 4577 2913 4650 Λαζάρου
2949 4579 3142 4650 γράφω
3172 4577 3304 4651 (16).
3345 4582 3487 4634 Ἀντί
3533 4583 3628 4636 τοῦ
3655 4585 3865 4650 δοξάσαι

2298 4674 2397 4742 τὴν
2427 4671 2519 4725 τοῦ
2551 4671 2784 4742 Χριστοῦ
2827 4672 3223 4743 μεγαλουργίαν
3257 4675 3349 4726 καὶ
3377 4674 3463 4727 διὰ
3492 4675 3696 4731 τούτων
3742 4679 3867 4733 ἀπο-

2297 4765 2466 4829 δεῖξαι
2496 4764 2701 4831 σαφῶς,
2723 4764 2803 4815 ὅτι
2828 4763 2958 4827 Θεός
2982 4766 3146 4827 ἐστιν,
3168 4767 3197 4816 ό
3223 4764 3312 4818 τὸν
3344 4765 3570 4821 ὀδωδότα
3593 4770 3784 4841 νεκρὸν
3804 4773 3864 4822 ὲκ

2297 4854 2404 4907 τῶν
2437 4855 2732 4926 μνημάτων
2758 4853 2971 4926 ἐξουσίᾳ
3007 4855 3515 4927 μεταπεμψάμενος,
3554 4861 3648 4914 καὶ
3681 4865 3746 4934 τῇ
3775 4861 3860 4916 τοῦ

2308 4949 2548 5016 ῥήματος
2595 4947 2785 5015 ἀφέσει
2833 4946 2900 5000 τὰ
2952 4947 3247 5018 διῳδηκότα
3299 4949 3523 5019 σώματα
3570 4953 3858 5023 donec“,

2304 5041 2451 5093 οὐδὲν
2484 5041 2582 5109 μὲν
2629 5041 2787 5092 ἕνεκα
2834 5041 3021 5092 τούτου
3055 5039 3248 5107 λέγων,
3283 5041 3528 5114 ᾼάζαρον
3559 5043 3617 5096 δὲ
3660 5045 3749 5098 τὸν
3770 5043 3856 5099 τοῦ

2302 5131 2506 5202 Κυρίου
2541 5131 2712 5200 φίλον,
2750 5131 2807 5184 ὃν
2843 5132 2942 5183 οὐκ
2988 5131 3290 5196 ἀπεικότως
3317 5134 3506 5204 ἠγάπα
3541 5137 3607 5189 δι’
3651 5137 3852 5207 ἀρετὴν,

2300 5225 2380 5284 είς
2430 5222 2520 5274 τὸν
2565 5221 2886 5274 ἀσθενοῦντα
2937 5223 3029 5275 καὶ
3068 5222 3357 5279 τεθνειῶτα
3404 5229 3524 5285 ταῖς
3576 5227 3856 5298 ἁμαρτίαις

2299 5315 2592 5384 ἀνήγαγεν.
2635 5313 2820 5376 Οὐδεὶς
2857 5313 2911 5365 δὲ
2956 5313 3096 5366 κατά
3121 5313 3215 5368 τοῦ
3252 5315 3455 5369 δικαίου
3485 5317 3661 5372 τιῦτα
3691 5313 3849 5379 εἶπεν,

705 5475 751 5506 "
775 5472 904 5530 Gen.
936 5493 996 5541 ιι,
1030 5476 1116 5530 21.
1195 5453 1394 5532 "-Gen.
1431 5494 1544 5542 xxi,
1586 5478 1675 5531 25.
1755 5478 1796 5508 ⁶¹
1830 5476 1954 5531 Gen.
1981 5493 2130 5541 xvtv,
2164 5477 2208 5529 29

2328 5475 2370 5505 ⁶²
2399 5472 2499 5526 Job
2523 5489 2657 5540 xui,
2689 5473 2777 5527 H.
2854 5435 3089 5526 ".Joan.
3139 5489 3194 5528 ιιι
3227 5512 3239 5536 ,
3270 5474 3358 5528 45.

709 5628 822 5697 (15)
856 5631 992 5683 Τῶν.
1032 5635 1111 5684 An
1146 5636 1243 5698 “rei;

670 5767 680 5776 .
706 5701 813 5776 illi)
850 5703 983 5767 Περὶ
1103 5705 1206 5776 τοῦ
1228 5704 1487 5771 Λαζὶὶρου
1510 5705 1725 5776 καίρια).
1751 5703 1975 5776 liuetius
2001 5705 2053 5757 in
2091 5719 2190 5756 no-

641 5772 715 5820 tis
748 5772 808 5821 ad
837 5773 1107 5837 cugelica
1139 5773 1402 5840 Origenis,
1428 5792 1557 5841 .pag.
1598 5774 1714 5840 ἰθ-2,
1757 5791 1850 5839 pro
1879 5775 2073 5839 γράφω
2106 5790 2190 5828 re-

2302 5632 2493 5686 scribit
2523 5629 2855 5702 ypa'temv,de
2873 5628 3104 5702 Origene
3130 5641 3354 5681 vernum
3383 5630 3527 5683 istud
3560 5632 3846 5702 accipiens;

2300 5704 2486 5775 sicque
2510 5699 2684 5775 reddit
2713 5719 2726 5753 :
2767 5701 2840 5751 De
2870 5699 3078 5754 Lazaro
3118 5709 3288 5754 autem
3326 5702 3556 5757 scribens
3583 5699 3849 5775 Origenes,

2298 5790 2413 5826 cum
2442 5773 2720 5834 debuisset,
2748 5779 2850 5826 etc.
