  <div class='ocr_page' id='page_1' title='image "/cluster/home/n/w/nwhite01/storage/ocr_20150623/18/pst.000005712038/336.png"; bbox 0 0 4044 6324; ppageno 0'>
   <div class='ocr_carea' id='block_1_1' title="bbox 149 441 247 498">
    <p class='ocr_par' dir='ltr' id='par_1_1' title="bbox 149 441 247 498">
     <span class='ocr_line' id='line_1_1' title="bbox 149 441 247 498; baseline 0 0"><span class='ocrx_word' id='word_1_1' title='bbox 149 441 247 498; x_wconf 81' lang='lat'><strong>657</strong></span> 
     </span>
    </p>
   </div>
   <div class='ocr_carea' id='block_1_2' title="bbox 986 434 2478 499">
    <p class='ocr_par' dir='ltr' id='par_1_2' title="bbox 986 434 2478 499">
     <span class='ocr_line' id='line_1_2' title="bbox 986 434 2478 499; baseline -0.005 -1"><span class='ocrx_word' id='word_1_2' title='bbox 986 457 993 464; x_wconf 86' lang='lat'>&#39;</span> <span class='ocrx_word' id='word_1_3' title='bbox 1032 443 1119 499; x_wconf 86' lang='lat' dir='ltr'><strong>DE</strong></span> <span class='ocrx_word' id='word_1_4' title='bbox 1157 441 1745 499; x_wconf 77' lang='lat' dir='ltr'><strong>ENGASTRIMYTHO</strong></span> <span class='ocrx_word' id='word_1_5' title='bbox 1784 438 2062 496; x_wconf 66' lang='lat' dir='ltr'><strong>CONTRA</strong></span> <span class='ocrx_word' id='word_1_6' title='bbox 2104 434 2478 492; x_wconf 77' lang='lat' dir='ltr'><strong>ORIGENEM.</strong></span> 
     </span>
    </p>
   </div>
   <div class='ocr_carea' id='block_1_3' title="bbox 3291 429 3395 487">
    <p class='ocr_par' dir='ltr' id='par_1_3' title="bbox 3291 429 3395 487">
     <span class='ocr_line' id='line_1_3' title="bbox 3291 429 3395 487; baseline 0.038 -4"><span class='ocrx_word' id='word_1_7' title='bbox 3291 429 3395 487; x_wconf 70' lang='lat'><strong>658</strong></span> 
     </span>
    </p>
   </div>
   <div class='ocr_carea' id='block_1_4' title="bbox 141 548 1690 633">
    <p class='ocr_par' dir='ltr' id='par_1_4' title="bbox 141 554 1690 633">
     <span class='ocr_line' id='line_1_4' title="bbox 141 554 1690 633; baseline -0.001 -20"><span class='ocrx_word' id='word_1_8' title='bbox 141 554 249 613; x_wconf 71' lang='grc' dir='ltr'><strong>οὔτ’</strong></span> <span class='ocrx_word' id='word_1_9' title='bbox 279 557 550 629; x_wconf 70' lang='grc' dir='ltr'><strong>ἔγραψεν*</strong></span> <span class='ocrx_word' id='word_1_10' title='bbox 583 559 644 613; x_wconf 83' lang='grc' dir='ltr'><strong>ού</strong></span> <span class='ocrx_word' id='word_1_11' title='bbox 685 559 791 633; x_wconf 72' lang='grc' dir='ltr'><strong>γὰρ</strong></span> <span class='ocrx_word' id='word_1_12' title='bbox 834 559 900 614; x_wconf 83' lang='grc' dir='ltr'><strong>ἂν</strong></span> <span class='ocrx_word' id='word_1_13' title='bbox 931 560 1100 624; x_wconf 76' lang='grc' dir='ltr'><strong>οὕτως</strong></span> <span class='ocrx_word' id='word_1_14' title='bbox 1139 560 1374 632; x_wconf 81' lang='grc' dir='ltr'><strong>ἀκρίτως</strong></span> <span class='ocrx_word' id='word_1_15' title='bbox 1405 561 1515 632; x_wconf 81' lang='grc'><strong>(17)</strong></span> <span class='ocrx_word' id='word_1_16' title='bbox 1542 559 1690 631; x_wconf 70' lang='grc' dir='ltr'><strong>ἓστερ</strong></span> 
     </span>
    </p>
   </div>
   <div class='ocr_carea' id='block_1_5' title="bbox 1791 548 3393 633">
    <p class='ocr_par' dir='ltr' id='par_1_5' title="bbox 1791 548 3393 623">
     <span class='ocr_line' id='line_1_5' title="bbox 1791 548 3393 623; baseline -0.005 -12"><span class='ocrx_word' id='word_1_17' title='bbox 1791 599 1802 621; x_wconf 48' lang='grc' dir='ltr'>λ</span> <span class='ocrx_word' id='word_1_18' title='bbox 1830 557 1973 613; x_wconf 94' lang='lat' dir='ltr'><strong>tulit.</strong></span> <span class='ocrx_word' id='word_1_19' title='bbox 2007 556 2138 623; x_wconf 67' lang='lat' dir='ltr'><strong>Quae</strong></span> <span class='ocrx_word' id='word_1_20' title='bbox 2171 569 2330 610; x_wconf 91' lang='lat' dir='ltr'><strong>nemo</strong></span> <span class='ocrx_word' id='word_1_21' title='bbox 2357 553 2425 609; x_wconf 93' lang='lat' dir='ltr'><strong>de</strong></span> <span class='ocrx_word' id='word_1_22' title='bbox 2449 553 2600 622; x_wconf 86' lang='lat' dir='ltr'><strong>justo</strong></span> <span class='ocrx_word' id='word_1_23' title='bbox 2626 560 2718 606; x_wconf 85' lang='lat' dir='ltr'><strong>aut</strong></span> <span class='ocrx_word' id='word_1_24' title='bbox 2745 550 2902 614; x_wconf 93' lang='lat' dir='ltr'><strong>dixit,</strong></span> <span class='ocrx_word' id='word_1_25' title='bbox 2948 556 3041 605; x_wconf 87' lang='lat' dir='ltr'><strong>aut</strong></span> <span class='ocrx_word' id='word_1_26' title='bbox 3078 548 3218 603; x_wconf 87' lang='lat' dir='ltr'><strong>dicta</strong></span> <span class='ocrx_word' id='word_1_27' title='bbox 3256 551 3393 604; x_wconf 87' lang='lat' dir='ltr'><strong>scri-</strong></span> 
     </span>
    </p>
   </div>
   <div class='ocr_carea' id='block_1_6' title="bbox 139 649 1720 723">
    <p class='ocr_par' dir='ltr' id='par_1_6' title="bbox 139 649 1720 723">
     <span class='ocr_line' id='line_1_6' title="bbox 139 649 1720 723; baseline 0 -19"><span class='ocrx_word' id='word_1_28' title='bbox 139 666 234 704; x_wconf 74' lang='grc' dir='ltr'><strong>γςν</strong></span> <span class='ocrx_word' id='word_1_29' title='bbox 253 652 283 700; x_wconf 81' lang='grc' dir='ltr'><strong>ό</strong></span> <span class='ocrx_word' id='word_1_30' title='bbox 303 649 514 722; x_wconf 76' lang='grc' dir='ltr'><strong>Κύριος</strong></span> <span class='ocrx_word' id='word_1_31' title='bbox 528 649 710 712; x_wconf 81' lang='grc' dir='ltr'><strong>αὐτὸν,</strong></span> <span class='ocrx_word' id='word_1_32' title='bbox 737 651 785 703; x_wconf 84' lang='grc' dir='ltr'><strong>εἰ</strong></span> <span class='ocrx_word' id='word_1_33' title='bbox 808 650 882 723; x_wconf 78' lang='grc' dir='ltr'><strong>μὴ</strong></span> <span class='ocrx_word' id='word_1_34' title='bbox 907 649 1192 714; x_wconf 75' lang='grc' dir='ltr'><strong>θεσπεσίας</strong></span> <span class='ocrx_word' id='word_1_35' title='bbox 1213 652 1415 721; x_wconf 79' lang='grc' dir='ltr'>ἐξῆπτο</span> <span class='ocrx_word' id='word_1_36' title='bbox 1433 650 1720 714; x_wconf 79' lang='grc' dir='ltr'><strong>πολιτείας.</strong></span> 
     </span>
    </p>
   </div>
   <div class='ocr_carea' id='block_1_7' title="bbox 135 741 1721 814">
    <p class='ocr_par' dir='ltr' id='par_1_7' title="bbox 135 741 1721 814">
     <span class='ocr_line' id='line_1_7' title="bbox 135 741 1721 814; baseline 0.001 -20"><span class='ocrx_word' id='word_1_37' title='bbox 135 743 250 795; x_wconf 78' lang='grc' dir='ltr'><strong>υὺκ</strong></span> <span class='ocrx_word' id='word_1_38' title='bbox 277 742 505 795; x_wconf 77' lang='grc' dir='ltr'><strong>ἔλαττον</strong></span> <span class='ocrx_word' id='word_1_39' title='bbox 528 741 586 794; x_wconf 85' lang='grc' dir='ltr'><strong>δὲ</strong></span> <span class='ocrx_word' id='word_1_40' title='bbox 613 742 706 796; x_wconf 73' lang='grc' dir='ltr'><strong>καὶ</strong></span> <span class='ocrx_word' id='word_1_41' title='bbox 734 742 794 796; x_wconf 84' lang='grc' dir='ltr'><strong>τὸ</strong></span> <span class='ocrx_word' id='word_1_42' title='bbox 817 745 915 814; x_wconf 86' lang='grc' dir='ltr'><strong>τῆς</strong></span> <span class='ocrx_word' id='word_1_43' title='bbox 947 743 1244 806; x_wconf 80' lang='grc' dir='ltr'><strong>λιθοδολίας</strong></span> <span class='ocrx_word' id='word_1_44' title='bbox 1274 745 1455 814; x_wconf 80' lang='grc' dir='ltr'><strong>δρᾶμα</strong></span> <span class='ocrx_word' id='word_1_45' title='bbox 1484 743 1721 814; x_wconf 84' lang='grc' dir='ltr'><strong>θεωρῶν,</strong></span> 
     </span>
    </p>
   </div>
   <div class='ocr_carea' id='block_1_8' title="bbox 1829 640 3392 720">
    <p class='ocr_par' dir='ltr' id='par_1_8' title="bbox 1829 640 3392 720">
     <span class='ocr_line' id='line_1_8' title="bbox 1829 640 3392 720; baseline -0.003 -18"><span class='ocrx_word' id='word_1_46' title='bbox 1829 650 1937 720; x_wconf 86' lang='lat' dir='ltr'><strong>ptis</strong></span> <span class='ocrx_word' id='word_1_47' title='bbox 1967 648 2275 714; x_wconf 73' lang='lat' dir='ltr'><strong>mandavit;</strong></span> <span class='ocrx_word' id='word_1_48' title='bbox 2312 661 2486 715; x_wconf 87' lang='lat' dir='ltr'><strong>neque</strong></span> <span class='ocrx_word' id='word_1_49' title='bbox 2516 645 2656 701; x_wconf 91' lang='lat' dir='ltr'><strong>enim</strong></span> <span class='ocrx_word' id='word_1_50' title='bbox 2687 660 2807 700; x_wconf 90' lang='lat' dir='ltr'><strong>eum</strong></span> <span class='ocrx_word' id='word_1_51' title='bbox 2841 652 2950 697; x_wconf 88' lang='lat' dir='ltr'><strong>tam</strong></span> <span class='ocrx_word' id='word_1_52' title='bbox 2999 640 3180 696; x_wconf 89' lang='lat' dir='ltr'><strong>valido</strong></span> <span class='ocrx_word' id='word_1_53' title='bbox 3207 655 3392 698; x_wconf 88' lang='lat' dir='ltr'><strong>amore</strong></span> 
     </span>
    </p>
   </div>
   <div class='ocr_carea' id='block_1_9' title="bbox 1826 734 3390 812">
    <p class='ocr_par' dir='ltr' id='par_1_9' title="bbox 1826 734 3390 812">
     <span class='ocr_line' id='line_1_9' title="bbox 1826 734 3390 812; baseline -0.003 -20"><span class='ocrx_word' id='word_1_54' title='bbox 1826 738 2088 796; x_wconf 87' lang='lat' dir='ltr'><strong>Dominus</strong></span> <span class='ocrx_word' id='word_1_55' title='bbox 2121 747 2443 812; x_wconf 90' lang='lat' dir='ltr'><strong>prosecutus</strong></span> <span class='ocrx_word' id='word_1_56' title='bbox 2488 737 2675 793; x_wconf 81' lang='lat' dir='ltr'><strong>fuisset</strong></span> <span class='ocrx_word' id='word_1_57' title='bbox 2703 777 2717 802; x_wconf 97' lang='lat'><strong>,</strong></span> <span class='ocrx_word' id='word_1_58' title='bbox 2770 736 2876 791; x_wconf 87' lang='lat' dir='ltr'><strong>nisi</strong></span> <span class='ocrx_word' id='word_1_59' title='bbox 2907 737 3030 790; x_wconf 68' lang='lat' dir='ltr'><strong>vitae</strong></span> <span class='ocrx_word' id='word_1_60' title='bbox 3058 734 3198 788; x_wconf 81' lang='lat' dir='ltr'><strong>ratio</strong></span> <span class='ocrx_word' id='word_1_61' title='bbox 3227 749 3390 804; x_wconf 86' lang='lat' dir='ltr'><strong>quam</strong></span> 
     </span>
    </p>
   </div>
   <div class='ocr_carea' id='block_1_10' title="bbox 136 827 1690 910">
    <p class='ocr_par' dir='ltr' id='par_1_10' title="bbox 136 832 1690 910">
     <span class='ocr_line' id='line_1_10' title="bbox 136 832 1690 910; baseline 0.003 -24"><span class='ocrx_word' id='word_1_62' title='bbox 136 832 320 906; x_wconf 71' lang='grc' dir='ltr'><strong>ἐπειδὴ</strong></span> <span class='ocrx_word' id='word_1_63' title='bbox 360 834 458 886; x_wconf 78' lang='grc' dir='ltr'><strong>καὶ</strong></span> <span class='ocrx_word' id='word_1_64' title='bbox 497 834 652 888; x_wconf 83' lang='grc' dir='ltr'><strong>τοῦτο</strong></span> <span class='ocrx_word' id='word_1_65' title='bbox 694 837 946 909; x_wconf 76' lang='grc' dir='ltr'><strong>πειρᾶται</strong></span> <span class='ocrx_word' id='word_1_66' title='bbox 986 838 1400 910; x_wconf 85' lang='grc' dir='ltr'><strong>τροπολογῆσαι,</strong></span> <span class='ocrx_word' id='word_1_67' title='bbox 1436 835 1530 889; x_wconf 86' lang='grc' dir='ltr'><strong>τοῦ</strong></span> <span class='ocrx_word' id='word_1_68' title='bbox 1563 837 1690 904; x_wconf 80' lang='grc' dir='ltr'><strong>εύαγ</strong></span> 
     </span>
    </p>
   </div>
   <div class='ocr_carea' id='block_1_11' title="bbox 1791 827 3388 910">
    <p class='ocr_par' dir='ltr' id='par_1_11' title="bbox 1824 827 3388 902">
     <span class='ocr_line' id='line_1_11' title="bbox 1824 827 3388 902; baseline -0.004 -15"><span class='ocrx_word' id='word_1_69' title='bbox 1824 831 2179 902; x_wconf 71' lang='lat' dir='ltr'><strong>proﬁtebatur</strong></span> <span class='ocrx_word' id='word_1_70' title='bbox 2209 833 2391 888; x_wconf 87' lang='lat' dir='ltr'><strong>divina</strong></span> <span class='ocrx_word' id='word_1_71' title='bbox 2423 830 2634 888; x_wconf 76' lang='lat' dir='ltr'><strong>fuisset.</strong></span> <span class='ocrx_word' id='word_1_72' title='bbox 2666 827 2850 900; x_wconf 83' lang='lat' dir='ltr'><strong>Neque</strong></span> <span class='ocrx_word' id='word_1_73' title='bbox 2878 829 3059 885; x_wconf 89' lang='lat' dir='ltr'><strong>minus</strong></span> <span class='ocrx_word' id='word_1_74' title='bbox 3098 829 3217 893; x_wconf 90' lang='lat' dir='ltr'><strong>his,</strong></span> <span class='ocrx_word' id='word_1_75' title='bbox 3258 828 3388 882; x_wconf 90' lang='lat' dir='ltr'><strong>dum</strong></span> 
     </span>
    </p>
   </div>
   <div class='ocr_carea' id='block_1_12' title="bbox 134 926 1720 1001">
    <p class='ocr_par' dir='ltr' id='par_1_12' title="bbox 134 926 1720 1001">
     <span class='ocr_line' id='line_1_12' title="bbox 134 926 1720 1001; baseline 0.004 -24"><span class='ocrx_word' id='word_1_76' title='bbox 134 926 352 993; x_wconf 84' lang='grc' dir='ltr'><strong>γελικοῦ</strong></span> <span class='ocrx_word' id='word_1_77' title='bbox 385 928 779 997; x_wconf 68' lang='grc' dir='ltr'><strong>καταψεύδεται</strong></span> <span class='ocrx_word' id='word_1_78' title='bbox 811 931 1164 1001; x_wconf 76' lang='grc' dir='ltr'><strong>γράμματοςο</strong></span> <span class='ocrx_word' id='word_1_79' title='bbox 1201 933 1284 985; x_wconf 81' lang='grc' dir='ltr'><strong>Οὐ</strong></span> <span class='ocrx_word' id='word_1_80' title='bbox 1330 929 1490 984; x_wconf 80' lang='grc' dir='ltr'><strong>πάνυ</strong></span> <span class='ocrx_word' id='word_1_81' title='bbox 1522 947 1597 993; x_wconf 87' lang='grc' dir='ltr'><strong>τι,</strong></span> <span class='ocrx_word' id='word_1_82' title='bbox 1632 930 1720 983; x_wconf 84' lang='grc' dir='ltr'><strong>λέ-</strong></span> 
     </span>
    </p>
   </div>
   <div class='ocr_carea' id='block_1_13' title="bbox 133 1016 1719 1088">
    <p class='ocr_par' dir='ltr' id='par_1_13' title="bbox 133 1016 1719 1088">
     <span class='ocr_line' id='line_1_13' title="bbox 133 1016 1719 1088; baseline 0.004 -21"><span class='ocrx_word' id='word_1_83' title='bbox 133 1031 261 1084; x_wconf 88' lang='grc' dir='ltr'><strong>γων,</strong></span> <span class='ocrx_word' id='word_1_84' title='bbox 287 1016 566 1086; x_wconf 79' lang='grc' dir='ltr'><strong>εὕρομεν,</strong></span> <span class='ocrx_word' id='word_1_85' title='bbox 589 1017 948 1088; x_wconf 76' lang='grc' dir='ltr'><strong>ζητήσαντες</strong></span> <span class='ocrx_word' id='word_1_86' title='bbox 973 1021 1041 1074; x_wconf 76' lang='grc' dir='ltr'><strong>ἐν</strong></span> <span class='ocrx_word' id='word_1_87' title='bbox 1070 1019 1194 1088; x_wconf 85' lang='grc' dir='ltr'><strong>τοῖς</strong></span> <span class='ocrx_word' id='word_1_88' title='bbox 1223 1019 1338 1087; x_wconf 79' lang='grc' dir='ltr'><strong>πρὸ</strong></span> <span class='ocrx_word' id='word_1_89' title='bbox 1370 1021 1602 1085; x_wconf 86' lang='grc' dir='ltr'><strong>τούτου,</strong></span> <span class='ocrx_word' id='word_1_90' title='bbox 1629 1020 1719 1074; x_wconf 78' lang='grc' dir='ltr'><strong>ὅτι</strong></span> 
     </span>
    </p>
   </div>
   <div class='ocr_carea' id='block_1_14' title="bbox 129 1105 1716 1178">
    <p class='ocr_par' dir='ltr' id='par_1_14' title="bbox 129 1105 1716 1178">
     <span class='ocr_line' id='line_1_14' title="bbox 129 1105 1716 1178; baseline 0.004 -18"><span class='ocrx_word' id='word_1_91' title='bbox 129 1105 483 1162; x_wconf 76' lang='grc' dir='ltr'><em>ἐϐάστασαν</em></span> <span class='ocrx_word' id='word_1_92' title='bbox 509 1113 563 1164; x_wconf 78' lang='grc' dir='ltr'><strong>οι</strong></span> <span class='ocrx_word' id='word_1_93' title='bbox 605 1110 866 1164; x_wconf 78' lang='grc' dir='ltr'><strong>Ἰουδαῖοι</strong></span> <span class='ocrx_word' id='word_1_94' title='bbox 889 1115 1100 1178; x_wconf 77' lang='grc' dir='ltr'><strong>λίθους</strong></span> <span class='ocrx_word' id='word_1_95' title='bbox 1123 1113 1223 1166; x_wconf 78' lang='grc' dir='ltr'><strong>ἵνα</strong></span> <span class='ocrx_word' id='word_1_96' title='bbox 1249 1111 1583 1166; x_wconf 74' lang='grc' dir='ltr'><em>λιθάσωσιν</em></span> <span class='ocrx_word' id='word_1_97' title='bbox 1607 1114 1716 1167; x_wconf 86' lang='grc' dir='ltr'><strong>αὐ-</strong></span> 
     </span>
    </p>
   </div>
   <div class='ocr_carea' id='block_1_15' title="bbox 131 1193 1715 1273">
    <p class='ocr_par' dir='ltr' id='par_1_15' title="bbox 131 1193 1715 1273">
     <span class='ocr_line' id='line_1_15' title="bbox 131 1193 1715 1273; baseline 0.006 -25"><span class='ocrx_word' id='word_1_98' title='bbox 131 1198 261 1249; x_wconf 74' lang='grc' dir='ltr'><strong>τόν’</strong></span> <span class='ocrx_word' id='word_1_99' title='bbox 293 1193 417 1251; x_wconf 70' lang='grc' dir='ltr'><strong>εἶτα</strong></span> <span class='ocrx_word' id='word_1_100' title='bbox 453 1202 572 1270; x_wconf 87' lang='grc' dir='ltr'><strong>μετ’</strong></span> <span class='ocrx_word' id='word_1_101' title='bbox 599 1200 754 1270; x_wconf 80' lang='grc' dir='ltr'><strong>ὀλίγα</strong></span> <span class='ocrx_word' id='word_1_102' title='bbox 777 1200 940 1273; x_wconf 82' lang='grc' dir='ltr'><strong>φησίν</strong></span> <span class='ocrx_word' id='word_1_103' title='bbox 958 1218 972 1232; x_wconf 88' lang='grc'><strong>·</strong></span> <span class='ocrx_word' id='word_1_104' title='bbox 1001 1202 1068 1255; x_wconf 81' lang='lat' dir='ltr'><strong>Et</strong></span> <span class='ocrx_word' id='word_1_105' title='bbox 1104 1200 1214 1272; x_wconf 77' lang='grc' dir='ltr'><strong>γὰρ</strong></span> <span class='ocrx_word' id='word_1_106' title='bbox 1243 1201 1431 1256; x_wconf 71' lang='grc' dir='ltr'><strong>πάλιν</strong></span> <span class='ocrx_word' id='word_1_107' title='bbox 1463 1202 1715 1257; x_wconf 78' lang='grc' dir='ltr'><em>ἐϐάστα-</em></span> 
     </span>
    </p>
   </div>
   <div class='ocr_carea' id='block_1_16' title="bbox 129 1291 1718 1365">
    <p class='ocr_par' dir='ltr' id='par_1_16' title="bbox 129 1291 1718 1365">
     <span class='ocr_line' id='line_1_16' title="bbox 129 1291 1718 1365; baseline 0.006 -25"><span class='ocrx_word' id='word_1_108' title='bbox 129 1303 268 1352; x_wconf 77' lang='grc' dir='ltr'><em>σαν,</em></span> <span class='ocrx_word' id='word_1_109' title='bbox 305 1292 604 1360; x_wconf 74' lang='grc' dir='ltr'><strong>πρότερον</strong></span> <span class='ocrx_word' id='word_1_110' title='bbox 631 1291 992 1350; x_wconf 73' lang='grc' dir='ltr'><strong>ἐϐάστασαν·</strong></span> <span class='ocrx_word' id='word_1_111' title='bbox 1029 1295 1140 1349; x_wconf 77' lang='grc' dir='ltr'><strong>ἄνω</strong></span> <span class='ocrx_word' id='word_1_112' title='bbox 1163 1294 1219 1348; x_wconf 84' lang='grc' dir='ltr'><strong>δὲ</strong></span> <span class='ocrx_word' id='word_1_113' title='bbox 1242 1295 1336 1348; x_wconf 72' lang='grc' dir='ltr'><strong>καὶ</strong></span> <span class='ocrx_word' id='word_1_114' title='bbox 1355 1295 1505 1348; x_wconf 82' lang='grc' dir='ltr'><strong>κάτω</strong></span> <span class='ocrx_word' id='word_1_115' title='bbox 1533 1294 1718 1365; x_wconf 84' lang='grc' dir='ltr'><strong>βούλε-</strong></span> 
     </span>
    </p>
   </div>
   <div class='ocr_carea' id='block_1_17' title="bbox 127 1382 1714 1458">
    <p class='ocr_par' dir='ltr' id='par_1_17' title="bbox 127 1382 1714 1458">
     <span class='ocr_line' id='line_1_17' title="bbox 127 1382 1714 1458; baseline 0.004 -26"><span class='ocrx_word' id='word_1_116' title='bbox 127 1396 213 1433; x_wconf 83' lang='grc' dir='ltr'><strong>ται</strong></span> <span class='ocrx_word' id='word_1_117' title='bbox 238 1382 655 1436; x_wconf 85' lang='grc' dir='ltr'><strong>κατασκεύασαι</strong></span> <span class='ocrx_word' id='word_1_118' title='bbox 685 1384 760 1456; x_wconf 74' lang='grc' dir='ltr'><strong>μὴ</strong></span> <span class='ocrx_word' id='word_1_119' title='bbox 802 1387 1159 1457; x_wconf 81' lang='grc' dir='ltr'><strong>προηγεῖσθαι</strong></span> <span class='ocrx_word' id='word_1_120' title='bbox 1201 1387 1293 1440; x_wconf 82' lang='grc' dir='ltr'><strong>καὶ</strong></span> <span class='ocrx_word' id='word_1_121' title='bbox 1323 1386 1487 1458; x_wconf 75' lang='grc' dir='ltr'><strong>ἀλλην</strong></span> <span class='ocrx_word' id='word_1_122' title='bbox 1514 1388 1714 1457; x_wconf 85' lang='grc' dir='ltr'><strong>ὁμοίως</strong></span> 
     </span>
    </p>
   </div>
   <div class='ocr_carea' id='block_1_18' title="bbox 127 1472 1710 1548">
    <p class='ocr_par' dir='ltr' id='par_1_18' title="bbox 127 1472 1710 1548">
     <span class='ocr_line' id='line_1_18' title="bbox 127 1472 1710 1548; baseline 0.006 -25"><span class='ocrx_word' id='word_1_123' title='bbox 127 1472 374 1543; x_wconf 78' lang='grc' dir='ltr'><strong>ἐκδοχὴν,</strong></span> <span class='ocrx_word' id='word_1_124' title='bbox 401 1474 493 1527; x_wconf 82' lang='grc' dir='ltr'><strong>ἶνα</strong></span> <span class='ocrx_word' id='word_1_125' title='bbox 517 1476 859 1545; x_wconf 82' lang='grc' dir='ltr'><strong>συστήσειεν,</strong></span> <span class='ocrx_word' id='word_1_126' title='bbox 879 1477 962 1530; x_wconf 83' lang='grc' dir='ltr'><strong>ὃτι</strong></span> <span class='ocrx_word' id='word_1_127' title='bbox 984 1477 1195 1546; x_wconf 81' lang='grc' dir='ltr'><strong>λόγους,</strong></span> <span class='ocrx_word' id='word_1_128' title='bbox 1221 1476 1335 1530; x_wconf 79' lang='grc' dir='ltr'><strong>ἀλλ’</strong></span> <span class='ocrx_word' id='word_1_129' title='bbox 1361 1478 1481 1548; x_wconf 75' lang='grc' dir='ltr'><strong>οὐχὶ</strong></span> <span class='ocrx_word' id='word_1_130' title='bbox 1510 1477 1710 1545; x_wconf 80' lang='grc' dir='ltr'><strong>λίθους,</strong></span> 
     </span>
    </p>
   </div>
   <div class='ocr_carea' id='block_1_19' title="bbox 124 1563 1712 1640">
    <p class='ocr_par' dir='ltr' id='par_1_19' title="bbox 124 1563 1712 1640">
     <span class='ocr_line' id='line_1_19' title="bbox 124 1563 1712 1640; baseline 0.008 -27"><span class='ocrx_word' id='word_1_131' title='bbox 124 1563 434 1618; x_wconf 75' lang='grc' dir='ltr'><strong>ἐϐάστασαν</strong></span> <span class='ocrx_word' id='word_1_132' title='bbox 465 1565 694 1637; x_wconf 78' lang='grc' dir='ltr'><strong>ἀμελητὶ</strong></span> <span class='ocrx_word' id='word_1_133' title='bbox 733 1568 854 1621; x_wconf 87' lang='grc' dir='ltr'><strong>κατ’</strong></span> <span class='ocrx_word' id='word_1_134' title='bbox 901 1569 1097 1622; x_wconf 80' lang='grc' dir='ltr'><strong>αὐτοῦ’</strong></span> <span class='ocrx_word' id='word_1_135' title='bbox 1140 1570 1316 1623; x_wconf 86' lang='grc' dir='ltr'><strong>καίτοι</strong></span> <span class='ocrx_word' id='word_1_136' title='bbox 1357 1569 1450 1623; x_wconf 82' lang='grc' dir='ltr'><strong>τοῦ</strong></span> <span class='ocrx_word' id='word_1_137' title='bbox 1484 1570 1712 1640; x_wconf 79' lang='grc' dir='ltr'><strong>εὐαγγε-</strong></span> 
     </span>
    </p>
   </div>
   <div class='ocr_carea' id='block_1_20' title="bbox 125 1652 1710 1732">
    <p class='ocr_par' dir='ltr' id='par_1_20' title="bbox 125 1652 1710 1732">
     <span class='ocr_line' id='line_1_20' title="bbox 125 1652 1710 1732; baseline 0.007 -27"><span class='ocrx_word' id='word_1_138' title='bbox 125 1652 301 1708; x_wconf 81' lang='grc' dir='ltr'><strong>λιστοῦ</strong></span> <span class='ocrx_word' id='word_1_139' title='bbox 355 1657 596 1729; x_wconf 79' lang='grc' dir='ltr'><strong>πρόσθεν</strong></span> <span class='ocrx_word' id='word_1_140' title='bbox 637 1658 948 1732; x_wconf 77' lang='grc' dir='ltr'><strong>εἰρηκότος·</strong></span> <span class='ocrx_word' id='word_1_141' title='bbox 982 1656 1167 1728; x_wconf 69' lang='lat' dir='ltr'><strong>&#39;Hpar</strong></span> <span class='ocrx_word' id='word_1_142' title='bbox 1211 1657 1325 1716; x_wconf 78' lang='grc' dir='ltr'><strong>οὖν</strong></span> <span class='ocrx_word' id='word_1_143' title='bbox 1357 1662 1566 1729; x_wconf 74' lang='grc' dir='ltr'><strong>λίθους</strong></span> <span class='ocrx_word' id='word_1_144' title='bbox 1609 1663 1710 1716; x_wconf 72' lang='grc' dir='ltr'><strong>ἵνα</strong></span> 
     </span>
    </p>
   </div>
   <div class='ocr_carea' id='block_1_21' title="bbox 117 1745 1706 1826">
    <p class='ocr_par' dir='ltr' id='par_1_21' title="bbox 117 1745 1706 1826">
     <span class='ocr_line' id='line_1_21' title="bbox 117 1745 1706 1826; baseline 0.004 -25"><span class='ocrx_word' id='word_1_145' title='bbox 117 1745 396 1810; x_wconf 67' lang='grc' dir='ltr'><strong>,ϐάλωσιν</strong></span> <span class='ocrx_word' id='word_1_146' title='bbox 419 1751 516 1802; x_wconf 69' lang='grc' dir='ltr'><strong>ἐπ’</strong></span> <span class='ocrx_word' id='word_1_147' title='bbox 546 1751 752 1805; x_wconf 85' lang='grc' dir='ltr'><strong>αὐτόν.</strong></span> <span class='ocrx_word' id='word_1_148' title='bbox 784 1751 869 1814; x_wconf 81' lang='grc' dir='ltr'><strong>Ὠς</strong></span> <span class='ocrx_word' id='word_1_149' title='bbox 893 1751 951 1804; x_wconf 83' lang='grc' dir='ltr'><strong>δὲ</strong></span> <span class='ocrx_word' id='word_1_150' title='bbox 975 1753 1147 1806; x_wconf 80' lang='grc' dir='ltr'><strong>ταῦτα</strong></span> <span class='ocrx_word' id='word_1_151' title='bbox 1177 1753 1524 1825; x_wconf 68' lang='grc' dir='ltr'><strong>προύγραφεν</strong></span> <span class='ocrx_word' id='word_1_152' title='bbox 1548 1757 1605 1808; x_wconf 72' lang='grc' dir='ltr'><strong>ἐν</strong></span> <span class='ocrx_word' id='word_1_153' title='bbox 1629 1755 1706 1826; x_wconf 82' lang='grc' dir='ltr'><strong>τῷ</strong></span> 
     </span>
    </p>
   </div>
   <div class='ocr_carea' id='block_1_22' title="bbox 124 1839 1705 1917">
    <p class='ocr_par' dir='ltr' id='par_1_22' title="bbox 124 1839 1705 1917">
     <span class='ocr_line' id='line_1_22' title="bbox 124 1839 1705 1917; baseline 0.004 -25"><span class='ocrx_word' id='word_1_154' title='bbox 124 1839 320 1908; x_wconf 77' lang='grc' dir='ltr'><strong>μεταξὺ</strong></span> <span class='ocrx_word' id='word_1_155' title='bbox 350 1841 516 1897; x_wconf 74' lang='grc' dir='ltr'><strong>πέντε</strong></span> <span class='ocrx_word' id='word_1_156' title='bbox 541 1859 646 1895; x_wconf 91' lang='grc' dir='ltr'><strong>που</strong></span> <span class='ocrx_word' id='word_1_157' title='bbox 669 1843 763 1896; x_wconf 77' lang='grc' dir='ltr'><strong>καὶ</strong></span> <span class='ocrx_word' id='word_1_158' title='bbox 781 1844 1073 1916; x_wconf 82' lang='grc' dir='ltr'><strong>τριάκοντα</strong></span> <span class='ocrx_word' id='word_1_159' title='bbox 1096 1845 1229 1917; x_wconf 82' lang='grc' dir='ltr'><strong>πρὸς</strong></span> <span class='ocrx_word' id='word_1_160' title='bbox 1249 1849 1359 1909; x_wconf 87' lang='grc' dir='ltr'><strong>τοῖς</strong></span> <span class='ocrx_word' id='word_1_161' title='bbox 1383 1846 1575 1900; x_wconf 79' lang='grc' dir='ltr'><strong>ἑκατὸν</strong></span> <span class='ocrx_word' id='word_1_162' title='bbox 1601 1847 1705 1899; x_wconf 86' lang='grc' dir='ltr'><strong>στί-</strong></span> 
     </span>
    </p>
   </div>
   <div class='ocr_carea' id='block_1_23' title="bbox 1822 921 3384 995">
    <p class='ocr_par' dir='ltr' id='par_1_23' title="bbox 1822 921 3384 995">
     <span class='ocr_line' id='line_1_23' title="bbox 1822 921 3384 995; baseline -0.002 -18"><span class='ocrx_word' id='word_1_163' title='bbox 1822 924 2168 995; x_wconf 87' lang='lat' dir='ltr'><strong>lapidationis</strong></span> <span class='ocrx_word' id='word_1_164' title='bbox 2214 924 2418 979; x_wconf 84' lang='lat' dir='ltr'><strong>factum</strong></span> <span class='ocrx_word' id='word_1_165' title='bbox 2457 923 2805 994; x_wconf 77' lang='lat' dir='ltr'><strong>speculatur,</strong></span> <span class='ocrx_word' id='word_1_166' title='bbox 2853 921 2985 976; x_wconf 87' lang='lat' dir='ltr'><strong>illud</strong></span> <span class='ocrx_word' id='word_1_167' title='bbox 3023 921 3185 977; x_wconf 86' lang='lat' dir='ltr'><strong>etiam</strong></span> <span class='ocrx_word' id='word_1_168' title='bbox 3231 935 3294 975; x_wconf 88' lang='lat' dir='ltr'><strong>ac</strong></span> <span class='ocrx_word' id='word_1_169' title='bbox 3338 921 3384 976; x_wconf 88' lang='lat' dir='ltr'><strong>si</strong></span> 
     </span>
    </p>
   </div>
   <div class='ocr_carea' id='block_1_24' title="bbox 1820 1012 3390 1087">
    <p class='ocr_par' dir='ltr' id='par_1_24' title="bbox 1820 1012 3390 1087">
     <span class='ocr_line' id='line_1_24' title="bbox 1820 1012 3390 1087; baseline -0.003 -18"><span class='ocrx_word' id='word_1_170' title='bbox 1820 1031 1918 1087; x_wconf 90' lang='lat' dir='ltr'><strong>per</strong></span> <span class='ocrx_word' id='word_1_171' title='bbox 1941 1025 2127 1086; x_wconf 86' lang='lat' dir='ltr'><strong>tropos</strong></span> <span class='ocrx_word' id='word_1_172' title='bbox 2155 1014 2356 1070; x_wconf 80' lang='lat' dir='ltr'><strong>factum</strong></span> <span class='ocrx_word' id='word_1_173' title='bbox 2392 1014 2447 1068; x_wconf 92' lang='lat' dir='ltr'><strong>in</strong></span> <span class='ocrx_word' id='word_1_174' title='bbox 2475 1015 2633 1068; x_wconf 86' lang='lat' dir='ltr'><strong>aliam</strong></span> <span class='ocrx_word' id='word_1_175' title='bbox 2663 1014 2983 1070; x_wconf 88' lang='lat' dir='ltr'><strong>sententiam</strong></span> <span class='ocrx_word' id='word_1_176' title='bbox 3031 1012 3261 1068; x_wconf 87' lang='lat' dir='ltr'><strong>educere</strong></span> <span class='ocrx_word' id='word_1_177' title='bbox 3289 1013 3390 1066; x_wconf 89' lang='lat' dir='ltr'><strong>ob-</strong></span> 
     </span>
    </p>
   </div>
   <div class='ocr_carea' id='block_1_25' title="bbox 1818 1102 3382 1177">
    <p class='ocr_par' dir='ltr' id='par_1_25' title="bbox 1818 1102 3382 1177">
     <span class='ocr_line' id='line_1_25' title="bbox 1818 1102 3382 1177; baseline -0.004 -14"><span class='ocrx_word' id='word_1_178' title='bbox 1818 1108 2020 1174; x_wconf 86' lang='lat' dir='ltr'><strong>nitens,</strong></span> <span class='ocrx_word' id='word_1_179' title='bbox 2052 1107 2108 1161; x_wconf 92' lang='lat' dir='ltr'><strong>in</strong></span> <span class='ocrx_word' id='word_1_180' title='bbox 2136 1106 2461 1177; x_wconf 84' lang='lat' dir='ltr'><strong>evangelicis</strong></span> <span class='ocrx_word' id='word_1_181' title='bbox 2501 1105 2682 1160; x_wconf 90' lang='lat' dir='ltr'><strong>verbis</strong></span> <span class='ocrx_word' id='word_1_182' title='bbox 2717 1105 2851 1160; x_wconf 90' lang='lat' dir='ltr'><strong>mire</strong></span> <span class='ocrx_word' id='word_1_183' title='bbox 2883 1104 3145 1159; x_wconf 81' lang='lat' dir='ltr'><strong>mentitur</strong></span> <span class='ocrx_word' id='word_1_184' title='bbox 3172 1123 3183 1157; x_wconf 91' lang='lat'><strong>:</strong></span> <span class='ocrx_word' id='word_1_185' title='bbox 3217 1102 3382 1166; x_wconf 83' lang='lat' dir='ltr'><strong>Licet,</strong></span> 
     </span>
    </p>
   </div>
   <div class='ocr_carea' id='block_1_26' title="bbox 1817 1194 3386 1269">
    <p class='ocr_par' dir='ltr' id='par_1_26' title="bbox 1817 1194 3386 1269">
     <span class='ocr_line' id='line_1_26' title="bbox 1817 1194 3386 1269; baseline -0.007 -16"><span class='ocrx_word' id='word_1_186' title='bbox 1817 1198 1994 1269; x_wconf 79' lang='lat' dir='ltr'><strong>inquit</strong></span> <span class='ocrx_word' id='word_1_187' title='bbox 2017 1239 2032 1262; x_wconf 92' lang='lat'><strong>,</strong></span> <span class='ocrx_word' id='word_1_188' title='bbox 2073 1198 2296 1252; x_wconf 78' lang='lat' dir='ltr'><strong>multum</strong></span> <span class='ocrx_word' id='word_1_189' title='bbox 2327 1199 2644 1267; x_wconf 71' lang='lat' dir='ltr'><strong>perscrutati</strong></span> <span class='ocrx_word' id='word_1_190' title='bbox 2677 1197 2950 1265; x_wconf 76' lang='lat' dir='ltr'><strong>fuerimus,</strong></span> <span class='ocrx_word' id='word_1_191' title='bbox 2982 1194 3211 1249; x_wconf 84' lang='lat' dir='ltr'><strong>nondum</strong></span> <span class='ocrx_word' id='word_1_192' title='bbox 3241 1195 3386 1248; x_wconf 80' lang='lat' dir='ltr'><strong>iure.</strong></span> 
     </span>
    </p>
   </div>
   <div class='ocr_carea' id='block_1_27' title="bbox 1817 1286 3382 1358">
    <p class='ocr_par' dir='ltr' id='par_1_27' title="bbox 1817 1286 3382 1358">
     <span class='ocr_line' id='line_1_27' title="bbox 1817 1286 3382 1358; baseline -0.003 -15"><span class='ocrx_word' id='word_1_193' title='bbox 1817 1290 1991 1344; x_wconf 75' lang='lat' dir='ltr'><strong>nimus</strong></span> <span class='ocrx_word' id='word_1_194' title='bbox 2020 1289 2075 1342; x_wconf 80' lang='lat' dir='ltr'><strong>in</strong></span> <span class='ocrx_word' id='word_1_195' title='bbox 2113 1289 2192 1343; x_wconf 75' lang='lat' dir='ltr'><strong>his</strong></span> <span class='ocrx_word' id='word_1_196' title='bbox 2222 1305 2335 1358; x_wconf 77' lang='lat' dir='ltr'><strong>qua:</strong></span> <span class='ocrx_word' id='word_1_197' title='bbox 2360 1289 2558 1357; x_wconf 75' lang='lat' dir='ltr'><strong>scripta</strong></span> <span class='ocrx_word' id='word_1_198' title='bbox 2580 1301 2726 1350; x_wconf 78' lang='lat' dir='ltr'><strong>sunt,</strong></span> <span class='ocrx_word' id='word_1_199' title='bbox 2750 1287 2967 1343; x_wconf 63' lang='lat' dir='ltr'><strong>Iudaeos</strong></span> <span class='ocrx_word' id='word_1_200' title='bbox 2994 1287 3279 1354; x_wconf 73' lang='lat' dir='ltr'><strong>arripuisse</strong></span> <span class='ocrx_word' id='word_1_201' title='bbox 3297 1286 3382 1339; x_wconf 88' lang='grc' dir='ltr'><strong>ία-</strong></span> 
     </span>
    </p>
   </div>
   <div class='ocr_carea' id='block_1_28' title="bbox 1813 1377 3386 1450">
    <p class='ocr_par' dir='ltr' id='par_1_28' title="bbox 1813 1377 3386 1450">
     <span class='ocr_line' id='line_1_28' title="bbox 1813 1377 3386 1450; baseline -0.001 -17"><span class='ocrx_word' id='word_1_202' title='bbox 1813 1380 1959 1449; x_wconf 77' lang='lat' dir='ltr'><strong>pides</strong></span> <span class='ocrx_word' id='word_1_203' title='bbox 1992 1389 2050 1433; x_wconf 87' lang='lat' dir='ltr'><strong>ut</strong></span> <span class='ocrx_word' id='word_1_204' title='bbox 2077 1381 2132 1434; x_wconf 79' lang='lat' dir='ltr'><strong>in</strong></span> <span class='ocrx_word' id='word_1_205' title='bbox 2162 1380 2312 1433; x_wconf 78' lang='lat' dir='ltr'><strong>illum</strong></span> <span class='ocrx_word' id='word_1_206' title='bbox 2342 1380 2634 1449; x_wconf 78' lang='lat' dir='ltr'><strong>injicerent.</strong></span> <span class='ocrx_word' id='word_1_207' title='bbox 2670 1379 2736 1433; x_wconf 84' lang='lat' dir='ltr'><strong>Et</strong></span> <span class='ocrx_word' id='word_1_208' title='bbox 2759 1380 2947 1450; x_wconf 84' lang='lat' dir='ltr'><strong>paucis</strong></span> <span class='ocrx_word' id='word_1_209' title='bbox 2972 1379 3206 1434; x_wconf 85' lang='lat' dir='ltr'><strong>additis:</strong></span> <span class='ocrx_word' id='word_1_210' title='bbox 3241 1377 3386 1432; x_wconf 85' lang='lat' dir='ltr'><strong>Nam</strong></span> 
     </span>
    </p>
   </div>
   <div class='ocr_carea' id='block_1_29' title="bbox 1812 1470 3388 1541">
    <p class='ocr_par' dir='ltr' id='par_1_29' title="bbox 1812 1470 3388 1541">
     <span class='ocr_line' id='line_1_29' title="bbox 1812 1470 3388 1541; baseline -0.001 -13"><span class='ocrx_word' id='word_1_211' title='bbox 1812 1476 1860 1528; x_wconf 75' lang='lat' dir='ltr'><strong>si</strong></span> <span class='ocrx_word' id='word_1_212' title='bbox 1891 1475 2079 1527; x_wconf 80' lang='lat' dir='ltr'><strong>iterum</strong></span> <span class='ocrx_word' id='word_1_213' title='bbox 2106 1482 2497 1541; x_wconf 71' lang='lat' dir='ltr'><strong>assumpserunt</strong></span> <span class='ocrx_word' id='word_1_214' title='bbox 2523 1511 2537 1534; x_wconf 91' lang='lat'><strong>,</strong></span> <span class='ocrx_word' id='word_1_215' title='bbox 2593 1472 2741 1539; x_wconf 86' lang='lat' dir='ltr'><strong>prius</strong></span> <span class='ocrx_word' id='word_1_216' title='bbox 2797 1480 3214 1540; x_wconf 79' lang='lat' dir='ltr'><strong>assumpserunt.</strong></span> <span class='ocrx_word' id='word_1_217' title='bbox 3259 1470 3388 1526; x_wconf 82' lang='lat' dir='ltr'><strong>Vult</strong></span> 
     </span>
    </p>
   </div>
   <div class='ocr_carea' id='block_1_30' title="bbox 1811 1564 3385 1635">
    <p class='ocr_par' dir='ltr' id='par_1_30' title="bbox 1811 1564 3385 1635">
     <span class='ocr_line' id='line_1_30' title="bbox 1811 1564 3385 1635; baseline -0.001 -14"><span class='ocrx_word' id='word_1_218' title='bbox 1811 1575 1991 1623; x_wconf 91' lang='lat' dir='ltr'><strong>autem</strong></span> <span class='ocrx_word' id='word_1_219' title='bbox 2023 1577 2134 1620; x_wconf 91' lang='lat' dir='ltr'><strong>tum</strong></span> <span class='ocrx_word' id='word_1_220' title='bbox 2163 1566 2215 1619; x_wconf 93' lang='lat' dir='ltr'><strong>in</strong></span> <span class='ocrx_word' id='word_1_221' title='bbox 2249 1565 2618 1635; x_wconf 86' lang='lat' dir='ltr'><strong>superioribus</strong></span> <span class='ocrx_word' id='word_1_222' title='bbox 2662 1573 2776 1618; x_wconf 92' lang='lat' dir='ltr'><strong>tum</strong></span> <span class='ocrx_word' id='word_1_223' title='bbox 2821 1565 2877 1618; x_wconf 88' lang='lat' dir='ltr'><strong>in</strong></span> <span class='ocrx_word' id='word_1_224' title='bbox 2924 1564 3276 1622; x_wconf 81' lang='lat' dir='ltr'><strong>inferioribus</strong></span> <span class='ocrx_word' id='word_1_225' title='bbox 3306 1567 3385 1621; x_wconf 89' lang='lat' dir='ltr'><strong>nil</strong></span> 
     </span>
    </p>
   </div>
   <div class='ocr_carea' id='block_1_31' title="bbox 1809 1653 3379 1727">
    <p class='ocr_par' dir='ltr' id='par_1_31' title="bbox 1809 1653 3379 1727">
     <span class='ocr_line' id='line_1_31' title="bbox 1809 1653 3379 1727; baseline -0.002 -15"><span class='ocrx_word' id='word_1_226' title='bbox 1809 1658 1919 1712; x_wconf 84' lang='lat' dir='ltr'><strong>tale</strong></span> <span class='ocrx_word' id='word_1_227' title='bbox 1935 1656 2301 1727; x_wconf 69' lang='lat' dir='ltr'><strong>praecessisse,</strong></span> <span class='ocrx_word' id='word_1_228' title='bbox 2320 1664 2377 1709; x_wconf 92' lang='lat' dir='ltr'><strong>ut</strong></span> <span class='ocrx_word' id='word_1_229' title='bbox 2393 1654 2583 1724; x_wconf 87' lang='lat' dir='ltr'><strong>probet</strong></span> <span class='ocrx_word' id='word_1_230' title='bbox 2595 1669 2686 1710; x_wconf 87' lang='lat' dir='ltr'><strong>eos</strong></span> <span class='ocrx_word' id='word_1_231' title='bbox 2704 1653 2890 1719; x_wconf 85' lang='lat' dir='ltr'><strong>verba,</strong></span> <span class='ocrx_word' id='word_1_232' title='bbox 2913 1653 3008 1708; x_wconf 89' lang='lat' dir='ltr'><strong>sed</strong></span> <span class='ocrx_word' id='word_1_233' title='bbox 3022 1669 3131 1708; x_wconf 92' lang='lat' dir='ltr'><strong>non</strong></span> <span class='ocrx_word' id='word_1_234' title='bbox 3150 1654 3379 1724; x_wconf 85' lang='lat' dir='ltr'><strong>lapides,</strong></span> 
     </span>
    </p>
   </div>
   <div class='ocr_carea' id='block_1_32' title="bbox 1808 1742 3382 1816">
    <p class='ocr_par' dir='ltr' id='par_1_32' title="bbox 1808 1742 3382 1816">
     <span class='ocr_line' id='line_1_32' title="bbox 1808 1742 3382 1816; baseline -0.001 -16"><span class='ocrx_word' id='word_1_235' title='bbox 1808 1746 2173 1816; x_wconf 84' lang='lat' dir='ltr'><strong>assumpsisse</strong></span> <span class='ocrx_word' id='word_1_236' title='bbox 2212 1759 2496 1815; x_wconf 86' lang='lat' dir='ltr'><strong>perperam</strong></span> <span class='ocrx_word' id='word_1_237' title='bbox 2547 1743 2602 1797; x_wconf 91' lang='lat' dir='ltr'><strong>in</strong></span> <span class='ocrx_word' id='word_1_238' title='bbox 2637 1742 2820 1809; x_wconf 89' lang='lat' dir='ltr'><strong>illum;</strong></span> <span class='ocrx_word' id='word_1_239' title='bbox 2856 1750 2909 1798; x_wconf 92' lang='lat' dir='ltr'><strong>et</strong></span> <span class='ocrx_word' id='word_1_240' title='bbox 2937 1751 3118 1798; x_wconf 89' lang='lat' dir='ltr'><strong>tamen</strong></span> <span class='ocrx_word' id='word_1_241' title='bbox 3149 1759 3382 1814; x_wconf 83' lang='lat' dir='ltr'><strong>evange-</strong></span> 
     </span>
    </p>
   </div>
   <div class='ocr_carea' id='block_1_33' title="bbox 1808 1833 3382 1907">
    <p class='ocr_par' dir='ltr' id='par_1_33' title="bbox 1808 1833 3382 1907">
     <span class='ocr_line' id='line_1_33' title="bbox 1808 1833 3382 1907; baseline -0.003 -18"><span class='ocrx_word' id='word_1_242' title='bbox 1808 1837 1932 1892; x_wconf 88' lang='lat' dir='ltr'><strong>lista</strong></span> <span class='ocrx_word' id='word_1_243' title='bbox 1973 1837 2128 1907; x_wconf 89' lang='lat' dir='ltr'><strong>prius</strong></span> <span class='ocrx_word' id='word_1_244' title='bbox 2164 1835 2329 1889; x_wconf 83' lang='lat' dir='ltr'><strong>dixit:</strong></span> <span class='ocrx_word' id='word_1_245' title='bbox 2360 1833 2612 1888; x_wconf 84' lang='lat' dir='ltr'><strong>Tulerunt</strong></span> <span class='ocrx_word' id='word_1_246' title='bbox 2637 1834 2802 1902; x_wconf 71' lang='lat' dir='ltr'><strong>igitur</strong></span> <span class='ocrx_word' id='word_1_247' title='bbox 2828 1833 3030 1901; x_wconf 75' lang='lat' dir='ltr'><strong>lapides</strong></span> <span class='ocrx_word' id='word_1_248' title='bbox 3063 1841 3120 1886; x_wconf 85' lang='lat' dir='ltr'><strong>ut</strong></span> <span class='ocrx_word' id='word_1_249' title='bbox 3142 1833 3382 1902; x_wconf 83' lang='lat' dir='ltr'><strong>jacercnt</strong></span> 
     </span>
    </p>
   </div>
   <div class='ocr_carea' id='block_1_34' title="bbox 121 1906 1690 2004">
    <p class='ocr_par' dir='ltr' id='par_1_34' title="bbox 121 1906 1690 2004">
     <span class='ocr_line' id='line_1_34' title="bbox 121 1906 1690 2004; baseline 0.004 -22"><span class='ocrx_word' id='word_1_250' title='bbox 121 1906 244 1998; x_wconf 54' lang='grc' dir='ltr'><strong>γους</strong></span> <span class='ocrx_word' id='word_1_251' title='bbox 282 1930 554 2000; x_wconf 75' lang='grc' dir='ltr'><strong>ὑπερϐὰς,</strong></span> <span class='ocrx_word' id='word_1_252' title='bbox 601 1906 850 2004; x_wconf 67' lang='grc' dir='ltr'><strong>ἐπιφέρει</strong></span> <span class='ocrx_word' id='word_1_253' title='bbox 888 1906 1565 2003; x_wconf 49' lang='grc' dir='ltr'><strong>προσθείς“·Ὲ6ἀστασαν</strong></span> <span class='ocrx_word' id='word_1_254' title='bbox 1590 1931 1690 1991; x_wconf 66' lang='grc' dir='ltr'><strong>οὖν</strong></span> 
     </span>
    </p>
   </div>
   <div class='ocr_carea' id='block_1_35' title="bbox 1791 1906 3380 2004">
    <p class='ocr_par' dir='ltr' id='par_1_35' title="bbox 1806 1906 3380 1995">
     <span class='ocr_line' id='line_1_35' title="bbox 1806 1906 3380 1995; baseline -0.001 -15"><span class='ocrx_word' id='word_1_255' title='bbox 1806 1927 1859 1980; x_wconf 79' lang='lat' dir='ltr'><strong>in</strong></span> <span class='ocrx_word' id='word_1_256' title='bbox 1888 1906 2038 1980; x_wconf 77' lang='lat' dir='ltr'><strong>illum</strong></span> <span class='ocrx_word' id='word_1_257' title='bbox 2064 1926 2128 1976; x_wconf 77' lang='lat'><strong>“.</strong></span> <span class='ocrx_word' id='word_1_258' title='bbox 2189 1924 2318 1990; x_wconf 69' lang='lat' dir='ltr'><strong>Quae</strong></span> <span class='ocrx_word' id='word_1_259' title='bbox 2347 1925 2436 1978; x_wconf 88' lang='lat' dir='ltr'><strong>ubi</strong></span> <span class='ocrx_word' id='word_1_260' title='bbox 2472 1925 2804 1995; x_wconf 88' lang='lat' dir='ltr'><strong>scripsisset,</strong></span> <span class='ocrx_word' id='word_1_261' title='bbox 2837 1931 3055 1978; x_wconf 89' lang='lat' dir='ltr'><strong>centum</strong></span> <span class='ocrx_word' id='word_1_262' title='bbox 3077 1931 3131 1979; x_wconf 91' lang='lat' dir='ltr'><strong>et</strong></span> <span class='ocrx_word' id='word_1_263' title='bbox 3160 1925 3380 1994; x_wconf 75' lang='lat' dir='ltr'><strong>triginta</strong></span> 
     </span>
    </p>
   </div>
   <div class='ocr_carea' id='block_1_36' title="bbox 120 2022 1704 2090">
    <p class='ocr_par' dir='ltr' id='par_1_36' title="bbox 120 2022 1704 2090">
     <span class='ocr_line' id='line_1_36' title="bbox 120 2022 1704 2090; baseline 0.004 -16"><span class='ocrx_word' id='word_1_264' title='bbox 120 2025 168 2075; x_wconf 81' lang='grc' dir='ltr'><strong>οὶ</strong></span> <span class='ocrx_word' id='word_1_265' title='bbox 205 2022 478 2078; x_wconf 83' lang='grc' dir='ltr'><strong>Ἰουδαῖοι</strong></span> <span class='ocrx_word' id='word_1_266' title='bbox 519 2025 730 2090; x_wconf 70' lang='grc' dir='ltr'><strong>,λίθους</strong></span> <span class='ocrx_word' id='word_1_267' title='bbox 769 2026 871 2080; x_wconf 75' lang='grc' dir='ltr'><strong>ἵνα</strong></span> <span class='ocrx_word' id='word_1_268' title='bbox 921 2026 1252 2081; x_wconf 73' lang='grc' dir='ltr'><em>λιθάσωσιν</em></span> <span class='ocrx_word' id='word_1_269' title='bbox 1295 2029 1499 2081; x_wconf 84' lang='grc' dir='ltr'><strong>αὐτόν.</strong></span> <span class='ocrx_word' id='word_1_270' title='bbox 1544 2028 1704 2082; x_wconf 85' lang='grc' dir='ltr'><strong>Ἀλλά</strong></span> 
     </span>
    </p>
   </div>
   <div class='ocr_carea' id='block_1_37' title="bbox 115 2110 1702 2189">
    <p class='ocr_par' dir='ltr' id='par_1_37' title="bbox 115 2110 1702 2189">
     <span class='ocr_line' id='line_1_37' title="bbox 115 2110 1702 2189; baseline 0.006 -23"><span class='ocrx_word' id='word_1_271' title='bbox 115 2112 282 2167; x_wconf 73' lang='grc' dir='ltr'><strong>ταῦτα</strong></span> <span class='ocrx_word' id='word_1_272' title='bbox 315 2114 420 2184; x_wconf 72' lang='grc' dir='ltr'><strong>μὲν</strong></span> <span class='ocrx_word' id='word_1_273' title='bbox 453 2113 651 2177; x_wconf 81' lang='grc' dir='ltr'><strong>διττοῖς</strong></span> <span class='ocrx_word' id='word_1_274' title='bbox 693 2110 1106 2186; x_wconf 74' lang='grc' dir='ltr'><strong>ἀναγέγραίπται</strong></span> <span class='ocrx_word' id='word_1_275' title='bbox 1144 2118 1382 2189; x_wconf 87' lang='grc' dir='ltr'><strong>χωρίοις,</strong></span> <span class='ocrx_word' id='word_1_276' title='bbox 1426 2120 1484 2171; x_wconf 83' lang='grc' dir='ltr'><strong>ὲν</strong></span> <span class='ocrx_word' id='word_1_277' title='bbox 1518 2119 1702 2188; x_wconf 78' lang='grc' dir='ltr'><strong>διαφό-</strong></span> 
     </span>
    </p>
   </div>
   <div class='ocr_carea' id='block_1_38' title="bbox 118 2203 1700 2282">
    <p class='ocr_par' dir='ltr' id='par_1_38' title="bbox 118 2203 1700 2282">
     <span class='ocr_line' id='line_1_38' title="bbox 118 2203 1700 2282; baseline 0.004 -26"><span class='ocrx_word' id='word_1_278' title='bbox 118 2220 226 2273; x_wconf 82' lang='grc' dir='ltr'><strong>ροις</strong></span> <span class='ocrx_word' id='word_1_279' title='bbox 250 2205 306 2258; x_wconf 84' lang='grc' dir='ltr'><strong>δὲ</strong></span> <span class='ocrx_word' id='word_1_280' title='bbox 338 2203 590 2276; x_wconf 80' lang='grc' dir='ltr'><strong>φαίνεται</strong></span> <span class='ocrx_word' id='word_1_281' title='bbox 618 2207 976 2278; x_wconf 84' lang='grc' dir='ltr'><strong>πεπραγμένα</strong></span> <span class='ocrx_word' id='word_1_282' title='bbox 1002 2211 1211 2279; x_wconf 83' lang='grc' dir='ltr'><strong>καιροῖς</strong></span> <span class='ocrx_word' id='word_1_283' title='bbox 1249 2209 1356 2262; x_wconf 84' lang='grc' dir='ltr'><strong>ἀπὸ</strong></span> <span class='ocrx_word' id='word_1_284' title='bbox 1379 2208 1472 2262; x_wconf 83' lang='grc' dir='ltr'><strong>τοῦ</strong></span> <span class='ocrx_word' id='word_1_285' title='bbox 1502 2209 1578 2282; x_wconf 79' lang='grc' dir='ltr'><strong>μὴ</strong></span> <span class='ocrx_word' id='word_1_286' title='bbox 1604 2210 1700 2272; x_wconf 77' lang='grc' dir='ltr'><strong>τὰς</strong></span> 
     </span>
    </p>
   </div>
   <div class='ocr_carea' id='block_1_39' title="bbox 115 2296 1696 2371">
    <p class='ocr_par' dir='ltr' id='par_1_39' title="bbox 115 2296 1696 2371">
     <span class='ocr_line' id='line_1_39' title="bbox 115 2296 1696 2371; baseline 0.006 -24"><span class='ocrx_word' id='word_1_287' title='bbox 115 2296 278 2359; x_wconf 77' lang='grc' dir='ltr'><strong>αὑτὰς</strong></span> <span class='ocrx_word' id='word_1_288' title='bbox 311 2296 462 2366; x_wconf 72' lang='grc' dir='ltr'><strong>ἔχειν</strong></span> <span class='ocrx_word' id='word_1_289' title='bbox 507 2297 615 2352; x_wconf 84' lang='grc' dir='ltr'><strong>τῶν</strong></span> <span class='ocrx_word' id='word_1_290' title='bbox 663 2297 922 2368; x_wconf 78' lang='grc' dir='ltr'><strong>ῥημάτων</strong></span> <span class='ocrx_word' id='word_1_291' title='bbox 971 2299 1270 2363; x_wconf 77' lang='grc' dir='ltr'>ἐπιπλοκὰς</span> <span class='ocrx_word' id='word_1_292' title='bbox 1323 2300 1355 2371; x_wconf 80' lang='grc' dir='ltr'>ἢ</span> <span class='ocrx_word' id='word_1_293' title='bbox 1405 2299 1696 2369; x_wconf 77' lang='grc' dir='ltr'><strong>συζυγίας·</strong></span> 
     </span>
    </p>
   </div>
   <div class='ocr_carea' id='block_1_40' title="bbox 114 2386 1699 2463">
    <p class='ocr_par' dir='ltr' id='par_1_40' title="bbox 114 2386 1699 2463">
     <span class='ocr_line' id='line_1_40' title="bbox 114 2386 1699 2463; baseline 0.003 -23"><span class='ocrx_word' id='word_1_294' title='bbox 114 2386 220 2440; x_wconf 76' lang='grc' dir='ltr'><strong>ἀλλ’</strong></span> <span class='ocrx_word' id='word_1_295' title='bbox 254 2388 561 2458; x_wconf 83' lang='grc' dir='ltr'><strong>Ὡριγένης.</strong></span> <span class='ocrx_word' id='word_1_296' title='bbox 609 2392 637 2442; x_wconf 82' lang='grc' dir='ltr'>ὁ</span> <span class='ocrx_word' id='word_1_297' title='bbox 680 2390 857 2453; x_wconf 79' lang='grc' dir='ltr'><strong>πάσας</strong></span> <span class='ocrx_word' id='word_1_298' title='bbox 900 2390 1143 2460; x_wconf 72' lang='grc' dir='ltr'><strong>οἰόμενος</strong></span> <span class='ocrx_word' id='word_1_299' title='bbox 1186 2392 1382 2445; x_wconf 88' lang='grc' dir='ltr'><strong>είδέναι</strong></span> <span class='ocrx_word' id='word_1_300' title='bbox 1421 2391 1519 2455; x_wconf 79' lang='grc' dir='ltr'><strong>τὰς</strong></span> <span class='ocrx_word' id='word_1_301' title='bbox 1560 2392 1600 2444; x_wconf 91' lang='grc' dir='ltr'><strong><em>Γ</em></strong></span> <span class='ocrx_word' id='word_1_302' title='bbox 1604 2410 1699 2463; x_wconf 89' lang='grc' dir='ltr'><strong>ρα-</strong></span> 
     </span>
    </p>
   </div>
   <div class='ocr_carea' id='block_1_41' title="bbox 113 2478 1696 2552">
    <p class='ocr_par' dir='ltr' id='par_1_41' title="bbox 113 2478 1696 2552">
     <span class='ocr_line' id='line_1_41' title="bbox 113 2478 1696 2552; baseline 0.002 -22"><span class='ocrx_word' id='word_1_303' title='bbox 113 2478 232 2544; x_wconf 70' lang='grc' dir='ltr'>φὰς,</span> <span class='ocrx_word' id='word_1_304' title='bbox 260 2479 363 2531; x_wconf 76' lang='grc' dir='ltr'><strong>οὐκ</strong></span> <span class='ocrx_word' id='word_1_305' title='bbox 405 2479 616 2546; x_wconf 82' lang='grc' dir='ltr'><strong>ἀνέγνω</strong></span> <span class='ocrx_word' id='word_1_306' title='bbox 648 2480 803 2536; x_wconf 79' lang='grc' dir='ltr'><strong>τοῦτο</strong></span> <span class='ocrx_word' id='word_1_307' title='bbox 836 2480 930 2533; x_wconf 81' lang='grc' dir='ltr'><strong>καὶ</strong></span> <span class='ocrx_word' id='word_1_308' title='bbox 971 2480 1144 2535; x_wconf 80' lang='grc' dir='ltr'><strong>ταῦτα</strong></span> <span class='ocrx_word' id='word_1_309' title='bbox 1186 2482 1411 2552; x_wconf 84' lang='grc' dir='ltr'><strong>γράφων</strong></span> <span class='ocrx_word' id='word_1_310' title='bbox 1458 2482 1534 2546; x_wconf 86' lang='grc' dir='ltr'><strong>ὼς</strong></span> <span class='ocrx_word' id='word_1_311' title='bbox 1578 2481 1696 2534; x_wconf 81' lang='grc' dir='ltr'><strong>ὅλον</strong></span> 
     </span>
    </p>
   </div>
   <div class='ocr_carea' id='block_1_42' title="bbox 111 2570 1060 2641">
    <p class='ocr_par' dir='ltr' id='par_1_42' title="bbox 111 2570 1060 2641">
     <span class='ocr_line' id='line_1_42' title="bbox 111 2570 1060 2641; baseline 0.003 -19"><span class='ocrx_word' id='word_1_312' title='bbox 111 2570 240 2639; x_wconf 78' lang='grc' dir='ltr'><strong>ὁμοῦ</strong></span> <span class='ocrx_word' id='word_1_313' title='bbox 269 2570 330 2623; x_wconf 85' lang='grc' dir='ltr'><strong>τὸ</strong></span> <span class='ocrx_word' id='word_1_314' title='bbox 358 2571 691 2641; x_wconf 78' lang='grc' dir='ltr'><strong>Εὑαγγὲλιον</strong></span> <span class='ocrx_word' id='word_1_315' title='bbox 719 2574 812 2624; x_wconf 74' lang='grc' dir='ltr'><strong>ἐπὶ</strong></span> <span class='ocrx_word' id='word_1_316' title='bbox 842 2572 1060 2638; x_wconf 78' lang='grc' dir='ltr'><strong>λέξεως.</strong></span> 
     </span>
    </p>
   </div>
   <div class='ocr_carea' id='block_1_43' title="bbox 173 2745 1685 2822">
    <p class='ocr_par' dir='ltr' id='par_1_43' title="bbox 173 2745 1685 2822">
     <span class='ocr_line' id='line_1_43' title="bbox 173 2745 1685 2822; baseline 0.001 -20"><span class='ocrx_word' id='word_1_317' title='bbox 173 2745 339 2804; x_wconf 75' lang='lat' dir='ltr'><strong>XXII.</strong></span> <span class='ocrx_word' id='word_1_318' title='bbox 373 2748 441 2804; x_wconf 83' lang='lat' dir='ltr'><strong>El</strong></span> <span class='ocrx_word' id='word_1_319' title='bbox 467 2748 524 2804; x_wconf 82' lang='grc' dir='ltr'><em>δέ</em></span> <span class='ocrx_word' id='word_1_320' title='bbox 552 2767 635 2812; x_wconf 87' lang='grc' dir='ltr'><strong>τις</strong></span> <span class='ocrx_word' id='word_1_321' title='bbox 657 2749 1023 2822; x_wconf 80' lang='grc' dir='ltr'><strong>ὑπολαμϐάνει</strong></span> <span class='ocrx_word' id='word_1_322' title='bbox 1046 2749 1221 2804; x_wconf 81' lang='grc' dir='ltr'><strong>ταῦτα</strong></span> <span class='ocrx_word' id='word_1_323' title='bbox 1243 2749 1498 2804; x_wconf 77' lang='grc' dir='ltr'><strong>πλάττειν</strong></span> <span class='ocrx_word' id='word_1_324' title='bbox 1519 2751 1685 2822; x_wconf 79' lang='grc' dir='ltr'>ἡμᾶς,</span> 
     </span>
    </p>
   </div>
   <div class='ocr_carea' id='block_1_44' title="bbox 109 2841 1691 2915">
    <p class='ocr_par' dir='ltr' id='par_1_44' title="bbox 109 2841 1691 2915">
     <span class='ocr_line' id='line_1_44' title="bbox 109 2841 1691 2915; baseline 0.001 -21"><span class='ocrx_word' id='word_1_325' title='bbox 109 2841 292 2906; x_wconf 80' lang='grc' dir='ltr'><strong>αὐταῖς</strong></span> <span class='ocrx_word' id='word_1_326' title='bbox 306 2845 432 2905; x_wconf 77' lang='grc' dir='ltr'><strong>ταῖς</strong></span> <span class='ocrx_word' id='word_1_327' title='bbox 453 2843 834 2912; x_wconf 79' lang='grc' dir='ltr'><strong>εὐαγγελικαῖς</strong></span> <span class='ocrx_word' id='word_1_328' title='bbox 857 2843 1095 2915; x_wconf 75' lang='grc' dir='ltr'><strong>ἐντυχὼν</strong></span> <span class='ocrx_word' id='word_1_329' title='bbox 1123 2844 1446 2913; x_wconf 79' lang='grc' dir='ltr'><strong>ἀποφάσεσι,</strong></span> <span class='ocrx_word' id='word_1_330' title='bbox 1464 2843 1559 2896; x_wconf 76' lang='grc' dir='ltr'><strong>καὶ</strong></span> <span class='ocrx_word' id='word_1_331' title='bbox 1581 2845 1691 2907; x_wconf 73' lang='grc' dir='ltr'><strong>τοῖς</strong></span> 
     </span>
    </p>
   </div>
   <div class='ocr_carea' id='block_1_45' title="bbox 110 2934 1690 3008">
    <p class='ocr_par' dir='ltr' id='par_1_45' title="bbox 110 2934 1690 3008">
     <span class='ocr_line' id='line_1_45' title="bbox 110 2934 1690 3008; baseline 0.001 -22"><span class='ocrx_word' id='word_1_332' title='bbox 110 2934 488 3005; x_wconf 65' lang='grc' dir='ltr'><strong>ὲμπογηθεϊσιν</strong></span> <span class='ocrx_word' id='word_1_333' title='bbox 509 2935 655 3006; x_wconf 83' lang='grc' dir='ltr'><strong>αὐτῷ</strong></span> <span class='ocrx_word' id='word_1_334' title='bbox 680 2937 806 3008; x_wconf 80' lang='grc' dir='ltr'><strong>περὶ</strong></span> <span class='ocrx_word' id='word_1_335' title='bbox 828 2935 985 2990; x_wconf 79' lang='grc' dir='ltr'><strong>τοῦτο</strong></span> <span class='ocrx_word' id='word_1_336' title='bbox 1012 2936 1437 3007; x_wconf 86' lang='grc' dir='ltr'><strong>σπουδάσμασιν,</strong></span> <span class='ocrx_word' id='word_1_337' title='bbox 1468 2935 1690 3007; x_wconf 79' lang='grc' dir='ltr'><strong>εὑρήσει</strong></span> 
     </span>
    </p>
   </div>
   <div class='ocr_carea' id='block_1_46' title="bbox 111 3025 1691 3102">
    <p class='ocr_par' dir='ltr' id='par_1_46' title="bbox 111 3025 1691 3102">
     <span class='ocr_line' id='line_1_46' title="bbox 111 3025 1691 3102; baseline 0.001 -24"><span class='ocrx_word' id='word_1_338' title='bbox 111 3025 268 3096; x_wconf 80' lang='grc' dir='ltr'><strong>μηδὲν</strong></span> <span class='ocrx_word' id='word_1_339' title='bbox 287 3029 440 3098; x_wconf 76' lang='grc' dir='ltr'><strong>ἡμᾶς</strong></span> <span class='ocrx_word' id='word_1_340' title='bbox 464 3027 744 3098; x_wconf 84' lang='grc' dir='ltr'><strong>είρηκέναι</strong></span> <span class='ocrx_word' id='word_1_341' title='bbox 765 3027 978 3098; x_wconf 78' lang='grc' dir='ltr'><strong>ψευδές.</strong></span> <span class='ocrx_word' id='word_1_342' title='bbox 1012 3027 1174 3083; x_wconf 81' lang='grc' dir='ltr'><strong>Ἀλλὰ</strong></span> <span class='ocrx_word' id='word_1_343' title='bbox 1198 3046 1249 3082; x_wconf 88' lang='grc' dir='ltr'><strong>τι</strong></span> <span class='ocrx_word' id='word_1_344' title='bbox 1270 3029 1347 3082; x_wconf 83' lang='grc' dir='ltr'><strong>δεῖ</strong></span> <span class='ocrx_word' id='word_1_345' title='bbox 1380 3028 1691 3102; x_wconf 83' lang='grc' dir='ltr'><strong>περαιτέρω</strong></span> 
     </span>
    </p>
   </div>
   <div class='ocr_carea' id='block_1_47' title="bbox 107 3115 1687 3191">
    <p class='ocr_par' dir='ltr' id='par_1_47' title="bbox 107 3115 1687 3191">
     <span class='ocr_line' id='line_1_47' title="bbox 107 3115 1687 3191; baseline 0.003 -23"><span class='ocrx_word' id='word_1_346' title='bbox 107 3115 312 3183; x_wconf 75' lang='grc' dir='ltr'><strong>λέγεινς</strong></span> <span class='ocrx_word' id='word_1_347' title='bbox 353 3119 608 3173; x_wconf 72' lang='grc' dir='ltr'><strong>’Ἄπαντα</strong></span> <span class='ocrx_word' id='word_1_348' title='bbox 634 3118 752 3191; x_wconf 78' lang='grc' dir='ltr'><strong>μὲν,</strong></span> <span class='ocrx_word' id='word_1_349' title='bbox 784 3118 861 3182; x_wconf 83' lang='grc' dir='ltr'>ὡς</span> <span class='ocrx_word' id='word_1_350' title='bbox 885 3118 1013 3184; x_wconf 79' lang='grc' dir='ltr'>ἔπος</span> <span class='ocrx_word' id='word_1_351' title='bbox 1039 3121 1233 3185; x_wconf 77' lang='grc' dir='ltr'><strong>εἰπεῖν,</strong></span> <span class='ocrx_word' id='word_1_352' title='bbox 1265 3122 1329 3174; x_wconf 87' lang='grc' dir='ltr'><strong>ὲκ</strong></span> <span class='ocrx_word' id='word_1_353' title='bbox 1351 3119 1458 3174; x_wconf 85' lang='grc' dir='ltr'><strong>τῶν</strong></span> <span class='ocrx_word' id='word_1_354' title='bbox 1487 3119 1687 3191; x_wconf 78' lang='grc' dir='ltr'><strong>ὀνομά-</strong></span> 
     </span>
    </p>
   </div>
   <div class='ocr_carea' id='block_1_48' title="bbox 107 3209 1758 3306">
    <p class='ocr_par' dir='ltr' id='par_1_48' title="bbox 107 3209 1758 3306">
     <span class='ocr_line' id='line_1_48' title="bbox 107 3209 1758 3306; baseline 0.005 -48"><span class='ocrx_word' id='word_1_355' title='bbox 107 3223 208 3260; x_wconf 82' lang='grc' dir='ltr'><strong>των</strong></span> <span class='ocrx_word' id='word_1_356' title='bbox 236 3209 577 3281; x_wconf 75' lang='grc' dir='ltr'><strong>ἀλληγορῶν,</strong></span> <span class='ocrx_word' id='word_1_357' title='bbox 603 3211 818 3283; x_wconf 85' lang='grc' dir='ltr'><strong>ἀναιρεῖ</strong></span> <span class='ocrx_word' id='word_1_358' title='bbox 850 3213 948 3277; x_wconf 68' lang='grc' dir='ltr'><strong>τὰς</strong></span> <span class='ocrx_word' id='word_1_359' title='bbox 971 3214 1081 3267; x_wconf 86' lang='grc' dir='ltr'><strong>τῶν</strong></span> <span class='ocrx_word' id='word_1_360' title='bbox 1119 3213 1459 3284; x_wconf 77' lang='grc' dir='ltr'><strong>πραγμάτων</strong></span> <span class='ocrx_word' id='word_1_361' title='bbox 1495 3213 1689 3267; x_wconf 84' lang='grc' dir='ltr'>ύποθέ-</span> <span class='ocrx_word' id='word_1_362' title='bbox 1715 3247 1758 3306; x_wconf 80' lang='lat' dir='ltr'><strong>C</strong></span> 
     </span>
    </p>
   </div>
   <div class='ocr_carea' id='block_1_49' title="bbox 109 3301 1688 3376">
    <p class='ocr_par' dir='ltr' id='par_1_49' title="bbox 109 3301 1688 3376">
     <span class='ocr_line' id='line_1_49' title="bbox 109 3301 1688 3376; baseline 0.006 -23"><span class='ocrx_word' id='word_1_363' title='bbox 109 3317 234 3364; x_wconf 88' lang='grc' dir='ltr'><strong>σεις,</strong></span> <span class='ocrx_word' id='word_1_364' title='bbox 267 3302 392 3354; x_wconf 75' lang='grc' dir='ltr'><strong>οὐδὲ</strong></span> <span class='ocrx_word' id='word_1_365' title='bbox 430 3301 586 3356; x_wconf 81' lang='grc' dir='ltr'><strong>τοῦτο</strong></span> <span class='ocrx_word' id='word_1_366' title='bbox 624 3303 839 3368; x_wconf 82' lang='grc' dir='ltr'><strong>ὲννοῶν,</strong></span> <span class='ocrx_word' id='word_1_367' title='bbox 872 3304 953 3358; x_wconf 82' lang='grc' dir='ltr'><strong>ὅτι</strong></span> <span class='ocrx_word' id='word_1_368' title='bbox 987 3305 1176 3359; x_wconf 74' lang='grc' dir='ltr'><strong>πολλαὶ</strong></span> <span class='ocrx_word' id='word_1_369' title='bbox 1225 3306 1324 3375; x_wconf 84' lang='grc' dir='ltr'><strong>μέν</strong></span> <span class='ocrx_word' id='word_1_370' title='bbox 1364 3308 1500 3360; x_wconf 76' lang='grc' dir='ltr'><strong>εἰσιν</strong></span> <span class='ocrx_word' id='word_1_371' title='bbox 1542 3306 1688 3376; x_wconf 86' lang='grc' dir='ltr'><strong>ὀμω-</strong></span> 
     </span>
    </p>
   </div>
   <div class='ocr_carea' id='block_1_50' title="bbox 107 3393 1684 3468">
    <p class='ocr_par' dir='ltr' id='par_1_50' title="bbox 107 3393 1684 3468">
     <span class='ocr_line' id='line_1_50' title="bbox 107 3393 1684 3468; baseline 0.005 -24"><span class='ocrx_word' id='word_1_372' title='bbox 107 3393 285 3462; x_wconf 85' lang='grc' dir='ltr'><strong>νυμίαι</strong></span> <span class='ocrx_word' id='word_1_373' title='bbox 315 3394 542 3447; x_wconf 85' lang='grc' dir='ltr'><strong>δικαίων</strong></span> <span class='ocrx_word' id='word_1_374' title='bbox 576 3395 654 3464; x_wconf 73' lang='grc' dir='ltr'><strong>ἡδ’</strong></span> <span class='ocrx_word' id='word_1_375' title='bbox 688 3397 907 3460; x_wconf 81' lang='grc' dir='ltr'><strong>ἀδίκων,</strong></span> <span class='ocrx_word' id='word_1_376' title='bbox 943 3397 1042 3463; x_wconf 84' lang='grc' dir='ltr'><strong>οὐχ</strong></span> <span class='ocrx_word' id='word_1_377' title='bbox 1082 3395 1194 3451; x_wconf 75' lang='grc' dir='ltr'>οἷόν</span> <span class='ocrx_word' id='word_1_378' title='bbox 1235 3415 1294 3452; x_wconf 88' lang='grc' dir='ltr'><strong>τε</strong></span> <span class='ocrx_word' id='word_1_379' title='bbox 1324 3397 1393 3468; x_wconf 75' lang='grc' dir='ltr'><strong>ζδὲ</strong></span> <span class='ocrx_word' id='word_1_380' title='bbox 1427 3399 1524 3462; x_wconf 84' lang='grc' dir='ltr'><strong>τὰς</strong></span> <span class='ocrx_word' id='word_1_381' title='bbox 1559 3401 1684 3452; x_wconf 87' lang='grc' dir='ltr'><strong>ἀνο-</strong></span> 
     </span>
    </p>
   </div>
   <div class='ocr_carea' id='block_1_51' title="bbox 110 3483 1684 3555">
    <p class='ocr_par' dir='ltr' id='par_1_51' title="bbox 110 3483 1684 3555">
     <span class='ocr_line' id='line_1_51' title="bbox 110 3483 1684 3555; baseline 0.003 -17"><span class='ocrx_word' id='word_1_382' title='bbox 110 3483 282 3554; x_wconf 84' lang='grc' dir='ltr'><strong>μοίους</strong></span> <span class='ocrx_word' id='word_1_383' title='bbox 312 3485 408 3538; x_wconf 81' lang='grc' dir='ltr'><strong>τοῦ</strong></span> <span class='ocrx_word' id='word_1_384' title='bbox 439 3485 555 3555; x_wconf 78' lang='grc' dir='ltr'><strong>βίου</strong></span> <span class='ocrx_word' id='word_1_385' title='bbox 601 3487 875 3551; x_wconf 74' lang='grc' dir='ltr'>πολιτείας</span> <span class='ocrx_word' id='word_1_386' title='bbox 911 3488 978 3542; x_wconf 86' lang='grc' dir='ltr'><strong>ὲκ</strong></span> <span class='ocrx_word' id='word_1_387' title='bbox 1001 3487 1096 3542; x_wconf 81' lang='grc' dir='ltr'><strong>τοῦ</strong></span> <span class='ocrx_word' id='word_1_388' title='bbox 1136 3489 1253 3554; x_wconf 79' lang='grc' dir='ltr'><strong>ἑνὸς</strong></span> <span class='ocrx_word' id='word_1_389' title='bbox 1275 3489 1536 3554; x_wconf 84' lang='grc' dir='ltr'><strong>ὡσαύτως</strong></span> <span class='ocrx_word' id='word_1_390' title='bbox 1569 3492 1684 3543; x_wconf 83' lang='grc' dir='ltr'>όνό-</span> 
     </span>
    </p>
   </div>
   <div class='ocr_carea' id='block_1_52' title="bbox 111 3577 1682 3651">
    <p class='ocr_par' dir='ltr' id='par_1_52' title="bbox 111 3577 1682 3651">
     <span class='ocr_line' id='line_1_52' title="bbox 111 3577 1682 3651; baseline 0.003 -22"><span class='ocrx_word' id='word_1_391' title='bbox 111 3592 266 3643; x_wconf 80' lang='grc' dir='ltr'><strong>ματος</strong></span> <span class='ocrx_word' id='word_1_392' title='bbox 300 3577 612 3647; x_wconf 74' lang='grc' dir='ltr'><strong>κρίνεσθαιο</strong></span> <span class='ocrx_word' id='word_1_393' title='bbox 655 3577 770 3630; x_wconf 81' lang='grc' dir='ltr'><strong>ἔστι</strong></span> <span class='ocrx_word' id='word_1_394' title='bbox 803 3577 935 3646; x_wconf 83' lang='grc' dir='ltr'><strong>γοῦν</strong></span> <span class='ocrx_word' id='word_1_395' title='bbox 984 3578 1180 3643; x_wconf 80' lang='grc' dir='ltr'>Ἰούδας</span> <span class='ocrx_word' id='word_1_396' title='bbox 1213 3582 1242 3634; x_wconf 88' lang='grc' dir='ltr'><strong>ό</strong></span> <span class='ocrx_word' id='word_1_397' title='bbox 1271 3581 1555 3651; x_wconf 85' lang='grc' dir='ltr'>προδότης,</span> <span class='ocrx_word' id='word_1_398' title='bbox 1587 3581 1682 3635; x_wconf 78' lang='grc' dir='ltr'><strong>καὶ</strong></span> 
     </span>
    </p>
   </div>
   <div class='ocr_carea' id='block_1_53' title="bbox 108 3665 1680 3744">
    <p class='ocr_par' dir='ltr' id='par_1_53' title="bbox 108 3665 1680 3744">
     <span class='ocr_line' id='line_1_53' title="bbox 108 3665 1680 3744; baseline 0.004 -25"><span class='ocrx_word' id='word_1_399' title='bbox 108 3665 320 3739; x_wconf 81' lang='grc' dir='ltr'><strong>θάτερος</strong></span> <span class='ocrx_word' id='word_1_400' title='bbox 358 3668 561 3732; x_wconf 82' lang='grc' dir='ltr'>Ἰούδας</span> <span class='ocrx_word' id='word_1_401' title='bbox 599 3670 922 3735; x_wconf 76' lang='grc' dir='ltr'><strong>ἀπόστολοςο</strong></span> <span class='ocrx_word' id='word_1_402' title='bbox 979 3671 1010 3743; x_wconf 82' lang='grc' dir='ltr'>ἦ</span> <span class='ocrx_word' id='word_1_403' title='bbox 1061 3666 1129 3725; x_wconf 77' lang='grc' dir='ltr'><strong>αὖ</strong></span> <span class='ocrx_word' id='word_1_404' title='bbox 1190 3671 1350 3726; x_wconf 80' lang='grc' dir='ltr'><strong>πάλιν</strong></span> <span class='ocrx_word' id='word_1_405' title='bbox 1409 3675 1680 3744; x_wconf 81' lang='grc' dir='ltr'><strong>Ζαχαρίας</strong></span> 
     </span>
    </p>
   </div>
   <div class='ocr_carea' id='block_1_54' title="bbox 106 3755 1680 3836">
    <p class='ocr_par' dir='ltr' id='par_1_54' title="bbox 106 3755 1680 3836">
     <span class='ocr_line' id='line_1_54' title="bbox 106 3755 1680 3836; baseline 0.006 -28"><span class='ocrx_word' id='word_1_406' title='bbox 106 3755 431 3821; x_wconf 76' lang='grc' dir='ltr'><strong>ἀδικώτατος</strong></span> <span class='ocrx_word' id='word_1_407' title='bbox 480 3757 752 3828; x_wconf 82' lang='grc' dir='ltr'><strong>βασιλεὺς,</strong></span> <span class='ocrx_word' id='word_1_408' title='bbox 793 3762 889 3814; x_wconf 74' lang='grc' dir='ltr'><strong>καὶ</strong></span> <span class='ocrx_word' id='word_1_409' title='bbox 935 3761 1212 3832; x_wconf 82' lang='grc' dir='ltr'><strong>Ζαχαρίας</strong></span> <span class='ocrx_word' id='word_1_410' title='bbox 1245 3763 1431 3833; x_wconf 80' lang='grc' dir='ltr'><strong>ἕτερος</strong></span> <span class='ocrx_word' id='word_1_411' title='bbox 1471 3765 1498 3816; x_wconf 82' lang='grc' dir='ltr'>ὁ</span> <span class='ocrx_word' id='word_1_412' title='bbox 1546 3783 1680 3836; x_wconf 91' lang='grc' dir='ltr'><strong>προ-</strong></span> 
     </span>
    </p>
   </div>
   <div class='ocr_carea' id='block_1_55' title="bbox 107 3848 1678 3926">
    <p class='ocr_par' dir='ltr' id='par_1_55' title="bbox 107 3848 1678 3926">
     <span class='ocr_line' id='line_1_55' title="bbox 107 3848 1678 3926; baseline 0.006 -24"><span class='ocrx_word' id='word_1_413' title='bbox 107 3848 290 3918; x_wconf 75' lang='grc' dir='ltr'><strong>φήτης.</strong></span> <span class='ocrx_word' id='word_1_414' title='bbox 333 3850 408 3903; x_wconf 73' lang='grc' dir='ltr'><strong>Οὐ</strong></span> <span class='ocrx_word' id='word_1_415' title='bbox 439 3849 544 3921; x_wconf 79' lang='grc' dir='ltr'><strong>μὴν</strong></span> <span class='ocrx_word' id='word_1_416' title='bbox 569 3851 701 3905; x_wconf 69' lang='grc' dir='ltr'><strong>ἀλλὰ</strong></span> <span class='ocrx_word' id='word_1_417' title='bbox 732 3853 822 3905; x_wconf 74' lang='grc' dir='ltr'><strong>καὶ</strong></span> <span class='ocrx_word' id='word_1_418' title='bbox 854 3854 882 3905; x_wconf 85' lang='grc' dir='ltr'><strong>ὀ</strong></span> <span class='ocrx_word' id='word_1_419' title='bbox 912 3851 1126 3924; x_wconf 75' lang='grc' dir='ltr'><strong>βληθεὶς</strong></span> <span class='ocrx_word' id='word_1_420' title='bbox 1158 3855 1215 3905; x_wconf 79' lang='grc' dir='ltr'><strong>ὲν</strong></span> <span class='ocrx_word' id='word_1_421' title='bbox 1243 3857 1306 3924; x_wconf 77' lang='grc' dir='ltr'><strong>τῇ</strong></span> <span class='ocrx_word' id='word_1_422' title='bbox 1347 3856 1561 3926; x_wconf 79' lang='grc' dir='ltr'><strong>καμίνῳ</strong></span> <span class='ocrx_word' id='word_1_423' title='bbox 1585 3858 1678 3910; x_wconf 81' lang='grc' dir='ltr'><strong>τοῦ</strong></span> 
     </span>
    </p>
   </div>
   <div class='ocr_carea' id='block_1_56' title="bbox 105 3941 1677 4015">
    <p class='ocr_par' dir='ltr' id='par_1_56' title="bbox 105 3941 1677 4015">
     <span class='ocr_line' id='line_1_56' title="bbox 105 3941 1677 4015; baseline 0.006 -25"><span class='ocrx_word' id='word_1_424' title='bbox 105 3941 263 4010; x_wconf 48' lang='lat' dir='ltr'><strong>my);</strong></span> <span class='ocrx_word' id='word_1_425' title='bbox 300 3941 547 4006; x_wconf 80' lang='grc' dir='ltr'><strong>Ἀνανίας</strong></span> <span class='ocrx_word' id='word_1_426' title='bbox 568 3960 580 3972; x_wconf 88' lang='grc'><strong>·</strong></span> <span class='ocrx_word' id='word_1_427' title='bbox 611 3943 724 3997; x_wconf 75' lang='grc' dir='ltr'><strong>ἔστι</strong></span> <span class='ocrx_word' id='word_1_428' title='bbox 745 3943 802 3997; x_wconf 82' lang='grc' dir='ltr'><strong>δὲ</strong></span> <span class='ocrx_word' id='word_1_429' title='bbox 848 3944 997 4015; x_wconf 86' lang='grc' dir='ltr'><strong>παρά</strong></span> <span class='ocrx_word' id='word_1_430' title='bbox 1021 3944 1206 3996; x_wconf 78' lang='grc' dir='ltr'><strong>τοῦτον</strong></span> <span class='ocrx_word' id='word_1_431' title='bbox 1241 3942 1398 4007; x_wconf 82' lang='grc' dir='ltr'><strong>ἀλλος</strong></span> <span class='ocrx_word' id='word_1_432' title='bbox 1431 3946 1677 4010; x_wconf 84' lang='grc' dir='ltr'><strong>Ἀνανίας</strong></span> 
     </span>
    </p>
   </div>
   <div class='ocr_carea' id='block_1_57' title="bbox 102 4031 1674 4106">
    <p class='ocr_par' dir='ltr' id='par_1_57' title="bbox 102 4031 1674 4106">
     <span class='ocr_line' id='line_1_57' title="bbox 102 4031 1674 4106; baseline 0.006 -24"><span class='ocrx_word' id='word_1_433' title='bbox 102 4033 129 4082; x_wconf 79' lang='grc' dir='ltr'>ὁ</span> <span class='ocrx_word' id='word_1_434' title='bbox 160 4031 363 4086; x_wconf 76' lang='grc' dir='ltr'><strong>διώκων</strong></span> <span class='ocrx_word' id='word_1_435' title='bbox 415 4035 512 4105; x_wconf 83' lang='grc' dir='ltr'><strong>μὲν</strong></span> <span class='ocrx_word' id='word_1_436' title='bbox 556 4034 652 4106; x_wconf 79' lang='grc' dir='ltr'><strong>τὴν</strong></span> <span class='ocrx_word' id='word_1_437' title='bbox 698 4034 1020 4106; x_wconf 85' lang='grc' dir='ltr'><strong>Ἐκκλησίαν</strong></span> <span class='ocrx_word' id='word_1_438' title='bbox 1062 4036 1180 4088; x_wconf 73' lang='grc' dir='ltr'><strong>ἀντὶ</strong></span> <span class='ocrx_word' id='word_1_439' title='bbox 1232 4035 1324 4088; x_wconf 80' lang='grc' dir='ltr'><strong>τοῦ</strong></span> <span class='ocrx_word' id='word_1_440' title='bbox 1365 4036 1674 4103; x_wconf 81' lang='grc' dir='ltr'><strong>διώκεσθαι,</strong></span> 
     </span>
    </p>
   </div>
   <div class='ocr_carea' id='block_1_58' title="bbox 102 4122 1677 4196">
    <p class='ocr_par' dir='ltr' id='par_1_58' title="bbox 102 4122 1677 4196">
     <span class='ocr_line' id='line_1_58' title="bbox 102 4122 1677 4196; baseline 0.008 -25"><span class='ocrx_word' id='word_1_441' title='bbox 102 4124 447 4190; x_wconf 80' lang='grc' dir='ltr'><strong>προστάττων</strong></span> <span class='ocrx_word' id='word_1_442' title='bbox 503 4124 559 4176; x_wconf 78' lang='grc' dir='ltr'><strong>δὲ</strong></span> <span class='ocrx_word' id='word_1_443' title='bbox 601 4125 897 4179; x_wconf 84' lang='grc' dir='ltr'><strong>τύπτεσθαι</strong></span> <span class='ocrx_word' id='word_1_444' title='bbox 949 4125 1040 4179; x_wconf 80' lang='grc' dir='ltr'><strong>τὸν</strong></span> <span class='ocrx_word' id='word_1_445' title='bbox 1080 4126 1432 4191; x_wconf 85' lang='grc' dir='ltr'><strong>Ἀπόστολον,</strong></span> <span class='ocrx_word' id='word_1_446' title='bbox 1490 4122 1534 4196; x_wconf 80' lang='grc' dir='ltr'>ᾧ</span> <span class='ocrx_word' id='word_1_447' title='bbox 1585 4131 1677 4184; x_wconf 68' lang='grc' dir='ltr'><strong>καὶ</strong></span> 
     </span>
    </p>
   </div>
   <div class='ocr_carea' id='block_1_59' title="bbox 103 4216 1674 4286">
    <p class='ocr_par' dir='ltr' id='par_1_59' title="bbox 103 4216 1674 4286">
     <span class='ocr_line' id='line_1_59' title="bbox 103 4216 1674 4286; baseline 0.004 -20"><span class='ocrx_word' id='word_1_448' title='bbox 103 4216 422 4285; x_wconf 77' lang='grc' dir='ltr'><strong>καταντικρὺ</strong></span> <span class='ocrx_word' id='word_1_449' title='bbox 455 4216 588 4286; x_wconf 75' lang='grc' dir='ltr'><strong>πρὸς</strong></span> <span class='ocrx_word' id='word_1_450' title='bbox 614 4216 742 4280; x_wconf 77' lang='grc' dir='ltr'><strong>ἔπος</strong></span> <span class='ocrx_word' id='word_1_451' title='bbox 780 4218 808 4268; x_wconf 85' lang='grc' dir='ltr'>ὁ</span> <span class='ocrx_word' id='word_1_452' title='bbox 857 4217 1066 4280; x_wconf 74' lang='grc' dir='ltr'><strong>Παῦλος</strong></span> <span class='ocrx_word' id='word_1_453' title='bbox 1100 4218 1529 4286; x_wconf 75' lang='grc' dir='ltr'><strong>ἀντεφθέγξατο’</strong></span> <span class='ocrx_word' id='word_1_454' title='bbox 1573 4222 1674 4273; x_wconf 82' lang='grc' dir='ltr'><strong>Τύ-</strong></span> 
     </span>
    </p>
   </div>
   <div class='ocr_carea' id='block_1_60' title="bbox 101 4307 1674 4380">
    <p class='ocr_par' dir='ltr' id='par_1_60' title="bbox 101 4307 1674 4380">
     <span class='ocr_line' id='line_1_60' title="bbox 101 4307 1674 4380; baseline 0.006 -22"><span class='ocrx_word' id='word_1_455' title='bbox 101 4319 260 4359; x_wconf 73' lang='grc' dir='ltr'><strong>πτειν</strong></span> <span class='ocrx_word' id='word_1_456' title='bbox 296 4325 369 4362; x_wconf 86' lang='grc' dir='ltr'><em>σε</em></span> <span class='ocrx_word' id='word_1_457' title='bbox 394 4307 606 4377; x_wconf 79' lang='grc' dir='ltr'><strong>μέλλει</strong></span> <span class='ocrx_word' id='word_1_458' title='bbox 652 4311 684 4362; x_wconf 88' lang='grc' dir='ltr'><strong>ό</strong></span> <span class='ocrx_word' id='word_1_459' title='bbox 717 4309 881 4375; x_wconf 78' lang='grc' dir='ltr'>Θεὸς,</span> <span class='ocrx_word' id='word_1_460' title='bbox 917 4311 1076 4379; x_wconf 81' lang='grc' dir='ltr'><strong>τοῖχε</strong></span> <span class='ocrx_word' id='word_1_461' title='bbox 1122 4312 1536 4380; x_wconf 76' lang='grc' dir='ltr'><strong>κεκονιαμένε·</strong></span> <span class='ocrx_word' id='word_1_462' title='bbox 1577 4315 1674 4368; x_wconf 80' lang='grc' dir='ltr'><strong>καί</strong></span> 
     </span>
    </p>
   </div>
   <div class='ocr_carea' id='block_1_61' title="bbox 99 4395 1670 4472">
    <p class='ocr_par' dir='ltr' id='par_1_61' title="bbox 99 4395 1670 4472">
     <span class='ocr_line' id='line_1_61' title="bbox 99 4395 1670 4472; baseline 0.008 -27"><span class='ocrx_word' id='word_1_463' title='bbox 99 4395 173 4446; x_wconf 87' lang='grc' dir='ltr'><em>σὺ</em></span> <span class='ocrx_word' id='word_1_464' title='bbox 199 4396 348 4465; x_wconf 80' lang='grc' dir='ltr'><strong>κάθῃ</strong></span> <span class='ocrx_word' id='word_1_465' title='bbox 380 4399 579 4466; x_wconf 74' lang='grc' dir='ltr'><strong>κρῖναί</strong></span> <span class='ocrx_word' id='word_1_466' title='bbox 605 4417 681 4468; x_wconf 80' lang='grc' dir='ltr'><strong>με</strong></span> <span class='ocrx_word' id='word_1_467' title='bbox 713 4403 860 4468; x_wconf 80' lang='grc' dir='ltr'><strong>μετὰ</strong></span> <span class='ocrx_word' id='word_1_468' title='bbox 897 4401 1003 4453; x_wconf 73' lang='grc' dir='ltr'><em>τὸν</em></span> <span class='ocrx_word' id='word_1_469' title='bbox 1043 4404 1251 4471; x_wconf 79' lang='grc' dir='ltr'>νόμον,</span> <span class='ocrx_word' id='word_1_470' title='bbox 1284 4403 1382 4456; x_wconf 78' lang='grc' dir='ltr'><strong>καὶ</strong></span> <span class='ocrx_word' id='word_1_471' title='bbox 1411 4419 1670 4472; x_wconf 70' lang='grc' dir='ltr'><strong>παρανο-</strong></span> 
     </span>
    </p>
   </div>
   <div class='ocr_carea' id='block_1_62' title="bbox 97 4486 1672 4565">
    <p class='ocr_par' dir='ltr' id='par_1_62' title="bbox 97 4486 1672 4565">
     <span class='ocr_line' id='line_1_62' title="bbox 97 4486 1672 4565; baseline 0.006 -26"><span class='ocrx_word' id='word_1_472' title='bbox 97 4486 216 4553; x_wconf 76' lang='grc' dir='ltr'><strong>μῶν</strong></span> <span class='ocrx_word' id='word_1_473' title='bbox 234 4506 310 4556; x_wconf 82' lang='grc' dir='ltr'><strong>με</strong></span> <span class='ocrx_word' id='word_1_474' title='bbox 334 4491 606 4556; x_wconf 74' lang='grc' dir='ltr'><strong>κελεύεις</strong></span> <span class='ocrx_word' id='word_1_475' title='bbox 634 4492 952 4544; x_wconf 80' lang='grc' dir='ltr'><strong>τύπτεσθαι</strong></span> <span class='ocrx_word' id='word_1_476' title='bbox 975 4508 994 4556; x_wconf 86' lang='grc'><em>;</em></span> <span class='ocrx_word' id='word_1_477' title='bbox 1025 4492 1322 4564; x_wconf 80' lang='grc' dir='ltr'><strong>Τοιγαροῦν</strong></span> <span class='ocrx_word' id='word_1_478' title='bbox 1364 4494 1521 4565; x_wconf 69' lang='grc' dir='ltr'><strong>εἰπερ</strong></span> <span class='ocrx_word' id='word_1_479' title='bbox 1557 4496 1672 4548; x_wconf 74' lang='grc' dir='ltr'><strong>ὀνό-</strong></span> 
     </span>
    </p>
   </div>
   <div class='ocr_carea' id='block_1_63' title="bbox 1804 2015 3381 2089">
    <p class='ocr_par' dir='ltr' id='par_1_63' title="bbox 1804 2015 3381 2089">
     <span class='ocr_line' id='line_1_63' title="bbox 1804 2015 3381 2089; baseline -0.001 -16"><span class='ocrx_word' id='word_1_480' title='bbox 1804 2020 2044 2089; x_wconf 86' lang='lat' dir='ltr'><strong>quinque</strong></span> <span class='ocrx_word' id='word_1_481' title='bbox 2076 2017 2362 2073; x_wconf 85' lang='lat' dir='ltr'><strong>versiculis</strong></span> <span class='ocrx_word' id='word_1_482' title='bbox 2387 2017 2684 2085; x_wconf 89' lang='lat' dir='ltr'><strong>interjectis</strong></span> <span class='ocrx_word' id='word_1_483' title='bbox 2707 2057 2720 2079; x_wconf 91' lang='lat'><strong>,</strong></span> <span class='ocrx_word' id='word_1_484' title='bbox 2769 2017 2952 2071; x_wconf 88' lang='lat' dir='ltr'><strong>subdit</strong></span> <span class='ocrx_word' id='word_1_485' title='bbox 2984 2033 2997 2072; x_wconf 91' lang='lat'><em>:</em></span> <span class='ocrx_word' id='word_1_486' title='bbox 3039 2015 3381 2072; x_wconf 80' lang='lat' dir='ltr'><strong>Sustuterunt</strong></span> 
     </span>
    </p>
   </div>
   <div class='ocr_carea' id='block_1_64' title="bbox 1803 2108 3379 2183">
    <p class='ocr_par' dir='ltr' id='par_1_64' title="bbox 1803 2108 3379 2183">
     <span class='ocr_line' id='line_1_64' title="bbox 1803 2108 3379 2183; baseline 0 -18"><span class='ocrx_word' id='word_1_487' title='bbox 1803 2113 1980 2183; x_wconf 78' lang='lat' dir='ltr'><strong>itaque</strong></span> <span class='ocrx_word' id='word_1_488' title='bbox 2025 2109 2204 2165; x_wconf 67' lang='lat' dir='ltr'><strong>Judaei</strong></span> <span class='ocrx_word' id='word_1_489' title='bbox 2255 2109 2452 2177; x_wconf 74' lang='lat' dir='ltr'><strong>lapides</strong></span> <span class='ocrx_word' id='word_1_490' title='bbox 2500 2120 2557 2162; x_wconf 82' lang='lat' dir='ltr'><strong>ut</strong></span> <span class='ocrx_word' id='word_1_491' title='bbox 2589 2108 2884 2176; x_wconf 79' lang='lat' dir='ltr'><strong>tapidarent</strong></span> <span class='ocrx_word' id='word_1_492' title='bbox 2918 2111 3089 2178; x_wconf 81' lang='lat' dir='ltr'><strong>ipsum</strong></span> <span class='ocrx_word' id='word_1_493' title='bbox 3135 2110 3201 2165; x_wconf 84' lang='grc'><strong>⁸⁸.</strong></span> <span class='ocrx_word' id='word_1_494' title='bbox 3252 2108 3379 2165; x_wconf 71' lang='lat' dir='ltr'><strong>Haec</strong></span> 
     </span>
    </p>
   </div>
   <div class='ocr_carea' id='block_1_65' title="bbox 1801 2200 3376 2273">
    <p class='ocr_par' dir='ltr' id='par_1_65' title="bbox 1801 2200 3376 2273">
     <span class='ocr_line' id='line_1_65' title="bbox 1801 2200 3376 2273; baseline -0.001 -17"><span class='ocrx_word' id='word_1_495' title='bbox 1801 2202 2020 2273; x_wconf 86' lang='lat' dir='ltr'><strong>quidem</strong></span> <span class='ocrx_word' id='word_1_496' title='bbox 2050 2202 2251 2270; x_wconf 87' lang='lat' dir='ltr'><strong>duplici</strong></span> <span class='ocrx_word' id='word_1_497' title='bbox 2276 2202 2396 2256; x_wconf 92' lang='lat' dir='ltr'><strong>loco</strong></span> <span class='ocrx_word' id='word_1_498' title='bbox 2418 2201 2688 2269; x_wconf 87' lang='lat' dir='ltr'><strong>descripta</strong></span> <span class='ocrx_word' id='word_1_499' title='bbox 2706 2209 2856 2266; x_wconf 89' lang='lat' dir='ltr'><strong>sunt,</strong></span> <span class='ocrx_word' id='word_1_500' title='bbox 2877 2200 3218 2270; x_wconf 87' lang='lat' dir='ltr'><strong>diversisque</strong></span> <span class='ocrx_word' id='word_1_501' title='bbox 3238 2209 3376 2256; x_wconf 88' lang='lat' dir='ltr'><strong>tem-</strong></span> 
     </span>
    </p>
   </div>
   <div class='ocr_carea' id='block_1_66' title="bbox 1802 2293 3369 2366">
    <p class='ocr_par' dir='ltr' id='par_1_66' title="bbox 1802 2293 3369 2366">
     <span class='ocr_line' id='line_1_66' title="bbox 1802 2293 3369 2366; baseline 0 -17"><span class='ocrx_word' id='word_1_502' title='bbox 1802 2296 2026 2365; x_wconf 88' lang='lat' dir='ltr'><strong>poribus</strong></span> <span class='ocrx_word' id='word_1_503' title='bbox 2059 2301 2212 2366; x_wconf 83' lang='lat' dir='ltr'><strong>gesta</strong></span> <span class='ocrx_word' id='word_1_504' title='bbox 2242 2301 2521 2365; x_wconf 87' lang='lat' dir='ltr'><strong>apparent,</strong></span> <span class='ocrx_word' id='word_1_505' title='bbox 2547 2293 2692 2364; x_wconf 92' lang='lat' dir='ltr'><strong>quod</strong></span> <span class='ocrx_word' id='word_1_506' title='bbox 2722 2309 2833 2347; x_wconf 91' lang='lat' dir='ltr'><strong>non</strong></span> <span class='ocrx_word' id='word_1_507' title='bbox 2878 2294 3113 2349; x_wconf 87' lang='lat' dir='ltr'><strong>habeant</strong></span> <span class='ocrx_word' id='word_1_508' title='bbox 3146 2295 3369 2349; x_wconf 88' lang='lat' dir='ltr'><strong>eosdem</strong></span> 
     </span>
    </p>
   </div>
   <div class='ocr_carea' id='block_1_67' title="bbox 1803 2378 3371 2457">
    <p class='ocr_par' dir='ltr' id='par_1_67' title="bbox 1803 2378 3371 2457">
     <span class='ocr_line' id='line_1_67' title="bbox 1803 2378 3371 2457; baseline 0.001 -17"><span class='ocrx_word' id='word_1_509' title='bbox 1803 2378 2098 2442; x_wconf 83' lang='lat' dir='ltr'><strong>verborum</strong></span> <span class='ocrx_word' id='word_1_510' title='bbox 2144 2401 2318 2441; x_wconf 81' lang='lat' dir='ltr'><strong>nexus</strong></span> <span class='ocrx_word' id='word_1_511' title='bbox 2371 2385 2455 2439; x_wconf 85' lang='lat' dir='ltr'><strong>vel</strong></span> <span class='ocrx_word' id='word_1_512' title='bbox 2488 2385 2922 2453; x_wconf 75' lang='lat' dir='ltr'><strong>coniunctiones.</strong></span> <span class='ocrx_word' id='word_1_513' title='bbox 2957 2384 3062 2441; x_wconf 88' lang='lat' dir='ltr'><strong>Sed</strong></span> <span class='ocrx_word' id='word_1_514' title='bbox 3106 2383 3371 2457; x_wconf 77' lang='lat' dir='ltr'><strong>Origenes</strong></span> 
     </span>
    </p>
   </div>
   <div class='ocr_carea' id='block_1_68' title="bbox 1798 2476 3371 2548">
    <p class='ocr_par' dir='ltr' id='par_1_68' title="bbox 1798 2476 3371 2548">
     <span class='ocr_line' id='line_1_68' title="bbox 1798 2476 3371 2548; baseline 0.001 -16"><span class='ocrx_word' id='word_1_515' title='bbox 1798 2480 1936 2548; x_wconf 91' lang='lat' dir='ltr'><strong>ipse,</strong></span> <span class='ocrx_word' id='word_1_516' title='bbox 1958 2479 2052 2548; x_wconf 86' lang='lat' dir='ltr'><strong>qui</strong></span> <span class='ocrx_word' id='word_1_517' title='bbox 2088 2493 2146 2532; x_wconf 90' lang='lat' dir='ltr'><strong>se</strong></span> <span class='ocrx_word' id='word_1_518' title='bbox 2172 2476 2485 2547; x_wconf 88' lang='lat' dir='ltr'><strong>Scripturas</strong></span> <span class='ocrx_word' id='word_1_519' title='bbox 2508 2492 2698 2530; x_wconf 90' lang='lat' dir='ltr'><strong>omnes</strong></span> <span class='ocrx_word' id='word_1_520' title='bbox 2724 2485 2910 2532; x_wconf 89' lang='lat' dir='ltr'><strong>tenere</strong></span> <span class='ocrx_word' id='word_1_521' title='bbox 2939 2479 3234 2541; x_wconf 74' lang='lat' dir='ltr'><strong>existimat,</strong></span> <span class='ocrx_word' id='word_1_522' title='bbox 3257 2479 3371 2534; x_wconf 61' lang='lat' dir='ltr'><strong>haec</strong></span> 
     </span>
    </p>
   </div>
   <div class='ocr_carea' id='block_1_69' title="bbox 1796 2567 3368 2641">
    <p class='ocr_par' dir='ltr' id='par_1_69' title="bbox 1796 2567 3368 2641">
     <span class='ocr_line' id='line_1_69' title="bbox 1796 2567 3368 2641; baseline 0 -17"><span class='ocrx_word' id='word_1_523' title='bbox 1796 2570 2066 2633; x_wconf 88' lang='lat' dir='ltr'><strong>scribens,</strong></span> <span class='ocrx_word' id='word_1_524' title='bbox 2099 2585 2208 2623; x_wconf 91' lang='lat' dir='ltr'><strong>non</strong></span> <span class='ocrx_word' id='word_1_525' title='bbox 2229 2571 2482 2638; x_wconf 81' lang='lat' dir='ltr'><strong>cognovit</strong></span> <span class='ocrx_word' id='word_1_526' title='bbox 2505 2577 2676 2622; x_wconf 89' lang='lat' dir='ltr'><strong>totum</strong></span> <span class='ocrx_word' id='word_1_527' title='bbox 2710 2567 2762 2621; x_wconf 92' lang='lat' dir='ltr'><strong>id</strong></span> <span class='ocrx_word' id='word_1_528' title='bbox 2799 2569 3074 2641; x_wconf 73' lang='lat' dir='ltr'><strong>Evangelii</strong></span> <span class='ocrx_word' id='word_1_529' title='bbox 3107 2573 3368 2640; x_wconf 88' lang='lat' dir='ltr'><strong>scriptum</strong></span> 
     </span>
    </p>
   </div>
   <div class='ocr_carea' id='block_1_70' title="bbox 1794 2659 3272 2715">
    <p class='ocr_par' dir='ltr' id='par_1_70' title="bbox 1794 2659 3272 2715">
     <span class='ocr_line' id='line_1_70' title="bbox 1794 2659 3272 2715; baseline -0.001 0"><span class='ocrx_word' id='word_1_530' title='bbox 1794 2661 1858 2715; x_wconf 90' lang='lat' dir='ltr'><strong>ad</strong></span> <span class='ocrx_word' id='word_1_531' title='bbox 1891 2659 2148 2713; x_wconf 84' lang='lat' dir='ltr'><strong>litteram.</strong></span> <span class='ocrx_word' id='word_1_532' title='bbox 3263 2669 3272 2678; x_wconf 92' lang='lat'><strong>‘</strong></span> 
     </span>
    </p>
   </div>
   <div class='ocr_carea' id='block_1_71' title="bbox 1861 2748 3364 2822">
    <p class='ocr_par' dir='ltr' id='par_1_71' title="bbox 1861 2748 3364 2822">
     <span class='ocr_line' id='line_1_71' title="bbox 1861 2748 3364 2822; baseline 0.001 -19"><span class='ocrx_word' id='word_1_533' title='bbox 1861 2749 2028 2805; x_wconf 78' lang='lat' dir='ltr'><strong>XXII.</strong></span> <span class='ocrx_word' id='word_1_534' title='bbox 2069 2748 2241 2806; x_wconf 91' lang='lat' dir='ltr'><strong>Porro</strong></span> <span class='ocrx_word' id='word_1_535' title='bbox 2273 2750 2319 2804; x_wconf 90' lang='lat' dir='ltr'><strong>si</strong></span> <span class='ocrx_word' id='word_1_536' title='bbox 2348 2750 2470 2820; x_wconf 90' lang='lat' dir='ltr'><strong>quis</strong></span> <span class='ocrx_word' id='word_1_537' title='bbox 2498 2751 2612 2804; x_wconf 73' lang='lat' dir='ltr'><strong>haec</strong></span> <span class='ocrx_word' id='word_1_538' title='bbox 2640 2765 2740 2807; x_wconf 92' lang='lat' dir='ltr'><strong>nos</strong></span> <span class='ocrx_word' id='word_1_539' title='bbox 2773 2750 3030 2822; x_wconf 76' lang='lat' dir='ltr'><strong>efﬁngere</strong></span> <span class='ocrx_word' id='word_1_540' title='bbox 3048 2753 3324 2808; x_wconf 78' lang='lat' dir='ltr'><strong>existimat</strong></span> <span class='ocrx_word' id='word_1_541' title='bbox 3349 2793 3364 2816; x_wconf 94' lang='lat'><strong>,</strong></span> 
     </span>
    </p>
   </div>
   <div class='ocr_carea' id='block_1_72' title="bbox 1793 2842 3366 2914">
    <p class='ocr_par' dir='ltr' id='par_1_72' title="bbox 1793 2842 3366 2914">
     <span class='ocr_line' id='line_1_72' title="bbox 1793 2842 3366 2914; baseline 0.003 -18"><span class='ocrx_word' id='word_1_542' title='bbox 1793 2842 2082 2898; x_wconf 89' lang='lat' dir='ltr'><strong>sententiis</strong></span> <span class='ocrx_word' id='word_1_543' title='bbox 2137 2842 2469 2913; x_wconf 87' lang='lat' dir='ltr'><strong>evangelicis</strong></span> <span class='ocrx_word' id='word_1_544' title='bbox 2528 2842 2819 2913; x_wconf 89' lang='lat' dir='ltr'><strong>perlectis,</strong></span> <span class='ocrx_word' id='word_1_545' title='bbox 2872 2844 3126 2914; x_wconf 87' lang='lat' dir='ltr'><strong>illiusque</strong></span> <span class='ocrx_word' id='word_1_546' title='bbox 3178 2845 3232 2898; x_wconf 90' lang='lat' dir='ltr'><strong>in</strong></span> <span class='ocrx_word' id='word_1_547' title='bbox 3271 2859 3366 2900; x_wconf 88' lang='lat' dir='ltr'><strong>eas</strong></span> 
     </span>
    </p>
   </div>
   <div class='ocr_carea' id='block_1_73' title="bbox 1793 2933 3365 2998">
    <p class='ocr_par' dir='ltr' id='par_1_73' title="bbox 1793 2933 3365 2998">
     <span class='ocr_line' id='line_1_73' title="bbox 1793 2933 3365 2998; baseline -0.001 -10"><span class='ocrx_word' id='word_1_548' title='bbox 1793 2935 2230 2998; x_wconf 87' lang='lat' dir='ltr'><strong>commentariis,</strong></span> <span class='ocrx_word' id='word_1_549' title='bbox 2263 2934 2332 2989; x_wconf 89' lang='lat' dir='ltr'><strong>ab</strong></span> <span class='ocrx_word' id='word_1_550' title='bbox 2378 2933 2529 2988; x_wconf 88' lang='lat' dir='ltr'><strong>omni</strong></span> <span class='ocrx_word' id='word_1_551' title='bbox 2563 2947 2664 2988; x_wconf 88' lang='lat' dir='ltr'><strong>nos</strong></span> <span class='ocrx_word' id='word_1_552' title='bbox 2703 2934 3034 2991; x_wconf 87' lang='lat' dir='ltr'><strong>abstinuisse</strong></span> <span class='ocrx_word' id='word_1_553' title='bbox 3082 2933 3365 2990; x_wconf 85' lang='lat' dir='ltr'><strong>mendacio</strong></span> 
     </span>
    </p>
   </div>
   <div class='ocr_carea' id='block_1_74' title="bbox 1792 3025 3367 3098">
    <p class='ocr_par' dir='ltr' id='par_1_74' title="bbox 1792 3025 3367 3098">
     <span class='ocr_line' id='line_1_74' title="bbox 1792 3025 3367 3098; baseline 0 -18"><span class='ocrx_word' id='word_1_554' title='bbox 1792 3027 2108 3097; x_wconf 90' lang='lat' dir='ltr'><strong>comperiet.</strong></span> <span class='ocrx_word' id='word_1_555' title='bbox 2138 3025 2276 3092; x_wconf 86' lang='lat' dir='ltr'><strong>Quid</strong></span> <span class='ocrx_word' id='word_1_556' title='bbox 2308 3025 2432 3081; x_wconf 80' lang='lat' dir='ltr'><strong>inde</strong></span> <span class='ocrx_word' id='word_1_557' title='bbox 2461 3042 2597 3096; x_wconf 91' lang='lat' dir='ltr'><strong>opus</strong></span> <span class='ocrx_word' id='word_1_558' title='bbox 2621 3035 2706 3082; x_wconf 88' lang='lat' dir='ltr'><strong>est</strong></span> <span class='ocrx_word' id='word_1_559' title='bbox 2738 3027 2880 3080; x_wconf 88' lang='lat' dir='ltr'><strong>ultra</strong></span> <span class='ocrx_word' id='word_1_560' title='bbox 2911 3026 3206 3098; x_wconf 75' lang='lat' dir='ltr'><strong>progredi?</strong></span> <span class='ocrx_word' id='word_1_561' title='bbox 3234 3025 3367 3082; x_wconf 82' lang='lat' dir='ltr'><strong>Om-</strong></span> 
     </span>
    </p>
   </div>
   <div class='ocr_carea' id='block_1_75' title="bbox 1791 3115 3363 3186">
    <p class='ocr_par' dir='ltr' id='par_1_75' title="bbox 1791 3115 3363 3186">
     <span class='ocr_line' id='line_1_75' title="bbox 1791 3115 3363 3186; baseline 0.003 -17"><span class='ocrx_word' id='word_1_562' title='bbox 1791 3116 1900 3178; x_wconf 89' lang='lat' dir='ltr'><strong>nia,</strong></span> <span class='ocrx_word' id='word_1_563' title='bbox 1929 3124 1990 3174; x_wconf 85' lang='lat' dir='ltr'><strong>ut</strong></span> <span class='ocrx_word' id='word_1_564' title='bbox 2035 3115 2203 3170; x_wconf 90' lang='lat' dir='ltr'><strong>verbo</strong></span> <span class='ocrx_word' id='word_1_565' title='bbox 2241 3115 2559 3185; x_wconf 84' lang='lat' dir='ltr'><strong>expediam,</strong></span> <span class='ocrx_word' id='word_1_566' title='bbox 2621 3117 2892 3186; x_wconf 89' lang='lat' dir='ltr'><strong>allegoriis</strong></span> <span class='ocrx_word' id='word_1_567' title='bbox 2928 3132 2994 3171; x_wconf 86' lang='lat' dir='ltr'><strong>ex</strong></span> <span class='ocrx_word' id='word_1_568' title='bbox 3047 3116 3363 3174; x_wconf 87' lang='lat' dir='ltr'><strong>nominibus</strong></span> 
     </span>
    </p>
   </div>
   <div class='ocr_carea' id='block_1_76' title="bbox 1791 3206 3362 3277">
    <p class='ocr_par' dir='ltr' id='par_1_76' title="bbox 1791 3206 3362 3277">
     <span class='ocr_line' id='line_1_76' title="bbox 1791 3206 3362 3277; baseline 0.002 -16"><span class='ocrx_word' id='word_1_569' title='bbox 1791 3206 2092 3276; x_wconf 91' lang='lat' dir='ltr'><strong>desumptis</strong></span> <span class='ocrx_word' id='word_1_570' title='bbox 2120 3207 2362 3276; x_wconf 88' lang='lat' dir='ltr'><strong>exponit,</strong></span> <span class='ocrx_word' id='word_1_571' title='bbox 2395 3223 2577 3262; x_wconf 91' lang='lat' dir='ltr'><strong>rerum</strong></span> <span class='ocrx_word' id='word_1_572' title='bbox 2612 3217 2927 3277; x_wconf 87' lang='lat' dir='ltr'><strong>argumenta</strong></span> <span class='ocrx_word' id='word_1_573' title='bbox 2961 3209 3026 3262; x_wconf 91' lang='lat' dir='ltr'><strong>de</strong></span> <span class='ocrx_word' id='word_1_574' title='bbox 3051 3209 3228 3264; x_wconf 90' lang='lat' dir='ltr'><strong>medio</strong></span> <span class='ocrx_word' id='word_1_575' title='bbox 3255 3210 3362 3264; x_wconf 87' lang='lat' dir='ltr'><strong>tol-</strong></span> 
     </span>
    </p>
   </div>
   <div class='ocr_carea' id='block_1_77' title="bbox 1789 3298 3359 3370">
    <p class='ocr_par' dir='ltr' id='par_1_77' title="bbox 1789 3298 3359 3370">
     <span class='ocr_line' id='line_1_77' title="bbox 1789 3298 3359 3370; baseline 0.004 -20"><span class='ocrx_word' id='word_1_576' title='bbox 1789 3298 1880 3365; x_wconf 88' lang='lat' dir='ltr'><strong>lit;</strong></span> <span class='ocrx_word' id='word_1_577' title='bbox 1929 3313 2105 3368; x_wconf 88' lang='lat' dir='ltr'><strong>neque</strong></span> <span class='ocrx_word' id='word_1_578' title='bbox 2147 3298 2278 3353; x_wconf 91' lang='lat' dir='ltr'><strong>illud</strong></span> <span class='ocrx_word' id='word_1_579' title='bbox 2319 3299 2644 3368; x_wconf 84' lang='lat' dir='ltr'><strong>percipiens,</strong></span> <span class='ocrx_word' id='word_1_580' title='bbox 2682 3300 2880 3354; x_wconf 88' lang='lat' dir='ltr'><strong>multas</strong></span> <span class='ocrx_word' id='word_1_581' title='bbox 2919 3315 3041 3355; x_wconf 84' lang='lat' dir='ltr'><strong>esse</strong></span> <span class='ocrx_word' id='word_1_582' title='bbox 3084 3301 3359 3370; x_wconf 84' lang='lat' dir='ltr'><strong>justorum</strong></span> 
     </span>
    </p>
   </div>
   <div class='ocr_carea' id='block_1_78' title="bbox 1786 3389 3359 3462">
    <p class='ocr_par' dir='ltr' id='par_1_78' title="bbox 1786 3389 3359 3462">
     <span class='ocr_line' id='line_1_78' title="bbox 1786 3389 3359 3462; baseline 0.004 -18"><span class='ocrx_word' id='word_1_583' title='bbox 1786 3397 1838 3444; x_wconf 89' lang='lat' dir='ltr'><strong>et</strong></span> <span class='ocrx_word' id='word_1_584' title='bbox 1874 3390 2202 3459; x_wconf 83' lang='lat' dir='ltr'><strong>injustorum</strong></span> <span class='ocrx_word' id='word_1_585' title='bbox 2231 3389 2450 3445; x_wconf 90' lang='lat' dir='ltr'><strong>easdem</strong></span> <span class='ocrx_word' id='word_1_586' title='bbox 2484 3390 2955 3446; x_wconf 83' lang='lat' dir='ltr'><strong>denominationes</strong></span> <span class='ocrx_word' id='word_1_587' title='bbox 2976 3432 2990 3456; x_wconf 93' lang='lat'><strong>,</strong></span> <span class='ocrx_word' id='word_1_588' title='bbox 3033 3408 3209 3462; x_wconf 90' lang='lat' dir='ltr'><strong>neque</strong></span> <span class='ocrx_word' id='word_1_589' title='bbox 3241 3393 3359 3450; x_wconf 78' lang='lat' dir='ltr'><strong>ﬁeri</strong></span> 
     </span>
    </p>
   </div>
   <div class='ocr_carea' id='block_1_79' title="bbox 1785 3483 3360 3550">
    <p class='ocr_par' dir='ltr' id='par_1_79' title="bbox 1785 3483 3360 3550">
     <span class='ocr_line' id='line_1_79' title="bbox 1785 3483 3360 3550; baseline 0.002 -13"><span class='ocrx_word' id='word_1_590' title='bbox 1785 3497 1945 3550; x_wconf 87' lang='lat' dir='ltr'><strong>posse</strong></span> <span class='ocrx_word' id='word_1_591' title='bbox 1975 3492 2035 3536; x_wconf 91' lang='lat' dir='ltr'><strong>ut</strong></span> <span class='ocrx_word' id='word_1_592' title='bbox 2054 3484 2280 3537; x_wconf 77' lang='lat' dir='ltr'><strong>diversae</strong></span> <span class='ocrx_word' id='word_1_593' title='bbox 2304 3488 2426 3537; x_wconf 67' lang='lat' dir='ltr'><strong>vitae</strong></span> <span class='ocrx_word' id='word_1_594' title='bbox 2457 3483 2699 3538; x_wconf 89' lang='lat' dir='ltr'><strong>rationes</strong></span> <span class='ocrx_word' id='word_1_595' title='bbox 2730 3483 2798 3537; x_wconf 86' lang='lat' dir='ltr'><strong>ab</strong></span> <span class='ocrx_word' id='word_1_596' title='bbox 2825 3499 2932 3538; x_wconf 91' lang='lat' dir='ltr'><strong>uno</strong></span> <span class='ocrx_word' id='word_1_597' title='bbox 2963 3486 3183 3540; x_wconf 90' lang='lat' dir='ltr'><strong>nomine</strong></span> <span class='ocrx_word' id='word_1_598' title='bbox 3203 3487 3360 3541; x_wconf 82' lang='lat' dir='ltr'><strong>simi-</strong></span> 
     </span>
    </p>
   </div>
   <div class='ocr_carea' id='block_1_80' title="bbox 1785 3573 3358 3646">
    <p class='ocr_par' dir='ltr' id='par_1_80' title="bbox 1785 3573 3358 3646">
     <span class='ocr_line' id='line_1_80' title="bbox 1785 3573 3358 3646; baseline 0.003 -20"><span class='ocrx_word' id='word_1_599' title='bbox 1785 3575 1908 3629; x_wconf 88' lang='lat' dir='ltr'><strong>liter</strong></span> <span class='ocrx_word' id='word_1_600' title='bbox 1932 3574 2318 3645; x_wconf 86' lang='lat' dir='ltr'><strong>dijudicentur.</strong></span> <span class='ocrx_word' id='word_1_601' title='bbox 2342 3575 2433 3630; x_wconf 87' lang='lat' dir='ltr'><strong>Est</strong></span> <span class='ocrx_word' id='word_1_602' title='bbox 2460 3575 2642 3644; x_wconf 88' lang='lat' dir='ltr'><strong>itaque</strong></span> <span class='ocrx_word' id='word_1_603' title='bbox 2657 3573 2826 3630; x_wconf 81' lang='lat' dir='ltr'><strong>Judas</strong></span> <span class='ocrx_word' id='word_1_604' title='bbox 2844 3577 3107 3646; x_wconf 91' lang='lat' dir='ltr'><strong>proditor,</strong></span> <span class='ocrx_word' id='word_1_605' title='bbox 3141 3587 3194 3633; x_wconf 90' lang='lat' dir='ltr'><strong>et</strong></span> <span class='ocrx_word' id='word_1_606' title='bbox 3221 3580 3358 3634; x_wconf 87' lang='lat' dir='ltr'><strong>alter</strong></span> 
     </span>
    </p>
   </div>
   <div class='ocr_carea' id='block_1_81' title="bbox 1781 3663 3357 3738">
    <p class='ocr_par' dir='ltr' id='par_1_81' title="bbox 1781 3663 3357 3738">
     <span class='ocr_line' id='line_1_81' title="bbox 1781 3663 3357 3738; baseline 0.002 -19"><span class='ocrx_word' id='word_1_607' title='bbox 1781 3663 1950 3721; x_wconf 83' lang='lat' dir='ltr'><strong>Judas</strong></span> <span class='ocrx_word' id='word_1_608' title='bbox 1980 3668 2289 3736; x_wconf 89' lang='lat' dir='ltr'><strong>apostolus;</strong></span> <span class='ocrx_word' id='word_1_609' title='bbox 2329 3666 2412 3720; x_wconf 90' lang='lat' dir='ltr'><strong>vel</strong></span> <span class='ocrx_word' id='word_1_610' title='bbox 2451 3681 2693 3732; x_wconf 89' lang='lat' dir='ltr'><strong>rursum,</strong></span> <span class='ocrx_word' id='word_1_611' title='bbox 2731 3665 3022 3723; x_wconf 82' lang='lat' dir='ltr'><strong>Zacharias</strong></span> <span class='ocrx_word' id='word_1_612' title='bbox 3052 3682 3147 3723; x_wconf 82' lang='lat' dir='ltr'><strong>rex</strong></span> <span class='ocrx_word' id='word_1_613' title='bbox 3210 3669 3357 3738; x_wconf 89' lang='lat' dir='ltr'><strong>inju-</strong></span> 
     </span>
    </p>
   </div>
   <div class='ocr_carea' id='block_1_82' title="bbox 1783 3757 3354 3830">
    <p class='ocr_par' dir='ltr' id='par_1_82' title="bbox 1783 3757 3354 3830">
     <span class='ocr_line' id='line_1_82' title="bbox 1783 3757 3354 3830; baseline 0.002 -18"><span class='ocrx_word' id='word_1_614' title='bbox 1783 3758 2078 3823; x_wconf 85' lang='lat' dir='ltr'><strong>stissimus,</strong></span> <span class='ocrx_word' id='word_1_615' title='bbox 2111 3766 2172 3822; x_wconf 78' lang='lat' dir='ltr'><strong>et,</strong></span> <span class='ocrx_word' id='word_1_616' title='bbox 2199 3757 2492 3812; x_wconf 88' lang='lat' dir='ltr'><strong>Zacharias</strong></span> <span class='ocrx_word' id='word_1_617' title='bbox 2536 3758 2672 3812; x_wconf 87' lang='lat' dir='ltr'><strong>alter</strong></span> <span class='ocrx_word' id='word_1_618' title='bbox 2712 3758 2994 3827; x_wconf 81' lang='lat' dir='ltr'><strong>prOpbeta.</strong></span> <span class='ocrx_word' id='word_1_619' title='bbox 3045 3757 3110 3812; x_wconf 87' lang='lat' dir='ltr'><strong>Et</strong></span> <span class='ocrx_word' id='word_1_620' title='bbox 3160 3761 3253 3830; x_wconf 90' lang='lat' dir='ltr'><strong>qui</strong></span> <span class='ocrx_word' id='word_1_621' title='bbox 3299 3759 3354 3815; x_wconf 91' lang='lat' dir='ltr'><strong>in</strong></span> 
     </span>
    </p>
   </div>
   <div class='ocr_carea' id='block_1_83' title="bbox 1781 3850 3349 3920">
    <p class='ocr_par' dir='ltr' id='par_1_83' title="bbox 1781 3850 3349 3920">
     <span class='ocr_line' id='line_1_83' title="bbox 1781 3850 3349 3920; baseline 0.002 -16"><span class='ocrx_word' id='word_1_622' title='bbox 1781 3852 2056 3906; x_wconf 82' lang='lat' dir='ltr'><strong>fornacem</strong></span> <span class='ocrx_word' id='word_1_623' title='bbox 2107 3850 2250 3920; x_wconf 89' lang='lat' dir='ltr'><strong>ignis</strong></span> <span class='ocrx_word' id='word_1_624' title='bbox 2293 3851 2528 3918; x_wconf 84' lang='lat' dir='ltr'><strong>injectus</strong></span> <span class='ocrx_word' id='word_1_625' title='bbox 2559 3859 2678 3912; x_wconf 91' lang='lat' dir='ltr'><strong>est,</strong></span> <span class='ocrx_word' id='word_1_626' title='bbox 2723 3850 2965 3905; x_wconf 83' lang='lat' dir='ltr'><strong>Ananias</strong></span> <span class='ocrx_word' id='word_1_627' title='bbox 3014 3852 3349 3920; x_wconf 85' lang='lat' dir='ltr'><strong>vocabatur;</strong></span> 
     </span>
    </p>
   </div>
   <div class='ocr_carea' id='block_1_84' title="bbox 1780 3939 3351 4010">
    <p class='ocr_par' dir='ltr' id='par_1_84' title="bbox 1780 3939 3351 4010">
     <span class='ocr_line' id='line_1_84' title="bbox 1780 3939 3351 4010; baseline 0.001 -16"><span class='ocrx_word' id='word_1_628' title='bbox 1780 3942 1915 3996; x_wconf 89' lang='lat' dir='ltr'><strong>alter</strong></span> <span class='ocrx_word' id='word_1_629' title='bbox 1944 3949 2123 3995; x_wconf 88' lang='lat' dir='ltr'><strong>autem</strong></span> <span class='ocrx_word' id='word_1_630' title='bbox 2152 3948 2234 3995; x_wconf 88' lang='lat' dir='ltr'><strong>est</strong></span> <span class='ocrx_word' id='word_1_631' title='bbox 2262 3949 2456 4010; x_wconf 74' lang='lat' dir='ltr'><strong>przeter</strong></span> <span class='ocrx_word' id='word_1_632' title='bbox 2484 3940 2629 3994; x_wconf 81' lang='lat' dir='ltr'><strong>hunc</strong></span> <span class='ocrx_word' id='word_1_633' title='bbox 2659 3939 2899 3995; x_wconf 86' lang='lat' dir='ltr'><strong>Ananias</strong></span> <span class='ocrx_word' id='word_1_634' title='bbox 2926 3941 3019 4009; x_wconf 91' lang='lat' dir='ltr'><strong>qui</strong></span> <span class='ocrx_word' id='word_1_635' title='bbox 3049 3940 3351 3996; x_wconf 86' lang='lat' dir='ltr'><strong>Ecclesiam</strong></span> 
     </span>
    </p>
   </div>
   <div class='ocr_carea' id='block_1_85' title="bbox 1779 4013 3349 4102">
    <p class='ocr_par' dir='ltr' id='par_1_85' title="bbox 1779 4013 3349 4102">
     <span class='ocr_line' id='line_1_85' title="bbox 1779 4013 3349 4102; baseline 0.001 -17"><span class='ocrx_word' id='word_1_636' title='bbox 1779 4033 2225 4102; x_wconf 90' lang='lat' dir='ltr'><strong>persequebatur,</strong></span> <span class='ocrx_word' id='word_1_637' title='bbox 2250 4047 2371 4085; x_wconf 92' lang='lat' dir='ltr'><strong>cum</strong></span> <span class='ocrx_word' id='word_1_638' title='bbox 2409 4013 2524 4102; x_wconf 53' lang='lat' dir='ltr'><strong>ipse</strong></span> <span class='ocrx_word' id='word_1_639' title='bbox 2557 4032 2738 4100; x_wconf 90' lang='lat' dir='ltr'><strong>potius</strong></span> <span class='ocrx_word' id='word_1_640' title='bbox 2767 4033 3200 4099; x_wconf 88' lang='lat' dir='ltr'><strong>persecutionem</strong></span> <span class='ocrx_word' id='word_1_641' title='bbox 3235 4033 3349 4102; x_wconf 89' lang='lat' dir='ltr'><strong>pati</strong></span> 
     </span>
    </p>
   </div>
   <div class='ocr_carea' id='block_1_86' title="bbox 1777 4123 3347 4193">
    <p class='ocr_par' dir='ltr' id='par_1_86' title="bbox 1777 4123 3347 4193">
     <span class='ocr_line' id='line_1_86' title="bbox 1777 4123 3347 4193; baseline 0 -16"><span class='ocrx_word' id='word_1_642' title='bbox 1777 4124 2078 4188; x_wconf 87' lang='lat' dir='ltr'><strong>debuisset,</strong></span> <span class='ocrx_word' id='word_1_643' title='bbox 2116 4124 2521 4193; x_wconf 85' lang='lat' dir='ltr'><strong>imperabatque</strong></span> <span class='ocrx_word' id='word_1_644' title='bbox 2554 4132 2611 4177; x_wconf 91' lang='lat' dir='ltr'><strong>ut</strong></span> <span class='ocrx_word' id='word_1_645' title='bbox 2647 4123 2830 4191; x_wconf 70' lang='lat' dir='ltr'><strong>flagris</strong></span> <span class='ocrx_word' id='word_1_646' title='bbox 2861 4123 3157 4177; x_wconf 81' lang='lat' dir='ltr'><strong>caederetur</strong></span> <span class='ocrx_word' id='word_1_647' title='bbox 3200 4127 3347 4193; x_wconf 87' lang='lat' dir='ltr'><strong>Apo-</strong></span> 
     </span>
    </p>
   </div>
   <div class='ocr_carea' id='block_1_87' title="bbox 1778 4213 3350 4284">
    <p class='ocr_par' dir='ltr' id='par_1_87' title="bbox 1778 4213 3350 4284">
     <span class='ocr_line' id='line_1_87' title="bbox 1778 4213 3350 4284; baseline 0.001 -15"><span class='ocrx_word' id='word_1_648' title='bbox 1778 4217 1972 4275; x_wconf 89' lang='lat' dir='ltr'><strong>stolus,</strong></span> <span class='ocrx_word' id='word_1_649' title='bbox 2009 4216 2096 4268; x_wconf 90' lang='lat' dir='ltr'><strong>cui</strong></span> <span class='ocrx_word' id='word_1_650' title='bbox 2129 4217 2180 4267; x_wconf 90' lang='lat' dir='ltr'><strong>in</strong></span> <span class='ocrx_word' id='word_1_651' title='bbox 2205 4216 2397 4268; x_wconf 77' lang='lat' dir='ltr'><strong>facient</strong></span> <span class='ocrx_word' id='word_1_652' title='bbox 2431 4214 2495 4268; x_wconf 86' lang='lat' dir='ltr'><strong>ad</strong></span> <span class='ocrx_word' id='word_1_653' title='bbox 2527 4214 2752 4268; x_wconf 81' lang='lat' dir='ltr'><strong>verbum</strong></span> <span class='ocrx_word' id='word_1_654' title='bbox 2781 4213 2982 4268; x_wconf 85' lang='lat' dir='ltr'><strong>Paulus</strong></span> <span class='ocrx_word' id='word_1_655' title='bbox 3012 4216 3090 4270; x_wconf 87' lang='lat' dir='ltr'><strong>sic</strong></span> <span class='ocrx_word' id='word_1_656' title='bbox 3117 4231 3350 4284; x_wconf 76' lang='lat' dir='ltr'><strong>respon-</strong></span> 
     </span>
    </p>
   </div>
   <div class='ocr_carea' id='block_1_88' title="bbox 1776 4302 3346 4367">
    <p class='ocr_par' dir='ltr' id='par_1_88' title="bbox 1776 4302 3346 4367">
     <span class='ocr_line' id='line_1_88' title="bbox 1776 4302 3346 4367; baseline 0 -8"><span class='ocrx_word' id='word_1_657' title='bbox 1776 4306 1853 4359; x_wconf 89' lang='lat' dir='ltr'><strong>dit</strong></span> <span class='ocrx_word' id='word_1_658' title='bbox 1888 4324 1899 4358; x_wconf 92' lang='lat'><strong>:</strong></span> <span class='ocrx_word' id='word_1_659' title='bbox 1934 4304 2291 4357; x_wconf 81' lang='lat' dir='ltr'><strong>Percussurus</strong></span> <span class='ocrx_word' id='word_1_660' title='bbox 2325 4315 2399 4356; x_wconf 78' lang='lat' dir='ltr'><strong>est</strong></span> <span class='ocrx_word' id='word_1_661' title='bbox 2437 4313 2482 4356; x_wconf 84' lang='lat' dir='ltr'><strong>te</strong></span> <span class='ocrx_word' id='word_1_662' title='bbox 2518 4302 2675 4367; x_wconf 83' lang='lat' dir='ltr'><strong>Deus,</strong></span> <span class='ocrx_word' id='word_1_663' title='bbox 2712 4319 2861 4357; x_wconf 86' lang='lat' dir='ltr'><strong>mure</strong></span> <span class='ocrx_word' id='word_1_664' title='bbox 2895 4304 3156 4360; x_wconf 83' lang='lat' dir='ltr'><strong>dealbate.</strong></span> <span class='ocrx_word' id='word_1_665' title='bbox 3188 4305 3257 4358; x_wconf 85' lang='lat' dir='ltr'><strong>Et</strong></span> <span class='ocrx_word' id='word_1_666' title='bbox 3290 4319 3346 4360; x_wconf 83' lang='lat' dir='ltr'><strong>tu</strong></span> 
     </span>
    </p>
   </div>
   <div class='ocr_carea' id='block_1_89' title="bbox 1775 4397 3343 4470">
    <p class='ocr_par' dir='ltr' id='par_1_89' title="bbox 1775 4397 3343 4470">
     <span class='ocr_line' id='line_1_89' title="bbox 1775 4397 3343 4470; baseline 0.003 -19"><span class='ocrx_word' id='word_1_667' title='bbox 1775 4398 1919 4451; x_wconf 80' lang='lat' dir='ltr'><strong>sedes</strong></span> <span class='ocrx_word' id='word_1_668' title='bbox 1943 4407 1989 4450; x_wconf 87' lang='lat' dir='ltr'><strong>et</strong></span> <span class='ocrx_word' id='word_1_669' title='bbox 2010 4397 2225 4467; x_wconf 81' lang='lat' dir='ltr'><strong>judicas</strong></span> <span class='ocrx_word' id='word_1_670' title='bbox 2254 4414 2334 4450; x_wconf 88' lang='lat' dir='ltr'><strong>me</strong></span> <span class='ocrx_word' id='word_1_671' title='bbox 2361 4397 2646 4452; x_wconf 82' lang='lat' dir='ltr'><strong>secundum</strong></span> <span class='ocrx_word' id='word_1_672' title='bbox 2678 4400 2859 4470; x_wconf 82' lang='lat' dir='ltr'><strong>legem,</strong></span> <span class='ocrx_word' id='word_1_673' title='bbox 2897 4408 2946 4452; x_wconf 85' lang='lat' dir='ltr'><strong>et</strong></span> <span class='ocrx_word' id='word_1_674' title='bbox 2986 4408 3165 4452; x_wconf 83' lang='lat' dir='ltr'><strong>contra</strong></span> <span class='ocrx_word' id='word_1_675' title='bbox 3212 4403 3343 4470; x_wconf 79' lang='lat' dir='ltr'><strong>leges</strong></span> 
     </span>
    </p>
   </div>
   <div class='ocr_carea' id='block_1_90' title="bbox 1774 4485 3345 4562">
    <p class='ocr_par' dir='ltr' id='par_1_90' title="bbox 1774 4485 3345 4562">
     <span class='ocr_line' id='line_1_90' title="bbox 1774 4485 3345 4562; baseline 0.003 -19"><span class='ocrx_word' id='word_1_676' title='bbox 1774 4508 1852 4545; x_wconf 87' lang='lat' dir='ltr'><strong>me</strong></span> <span class='ocrx_word' id='word_1_677' title='bbox 1869 4490 2023 4559; x_wconf 78' lang='lat' dir='ltr'><strong>jubes</strong></span> <span class='ocrx_word' id='word_1_678' title='bbox 2046 4491 2247 4559; x_wconf 83' lang='lat' dir='ltr'><strong>percuti</strong></span> <span class='ocrx_word' id='word_1_679' title='bbox 2281 4493 2365 4544; x_wconf 64' lang='grc' dir='ltr'><strong>δεῖ</strong></span> <span class='ocrx_word' id='word_1_680' title='bbox 2399 4490 2566 4561; x_wconf 84' lang='lat' dir='ltr'><strong>Igitur</strong></span> <span class='ocrx_word' id='word_1_681' title='bbox 2595 4494 2639 4547; x_wconf 90' lang='lat' dir='ltr'><strong>si</strong></span> <span class='ocrx_word' id='word_1_682' title='bbox 2669 4494 2890 4548; x_wconf 88' lang='lat' dir='ltr'><strong>nomine</strong></span> <span class='ocrx_word' id='word_1_683' title='bbox 2939 4509 3028 4548; x_wconf 89' lang='lat' dir='ltr'><strong>res</strong></span> <span class='ocrx_word' id='word_1_684' title='bbox 3076 4485 3200 4562; x_wconf 77' lang='lat' dir='ltr'><strong>ipsae</strong></span> <span class='ocrx_word' id='word_1_685' title='bbox 3230 4496 3345 4548; x_wconf 85' lang='lat' dir='ltr'><strong>dis-</strong></span> 
     </span>
    </p>
   </div>
   <div class='ocr_carea' id='block_1_91' title="bbox 103 4582 1690 4657">
    <p class='ocr_par' dir='ltr' id='par_1_91' title="bbox 103 4582 1668 4655">
     <span class='ocr_line' id='line_1_91' title="bbox 103 4582 1668 4655; baseline 0.007 -26"><span class='ocrx_word' id='word_1_686' title='bbox 103 4596 217 4646; x_wconf 83' lang='grc' dir='ltr'><strong>ματι</strong></span> <span class='ocrx_word' id='word_1_687' title='bbox 267 4582 334 4635; x_wconf 85' lang='grc' dir='ltr'><strong>τά</strong></span> <span class='ocrx_word' id='word_1_688' title='bbox 387 4583 690 4654; x_wconf 82' lang='grc' dir='ltr'><strong>πράγματα</strong></span> <span class='ocrx_word' id='word_1_689' title='bbox 737 4583 1009 4655; x_wconf 78' lang='grc' dir='ltr'><strong>κρίνεται.</strong></span> <span class='ocrx_word' id='word_1_690' title='bbox 1074 4585 1380 4653; x_wconf 77' lang='grc' dir='ltr'><strong>λεγέτωσαν</strong></span> <span class='ocrx_word' id='word_1_691' title='bbox 1447 4589 1495 4641; x_wconf 88' lang='grc' dir='ltr'><strong>οἱ</strong></span> <span class='ocrx_word' id='word_1_692' title='bbox 1550 4593 1668 4650; x_wconf 77' lang='grc' dir='ltr'><strong>ταῖς</strong></span> 
     </span>
    </p>
   </div>
   <div class='ocr_carea' id='block_1_92' title="bbox 1791 4582 3341 4657">
    <p class='ocr_par' dir='ltr' id='par_1_92' title="bbox 1791 4586 3341 4657">
     <span class='ocr_line' id='line_1_92' title="bbox 1791 4586 3341 4657; baseline 0.003 -20"><span class='ocrx_word' id='word_1_693' title='bbox 1791 4594 2093 4647; x_wconf 81' lang='lat' dir='ltr'><strong>:ernuntur,</strong></span> <span class='ocrx_word' id='word_1_694' title='bbox 2128 4586 2219 4654; x_wconf 89' lang='lat' dir='ltr'><strong>qui</strong></span> <span class='ocrx_word' id='word_1_695' title='bbox 2242 4586 2511 4641; x_wconf 87' lang='lat' dir='ltr'><strong>similibus</strong></span> <span class='ocrx_word' id='word_1_696' title='bbox 2541 4589 2858 4657; x_wconf 81' lang='lat' dir='ltr'><strong>tmpologiis</strong></span> <span class='ocrx_word' id='word_1_697' title='bbox 2889 4589 3226 4648; x_wconf 85' lang='lat' dir='ltr'><strong>incumbunt,</strong></span> <span class='ocrx_word' id='word_1_698' title='bbox 3259 4589 3341 4641; x_wconf 88' lang='lat' dir='ltr'><strong>di-</strong></span> 
     </span>
    </p>
   </div>
   <div class='ocr_carea' id='block_1_93' title="bbox 97 4671 1664 4750">
    <p class='ocr_par' dir='ltr' id='par_1_93' title="bbox 97 4671 1664 4750">
     <span class='ocr_line' id='line_1_93' title="bbox 97 4671 1664 4750; baseline 0.008 -31"><span class='ocrx_word' id='word_1_699' title='bbox 97 4671 357 4736; x_wconf 78' lang='grc' dir='ltr'><strong>τοιαύταις</strong></span> <span class='ocrx_word' id='word_1_700' title='bbox 398 4675 794 4745; x_wconf 82' lang='grc' dir='ltr'><strong>ὲπερειδόμενοι</strong></span> <span class='ocrx_word' id='word_1_701' title='bbox 833 4675 1237 4747; x_wconf 81' lang='grc' dir='ltr'><strong>τροπολογίαις,</strong></span> <span class='ocrx_word' id='word_1_702' title='bbox 1264 4679 1421 4749; x_wconf 71' lang='grc' dir='ltr'><strong>ὁποίᾳ.</strong></span> <span class='ocrx_word' id='word_1_703' title='bbox 1460 4679 1664 4750; x_wconf 79' lang='grc' dir='ltr'>μεθόδῳ</span> 
     </span>
    </p>
   </div>
   <div class='ocr_carea' id='block_1_94' title="bbox 98 4760 1662 4838">
    <p class='ocr_par' dir='ltr' id='par_1_94' title="bbox 98 4760 1662 4838">
     <span class='ocr_line' id='line_1_94' title="bbox 98 4760 1662 4838; baseline 0.007 -25"><span class='ocrx_word' id='word_1_704' title='bbox 98 4760 184 4822; x_wconf 70' lang='grc' dir='ltr'><strong>τὰς</strong></span> <span class='ocrx_word' id='word_1_705' title='bbox 207 4764 494 4833; x_wconf 83' lang='grc' dir='ltr'><strong>ἀνομοίους</strong></span> <span class='ocrx_word' id='word_1_706' title='bbox 528 4768 833 4838; x_wconf 74' lang='grc' dir='ltr'><strong>ἐπιστήμας</strong></span> <span class='ocrx_word' id='word_1_707' title='bbox 948 4767 1231 4820; x_wconf 81' lang='grc' dir='ltr'><strong>πολιτειῶν</strong></span> <span class='ocrx_word' id='word_1_708' title='bbox 1277 4770 1566 4837; x_wconf 84' lang='grc' dir='ltr'><strong>ἀναγωγάς</strong></span> <span class='ocrx_word' id='word_1_709' title='bbox 1601 4772 1662 4824; x_wconf 78' lang='grc' dir='ltr'><strong>ἐκ</strong></span> 
     </span>
    </p>
   </div>
   <div class='ocr_carea' id='block_1_95' title="bbox 99 4853 1710 4931">
    <p class='ocr_par' dir='ltr' id='par_1_95' title="bbox 99 4853 1710 4931">
     <span class='ocr_line' id='line_1_95' title="bbox 99 4853 1710 4931; baseline 0.004 -24"><span class='ocrx_word' id='word_1_710' title='bbox 99 4853 186 4921; x_wconf 75' lang='grc' dir='ltr'><strong>τῆς</strong></span> <span class='ocrx_word' id='word_1_711' title='bbox 214 4855 531 4927; x_wconf 81' lang='grc' dir='ltr'><strong>ὁμωνυμίας</strong></span> <span class='ocrx_word' id='word_1_712' title='bbox 565 4859 803 4922; x_wconf 77' lang='grc' dir='ltr'><strong>ἀξιοῦσιν</strong></span> <span class='ocrx_word' id='word_1_713' title='bbox 843 4859 1183 4931; x_wconf 78' lang='grc' dir='ltr'><strong>ἑρμηνεύειν.</strong></span> <span class='ocrx_word' id='word_1_714' title='bbox 1227 4861 1438 4931; x_wconf 84' lang='grc' dir='ltr'><strong>Ἀμέλει</strong></span> <span class='ocrx_word' id='word_1_715' title='bbox 1479 4861 1660 4914; x_wconf 69' lang='grc' dir='ltr'><strong>πολλοὶ</strong></span> <span class='ocrx_word' id='word_1_716' title='bbox 1703 4879 1710 4889; x_wconf 69' lang='grc' dir='ltr'><strong>ο</strong></span> 
     </span>
    </p>
   </div>
   <div class='ocr_carea' id='block_1_96' title="bbox 101 4944 1659 5026">
    <p class='ocr_par' dir='ltr' id='par_1_96' title="bbox 101 4944 1659 5026">
     <span class='ocr_line' id='line_1_96' title="bbox 101 4944 1659 5026; baseline -0.003 -16"><span class='ocrx_word' id='word_1_717' title='bbox 101 4944 187 5010; x_wconf 60' lang='grc' dir='ltr'><strong>μὲν</strong></span> <span class='ocrx_word' id='word_1_718' title='bbox 208 4947 282 5000; x_wconf 73' lang='grc' dir='ltr'><strong>ἔτι</strong></span> <span class='ocrx_word' id='word_1_719' title='bbox 313 4951 410 5002; x_wconf 78' lang='grc' dir='ltr'><strong>καὶ</strong></span> <span class='ocrx_word' id='word_1_720' title='bbox 442 4953 674 5022; x_wconf 82' lang='grc' dir='ltr'><strong>τήμερον</strong></span> <span class='ocrx_word' id='word_1_721' title='bbox 708 4952 943 5006; x_wconf 84' lang='grc' dir='ltr'><strong>Ἰουδαῖοι</strong></span> <span class='ocrx_word' id='word_1_722' title='bbox 982 4954 1334 5025; x_wconf 84' lang='grc' dir='ltr'><strong>προπατόρων</strong></span> <span class='ocrx_word' id='word_1_723' title='bbox 1380 4956 1411 5026; x_wconf 86' lang='grc' dir='ltr'>ἢ</span> <span class='ocrx_word' id='word_1_724' title='bbox 1451 4972 1659 5025; x_wconf 66' lang='grc' dir='ltr'><strong>προφη-</strong></span> 
     </span>
    </p>
   </div>
   <div class='ocr_carea' id='block_1_97' title="bbox 97 5033 1657 5113">
    <p class='ocr_par' dir='ltr' id='par_1_97' title="bbox 97 5033 1657 5113">
     <span class='ocr_line' id='line_1_97' title="bbox 97 5033 1657 5113; baseline 0.009 -29"><span class='ocrx_word' id='word_1_725' title='bbox 97 5033 192 5085; x_wconf 81' lang='grc' dir='ltr'><strong>τῶν</strong></span> <span class='ocrx_word' id='word_1_726' title='bbox 221 5038 461 5107; x_wconf 85' lang='grc' dir='ltr'><strong>ὀνόματα</strong></span> <span class='ocrx_word' id='word_1_727' title='bbox 506 5039 817 5111; x_wconf 83' lang='grc' dir='ltr'><strong>βαλλόμενοι</strong></span> <span class='ocrx_word' id='word_1_728' title='bbox 849 5044 1045 5113; x_wconf 77' lang='grc' dir='ltr'><strong>δρῶσιν</strong></span> <span class='ocrx_word' id='word_1_729' title='bbox 1083 5044 1342 5108; x_wconf 72' lang='grc' dir='ltr'><strong>ἀθέμιτα⁸</strong></span> <span class='ocrx_word' id='word_1_730' title='bbox 1394 5046 1577 5098; x_wconf 73' lang='grc' dir='ltr'><strong>πολλοὶ</strong></span> <span class='ocrx_word' id='word_1_731' title='bbox 1603 5047 1657 5099; x_wconf 80' lang='grc' dir='ltr'><strong>δὲ</strong></span> 
     </span>
    </p>
   </div>
   <div class='ocr_carea' id='block_1_98' title="bbox 97 5125 1658 5209">
    <p class='ocr_par' dir='ltr' id='par_1_98' title="bbox 97 5125 1658 5209">
     <span class='ocr_line' id='line_1_98' title="bbox 97 5125 1658 5209; baseline 0.011 -35"><span class='ocrx_word' id='word_1_732' title='bbox 97 5125 176 5175; x_wconf 72' lang='grc' dir='ltr'><strong>καὶ</strong></span> <span class='ocrx_word' id='word_1_733' title='bbox 197 5133 319 5198; x_wconf 80' lang='grc' dir='ltr'><strong>παρ’</strong></span> <span class='ocrx_word' id='word_1_734' title='bbox 349 5129 576 5200; x_wconf 79' lang='grc' dir='ltr'><strong>Ἕλλησι</strong></span> <span class='ocrx_word' id='word_1_735' title='bbox 598 5133 790 5204; x_wconf 80' lang='grc' dir='ltr'><strong>Πέτροι</strong></span> <span class='ocrx_word' id='word_1_736' title='bbox 825 5137 917 5188; x_wconf 80' lang='grc' dir='ltr'><strong>καὶ</strong></span> <span class='ocrx_word' id='word_1_737' title='bbox 941 5135 1136 5190; x_wconf 80' lang='grc' dir='ltr'><strong>Παύλοι</strong></span> <span class='ocrx_word' id='word_1_738' title='bbox 1157 5136 1474 5206; x_wconf 80' lang='grc' dir='ltr'><strong>καλούμενοι</strong></span> <span class='ocrx_word' id='word_1_739' title='bbox 1495 5138 1658 5209; x_wconf 76' lang='grc' dir='ltr'><strong>πράτ-</strong></span> 
     </span>
    </p>
   </div>
   <div class='ocr_carea' id='block_1_99' title="bbox 96 5223 1656 5298">
    <p class='ocr_par' dir='ltr' id='par_1_99' title="bbox 96 5223 1656 5298">
     <span class='ocr_line' id='line_1_99' title="bbox 96 5223 1656 5298; baseline 0.01 -29"><span class='ocrx_word' id='word_1_740' title='bbox 96 5232 260 5273; x_wconf 84' lang='grc' dir='ltr'><strong>τουσιν</strong></span> <span class='ocrx_word' id='word_1_741' title='bbox 298 5223 596 5292; x_wconf 81' lang='grc' dir='ltr'><strong>ἀνήκεστα.</strong></span> <span class='ocrx_word' id='word_1_742' title='bbox 636 5226 714 5278; x_wconf 85' lang='grc' dir='ltr'><strong>Τά</strong></span> <span class='ocrx_word' id='word_1_743' title='bbox 761 5227 860 5296; x_wconf 81' lang='grc' dir='ltr'><strong>μὲν</strong></span> <span class='ocrx_word' id='word_1_744' title='bbox 884 5230 1058 5282; x_wconf 83' lang='grc' dir='ltr'><strong>τοίνυν</strong></span> <span class='ocrx_word' id='word_1_745' title='bbox 1090 5230 1325 5282; x_wconf 85' lang='grc' dir='ltr'><strong>ύπόκενα</strong></span> <span class='ocrx_word' id='word_1_746' title='bbox 1351 5230 1456 5282; x_wconf 77' lang='grc' dir='ltr'><strong>τῶν</strong></span> <span class='ocrx_word' id='word_1_747' title='bbox 1484 5229 1656 5298; x_wconf 85' lang='grc' dir='ltr'><strong>λόγων</strong></span> 
     </span>
    </p>
   </div>
   <div class='ocr_carea' id='block_1_100' title="bbox 108 5301 1657 5389">
    <p class='ocr_par' dir='ltr' id='par_1_100' title="bbox 108 5301 1657 5389">
     <span class='ocr_line' id='line_1_100' title="bbox 108 5301 1657 5389; baseline 0.008 -29"><span class='ocrx_word' id='word_1_748' title='bbox 108 5301 397 5374; x_wconf 79' lang='grc' dir='ltr'><strong>Ὦριγένους</strong></span> <span class='ocrx_word' id='word_1_749' title='bbox 431 5311 526 5380; x_wconf 77' lang='grc' dir='ltr'><strong>οὐχ</strong></span> <span class='ocrx_word' id='word_1_750' title='bbox 561 5311 757 5381; x_wconf 81' lang='grc' dir='ltr'><strong>ἥκιστα</strong></span> <span class='ocrx_word' id='word_1_751' title='bbox 791 5315 880 5368; x_wconf 74' lang='grc' dir='ltr'><strong>καὶ</strong></span> <span class='ocrx_word' id='word_1_752' title='bbox 914 5317 1000 5372; x_wconf 72' lang='grc' dir='ltr'><strong>διὰ</strong></span> <span class='ocrx_word' id='word_1_753' title='bbox 1036 5319 1134 5388; x_wconf 71' lang='grc' dir='ltr'><strong>τῆς</strong></span> <span class='ocrx_word' id='word_1_754' title='bbox 1161 5318 1414 5389; x_wconf 83' lang='grc' dir='ltr'><strong>τοιαύτης</strong></span> <span class='ocrx_word' id='word_1_755' title='bbox 1445 5319 1657 5372; x_wconf 84' lang='grc' dir='ltr'><strong>ἁλίσκε-</strong></span> 
     </span>
    </p>
   </div>
   <div class='ocr_carea' id='block_1_101' title="bbox 97 5399 1654 5476">
    <p class='ocr_par' dir='ltr' id='par_1_101' title="bbox 97 5399 1654 5476">
     <span class='ocr_line' id='line_1_101' title="bbox 97 5399 1654 5476; baseline 0.015 -35"><span class='ocrx_word' id='word_1_756' title='bbox 97 5407 174 5444; x_wconf 87' lang='grc' dir='ltr'><strong>ται</strong></span> <span class='ocrx_word' id='word_1_757' title='bbox 207 5399 560 5467; x_wconf 70' lang='grc' dir='ltr'><strong>κουφολογίας</strong></span> <span class='ocrx_word' id='word_1_758' title='bbox 581 5418 594 5430; x_wconf 82' lang='lat'><strong><em>°</em></strong></span> <span class='ocrx_word' id='word_1_759' title='bbox 639 5404 736 5455; x_wconf 82' lang='grc' dir='ltr'><strong>ὅσα</strong></span> <span class='ocrx_word' id='word_1_760' title='bbox 774 5404 829 5456; x_wconf 82' lang='grc' dir='ltr'><strong>δὲ</strong></span> <span class='ocrx_word' id='word_1_761' title='bbox 859 5407 954 5476; x_wconf 73' lang='grc' dir='ltr'><strong>τῆς</strong></span> <span class='ocrx_word' id='word_1_762' title='bbox 986 5409 1331 5473; x_wconf 74' lang='grc' dir='ltr'><strong>ἀναστάσεως</strong></span> <span class='ocrx_word' id='word_1_763' title='bbox 1366 5411 1530 5466; x_wconf 76' lang='grc' dir='ltr'><strong>ἕνεκα</strong></span> <span class='ocrx_word' id='word_1_764' title='bbox 1557 5431 1654 5465; x_wconf 88' lang='grc' dir='ltr'><strong>κα-</strong></span> 
     </span>
    </p>
   </div>
   <div class='ocr_carea' id='block_1_102' title="bbox 99 5485 1650 5572">
    <p class='ocr_par' dir='ltr' id='par_1_102' title="bbox 99 5485 1650 5572">
     <span class='ocr_line' id='line_1_102' title="bbox 99 5485 1650 5572; baseline 0.015 -36"><span class='ocrx_word' id='word_1_765' title='bbox 99 5485 306 5553; x_wconf 75' lang='grc' dir='ltr'><strong>κοὸόξως</strong></span> <span class='ocrx_word' id='word_1_766' title='bbox 343 5493 666 5562; x_wconf 76' lang='grc' dir='ltr'><strong>εἰσηγεῖται,</strong></span> <span class='ocrx_word' id='word_1_767' title='bbox 696 5495 928 5566; x_wconf 82' lang='grc' dir='ltr'><strong>δηλῶσαι</strong></span> <span class='ocrx_word' id='word_1_768' title='bbox 977 5501 1074 5569; x_wconf 81' lang='grc' dir='ltr'><strong>μὲν</strong></span> <span class='ocrx_word' id='word_1_769' title='bbox 1116 5503 1210 5555; x_wconf 80' lang='grc' dir='ltr'><strong>ἐπὶ</strong></span> <span class='ocrx_word' id='word_1_770' title='bbox 1256 5501 1347 5555; x_wconf 78' lang='grc' dir='ltr'><strong>τοῦ</strong></span> <span class='ocrx_word' id='word_1_771' title='bbox 1388 5505 1650 5572; x_wconf 83' lang='grc' dir='ltr'><strong>παρόντος</strong></span> 
     </span>
    </p>
   </div>
   <div class='ocr_carea' id='block_1_103' title="bbox 164 5663 1719 5747">
    <p class='ocr_par' dir='ltr' id='par_1_103' title="bbox 164 5663 1719 5747">
     <span class='ocr_line' id='line_1_103' title="bbox 164 5663 1719 5747; baseline 0.014 -31"><span class='ocrx_word' id='word_1_772' title='bbox 164 5663 382 5721; x_wconf 73' lang='lat' dir='ltr'><strong>“Ioan.</strong></span> <span class='ocrx_word' id='word_1_773' title='bbox 413 5684 530 5731; x_wconf 87' lang='lat' dir='ltr'><strong>vm,</strong></span> <span class='ocrx_word' id='word_1_774' title='bbox 559 5669 647 5724; x_wconf 79' lang='lat'><strong>59.</strong></span> <span class='ocrx_word' id='word_1_775' title='bbox 734 5673 778 5702; x_wconf 71' lang='grc'><strong>⁸⁵</strong></span> <span class='ocrx_word' id='word_1_776' title='bbox 810 5671 970 5728; x_wconf 78' lang='lat' dir='ltr'><strong>Joan.</strong></span> <span class='ocrx_word' id='word_1_777' title='bbox 1004 5692 1058 5736; x_wconf 71' lang='grc' dir='ltr'>κ,</span> <span class='ocrx_word' id='word_1_778' title='bbox 1092 5679 1179 5733; x_wconf 76' lang='grc'><strong>51.</strong></span> <span class='ocrx_word' id='word_1_779' title='bbox 1254 5681 1298 5711; x_wconf 68' lang='grc' dir='ltr'><strong>εδ</strong></span> <span class='ocrx_word' id='word_1_780' title='bbox 1318 5681 1437 5734; x_wconf 80' lang='lat' dir='ltr'><strong>Act.</strong></span> <span class='ocrx_word' id='word_1_781' title='bbox 1475 5698 1634 5747; x_wconf 79' lang='lat' dir='ltr'><strong>xxiii,</strong></span> <span class='ocrx_word' id='word_1_782' title='bbox 1667 5684 1719 5739; x_wconf 77' lang='lat'><strong>3.</strong></span> 
     </span>
    </p>
   </div>
   <div class='ocr_carea' id='block_1_104' title="bbox 159 5843 1070 5921">
    <p class='ocr_par' dir='ltr' id='par_1_104' title="bbox 159 5843 1070 5921">
     <span class='ocr_line' id='line_1_104' title="bbox 159 5843 1070 5921; baseline 0.018 -27"><span class='ocrx_word' id='word_1_783' title='bbox 159 5843 258 5914; x_wconf 76' lang='grc' dir='ltr'><strong>(Π)</strong></span> <span class='ocrx_word' id='word_1_784' title='bbox 297 5849 756 5918; x_wconf 56' lang='grc' dir='ltr'><strong>’Λλιρίτωςϊυιιε</strong></span> <span class='ocrx_word' id='word_1_785' title='bbox 792 5857 1070 5921; x_wconf 72' lang='grc' dir='ltr'><strong>ὲκκρὶτως.</strong></span> 
     </span>
    </p>
   </div>
   <div class='ocr_carea' id='block_1_105' title="bbox 1771 4676 3343 4744">
    <p class='ocr_par' dir='ltr' id='par_1_105' title="bbox 1771 4676 3343 4744">
     <span class='ocr_line' id='line_1_105' title="bbox 1771 4676 3343 4744; baseline 0.003 -16"><span class='ocrx_word' id='word_1_786' title='bbox 1771 4683 1896 4728; x_wconf 78' lang='lat' dir='ltr'><strong>cant.</strong></span> <span class='ocrx_word' id='word_1_787' title='bbox 1921 4691 2027 4744; x_wconf 88' lang='lat' dir='ltr'><strong>qua</strong></span> <span class='ocrx_word' id='word_1_788' title='bbox 2067 4676 2320 4730; x_wconf 89' lang='lat' dir='ltr'><strong>methodo</strong></span> <span class='ocrx_word' id='word_1_789' title='bbox 2350 4676 2592 4732; x_wconf 87' lang='lat' dir='ltr'><strong>diversas</strong></span> <span class='ocrx_word' id='word_1_790' title='bbox 2617 4680 2874 4732; x_wconf 82' lang='lat' dir='ltr'><strong>scientias</strong></span> <span class='ocrx_word' id='word_1_791' title='bbox 2900 4688 2989 4731; x_wconf 89' lang='lat' dir='ltr'><strong>aut</strong></span> <span class='ocrx_word' id='word_1_792' title='bbox 3021 4680 3140 4731; x_wconf 75' lang='lat' dir='ltr'><strong>vitae</strong></span> <span class='ocrx_word' id='word_1_793' title='bbox 3176 4680 3343 4732; x_wconf 86' lang='lat' dir='ltr'><strong>ratio—</strong></span> 
     </span>
    </p>
   </div>
   <div class='ocr_carea' id='block_1_106' title="bbox 1771 4767 3338 4839">
    <p class='ocr_par' dir='ltr' id='par_1_106' title="bbox 1771 4767 3338 4839">
     <span class='ocr_line' id='line_1_106' title="bbox 1771 4767 3338 4839; baseline 0.005 -22"><span class='ocrx_word' id='word_1_794' title='bbox 1771 4781 1867 4820; x_wconf 87' lang='lat' dir='ltr'><strong>nes</strong></span> <span class='ocrx_word' id='word_1_795' title='bbox 1894 4781 1957 4819; x_wconf 86' lang='lat' dir='ltr'><strong>ex</strong></span> <span class='ocrx_word' id='word_1_796' title='bbox 2003 4767 2190 4821; x_wconf 89' lang='lat' dir='ltr'><strong>eodem</strong></span> <span class='ocrx_word' id='word_1_797' title='bbox 2223 4769 2440 4822; x_wconf 88' lang='lat' dir='ltr'><strong>nomine</strong></span> <span class='ocrx_word' id='word_1_798' title='bbox 2480 4771 2771 4839; x_wconf 82' lang='lat' dir='ltr'><strong>explicant.</strong></span> <span class='ocrx_word' id='word_1_799' title='bbox 2823 4773 2969 4824; x_wconf 80' lang='lat' dir='ltr'><strong>Multi</strong></span> <span class='ocrx_word' id='word_1_800' title='bbox 3021 4771 3228 4824; x_wconf 68' lang='lat' dir='ltr'><strong>scilicet</strong></span> <span class='ocrx_word' id='word_1_801' title='bbox 3285 4773 3338 4825; x_wconf 87' lang='lat' dir='ltr'><strong>in</strong></span> 
     </span>
    </p>
   </div>
   <div class='ocr_carea' id='block_1_107' title="bbox 1771 4858 3339 4932">
    <p class='ocr_par' dir='ltr' id='par_1_107' title="bbox 1771 4858 3339 4932">
     <span class='ocr_line' id='line_1_107' title="bbox 1771 4858 3339 4932; baseline 0.003 -22"><span class='ocrx_word' id='word_1_802' title='bbox 1771 4858 1913 4912; x_wconf 85' lang='lat' dir='ltr'><strong>hunc</strong></span> <span class='ocrx_word' id='word_1_803' title='bbox 1941 4859 2082 4913; x_wconf 86' lang='lat' dir='ltr'><strong>diem</strong></span> <span class='ocrx_word' id='word_1_804' title='bbox 2117 4861 2520 4930; x_wconf 86' lang='lat' dir='ltr'><strong>progenitorum</strong></span> <span class='ocrx_word' id='word_1_805' title='bbox 2559 4870 2650 4914; x_wconf 88' lang='lat' dir='ltr'><strong>aut</strong></span> <span class='ocrx_word' id='word_1_806' title='bbox 2682 4864 3067 4932; x_wconf 87' lang='lat' dir='ltr'><strong>prOpbctarum</strong></span> <span class='ocrx_word' id='word_1_807' title='bbox 3101 4863 3339 4914; x_wconf 82' lang='lat' dir='ltr'><strong>nomini-</strong></span> 
     </span>
    </p>
   </div>
   <div class='ocr_carea' id='block_1_108' title="bbox 1769 4932 3333 5024">
    <p class='ocr_par' dir='ltr' id='par_1_108' title="bbox 1769 4932 3333 5024">
     <span class='ocr_line' id='line_1_108' title="bbox 1769 4932 3333 5024; baseline 0.003 -21"><span class='ocrx_word' id='word_1_808' title='bbox 1769 4951 1870 5004; x_wconf 86' lang='lat' dir='ltr'><strong>bus</strong></span> <span class='ocrx_word' id='word_1_809' title='bbox 1927 4951 2170 5023; x_wconf 82' lang='lat' dir='ltr'><strong>insigniti</strong></span> <span class='ocrx_word' id='word_1_810' title='bbox 2211 4952 2381 5008; x_wconf 67' lang='lat' dir='ltr'><strong>Judzei</strong></span> <span class='ocrx_word' id='word_1_811' title='bbox 2424 4953 2514 5022; x_wconf 89' lang='lat' dir='ltr'><strong>jus</strong></span> <span class='ocrx_word' id='word_1_812' title='bbox 2539 4932 2760 5008; x_wconf 50' lang='lat' dir='ltr'><strong>&#39;violant</strong></span> <span class='ocrx_word' id='word_1_813' title='bbox 2809 4965 2861 5009; x_wconf 87' lang='lat' dir='ltr'><strong>et</strong></span> <span class='ocrx_word' id='word_1_814' title='bbox 2921 4956 3080 5024; x_wconf 90' lang='lat' dir='ltr'><strong>impie</strong></span> <span class='ocrx_word' id='word_1_815' title='bbox 3111 4956 3333 5022; x_wconf 82' lang='lat' dir='ltr'><strong>vivunt;</strong></span> 
     </span>
    </p>
   </div>
   <div class='ocr_carea' id='block_1_109' title="bbox 1765 5043 3332 5117">
    <p class='ocr_par' dir='ltr' id='par_1_109' title="bbox 1765 5043 3332 5117">
     <span class='ocr_line' id='line_1_109' title="bbox 1765 5043 3332 5117; baseline 0.002 -21"><span class='ocrx_word' id='word_1_816' title='bbox 1765 5043 1921 5097; x_wconf 92' lang='lat' dir='ltr'><strong>multi</strong></span> <span class='ocrx_word' id='word_1_817' title='bbox 1948 5046 2073 5098; x_wconf 86' lang='lat' dir='ltr'><strong>item</strong></span> <span class='ocrx_word' id='word_1_818' title='bbox 2105 5053 2158 5099; x_wconf 91' lang='lat' dir='ltr'><strong>et</strong></span> <span class='ocrx_word' id='word_1_819' title='bbox 2188 5046 2325 5117; x_wconf 88' lang='lat' dir='ltr'><strong>apud</strong></span> <span class='ocrx_word' id='word_1_820' title='bbox 2348 5055 2535 5115; x_wconf 86' lang='lat' dir='ltr'><strong>gentes</strong></span> <span class='ocrx_word' id='word_1_821' title='bbox 2565 5046 2707 5101; x_wconf 86' lang='lat' dir='ltr'><strong>Petri</strong></span> <span class='ocrx_word' id='word_1_822' title='bbox 2740 5058 2791 5099; x_wconf 84' lang='lat' dir='ltr'><strong>et</strong></span> <span class='ocrx_word' id='word_1_823' title='bbox 2823 5046 2973 5100; x_wconf 83' lang='lat' dir='ltr'><strong>Pauli</strong></span> <span class='ocrx_word' id='word_1_824' title='bbox 3013 5048 3332 5115; x_wconf 84' lang='lat' dir='ltr'><strong>nuncupati,</strong></span> 
     </span>
    </p>
   </div>
   <div class='ocr_carea' id='block_1_110' title="bbox 1765 5137 3332 5208">
    <p class='ocr_par' dir='ltr' id='par_1_110' title="bbox 1765 5137 3332 5208">
     <span class='ocr_line' id='line_1_110' title="bbox 1765 5137 3332 5208; baseline 0.002 -19"><span class='ocrx_word' id='word_1_825' title='bbox 1765 5137 1968 5191; x_wconf 78' lang='lat' dir='ltr'><strong>nefarie</strong></span> <span class='ocrx_word' id='word_1_826' title='bbox 1999 5153 2108 5191; x_wconf 84' lang='lat' dir='ltr'><strong>rem</strong></span> <span class='ocrx_word' id='word_1_827' title='bbox 2139 5154 2289 5192; x_wconf 87' lang='lat' dir='ltr'><strong>suam</strong></span> <span class='ocrx_word' id='word_1_828' title='bbox 2323 5147 2534 5208; x_wconf 85' lang='lat' dir='ltr'><strong>gerunt.</strong></span> <span class='ocrx_word' id='word_1_829' title='bbox 2564 5140 2745 5208; x_wconf 85' lang='lat' dir='ltr'><strong>Itaque</strong></span> <span class='ocrx_word' id='word_1_830' title='bbox 2774 5139 2998 5192; x_wconf 82' lang='lat' dir='ltr'><strong>futilitas</strong></span> <span class='ocrx_word' id='word_1_831' title='bbox 3034 5139 3332 5206; x_wconf 76' lang='lat' dir='ltr'><strong>levitasque</strong></span> 
     </span>
    </p>
   </div>
   <div class='ocr_carea' id='block_1_111' title="bbox 1767 5227 3331 5299">
    <p class='ocr_par' dir='ltr' id='par_1_111' title="bbox 1767 5227 3331 5299">
     <span class='ocr_line' id='line_1_111' title="bbox 1767 5227 3331 5299; baseline -0.002 -16"><span class='ocrx_word' id='word_1_832' title='bbox 1767 5244 2079 5283; x_wconf 86' lang='lat' dir='ltr'><strong>sermonum</strong></span> <span class='ocrx_word' id='word_1_833' title='bbox 2097 5227 2344 5298; x_wconf 86' lang='lat' dir='ltr'><strong>Origenis</strong></span> <span class='ocrx_word' id='word_1_834' title='bbox 2367 5245 2472 5283; x_wconf 89' lang='lat' dir='ltr'><strong>non</strong></span> <span class='ocrx_word' id='word_1_835' title='bbox 2497 5231 2676 5284; x_wconf 88' lang='lat' dir='ltr'><strong>minus</strong></span> <span class='ocrx_word' id='word_1_836' title='bbox 2701 5245 2794 5299; x_wconf 80' lang='lat' dir='ltr'><strong>per</strong></span> <span class='ocrx_word' id='word_1_837' title='bbox 2822 5231 2961 5284; x_wconf 87' lang='lat' dir='ltr'><strong>hanc</strong></span> <span class='ocrx_word' id='word_1_838' title='bbox 2979 5230 3331 5298; x_wconf 81' lang='lat' dir='ltr'><strong>vaniloquen-</strong></span> 
     </span>
    </p>
   </div>
   <div class='ocr_carea' id='block_1_112' title="bbox 1764 5320 3328 5390">
    <p class='ocr_par' dir='ltr' id='par_1_112' title="bbox 1764 5320 3328 5390">
     <span class='ocr_line' id='line_1_112' title="bbox 1764 5320 3328 5390; baseline 0 -17"><span class='ocrx_word' id='word_1_839' title='bbox 1764 5320 1892 5373; x_wconf 87' lang='lat' dir='ltr'><strong>tiam</strong></span> <span class='ocrx_word' id='word_1_840' title='bbox 1917 5320 2357 5389; x_wconf 80' lang='lat' dir='ltr'><strong>deprehenditur.</strong></span> <span class='ocrx_word' id='word_1_841' title='bbox 2382 5320 2512 5386; x_wconf 64' lang='lat' dir='ltr'><strong>Qum</strong></span> <span class='ocrx_word' id='word_1_842' title='bbox 2544 5337 2706 5390; x_wconf 92' lang='lat' dir='ltr'><strong>porro</strong></span> <span class='ocrx_word' id='word_1_843' title='bbox 2732 5325 3145 5377; x_wconf 82' lang='lat' dir='ltr'><strong>resurrectionis</strong></span> <span class='ocrx_word' id='word_1_844' title='bbox 3167 5338 3328 5376; x_wconf 80' lang='lat' dir='ltr'><strong>causa</strong></span> 
     </span>
    </p>
   </div>
   <div class='ocr_carea' id='block_1_113' title="bbox 1765 5415 3331 5484">
    <p class='ocr_par' dir='ltr' id='par_1_113' title="bbox 1765 5415 3331 5484">
     <span class='ocr_line' id='line_1_113' title="bbox 1765 5415 3331 5484; baseline 0.001 -18"><span class='ocrx_word' id='word_1_845' title='bbox 1765 5415 1904 5468; x_wconf 90' lang='lat' dir='ltr'><strong>male</strong></span> <span class='ocrx_word' id='word_1_846' title='bbox 1928 5415 2170 5469; x_wconf 88' lang='lat' dir='ltr'><strong>sentiens</strong></span> <span class='ocrx_word' id='word_1_847' title='bbox 2204 5415 2451 5477; x_wconf 89' lang='lat' dir='ltr'><strong>intrudit,</strong></span> <span class='ocrx_word' id='word_1_848' title='bbox 2478 5415 2755 5483; x_wconf 83' lang='lat' dir='ltr'><strong>publicare</strong></span> <span class='ocrx_word' id='word_1_849' title='bbox 2780 5433 2885 5470; x_wconf 92' lang='lat' dir='ltr'><strong>non</strong></span> <span class='ocrx_word' id='word_1_850' title='bbox 2925 5423 3008 5470; x_wconf 88' lang='lat' dir='ltr'><strong>est</strong></span> <span class='ocrx_word' id='word_1_851' title='bbox 3049 5421 3331 5484; x_wconf 76' lang='lat' dir='ltr'><strong>prtesentis</strong></span> 
     </span>
    </p>
   </div>
   <div class='ocr_carea' id='block_1_114' title="bbox 1759 5508 3328 5579">
    <p class='ocr_par' dir='ltr' id='par_1_114' title="bbox 1759 5508 3328 5579">
     <span class='ocr_line' id='line_1_114' title="bbox 1759 5508 3328 5579; baseline 0.001 -16"><span class='ocrx_word' id='word_1_852' title='bbox 1759 5508 1984 5579; x_wconf 79' lang='lat' dir='ltr'><strong>negotii.</strong></span> <span class='ocrx_word' id='word_1_853' title='bbox 2027 5508 2342 5565; x_wconf 80' lang='lat' dir='ltr'><strong>Methodius</strong></span> <span class='ocrx_word' id='word_1_854' title='bbox 2372 5511 2517 5566; x_wconf 90' lang='lat' dir='ltr'><strong>enim</strong></span> <span class='ocrx_word' id='word_1_855' title='bbox 2550 5519 2753 5566; x_wconf 81' lang='lat' dir='ltr'><strong>sanctae</strong></span> <span class='ocrx_word' id='word_1_856' title='bbox 2804 5511 3080 5570; x_wconf 67' lang='lat' dir='ltr'><strong>memoria:</strong></span> <span class='ocrx_word' id='word_1_857' title='bbox 3109 5512 3160 5563; x_wconf 93' lang='lat' dir='ltr'><strong>in</strong></span> <span class='ocrx_word' id='word_1_858' title='bbox 3194 5508 3328 5565; x_wconf 78' lang='lat' dir='ltr'><strong>illud</strong></span> 
     </span>
    </p>
   </div>
  </div>
