4044 6324
718 483 825 540 859

1664 477 1722 534 S.
1765 476 2132 535 EUS'I'ATHII
2171 472 2478 532 EPISCOPI
2511 470 2927 530 ANTIOCIIENI

3850 464 3938 524 ιω

719 598 1007 662 amilum
1045 597 1179 654 satis
1207 595 1421 653 abunde
1465 596 1705 667 scripsit,
1731 596 2283 666 aperteque'ostendit

2391 593 2480 664 οὐχ
2502 587 2614 646 οἷόν
2643 608 2722 644 τε.
2752 590 3002 652 Ιτθόδιος
3032 585 3138 660 γάρ
3177 588 3206 640 ό
3236 588 3336 657 τῆς
3363 587 3520 656 ἁγίας
3549 585 3707 651 ἄξιος
3745 580 3938 652 μνήμης

721 691 867 763 quod
891 689 1136 746 heresim
1167 687 1543 744 alectantibus
1576 701 1763 743 ansam
1811 689 2103 759 praebuerit
2144 689 2283 742 male

722 781 1009 845 sentiendi,
1042 781 1097 835 in
1126 779 1328 850 specie,
1352 794 1463 833 non
1507 780 1626 850 ipso
1665 792 1894 848 corpore
1927 779 2284 835 resurrectio-

721 890 844 929 nem
874 873 989 929 ﬁeri
1027 871 1415 928 determinans.
1439 871 1618 942 Ipsum
1648 886 1777 926 vero
1805 871 2080 940 allegoriis
2103 871 2285 926 omnia

721 964 1011 1020 invertisse
1031 1004 1046 1028 ,
1098 979 1382 1034 pravaeque
1432 961 1704 1034 opinionis
1734 964 1932 1032 ubique
1962 965 2171 1018 semina
2200 963 2286 1018 in-

721 1057 978 1126 gessisse,
1011 1054 1170 1110 facile
1199 1055 1422 1125 cognitu
1477 1063 1592 1120 est;
1641 1054 1946 1124 sapiusque
1990 1053 2116 1110 hinc
2161 1053 2286 1109 inde

719 1147 908 1204 eadem
940 1148 1304 1202 revolventem
1337 1160 1403 1201 ac
1453 1152 1784 1216 repetentem
1807 1185 1824 1210 ,
1876 1153 2050 1200 totum
2098 1147 2283 1201 orbem

719 1238 1010 1295 immodica
1040 1253 1286 1309 vanaque
1338 1237 1613 1308 loquentia
1647 1237 1922 1307 implesse.
1981 1236 2094 1296 Hac
2144 1239 2285 1293 dun—

719 1339 866 1384 taxat
893 1329 1149 1385 methodo
1177 1345 1240 1385 ex
1275 1344 1424 1384 more
1456 1328 1638 1382 omnia
1669 1327 1870 1398 ubique
1897 1327 2170 1400 allegoriis
2199 1330 2286 1383 in-

718 1418 977 1485 farciens,
1003 1428 1211 1474 tantum
1234 1418 1655 1490 Engastrimythi
1687 1418 1847 1473 verba
1875 1417 2101 1489 ﬁgurate
2127 1419 2290 1474 extri-

718 1525 846 1566 care
871 1526 978 1566 non
1007 1512 1199 1581 potuit,
1233 1525 1408 1581 neque
1436 1509 1552 1580 ipsa
1574 1524 1758 1564 rerum
1787 1519 2066 1580 gestarum
2095 1525 2287 1566 conse-

717 1603 940 1672 quentia
971 1603 1028 1657 in
1059 1603 1233 1657 lucem
1262 1601 1506 1656 veritatis
1541 1601 1806 1672 proferre.

789 1691 975 1746 XXIII.
1017 1692 1157 1757 Quid
1208 1701 1467 1762 prmterea
1498 1693 1678 1747 attulit
1716 1693 1977 1763 religione
2009 1696 2113 1749 sibi
2158 1695 2288 1750 sub-

716 1782 950 1856 terfugia
981 1783 1231 1854 llngensl
1261 1783 1396 1840 Cum
1421 1792 1695 1854 spectrum
1729 1784 1878 1839 Sauli
1901 1785 2106 1840 dixisse
2136 1785 2289 1840 vide-

720 1885 870 1928 retur
899 1892 912 1927 :
948 1871 1232 1927 Abscindet
1258 1872 1512 1927 Dominus
1539 1889 1750 1942 regnum
1778 1872 1841 1925 de
1877 1889 2037 1925 manu
2086 1883 2176 1925 tua
2201 1872 2243 1902 ⁸⁷
2270 1888 2285 1936 ;

2381 684 2615 754 ἔγραψεν
2643 683 3004 753 ἀποχρώντως
3031 681 3114 742 είς
3139 680 3254 732 τόδε
3293 680 3356 733 τὸ
3400 678 3691 749 θεώρημα,
3732 676 3827 726 καὶ
3859 673 3938 727 ως

2381 773 2520 839 δειξὲ
2546 790 2610 841 γε
2640 771 2856 841 φανδὺν,
2886 772 2967 824 ὅτι
3003 773 3117 832 τοῖς
3155 769 3498 839 αίρεσιώταις
3534 768 3710 820 ἔδωκε
3734 764 3937 835 πάροδον

2382 864 2621 928 ἀϐούλως
2649 866 2742 918 ἐπὶ
2763 864 2956 926 εῐδους,
2995 860 3109 916 ἀλλ’
3135 861 3236 913 οὐκ
3270 862 3362 912 ἐπὶ
3390 861 3638 931 σώματος
3666 855 3831 910 αὐτοῦ
3859 856 3936 925 τὴν

2383 955 2674 1008 ἀνάστασιν
2715 952 3057 1024 ὁρισάμενος.
3085 948 3231 1002 Ἀλλ’
3265 949 3347 1000 ὅτι
3387 949 3482 1019 μὲν
3518 949 3740 1002 ᾶπαντα
3771 962 3937 1016 τροπο-

2383 1046 2590 1114 λοτίαις
2633 1044 2894 1115 ἀνέτρεψε
2917 1082 2933 1107 ,
2974 1040 3160 1094 καὶτὰ
3203 1039 3301 1109 τῆς
3341 1041 3660 1106 κακοδοξίας
3715 1037 3939 1106 ἔσπειρεν

2385 1135 2688 1206 ἑκασταχοῦ
2722 1135 3031 1206 σπέρματα,
3065 1130 3194 1202 ῥᾷόν
3230 1131 3375 1183 ἐστιν
3423 1132 3576 1184 ἰδεῖν·
3621 1132 3741 1185 ἂνω
3779 1129 3834 1181 δὲ
3865 1128 3944 1180 καὶ

2385 1229 2534 1283 κάτω
2563 1225 2897 1294 ταυτολογῶν
2928 1225 3210 1296 ἐπλήρωσε
3255 1223 3352 1296 τὴν
3382 1224 3710 1294 οἰκουμένην
3743 1224 3946 1292 ἀμέτρῳ

2386 1320 2642 1392 φλυαρίᾳ.
2705 1317 2944 1388 Τοιαύτη
2994 1316 3052 1369 δὲ
3107 1315 3312 1386 μεθόδῳ
3361 1316 3597 1386 συνήθως
3651 1313 3946 1385 ἀλληγορῶν

2386 1413 2598 1466 ἅπαντα
2631 1407 2938 1477 πανταχῶς,
2965 1409 3064 1478 οὐχ
3093 1401 3201 1470 οἷός
3230 1423 3292 1459 τε
3323 1407 3536 1474 ἐγένετο
3571 1407 3640 1459 τὰ
3677 1408 3782 1475 τῆς
3809 1407 3948 1472 trra-

2388 1503 2683 1575 πριμὺθου
2737 1499 3136 1572 τροπολογῆσαι
3185 1501 3402 1570 ῥήματα
3455 1499 3634 1567 μόνον,
3689 1498 3800 1551 οὐδ’
3834 1495 3946 1550 αὐτὸ

2389 1591 2574 1661 σαφῶς
2597 1590 2655 1656 ἐξ
2683 1589 2852 1659 αὐτῆς
2879 1588 3160 1661 ἱστορῆσαι
3187 1588 3286 1656 τῆς
3313 1585 3645 1649 ἀκολουθίας.

2456 1707 2644 1762 XXIII.
2677 1706 2835 1760 Ἀλλά
2871 1705 2924 1758 τί
2968 1704 3104 1774 πρὸς
3135 1702 3227 1755 ἐπὶ
3265 1701 3476 1764 τούτοις
3502 1701 3795 1772 εἰσήγαγεν
3831 1699 3948 1763 ἀφο-

2388 1799 2572 1855 σιώσει
2602 1799 2967 1867 πλαττόμενος
2997 1792 3313 1862 άποφυγάςς
3356 1791 3680 1861 Ἑπειδήπερ
3711 1789 3878 1841 ἐδόκει
3899 1785 3950 1840 τὸ

2390 1890 2582 1960 φάσμα
2605 1888 2684 1959 τῷ
2711 1886 2882 1940 Σαοὺλ
2914 1884 3212 1956 εἰρηκέναισ
3249 1881 3553 1950 Διαρῤήξει
3595 1883 3814 1947 Κύριος
3852 1877 3951 1944 τὴν

720 1963 808 2020 Itis
831 1965 1182 2033 probabiliter
1211 1964 1400 2019 dicens
1457 1964 1778 2027 subintulit,
1831 1980 1945 2018 non
1985 1979 2122 2033 opus
2162 1981 2286 2023 esse

2391 1981 2708 2046 βασιλείαν
2732 1979 2801 2032 ἐκ
2834 1977 3030 2048 χειρός
3063 1991 3200 2038 σου,
3228 1975 3364 2044 πρὸς
3397 1974 3569 2026 ταῦτα
3599 1966 3952 2034 πιθανολογιῖη

721 2055 1026 2125 intelligere
1054 2053 1378 2109 daemonium
1411 2055 1478 2108 de
1513 2069 1677 2124 regno
1700 2052 2063 2109 lsraelitarum
2095 2055 2290 2110 vatici-

721 2153 909 2200 natum
934 2145 1120 2201 fuisse.
1151 2145 1270 2200 Jam
1295 2146 1547 2216 superius
1568 2146 1884 2201 dicebamus
1909 2147 2073 2203 verba
2098 2147 2166 2203 ab
2194 2146 2292 2201 Sa-

719 2238 897 2292 muele
954 2239 1163 2307 prolata
1222 2237 1520 2292 daemonem
1575 2237 1898 2292 suffuratum
1958 2237 2162 2301 fuisse.
2233 2247 2292 2293 ut

721 2336 935 2384 amenta
962 2329 1123 2385 Saule
1154 2329 1378 2399 decepto
1402 2345 1467 2384 ex
1505 2331 1735 2400 propriis
1766 2345 2076 2399 sermonem
2106 2338 2292 2385 texere

721 2419 1018 2476 videretur.
1067 2420 1138 2472 At.
1178 2420 1266 2473 hic
1313 2419 1533 2474 simulat
1561 2419 1764 2474 similes
1814 2419 2014 2474 diaboli
2060 2430 2290 2474 conatus

721 2526 835 2567 non
870 2511 1071 2566 habere
1099 2521 1424 2580 compertos.
1457 2508 1526 2564 Ut
1552 2501 1680 2580 ergo
1704 2511 1984 2563 vaticinari
2007 2510 2285 2565 videbatur

722 2599 996 2654 dementis
1026 2614 1240 2668 regnum
1267 2597 1700 2660 abscindendum,
1725 2607 1854 2650 tunc
1896 2598 2143 2667 adjunxit
2174 2619 2186 2652 :
2220 2598 2289 2652 Et

720 2690 870 2746 dabit
901 2692 1036 2746 illud
1065 2692 1304 2761 proximo
1342 2703 1429 2745 tuo
1461 2691 1646 2746 Dauid.
1675 2691 1742 2744 At
1769 2691 2071 2761 polyhistor
2101 2690 2292 2763 Orige-

722 2801 823 2840 nes
853 2785 938 2839 hic
968 2795 1149 2840 motus
1171 2785 1308 2840 dixit
1344 2804 1356 2838 :
1387 2783 1718 2838 Damoninm
1751 2798 1855 2837 non
1897 2791 2074 2854 potest
2124 2801 2291 2853 agno-

724 2891 877 2933 scere
931 2892 1157 2948 regnum
1189 2875 1356 2930 David
1385 2874 1571 2930 divino
1619 2873 1876 2944 suffragio
1933 2875 2289 2932 destinatum.

725 2967 854 3023 Mihi
886 2983 1013 3024 vero
1041 2969 1130 3023 hic
1167 2968 1358 3024 subest
1388 2968 1694 3034 admiratio,
1729 2981 1962 3037 quonam
2014 2968 2103 3023 hic
2134 2976 2292 3037 pacto

727 3059 869 3130 apud
905 3063 1088 3130 plures
1119 3061 1238 3115 sani
1266 3059 1482 3115 consilii
1511 3059 1759 3130 gloriam,
1786 3074 1848 3113 ac
1878 3059 1924 3115 si
1948 3059 2188 3129 prudens
2217 3060 2291 3114 si-

727 3159 839 3203 mul
859 3160 914 3204 et
945 3151 1000 3205 in
1041 3152 1320 3205 sententiis
1345 3148 1580 3204 ferendis
1614 3150 1854 3217 optimus
1877 3156 2042 3212 esset,
2069 3163 2291 3203 assecu—

726 3247 816 3294 tus
849 3242 940 3296 sit.
980 3240 1149 3311 Igitur
1201 3241 1247 3297 si
1295 3256 1516 3312 regnum
1567 3248 1711 3294 esset
1735 3242 2062 3306 obscurum,
2110 3241 2290 3294 forsan

725 3344 836 3384 non
871 3331 1170 3400 incongrue
1218 3346 1277 3386 se
1306 3331 1439 3384 illud
1486 3331 1667 3401 aliquo
1695 3331 1856 3385 modo
1887 3331 2101 3387 nescire
2130 3333 2293 3386 dissi-
2320 3303 2361 3360 ο

723 3423 986 3477 rnulasset
1013 3441 1025 3475 :
1059 3438 1181 3475 cum
1213 3437 1343 3477 vero
1381 3424 1448 3478 de
1481 3424 1573 3477 illo
1611 3431 1840 3478 testatus
1873 3423 1944 3477 sit
1973 3422 2143 3485 Deus,
2187 3422 2294 3475 Da-

723 3515 924 3584 vidque
953 3528 982 3567 a
1022 3512 1272 3568 Samuelc
1309 3523 1504 3569 unctus
1528 3552 1546 3578 ,
1570 3524 1633 3569 et
1680 3528 1895 3583 semper
1918 3515 1973 3567 in
2003 3514 2145 3568 bello
2179 3513 2292 3582 pri-

724 3622 842 3663 mas
867 3606 1066 3674 ferens,
1101 3609 1244 3677 regis
1272 3623 1437 3678 gener
1463 3609 1534 3663 sit
1558 3608 1805 3671 eﬂ'eetus,
1834 3608 1907 3661 ita
1933 3614 1990 3661 ut
2015 3607 2144 3662 huic
2170 3609 2293 3677 qui-

722 3699 846 3754 dem
881 3700 1238 3769 tripudiantes
1273 3699 1568 3771 myriadas,
1598 3698 1749 3754 Sauli
1794 3699 2058 3755 cbiliadas
2090 3699 2291 3754 decan-

721 3790 924 3855 tarint;
974 3791 1020 3845 si
1055 3790 1166 3844 hac
1199 3799 1252 3845 et
1298 3790 1380 3846 bis
1423 3790 1620 3845 similia
1665 3789 2113 3854 manifestarant,
2159 3789 2289 3860 quid

723 3882 921 3934 mirum
950 3890 1042 3935 aut
1072 3890 1264 3951 praster
1293 3883 1752 3952 exspectationem
1785 3883 1920 3947 erit,
1967 3883 2014 3938 si
2063 3898 2291 3953 regnum

723 3971 910 4026 divino
969 3973 1224 4044 suflragio
1281 3989 1375 4043 per
1418 3972 1734 4043 prOphetani
1775 3975 2042 4029 munitum
2078 3973 2291 4028 daemon

723 4065 1088 4136 agnosceret?
1109 4063 1242 4117 Nam
1290 4065 1334 4118 si
1367 4079 1554 4119 verum
1587 4064 1768 4120 dicere
1788 4065 2039 4130 velimus,
2069 4082 2177 4122 non
2207 4067 2291 4120 in-

721 4153 1069 4224 telligendum
1136 4155 1286 4208 illum
1355 4156 1530 4212 solum
1604 4172 1864 4227 corporea
1920 4173 2284 4228 cognoscere,

722 4245 1178 4314 quemadmodum
1208 4246 1310 4325 olei
1341 4262 1496 4311 usus,
1518 4248 1675 4318 cujus
1703 4247 1896 4306 enusio
1915 4258 2094 4308 tactus
2124 4267 2288 4308 sensu

722 4338 1038 4406 percipitur.
1074 4336 1178 4391 Sed
1210 4339 1392 4393 nullus
1417 4339 1650 4410 ambiget
1686 4340 1799 4396 haec
1832 4343 2087 4399 omnibus
2115 4344 2290 4398 mani-

725 4426 861 4480 feste
891 4427 1251 4483 innotescere.
1277 4429 1484 4484 Addam
1514 4446 1642 4485 vero
1665 4433 1808 4501 quod
1832 4436 2044 4489 excedit
2069 4444 2283 4490 caetera.

727 4516 784 4571 Si
808 4519 923 4573 haec
954 4519 1239 4576 manifesta
1268 4537 1376 4576 non
1412 4531 1615 4586 essent,
1649 4525 1922 4594 quodnam
1965 4528 2143 4596 majus
2172 4538 2285 4593 est,

724 4619 785 4663 ut
821 4612 983 4666 simul
1014 4612 1390 4679 conferamus,
1434 4630 1658 4685 regnum
1689 4615 1859 4671 David
1908 4634 2005 4688 per
2053 4620 2156 4673 olei
2187 4637 2287 4674 un-
2319 4657 2369 4715 υ

723 4699 961 4755 ctionem
991 4717 1306 4771 agnoscere,
1341 4717 1408 4756 an
1449 4705 1832 4774 prophetarum
1865 4709 2071 4765 animas
2105 4711 2173 4765 ab
2201 4711 2290 4765 iu-

727 4790 859 4847 feris
887 4792 1188 4848 eduxisse?
1229 4793 1295 4847 Et
1326 4802 1505 4849 tamen
1552 4795 1681 4849 illud
1721 4797 1786 4852 de
1821 4801 2018 4869 potiori
2060 4817 2290 4871 persona

727 4892 1211 4940 commonstratum
1237 4894 1340 4941 est.
1381 4885 1514 4940 Nam
1539 4903 1566 4939 a
1592 4885 1809 4942 Christo
1835 4890 2106 4946 daemones
2140 4895 2288 4958 toni,

727 4975 883 5030 inviti
926 4977 1162 5031 clamant
1198 4978 1283 5033 his
1315 4978 1493 5033 verbis
1525 4997 1537 5032 :
1573 4977 1712 5042 Quid
1736 4979 1882 5034 nobis
1929 4992 1979 5036 et
2007 4984 2135 5050 tibi,
2179 4983 2290 5038 Fili

726 5065 868 5124 Dei?
914 5069 1114 5122 Venisti
1143 5080 1263 5123 ante
1294 5081 1494 5137 tempus
1530 5071 1701 5126 delere
1730 5090 1823 5127 nos
1853 5075 1934 5127 ⁶⁸Ῡ
1969 5075 2037 5128 At
2082 5078 2293 5132 animas

731 5157 800 5212 ab
829 5157 1018 5212 inferis
1040 5161 1320 5224 evocandi,
1337 5168 1393 5216 et
1420 5170 1597 5219 cmtus
1616 5165 1927 5234 angelorum
1951 5167 2042 5235 qui
2066 5183 2162 5236 per
2184 5183 2295 5223 coe-

727 5246 840 5300 lum
879 5250 1062 5302 volant
1101 5255 1348 5305 eumdem
1391 5253 1444 5307 in
1491 5254 1668 5308 locum
1701 5258 2054 5321 convocandi,
2093 5275 2149 5313 re
2177 5260 2294 5329 ipsa

727 5347 940 5393 tantum
973 5339 1114 5396 Deus
1157 5351 1211 5397 et
1256 5344 1630 5405 divinissimus
1675 5348 1794 5416 ejus
1839 5346 2008 5404 Filius
2057 5359 2294 5420 potesta-

728 5437 836 5483 tem
870 5431 1050 5494 habet,
1084 5442 1384 5507 praeterque
1411 5452 1504 5494 eos
1534 5442 1718 5494 nullus
1753 5440 1994 5495 omnino.
2028 5441 2086 5497 Si
2109 5445 2293 5514 itaque

728 5521 1001 5578 invisibile
1050 5523 1142 5580 Dei
1193 5541 1418 5598 regnum
1472 5544 1536 5583 ac
1579 5538 1768 5585 sancto
1809 5528 2011 5603 Spiritu
2067 5543 2290 5590 unctum

802 5680 850 5714 ον
877 5675 904 5730 1
933 5678 1057 5750 Reg.
1091 5695 1284 5746 xxvm,
1320 5682 1404 5738 l7.
1493 5685 1538 5717 ⁸⁸
1569 5684 1765 5743 Matth.
1802 5685 2008 5756 "11,29

803 5855 914 5926 (l8)
954 5856 1215 5915 Τοιαῦτα.
1241 5859 1406 5916 Forte
1433 5862 1622 5917 ταῦτα.

2393 2071 2785 2141 άνθυπέφερεν,
2820 2069 2894 2132 ὡς
2932 2069 2994 2120 οὐ
3039 2065 3213 2137 χρεὼν
3249 2064 3334 2134 εἴη
3379 2067 3539 2128 νοεῖν,
3574 2065 3655 2116 ότι
3699 2060 3951 2131 δαιμόνιον

2393 2161 2725 2234 προφητεύει
2773 2161 2902 2232 περὶ
2949 2157 3222 2227 βασιλείας
3265 2154 3674 2227 Ἰσραηλιτικῆς.
3721 2150 3858 2221 Ἤδη
3905 2150 3952 2200 δὲ

2391 2255 2488 2308 καὶ
2519 2253 2750 2325 πρόσθεν
2779 2252 2983 2322 ἔφαμεν
3029 2251 3111 2302 ὅτι
3151 2247 3321 2300 ταῦτα
3365 2246 3433 2297 τὰ
3476 2247 3699 2314 ῥήματα
3744 2241 3820 2312 τῷ
3862 2242 3952 2292 Σα-

2396 2345 2566 2416 μουὴλ
2606 2344 2869 2416 εἰρημένα
2910 2340 3142 2412 πρόσθεν
3181 2337 3401 2406 ἔκλεψεν
3441 2338 3471 2389 ό
3501 2334 3732 2403 δαίμων,
3775 2334 3858 2384 ἵνα
3899 2332 3953 2400 δὴ

2391 2437 2483 2490 τὸν
2535 2436 2770 2506 ἔκφρονα
2816 2433 2988 2487 Σαοὺλ
3048 2429 3393 2499 ἐξαπατήσας
3441 2425 3547 2478 τδια
3586 2425 3714 2495 δόξῃ
3771 2423 3954 2489 λέγειν.

2405 2528 2541 2580 Ἀλλ’
2570 2522 2721 2590 οὗτος
2759 2527 2821 2578 οὐ
2849 2524 3222 2596 προσποιεῖται
3264 2518 3334 2572 τὰ
3372 2519 3550 2572 τοιάδε
3589 2516 3683 2569 τοῦ
3726 2512 3955 2568 Sum

2391 2619 2641 2690 δράματα
2689 2617 3006 2686 γινώσκειν·
3065 2615 3141 2677 ὡς
3188 2611 3280 2666 οὖν
3327 2611 3498 2664 ὲδόκει
3540 2608 3849 2680 προλέγειν,
3886 2607 3955 2657 ὅτι

2391 2709 2776 2779 διαρῤαγήσοι
2817 2708 2909 2761 τοῦ
2969 2705 3324 2776 παραπλῆγος
3368 2705 3408 2771 ἡ
3454 2701 3778 2766 βασιλεία,
3827 2713 3954 2766 τηνι-

2392 2801 2568 2856 καῦτα
2613 2800 2940 2872 προσετίθει·
2970 2799 3075 2852 Καὶ
3105 2797 3280 2851 δώσει
3327 2795 3518 2861 αὐτὴν
3571 2791 3650 2859 τῷ
3705 2789 3956 2856 πλησίον

2393 2910 2510 2949 σου
2552 2893 2634 2958 τῷ
2681 2891 2880 2946 Δαυτδ.
2926 2892 2982 2945 Ὁ
3033 2890 3276 2961 μέντοιγε
3329 2887 3632 2954 πολυῖστωρ
3689 2882 3956 2953 Ὠριγὲνης

2393 2985 2626 3038 ἐνταῦθα
2679 2984 2916 3054 κινηθεὶς
2948 2981 3083 3051 ἔφη*
3139 2980 3419 3050 Δαιμόνιον
3449 2978 3506 3029 δὲ
3549 2975 3749 3042 λέγων,
3782 2973 3842 3026 οὐ
3881 2969 3957 3023 δύ-

2393 3095 2550 3130 ναται
2577 3077 2772 3130 εἰδέναι
2796 3076 2894 3143 τὴν
2927 3071 3197 3142 βασιλείαν
3229 3069 3390 3124 Δαυῖδ
3421 3068 3524 3120 ὑπὸ
3553 3067 3759 3143 Κυρίου
3793 3077 3954 3134 χειρο-

2392 3169 2738 3237 τωηθεῖσαν·
2971 3165 3156 3233 ἔμοιγε
3213 3149 3509 3232 θαυμάζειν
3559 3140 3771 3211 ἔπείσιν
3827 3158 3958 3217 ὅπως

2395 3254 2549 3322 οὗτος
2571 3258 2901 3327 ἀποφέρεται
2927 3253 3082 3318 δόξαν
3114 3255 3200 3305 ἐπ’
3233 3251 3482 3320 εὐϐουλίᾳ
3514 3250 3661 3320 παρὰ
3696 3253 3812 3309 τοῖς
3843 3246 3957 3298 πολ-

2397 3352 2527 3414 λοῖς,
2560 3352 2634 3413 ὼς
2676 3349 2899 3419 ἔμφρων
2941 3348 3057 3416 ἄμα
3095 3346 3187 3398 καὶ
3219 3344 3441 3414 γνώμης
3482 3345 3720 3413 ἄριστος.
3769 3343 3831 3394 Εἰ
3878 3338 3960 3408 μὲν

2396 3439 2489 3494 οὖν
2521 3441 2712 3511 ἄδηλος
2733 3435 2801 3508 ἦν
2835 3441 2868 3507 ἡ
2897 3437 3160 3508 βασιλεία,
3191 3435 3316 3505 ἐξῆν
3341 3436 3405 3488 ἂν
3433 3436 3561 3496 ἴσως
3591 3435 3817 3499 ἄγνοιαν
3845 3433 3960 3482 ὐπο-

2397 3529 2672 3600 κρίνεσθαί
2701 3543 2824 3581 τινα
2848 3525 3251 3595 σκηπτόμενον·
3283 3526 3332 3576 εἰ
3365 3524 3422 3576 δὲ
3459 3523 3852 3593 μεμαρτύρητο
3876 3521 3961 3590 μὲν

2398 3621 2502 3674 ὑπὸ
2532 3619 2624 3672 τοῦ
2656 3618 2812 3681 Θεοῦ,
2846 3618 3100 3687 κέχριστο
3130 3615 3174 3668 δ’
3208 3615 3301 3667 ἐπὶ
3340 3613 3548 3675 τούτοις
3581 3613 3686 3665 ὑπὸ
3734 3612 3829 3665 τοῦ
3874 3611 3962 3661 Σα-

2399 3710 2587 3782 μουὴλ,
2627 3709 2683 3762 ἐν
2727 3726 2787 3760 τε
2832 3710 2940 3770 τοῖς
2979 3706 3229 3775 πολέμοις
3267 3706 3566 3777 ἀριστεύων
3606 3704 3694 3756 ἀεὶ
3727 3702 3963 3774 γαμερὺς

2396 3803 2734 3856 ἁναδέδεικτο
2755 3801 2848 3854 τοῦ
2875 3799 3156 3871 βασιλέως,
3184 3797 3323 3851 ὥστε
3342 3795 3515 3867 τούτῳ
3544 3796 3638 3866 μὲν
3664 3796 3766 3857 τὰς
3794 3809 3963 3864 χορευ-

2395 3893 2558 3956 ούσας
2577 3893 2840 3962 ἀναθῆναι
2863 3893 2959 3954 τὰς
2991 3889 3272 3961 μυριάδας,
3302 3885 3378 3957 τῷ
3404 3887 3460 3941 δὲ
3489 3885 3658 3939 Σαοὺλ
3680 3883 3961 3938 ἀποδοῦναι

2394 3984 2492 4048 τὰς
2514 3985 2752 4054 χιλιάδας
2771 4001 2786 4014 ·
2831 3985 2878 4036 εί
2910 3981 3153 4035 δὲταῦτα
3174 3981 3262 4034 καὶ
3296 3978 3365 4032 τά
3397 3978 3618 4031 τοιαῦτα
3646 3977 3961 4046 καθεστήκει

2398 4075 2565 4148 σαφῆ,
2586 4075 2638 4129 τί
2671 4075 2814 4140 ξένον
2843 4074 2946 4145 ἢτί
2980 4071 3279 4144 παράδοξον
3305 4066 3391 4140 ἦν,
3415 4072 3463 4122 εί
3495 4069 3590 4138 τὴν
3608 4064 3779 4120 οὖσαν
3798 4083 3960 4135 κεχειτ

2398 4169 2754 4240 ροτονημένην
2779 4167 2883 4221 ὑπὸ
2907 4167 3002 4220 τοῦ
3028 4165 3231 4236 Κυρίου
3269 4162 3355 4216 διὰ
3385 4161 3477 4214 τοῦ
3502 4162 3784 4232 προφήτου
3821 4159 3959 4229 βασι-

2394 4261 2540 4316 λείαν
2575 4261 2939 4328 ἔπεγίνωσκεν
2977 4261 3007 4311 ό
3044 4259 3282 4329 δαίμωνς
3311 4258 3376 4310 El
3405 4253 3514 4325 γὰρ
3544 4255 3604 4306 οὐ
3637 4251 3958 4321 διανοητέον,

2395 4351 2508 4420 εἴγε
2535 4352 2616 4405 δεῖ
2637 4351 2811 4419 λέγειν
2840 4349 2900 4414 ἐξ
2922 4349 3245 4420 ὑπερϐολῆς,
3276 4350 3356 4402 ὅτι
3394 4346 3463 4400 τὰ
3493 4344 3780 4415 σωματικὰ

2394 4438 2553 4506 εἶδεν,
2579 4441 2654 4505 ὼς
2687 4442 2720 4512 ἡ
2754 4439 2849 4494 τοῦ
2879 4441 3056 4494 ἐλαίου
3090 4441 3284 4510 χρῆσις
3308 4435 3568 4509 αίσθητὴν
3600 4435 3715 4506 ἔχει
3743 4436 3843 4507 τὴν
3874 4433 3959 4502 τῆς

2395 4534 2536 4604 ἁφῆς
2585 4532 2877 4603 ὲπιφοράψ
2928 4531 3063 4586 ἀλλὰ
3103 4530 3274 4584 ταῦτα
3326 4531 3424 4601 μὲν
3467 4529 3640 4592 οὐδεὶς
3686 4525 3956 4598 ἀμφιλέξει

2396 4621 2631 4692 πρόδηλα
2672 4619 2996 4675 καθεστάναι
3044 4622 3240 4674 πᾶσιν
3298 4622 3384 4674 ἵνα
3424 4619 3482 4672 δὲ
3523 4618 3587 4670 τὸ
3635 4614 3957 4688 ὑπερϐάλλον

2394 4714 2502 4785 ἐρῶ
2525 4713 2797 4784 προσθείς.
2831 4715 2894 4767 Ei
2914 4713 3021 4784 γὰρ
3054 4712 3148 4767 καὶ
3181 4713 3252 4785 μὴ
3276 4711 3495 4765 τοιαῦτα
3522 4708 3633 4780 (18)
3662 4707 3954 4774 καθέστηκε

2394 4806 2558 4876 σαφῆ,
2588 4805 2813 4878 πότερον
2845 4806 2913 4859 ἂν
2937 4807 3020 4876 εῐη
3053 4803 3220 4875 μείζω
3249 4803 3382 4875 πρὸς
3415 4802 3696 4872 σύγκρισιν
3733 4799 3798 4851 τὸ
3828 4796 3955 4866 γνῶ-

2391 4912 2477 4947 ναι
2503 4894 2599 4966 τὴν
2625 4895 2715 4948 τοῦ
2745 4895 2905 4950 Δαυτδ
2934 4895 3228 4966 βασιλείαν,
3255 4893 3482 4965 ἢψυχὰς
3515 4892 3573 4959 ἐξ
3601 4891 3727 4962 ᾅδου
3759 4905 3955 4962 προφη-

2354 4988 2357 4992 ’
2390 4985 2546 5048 τικάς
2583 4987 2811 5054 ἀνάξαι;
2847 4988 3039 5043 Καίτοι
3072 4987 3229 5042 τοῦτο
3272 4987 3366 5041 καὶ
3399 4985 3493 5038 ἰπὶ
3525 4983 3618 5037 τοῦ
3663 4983 3955 5053 κρείττονος

2396 5080 2768 5135 ἀποδέδεικται
2789 5083 3078 5153 προσώπου
3095 5097 3110 5111 ·
3137 5082 3231 5135 καὶ
3254 5079 3364 5150 γάρ
3387 5079 3480 5133 καὶ
3504 5078 3597 5130 ἐπὶ
3616 5076 3707 5129 τοῦ
3733 5069 3953 5146 Χριστοῦ

2397 5171 2650 5240 στρεϐλού
2659 5191 2807 5243 μενοι
2831 5175 2925 5226 καὶ
2952 5174 3172 5236 ἄκοντες
3196 5171 3454 5226 ἐκϐοῶσιν
3474 5172 3523 5223 οἱ
3546 5169 3800 5238 δαίμονες
3821 5166 3954 5219 αὐτο

2395 5262 2559 5328 λεξεὶ,
2592 5265 2652 5318 Τί
2681 5264 2824 5333 ἡμῖν
2843 5263 2943 5318 καὶ
2967 5265 3084 5327 σοί,
3125 5262 3475 5335 κεκραγότες,
3511 5259 3607 5314 Υἱὲ
3637 5258 3744 5313 τοῦ
3789 5253 3950 5315 Θςοῦἒ

2388 5349 2606 5420 Ἧλθες
2635 5354 2748 5422 πρὸ
2785 5354 2995 5422 καιροῦ
3031 5354 3325 5407 ἀπολέσαι
3354 5350 3545 5421 rustic;
3573 5349 3647 5402 τὸ
3695 5347 3755 5403 3}
3791 5344 3948 5417 ψυχὰς

2391 5444 2450 5510 ἐξ
2479 5443 2601 5516 ᾅδου
2633 5445 3103 5516 μεταπέμπεσθαι,
3135 5445 3229 5498 καὶ
3251 5446 3442 5514 χοροὺς
3469 5440 3717 5509 ἀγγέλων
3744 5439 3946 5511 οὐρανο-

2393 5538 2574 5600 πετεῖς
2601 5538 2660 5592 ὲν
2697 5538 2845 5610 αὐτῷ
2879 5536 3316 5609 μετακαλεῐσθαι,
3367 5534 3524 5607 μόνος
3569 5530 3816 5597 ἕξουσίν
3851 5527 3948 5598 ίκδδ
