4044 6324
124 368 232 423 685

1041 359 1130 415 DE
1161 357 1750 416 ENGASTBIMYTHO
1771 355 2050 414 CONTRA
2077 353 2444 411 ORIGENEM.

3254 357 3361 416 666

122 487 267 543 ὥστε
290 488 437 543 δυοῖν
468 487 681 556 ἀνάγκη
711 486 956 554 θάτερον,
983 485 1014 555 ἢ
1050 483 1251 546 ταύτας
1281 482 1578 554 ἀχρειῶσαι
1599 481 1677 534 τὼ

1802 484 1873 534 ita
1910 487 1970 534 ut
1998 494 2164 532 unum
2206 494 2273 533 ex
2315 475 2530 531 duobus
2578 487 2799 529 necesse
2829 471 2974 527 factu
3013 473 3106 537 sit,
3133 483 3226 529 aut
3259 479 3358 534 has

123 581 336 652 φωνὰς,
369 582 402 651 ἢ
437 581 506 633 τὰ
547 579 646 649 τῆς
691 576 1128 647 ἐγγαστριμύθου
1175 576 1394 646 ῥήματα
1428 571 1695 625 διαὸαλεῖν

121 672 199 737 ὼς
226 673 374 726 ῑωλα
412 673 505 726 καὶ
539 669 730 741 ψευδῆ.
777 668 934 722 Ἀλλά
962 668 1015 722 τί
1043 667 1264 738 φῶμεν,
1310 665 1696 731 ’Δντιδοξοῦσιν

122 764 350 827 ἑαυταῖς
379 766 434 817 αί
465 762 603 818 θεῖαι
633 762 843 834 Γραφαί
867 778 882 826 ;
908 763 1025 824 ταῖς
1057 761 1112 813 δέ
1145 758 1361 820 πολλαῖς
1389 758 1422 827 ἡ
1465 757 1559 828 μία
1595 756 1695 826 μά-

119 871 278 925 χεται
322 854 542 925 ψῆφοςς
584 854 648 907 Εἰ
691 853 736 906 δ’
782 853 890 924 ἀρα
929 854 1024 905 καὶ
1069 850 1214 921 μάχη
1253 849 1336 912 τίς
1374 849 1542 910 ἐστιν,
1576 848 1694 898 ἐπι-

118 944 392 1016 κρατοῦσι
443 943 654 998 πολλαί.
694 941 804 1017 Καὶ
857 943 962 1014 μὴν
1001 944 1066 994 ἐκ
1096 941 1205 993 τῶν
1237 938 1494 993 ἐναντίων
1523 936 1694 1000 οὕτως

117 1035 391 1108 ὁμοφώνῳ
435 1035 651 1107 συνοδίᾳ
679 1034 1144 1105 καταψηφίζονται
1174 1031 1281 1085 τῶν
1323 1028 1691 1100 ἐγγαστριμύ-

119 1129 229 1182 θων
257 1130 336 1194 ὡς
366 1129 554 1183 ἀνόσια
583 1127 844 1201 δρῶνται·
888 1128 1040 1181 οὐδὲν
1066 1122 1228 1200 ἦττον
1262 1125 1339 1179 ἔτι
1372 1126 1476 1179 κάν
1509 1127 1573 1196 τῇ
1603 1141 1690 1176 τε·

117 1220 295 1294 τάρτῃ
337 1221 448 1275 τῶν
475 1204 772 1276 Βασιλειῶν
807 1219 1201 1290 ἀνειλημμένον
1237 1220 1408 1282 ἐστὶν,
1456 1219 1539 1272 ὅτι
1568 1220 1692 1272 Μα-

117 1308 325 1382 νασσῆς
358 1312 458 1383 μὲν
490 1311 744 1374 ἀσεϐείας
777 1310 1047 1382 ὑπερϐολῇ
1075 1312 1209 1382 πρὸς
1240 1305 1322 1374 οἷς
1363 1307 1691 1362 ἐδικαιοκτό-

117 1418 217 1465 νει,
263 1402 361 1456 καὶ
393 1403 650 1468 παντοίας
679 1402 1012 1474 ἐθρήσκευεν
1055 1401 1487 1473 εἰδωλομόρφους
1535 1399 1687 1461 ὕλας·

128 1490 447 1557 Ἐποίησεν
501 1490 714 1557 ἐαυτῷ,
777 1490 962 1560 φησὶν,
1017 1489 1524 1562 ἐγγαστριμύθους
1590 1487 1690 1543 καὶ

114 1581 419 1651 τνὼσταςο
468 1583 837 1655 ἀντιστρόφως
875 1581 923 1634 δ’
972 1577 1038 1637 αὖ
1073 1581 1234 1637 πάλιν
1276 1583 1306 1634 ὁ
1344 1579 1689 1650 δικαιοσύνης

114 1674 278 1745 ἀρετῇ
328 1674 638 1746 διαπρέψας
694 1674 903 1737 Ἰωσίας
948 1675 983 1726 δ
1029 1672 1280 1742 βασιλεὺς
1325 1669 1543 1725 ἅπαντα
1589 1669 1687 1740 μὲν

112 1764 242 1834 ὁμοῦ
285 1764 358 1818 τά
399 1766 750 1836 χειρότευκτα
783 1764 1029 1819 καθεῦςεν
1060 1762 1429 1834 ἀφιδρύματα,
1473 1761 1604 1833 πυρὶ
1629 1761 1686 1814 δὲ

1798 586 1960 625 voces
1995 579 2254 640 tanquam
2286 567 2508 622 inutiles
2546 566 2806 635 abjicere,
2833 565 2915 620 vel
2943 568 3356 640 engastcimythi

1798 663 1960 717 verba
2015 668 2275 732 tanquam
2325 660 2458 715 falsa
2514 665 2674 728 atque
2730 673 2868 712 vana
2909 658 3209 714 criminari.
3250 660 3354 717 Sed

1796 755 1927 825 quid
1974 754 2256 810 dicemus?
2288 754 2606 825 Pugnantne
2651 752 2794 806 inter
2823 767 2880 806 se
2918 765 3086 806 sacrae
3131 753 3359 809 littera)?

1795 859 1864 897 an
1906 858 2013 897 una
2043 845 2308 898 sententia
2347 842 2534 897 multis
2564 839 2922 895 adversatur?
2952 838 3008 892 Si
3037 856 3156 908 qua:
3176 851 3355 898 tamen

1795 937 1938 990 inter
1981 950 2074 991 eas
2134 933 2502 989 controVersia
2550 939 2666 994 est,
2715 931 2912 1000 potiori
2971 945 3158 986 eorum
3211 936 3354 1003 parti

1793 1030 1974 1100 palma
2014 1027 2193 1081 danda
2246 1033 2350 1080 est.
2411 1023 2475 1078 Et
2523 1029 2703 1077 tamen
2766 1023 3053 1076 contrariae
3104 1025 3357 1080 omnibus

1793 1118 2080 1176 sententiis
2154 1116 2211 1170 in
2270 1114 2822 1187 engastrimythorum
2884 1114 3352 1181 condemnatione,

1791 1220 2050 1282 tanquam
2080 1222 2269 1264 eorum
2308 1209 2399 1277 qui
2444 1207 2611 1277 impie
2641 1213 2827 1274 agunt,
2861 1217 3211 1261 concurrunt.
3243 1209 3355 1264 hec

1792 1302 1974 1356 minus
2005 1310 2263 1371 praeterea
2294 1299 2348 1352 in
2375 1308 2571 1370 quarto
2599 1298 2805 1369 Regum
2840 1297 3065 1353 relatum
3104 1307 3209 1363 est,
3242 1300 3358 1355 Ma-

1791 1407 2008 1447 nassem
2039 1391 2334 1461 impietatis
2362 1406 2611 1452 excessu,
2650 1398 2845 1460 praeter
2870 1389 3143 1458 iustorum
3168 1406 3352 1458 neces,

1790 1480 2043 1535 omnibus
2091 1481 2252 1534 rebus
2297 1494 2414 1548 qua
2446 1479 2586 1533 idola
2620 1495 2732 1550 prae
2790 1495 2849 1536 se
2888 1477 3134 1534 ferebant
3179 1481 3352 1536 servi-

1791 1569 1934 1628 visse
1969 1591 1980 1626 :
2016 1570 2167 1625 Fecit
2198 1570 2299 1626 sibi
2333 1572 2456 1639 ipsi,
2491 1572 2564 1624 ait
2586 1571 2652 1633 ⁷⁸,
2685 1569 3128 1640 engastrimythos
3155 1578 3203 1624 ct
3224 1586 3354 1641 gno-

1789 1674 1924 1720 stu.
1964 1662 2038 1717 Ex
2074 1664 2245 1718 altera
2297 1678 2426 1717 vero
2471 1671 2647 1733 parte,
2696 1663 2790 1731 qui
2830 1661 3054 1730 iustitia:
3095 1661 3256 1715 laude
3285 1663 3352 1714 il-

1790 1754 1947 1817 luxit,
1981 1753 2160 1808 Josias
2195 1768 2290 1807 rex
2333 1767 2521 1806 omnes
2566 1751 2728 1805 simul
2765 1748 3104 1804 manufactas
3143 1757 3350 1805 statuas

115 1821 431 1925 τεφρώσας,⁵
455 1821 746 1925 ἠφάνισεν
788 1856 850 1910 οὐ
901 1855 1008 1928 μὴν
1038 1821 1175 1908 ἀλλά
1195 1821 1278 1922 ’γέ
1312 1821 1448 1924 πρὸς
1476 1821 1677 1914 τούτοις

1787 1847 2050 1914 dejectas,
2086 1846 2210 1916 igne
2242 1854 2595 1913 consumptas
2628 1842 2847 1897 delevit.
2887 1838 3034 1894 lnter
3059 1847 3254 1895 caetera
3295 1849 3353 1895 et

112 1945 378 2015 ἀφεῖλεν,
430 1947 573 2019 ἔφη,
629 1947 770 2014 τοὺς
811 1947 1353 2017 ἐγγαστριμύθους,
1398 1944 1496 1999 καὶ
1540 1945 1684 2009 τοὺς

113 2039 401 2106 τνώστας,
446 2039 548 2095 καὶ
604 2039 678 2095 τὰ
707 2039 980 2113 θεραφὶμ,
1025 2038 1125 2092 καὶ
1172 2038 1245 2092 τὰ
1293 2037 1533 2100 albula,
1583 2037 1682 2091 xui

110 2129 179 2182 τὰ
225 2132 578 2200 καρασαείν·
637 2125 757 2186 εἷτα
815 2130 909 2185 καὶ
973 2130 1092 2202 μετ’
1158 2128 1314 2198 ὀλίγα
1358 2127 1544 2199 φησὶν,
1597 2129 1680 2182 ὅτι

113 2217 199 2271 καὶ
221 2215 606 2290 ἐνεπύρισεν,
633 2221 708 2285 ὡς
741 2220 976 2292 ἀθέμιτα
1019 2216 1240 2290 δηλαδή.
1270 2217 1569 2286 Τοιγαροῦν
1604 2217 1680 2270 ετ-

113 2327 214 2380 περ
241 2313 271 2364 ὁ
314 2313 483 2378 αὐτός
526 2315 643 2368 ἐστι
675 2313 1027 2385 συγγραφεὺς
1067 2309 1325 2382 ἐκατέρου
1373 2309 1467 2364 τοῦ
1500 2311 1682 2381 γράμ-

117 2420 291 2471 ματος,
337 2405 574 2459 ἐνταῦθα
612 2406 669 2459 δέ
700 2405 794 2459 δύο
823 2403 1090 2478 πρόσωπα
1123 2402 1352 2473 βιολογεῖ
1393 2401 1674 2472 βασιλέων,

110 2489 220 2546 εἶτα
260 2497 475 2550 τούτοιν
497 2498 560 2550 τὸ
590 2497 688 2567 μὲν
716 2497 899 2552 ἄδικον
927 2498 1135 2566 εἰσάγει
1165 2496 1267 2570 [ὅτι
1309 2498 1468 2570 πρὸςι
1496 2499 1676 2561 ἄλλοις

112 2588 272 2642 εἵλετο
299 2589 396 2642 καὶ
428 2587 538 2642 τῶν
562 2587 1034 2659 ἐγγαστριμύθων,
1063 2589 1124 2642 τὸ
1146 2589 1201 2641 δὲ
1227 2589 1368 2660 ζήλῳ
1388 2590 1674 2658 διεγηγερ-

116 2681 263 2747 μένον
299 2681 534 2743 ἐπαινεῖ,
568 2678 648 2749 τῷ
683 2682 777 2733 καὶ
812 2681 939 2742 τοὺς
977 2679 1443 2750 ἐγγαστριμύθους
1486 2679 1673 2748 ἐξᾶραι

109 2772 240 2840 πρὸς
276 2770 448 2824 ἀπασι
486 2773 601 2833 τοῖς
643 2769 877 2841 ἐχθροῖς.
909 2771 972 2823 Εἰ
1017 2771 1074 2823 δὲ
1106 2769 1279 2823 ταῦτα
1321 2770 1493 2832 οὓτως
1540 2770 1671 2838 ἔχει,

114 2860 450 2930 συνέστηκεν,
491 2861 574 2912 ὅτι
604 2861 703 2930 οὐχ
740 2860 921 2931 ἑαυτῷ
953 2861 1260 2931 μαχομένας
1291 2857 1520 2923 ἐξεδίδου
1563 2877 1675 2928 φω-

113 2951 219 3014 νάς.
258 2950 381 3003 Οὐδ’
417 2946 486 3004 αὖ
519 2948 834 3020 τδἨνεῦμα
863 2951 924 3004 τὺ
951 2951 1105 3020 ἅγιον
1141 2950 1377 3018 ἔφασκεν
1405 2949 1675 3019 ἀναϐεϐη-

114 3042 256 3095 κέναι
297 3042 390 3095 τὸν
434 3040 709 3113 Σαμουὴλ,
753 3040 888 3094 ἀλλά
923 3043 1052 3104 τοὺς
1097 3042 1195 3113 τῆς
1233 3042 1672 3112 ἐγγαστριμύθου

113 3133 334 3206 διηγεῖτο
359 3135 572 3204 λύγους,
606 3135 683 3198 ὡς
724 3133 860 3204 ᾤετο
895 3133 989 3187 καὶ
1032 3133 1093 3187 τὺ
1139 3134 1314 3188 δοκεῖν
1359 3134 1673 3205 ἐκόμπαζεν
1701 3173 1743 3230 C

114 3227 284 3297 ἐκείνη
325 3226 822 3296 φαντασιοκοπίαις
860 3225 1238 3297 ἀναπτεροῦσα
1283 3226 1376 3280 τὸν
1407 3227 1675 3298 δυνάστην

117 3317 328 3388 ἀδήλοις⁹
380 3320 439 3372 οὐ
477 3319 588 3390 γὰρ
629 3317 696 3372 ἂν
733 3316 911 3388 ἐαυτῷ
942 3319 1034 3370 καὶ
1061 3319 1180 3380 ταῖς
1218 3317 1402 3379 ἄλλαις
1433 3318 1672 3382 ἀπάσαις

119 3410 330 3479 ἐμάχετό
357 3427 474 3473 πως
503 3410 766 3482 Γραφαῖς.
808 3407 944 3460 Ἀλλ’
974 3408 1094 3478 οὐχὶ
1131 3409 1290 3478 μόνον
1319 3404 1480 3462 αὗται
1502 3407 1673 3462 ταῦτα

119 3498 462 3569 διελέγχουσιν
507 3501 563 3551 αἱ
609 3501 815 3569 ῥήσεις,
861 3498 977 3550 ἀλλ’
1007 3497 1087 3549 ἔτι
1117 3514 1180 3564 γε
1226 3496 1433 3560 τούτοις
1473 3498 1673 3568 ἐπιψη-

124 3586 316 3654 φίζεται
363 3590 455 3641 καὶ
508 3588 718 3657 μάρτυς
759 3586 913 3648 ἀλλος
960 3585 1272 3655 ἀξιοφανὴς,
1319 3586 1347 3636 ὁ
1389 3587 1671 3656 προφήτης

129 3678 355 3744 Ἡσαΐας,
390 3682 468 3751 πὴ
502 3682 600 3745 μὲν
634 3678 990 3750 ἀπαγορεύων
1035 3679 1102 3731 τὰ
1147 3679 1324 3731 τοιάδε
1379 3679 1546 3748 μύση,
1596 3681 1670 3749 πὴ

119 3769 169 3823 ἃ
194 3773 460 3844 παραινῶν
500 3772 764 3842 ὀρθότατα
803 3773 915 3833 τοῖς
956 3770 1215 3842 ὑπηκόοις
1255 3771 1404 3839 αὐτῷ
1434 3771 1667 3824 κελαδεῐο

123 3860 216 3913 Καὶ
245 3860 349 3914 ἐὰν
381 3861 596 3915 statam
645 3860 794 3928 πρὸς
833 3860 1005 3930 ὑμᾶς·
1047 3860 1355 3928 Ζητήσατε
1397 3862 1538 3936 τοὺς
1578 3864 1672 3930 ἐτ-

123 3956 554 4023 γαστριμύθους,
581 3953 677 4007 καί
702 3951 845 4016 τοὺς
873 3952 992 4005 ἀπὸ
1022 3952 1134 4020 τῆς
1163 3951 1276 4020 γῆς
1301 3953 1667 4021 φωνοῦντας,

121 4043 246 4110 τοὺς
262 4043 754 4113 κενολογοῦντας,
781 4043 838 4096 οἳ
858 4043 926 4096 ἐκ
956 4042 1064 4111 τῆς
1087 4044 1315 4108 κοιλίας
1341 4044 1666 4112 φωνο-ῦσινο

124 4136 242 4205 οὐχί
264 4139 430 4206 ἔθνος
455 4139 605 4207 πρὸς
631 4138 797 4191 θεόν.
829 4131 962 4190 Εἷτά
982 4154 1032 4188 τι
1059 4136 1196 4205 μετά
1216 4137 1388 4190 ταῦτα
1415 4138 1672 4209 προσθεὶς

124 4230 368 4302 ἐπιφέρειο
421 4233 479 4285 Τί
541 4230 910 4298 ἐκζητοῦσιν,
956 4229 1080 4300 ἐφη,
1118 4230 1248 4296 περὶ
1293 4227 1410 4281 τῶν
1443 4229 1671 4289 ζώντων

127 4325 249 4389 τοὺς
293 4327 577 4393 νεκρούς;
618 4327 820 4394 Νόμον
847 4323 959 4392 τὰρ
989 4325 1074 4388 εὶς
1105 4321 1392 4388 ,βοήθειαν
1427 4323 1666 4387 ἔδωκεν,

125 4414 211 4468 ἴνα
237 4417 475 4471 εἴπωσιν
509 4419 622 4485 οὐχ
653 4417 732 4481 ὼς
762 4414 829 4468 τὸ
851 4412 1016 4482 ῥῆμα
1047 4413 1241 4476 τοῦτο,
1276 4412 1411 4480 περὶ
1449 4408 1520 4467 οὗ
1559 4415 1669 4465 οὐκ

1789 1937 1843 1992 id
1874 1946 2170 1990 memoratu
2201 1936 2422 2006 dignum
2466 1935 2618 2005 egit:
2654 1933 2907 1996 Sustulit,
2933 1933 3105 2002 inquit
3127 1933 3194 1999 ⁷⁸,
3239 1948 3354 1986 oeu-

1789 2029 2066 2099 triioquos,
2096 2039 2145 2082 et
2173 2037 2409 2098 gnostas,
2443 2039 2492 2082 ct
2516 2026 2832 2096 theraphim,
2850 2033 2901 2078 et
2931 2024 3098 2088 idola,
3117 2033 3169 2078 ct
3196 2039 3350 2077 cara-

1786 2122 1921 2176 saim
1952 2136 1973 2174 :
2000 2129 2054 2176 et
2084 2123 2276 2191 paucis
2302 2120 2628 2188 interjectis,
2651 2135 2713 2173 ea
2734 2117 3037 2181 combussit,
3063 2115 3159 2181 ait,
3181 2115 3349 2170 veluti

1784 2211 2012 2268 nefaria.
2069 2211 2253 2281 Itaque
2295 2212 2343 2266 si
2375 2211 2661 2281 utriusque
2710 2210 3025 2280 scriptionis
3069 2221 3212 2261 unus
3262 2214 3349 2261 est

1784 2311 1994 2371 auctor,
2043 2304 2100 2358 in
2147 2303 2346 2374 quibus
2391 2303 2622 2357 duorum
2681 2316 2868 2371 regum
2916 2301 3059 2355 vitas
3104 2298 3344 2368 scripsit,

1782 2395 1977 2450 horum
2019 2396 2251 2450 alterum
2287 2394 2548 2464 iniustum
2587 2392 2760 2447 fuisse
2815 2391 2912 2453 ait,
2961 2390 3106 2459 quod
3150 2397 3347 2456 praeter

1783 2488 1887 2541 alia
1911 2488 2280 2558 ventriloquos
2308 2487 2605 2549 induxerit,
2643 2487 2871 2538 alterum
2895 2480 3146 2535 laudibus
3180 2480 3349 2534 extolc

1781 2579 1844 2632 lit
1873 2580 2016 2649 quod
2046 2580 2230 2634 divino
2257 2580 2371 2634 zelo
2399 2579 2670 2632 excitatus
2693 2576 3060 2643 ventriloquos
3102 2587 3210 2642 pra
3235 2585 3348 2625 om-

1781 2672 1942 2724 nibus
1984 2671 2231 2732 inimicis
2258 2670 2536 2724 deleverit.
2572 2667 2697 2722 llaec
2726 2669 2772 2722 si
2815 2666 2889 2719 ita
2918 2681 2977 2720 se
2999 2664 3218 2726 habent,
3247 2675 3347 2733 pa-

1782 2768 1858 2815 tet
1911 2777 2023 2815 non
2067 2763 2169 2817 sibi
2221 2762 2576 2816 adversantes
2618 2773 2780 2814 voces
2829 2758 3100 2813 emisisse.
3158 2754 3342 2825 Neque

1781 2854 2020 2926 Sp'ritus
2041 2863 2264 2911 sanctus
2291 2854 2517 2911 dixisset
2539 2854 2843 2910 Samuelem
2887 2851 3219 2913 ascendisse,
3248 2851 3342 2904 sed

1779 2948 2189 3018 engastrimythi
2236 2945 2503 3002 referebat
2557 2959 2861 3006 sermones,
2909 2944 3080 3007 illam,
3130 2942 3208 2994 uti
3241 2941 3344 2997 sibi

1781 3040 2064 3093 videbatur
2097 3050 2259 3109 atque
2290 3039 2634 3108 opinabatur,
2681 3037 2966 3105 magnitice
2997 3050 3056 3090 se
3084 3035 3342 3102 jactasse,

1779 3132 2012 3201 spectris
2045 3144 2165 3199 quae
2200 3137 2410 3183 tantum
2452 3128 2840 3198 imaginatione
2872 3127 3105 3180 obscure
3147 3125 3343 3196 deprc-

1779 3222 2178 3286 hendebantur,
2223 3236 2403 3291 regem
2453 3236 2548 3291 spe
2602 3222 2743 3275 bona
2796 3219 3112 3274 extollendi.
3160 3219 3346 3290 Neque

1778 3315 1926 3368 enim
1955 3312 2172 3367 sibimet
2216 3312 2320 3382 ipsi
2349 3312 2579 3380 aliisque
2612 3309 2910 3380 Scripturis
2967 3311 3218 3365 omnibus
3246 3310 3343 3364 ad-

1777 3412 2107 3459 versaretur.
2164 3401 2352 3472 Neque
2405 3411 2615 3455 tantum
2678 3402 2761 3455 ha:
2815 3401 3170 3456 auctoritates
3235 3402 3342 3456 ista

1778 3496 2060 3558 damnant,
2089 3495 2182 3550 sed
2213 3503 2409 3564 praeter
2449 3494 2549 3547 bas
2584 3492 2724 3546 alius
2760 3494 2885 3546 item
2940 3493 3099 3547 testis
3130 3492 3231 3546 ﬁde
3259 3493 3342 3547 di-

1778 3603 1917 3656 gnus
1945 3585 2114 3640 Isaias
2151 3585 2436 3654 propheta,
2469 3583 2738 3638 calculum
2774 3583 2940 3635 addit.
2986 3581 3085 3634 Hic
3125 3582 3341 3650 quidem

1780 3677 1984 3732 similes
2033 3674 2464 3728 ahominationes
2518 3681 2835 3727 exsecratus
2889 3673 3000 3725 haec
3047 3670 3247 3735 subdit,
3284 3679 3344 3724 ut

1779 3769 1853 3822 ita
1896 3769 2152 3833 sentiant,
2183 3767 2486 3820 rectissime
2539 3765 2854 3819 adhortatus
2892 3783 2906 3818 :
2945 3764 3012 3816 Et
3043 3765 3088 3816 si
3113 3763 3343 3816 dixerint

1779 3858 1918 3912 vobis
1944 3873 1961 3910 :
1988 3858 2218 3923 Quwrite
2267 3855 2636 3926 ventriloquos,
2660 3865 2708 3909 et
2743 3875 2828 3910 eos
2859 3860 2948 3928 qui
2995 3877 3026 3911 α
3054 3869 3194 3913 terra
3237 3858 3344 3912 cla-

1779 3963 1945 4015 mant,
1975 3952 2064 4021 qui
2101 3967 2228 4003 vane
2263 3951 2566 4020 loquuntur,
2616 3952 2695 4004 vel
2727 3970 2753 4005 e
2784 3957 2957 4005 ventre
2997 3953 3209 4005 dicunt:
3239 3969 3342 4006 non

1777 4057 1854 4099 est
1912 4062 2035 4116 gens
2075 4044 2144 4097 ad
2190 4043 2377 4097 Deum.
2430 4042 2635 4097 Deinde
2686 4045 2874 4113 paucis
2935 4045 3167 4099 additis:
3203 4043 3340 4111 Quid

1777 4146 2017 4207 quierunt
2043 4136 2107 4190 de
2156 4137 2279 4190 vivis
2321 4137 2597 4188 mortuos?
2625 4134 2809 4205 Legem
2847 4137 3029 4205 quippe
3077 4138 3132 4189 in
3189 4138 3341 4190 auxi-

1778 4229 1907 4281 lium
1964 4228 2126 4293 dedit,
2172 4237 2229 4279 ut
2259 4226 2458 4290 dicant,
2492 4243 2593 4279 non
2650 4227 2724 4279 sic
2757 4236 2812 4278 ut
2849 4227 3059 4279 verbum
3100 4227 3213 4292 hoc,
3244 4243 3339 4295 pro

1777 4338 1877 4390 quo
1900 4328 2102 4374 nonest
2135 4319 2263 4372 dare
2303 4334 2520 4371 munera
2549 4332 2643 4384 pro
2681 4334 2740 4370 eo
2767 4319 2832 4381 ⁷⁸,
2866 4319 3010 4370 clara
3045 4328 3340 4387 sanctaque

1776 4427 1910 4466 voce
1968 4426 2138 4480 genus
2194 4425 2353 4463 omne
2411 4409 2878 4477 ventriloquorum
2909 4410 3160 4477 explosit.
3195 4409 3258 4462 Et
3290 4409 3338 4463 si

125 4507 239 4559 ἔστι
272 4507 422 4574 δῶρα
469 4509 699 4561 δοῦναι·
738 4505 986 4578 προδήλῳ
1027 4504 1123 4574 μὲν
1157 4504 1443 4574 ἱεροφωνίᾳ
1476 4502 1535 4554 τὸ
1565 4503 1669 4555 τῶν

1782 4505 2189 4573 vaniloqhorum
2240 4503 2470 4557 similem
2517 4517 2837 4556 consessum
2869 4501 3183 4568 declaravit,
3220 4504 3340 4557 sine

126 4601 553 4671 ἐγγαστριμύθων
599 4597 912 4672 ἀπεκήρυξε
952 4598 1125 4665 γένος.
1167 4597 1228 4649 Εἰ
1270 4596 1325 4647 δέ
1372 4595 1669 4662 κενολόγων

128 4687 347 4760 “ignve
375 4693 432 4744 τὺ
459 4692 670 4746 τοιοῦτο
711 4689 1004 4761 συνέδριον,
1044 4686 1423 4757 ἀναμφιλόγως
1457 4684 1669 4737 ἀπέδει-

129 4774 221 4842 ξεν,
255 4781 331 4833 ὅτι
373 4783 575 4837 τούτων
617 4783 766 4836 οὐδὲν
805 4782 978 4844 οὐδεὶς
1029 4777 1369 4832 οὐδεπώποτε
1414 4776 1560 4844 λέγει
1607 4775 1668 4827 τὸ

129 4872 360 4939 παράπαν
420 4875 640 4946 ἀληθὲς,
692 4873 828 4927 ἀλλά
884 4869 1218 4943 ψευδηγορίᾳ
1278 4869 1373 4939 μὲν
1422 4867 1669 4936 ὑποκένῳ

129 4958 388 5015 πλάττουσι
430 4963 530 5035 τὴν
570 4964 805 5035 ἀπάτην,
849 4962 1000 5032 ἐὼλῳ
1035 4963 1092 5016 δὲ
1133 4958 1666 5028 κενολογίᾳαφενακί-

130 5047 258 5111 ζουσι
303 5056 425 5118 τοὺς
467 5055 719 5126 ἀμαθεῖς,
764 5056 927 5109 Ὅθεν
965 5052 1270 5114 ἀκολούθως
1312 5051 1666 5103 ἐπέσκωπτεν

129 5141 325 5209 ἐκείνοις
358 5149 469 5200 ὅσοι
490 5147 745 5219 περὶτῶν
767 5146 980 5211 ζώντων
1006 5145 1246 5218 ἐρωτῶσι
1268 5144 1392 5206 τοὺς
1419 5143 1664 5212 νεκρούςσ

131 5231 261 5285 αὑτοὶ
287 5237 410 5308 γὰρ,
441 5239 550 5291 ὅλοι
585 5239 766 5310 νιεκρολ⁵
790 5238 883 5291 καὶ⁵
913 5238 1077 5308 πηροὶ
1098 5235 1472 5305 τυγχάνοντες,
1497 5235 1546 5284 οἱ
1576 5250 1668 5286 κε-

132 5322 309 5394 νολύγοι
337 5330 432 5392 τὰς
479 5328 590 5382 τῶν
618 5329 825 5400 νεκρῶν
869 5326 1269 5382 ύποτυποῦνται
1308 5325 1668 5377 διακονεῖσθαι

135 5417 290 5480 φωνάς
308 5437 320 5449 ’
341 5421 436 5475 ὁδέ
460 5423 742 5494 προφήτης
772 5420 1182 5493 ἐπεμαρτύρετο
1216 5418 1371 5489 βοῶν,
1397 5419 1478 5470 ὃτι
1507 5418 1667 5488 νόμος

134 5501 349 5584 ἀρραγὴς
377 5509 618 5564 ἔκκειται
640 5511 766 5582 περὶ
782 5512 1004 5574 τούτων,
1023 5512 1110 5564 ἴνα
1139 5510 1213 5582 μὴ
1239 5510 1377 5564 κατά
1388 5510 1512 5572 τοὺς
1536 5511 1666 5562 ἁπο-

136 5593 499 5670 φθεγγομένους
529 5602 814 5674 ὑπαχθῶσι
850 5605 1226 5673 κουφολογίαις
1255 5599 1438 5666 ἑώλοις
1460 5620 1471 5631 ·
1502 5604 1664 5673 ἀκρο-

1775 4596 1939 4649 dubio
1965 4597 2356 4650 demonstravit
2381 4595 2574 4647 horum
2603 4597 2874 4648 neminem
2908 4597 3068 4647 ullam
3099 4612 3338 4665 unquam

1774 4687 1996 4740 omnino
2038 4685 2282 4756 proferre
2320 4687 2624 4750 veritatem,
2655 4686 2746 4741 sed
2801 4688 3120 4751 mendaciis,
3165 4688 3340 4758 iisque

1777 4778 2052 4842 inanibus,
2089 4779 2314 4849 ingestis
2368 4778 2587 4833 fraudes
2637 4793 2980 4847 componere,
3036 4779 3245 4848 levique
3273 4795 3338 4834 ac

1777 4870 1970 4924 frivolo
2004 4885 2254 4924 sermone
2301 4870 2536 4924 indoctis
2567 4870 2863 4940 imponere.
2905 4871 3078 4935 Quare
3114 4886 3222 4924 non
3263 4873 3340 4925 in-

1777 4975 2016 5029 congrue
2042 4961 2150 5017 illis
2181 4963 2542 5032 exprobrabat
2575 4965 2666 5032 qui
2700 4962 2766 5016 de
2797 4963 2936 5017 vivis
2974 4971 3217 5018 mortuos
3248 4964 3336 5016 in-

1778 5061 2075 5123 terrogant.
2107 5053 2213 5124 Ipsi
2243 5055 2386 5108 enim
2417 5055 2714 5123 vaniloqui,
2754 5069 2875 5106 cum
2919 5054 3115 5108 mortui
3145 5056 3252 5108 sint
3281 5062 3336 5108 et

1775 5146 1926 5208 caeci,
1951 5152 2286 5198 mortuorum
2315 5161 2474 5200 voces
2496 5144 2706 5201 deferri.
2736 5161 2795 5202 se
2820 5145 3097 5200 simulant.
3132 5146 3337 5201 Contra

1775 5249 1911 5302 quos
1939 5234 2308 5290 testimonium
2330 5235 2544 5290 dicebat
2573 5236 2834 5305 propheta
2862 5236 3125 5300 clamans,
3162 5237 3332 5306 legem

1771 5327 1885 5396 jam
1919 5326 1985 5380 de
2007 5326 2093 5380 his
2123 5325 2291 5381 fuisse
2320 5328 2504 5390 latam,
2541 5343 2608 5381 ne
2652 5327 2800 5380 inani
2833 5327 3103 5382 sermonis
3130 5326 3333 5382 dicaci-

1775 5424 1884 5470 tate
1915 5416 2308 5482 subducantur,
2339 5418 2790 5487 quemadmodum
2820 5425 2873 5471 et
2921 5418 2972 5470 hi
3018 5416 3110 5487 qui
3145 5419 3332 5471 talium

1772 5526 1953 5565 rerum
2000 5519 2127 5564 sunt
2172 5519 2442 5567 auctores.
2505 5510 2601 5565 Est
2649 5511 2793 5566 enim
2844 5511 3153 5567 ﬁrmissima
3201 5512 3336 5581 legis

1773 5600 2040 5664 custodia,
2078 5601 2297 5658 cmleste
2317 5603 2577 5658 auxilium
2617 5603 2926 5674 implorare,
2957 5610 3010 5657 et
3044 5617 3152 5658 non
3182 5618 3212 5658 e
3251 5619 3337 5659 re-

193 5749 232 5780 "
262 5751 336 5806 ιγ
357 5754 477 5823 Reg.
505 5773 619 5822 xxi,
654 5758 705 5813 6.
782 5760 826 5792 ⁷⁸
860 5758 943 5814 ιγ
974 5758 1095 5824 ch.
1126 5776 1280 5820 χχιιι,
1313 5759 1406 5815 οι.
1480 5761 1525 5790 ’⁵
1571 5758 1677 5814 lsa.

1782 5776 1829 5818 ξι.
1867 5758 1953 5818 19,
1985 5757 2068 5814 20.
