4044 6324
260 359 376 417 669

1182 368 1267 418 DL
1306 365 1895 424 LNGASTRIMYTHO
1933 369 2209 427 CONTRA
2246 371 2619 433 ORIGENEM.

3396 384 3503 437 στο

259 477 476 548 ὄργανα
517 474 808 541 θεσπίζων,
850 478 1033 532 ἀσεϐεῖ
1071 479 1127 533 δὲ
1159 483 1385 553 μαντεία⁵
1424 484 1693 555 δαιμόνων
1718 489 1815 540 ὲπι·

1937 488 2110 558 giaria
2157 488 2465 547 daemonum
2521 492 2911 550 vaticinatione
2958 494 3279 551 obtrudunt.
3319 495 3502 566 Ipsum

262 568 503 621 σκυλῶν.
536 570 608 620 Οὐ
643 568 818 621 πείθει
850 569 905 621 δὲ
940 571 1098 625 αὑτὸν
1128 572 1246 625 οὐδὲ
1287 574 1345 627 τὸ
1378 574 1630 629 σύνθετον
1666 578 1834 647 ὄνομα

263 660 520 729 ποταπὴν
557 660 667 729 ἔχει
718 660 1018 733 διαγωγήν,
1074 664 1139 716 Ἦ
1178 664 1287 737 γάρ
1335 668 1833 736 Ἐγγαστρίμυθος

260 752 624 823 ἑρμηνεύεται
656 754 808 824 παρά
840 754 905 806 τὸ
928 755 1124 824 μῦθον
1144 757 1213 809 ἐν
1244 761 1452 828 πιστρί
1488 762 1831 829 πεπλασμέ-

262 860 380 897 ror
410 844 749 912 ἐμφαίνειν·
798 847 830 916 ἡ
869 847 925 899 δὲ
961 847 1055 900 τοῦ
1098 849 1265 917 μύθου
1308 851 1552 914 σύνθεσις
1585 854 1829 923 ἐσχημά-

260 948 445 986 τισται
473 937 982 1007 σκηνοπηγουμένου
1016 937 1255 1005 πιθανῶς
1289 941 1418 994 εἵσω
1443 941 1697 1012 γαστρὸς,
1730 943 1830 995 οὐκ

258 1024 542 1094 ἀλήθειαν,
573 1026 709 1079 ἀλλὰ
754 1029 815 1081 τὸ
861 1028 1055 1098 ψεῦδος
1094 1030 1353 1102 ἄντικρυς
1406 1034 1658 1101 ὲκφωνεί.
1709 1034 1830 1086 Μα-

258 1113 384 1185 κρῷ
417 1116 546 1183 γοῦν
588 1119 808 1189 ἄμεινον
856 1120 1031 1174 ῐσασιν
1071 1124 1118 1173 οἰ
1162 1123 1431 1186 ποικίλαις
1474 1123 1830 1193 ὁμιλήσαντες

256 1203 438 1272 λόγων
464 1209 779 1281 ἀναφοραῖς,
804 1213 985 1266 ὁποῖόν
1008 1216 1121 1267 ἐστι
1151 1214 1212 1267 τὸ
1235 1216 1387 1284 γένος
1418 1214 1607 1268 αὑτοῦ·
1638 1215 1741 1267 κᾶν
1760 1214 1829 1267 τά

260 1295 499 1366 μάλιστα
524 1300 580 1354 δὲ
605 1301 1021 1372 δεισιδαιμονίαν
1046 1307 1325 1377 πυρέττων
1358 1306 1670 1378 Ἑλληνικὴν
1699 1324 1831 1376 μαν-

255 1386 411 1442 τείαν
442 1392 741 1462 εἰσηγεῖται
778 1394 1094 1465 λεληθότως.

330 1480 544 1538 XXVII.
600 1486 737 1539 Ἀλλ’
765 1489 915 1557 ὅμως
941 1491 1000 1541 ού
1030 1495 1394 1563 παραιτητέον
1421 1492 1662 1564 ἠγοῦμαι
1697 1494 1824 1547 κάν-

252 1572 448 1627 τεῦθεν
489 1575 703 1644 ἐλέγξαι
735 1579 832 1649 τὴν
862 1579 1141 1645 ἀξυνεσίαν
1184 1584 1351 1636 αὐτοῦ
1392 1586 1461 1637 δι’
1491 1584 1708 1652 ὀλίγων,
1749 1582 1824 1647 ὡς

254 1664 395 1718 δέον.
431 1668 495 1718 Δί
518 1669 625 1737 γάρ
651 1686 732 1721 τοι
763 1673 1045 1741 ῥητορικαὶ
1071 1674 1285 1743 δηλοῦσι
1310 1676 1697 1746 τεχνογραφίαι
1729 1692 1823 1730 σα-

256 1756 395 1826 φῶς,
419 1760 499 1811 ὅτι
531 1760 696 1829 μῦθός
740 1763 855 1814 ἐστι
896 1764 1117 1835 πλάσμα
1165 1766 1514 1837 συγκείμενον
1548 1767 1686 1837 μετά
1722 1767 1824 1836 ψυ-

255 1851 537 1920 χαγωγίας
578 1853 715 1924 πρός
743 1872 793 1907 τι
824 1856 932 1910 τῶν
960 1860 1017 1910 ὲν
1063 1858 1138 1928 τῷ
1177 1858 1275 1929 βίῳ
1310 1861 1500 1931 χρήσει
1534 1860 1818 1930 διαφέρον·

253 1940 482 2013 πλάσμα
535 1945 590 1997 δὲ
636 1945 904 2016 δήπουθεν
955 1948 1167 2021 εἴρηται
1207 1950 1356 2020 παρά
1400 1950 1460 2003 τὸ
1492 1953 1818 2017 πεπλάσθαι,

256 2034 443 2104 φασὶν,
474 2035 637 2090 αὐτὸν
681 2039 1257 2111 συνομολογουμένως·
1304 2043 1363 2096 οὐ
1412 2044 1519 2114 γάρ
1551 2043 1630 2096 ἔτι
1672 2046 1822 2115 νομί-

254 2122 402 2187 ζοιτο
434 2126 636 2193 μῦθος,
672 2128 719 2179 εἰ
764 2128 999 2195 γεγονὼς
1039 2131 1124 2202 εἴη
1162 2132 1304 2185 κατά
1350 2132 1643 2202 ἀλήθειαν·
1672 2132 1722 2186 εἰ
1765 2132 1821 2185 δὲ

254 2215 571 2286 πλάσματος
608 2218 953 2289 αὐτοσχεδίου
988 2221 1234 2285 σύνθεσίς
1265 2224 1409 2276 ἐστιν
1442 2226 1474 2294 ἡ
1515 2223 1818 2294 μυθοποιία,

254 2308 443 2379 πόρρω
474 2309 572 2377 μὲν
597 2308 741 2380 ἔργῳ
764 2311 864 2381 τῆς
898 2312 1154 2383 ἀληθείας
1180 2314 1500 2384 ὲλήλεγκται
1519 2356 1535 2378 ,
1559 2315 1702 2385 λόγῳ
1726 2316 1821 2369 καὶ

252 2400 592 2470 πραγμάτων
624 2402 753 2466 ὕλας
778 2404 1031 2467 εἰκονίζει
1057 2409 1123 2476 τῇ
1154 2406 1347 2478 πράξει
1380 2406 1703 2478 λειπομένη·
1750 2409 1819 2462 τὰ

250 2488 361 2561 γάρ
402 2492 501 2545 οὐκ
531 2493 659 2547 ὄντα
693 2494 1058 2564 πιθανολογεῖν
1088 2497 1262 2550 ἔοικεν
1293 2499 1368 2561 ώς
1398 2500 1543 2564 ὄντα,
1574 2502 1667 2553 καὶ
1700 2502 1816 2571 διη-

250 2578 411 2647 γήσει
460 2582 686 2652 μίμησιν
732 2586 937 2652 εἰσάγει
986 2587 1414 2656 πεπλασμένην·
1470 2590 1818 2643 ἀνυπόστατα

251 2669 431 2722 τοίνυν
473 2672 725 2725 εἰδοποιεῖ
764 2676 1087 2743 πράγματα,
1137 2679 1409 2749 μηδεμιᾶς
1454 2681 1818 2751 ὑποκειμένης

250 2758 432 2829 ἔδρας,
484 2761 558 2824 ὠς
589 2759 700 2814 οἷόν
735 2782 793 2816 τε
825 2764 1073 2833 βεϐαίως.
1111 2768 1275 2820 Οὐδὲν
1314 2769 1369 2821 δέ
1400 2786 1489 2839 μοι
1526 2771 1672 2821 δοκεῖ
1706 2771 1818 2823 δια-

252 2850 441 2920 φέρειν
468 2852 673 2923 ἀψύχου
708 2856 1077 2925 σκιαγραφίας
1123 2860 1157 2926 ὴ
1193 2858 1284 2910 τοῦ
1318 2859 1486 2928 μύθου
1521 2860 1818 2931 πλαστουρ-

249 2940 379 3007 γία·
426 2940 548 2993 καθ’
590 2944 879 3013 ὁμοιότητα
915 2947 1044 3019 γὰρ,
1079 2944 1252 3018 οἶμαι,
1288 2950 1382 3001 τοῦ
1421 2951 1646 3013 πίνακος
1679 2952 1815 3023 αὐτῇ

247 3029 665 3100 διαχαράττεται
686 3037 751 3105 τῇ
780 3040 1041 3107 γραμμῗγ
1070 3040 1434 3111 παραπλησίῳ
1464 3041 1527 3108 γέ
1558 3059 1637 3094 τοι
1660 3059 1818 3113 προσ-

1937 593 2140 633 nomen
2190 583 2556 652 compositum
2611 584 2901 653 persuadet
2950 601 3187 656 quanam
3244 587 3299 641 in
3346 596 3503 657 parte

1936 676 2208 723 versatur.
2235 669 2869 741 Eugastrimgtlmsenim
2901 673 3291 743 interpretatur
3320 689 3350 727 a
3380 689 3504 727 ven»

1939 766 2017 810 tre
2047 766 2101 811 et
2130 756 2335 825 fabula,
2374 763 2529 829 quasi
2555 760 2794 827 fabulam
2827 762 2881 815 in
2911 771 3082 815 ventre
3109 763 3389 831 conﬁctam
3417 760 3505 816 dc-

1936 857 2259 901 nionsiram.
2290 847 2623 918 Compositio
2654 859 2833 904 aurem
2866 851 3060 905 fabula:
3084 852 3226 905 intra
3256 860 3497 906 ventrem

1935 938 2288 1008 probabiliter
2322 940 2775 1007 quemadmodum
2819 949 2871 995 et
2914 943 3147 996 tentoria
3188 941 3495 1006 efforinata,

1936 1045 2046 1083 non
2077 1030 2383 1093 veritatem,
2410 1031 2506 1085 sed
2558 1031 2898 1085 mendacium
2936 1040 3122 1101 aperte
3149 1035 3489 1101 pronuntiat.
3537 1076 3543 1083 .

1945 1119 2111 1175 Multo
2131 1122 2325 1175 melius
2360 1122 2542 1192 itaque
2574 1124 2666 1192 qui
2702 1124 2853 1177 varia
2886 1123 3045 1192 periti
3083 1130 3211 1179 sunt
3242 1114 3497 1187 lectione,

1936 1223 2202 1267 noverunt
2237 1212 2508 1282 quodnam
2540 1215 2688 1269 illius
2714 1231 2887 1285 genus
2914 1234 2928 1269 :
2962 1216 3056 1284 qui
3084 1230 3192 1269 non
3222 1216 3384 1269 modo
3407 1215 3497 1269 ille

1936 1303 2339 1374 superstitiosis
2377 1307 2665 1376 praestigiis
2703 1308 2947 1376 apprime
2981 1306 3219 1370 deditus,
3254 1306 3496 1377 gentium

1934 1398 2349 1466 superstitiones
2372 1398 2678 1452 clanculum
2720 1399 3038 1453 introducit.

2003 1488 2216 1544 XXVII.
2259 1488 2622 1544 Nihilominus
2648 1490 2772 1545 inde
2805 1492 2967 1545 etiam
2998 1490 3187 1559 paucis
3215 1489 3336 1560 ejus
3386 1498 3496 1545 sto-

1930 1582 2212 1655 liditatem,
2256 1581 2333 1635 uti
2392 1597 2489 1651 par
2520 1590 2625 1645 est,
2685 1583 3097 1653 reprehendere,
3130 1584 3492 1638 omittendum

1927 1689 2038 1727 non
2064 1681 2168 1728 est.
2200 1672 2413 1728 Etenim
2450 1674 2739 1728 rhetoricae
2790 1676 2924 1731 artis
2980 1675 3305 1730 traditiones
3356 1676 3494 1738 satis

1926 1767 2207 1820 commode
2236 1775 2534 1834 exponunt,
2570 1766 2804 1820 fabulam
2847 1783 2968 1823 esse
2998 1768 3268 1822 fictionem
3296 1784 3491 1838 quani-

1922 1853 2045 1907 dam
2080 1870 2202 1909 cum
2232 1856 2592 1909 delectatione
2633 1855 2699 1909 ad
2726 1855 2961 1924 aliquem
3020 1858 3144 1910 vita:
3196 1873 3353 1911 usum
3394 1872 3489 1910 ne-

1920 1944 2241 1997 cessarium.
2268 1942 2443 1997 Fictio
2492 1961 2622 1999 vero
2661 1946 2805 1999 dicta
2861 1956 2946 2001 est
2988 1946 3157 2015 quod,
3192 1954 3250 2000 ut
3297 1963 3490 2002 omnes

1921 2049 2074 2103 atque
2114 2034 2372 2099 fatentur,
2410 2034 2638 2089 conficta
2666 2036 2758 2090 sit.
2797 2034 2984 2106 Neque
3012 2039 3160 2092 enim
3189 2038 3373 2107 fabula
3402 2039 3489 2093 di-

1920 2132 2154 2186 ceretur,
2182 2125 2227 2179 si
2258 2141 2317 2179 re
2356 2126 2471 2194 ipsa
2495 2136 2644 2196 gesta
2678 2126 2887 2182 fuisset.
2915 2127 3095 2194 Quare
3122 2131 3166 2184 si
3199 2128 3377 2183 fabula
3408 2132 3486 2184 rei

1922 2216 2061 2271 fictae
2088 2234 2152 2272 ex
2189 2218 2484 2286 improviso
2542 2220 2866 2288 compositio
2896 2230 3000 2282 est,
3028 2237 3087 2276 re
3111 2221 3329 2291 quidem
3368 2223 3486 2291 ipsa

1920 2307 2080 2377 longe
2109 2307 2264 2361 abest
2294 2322 2323 2360 a
2354 2308 2605 2368 veritate.
2637 2316 2692 2361 at
2737 2324 2917 2361 rerum
2972 2311 3182 2365 ratione
3227 2314 3490 2366 materias

1920 2400 2318 2469 suppeditanda
2347 2409 2700 2471 repraasentat
2731 2402 2946 2457 actione
2967 2402 3248 2457 destituta.
3274 2404 3486 2473 Quippe

1916 2509 2037 2563 qua:
2066 2508 2172 2548 non
2216 2501 2363 2559 sunt,
2393 2494 2894 2558 verisimilitudine,
2929 2494 3085 2564 quasi
3115 2503 3317 2559 essent,
3359 2510 3488 2564 pro-

1919 2585 2090 2652 ponit,
2132 2586 2555 2653 narrationeque
2597 2585 2957 2639 imitationem
2992 2583 3279 2639 confictam
3314 2587 3483 2639 intro-

1917 2674 2085 2727 ducit.
2112 2673 2220 2729 Res
2246 2676 2426 2744 itaque
2448 2691 2568 2745 qua?
2590 2690 2696 2729 non
2724 2675 3054 2737 subsistunt,
3091 2674 3283 2730 formis
3313 2683 3478 2743 atque

1920 2763 2108 2832 ﬁguris
2155 2772 2407 2826 ornatas,
2458 2765 2603 2817 nulla
2652 2764 2901 2818 suﬂultas
2952 2763 3244 2825 ﬁrmitate,
3302 2764 3481 2833 quoad

1921 2853 2034 2906 ﬁeri
2058 2861 2259 2924 potest,
2292 2853 2520 2907 stabilit.
2557 2853 2684 2906 Mihi
2718 2869 2846 2907 vero
2878 2853 3093 2907 videtur
3124 2854 3318 2907 fabulze
3352 2868 3486 2906 con-

1922 2945 2072 2998 fictio
2103 2944 2239 2998 nihil
2271 2944 2338 2998 ab
2374 2945 2681 2997 inanimatae
2718 2944 2925 2997 umbrae
2967 2943 3332 2998 delineatione
3373 2942 3482 2996 dif-

1922 3034 2082 3089 ferre.
2116 3035 2198 3089 Ad
2231 3035 2642 3089 similitudinem
2671 3036 2870 3104 quippe
2922 3034 3117 3088 tabulre
3144 3034 3302 3089 lineis
3346 3034 3481 3103 ipsis

250 3121 519 3192 ιμφερείᾳ
563 3130 972 3194 προσωποποιεῖ
1017 3130 1115 3199 μὲν
1141 3130 1415 3196 ὑπόθεσιν,
1448 3132 1527 3195 εἴς
1563 3150 1615 3184 τι
1651 3134 1815 3204 μέρος

1919 3125 2323 3195 designata-et
2352 3124 2469 3194 pari
2501 3125 2811 3193 aequalitate
2839 3132 3182 3194 argumento,
3226 3124 3281 3177 in
3312 3138 3479 3178 unam

249 3209 649 3276 ἀποϐλέπουσα,
682 3216 822 3271 αύτά
865 3217 921 3270 δὲ
971 3220 1291 3289 σχηματίζει
1344 3226 1409 3293 τῇ
1466 3225 1691 3296 μιμήσει
1745 3226 1816 3278 τά

250 3301 549 3373 πράγματα
578 3310 861 3377 γραμμαῖς
892 3311 1291 3380 ἐντεταμέναις,
1327 3314 1679 3385 ἀνομολογίαν
1716 3317 1815 3385 μὲν

248 3388 342 3446 οὖν
376 3394 461 3462 ἐφ’
504 3395 749 3450 ἑκάστων
780 3400 836 3461 ἐς
864 3400 928 3453 τά
966 3401 1194 3471 μάλιστα
1233 3408 1392 3474 τηρεῖ
1427 3406 1533 3458 τῶν
1570 3406 1809 3477 ῥυθμῶν.

252 3485 431 3556 ’Δκρα
462 3503 521 3539 τε
552 3488 789 3558 πολέμου
833 3494 1030 3562 γράφει
1057 3496 1151 3546 καὶ
1186 3495 1355 3558 τέλος,
1398 3499 1608 3549 ἐοικότα
1640 3498 1810 3568 βάσει,

248 3576 344 3629 καὶ
390 3578 539 3649 χείλη
594 3579 960 3651 φθεγγόμενα,
1010 3585 1105 3637 καὶ
1151 3586 1343 3653 φωνῶν
1388 3587 1670 3657 ἰδιώματα,
1718 3591 1813 3641 καὶ

248 3667 504 3733 γέλωτας,
550 3670 645 3722 καὶ
671 3671 999 3741 κλαυθμοὺς,
1031 3674 1063 3745 ἦ
1100 3676 1437 3747 δημηγορίας
1468 3681 1809 3750 ἀρχοντικάς,

247 3756 283 3827 ἢ
327 3756 599 3827 συμπόσια
640 3760 733 3812 καὶ
772 3758 1011 3830 κώμους,
1044 3762 1077 3833 ἢ
1129 3763 1378 3832 βακχίας,
1421 3766 1453 3835 ἢ
1502 3767 1805 3839 τελετὰς,ῆ

250 3846 418 3919 μέθας
448 3849 795 3914 ἀκολάστους,
823 3851 855 3921 ἢ
890 3853 1171 3922 παροινίας
1208 3856 1497 3925 ἑρωτικάς,
1531 3857 1563 3927 ἢ
1593 3858 1812 3930 λῃστρι-

247 3936 352 3996 κάς
380 3935 653 4006 ἁρπαγὰς,
684 3937 944 4008 ἦφθοράς
971 3940 1322 4010 ἀνηκέστους,
1348 3945 1381 4015 ἣ
1414 3948 1627 4014 σφαγὰς
1655 3949 1805 4019 ἀκρίο

247 4044 397 4091 τους,
445 4027 479 4097 ἢ
526 4029 715 4091 πενίας
763 4030 1098 4101 ὑποκρίσεις,
1138 4033 1172 4103 ἢ
1215 4034 1462 4088 πλούτων
1505 4040 1807 4111 ἐπιρροίας,

248 4114 595 4189 Εἰκοτολογίᾳ
628 4118 725 4187 μὲν
769 4114 862 4172 οὖν
910 4118 1121 4173 ἅπαντα
1151 4124 1556 4195 χαρακτηρίζει,
1599 4143 1813 4198 προσω-

248 4208 449 4261 ποποία
475 4208 533 4261 δὲ
576 4212 975 4280 προπμφερεῖς
1016 4210 1320 4282 διαγορεύει
1362 4216 1587 4286 πράξεις
1617 4218 1811 4290 ἀνδρα-

245 4304 387 4364 νςῖς·
420 4301 469 4353 ot
493 4301 600 4371 γάρ
633 4318 713 4354 τοι
748 4302 1032 4371 μυθοποιοὶ
1070 4305 1169 4367 τὰς
1206 4305 1446 4377 ἀνθηράς
1476 4309 1807 4380 ἀναλεγόμε-

246 4411 328 4449 νοι
354 4394 525 4457 λέξεις
567 4394 924 4467 αὑτουργοῦσι
956 4397 1169 4452 ποικίλα
1209 4402 1514 4470 χρωμάτων
1537 4402 1672 4473 εἴδη,
1716 4406 1807 4457 καὶ

1919 3226 2131 3285 partem
2178 3215 2508 3283 respiciens,
2557 3228 2844 3283 personam
2894 3212 3173 3283 confingit,
3220 3213 3479 3267 imitatio-

1916 3321 2092 3375 neque
2126 3320 2211 3359 res
2258 3305 2405 3374 ipsas
2453 3304 2613 3357 lineis
2663 3303 2903 3358 inductis
2935 3303 3147 3372 figurat,
3189 3310 3244 3357 et
3273 3304 3329 3356 in
3360 3318 3478 3358 om-

1914 3398 2078 3453 nibus
2103 3398 2469 3466 inaequalitate
2497 3411 2785 3450 numerum
2808 3395 3063 3450 observat
3095 3396 3473 3464 potissimum;

1915 3491 2105 3558 sicque
2136 3501 2289 3543 ortus
2320 3498 2372 3544 et
2402 3487 2539 3542 ﬁnes
2572 3488 2836 3542 bellorum
2860 3502 2969 3541 non
3004 3486 3229 3541 dissona
3252 3486 3475 3541 basibus

1914 3582 2108 3651 pingit,
2151 3582 2292 3635 labia
2335 3579 2603 3649 loquacia,
2638 3593 2834 3631 vocum
2867 3576 3251 3646 proprietates,
3303 3576 3474 3639 risus,

1913 3674 2187 3742 planctus,
2232 3679 2325 3724 aut
2374 3670 2669 3724 conciones
2702 3667 3031 3738 principum,
3061 3667 3333 3733 convivia,
3366 3667 3476 3721 sal-

1912 3761 2172 3825 tationes,
2226 3760 2440 3813 furores
2479 3758 2792 3822 bacchicos,
2845 3757 3128 3827 mysteria,
3180 3756 3474 3810 ebrietates

1911 3853 2281 3921 turpissimas,
2313 3848 2642 3920 petulantias
2686 3850 3002 3911 amatorias,
3039 3846 3355 3917 praedonum
3386 3846 3474 3899 di-

1912 3943 2211 4011 reptiones,
2246 3936 2555 4010 deploratas
2585 3938 2782 4001 czedes,
2817 3937 3000 3992 clades
3036 3952 3309 3999 enormes,
3348 3949 3479 4005 pau-

1914 4034 2139 4101 pertatis
2190 4031 2589 4093 simulationes,
2641 4029 2957 4084 divitiarum
2999 4029 3323 4083 aﬂluentias.
3371 4028 3474 4083 De-

1910 4123 2055 4178 eenti
2095 4123 2259 4192 igitur
2302 4124 2550 4177 oratione
2605 4129 2765 4176 notas
2815 4121 3069 4191 apponit,
3112 4128 3166 4175 et
3210 4134 3473 4190 persona-

1912 4230 2035 4267 rum
2085 4213 2302 4269 ﬁctione
2357 4213 2423 4267 ad
2479 4214 2720 4267 actiones
2780 4214 2987 4267 similes
3034 4228 3154 4280 qua
3200 4212 3347 4264 viros
3375 4211 3472 4265 de-

1912 4316 2055 4369 cent,
2090 4305 2357 4375 designat.
2396 4304 2752 4357 Fabulatores
2782 4305 2984 4373 quippe
3007 4302 3214 4356 ﬂoridis
3246 4303 3472 4357 vocibus

1910 4397 2125 4452 selectis
2145 4375 2335 4450 .varias
2363 4396 2607 4449 colorum
2656 4394 2869 4463 species
2917 4393 3199 4457 adhibent,
3243 4392 3472 4461 compli-

242 4488 311 4557 τῇ
351 4487 737 4557 προσωποποία
765 4488 1183 4557 συμπλέκουσιν·
1212 4485 1332 4543 εἶτα
1371 4491 1545 4559 λόγοις
1575 4496 1812 4565 ἐπιχρὼο

1919 4498 2147 4559 eantque
2196 4502 2551 4558 personarum
2601 4485 2843 4550 ﬁctioni;
2898 4486 3156 4553 deinceps
3206 4485 3474 4538 orationis

246 4593 437 4641 σαντες
458 4576 633 4649 ἡδέσι,
668 4580 846 4631 πᾶσαν
874 4581 972 4650 μὲν
993 4582 1379 4650 ὲπισυνάγουσι
1402 4584 1498 4654 τὴν
1518 4584 1612 4636 τοῦ
1640 4586 1809 4654 μύθου

244 4670 523 4741 διήγησιν·
550 4670 739 4741 ὥσπερ
767 4670 824 4723 δὲ
854 4672 1212 4745 ζωδιογράφοι
1252 4676 1350 4745 τὴν
1396 4675 1493 4745 τῆς
1523 4674 1697 4745 ὅψεως
1735 4680 1811 4729 εῖ-

244 4762 546 4826 κονίζουσιν
574 4762 743 4835 ὥραν,
772 4764 1019 4836 ὲρυθροῐς
1048 4768 1130 4835 ἡδ’
1156 4767 1387 4831 ἀνθινοῖς
1429 4768 1679 4838 χρώμασι
1705 4786 1807 4841 κη-

246 4854 672 4924 ῳγραφοῦντες·
721 4856 924 4926 ῥήμασι
976 4857 1032 4909 δὲ
1080 4858 1176 4912 καὶ
1223 4862 1464 4930 σχήμασι
1508 4863 1808 4932 μελοποιεῖν

241 4948 606 5016 ἐπειγόμενοι,
637 4948 987 5020 χαρακτῆρας
1012 4948 1226 5014 ὑλικοὺς
1256 4952 1399 5022 ἔργῳ
1425 4953 1529 5023 τῆς
1553 4955 1805 5023 ἀληθείας

244 5037 413 5107 αὐτῆς
461 5038 796 5093 ἀποδέουσιν.
843 5038 980 5092 Ἀλλ’
1028 5032 1174 5094 οὗτοι
1214 5042 1311 5112 μέν
1353 5060 1433 5096 τοι
1478 5043 1650 5114 τούτῳ
1682 5060 1803 5096 ποι-

246 5129 483 5182 κίλλουσι
509 5131 693 5202 τρόπῳ
718 5130 817 5196 τάς
843 5131 950 5184 τῶν
980 5131 1163 5202 μύθων
1196 5134 1409 5199 εἰκόνας
1429 5152 1443 5165 ·
1474 5136 1719 5189 ἐντεῦθεν
1748 5135 1806 5187 δὲ

248 5219 478 5289 μουσική
514 5236 596 5282 τις
628 5221 860 5291 ἁρμονία
890 5222 1222 5289 συνίσταται,
1255 5227 1351 5277 καὶ
1377 5226 1665 5295 ποιητικῆς
1691 5227 1806 5296 οἰη-

247 5309 494 5373 σικοπίας
528 5310 760 5381 εὕρεσις.

313 5482 546 5539 XXVIII.
588 5484 802 5556 ’Δμέλει
828 5487 960 5556 γοῦν
992 5489 1341 5561 ἐρωτώμενος
1366 5493 1394 5544 ὁ
1421 5490 1644 5545 Πλάτων
1669 5509 1799 5563 μου-

244 5576 402 5646 σικῆς
447 5575 545 5647 μὶν
573 5572 709 5630 εἶναι
750 5575 941 5645 λόγους
966 5578 1225 5649 ὁρίζεται,
1269 5580 1469 5649 λέγων·
1502 5583 1706 5651 Λόγων·
1732 5579 1802 5634 δὲ

242 5666 443 5721 διττὸν
483 5662 669 5734 εἶδος,
702 5668 836 5740 ἔφη,
896 5671 959 5724 τὸ
1004 5670 1121 5739 μὲν
1171 5672 1421 5738 ἀληθὲς,
1455 5674 1680 5741 ψεῦδος
1734 5670 1803 5726 δὲ

242 5759 516 5823 θάτερον
548 5758 895 5816 παιδευτέον
929 5760 998 5815 δὲ
1031 5763 1101 5817 ἐν
1144 5762 1514 5831 ἀμφοτέροις,
1550 5763 1706 5820 ἀλ.ἰά
1736 5782 1801 5829 τι

1912 4582 2179 4637 suavitate
2212 4579 2604 4633 adumbrantes
2636 4592 2853 4632 omnem
2882 4576 3099 4646 quidem
3132 4575 3326 4629 fabula:
3344 4590 3473 4628 nar-

1909 4673 2176 4727 rationem
2231 4670 2544 4739 expediunt.
2597 4668 2663 4721 Et
2699 4668 2866 4722 veluti
2920 4668 3198 4737 signorum
3238 4665 3472 4736 pictores

1917 4773 2170 4834 aspectus
2205 4762 2665 4832 pulchritudinem
2704 4760 2886 4814 rubeis
2918 4758 3232 4827 floridisque
3273 4758 3443 4811 colori

1908 4854 2035 4917 bus,
2066 4868 2130 4907 ac
2160 4853 2205 4906 si
2238 4866 2361 4905 cera
2391 4851 2697 4920 pingerent,
2726 4849 3106 4918 distinguunt;
3138 4847 3317 4900 verbis
3342 4848 3469 4901 item

1909 4946 2206 5016 iigurisque
2230 4943 2356 4997 dum
2390 4956 2676 4995 numerum
2721 4940 3134 4994 accommodare
3176 4950 3466 5009 coguntur,

1908 5036 2321 5092 characteribus
2363 5034 2698 5103 pinguibus,
2753 5034 2999 5086 veritatis
3050 5046 3250 5094 causa,
3307 5034 3465 5101 quasi

1908 5128 2259 5197 compedibus
2301 5127 2565 5180 vinciunt.
2625 5125 2693 5177 At
2745 5124 2799 5177 lii
2848 5123 3065 5192 quidem
3112 5124 3211 5176 hac
3254 5125 3466 5178 ratione

1907 5220 2212 5274 fabularum
2248 5218 2511 5288 imagines
2554 5226 2840 5270 exornant.
2888 5214 3025 5268 ilinc
3070 5216 3273 5268 musica
3314 5230 3466 5283 qna:-

1909 5314 2033 5368 dam
2076 5311 2362 5364 harmonia
2407 5310 2782 5370 constituitur,
2828 5323 2892 5361 ac
2928 5307 3151 5376 poeticzc
3196 5308 3463 5377 imagina-

1910 5404 2073 5460 tionis
2108 5402 2366 5455 inventio.

1976 5491 2214 5549 XXVIII.
2256 5491 2441 5561 Itaque
2472 5490 2626 5545 Plato
2668 5492 3034 5560 interrogatus
3086 5490 3306 5543 musica:
3340 5489 3465 5557 qui—

1906 5585 2028 5641 dem
2072 5584 2370 5639 orationem
2422 5598 2545 5637 esse
2593 5581 2937 5639 determinat,
2978 5580 3165 5634 dicens
3207 5580 3463 5632 orationis

1907 5678 2039 5729 dus
2071 5689 2183 5728 (su
2210 5674 2424 5739 species,
2472 5687 2630 5722 unam
2663 5685 2857 5731 verant,
2890 5670 3111 5723 alterum
3140 5671 3369 5737 falsam;
3405 5671 3460 5721 in

1907 5766 2143 5832 uirisque
2174 5778 2288 5817 vero
2316 5759 2690 5815 insumendum
2716 5760 2973 5831 (civitatis
3003 5760 3327 5830 custodem),
3369 5762 3457 5813 sui
