4044 6324
159 372 268 431 873

1237 367 1628 426 Αιιυιῖυτιο
1665 368 1759 423 AD
1796 364 2365 423 CONSTANTINUM.

3306 372 3411 429 676

162 487 453 562 φθέγγεται
477 484 571 540 νοῦ
602 484 889 555 σωφρόνως
908 498 921 512 ·
952 478 1065 534 ἀλλ’
1095 482 1151 536 ὲν
1183 456 1296 546 τοῖς
1329 483 1593 535 ἐνδοτάτω
1634 498 1730 552 μο-

1834 493 2081 548 sanaque
2121 487 2303 533 mente
2338 478 2599 548 loquitur,
2643 479 2739 535 sed
2769 481 2825 534 in
2861 480 3072 535 intimis
3102 481 3408 541 visceribus

160 578 300 653 ρίοις
328 575 659 649 ἐμφωλεύων
690 575 720 626 ὁ
765 574 1004 645 δαίμων,
1051 572 1222 643 αὑτὴν
1258 575 1607 646 ἐπινέμεται,
1637 577 1728 630 καὶ

160 671 389 744 βλάπτει
422 671 523 741 τὴν
567 669 857 741 φρόνησιν·
906 670 970 722 ὲκ
1015 667 1071 722 δὲ
1120 667 1219 737 τῆς
1268 669 1505 739 γαστρὸς
1549 668 1733 741 ὲξηχεῖ

158 765 383 837 μυθώδη
416 762 712 834 πλάσματα
738 762 1052 834 συγκροτῶν
1072 780 1084 791 ·
1122 763 1201 826 είς
1228 760 1447 814 ποικίλα
1480 762 1533 814 δὲ
1569 780 1731 833 μετα-

158 856 537 930 μορᾳοὺμενος
568 854 704 927 εἴδη.
742 855 1016 928 διαφόροις
1053 856 1365 926 ίνδάλμασιν
1394 857 1591 926 ὑπάγει
1632 858 1729 929 τὴν

152 951 357 1021 ψυχήν.
376 948 594 1020 Ἐπειδὴ
620 948 676 1001 δὲ
699 946 1053 1011 παντοδαποῖς
1078 947 1461 1001 ὲναλλάττεται
1492 949 1731 1019 σχήμασι
1763 1010 1767 1013 ,

152 1041 588 1112 πολυπρόσωπος
627 1037 731 1103 ὢν,
765 1039 914 1092 οὐδὲν
946 1034 1105 1111 ἦττον
1145 1038 1224 1092 ἔτι
1275 1039 1369 1092 καὶ
1406 1040 1468 1091 ἐκ
1502 1039 1601 1107 τῆς
1626 1039 1731 1109 γῆς

150 1131 473 1186 ἀναϐαίνειν
514 1130 860 1200 ὑποκρίνεται
901 1130 996 1183 καὶ
1020 1132 1215 1200 φωνεῖν
1237 1146 1250 1160 ·
1289 1126 1407 1184 εἶτα
1442 1132 1571 1202 παρ’
1604 1130 1743 1183 ἑκά-ε

149 1241 291 1295 τερα
343 1222 441 1286 τὰς
489 1222 762 1285 διακονίας
812 1221 1053 1293 ἀμείϐων
1105 1221 1241 1294 ὁμοῦ
1297 1225 1419 1286 ταῖς
1462 1226 1727 1295 μορφαῖς,

150 1316 317 1369 ἄλλον
354 1316 453 1387 μὲν
484 1316 577 1370 τὸν
610 1315 965 1370 ἀναϐαίνοντα
1000 1315 1150 1387 παρά
1182 1317 1273 1370 τὸν
1302 1317 1397 1370 τοῦ
1442 1317 1731 1382 καλοῦντος

150 1409 303 1461 δοκεῖ
330 1411 601 1481 παριστάν
622 1427 635 1438 ·
674 1411 703 1463 6
734 1410 895 1474 αὐτὸς
934 1409 1011 1474 δὲ,
1046 1410 1173 1481 τῇδε
1207 1411 1429 1464 κάκεῖσε
1478 1414 1731 1485 περιτρέ-

152 1519 288 1570 χων,
326 1498 573 1553 ἀλλάττει
598 1498 695 1563 τὰς
731 1500 899 1564 ἰδέας,
940 1501 1026 1554 ῖνα
1051 1499 1234 1571 ἔργοις
1268 1501 1611 1556 ἀποδεικνύοι
1639 1505 1733 1556 καὶ

150 1590 368 1658 λόγοις,
409 1592 491 1644 ὅτι
529 1589 767 1663 ψεύστης
794 1592 973 1645 ἐστίν·
1012 1590 1381 1655 ὑποτυποῦται
1419 1593 1549 1661 γοῦν
1592 1595 1731 1648 αὑτά

150 1682 223 1735 τά
262 1682 529 1751 πρόσωπα
557 1682 762 1754 νεκρῶν
798 1683 1046 1753 ἀνάγειν,
1075 1683 1151 1747 ὡς
1193 1684 1341 1748 εἰκός
1372 1686 1517 1739 ἐστιν
1541 1687 1604 1739 ὲκ
1635 1686 1729 1740 τοῦ

150 1773 364 1825 τοιοῦδε
391 1774 666 1844 δράματος
699 1773 987 1827 ὑπολαϐεῖν
1011 1792 1023 1805 ·
1057 1775 1269 1845 ἀμειδεῖ
1295 1776 1392 1846 μὲν
1427 1776 1566 1845 ὕψει,
1599 1794 1728 1829 σκυ-

151 1861 354 1935 θρωπά
400 1863 457 1917 δὲ
499 1864 759 1934 φάσματα
804 1864 1199 1936 πεπλασμένως
1241 1867 1505 1935 είσάγων·
1549 1867 1643 1922 ὅλα
1674 1870 1729 1923 δὲ

152 1953 381 2023 κατηφῆ
410 1954 502 2007 καὶ
530 1956 729 2026 νεκρᾶς
759 1955 929 2027 ὀδμῆς
960 1956 1203 2009 ἀνάπλεα
1235 1958 1536 2030 παριστῶν,
1562 1960 1637 2024 ὡς
1671 1960 1729 2027 ἐξ

152 2044 284 2110 ᾅδου
314 2046 626 2119 μετακεκλη
636 2047 767 2119 μένα
789 2049 1094 2113 δεινοποιεῖ,
1118 2049 1210 2103 καὶ
1234 2050 1485 2122 καθάπερ
1510 2052 1731 2123 εἱρκτῆς

150 2134 185 2205 ἢ
216 2135 436 2206 δεσμῶν
464 2138 723 2208 ἀνειμένα
756 2140 891 2210 πρὸς
925 2139 1121 2208 ὀλίγον,
1150 2136 1266 2193 εἶτα
1296 2142 1455 2195 πάλιν
1486 2128 1731 2195 ἐντεῦθεν

152 2229 340 2279 ἐκεῖσε
368 2228 729 2283 διαϐαίνοντα.
772 2231 1060 2301 Τοιγάρτοι
1090 2233 1182 2285 καὶ
1224 2234 1588 2305 καταπλήττει
1620 2238 1731 2299 τοῖς

151 2317 376 2388 δείμασι
409 2318 505 2391 τὴν
536 2320 711 2391 ψυχὴν
762 2322 827 2375 ὲκ
874 2322 983 2376 τῶν
1010 2323 1218 2394 ὄψεων·
1268 2324 1421 2395 ὠχρά
1475 2325 1571 2397 μὲν
1614 2326 1728 2400 εῖδη

153 2408 451 2461 πλάττων·
502 2410 655 2481 ὄμμα
706 2411 761 2464 δὲ
810 2412 1065 2485 βλοσυρὸν
1118 2415 1151 2484 ἢ
1198 2417 1473 2487 κατηφὲς,
1526 2417 1620 2470 ἅτε
1668 2418 1730 2489 δὴ

152 2500 368 2569 νεκρῶν
396 2499 595 2570 ἀρτίως
631 2505 855 2572 ἐμπνεῖν
878 2545 892 2568 ,
935 2506 1026 2560 καὶ
1069 2505 1227 2558 πάλιν
1272 2507 1727 2577 ὑπισχνουμένων.

154 2590 333 2644 Εῖωθε
358 2590 466 2663 γάρ
496 2594 779 2665 ὑποκρίσει
809 2580 1303 2667 συσχηματίζεσθαι
1337 2601 1450 2662 τοῖς
1487 2600 1677 2663 δεινοῖς
1702 2602 1730 2653 ὁ

154 2683 595 2757 πλαστογράφος.
652 2687 787 2740 Ἀλλ’
826 2688 935 2741 ἐσθ’
969 2690 1054 2742 ὅτε
1099 2690 1156 2743 δὲ
1202 2695 1484 2762 συνεργοῖς
1526 2693 1730 2746 ἀποκέ-

152 2793 360 2848 χρηται
390 2780 498 2840 τοῖς
522 2778 811 2850 ὁμοηθέσιν
839 2779 985 2851 αὑτῷ
1010 2781 1259 2853 δαίμοσιν
1276 2800 1289 2811 ·
1315 2781 1437 2835 οὔτε
1466 2782 1520 2835 δὲ
1554 2783 1733 2853 ψυχάς

153 2867 217 2930 ἐξ
271 2866 401 2937 ᾅδου
452 2870 863 2939 μεταπέμπεται
909 2871 1229 2942 προφητῶν·
1282 2870 1405 2925 οὕτε
1448 2871 1732 2942 πνεύματα

151 2958 406 3021 δικαίων,
437 2959 559 3013 οὔτε
598 2960 698 3026 τὰς
722 2962 1012 3031 ἀπελικάς
1042 2964 1218 3028 ἀξίας,
1256 2963 1392 3017 άλλά
1426 2965 1732 3019 τούναντίον

154 3053 380 3121 ἐγένετο
416 3055 513 3125 μὲν
562 3058 640 3121 εἰς
680 3057 737 3110 τὸ
788 3059 1212 3123 καταπιέζεσοαι
1256 3061 1391 3132 πρὸς
1425 3060 1532 3113 τῶν
1564 3060 1731 3129 ἀγγέ-

1831 572 2045 626 daemon
2070 571 2378 638 diversans,
2409 582 2643 626 mentem
2676 572 2848 641 ipsam
2889 573 3203 643 depascitur
3233 586 3288 632 et
3315 578 3407 633 la:-

1832 663 1932 726 dit,
1974 670 2028 718 et
2072 679 2139 717 ex
2194 671 2387 717 ventre
2436 661 2717 718 fabulosas
2771 663 3019 719 fictiones
3069 680 3405 737 componens

1832 756 2120 825 strepitum
2152 754 2284 819 edit,
2319 770 2420 809 nec
2451 769 2557 807 non
2590 755 2645 807 in
2686 756 2864 810 varias
2898 766 3268 813 commutatus
3293 759 3408 815 for-

1832 863 1951 902 mas
1986 846 2158 902 variis
2188 848 2422 917 spectris
2456 847 2670 902 seducit
2720 850 2976 905 animam.
3009 850 3241 917 Quando
3271 868 3405 908 vero

1830 940 2019 995 multis
2047 939 2260 1004 formis,
2301 940 2419 1011 ipse
2448 939 2803 996 multiformis
2837 956 2960 996 cum
3004 944 3098 1009 sit,
3136 946 3403 1011 varietur,

1832 1048 1940 1085 non
1974 1031 2151 1086 minus
2205 1039 2260 1085 et
2291 1046 2436 1085 nunc
2484 1047 2516 1086 e
2561 1041 2703 1086 terra
2740 1034 3036 1091 ascendere
3069 1051 3127 1091 se
3158 1038 3405 1104 simulat,

1832 1132 1883 1176 et
1914 1122 2132 1175 clamat.
2184 1118 2251 1175 Et
2301 1119 2369 1174 ad
2414 1122 2705 1177 ministerii
2752 1122 2883 1177 bina
2927 1126 3169 1180 membra
3216 1127 3409 1200 figuris

1832 1213 2205 1279 commutatis,
2239 1215 2405 1269 alium
2437 1216 2659 1286 quidem
2694 1217 3102 1283 ascendentem,
3131 1220 3201 1275 ab
3227 1236 3292 1276 eo
3310 1223 3405 1292 qui

1833 1306 1886 1359 in
1930 1313 2162 1360 vocante
2208 1313 2314 1369 est,
2356 1306 2576 1362 videtur
2603 1307 2673 1362 ob
2703 1308 2897 1363 oculos
2948 1309 3224 1366 exhibere.
3260 1310 3406 1369 idem

1832 1411 1962 1450 vero
1990 1398 2097 1451 buc
2126 1396 2361 1466 illucque
2398 1396 2716 1453 discurrens
2748 1401 2962 1469 Species
3002 1409 3199 1469 mutat,
3236 1414 3297 1458 ut
3327 1405 3408 1459 fa-

1832 1486 1938 1539 ctis
1979 1485 2434 1557 sermonibusque
2479 1487 2733 1543 ostendat
2781 1503 2843 1544 se
2888 1504 3011 1544 esse
3064 1491 3406 1549 mendacem.

1835 1575 2066 1630 Simulat
2092 1578 2274 1648 itaque
2295 1592 2559 1647 personas
2590 1578 2738 1648 ipsas
2766 1586 3109 1635 mortuorum
3144 1583 3405 1649 educere,

1835 1676 1893 1720 ut
1934 1683 1999 1721 ex
2048 1670 2124 1723 rei
2156 1678 2322 1738 gestae
2355 1669 2495 1725 serie
2542 1668 2730 1724 videre
2778 1678 2882 1725 est.
2935 1670 3002 1724 Et
3045 1686 3169 1725 cum
3212 1672 3412 1726 tetrico

1834 1759 1985 1814 vultu
2009 1761 2186 1815 tristia
2216 1769 2429 1832 spectra
2453 1760 2578 1816 ficte
2601 1760 2847 1825 inducat,
2878 1764 3243 1833 universaque
3269 1777 3410 1818 mm-

1764 1828 1805 1884 Β
1835 1857 1942 1913 sta,
1980 1828 2433 1921 mortuorumque
2463 1858 2658 1920 putore
2695 1851 2855 1921 plena
2899 1828 3218 1918 ostendens,
3249 1854 3408 1926 quasi

1840 1942 1910 1994 ab
1937 1939 2128 1997 inferis
2163 1950 2389 1997 evocata
2423 1942 2646 1996 horride
2680 1952 3061 2013 repraesentat,
3103 1956 3159 1999 et
3183 1944 3351 1999 veluti
3376 1958 3411 2000 a

1838 2048 2061 2089 (arcere
2082 2035 2428 2104 vinculisque
2460 2035 2657 2099 soluta,
2689 2050 2797 2090 non
2825 2036 2917 2090 diu
2948 2044 3072 2106 post
3099 2052 3317 2094 rursum
3340 2054 3409 2093 ex

1833 2125 1936 2179 hoc
1964 2127 2085 2180 loco
2123 2126 2253 2180 illuc
2287 2136 2647 2181 transmeare.
2696 2127 2841 2193 Quin
2878 2128 2987 2181 imo
3020 2136 3075 2181 et
3106 2129 3242 2183 visis
3275 2128 3409 2197 ipsis

1834 2225 2050 2273 terrore
2082 2218 2321 2287 percutit
2346 2218 2613 2281 animum,
2656 2218 2901 2289 pallidas
2923 2217 3129 2273 formas
3172 2219 3407 2289 fingens.

1832 2316 1885 2363 et
1925 2310 2117 2364 oculos
2149 2308 2452 2365 horrendos
2492 2318 2657 2379 atque
2709 2309 3004 2373 demissos,
3037 2311 3228 2379 quales
3262 2325 3409 2365 mor-

1834 2410 2053 2455 tuorum
2087 2417 2213 2456 esse
2242 2402 2442 2466 solent,
2474 2403 2565 2470 qui
2597 2401 2824 2471 jamjam
2861 2402 3096 2455 animam
3127 2401 3305 2455 efflare
3328 2404 3411 2455 vi-

1832 2493 2050 2547 dentur.
2086 2492 2220 2546 Nam
2257 2493 2516 2548 similium
2567 2508 2749 2548 rerum
2788 2492 2944 2546 ﬁctor
2971 2508 3068 2562 per
3101 2493 3410 2548 simulatio-

1832 2600 1955 2639 nem
1985 2585 2327 2639 terribilibus
2358 2584 2613 2638 omnibus
2643 2599 2765 2639 sese
2796 2586 3191 2641 accommodat.
3222 2584 3409 2652 Quan-

1832 2677 2011 2747 doque
2058 2678 2221 2731 etiam
2269 2692 2379 2730 non
2424 2674 2786 2730 dissimilibus
2831 2675 2917 2730 sui
2958 2676 3297 2731 daemonibus
3339 2675 3409 2730 ad

1830 2786 1969 2841 apus
1994 2772 2221 2827 ascitis:
2258 2771 2354 2827 sed
2400 2784 2576 2838 neque
2618 2768 3008 2838 prophetarum
3034 2771 3267 2835 animas,
3312 2785 3411 2825 ne-

1833 2880 1939 2933 que
1971 2864 2247 2932 iustorum
2296 2863 2548 2931 spiritus,
2597 2876 2778 2931 neque
2810 2862 3101 2931 dignitates
3133 2862 3410 2931 angelicas

1834 2956 1903 3010 ab
1936 2954 2127 3010 inferis
2172 2956 2393 3023 educit;
2424 2956 2557 3026 quin
2595 2970 2663 3011 ex
2716 2956 2946 3009 adverso
2982 2954 3051 3008 ab
3082 2956 3288 3024 angelis
3311 2955 3411 3008 de-
3475 3010 3478 3013 Α

1837 3047 2111 3116 primitur,
2164 3048 2436 3117 datusque
2487 3056 2573 3102 est
2620 3046 2844 3117 Optimis
2888 3047 3041 3108 viris,
3090 3053 3149 3098 ut
3195 3045 3264 3098 ab
3304 3046 3411 3099 illis

154 3145 546 3220 λωννὲξεδόθη
576 3149 631 3202 δὲ
658 3153 768 3213 τοῖς
815 3152 1056 3222 ἀρίστοις
1098 3151 1386 3223 ἀνδράσιν,
1443 3152 1581 3205 ὥστε
1630 3169 1733 3206 πα-

1838 3140 2257 3193 conculcaretur
2296 3140 2444 3193 lmmi
2476 3138 2682 3194 eﬂusus
2714 3140 3129 3207 disruptusque.
3184 3135 3289 3191 Sed
3322 3136 3413 3190 bic

157 3237 371 3291 τεῖσθαι
404 3242 615 3311 πρηνὴς
641 3244 719 3305 είς
746 3241 1008 3312 τοῦδαφος
1028 3244 1376 3315 άπορραγείς.
1416 3244 1553 3297 Ἀλλ’
1580 3239 1733 3308 οὗτος

162 3330 265 3398 μὲν
299 3332 363 3381 ὲκ
409 3330 514 3383 τῶν
543 3334 831 3399 ἀνωτάτω,
876 3332 1160 3405 ῥοιζήματι
1204 3335 1361 3406 βιαίῳ
1394 3337 1733 3405 κατενεχθεὶς

161 3421 497 3490 ὑπεστόρεσε
517 3421 585 3475 τά
608 3424 769 3476 νῶτα·
806 3426 949 3495 μόνῳ
977 3426 1033 3480 δὲ
1056 3425 1131 3497 τῷ
1163 3428 1559 3498 παντοκράτορι
1594 3429 1735 3499 πάρ-

160 3527 279 3564 εστι
322 3510 442 3581 Θεῷ
486 3514 576 3565 καὶ
626 3514 703 3583 τῷ
754 3515 1011 3587 θειοτάτῳ
1065 3516 1255 3569 τούτου
1305 3518 1465 3585 ῐίαιδδἱ
1511 3519 1734 3586 ἀνάγειν

160 3603 339 3673 ψυχὰς
367 3605 426 3669 ἐξ
458 3605 586 3676 ᾅδου
606 3624 619 3636 ·
651 3607 743 3662 καὶ
768 3609 960 3679 χοροὺς
1002 3609 1247 3677 ἀγγέλων
1280 3611 1338 3663 ὲν
1378 3610 1528 3676 τάξει
1568 3630 1736 3685 παρε-

163 3691 379 3756 στῶτας
408 3694 572 3765 ἔχειν,
608 3696 743 3769 ὅπερ
783 3698 911 3768 ἴδιον
945 3698 1195 3772 ἔκκριτον
1234 3701 1469 3769 ὑπάρχει
1510 3702 1608 3773 τῆς
1638 3700 1732 3757 τοῦ

162 3786 306 3840 θείου
342 3788 572 3856 φύσεως.

188 3940 427 3959 ~—

1837 3248 1866 3285 a
1898 3233 2167 3302 supremis
2195 3233 2301 3286 illis
2334 3241 2491 3303 raptu
2527 3234 2763 3288 violento
2791 3231 3025 3293 deletus,
3058 3237 3211 3299 terga
3236 3228 3409 3283 illisit.

1843 3324 2023 3379 Solius
2051 3341 2179 3378 vero
2213 3324 2305 3379 Dei
2346 3325 2735 3394 omnipotentis
2778 3331 2881 3388 est,
2915 3322 3144 3392 ejusque
3180 3322 3412 3376 divinis-

1841 3417 1964 3469 simi
2001 3414 2120 3469 Filii
2156 3418 2368 3470 animas
2400 3418 2467 3469 ab
2497 3416 2686 3471 inferis
2711 3416 2965 3477 educere,
2993 3423 3278 3482 cmtusque
3312 3428 3407 3466 an-

1842 3508 2085 3577 gelorum
2110 3509 2301 3561 ordine
2342 3516 2583 3563 astantes
2628 3509 2849 3571 habere,
2899 3509 3042 3577 quod
3066 3508 3272 3561 divinae
3312 3520 3402 3559 na-

1842 3606 1977 3654 turae
2005 3600 2310 3669 proprium,
2349 3600 2610 3655 eximium
2633 3615 2698 3654 ac
2733 3599 3012 3670 singulare
3037 3608 3139 3655 est.

1013 4089 1577 4221 SANCTI
1694 4088 2561 4217 EUSTATHII

1345 4325 1704 4389 EPISCOPI
1736 4326 2236 4389 ANTIOCHENI

334 4450 1027 4601 ALLkOCUTIO
1101 4508 1249 4595 AD
1334 4504 2207 4599 IMPERATOREM
2282 4505 3237 4603 CONSTANTINUM

1448 4716 1509 4760 IN
1545 4718 1835 4762 CONCILIO
1873 4718 2145 4763 NICENO.

269 4867 440 4929 (Apud
470 4871 760 4934 Gregorium
784 4872 1128 4935 presbyterum
1150 4870 1519 4932 Cesariensem,
1547 4872 1683 4922 Orat.
1708 4864 1758 4917 in
1780 4868 1824 4916 Ν
1832 4864 2006 4917 icaznos
2035 4868 2236 4927 Patres;
2264 4879 2327 4916 ex
2350 4865 2625 4917 Combefisil
2651 4874 2845 4919 Λυσίαν.
2876 4867 3074 4927 novin,
3100 4868 3163 4931 ΙΙ,
3184 4869 3318 4935 555.)

1770 5004 1840 5019 *ε

228 5090 680 5161 Εὑχαριστοῦμεν
735 5090 871 5160 Θεῷ,
928 5091 1183 5161 κράτιστε
1238 5088 1481 5158 βασιλεῦ,
1522 5091 1599 5160 τῷ
1636 5093 1738 5163 τὴν

1918 5091 2027 5145 Deo
2058 5090 2260 5161 gratias
2291 5091 2522 5160 agimus,
2558 5090 2761 5159 Optime
2809 5090 3125 5159 imperator,
3170 5093 3263 5161 qui
3298 5098 3404 5148 ter-

160 5186 413 5251 ἐπίγειον
456 5180 758 5236 συνθύνοντί
791 5199 871 5234 σοι
920 5181 1191 5252 βασιλείαν
1217 5198 1229 5209 ·
1276 5181 1356 5251 τῷ
1384 5184 1482 5252 τὴν
1532 5183 1738 5252 πλάνην

159 5277 273 5330 τῶν
304 5272 536 5326 εἰδώλων
564 5271 651 5324 διά
686 5272 777 5325 σοῦ
822 5273 1243 5342 καταργήσαντι,
1274 5274 1367 5326 καὶ
1397 5272 1504 5326 τῶν
1535 5274 1738 5327 πιστῶν

160 5367 571 5436 καταστήσαντι
612 5364 669 5414 ὲν
716 5364 993 5435 παρρησίᾳ
1028 5364 1120 5415 τὸν
1170 5362 1420 5437 εὑθυμον.
1458 5362 1737 5416 Πέπαυται

162 5464 368 5517 κνίσσα
400 5455 663 5526 δαιμόνων
682 5473 694 5484 ⁸
724 5454 1077 5508 καταλέλυται
1106 5454 1393 5533 πολυθεῖας
1426 5455 1737 5526 Ἑλληνικῆς

160 5554 229 5607 τά
250 5549 573 5617 σεϐάσματα
592 5564 603 5575 ·
638 5545 696 5596 τὸ
724 5545 821 5615 τῆς
850 5547 1121 5614 ἀγνωσίας
1152 5545 1506 5597 ἀπελαύνεται
1532 5546 1736 5607 σκότος·

161 5645 239 5716 τῷ
272 5644 374 5711 τῆς
414 5636 737 5706 θεογνωσίας
765 5636 901 5702 φωτὶ
934 5638 965 5706 ἡ
995 5635 1282 5705 οἰκουμένη
1318 5632 1737 5701 καταυγάζεται·

167 5736 363 5804 Πατὴρ
388 5729 741 5797 δοξολογεῑται
759 5742 771 5755 ’
804 5726 927 5789 Υἱὸς
948 5744 1009 5777 συ
1020 5728 1439 5795 μπροσκυνεῖται
1458 5741 1469 5753 ·
1496 5727 1556 5776 τὸ
1581 5726 1741 5777 Πνεῦ-

170 5840 244 5892 μα
293 5820 357 5872 ab
402 5818 549 5889 άγιον
600 5813 1047 5882 καταγγέλλεται·
1084 5814 1251 5885 Τριάς
1288 5816 1597 5884 ομοούσιος,
1644 5816 1739 5883 μία

1845 5199 2036 5240 renum
2071 5184 2164 5237 tibi
2197 5183 2479 5251 imperium
2505 5182 2688 5251 dirigit
2723 5200 2735 5235 :
2769 5183 2861 5251 qui
2882 5182 3299 5237 simulacrorum
3324 5202 3402 5239 er-

1848 5291 2023 5329 rorem
2051 5290 2146 5343 per
2175 5283 2229 5329 te
2255 5274 2509 5336 abolevit,
2544 5287 2605 5325 ac
2639 5288 2822 5340 aequos
2854 5271 3090 5327 ﬁdelium
3121 5275 3331 5329 animos
3356 5277 3408 5329 in

1849 5370 2095 5422 libertate
2152 5369 2456 5422 collocavit.
2518 5364 2765 5419 Cessavit
2819 5364 3129 5419 daemonum
3180 5366 3335 5420 nidor
3392 5384 3407 5421 :

1846 5460 2132 5529 multiplici
2162 5460 2386 5515 deorum
2424 5459 2572 5512 cultu
2626 5473 2815 5513 eversa
2865 5466 2947 5511 est
2980 5459 3265 5526 gentilium
3314 5476 3410 5512 su-

1844 5550 2095 5616 perStitio
2135 5567 2147 5601 :
2183 5550 2529 5617 expelluntur
2573 5548 2808 5601 tenebrae
2871 5549 3165 5616 impietatis
3217 5568 3227 5600 :
3286 5548 3410 5603 illu-

1844 5647 2050 5692 stratnr
2085 5638 2235 5691 orbis
2264 5646 2530 5690 terrarum
2566 5638 2687 5690 lucc
2722 5636 2915 5690 divinae
2944 5638 3201 5690 scientiae.
3249 5635 3400 5693 Pate.

1841 5725 2197 5794 gloriﬁcatur,
2263 5724 2434 5778 Filius
2493 5726 2654 5779 simul
2703 5726 2982 5787 aduratur,
3051 5729 3408 5779 annuntiatur

1844 5814 2079 5882 Spiritus
2110 5823 2379 5869 sanctus:
2438 5812 2676 5869 Trinitas
2734 5814 3244 5877 consubstantialis,
3298 5828 3406 5866 una
